  <div class='ocr_page' id='page_1' title='image "/cluster/home/n/w/nwhite01/storage/ocr_20150623/140/hvd.32044073502551/062.png"; bbox 0 0 4126 6228; ppageno 0'>
   <div class='ocr_carea' id='block_1_1' title="bbox 243 297 2289 358">
    <p class='ocr_par' dir='ltr' id='par_1_1' title="bbox 243 297 2289 358">
     <span class='ocr_line' id='line_1_1' title="bbox 243 297 2289 358; baseline 0 -1"><span class='ocrx_word' id='word_1_1' title='bbox 243 304 314 357; x_wconf 77' lang='lat'>85</span> <span class='ocrx_word' id='word_1_2' title='bbox 1614 299 1701 355; x_wconf 83' lang='grc' dir='ltr'>ΤΗ</span> <span class='ocrx_word' id='word_1_3' title='bbox 1710 298 1963 357; x_wconf 80' lang='lat' dir='ltr'>ESAURI</span> <span class='ocrx_word' id='word_1_4' title='bbox 1999 297 2139 358; x_wconf 84' lang='lat' dir='ltr'>LIB.</span> <span class='ocrx_word' id='word_1_5' title='bbox 2180 299 2289 358; x_wconf 82' lang='lat' dir='ltr'>XV.</span> 
     </span>
    </p>
   </div>
   <div class='ocr_carea' id='block_1_2' title="bbox 3558 297 3630 356">
    <p class='ocr_par' dir='ltr' id='par_1_2' title="bbox 3558 297 3630 356">
     <span class='ocr_line' id='line_1_2' title="bbox 3558 297 3630 356; baseline 0.042 -3"><span class='ocrx_word' id='word_1_6' title='bbox 3558 297 3630 356; x_wconf 74' lang='grc'>86</span> 
     </span>
    </p>
   </div>
   <div class='ocr_carea' id='block_1_3' title="bbox 237 417 1828 501">
    <p class='ocr_par' dir='ltr' id='par_1_3' title="bbox 237 419 1828 501">
     <span class='ocr_line' id='line_1_3' title="bbox 237 419 1828 501; baseline -0.003 -22"><span class='ocrx_word' id='word_1_7' title='bbox 237 429 331 479; x_wconf 76' lang='grc' dir='ltr'>τὸν</span> <span class='ocrx_word' id='word_1_8' title='bbox 370 433 471 487; x_wconf 81' lang='grc' dir='ltr'>τῆς</span> <span class='ocrx_word' id='word_1_9' title='bbox 529 426 813 499; x_wconf 77' lang='grc' dir='ltr'>ἱερωσύνης</span> <span class='ocrx_word' id='word_1_10' title='bbox 872 421 1193 499; x_wconf 74' lang='grc' dir='ltr'>διαδέχεται</span> <span class='ocrx_word' id='word_1_11' title='bbox 1233 427 1431 501; x_wconf 86' lang='grc' dir='ltr'>θρόνον,</span> <span class='ocrx_word' id='word_1_12' title='bbox 1492 419 1745 497; x_wconf 78' lang='grc' dir='ltr'>όμόδοξος</span> <span class='ocrx_word' id='word_1_13' title='bbox 1794 423 1828 475; x_wconf 72' lang='grc' dir='ltr'><strong><em>ὦ</em></strong></span> 
     </span>
    </p>
   </div>
   <div class='ocr_carea' id='block_1_4' title="bbox 1940 417 3630 501">
    <p class='ocr_par' dir='ltr' id='par_1_4' title="bbox 1940 417 3630 494">
     <span class='ocr_line' id='line_1_4' title="bbox 1940 417 3630 494; baseline -0.001 -14"><span class='ocrx_word' id='word_1_14' title='bbox 1940 472 1943 480; x_wconf 93' lang='grc'>.</span> <span class='ocrx_word' id='word_1_15' title='bbox 1972 421 2188 480; x_wconf 90' lang='lat' dir='ltr'>eadem</span> <span class='ocrx_word' id='word_1_16' title='bbox 2201 439 2271 481; x_wconf 91' lang='lat' dir='ltr'>ac</span> <span class='ocrx_word' id='word_1_17' title='bbox 2292 420 2532 493; x_wconf 79' lang='lat' dir='ltr'>Sergius</span> <span class='ocrx_word' id='word_1_18' title='bbox 2544 417 3287 494; x_wconf 82' lang='lat' dir='ltr'>proﬂtebatur,imperium</span> <span class='ocrx_word' id='word_1_19' title='bbox 3300 432 3443 478; x_wconf 87' lang='lat' dir='ltr'>vero</span> <span class='ocrx_word' id='word_1_20' title='bbox 3460 420 3630 479; x_wconf 89' lang='lat' dir='ltr'>sorti-</span> 
     </span>
    </p>
   </div>
   <div class='ocr_carea' id='block_1_5' title="bbox 236 510 1862 590">
    <p class='ocr_par' dir='ltr' id='par_1_5' title="bbox 236 510 1862 590">
     <span class='ocr_line' id='line_1_5' title="bbox 236 510 1862 590; baseline -0.002 -23"><span class='ocrx_word' id='word_1_21' title='bbox 236 523 313 587; x_wconf 75' lang='grc' dir='ltr'>τῷ</span> <span class='ocrx_word' id='word_1_22' title='bbox 363 519 584 590; x_wconf 79' lang='grc' dir='ltr'>Σεργίῳ,</span> <span class='ocrx_word' id='word_1_23' title='bbox 643 520 736 574; x_wconf 81' lang='grc' dir='ltr'>τήν</span> <span class='ocrx_word' id='word_1_24' title='bbox 796 510 859 568; x_wconf 67' lang='grc' dir='ltr'>δὲ</span> <span class='ocrx_word' id='word_1_25' title='bbox 917 514 1193 589; x_wconf 76' lang='grc' dir='ltr'>βασιλείαν</span> <span class='ocrx_word' id='word_1_26' title='bbox 1234 520 1619 575; x_wconf 75' lang='grc' dir='ltr'>Κωνσταντῖνος</span> <span class='ocrx_word' id='word_1_27' title='bbox 1675 513 1703 564; x_wconf 97' lang='lat'>6</span> <span class='ocrx_word' id='word_1_28' title='bbox 1740 518 1862 573; x_wconf 83' lang='grc' dir='ltr'>παῖς</span> 
     </span>
    </p>
   </div>
   <div class='ocr_carea' id='block_1_6' title="bbox 1019 602 1860 679">
    <p class='ocr_par' dir='ltr' id='par_1_6' title="bbox 1019 602 1860 679">
     <span class='ocr_line' id='line_1_6' title="bbox 1019 602 1860 679; baseline -0.008 -20"><span class='ocrx_word' id='word_1_29' title='bbox 1019 608 1221 659; x_wconf 83' lang='grc' dir='ltr'>Τούτου</span> <span class='ocrx_word' id='word_1_30' title='bbox 1297 602 1357 658; x_wconf 67' lang='grc' dir='ltr'>δε</span> <span class='ocrx_word' id='word_1_31' title='bbox 1430 604 1688 679; x_wconf 71' lang='grc' dir='ltr'>φαρμάκῳ</span> <span class='ocrx_word' id='word_1_32' title='bbox 1764 606 1860 661; x_wconf 76' lang='grc' dir='ltr'>τὴν</span> 
     </span>
    </p>
   </div>
   <div class='ocr_carea' id='block_1_7' title="bbox 232 693 1856 770">
    <p class='ocr_par' dir='ltr' id='par_1_7' title="bbox 232 693 1856 770">
     <span class='ocr_line' id='line_1_7' title="bbox 232 693 1856 770; baseline 0.004 -25"><span class='ocrx_word' id='word_1_33' title='bbox 232 694 376 755; x_wconf 69' lang='grc' dir='ltr'>ζωὴν</span> <span class='ocrx_word' id='word_1_34' title='bbox 413 693 812 758; x_wconf 75' lang='grc' dir='ltr'>καταλύσαντος</span> <span class='ocrx_word' id='word_1_35' title='bbox 871 697 1001 769; x_wconf 82' lang='grc' dir='ltr'>μετὰ</span> <span class='ocrx_word' id='word_1_36' title='bbox 1031 699 1224 770; x_wconf 82' lang='grc' dir='ltr'>χρόνον</span> <span class='ocrx_word' id='word_1_37' title='bbox 1271 695 1358 748; x_wconf 79' lang='grc' dir='ltr'>ἕνα</span> <span class='ocrx_word' id='word_1_38' title='bbox 1391 701 1482 755; x_wconf 80' lang='grc' dir='ltr'>τῆς</span> <span class='ocrx_word' id='word_1_39' title='bbox 1538 695 1856 765; x_wconf 79' lang='grc' dir='ltr'>μοναρχίας,</span> 
     </span>
    </p>
   </div>
   <div class='ocr_carea' id='block_1_8' title="bbox 226 780 1857 867">
    <p class='ocr_par' dir='ltr' id='par_1_8' title="bbox 226 780 1857 867">
     <span class='ocr_line' id='line_1_8' title="bbox 226 780 1857 867; baseline -0.002 -32"><span class='ocrx_word' id='word_1_40' title='bbox 226 783 307 867; x_wconf 66' lang='grc' dir='ltr'>εἰς</span> <span class='ocrx_word' id='word_1_41' title='bbox 376 791 653 858; x_wconf 73' lang='grc' dir='ltr'>Μαρτῖνοιν</span> <span class='ocrx_word' id='word_1_42' title='bbox 717 789 813 839; x_wconf 83' lang='grc' dir='ltr'>καὶ</span> <span class='ocrx_word' id='word_1_43' title='bbox 880 788 969 837; x_wconf 85' lang='grc' dir='ltr'>τόν</span> <span class='ocrx_word' id='word_1_44' title='bbox 1028 784 1378 861; x_wconf 75' lang='grc' dir='ltr'>’Πρακλεωνᾶν</span> <span class='ocrx_word' id='word_1_45' title='bbox 1430 785 1519 836; x_wconf 82' lang='grc' dir='ltr'>τόν</span> <span class='ocrx_word' id='word_1_46' title='bbox 1575 780 1629 844; x_wconf 74' lang='grc' dir='ltr'>ἐξ</span> <span class='ocrx_word' id='word_1_47' title='bbox 1697 780 1857 840; x_wconf 69' lang='grc' dir='ltr'>αὐτῆς</span> 
     </span>
    </p>
   </div>
   <div class='ocr_carea' id='block_1_9' title="bbox 244 872 1852 948">
    <p class='ocr_par' dir='ltr' id='par_1_9' title="bbox 244 872 1852 948">
     <span class='ocr_line' id='line_1_9' title="bbox 244 872 1852 948; baseline -0.003 -22"><span class='ocrx_word' id='word_1_48' title='bbox 244 874 523 947; x_wconf 81' lang='grc' dir='ltr'>Ηρακλείῳ</span> <span class='ocrx_word' id='word_1_49' title='bbox 599 872 963 947; x_wconf 80' lang='grc' dir='ltr'>ἀποτεχθέντα</span> <span class='ocrx_word' id='word_1_50' title='bbox 1033 877 1064 934; x_wconf 78' lang='grc' dir='ltr'><strong>ἠ</strong></span> <span class='ocrx_word' id='word_1_51' title='bbox 1145 872 1394 948; x_wconf 83' lang='grc' dir='ltr'>βασιλεία</span> <span class='ocrx_word' id='word_1_52' title='bbox 1483 877 1787 945; x_wconf 79' lang='grc' dir='ltr'>μεταχωρεῖ</span> <span class='ocrx_word' id='word_1_53' title='bbox 1838 887 1852 901; x_wconf 85' lang='grc'><strong>·</strong></span> 
     </span>
    </p>
   </div>
   <div class='ocr_carea' id='block_1_10' title="bbox 224 960 1852 1036">
    <p class='ocr_par' dir='ltr' id='par_1_10' title="bbox 224 960 1852 1036">
     <span class='ocr_line' id='line_1_10' title="bbox 224 960 1852 1036; baseline -0.002 -20"><span class='ocrx_word' id='word_1_54' title='bbox 224 966 546 1035; x_wconf 70' lang='grc' dir='ltr'>μισηθέντες</span> <span class='ocrx_word' id='word_1_55' title='bbox 589 960 650 1018; x_wconf 73' lang='grc' dir='ltr'>δε</span> <span class='ocrx_word' id='word_1_56' title='bbox 686 964 791 1017; x_wconf 80' lang='grc' dir='ltr'>ύπό</span> <span class='ocrx_word' id='word_1_57' title='bbox 843 965 1071 1036; x_wconf 85' lang='grc' dir='ltr'>πάντων,</span> <span class='ocrx_word' id='word_1_58' title='bbox 1125 961 1219 1018; x_wconf 73' lang='grc' dir='ltr'>διὰ</span> <span class='ocrx_word' id='word_1_59' title='bbox 1271 967 1361 1016; x_wconf 86' lang='grc' dir='ltr'>τόν</span> <span class='ocrx_word' id='word_1_60' title='bbox 1413 969 1508 1016; x_wconf 82' lang='grc' dir='ltr'>τοῦ</span> <span class='ocrx_word' id='word_1_61' title='bbox 1567 968 1852 1016; x_wconf 77' lang='grc' dir='ltr'>Κωνσταν-</span> 
     </span>
    </p>
   </div>
   <div class='ocr_carea' id='block_1_11' title="bbox 228 604 933 680">
    <p class='ocr_par' dir='ltr' id='par_1_11' title="bbox 228 604 933 680">
     <span class='ocr_line' id='line_1_11' title="bbox 228 604 933 680; baseline 0 -22"><span class='ocrx_word' id='word_1_62' title='bbox 228 604 549 680; x_wconf 72' lang='grc' dir='ltr'>Ἡρακλείου</span> <span class='ocrx_word' id='word_1_63' title='bbox 616 605 908 680; x_wconf 80' lang='grc' dir='ltr'>κληρούται</span> <span class='ocrx_word' id='word_1_64' title='bbox 921 650 933 662; x_wconf 89' lang='grc'>.</span> 
     </span>
    </p>
   </div>
   <div class='ocr_carea' id='block_1_12' title="bbox 227 1048 1849 1128">
    <p class='ocr_par' dir='ltr' id='par_1_12' title="bbox 227 1048 1849 1128">
     <span class='ocr_line' id='line_1_12' title="bbox 227 1048 1849 1128; baseline -0.001 -23"><span class='ocrx_word' id='word_1_65' title='bbox 227 1058 374 1106; x_wconf 77' lang='grc' dir='ltr'>τίνου</span> <span class='ocrx_word' id='word_1_66' title='bbox 436 1055 681 1123; x_wconf 81' lang='grc' dir='ltr'>θάνατον,</span> <span class='ocrx_word' id='word_1_67' title='bbox 721 1061 819 1116; x_wconf 82' lang='grc' dir='ltr'>τῆς</span> <span class='ocrx_word' id='word_1_68' title='bbox 876 1054 1167 1128; x_wconf 71' lang='grc' dir='ltr'>αὐταρχίας</span> <span class='ocrx_word' id='word_1_69' title='bbox 1214 1051 1577 1106; x_wconf 75' lang='grc' dir='ltr'>ἐκπίπτουσιν.</span> <span class='ocrx_word' id='word_1_70' title='bbox 1625 1048 1849 1103; x_wconf 75' lang='grc' dir='ltr'>Ἐκϐάλ-</span> 
     </span>
    </p>
   </div>
   <div class='ocr_carea' id='block_1_13' title="bbox 224 1137 1849 1219">
    <p class='ocr_par' dir='ltr' id='par_1_13' title="bbox 224 1137 1849 1219">
     <span class='ocr_line' id='line_1_13' title="bbox 224 1137 1849 1219; baseline -0.003 -24"><span class='ocrx_word' id='word_1_71' title='bbox 224 1142 371 1195; x_wconf 84' lang='grc' dir='ltr'>λεται</span> <span class='ocrx_word' id='word_1_72' title='bbox 412 1139 476 1196; x_wconf 72' lang='grc' dir='ltr'>δε</span> <span class='ocrx_word' id='word_1_73' title='bbox 532 1149 625 1197; x_wconf 79' lang='grc' dir='ltr'>καὶ</span> <span class='ocrx_word' id='word_1_74' title='bbox 673 1142 880 1219; x_wconf 77' lang='grc' dir='ltr'>Πύρρος</span> <span class='ocrx_word' id='word_1_75' title='bbox 930 1152 1026 1206; x_wconf 85' lang='grc' dir='ltr'>τῆς</span> <span class='ocrx_word' id='word_1_76' title='bbox 1071 1142 1410 1213; x_wconf 82' lang='grc' dir='ltr'>Ἐκκλησίας,</span> <span class='ocrx_word' id='word_1_77' title='bbox 1463 1145 1554 1195; x_wconf 84' lang='grc' dir='ltr'>καὶ</span> <span class='ocrx_word' id='word_1_78' title='bbox 1592 1143 1763 1213; x_wconf 73' lang='grc' dir='ltr'>φυγὴν</span> <span class='ocrx_word' id='word_1_79' title='bbox 1798 1137 1849 1203; x_wconf 80' lang='grc' dir='ltr'>ἐς</span> 
     </span>
    </p>
   </div>
   <div class='ocr_carea' id='block_1_14' title="bbox 223 1232 1847 1308">
    <p class='ocr_par' dir='ltr' id='par_1_14' title="bbox 223 1232 1847 1308">
     <span class='ocr_line' id='line_1_14' title="bbox 223 1232 1847 1308; baseline -0.006 -18"><span class='ocrx_word' id='word_1_80' title='bbox 223 1236 356 1307; x_wconf 76' lang='grc' dir='ltr'>μέρη</span> <span class='ocrx_word' id='word_1_81' title='bbox 436 1234 506 1285; x_wconf 77' lang='grc' dir='ltr'>τὰ</span> <span class='ocrx_word' id='word_1_82' title='bbox 580 1232 798 1306; x_wconf 72' lang='grc' dir='ltr'>ἑσπέρια</span> <span class='ocrx_word' id='word_1_83' title='bbox 868 1237 1255 1308; x_wconf 73' lang='grc' dir='ltr'>κατακρίνεται,</span> <span class='ocrx_word' id='word_1_84' title='bbox 1353 1235 1424 1294; x_wconf 83' lang='grc' dir='ltr'>ὡς</span> <span class='ocrx_word' id='word_1_85' title='bbox 1508 1232 1847 1303; x_wconf 81' lang='grc' dir='ltr'>συμμέτοχος</span> 
     </span>
    </p>
   </div>
   <div class='ocr_carea' id='block_1_15' title="bbox 218 1319 1845 1398">
    <p class='ocr_par' dir='ltr' id='par_1_15' title="bbox 218 1319 1845 1398">
     <span class='ocr_line' id='line_1_15' title="bbox 218 1319 1845 1398; baseline -0.003 -23"><span class='ocrx_word' id='word_1_86' title='bbox 218 1321 560 1394; x_wconf 75' lang='grc' dir='ltr'>Ἠρακλεωνᾷ</span> <span class='ocrx_word' id='word_1_87' title='bbox 614 1328 706 1376; x_wconf 84' lang='grc' dir='ltr'>καὶ</span> <span class='ocrx_word' id='word_1_88' title='bbox 770 1328 1009 1398; x_wconf 74' lang='grc' dir='ltr'>Μαρτίνη</span> <span class='ocrx_word' id='word_1_89' title='bbox 1073 1331 1170 1385; x_wconf 79' lang='grc' dir='ltr'>τῆς</span> <span class='ocrx_word' id='word_1_90' title='bbox 1229 1330 1323 1375; x_wconf 79' lang='grc' dir='ltr'>τοῦ</span> <span class='ocrx_word' id='word_1_91' title='bbox 1374 1319 1636 1396; x_wconf 77' lang='grc' dir='ltr'>βασιλέως</span> <span class='ocrx_word' id='word_1_92' title='bbox 1693 1324 1845 1372; x_wconf 82' lang='grc' dir='ltr'>Κων-</span> 
     </span>
    </p>
   </div>
   <div class='ocr_carea' id='block_1_16' title="bbox 224 1406 1842 1485">
    <p class='ocr_par' dir='ltr' id='par_1_16' title="bbox 224 1406 1842 1485">
     <span class='ocr_line' id='line_1_16' title="bbox 224 1406 1842 1485; baseline -0.002 -22"><span class='ocrx_word' id='word_1_93' title='bbox 224 1416 504 1464; x_wconf 83' lang='grc' dir='ltr'>σταντίνου</span> <span class='ocrx_word' id='word_1_94' title='bbox 568 1409 961 1485; x_wconf 69' lang='grc' dir='ltr'>δολοφονήσεως</span> <span class='ocrx_word' id='word_1_95' title='bbox 989 1429 1003 1442; x_wconf 75' lang='grc' dir='ltr'>ο</span> <span class='ocrx_word' id='word_1_96' title='bbox 1044 1416 1136 1464; x_wconf 83' lang='grc' dir='ltr'>καὶ</span> <span class='ocrx_word' id='word_1_97' title='bbox 1188 1412 1261 1474; x_wconf 85' lang='grc' dir='ltr'>εἰς</span> <span class='ocrx_word' id='word_1_98' title='bbox 1319 1414 1409 1485; x_wconf 70' lang='grc' dir='ltr'>μεν</span> <span class='ocrx_word' id='word_1_99' title='bbox 1437 1413 1524 1463; x_wconf 88' lang='grc' dir='ltr'>τόν</span> <span class='ocrx_word' id='word_1_100' title='bbox 1571 1406 1842 1481; x_wconf 80' lang='grc' dir='ltr'>βασίλειον</span> 
     </span>
    </p>
   </div>
   <div class='ocr_carea' id='block_1_17' title="bbox 1972 508 3626 582">
    <p class='ocr_par' dir='ltr' id='par_1_17' title="bbox 1972 508 3626 582">
     <span class='ocr_line' id='line_1_17' title="bbox 1972 508 3626 582; baseline 0 -13"><span class='ocrx_word' id='word_1_101' title='bbox 1972 515 2070 569; x_wconf 88' lang='lat' dir='ltr'>tus</span> <span class='ocrx_word' id='word_1_102' title='bbox 2094 511 2573 569; x_wconf 85' lang='lat' dir='ltr'>estConstantius</span> <span class='ocrx_word' id='word_1_103' title='bbox 2587 508 2832 566; x_wconf 84' lang='lat' dir='ltr'>Heraclii</span> <span class='ocrx_word' id='word_1_104' title='bbox 2858 508 3177 575; x_wconf 84' lang='lat' dir='ltr'>ﬁlius.Quo</span> <span class='ocrx_word' id='word_1_105' title='bbox 3198 524 3305 582; x_wconf 91' lang='lat' dir='ltr'>per</span> <span class='ocrx_word' id='word_1_106' title='bbox 3320 524 3626 569; x_wconf 87' lang='lat' dir='ltr'>venenum</span> 
     </span>
    </p>
   </div>
   <div class='ocr_carea' id='block_1_18' title="bbox 1970 597 3624 675">
    <p class='ocr_par' dir='ltr' id='par_1_18' title="bbox 1970 597 3624 675">
     <span class='ocr_line' id='line_1_18' title="bbox 1970 597 3624 675; baseline 0 -18"><span class='ocrx_word' id='word_1_107' title='bbox 1970 606 2107 675; x_wconf 91' lang='lat' dir='ltr'>post</span> <span class='ocrx_word' id='word_1_108' title='bbox 2125 617 2316 659; x_wconf 91' lang='lat' dir='ltr'>unum</span> <span class='ocrx_word' id='word_1_109' title='bbox 2340 598 2575 674; x_wconf 90' lang='lat' dir='ltr'>imperii</span> <span class='ocrx_word' id='word_1_110' title='bbox 2597 614 2830 657; x_wconf 88' lang='lat' dir='ltr'>annum</span> <span class='ocrx_word' id='word_1_111' title='bbox 2857 597 3287 671; x_wconf 87' lang='lat' dir='ltr'>absumpto,ad</span> <span class='ocrx_word' id='word_1_112' title='bbox 3310 599 3624 657; x_wconf 80' lang='lat' dir='ltr'>Martinam</span> 
     </span>
    </p>
   </div>
   <div class='ocr_carea' id='block_1_19' title="bbox 1966 688 3623 764">
    <p class='ocr_par' dir='ltr' id='par_1_19' title="bbox 1966 688 3623 764">
     <span class='ocr_line' id='line_1_19' title="bbox 1966 688 3623 764; baseline -0.001 -16"><span class='ocrx_word' id='word_1_113' title='bbox 1966 691 2508 763; x_wconf 81' lang='lat' dir='ltr'>et&#39;Heracleonem,</span> <span class='ocrx_word' id='word_1_114' title='bbox 2540 705 2724 764; x_wconf 86' lang='lat' dir='ltr'>quem</span> <span class='ocrx_word' id='word_1_115' title='bbox 2787 704 2856 745; x_wconf 85' lang='lat' dir='ltr'><strong>ex</strong></span> <span class='ocrx_word' id='word_1_116' title='bbox 2897 704 2970 745; x_wconf 91' lang='lat' dir='ltr'>ea</span> <span class='ocrx_word' id='word_1_117' title='bbox 2996 692 3291 759; x_wconf 81' lang='lat' dir='ltr'>genuerat</span> <span class='ocrx_word' id='word_1_118' title='bbox 3318 688 3623 748; x_wconf 85' lang='lat' dir='ltr'>Heraclius</span> 
     </span>
    </p>
   </div>
   <div class='ocr_carea' id='block_1_20' title="bbox 1964 778 3617 855">
    <p class='ocr_par' dir='ltr' id='par_1_20' title="bbox 1964 778 3617 855">
     <span class='ocr_line' id='line_1_20' title="bbox 1964 778 3617 855; baseline -0.001 -17"><span class='ocrx_word' id='word_1_119' title='bbox 1964 782 2287 855; x_wconf 87' lang='lat' dir='ltr'>imperium</span> <span class='ocrx_word' id='word_1_120' title='bbox 2326 781 2587 838; x_wconf 86' lang='lat' dir='ltr'>devenit.</span> <span class='ocrx_word' id='word_1_121' title='bbox 2620 782 2765 838; x_wconf 91' lang='lat' dir='ltr'>Cum</span> <span class='ocrx_word' id='word_1_122' title='bbox 2796 782 3001 837; x_wconf 85' lang='lat' dir='ltr'>autem</span> <span class='ocrx_word' id='word_1_123' title='bbox 3032 778 3319 836; x_wconf 91' lang='lat' dir='ltr'>omnibus</span> <span class='ocrx_word' id='word_1_124' title='bbox 3357 779 3437 836; x_wconf 89' lang='lat' dir='ltr'>ob</span> <span class='ocrx_word' id='word_1_125' title='bbox 3468 780 3617 837; x_wconf 83' lang='lat' dir='ltr'>Con-</span> 
     </span>
    </p>
   </div>
   <div class='ocr_carea' id='block_1_21' title="bbox 1966 868 3621 937">
    <p class='ocr_par' dir='ltr' id='par_1_21' title="bbox 1966 868 3621 937">
     <span class='ocr_line' id='line_1_21' title="bbox 1966 868 3621 937; baseline 0 -10"><span class='ocrx_word' id='word_1_126' title='bbox 1966 871 2210 928; x_wconf 79' lang='lat' dir='ltr'>stantini</span> <span class='ocrx_word' id='word_1_127' title='bbox 2240 877 2496 929; x_wconf 88' lang='lat' dir='ltr'>mortem</span> <span class='ocrx_word' id='word_1_128' title='bbox 2545 869 2686 926; x_wconf 92' lang='lat' dir='ltr'>odio</span> <span class='ocrx_word' id='word_1_129' title='bbox 2728 873 2951 937; x_wconf 85' lang='lat' dir='ltr'>essent,</span> <span class='ocrx_word' id='word_1_130' title='bbox 2991 884 3028 925; x_wconf 92' lang='lat' dir='ltr'>a</span> <span class='ocrx_word' id='word_1_131' title='bbox 3059 884 3304 926; x_wconf 89' lang='lat' dir='ltr'>summa</span> <span class='ocrx_word' id='word_1_132' title='bbox 3331 868 3621 927; x_wconf 88' lang='lat' dir='ltr'>decidunt</span> 
     </span>
    </p>
   </div>
   <div class='ocr_carea' id='block_1_22' title="bbox 1961 957 3615 1035">
    <p class='ocr_par' dir='ltr' id='par_1_22' title="bbox 1961 957 3615 1035">
     <span class='ocr_line' id='line_1_22' title="bbox 1961 957 3615 1035; baseline -0.001 -17"><span class='ocrx_word' id='word_1_133' title='bbox 1961 966 2273 1034; x_wconf 80' lang='lat' dir='ltr'>potestate.</span> <span class='ocrx_word' id='word_1_134' title='bbox 2316 960 2638 1035; x_wconf 85' lang='lat' dir='ltr'>Expellitur</span> <span class='ocrx_word' id='word_1_135' title='bbox 2662 964 2719 1016; x_wconf 89' lang='lat' dir='ltr'>et</span> <span class='ocrx_word' id='word_1_136' title='bbox 2756 959 3018 1033; x_wconf 81' lang='lat' dir='ltr'>Pyrrhus</span> <span class='ocrx_word' id='word_1_137' title='bbox 3050 957 3128 1015; x_wconf 86' lang='lat' dir='ltr'>ab</span> <span class='ocrx_word' id='word_1_138' title='bbox 3169 957 3444 1027; x_wconf 83' lang='lat' dir='ltr'>ecclesia,</span> <span class='ocrx_word' id='word_1_139' title='bbox 3467 962 3524 1016; x_wconf 89' lang='lat' dir='ltr'>et</span> <span class='ocrx_word' id='word_1_140' title='bbox 3548 959 3615 1017; x_wconf 88' lang='lat' dir='ltr'>in</span> 
     </span>
    </p>
   </div>
   <div class='ocr_carea' id='block_1_23' title="bbox 1959 1047 3613 1124">
    <p class='ocr_par' dir='ltr' id='par_1_23' title="bbox 1959 1047 3613 1124">
     <span class='ocr_line' id='line_1_23' title="bbox 1959 1047 3613 1124; baseline 0 -18"><span class='ocrx_word' id='word_1_141' title='bbox 1959 1050 2359 1108; x_wconf 83' lang='lat' dir='ltr'>occidentales</span> <span class='ocrx_word' id='word_1_142' title='bbox 2374 1055 2577 1124; x_wconf 89' lang='lat' dir='ltr'>partes</span> <span class='ocrx_word' id='word_1_143' title='bbox 2588 1049 2651 1106; x_wconf 93' lang='lat' dir='ltr'>in</span> <span class='ocrx_word' id='word_1_144' title='bbox 2662 1048 2937 1105; x_wconf 83' lang='lat' dir='ltr'>exsilium</span> <span class='ocrx_word' id='word_1_145' title='bbox 2948 1048 3033 1104; x_wconf 87' lang='lat' dir='ltr'>ire</span> <span class='ocrx_word' id='word_1_146' title='bbox 3043 1051 3066 1120; x_wconf 89' lang='lat' dir='ltr'><strong>j</strong></span> <span class='ocrx_word' id='word_1_147' title='bbox 3078 1047 3613 1122; x_wconf 88' lang='lat' dir='ltr'>ubetur,tanquam</span> 
     </span>
    </p>
   </div>
   <div class='ocr_carea' id='block_1_24' title="bbox 1958 1135 3615 1211">
    <p class='ocr_par' dir='ltr' id='par_1_24' title="bbox 1958 1135 3615 1211">
     <span class='ocr_line' id='line_1_24' title="bbox 1958 1135 3615 1211; baseline 0.001 -17"><span class='ocrx_word' id='word_1_148' title='bbox 1958 1138 2202 1211; x_wconf 79' lang='lat' dir='ltr'>perﬁdae</span> <span class='ocrx_word' id='word_1_149' title='bbox 2227 1139 2599 1197; x_wconf 82' lang='lat' dir='ltr'>Constantini</span> <span class='ocrx_word' id='word_1_150' title='bbox 2630 1137 2814 1194; x_wconf 69' lang='lat' dir='ltr'>caedis</span> <span class='ocrx_word' id='word_1_151' title='bbox 2842 1153 2980 1193; x_wconf 91' lang='lat' dir='ltr'>cum</span> <span class='ocrx_word' id='word_1_152' title='bbox 3004 1135 3364 1194; x_wconf 87' lang='lat' dir='ltr'>Heracleone</span> <span class='ocrx_word' id='word_1_153' title='bbox 3392 1142 3451 1194; x_wconf 92' lang='lat' dir='ltr'>et</span> <span class='ocrx_word' id='word_1_154' title='bbox 3469 1140 3615 1196; x_wconf 76' lang='lat' dir='ltr'>Mar-</span> 
     </span>
    </p>
   </div>
   <div class='ocr_carea' id='block_1_25' title="bbox 1954 1225 3611 1303">
    <p class='ocr_par' dir='ltr' id='par_1_25' title="bbox 1954 1225 3611 1303">
     <span class='ocr_line' id='line_1_25' title="bbox 1954 1225 3611 1303; baseline -0.001 -18"><span class='ocrx_word' id='word_1_155' title='bbox 1954 1228 2080 1285; x_wconf 90' lang='lat' dir='ltr'>tina</span> <span class='ocrx_word' id='word_1_156' title='bbox 2131 1230 2454 1303; x_wconf 86' lang='lat' dir='ltr'>particeps,</span> <span class='ocrx_word' id='word_1_157' title='bbox 2505 1232 2561 1285; x_wconf 91' lang='lat' dir='ltr'>et</span> <span class='ocrx_word' id='word_1_158' title='bbox 2603 1228 2664 1284; x_wconf 93' lang='lat' dir='ltr'>in</span> <span class='ocrx_word' id='word_1_159' title='bbox 2714 1226 2946 1298; x_wconf 80' lang='lat' dir='ltr'><strong>regiam</strong></span> <span class='ocrx_word' id='word_1_160' title='bbox 2999 1225 3208 1282; x_wconf 86' lang='lat' dir='ltr'><strong>sedem</strong></span> <span class='ocrx_word' id='word_1_161' title='bbox 3236 1226 3611 1284; x_wconf 84' lang='lat' dir='ltr'>Constantini</span> 
     </span>
    </p>
   </div>
   <div class='ocr_carea' id='block_1_26' title="bbox 1951 1314 3609 1389">
    <p class='ocr_par' dir='ltr' id='par_1_26' title="bbox 1951 1314 3609 1389">
     <span class='ocr_line' id='line_1_26' title="bbox 1951 1314 3609 1389; baseline 0.001 -17"><span class='ocrx_word' id='word_1_162' title='bbox 1951 1316 2111 1374; x_wconf 85' lang='lat' dir='ltr'>ﬁlius</span> <span class='ocrx_word' id='word_1_163' title='bbox 2140 1318 2432 1375; x_wconf 88' lang='lat' dir='ltr'>Constans</span> <span class='ocrx_word' id='word_1_164' title='bbox 2462 1317 2782 1384; x_wconf 85' lang='lat' dir='ltr'>invehitur,</span> <span class='ocrx_word' id='word_1_165' title='bbox 2814 1315 2877 1372; x_wconf 92' lang='lat' dir='ltr'>in</span> <span class='ocrx_word' id='word_1_166' title='bbox 2907 1314 3237 1389; x_wconf 87' lang='lat' dir='ltr'>episcopali</span> <span class='ocrx_word' id='word_1_167' title='bbox 3265 1330 3409 1373; x_wconf 89' lang='lat' dir='ltr'>vero</span> <span class='ocrx_word' id='word_1_168' title='bbox 3438 1315 3609 1374; x_wconf 84' lang='lat' dir='ltr'>insti-</span> 
     </span>
    </p>
   </div>
   <div class='ocr_carea' id='block_1_27' title="bbox 1950 1404 3529 1479">
    <p class='ocr_par' dir='ltr' id='par_1_27' title="bbox 1950 1404 3529 1479">
     <span class='ocr_line' id='line_1_27' title="bbox 1950 1404 3529 1479; baseline 0.001 -17"><span class='ocrx_word' id='word_1_169' title='bbox 1950 1406 2133 1463; x_wconf 83' lang='lat' dir='ltr'>tuitur</span> <span class='ocrx_word' id='word_1_170' title='bbox 2158 1407 2380 1465; x_wconf 88' lang='lat' dir='ltr'>Paulus</span> <span class='ocrx_word' id='word_1_171' title='bbox 2412 1407 2596 1479; x_wconf 87' lang='lat' dir='ltr'>Sergii</span> <span class='ocrx_word' id='word_1_172' title='bbox 2631 1408 2688 1463; x_wconf 78' lang='lat' dir='ltr'>et</span> <span class='ocrx_word' id='word_1_173' title='bbox 2714 1405 2925 1479; x_wconf 87' lang='lat' dir='ltr'>Pyrrhi</span> <span class='ocrx_word' id='word_1_174' title='bbox 2961 1404 3277 1478; x_wconf 86' lang='lat' dir='ltr'>opiniones</span> <span class='ocrx_word' id='word_1_175' title='bbox 3297 1404 3529 1464; x_wconf 81' lang='lat' dir='ltr'>fovens.</span> 
     </span>
    </p>
   </div>
   <div class='ocr_carea' id='block_1_28' title="bbox 221 1492 3601 1573">
    <p class='ocr_par' dir='ltr' id='par_1_28' title="bbox 221 1492 3601 1573">
     <span class='ocr_line' id='line_1_28' title="bbox 221 1492 3601 1573; baseline -0.001 -22"><span class='ocrx_word' id='word_1_176' title='bbox 221 1500 402 1572; x_wconf 82' lang='grc' dir='ltr'>θρόνον</span> <span class='ocrx_word' id='word_1_177' title='bbox 430 1502 459 1553; x_wconf 89' lang='lat'>6</span> <span class='ocrx_word' id='word_1_178' title='bbox 510 1509 604 1554; x_wconf 80' lang='grc' dir='ltr'>τοῦ</span> <span class='ocrx_word' id='word_1_179' title='bbox 637 1506 1029 1556; x_wconf 74' lang='grc' dir='ltr'>Κωνσταντίνου</span> <span class='ocrx_word' id='word_1_180' title='bbox 1067 1503 1177 1563; x_wconf 85' lang='grc' dir='ltr'>υἱὸς</span> <span class='ocrx_word' id='word_1_181' title='bbox 1233 1507 1479 1562; x_wconf 79' lang='grc' dir='ltr'>Κώνστας</span> <span class='ocrx_word' id='word_1_182' title='bbox 1510 1497 1777 1570; x_wconf 77' lang='grc' dir='ltr'>ἀνάγεται,</span> <span class='ocrx_word' id='word_1_183' title='bbox 1831 1494 1900 1557; x_wconf 86' lang='grc' dir='ltr'>εἰς</span> <span class='ocrx_word' id='word_1_184' title='bbox 1946 1492 2007 1550; x_wconf 70' lang='grc' dir='ltr'>δὲ</span> <span class='ocrx_word' id='word_1_185' title='bbox 2055 1500 2141 1550; x_wconf 85' lang='grc' dir='ltr'>τόν</span> <span class='ocrx_word' id='word_1_186' title='bbox 2194 1497 2566 1573; x_wconf 78' lang='grc' dir='ltr'>ἀρχιερατικὸν</span> <span class='ocrx_word' id='word_1_187' title='bbox 2613 1496 2813 1557; x_wconf 84' lang='grc' dir='ltr'>Παῦλος</span> <span class='ocrx_word' id='word_1_188' title='bbox 2864 1496 3235 1568; x_wconf 73' lang='grc' dir='ltr'>ὁμογνωμονῶν</span> <span class='ocrx_word' id='word_1_189' title='bbox 3284 1500 3476 1570; x_wconf 77' lang='grc' dir='ltr'>Σεργίῳ</span> <span class='ocrx_word' id='word_1_190' title='bbox 3512 1497 3601 1550; x_wconf 71' lang='grc' dir='ltr'>καὶ</span> 
     </span>
    </p>
   </div>
   <div class='ocr_carea' id='block_1_29' title="bbox 287 1674 1830 1755">
    <p class='ocr_par' dir='ltr' id='par_1_29' title="bbox 287 1674 1830 1755">
     <span class='ocr_line' id='line_1_29' title="bbox 287 1674 1830 1755; baseline 0.003 -25"><span class='ocrx_word' id='word_1_191' title='bbox 287 1674 356 1733; x_wconf 79' lang='grc' dir='ltr'>δ’.</span> <span class='ocrx_word' id='word_1_192' title='bbox 416 1679 536 1733; x_wconf 81' lang='grc' dir='ltr'>Ἐπὶ</span> <span class='ocrx_word' id='word_1_193' title='bbox 602 1682 793 1731; x_wconf 85' lang='grc' dir='ltr'>τούτου</span> <span class='ocrx_word' id='word_1_194' title='bbox 849 1677 1111 1752; x_wconf 76' lang='grc' dir='ltr'>βασιλέως</span> <span class='ocrx_word' id='word_1_195' title='bbox 1164 1681 1192 1731; x_wconf 90' lang='lat'>6</span> <span class='ocrx_word' id='word_1_196' title='bbox 1244 1678 1519 1752; x_wconf 73' lang='grc' dir='ltr'>φιλόσοφος</span> <span class='ocrx_word' id='word_1_197' title='bbox 1568 1676 1830 1755; x_wconf 84' lang='grc' dir='ltr'>Μάξιμος,</span> 
     </span>
    </p>
   </div>
   <div class='ocr_carea' id='block_1_30' title="bbox 216 1766 1835 1843">
    <p class='ocr_par' dir='ltr' id='par_1_30' title="bbox 216 1766 1835 1843">
     <span class='ocr_line' id='line_1_30' title="bbox 216 1766 1835 1843; baseline -0.001 -25"><span class='ocrx_word' id='word_1_198' title='bbox 216 1766 512 1843; x_wconf 71' lang='grc' dir='ltr'>ἀσηκρῆτις</span> <span class='ocrx_word' id='word_1_199' title='bbox 567 1768 635 1819; x_wconf 80' lang='grc' dir='ltr'>ὢν</span> <span class='ocrx_word' id='word_1_200' title='bbox 686 1773 779 1820; x_wconf 85' lang='grc' dir='ltr'>καὶ</span> <span class='ocrx_word' id='word_1_201' title='bbox 840 1771 987 1841; x_wconf 83' lang='grc' dir='ltr'>παρὰ</span> <span class='ocrx_word' id='word_1_202' title='bbox 1047 1766 1330 1841; x_wconf 79' lang='grc' dir='ltr'>βασιλεῦσι</span> <span class='ocrx_word' id='word_1_203' title='bbox 1385 1770 1713 1841; x_wconf 73' lang='grc' dir='ltr'>τετιμημένος</span> <span class='ocrx_word' id='word_1_204' title='bbox 1769 1766 1835 1817; x_wconf 76' lang='grc' dir='ltr'>τὰ</span> 
     </span>
    </p>
   </div>
   <div class='ocr_carea' id='block_1_31' title="bbox 211 1856 1831 1933">
    <p class='ocr_par' dir='ltr' id='par_1_31' title="bbox 211 1856 1831 1933">
     <span class='ocr_line' id='line_1_31' title="bbox 211 1856 1831 1933; baseline -0.002 -23"><span class='ocrx_word' id='word_1_205' title='bbox 211 1862 464 1930; x_wconf 75' lang='grc' dir='ltr'>μέγιστα,</span> <span class='ocrx_word' id='word_1_206' title='bbox 494 1859 670 1910; x_wconf 78' lang='grc' dir='ltr'>πάντα</span> <span class='ocrx_word' id='word_1_207' title='bbox 706 1862 918 1933; x_wconf 82' lang='grc' dir='ltr'>παρεὶς,</span> <span class='ocrx_word' id='word_1_208' title='bbox 965 1862 1025 1910; x_wconf 88' lang='grc' dir='ltr'>τό</span> <span class='ocrx_word' id='word_1_209' title='bbox 1082 1856 1132 1911; x_wconf 78' lang='grc' dir='ltr'>ἕν</span> <span class='ocrx_word' id='word_1_210' title='bbox 1186 1866 1250 1931; x_wconf 78' lang='grc' dir='ltr'>τῇ</span> <span class='ocrx_word' id='word_1_211' title='bbox 1285 1857 1613 1932; x_wconf 77' lang='grc' dir='ltr'>Χρυσοπόλει</span> <span class='ocrx_word' id='word_1_212' title='bbox 1662 1874 1831 1908; x_wconf 88' lang='grc' dir='ltr'>κατα-</span> 
     </span>
    </p>
   </div>
   <div class='ocr_carea' id='block_1_32' title="bbox 211 1944 1831 2023">
    <p class='ocr_par' dir='ltr' id='par_1_32' title="bbox 211 1944 1831 2023">
     <span class='ocr_line' id='line_1_32' title="bbox 211 1944 1831 2023; baseline -0.001 -25"><span class='ocrx_word' id='word_1_213' title='bbox 211 1945 464 2019; x_wconf 74' lang='grc' dir='ltr'>λαμϐάνει</span> <span class='ocrx_word' id='word_1_214' title='bbox 532 1954 914 2023; x_wconf 76' lang='grc' dir='ltr'>μοναστήριον,</span> <span class='ocrx_word' id='word_1_215' title='bbox 990 1953 1082 2001; x_wconf 82' lang='grc' dir='ltr'>καὶ</span> <span class='ocrx_word' id='word_1_216' title='bbox 1143 1952 1237 2006; x_wconf 75' lang='grc' dir='ltr'>τὴν</span> <span class='ocrx_word' id='word_1_217' title='bbox 1310 1951 1570 2020; x_wconf 75' lang='grc' dir='ltr'>κοσμικὴν</span> <span class='ocrx_word' id='word_1_218' title='bbox 1645 1944 1831 1998; x_wconf 80' lang='grc' dir='ltr'>ἀποτί-</span> 
     </span>
    </p>
   </div>
   <div class='ocr_carea' id='block_1_33' title="bbox 216 2033 1833 2113">
    <p class='ocr_par' dir='ltr' id='par_1_33' title="bbox 216 2033 1833 2113">
     <span class='ocr_line' id='line_1_33' title="bbox 216 2033 1833 2113; baseline -0.002 -24"><span class='ocrx_word' id='word_1_219' title='bbox 216 2037 359 2089; x_wconf 79' lang='grc' dir='ltr'>θεται</span> <span class='ocrx_word' id='word_1_220' title='bbox 398 2041 588 2113; x_wconf 82' lang='grc' dir='ltr'>τρίχα,</span> <span class='ocrx_word' id='word_1_221' title='bbox 642 2040 715 2111; x_wconf 73' lang='grc' dir='ltr'>μὴ</span> <span class='ocrx_word' id='word_1_222' title='bbox 778 2041 945 2112; x_wconf 75' lang='grc' dir='ltr'>φέρων</span> <span class='ocrx_word' id='word_1_223' title='bbox 986 2041 1081 2095; x_wconf 74' lang='grc' dir='ltr'>τὴν</span> <span class='ocrx_word' id='word_1_224' title='bbox 1136 2045 1238 2089; x_wconf 85' lang='grc' dir='ltr'>τῶν</span> <span class='ocrx_word' id='word_1_225' title='bbox 1292 2035 1656 2094; x_wconf 80' lang='grc' dir='ltr'>Μονοθελητῶν</span> <span class='ocrx_word' id='word_1_226' title='bbox 1695 2033 1833 2107; x_wconf 84' lang='grc' dir='ltr'>αἶρε-</span> 
     </span>
    </p>
   </div>
   <div class='ocr_carea' id='block_1_34' title="bbox 219 2122 1830 2201">
    <p class='ocr_par' dir='ltr' id='par_1_34' title="bbox 219 2122 1830 2201">
     <span class='ocr_line' id='line_1_34' title="bbox 219 2122 1830 2201; baseline -0.002 -23"><span class='ocrx_word' id='word_1_227' title='bbox 219 2144 303 2178; x_wconf 87' lang='grc' dir='ltr'>σιν</span> <span class='ocrx_word' id='word_1_228' title='bbox 356 2125 861 2201; x_wconf 71' lang='grc' dir='ltr'>παρρησιαζομένην</span> <span class='ocrx_word' id='word_1_229' title='bbox 917 2128 1063 2198; x_wconf 78' lang='grc' dir='ltr'>ὁρᾷν,</span> <span class='ocrx_word' id='word_1_230' title='bbox 1125 2122 1259 2199; x_wconf 77' lang='grc' dir='ltr'>μηδ’</span> <span class='ocrx_word' id='word_1_231' title='bbox 1317 2124 1627 2198; x_wconf 77' lang='grc' dir='ltr'>ἀνεχόμενος</span> <span class='ocrx_word' id='word_1_232' title='bbox 1702 2142 1830 2176; x_wconf 62' lang='grc' dir='ltr'>συν-</span> 
     </span>
    </p>
   </div>
   <div class='ocr_carea' id='block_1_35' title="bbox 216 2211 1829 2289">
    <p class='ocr_par' dir='ltr' id='par_1_35' title="bbox 216 2211 1829 2289">
     <span class='ocr_line' id='line_1_35' title="bbox 216 2211 1829 2289; baseline 0.001 -22"><span class='ocrx_word' id='word_1_233' title='bbox 216 2211 442 2288; x_wconf 76' lang='grc' dir='ltr'>διάγειν,</span> <span class='ocrx_word' id='word_1_234' title='bbox 474 2222 567 2270; x_wconf 83' lang='grc' dir='ltr'>καὶ</span> <span class='ocrx_word' id='word_1_235' title='bbox 602 2223 861 2269; x_wconf 81' lang='grc' dir='ltr'>κοινωνεῖν</span> <span class='ocrx_word' id='word_1_236' title='bbox 894 2215 1101 2289; x_wconf 83' lang='grc' dir='ltr'>ὁμιλίας</span> <span class='ocrx_word' id='word_1_237' title='bbox 1134 2214 1346 2289; x_wconf 83' lang='grc' dir='ltr'>βασιλεί</span> <span class='ocrx_word' id='word_1_238' title='bbox 1400 2219 1491 2269; x_wconf 85' lang='grc' dir='ltr'>καὶ</span> <span class='ocrx_word' id='word_1_239' title='bbox 1518 2215 1829 2288; x_wconf 69' lang='grc' dir='ltr'>πατριάρχῃ</span> 
     </span>
    </p>
   </div>
   <div class='ocr_carea' id='block_1_36' title="bbox 216 2304 1833 2381">
    <p class='ocr_par' dir='ltr' id='par_1_36' title="bbox 216 2304 1833 2381">
     <span class='ocr_line' id='line_1_36' title="bbox 216 2304 1833 2381; baseline -0.002 -23"><span class='ocrx_word' id='word_1_240' title='bbox 216 2307 474 2378; x_wconf 75' lang='grc' dir='ltr'>ἔκθεσμον</span> <span class='ocrx_word' id='word_1_241' title='bbox 538 2310 783 2365; x_wconf 86' lang='grc' dir='ltr'>τοιαύτην</span> <span class='ocrx_word' id='word_1_242' title='bbox 848 2305 1282 2379; x_wconf 74' lang='grc' dir='ltr'>ἔπικρατύνουσιν</span> <span class='ocrx_word' id='word_1_243' title='bbox 1343 2307 1543 2381; x_wconf 79' lang='grc' dir='ltr'>αἰρεσιν</span> <span class='ocrx_word' id='word_1_244' title='bbox 1576 2324 1588 2337; x_wconf 67' lang='grc' dir='ltr'>ι</span> <span class='ocrx_word' id='word_1_245' title='bbox 1658 2304 1833 2356; x_wconf 76' lang='grc' dir='ltr'>ἔπειτα</span> 
     </span>
    </p>
   </div>
   <div class='ocr_carea' id='block_1_37' title="bbox 224 2382 1830 2470">
    <p class='ocr_par' dir='ltr' id='par_1_37' title="bbox 224 2382 1830 2470">
     <span class='ocr_line' id='line_1_37' title="bbox 224 2382 1830 2470; baseline 0.001 -25"><span class='ocrx_word' id='word_1_246' title='bbox 224 2399 323 2447; x_wconf 77' lang='grc' dir='ltr'>καὶ</span> <span class='ocrx_word' id='word_1_247' title='bbox 374 2394 451 2456; x_wconf 82' lang='grc' dir='ltr'>εὶς</span> <span class='ocrx_word' id='word_1_248' title='bbox 487 2394 688 2467; x_wconf 70' lang='grc' dir='ltr'>Ῥώμην</span> <span class='ocrx_word' id='word_1_249' title='bbox 740 2402 830 2455; x_wconf 69' lang='grc' dir='ltr'>τήν</span> <span class='ocrx_word' id='word_1_250' title='bbox 877 2396 1246 2470; x_wconf 72' lang='grc' dir='ltr'>μεγαλώνυμον</span> <span class='ocrx_word' id='word_1_251' title='bbox 1294 2397 1524 2463; x_wconf 80' lang='grc' dir='ltr'>ἄπεισιν,</span> <span class='ocrx_word' id='word_1_252' title='bbox 1566 2396 1686 2448; x_wconf 83' lang='grc' dir='ltr'>ἔνθα</span> <span class='ocrx_word' id='word_1_253' title='bbox 1740 2382 1830 2447; x_wconf 76' lang='grc' dir='ltr'>καἱ</span> 
     </span>
    </p>
   </div>
   <div class='ocr_carea' id='block_1_38' title="bbox 232 2480 1827 2559">
    <p class='ocr_par' dir='ltr' id='par_1_38' title="bbox 232 2480 1827 2559">
     <span class='ocr_line' id='line_1_38' title="bbox 232 2480 1827 2559; baseline 0.001 -26"><span class='ocrx_word' id='word_1_254' title='bbox 232 2490 309 2533; x_wconf 79' lang='grc' dir='ltr'>τῶ</span> <span class='ocrx_word' id='word_1_255' title='bbox 364 2482 551 2557; x_wconf 75' lang='grc' dir='ltr'><strong><em>Πύρῥῳ</em></strong></span> <span class='ocrx_word' id='word_1_256' title='bbox 596 2483 666 2546; x_wconf 85' lang='grc' dir='ltr'>εἰς</span> <span class='ocrx_word' id='word_1_257' title='bbox 726 2480 939 2548; x_wconf 61' lang='grc' dir='ltr'>δισλιξιν</span> <span class='ocrx_word' id='word_1_258' title='bbox 1000 2485 1151 2545; x_wconf 73' lang='grc' dir='ltr'>ἦλθεν</span> <span class='ocrx_word' id='word_1_259' title='bbox 1215 2484 1380 2538; x_wconf 74' lang='grc' dir='ltr'>ἐκεῖσε</span> <span class='ocrx_word' id='word_1_260' title='bbox 1429 2486 1827 2559; x_wconf 74' lang='grc' dir='ltr'>παραγενομένῳ</span> 
     </span>
    </p>
   </div>
   <div class='ocr_carea' id='block_1_39' title="bbox 216 2572 1826 2648">
    <p class='ocr_par' dir='ltr' id='par_1_39' title="bbox 216 2572 1826 2648">
     <span class='ocr_line' id='line_1_39' title="bbox 216 2572 1826 2648; baseline 0.001 -26"><span class='ocrx_word' id='word_1_261' title='bbox 216 2573 363 2642; x_wconf 80' lang='grc' dir='ltr'>μετά</span> <span class='ocrx_word' id='word_1_262' title='bbox 420 2576 516 2629; x_wconf 68' lang='grc' dir='ltr'>τὸν</span> <span class='ocrx_word' id='word_1_263' title='bbox 580 2574 891 2648; x_wconf 68' lang='grc' dir='ltr'>καθαίρεσιν,</span> <span class='ocrx_word' id='word_1_264' title='bbox 961 2580 1054 2627; x_wconf 80' lang='grc' dir='ltr'>καὶ</span> <span class='ocrx_word' id='word_1_265' title='bbox 1127 2576 1298 2628; x_wconf 82' lang='grc' dir='ltr'>πείθει</span> <span class='ocrx_word' id='word_1_266' title='bbox 1372 2577 1460 2626; x_wconf 85' lang='grc' dir='ltr'>τόν</span> <span class='ocrx_word' id='word_1_267' title='bbox 1535 2572 1826 2645; x_wconf 79' lang='grc' dir='ltr'>ἁγιώτατον</span> 
     </span>
    </p>
   </div>
   <div class='ocr_carea' id='block_1_40' title="bbox 212 2658 1821 2738">
    <p class='ocr_par' dir='ltr' id='par_1_40' title="bbox 212 2658 1821 2738">
     <span class='ocr_line' id='line_1_40' title="bbox 212 2658 1821 2738; baseline 0.002 -27"><span class='ocrx_word' id='word_1_268' title='bbox 212 2664 335 2712; x_wconf 83' lang='grc' dir='ltr'>τότε</span> <span class='ocrx_word' id='word_1_269' title='bbox 409 2662 591 2714; x_wconf 76' lang='grc' dir='ltr'>πάπαν</span> <span class='ocrx_word' id='word_1_270' title='bbox 659 2669 916 2737; x_wconf 77' lang='grc' dir='ltr'>Μαρτῖνον</span> <span class='ocrx_word' id='word_1_271' title='bbox 980 2668 1202 2723; x_wconf 68' lang='grc' dir='ltr'>τοπικὴν</span> <span class='ocrx_word' id='word_1_272' title='bbox 1266 2662 1515 2738; x_wconf 81' lang='grc' dir='ltr'>ἀθροῖσαι</span> <span class='ocrx_word' id='word_1_273' title='bbox 1580 2658 1821 2731; x_wconf 77' lang='grc' dir='ltr'>σύνοδον,</span> 
     </span>
    </p>
   </div>
   <div class='ocr_carea' id='block_1_41' title="bbox 212 2746 1822 2826">
    <p class='ocr_par' dir='ltr' id='par_1_41' title="bbox 212 2746 1822 2826">
     <span class='ocr_line' id='line_1_41' title="bbox 212 2746 1822 2826; baseline 0.002 -26"><span class='ocrx_word' id='word_1_274' title='bbox 212 2752 303 2800; x_wconf 84' lang='grc' dir='ltr'>καὶ</span> <span class='ocrx_word' id='word_1_275' title='bbox 372 2746 560 2803; x_wconf 80' lang='grc' dir='ltr'>δοῦναι</span> <span class='ocrx_word' id='word_1_276' title='bbox 611 2760 682 2822; x_wconf 76' lang='grc' dir='ltr'>τῷ</span> <span class='ocrx_word' id='word_1_277' title='bbox 745 2750 1033 2826; x_wconf 76' lang='grc' dir='ltr'>ἀναθέματι</span> <span class='ocrx_word' id='word_1_278' title='bbox 1088 2757 1207 2814; x_wconf 80' lang='grc' dir='ltr'>τοὺς</span> <span class='ocrx_word' id='word_1_279' title='bbox 1259 2751 1345 2806; x_wconf 79' lang='grc' dir='ltr'>ἐπὶ</span> <span class='ocrx_word' id='word_1_280' title='bbox 1409 2759 1642 2826; x_wconf 76' lang='grc' dir='ltr'>Χριστοῦ</span> <span class='ocrx_word' id='word_1_281' title='bbox 1696 2755 1822 2825; x_wconf 75' lang='grc' dir='ltr'>μίαν</span> 
     </span>
    </p>
   </div>
   <div class='ocr_carea' id='block_1_42' title="bbox 214 2833 1823 2915">
    <p class='ocr_par' dir='ltr' id='par_1_42' title="bbox 214 2833 1823 2915">
     <span class='ocr_line' id='line_1_42' title="bbox 214 2833 1823 2915; baseline 0.002 -25"><span class='ocrx_word' id='word_1_282' title='bbox 214 2833 631 2911; x_wconf 74' lang='grc' dir='ltr'>δογματίζοντας</span> <span class='ocrx_word' id='word_1_283' title='bbox 684 2841 895 2900; x_wconf 75' lang='grc' dir='ltr'>θέλησιν</span> <span class='ocrx_word' id='word_1_284' title='bbox 925 2859 940 2875; x_wconf 78' lang='lat'><strong><em>°</em></strong></span> <span class='ocrx_word' id='word_1_285' title='bbox 996 2842 1025 2895; x_wconf 83' lang='lat'>6</span> <span class='ocrx_word' id='word_1_286' title='bbox 1078 2848 1167 2896; x_wconf 85' lang='grc' dir='ltr'>καὶ</span> <span class='ocrx_word' id='word_1_287' title='bbox 1223 2847 1424 2915; x_wconf 83' lang='grc' dir='ltr'>γέγονε,</span> <span class='ocrx_word' id='word_1_288' title='bbox 1482 2840 1823 2895; x_wconf 81' lang='grc' dir='ltr'>συνελθόντων</span> 
     </span>
    </p>
   </div>
   <div class='ocr_carea' id='block_1_43' title="bbox 214 2927 1823 2986">
    <p class='ocr_par' dir='ltr' id='par_1_43' title="bbox 214 2927 1823 2986">
     <span class='ocr_line' id='line_1_43' title="bbox 214 2927 1823 2986; baseline 0.004 -7"><span class='ocrx_word' id='word_1_289' title='bbox 214 2927 515 2981; x_wconf 72' lang='grc' dir='ltr'>ἐπισκόπων</span> <span class='ocrx_word' id='word_1_290' title='bbox 577 2929 758 2983; x_wconf 74' lang='grc' dir='ltr'>ἑκατόν</span> <span class='ocrx_word' id='word_1_291' title='bbox 819 2935 915 2984; x_wconf 82' lang='grc' dir='ltr'>σὺν</span> <span class='ocrx_word' id='word_1_292' title='bbox 973 2936 1115 2986; x_wconf 77' lang='grc' dir='ltr'>πέντε</span> <span class='ocrx_word' id='word_1_293' title='bbox 1173 2938 1264 2985; x_wconf 84' lang='grc' dir='ltr'>καὶ</span> <span class='ocrx_word' id='word_1_294' title='bbox 1329 2935 1544 2985; x_wconf 87' lang='grc' dir='ltr'>εἰκοσιν.</span> <span class='ocrx_word' id='word_1_295' title='bbox 1597 2932 1688 2984; x_wconf 85' lang='grc' dir='ltr'>Ἐκ</span> <span class='ocrx_word' id='word_1_296' title='bbox 1762 2927 1823 2985; x_wconf 70' lang='grc' dir='ltr'>δε</span> 
     </span>
    </p>
   </div>
   <div class='ocr_carea' id='block_1_44' title="bbox 212 3015 1822 3094">
    <p class='ocr_par' dir='ltr' id='par_1_44' title="bbox 212 3015 1822 3094">
     <span class='ocr_line' id='line_1_44' title="bbox 212 3015 1822 3094; baseline -0.002 -19"><span class='ocrx_word' id='word_1_297' title='bbox 212 3024 308 3078; x_wconf 74' lang='grc' dir='ltr'>τες</span> <span class='ocrx_word' id='word_1_298' title='bbox 384 3016 586 3091; x_wconf 82' lang='grc' dir='ltr'>Ῥώμης</span> <span class='ocrx_word' id='word_1_299' title='bbox 662 3018 951 3072; x_wconf 73' lang='grc' dir='ltr'>ἐπανελθὼν</span> <span class='ocrx_word' id='word_1_300' title='bbox 1023 3020 1260 3094; x_wconf 81' lang='grc' dir='ltr'>Μάξιμος</span> <span class='ocrx_word' id='word_1_301' title='bbox 1332 3021 1463 3093; x_wconf 85' lang='grc' dir='ltr'>μετὰ</span> <span class='ocrx_word' id='word_1_302' title='bbox 1540 3026 1641 3071; x_wconf 83' lang='grc' dir='ltr'>τῶν</span> <span class='ocrx_word' id='word_1_303' title='bbox 1725 3015 1822 3072; x_wconf 77' lang='grc' dir='ltr'>δύο</span> 
     </span>
    </p>
   </div>
   <div class='ocr_carea' id='block_1_45' title="bbox 2014 1672 3600 1749">
    <p class='ocr_par' dir='ltr' id='par_1_45' title="bbox 2014 1672 3600 1749">
     <span class='ocr_line' id='line_1_45' title="bbox 2014 1672 3600 1749; baseline 0.003 -21"><span class='ocrx_word' id='word_1_304' title='bbox 2014 1675 2067 1728; x_wconf 79' lang='grc'>4.</span> <span class='ocrx_word' id='word_1_305' title='bbox 2088 1675 2215 1740; x_wconf 85' lang='lat' dir='ltr'>Quo</span> <span class='ocrx_word' id='word_1_306' title='bbox 2244 1674 2902 1749; x_wconf 80' lang='lat' dir='ltr'>imperante,Maximus</span> <span class='ocrx_word' id='word_1_307' title='bbox 2921 1672 3322 1748; x_wconf 87' lang='lat' dir='ltr'>philosophus</span> <span class='ocrx_word' id='word_1_308' title='bbox 3344 1673 3452 1747; x_wconf 84' lang='lat' dir='ltr'>qui</span> <span class='ocrx_word' id='word_1_309' title='bbox 3469 1677 3600 1733; x_wconf 88' lang='lat' dir='ltr'>erat</span> 
     </span>
    </p>
   </div>
   <div class='ocr_carea' id='block_1_46' title="bbox 1943 1761 3597 1837">
    <p class='ocr_par' dir='ltr' id='par_1_46' title="bbox 1943 1761 3597 1837">
     <span class='ocr_line' id='line_1_46' title="bbox 1943 1761 3597 1837; baseline 0.002 -20"><span class='ocrx_word' id='word_1_310' title='bbox 1943 1776 1980 1817; x_wconf 84' lang='lat' dir='ltr'>a</span> <span class='ocrx_word' id='word_1_311' title='bbox 2020 1763 2261 1820; x_wconf 85' lang='lat' dir='ltr'>secretis</span> <span class='ocrx_word' id='word_1_312' title='bbox 2300 1770 2359 1822; x_wconf 89' lang='lat' dir='ltr'>et</span> <span class='ocrx_word' id='word_1_313' title='bbox 2410 1765 2679 1822; x_wconf 85' lang='lat' dir='ltr'>maximo</span> <span class='ocrx_word' id='word_1_314' title='bbox 2726 1765 2958 1821; x_wconf 88' lang='lat' dir='ltr'>honore</span> <span class='ocrx_word' id='word_1_315' title='bbox 3011 1761 3090 1820; x_wconf 91' lang='lat' dir='ltr'>ab</span> <span class='ocrx_word' id='word_1_316' title='bbox 3126 1762 3597 1837; x_wconf 83' lang='lat' dir='ltr'>imperatoribus</span> 
     </span>
    </p>
   </div>
   <div class='ocr_carea' id='block_1_47' title="bbox 1940 1852 3595 1927">
    <p class='ocr_par' dir='ltr' id='par_1_47' title="bbox 1940 1852 3595 1927">
     <span class='ocr_line' id='line_1_47' title="bbox 1940 1852 3595 1927; baseline 0.002 -19"><span class='ocrx_word' id='word_1_317' title='bbox 1940 1852 2269 1925; x_wconf 87' lang='lat' dir='ltr'>colebatur,</span> <span class='ocrx_word' id='word_1_318' title='bbox 2300 1858 2530 1913; x_wconf 88' lang='lat' dir='ltr'>cunctis</span> <span class='ocrx_word' id='word_1_319' title='bbox 2565 1854 2749 1912; x_wconf 92' lang='lat' dir='ltr'>rebus</span> <span class='ocrx_word' id='word_1_320' title='bbox 2797 1853 3119 1923; x_wconf 87' lang='lat' dir='ltr'>abdicatis,</span> <span class='ocrx_word' id='word_1_321' title='bbox 3172 1853 3595 1927; x_wconf 81' lang='lat' dir='ltr'>Chrysopolim</span> 
     </span>
    </p>
   </div>
   <div class='ocr_carea' id='block_1_48' title="bbox 1938 1941 3594 2018">
    <p class='ocr_par' dir='ltr' id='par_1_48' title="bbox 1938 1941 3594 2018">
     <span class='ocr_line' id='line_1_48' title="bbox 1938 1941 3594 2018; baseline 0.001 -21"><span class='ocrx_word' id='word_1_322' title='bbox 1938 1941 2001 1998; x_wconf 93' lang='lat' dir='ltr'>in</span> <span class='ocrx_word' id='word_1_323' title='bbox 2030 1944 2464 2001; x_wconf 89' lang='lat' dir='ltr'>monasterium</span> <span class='ocrx_word' id='word_1_324' title='bbox 2511 1944 2825 2018; x_wconf 86' lang='lat' dir='ltr'>quoddam</span> <span class='ocrx_word' id='word_1_325' title='bbox 2857 1959 2921 2000; x_wconf 88' lang='lat' dir='ltr'>se</span> <span class='ocrx_word' id='word_1_326' title='bbox 2944 1942 3216 2011; x_wconf 81' lang='lat' dir='ltr'>contulit,</span> <span class='ocrx_word' id='word_1_327' title='bbox 3257 1942 3594 2017; x_wconf 83' lang='lat' dir='ltr'>capitisque</span> 
     </span>
    </p>
   </div>
   <div class='ocr_carea' id='block_1_49' title="bbox 1938 2032 3593 2106">
    <p class='ocr_par' dir='ltr' id='par_1_49' title="bbox 1938 2032 3593 2106">
     <span class='ocr_line' id='line_1_49' title="bbox 1938 2032 3593 2106; baseline 0 -18"><span class='ocrx_word' id='word_1_328' title='bbox 1938 2038 2366 2090; x_wconf 85' lang='lat' dir='ltr'>ornamentum</span> <span class='ocrx_word' id='word_1_329' title='bbox 2392 2049 2635 2090; x_wconf 89' lang='lat' dir='ltr'>comam</span> <span class='ocrx_word' id='word_1_330' title='bbox 2663 2032 2966 2106; x_wconf 86' lang='lat' dir='ltr'>deposuit,</span> <span class='ocrx_word' id='word_1_331' title='bbox 2998 2046 3126 2089; x_wconf 91' lang='lat' dir='ltr'>non</span> <span class='ocrx_word' id='word_1_332' title='bbox 3150 2032 3458 2090; x_wconf 86' lang='lat' dir='ltr'>sustinens</span> <span class='ocrx_word' id='word_1_333' title='bbox 3476 2034 3593 2090; x_wconf 70' lang='lat' dir='ltr'>Mo-</span> 
     </span>
    </p>
   </div>
   <div class='ocr_carea' id='block_1_50' title="bbox 1941 2120 3589 2181">
    <p class='ocr_par' dir='ltr' id='par_1_50' title="bbox 1941 2120 3589 2181">
     <span class='ocr_line' id='line_1_50' title="bbox 1941 2120 3589 2181; baseline -0.001 -2"><span class='ocrx_word' id='word_1_334' title='bbox 1941 2122 2365 2180; x_wconf 90' lang='lat' dir='ltr'>uothelitarum</span> <span class='ocrx_word' id='word_1_335' title='bbox 2394 2123 2671 2180; x_wconf 80' lang='lat' dir='ltr'>haeresim</span> <span class='ocrx_word' id='word_1_336' title='bbox 2700 2127 2868 2181; x_wconf 88' lang='lat' dir='ltr'>tanta</span> <span class='ocrx_word' id='word_1_337' title='bbox 2904 2121 3163 2179; x_wconf 88' lang='lat' dir='ltr'>audacia</span> <span class='ocrx_word' id='word_1_338' title='bbox 3179 2120 3393 2179; x_wconf 82' lang='lat' dir='ltr'>fretam</span> <span class='ocrx_word' id='word_1_339' title='bbox 3422 2120 3589 2179; x_wconf 86' lang='lat' dir='ltr'>vide-</span> 
     </span>
    </p>
   </div>
   <div class='ocr_carea' id='block_1_51' title="bbox 1938 2210 3589 2287">
    <p class='ocr_par' dir='ltr' id='par_1_51' title="bbox 1938 2210 3589 2287">
     <span class='ocr_line' id='line_1_51' title="bbox 1938 2210 3589 2287; baseline 0 -20"><span class='ocrx_word' id='word_1_340' title='bbox 1938 2226 2022 2281; x_wconf 87' lang='lat' dir='ltr'>re,</span> <span class='ocrx_word' id='word_1_341' title='bbox 2046 2228 2243 2287; x_wconf 88' lang='lat' dir='ltr'>neque</span> <span class='ocrx_word' id='word_1_342' title='bbox 2267 2213 2476 2271; x_wconf 86' lang='lat' dir='ltr'>valens</span> <span class='ocrx_word' id='word_1_343' title='bbox 2497 2212 2845 2271; x_wconf 81' lang='lat' dir='ltr'>conversari</span> <span class='ocrx_word' id='word_1_344' title='bbox 2868 2216 2929 2269; x_wconf 86' lang='lat' dir='ltr'>et</span> <span class='ocrx_word' id='word_1_345' title='bbox 2946 2210 3208 2285; x_wconf 86' lang='lat' dir='ltr'>colloqui</span> <span class='ocrx_word' id='word_1_346' title='bbox 3224 2226 3366 2267; x_wconf 89' lang='lat' dir='ltr'>cum</span> <span class='ocrx_word' id='word_1_347' title='bbox 3391 2210 3589 2284; x_wconf 87' lang='lat' dir='ltr'>impe-</span> 
     </span>
    </p>
   </div>
   <div class='ocr_carea' id='block_1_52' title="bbox 1938 2300 3591 2378">
    <p class='ocr_par' dir='ltr' id='par_1_52' title="bbox 1938 2300 3591 2378">
     <span class='ocr_line' id='line_1_52' title="bbox 1938 2300 3591 2378; baseline 0.001 -20"><span class='ocrx_word' id='word_1_348' title='bbox 1938 2306 2135 2359; x_wconf 90' lang='lat' dir='ltr'>ratore</span> <span class='ocrx_word' id='word_1_349' title='bbox 2160 2319 2230 2360; x_wconf 90' lang='lat' dir='ltr'>ac</span> <span class='ocrx_word' id='word_1_350' title='bbox 2253 2303 2599 2378; x_wconf 84' lang='lat' dir='ltr'>patriarcha</span> <span class='ocrx_word' id='word_1_351' title='bbox 2624 2303 2782 2361; x_wconf 90' lang='lat' dir='ltr'>hanc</span> <span class='ocrx_word' id='word_1_352' title='bbox 2800 2316 3146 2377; x_wconf 83' lang='lat' dir='ltr'>perversam</span> <span class='ocrx_word' id='word_1_353' title='bbox 3173 2300 3457 2358; x_wconf 62' lang='lat' dir='ltr'>haeresim</span> <span class='ocrx_word' id='word_1_354' title='bbox 3486 2300 3591 2359; x_wconf 64' lang='lat' dir='ltr'>de«</span> 
     </span>
    </p>
   </div>
   <div class='ocr_carea' id='block_1_53' title="bbox 1937 2389 3587 2466">
    <p class='ocr_par' dir='ltr' id='par_1_53' title="bbox 1937 2389 3587 2466">
     <span class='ocr_line' id='line_1_53' title="bbox 1937 2389 3587 2466; baseline 0 -19"><span class='ocrx_word' id='word_1_355' title='bbox 1937 2390 2349 2449; x_wconf 74' lang='lat' dir='ltr'>tendentibus.</span> <span class='ocrx_word' id='word_1_356' title='bbox 2407 2392 2632 2449; x_wconf 86' lang='lat' dir='ltr'>Deinde</span> <span class='ocrx_word' id='word_1_357' title='bbox 2660 2393 2723 2449; x_wconf 92' lang='lat' dir='ltr'>in</span> <span class='ocrx_word' id='word_1_358' title='bbox 2749 2392 3052 2466; x_wconf 80' lang='lat' dir='ltr'>insignem</span> <span class='ocrx_word' id='word_1_359' title='bbox 3092 2389 3308 2447; x_wconf 86' lang='lat' dir='ltr'>urbem</span> <span class='ocrx_word' id='word_1_360' title='bbox 3330 2393 3587 2449; x_wconf 82' lang='lat' dir='ltr'>Romam</span> 
     </span>
    </p>
   </div>
   <div class='ocr_carea' id='block_1_54' title="bbox 1936 2479 3588 2556">
    <p class='ocr_par' dir='ltr' id='par_1_54' title="bbox 1936 2479 3588 2556">
     <span class='ocr_line' id='line_1_54' title="bbox 1936 2479 3588 2556; baseline 0.001 -19"><span class='ocrx_word' id='word_1_361' title='bbox 1936 2481 2351 2554; x_wconf 85' lang='lat' dir='ltr'>proﬁciscitur,</span> <span class='ocrx_word' id='word_1_362' title='bbox 2367 2488 2424 2539; x_wconf 92' lang='lat' dir='ltr'>et</span> <span class='ocrx_word' id='word_1_363' title='bbox 2442 2499 2581 2539; x_wconf 90' lang='lat' dir='ltr'>cum</span> <span class='ocrx_word' id='word_1_364' title='bbox 2606 2482 2832 2556; x_wconf 88' lang='lat' dir='ltr'>Pyrrho</span> <span class='ocrx_word' id='word_1_365' title='bbox 2852 2481 2955 2554; x_wconf 93' lang='lat' dir='ltr'>qui</span> <span class='ocrx_word' id='word_1_366' title='bbox 2974 2479 3116 2537; x_wconf 91' lang='lat' dir='ltr'>illuc</span> <span class='ocrx_word' id='word_1_367' title='bbox 3136 2482 3273 2554; x_wconf 89' lang='lat' dir='ltr'>post</span> <span class='ocrx_word' id='word_1_368' title='bbox 3289 2495 3468 2536; x_wconf 90' lang='lat' dir='ltr'>suam</span> <span class='ocrx_word' id='word_1_369' title='bbox 3486 2479 3588 2538; x_wconf 90' lang='lat' dir='ltr'>de-</span> 
     </span>
    </p>
   </div>
   <div class='ocr_carea' id='block_1_55' title="bbox 1934 2569 3584 2644">
    <p class='ocr_par' dir='ltr' id='par_1_55' title="bbox 1934 2569 3584 2644">
     <span class='ocr_line' id='line_1_55' title="bbox 1934 2569 3584 2644; baseline 0.001 -17"><span class='ocrx_word' id='word_1_370' title='bbox 1934 2571 2297 2642; x_wconf 86' lang='lat' dir='ltr'>positionem</span> <span class='ocrx_word' id='word_1_371' title='bbox 2328 2571 2746 2643; x_wconf 88' lang='lat' dir='ltr'>descenderat,</span> <span class='ocrx_word' id='word_1_372' title='bbox 2768 2571 2828 2628; x_wconf 90' lang='lat' dir='ltr'>in</span> <span class='ocrx_word' id='word_1_373' title='bbox 2854 2569 3223 2644; x_wconf 87' lang='lat' dir='ltr'>colloquium</span> <span class='ocrx_word' id='word_1_374' title='bbox 3248 2569 3427 2637; x_wconf 88' lang='lat' dir='ltr'>venit,</span> <span class='ocrx_word' id='word_1_375' title='bbox 3451 2584 3584 2643; x_wconf 86' lang='lat' dir='ltr'>per-</span> 
     </span>
    </p>
   </div>
   <div class='ocr_carea' id='block_1_56' title="bbox 1934 2656 3586 2733">
    <p class='ocr_par' dir='ltr' id='par_1_56' title="bbox 1934 2656 3586 2733">
     <span class='ocr_line' id='line_1_56' title="bbox 1934 2656 3586 2733; baseline 0.001 -19"><span class='ocrx_word' id='word_1_376' title='bbox 1934 2660 2243 2733; x_wconf 88' lang='lat' dir='ltr'>suasitque</span> <span class='ocrx_word' id='word_1_377' title='bbox 2282 2660 2669 2718; x_wconf 85' lang='lat' dir='ltr'>sanctissimo</span> <span class='ocrx_word' id='word_1_378' title='bbox 2708 2662 2884 2733; x_wconf 77' lang='lat' dir='ltr'>Papae</span> <span class='ocrx_word' id='word_1_379' title='bbox 2941 2658 3191 2716; x_wconf 80' lang='lat' dir='ltr'>Martiae</span> <span class='ocrx_word' id='word_1_380' title='bbox 3226 2661 3294 2714; x_wconf 91' lang='lat' dir='ltr'>ut</span> <span class='ocrx_word' id='word_1_381' title='bbox 3327 2656 3586 2716; x_wconf 86' lang='lat' dir='ltr'>localem</span> 
     </span>
    </p>
   </div>
   <div class='ocr_carea' id='block_1_57' title="bbox 1931 2746 3589 2823">
    <p class='ocr_par' dir='ltr' id='par_1_57' title="bbox 1931 2746 3589 2823">
     <span class='ocr_line' id='line_1_57' title="bbox 1931 2746 3589 2823; baseline 0.001 -18"><span class='ocrx_word' id='word_1_382' title='bbox 1931 2749 2237 2823; x_wconf 87' lang='lat' dir='ltr'>synodum</span> <span class='ocrx_word' id='word_1_383' title='bbox 2261 2754 2616 2807; x_wconf 88' lang='lat' dir='ltr'>convocaret</span> <span class='ocrx_word' id='word_1_384' title='bbox 2634 2747 3123 2821; x_wconf 87' lang='lat' dir='ltr'>anathematique</span> <span class='ocrx_word' id='word_1_385' title='bbox 3140 2746 3460 2820; x_wconf 85' lang='lat' dir='ltr'>subjiceret</span> <span class='ocrx_word' id='word_1_386' title='bbox 3476 2762 3589 2806; x_wconf 77' lang='lat' dir='ltr'>eos</span> 
     </span>
    </p>
   </div>
   <div class='ocr_carea' id='block_1_58' title="bbox 1928 2836 3581 2912">
    <p class='ocr_par' dir='ltr' id='par_1_58' title="bbox 1928 2836 3581 2912">
     <span class='ocr_line' id='line_1_58' title="bbox 1928 2836 3581 2912; baseline -0.001 -16"><span class='ocrx_word' id='word_1_387' title='bbox 1928 2839 2034 2912; x_wconf 89' lang='lat' dir='ltr'>qui</span> <span class='ocrx_word' id='word_1_388' title='bbox 2060 2839 2302 2897; x_wconf 91' lang='lat' dir='ltr'>unicam</span> <span class='ocrx_word' id='word_1_389' title='bbox 2331 2840 2394 2897; x_wconf 91' lang='lat' dir='ltr'>in</span> <span class='ocrx_word' id='word_1_390' title='bbox 2424 2840 2657 2897; x_wconf 90' lang='lat' dir='ltr'>Christo</span> <span class='ocrx_word' id='word_1_391' title='bbox 2675 2838 3048 2897; x_wconf 83' lang='lat' dir='ltr'>voluntatem</span> <span class='ocrx_word' id='word_1_392' title='bbox 3079 2853 3218 2895; x_wconf 87' lang='lat' dir='ltr'>esse</span> <span class='ocrx_word' id='word_1_393' title='bbox 3259 2836 3581 2897; x_wconf 80' lang='lat' dir='ltr'>docebant.</span> 
     </span>
    </p>
   </div>
   <div class='ocr_carea' id='block_1_59' title="bbox 1931 2926 3584 3001">
    <p class='ocr_par' dir='ltr' id='par_1_59' title="bbox 1931 2926 3584 3001">
     <span class='ocr_line' id='line_1_59' title="bbox 1931 2926 3584 3001; baseline 0.001 -17"><span class='ocrx_word' id='word_1_394' title='bbox 1931 2930 2074 2996; x_wconf 80' lang='lat' dir='ltr'>Quae</span> <span class='ocrx_word' id='word_1_395' title='bbox 2101 2932 2433 2986; x_wconf 90' lang='lat' dir='ltr'>convocata</span> <span class='ocrx_word' id='word_1_396' title='bbox 2460 2933 2568 2995; x_wconf 91' lang='lat' dir='ltr'>est,</span> <span class='ocrx_word' id='word_1_397' title='bbox 2599 2931 3132 3001; x_wconf 80' lang='lat' dir='ltr'>convenerantque</span> <span class='ocrx_word' id='word_1_398' title='bbox 3159 2926 3430 3001; x_wconf 88' lang='lat' dir='ltr'>episcopi</span> <span class='ocrx_word' id='word_1_399' title='bbox 3447 2941 3584 2985; x_wconf 85' lang='lat' dir='ltr'>oen-</span> 
     </span>
    </p>
   </div>
   <div class='ocr_carea' id='block_1_60' title="bbox 1931 3017 3585 3092">
    <p class='ocr_par' dir='ltr' id='par_1_60' title="bbox 1931 3017 3585 3092">
     <span class='ocr_line' id='line_1_60' title="bbox 1931 3017 3585 3092; baseline 0.001 -20"><span class='ocrx_word' id='word_1_400' title='bbox 1931 3024 2060 3075; x_wconf 88' lang='lat' dir='ltr'>tum</span> <span class='ocrx_word' id='word_1_401' title='bbox 2088 3018 2360 3092; x_wconf 86' lang='lat' dir='ltr'>quinque</span> <span class='ocrx_word' id='word_1_402' title='bbox 2389 3020 2444 3075; x_wconf 86' lang='lat' dir='ltr'>et</span> <span class='ocrx_word' id='word_1_403' title='bbox 2478 3017 2708 3090; x_wconf 78' lang='lat' dir='ltr'>viginti.</span> <span class='ocrx_word' id='word_1_404' title='bbox 2741 3018 3068 3091; x_wconf 89' lang='lat' dir='ltr'>Postquam</span> <span class='ocrx_word' id='word_1_405' title='bbox 3092 3031 3234 3074; x_wconf 88' lang='lat' dir='ltr'>vero</span> <span class='ocrx_word' id='word_1_406' title='bbox 3262 3017 3454 3074; x_wconf 81' lang='lat' dir='ltr'>Roma</span> <span class='ocrx_word' id='word_1_407' title='bbox 3486 3030 3585 3073; x_wconf 83' lang='lat' dir='ltr'>re-</span> 
     </span>
    </p>
   </div>
   <div class='ocr_carea' id='block_1_61' title="bbox 216 3081 1828 3183">
    <p class='ocr_par' dir='ltr' id='par_1_61' title="bbox 216 3096 1820 3183">
     <span class='ocr_line' id='line_1_61' title="bbox 216 3096 1820 3183; baseline 0.001 -24"><span class='ocrx_word' id='word_1_408' title='bbox 216 3106 580 3160; x_wconf 80' lang='grc' dir='ltr'>’Δναστασίων</span> <span class='ocrx_word' id='word_1_409' title='bbox 634 3117 736 3161; x_wconf 83' lang='grc' dir='ltr'>τῶν</span> <span class='ocrx_word' id='word_1_410' title='bbox 794 3109 955 3162; x_wconf 73' lang='grc' dir='ltr'>αὐτοῦ</span> <span class='ocrx_word' id='word_1_411' title='bbox 1005 3096 1274 3183; x_wconf 82' lang='grc' dir='ltr'>μαθητῶν,</span> <span class='ocrx_word' id='word_1_412' title='bbox 1313 3110 1414 3162; x_wconf 75' lang='grc' dir='ltr'>ὑπὸ</span> <span class='ocrx_word' id='word_1_413' title='bbox 1458 3116 1550 3169; x_wconf 83' lang='grc' dir='ltr'>τῆς</span> <span class='ocrx_word' id='word_1_414' title='bbox 1590 3107 1820 3180; x_wconf 82' lang='grc' dir='ltr'>συγκλή-</span> 
     </span>
    </p>
   </div>
   <div class='ocr_carea' id='block_1_62' title="bbox 1940 3081 3584 3183">
    <p class='ocr_par' dir='ltr' id='par_1_62' title="bbox 1940 3081 3584 3177">
     <span class='ocr_line' id='line_1_62' title="bbox 1940 3081 3584 3177; baseline -0.001 -14"><span class='ocrx_word' id='word_1_415' title='bbox 1940 3106 2041 3164; x_wconf 81' lang='lat' dir='ltr'>diit</span> <span class='ocrx_word' id='word_1_416' title='bbox 2088 3081 2380 3166; x_wconf 61' lang='lat' dir='ltr'>ﬁaximus</span> <span class='ocrx_word' id='word_1_417' title='bbox 2409 3081 2819 3165; x_wconf 47' lang='lat' dir='ltr'>cum&#39;duobus</span> <span class='ocrx_word' id='word_1_418' title='bbox 2869 3081 3210 3171; x_wconf 54' lang='lat' dir='ltr'>Athanasiis</span> <span class='ocrx_word' id='word_1_419' title='bbox 3247 3106 3379 3177; x_wconf 85' lang='lat' dir='ltr'>ejus</span> <span class='ocrx_word' id='word_1_420' title='bbox 3406 3104 3584 3162; x_wconf 83' lang='lat' dir='ltr'>disci-</span> 
     </span>
    </p>
   </div>
   <div class='ocr_carea' id='block_1_63' title="bbox 210 3197 1825 3275">
    <p class='ocr_par' dir='ltr' id='par_1_63' title="bbox 210 3197 1825 3275">
     <span class='ocr_line' id='line_1_63' title="bbox 210 3197 1825 3275; baseline 0.002 -27"><span class='ocrx_word' id='word_1_421' title='bbox 210 3215 301 3249; x_wconf 83' lang='grc' dir='ltr'>του</span> <span class='ocrx_word' id='word_1_422' title='bbox 341 3197 633 3263; x_wconf 71' lang='grc' dir='ltr'>εὐθύνεται,</span> <span class='ocrx_word' id='word_1_423' title='bbox 681 3203 776 3251; x_wconf 81' lang='grc' dir='ltr'>καὶ</span> <span class='ocrx_word' id='word_1_424' title='bbox 829 3200 966 3251; x_wconf 84' lang='grc' dir='ltr'>κατὰ</span> <span class='ocrx_word' id='word_1_425' title='bbox 1012 3203 1107 3258; x_wconf 74' lang='grc' dir='ltr'>τὴν</span> <span class='ocrx_word' id='word_1_426' title='bbox 1136 3200 1351 3275; x_wconf 75' lang='grc' dir='ltr'>Θράκην</span> <span class='ocrx_word' id='word_1_427' title='bbox 1398 3204 1600 3274; x_wconf 69' lang='grc' dir='ltr'>φρουρᾷ</span> <span class='ocrx_word' id='word_1_428' title='bbox 1648 3217 1825 3273; x_wconf 87' lang='grc' dir='ltr'>παρα-</span> 
     </span>
    </p>
   </div>
   <div class='ocr_carea' id='block_1_64' title="bbox 212 3281 1824 3362">
    <p class='ocr_par' dir='ltr' id='par_1_64' title="bbox 212 3281 1824 3362">
     <span class='ocr_line' id='line_1_64' title="bbox 212 3281 1824 3362; baseline 0.002 -25"><span class='ocrx_word' id='word_1_429' title='bbox 212 3281 456 3351; x_wconf 79' lang='grc' dir='ltr'>δίδοται,</span> <span class='ocrx_word' id='word_1_430' title='bbox 500 3282 613 3339; x_wconf 83' lang='grc' dir='ltr'>εἷτα</span> <span class='ocrx_word' id='word_1_431' title='bbox 658 3292 751 3340; x_wconf 81' lang='grc' dir='ltr'>καὶ</span> <span class='ocrx_word' id='word_1_432' title='bbox 791 3292 886 3346; x_wconf 76' lang='grc' dir='ltr'>τήν</span> <span class='ocrx_word' id='word_1_433' title='bbox 928 3295 1086 3362; x_wconf 84' lang='grc' dir='ltr'>χεῖρα</span> <span class='ocrx_word' id='word_1_434' title='bbox 1139 3292 1230 3341; x_wconf 78' lang='grc' dir='ltr'>καὶ</span> <span class='ocrx_word' id='word_1_435' title='bbox 1278 3293 1367 3347; x_wconf 79' lang='grc' dir='ltr'>τὴν</span> <span class='ocrx_word' id='word_1_436' title='bbox 1417 3287 1650 3361; x_wconf 85' lang='grc' dir='ltr'>γλῶτταν</span> <span class='ocrx_word' id='word_1_437' title='bbox 1688 3285 1824 3341; x_wconf 75' lang='grc' dir='ltr'>ἰκτί-</span> 
     </span>
    </p>
   </div>
   <div class='ocr_carea' id='block_1_65' title="bbox 208 3376 1826 3450">
    <p class='ocr_par' dir='ltr' id='par_1_65' title="bbox 208 3376 1826 3450">
     <span class='ocr_line' id='line_1_65' title="bbox 208 3376 1826 3450; baseline 0.001 -23"><span class='ocrx_word' id='word_1_438' title='bbox 208 3393 393 3446; x_wconf 80' lang='grc' dir='ltr'>μνεταε</span> <span class='ocrx_word' id='word_1_439' title='bbox 456 3379 589 3450; x_wconf 81' lang='grc' dir='ltr'>μετὰ</span> <span class='ocrx_word' id='word_1_440' title='bbox 645 3381 739 3430; x_wconf 80' lang='grc' dir='ltr'>καὶ</span> <span class='ocrx_word' id='word_1_441' title='bbox 802 3385 903 3429; x_wconf 83' lang='grc' dir='ltr'>τῶν</span> <span class='ocrx_word' id='word_1_442' title='bbox 965 3376 1126 3430; x_wconf 68' lang='grc' dir='ltr'>αὐτοῦ</span> <span class='ocrx_word' id='word_1_443' title='bbox 1182 3379 1429 3450; x_wconf 77' lang='grc' dir='ltr'>μαθητῶν</span> <span class='ocrx_word' id='word_1_444' title='bbox 1467 3393 1485 3410; x_wconf 78' lang='grc'><strong><em>⁸</em></strong></span> <span class='ocrx_word' id='word_1_445' title='bbox 1545 3376 1674 3429; x_wconf 79' lang='grc' dir='ltr'>ἀλλὰ</span> <span class='ocrx_word' id='word_1_446' title='bbox 1736 3382 1826 3430; x_wconf 84' lang='grc' dir='ltr'>καὶ</span> 
     </span>
    </p>
   </div>
   <div class='ocr_carea' id='block_1_66' title="bbox 210 3463 1825 3541">
    <p class='ocr_par' dir='ltr' id='par_1_66' title="bbox 210 3463 1825 3541">
     <span class='ocr_line' id='line_1_66' title="bbox 210 3463 1825 3541; baseline 0.001 -23"><span class='ocrx_word' id='word_1_447' title='bbox 210 3470 480 3539; x_wconf 75' lang='grc' dir='ltr'>Μαρτῖνος</span> <span class='ocrx_word' id='word_1_448' title='bbox 544 3468 571 3519; x_wconf 91' lang='lat'>6</span> <span class='ocrx_word' id='word_1_449' title='bbox 638 3465 927 3538; x_wconf 78' lang='grc' dir='ltr'>ἁγιώτατος</span> <span class='ocrx_word' id='word_1_450' title='bbox 1000 3463 1405 3540; x_wconf 75' lang='grc' dir='ltr'>ἐκσφενδονᾶται</span> <span class='ocrx_word' id='word_1_451' title='bbox 1474 3474 1566 3520; x_wconf 84' lang='grc' dir='ltr'>τοῦ</span> <span class='ocrx_word' id='word_1_452' title='bbox 1643 3469 1825 3541; x_wconf 88' lang='grc' dir='ltr'>θρόνου</span> 
     </span>
    </p>
   </div>
   <div class='ocr_carea' id='block_1_67' title="bbox 211 3551 1827 3629">
    <p class='ocr_par' dir='ltr' id='par_1_67' title="bbox 211 3551 1827 3629">
     <span class='ocr_line' id='line_1_67' title="bbox 211 3551 1827 3629; baseline 0.003 -24"><span class='ocrx_word' id='word_1_453' title='bbox 211 3560 305 3606; x_wconf 80' lang='grc' dir='ltr'>καὶ</span> <span class='ocrx_word' id='word_1_454' title='bbox 348 3556 607 3629; x_wconf 75' lang='grc' dir='ltr'>ὑπερορίᾳ</span> <span class='ocrx_word' id='word_1_455' title='bbox 653 3551 1090 3625; x_wconf 75' lang='grc' dir='ltr'>καταδικάζεται,</span> <span class='ocrx_word' id='word_1_456' title='bbox 1134 3554 1245 3629; x_wconf 72' lang='grc' dir='ltr'><strong><em>ἕνῇ</em></strong></span> <span class='ocrx_word' id='word_1_457' title='bbox 1294 3559 1499 3609; x_wconf 78' lang='grc' dir='ltr'>καὶτὸν</span> <span class='ocrx_word' id='word_1_458' title='bbox 1540 3554 1657 3629; x_wconf 82' lang='grc' dir='ltr'>βίον</span> <span class='ocrx_word' id='word_1_459' title='bbox 1704 3558 1827 3610; x_wconf 78' lang='grc' dir='ltr'>άπέ-</span> 
     </span>
    </p>
   </div>
   <div class='ocr_carea' id='block_1_68' title="bbox 211 3642 352 3698">
    <p class='ocr_par' dir='ltr' id='par_1_68' title="bbox 211 3642 352 3698">
     <span class='ocr_line' id='line_1_68' title="bbox 211 3642 352 3698; baseline 0.028 -4"><span class='ocrx_word' id='word_1_460' title='bbox 211 3642 352 3698; x_wconf 77' lang='grc' dir='ltr'>λιπε.</span> 
     </span>
    </p>
   </div>
   <div class='ocr_carea' id='block_1_69' title="bbox 281 3730 1822 3799">
    <p class='ocr_par' dir='ltr' id='par_1_69' title="bbox 281 3730 1822 3799">
     <span class='ocr_line' id='line_1_69' title="bbox 281 3730 1822 3799; baseline 0 -14"><span class='ocrx_word' id='word_1_461' title='bbox 281 3731 337 3786; x_wconf 84' lang='grc' dir='ltr'>ε’.</span> <span class='ocrx_word' id='word_1_462' title='bbox 404 3738 510 3786; x_wconf 83' lang='grc' dir='ltr'>Τοῦ</span> <span class='ocrx_word' id='word_1_463' title='bbox 579 3730 639 3786; x_wconf 71' lang='grc' dir='ltr'>δε</span> <span class='ocrx_word' id='word_1_464' title='bbox 692 3740 1028 3799; x_wconf 81' lang='grc' dir='ltr'>Κώνσταντος</span> <span class='ocrx_word' id='word_1_465' title='bbox 1086 3735 1488 3799; x_wconf 82' lang='grc' dir='ltr'>τελευτήσαντος</span> <span class='ocrx_word' id='word_1_466' title='bbox 1553 3736 1580 3789; x_wconf 96' lang='lat'>6</span> <span class='ocrx_word' id='word_1_467' title='bbox 1636 3736 1822 3787; x_wconf 86' lang='grc' dir='ltr'>τούτου</span> 
     </span>
    </p>
   </div>
   <div class='ocr_carea' id='block_1_70' title="bbox 208 3823 1825 3896">
    <p class='ocr_par' dir='ltr' id='par_1_70' title="bbox 208 3823 1825 3896">
     <span class='ocr_line' id='line_1_70' title="bbox 208 3823 1825 3896; baseline -0.007 -11"><span class='ocrx_word' id='word_1_468' title='bbox 208 3828 334 3884; x_wconf 80' lang='grc' dir='ltr'>παῖς</span> <span class='ocrx_word' id='word_1_469' title='bbox 403 3828 816 3889; x_wconf 76' lang='grc' dir='ltr'>Κωνσταντῖνος,</span> <span class='ocrx_word' id='word_1_470' title='bbox 871 3823 923 3885; x_wconf 84' lang='grc' dir='ltr'>ὃς</span> <span class='ocrx_word' id='word_1_471' title='bbox 984 3824 1289 3884; x_wconf 69' lang='grc' dir='ltr'>ἐπεκέκλητο</span> <span class='ocrx_word' id='word_1_472' title='bbox 1338 3825 1674 3896; x_wconf 84' lang='grc' dir='ltr'>Πωγωνάτος,</span> <span class='ocrx_word' id='word_1_473' title='bbox 1731 3826 1825 3881; x_wconf 76' lang='grc' dir='ltr'>τὴν</span> 
     </span>
    </p>
   </div>
   <div class='ocr_carea' id='block_1_71' title="bbox 210 3909 1824 3990">
    <p class='ocr_par' dir='ltr' id='par_1_71' title="bbox 210 3909 1824 3990">
     <span class='ocr_line' id='line_1_71' title="bbox 210 3909 1824 3990; baseline 0 -26"><span class='ocrx_word' id='word_1_474' title='bbox 210 3909 495 3984; x_wconf 76' lang='grc' dir='ltr'>βασιλείαν</span> <span class='ocrx_word' id='word_1_475' title='bbox 560 3912 847 3988; x_wconf 73' lang='grc' dir='ltr'>παρείληφε</span> <span class='ocrx_word' id='word_1_476' title='bbox 878 3928 893 3944; x_wconf 79' lang='grc'><strong><em>⁸</em></strong></span> <span class='ocrx_word' id='word_1_477' title='bbox 961 3919 1051 3967; x_wconf 81' lang='grc' dir='ltr'>καὶ</span> <span class='ocrx_word' id='word_1_478' title='bbox 1110 3915 1258 3976; x_wconf 78' lang='grc' dir='ltr'>οὗτος</span> <span class='ocrx_word' id='word_1_479' title='bbox 1314 3911 1597 3990; x_wconf 76' lang='grc' dir='ltr'>ὀρθόδοξος</span> <span class='ocrx_word' id='word_1_480' title='bbox 1659 3914 1726 3965; x_wconf 83' lang='grc' dir='ltr'>ὢν</span> <span class='ocrx_word' id='word_1_481' title='bbox 1775 3911 1824 3965; x_wconf 76' lang='grc' dir='ltr'>ἓν</span> 
     </span>
    </p>
   </div>
   <div class='ocr_carea' id='block_1_72' title="bbox 212 4000 1824 4079">
    <p class='ocr_par' dir='ltr' id='par_1_72' title="bbox 212 4000 1824 4079">
     <span class='ocr_line' id='line_1_72' title="bbox 212 4000 1824 4079; baseline -0.001 -24"><span class='ocrx_word' id='word_1_482' title='bbox 212 4001 760 4055; x_wconf 74' lang='grc' dir='ltr'>ιωνσταντινουπολει</span> <span class='ocrx_word' id='word_1_483' title='bbox 849 4000 1070 4057; x_wconf 81' lang='grc' dir='ltr'>σύνοδον</span> <span class='ocrx_word' id='word_1_484' title='bbox 1152 4009 1547 4079; x_wconf 81' lang='grc' dir='ltr'>συνεκρότησεν,</span> <span class='ocrx_word' id='word_1_485' title='bbox 1635 4001 1824 4056; x_wconf 85' lang='grc' dir='ltr'>ἐνῶσαι</span> 
     </span>
    </p>
   </div>
   <div class='ocr_carea' id='block_1_73' title="bbox 208 4090 1822 4168">
    <p class='ocr_par' dir='ltr' id='par_1_73' title="bbox 208 4090 1822 4168">
     <span class='ocr_line' id='line_1_73' title="bbox 208 4090 1822 4168; baseline 0.016 -31"><span class='ocrx_word' id='word_1_486' title='bbox 208 4093 305 4152; x_wconf 77' lang='grc' dir='ltr'>τὰς</span> <span class='ocrx_word' id='word_1_487' title='bbox 362 4090 680 4152; x_wconf 75' lang='grc' dir='ltr'>Ἐκκλησίας</span> <span class='ocrx_word' id='word_1_488' title='bbox 730 4091 1063 4165; x_wconf 76' lang='grc' dir='ltr'>γλιχόμενος,</span> <span class='ocrx_word' id='word_1_489' title='bbox 1119 4095 1184 4155; x_wconf 77' lang='grc' dir='ltr'>ἧς</span> <span class='ocrx_word' id='word_1_490' title='bbox 1241 4097 1464 4166; x_wconf 71' lang='grc' dir='ltr'>ἡγοῦντο</span> <span class='ocrx_word' id='word_1_491' title='bbox 1526 4111 1822 4168; x_wconf 77' lang='grc' dir='ltr'>τοποτηρη·</span> 
     </span>
    </p>
   </div>
   <div class='ocr_carea' id='block_1_74' title="bbox 208 4180 1819 4258">
    <p class='ocr_par' dir='ltr' id='par_1_74' title="bbox 208 4180 1819 4258">
     <span class='ocr_line' id='line_1_74' title="bbox 208 4180 1819 4258; baseline 0.002 -27"><span class='ocrx_word' id='word_1_492' title='bbox 208 4186 297 4232; x_wconf 80' lang='grc' dir='ltr'>ταὶ</span> <span class='ocrx_word' id='word_1_493' title='bbox 365 4188 465 4232; x_wconf 78' lang='grc' dir='ltr'>τοῦ</span> <span class='ocrx_word' id='word_1_494' title='bbox 532 4181 685 4233; x_wconf 70' lang='grc' dir='ltr'>πάντα</span> <span class='ocrx_word' id='word_1_495' title='bbox 728 4180 930 4256; x_wconf 72' lang='grc' dir='ltr'>Ῥώμης,</span> <span class='ocrx_word' id='word_1_496' title='bbox 984 4182 1295 4254; x_wconf 86' lang='grc' dir='ltr'>Ἀγάθωνος,</span> <span class='ocrx_word' id='word_1_497' title='bbox 1352 4188 1606 4258; x_wconf 79' lang='grc' dir='ltr'>Γεὼργιος</span> <span class='ocrx_word' id='word_1_498' title='bbox 1672 4188 1819 4236; x_wconf 78' lang='grc' dir='ltr'>Κων-</span> 
     </span>
    </p>
   </div>
   <div class='ocr_carea' id='block_1_75' title="bbox 210 4269 1819 4351">
    <p class='ocr_par' dir='ltr' id='par_1_75' title="bbox 210 4269 1819 4351">
     <span class='ocr_line' id='line_1_75' title="bbox 210 4269 1819 4351; baseline 0.001 -29"><span class='ocrx_word' id='word_1_499' title='bbox 210 4269 711 4351; x_wconf 62' lang='grc' dir='ltr'>εταντινουπόλεως,</span> <span class='ocrx_word' id='word_1_500' title='bbox 781 4275 1045 4344; x_wconf 76' lang='grc' dir='ltr'>Θεοφάνης</span> <span class='ocrx_word' id='word_1_501' title='bbox 1126 4273 1446 4345; x_wconf 82' lang='grc' dir='ltr'>Ἀντιοχείας</span> <span class='ocrx_word' id='word_1_502' title='bbox 1497 4294 1510 4307; x_wconf 89' lang='grc'><strong>·</strong></span> <span class='ocrx_word' id='word_1_503' title='bbox 1587 4271 1819 4337; x_wconf 81' lang='grc' dir='ltr'>Ἀλεξαν-</span> 
     </span>
    </p>
   </div>
   <div class='ocr_carea' id='block_1_76' title="bbox 212 4355 1817 4438">
    <p class='ocr_par' dir='ltr' id='par_1_76' title="bbox 212 4355 1817 4438">
     <span class='ocr_line' id='line_1_76' title="bbox 212 4355 1817 4438; baseline 0.001 -26"><span class='ocrx_word' id='word_1_504' title='bbox 212 4356 394 4434; x_wconf 75' lang='grc' dir='ltr'>δρείας</span> <span class='ocrx_word' id='word_1_505' title='bbox 455 4355 519 4413; x_wconf 71' lang='grc' dir='ltr'>δε</span> <span class='ocrx_word' id='word_1_506' title='bbox 565 4360 659 4414; x_wconf 69' lang='grc' dir='ltr'>οὐκ</span> <span class='ocrx_word' id='word_1_507' title='bbox 708 4358 771 4421; x_wconf 73' lang='grc' dir='ltr'>ἦν</span> <span class='ocrx_word' id='word_1_508' title='bbox 819 4364 1183 4438; x_wconf 76' lang='grc' dir='ltr'>πατριάρχης,</span> <span class='ocrx_word' id='word_1_509' title='bbox 1221 4364 1339 4416; x_wconf 80' lang='grc' dir='ltr'>οὔτε</span> <span class='ocrx_word' id='word_1_510' title='bbox 1378 4367 1483 4436; x_wconf 81' lang='grc' dir='ltr'>μὴν</span> <span class='ocrx_word' id='word_1_511' title='bbox 1532 4362 1817 4437; x_wconf 83' lang='grc' dir='ltr'>Ἱεροσολύ-</span> 
     </span>
    </p>
   </div>
   <div class='ocr_carea' id='block_1_77' title="bbox 210 4470 367 4519">
    <p class='ocr_par' dir='ltr' id='par_1_77' title="bbox 210 4470 367 4519">
     <span class='ocr_line' id='line_1_77' title="bbox 210 4470 367 4519; baseline 0 -37"><span class='ocrx_word' id='word_1_512' title='bbox 210 4470 367 4519; x_wconf 59' lang='grc' dir='ltr'>μων.</span> 
     </span>
    </p>
   </div>
   <div class='ocr_carea' id='block_1_78' title="bbox 206 4538 1816 4615">
    <p class='ocr_par' dir='ltr' id='par_1_78' title="bbox 206 4538 1816 4615">
     <span class='ocr_line' id='line_1_78' title="bbox 206 4538 1816 4615; baseline 0.003 -25"><span class='ocrx_word' id='word_1_513' title='bbox 206 4557 293 4591; x_wconf 86' lang='grc' dir='ltr'>ται</span> <span class='ocrx_word' id='word_1_514' title='bbox 332 4543 653 4610; x_wconf 80' lang='grc' dir='ltr'>κατείχοντο</span> <span class='ocrx_word' id='word_1_515' title='bbox 684 4561 698 4574; x_wconf 76' lang='grc' dir='ltr'><strong><em>ο</em></strong></span> <span class='ocrx_word' id='word_1_516' title='bbox 752 4546 839 4593; x_wconf 72' lang='grc' dir='ltr'>καὶ</span> <span class='ocrx_word' id='word_1_517' title='bbox 893 4549 1145 4615; x_wconf 77' lang='grc' dir='ltr'>κυροῦται</span> <span class='ocrx_word' id='word_1_518' title='bbox 1190 4546 1250 4593; x_wconf 84' lang='grc' dir='ltr'>τό</span> <span class='ocrx_word' id='word_1_519' title='bbox 1309 4538 1406 4594; x_wconf 78' lang='grc' dir='ltr'>δύο</span> <span class='ocrx_word' id='word_1_520' title='bbox 1458 4542 1692 4602; x_wconf 86' lang='grc' dir='ltr'>θελησεις</span> <span class='ocrx_word' id='word_1_521' title='bbox 1725 4547 1816 4595; x_wconf 79' lang='grc' dir='ltr'>καὶ</span> 
     </span>
    </p>
   </div>
   <div class='ocr_carea' id='block_1_79' title="bbox 210 4624 1814 4707">
    <p class='ocr_par' dir='ltr' id='par_1_79' title="bbox 210 4624 1814 4707">
     <span class='ocr_line' id='line_1_79' title="bbox 210 4624 1814 4707; baseline 0.003 -28"><span class='ocrx_word' id='word_1_522' title='bbox 210 4624 309 4680; x_wconf 73' lang='grc' dir='ltr'>δύο</span> <span class='ocrx_word' id='word_1_523' title='bbox 388 4626 637 4701; x_wconf 75' lang='grc' dir='ltr'>ἕνεργείας</span> <span class='ocrx_word' id='word_1_524' title='bbox 721 4635 806 4683; x_wconf 72' lang='grc' dir='ltr'>ἐπὶ</span> <span class='ocrx_word' id='word_1_525' title='bbox 868 4639 961 4684; x_wconf 80' lang='grc' dir='ltr'>τοῦ</span> <span class='ocrx_word' id='word_1_526' title='bbox 1040 4632 1147 4694; x_wconf 80' lang='grc' dir='ltr'>ἐνὸς</span> <span class='ocrx_word' id='word_1_527' title='bbox 1206 4639 1442 4707; x_wconf 78' lang='grc' dir='ltr'>Χριστοῦ</span> <span class='ocrx_word' id='word_1_528' title='bbox 1506 4637 1597 4687; x_wconf 86' lang='grc' dir='ltr'>καὶ</span> <span class='ocrx_word' id='word_1_529' title='bbox 1669 4631 1814 4704; x_wconf 78' lang='grc' dir='ltr'>λέγει·</span> 
     </span>
    </p>
   </div>
   <div class='ocr_carea' id='block_1_80' title="bbox 212 4718 1815 4780">
    <p class='ocr_par' dir='ltr' id='par_1_80' title="bbox 212 4718 1815 4780">
     <span class='ocr_line' id='line_1_80' title="bbox 212 4718 1815 4780; baseline 0.001 -9"><span class='ocrx_word' id='word_1_530' title='bbox 212 4720 339 4771; x_wconf 84' lang='grc' dir='ltr'>σθαι</span> <span class='ocrx_word' id='word_1_531' title='bbox 414 4722 507 4770; x_wconf 82' lang='grc' dir='ltr'>καὶ</span> <span class='ocrx_word' id='word_1_532' title='bbox 566 4721 931 4773; x_wconf 81' lang='grc' dir='ltr'>πιστεύεσθαι.</span> <span class='ocrx_word' id='word_1_533' title='bbox 1010 4720 1488 4780; x_wconf 73' lang='grc' dir='ltr'>Καθνπεϐ).ήθησαν</span> <span class='ocrx_word' id='word_1_534' title='bbox 1561 4718 1621 4774; x_wconf 75' lang='grc' dir='ltr'>δε</span> <span class='ocrx_word' id='word_1_535' title='bbox 1692 4719 1815 4773; x_wconf 83' lang='grc' dir='ltr'>ἁνα-</span> 
     </span>
    </p>
   </div>
   <div class='ocr_carea' id='block_1_81' title="bbox 213 4808 1811 4881">
    <p class='ocr_par' dir='ltr' id='par_1_81' title="bbox 213 4808 1811 4881">
     <span class='ocr_line' id='line_1_81' title="bbox 213 4808 1811 4881; baseline 0.002 -22"><span class='ocrx_word' id='word_1_536' title='bbox 213 4808 402 4879; x_wconf 80' lang='grc' dir='ltr'>θίματι</span> <span class='ocrx_word' id='word_1_537' title='bbox 458 4808 511 4859; x_wconf 83' lang='grc' dir='ltr'>οἱ</span> <span class='ocrx_word' id='word_1_538' title='bbox 580 4810 876 4881; x_wconf 87' lang='grc' dir='ltr'>προστάται</span> <span class='ocrx_word' id='word_1_539' title='bbox 947 4818 1040 4872; x_wconf 85' lang='grc' dir='ltr'>τῆς</span> <span class='ocrx_word' id='word_1_540' title='bbox 1116 4818 1214 4862; x_wconf 83' lang='grc' dir='ltr'>τῶν</span> <span class='ocrx_word' id='word_1_541' title='bbox 1288 4809 1652 4869; x_wconf 83' lang='grc' dir='ltr'>Μονοθελητῶν</span> <span class='ocrx_word' id='word_1_542' title='bbox 1728 4812 1811 4862; x_wconf 82' lang='grc' dir='ltr'>αἱ·</span> 
     </span>
    </p>
   </div>
   <div class='ocr_carea' id='block_1_82' title="bbox 210 4896 1815 4975">
    <p class='ocr_par' dir='ltr' id='par_1_82' title="bbox 210 4896 1815 4975">
     <span class='ocr_line' id='line_1_82' title="bbox 210 4896 1815 4975; baseline 0.001 -25"><span class='ocrx_word' id='word_1_543' title='bbox 210 4904 419 4967; x_wconf 71' lang='grc' dir='ltr'>ρέσεως,</span> <span class='ocrx_word' id='word_1_544' title='bbox 500 4896 543 4949; x_wconf 81' lang='grc' dir='ltr'>εἰ</span> <span class='ocrx_word' id='word_1_545' title='bbox 613 4901 705 4949; x_wconf 79' lang='grc' dir='ltr'>καὶ</span> <span class='ocrx_word' id='word_1_546' title='bbox 777 4902 837 4950; x_wconf 87' lang='grc' dir='ltr'>τὸ</span> <span class='ocrx_word' id='word_1_547' title='bbox 913 4898 1009 4971; x_wconf 72' lang='grc' dir='ltr'>ζῇν</span> <span class='ocrx_word' id='word_1_548' title='bbox 1082 4898 1495 4975; x_wconf 86' lang='grc' dir='ltr'>προκατέλυσαν,</span> <span class='ocrx_word' id='word_1_549' title='bbox 1568 4898 1815 4973; x_wconf 81' lang='grc' dir='ltr'>Ὀνώριος</span> 
     </span>
    </p>
   </div>
   <div class='ocr_carea' id='block_1_83' title="bbox 208 4982 1814 5065">
    <p class='ocr_par' dir='ltr' id='par_1_83' title="bbox 208 4982 1814 5065">
     <span class='ocr_line' id='line_1_83' title="bbox 208 4982 1814 5065; baseline 0.001 -27"><span class='ocrx_word' id='word_1_550' title='bbox 208 4982 426 5058; x_wconf 66' lang='grc' dir='ltr'>Ῥώμης,</span> <span class='ocrx_word' id='word_1_551' title='bbox 497 4991 661 5061; x_wconf 72' lang='grc' dir='ltr'>Κῦρος</span> <span class='ocrx_word' id='word_1_552' title='bbox 726 4984 1138 5063; x_wconf 72' lang='grc' dir='ltr'>Ἀλεξανδρείας,</span> <span class='ocrx_word' id='word_1_553' title='bbox 1221 4993 1429 5065; x_wconf 85' lang='grc' dir='ltr'>Σέργιος</span> <span class='ocrx_word' id='word_1_554' title='bbox 1504 4994 1596 5041; x_wconf 82' lang='grc' dir='ltr'>καὶ</span> <span class='ocrx_word' id='word_1_555' title='bbox 1678 4986 1814 5063; x_wconf 74' lang='grc' dir='ltr'>Πύρο</span> 
     </span>
    </p>
   </div>
   <div class='ocr_carea' id='block_1_84' title="bbox 208 5073 1812 5150">
    <p class='ocr_par' dir='ltr' id='par_1_84' title="bbox 208 5073 1812 5150">
     <span class='ocr_line' id='line_1_84' title="bbox 208 5073 1812 5150; baseline 0.001 -23"><span class='ocrx_word' id='word_1_556' title='bbox 208 5075 310 5147; x_wconf 79' lang='grc' dir='ltr'>ῥος,</span> <span class='ocrx_word' id='word_1_557' title='bbox 388 5073 597 5137; x_wconf 76' lang='grc' dir='ltr'>Παύλός</span> <span class='ocrx_word' id='word_1_558' title='bbox 668 5094 722 5128; x_wconf 78' lang='grc' dir='ltr'>τε</span> <span class='ocrx_word' id='word_1_559' title='bbox 786 5080 875 5129; x_wconf 79' lang='grc' dir='ltr'>καὶ</span> <span class='ocrx_word' id='word_1_560' title='bbox 941 5081 1135 5150; x_wconf 83' lang='grc' dir='ltr'>Πέτρος</span> <span class='ocrx_word' id='word_1_561' title='bbox 1202 5076 1812 5140; x_wconf 81' lang='grc' dir='ltr'>Κωνσταντινουπόλεως,</span> 
     </span>
    </p>
   </div>
   <div class='ocr_carea' id='block_1_85' title="bbox 210 5167 1817 5242">
    <p class='ocr_par' dir='ltr' id='par_1_85' title="bbox 210 5167 1817 5242">
     <span class='ocr_line' id='line_1_85' title="bbox 210 5167 1817 5242; baseline 0.001 -22"><span class='ocrx_word' id='word_1_562' title='bbox 210 5168 483 5241; x_wconf 62' lang='grc' dir='ltr'>Βακάριος</span> <span class='ocrx_word' id='word_1_563' title='bbox 558 5167 926 5238; x_wconf 80' lang='grc' dir='ltr'>Ἀντιοχείας,</span> <span class='ocrx_word' id='word_1_564' title='bbox 1019 5172 1108 5221; x_wconf 83' lang='grc' dir='ltr'>καὶ</span> <span class='ocrx_word' id='word_1_565' title='bbox 1195 5170 1220 5220; x_wconf 89' lang='lat'>6</span> <span class='ocrx_word' id='word_1_566' title='bbox 1302 5172 1490 5221; x_wconf 85' lang='grc' dir='ltr'>τούτου</span> <span class='ocrx_word' id='word_1_567' title='bbox 1566 5173 1817 5242; x_wconf 73' lang='grc' dir='ltr'>φοιτητὴς</span> 
     </span>
    </p>
   </div>
   <div class='ocr_carea' id='block_1_86' title="bbox 212 5257 1815 5332">
    <p class='ocr_par' dir='ltr' id='par_1_86' title="bbox 212 5257 1815 5332">
     <span class='ocr_line' id='line_1_86' title="bbox 212 5257 1815 5332; baseline 0.003 -25"><span class='ocrx_word' id='word_1_568' title='bbox 212 5260 478 5329; x_wconf 72' lang='grc' dir='ltr'>Στέφανος,</span> <span class='ocrx_word' id='word_1_569' title='bbox 547 5260 639 5308; x_wconf 84' lang='grc' dir='ltr'>καὶ</span> <span class='ocrx_word' id='word_1_570' title='bbox 703 5257 730 5307; x_wconf 89' lang='lat'>6</span> <span class='ocrx_word' id='word_1_571' title='bbox 793 5260 1089 5330; x_wconf 79' lang='grc' dir='ltr'>νηπιόφρων</span> <span class='ocrx_word' id='word_1_572' title='bbox 1148 5257 1503 5332; x_wconf 74' lang='grc' dir='ltr'>Πολυχρόνιος</span> <span class='ocrx_word' id='word_1_573' title='bbox 1535 5279 1548 5292; x_wconf 76' lang='grc' dir='ltr'><strong>ο</strong></span> <span class='ocrx_word' id='word_1_574' title='bbox 1618 5260 1815 5330; x_wconf 80' lang='grc' dir='ltr'>ἠγωνί-</span> 
     </span>
    </p>
   </div>
   <div class='ocr_carea' id='block_1_87' title="bbox 214 5341 1816 5420">
    <p class='ocr_par' dir='ltr' id='par_1_87' title="bbox 214 5341 1816 5420">
     <span class='ocr_line' id='line_1_87' title="bbox 214 5341 1816 5420; baseline 0.002 -23"><span class='ocrx_word' id='word_1_575' title='bbox 214 5365 366 5398; x_wconf 81' lang='grc' dir='ltr'>σαντο</span> <span class='ocrx_word' id='word_1_576' title='bbox 395 5341 455 5398; x_wconf 66' lang='grc' dir='ltr'>δὲ</span> <span class='ocrx_word' id='word_1_577' title='bbox 486 5347 621 5399; x_wconf 83' lang='grc' dir='ltr'>κατὰ</span> <span class='ocrx_word' id='word_1_578' title='bbox 646 5347 842 5404; x_wconf 84' lang='grc' dir='ltr'>ταύτην</span> <span class='ocrx_word' id='word_1_579' title='bbox 898 5351 993 5405; x_wconf 77' lang='grc' dir='ltr'>τὴν</span> <span class='ocrx_word' id='word_1_580' title='bbox 1044 5343 1262 5399; x_wconf 72' lang='grc' dir='ltr'>σύνοδον</span> <span class='ocrx_word' id='word_1_581' title='bbox 1299 5347 1530 5420; x_wconf 82' lang='grc' dir='ltr'>μάλιστα</span> <span class='ocrx_word' id='word_1_582' title='bbox 1559 5348 1686 5420; x_wconf 67' lang='grc' dir='ltr'>ὑπερ</span> <span class='ocrx_word' id='word_1_583' title='bbox 1723 5355 1816 5401; x_wconf 80' lang='grc' dir='ltr'>τοῦ</span> 
     </span>
    </p>
   </div>
   <div class='ocr_carea' id='block_1_88' title="bbox 214 5432 1814 5513">
    <p class='ocr_par' dir='ltr' id='par_1_88' title="bbox 214 5432 1814 5513">
     <span class='ocr_line' id='line_1_88' title="bbox 214 5432 1814 5513; baseline 0.001 -24"><span class='ocrx_word' id='word_1_584' title='bbox 214 5435 445 5497; x_wconf 69' lang='grc' dir='ltr'>εὐσεϐοῦς</span> <span class='ocrx_word' id='word_1_585' title='bbox 535 5432 816 5508; x_wconf 87' lang='grc' dir='ltr'>δόγματος,</span> <span class='ocrx_word' id='word_1_586' title='bbox 907 5440 1154 5509; x_wconf 68' lang='grc' dir='ltr'>Στέφανος</span> <span class='ocrx_word' id='word_1_587' title='bbox 1237 5437 1543 5513; x_wconf 76' lang='grc' dir='ltr'>Ἡρακλείας</span> <span class='ocrx_word' id='word_1_588' title='bbox 1616 5441 1814 5491; x_wconf 88' lang='grc' dir='ltr'>Πόντου</span> 
     </span>
    </p>
   </div>
   <div class='ocr_carea' id='block_1_89' title="bbox 217 5523 1815 5600">
    <p class='ocr_par' dir='ltr' id='par_1_89' title="bbox 217 5523 1815 5600">
     <span class='ocr_line' id='line_1_89' title="bbox 217 5523 1815 5600; baseline 0.002 -23"><span class='ocrx_word' id='word_1_589' title='bbox 217 5525 513 5593; x_wconf 68' lang='grc' dir='ltr'>ἐπίσκοπος,</span> <span class='ocrx_word' id='word_1_590' title='bbox 556 5523 688 5600; x_wconf 77' lang='grc' dir='ltr'>ἀνὴρ</span> <span class='ocrx_word' id='word_1_591' title='bbox 742 5523 909 5597; x_wconf 85' lang='grc' dir='ltr'>λόγιος</span> <span class='ocrx_word' id='word_1_592' title='bbox 945 5530 1035 5578; x_wconf 83' lang='grc' dir='ltr'>καὶ</span> <span class='ocrx_word' id='word_1_593' title='bbox 1089 5535 1282 5600; x_wconf 79' lang='grc' dir='ltr'>μικροῦ</span> <span class='ocrx_word' id='word_1_594' title='bbox 1332 5532 1506 5579; x_wconf 83' lang='grc' dir='ltr'>πᾶσαν</span> <span class='ocrx_word' id='word_1_595' title='bbox 1543 5531 1636 5585; x_wconf 74' lang='grc' dir='ltr'>τὴν</span> <span class='ocrx_word' id='word_1_596' title='bbox 1676 5528 1815 5580; x_wconf 89' lang='grc' dir='ltr'>θείαν</span> 
     </span>
    </p>
   </div>
   <div class='ocr_carea' id='block_1_90' title="bbox 222 5613 1729 5690">
    <p class='ocr_par' dir='ltr' id='par_1_90' title="bbox 222 5613 1729 5690">
     <span class='ocr_line' id='line_1_90' title="bbox 222 5613 1729 5690; baseline 0 -23"><span class='ocrx_word' id='word_1_597' title='bbox 222 5619 414 5690; x_wconf 62' lang='grc' dir='ltr'>Γραρήν</span> <span class='ocrx_word' id='word_1_598' title='bbox 445 5613 533 5668; x_wconf 74' lang='grc' dir='ltr'>ἐπὶ</span> <span class='ocrx_word' id='word_1_599' title='bbox 563 5618 820 5687; x_wconf 82' lang='grc' dir='ltr'>στόματος</span> <span class='ocrx_word' id='word_1_600' title='bbox 846 5619 1030 5689; x_wconf 70' lang='grc' dir='ltr'>φέρων,</span> <span class='ocrx_word' id='word_1_601' title='bbox 1060 5621 1152 5668; x_wconf 88' lang='grc' dir='ltr'>καὶ</span> <span class='ocrx_word' id='word_1_602' title='bbox 1185 5616 1429 5680; x_wconf 80' lang='grc' dir='ltr'>Ἰωάννης</span> <span class='ocrx_word' id='word_1_603' title='bbox 1460 5617 1729 5674; x_wconf 82' lang='grc' dir='ltr'>Ἀθηνῶν,</span> 
     </span>
    </p>
   </div>
   <div class='ocr_carea' id='block_1_91' title="bbox 1930 3193 3589 3271">
    <p class='ocr_par' dir='ltr' id='par_1_91' title="bbox 1930 3193 3589 3271">
     <span class='ocr_line' id='line_1_91' title="bbox 1930 3193 3589 3271; baseline -0.002 -17"><span class='ocrx_word' id='word_1_604' title='bbox 1930 3197 2108 3271; x_wconf 88' lang='lat' dir='ltr'>pulis,</span> <span class='ocrx_word' id='word_1_605' title='bbox 2150 3214 2188 3254; x_wconf 90' lang='lat' dir='ltr'>a</span> <span class='ocrx_word' id='word_1_606' title='bbox 2234 3201 2447 3255; x_wconf 86' lang='lat' dir='ltr'>senatu</span> <span class='ocrx_word' id='word_1_607' title='bbox 2473 3195 2953 3271; x_wconf 86' lang='lat' dir='ltr'>reprehenditur,</span> <span class='ocrx_word' id='word_1_608' title='bbox 2991 3194 3130 3252; x_wconf 80' lang='lat' dir='ltr'>etin</span> <span class='ocrx_word' id='word_1_609' title='bbox 3157 3193 3473 3251; x_wconf 85' lang='lat' dir='ltr'>Thraciam</span> <span class='ocrx_word' id='word_1_610' title='bbox 3498 3209 3589 3251; x_wconf 83' lang='lat' dir='ltr'>re-</span> 
     </span>
    </p>
   </div>
   <div class='ocr_carea' id='block_1_92' title="bbox 1930 3282 3587 3360">
    <p class='ocr_par' dir='ltr' id='par_1_92' title="bbox 1930 3282 3587 3360">
     <span class='ocr_line' id='line_1_92' title="bbox 1930 3282 3587 3360; baseline -0.003 -15"><span class='ocrx_word' id='word_1_611' title='bbox 1930 3287 2167 3360; x_wconf 82' lang='lat' dir='ltr'>legatus</span> <span class='ocrx_word' id='word_1_612' title='bbox 2193 3286 2627 3345; x_wconf 91' lang='lat' dir='ltr'>custodiendus</span> <span class='ocrx_word' id='word_1_613' title='bbox 2657 3284 2930 3356; x_wconf 89' lang='lat' dir='ltr'>traditur,</span> <span class='ocrx_word' id='word_1_614' title='bbox 2953 3282 3173 3342; x_wconf 90' lang='lat' dir='ltr'>deinde</span> <span class='ocrx_word' id='word_1_615' title='bbox 3201 3286 3259 3340; x_wconf 89' lang='lat' dir='ltr'>et</span> <span class='ocrx_word' id='word_1_616' title='bbox 3282 3298 3507 3340; x_wconf 89' lang='lat' dir='ltr'>manus</span> <span class='ocrx_word' id='word_1_617' title='bbox 3528 3287 3587 3340; x_wconf 83' lang='lat' dir='ltr'>et</span> 
     </span>
    </p>
   </div>
   <div class='ocr_carea' id='block_1_93' title="bbox 1931 3373 3585 3451">
    <p class='ocr_par' dir='ltr' id='par_1_93' title="bbox 1931 3373 3585 3451">
     <span class='ocr_line' id='line_1_93' title="bbox 1931 3373 3585 3451; baseline -0.002 -17"><span class='ocrx_word' id='word_1_618' title='bbox 1931 3378 2139 3448; x_wconf 89' lang='lat' dir='ltr'>lingua</span> <span class='ocrx_word' id='word_1_619' title='bbox 2169 3378 2363 3451; x_wconf 90' lang='lat' dir='ltr'>ipsius</span> <span class='ocrx_word' id='word_1_620' title='bbox 2401 3380 2460 3433; x_wconf 92' lang='lat' dir='ltr'>et</span> <span class='ocrx_word' id='word_1_621' title='bbox 2496 3376 2628 3448; x_wconf 87' lang='lat' dir='ltr'>ejus</span> <span class='ocrx_word' id='word_1_622' title='bbox 2673 3373 3110 3447; x_wconf 90' lang='lat' dir='ltr'>discipulorum</span> <span class='ocrx_word' id='word_1_623' title='bbox 3168 3375 3585 3451; x_wconf 72' lang='lat' dir='ltr'>amputantur.</span> 
     </span>
    </p>
   </div>
   <div class='ocr_carea' id='block_1_94' title="bbox 1934 3459 3586 3535">
    <p class='ocr_par' dir='ltr' id='par_1_94' title="bbox 1934 3459 3586 3535">
     <span class='ocr_line' id='line_1_94' title="bbox 1934 3459 3586 3535; baseline -0.002 -12"><span class='ocrx_word' id='word_1_624' title='bbox 1934 3465 2051 3523; x_wconf 90' lang='lat' dir='ltr'>Sed</span> <span class='ocrx_word' id='word_1_625' title='bbox 2073 3470 2132 3521; x_wconf 87' lang='lat' dir='ltr'>et</span> <span class='ocrx_word' id='word_1_626' title='bbox 2158 3465 2573 3523; x_wconf 89' lang='lat' dir='ltr'>sanctissimus</span> <span class='ocrx_word' id='word_1_627' title='bbox 2599 3463 2881 3522; x_wconf 80' lang='lat' dir='ltr'>Martinus</span> <span class='ocrx_word' id='word_1_628' title='bbox 2924 3478 2962 3520; x_wconf 89' lang='lat' dir='ltr'><strong>a</strong></span> <span class='ocrx_word' id='word_1_629' title='bbox 3004 3476 3117 3519; x_wconf 89' lang='lat' dir='ltr'>sua</span> <span class='ocrx_word' id='word_1_630' title='bbox 3167 3460 3310 3519; x_wconf 89' lang='lat' dir='ltr'>sede</span> <span class='ocrx_word' id='word_1_631' title='bbox 3336 3459 3586 3535; x_wconf 85' lang='lat' dir='ltr'>deponi-</span> 
     </span>
    </p>
   </div>
   <div class='ocr_carea' id='block_1_95' title="bbox 1932 3550 3585 3626">
    <p class='ocr_par' dir='ltr' id='par_1_95' title="bbox 1932 3550 3585 3626">
     <span class='ocr_line' id='line_1_95' title="bbox 1932 3550 3585 3626; baseline -0.001 -14"><span class='ocrx_word' id='word_1_632' title='bbox 1932 3559 2049 3619; x_wconf 90' lang='lat' dir='ltr'>tur,</span> <span class='ocrx_word' id='word_1_633' title='bbox 2080 3559 2140 3611; x_wconf 92' lang='lat' dir='ltr'>et</span> <span class='ocrx_word' id='word_1_634' title='bbox 2168 3555 2246 3613; x_wconf 88' lang='lat' dir='ltr'>ad</span> <span class='ocrx_word' id='word_1_635' title='bbox 2267 3554 2543 3612; x_wconf 79' lang='lat' dir='ltr'>exsilium</span> <span class='ocrx_word' id='word_1_636' title='bbox 2572 3553 2918 3621; x_wconf 89' lang='lat' dir='ltr'>damnatur,</span> <span class='ocrx_word' id='word_1_637' title='bbox 2942 3551 3003 3610; x_wconf 93' lang='lat' dir='ltr'>in</span> <span class='ocrx_word' id='word_1_638' title='bbox 3031 3565 3155 3626; x_wconf 92' lang='lat' dir='ltr'>quo</span> <span class='ocrx_word' id='word_1_639' title='bbox 3177 3553 3237 3610; x_wconf 88' lang='lat' dir='ltr'>et</span> <span class='ocrx_word' id='word_1_640' title='bbox 3263 3567 3296 3608; x_wconf 92' lang='lat' dir='ltr'>e</span> <span class='ocrx_word' id='word_1_641' title='bbox 3323 3550 3450 3610; x_wconf 88' lang='lat' dir='ltr'>vita</span> <span class='ocrx_word' id='word_1_642' title='bbox 3474 3550 3585 3611; x_wconf 80' lang='lat' dir='ltr'>mi-</span> 
     </span>
    </p>
   </div>
   <div class='ocr_carea' id='block_1_96' title="bbox 1933 3645 2146 3717">
    <p class='ocr_par' dir='ltr' id='par_1_96' title="bbox 1933 3645 2146 3717">
     <span class='ocr_line' id='line_1_96' title="bbox 1933 3645 2146 3717; baseline 0.005 -16"><span class='ocrx_word' id='word_1_643' title='bbox 1933 3645 2146 3717; x_wconf 86' lang='lat' dir='ltr'>gravit.</span> 
     </span>
    </p>
   </div>
   <div class='ocr_carea' id='block_1_97' title="bbox 2004 3731 3583 3806">
    <p class='ocr_par' dir='ltr' id='par_1_97' title="bbox 2004 3731 3583 3806">
     <span class='ocr_line' id='line_1_97' title="bbox 2004 3731 3583 3806; baseline -0.001 -15"><span class='ocrx_word' id='word_1_644' title='bbox 2004 3739 2056 3791; x_wconf 83' lang='lat'>5.</span> <span class='ocrx_word' id='word_1_645' title='bbox 2113 3736 2431 3793; x_wconf 89' lang='lat' dir='ltr'>Constante</span> <span class='ocrx_word' id='word_1_646' title='bbox 2482 3737 2745 3801; x_wconf 87' lang='lat' dir='ltr'>mortuo,</span> <span class='ocrx_word' id='word_1_647' title='bbox 2784 3733 2915 3806; x_wconf 92' lang='lat' dir='ltr'>ejus</span> <span class='ocrx_word' id='word_1_648' title='bbox 2942 3731 3103 3790; x_wconf 86' lang='lat' dir='ltr'>ﬁlius</span> <span class='ocrx_word' id='word_1_649' title='bbox 3156 3731 3583 3791; x_wconf 83' lang='lat' dir='ltr'>Constantinus</span> 
     </span>
    </p>
   </div>
   <div class='ocr_carea' id='block_1_98' title="bbox 1931 3821 3584 3898">
    <p class='ocr_par' dir='ltr' id='par_1_98' title="bbox 1931 3821 3584 3898">
     <span class='ocr_line' id='line_1_98' title="bbox 1931 3821 3584 3898; baseline -0.001 -18"><span class='ocrx_word' id='word_1_650' title='bbox 1931 3825 2035 3898; x_wconf 89' lang='lat' dir='ltr'>qui</span> <span class='ocrx_word' id='word_1_651' title='bbox 2051 3827 2393 3896; x_wconf 89' lang='lat' dir='ltr'>Pogonatus</span> <span class='ocrx_word' id='word_1_652' title='bbox 2408 3821 3214 3896; x_wconf 82' lang='lat' dir='ltr'>cognominabatur,regiam</span> <span class='ocrx_word' id='word_1_653' title='bbox 3228 3821 3584 3893; x_wconf 88' lang='lat' dir='ltr'>dignitatem</span> 
     </span>
    </p>
   </div>
   <div class='ocr_carea' id='block_1_99' title="bbox 1932 3909 3585 3986">
    <p class='ocr_par' dir='ltr' id='par_1_99' title="bbox 1932 3909 3585 3986">
     <span class='ocr_line' id='line_1_99' title="bbox 1932 3909 3585 3986; baseline -0.002 -16"><span class='ocrx_word' id='word_1_654' title='bbox 1932 3916 2180 3986; x_wconf 87' lang='lat' dir='ltr'>accepit.</span> <span class='ocrx_word' id='word_1_655' title='bbox 2216 3913 2496 3981; x_wconf 86' lang='lat' dir='ltr'>Quicum</span> <span class='ocrx_word' id='word_1_656' title='bbox 2540 3912 2919 3970; x_wconf 82' lang='lat' dir='ltr'>orthodoxus</span> <span class='ocrx_word' id='word_1_657' title='bbox 2958 3914 3140 3978; x_wconf 87' lang='lat' dir='ltr'>esset,</span> <span class='ocrx_word' id='word_1_658' title='bbox 3171 3909 3585 3968; x_wconf 85' lang='lat' dir='ltr'>Constantino-</span> 
     </span>
    </p>
   </div>
   <div class='ocr_carea' id='block_1_100' title="bbox 1930 3998 3577 4077">
    <p class='ocr_par' dir='ltr' id='par_1_100' title="bbox 1930 3998 3577 4077">
     <span class='ocr_line' id='line_1_100' title="bbox 1930 3998 3577 4077; baseline -0.003 -18"><span class='ocrx_word' id='word_1_659' title='bbox 1930 4003 2118 4076; x_wconf 91' lang='lat' dir='ltr'>polim</span> <span class='ocrx_word' id='word_1_660' title='bbox 2147 4002 2453 4077; x_wconf 85' lang='lat' dir='ltr'>synodum</span> <span class='ocrx_word' id='word_1_661' title='bbox 2476 4000 2982 4073; x_wconf 87' lang='lat' dir='ltr'>coegit,ecclesias</span> <span class='ocrx_word' id='word_1_662' title='bbox 2999 3998 3274 4056; x_wconf 85' lang='lat' dir='ltr'>adunare</span> <span class='ocrx_word' id='word_1_663' title='bbox 3303 3998 3577 4071; x_wconf 86' lang='lat' dir='ltr'>cupiens,</span> 
     </span>
    </p>
   </div>
   <div class='ocr_carea' id='block_1_101' title="bbox 1929 4086 3578 4166">
    <p class='ocr_par' dir='ltr' id='par_1_101' title="bbox 1929 4086 3578 4166">
     <span class='ocr_line' id='line_1_101' title="bbox 1929 4086 3578 4166; baseline -0.004 -17"><span class='ocrx_word' id='word_1_664' title='bbox 1929 4094 2027 4150; x_wconf 90' lang='lat' dir='ltr'>cui</span> <span class='ocrx_word' id='word_1_665' title='bbox 2091 4098 2385 4166; x_wconf 61' lang='lat' dir='ltr'>praeerant</span> <span class='ocrx_word' id='word_1_666' title='bbox 2440 4091 2693 4149; x_wconf 76' lang='lat' dir='ltr'>Romani</span> <span class='ocrx_word' id='word_1_667' title='bbox 2743 4105 2920 4164; x_wconf 72' lang='lat' dir='ltr'>papas</span> <span class='ocrx_word' id='word_1_668' title='bbox 2980 4087 3308 4159; x_wconf 80' lang='lat' dir='ltr'>Agathonis</span> <span class='ocrx_word' id='word_1_669' title='bbox 3347 4086 3578 4159; x_wconf 83' lang='lat' dir='ltr'>vicarii,</span> 
     </span>
    </p>
   </div>
   <div class='ocr_carea' id='block_1_102' title="bbox 1928 4174 3576 4253">
    <p class='ocr_par' dir='ltr' id='par_1_102' title="bbox 1928 4174 3576 4253">
     <span class='ocr_line' id='line_1_102' title="bbox 1928 4174 3576 4253; baseline -0.005 -13"><span class='ocrx_word' id='word_1_670' title='bbox 1928 4182 2215 4253; x_wconf 86' lang='lat' dir='ltr'>Georgius</span> <span class='ocrx_word' id='word_1_671' title='bbox 2240 4177 3207 4253; x_wconf 84' lang='lat' dir='ltr'>Constantinopolis,’l‘heophanes</span> <span class='ocrx_word' id='word_1_672' title='bbox 3230 4174 3576 4232; x_wconf 63' lang='lat' dir='ltr'>Antiochiae.</span> 
     </span>
    </p>
   </div>
   <div class='ocr_carea' id='block_1_103' title="bbox 1926 4264 3579 4339">
    <p class='ocr_par' dir='ltr' id='par_1_103' title="bbox 1926 4264 3579 4339">
     <span class='ocr_line' id='line_1_103' title="bbox 1926 4264 3579 4339; baseline -0.004 -12"><span class='ocrx_word' id='word_1_673' title='bbox 1926 4271 2284 4328; x_wconf 79' lang='lat' dir='ltr'>Alexandria</span> <span class='ocrx_word' id='word_1_674' title='bbox 2312 4285 2454 4325; x_wconf 91' lang='lat' dir='ltr'>vero</span> <span class='ocrx_word' id='word_1_675' title='bbox 2481 4283 2605 4325; x_wconf 90' lang='lat' dir='ltr'>non</span> <span class='ocrx_word' id='word_1_676' title='bbox 2630 4264 2896 4324; x_wconf 86' lang='lat' dir='ltr'>habebat</span> <span class='ocrx_word' id='word_1_677' title='bbox 2931 4264 3342 4339; x_wconf 88' lang='lat' dir='ltr'>patriarcham</span> <span class='ocrx_word' id='word_1_678' title='bbox 3380 4278 3579 4337; x_wconf 85' lang='lat' dir='ltr'>neque</span> 
     </span>
    </p>
   </div>
   <div class='ocr_carea' id='block_1_104' title="bbox 1925 4352 3580 4433">
    <p class='ocr_par' dir='ltr' id='par_1_104' title="bbox 1925 4352 3580 4433">
     <span class='ocr_line' id='line_1_104' title="bbox 1925 4352 3580 4433; baseline -0.005 -16"><span class='ocrx_word' id='word_1_679' title='bbox 1925 4359 2345 4433; x_wconf 80' lang='lat' dir='ltr'>Hierosolyma</span> <span class='ocrx_word' id='word_1_680' title='bbox 2376 4378 2389 4428; x_wconf 92' lang='lat'><strong>;</strong></span> <span class='ocrx_word' id='word_1_681' title='bbox 2426 4374 2463 4414; x_wconf 92' lang='lat' dir='ltr'><strong>a</strong></span> <span class='ocrx_word' id='word_1_682' title='bbox 2493 4354 2836 4415; x_wconf 88' lang='lat' dir='ltr'>Sarracenis</span> <span class='ocrx_word' id='word_1_683' title='bbox 2875 4354 3027 4412; x_wconf 89' lang='lat' dir='ltr'>enim</span> <span class='ocrx_word' id='word_1_684' title='bbox 3056 4353 3151 4410; x_wconf 85' lang='lat' dir='ltr'>hee</span> <span class='ocrx_word' id='word_1_685' title='bbox 3178 4352 3361 4410; x_wconf 89' lang='lat' dir='ltr'>urbes</span> <span class='ocrx_word' id='word_1_686' title='bbox 3402 4367 3580 4410; x_wconf 86' lang='lat' dir='ltr'>occu-</span> 
     </span>
    </p>
   </div>
   <div class='ocr_carea' id='block_1_105' title="bbox 448 4436 1828 4527">
    <p class='ocr_par' dir='ltr' id='par_1_105' title="bbox 448 4444 1814 4527">
     <span class='ocr_line' id='line_1_105' title="bbox 448 4444 1814 4527; baseline 0.003 -27"><span class='ocrx_word' id='word_1_687' title='bbox 448 4450 551 4501; x_wconf 83' lang='grc' dir='ltr'>ύπό</span> <span class='ocrx_word' id='word_1_688' title='bbox 623 4453 725 4521; x_wconf 76' lang='grc' dir='ltr'>γὰρ</span> <span class='ocrx_word' id='word_1_689' title='bbox 799 4459 900 4505; x_wconf 83' lang='grc' dir='ltr'>τῶν</span> <span class='ocrx_word' id='word_1_690' title='bbox 974 4450 1313 4527; x_wconf 78' lang='grc' dir='ltr'>Σαρρακηνὼν</span> <span class='ocrx_word' id='word_1_691' title='bbox 1358 4444 1432 4504; x_wconf 81' lang='grc' dir='ltr'>ἀἱ</span> <span class='ocrx_word' id='word_1_692' title='bbox 1489 4452 1658 4513; x_wconf 82' lang='grc' dir='ltr'>πόλεις</span> <span class='ocrx_word' id='word_1_693' title='bbox 1721 4451 1814 4504; x_wconf 68' lang='grc' dir='ltr'>αὖα</span> 
     </span>
    </p>
   </div>
   <div class='ocr_carea' id='block_1_106' title="bbox 1940 4436 3579 4527">
    <p class='ocr_par' dir='ltr' id='par_1_106' title="bbox 1940 4440 3579 4517">
     <span class='ocr_line' id='line_1_106' title="bbox 1940 4440 3579 4517; baseline -0.005 -11"><span class='ocrx_word' id='word_1_694' title='bbox 1940 4454 2080 4506; x_wconf 70' lang='lat' dir='ltr'>aatas</span> <span class='ocrx_word' id='word_1_695' title='bbox 2145 4452 2355 4515; x_wconf 87' lang='lat' dir='ltr'>erant;</span> <span class='ocrx_word' id='word_1_696' title='bbox 2415 4443 2875 4517; x_wconf 90' lang='lat' dir='ltr'>decerniturque</span> <span class='ocrx_word' id='word_1_697' title='bbox 2936 4442 3091 4500; x_wconf 87' lang='lat' dir='ltr'>duas</span> <span class='ocrx_word' id='word_1_698' title='bbox 3135 4440 3474 4499; x_wconf 84' lang='lat' dir='ltr'>voluntates</span> <span class='ocrx_word' id='word_1_699' title='bbox 3520 4444 3579 4498; x_wconf 87' lang='lat' dir='ltr'>et</span> 
     </span>
    </p>
   </div>
   <div class='ocr_carea' id='block_1_107' title="bbox 1923 4531 3577 4611">
    <p class='ocr_par' dir='ltr' id='par_1_107' title="bbox 1923 4531 3577 4611">
     <span class='ocr_line' id='line_1_107' title="bbox 1923 4531 3577 4611; baseline -0.005 -15"><span class='ocrx_word' id='word_1_700' title='bbox 1923 4540 2078 4596; x_wconf 91' lang='lat' dir='ltr'>duas</span> <span class='ocrx_word' id='word_1_701' title='bbox 2098 4538 2475 4611; x_wconf 89' lang='lat' dir='ltr'>operationes</span> <span class='ocrx_word' id='word_1_702' title='bbox 2500 4535 2562 4591; x_wconf 92' lang='lat' dir='ltr'>in</span> <span class='ocrx_word' id='word_1_703' title='bbox 2585 4533 2815 4591; x_wconf 89' lang='lat' dir='ltr'>Christo</span> <span class='ocrx_word' id='word_1_704' title='bbox 2843 4548 2980 4589; x_wconf 92' lang='lat' dir='ltr'>esse</span> <span class='ocrx_word' id='word_1_705' title='bbox 3010 4531 3335 4590; x_wconf 89' lang='lat' dir='ltr'>dicendum</span> <span class='ocrx_word' id='word_1_706' title='bbox 3372 4534 3430 4588; x_wconf 87' lang='lat' dir='ltr'>et</span> <span class='ocrx_word' id='word_1_707' title='bbox 3453 4546 3577 4588; x_wconf 87' lang='lat' dir='ltr'>cre-</span> 
     </span>
    </p>
   </div>
   <div class='ocr_carea' id='block_1_108' title="bbox 1923 4620 3576 4697">
    <p class='ocr_par' dir='ltr' id='par_1_108' title="bbox 1923 4620 3576 4697">
     <span class='ocr_line' id='line_1_108' title="bbox 1923 4620 3576 4697; baseline -0.006 -11"><span class='ocrx_word' id='word_1_708' title='bbox 1923 4625 2485 4697; x_wconf 86' lang='lat' dir='ltr'>dendum.Subjecti</span> <span class='ocrx_word' id='word_1_709' title='bbox 2512 4630 2716 4681; x_wconf 92' lang='lat' dir='ltr'>autem</span> <span class='ocrx_word' id='word_1_710' title='bbox 2739 4628 2882 4680; x_wconf 89' lang='lat' dir='ltr'>sunt</span> <span class='ocrx_word' id='word_1_711' title='bbox 2895 4622 3263 4681; x_wconf 89' lang='lat' dir='ltr'>anathemati</span> <span class='ocrx_word' id='word_1_712' title='bbox 3278 4620 3576 4679; x_wconf 77' lang='lat' dir='ltr'>Monothe-</span> 
     </span>
    </p>
   </div>
   <div class='ocr_carea' id='block_1_109' title="bbox 1920 4708 3577 4787">
    <p class='ocr_par' dir='ltr' id='par_1_109' title="bbox 1920 4708 3577 4787">
     <span class='ocr_line' id='line_1_109' title="bbox 1920 4708 3577 4787; baseline -0.007 -11"><span class='ocrx_word' id='word_1_713' title='bbox 1920 4719 2162 4776; x_wconf 89' lang='lat' dir='ltr'>litarum</span> <span class='ocrx_word' id='word_1_714' title='bbox 2192 4714 2436 4774; x_wconf 67' lang='lat' dir='ltr'>haeresis</span> <span class='ocrx_word' id='word_1_715' title='bbox 2487 4713 2807 4787; x_wconf 78' lang='lat' dir='ltr'>principes,</span> <span class='ocrx_word' id='word_1_716' title='bbox 2852 4712 2962 4769; x_wconf 88' lang='lat' dir='ltr'>etsi</span> <span class='ocrx_word' id='word_1_717' title='bbox 2998 4712 3129 4784; x_wconf 90' lang='lat' dir='ltr'>jam</span> <span class='ocrx_word' id='word_1_718' title='bbox 3150 4710 3352 4768; x_wconf 89' lang='lat' dir='ltr'>vivere</span> <span class='ocrx_word' id='word_1_719' title='bbox 3387 4708 3577 4766; x_wconf 81' lang='lat' dir='ltr'>desie-</span> 
     </span>
    </p>
   </div>
   <div class='ocr_carea' id='block_1_110' title="bbox 1921 4798 3574 4878">
    <p class='ocr_par' dir='ltr' id='par_1_110' title="bbox 1921 4798 3574 4878">
     <span class='ocr_line' id='line_1_110' title="bbox 1921 4798 3574 4878; baseline -0.008 -10"><span class='ocrx_word' id='word_1_720' title='bbox 1921 4816 2079 4878; x_wconf 89' lang='lat' dir='ltr'>rant,</span> <span class='ocrx_word' id='word_1_721' title='bbox 2105 4806 2397 4865; x_wconf 80' lang='lat' dir='ltr'>Honorius</span> <span class='ocrx_word' id='word_1_722' title='bbox 2426 4808 2652 4870; x_wconf 75' lang='lat' dir='ltr'>Romae,</span> <span class='ocrx_word' id='word_1_723' title='bbox 2678 4805 2864 4877; x_wconf 90' lang='lat' dir='ltr'>Cyrus</span> <span class='ocrx_word' id='word_1_724' title='bbox 2907 4800 3302 4871; x_wconf 64' lang='lat' dir='ltr'>Alexandria,</span> <span class='ocrx_word' id='word_1_725' title='bbox 3333 4798 3574 4873; x_wconf 70' lang='lat' dir='ltr'>Sergius</span> 
     </span>
    </p>
   </div>
   <div class='ocr_carea' id='block_1_111' title="bbox 1923 4887 3571 4973">
    <p class='ocr_par' dir='ltr' id='par_1_111' title="bbox 1923 4887 3571 4973">
     <span class='ocr_line' id='line_1_111' title="bbox 1923 4887 3571 4973; baseline -0.009 -14"><span class='ocrx_word' id='word_1_726' title='bbox 1923 4907 1980 4959; x_wconf 93' lang='lat' dir='ltr'>et</span> <span class='ocrx_word' id='word_1_727' title='bbox 2004 4899 2285 4973; x_wconf 84' lang='lat' dir='ltr'>Pyrrhus,</span> <span class='ocrx_word' id='word_1_728' title='bbox 2314 4895 2655 4968; x_wconf 87' lang='lat' dir='ltr'>Paulusque</span> <span class='ocrx_word' id='word_1_729' title='bbox 2680 4900 2737 4951; x_wconf 91' lang='lat' dir='ltr'>et</span> <span class='ocrx_word' id='word_1_730' title='bbox 2759 4896 2965 4951; x_wconf 89' lang='lat' dir='ltr'>Petrus</span> <span class='ocrx_word' id='word_1_731' title='bbox 3003 4887 3571 4962; x_wconf 83' lang='lat' dir='ltr'>ConstantinOpolis,</span> 
     </span>
    </p>
   </div>
   <div class='ocr_carea' id='block_1_112' title="bbox 1922 4977 3573 5055">
    <p class='ocr_par' dir='ltr' id='par_1_112' title="bbox 1922 4977 3573 5055">
     <span class='ocr_line' id='line_1_112' title="bbox 1922 4977 3573 5055; baseline -0.008 -7"><span class='ocrx_word' id='word_1_732' title='bbox 1922 4989 2211 5048; x_wconf 75' lang='lat' dir='ltr'>Macarius</span> <span class='ocrx_word' id='word_1_733' title='bbox 2235 4984 2583 5055; x_wconf 57' lang='lat' dir='ltr'>Antiochiae,</span> <span class='ocrx_word' id='word_1_734' title='bbox 2615 4986 2673 5040; x_wconf 90' lang='lat' dir='ltr'>et</span> <span class='ocrx_word' id='word_1_735' title='bbox 2701 4980 3200 5055; x_wconf 86' lang='lat' dir='ltr'>Stephanus,ejus</span> <span class='ocrx_word' id='word_1_736' title='bbox 3216 4977 3573 5052; x_wconf 88' lang='lat' dir='ltr'>discipulus,</span> 
     </span>
    </p>
   </div>
   <div class='ocr_carea' id='block_1_113' title="bbox 1923 5067 3575 5147">
    <p class='ocr_par' dir='ltr' id='par_1_113' title="bbox 1923 5067 3575 5147">
     <span class='ocr_line' id='line_1_113' title="bbox 1923 5067 3575 5147; baseline -0.005 -11"><span class='ocrx_word' id='word_1_737' title='bbox 1923 5085 1979 5136; x_wconf 90' lang='lat' dir='ltr'>et</span> <span class='ocrx_word' id='word_1_738' title='bbox 2001 5080 2250 5135; x_wconf 87' lang='lat' dir='ltr'>insanus</span> <span class='ocrx_word' id='word_1_739' title='bbox 2272 5072 2723 5147; x_wconf 86' lang='lat' dir='ltr'>Polychronius.</span> <span class='ocrx_word' id='word_1_740' title='bbox 2743 5074 3091 5143; x_wconf 86' lang='lat' dir='ltr'>Pugnavere</span> <span class='ocrx_word' id='word_1_741' title='bbox 3111 5069 3171 5126; x_wconf 93' lang='lat' dir='ltr'>in</span> <span class='ocrx_word' id='word_1_742' title='bbox 3192 5069 3308 5126; x_wconf 89' lang='lat' dir='ltr'>hac</span> <span class='ocrx_word' id='word_1_743' title='bbox 3336 5067 3575 5142; x_wconf 90' lang='lat' dir='ltr'>synodo</span> 
     </span>
    </p>
   </div>
   <div class='ocr_carea' id='block_1_114' title="bbox 1922 5157 3573 5243">
    <p class='ocr_par' dir='ltr' id='par_1_114' title="bbox 1922 5157 3573 5243">
     <span class='ocr_line' id='line_1_114' title="bbox 1922 5157 3573 5243; baseline -0.006 -17"><span class='ocrx_word' id='word_1_744' title='bbox 1922 5184 2034 5243; x_wconf 90' lang='lat' dir='ltr'>pro</span> <span class='ocrx_word' id='word_1_745' title='bbox 2057 5168 2162 5241; x_wconf 90' lang='lat' dir='ltr'>pio</span> <span class='ocrx_word' id='word_1_746' title='bbox 2189 5166 2473 5237; x_wconf 88' lang='lat' dir='ltr'>dogmate</span> <span class='ocrx_word' id='word_1_747' title='bbox 2496 5160 2793 5236; x_wconf 91' lang='lat' dir='ltr'>imprimis</span> <span class='ocrx_word' id='word_1_748' title='bbox 2812 5159 3152 5233; x_wconf 88' lang='lat' dir='ltr'>Stephanus</span> <span class='ocrx_word' id='word_1_749' title='bbox 3187 5157 3481 5216; x_wconf 63' lang='lat' dir='ltr'>Heraclea:</span> <span class='ocrx_word' id='word_1_750' title='bbox 3509 5158 3573 5216; x_wconf 92' lang='lat' dir='ltr'>in</span> 
     </span>
    </p>
   </div>
   <div class='ocr_carea' id='block_1_115' title="bbox 1924 5246 3573 5330">
    <p class='ocr_par' dir='ltr' id='par_1_115' title="bbox 1924 5246 3573 5330">
     <span class='ocr_line' id='line_1_115' title="bbox 1924 5246 3573 5330; baseline -0.007 -14"><span class='ocrx_word' id='word_1_751' title='bbox 1924 5262 2109 5316; x_wconf 89' lang='lat' dir='ltr'>Ponto</span> <span class='ocrx_word' id='word_1_752' title='bbox 2128 5257 2469 5330; x_wconf 89' lang='lat' dir='ltr'>episcopus,</span> <span class='ocrx_word' id='word_1_753' title='bbox 2500 5252 2592 5311; x_wconf 90' lang='lat' dir='ltr'>vir</span> <span class='ocrx_word' id='word_1_754' title='bbox 2615 5251 2874 5308; x_wconf 82' lang='lat' dir='ltr'>disertus</span> <span class='ocrx_word' id='word_1_755' title='bbox 2905 5253 2963 5307; x_wconf 87' lang='lat' dir='ltr'>et</span> <span class='ocrx_word' id='word_1_756' title='bbox 2990 5248 3110 5306; x_wconf 88' lang='lat' dir='ltr'>fere</span> <span class='ocrx_word' id='word_1_757' title='bbox 3144 5262 3391 5306; x_wconf 91' lang='lat' dir='ltr'>omnem</span> <span class='ocrx_word' id='word_1_758' title='bbox 3419 5246 3573 5306; x_wconf 85' lang='lat' dir='ltr'>divi-</span> 
     </span>
    </p>
   </div>
   <div class='ocr_carea' id='block_1_116' title="bbox 1924 5336 3573 5419">
    <p class='ocr_par' dir='ltr' id='par_1_116' title="bbox 1924 5336 3573 5419">
     <span class='ocr_line' id='line_1_116' title="bbox 1924 5336 3573 5419; baseline -0.007 -14"><span class='ocrx_word' id='word_1_759' title='bbox 1924 5364 2070 5405; x_wconf 84' lang='lat' dir='ltr'>nam</span> <span class='ocrx_word' id='word_1_760' title='bbox 2101 5345 2469 5419; x_wconf 88' lang='lat' dir='ltr'>Scripturam</span> <span class='ocrx_word' id='word_1_761' title='bbox 2498 5342 2562 5399; x_wconf 91' lang='lat' dir='ltr'>in</span> <span class='ocrx_word' id='word_1_762' title='bbox 2584 5340 2764 5399; x_wconf 90' lang='lat' dir='ltr'>labiis</span> <span class='ocrx_word' id='word_1_763' title='bbox 2790 5339 3082 5406; x_wconf 84' lang='lat' dir='ltr'>ferens,et</span> <span class='ocrx_word' id='word_1_764' title='bbox 3105 5339 3369 5396; x_wconf 83' lang='lat' dir='ltr'>Joannes</span> <span class='ocrx_word' id='word_1_765' title='bbox 3396 5336 3573 5394; x_wconf 76' lang='lat' dir='ltr'>Athe-</span> 
     </span>
    </p>
   </div>
   <div class='ocr_carea' id='block_1_117' title="bbox 1924 5453 2163 5495">
    <p class='ocr_par' dir='ltr' id='par_1_117' title="bbox 1924 5453 2163 5495">
     <span class='ocr_line' id='line_1_117' title="bbox 1924 5453 2163 5495; baseline 0 -1"><span class='ocrx_word' id='word_1_766' title='bbox 1924 5453 2163 5495; x_wconf 90' lang='lat' dir='ltr'>narum.</span> 
     </span>
    </p>
   </div>
  </div>
