2063 3114
268 144 304 172 87

938 143 1072 172 NICE'LE
1091 143 1283 173 CHONIATIE

1914 153 1951 179 88

269 205 437 251 Justiniaqi
449 205 580 251 giissimi
589 206 779 251 imperatoris
789 213 827 235 ea:
839 207 965 251 epistota
973 207 1097 242 dogma«

1154 207 1340 251 ἰονστινιανοᾷ
1355 214 1400 251 τοιξ
1427 211 1613 239 εὐσεϐεστάτου
1630 213 1758 250 βασιλέως
1773 213 1801 240 ἐκ
1825 217 1878 251 τῆς,
1889 215 1954 251 πρὸς

306 243 365 271 lica
379 241 419 270 ad
446 242 565 271 Zoilum
580 243 778 271 Alexandria
801 241 1021 272 sanctissimum
1041 251 1096 278 pa-

306 277 471 307 triarcham

307 333 389 362 Unus
402 334 448 361 est
456 340 527 368 ergo
546 332 689 369 Christus,
709 341 772 362 non
787 333 907 362 sublata
919 336 1097 362 naturarum

271 377 439 406 differentia
450 385 504 414 per
515 377 698 406 ineffabilem
710 378 864 414 unionem,
883 378 1013 407 Verbum
1034 387 1096 407 cre-

271 422 351 451 ditus
369 423 524 459 homoque
547 423 641 451 visus.
670 424 728 451 Nec
754 426 856 452 autem
880 423 952 452 unio
975 424 1098 452 commi-

272 467 400 496 stionem
411 467 546 501 exclusit,
564 475 619 495 nec
634 467 801 496 differentia
815 467 1053 496 substantiarum
1066 469 1097 496 in

272 519 308 540 eo
323 511 498 540 scissionem
523 514 575 540 aut
601 512 779 541 divisionem
798 512 938 541 admittit.
959 513 1099 541 Miracula

272 557 353 585 enim
366 556 471 585 Christi
484 556 631 592 videntes,
645 557 723 585 illius
738 557 926 586 divinitatem
951 558 1098 594 pra-dica-

271 609 352 637 mus,
365 601 554 630 inﬁrmitates
574 609 646 630 vero
661 601 866 638 inspicientes,
881 602 1099 631 humanitatem

272 646 337 682 ejus
350 655 413 675 non
428 646 602 681 difﬁtemur;
616 655 672 675 nec
686 647 832 676 miracula
847 647 911 675 sine
925 655 1024 683 carne,
1045 655 1100 676 nec

272 692 388 728 absque
394 691 866 720 divinitateinﬁrmitates.Verum
875 694 973 721 autem
986 700 1047 721 non
1057 694 1102 721 est

273 737 371 765 dicere
385 736 486 773 ipsum
500 744 566 765 esse
577 744 703 772 passum
717 739 746 765 et
761 744 823 765 non
838 744 961 773 passum
973 746 979 770 ;
991 745 1100 774 passus

272 783 318 810 est
330 781 541 818 quidem,quia
551 781 708 818 proprium
721 782 787 817 ejus
798 789 907 818 corpus
922 782 1100 819 patiebatur,

273 826 409 863 atquein
429 834 554 862 corpore
577 826 643 862 ejus
666 825 762 854 inerat
785 827 838 863 qui
852 834 914 855 non
938 829 1100 863 pateretur,

273 871 386 900 scilicet
397 871 451 908 qui
468 873 577 899 natura
600 871 679 899 Deus
700 873 772 902 erat,
793 879 865 900 nam
882 871 1016 900 Verbum
1035 875 1099 901 erat

271 913 470 954 impassibile.
485 918 553 945 Erat
564 916 759 952 incorporeus
771 917 803 944 in
818 924 943 953 corpore
954 917 1102 953 passibili,

272 969 444 998 corpusque
456 961 521 997 ejus
535 961 567 989 in
595 961 756 998 semetipso
770 961 905 990 habebat
918 961 1103 998 impassibile

272 1005 413 1039 Verbum,
441 1005 628 1034 inﬁrmitates
652 1005 747 1042 ipsius
771 1006 906 1042 corporis
936 1006 1099 1041 auferens;

271 1050 513 1087 unumquodque
539 1050 620 1078 enim
637 1050 730 1079 altero
760 1051 922 1078 comitante
949 1053 1101 1087 operatur,

269 1096 356 1133 juxta
380 1095 464 1132 quod
485 1095 642 1131 proprium
665 1095 822 1129 habuerit;
839 1095 933 1123 Verbo
956 1096 1041 1132 quod
1056 1098 1102 1125 est

271 1141 370 1176 Verbi,
385 1149 510 1177 corpore
523 1148 596 1169 vero
612 1141 695 1177 quod
709 1143 753 1169 est
767 1141 901 1177 corporis
917 1141 1099 1177 perﬁciente.

273 1187 319 1215 Sic
334 1186 415 1214 enim
440 1186 528 1213 docet
543 1188 666 1213 sanctus
681 1185 816 1221 Cyrilius,
833 1186 863 1213 in
880 1185 1027 1214 tricesimo
1056 1194 1101 1214 se-

273 1231 373 1259 cundo
389 1238 527 1259 sermone
544 1230 697 1265 Thesauri,
716 1230 747 1258 in
761 1230 925 1266 Epistolam
938 1230 976 1258 ad
993 1232 1099 1259 Roma-

272 1284 339 1305 nos:
349 1276 527 1311 Neutiquam
537 1283 629 1303 unam
638 1283 705 1303 esse
718 1278 921 1311 operationem
930 1276 1099 1304 naturalem

269 1321 321 1349 Dei
333 1322 362 1348 et
380 1323 523 1348 creaturas
546 1320 693 1353 dicemus,
707 1320 748 1347 ita
763 1322 864 1348 utnec
879 1320 962 1356 quod
985 1321 1099 1349 factum

269 1368 316 1395 est
325 1366 364 1394 ad
377 1365 581 1393 substantiam
595 1364 732 1393 divinam
749 1365 924 1401 referamus,
941 1373 996 1393 nec
1015 1365 1098 1401 quod
1113 1367 1118 1371 “

269 1411 379 1439 divine
394 1412 511 1439 natura:
535 1409 685 1446 peculiare
700 1412 745 1437 est
763 1410 794 1437 in
814 1409 915 1438 locum
941 1410 1098 1446 proprium

269 1455 387 1492 genitis,
403 1454 623 1491 deprimamus.
654 1454 735 1482 Idem
751 1456 873 1482 sanctus
896 1454 991 1490 Pater,
1008 1455 1039 1482 in
1051 1455 1098 1482 his

269 1508 337 1537 quin
348 1499 388 1528 ad
401 1499 679 1533 Theodosium,nos
694 1498 800 1526 eadem
816 1498 917 1527 docet:
929 1500 1033 1527 Totum
1045 1499 1097 1527 toti

268 1545 387 1573 unitum
402 1544 494 1572 fuisse
513 1546 623 1572 nostra
642 1542 823 1571 humanitati
842 1543 971 1571 Verbum
984 1543 1021 1571 de
1037 1545 1097 1572 Deo

268 1590 418 1618 dicimus:
435 1596 496 1616 non
510 1588 592 1616 enim
611 1587 748 1622 forsitan,
761 1587 843 1624 quod
867 1588 975 1616 melius
1001 1591 1045 1617 est
1067 1589 1098 1616 in

268 1634 367 1667 nobis,
387 1633 418 1661 id
433 1635 479 1662 est
499 1633 645 1666 animam,
660 1632 743 1660 nullo
756 1632 850 1660 verbo
872 1633 1036 1668 judicasset
1057 1633 1099 1661 di-

269 1686 364 1713 gnum
377 1677 434 1706 soli
449 1677 533 1706 carni
545 1685 639 1713 quam
658 1676 849 1705 inhabitabat
861 1677 952 1705 verba
966 1677 1100 1706 tradens.

268 1722 334 1751 Istis
350 1722 501 1751 ambabus
518 1722 595 1749 bene
612 1721 789 1757 mysterium
807 1722 983 1749 oeconomiae
998 1722 1101 1758 imple-

268 1768 332 1800 bat;
341 1774 431 1795 carne
444 1769 476 1794 ut
484 1767 683 1794 instrumento
694 1765 833 1794 utebatur
841 1766 879 1793 ad
890 1773 983 1801 opera
991 1767 1099 1798 carnis,

269 1811 458 1841 inﬁrmitates
475 1810 587 1838 scilicet
598 1818 634 1838 ac
644 1817 845 1846 quaecumque
856 1809 999 1839 abessent
1012 1819 1028 1839 a
1041 1811 1102 1839 cul-

270 1863 322 1892 pa;
331 1854 435 1883 anima
441 1862 513 1882 vero
521 1854 561 1882 ad
569 1853 706 1882 humana
714 1853 915 1889 innoxiasque
927 1855 1100 1889 passiones;

271 1899 380 1928 dicitur
406 1899 487 1927 enim
506 1898 656 1931 esuriisse,
678 1905 714 1925 ex
741 1896 840 1932 longis
859 1898 1014 1925 itineribus
1037 1899 1101 1927 fati-

271 1943 407 1981 gationes
417 1942 606 1975 sustinuisse,
617 1942 767 1974 timorem,
780 1944 933 1975 terrorem,
941 1943 1085 1971 tristitiam
1092 1963 1099 1976 ,

272 1989 414 2025 agoniam
441 1990 532 2025 atque
558 1988 589 2016 in
609 1995 694 2015 cruce
714 1988 852 2015 mortem.
881 1989 1026 2024 Namque,
1050 1998 1101 2018 ne-

270 2034 353 2063 mine
365 2033 639 2070 eogente,animam
649 2040 735 2060 suam
745 2039 800 2067 pro
811 2031 900 2059 nobis
911 2040 928 2060 a
940 2033 979 2060 sei
984 2041 1039 2069 pso
1049 2043 1099 2070 po-

273 2080 343 2114 suit,
360 2082 392 2107 ut
412 2080 548 2107 vivorum
574 2080 664 2113 atque
687 2079 871 2104 mortuorum
897 2077 1099 2113 dominetur“,

273 2131 454 2159 carnemque
462 2122 692 2151 suamomnium
699 2121 781 2149 carni
788 2121 915 2149 reddens
922 2123 1037 2158 aequale
1043 2124 1099 2152 do-

272 2176 356 2204 num,
367 2167 500 2196 animam
511 2175 565 2204 pro
576 2167 679 2195 anima
687 2166 817 2203 pretium
827 2167 963 2194 omnium
976 2167 1098 2196 faciens.

274 2214 302 2242 Si
314 2215 415 2241 autem
434 2213 541 2240 iterum
551 2211 612 2240 vita
622 2213 763 2239 revocata
775 2210 872 2244 fuerit,
882 2220 918 2239 eo
931 2213 1013 2247 quod
1024 2217 1100 2241 esset

272 2257 362 2290 Deus,
376 2257 556 2289 resurrexit;
574 2264 635 2284 non
644 2256 725 2284 enim
740 2258 817 2284 certe
837 2256 954 2291 justum
966 2260 1045 2285 esset
1058 2258 1100 2286 di-

273 2310 339 2331 cere
354 2301 560 2332 earnem,olim
570 2300 665 2329 Verbo
680 2301 730 2329 uni
736 2303 1000 2339 tam,corruptione
1012 2310 1101 2338 posse

273 2346 610 2382 detineri,animamque
624 2345 758 2375 divinam
769 2348 864 2384 ipsius
880 2347 987 2375 inferni
1003 2350 1102 2383 porta.

272 2400 342 2422 rum
351 2391 414 2420 ﬁeri
426 2391 577 2427 captivam
586 2398 593 2417 :
602 2391 670 2419 Non
681 2391 840 2421 derelictus
851 2394 891 2421 est
901 2393 932 2420 in
941 2393 1059 2427 inferno
1067 2393 1100 2428 δ’,

270 2438 357 2474 juxta
371 2436 455 2474 quod
478 2435 549 2464 dicit
575 2438 698 2464 sanctus
718 2437 833 2465 Petrus.
858 2439 920 2465 Non
941 2439 1041 2465 autem
1061 2437 1105 2466 di-

273 2482 405 2512 cendum
419 2483 464 2510 est
477 2482 618 2509 naturam
638 2481 703 2516 ejus
717 2481 1000 2519 incomprehensam
1014 2482 1104 2510 indis-

273 2527 466 2563 solutamque
481 2525 605 2554 omnino
624 2525 716 2554 fuisse
732 2530 839 2562 morte,
854 2527 907 2554 sed
917 2526 1104 2555 divinitatem

273 2571 422 2607 Unigeniti
436 2571 467 2599 in
483 2571 583 2598 sinum
595 2572 682 2599 terrae
708 2571 886 2600 translatam
906 2571 995 2599 etiam
1011 2571 1103 2599 fuisse

272 2617 428 2651 dicemus;
458 2623 521 2644 non
547 2615 627 2644 enim
651 2617 695 2644 est
723 2616 867 2652 mirabile,
889 2615 914 2645 si
932 2616 964 2644 in
986 2616 1103 2645 inferno

308 2708 320 2727 ⁵
334 2709 421 2737 Rom.
433 2715 493 2742 xw,
509 2707 536 2736 9.
575 2706 600 2724 δ’
612 2706 675 2735 Act.
695 2715 726 2742 ιι,
741 2707 786 2736 27.

307 2790 345 2828 (1)
362 2790 503 2828 Citathoc
519 2789 965 2828 scriptum_suum_1ustinianus
984 2789 1014 2817 in
1037 2789 1100 2828 alio

271 2824 327 2857 suo
336 2824 484 2864 opusculo
499 2833 518 2855 θ.
529 2824 618 2854 nobis
632 2824 711 2853 edito
722 2824 792 2853 Coll.
809 2826 873 2853 Vat.
888 2827 907 2853 t.
918 2825 974 2859 VII,
986 2833 1015 2861 p.
1033 2827 1096 2853 309.

1188 244 1282 289 ξωΰον
1311 247 1354 271 τὸν
1372 246 1529 289 ’ἁγιώτατον
1544 244 1723 289 «πατρίάρχην
1756 244 1955 287 Ἀλεξανδρέίας

1188 283 1353 317 ὃογματικῆς
1368 283 1503 314 ἐπιστολῆς

1190 334 1223 365 ζ’.
1261 335 1304 365 Εἷς
1341 333 1384 362 οὖν
1423 335 1492 363 ἐστιν
1530 338 1543 364 ὁ
1581 340 1707 375 Χριστὸς,
1742 338 1789 365 οὐκ
1827 338 1956 375 ἁνῃμένης

1152 382 1199 410 τῆς
1215 383 1264 405 τῶν
1293 381 1392 416 φύσεων
1413 379 1540 420 διαφορᾶς
1561 381 1608 409 διὰ
1626 386 1673 413 τὴν
1692 384 1825 421 ἄφραστον
1849 384 1955 423 ἕνωσιν,

1153 426 1230 460 Λόγος
1256 425 1391 461 νοούμενος
1419 428 1464 453 καὶ
1495 428 1629 464 ἅνθρωπος
1661 429 1854 466 θεωρούμενος·
1894 430 1958 455 οὗτε

1152 470 1203 506 γὰρ
1253 470 1267 498 ἡ
1315 470 1403 501 ἕνωσις
1441 472 1575 507 σύγχυσιν
1614 472 1801 510 ἀπειργάσατο,
1839 474 1898 499 οὔτε
1935 474 1955 503 ἡ

1154 512 1268 551 διαφορὰ
1295 519 1345 540 τῶν
1377 517 1401 541 ἓν
1428 516 1496 552 αὐτῷ
1530 517 1624 544 οὐσιῶν
1654 520 1734 555 τομὴν
1758 520 1840 545 εἶτουν
1879 516 1957 544 διαί-

1153 569 1225 595 ρεσιν
1252 557 1417 596 ἐπιδέχεται.
1455 561 1594 593 Βλέποντες
1619 563 1670 600 γάρ
1699 567 1744 589 τοῦ
1777 566 1894 601 Χριστοῦ
1921 564 1958 589 τὰ

1156 604 1286 640 θαύματα,
1316 606 1477 642 κηρύττομεν
1506 606 1586 633 αὐτοῦ
1613 610 1660 637 τὴν
1684 608 1794 636 θεότητα
1810 616 1816 622 ”
1846 608 1958 645 ὁρῶντες

1155 649 1236 675 αὐτοῦ
1255 650 1288 676 τὰ
1306 651 1389 684 πάθη,
1416 650 1463 676 οὐκ
1497 650 1644 688 ἀρνούμεθα
1672 652 1752 679 αὐτοῦ
1780 654 1826 682 τὴν
1857 651 1958 689 ἀνθρω-

1154 696 1279 723 πότητα·
1308 693 1370 721 οὐδὲ
1398 696 1431 722 τὰ
1459 696 1580 732 θαύματα
1608 695 1678 733 δίχα
1707 698 1814 734 σαρκὸς,
1842 695 1904 723 οὐδὲ
1923 697 1957 722 τὰ

1155 740 1226 768 πάθη
1246 741 1332 776 χωρὶς
1359 744 1404 770 τῆς
1434 740 1562 771 θεότητος.
1588 744 1638 768 Καὶ
1658 742 1716 768 ἷστι
1740 740 1890 779 παράδοξόν
1917 742 1959 767 ὅτι

1157 783 1234 814 αὐτὸς
1250 782 1280 813 ἦν
1293 785 1306 809 6
1320 785 1444 820 πάσχων,
1458 787 1502 811 καὶ
1516 787 1552 821 μὴ
1573 787 1700 821 πάσχων·
1717 787 1830 822 πάσχων
1843 787 1899 822 μὲν,
1916 787 1959 812 ὅτι

1156 830 1185 854 τὸ
1200 826 1269 855 ἴδιον
1279 829 1358 855 αὑτοῦ
1373 831 1475 866 ἔπασχε
1491 834 1567 867 σῶμα
1581 839 1587 845 ·
1615 834 1659 857 καὶ
1672 830 1695 857 ἰν
1716 831 1785 868 αὐτῷ
1799 835 1836 867 τῷ
1852 834 1958 867 σώματι

1120 889 1139 917 Β
1158 871 1188 917 ἦν
1201 875 1236 909 μὴ
1262 875 1375 909 πάσχων
1389 874 1402 899 6
1422 878 1452 910 τῇ
1474 876 1549 910 φύσει
1577 877 1639 906 Θεὸς
1662 876 1707 908 ὢν,
1724 877 1736 902 6
1756 878 1839 911 Λόγος
1853 875 1958 906 ἀπαθὴς

1158 916 1200 947 ἦν.
1232 920 1282 945 Καὶ
1304 918 1381 950 αὐτὸς
1402 920 1447 955 μεν
1478 920 1490 945 6
1515 919 1653 956 ἀσώματος
1682 919 1713 950 ἦν
1737 920 1761 946 ἒν
1788 925 1825 956 τῷ
1844 921 1957 956 παθητῷ

1159 966 1261 999 σώματι
1278 970 1285 978 ·
1319 965 1348 989 τὸ
1382 961 1412 989 δὲ
1440 967 1517 1000 σῶμα
1547 962 1616 1000 εἶχεν
1637 964 1660 990 ἐν
1680 964 1762 1000 ἑαυτῷ
1790 967 1833 991 τὸν
1866 964 1955 995 ἀπαθῆ

1156 1010 1251 1043 Λόγον,
1283 1007 1440 1044 ἀφανίζοντα
1454 1009 1499 1039 τὰς
1530 1008 1661 1040 ἀσθενείας
1687 1009 1766 1035 αὑτοῦ
1793 1013 1839 1036 τοῦ
1865 1013 1957 1046 σώμα-

1156 1062 1200 1083 τος
1216 1062 1222 1069 ·
1253 1051 1346 1089 ἐνεργεῖ
1371 1054 1422 1090 γὰρ
1442 1053 1550 1090 ἑκατέρα
1576 1056 1662 1092 μορφὴ
1689 1055 1755 1091 μετὰ
1779 1058 1827 1085 τῆς
1847 1055 1956 1091 θατέρου

1156 1099 1300 1129 κοινωνίας,
1320 1098 1380 1134 ὅπερ
1406 1096 1475 1124 ῖδιον
1498 1100 1610 1134 ἔσχηκε,
1625 1103 1671 1125 τοῦ
1699 1100 1744 1135 μὲν
1759 1101 1846 1135 Λόγον
1865 1108 1956 1135 κατερ-

1155 1142 1298 1178 γαζομένου
1314 1146 1390 1168 τοῦτο
1414 1143 1474 1180 ὅπερ
1507 1142 1564 1169 ἐστὶ
1589 1147 1634 1169 τοῦ
1649 1145 1747 1179 Λόγον,
1775 1147 1821 1170 τοῦ
1844 1142 1873 1170 δὲ
1901 1146 1956 1169 σώ-

1155 1196 1235 1222 ματος
1260 1186 1416 1217 ἐκτελοῦντος
1448 1187 1512 1224 οἷπερ
1544 1187 1601 1214 ἐστὶ
1633 1192 1679 1214 τοῦ
1712 1191 1842 1224 σώματος.
1874 1191 1955 1214 Τοῦτο

1154 1233 1204 1268 γὰρ
1231 1233 1276 1257 καὶ
1300 1232 1313 1257 6
1338 1230 1361 1257 ἐν
1381 1231 1467 1266 ἁγίοις
1495 1231 1617 1269 Κύριλλος
1643 1232 1667 1258 ἐν
1691 1236 1726 1267 τῷ
1754 1232 1795 1269 λβ¹
1823 1232 1891 1268 λόγῳ
1910 1236 1956 1258 τοῦ

1156 1277 1290 1313 θησαυροῦ
1325 1274 1449 1302 διδάσκει
1479 1279 1525 1306 τὴν
1558 1279 1624 1313 πρὸς
1649 1277 1788 1313 Ῥωμαίους
1812 1277 1955 1315 ἑρμηνεύων

1155 1318 1309 1349 Ἐπιστολὴν
1325 1328 1332 1334 ·
1363 1321 1401 1346 Οὐ
1417 1319 1503 1349 δήπου
1530 1324 1590 1358 μίαν
1612 1321 1676 1348 εἶναι
1696 1324 1807 1358 φυσικὴν
1825 1324 1871 1350 τὴν
1887 1321 1953 1358 ἐνέρ-

1153 1374 1224 1400 γιιαν
1258 1363 1376 1402 δώσομεν
1405 1361 1469 1392 Genii
1501 1369 1546 1392 καὶ
1576 1369 1735 1402 ποιήματος,
1755 1367 1795 1392 ἱνα
1821 1369 1886 1402 μήτε
1923 1368 1953 1392 τὸ

1153 1411 1259 1439 ποιηθὲν
1290 1409 1326 1440 εἰς
1357 1412 1404 1439 τὴν
1440 1411 1508 1436 θείαν
1546 1410 1716 1447 ἀναγάγωμεν
1749 1411 1851 1445 οὐσίαν,
1889 1413 1956 1447 μήτε

1153 1456 1204 1490 μὴν
1225 1458 1273 1485 τῆς
1300 1455 1369 1485 Θείας
1385 1456 1485 1491 φύσεως
1504 1457 1532 1481 τὸ
1555 1455 1683 1492 ἐξαίρετον
1703 1455 1737 1486 εἰς
1765 1457 1806 1481 τὸν
1826 1459 1879 1486 τοῖς
1897 1465 1956 1491 γεν-

1151 1502 1234 1529 νητοῖς
1261 1501 1392 1536 πρέποντα
1421 1500 1610 1535 καταγάγωμεν
1635 1502 1724 1534 τόπον,
1757 1500 1786 1526 Ὀ
1820 1500 1897 1531 αὐτὸς
1926 1498 1957 1528 δε

1152 1543 1224 1579 ἅγιος
1255 1546 1346 1581 Πατὴρ
1366 1546 1411 1569 καὶ
1431 1543 1454 1570 ἐν
1487 1548 1542 1575 τοῖς
1566 1546 1628 1581 πρὸς
1648 1543 1793 1571 Θεοδόσιον
1825 1546 1860 1571 τὰ
1890 1545 1957 1571 αὐτὰ

1154 1590 1221 1624 ἡμᾶς
1254 1586 1409 1614 ἐκδιδάσκει
1439 1588 1518 1624 λέγων
1539 1597 1545 1603 ⁸
1576 1600 1590 1614 ‹(
1609 1589 1686 1615 Ὀλον
1715 1589 1759 1626 ὅλῃ
1789 1587 1957 1618 συνηνώσθαί

1154 1643 1233 1669 φαμεν
1257 1637 1287 1669 τῇ
1312 1634 1371 1659 καθ’
1400 1635 1469 1669 ἡμᾶς
1496 1633 1677 1671 ἀνθρωποτητι
1700 1636 1743 1660 τὸν
1771 1633 1799 1660 ἐκ
1819 1637 1883 1661 Θεοῦ
1905 1636 1956 1661 Λό-

1153 1687 1197 1713 γον
1214 1685 1220 1692 ”
1242 1678 1271 1703 οὐ
1297 1679 1347 1715 γάρ
1367 1687 1417 1704 που
1436 1680 1465 1704 τὸ
1491 1679 1594 1714 ἄμεινον
1623 1678 1647 1704 ἐν
1674 1679 1747 1715 ἡμῖν⁷
1768 1681 1887 1705 τουτέστι
1905 1678 1956 1713 ψυ-

1155 1726 1218 1758 χήν,
1243 1721 1348 1754 οὐδενος
1367 1722 1397 1749 ἂν
1421 1723 1518 1754 ἠξίωσε
1541 1723 1618 1759 λόγου
1638 1726 1703 1760 μόνῃ
1737 1722 1898 1760 δωρούμενος
1922 1726 1954 1759 τῇ

1157 1771 1235 1804 σαρκὶ
1268 1771 1313 1797 τῆς
1344 1766 1486 1803 ἐπιδημίας
1518 1770 1578 1798 τοὺς
1605 1768 1706 1804 λόγους.
1733 1768 1889 1806 Ἐπράττετο
1928 1767 1957 1795 δε

1156 1810 1192 1837 δι’
1222 1811 1316 1848 ἀμφοῖν
1353 1812 1437 1842 καλῶς
1464 1817 1511 1843 τῆς
1544 1813 1693 1849 οἰκονομίας
1728 1815 1756 1839 τὸ
1786 1815 1954 1849 μυστήριον*

1156 1859 1360 1893 προσεχρήσατο
1385 1858 1501 1893 καθάπερ
1528 1857 1629 1893 ὀργάνῳ
1647 1861 1678 1893 τῇ
1706 1855 1763 1893 ἰδίᾳ
1789 1859 1868 1893 σαρκὶ
1892 1859 1954 1893 πρὸς

1154 1902 1186 1927 τὰ
1201 1902 1297 1938 σαρκός
1316 1903 1380 1938 ἔργα
1401 1911 1428 1927 τε
1451 1904 1496 1927 καὶ
1511 1901 1705 1939 ἀρρωστήματα
1719 1902 1818 1937 φυσικὰ
1843 1903 1889 1927 καὶ
1904 1902 1955 1927 ὅσα

1154 1949 1245 1982 μώμου
1265 1947 1366 1982 μακράν
1383 1957 1389 1962 ·
1412 1946 1487 1982 ψυχῇ
1503 1944 1528 1972 δ’
1549 1946 1614 1983 αὐτῇ
1639 1945 1696 1982 ἰδίᾳ
1714 1947 1779 1982 πρὸς
1801 1947 1832 1972 τὰ
1852 1944 1951 1982 ἀνθρώε

1153 1992 1216 2017 πινά
1243 2000 1270 2016 τε
1293 1994 1337 2017 καὶ
1362 1990 1503 2017 ἀννπαίτια
1531 1992 1602 2020 πάθη
1619 1999 1626 2006 ’
1660 1993 1781 2019 πεινῆσαι
1808 1991 1860 2026 γὰρ
1883 1989 1955 2025 λέγε-

1153 2045 1206 2068 ται,
1235 2038 1327 2065 πόνους
1349 2044 1376 2061 τι
1409 2036 1554 2071 ὑπενεγκεῖν
1573 2037 1632 2066 τοὺς
1654 2034 1682 2061 ἐκ
1714 2038 1819 2071 μακρῶν
1847 2033 1955 2061 ὁδοιπο-

1153 2083 1226 2117 ριῶν,
1247 2082 1371 2110 πτοήσεις
1389 2089 1416 2106 τε
1442 2082 1487 2106 καὶ
1517 2079 1612 2116 φόϐους
1639 2082 1684 2106 καὶ
1710 2079 1793 2108 λύπην
1824 2081 1870 2105 καὶ
1891 2079 1957 2115 ἀγω-

1153 2127 1209 2150 νίαν
1239 2127 1284 2151 καὶ
1311 2127 1354 2151 τὸν
1384 2124 1422 2151 ἐπὶ
1452 2129 1487 2159 τῷ
1513 2129 1617 2161 σταυρῷ
1648 2125 1768 2153 θάνατον.
1797 2126 1959 2160 Ἐπαναγκά-

1155 2169 1244 2200 ζοντος
1261 2171 1311 2206 γὰρ
1338 2168 1444 2201 οὐδενος
1463 2171 1551 2198 ἔθηκεν
1568 2169 1610 2205 ἀφ’
1634 2169 1726 2195 ἑαυτοῦ
1746 2171 1792 2198 τὴν
1818 2167 1889 2195 ἰδίαν
1906 2165 1959 2205 ψνξ

1154 2217 1207 2250 χὴν
1237 2215 1299 2252 ὑπὲρ
1333 2215 1415 2251 ἡμῶν,
1447 2216 1487 2240 ἳνα
1516 2217 1560 2240 καὶ
1589 2218 1682 2251 νεκρῶν
1709 2216 1754 2240 καὶ
1786 2214 1889 2244 ζώντων
1912 2224 1957 2240 χυ-

1154 2261 1246 2297 ριεύσῃ
1264 2268 1271 2275 ο
1293 2261 1379 2296 σάρκα
1399 2261 1444 2295 μὲν
1470 2261 1516 2288 τὴν
1545 2257 1615 2285 ἰδίαν
1640 2263 1687 2290 τῆς
1712 2258 1832 2285 ἁπάντων
1860 2261 1958 2295 σαρκὸς

1155 2304 1292 2334 ἀποτιννὺς
1318 2304 1419 2334 ἀληθῶς
1452 2302 1535 2340 δῶρον
1564 2303 1705 2335 ἀντάξιον’
1724 2303 1816 2339 ψυχήν
1846 2302 1872 2329 δ’
1900 2303 1956 2329 ἀντὶ

1155 2349 1247 2384 ψυχῆς
1270 2348 1419 2385 ἀντίλυτρον
1446 2354 1496 2375 τῶν
1525 2349 1645 2375 ἁπάντων
1663 2349 1815 2384 ποιούμενος
1831 2356 1838 2362 ·
1870 2348 1892 2373 εἰ
1910 2350 1955 2373 καὶ

1157 2393 1248 2420 ἀνεϐίω
1276 2395 1352 2420 πάλιν
1378 2394 1431 2424 ζωὴ
1463 2394 1530 2420 κατὰ
1559 2395 1635 2429 φύσιν
1661 2393 1789 2430 ὑπάρχων
1812 2393 1844 2421 ὡς
1864 2393 1926 2422 Θεὸς
1947 2399 1953 2407 ‘

1157 2438 1186 2465 οὐ
1210 2440 1260 2474 γάρ
1293 2448 1332 2464 τοι
1362 2439 1434 2474 Θέμις
1462 2438 1539 2464 εἰπεῖν
1560 2439 1643 2474 φθορᾷ
1671 2439 1715 2474 μὲν
1744 2435 1874 2463 δύνασθαι
1892 2446 1954 2473 κρα-

1157 2484 1260 2509 τεῖσθαί
1285 2492 1347 2509 ποτε
1372 2483 1506 2509 ἑνωθεῖσαν
1527 2487 1562 2518 τῷ
1587 2486 1664 2518 Λογῳ
1681 2483 1774 2517 σάρκα,
1790 2481 1906 2517 κάτοχον
1926 2479 1956 2507 6“:

1158 2528 1248 2558 αὐταῖς
1268 2526 1335 2563 ᾅδου
1354 2528 1448 2558 πύλαις
1469 2530 1515 2557 τὴν
1532 2529 1601 2554 θείαν
1624 2528 1745 2563 γενέσθαι
1768 2525 1860 2562 ψυχήν
1878 2534 1883 2539 ’
1901 2525 1958 2551 Οὐκ

1157 2572 1338 2609 ἐγκατελείφθη
1372 2574 1423 2610 γὰρ
1458 2572 1491 2603 εἰς
1529 2570 1607 2607 ᾅδου,
1643 2573 1712 2598 καθὰ
1743 2574 1788 2597 καὶ
1815 2571 1828 2596 ό
1867 2571 1958 2596 θεσπέ-

1159 2627 1213 2649 σιος
1234 2619 1280 2654 ἔφη
1306 2620 1410 2655 Πέτρος.
1438 2617 1476 2643 Οὐ
1502 2618 1553 2654 γὰρ
1572 2617 1642 2644 ἔστιν
1670 2616 1747 2643 εἰπεῖν
1767 2617 1800 2646 ὡς
1823 2618 1871 2644 τὴν
1893 2615 1958 2644 ἄλη-

1156 2788 1229 2816 Citat
1241 2796 1343 2816 rursus
1355 2787 1472 2822 Agatho
1494 2795 1575 2823 papa
1588 2787 1618 2814 in
1631 2786 1758 2823 epistola
1772 2785 1810 2814 ad
1825 2785 1957 2821 impera-

1154 2827 1268 2852 ratores
1285 2821 1397 2852 Concil}
1415 2821 1508 2851 Labb'.
1524 2821 1545 2851 ιζ
1562 2823 1608 2856 Vi,
1625 2821 1658 2858 p'.
1673 2824 1724 2850 663
1736 2821 1768 2850 b.
