4126 6228
284 330 359 385 89
1608 294 1951 390 THESAURI
1999 334 2125 391 LIB.
2166 333 2327 393 xvn.
3578 334 3649 389 90

285 473 421 508 πτον
449 453 808 515 παντελῶςκαὶ
839 453 1092 509 ἀνάλωτον
1119 462 1190 528 τῷ
1214 457 1415 529 θανοίτῳ
1438 458 1620 529 φύσιν,
1648 461 1890 511 τουτέστι

2019 458 2365 519 nabitaverit
2388 459 2464 517 de
2496 462 2614 517 Deo
2644 459 2926 530 Verbum,
2958 474 3098 517 cum
3147 457 3383 516 deitatis
3437 456 3648 513 virtute

285 549 387 603 τήν
419 546 641 602 θεότητα
663 550 756 597 τοῦ
786 550 1106 618 Μονογενοῦς
1133 547 1235 598 ὑπὸ
1281 548 1454 619 χθόνα
1497 554 1686 621 μυχῶν
1713 545 1890 601 ἀνακε-

2020 564 2072 605 ιο
2102 552 2339 619 natura,
2370 548 2721 607 mirabiliter
2748 565 2819 607 ac
2850 564 3038 622 supra
3071 549 3133 605 id
3158 548 3327 622 quod
3379 546 3497 604 dici
3540 561 3649 619 po—

286 635 551 706 κομίσθαι
572 637 804 707 φήσομεν
831 656 845 669 ·
878 634 940 687 οὗ
966 638 1070 708 γὰρ
1100 634 1160 686 ἂν
1181 635 1377 698 ἠξιώθη
1401 638 1459 688 1'6
1479 644 1672 711 χρῆμα
1694 633 1893 710 θαῦμα-

2018 638 2136 709 est,
2182 638 2388 697 omnia
2452 639 2718 713 impleat,
2770 643 2951 714 atque
3009 640 3071 696 in
3122 638 3301 696 nobis
3361 636 3647 695 omnibus

287 742 397 784 τος,
428 722 474 775 εἰ
501 727 780 796 μεμένηκεν
807 722 879 787 εἰς
908 727 995 776 τὸν
1019 720 1157 796 ᾅδην
1187 724 1212 776 ὁ
1240 722 1296 776 ἐκ
1322 731 1456 778 Θεοῦ
1488 728 1672 797 Λόγος,
1704 735 1768 799 τῇ
1803 735 1894 790 τῆς

2016 728 2311 787 .nhabitet.
2372 729 2594 786 Deinde
2645 745 2924 804 pergens,
2974 729 3105 787 haec
3157 729 3374 786 iterum
3431 726 3574 784 dicit
3632 743 3645 782 :

292 811 539 873 θεότητος
568 812 795 887 ἐνεργείᾳ
821 832 877 866 τε
906 817 996 865 καὶ
1026 816 1178 886 φύσει
1208 810 1522 889 παραδόξως
1551 833 1603 868 τε
1632 820 1721 869 καὶ
1764 817 1890 893 ὑπὲρ

2021 840 2029 868 ι
2073 821 2347 877 Humana
2375 819 2696 877 inﬁrmitas
2725 824 2816 877 est
2844 836 3031 889 mors,
3062 819 3248 876 virtus
3277 832 3420 875 vero
3445 817 3650 873 divina

289 898 452 972 λόγον
496 900 705 975 πληρῶν
735 904 805 954 τὰ
850 905 1021 955 πάντα
1060 902 1158 955 καί
1200 909 1313 965 τοῖς
1346 910 1508 957 πᾶσιν
1539 901 1830 978 ἐπιδημῶν.
1864 928 1892 957 ››

2019 910 2413 977 resurrectio;
2471 931 2500 960 ››
2566 910 2892 967 ostendens
2955 909 3124 983 quod
3187 908 3280 964 his
3345 906 3648 964 ambabus

294 985 428 1043 Εἶτα
451 996 648 1065 προῖὼν
672 998 745 1062 τῷ
764 990 903 1064 λόγῳ
938 998 1107 1045 ταῦτα
1128 991 1283 1045 πάλιν
1313 997 1471 1067 φησίν
1505 1014 1518 1028 ο
1548 1016 1578 1044 (ι
1606 993 1893 1070 Ἀνθρώπι-

2020 998 2367 1069 ignoscitur,
2393 996 2615 1055 scilicet
2639 999 2791 1054 inter
2814 1014 2927 1054 nos
2956 1014 3088 1054 esse
3135 996 3315 1054 simul
3370 1001 3427 1053 et
3465 1011 3649 1068 supra

288 1096 379 1130 νον
524 1082 585 1131 τὸ
610 1081 855 1132 τεθνάναι
882 1082 1067 1149 πάθος,
1101 1080 1360 1156 ἐνέργημα
1391 1078 1449 1135 δὲ
1481 1084 1648 1135 θεῐκόν
1689 1087 1746 1136 τὸ
1777 1082 1895 1137 ἁνα-

2019 1102 2114 1142 1os
2144 1092 2208 1143 ut
2241 1089 2447 1143 Deum.
2501 1088 2754 1145 Videsne
2797 1088 3108 1160 quomodo
3151 1086 3249 1143 hic
3288 1083 3648 1144 venerabilis

291 1166 483 1221 ϐιῶναι
513 1190 528 1204 υ
565 1192 595 1221 »
629 1165 834 1232 δεικνὺς
859 1169 896 1222 ἂ
925 1167 999 1223 δι’
1028 1168 1216 1244 ἀμφοῖν
1259 1175 1571 1247 γνωρίζεται
1612 1173 1727 1227 καθ’
1755 1176 1894 1248 ἡμᾶς

2019 1178 2173 1232 ?ater
2201 1177 2462 1232 duarum
2481 1182 2836 1234 naturarum
2866 1176 3113 1234 virtutes
3135 1176 3198 1233 in
3226 1190 3349 1231 una
3364 1174 3648 1247 hyposta-

288 1276 349 1310 τε
375 1257 493 1332 ἅμα
521 1277 612 1312 και
642 1259 771 1334 ὑπερ
801 1261 944 1332 ἡμᾶς
962 1260 1028 1320 ὡς
1048 1263 1201 1323 Θεὸς.
1225 1265 1381 1335 Ὁρᾷς
1404 1262 1541 1322 ὅπως
1559 1263 1584 1314 ὁ
1609 1260 1895 1335 σεϐάσμιος

2018 1264 2053 1320 si
2082 1281 2189 1321 seu
2217 1280 2341 1322 una
2370 1280 2629 1338 persona
2658 1266 2868 1323 Christi
2895 1266 2994 1323 Dei
3020 1264 3210 1322 nostri
3231 1262 3647 1322 demonstrat?

290 1347 451 1410 οὗτος
478 1351 665 1422 Πατὴρ
696 1350 787 1409 τὰς
814 1356 918 1401 τῶν
976 1345 1073 1402 δύο
1122 1352 1323 1422 φύσεων
1372 1349 1626 1426 ἐνεργείας
1672 1350 1755 1404 ἐπὶ
1802 1360 1894 1414 τῆς

2015 1354 2083 1409 Et
2107 1354 2295 1424 paulo
2316 1362 2449 1424 post
2476 1371 2490 1411 :
2524 1354 2770 1420 Deinde,
2801 1358 3045 1428 propter
3073 1368 3185 1410 nos
3219 1353 3402 1409 homo
3432 1339 3644 1417 factus,

290 1442 418 1509 μιᾶς
449 1438 790 1500 ὑποστάσεως
816 1440 938 1496 ἤτοι
963 1444 1055 1491 τοῦ
1074 1438 1182 1501 ἐνὸς
1209 1444 1492 1514 προσώπου
1524 1448 1759 1516 Χριστοῦ
1801 1447 1892 1494 τοῦ

2016 1442 2260 1498 visibilis
2284 1442 2735 1517 tractabilisque
2763 1443 2956 1500 factus
2984 1447 3095 1499 est.
3136 1443 3405 1514 Cumque
3434 1438 3645 1496 divinis

292 1532 430 1580 Θεοῦ
460 1528 608 1598 ἡμῶν
636 1523 1025 1600 παραδίδωσι;
1072 1532 1175 1582 Καὶ
1231 1528 1341 1602 μετ’
1391 1528 1543 1602 ὀλίγα
1572 1551 1585 1564 ·
1632 1529 1761 1584 Εἶτα
1819 1526 1893 1584 δι’

2024 1534 2186 1604 itque
2213 1531 2500 1589 humanis
2527 1532 2841 1589 virtutibus
2872 1532 2936 1588 in
2961 1531 3271 1588 divinitate
3306 1545 3377 1587 ac
3426 1529 3653 1586 huma~

292 1615 431 1687 ἡμᾶς
454 1614 723 1691 ἄνθρωπος
766 1621 1054 1690 γενόμενος,
1105 1619 1294 1691 ὁρατὸς
1328 1622 1419 1671 καὶ
1460 1618 1765 1690 ψηλαφητός
1810 1624 1893 1693 γέ-

2017 1622 2188 1679 1itate
2218 1638 2350 1680 esse
2380 1623 2780 1698 apparuisset,
2809 1622 2985 1679 nobis
3019 1619 3509 1695 cognoscendum
3537 1618 3646 1676 de—

292 1722 411 1775 γονε
445 1726 457 1739 ·
488 1709 581 1757 καὶ
610 1701 707 1757 διὰ
724 1714 827 1757 τῶν
861 1706 1010 1759 θείων
1037 1726 1092 1759 τε
1120 1711 1210 1760 καὶ
1258 1705 1590 1784 ἀνθρωπίνων
1634 1707 1892 1784 ἐνεργειῶν

2015 1711 2090 1768 iit
2117 1727 2178 1768 se
2209 1728 2282 1768 ex
2312 1712 2462 1786 ipsis
2517 1712 2839 1769 subsistere
2885 1711 3109 1785 quibus
3153 1710 3486 1784 patefactus
3536 1712 3644 1765 est.

296 1795 616 1868 φανηρωθεὶς
644 1795 909 1868 ὑπάρχειν
937 1793 985 1847 ἐν
1016 1797 1221 1855 θεότητι
1265 1801 1355 1850 καὶ
1394 1796 1776 1871 ἆνθρωπότητι,
1810 1794 1894 1852 δέ·
1924 1832 1925 1837 η

2018 1800 2098 1857 Sic
2119 1817 2261 1873 ergo
2288 1802 2481 1860 sancti
2502 1804 2700 1858 Patres
2722 1802 2834 1858 has
2851 1800 3063 1858 ambas
3078 1815 3257 1856 voces
3273 1798 3647 1866 conﬁtentes,

296 1880 461 1936 δωκεν
489 1884 617 1956 ἡμῖν
645 1890 926 1956 γινώσκειν
956 1886 1037 1938 ὅτι
1065 1885 1115 1938 ἐν
1145 1887 1223 1948 οἷς
1244 1885 1498 1958 ἐγνώσθη,
1528 1886 1582 1950 ἐξ
1611 1886 1779 1939 αὐτῶν
1805 1906 1894 1940 συ‹

2019 1905 2189 1946 inam
2224 1891 2447 1948 scilicet
2472 1891 2547 1947 de
2567 1891 2783 1947 deitate
2814 1895 2994 1963 atque
3021 1889 3272 1946 alteram
3310 1888 3385 1944 de
3435 1887 3648 1945 huma-

293 1977 539 2026 νίσταται
568 1994 583 2007 ο
610 1974 749 2027 οὕτω
775 1976 878 2050 γὰρ
910 1980 999 2028 καὶ
1020 1978 1069 2027 οἱ
1087 1976 1227 2048 ἅγιοι
1245 1979 1468 2049 Πατέρες
1493 1974 1781 2053 ἀμφοτέρας
1799 1979 1894 2040 τὰς

2017 1978 2211 2049 nitate,
2240 1996 2313 2037 ex
2338 1986 2593 2052 utraque
2620 1979 3029 2035 inconcretam
3061 1982 3241 2051 atque
3270 1975 3646 2033 individuam

295 2064 461 2135 φωνὰς
490 2060 878 2136 ὁμολολοῦντες,
909 2067 1151 2116 τουτέστι
1183 2068 1274 2116 καὶ
1321 2068 1413 2123 τὴν
1442 2062 1496 2116 ἐκ
1536 2066 1775 2126 θεότητος
1803 2071 1890 2120 καὶ

2018 2069 2407 2126 Bconomiam
2461 2068 2670 2140 magni
2717 2068 2819 2125 Dei
2876 2066 3063 2124 nostri
3135 2065 3454 2123 Salvatoris
3509 2067 3647 2120 Jesu

296 2151 693 2227 ἆνθρωπότητος
719 2148 795 2206 δι’
825 2152 1072 2228 ἑκατέρας
1098 2153 1268 2206 αὐτῶν
1297 2156 1356 2206 τὸ
1387 2151 1695 2226 ἁσύγχυτόν
1719 2174 1775 2208 τε
1803 2160 1893 2209 καὶ

876 2157 1072 2228 ιατέρας
1098 2153 1268 2206 αὐτῶν
1297 2156 1356 2206 τὸ
1387 2151 1695 2226 ἁσύγχυτόν
1719 2174 1775 2208 τε
1803 2160 1893 2209 καὶ
2003 2157 2212 2215 Christi
2242 2158 2505 2217 tradunt.

298 2240 599 2319 ἆδιαίρετον
622 2252 718 2306 τῆς
745 2244 1048 2318 οἰκονομίας
1074 2251 1166 2299 τοῦ
1193 2243 1420 2317 μεγάλου
1451 2252 1584 2299 Θεοῦ
1605 2251 1694 2299 καὶ
1723 2253 1894 2307 Σωτῆ-

305 2352 397 2406 ρος
420 2336 568 2405 ἡμῶν
596 2334 771 2392 Ἰησοῦ
808 2341 1045 2410 Χριστοῦ
1074 2330 1489 2410 παραδιδόασιν.

1390 2680 1460 2768 Ν
1470 2680 1809 2769 lCET/E
1974 2679 2555 2770 CHONIAT/E

848 2844 975 2915 EX
1018 2843 1288 2913 LIBRO
1335 2843 1529 2915 XVII
1572 2842 2026 2916 THESAURI
2074 2842 2661 2915 ORTHODOXJE
2708 2843 2945 2913 FIDEI
2992 2842 3086 2934 (α)

615 3115 750 3185 Περὶ
779 3112 1028 3185 αἱρέσεων
1055 3120 1154 3167 τῶν
1181 3111 1572 3187 Ἀρμενίων
1923 3114 1987 3173 C.

1923 3114 1987 3173 ϐ.
2357 3114 2443 3171 De
2481 3114 2803 3172 haeresibus
2843 3113 3289 3171 Armeniorum.

354 3232 425 3289 α’.
454 3236 561 3293 Τὴν
584 3239 712 3308 μίαν
738 3232 825 3289 ἐπὶ
866 3243 1101 3310 Χριστοῦ
1131 3241 1287 3312 φύσιν
1332 3241 1423 3291 καὶ
1471 3241 1599 3311 μίαν
1643 3236 1893 3312 ἐνίργείαν

2078 3243 2126 3295 1.
2152 3239 2343 3295 Unam
2372 3239 2434 3295 in
2464 3238 2692 3297 Christo
2722 3243 3003 3295 naturam
3029 3240 3086 3293 et
3110 3251 3296 3292 unam
3352 3232 3642 3308 operandi

283 3323 427 3375 οὕτω
452 3333 739 3400 πειρῶνται
765 3324 1027 3400 ’Δρμένιοι
1050 3331 1318 3404 κρατύνειν
1343 3348 1356 3361 ο
1390 3327 1436 3381 εἰ
1462 3325 1559 3380 δύο
1581 3332 1739 3400 φασὶν
1760 3330 1895 3401 svsp-

2011 3326 2349 3384 facultatem
2380 3329 2622 3384 Armeni
2640 3329 2757 3385 hoc
2787 3327 2970 3383 modo
2983 3325 3342 3383 conﬁrmare
3362 3323 3603 3381 student
3628 3341 3640 3380 :

280 3417 437 3484 γείας
466 3412 555 3466 ἐπὶ
578 3421 821 3487 Χριστοῦ
848 3410 1084 3488 δοίημεν,
1111 3416 1421 3489 συνέψονται
1449 3419 1657 3478 πάντως
1678 3419 1893 3478 ταύταις

2012 3416 2062 3474 Si
2091 3417 2246 3474 duas
2280 3417 2510 3474 Christo
2535 3416 2829 3489 operandi
2882 3415 3195 3473 facultates
3244 3412 3641 3483 attribuimus,

283 3508 376 3554 καὶ
408 3498 513 3554 δύο
542 3503 812 3577 θελήματα
842 3526 856 3539 ·
885 3505 929 3558 εἰ
956 3502 1017 3559 δὲ
1043 3513 1217 3577 τοῦτο,
1244 3504 1298 3571 ἐξ
1326 3505 1560 3579 ἀνάγκης
1577 3511 1667 3560 καὶ
1680 3503 1777 3560 δυο
1802 3526 1894 3560 συ-

2017 3505 2136 3562 iuae
2162 3507 2503 3562 necessario
2525 3506 2864 3562 voluntates
2885 3502 3255 3562 stabiliendae
3277 3507 3421 3558 sunt
3444 3517 3457 3568 ;
3480 3501 3646 3575 quod

282 3593 555 3663 κισαχθή
564 3611 748 3646 σονται
772 3599 1050 3670 πρόσωπα.

2014 3597 2058 3651 si
2084 3595 2448 3667 conceditur,
2473 3595 2610 3652 dua:
2640 3610 2911 3668 personas
2940 3599 3227 3651 emanent
3252 3606 3494 3649 necesse
3514 3589 3643 3649 erit.

360 3685 507 3754 Ηρός
537 3677 598 3735 δί
620 3690 788 3736 ταῦτα
810 3684 972 3746 οὕτως
1002 3683 1176 3746 αὐτοῖς
1201 3684 1477 3739 ἁντίπεσον
1508 3687 1558 3739 οἱ
1588 3687 1823 3761 θεοφόροι

2106 3684 2207 3741 Ad
2236 3685 2347 3743 hoc
2375 3690 2573 3743 autem
2602 3687 2690 3743 sic
2724 3686 2849 3741 illis
2881 3685 3076 3741 divini
3103 3684 3319 3742 Patres
3346 3681 3541 3738 nostri

887 3777 1109 3847 Hars'psg
1144 3775 1175 3832 ἡ
1182 3782 1311 3847 μῶν.
1854 3840 1861 3850 ,

1854 3840 1861 3850 I
2594 3775 3050 3846 responderunt.
3117 3765 3122 3771 ’

358 3898 436 3949 Τὸ
478 3899 702 3968 φυσικὸν
748 3896 944 3971 θέλημα
991 3893 1142 3951 οὐδὲν
1198 3897 1323 3952 ἄλλο
1382 3899 1526 3953 ἐστὶν
1574 3898 1605 3959 ἦ
1670 3895 1894 3974 δύναμις

2072 3897 2369 3957 Naturalis
2396 3896 2673 3955 voluntas
2702 3898 2848 3955 nihil
2878 3898 3043 3955 aliud
3066 3901 3156 3954 est
3179 3912 3365 3970 quam
3414 3894 3506 3951 vis
3536 3894 3644 3951 hu-

284 3990 382 4037 τοῦ
428 3988 572 4038 κατὰ
618 3988 774 4059 φύσιν
800 3990 945 4050 ὄντος
989 3986 1253 4062 ὀρεκτικὴ,
1307 3992 1398 4042 καὶ
1440 3997 1539 4041 τῶν
1591 3985 1890 4063 ἰδιωμάτων

2027 4005 2097 4044 us
2121 3987 2288 4064 quod
2314 3987 2648 4044 secundum
2674 3993 2955 4044 naturam
3013 3990 3101 4043 est
3146 3986 3483 4059 appetitum
3521 4000 3647 4040 mo-

288 4080 579 4134 συνεκτική
627 4084 726 4128 τῶν
772 4083 836 4148 τῇ
885 4078 1032 4149 φύσει
1084 4081 1385 4151 προσόντων
1436 4075 1729 4149 οῦσιωδῶς,
1772 4078 1893 4132 καθ’

2017 4095 2144 4135 rens
2204 4077 2719 4152 proprietatesque
2774 4076 3176 4149 complectens
3224 4091 3362 4147 qua
3416 4077 3646 4133 natura

286 4164 351 4222 ἦν
431 4162 514 4217 ἀεὶ
569 4173 643 4237 τῷ
711 4167 863 4238 φύσει
936 4165 1184 4238 θελητικῷ
1253 4169 1313 4219 τὸ
1379 4171 1656 4240 πεφυκέναι
1733 4168 1890 4221 θέλειν

2018 4166 2389 4224 assentialiter
2409 4166 2630 4235 insunt,
2653 4181 2724 4221 ex
2745 4180 2869 4238 qua
2890 4178 3129 4236 semper
3152 4163 3523 4221 voluntatem
3542 4161 3647 4218 ba-

285 4252 585 4326 ὶριπέφυκεν
617 4275 632 4289 ο
686 4254 747 4307 οῦ
803 4259 993 4308 ταυτὸν
1033 4252 1093 4309 δὲ
1151 4258 1210 4308 1'6
1269 4260 1546 4329 πεφυκέναι
1602 4256 1759 4309 θέλειν
1800 4262 1892 4311 καὶ

2018 4258 2165 4313 )enti
2194 4269 2372 4328 posse
2392 4252 2538 4310 velle
2566 4254 2737 4310 inest.
2772 4256 2900 4310 Non
2926 4258 3126 4310 autem
3157 4252 3317 4309 idem
3342 4256 3431 4309 est
3466 4266 3647 4326 posse

287 4343 457 4396 θέλειν
499 4342 643 4396 ἐστίν
674 4364 688 4378 ⁸
743 4346 917 4419 ὥσπερ
967 4342 1092 4398 οῦδὲ
1136 4348 1194 4397 τὸ
1249 4348 1530 4418 πεφυκέναι
1584 4344 1750 4399 λαλεῖν
1800 4352 1892 4400 καὶ

2019 4345 2153 4402 velle
2183 4348 2241 4400 et
2268 4343 2440 4409 velle,
2470 4341 2991 4416 quemadmodum
3016 4357 3127 4398 nec
3156 4341 3319 4398 idem
3348 4346 3438 4399 est
3463 4356 3648 4414 posse

282 4433 465 4486 λαλεῖν
514 4454 530 4467 -
582 4436 775 4505 πέφυκε
830 4437 919 4507 μὲν
974 4436 1074 4510 γὰρ
1130 4432 1208 4487 ἀεὶ
1260 4438 1318 4489 τὸ
1358 4434 1649 4493 ¹Ἆαλητικόν
1700 4435 1889 4506 λαλεῖν,

2021 4432 2184 4506 oqui,
2213 4437 2271 4489 et
2299 4428 2486 4504 loqui.
2539 4431 2711 4498 Quod
2756 4430 2918 4487 enim
2966 4429 3313 4487 facultatem
3360 4427 3648 4504 loquendi

280 4522 437 4576 λαλεῖ
465 4518 528 4575 δὲ
577 4522 672 4575 οὐκ
720 4521 799 4575 ἀεί
834 4543 848 4557 ο
899 4520 1080 4584 ἐπειδὴ
1130 4527 1189 4576 τὸ
1237 4526 1328 4597 μὶν
1366 4523 1550 4586 οὐσίας
1599 4523 1713 4577 ἐστὶ
1752 4522 1891 4597 λόγῳ

2017 4521 2202 4591 nabet,
2233 4524 2432 4594 potest
2462 4535 2699 4593 semper
2720 4519 2907 4593 loqui,
2925 4536 3049 4576 non
3071 4524 3271 4576 autem
3298 4532 3536 4589 semper
3562 4516 3646 4573 Io-

284 4615 500 4685 φύσεως
565 4616 926 4686 συνεχόμενον,
990 4616 1050 4666 τὸ
1117 4608 1177 4667 δε
1245 4611 1465 4686 βουλῆς,
1516 4620 1579 4685 τῇ
1646 4621 1739 4666 τοῦ
1793 4613 1890 4666 λα-

2020 4611 2237 4686 luitur;
2270 4614 2335 4667 ut
2359 4610 2520 4667 enim
2546 4609 2759 4683 possit,
2790 4610 2850 4665 in
2872 4610 3101 4667 ratione
3122 4614 3353 4666 naturae
3379 4618 3649 4679 compre-

281 4703 499 4763 ὶοῦντος
551 4707 732 4775 γνώμῃ
790 4705 1111 4776 τυπούμενον
1152 4725 1165 4738 ·
1225 4704 1358 4756 ὥστε
1407 4705 1609 4776 φύσεως
1667 4706 1758 4776 μὲν
1810 4701 1890 4756 ἀεὶ

2020 4699 2283 4758 ienditur
2305 4715 2319 4767 ;
2345 4703 2411 4757 ut
2431 4703 2634 4756 autem
2654 4697 2814 4770 velit,
2839 4698 3143 4773 loquentis
3160 4702 3359 4754 mente
3380 4693 3649 4753 determi-

360 4880 447 4953 (I)
491 4882 715 4953 Contra
736 4880 939 4953 varias
984 4880 1253 4953 haereses
1294 4879 1715 4953 Armeniorum
1763 4894 1887 4936 non
1998 4877 2134 4953 lect.
2166 4880 2315 4953 Va_t._,
2348 4881 2388 4934 t.
2422 4879 2484 4945 Χ,
2508 4876 2731 4953 ﬁn.,_p.
2761 4879 2858 4953 27_l
2887 4878 2944 4930 et
2962 4890 3052 4948 pr.
3075 4890 3137 4953 p_.
3170 4874 3350 4953 αξη),
3404 4870 3506 4953 aio_
3537 4886 3651 4953 .me

284 4942 494 5025 pauca
524 4951 645 5008 alia
670 4951 1018 5025 praecedunt
1040 4952 1102 5008 in
1123 4951 1353 5025 codice,
1375 4966 1512 5025 quos
1536 4951 1758 5025 idcirco
1779 4968 1892 5008 nos
1998 4949 2217 5025 vidisse
2246 4942 2531 5025 idoneam
2560 4942 2735 5025 hujus
2754 4946 2843 5025 rei
2860 4942 2987 5025 ms:
3033 4942 3650 5025 refutationemhhice-

286 5015 615 5080 omisimus
670 5015 821 5096 quia
836 5038 911 5096 ea
938 5038 1088 5096 pene
1114 5023 1193 5080 ad
1226 5015 1484 5096 litteram
1512 5021 1674 5096 edita
1725 5038 1890 5096 repe-
2001 5020 2177 5093 phori
2205 5015 3259 5096 pa_triarchae_Constantinopolitani‘
3289 5015 3409 5096 hoc
3430 5015 3645 5096 titulo:

283 5095 485 5152 rimus
571 5087 736 5167 apud
779 5087 1179 5166 Nicephorum
1210 5093 1555 5167 “Callistum
1600 5093 1739 5167 hist.
1784 5087 1887 5151 Iib.

2018 5087 2129 5166 Ἱερὶ
2152 5087 2250 5144 τᾶῖν
2275 5091 2525 5167 λεγόντων
2557 5091 2637 5143 ὅτι
2665 5093 2775 5167 χρὴ
2826 5092 2916 5167 καθα
2959 5087 3090 5161 ρξετὰ
3115 5090 3204 5140 τὸν
3235 5088 3452 5167 θάνατον
3474 5087 3647 5167 Διιτξχιξ-

284 5182 455 5233 mn,
489 5168 581 5223 53.
612 5156 731 5223 Sed
759 5156 1115 5235 quia'inter
1170 5164 1321 5222 alios
1370 5165 1890 5221 schismaticorum

2020 5156 2143 5216 ιαὶον
2170 5156 2353 5235 ποιείνί
2389 5161 2600 5235 Incipit
2628 5181 2642 5217 :
2665 5156 2789 5214 ’σῦκ
2817 5156 2969 5235 clrior-
2989 5163 3142 5235 ποίαν
3186 5164 3276 5213 καὶ
3317 5156 3649 5235 ἐτασθαλίας

286 5229 717 5297 Armeniorum
740 5229 1122 5294 illaudabiles
1147 5238 1299 5309 ritus
1326 5252 1501 5293 sacra
1521 5252 1765 5309 quoque
1793 5251 1893 5293 ca-
2001 5238 2198 5308 μεστήν
2226 5255 2243 5309 -_
2270 5234 2484 5309 Nescio
2505 5229 2685 5306 [ruam
2714 5232 3276 5309 αζηςηιίκφιεηαπι.
3317 5229 3546 5309 Videsis
3566 5233 3649 5285 ta-

286 5310 587 5368 daverum
614 5325 724 5383 per
739 5309 954 5383 ‘oleum
1009 5307 1212 5383 unctio
1242 5300 1605 5383 recensetu'r,
1635 5300 1761 5380 q‘ua
1789 5323 1889 5363 su-
2000 5300 2143 5383 men
2172 5300 2585 5383 etiam‘Grteca
2612 5302 2782 5375 apud
2811 5300 3112 5381 Cangium
3128 5300 3426 5360 contraria
3452 5314 3649 5357 excer-

330 5399 398 5439 er
426 5397 491 5438 re
528 5374 866 5455 qu’emdam
909 5380 1147 5437 Macarii
1190 5374 1805 5455 Hierosol._incer_tum
1835 5383 1893 5455 et

1482 5374 1805 5455 incertum
1835 5383 1893 5455 ξι
1999 5380 2105 5451 pta
2130 5392 2262 5434 voc.
2288 5374 2503 5433 Ἔλαιον
2529 5374 2699 5447 ἅγιον.
3106 5374 3111 5381 ”

330 5399 398 5439 er
426 5399 491 5438 1'8
528 5399 866 5455 quemnam
909 5399 1147 5437 macaru
1190 5399 1475 5436 ﬂIBI‘OSOI.
1510 5399 1805 5435 Incertum
1835 5399 1890 5435 θι

287 5399 547 5511 Fortasse
571 5453 852 5527 spurium
889 5466 1188 5509 canonem
1234 5451 1422 5509 citant
1473 5450 1713 5524 (videsis
1763 5449 1890 5506 Col-

361 5578 450 5651 (a)
478 5579 605 5651 Hoc
628 5574 1233 5651 librocontinebatur
1260 5576 1444 5651 etiam
1462 5575 1743 5651 secunda
1789 5571 2122 5648 Disputatio
2174 5569 2490 5632 Theoriani
2541 5586 2681 5628 cum
2720 5572 2981 5635 Nersete,
3035 5582 3222 5641 quam
3263 5564 3416 5622 inter
3462 5574 3645 5634 opera

290 5648 612 5711 TheOriani
636 5648 960 5719 edidimus,
992 5652 1138 5705 tom.
1165 5649 1434 5720 CXXXIII,
1459 5649 1613 5705 Emr.
1645 5649 1822 5705 Pun.

4111 4476 4113 4511 1

4112 4562 4113 4581 1

4112 4596 4113 4615 1

4112 4752 4113 4769 1

4112 4854 4113 4881 1

4111 4932 4113 4953 1

4111 5026 4113 5045 1

4112 5066 4113 5097 1
