4126 6228
222 308 284 360 97
1548 295 1893 353 THESAURI
1933 297 2059 350 LIB.
2101 296 2254 350 XVII.

222 432 320 480 ὑπὸ
377 430 576 480 τούτων
644 431 1083 501 περιγραφόμενον
1114 468 1127 495 ,
1189 423 1295 476 ἀλλ’
1352 425 1640 482 ὑπόστασις
1704 423 1825 472 σύν·
1860 419 1897 473 Α

2021 419 2252 474 iuctum
2281 422 2384 474 aut
2421 419 2756 475 secundum
2816 423 3136 478 essentiam
3185 423 3297 478 sub
3335 423 3447 479 illis
3481 423 3587 479 cir-

223 521 364 578 Εετος
394 522 490 576 τὴν
531 521 760 588 φυσικὴν
829 525 931 566 τῶν
997 517 1169 589 ἄκρων
1241 510 1498 585 διαίρεσιν
1556 511 1602 562 ἐν
1671 511 1823 582 ἑαυτῇ

2021 507 2391 578 inscriptum,
2412 507 2515 592 sed
2540 507 2880 578 bypostasis
2905 512 3240 583 composita
3257 511 3592 568 naturalem

221 611 488 681 κατάκρας
547 609 896 670 ταυτίζουσα,
956 609 1044 656 καὶ
1085 604 1155 664 είς
1223 604 1270 654 ἓν
1338 603 1543 672 ἄγουσα
1730 608 1828 650 τῶν

2021 603 2343 651 tremorum
2426 593 2782 651 divisionem
2847 600 2904 652 in
2971 615 3031 654 se
3085 601 3484 656 commiscens
3537 602 3593 654 et

223 697 428 748 οἰκείων
495 697 673 748 ἐνωσει
762 703 930 768 μερῶν
982 711 993 723 ⁸
1053 692 1163 745 ἐπεὶ
1229 688 1351 744 ούὸε
1443 691 1678 764 ἑτέρωθεν
1747 690 1829 740 τον

2021 685 2341 746 antificans,
2375 689 2428 740 et
2467 685 2524 738 in
2571 701 2758 740 unum
2819 703 3004 755 agens
3037 692 3418 761 propriarum
3458 704 3590 760 par-

225 785 384 836 αὐτὸν
441 789 590 856 φύσει
619 786 741 837 Θεὸν
801 787 922 835 ὄντα
952 786 1040 835 xui
1069 783 1336 854 ἄνθρωπον
1392 775 1827 850 διαγινώσκομεν,

2021 793 2087 828 ω
2138 774 2522 836 adunatione,
2555 775 2843 846 quoniam
2889 791 2998 831 nec
3038 777 3278 833 aliunde
3308 777 3590 832 eumdem

227 877 256 931 ἧ
293 873 349 924 ἐκ
389 882 488 925 τῶν
565 874 742 932 Οεῐκῶς
801 872 913 944 ἃμα
965 875 1054 922 καὶ
1110 872 1443 942 ἀνθρωπικῶς
1506 884 1834 940 χαρακτηρι-

2025 869 2158 918 tura
2188 866 2371 918 Deum
2397 868 2452 918 et
2481 863 2790 919 hominem
2807 866 3196 934 agnoscimus
3222 883 3407 938 quam
3428 866 3588 922 exiis

231 963 425 1023 ζοντων
492 961 648 1014 αύτον
714 960 950 1034 ἐμφύτων
1027 957 1324 1031 ἰδιωμάτων
1399 966 1493 1018 τῆς
1566 975 1619 1008 τε
1695 957 1834 1014 Θείας

2021 969 2078 1008 ηδε
2105 952 2301 1006 divine
2328 955 2382 1006 et
2419 952 2682 1007 humane
2735 954 2914 1008 simul
2945 971 3084 1009 eum
3128 957 3388 1026 signant,
3419 957 3592 1011 inna-

232 1052 494 1112 Θελήσεως
545 1057 634 1104 xui
701 1049 958 1123 ἐνεργείας
989 1092 1002 1117 ,
1070 1053 1160 1100 xui
1222 1055 1317 1109 τῆς
1371 1046 1696 1120 ὁωθρωπικῆς
1742 1050 1833 1095 τοῦ

2052 1036 2517 1110 proprietatibus
2574 1037 2788 1092 divinae
2837 1039 3156 1095 voluntatis
3202 1039 3590 1112 operationis-

234 1140 396 1192 αὐτοῦ
460 1139 707 1200 θελήσεως
740 1156 752 1168 ⁸
794 1135 877 1200 αῖς
930 1143 1019 1189 καὶ
1070 1135 1144 1189 δι’
1182 1138 1248 1188 ὧν
1281 1139 1306 1188 ὅ
1352 1134 1412 1195 ἦν
1442 1141 1530 1187 καὶ
1561 1137 1585 1187 ὅ
1611 1139 1832 1206 γέγονεν,

2021 1143 2061 1181 ιο
2115 1130 2170 1181 et
2217 1125 2500 1181 humana;
2547 1127 2675 1197 ejus
2722 1127 3062 1184 voluntatis.
3097 1129 3324 1194 Quibus
3391 1133 3446 1185 et
3487 1143 3594 1201 per

233 1228 592 1302 ἑπεσερροίγιζε
649 1245 661 1258 ⁸
733 1231 1138 1301 θαυματουργων
1213 1229 1304 1298 μὲν
1369 1227 1493 1301 ὑπὲρ
1562 1227 1700 1296 ἡμᾶς
1775 1225 1838 1280 ὡς

2021 1233 2100 1271 ias
2131 1216 2294 1287 quod
2322 1219 2447 1271 erat
2468 1221 2523 1270 et
2548 1217 2712 1288 quod
2743 1217 2937 1272 factus
2965 1223 3055 1273 est
3095 1218 3386 1290 signavit;
3422 1218 3595 1272 mira-

233 1321 368 1380 Θεος
404 1363 420 1386 ,
479 1322 708 1390 πάσχων
764 1314 821 1370 δὲ
883 1314 953 1370 δι’
1001 1318 1136 1389 ἡμᾶς
1180 1317 1206 1367 ὀ
1258 1317 1416 1376 αὐτὸς
1481 1319 1731 1374 εκουσίως
1771 1313 1839 1372 ὡς

2025 1305 2082 1360 la
2119 1304 2366 1376 quidem
2398 1320 2582 1376 supra
2602 1320 2712 1360 nos
2743 1321 3002 1378 operans
3043 1312 3108 1362 ut
3146 1311 3319 1373 Deus,
3362 1306 3594 1379 patiens

232 1409 517 1482 ἅνθρωπος
585 1423 598 1437 '
669 1412 758 1460 xui
820 1415 906 1458 νῦν
977 1410 1065 1478 μεν
1133 1408 1476 1478 φθεγγόμενος
1550 1407 1680 1478 πρὸς
1752 1403 1838 1453 τὸν

2021 1404 2148 1449 .tem
2191 1400 2437 1466 propter
2473 1411 2586 1449 nos
2619 1395 2945 1450 voluntarie
2985 1400 3049 1452 ut
3085 1397 3288 1452 homo.
3325 1400 3391 1451 Et
3432 1411 3595 1452 nunc

233 1497 496 1550 Φίλιππον
540 1513 555 1528 ⁸
614 1497 688 1549 Ού
755 1499 1011 1556 πιστεύεις
1077 1494 1156 1546 ὁτι
1223 1494 1320 1567 ἐγὼ
1377 1493 1424 1545 ἐν
1499 1501 1570 1563 τῷ
1648 1497 1838 1564 Πατρὶ,

2021 1484 2192 1539 iidem
2225 1484 2492 1555 Philippo
2528 1483 2768 1539 dicens:
2795 1506 2824 1533 «
2849 1488 2973 1540 Non
3011 1486 3202 1540 credis
3233 1486 3376 1557 quia
3402 1501 3513 1555 ego
3533 1485 3596 1540 in

231 1592 323 1638 xui.
400 1588 428 1636 ὁ
503 1591 688 1660 Πατὴρ
763 1584 810 1636 ἐν
885 1584 1042 1657 ἐμοί;
1103 1589 1240 1651 xui,
1306 1583 1364 1635 Ὀ
1440 1583 1678 1657 ἑωρακὼς
1754 1580 1839 1653 ἐμὲ

2021 1576 2116 1628 .tre
2157 1578 2212 1628 et
2235 1575 2402 1628 Pater
2426 1574 2484 1628 in
2517 1589 2612 1628 me
2634 1574 2652 1606 τ
2673 1573 2700 1628 ‘2
2729 1595 2754 1621 η
2789 1576 2852 1628 Et
2883 1591 2896 1628 :
2923 1597 2949 1624 ‹‹
2977 1575 3084 1640 Qui
3113 1575 3268 1630 videt
3299 1591 3415 1646 me,
3441 1574 3600 1629 videt

235 1677 435 1750 ἑώρακε
499 1679 588 1727 τὸν
658 1679 902 1748 Πατέρα·
963 1679 1089 1745 καὶ,
1151 1673 1282 1744 Ἐγὼ
1339 1673 1496 1725 καὶὸ
1555 1676 1735 1745 Πατὴρ
1791 1671 1838 1722 ἓν

2021 1667 2185 1718 ttrem
2213 1664 2232 1696 δ
2261 1681 2272 1729 ;
2303 1667 2376 1732 et,
2406 1684 2433 1710 ‹‹
2469 1665 2590 1733 Ego
2652 1667 2706 1716 et
2768 1665 2933 1718 Pater
2998 1679 3188 1719 unum
3245 1679 3455 1719 sumus
3479 1665 3499 1698 9
3526 1681 3540 1719 :
3567 1681 3598 1716 ›

233 1767 389 1839 ἐσμεν
424 1806 438 1820 .
488 1772 598 1818 Νῦν
638 1761 698 1816 δέ
734 1769 786 1815 τί
846 1764 1048 1824 ζητεῖτέ
1086 1782 1149 1836 με
1204 1761 1524 1828 ἀποκτεῖναι,
1571 1763 1840 1834 ἄνθρωπον
1880 1756 1897 1810 Ι

2021 1769 2112 1808 inc
2167 1767 2344 1807 vero:
2379 1774 2408 1800 ‹‹
2448 1751 2600 1818 Quid
2641 1752 2904 1822 quaeritis
2958 1769 3053 1808 me
3119 1753 3471 1822 interficere,
3498 1752 3603 1808 ho-

236 1859 286 1917 ὃς
317 1860 412 1914 τὴν
443 1853 690 1913 ἀλήθειαν
720 1853 978 1910 λελάληκα
1002 1854 1122 1926 ὑμῖν
1149 1871 1162 1921 ;

2021 1842 2175 1898 inem
2214 1842 2316 1914 qui
2356 1841 2665 1897 veritatem
2702 1841 2936 1897 locutus
2965 1859 3101 1898 sum
3132 1842 3303 1899 vobis
3334 1844 3378 1878 ¹⁰
3398 1843 3425 1898 ‘I
3458 1863 3485 1893 »

632 1961 816 2034 Ἑτέρα
855 1959 1110 2020 ἀντίθεσις
1149 1959 1239 2033 Ἀρ
1246 1963 1448 2031 μενέων.

2327 1951 2470 2005 Αίία
2501 1950 2916 2005 Armeniorum
2948 1951 3218 2020 objectio.

311 2070 372 2126 θ’.
419 2077 528 2123 Πᾶν
593 2069 945 2144 ἑτεροκίνητον
1005 2067 1374 2140 ἁνενέργητον·
1415 2068 1444 2124 ἡ
1506 2073 1596 2118 τοῦ
1647 2071 1842 2140 Κυρίου

2025 2061 2077 2113 9.
2121 2057 2293 2123 Quod
2345 2057 2423 2113 ab
2473 2057 2590 2112 alio
2638 2061 2929 2127 movetur,
2963 2057 3194 2129 absque
3259 2056 3604 2130 operatione

241 2165 414 2212 τοίνυν
442 2158 578 2232 σάρξ
615 2160 715 2210 ὑπό
745 2165 838 2210 τοῦ
878 2157 1141 2218 ἐνωθέντος
1186 2156 1316 2228 αὐτῇ
1365 2160 1538 2227 Λόγου
1569 2162 1840 2230 κινουμένη

2024 2152 2079 2202 t:
2111 2146 2344 2202 Domini
2392 2146 2572 2215 igitur
2609 2161 2749 2200 caro
2794 2161 2928 2218 quae
2967 2162 3004 2202 a
3041 2146 3229 2202 Verbo
3279 2146 3391 2201 sibi
3438 2145 3606 2202 unito

1957 2242 2249 2302 movetur,
2285 2235 2515 2306 absque
2543 2234 2890 2306 operatione
2928 2240 3035 2290 est.

2098 2345 2418 2414 Responsio
2448 2347 2502 2400 et
2533 2343 2714 2413 hujus
2743 2343 3087 2412 objectiom's
3113 2342 3466 2414 confatalia.

342 2466 442 2515 Καὶ
493 2463 656 2514 λοιπὸν
711 2463 772 2514 ού
830 2459 1030 2534 διέφερε
1085 2469 1182 2514 τῶν
1242 2461 1404 2514 ἄλλω)
1459 2462 1620 2534 ἁγίων
1671 2463 1700 2520 ἡ
1755 2469 1848 2515 τοῦ

2031 2457 2319 2510 Caeterum
2350 2467 2473 2508 non
2512 2451 2591 2507 ab
2613 2450 2868 2506 aliorum
2908 2454 3254 2506 sanctorum
3295 2465 3472 2506 carne
3501 2448 3611 2505 dif-

265 2557 457 2626 Κυρίου
512 2551 668 2624 σάρξ⁸
708 2554 928 2624 νεύματι
963 2557 1096 2604 Θεοῦ
1155 2551 1412 2603 ἐκινοῦντο
1476 2571 1566 2604 και
1621 2559 1850 2612 Μωϋσῆς

2021 2543 2187 2599 rebat
2237 2541 2448 2597 Christi
2504 2555 2665 2596 caro.
2709 2539 2927 2612 Spiritu
2984 2539 3084 2594 Dei
3137 2539 3535 2596 movebantur
3559 2541 3617 2594 et

251 2645 342 2692 καί
393 2637 557 2692 Δαϐίὸ
589 2686 604 2709 ,
643 2646 735 2693 xui
785 2640 897 2692 ὅσοι
948 2639 1093 2692 οῐλλοι
1129 2648 1226 2701 τῆς
1285 2643 1426 2701 θείας
1468 2641 1718 2716 ἐνεργείας
1741 2661 1850 2712 χω-

2021 2647 2190 2706 oyses
2220 2635 2275 2686 et
2309 2630 2495 2686 David
2547 2635 2603 2685 et
2657 2630 3003 2702 quicunque
3035 2627 3131 2684 alii
3163 2627 3379 2684 divinze
3405 2643 3617 2700 opera-

248 2735 457 2803 ρπτικοί
510 2747 524 2758 ⁸
570 2738 724 2782 τοῦτο
778 2726 838 2781 ὂε
890 2730 1079 2781 ἄτοπον
1114 2771 1128 2787 .
1157 2729 1293 2783 Ἀλλ’
1339 2729 1448 2782 ἐπεὶ
1500 2732 1524 2781 ὁ
1572 2738 1672 2781 τῶν
1725 2730 1851 2782 ὅλων

2021 2722 2138 2778 )nis
2185 2737 2438 2792 capaces
2486 2719 2669 2774 fuere.
2701 2717 2872 2783 Quod
2913 2718 2990 2773 ad
3039 2734 3142 2773 eos
3193 2721 3438 2789 spectat.
3469 2716 3616 2772 ridi-

251 2824 382 2878 Θεὸς
448 2817 712 2892 ἀτρέπτως
771 2823 974 2889 γέγονεν
1041 2820 1352 2891 ἄνθρωπος,
1431 2823 1519 2872 καὶ
1576 2821 1639 2880 ὡς
1723 2823 1852 2881 Θεὸς

2021 2813 2098 2868 ila
2126 2809 2554 2880 essetobjectio
2588 2826 2600 2862 :
2635 2809 2739 2863 sed
2780 2811 3102 2881 postquam
3149 2807 3426 2862 omnium
3459 2809 3614 2862 Deus

249 2908 580 2968 καταλλήλως
609 2917 669 2980 τῇ
739 2908 900 2960 αὐτοῦ
954 2909 1159 2966 θεότητι
1214 2907 1361 2966 ἤθελέ
1407 2927 1461 2960 τε
1513 2912 1604 2960 καὶ
1634 2907 1853 2982 ἐνήργει,

2021 2918 2194 2974 )sque
2215 2901 2545 2957 mutatione
2584 2898 2775 2954 factus
2805 2903 2893 2952 est
2918 2898 3123 2965 homo,
3157 2902 3213 2953 et
3241 2901 3301 2952 ut
3331 2900 3480 2953 Deus
3504 2911 3616 2968 pro

250 3004 338 3050 xui
367 3001 438 3059 ὡς
468 2999 738 3072 ἄνθρωπος
794 2995 1125 3058 καταλλήλως
1155 3005 1216 3070 τῇ
1268 2996 1427 3048 αὐτοῦ
1474 2996 1852 3072 ἀνθρωπότητι,

2021 3008 2076 3048 1a
2101 2991 2318 3047 deitate
2344 2989 2586 3046 volebat
2625 2992 2680 3044 et
2710 2986 3160 3059 operabatur,et
3187 2991 3252 3042 ut
3278 2987 3465 3042 homo
3509 3001 3619 3057 pro

251 3095 346 3138 τοῦ
406 3085 731 3160 ἁνὲρωπείου
790 3085 1075 3158 θελήματος
1127 3086 1212 3137 οἷα
1258 3090 1347 3137 καὶ
1415 3087 1685 3148 θεωθέντος
1718 3130 1733 3155 ,
1785 3095 1897 3162 τῷι

2021 3099 2080 3138 1a
2107 3079 2778 3147 humanitate,humana
2799 3076 3102 3132 voluntate
3129 3076 3303 3148 quasi
3319 3074 3618 3138 deiﬁcata,

257 3178 413 3245 θείκῷ
484 3174 784 3248 βουλήματι
847 3179 1147 3242 κινουμένου
1215 3179 1304 3227 καὶ
1371 3181 1692 3250 τυπουμένου
1727 3215 1739 3228 .
1771 3181 1862 3229 καὶ

2021 3191 2025 3230 ;
2068 3187 2175 3245 per
2222 3169 2492 3224 divinam
2547 3166 2919 3222 voluntatem
2975 3168 3142 3220 mota
3169 3168 3226 3219 et
3275 3162 3614 3219 etformata.

255 3274 595 3341 μαρτυροῦσι
643 3273 793 3318 τοῦτο
849 3267 913 3317 τὰ
957 3265 1265 3338 εύαγγελικὰ
1335 3267 1549 3341 ῥήματα
1612 3267 1647 3319 ἆ
1707 3287 1862 3339 φασιν

2021 3267 2160 3334 tque
2197 3259 2260 3314 id
2299 3260 2588 3313 testantur
2646 3253 2994 3324 evangelica
3041 3251 3224 3308 verba
3265 3267 3400 3324 quae
3448 3251 3532 3306 sic
3563 3265 3626 3306 se

256 3357 497 3408 οὑτωσί·
535 3377 564 3404 ‹‹
595 3360 667 3428 Τῇ
740 3353 982 3428 ἐπαύριον
1057 3355 1304 3413 ἠθέλησεν
1360 3357 1385 3407 ὁ
1427 3356 1630 3417 Ἰησοῦς
1703 3356 1864 3410 εἰσελ-

2021 3351 2236 3417 abent;
2279 3369 2308 3396 ‹‹
2349 3345 2617 3402 Crastina
2673 3343 2770 3399 die
2836 3341 3024 3398 voluit
3074 3342 3246 3396 Jesus
3285 3341 3503 3396 intrare
3563 3339 3628 3395 in

259 3446 363 3497 Θείν
436 3445 505 3506 εἰς
561 3448 654 3503 τὴν
726 3443 1000 3496 Γαλιλαίαν
1028 3465 1041 3478 ο
1071 3465 1100 3494 ››
1129 3449 1220 3496 καὶ
1275 3445 1430 3498 πάλιν
1463 3464 1475 3477 ⁸
1514 3469 1541 3496 ‹‹
1575 3446 1716 3500 Θέλω
1783 3445 1867 3499 ἳνα

2023 3440 2278 3498 alileeam
2311 3439 2352 3473 ἰ
2386 3453 2399 3505 ;
2441 3457 2470 3485 ›ι
2504 3439 2560 3490 et
2595 3449 2805 3489 rursus
2839 3451 2853 3488 :
2890 3455 2919 3483 (ι
2952 3430 3092 3487 Volo
3122 3435 3185 3486 ut
3212 3430 3296 3486 ibi
3326 3446 3459 3486 sum
3491 3444 3625 3500 ego,

259 3534 391 3586 ὅπου
428 3533 534 3606 εἰμὶ
566 3532 665 3605 ἐγὼ
692 3575 706 3602 ,
738 3538 828 3585 καὶ
887 3533 1034 3586 αύτοὶ
1078 3553 1178 3585 ωσι
1208 3547 1223 3564 ⁸
1257 3555 1286 3584 »
1318 3539 1407 3587 xui
1437 3533 1501 3587 αὖ
1526 3552 1538 3565 ⁸
1573 3557 1602 3585 α
1641 3536 1716 3588 Ού
1763 3538 1865 3611 γὰρ

2021 3529 2142 3588 tilli
2194 3528 2310 3583 sint
2341 3528 2420 3593 ¹²;
2450 3529 2507 3580 et
2552 3539 2762 3579 rursus
2795 3539 2808 3577 :
2845 3543 2873 3572 ‹‹
2914 3524 3045 3577 Non
3091 3519 3250 3576 enim
3296 3519 3538 3576 volebat
3564 3519 3629 3574 in

259 3623 440 3681 ἤθελεν
503 3622 551 3674 ἐν
614 3631 675 3696 τῇ
769 3619 1004 3695 Ἰουδαίᾳ
1077 3631 1375 3698 περιπατεῖν
1415 3669 1429 3694 ,
1491 3625 1571 3677 ὁτι
1649 3625 1868 3686 ἐζήτουν

2021 3621 2187 3678 αᾱεεει
2254 3613 2589 3684 ambulare,
2645 3613 2748 3686 qui
2819 3610 3175 3684 quaerebant
3235 3625 3376 3665 eum
3435 3608 3630 3666 Judaei

259 3713 423 3764 αύτὸν
449 3714 500 3764 οἱ
532 3709 783 3765 Ἰουδαῖοι
825 3713 1124 3765 ἀποκτεῖναι
1161 3755 1173 3769 .
1215 3731 1246 3766 ›
1291 3719 1380 3766 καὶ
1419 3715 1628 3790 ἑτέρωθι
1657 3733 1669 3744 ⁸
1702 3737 1730 3765 (ι
1764 3715 1868 3769 Κά-

2021 3709 2308 3767 iterﬁcere
2336 3707 2401 3760 *3.
2445 3726 2473 3755 »
2502 3707 2569 3759 Et
2621 3702 2762 3759 alibi
2794 3718 2807 3757 :
2841 3723 2862 3751 α
2921 3704 2987 3757 Et
3027 3700 3169 3756 inde
3226 3699 3454 3769 egressi
3487 3713 3629 3771 per-

260 3804 434 3854 κείϐεν
515 3801 794 3864 ἐξελθόντες
875 3800 1173 3875 ἐπορεύοντο
1243 3799 1336 3855 διὰ
1398 3811 1488 3865 τῆς
1555 3804 1866 3866 Γαλιλαίας·

2021 3797 2377 3856 mbulabant
2431 3793 2770 3860 Galilaeam;
2802 3796 2862 3848 et
2910 3789 3154 3846 nolebat
3190 3793 3254 3845 ut
3295 3787 3432 3862 quis
3487 3804 3628 3843 eum

261 3897 355 3944 xui
406 3891 502 3942 ούκ
558 3891 730 3948 ἤθελεν
773 3892 856 3942 ἱνα
904 3911 986 3953 τις
1021 3899 1127 3962 γνῷ
1161 3907 1172 3920 ⁸
1202 3913 1229 3943 ››
1261 3897 1351 3944 καὶ
1404 3892 1636 3966 ἁλλαχου
1661 3911 1674 3924 ⁸
1709 3915 1737 3945 ‹‹
1774 3899 1874 3947 Καὶ

2023 3891 2336 3962 gnosceret
2359 3887 2402 3921 “
2428 3904 2440 3953 ;
2477 3906 2503 3934 »
2535 3887 2590 3939 et
2619 3883 2761 3939 alibi
2793 3901 2806 3938 :
2839 3904 2865 3931 «
2901 3883 2966 3937 Et
2993 3883 3368 3937 accesserunt
3391 3877 3470 3934 ad
3489 3893 3630 3934 eum

264 3980 572 4053 προσῆλθον
605 3981 745 4051 αύτῷ
806 3982 854 4032 οἱ
906 3983 1140 4053 μαθηταὶ
1178 3982 1340 4034 αύτοῦ
1389 3981 1617 4054 λέγοντες
1685 3983 1824 4054 αὐτῷ
1857 3998 1872 4014 ⁸

2027 3977 2260 4050 iscipuli
2321 3976 2450 4046 ejus
2509 3973 2814 4030 dicentes.
2861 3971 2970 4027 Ubi
3037 3969 3124 4024 vis
3196 3983 3478 4040 paremus
3525 3965 3632 4022 tibi

269 4077 381 4124 Ποῦ
452 4069 607 4130 θελεις
664 4069 961 4130 ἀπελθόντες
1027 4069 1382 4143 ἑτοιμάσωμέν
1451 4091 1534 4124 σοι
1593 4080 1769 4144 φαγεῖν
1817 4076 1875 4125 τὸ

2021 4069 2351 4125 manducare
2374 4064 2601 4120 Pascha
2625 4064 2668 4098 ¹⁵
2686 4062 2714 4116 Ῠ
2727 4083 2754 4111 ››
2774 4063 2906 4115 llaec
2936 4058 3095 4114 enim
3111 4056 3407 4122 omnia,ut
3425 4056 3630 4126 homo,

271 4163 514 4231 Πάσχας
557 4166 788 4212 »Ταῦτα
831 4161 932 4232 γὰρ
973 4162 1143 4212 πάντα
1193 4162 1324 4212 καθὸ
1369 4162 1394 4212 ὁ
1422 4164 1612 4234 Κύριος
1678 4163 1877 4237 ἄνθρω-

2021 4160 2274 4216 Dominus
2338 4155 2719 4228 loquebatur,
2777 4166 2900 4206 non
2957 4153 3160 4205 autem
3214 4148 3278 4201 ut
3333 4145 3509 4200 Deus.
3571 4144 3638 4198 Et

269 4270 368 4312 πος
407 4249 679 4321 ἐφθέγγετο
709 4294 724 4318 ,
755 4254 844 4300 xui
902 4249 958 4300 ού
1011 4250 1143 4301 καθό
1175 4253 1306 4311 Θεός
1332 4289 1344 4302 .
1392 4255 1490 4302 Καὶ
1543 4250 1702 4312 ἄλλως
1741 4248 1800 4304 δε
1819 4255 1879 4303 τὸ

2021 4248 2228 4306 liunde
2265 4246 2432 4318 quod
2479 4259 2602 4299 non
2659 4241 2840 4298 habet
2877 4237 3290 4312 operationem
3320 4238 3376 4290 et
3405 4236 3637 4289 motum

272 4343 344 4412 μὴ
403 4341 529 4410 ἔχον
590 4336 843 4412 ἐνέργειαν
886 4342 974 4390 καὶ
1027 4343 1232 4397 κίνησιν
1291 4343 1516 4410 φυσικὴν
1567 4344 1740 4414 νεκρὸν
1792 4346 1882 4393 καὶ

2021 4337 2326 4396 taturalem
2355 4377 2374 4405 ,
2424 4337 2733 4390 mortuum
2798 4333 2887 4386 est
2957 4331 3016 4385 et
3085 4325 3372 4382 inanime.
3405 4321 3643 4380 Domini

274 4429 496 4500 ἄψυχον
523 4443 537 4458 ⁸
565 4429 598 4486 ἡ
637 4423 698 4480 δε
745 4435 836 4480 τοῦ
867 4433 1061 4500 Κυρίου
1118 4428 1253 4503 σὰρξ
1291 4431 1461 4492 ἔννους
1499 4435 1587 4484 καὶ
1615 4430 1880 4504 ἔμψυχος.

2021 4431 2193 4488 .utem
2224 4440 2363 4483 caro
2394 4428 2592 4480 mente
2617 4426 2672 4478 et
2701 4421 2906 4476 anima
2929 4416 3182 4492 praedita
3211 4418 3357 4470 erat.

247 2249 579 2324 ἆνενέργητος
609 2245 690 2306 ἦν.

533 2357 822 2417 Ἀντίθεσις
851 2360 943 2406 xui
969 2353 1225 2426 ἀπολογία
1245 2357 1370 2430 πρὸς
1385 2361 1560 2413 τοῦτο.

655 4544 858 4617 Ἕτερον
885 4544 1083 4620 πρόϐλη
1090 4567 1164 4620 μα
1199 4545 1253 4598 Ἀ
1260 4566 1290 4621 ρ
1295 4551 1498 4619 μενίων.

2329 4543 2476 4600 Alia
2500 4539 2924 4598 Armeniorum
2956 4533 3304 4606 propositio.

355 4661 410 4717 ι’.
448 4662 647 4737 ’Ὠσπερ
676 4660 762 4714 ἐπὶ
819 4670 1049 4737 Χριστοῦ
1096 4668 1187 4722 τὴν
1240 4671 1340 4716 τῶν
1387 4661 1485 4716 δύο
1538 4665 1735 4737 φύσεων
1765 4685 1888 4719 συν-

2067 4664 2154 4719 10.
2197 4657 2728 4728 Quemadmodum
2752 4655 2826 4711 de
2849 4652 3076 4710 Christo
3108 4651 3366 4706 duarum
3394 4649 3646 4737 natura-

285 4749 493 4826 δρομὴν
535 4753 776 4804 σύνθετόν
843 4772 967 4824 φατε
1013 4755 1308 4807 ὑπόστασιν
1340 4796 1354 4823 ,
1389 4754 1523 4808 οὕτω
1587 4759 1755 4831 χρεὼν
1798 4760 1888 4809 καὶ

2021 4769 2132 4810 ’11111
2148 4766 2510 4809 concursum
2525 4746 2926 4820 compositam
2941 4739 3322 4814 hypostasim
3339 4733 3648 4804 dicitis,sic

285 4847 414 4914 μίαν
448 4843 690 4894 σύνθετον
713 4840 875 4914 λέγειν
905 4842 1175 4916 ἐνέργειαν.
1590 4827 1594 4828 7
1633 4827 1643 4831 ν

2021 4843 2320 4900 licendum
2335 4843 2425 4898 est
2439 4854 2625 4896 unam
2642 4834 3038 4908 compositam
3059 4827 3471 4904 operationem
3493 4839 3647 4882 esse.

937 4973 1246 5034 Ἀντίθεσις.

2655 4961 2992 5033 Responsio.

2075 5099 2132 5154 Si
2152 5095 2446 5153 Christum
2462 5092 2526 5149 in
2543 5089 2784 5147 duabus
2803 5085 3033 5144 naturis
3050 5082 3498 5141 consideratum
3515 5095 3653 5137 con-

2003 5185 2218 5244 cedam
2227 5201 2258 5240 u
2268 5201 2295 5239 s
2307 5183 2550 5239 unicam
2561 5179 2784 5236 habere
2800 5176 3209 5249 operationem
3218 5172 3340 5242 ,tali
3349 5189 3374 5226 s
3387 5170 3654 5244 operatio

2003 5276 2100 5332 vel
2129 5275 2258 5347 ejus
2275 5272 2532 5346 partium
2565 5270 2694 5340 erit,
2719 5268 2816 5326 vel
2847 5267 3042 5340 ipsius
3059 5269 3147 5323 est
3165 5261 3501 5336 compositi.
3531 5257 3658 5315 Etsi

2006 5367 2252 5442 quidem
2295 5364 2424 5437 ejus
2472 5361 2738 5436 partium
2801 5360 2895 5430 sit,
2949 5357 3244 5414 dividetur
3293 5353 3375 5411 ad
3425 5353 3656 5408 utrum-

364 5132 426 5185 Εἰ
474 5131 561 5184 τὸν
606 5135 835 5204 Χριστὸν
884 5131 930 5184 ἐν
972 5129 1068 5185 δύο
1132 5135 1321 5205 φύσεσι
1381 5135 1722 5208 θεωρούμενον
1769 5138 1893 5208 μίαν

295 5219 466 5295 δῶμεν
523 5223 761 5274 σύνθενον
814 5224 953 5294 ἔχειν
993 5222 1246 5298 ἐνέργειαν
1278 5266 1292 5290 ,
1333 5227 1361 5282 ἡ
1420 5227 1637 5282 τοιαύτη
1693 5225 1896 5287 πάντως

292 5312 522 5386 ἐνέργεια
579 5312 608 5372 ᾖ
668 5318 768 5363 τῶν
827 5312 987 5364 αὑτοῦ
1044 5321 1210 5386 μερῶν
1277 5312 1491 5385 ἐσεῖται,
1533 5313 1562 5374 ἢ
1606 5314 1766 5368 αὐτοῦ
1829 5317 1899 5376 ὡς

364 5546 386 5581 τ
427 5546 603 5602 Joan.
662 5561 779 5613 xw,
808 5545 901 5602 1ο.
977 5545 998 5580 ⁸
1038 5543 1189 5604 Ibid.
1233 5549 1285 5601 9.
1363 5547 1385 5582 θ
1424 5548 1594 5604 Joan.
1645 5562 1698 5610 χ.
1742 5549 1831 5606 30.

2021 5547 2170 5606 ⁷οιιη.
2228 5543 2329 5616 vu,
2357 5546 2448 5602 20.
2529 5543 2570 5577 ¹¹
2611 5543 2782 5598 Joan.
2833 5554 2876 5610 ι,
2907 5541 2998 5596 43.
3077 5537 3121 5572 ¹²
3159 5533 3334 5592 Joan.
3380 5543 3513 5595 xvu,
3553 5526 3646 5582 24.

297 5618 345 5652 l3
384 5617 562 5674 Joan.
590 5632 691 5686 vn,
717 5621 766 5672 1.
846 5617 893 5656 ²⁴
933 5616 1079 5676 Ibid.
1161 5619 1206 5654 ¹⁵
1246 5619 1443 5678 Matth.
1473 5635 1632 5694 xm,
1664 5621 1755 5681 17.

3501 43 3524 88 ...⁸
3607 93 3610 96 .
3663 75 3700 100 3.7-
3851 29 3998 98 Nai-5"

3497 85 3670 154 p"‘--?:‘.
3695 93 4020 156 .‘Ijz-.;:-..s':j';.',_.

3499 159 3516 186 π
3609 157 3692 192 κα,
3801 153 3820 168 ‘
3849 183 3862 194 ,
3905 151 3936 178 ι*
3977 151 4042 188 .'-.-'

3665 209 3670 214 .
3703 211 3714 226 ,
3955 213 3972 236 _.
4037 205 4058 222 ,

3781 257 3786 266 .
3929 259 4042 320 ἰς’

3521 303 3591 358 98
3981 349 3990 356 ,
4021 329 4044 352 .-.

3933 403 3942 406 _
3973 371 4062 406 ..βα-³⁸

4081 3043 4084 3090 ἱ

4081 3103 4092 3122 ρ

4083 3267 4096 3280 .

4081 3319 4098 3376 ε

4081 4403 4092 4418 ..

4081 4505 4096 4550 ί.

4081 4915 4098 4944 L

4083 5627 4094 5644 ’ἱ
