4126 6228
529 314 560 365 9
578 315 609 365 9
1891 310 1933 363 Ν
1944 309 2152 365 ΙΟΕΤᾸΞ

2261 312 2573 367 ΗΟΝΙΑΤᾸΞ
3800 319 3901 372 100

530 452 646 507 que
678 435 866 489 scissa
887 438 944 489 et
971 432 1254 498 solvetur,
1286 435 1342 486 et
1366 430 1543 486 simul
1587 446 1658 486 ea
1687 446 1821 502 quae
1864 446 1967 503 per
1992 432 2152 504 ipsa:

2261 433 2584 491 ,ὸλου’καὶ
2653 434 2697 487 εἰ
2760 437 2850 507 μὲν
2911 442 3010 486 τῶν
3077 434 3235 487 αὐτοῦ
3293 444 3479 509 μερῶν,
3522 438 3903 509 μερισθὴσεται

525 526 815 579 uniuntur
862 524 1069 579 solvet.
1120 522 1175 579 Si
1232 539 1371 577 vero
1421 521 1759 593 compositi,
1794 522 1927 594 ipsa
1970 525 2077 578 erit
2120 541 2152 578 u

2296 526 2421 596 πρὸς
2510 522 2774 598 ἀμφότερα
2847 528 3167 598 τεμνομένη.
3216 529 3305 576 xui
3379 524 3666 583 λυθήσεται
3721 570 3734 594 ,
3808 533 3900 580 καὶ

524 615 960 669 contrariorum
993 628 1185 685 capax
1219 611 1485 667 mortalis
1512 618 1568 667 et
1596 612 2152 675 immortalis,creat;

2297 610 2636 665 συνδιαλῦσει
2676 616 2741 665 τὰ
2766 613 2881 664 κατ’
2931 613 3091 670 αὐτὴν
3131 615 3365 685 ἡνωμένα
3393 630 3405 642 ·
3432 614 3474 666 εἰ
3509 611 3567 666 δὲ
3634 624 3724 667 τοῦ
3755 615 3895 677 ὅλου,

523 710 577 759 et
606 706 889 769 inereata,
914 702 1084 757 ﬁnita
1135 707 1190 755 et
1244 700 1497 757 inﬁnita.
1529 700 1587 755 Si
1614 701 1749 772 quis
1788 701 1902 756 hoc
1933 718 2179 757 conces-

526 794 681 861 serit,
715 792 821 847 erit
850 790 1113 846 Christus
1145 790 1450 861 propriam
1480 788 1712 844 habens
1743 790 2177 862 Operationem,

528 886 910 936 exsistentem
941 884 997 935 et
1026 894 1147 934 non
1167 878 1913 946 exsistentem,secundum
1942 895 2177 951 posses-

526 973 756 1026 sionem
788 974 842 1025 et
884 967 1219 1023 secundum
1248 967 1671 1038 privationem.
1703 967 1867 1023 Idem
1899 974 2100 1024 autem
2122 973 2180 1024 et

522 1062 595 1115 de
628 1060 931 1114 voluntate
953 1056 1276 1112 dicendum
1302 1061 1409 1112 est.
1437 1056 1648 1111 Dicunt
1669 1056 2179 1129 Armenii,quem-

525 1148 857 1204 admodum
907 1145 1117 1215 organi
1170 1150 1225 1200 et
1271 1144 1418 1200 illud
1474 1145 1773 1200 moventis
1822 1144 2036 1202 eadem
2092 1151 2179 1202 est

521 1238 809 1308 Operatio,
842 1236 926 1290 sic
976 1242 1028 1290 et
1078 1233 1405 1289 divinitatis
1456 1238 1513 1288 et
1552 1233 1943 1289 humanitatis
1991 1251 2177 1291 unam

518 1344 643 1381 esse
675 1325 1106 1397 operationem.
1143 1322 1197 1379 Si
1228 1323 1403 1392 igitur
1445 1322 1741 1379 inducunt
1767 1339 2065 1393 organum
2087 1340 2179 1395 vel

519 1417 872 1483 coexistens,
909 1422 970 1468 ut
991 1418 1128 1467 sunt
1152 1428 1372 1484 corpus
1402 1418 1458 1467 et
1478 1412 1703 1479 anima,
1733 1413 1981 1468 omnino
2006 1414 2178 1484 juxta

517 1507 647 1560 illos
680 1504 1006 1559 dicendum
1039 1503 1145 1557 erit
1178 1508 1515 1558 creaturam
1547 1518 1676 1556 esse
1712 1501 1983 1557 divinam
2008 1509 2178 1559 natu-

517 1613 647 1651 ram
676 1594 763 1647 vel
791 1609 1011 1664 corpus
1042 1592 1400 1647 increatum.
1422 1591 1478 1645 Si
1511 1605 1652 1645 vero
1683 1590 1827 1647 artis
1854 1591 2172 1661 cujusdam

518 1699 815 1751 organum
846 1681 1072 1747 dicunt,
1104 1679 1248 1734 illud
1282 1678 1487 1735 anima
1527 1677 1774 1746 carebit,
1799 1694 1908 1735 nec
1937 1695 2177 1751 semper

518 1772 873 1841 movebitur,
908 1768 1015 1824 sed
1063 1767 1311 1840 quando
1342 1767 1615 1840 operanti
1640 1766 1958 1824 videbitur.
2001 1771 2150 1825 Caete

2284 1771 2358 1823 ἀεὶ
2417 1775 2709 1845 κινούμενον
2739 1815 2753 1841 ,
2804 1773 2912 1825 ἀλλ’
2953 1773 3034 1826 ὅτε
3084 1782 3155 1843 τῷ
3196 1773 3519 1848 ἐργαζομένῳ
3573 1771 3714 1837 δόξει
3753 1789 3767 1803 ⁸
3797 1779 3887 1826 καὶ

517 1879 651 1917 rum
714 1858 1078 1931 Apollinario
1140 1862 1196 1912 et
1244 1857 1381 1912 Ario
1448 1856 1849 1927 consentiunt,
1909 1873 2152 1929 quorun

2281 1859 2459 1913 λοιπὸν
2529 1869 2913 1935 συμφρονοῦσιν
2986 1862 3359 1938 Ἀπολλιναρίῳ
3416 1882 3471 1915 τε
3534 1868 3623 1915 καὶ
3680 1864 3883 1936 Ἀρείῳ,

515 1952 678 2022 prior
725 1949 956 2020 absque
997 1946 1220 2017 anima,
1249 1944 1653 2017 Apollinarius
1702 1950 1903 2001 autem
1942 1946 2152 2020 absqui

2281 1950 2349 2001 ὧν
2381 1953 2406 2002 6
2437 1954 2526 2023 μὲν
2584 1951 2797 2023 ἄψυχον
2824 1996 2839 2022 ,
2869 1951 3265 2024 ’Λπολλινάριος
3292 1950 3350 2005 δὲ
3382 1953 3533 2005 ἄνουν
3576 1956 3669 2011 τὴν
3711 1954 3889 2026 σάρκα

514 2046 713 2095 mente
738 2053 866 2094 esse
892 2051 1136 2093 carnem
1173 2034 1386 2090 Christi
1415 2034 1672 2090 dicebat.

2280 2048 2370 2093 τοῦ
2384 2049 2617 2114 Χριστοῦ
2635 2040 2817 2113 ἔλεγεν.

586 2159 670 2211 tt.
709 2156 765 2211 Si
797 2155 1000 2210 dicant
1024 2151 1287 2207 Armenii
1336 2151 1634 2207 Christum
1655 2154 1709 2206 et
1731 2155 1871 2224 post
1898 2151 2173 2208 incarna-

512 2249 734 2304 tionem
797 2259 988 2299 unum
1055 2257 1185 2297 esse
1246 2240 1456 2296 Filium
1504 2245 1562 2295 et
1592 2245 1816 2297 sancta:
1873 2241 2170 2298 Trinitatis

514 2354 699 2390 unum
738 2354 749 2399 ;
793 2337 1066 2389 sanctam
1097 2334 1297 2385 autem
1329 2329 1665 2385 Trinitatem
1698 2330 1939 2385 unicam
1967 2330 2172 2386 volun-

512 2432 692 2480 tatem
728 2429 783 2477 et
808 2422 1050 2477 unicam
1094 2419 1506 2491 operationem
1539 2419 1784 2489 habere,
1817 2424 1998 2491 atque
2026 2419 2167 2476 inde

2293 700 2442 753 ἔσται
2497 703 2526 760 ἡ
2584 702 2713 760 αὐτη
2785 705 2850 764 ὡς
2914 698 3125 760 δεκτικὴ
3179 710 3278 753 τῶν
3332 702 3567 755 ἐναντίων
3619 706 3775 763 θνητή
3807 711 3896 757 καὶ

2293 788 2578 859 ἀθάνατος,
2643 795 2832 849 κτιστη
2895 796 2985 843 xui
3044 792 3328 859 οἴκτιστος,
3405 799 3730 868 περιγραπτὴ
3805 800 3895 847 καὶ

2290 878 2679 953 ἆπερίγραπτος
2726 896 2741 911 ⁶
2810 885 2897 932 καὶ
2956 880 2998 933 εἰ
3062 889 3213 934 τοῦτο
3281 878 3444 934 δώσει
3472 902 3593 950 τις,
3654 885 3801 935 ἔσται
3866 886 3892 936 6

2290 974 2517 1041 Χριστὸς
2555 974 2645 1029 τὴν
2703 970 2895 1023 οἰκείαν
2947 973 3083 1042 ἔχων
3140 969 3392 1043 ἐνέργειαν
3427 1014 3441 1040 ,
3470 971 3630 1023 οὖσαν
3669 977 3758 1024 καί
3815 978 3887 1044 μὴ

2289 1055 2448 1110 οὖσαν
2469 1101 2487 1124 ,
2530 1061 2665 1111 κατὰ
2703 1058 2805 1121 ἕξιν
2852 1064 2941 1111 καὶ
2984 1064 3226 1134 στέρησιν
3260 1103 3271 1114 .
3312 1062 3381 1111 Τό
3409 1059 3534 1111 αὐτὸ
3566 1056 3625 1112 δὲ
3654 1065 3743 1112 καὶ
3772 1064 3890 1135 περὶ

2290 1146 2574 1219 θελήματος
2630 1151 2768 1200 ἔστιν
2827 1148 2981 1201 εἰπεῖν
3013 1191 3025 1203 .
3069 1153 3325 1220 Λέγουσιν
3365 1150 3414 1201 οἱ
3462 1148 3720 1222 Ἀρμένιοι
3785 1152 3887 1216 ὅτι,

2287 1237 2458 1312 ὥσπερ
2498 1236 2715 1311 ὀργάνου
2755 1257 2844 1289 και
2895 1246 2988 1290 τοῦ
3046 1246 3304 1299 κινοῦντος
3336 1237 3461 1290 αὐτὸ
3514 1243 3611 1311 μία
3639 1237 3886 1313 ἐνέργεια,

2287 1323 2421 1375 οῦτω
2482 1330 2571 1376 xui.
2629 1327 2870 1387 θεότητος
2916 1331 3006 1377 καὶ
3046 1324 3441 1399 ἀνθρωπὸτητος
3486 1331 3584 1399 μία
3635 1325 3885 1398 ἐνέργεια,

2286 1414 2347 1467 Εἰ
2376 1419 2546 1466 τοίνυν
2586 1416 2860 1487 εἰσάγουσι
2890 1420 2947 1468 τὸ
2988 1416 3204 1490 ὄργανον
3253 1422 3341 1469 καὶ
3391 1418 3682 1491 σύγχρονον
3711 1420 3883 1491 ὥσπερ

2288 1510 2440 1575 σῶμα
2469 1509 2557 1556 xui
2581 1503 2735 1577 ψυχὴ
2765 1550 2779 1574 ,
2812 1509 3016 1566 πάντως
3062 1508 3211 1558 ἔσται
3247 1508 3365 1557 κατ’
3406 1506 3590 1566 αὐτοὺς
3621 1510 3650 1564 ἦ
3684 1512 3889 1579 κτίσμα

2283 1596 2375 1650 τὴν
2426 1595 2563 1645 Θείαν
2602 1597 2755 1666 φύσιν
2801 1594 2960 1667 λέγειν
3008 1599 3036 1652 ἤ
3085 1599 3142 1647 τό
3196 1604 3347 1668 σῶμα
3397 1596 3644 1647 ἄκτιστον
3686 1612 3699 1625 ·
3737 1596 3780 1647 εἰ
3828 1592 3887 1648 δὲ

2284 1685 2523 1753 τεχνικὸν
2555 1687 2612 1735 τὸ
2644 1688 2857 1758 ὄργανον
2902 1684 3141 1756 λέγουσιν
3177 1727 3190 1749 ,
3241 1684 3452 1756 ἄψυχον
3490 1693 3641 1737 τοῦτο
3672 1689 3762 1736 καὶ
3792 1685 3884 1737 οῦκ

2353 2156 2439 2215 ια’.
2482 2162 2635 2233 Εἴπερ
2694 2163 2954 2230 φήσουσιν
3013 2159 3061 2208 oi
3123 2156 3382 2230 Ἀρμένιοι
3446 2158 3511 2218 ὡς
3570 2158 3596 2208 6
3652 2160 3883 2231 Χριστὸς

2278 2252 2368 2299 καὶ
2435 2250 2563 2319 μετὰ
2619 2251 2708 2304 τὴν
2778 2249 3044 2320 σάρκωσὶν
3085 2247 3156 2308 εἷς
3196 2243 3255 2303 ἦν
3322 2248 3443 2307 Υἱὸς
3505 2251 3595 2298 καὶ
3662 2243 3728 2307 εἷς
3790 2257 3881 2307 τῆς

2278 2336 2432 2408 ἁγίοις
2483 2333 2731 2411 Τριάὸος,
2775 2338 2804 2394 η
2854 2332 2912 2388 δὲ
2957 2334 3085 2407 ἁγία
3142 2338 3301 2409 Τριὰς
3353 2340 3476 2407 μίαν
3535 2335 3743 2393 θέλησιν
3791 2341 3880 2389 καὶ

2275 2430 2398 2498 μίαν
2434 2425 2687 2500 ἐνέργειαν
2736 2428 2847 2497 ἔχει
2877 2465 2890 2489 ,
2946 2430 3035 2477 καὶ
3091 2427 3223 2476 κατὰ
3260 2432 3413 2476 τοῦτο
3463 2429 3553 2476 καὶ
3584 2426 3609 2475 6
3650 2429 3882 2498 Χριστὸς

512 2515 807 2568 Christum
835 2510 1078 2566 unicam
1099 2507 1383 2564 habuisse
1409 2508 1822 2580 operationem
1846 2514 1903 2564 et
1924 2510 2166 2565 unicam

512 2604 902 2667 voluntatem,
952 2599 1038 2655 sic
1090 2597 1587 2670 respondendum
1634 2598 1788 2654 erit:
1824 2598 1996 2655 Pater
2039 2615 2164 2655 non

512 2700 575 2747 ut
617 2697 781 2746 Pater
831 2687 1091 2759 vult,sed
1132 2692 1195 2742 ut
1246 2689 1436 2754 Deus;
1472 2693 1527 2743 et
1555 2688 1846 2759 quoniam
1892 2691 2044 2743 Deus
2075 2696 2162 2746 est

510 2784 700 2851 Filius,
738 2787 793 2836 et
824 2783 976 2835 Deus
1017 2782 1103 2833 est
1134 2777 1382 2848 Spiritus
1429 2778 1699 2847 Sanctus,
1736 2777 2071 2833 secundum
2095 2779 2158 2834 id

502 2873 703 2925 divina
743 2869 992 2925 Trinitas
1042 2882 1227 2922 unam
1275 2864 1641 2921 voluntatem
1670 2866 1853 2922 habet
1882 2872 1938 2922 et
1971 2883 2155 2923 unam

498 2962 931 3031 operationem,
968 2956 1145 3011 Filius
1203 2970 1341 3010 vero
1374 2997 1387 3020 ,
1435 2953 1750 3011 nobiscum
1798 2955 2147 3011 hominibus

489 3048 944 3105 communicaris
975 3044 1174 3101 carnis
1207 3044 1645 3115 assumptione,
1667 3044 1969 3116 duplicem
1999 3060 2148 3117 quo-

488 3158 602 3212 que
656 3140 1028 3193 voluntatem
1072 3140 1128 3191 et
1179 3134 1591 3207 operationem
1638 3134 1895 3203 habuit;
1956 3152 2146 3191 unam

485 3230 731 3300 quidem
769 3232 830 3282 ut
860 3228 977 3281 Deo
1008 3230 1066 3281 et
1115 3223 1268 3279 Patri
1312 3222 1863 3292 consubstantialis,
1898 3223 2147 3280 alteram

481 3327 679 3374 autem
736 3323 796 3372 ut
847 3316 1023 3373 nobis
1081 3312 1645 3370 consubstantialis.
1697 3319 1973 3370 Attamen
2020 3330 2145 3370 non

485 3414 790 3477 separatas
841 3405 1103 3461 dicimus
1163 3402 1582 3474 operationes,
1632 3418 1829 3475 neque
1894 3408 2145 3460 naturas

486 3498 809 3567 separatim
883 3493 1158 3566 operari;
1228 3492 1333 3547 sed
1400 3497 1719 3563 utramque
1804 3508 1928 3548 una
2007 3510 2148 3550 cum

488 3588 727 3642 alterius
787 3582 1217 3640 communione
1257 3581 1497 3653 operari
1525 3581 1586 3635 id
1616 3580 1780 3653 quod
1832 3582 2149 3654 proprium

488 3676 717 3731 habuit.
753 3678 953 3744 Neque
1010 3671 1171 3726 enim
1226 3670 1496 3725 humana
1549 3669 1815 3725 humane
1864 3677 2147 3742 Operatus

492 3772 577 3820 est
610 3785 620 3831 ;
664 3780 785 3818 non
815 3763 972 3818 enim
1008 3760 1263 3833 simplex
1292 3759 1475 3815 homo
1503 3763 1630 3814 erat
1658 3777 1671 3827 ;
1715 3775 1912 3831 neque
1941 3760 2147 3817 divina

493 3855 828 3909 secundum
867 3855 1053 3908 Deum
1104 3856 1373 3917 tantum;
1406 3864 1528 3904 non
1560 3849 1721 3904 enim
1760 3849 2145 3906 solummodo

491 3951 615 4000 erat.
645 3946 819 3997 Deus.
853 3941 968 3998 Sed
997 3940 1134 3997 duae
1157 3945 1387 3995 naturae
1419 3942 1556 3993 sunt
1585 3954 1742 3993 unus
1774 3939 2065 4008 Christus,
2088 3945 2144 3996 et

489 4052 644 4089 unus
705 4033 969 4089 Christus
1034 4035 1123 4086 est
1177 4029 1314 4084 dure
1376 4034 1629 4083 naturae.
1674 4030 1738 4083 Et
1802 4027 2027 4084 aliter:
2084 4030 2141 4086 Si

487 4142 670 4179 unam
738 4122 1109 4178 voluntatem
1160 4118 1487 4174 dixerimus
1542 4117 1617 4172 de
1667 4116 1893 4173 Christo
1951 4123 2017 4173 ut
2063 4118 2137 4175 de

484 4219 690 4267 sancta
757 4210 1078 4277 ’l‘rinitate,
1144 4208 1252 4263 erit
1315 4207 1563 4262 omnino
1629 4220 1751 4261 una
1804 4211 1863 4261 et
1920 4206 2135 4263 eadem

481 4302 760 4356 voluntas
820 4298 1001 4354 Patris
1051 4301 1108 4351 et
1161 4295 1331 4351 Verbi
1360 4301 1413 4351 et
1444 4295 1664 4351 carnis.
1684 4294 1775 4350 Ad
1830 4296 1959 4351 haec
1996 4312 2132 4368 quae

479 4393 780 4455 diximus,
821 4387 884 4442 id
942 4385 1093 4441 forte
1167 4384 1449 4455 adjicient
1514 4384 1620 4457 qui
1679 4384 1989 4440 ratiocinio
2046 4386 2131 4441 uti

478 4482 677 4535 volent
729 4498 740 4532 :

479 4586 734 4641 persona
780 4586 792 4633 ;
864 4566 915 4621 si
946 4564 1165 4635 igitur,
1215 4563 1497 4634 inquiunt
1551 4563 1705 4618 duas
1770 4570 2015 4619 naturas
2067 4564 2129 4619 in

481 4661 703 4714 Christo
743 4654 1087 4717 dixerimus,
1121 4652 1275 4707 duas
1305 4666 1548 4723 quoque
1578 4652 1937 4723 bypostases
1957 4653 2130 4708 indu-

479 4766 724 4811 cemus;
778 4750 957 4817 atque
1008 4744 1090 4799 ita
1142 4758 1281 4797 cum
1333 4740 1601 4797 Nestorio
1654 4744 1979 4798 sentiemus
2025 4743 2131 4815 qui

479 4839 630 4893 duas
664 4840 1020 4909 bypostases
1051 4832 1113 4889 in
1138 4831 1368 4887 Christo
1400 4846 1528 4886 esse
1558 4829 1779 4887 docuit.

885 4951 984 5007 Ad
1010 4950 1075 5006 id
1103 4947 1581 5019 respondendum
1613 4953 1718 5004 est.

552 5078 630 5127 12.
678 5073 778 5127 I’ia
802 5069 1079 5138 Ecclesia,
1097 5066 1619 5141 quemadmodum
1662 5065 1899 5124 Sabellii
1936 5082 2128 5139 synre-

470 5164 651 5219 resim
692 5160 1017 5233 repudians
1058 5164 1174 5216 tres
1203 5173 1499 5231 personas
1525 5161 1582 5213 et
1610 5172 1796 5214 unam
1843 5161 2125 5214 naturam

470 5252 868 5307 sanctissimae
924 5249 1218 5305 Trinitatis
1270 5247 1606 5315 conﬁtetur,
1639 5250 1696 5301 et
1742 5246 1861 5301 Arii
1915 5246 2123 5303 intres

470 5342 792 5398 dissimiles
818 5341 1173 5412 bypostases
1185 5337 1542 5393 divisionem
1563 5335 2123 5408 respuens,unicam

467 5440 747 5489 naturam
791 5430 1009 5485 divinae
1052 5426 1347 5483 Trinitatis
1396 5426 1589 5495 docet,
1614 5426 1697 5481 sic
1719 5430 1774 5481 et
1796 5426 2121 5498 MonOphy-

468 5523 611 5578 sitas
636 5522 956 5593 impugnat
985 5516 1322 5573 dictitantes
1370 5529 1557 5571 unam
1588 5530 1718 5571 esse
1747 5518 2030 5575 naturam
2058 5515 2121 5572 in

470 5614 695 5670 Christo
727 5615 782 5669 et
810 5624 999 5668 unam
1036 5622 1166 5666 esse
1218 5605 1620 5681 hypostasim.
1653 5604 1825 5671 Quod
1871 5608 2121 5678 praeten-

2190 3122 2230 3178 Ο
2259 3138 2513 3211 ἐνέργειαν
2567 3176 2579 3188 .

2272 2520 2396 2586 μίαν
2459 2512 2598 2586 εἶχεν
2667 2513 2918 2588 ἐνέργειαν
2984 2519 3074 2565 καὶ
3135 2519 3258 2585 μίαν
3301 2513 3528 2576 θέλησιν,
3557 2514 3736 2588 ῥητέον
3794 2514 3877 2573 οῦ,

2270 2624 2368 2665 τως
2399 2619 2412 2633 ⁸
2447 2606 2513 2666 ὡς
2553 2605 2579 2656 6
2638 2610 2819 2678 Πατὴρ
2867 2603 2925 2655 οὐ
2971 2606 3101 2655 καθὸ
3139 2609 3319 2678 Πατὴρ
3363 2602 3511 2669 θέλει,
3574 2602 3713 2655 ἀλλὰ
3742 2606 3873 2656 καθὸ

2270 2698 2400 2754 Θεὸς
2434 2711 2446 2723 ⁸
2481 2699 2571 2745 καὶ
2603 2692 2711 2744 ἐπεὶ
2762 2697 2890 2755 Θεὸς
2921 2695 2946 2744 6
2988 2697 3107 2753 Υίός
3136 2738 3150 2761 ,
3204 2696 3333 2754 Θεὸς
3376 2696 3548 2745 καὶτὸ
3580 2699 3784 2764 Πνεῦμα
3814 2696 3873 2744 τὸ

2266 2782 2411 2853 άγιον
2443 2824 2455 2849 ,
2497 2784 2635 2833 κατὰ
2664 2789 2816 2833 τοῦτο
2843 2783 2871 2838 ἡ
2908 2784 2997 2853 μὲν
3052 2785 3471 2852 τρισυπόστατος
3526 2786 3715 2841 Θεότης
3746 2787 3874 2853 μίαν

2265 2872 2473 2930 θελησιν
2527 2874 2642 2943 ἔχει
2684 2876 2774 2922 καὶ
2826 2875 2949 2942 μίαν
3016 2872 3268 2944 ἐνέργειαν
3304 2888 3316 2900 ·
3370 2871 3394 2920 6
3447 2866 3505 2921 δὲ
3563 2872 3723 2935 Υἱὸς,
3768 2868 3877 2921 ἐπι-

2258 2969 2510 3012 κοινωνῶν
2560 2965 2649 3011 καὶ
2718 2967 2828 3021 τοῖς
2897 2959 3187 3032 ἀνθρώποις
3245 2961 3369 3031 ἡμῖν
3415 2966 3475 3030 τῇ
3528 2967 3622 3019 τῆς
3678 2963 3877 3034 σαρκὸς

2258 3048 2562 3121 πμοσλήψει
2595 3092 2609 3119 ,
2663 3044 2854 3106 διπλῆν
2905 3052 2996 3100 καὶ
3052 3053 3146 3106 τὴν
3210 3048 3417 3106 θέλησιν
3480 3049 3592 3119 εἶχε
3651 3053 3741 3100 καὶ
3780 3054 3875 3106 την

2638 3141 2729 3196 τὴν
2797 3141 2886 3209 μὲν
2967 3140 3033 3198 ὡς
3127 3140 3407 3209 ὁμοούσιος
3474 3141 3541 3187 ὧν
3616 3146 3687 3207 τῷ
3756 3144 3872 3207 Θεῷ

2258 3233 2349 3280 καὶ
2391 3231 2596 3302 Πατρὶ,
2625 3231 2718 3285 τὴν
2769 3223 2827 3279 δὲ
2868 3229 2933 3287 ὡς
2976 3227 3257 3298 ὸμοούσιος
3281 3230 3347 3277 ὧν
3401 3228 3526 3298 ἡμῖν
3558 3267 3571 3280 .
3614 3225 3750 3284 Πλὴν
3807 3225 3868 3277 οὐ

2261 3313 2585 3390 διῃρημένας
2647 3318 2808 3388 φαμὲν
2870 3318 2964 3377 τὰς
3021 3314 3314 3388 ἐνεργείας,
3375 3311 3499 3367 οὐδὲ
3561 3318 3653 3376 τὰς
3691 3317 3866 3387 φύσεις

2259 3404 2621 3479 ἔνεργουμένας
2697 3408 3126 3477 κεχωρισμένως,
3194 3402 3303 3456 ἀλλ’
3392 3405 3661 3475 ἡνωμένως
3750 3402 3865 3455 ἑκά-

2262 3513 2387 3551 στην
2439 3496 2571 3565 μετὰ
2625 3502 2719 3555 τῆς
2778 3495 2993 3568 θατέρου
3042 3498 3307 3553 κοινωνίας
3365 3491 3670 3568 ἐνεργοῦσαν
3722 3492 3864 3544 τοῦθ’

2258 3582 2379 3657 ὅπερ
2432 3578 2566 3634 ῖδιον
2633 3585 2860 3654 ἔσχηκεν
2904 3600 2916 3610 ·
2976 3581 3093 3634 οὒτε
3157 3584 3253 3656 γὰρ
3312 3584 3379 3634 τὰ
3431 3581 3727 3655 ἀνθρώπινα
3780 3580 3865 3632 ἀν-

2260 3672 2527 3743 θρωπίνως
2579 3671 2858 3744 ἐνήργηκεν
2906 3717 2921 3741 ,
2974 3672 3032 3722 οῦ
3079 3674 3179 3745 γὰρ
3233 3670 3385 3741 ψιλὸς
3442 3668 3502 3728 ἦν
3559 3672 3849 3742 ἄνθρωπος·

2256 3761 2373 3811 οὔτε
2411 3763 2476 3812 τὰ
2544 3762 2657 3812 θεῖα
2714 3762 2850 3812 κατὰ
2906 3764 3033 3813 Θεὸν
3098 3780 3295 3831 μονον,
3328 3759 3385 3812 οὐ
3438 3761 3534 3829 γὰρ
3604 3755 3662 3815 ἦν
3700 3762 3855 3828 μόνον

2256 3854 2385 3910 Θεὸς
2417 3864 2431 3877 ‘
2471 3846 2575 3900 ἀλλ’
2610 3851 2665 3901 αἱ
2705 3846 2801 3902 δύο
2833 3853 3013 3921 φύσεις
3044 3846 3115 3909 εἷς
3168 3848 3279 3901 ἐστι
3344 3850 3581 3922 Χριστός,
3616 3851 3703 3897 καὶ
3733 3847 3758 3897 6
3784 3846 3852 3906 εἷς

2253 3942 2485 4011 Χριστὸς
2531 3935 2628 3990 δύο
2675 3940 2855 4011 φύσεις
2912 3937 3043 3991 ἐστί.
3102 3943 3201 3990 Καὶ
3266 3936 3427 3998 ἄλλως
3456 3951 3469 3964 ’
3502 3938 3562 3988 Ei
3600 3940 3719 4008 μίαν
3771 3936 3851 3987 θέ-

2251 4025 2403 4085 λησιν
2480 4030 2697 4100 εἴπωμεν
2747 4027 2829 4079 ἐπὶ
2882 4036 2973 4078 τοῦ
3036 4034 3272 4100 Χριστοῦ
3315 4031 3378 4086 ὥς
3427 4025 3508 4077 ἐπὶ
3564 4032 3658 4085 τῆς
3696 4024 3853 4095 ἁγίας

2246 4112 2511 4189 Τριάὸος,
2544 4115 2689 4169 ἔσται
2740 4119 2946 4177 πάντως
2993 4121 3091 4189 μία
3136 4120 3225 4167 καὶ
3272 4118 3298 4173 ἡ
3335 4114 3464 4172 αῦτη
3510 4112 3712 4174 Θέλησις
3758 4120 3850 4164 τοῦ

2247 4210 2447 4280 Πατρός
2513 4212 2604 4259 καὶ
2673 4214 2763 4258 τοῦ
2840 4210 3015 4277 Λόγου
3075 4212 3165 4258 καὶ
3225 4214 3313 4266 τῆς
3360 4210 3574 4278 σαρκὸς.
3618 4207 3750 4277 Πρὸς
3779 4205 3851 4264 οἷς

2244 4297 2520 4370 εἰρήκαμεν
2587 4299 2662 4348 ἔτι
2722 4301 2810 4347 καὶ
2866 4303 3020 4348 τοῦτο
3087 4300 3212 4356 ἴσως
3276 4297 3649 4361 προσθήσουσι
3725 4290 3851 4346 δια-

2244 4387 2573 4447 σκευάζοντες
2645 4385 3103 4456 συλλογιστικῶς·
3139 4386 3249 4438 Οὐκ
3289 4388 3403 4437 ἔστι
3454 4388 3606 4457 φύσις
3662 4382 3852 4436 ἀνυπο-

799 4480 926 4533 Non
970 4480 1061 4530 est
1106 4479 1321 4530 natura
1366 4474 1597 4546 absque
1653 4472 1967 4545 hypostasi
2024 4492 2129 4531 seu

2261 4496 2430 4536 ι-τατος
2480 4480 2594 4533 ἤτοι
2653 4472 2967 4548 ἁπρόσωπος
3000 4490 3013 4505 ⁸
3051 4475 3094 4527 εἰ
3142 4471 3229 4526 οὖν
3280 4471 3417 4541 δύο,
3451 4480 3620 4546 φασὶ,
3675 4477 3848 4546 φύσεις

2240 4565 2322 4618 ἐπί
2376 4572 2611 4639 Χριστοῦ
2663 4567 2880 4637 εῖπωμεν
2911 4608 2924 4632 ,
2969 4561 3066 4617 δύο
3125 4569 3215 4615 καί
3264 4565 3585 4624 ὑποστάσεις
3645 4581 3845 4614 συνεισ-

2240 4658 2519 4727 ενέγκωμεν
2544 4671 2557 4684 ⁸
2591 4658 2681 4706 καί
2710 4655 2845 4705 οὕτω
2891 4662 3300 4727 συμφρονοῦντες
3326 4653 3550 4725 ἐσόμεθα
3578 4656 3841 4724 Νεστορίῳ

2240 4742 2337 4797 δύο
2367 4745 2685 4804 ὑποστάσεις
2724 4743 2805 4796 ἐπί
2827 4751 3061 4819 Χριστοῦ
3085 4740 3481 4815 δογματίζοντι.

2712 4949 2910 5008 Ῥητέον
2943 4947 3002 5002 δὲ
3029 4952 3157 5025 πρὸς
3184 4956 3359 5003 τοῦτο.

2311 5066 2391 5123 ιϐ’.
2431 5065 2515 5128 Ὠς
2561 5067 2590 5126 ἡ
2634 5065 2847 5128 εὐσεϐὴς
2888 5065 3192 5133 Ἐκκλησία,
3220 5067 3392 5139 ὥσπερ
3434 5066 3521 5121 τὴν
3565 5059 3834 5115 Σαϐελλίου

2238 5161 2534 5231 συναίρεσιν
2610 5155 3012 5229 ἁποπεμπομένη
3067 5197 3080 5222 ,
3158 5162 3291 5227 τρεῖς
3357 5153 3674 5212 ὑποστάσεις
3746 5155 3838 5203 καί

2233 5250 2356 5320 μίαν
2410 5249 2565 5318 φύσιν
2621 5245 2703 5298 ἐπί
2759 5254 2848 5306 τῆς
2903 5244 3057 5317 ἁγίας
3112 5240 3344 5318 Τριάδος
3400 5241 3686 5315 ὁμολογεῖ,
3746 5244 3838 5291 καί

2232 5341 2326 5394 τὴν
2385 5335 2584 5408 Ἀρείου
2652 5335 2721 5397 εἰς
2775 5334 3077 5409 ἑτερογενεῖς
3128 5342 3263 5409 τρεῖς
3326 5334 3644 5390 ὑποστάσεις
3706 5327 3835 5380 ἀπο-

2235 5424 2633 5487 σκυϐαλίζουσα
2677 5421 2966 5499 διαίρεσιν,
3018 5427 3140 5495 μίαν
3186 5425 3341 5494 φύσιν
3405 5418 3834 5495 τρισυποστάτου

2162 5524 2167 5527 ’
2232 5520 2488 5577 Θεότητος
2537 5511 2788 5583 δοξάζει,
2828 5514 2963 5566 οὓτω
3007 5518 3097 5565 καί
3133 5520 3244 5573 τοῖς
3282 5514 3669 5583 Μονοφυσίταις
3706 5506 3833 5559 ἁπο-

2229 5607 2484 5679 μάχεταί,
2553 5607 2818 5679 φάσκουσι
2857 5608 2981 5677 μίαν
3021 5607 3174 5677 φύσιν
3213 5602 3297 5655 ἐπί
3350 5607 3583 5675 Χριστοῦ
3641 5593 3736 5650 διὰ
3772 5599 3832 5650 τὸ
