2063 3114
116 149 163 177 tot
777 145 951 173 THESAURI
971 144 1038 173 LIB.
1063 146 1141 173 XVII.
1752 151 1801 177 402

114 214 160 238 καὶ
200 214 248 241 τὴν
285 213 432 238 ὑπόστασιν
465 210 531 238 εἶναι
559 212 631 246 μίαν.
672 210 722 235 Καὶ
758 208 962 235 κατασκευαί-Α

114 256 194 286 ζουσι
217 260 295 283 τοῦτο
310 256 338 282 ἐκ
352 261 399 283 τοῦ
418 257 500 293 λέγειν
528 257 564 291 μὴ
589 253 653 280 εἶναι
673 254 749 289 φύσιν
769 252 920 279 ἀνυπόστα-

113 310 158 327 τον
179 303 240 330 ἤτοι
260 303 416 339 απρὸσωπον
429 312 436 318 ·
461 299 523 327 οὐδὲ
538 302 587 337 γὰρ
603 301 617 328 ἡ
643 298 667 324 ἐν
691 302 798 335 Χριστῷ
821 297 919 334 ἀνθρω-

114 348 177 375 πίνη
207 347 283 382 οὐσις
311 345 490 376 ἀνυπόστατος
517 345 559 371 οἷα
584 348 621 379 τῷ
651 345 727 379 Λόγῳ
746 342 920 369 ἐνυποστᾱσα.

121 392 303 428 Προσεπάγειν
330 390 360 417 δὲ
379 394 425 417 καὶ
450 395 534 417 ταῦτα
548 392 633 427 χρεὼν
653 391 716 426 πρὸς
737 390 771 414 τὰ
784 388 845 425 παρ’
866 390 921 425 Λρ-

119 438 213 471 partem;
242 435 449 471 συλλογιστικῶς
478 437 674 471 προτεινόμενα,
697 433 798 469 Ὠσπερ
827 434 854 458 αἱ
874 430 923 458 δύο

118 483 255 515 γεννήσεις
291 484 420 517 Χριστοῦ,
455 482 588 506 τουτέστιν
626 480 641 508 ἡ
671 480 722 515 πρὸ
761 477 858 503 αἰώνων
895 476 924 502 ix

118 527 223 561 Πατρός
248 527 317 551 κατὰ
341 527 385 554 τὴν
415 526 534 558 θεότητα,
551 526 596 550 καὶ
620 525 633 553 ἱ)
666 523 704 549 ἐπ’
725 522 846 559 ἐσχάτων
875 526 924 548 τῶν

117 572 225 606 χρόνων
241 570 270 596 ἐκ
294 571 426 607 Παρθένου
451 570 520 595 κατὰ
547 571 594 598 τὴν
614 568 815 605 ἀνθρωπότητα,
841 566 864 593 ἐν
891 565 923 597 τῇ

120 617 171 650 fw?
184 618 233 640 τοῦ
255 618 324 641 Θεοῦ
349 617 436 650 Λόγου
456 615 601 641 ὑποστάσει
619 615 764 649 γενόμεναι,
784 612 832 638 οὐκ
855 611 923 637 ἑποί-

120 668 190 687 ησαν
224 660 380 695 προσθήκην
412 659 599 688 ὑποστάσεως·
635 657 715 687 οὕτως
740 655 797 682 οὐδ’
822 655 849 682 ἐκ
874 660 923 682 τῶν

119 702 168 729 δύο
205 703 266 729 καθ’
300 704 448 730 ὑπόστασιν
480 704 613 739 ἠνωμένων
651 704 751 738 φύσεων
783 701 921 739 προσθήκη

118 751 266 785 προσώπου
294 748 403 784 ἐγένετο.
441 749 510 784 Πρὸς
545 751 609 783 γοῦν
642 748 703 778 τούς
734 746 855 782 λέγοντας
886 748 920 782 μὴ

119 791 185 818 εἶναι
223 794 302 828 φύσιν
340 792 529 827 ἀνυπόστατον,
566 792 657 829 ῥητεον
691 793 725 822 ὡς
758 790 820 817 οὐδὲ
848 793 922 821 τόκος

119 837 191 863 ἐστὶν
205 837 375 875 ἀπρόσωπος.
396 838 492 864 ’ἰστέον
507 835 536 863 δὲ
557 838 592 867 ὡς
614 838 638 862 οὶ
658 839 719 872 μίαν
739 836 782 862 ἐπὶ
806 839 922 873 Χριστοῦ

119 883 199 918 φύσιν
223 880 377 913 δοξάζοντες
396 882 411 911 ἣ
432 884 479 910 τὴν
510 882 621 910 θεὸτητα
633 885 763 918 τραπῆναι
782 884 819 911 εἰς
839 881 925 917 σάρκα
941 883 960 910 Β

121 925 294 960 δοξάζουσιν,
318 927 333 956 ἦ
362 929 410 955 τὴν
431 927 518 963 σάρκα
541 927 680 962 ὁμοούσιον
708 929 739 962 τῇ
769 926 870 954 θεότητι
885 934 925 961 γε-

122 972 226 1005 νέσθαι,
252 972 317 1009 οἷπερ
341 975 392 997 τῶν
415 970 559 1007 ἀμηχάνων
592 973 637 997 καὶ
667 969 802 997 ἀδυνάτων
830 969 900 996 ἐστίν
917 977 924 985 ³

121 1016 143 1042 εἰ
156 1014 188 1042 δὲ
198 1014 341 1053 μηδέτερον
360 1017 470 1049 τούτων,
487 1015 561 1052 ἑτέρα
575 1016 676 1045 πάντως
695 1017 740 1041 καὶ
757 1015 830 1052 ἑτέρα
848 1016 927 1051 φύσις

122 1060 147 1087 ἐν
164 1065 283 1097 Χριστῷ.

161 1131 204 1168 ιγ’.
220 1132 279 1159 "En
309 1131 330 1158 εἰ
358 1132 427 1157 κατὰ
448 1131 558 1168 ἀριθμὸν
580 1135 630 1158 τῶν
650 1133 749 1168 φύσεων
776 1129 926 1157 διδάσκου-

128 1186 171 1202 σιν
196 1174 259 1202 εἶναι
280 1179 324 1202 καὶ
347 1177 380 1202 τὰ
394 1178 524 1213 πρόσωπα
543 1178 588 1202 καὶ
606 1178 635 1202 τὸ
655 1176 773 1212 ἔμπαλιν,
789 1178 834 1202 καὶ
857 1173 926 1212 τρεῖς

133 1221 188 1256 ἄρα
207 1222 293 1255 φύσεις
308 1220 348 1246 ἐπὶ
373 1224 419 1251 τῆς
439 1220 517 1256 ἁγίας
532 1219 646 1256 Τριάδος
662 1220 828 1256 εἰσενέγκωσι
853 1229 926 1256 τρισ-

133 1266 284 1291 υποστάτον
308 1267 380 1295 οὔσης
404 1276 409 1281 ·
445 1266 460 1295 ἦ
493 1267 521 1291 τὸ
542 1264 666 1292 ἀνάπαλιν
694 1267 756 1301 μίαν
780 1266 926 1291 ὑπόστασιν

128 1312 226 1336 εἴπωσι
244 1308 288 1336 διὰ
310 1312 337 1336 τό
357 1308 478 1336 ἑναδικὸν
500 1313 544 1340 τῆς
560 1311 671 1346 φύσεως.
693 1313 734 1335 Δεῖ
752 1308 781 1336 δὲ
794 1312 839 1335 καὶ
851 1313 927 1336 τοῦτο

126 1352 226 1380 εἰὸέιαι
254 1355 289 1385 ὡς
312 1355 336 1380 οἱ
359 1353 509 1381 Ἰακωϐῖται
532 1357 578 1380 καὶ
601 1355 626 1380 οἱ
657 1354 787 1390 Ἀρμένιοι
814 1355 863 1390 πρὸ
883 1355 927 1390 μὲν

126 1403 175 1430 τῆς
204 1398 319 1430 ἑνὼσεως
348 1397 396 1425 δύο
415 1400 507 1435 φύσεις
533 1398 574 1425 ἐπὶ
602 1402 719 1435 Χριστοῦ
742 1399 899 1435 ὁμολογοῦσι
920 1406 926 1413 ’

126 1444 192 1480 μετὰ
216 1442 247 1469 6'":
272 1446 319 1472 riu
352 1444 443 1470 ἕνωσιν
463 1445 522 1479 μίαν
547 1444 667 1469 σύνθετον
699 1445 856 1479 συγχέοντες
880 1442 929 1479 ἀρι-

128 1490 235 1525 φοτέρας
264 1490 310 1517 τήν
330 1497 358 1514 τε
386 1489 456 1514 θείαν
482 1490 528 1514 καὶ
546 1490 593 1517 τὴν
619 1487 792 1524 ἀνθρωπίνην,
819 1490 864 1513 καὶ
884 1485 931 1513 διὰ

126 1536 206 1558 τοῦτο
229 1535 274 1558 καὶ
292 1535 354 1568 μίση
375 1533 452 1568 φύσιν
465 1532 638 1568 ὀνομάζουσιν
655 1543 661 1548 ·
683 1533 738 1558 ὅθεν
766 1534 811 1558 καὶ
830 1530 930 1558 δικαιοι

126 1577 281 1613 λογοῦμενοι
306 1579 370 1614 πρὸς
397 1579 458 1608 τοὺς
482 1577 603 1613 λέγοντας
631 1577 742 1608 εὐσεϐῶς
765 1575 812 1603 δύο
847 1561 970 1613 φύσειςΒ

127 1621 172 1648 ἐπὶ
207 1625 337 1658 Χριστοῦ,
356 1621 462 1657 λέγουσι
490 1624 525 1658 μὴ
556 1620 621 1648 εἶναι
650 1623 727 1658 φύσιν
756 1621 933 1648 ἀνυπόστατον

129 1668 188 1695 ἤτοι
213 1665 372 1703 ἀπρόσ-ωπον
395 1677 401 1683 -
436 1669 480 1693 καὶ
505 1668 539 1697 ὡς
561 1669 585 1692 οὶ
605 1668 745 1702 φάσκοντες
772 1664 820 1692 δύο
844 1668 935 1703 φύσεις

129 1710 172 1737 ἐπὶ
194 1715 314 1748 Χριστοῦ
335 1713 381 1737 καὶ
403 1709 451 1737 δύο
474 1712 634 1743 ὑποστάσεις
649 1712 788 1747 εἰσάγουσι
806 1713 874 1738 κατά
891 1713 934 1737 τὸν

128 1758 283 1793 Νεστόριονι
299 1758 343 1782 καὶ
362 1755 449 1782 οὐκέτι
476 1758 535 1793 τρία
555 1758 682 1794 πρόσωπα
709 1758 767 1785 ἤτοι
785 1759 853 1793 τρεῖς
869 1756 934 1782 ὑπο-

132 1801 239 1831 στάσεις
272 1801 438 1837 εὗρίσκονται
468 1800 582 1836 λέγοντες
609 1800 651 1827 ἐπὶ
675 1804 722 1832 τῆς
755 1800 832 1836 ἁγίας
858 1802 936 1838 Τριά-

131 1843 188 1879 τῗος⁷
210 1844 275 1871 ἀλλά
294 1847 339 1871 καὶ
355 1848 495 1882 τέσσαρας.
513 1848 563 1872 Καὶ
578 1846 645 1871 κατά
663 1849 740 1871 τοῦτο
759 1847 803 1875 τὴν
824 1844 847 1871 ἐν
867 1845 932 1872 Xa)-

130 1888 228 1918 κηδόνι
243 1887 354 1915 σύνοδον
380 1889 628 1926 ἁναθεματίζουσιν,
644 1891 678 1921 ὡς
703 1888 781 1919 δῆθῆ
807 1888 855 1916 δύο
874 1890 936 1915 ὑπο-

132 1935 242 1965 στάσεις
266 1933 308 1960 ἐπὶ
339 1938 456 1970 Χριστοῦ
485 1937 643 1972 κυρώσασαν
660 1942 667 1949 ·
697 1935 765 1960 οὕτω
788 1935 839 1972 γὰρ
868 1935 935 1960 κατὰ

130 1982 177 2008 τήν
199 1978 284 2005 αὐτῶν
304 1977 382 2010 δόξαν
395 1980 442 2009 τὰς
462 1980 550 2015 φύσεις
571 1982 645 2015 φασί.
660 1982 702 2015 Τῷ
716 1977 745 2006 δὲ
760 1978 825 2014 ἁγίῳ
843 1978 936 2016 Κυρίλ-

131 2023 167 2060 λῳ
183 2028 300 2059 συνεργῷ
319 2028 365 2054 τῆς
386 2024 469 2049 αὐτῶν
484 2025 604 2061 αἱρέσεως
627 2028 745 2061 χρῶνται
764 2023 788 2049 ἐν
813 2023 852 2053 οἷς
871 2033 936 2059 φησι

130 2071 198 2105 μίαν
226 2069 304 2104 φύσιν
323 2072 368 2094 τοῦ
392 2071 478 2104 Λόγου
510 2070 719 2106 σεσαρκωμένην,
742 2071 789 2097 τὴν
814 2070 937 2097 τοιαύτην

130 2114 213 2150 ῥῆσιν
233 2113 286 2148 οὐχ
313 2114 347 2144 ὡς
371 2112 462 2143 ἐκεῖνος
482 2114 575 2149 ἔφησεν
595 2112 803 2149 ἐκλαμϐάνοντες,
829 2112 882 2139 ἀλλ’
902 2113 939 2144 εἰς

132 2158 164 2186 ᾖν
182 2157 259 2183 αὐτοὶ
273 2166 336 2193 φασι
358 2159 436 2193 φύσιν
459 2156 501 2183 ἐπὶ
516 2161 634 2194 Χριστοῦ
655 2159 854 2193 συγκεχυμένην
873 2158 939 2193 μετὰ

134 2204 181 2231 τὴν
203 2201 305 2236 ἕνωσιν,
319 2202 333 2231 ἦ
354 2201 450 2238 μᾶλλον
465 2201 672 2238 μεταϐληθεῐσαν
693 2202 727 2233 εἰς
748 2202 865 2231 θεότητα,

953 2237 975 2265 D

171 2325 219 2353 ιδ’.
256 2326 334 2352 Πάλιν
365 2327 389 2353 οἱ
423 2327 498 2354 αὐτοὶ
526 2327 638 2359 εὐσεϐῶς
670 2331 785 2358 νοοῦντες
813 2329 860 2357 τὴν
893 2331 939 2354 τοῦ

133 2371 322 2408 εὐαγγελιστοῦ
362 2372 480 2398 Ἰωάννου
519 2375 622 2409 φωνὴν,
662 2373 718 2403 ἣτις
755 2374 849 2409 φησὶ·
890 2375 940 2399 Καὶ

133 2418 146 2442 ὁ
186 2418 274 2452 Λόγος
304 2416 371 2453 σὰρξ
399 2419 509 2452 ἐγένετο,
537 2418 696 2454 παράγοντες
723 2415 753 2443 δὲ
785 2419 830 2443 καὶ
861 2417 940 2454 ῥῆσιν

133 2465 178 2487 τοῦ
206 2461 283 2496 ἁγίου
312 2461 471 2488 Ἀθανασίου
501 2461 567 2488 οὕτω
595 2461 743 2498 λέγουσαν·
766 2472 780 2486 ‹‹
800 2465 829 2487 '0
855 2464 939 2498 Λόγος

136 2505 205 2542 σὰρξ
224 2505 332 2541 ἐγένετο,
369 2506 410 2532 ἱνα
438 2509 483 2532 καὶ
515 2507 530 2535 ἡ
567 2506 634 2543 σὰρξ
660 2508 766 2542 γένηται
795 2508 903 2542 Λόγος·
924 2517 939 2532 »

137 2551 203 2577 ἀλλὰ
238 2553 284 2576 καὶ
312 2553 456 2588 Γρηγόριον
493 2552 536 2577 τόν
570 2553 696 2587 Θεο).όγον
717 2552 858 2587 φάσκοντα.
890 2553 940 2578 Καὶ

136 2595 225 2632 6αρρῶ
244 2594 325 2630 λέγειν
354 2596 472 2632 ὁμὸθεον,
492 2597 537 2621 καὶ
556 2597 661 2631 γεγονὸς
688 2596 748 2633 ὅπερ
768 2597 797 2622 τὸ
815 2598 914 2633 χρίσαν
930 2603 938 2611 ·

136 2641 171 2666 in
205 2638 236 2666 δὲ
265 2643 310 2666 καὶ
342 2642 385 2666 τὸν
412 2642 555 2666 Νυσσαέων
584 2642 725 2677 Γρηγόριον
754 2641 851 2666 οὑτωσὶ
871 2638 941 2672 διεξ-

140 2687 242 2711 ιόντα·
282 2685 401 2711 Καθάπεῑ
440 2687 543 2721 σταγὼν
573 2684 647 2716 ὄξους
677 2684 808 2721 βληθεῖσα
844 2684 868 2711 ἔν
904 2688 941 2721 τῷ

135 2729 242 2765 πελάγει
278 2733 328 2760 τῆς
367 2729 503 2761 θαλάσσης
546 2729 592 2756 οὐκ
638 2731 677 2756 ἔτι
712 2729 783 2756 ἐστὶν
825 2729 849 2755 ἓν
887 2733 941 2761 τοῖς

137 2772 217 2804 ἰδίοις
263 2778 310 2800 τοῦ
356 2774 430 2806 ὄξους
474 2772 630 2810 ἑδιὼμασιν,
670 2773 734 2800 ἀλλὰ
783 2775 940 2811 μπεποιήθη

135 2821 177 2844 xci
214 2819 362 2856 συνεκράθη
392 2817 418 2849 ἐς
449 2820 479 2845 τὸ
511 2822 557 2845 τοῦ
585 2818 714 2856 πελάγους
749 2823 800 2846 τῶν
837 2817 941 2846 ὑδάτων

977 208 1053 235 dunt
1068 208 1197 236 dicendo
1212 215 1274 236 non
1290 216 1354 236 esse
1380 211 1521 237 naturam
1550 209 1616 237 sine
1641 210 1802 247 hypostasi

978 260 1031 279 seu
1065 260 1203 288 persona.
1241 254 1305 280 Non
1339 253 1418 280 enim
1454 262 1523 289 quae
1553 254 1582 281 in
1613 255 1725 283 Christo
1759 258 1803 284 est

976 296 1111 324 humana
1128 299 1246 330 natura,
1268 298 1331 325 sine
1347 297 1504 333 hypostasi
1529 301 1583 332 est,
1613 307 1682 327 cum
1708 302 1802 329 Verbo

977 345 1177 377 supponatur.
1206 343 1272 369 Haec
1301 344 1329 370 et
1353 343 1466 378 opponi
1482 345 1598 378 oportet
1621 344 1659 372 ad
1674 353 1710 373 ea
1733 354 1801 382 quae

978 385 1161 420 syllogistice
1171 385 1274 415 dicunt
1286 387 1417 414 Armenii
1434 395 1440 413 ς
1454 387 1717 420 Quemadmodum
1733 389 1802 418 dum

978 430 1084 458 Christi
1122 430 1342 466 generationes,
1370 431 1401 459 id
1429 434 1482 465 est,
1518 435 1629 461 aeterna
1655 442 1691 462 ex
1720 436 1802 463 Patre

980 475 1132 508 generatio
1147 475 1314 503 secundum
1330 475 1602 512 divinitatem,etin
1618 478 1676 506 ﬁne
1689 481 1803 515 tempo-

978 526 1047 546 rum
1063 527 1099 546 ex
1107 519 1223 554 Virgine
1237 520 1390 555 generatio
1405 521 1572 549 secundum
1582 522 1802 552 humanitatem

979 563 1010 591 in
1023 571 1084 591 una
1100 563 1151 591 Dei
1163 563 1246 591 Verbi
1258 564 1415 600 hypostasi
1434 565 1544 593 habita:
1558 574 1617 594 non
1633 566 1803 603 hypostasis

980 607 1166 636 additionem
1193 608 1335 643 effecere;
1364 609 1405 637 ita
1427 618 1524 646 neque
1546 619 1582 638 ex
1605 611 1725 640 duabus
1750 621 1804 649 per

978 652 1167 689 hypostasim
1193 653 1283 681 unitis
1306 654 1420 682 naturis
1449 663 1585 690 persona:
1600 656 1679 685 facta
1692 660 1737 686 est
1752 657 1803 686 ad-

979 697 1064 725 ditio.
1088 697 1133 724 Ad
1149 705 1200 725 eos
1230 698 1320 732 igitur
1345 699 1397 734 qui
1422 699 1523 727 dicunt
1553 708 1614 728 non
1629 709 1694 729 esse
1716 705 1804 730 natu-

978 749 1044 768 ram
1077 741 1193 777 absque
1225 742 1393 778 hypostasi,
1424 743 1585 772 dicendum
1616 748 1672 780 est,
1706 754 1804 783 neque

980 785 1085 813 Christi
1101 787 1324 821 generationem
1340 787 1455 823 absque
1468 796 1598 824 persona
1617 798 1691 818 esse.
1708 792 1806 819 Scien-

980 830 1053 858 dum
1069 839 1137 859 vero
1151 840 1201 859 eos
1214 832 1265 868 qui
1281 832 1402 860 unicam
1418 841 1483 860 esse
1494 833 1524 861 in
1540 833 1655 863 Christo
1666 838 1805 865 naturam

979 875 1151 911 opinantur,
1182 879 1233 905 aut
1266 877 1384 913 opinari
1412 877 1597 906 divinitatem
1624 879 1655 907 in
1683 888 1806 909 carnem

980 928 1047 948 esse
1062 923 1306 955 conversam,aut
1315 929 1436 949 carnem
1449 922 1597 951 divinitati
1609 925 1807 953 consubstan-

980 964 1081 992 tialem
1097 965 1207 993 factam
1222 973 1297 998 esse,
1311 974 1379 1002 qua:
1394 966 1530 995 absurda.
1553 970 1581 995 et
1604 968 1806 1005 impossibilia

981 1012 1068 1042 sunt;
1090 1009 1114 1037 si
1127 1017 1217 1045 porro
1230 1012 1372 1038 neutrum
1387 1018 1424 1038 ex
1437 1010 1494 1045 his,
1517 1011 1610 1040 altera
1636 1013 1761 1042 omnino
1777 1016 1806 1042 et

981 1053 1073 1082 altera
1085 1053 1116 1081 in
1129 1054 1244 1082 Christo
1261 1056 1380 1082 natura.

1018 1128 1062 1154 l3.
1081 1126 1228 1154 Praeterea
1242 1126 1267 1154 si
1294 1134 1330 1154 ex
1345 1129 1521 1155 naturarum
1547 1135 1676 1157 numero
1695 1128 1807 1158 docent

981 1179 1046 1199 esse
1063 1173 1092 1199 et
1106 1179 1253 1207 personas
1270 1179 1304 1199 ac
1323 1171 1388 1199 vice
1402 1180 1502 1206 versa,
1525 1174 1553 1200 et
1566 1174 1625 1201 tres
1639 1173 1729 1208 igitur
1752 1183 1808 1203 na-

981 1218 1065 1244 turas
1081 1218 1193 1244 sanctae
1209 1215 1357 1244 Trinitatis
1374 1216 1528 1248 inducant,
1557 1225 1627 1245 cum
1652 1218 1689 1246 sit
1714 1218 1808 1247 tribus

981 1260 1120 1297 personis
1142 1262 1304 1294 constans;
1321 1260 1368 1289 vel
1383 1268 1503 1288 rursum
1516 1262 1638 1290 unicam
1665 1262 1809 1299 hyposta-

983 1305 1041 1333 sim
1057 1305 1167 1339 dicant,
1184 1313 1254 1332 cum
1271 1305 1361 1333 unica
1375 1305 1412 1333 sit
1426 1305 1517 1341 hujus
1529 1308 1647 1335 natura.
1663 1307 1695 1335 Id
1708 1310 1810 1336 autem

982 1350 1139 1378 sciendum
1159 1352 1204 1377 est
1215 1349 1365 1378 Jacobitas
1388 1358 1510 1386 quoque
1525 1353 1553 1378 et
1571 1351 1727 1380 Armenios
1741 1354 1811 1381 ante

984 1394 1125 1422 unionem
1137 1394 1261 1431 quidem
1274 1394 1350 1422 duas
1365 1397 1488 1422 naturas
1499 1394 1530 1423 in
1542 1395 1655 1424 Christo
1664 1396 1808 1432 conﬁteri;

983 1441 1052 1475 post
1065 1439 1209 1466 unionem
1222 1447 1293 1467 vero
1304 1447 1397 1467 unam
1410 1439 1732 1475 compositam,ambas
1742 1449 1812 1469 con-

985 1483 1154 1517 fundentes,
1170 1483 1305 1511 divinam
1329 1486 1356 1511 et
1375 1484 1552 1519 humanam,
1580 1486 1607 1512 et
1620 1485 1689 1513 ideo
1716 1494 1810 1514 unam

986 1530 1126 1556 naturam
1142 1528 1307 1564 appellare.
1327 1528 1410 1556 Unde
1422 1528 1466 1556 sui
1479 1528 1658 1557 defendendi
1673 1538 1764 1558 causa
1774 1530 1811 1558 iis

987 1573 1039 1609 qui
1062 1573 1111 1609 pie
1139 1572 1243 1600 dicunt
1263 1573 1340 1600 duas
1361 1580 1427 1600 esse
1446 1573 1476 1600 in
1500 1573 1614 1601 Christo
1627 1576 1751 1602 naturas
1766 1582 1811 1602 re

988 1617 1138 1653 spondent
1154 1624 1215 1644 non
1228 1624 1293 1644 esse
1307 1618 1446 1644 naturam
1458 1617 1572 1653 absque
1585 1617 1744 1653 hypostasi
1758 1626 1812 1646 seu

988 1669 1132 1698 persona.
1152 1662 1186 1688 Et
1200 1668 1250 1689 eos
1265 1661 1318 1697 qui
1339 1661 1416 1688 duas
1431 1669 1495 1688 esse
1509 1661 1540 1688 in
1555 1661 1668 1691 Christo
1687 1665 1812 1691 naturas

989 1706 1151 1742 opinantur
1170 1708 1199 1733 et
1219 1705 1295 1734 duas
1316 1705 1508 1741 hypostases,
1523 1707 1556 1734 ut
1569 1707 1746 1741 Nestorium,
1769 1708 1813 1736 in-

989 1752 1109 1786 ducere,
1118 1753 1146 1779 et
1157 1758 1218 1778 non
1231 1752 1290 1778 tres
1300 1758 1446 1786 personas
1455 1758 1507 1778 seu
1518 1753 1575 1779 tres
1590 1751 1770 1787 hypostases
1782 1753 1813 1781 in

991 1799 1097 1824 sancta
1111 1795 1249 1823 Trinitate
1264 1794 1397 1823 dicentes
1412 1795 1545 1831 reperiri,
1559 1795 1613 1823 sed
1629 1798 1658 1824 et
1671 1799 1813 1832 quatuor.

990 1840 1098 1869 Etinde
1109 1839 1382 1868 Chalcedonensem
1393 1839 1544 1875 synodum
1551 1841 1814 1875 anathematizant,

977 1888 1092 1926 “utpote
1119 1893 1188 1921 quae
1204 1884 1281 1912 duas
1307 1885 1339 1912 in
1363 1885 1477 1913 Christo
1491 1885 1671 1921 hypostases
1685 1894 1749 1914 esse
1764 1886 1814 1913 de-

990 1930 1114 1959 creverit
1129 1938 1135 1957 :
1151 1930 1191 1957 ita
1206 1930 1285 1958 enim
1297 1929 1462 1957 secundum
1480 1938 1568 1958 suam
1584 1930 1751 1959 doctrinam
1764 1938 1817 1967 ap-

978 1975 1102 2016 .pellant
1128 1976 1263 2002 naturas.
1292 1975 1400 2002 Sancto
1428 1977 1530 2002 autem
1556 1974 1664 2011 Cyrillo
1694 1977 1726 2003 ut
1753 1983 1815 2002 sua:

976 2020 1137 2059 .,h.'ereseos
1151 2018 1295 2054 complice
1316 2021 1450 2053 utuntur,
1464 2026 1500 2046 eo
1521 2018 1605 2055 quod
1628 2018 1735 2046 dixerit
1749 2020 1815 2046 uni-

992 2073 1058 2093 cam
1075 2071 1139 2091 esse
1152 2066 1292 2091 naturam
1306 2062 1393 2090 Verbi
1405 2063 1603 2095 incarnatam,
1620 2063 1699 2090 hanc
1709 2070 1815 2090 vocem

992 2117 1052 2137 non
1076 2108 1106 2136 in
1126 2108 1234 2135 eodem
1258 2115 1348 2135 sensu
1372 2115 1464 2142 quam
1489 2106 1537 2135 ille
1552 2110 1743 2144 usurpantes,
1763 2107 1817 2135 sed

976 2154 1071 2186 hanc
1086 2155 1226 2181 naturam
1251 2160 1316 2180 esse
1340 2152 1527 2180 contendunt
1545 2160 1613 2180 eam
1627 2160 1722 2188 quam
1747 2154 1818 2189 post

993 2198 1126 2226 unionen
1148 2197 1306 2225 contusam
1330 2204 1398 2224 esse
1425 2196 1538 2232 dicunt,
1554 2196 1616 2225 imo
1636 2197 1666 2225 in
1682 2197 1818 2226 divinita-

995 2246 1054 2272 tem
1069 2250 1257 2271 conversam.

1032 2325 1073 2353 14.
1112 2325 1224 2352 Rursus
1261 2322 1352 2351 iidem
1387 2322 1479 2358 impie
1515 2322 1594 2350 hanc
1626 2323 1816 2358 evangelista

993 2369 1115 2398 Joannis
1144 2376 1249 2396 vocem
1281 2366 1488 2395 adhibentes:
1517 2367 1558 2395 Et
1591 2367 1718 2395 Verbum
1746 2375 1817 2396 caro

992 2416 1106 2451 factum
1127 2416 1169 2441 est
1181 2422 1192 2445 ,-
1220 2413 1453 2447 invocantesque
1478 2411 1535 2439 has
1563 2411 1643 2440 beati
1662 2412 1819 2440 Athanasii

993 2467 1101 2488 voces:
1118 2469 1132 2483 ιι
1149 2456 1278 2486 Verbum
1292 2464 1362 2485 caro
1375 2455 1489 2484 factum
1511 2458 1564 2490 est,
1589 2458 1622 2484 ut
1636 2458 1664 2484 et
1678 2464 1748 2485 caro
1765 2457 1819 2486 ﬁat

994 2504 1143 2536 Verbum;
1161 2513 1176 2527 »
1190 2501 1243 2530 sed
1258 2503 1287 2529 et
1311 2501 1485 2536 Gregorium
1508 2500 1694 2536 Theologum
1715 2501 1818 2531 dicen-

994 2552 1054 2578 tem
1067 2557 1073 2576 :
1090 2559 1104 2574 «
1118 2547 1221 2576 Audeo
1236 2546 1334 2575 dicere
1349 2547 1409 2574 Deo
1420 2546 1548 2574 similem
1564 2548 1592 2574 et
1605 2546 1719 2574 factum
1735 2546 1820 2583 quod

995 2597 1039 2623 est
1064 2593 1192 2622 Verbum
1220 2592 1388 2627 inungens;
1417 2602 1431 2617 »
1451 2593 1481 2620 et
1503 2591 1542 2620 ad
1557 2591 1622 2620 haec
1644 2591 1819 2627 Gregorium

995 2641 1153 2676 Nyssmum
1168 2637 1209 2665 sic
1224 2637 1429 2673 eloquentem:
1442 2647 1456 2661 α
1471 2636 1735 2669 Quemadmodum
1744 2636 1820 2665 aceti

995 2686 1079 2720 gutta
1104 2683 1135 2711 in
1163 2682 1254 2710 maris
1283 2681 1391 2718 pelago
1415 2680 1561 2720 immersa
1583 2688 1646 2709 non
1663 2681 1728 2717 jam
1744 2681 1820 2709 aceti

995 2718 1191 2765 proprietates
1216 2726 1331 2761 retinet,
1361 2726 1414 2754 sed
1434 2718 1580 2754 conversa
1605 2728 1633 2754 et
1660 2725 1820 2754 commista

996 2775 1041 2802 est
1067 2773 1098 2800 in
1122 2771 1213 2800 maris
1237 2778 1386 2807 aquarum
1405 2770 1621 2807 proprietates;
1647 2771 1688 2798 ita
1705 2777 1776 2797 sane
1792 2770 1820 2796 et

997 2817 1221 2847 sanctissimum
1240 2815 1315 2845 illud
1334 2822 1444 2851 corpus
1463 2814 1658 2844 commistum
1671 2812 1820 2842 divinitati
