2063 3114
280 133 329 160 103

274 282 334 310 Deo
359 284 635 319 consubstantialis,
653 289 681 314 et
697 286 791 315 Verbo
807 289 965 317 commistn
979 291 1015 319 sit
1028 295 1055 320 et
1070 294 1100 321 in

270 327 343 355 illud
359 336 516 363 conversa,
534 331 691 366 quomodo
707 335 833 367 possunt
845 333 903 361 dici
923 334 991 363 dua:
1014 340 1099 366 natu—

270 380 321 404 ΠΡ,
337 381 399 402 non
414 378 515 403 autem
530 376 629 411 unica,
641 384 708 413 qua:
722 379 765 405 est
776 377 936 407 divinitatis
946 380 960 407 ‘I
976 391 990 405 ››

307 508 348 535 15.
369 510 406 537 At
419 516 488 545 quae
503 511 547 537 est
566 510 829 547 respondendum:
847 513 950 541 Creata
964 516 992 542 et
1009 514 1095 543 ﬁnita

268 555 378 581 natura
388 562 509 582 rursum
522 558 551 582 et
563 558 633 591 post
643 556 785 584 unionem
797 557 827 584 in
838 558 899 585 suis
907 559 1094 588 naturalibus

267 599 501 634 proprietatibus
511 600 686 636 permansit,
697 608 757 629 non
771 602 894 630 omnino
908 611 1053 633 conversa
1063 605 1094 634 in

266 643 435 672 increatum
449 647 477 672 et
491 644 639 672 inﬁnitum
656 647 685 672 et
699 645 727 673 in
744 646 819 674 Patri
830 650 1022 676 coaaternum.
1038 650 1094 678 Per

266 691 406 716 naturam
443 691 542 716 autem
575 689 703 717 invicem
737 691 940 720 accessionem
971 702 1093 723 carnem

265 733 436 761 deiﬁcatam
457 740 533 765 esse,
560 734 653 761 Deum
674 734 828 763 hominem
845 735 955 765 factum
970 746 1035 766 esse
1050 740 1093 768 di-

263 779 368 806 cimus.
380 777 439 805 Nisi
455 777 535 804 enim
550 777 580 804 id
597 778 813 812 concedamus,
828 781 913 815 juxta
925 781 991 810 illos
1004 779 1093 814 Verbi

261 823 376 848 naturae
391 819 455 852 erit,
477 827 537 847 non
557 822 657 848 autem
685 821 828 850 humanae
846 822 877 850 in
902 825 1017 854 Christo
1038 831 1093 857 na'

261 867 345 898 tum,
373 864 603 899 incrementum,
619 864 749 901 Iactatio,
765 869 871 903 tactus,
888 867 997 904 fames,
1014 871 1089 905 sitis,

260 908 404 943 fatigatio,
433 908 553 943 agonia,
575 912 708 945 sputum,
739 910 902 947 cruciﬁxio,
921 914 1087 950 sepultura,

258 961 351 982 mors.
364 952 395 980 Id
410 952 452 980 ita
467 952 605 981 Patribus
618 953 721 987 videri,
738 962 869 990 quorum
883 958 1006 987 oracula
1021 968 1089 996 pro-

258 998 367 1031 ferunt,
380 1000 526 1026 testantur
541 1001 649 1026 caetera
664 1006 768 1026 eorum
782 1000 903 1036 scripta,
917 1006 1041 1033 naturas
1056 1006 1087 1034 in

258 1043 373 1071 Christo
388 1050 448 1070 non
466 1042 610 1070 confundi
626 1042 765 1071 docentia
787 1051 884 1080 neque
908 1054 1084 1078 conversam

257 1097 321 1117 esse
337 1096 458 1117 carnem
472 1087 502 1115 in
517 1087 706 1115 divinitatem
720 1096 726 1121 ;
755 1089 808 1116 sed
828 1092 856 1117 et
874 1092 968 1120 verba
982 1093 1085 1123 Christi

256 1133 410 1171 discipulis
438 1134 475 1160 de
505 1134 613 1160 Lazaro
638 1132 765 1161 dicentis
794 1143 800 1161 :
823 1136 956 1165 Mortuus
976 1141 1032 1175 est,
1057 1143 1085 1169 et

255 1179 373 1213 gaudeo
389 1179 511 1214 propter
524 1184 588 1210 vos,
598 1177 745 1213 quoniam
761 1186 822 1207 non
834 1187 916 1208 eram
930 1181 1083 1213 ibi.Utrius

253 1222 422 1259 reputanda
433 1222 550 1249 esthaec
564 1229 640 1250 vox:
654 1233 667 1247 «
681 1224 745 1250 Non
759 1231 841 1251 eram
853 1225 960 1254 ibi"?»
975 1228 1084 1258 Divini‘

253 1267 350 1296 tatis?
366 1269 398 1295 Et
418 1266 572 1303 quomodo
597 1265 665 1294 loco
691 1268 933 1305 circumscriptus
962 1275 1006 1301 est
1030 1274 1082 1310 qui

253 1313 366 1349 ubique
386 1312 470 1339 adest
491 1313 519 1339 et
534 1319 624 1347 super
639 1312 743 1340 omnia
762 1313 830 1340 est?
846 1314 874 1342 Si
891 1323 959 1343 vero
970 1319 1079 1353 carnis,

250 1366 311 1394 quo
336 1357 428 1385 modo
441 1364 502 1384 non
519 1358 590 1384 sunt
614 1356 681 1384 duae
700 1357 730 1384 in
747 1357 863 1387 Christo
890 1363 1004 1389 natura
1016 1363 1029 1390 ξ)
1046 1365 1080 1391 Et

249 1402 391 1438 lacrymus
423 1401 522 1428 Lazari
552 1401 649 1435 gratia
681 1401 798 1437 effusa,
828 1404 926 1432 carnis
953 1407 1078 1436 omnino

249 1449 342 1480 erant,
359 1454 456 1482 neque
471 1445 635 1473 divinitatis
650 1455 656 1480 ;
685 1447 947 1482 quemadmodum
962 1450 1077 1480 homini

248 1491 388 1520 convenit
399 1490 491 1518 illud:
507 1501 520 1515 «
537 1489 592 1518 Ubi
608 1490 749 1526 posuistis
762 1499 830 1520 eum
842 1494 856 1521 ‘2
873 1504 883 1519 ι

280 1626 324 1653 16.
346 1623 431 1658 Quod
448 1623 471 1652 si
485 1623 515 1652 id
531 1623 710 1660 addiderint,
726 1632 792 1659 nos,
815 1626 839 1654 si
855 1626 933 1656 duas
949 1630 1074 1659 naturas

242 1670 398 1699 distinctas
419 1668 559 1697 habuerit
573 1668 717 1704 Christus,
733 1669 901 1700 humanam
917 1680 1029 1711 nempe
1047 1674 1075 1704 et

240 1715 387 1749 divinam,
416 1716 586 1742 creaturam
618 1713 757 1749 adorare,
788 1715 901 1752 quippe
927 1718 981 1753 qui
1005 1722 1074 1749 ante

239 1761 372 1788 creatam
384 1760 525 1786 naturam
541 1757 735 1793 procidamus
749 1767 755 1792 ;
770 1759 817 1787 vel
833 1760 858 1787 si
871 1761 1061 1797 minius,esse

235 1804 317 1832 idem
333 1805 362 1831 et
385 1811 465 1831 unus
480 1802 612 1829 Christus
629 1803 777 1831 adoratus
796 1806 825 1831 et
836 1812 897 1832 non
918 1806 1070 1839 adoratus.

237 1848 283 1877 Sic
313 1845 573 1884 respondendum.
606 1846 711 1874 Filium
741 1847 790 1875 Dei
819 1856 889 1876 cum
922 1850 1009 1880 Patre
1042 1856 1070 1882 et

236 1895 339 1922 sancto
352 1891 462 1928 Spiritu
477 1891 653 1925 adoramus,
668 1891 732 1919 sine
748 1900 873 1928 corpore
887 1897 956 1923 ante
972 1896 1069 1926 incar.

233 1937 388 1966 nationem
403 1936 601 1968 existentem;
627 1943 707 1963 nunc
731 1938 832 1964 autem
853 1938 995 1968 eumdem
1022 1941 1066 1970 in-

233 1984 392 2011 carnatum
427 1982 455 2008 et
483 1980 556 2008 citra
585 1979 726 2008 deitatem
755 1980 868 2009 factum
898 1983 1065 2016 hominem.

232 2028 267 2056 Et
286 2027 363 2055 sicut
387 2025 502 2060 lignum
521 2027 609 2052 tenue
633 2025 723 2053 tactui
750 2033 811 2053 non
837 2029 881 2055 est
906 2027 1067 2059 inaccessi-

230 2071 300 2103 bile,
327 2073 438 2104 tamen,
467 2070 537 2105 igne
565 2069 678 2103 addito,
704 2070 911 2101 inaccessibile
937 2073 978 2109 fit,
1003 2083 1066 2104 non

230 2116 353 2153 quidem
369 2123 422 2152 per
437 2122 478 2150 se,
496 2114 549 2143 sed
573 2114 645 2151 quia
662 2115 739 2150 ignis
757 2117 891 2145 accessit.
907 2119 971 2146 Non
984 2120 1065 2149 enim

229 2161 304 2197 ligni
331 2163 439 2189 natura
462 2159 677 2188 inaccessibilis
693 2162 746 2194 est,
763 2161 815 2189 sed
831 2162 933 2197 carbo,
949 2163 968 2192 i.
989 2172 1015 2193 e.
1030 2166 1064 2194 li~

229 2213 324 2241 gnum
344 2205 485 2234 adustum
499 2213 505 2239 ;
523 2205 565 2233 sic
587 2213 656 2257 caro
669 2213 792 2242 quoque
809 2214 865 2256 pro
879 2210 988 2257 natura
1007 2219 1062 2257 sua
1078 2229 1102 2257 Β
1117 2215 1190 2253 θραξ,

227 2258 289 2279 non
299 2252 344 2279 est
358 2250 527 2284 adoranda,
542 2250 573 2278 in
588 2250 683 2278 Verbo
697 2252 800 2279 tamen
815 2251 973 2282 incarnato
988 2255 1060 2284 ado-

226 2297 328 2329 ratur;
353 2303 409 2323 nec
431 2295 559 2322 dicimus
579 2302 634 2323 nos
650 2302 772 2323 carnem
787 2296 902 2325 nudam
919 2298 1056 2337 adorare,

226 2340 280 2369 sed
307 2348 430 2369 carnem
446 2340 507 2374 Dei,
522 2340 541 2368 i.
556 2348 582 2369 e.
600 2340 694 2369 Deum
709 2340 910 2370 incarnatum.
928 2344 985 2372 Sed
997 2345 1055 2374 hoc

224 2385 349 2422 quidem
367 2385 398 2413 in
422 2387 565 2421 promptu
580 2387 608 2413 et
622 2393 675 2422 per
690 2386 914 2422 compendium.
929 2387 979 2416 Vir
999 2398 1052 2418 au.

224 2432 284 2459 tem
303 2431 363 2460 otio
376 2430 477 2459 fruens
489 2430 585 2459 multa
597 2439 613 2459 e
634 2431 793 2467 Scripturis
806 2433 899 2461 sacris
910 2436 1051 2471 exempla

221 2475 431 2503 Armeniorum
452 2474 582 2503 haereses
597 2478 650 2504 aut
672 2475 856 2506 destruentia
881 2479 932 2506 aut
947 2486 1048 2516 repro-

220 2519 325 2550 bautia
334 2520 366 2549 in
380 2520 515 2549 medium
526 2520 657 2557 proferre
676 2522 815 2558 potuerit.

255 2682 278 2702 ¹⁶
287 2685 372 2713 Joan.
386 2692 427 2721 ιι,
445 2685 488 2713 15.

932 139 1073 170 Nicena
1091 128 1295 178 GHONIATE.

275 201 335 221 non
350 195 413 229 jam
429 195 526 223 carnis
552 196 752 231 proprietates
777 198 892 227 retinet.
914 211 928 224 »
944 202 1041 239 Atque
1061 205 1104 233 sic
1119 206 1144 234 Α
1161 205 1260 244 ἰδίωμα
1282 219 1288 226 ·

272 239 489 267 ratiocinantur
506 248 511 267 :
530 252 543 266 ‹
561 241 634 269 Cum
651 249 722 270 caro
742 242 872 271 Verbum
894 244 1006 275 factum
1023 249 1060 276 sit
1075 252 1103 279 et

1154 0 2063 107 “a—_'1

1902 162 1950 190 104

1322 213 1388 238 οὕτω
1420 212 1452 242 δὴ
1483 217 1526 240 καὶ
1556 217 1584 242 τὸ
1614 218 1741 254 rami-)va
1767 219 1847 247 ἐκεῖνο
1877 227 1951 259 σῶμα

1158 256 1350 289 συνανακραθὲν
1388 260 1419 292 τῇ
1464 258 1575 293 θεότητι,
1607 261 1693 289 οὐκέτι
1730 263 1800 291 ἐστὶν
1836 266 1860 292 ἐν
1899 271 1951 300 τοῖς

1155 300 1201 326 τῆς
1233 300 1331 333 σαρκὸς
1359 298 1495 336 ἰδιώματι-ι.
1532 306 1581 330 Καὶ
1613 306 1812 343 συλλογίζονται
1842 311 1921 342 οὕτως
1943 324 1948 330 ·

1153 340 1188 370 ὡς
1202 341 1272 367 Ἐπεὶ
1300 345 1314 371 ἡ
1344 344 1411 381 σάρξ
1433 348 1521 381 γέγονε
1540 351 1624 384 Λόγος
1643 354 1687 377 καὶ
1714 353 1831 390 ὀαοθεος,
1848 366 1951 383 cum-ar

1151 386 1234 421 κραθη
1257 390 1293 421 τῷ
1317 390 1395 424 Λόγῳ
1423 393 1468 416 καὶ
1487 396 1656 428 μετεποιήοη,
1689 401 1743 428 πῶς
1770 397 1880 427 δυνατὸν
1901 401 1950 428 δύο

1151 428 1232 465 λέγειν
1251 432 1341 466 φύσεις
1372 436 1416 460 καὶ
1445 435 1509 472 οὐχὶ
1532 440 1594 474 μίαν
1621 443 1666 467 καὶ
1691 444 1788 473 ταύτην
1821 449 1869 477 τῆς
1896 448 1951 473 θεό-

1149 483 1243 508 τητος;

1185 528 1221 547 ιε.
1242 522 1309 557 Πρὸς
1323 521 1386 560 οἷπερ
1411 523 1602 563 ἀποκρίνασθαι
1618 526 1660 555 δεῖ
1685 531 1719 563 ὡς
1746 533 1760 561 ἡ
1790 537 1884 564 κτιττὴ
1905 538 1950 562 καὶ

1147 568 1311 601 περιγραπτὴ
1333 568 1412 602 φύσις
1438 569 1515 596 πάλιν
1541 574 1585 598 καὶ
1613 576 1678 609 μετὰ
1704 577 1750 605 τὴν
1783 578 1873 605 ἕνωσιν
1905 580 1949 607 ἐπὶ

1148 611 1196 633 τῶν
1225 607 1298 635 ἰδίων
1327 614 1452 648 μεμένηκε
1479 621 1595 651 φυσικῶν
1620 617 1780 656 ἰδιωμάτων,
1809 622 1866 650 οὐδ’
1886 625 1951 656 ὅλως

1149 652 1341 688 μεταϐληθεῖσα
1355 657 1391 688 εἰς
1416 660 1445 684 τὸ
1460 659 1594 695 ᾶκτιστον,
1610 665 1654 690 καὶ
1677 663 1881 702 ἀσχημάτιστον
1902 673 1949 697 καὶ

1150 697 1286 725 συναῖδιον
1304 705 1340 736 τῷ
1370 705 1473 741 Πατρί’
1508 703 1555 732 διὰ
1577 705 1607 733 δὲ
1639 711 1686 738 τὴν
1712 714 1762 736 τῶν
1788 714 1888 748 φύσεων
1910 714 1948 747 εἰς

1149 741 1247 771 ἄλληλα
1274 749 1467 783 περιχὼρησιν,
1494 752 1540 779 τὴν
1575 752 1661 789 σάρκα
1681 754 1808 785 θεωθῇναι
1824 765 1830 772 ’
1852 760 1895 784 τὸν
1918 757 1948 786 δὲ

1149 788 1213 813 Θεὸν
1240 788 1439 826 ἔνανθρωπόσαί
1458 803 1538 830 φαμιν
1555 806 1561 811 ·
1583 788 1674 835 εἰγγὰρ
1703 802 1739 835 μὴ
1764 804 1839 828 τοῦτο
1873 801 1948 832 δοίης

1147 841 1202 867 μεν,
1230 834 1304 860 ἔσται
1332 834 1362 860 ἆν
1380 840 1425 867 τῆς
1448 842 1493 864 τοῦ
1526 841 1613 876 Λόγου
1640 844 1740 878 φύσεως
1764 846 1821 872 κατ’
1840 847 1946 880 αὐτοὺς,

1110 879 1131 906 Β
1146 878 1191 902 καὶ
1210 877 1274 913 οὐχὶ
1294 883 1341 909 τῆς
1356 878 1380 905 ἐν
1406 884 1512 918 Χριστῷ
1530 883 1691 922 ἀνθρωπίνης
1711 890 1821 924 φύσεως,
1850 892 1865 920 ἡ
1898 894 1947 919 αὗ-

1145 920 1231 956 ξησις,
1254 923 1269 951 ἡ
1299 926 1495 960 σπαργάνωσις,
1526 929 1541 957 ἠ
1575 920 1738 967 φηλάφησιπς,
1767 934 1782 963 ἡ
1818 939 1900 969 πεῖνα,
1929 938 1944 967 ἠ

1143 963 1222 1000 δίψα,
1238 967 1251 992 ὀ
1270 969 1359 1004 κόπος,
1380 970 1395 998 ἡ
1418 969 1526 1006 ἀγωνία,
1546 975 1575 999 τὸ
1595 976 1714 1012 πτύσμα,
1734 978 1748 1006 ἡ
1764 977 1807 1005 ἐπὶ
1826 985 1945 1018 σταυροῦ

1166 1010 1195 1018 ,ν
1263 1013 1269 1018 ν
1361 1015 1366 1018 -

1140 1010 1229 1044 πῆξις,
1259 1013 1272 1041 ἡ
1303 1015 1381 1049 ταφὴ,
1414 1018 1458 1041 καὶ
1486 1017 1498 1042 ὁ
1527 1018 1642 1050 θάνατος.
1663 1010 1723 1047 Ὅτι
1757 1021 1785 1049 δὲ
1815 1027 1861 1051 καὶ
1887 1030 1944 1058 τοῖς

1142 1057 1275 1092 Πατράσιν
1302 1058 1369 1084 οὕτω
1398 1057 1479 1093 δοκεῖ,
1505 1062 1539 1087 ὠν
1566 1064 1613 1095 τὰς
1638 1068 1753 1102 χρήσεις
1778 1070 1932 1105 παράγουσι

1139 1104 1303 1137 μαρτυροῦσι
1339 1104 1372 1129 τὰ
1404 1104 1482 1131 λοιπὰ
1514 1111 1622 1135 τουτωνὶ
1657 1113 1861 1149 συγγράμματα,
1902 1127 1922 1152 μ

1141 1147 1325 1181 συγκεχύσθαι
1346 1148 1392 1179 τὰς
1407 1148 1431 1174 ἕν
1455 1153 1563 1188 Χριστῷ
1579 1155 1668 1189 φυσεις
1683 1154 1856 1192 διδάσκοντα,
1873 1163 1940 1195 μήτε

1139 1190 1191 1224 μὴν
1201 1192 1409 1225 μιταποιηθῆναι
1421 1196 1467 1223 τὴν
1480 1198 1565 1233 σάρκα
1576 1198 1610 1229 εἰς
1624 1200 1825 1229 θεοτητωᾍλλὰ
1839 1207 1885 1230 καὶ
1893 1209 1939 1232 τοῦ

1140 1236 1256 1270 Χριστοῦ
1270 1245 1334 1273 προς
1353 1240 1411 1268 τοὺς
1428 1240 1549 1275 μαθητὰς
1567 1245 1625 1280 περὶ
1648 1248 1693 1270 τοῦ
1708 1247 1833 1284 Λαζάρου
1852 1248 1937 1285 λέγον-

1138 1287 1181 1305 τος
1201 1279 1241 1305 ὃτι
1259 1291 1274 1304 ιι
1290 1281 1422 1314 Ἀπέθανε,
1439 1286 1484 1310 καὶ
1503 1288 1591 1323 χαίρω
1607 1286 1645 1314 δι’
1664 1290 1729 1326 ὑμᾶς
1748 1292 1788 1317 ὅτι
1803 1293 1850 1318 οὐκ
1865 1296 1935 1330 ἥμην

1140 1321 1147 1330 ,
1179 1326 1189 1330 _
1257 1326 1288 1330 _.

1554 1321 1559 1323 ν
1680 1321 1685 1326 ι
1873 1321 1887 1330 VI
1913 1321 1917 1323 ”

1136 1321 1196 1349 ἐκεῖ.
1223 1335 1237 1348 ‹‹
1257 1326 1330 1356 Τίνος
1355 1329 1458 1356 vom-fota
1477 1330 1506 1354 τὸ
1524 1331 1597 1367 ῥῆμα
1623 1335 1651 1359 τὸ
1673 1345 1687 1359 (ι
1708 1335 1754 1361 οὐκ
1765 1337 1834 1372 ἥμην
1860 1338 1930 1372 ἔκεῖ;

1134 1369 1188 1397 Τῆς
1202 1369 1323 1401 θεότητος
1335 1379 1341 1403 ;
1364 1374 1413 1398 Καὶ
1428 1377 1484 1404 πῶς
1496 1377 1566 1411 τόπῳ
1579 1381 1752 1415 περιγραπτὸς
1771 1382 1783 1406 ὁ
1794 1387 1931 1418 πανταχοῦ

1133 1414 1221 1449 παρὼν
1244 1416 1290 1441 καὶ
1304 1415 1367 1452 ὑπὲρ
1382 1418 1411 1442 τὸ
1426 1421 1476 1444 πᾶν
1498 1420 1547 1453 div;
1577 1421 1607 1447 Εἰ
1628 1420 1657 1449 δὲ
1676 1428 1723 1455 τῆς
1747 1427 1851 1463 σαρκός,
1875 1432 1932 1459 πῶς

1132 1456 1196 1492 οὐχὶ
1225 1456 1273 1484 δὺο
1294 1461 1383 1495 φύσεις
1408 1459 1449 1488 ἐπῖ
1464 1466 1602 1500 Χριστοῦ;
1632 1467 1682 1493 Καὶ
1699 1471 1728 1495 τὸ
1744 1469 1786 1496 ἐπὶ
1805 1472 1931 1509 Λαζάρου

1138 1499 1155 1509 ‘I
1189 1500 1200 1509 ιι
1212 1502 1217 1509 Ι
1447 1508 1450 1509 ⁷
1615 1508 1619 1509 7

1855 1499 1862 1503 '
1883 1499 1888 1509 Ι

1132 1499 1162 1526 δὲ
1182 1500 1296 1539 δάκρυον
1309 1509 1356 1535 τῆς
1372 1508 1470 1542 σαρκὸς
1488 1510 1589 1541 πάντως
1609 1508 1649 1546 ἦν,
1671 1515 1715 1539 καὶ
1735 1514 1799 1550 οὐχὶ
1817 1520 1862 1547 τῆς
1878 1518 1932 1544 θεό-

1092 1556 1113 1585 c
1130 1554 1206 1576 τητος
1222 1553 1230 1561 ·
1251 1548 1337 1585 ὥσπερ
1358 1548 1573 1587 ἀνθρωποπρεπὲς
1599 1558 1643 1582 καὶ
1663 1558 1692 1583 τὸ
1712 1556 1808 1595 ἐρωτᾷν
1837 1571 1851 1585 «
1875 1564 1930 1588 Ποῦ

1130 1590 1261 1617 τεθείκατε
1280 1592 1357 1619 αὐτόν
1370 1603 1377 1628 ;

1166 1634 1214 1667 ις’.
1234 1636 1291 1663 Ἐὰν
1312 1636 1342 1664 δὲ
1367 1641 1412 1666 καὶ
1441 1645 1517 1668 τοῦτο
1547 1646 1747 1681 προσθήσουσιν
1775 1650 1816 1683 ὡς,
1837 1650 1859 1676 εἰ
1879 1649 1929 1678 δὺο

1130 1680 1218 1715 φὺσεις
1236 1678 1306 1717 εἶχεν
1325 1683 1338 1708 ὁ
1353 1686 1470 1721 Χριστὸς
1491 1685 1673 1725 ἀσυγχύτους,
1696 1690 1858 1729 ἀνθρωπίνην
1881 1699 1928 1723 καὶ

1130 1724 1226 1760 θεῐκὴν,
1247 1727 1299 1764 ἄρα
1313 1731 1343 1764 τῇ
1368 1730 1455 1755 κτίσει
1473 1729 1636 1769 ὶατρεὺομεν,
1657 1736 1693 1766 ὡς
1717 1743 1811 1775 κτιστῇ
1842 1750 1926 1777 προσ-

1127 1773 1263 1801 κανοῦντες
1289 1773 1364 1807 φὺσει
1380 1783 1387 1790 ·
1417 1773 1432 1803 ἣ
1462 1774 1484 1801 εἰ
1511 1778 1547 1811 μὴ
1568 1782 1653 1813 τοῦτο,
1675 1782 1714 1809 εἴη
1743 1781 1773 1808 ἂν
1800 1784 1813 1809 ὁ
1846 1785 1926 1817 αὑτὸς

1126 1816 1170 1839 καὶ
1186 1815 1222 1845 εἷς
1247 1818 1364 1851 Χριστὸς
1388 1823 1568 1855 προσκυνητός
1590 1832 1617 1849 τε
1630 1826 1673 1850 καὶ
1701 1825 1897 1863 ἆπροσκὺνητος
1913 1841 1921 1848 ·

1124 1858 1222 1885 οὑτωσὶ
1236 1859 1334 1887 λεκτέον
1349 1872 1355 1878 ·
1385 1865 1434 1889 Τὸν
1457 1866 1515 1891 Υὶὸν
1538 1870 1583 1892 τοῦ
1614 1872 1680 1895 Θεοῦ
1710 1872 1756 1896 σὺν
1777 1877 1812 1907 τῷ
1836 1877 1919 1907 Πατρὶ

1122 1905 1167 1929 καὶ
1190 1907 1226 1939 τῷ
1249 1904 1316 1941 ἁγίῳ
1342 1909 1474 1943 Πνεὺματι
1492 1916 1697 1949 προσκυνοῦμεν,
1718 1914 1853 1952 ἀσώματον
1872 1920 1918 1953 μὲν

1121 1948 1171 1984 πρὸ
1192 1952 1239 1979 τῆς
1261 1948 1487 1988 ἔνανθρωπήσεως,
1511 1958 1555 1980 νῦν
1580 1955 1610 1982 δὲ
1623 1959 1665 1983 τὸν
1684 1958 1761 1985 αὐτὸν
1777 1970 1916 1998 σεσαρκω-

1120 1994 1193 2027 μένον
1210 1995 1254 2019 καὶ
1279 1997 1411 2031 γενόμενον
1425 1998 1559 2036 ἄνθρωπον
1583 2003 1648 2037 μετὰ
1666 2007 1710 2029 τοῦ
1735 2003 1799 2031 εἶναι
1826 2009 1890 2033 Θεὸν
1907 2018 1916 2026 ·

1119 2039 1165 2062 καὶ
1179 2038 1265 2075 ὥσπερ
1290 2039 1363 2070 ξὺλον
1377 2041 1453 2076 ψιλὸν
1473 2043 1520 2070 οὐκ
1539 2046 1608 2072 ἐστίν
1630 2046 1770 2085 ἀπρόσιτον
1794 2054 1824 2087 τῇ
1850 2052 1915 2089 ἀφῇ,

1173 2084 1178 2089 .
1220 2080 1238 2089 ..
1392 2085 1399 2089 .

1119 2084 1182 2119 πυρὶ
1215 2080 1244 2109 δὲ
1276 2085 1484 2122 προσομιλῆσαν,
1515 2088 1656 2127 ἀπρόσίτον
1686 2096 1784 2129 γίνεται
1819 2096 1849 2122 οὗ
1878 2096 1916 2124 δι’

1118 2125 1204 2160 ἑαυτὸ,
1230 2127 1293 2154 ἀλλὰ
1309 2127 1356 2156 διὰ
1378 2132 1407 2156 τὸ
1426 2136 1586 2170 συνημμένον
1612 2136 1682 2172 αὐτῷ
1702 2142 1752 2175 πῦρ
1770 2148 1778 2155 ⁶
1798 2143 1842 2167 καὶ
1862 2145 1915 2178 οῡχ

1117 2171 1132 2200 ἡ
1162 2175 1208 2198 τοῦ
1228 2172 1305 2204 ξὺλου
1333 2177 1410 2211 φύσις
1425 2177 1541 2215 ὑπάρχει
1570 2178 1721 2218 ἀπρόσιτος,
1749 2183 1802 2210 ἀλλ’
1827 2186 1839 2211 ἁ
1868 2187 1915 2213 οἷν-

1649 2227 1731 2258 οὖτως
1750 2231 1796 2255 καὶ
1815 2230 1831 2260 ἠ
1847 2232 1916 2269 σὰρξ

1113 2262 1181 2287 κατὰ
1197 2262 1241 2297 μὶν
1266 2265 1312 2292 τὴν
1341 2264 1435 2297 ἑαυτῆς
1464 2269 1540 2303 φὺσιν
1569 2269 1615 2295 οὐκ
1638 2272 1696 2297 ἐστι
1714 2278 1883 2310 προσκυνητή
1903 2285 1910 2292 ·

1111 2310 1296 2341 προσκυνεῖται
1322 2306 1352 2335 δὲ
1378 2309 1401 2335 ἐν
1427 2315 1461 2347 τῷ
1489 2317 1675 2352 σεσαρκωμένῳ
1690 2319 1768 2354 Λόγῳ
1784 2327 1791 2334 ⁵
1819 2322 1863 2353 καὶ
1879 2321 1909 2347 οὐ

1110 2351 1190 2386 φαμὲν
1218 2352 1256 2378 ὅτι
1287 2353 1372 2391 σάρκα
1398 2362 1591 2395 προσκυνοῦμεν
1621 2359 1710 2395 ψιλὴν,
1732 2361 1797 2389 ἀλλὰ
1822 2366 1908 2401 σάρκα

1109 2397 1186 2430 Θεοῦ¹
1207 2397 1264 2425 ἤτοι
1299 2403 1492 2436 σεσαρκωμένον
1521 2405 1595 2431 Θεὸν.
1616 2407 1706 2432 Ταῦτα
1734 2408 1767 2438 ὡς
1799 2407 1826 2433 ἐκ
1844 2418 1905 2445 προ-

1104 2441 1198 2477 χιίρου
1222 2443 1267 2467 καὶ
1298 2441 1323 2467 ἐν
1343 2442 1455 2481 ἔπιτὸμῳ
1472 2455 1479 2461 ·
1500 2446 1620 2485 εὐκαιρία
1648 2448 1678 2476 δέ
1704 2460 1740 2481 τις
1758 2455 1901 2489 χρώμενος,

1104 2486 1149 2510 καὶ
1177 2485 1251 2523 ἕτερα
1277 2485 1308 2512 ἆν
1334 2487 1412 2515 πλείω
1438 2489 1465 2516 ἐκ
1489 2495 1538 2518 τῶν
1565 2494 1637 2531 ἱερῶν
1669 2495 1774 2521 Βιϐλίων
1793 2495 1901 2523 ἐπισυν-

1103 2530 1201 2567 αγάγῃ,
1235 2532 1282 2562 τὰς
1308 2537 1357 2559 τῶν
1384 2534 1522 2572 Ἀρμενίων
1546 2530 1659 2576 αἱρέσεις
1681 2544 1899 2580 καταστρέφοντα,

1100 2575 1146 2600 καὶ
1164 2575 1210 2607 τὰς
1223 2574 1364 2609 ἀντιθέσεις
1378 2579 1462 2607 αὐτῶν
1478 2579 1658 2619 διελέγχοντα.

1209 2218 1221 2225 ια

1207 2219 1266 2245 ἤτοι
1280 2219 1307 2244 τό
1323 2223 1501 2258 φεπυρωμένον
1525 2223 1598 2255 ξύλον
1614 2232 1622 2240 ³
