  <div class='ocr_page' id='page_1' title='image "/cluster/home/n/w/nwhite01/storage/ocr_20150623/140/hvd.32044073502551/073.png"; bbox 0 0 4126 6228; ppageno 0'>
   <div class='ocr_carea' id='block_1_1' title="bbox 566 327 662 380">
    <p class='ocr_par' dir='ltr' id='par_1_1' title="bbox 566 327 662 380">
     <span class='ocr_line' id='line_1_1' title="bbox 566 327 662 380; baseline 0.01 -2"><span class='ocrx_word' id='word_1_1' title='bbox 566 327 662 380; x_wconf 70' lang='grc'>107</span> 
     </span>
    </p>
   </div>
   <div class='ocr_carea' id='block_1_2' title="bbox 1896 278 2579 374">
    <p class='ocr_par' dir='ltr' id='par_1_2' title="bbox 1896 278 2579 374">
     <span class='ocr_line' id='line_1_2' title="bbox 1896 278 2579 374; baseline 0.004 -3"><span class='ocrx_word' id='word_1_2' title='bbox 1896 278 2166 371; x_wconf 65' lang='lat' dir='ltr'>uicem</span> <span class='ocrx_word' id='word_1_3' title='bbox 2210 306 2579 374; x_wconf 66' lang='lat' dir='ltr'>CHONIATE</span> 
     </span>
    </p>
   </div>
   <div class='ocr_carea' id='block_1_3' title="bbox 3814 324 3914 385">
    <p class='ocr_par' dir='ltr' id='par_1_3' title="bbox 3814 324 3914 385">
     <span class='ocr_line' id='line_1_3' title="bbox 3814 324 3914 385; baseline 0 0"><span class='ocrx_word' id='word_1_4' title='bbox 3814 324 3914 385; x_wconf 82' lang='grc'><strong>108</strong></span> 
     </span>
    </p>
   </div>
   <div class='ocr_carea' id='block_1_4' title="bbox 560 436 2200 524">
    <p class='ocr_par' dir='ltr' id='par_1_4' title="bbox 560 440 2200 511">
     <span class='ocr_line' id='line_1_4' title="bbox 560 440 2200 511; baseline -0.008 -8"><span class='ocrx_word' id='word_1_5' title='bbox 560 464 714 503; x_wconf 90' lang='lat' dir='ltr'>sum.</span> <span class='ocrx_word' id='word_1_6' title='bbox 747 451 815 502; x_wconf 80' lang='lat' dir='ltr'>At</span> <span class='ocrx_word' id='word_1_7' title='bbox 839 445 996 500; x_wconf 92' lang='lat' dir='ltr'>enim</span> <span class='ocrx_word' id='word_1_8' title='bbox 1026 442 1305 500; x_wconf 85' lang='lat' dir='ltr'>homines</span> <span class='ocrx_word' id='word_1_9' title='bbox 1324 446 1792 511; x_wconf 79' lang='lat' dir='ltr'>transgressores</span> <span class='ocrx_word' id='word_1_10' title='bbox 1812 440 2093 496; x_wconf 82' lang='lat' dir='ltr'>dixerunt</span> <span class='ocrx_word' id='word_1_11' title='bbox 2112 450 2200 492; x_wconf 92' lang='lat' dir='ltr'>me</span> 
     </span>
    </p>
   </div>
   <div class='ocr_carea' id='block_1_5' title="bbox 2311 436 3912 524">
    <p class='ocr_par' dir='ltr' id='par_1_5' title="bbox 2322 436 3912 524">
     <span class='ocr_line' id='line_1_5' title="bbox 2322 436 3912 524; baseline 0.008 -33"><span class='ocrx_word' id='word_1_12' title='bbox 2322 436 2491 503; x_wconf 79' lang='grc' dir='ltr'>Ἵλεώς</span> <span class='ocrx_word' id='word_1_13' title='bbox 2519 463 2627 513; x_wconf 78' lang='grc' dir='ltr'>μοι,</span> <span class='ocrx_word' id='word_1_14' title='bbox 2668 448 2821 517; x_wconf 78' lang='grc' dir='ltr'>Κύριε</span> <span class='ocrx_word' id='word_1_15' title='bbox 2851 465 2862 476; x_wconf 91' lang='grc'><strong>·</strong></span> <span class='ocrx_word' id='word_1_16' title='bbox 2893 449 2957 496; x_wconf 80' lang='grc' dir='ltr'>σὺ</span> <span class='ocrx_word' id='word_1_17' title='bbox 2984 441 3137 505; x_wconf 81' lang='grc' dir='ltr'>οἶδας</span> <span class='ocrx_word' id='word_1_18' title='bbox 3156 446 3235 496; x_wconf 83' lang='grc' dir='ltr'>ὅτι</span> <span class='ocrx_word' id='word_1_19' title='bbox 3262 446 3355 497; x_wconf 74' lang='grc' dir='ltr'>οὐκ</span> <span class='ocrx_word' id='word_1_20' title='bbox 3386 443 3546 507; x_wconf 85' lang='grc' dir='ltr'>εἷπον,</span> <span class='ocrx_word' id='word_1_21' title='bbox 3569 446 3693 501; x_wconf 71' lang='grc' dir='ltr'>οὐδὲ</span> <span class='ocrx_word' id='word_1_22' title='bbox 3720 450 3912 524; x_wconf 75' lang='grc' dir='ltr'>ὑπερη-</span> 
     </span>
    </p>
   </div>
   <div class='ocr_carea' id='block_1_6' title="bbox 561 527 2207 601">
    <p class='ocr_par' dir='ltr' id='par_1_6' title="bbox 561 527 2207 601">
     <span class='ocr_line' id='line_1_6' title="bbox 561 527 2207 601; baseline -0.007 -10"><span class='ocrx_word' id='word_1_23' title='bbox 561 537 641 593; x_wconf 89' lang='lat' dir='ltr'>ita</span> <span class='ocrx_word' id='word_1_24' title='bbox 665 535 957 598; x_wconf 87' lang='lat' dir='ltr'>locutum,</span> <span class='ocrx_word' id='word_1_25' title='bbox 990 538 1165 587; x_wconf 83' lang='lat' dir='ltr'>etme</span> <span class='ocrx_word' id='word_1_26' title='bbox 1194 530 1541 587; x_wconf 89' lang='lat' dir='ltr'>calumniati</span> <span class='ocrx_word' id='word_1_27' title='bbox 1570 535 1729 594; x_wconf 87' lang='lat' dir='ltr'>sunt,</span> <span class='ocrx_word' id='word_1_28' title='bbox 1773 529 1955 601; x_wconf 82' lang='lat' dir='ltr'>hique</span> <span class='ocrx_word' id='word_1_29' title='bbox 2008 527 2070 581; x_wconf 88' lang='lat' dir='ltr'>in</span> <span class='ocrx_word' id='word_1_30' title='bbox 2123 541 2207 581; x_wconf 82' lang='lat' dir='ltr'>er-</span> 
     </span>
    </p>
   </div>
   <div class='ocr_carea' id='block_1_7' title="bbox 559 615 2205 691">
    <p class='ocr_par' dir='ltr' id='par_1_7' title="bbox 559 615 2205 691">
     <span class='ocr_line' id='line_1_7' title="bbox 559 615 2205 691; baseline -0.007 -11"><span class='ocrx_word' id='word_1_31' title='bbox 559 640 694 680; x_wconf 85' lang='lat' dir='ltr'>rore</span> <span class='ocrx_word' id='word_1_32' title='bbox 720 627 1056 679; x_wconf 79' lang='lat' dir='ltr'>versantur.</span> <span class='ocrx_word' id='word_1_33' title='bbox 1113 618 1579 691; x_wconf 83' lang='lat' dir='ltr'>Responditque,</span> <span class='ocrx_word' id='word_1_34' title='bbox 1636 618 1848 691; x_wconf 80' lang='lat' dir='ltr'>inquit,</span> <span class='ocrx_word' id='word_1_35' title='bbox 1898 615 1980 672; x_wconf 86' lang='lat' dir='ltr'>illi</span> <span class='ocrx_word' id='word_1_36' title='bbox 2006 617 2158 670; x_wconf 87' lang='lat' dir='ltr'>Deus</span> <span class='ocrx_word' id='word_1_37' title='bbox 2191 631 2205 670; x_wconf 90' lang='lat'>:</span> 
     </span>
    </p>
   </div>
   <div class='ocr_carea' id='block_1_8' title="bbox 564 704 2207 769">
    <p class='ocr_par' dir='ltr' id='par_1_8' title="bbox 564 704 2207 769">
     <span class='ocr_line' id='line_1_8' title="bbox 564 704 2207 769; baseline -0.006 0"><span class='ocrx_word' id='word_1_38' title='bbox 564 714 695 769; x_wconf 91' lang='lat' dir='ltr'>Scio</span> <span class='ocrx_word' id='word_1_39' title='bbox 726 716 781 768; x_wconf 90' lang='lat' dir='ltr'>te</span> <span class='ocrx_word' id='word_1_40' title='bbox 802 712 963 767; x_wconf 89' lang='lat' dir='ltr'>hunc</span> <span class='ocrx_word' id='word_1_41' title='bbox 985 724 1325 765; x_wconf 86' lang='lat' dir='ltr'>sermonem</span> <span class='ocrx_word' id='word_1_42' title='bbox 1359 724 1479 764; x_wconf 90' lang='lat' dir='ltr'>non</span> <span class='ocrx_word' id='word_1_43' title='bbox 1529 723 1659 763; x_wconf 90' lang='lat' dir='ltr'>esse</span> <span class='ocrx_word' id='word_1_44' title='bbox 1708 706 1992 763; x_wconf 91' lang='lat' dir='ltr'>locutum.</span> <span class='ocrx_word' id='word_1_45' title='bbox 2049 704 2207 759; x_wconf 82' lang='lat' dir='ltr'>Alia-</span> 
     </span>
    </p>
   </div>
   <div class='ocr_carea' id='block_1_9' title="bbox 560 793 2208 873">
    <p class='ocr_par' dir='ltr' id='par_1_9' title="bbox 560 793 2208 873">
     <span class='ocr_line' id='line_1_9' title="bbox 560 793 2208 873; baseline -0.006 -16"><span class='ocrx_word' id='word_1_46' title='bbox 560 817 679 873; x_wconf 91' lang='lat' dir='ltr'>que</span> <span class='ocrx_word' id='word_1_47' title='bbox 709 800 899 856; x_wconf 89' lang='lat' dir='ltr'>multa</span> <span class='ocrx_word' id='word_1_48' title='bbox 928 803 1337 855; x_wconf 88' lang='lat' dir='ltr'>monstrorum</span> <span class='ocrx_word' id='word_1_49' title='bbox 1369 796 1605 861; x_wconf 86' lang='lat' dir='ltr'>similia,</span> <span class='ocrx_word' id='word_1_50' title='bbox 1638 796 1886 867; x_wconf 85' lang='lat' dir='ltr'>risuque</span> <span class='ocrx_word' id='word_1_51' title='bbox 1931 793 2117 864; x_wconf 83' lang='lat' dir='ltr'>digna</span> <span class='ocrx_word' id='word_1_52' title='bbox 2145 793 2208 847; x_wconf 90' lang='lat' dir='ltr'>in</span> 
     </span>
    </p>
   </div>
   <div class='ocr_carea' id='block_1_10' title="bbox 561 881 2207 956">
    <p class='ocr_par' dir='ltr' id='par_1_10' title="bbox 561 881 2207 956">
     <span class='ocr_line' id='line_1_10' title="bbox 561 881 2207 956; baseline -0.006 -10"><span class='ocrx_word' id='word_1_53' title='bbox 561 906 633 945; x_wconf 91' lang='lat' dir='ltr'>eo</span> <span class='ocrx_word' id='word_1_54' title='bbox 662 889 816 946; x_wconf 89' lang='lat' dir='ltr'>libro</span> <span class='ocrx_word' id='word_1_55' title='bbox 845 887 1132 956; x_wconf 88' lang='lat' dir='ltr'>scribens,</span> <span class='ocrx_word' id='word_1_56' title='bbox 1160 885 1290 942; x_wconf 75' lang='lat' dir='ltr'>haec</span> <span class='ocrx_word' id='word_1_57' title='bbox 1320 901 1359 944; x_wconf 91' lang='lat' dir='ltr'>a</span> <span class='ocrx_word' id='word_1_58' title='bbox 1382 888 1501 942; x_wconf 88' lang='lat' dir='ltr'>Deo</span> <span class='ocrx_word' id='word_1_59' title='bbox 1544 884 1624 943; x_wconf 91' lang='lat' dir='ltr'>ad</span> <span class='ocrx_word' id='word_1_60' title='bbox 1677 900 1739 941; x_wconf 89' lang='lat' dir='ltr'>se</span> <span class='ocrx_word' id='word_1_61' title='bbox 1786 883 2052 941; x_wconf 89' lang='lat' dir='ltr'>demissa</span> <span class='ocrx_word' id='word_1_62' title='bbox 2080 881 2207 953; x_wconf 85' lang='lat' dir='ltr'>glo-</span> 
     </span>
    </p>
   </div>
   <div class='ocr_carea' id='block_1_11' title="bbox 562 979 767 1036">
    <p class='ocr_par' dir='ltr' id='par_1_11' title="bbox 562 979 767 1036">
     <span class='ocr_line' id='line_1_11' title="bbox 562 979 767 1036; baseline -0.015 0"><span class='ocrx_word' id='word_1_63' title='bbox 562 979 767 1036; x_wconf 86' lang='lat' dir='ltr'>riatur.</span> 
     </span>
    </p>
   </div>
   <div class='ocr_carea' id='block_1_12' title="bbox 634 1169 2206 1241">
    <p class='ocr_par' dir='ltr' id='par_1_12' title="bbox 634 1169 2206 1241">
     <span class='ocr_line' id='line_1_12' title="bbox 634 1169 2206 1241; baseline -0.008 -8"><span class='ocrx_word' id='word_1_64' title='bbox 634 1180 685 1233; x_wconf 90' lang='lat'>3.</span> <span class='ocrx_word' id='word_1_65' title='bbox 719 1174 900 1232; x_wconf 87' lang='lat' dir='ltr'>Nobis</span> <span class='ocrx_word' id='word_1_66' title='bbox 930 1189 1073 1230; x_wconf 81' lang='lat' dir='ltr'>vero</span> <span class='ocrx_word' id='word_1_67' title='bbox 1099 1170 1475 1241; x_wconf 80' lang='lat' dir='ltr'>rogantibus,</span> <span class='ocrx_word' id='word_1_68' title='bbox 1493 1169 1813 1235; x_wconf 89' lang='lat' dir='ltr'>Quodnam</span> <span class='ocrx_word' id='word_1_69' title='bbox 1834 1172 1931 1241; x_wconf 83' lang='lat' dir='ltr'>est</span> <span class='ocrx_word' id='word_1_70' title='bbox 1945 1172 2206 1224; x_wconf 74' lang='lat' dir='ltr'>testimo-</span> 
     </span>
    </p>
   </div>
   <div class='ocr_carea' id='block_1_13' title="bbox 564 1256 2207 1333">
    <p class='ocr_par' dir='ltr' id='par_1_13' title="bbox 564 1256 2207 1333">
     <span class='ocr_line' id='line_1_13' title="bbox 564 1256 2207 1333; baseline -0.005 -14"><span class='ocrx_word' id='word_1_71' title='bbox 564 1265 727 1321; x_wconf 88' lang='lat' dir='ltr'>nium</span> <span class='ocrx_word' id='word_1_72' title='bbox 760 1263 915 1321; x_wconf 74' lang='lat' dir='ltr'>datae</span> <span class='ocrx_word' id='word_1_73' title='bbox 943 1263 1058 1333; x_wconf 88' lang='lat' dir='ltr'>ipsi</span> <span class='ocrx_word' id='word_1_74' title='bbox 1090 1278 1126 1316; x_wconf 90' lang='lat' dir='ltr'>a</span> <span class='ocrx_word' id='word_1_75' title='bbox 1159 1263 1275 1317; x_wconf 92' lang='lat' dir='ltr'>Deo</span> <span class='ocrx_word' id='word_1_76' title='bbox 1310 1260 1616 1331; x_wconf 73' lang='lat' dir='ltr'>scriptura:</span> <span class='ocrx_word' id='word_1_77' title='bbox 1636 1261 1663 1315; x_wconf 82' lang='lat'><strong>?</strong></span> <span class='ocrx_word' id='word_1_78' title='bbox 1693 1256 1780 1315; x_wconf 86' lang='lat' dir='ltr'>vel</span> <span class='ocrx_word' id='word_1_79' title='bbox 1800 1256 1945 1330; x_wconf 78' lang='lat' dir='ltr'>quis</span> <span class='ocrx_word' id='word_1_80' title='bbox 1956 1256 2207 1328; x_wconf 84' lang='lat' dir='ltr'>prophe-</span> 
     </span>
    </p>
   </div>
   <div class='ocr_carea' id='block_1_14' title="bbox 562 1344 2210 1419">
    <p class='ocr_par' dir='ltr' id='par_1_14' title="bbox 562 1344 2210 1419">
     <span class='ocr_line' id='line_1_14' title="bbox 562 1344 2210 1419; baseline -0.005 -12"><span class='ocrx_word' id='word_1_81' title='bbox 562 1360 621 1409; x_wconf 89' lang='lat' dir='ltr'>ta</span> <span class='ocrx_word' id='word_1_82' title='bbox 649 1352 811 1408; x_wconf 91' lang='lat' dir='ltr'>hunc</span> <span class='ocrx_word' id='word_1_83' title='bbox 832 1354 1235 1406; x_wconf 82' lang='lat' dir='ltr'>surrecturum</span> <span class='ocrx_word' id='word_1_84' title='bbox 1268 1347 1622 1419; x_wconf 87' lang='lat' dir='ltr'>prophetam</span> <span class='ocrx_word' id='word_1_85' title='bbox 1676 1344 1949 1417; x_wconf 68' lang='lat' dir='ltr'>prasdixit</span> <span class='ocrx_word' id='word_1_86' title='bbox 1971 1345 1999 1399; x_wconf 79' lang='lat' dir='ltr'>‘I</span> <span class='ocrx_word' id='word_1_87' title='bbox 2047 1344 2210 1399; x_wconf 92' lang='lat' dir='ltr'>insu-</span> 
     </span>
    </p>
   </div>
   <div class='ocr_carea' id='block_1_15' title="bbox 563 1433 2210 1513">
    <p class='ocr_par' dir='ltr' id='par_1_15' title="bbox 563 1433 2210 1513">
     <span class='ocr_line' id='line_1_15' title="bbox 563 1433 2210 1513; baseline -0.005 -18"><span class='ocrx_word' id='word_1_88' title='bbox 563 1455 788 1513; x_wconf 90' lang='lat' dir='ltr'>perque</span> <span class='ocrx_word' id='word_1_89' title='bbox 820 1438 1175 1498; x_wconf 91' lang='lat' dir='ltr'>dicentibus.</span> <span class='ocrx_word' id='word_1_90' title='bbox 1208 1439 1467 1507; x_wconf 80' lang='lat' dir='ltr'>Moysem</span> <span class='ocrx_word' id='word_1_91' title='bbox 1502 1436 1559 1490; x_wconf 92' lang='lat' dir='ltr'>in</span> <span class='ocrx_word' id='word_1_92' title='bbox 1621 1434 1761 1491; x_wconf 89' lang='lat' dir='ltr'>Sina</span> <span class='ocrx_word' id='word_1_93' title='bbox 1804 1438 2026 1497; x_wconf 89' lang='lat' dir='ltr'>monte,</span> <span class='ocrx_word' id='word_1_94' title='bbox 2074 1433 2210 1487; x_wconf 92' lang='lat' dir='ltr'>uni-</span> 
     </span>
    </p>
   </div>
   <div class='ocr_carea' id='block_1_16' title="bbox 561 1522 2211 1602">
    <p class='ocr_par' dir='ltr' id='par_1_16' title="bbox 561 1522 2211 1602">
     <span class='ocr_line' id='line_1_16' title="bbox 561 1522 2211 1602; baseline -0.005 -17"><span class='ocrx_word' id='word_1_95' title='bbox 561 1546 734 1587; x_wconf 87' lang='lat' dir='ltr'>verso</span> <span class='ocrx_word' id='word_1_96' title='bbox 763 1531 1067 1602; x_wconf 78' lang='lat' dir='ltr'>spectante</span> <span class='ocrx_word' id='word_1_97' title='bbox 1092 1525 1337 1598; x_wconf 90' lang='lat' dir='ltr'>populo,</span> <span class='ocrx_word' id='word_1_98' title='bbox 1387 1523 1457 1581; x_wconf 54' lang='lat' dir='ltr'>in”</span> <span class='ocrx_word' id='word_1_99' title='bbox 1504 1522 1687 1590; x_wconf 90' lang='lat' dir='ltr'>nube,</span> <span class='ocrx_word' id='word_1_100' title='bbox 1740 1523 1901 1593; x_wconf 76' lang='lat' dir='ltr'>igne,</span> <span class='ocrx_word' id='word_1_101' title='bbox 1952 1522 2211 1577; x_wconf 87' lang='lat' dir='ltr'>tenebris</span> 
     </span>
    </p>
   </div>
   <div class='ocr_carea' id='block_1_17' title="bbox 564 1610 2211 1691">
    <p class='ocr_par' dir='ltr' id='par_1_17' title="bbox 564 1610 2211 1691">
     <span class='ocr_line' id='line_1_17' title="bbox 564 1610 2211 1691; baseline -0.006 -17"><span class='ocrx_word' id='word_1_102' title='bbox 564 1617 945 1691; x_wconf 87' lang='lat' dir='ltr'>procellaque</span> <span class='ocrx_word' id='word_1_103' title='bbox 975 1619 1301 1687; x_wconf 86' lang='lat' dir='ltr'>apparente</span> <span class='ocrx_word' id='word_1_104' title='bbox 1333 1616 1471 1678; x_wconf 88' lang='lat' dir='ltr'>Deo,</span> <span class='ocrx_word' id='word_1_105' title='bbox 1498 1612 1693 1679; x_wconf 75' lang='lat' dir='ltr'>legem</span> <span class='ocrx_word' id='word_1_106' title='bbox 1714 1610 2007 1681; x_wconf 87' lang='lat' dir='ltr'>recepisse</span> <span class='ocrx_word' id='word_1_107' title='bbox 2033 1630 2045 1677; x_wconf 91' lang='lat'><strong>;</strong></span> <span class='ocrx_word' id='word_1_108' title='bbox 2080 1625 2211 1681; x_wconf 88' lang='lat' dir='ltr'>pro-</span> 
     </span>
    </p>
   </div>
   <div class='ocr_carea' id='block_1_18' title="bbox 562 1692 2211 1779">
    <p class='ocr_par' dir='ltr' id='par_1_18' title="bbox 562 1692 2211 1779">
     <span class='ocr_line' id='line_1_18' title="bbox 562 1692 2211 1779; baseline -0.005 -17"><span class='ocrx_word' id='word_1_109' title='bbox 562 1707 893 1779; x_wconf 87' lang='lat' dir='ltr'>phetasque</span> <span class='ocrx_word' id='word_1_110' title='bbox 921 1720 1133 1759; x_wconf 89' lang='lat' dir='ltr'>omnes</span> <span class='ocrx_word' id='word_1_111' title='bbox 1164 1720 1199 1758; x_wconf 94' lang='lat' dir='ltr'>a</span> <span class='ocrx_word' id='word_1_112' title='bbox 1229 1705 1425 1773; x_wconf 79' lang='lat' dir='ltr'>Moyse</span> <span class='ocrx_word' id='word_1_113' title='bbox 1455 1708 1511 1757; x_wconf 93' lang='lat' dir='ltr'>et</span> <span class='ocrx_word' id='word_1_114' title='bbox 1553 1692 1839 1773; x_wconf 75' lang='lat' dir='ltr'>deinceps</span> <span class='ocrx_word' id='word_1_115' title='bbox 1869 1699 1946 1755; x_wconf 93' lang='lat' dir='ltr'>de</span> <span class='ocrx_word' id='word_1_116' title='bbox 1998 1700 2211 1755; x_wconf 86' lang='lat' dir='ltr'>Christi</span> 
     </span>
    </p>
   </div>
   <div class='ocr_carea' id='block_1_19' title="bbox 2320 530 3915 611">
    <p class='ocr_par' dir='ltr' id='par_1_19' title="bbox 2320 530 3915 611">
     <span class='ocr_line' id='line_1_19' title="bbox 2320 530 3915 611; baseline 0.009 -33"><span class='ocrx_word' id='word_1_117' title='bbox 2320 539 2457 599; x_wconf 75' lang='grc' dir='ltr'>φανώ</span> <span class='ocrx_word' id='word_1_118' title='bbox 2483 530 2613 584; x_wconf 78' lang='grc' dir='ltr'>εἶναι</span> <span class='ocrx_word' id='word_1_119' title='bbox 2645 530 2830 595; x_wconf 74' lang='grc' dir='ltr'>δοῦλος</span> <span class='ocrx_word' id='word_1_120' title='bbox 2859 553 2952 585; x_wconf 87' lang='grc' dir='ltr'>σου</span> <span class='ocrx_word' id='word_1_121' title='bbox 2981 554 2991 566; x_wconf 76' lang='grc' dir='ltr'><strong><em>ο</em></strong></span> <span class='ocrx_word' id='word_1_122' title='bbox 3025 532 3133 584; x_wconf 79' lang='grc' dir='ltr'>ἀλλ’</span> <span class='ocrx_word' id='word_1_123' title='bbox 3159 536 3208 585; x_wconf 82' lang='grc' dir='ltr'><strong>οἱ</strong></span> <span class='ocrx_word' id='word_1_124' title='bbox 3238 535 3501 607; x_wconf 78' lang='grc' dir='ltr'>ἄνθρωποι</span> <span class='ocrx_word' id='word_1_125' title='bbox 3532 539 3580 588; x_wconf 85' lang='grc' dir='ltr'>οὶ</span> <span class='ocrx_word' id='word_1_126' title='bbox 3609 540 3915 611; x_wconf 78' lang='grc' dir='ltr'>παραϐάται</span> 
     </span>
    </p>
   </div>
   <div class='ocr_carea' id='block_1_20' title="bbox 2316 616 3913 695">
    <p class='ocr_par' dir='ltr' id='par_1_20' title="bbox 2316 616 3913 695">
     <span class='ocr_line' id='line_1_20' title="bbox 2316 616 3913 695; baseline 0.01 -30"><span class='ocrx_word' id='word_1_127' title='bbox 2316 616 2549 688; x_wconf 71' lang='grc' dir='ltr'>ἔγραψαν</span> <span class='ocrx_word' id='word_1_128' title='bbox 2579 622 2656 673; x_wconf 79' lang='grc' dir='ltr'>ὅτι</span> <span class='ocrx_word' id='word_1_129' title='bbox 2686 620 2825 673; x_wconf 83' lang='grc' dir='ltr'>εἶπον</span> <span class='ocrx_word' id='word_1_130' title='bbox 2848 628 2933 672; x_wconf 84' lang='grc' dir='ltr'>τον</span> <span class='ocrx_word' id='word_1_131' title='bbox 2966 622 3113 692; x_wconf 78' lang='grc' dir='ltr'>λόγον</span> <span class='ocrx_word' id='word_1_132' title='bbox 3144 630 3343 681; x_wconf 77' lang='grc' dir='ltr'>τοῦτον,</span> <span class='ocrx_word' id='word_1_133' title='bbox 3362 630 3450 675; x_wconf 87' lang='grc' dir='ltr'>καὶ</span> <span class='ocrx_word' id='word_1_134' title='bbox 3481 624 3767 695; x_wconf 62' lang='grc' dir='ltr'>ἐψεύσαντο</span> <span class='ocrx_word' id='word_1_135' title='bbox 3796 630 3913 681; x_wconf 79' lang='grc' dir='ltr'>κατ’</span> 
     </span>
    </p>
   </div>
   <div class='ocr_carea' id='block_1_21' title="bbox 2317 702 3915 790">
    <p class='ocr_par' dir='ltr' id='par_1_21' title="bbox 2317 702 3915 790">
     <span class='ocr_line' id='line_1_21' title="bbox 2317 702 3915 790; baseline 0.009 -34"><span class='ocrx_word' id='word_1_136' title='bbox 2317 702 2461 775; x_wconf 81' lang='grc' dir='ltr'>ἐμοῦ,</span> <span class='ocrx_word' id='word_1_137' title='bbox 2493 713 2583 761; x_wconf 86' lang='grc' dir='ltr'>καί</span> <span class='ocrx_word' id='word_1_138' title='bbox 2611 710 2715 761; x_wconf 80' lang='grc' dir='ltr'>εἰσι</span> <span class='ocrx_word' id='word_1_139' title='bbox 2741 710 3137 781; x_wconf 78' lang='grc' dir='ltr'>πεπλανημένοι.</span> <span class='ocrx_word' id='word_1_140' title='bbox 3157 717 3256 762; x_wconf 81' lang='grc' dir='ltr'>Καὶ</span> <span class='ocrx_word' id='word_1_141' title='bbox 3273 710 3548 784; x_wconf 75' lang='grc' dir='ltr'>ἀπεκρίθη,</span> <span class='ocrx_word' id='word_1_142' title='bbox 3565 721 3745 785; x_wconf 71' lang='grc' dir='ltr'>φησιν,</span> <span class='ocrx_word' id='word_1_143' title='bbox 3771 718 3915 790; x_wconf 72' lang='grc' dir='ltr'>αὐτ-ῳ</span> 
     </span>
    </p>
   </div>
   <div class='ocr_carea' id='block_1_22' title="bbox 2317 794 3912 873">
    <p class='ocr_par' dir='ltr' id='par_1_22' title="bbox 2317 794 3912 873">
     <span class='ocr_line' id='line_1_22' title="bbox 2317 794 3912 873; baseline 0.009 -28"><span class='ocrx_word' id='word_1_144' title='bbox 2317 794 2343 845; x_wconf 86' lang='grc' dir='ltr'><strong><em>ὁ</em></strong></span> <span class='ocrx_word' id='word_1_145' title='bbox 2370 800 2500 856; x_wconf 84' lang='grc' dir='ltr'>Θεὸς</span> <span class='ocrx_word' id='word_1_146' title='bbox 2528 818 2540 829; x_wconf 91' lang='grc'><strong>·</strong></span> <span class='ocrx_word' id='word_1_147' title='bbox 2575 795 2714 850; x_wconf 80' lang='grc' dir='ltr'>Οἶδα</span> <span class='ocrx_word' id='word_1_148' title='bbox 2740 800 2818 850; x_wconf 85' lang='grc' dir='ltr'>ὅτι</span> <span class='ocrx_word' id='word_1_149' title='bbox 2853 798 2916 850; x_wconf 70' lang='grc' dir='ltr'><em>σύ</em></span> <span class='ocrx_word' id='word_1_150' title='bbox 2949 798 3041 850; x_wconf 69' lang='grc' dir='ltr'>οὐκ</span> <span class='ocrx_word' id='word_1_151' title='bbox 3072 800 3149 867; x_wconf 76' lang='grc'>(4)</span> <span class='ocrx_word' id='word_1_152' title='bbox 3179 799 3347 870; x_wconf 76' lang='grc' dir='ltr'>ἔλεγες</span> <span class='ocrx_word' id='word_1_153' title='bbox 3392 806 3479 853; x_wconf 86' lang='grc' dir='ltr'>τὸν</span> <span class='ocrx_word' id='word_1_154' title='bbox 3521 802 3667 873; x_wconf 86' lang='grc' dir='ltr'>λογον</span> <span class='ocrx_word' id='word_1_155' title='bbox 3707 814 3912 861; x_wconf 71' lang='grc' dir='ltr'>τοῦτον.</span> 
     </span>
    </p>
   </div>
   <div class='ocr_carea' id='block_1_23' title="bbox 2322 886 3910 969">
    <p class='ocr_par' dir='ltr' id='par_1_23' title="bbox 2322 886 3910 969">
     <span class='ocr_line' id='line_1_23' title="bbox 2322 886 3910 969; baseline 0.007 -34"><span class='ocrx_word' id='word_1_156' title='bbox 2322 890 2421 935; x_wconf 79' lang='grc' dir='ltr'>Καὶ</span> <span class='ocrx_word' id='word_1_157' title='bbox 2453 886 2581 937; x_wconf 77' lang='grc' dir='ltr'>ἄλλα</span> <span class='ocrx_word' id='word_1_158' title='bbox 2604 886 2767 938; x_wconf 77' lang='grc' dir='ltr'>πολλά</span> <span class='ocrx_word' id='word_1_159' title='bbox 2798 887 3145 960; x_wconf 68' lang='grc' dir='ltr'>τερατολογῶν</span> <span class='ocrx_word' id='word_1_160' title='bbox 3178 887 3225 939; x_wconf 79' lang='grc' dir='ltr'>ἐν</span> <span class='ocrx_word' id='word_1_161' title='bbox 3255 897 3317 960; x_wconf 76' lang='grc' dir='ltr'>τῇ</span> <span class='ocrx_word' id='word_1_162' title='bbox 3365 895 3579 963; x_wconf 62' lang='grc' dir='ltr'>τοιαύτῃ</span> <span class='ocrx_word' id='word_1_163' title='bbox 3635 904 3910 969; x_wconf 77' lang='grc' dir='ltr'>συγγραφῇ</span> 
     </span>
    </p>
   </div>
   <div class='ocr_carea' id='block_1_24' title="bbox 2316 972 3916 1049">
    <p class='ocr_par' dir='ltr' id='par_1_24' title="bbox 2316 972 3916 1049">
     <span class='ocr_line' id='line_1_24' title="bbox 2316 972 3916 1049; baseline 0.008 -26"><span class='ocrx_word' id='word_1_164' title='bbox 2316 972 2539 1041; x_wconf 75' lang='grc' dir='ltr'>γέλωτος</span> <span class='ocrx_word' id='word_1_165' title='bbox 2566 974 2707 1045; x_wconf 81' lang='grc' dir='ltr'>ἄξια,</span> <span class='ocrx_word' id='word_1_166' title='bbox 2741 984 2910 1027; x_wconf 71' lang='grc' dir='ltr'>ταῦτα</span> <span class='ocrx_word' id='word_1_167' title='bbox 2937 979 3079 1049; x_wconf 77' lang='grc' dir='ltr'>παρὰ</span> <span class='ocrx_word' id='word_1_168' title='bbox 3122 984 3215 1029; x_wconf 78' lang='grc' dir='ltr'>τοῦ</span> <span class='ocrx_word' id='word_1_169' title='bbox 3255 984 3388 1030; x_wconf 72' lang='grc' dir='ltr'>Θεοῦ</span> <span class='ocrx_word' id='word_1_170' title='bbox 3420 978 3497 1030; x_wconf 82' lang='grc' dir='ltr'>ἐπ’</span> <span class='ocrx_word' id='word_1_171' title='bbox 3529 980 3683 1033; x_wconf 69' lang='grc' dir='ltr'>αὐτὸν</span> <span class='ocrx_word' id='word_1_172' title='bbox 3713 1002 3916 1036; x_wconf 78' lang='grc' dir='ltr'>κατενεο</span> 
     </span>
    </p>
   </div>
   <div class='ocr_carea' id='block_1_25' title="bbox 2317 1062 2869 1135">
    <p class='ocr_par' dir='ltr' id='par_1_25' title="bbox 2317 1062 2869 1135">
     <span class='ocr_line' id='line_1_25' title="bbox 2317 1062 2869 1135; baseline 0.009 -23"><span class='ocrx_word' id='word_1_173' title='bbox 2317 1062 2517 1130; x_wconf 81' lang='grc' dir='ltr'>χθῆναι</span> <span class='ocrx_word' id='word_1_174' title='bbox 2539 1065 2869 1135; x_wconf 68' lang='grc' dir='ltr'>φρυάττεται.</span> 
     </span>
    </p>
   </div>
   <div class='ocr_carea' id='block_1_26' title="bbox 2387 1167 3916 1251">
    <p class='ocr_par' dir='ltr' id='par_1_26' title="bbox 2387 1167 3916 1251">
     <span class='ocr_line' id='line_1_26' title="bbox 2387 1167 3916 1251; baseline 0.005 -27"><span class='ocrx_word' id='word_1_175' title='bbox 2387 1168 2453 1240; x_wconf 79' lang='grc' dir='ltr'>γ’.</span> <span class='ocrx_word' id='word_1_176' title='bbox 2483 1168 2653 1240; x_wconf 82' lang='grc' dir='ltr'>Ἡμῶν</span> <span class='ocrx_word' id='word_1_177' title='bbox 2685 1167 2744 1222; x_wconf 68' lang='grc' dir='ltr'>δὲ</span> <span class='ocrx_word' id='word_1_178' title='bbox 2786 1171 3051 1242; x_wconf 80' lang='grc' dir='ltr'>λεγόντων,</span> <span class='ocrx_word' id='word_1_179' title='bbox 3108 1178 3206 1225; x_wconf 81' lang='grc' dir='ltr'>Καὶ</span> <span class='ocrx_word' id='word_1_180' title='bbox 3251 1178 3325 1233; x_wconf 86' lang='grc' dir='ltr'>τίς</span> <span class='ocrx_word' id='word_1_181' title='bbox 3372 1173 3511 1226; x_wconf 87' lang='grc' dir='ltr'>ἐστιν</span> <span class='ocrx_word' id='word_1_182' title='bbox 3560 1179 3585 1227; x_wconf 86' lang='grc' dir='ltr'>ὁ</span> <span class='ocrx_word' id='word_1_183' title='bbox 3637 1189 3916 1251; x_wconf 76' lang='grc' dir='ltr'>μαρτυρῶν</span> 
     </span>
    </p>
   </div>
   <div class='ocr_carea' id='block_1_27' title="bbox 2318 1256 3914 1339">
    <p class='ocr_par' dir='ltr' id='par_1_27' title="bbox 2318 1256 3914 1339">
     <span class='ocr_line' id='line_1_27' title="bbox 2318 1256 3914 1339; baseline 0.007 -30"><span class='ocrx_word' id='word_1_184' title='bbox 2318 1260 2396 1309; x_wconf 84' lang='grc' dir='ltr'>ὅτι</span> <span class='ocrx_word' id='word_1_185' title='bbox 2450 1258 2589 1328; x_wconf 78' lang='grc' dir='ltr'>αὐτῷ</span> <span class='ocrx_word' id='word_1_186' title='bbox 2637 1265 2842 1333; x_wconf 67' lang='grc' dir='ltr'>γραφὴν</span> <span class='ocrx_word' id='word_1_187' title='bbox 2902 1256 3127 1313; x_wconf 76' lang='grc' dir='ltr'>δέδωκεν</span> <span class='ocrx_word' id='word_1_188' title='bbox 3182 1263 3208 1312; x_wconf 86' lang='grc' dir='ltr'><strong><em>ὁ</em></strong></span> <span class='ocrx_word' id='word_1_189' title='bbox 3240 1268 3404 1329; x_wconf 85' lang='grc' dir='ltr'>Θεός;</span> <span class='ocrx_word' id='word_1_190' title='bbox 3456 1266 3485 1321; x_wconf 76' lang='grc' dir='ltr'>ἡ</span> <span class='ocrx_word' id='word_1_191' title='bbox 3520 1271 3594 1326; x_wconf 86' lang='grc' dir='ltr'>τίς</span> <span class='ocrx_word' id='word_1_192' title='bbox 3647 1275 3746 1318; x_wconf 85' lang='grc' dir='ltr'>τῶν</span> <span class='ocrx_word' id='word_1_193' title='bbox 3790 1289 3914 1339; x_wconf 86' lang='grc' dir='ltr'>προ-</span> 
     </span>
    </p>
   </div>
   <div class='ocr_carea' id='block_1_28' title="bbox 2320 1350 3917 1428">
    <p class='ocr_par' dir='ltr' id='par_1_28' title="bbox 2320 1350 3917 1428">
     <span class='ocr_line' id='line_1_28' title="bbox 2320 1350 3917 1428; baseline 0.008 -30"><span class='ocrx_word' id='word_1_194' title='bbox 2320 1358 2489 1418; x_wconf 77' lang='grc' dir='ltr'>φητών</span> <span class='ocrx_word' id='word_1_195' title='bbox 2514 1356 2751 1421; x_wconf 76' lang='grc' dir='ltr'>προεῖπεν</span> <span class='ocrx_word' id='word_1_196' title='bbox 2782 1352 2858 1401; x_wconf 80' lang='grc' dir='ltr'>ὅτι</span> <span class='ocrx_word' id='word_1_197' title='bbox 2907 1358 3140 1412; x_wconf 71' lang='grc' dir='ltr'>τοιοῦτος</span> <span class='ocrx_word' id='word_1_198' title='bbox 3181 1350 3451 1403; x_wconf 82' lang='grc' dir='ltr'>ἀνίσταται</span> <span class='ocrx_word' id='word_1_199' title='bbox 3480 1362 3750 1428; x_wconf 68' lang='grc' dir='ltr'>προφήτης</span> <span class='ocrx_word' id='word_1_200' title='bbox 3777 1375 3790 1423; x_wconf 84' lang='grc'>;</span> <span class='ocrx_word' id='word_1_201' title='bbox 3825 1364 3917 1410; x_wconf 76' lang='grc' dir='ltr'>καὶ</span> 
     </span>
    </p>
   </div>
   <div class='ocr_carea' id='block_1_29' title="bbox 2320 1434 3914 1513">
    <p class='ocr_par' dir='ltr' id='par_1_29' title="bbox 2320 1434 3914 1513">
     <span class='ocr_line' id='line_1_29' title="bbox 2320 1434 3914 1513; baseline 0.008 -27"><span class='ocrx_word' id='word_1_202' title='bbox 2320 1440 2521 1498; x_wconf 71' lang='grc' dir='ltr'>τούτοις</span> <span class='ocrx_word' id='word_1_203' title='bbox 2577 1434 2726 1498; x_wconf 83' lang='grc' dir='ltr'>αὖθις</span> <span class='ocrx_word' id='word_1_204' title='bbox 2783 1436 3121 1513; x_wconf 76' lang='grc' dir='ltr'>ἐπιφερόντων</span> <span class='ocrx_word' id='word_1_205' title='bbox 3171 1442 3250 1491; x_wconf 85' lang='grc' dir='ltr'>ὅτι</span> <span class='ocrx_word' id='word_1_206' title='bbox 3303 1442 3327 1491; x_wconf 82' lang='grc' dir='ltr'>ὁ</span> <span class='ocrx_word' id='word_1_207' title='bbox 3384 1448 3615 1505; x_wconf 79' lang='grc' dir='ltr'>Μωυσῆς</span> <span class='ocrx_word' id='word_1_208' title='bbox 3662 1449 3796 1497; x_wconf 81' lang='grc' dir='ltr'>κατὰ</span> <span class='ocrx_word' id='word_1_209' title='bbox 3855 1451 3914 1498; x_wconf 81' lang='grc' dir='ltr'>τό</span> 
     </span>
    </p>
   </div>
   <div class='ocr_carea' id='block_1_30' title="bbox 2321 1525 3915 1607">
    <p class='ocr_par' dir='ltr' id='par_1_30' title="bbox 2321 1525 3915 1607">
     <span class='ocr_line' id='line_1_30' title="bbox 2321 1525 3915 1607; baseline 0.008 -32"><span class='ocrx_word' id='word_1_210' title='bbox 2321 1532 2440 1577; x_wconf 83' lang='grc' dir='ltr'>Σινᾱ</span> <span class='ocrx_word' id='word_1_211' title='bbox 2496 1528 2609 1597; x_wconf 61' lang='grc' dir='ltr'>ᾅοος</span> <span class='ocrx_word' id='word_1_212' title='bbox 2658 1525 2735 1577; x_wconf 80' lang='grc' dir='ltr'>ἐπ’</span> <span class='ocrx_word' id='word_1_213' title='bbox 2786 1526 2902 1596; x_wconf 67' lang='grc' dir='ltr'>ὄψει</span> <span class='ocrx_word' id='word_1_214' title='bbox 2949 1532 3141 1589; x_wconf 87' lang='grc' dir='ltr'>παντὸς</span> <span class='ocrx_word' id='word_1_215' title='bbox 3192 1536 3283 1581; x_wconf 74' lang='grc' dir='ltr'>τοῦ</span> <span class='ocrx_word' id='word_1_216' title='bbox 3336 1528 3461 1581; x_wconf 72' lang='grc' dir='ltr'>λαοῦ</span> <span class='ocrx_word' id='word_1_217' title='bbox 3513 1531 3562 1583; x_wconf 84' lang='grc' dir='ltr'>ἐν</span> <span class='ocrx_word' id='word_1_218' title='bbox 3620 1533 3793 1607; x_wconf 60' lang='grc' dir='ltr'>νεφέλῃ</span> <span class='ocrx_word' id='word_1_219' title='bbox 3826 1543 3915 1587; x_wconf 74' lang='grc' dir='ltr'>καὶ</span> 
     </span>
    </p>
   </div>
   <div class='ocr_carea' id='block_1_31' title="bbox 2320 1615 3912 1689">
    <p class='ocr_par' dir='ltr' id='par_1_31' title="bbox 2320 1615 3912 1689">
     <span class='ocr_line' id='line_1_31' title="bbox 2320 1615 3912 1689; baseline 0.007 -24"><span class='ocrx_word' id='word_1_220' title='bbox 2320 1620 2446 1688; x_wconf 85' lang='grc' dir='ltr'>πυρὶ</span> <span class='ocrx_word' id='word_1_221' title='bbox 2489 1620 2577 1667; x_wconf 85' lang='grc' dir='ltr'>καὶ</span> <span class='ocrx_word' id='word_1_222' title='bbox 2614 1622 2785 1686; x_wconf 79' lang='grc' dir='ltr'>γνόφῳ</span> <span class='ocrx_word' id='word_1_223' title='bbox 2828 1622 2916 1667; x_wconf 79' lang='grc' dir='ltr'>καὶ</span> <span class='ocrx_word' id='word_1_224' title='bbox 2962 1615 3140 1689; x_wconf 67' lang='grc' dir='ltr'>θυεἏλῃ</span> <span class='ocrx_word' id='word_1_225' title='bbox 3185 1623 3423 1688; x_wconf 74' lang='grc' dir='ltr'>φανέντος</span> <span class='ocrx_word' id='word_1_226' title='bbox 3469 1628 3560 1672; x_wconf 75' lang='grc' dir='ltr'><em>τοὺ</em></span> <span class='ocrx_word' id='word_1_227' title='bbox 3611 1630 3747 1675; x_wconf 67' lang='grc' dir='ltr'>Θεοῦ</span> <span class='ocrx_word' id='word_1_228' title='bbox 3794 1621 3912 1676; x_wconf 76' lang='grc' dir='ltr'>ἐδέο</span> 
     </span>
    </p>
   </div>
   <div class='ocr_carea' id='block_1_32' title="bbox 2321 1702 3913 1781">
    <p class='ocr_par' dir='ltr' id='par_1_32' title="bbox 2321 1702 3913 1781">
     <span class='ocr_line' id='line_1_32' title="bbox 2321 1702 3913 1781; baseline 0.006 -28"><span class='ocrx_word' id='word_1_229' title='bbox 2321 1702 2441 1764; x_wconf 82' lang='grc' dir='ltr'>ξατο</span> <span class='ocrx_word' id='word_1_230' title='bbox 2499 1707 2585 1755; x_wconf 85' lang='grc' dir='ltr'>τὸν</span> <span class='ocrx_word' id='word_1_231' title='bbox 2634 1710 2806 1775; x_wconf 76' lang='grc' dir='ltr'>νόμον,</span> <span class='ocrx_word' id='word_1_232' title='bbox 2856 1709 2945 1756; x_wconf 84' lang='grc' dir='ltr'>καὶ</span> <span class='ocrx_word' id='word_1_233' title='bbox 3007 1706 3087 1756; x_wconf 86' lang='grc' dir='ltr'>ὅτι</span> <span class='ocrx_word' id='word_1_234' title='bbox 3142 1708 3327 1767; x_wconf 81' lang='grc' dir='ltr'>πάντες</span> <span class='ocrx_word' id='word_1_235' title='bbox 3384 1710 3430 1758; x_wconf 75' lang='grc' dir='ltr'><strong>οἱ</strong></span> <span class='ocrx_word' id='word_1_236' title='bbox 3486 1718 3751 1781; x_wconf 67' lang='grc' dir='ltr'>προφῆται</span> <span class='ocrx_word' id='word_1_237' title='bbox 3809 1710 3913 1764; x_wconf 82' lang='grc' dir='ltr'>ἀπὸ</span> 
     </span>
    </p>
   </div>
   <div class='ocr_carea' id='block_1_33' title="bbox 564 1779 2200 1871">
    <p class='ocr_par' dir='ltr' id='par_1_33' title="bbox 564 1779 2200 1863">
     <span class='ocr_line' id='line_1_33' title="bbox 564 1779 2200 1863; baseline -0.006 -12"><span class='ocrx_word' id='word_1_238' title='bbox 564 1795 823 1851; x_wconf 88' lang='lat' dir='ltr'>adventu</span> <span class='ocrx_word' id='word_1_239' title='bbox 853 1793 1229 1858; x_wconf 88' lang='lat' dir='ltr'>vaticinatos,</span> <span class='ocrx_word' id='word_1_240' title='bbox 1255 1791 1377 1847; x_wconf 74' lang='lat' dir='ltr'>fore</span> <span class='ocrx_word' id='word_1_241' title='bbox 1406 1789 1626 1846; x_wconf 84' lang='lat' dir='ltr'>scilicet</span> <span class='ocrx_word' id='word_1_242' title='bbox 1665 1794 1729 1845; x_wconf 89' lang='lat' dir='ltr'>ut</span> <span class='ocrx_word' id='word_1_243' title='bbox 1785 1779 1939 1863; x_wconf 74' lang='lat' dir='ltr'>Deus</span> <span class='ocrx_word' id='word_1_244' title='bbox 1988 1789 2200 1860; x_wconf 82' lang='lat' dir='ltr'>Deique</span> 
     </span>
    </p>
   </div>
   <div class='ocr_carea' id='block_1_34' title="bbox 2311 1779 3911 1871">
    <p class='ocr_par' dir='ltr' id='par_1_34' title="bbox 2326 1792 3911 1871">
     <span class='ocr_line' id='line_1_34' title="bbox 2326 1792 3911 1871; baseline 0.007 -30"><span class='ocrx_word' id='word_1_245' title='bbox 2326 1795 2577 1851; x_wconf 82' lang='grc' dir='ltr'>Μωυσέως</span> <span class='ocrx_word' id='word_1_246' title='bbox 2622 1797 2712 1844; x_wconf 85' lang='grc' dir='ltr'>καὶ</span> <span class='ocrx_word' id='word_1_247' title='bbox 2750 1793 2971 1855; x_wconf 78' lang='grc' dir='ltr'>καθεξῆς</span> <span class='ocrx_word' id='word_1_248' title='bbox 3015 1792 3288 1866; x_wconf 75' lang='grc' dir='ltr'>ἀρξάμενοι</span> <span class='ocrx_word' id='word_1_249' title='bbox 3342 1801 3459 1868; x_wconf 84' lang='grc' dir='ltr'>μερὶ</span> <span class='ocrx_word' id='word_1_250' title='bbox 3506 1806 3599 1858; x_wconf 75' lang='grc' dir='ltr'>τῆς</span> <span class='ocrx_word' id='word_1_251' title='bbox 3639 1808 3731 1850; x_wconf 70' lang='grc' dir='ltr'>τοῦ</span> <span class='ocrx_word' id='word_1_252' title='bbox 3786 1806 3911 1871; x_wconf 69' lang='grc' dir='ltr'>Χρισ</span> 
     </span>
    </p>
   </div>
   <div class='ocr_carea' id='block_1_35' title="bbox 562 1878 2208 1957">
    <p class='ocr_par' dir='ltr' id='par_1_35' title="bbox 562 1878 2208 1957">
     <span class='ocr_line' id='line_1_35' title="bbox 562 1878 2208 1957; baseline -0.004 -20"><span class='ocrx_word' id='word_1_253' title='bbox 562 1886 737 1939; x_wconf 87' lang='lat' dir='ltr'>Filius</span> <span class='ocrx_word' id='word_1_254' title='bbox 770 1884 1114 1938; x_wconf 86' lang='lat' dir='ltr'>incarnatus</span> <span class='ocrx_word' id='word_1_255' title='bbox 1144 1880 1467 1943; x_wconf 84' lang='lat' dir='ltr'>adveniret,</span> <span class='ocrx_word' id='word_1_256' title='bbox 1505 1878 1966 1957; x_wconf 79' lang='lat' dir='ltr'>cruciﬁgeretur,</span> <span class='ocrx_word' id='word_1_257' title='bbox 2015 1893 2208 1933; x_wconf 89' lang='lat' dir='ltr'>more-</span> 
     </span>
    </p>
   </div>
   <div class='ocr_carea' id='block_1_36' title="bbox 562 1965 2209 2043">
    <p class='ocr_par' dir='ltr' id='par_1_36' title="bbox 562 1965 2209 2043">
     <span class='ocr_line' id='line_1_36' title="bbox 562 1965 2209 2043; baseline -0.005 -15"><span class='ocrx_word' id='word_1_258' title='bbox 562 1979 722 2028; x_wconf 88' lang='lat' dir='ltr'>retur</span> <span class='ocrx_word' id='word_1_259' title='bbox 759 1976 938 2042; x_wconf 89' lang='lat' dir='ltr'>atque</span> <span class='ocrx_word' id='word_1_260' title='bbox 964 1973 1317 2037; x_wconf 82' lang='lat' dir='ltr'>resurgeret,</span> <span class='ocrx_word' id='word_1_261' title='bbox 1340 1983 1599 2039; x_wconf 91' lang='lat' dir='ltr'>eumque</span> <span class='ocrx_word' id='word_1_262' title='bbox 1648 1965 1913 2043; x_wconf 86' lang='lat' dir='ltr'>judicem</span> <span class='ocrx_word' id='word_1_263' title='bbox 1968 1981 2102 2021; x_wconf 90' lang='lat' dir='ltr'>esse</span> <span class='ocrx_word' id='word_1_264' title='bbox 2132 1966 2209 2020; x_wconf 32' lang='lat' dir='ltr'>vi.</span> 
     </span>
    </p>
   </div>
   <div class='ocr_carea' id='block_1_37' title="bbox 560 2053 2210 2133">
    <p class='ocr_par' dir='ltr' id='par_1_37' title="bbox 560 2053 2210 2133">
     <span class='ocr_line' id='line_1_37' title="bbox 560 2053 2210 2133; baseline -0.003 -17"><span class='ocrx_word' id='word_1_265' title='bbox 560 2076 776 2116; x_wconf 88' lang='lat' dir='ltr'>vorum</span> <span class='ocrx_word' id='word_1_266' title='bbox 809 2076 878 2114; x_wconf 88' lang='lat' dir='ltr'>ac</span> <span class='ocrx_word' id='word_1_267' title='bbox 918 2063 1333 2120; x_wconf 86' lang='lat' dir='ltr'>mortuorum;</span> <span class='ocrx_word' id='word_1_268' title='bbox 1368 2071 1507 2111; x_wconf 87' lang='lat' dir='ltr'>mox</span> <span class='ocrx_word' id='word_1_269' title='bbox 1535 2055 1736 2133; x_wconf 84' lang='lat' dir='ltr'>adhuc</span> <span class='ocrx_word' id='word_1_270' title='bbox 1790 2053 1967 2110; x_wconf 87' lang='lat' dir='ltr'>nobis</span> <span class='ocrx_word' id='word_1_271' title='bbox 2013 2054 2210 2111; x_wconf 89' lang='lat' dir='ltr'>dicere</span> 
     </span>
    </p>
   </div>
   <div class='ocr_carea' id='block_1_38' title="bbox 563 2132 2207 2222">
    <p class='ocr_par' dir='ltr' id='par_1_38' title="bbox 563 2132 2207 2222">
     <span class='ocr_line' id='line_1_38' title="bbox 563 2132 2207 2222; baseline -0.004 -17"><span class='ocrx_word' id='word_1_272' title='bbox 563 2147 986 2222; x_wconf 84' lang='lat' dir='ltr'>pergentibus:</span> <span class='ocrx_word' id='word_1_273' title='bbox 1022 2147 1135 2202; x_wconf 91' lang='lat' dir='ltr'>Cur</span> <span class='ocrx_word' id='word_1_274' title='bbox 1163 2160 1285 2201; x_wconf 90' lang='lat' dir='ltr'>non</span> <span class='ocrx_word' id='word_1_275' title='bbox 1308 2146 1392 2201; x_wconf 90' lang='lat' dir='ltr'>ita</span> <span class='ocrx_word' id='word_1_276' title='bbox 1411 2144 1703 2216; x_wconf 87' lang='lat' dir='ltr'>propheta</span> <span class='ocrx_word' id='word_1_277' title='bbox 1723 2132 1919 2207; x_wconf 81' lang='lat' dir='ltr'>vester</span> <span class='ocrx_word' id='word_1_278' title='bbox 1943 2144 2207 2211; x_wconf 86' lang='lat' dir='ltr'>advenit,</span> 
     </span>
    </p>
   </div>
   <div class='ocr_carea' id='block_1_39' title="bbox 562 2232 2208 2295">
    <p class='ocr_par' dir='ltr' id='par_1_39' title="bbox 562 2232 2208 2295">
     <span class='ocr_line' id='line_1_39' title="bbox 562 2232 2208 2295; baseline -0.004 -2"><span class='ocrx_word' id='word_1_279' title='bbox 562 2246 626 2294; x_wconf 89' lang='lat' dir='ltr'>ut</span> <span class='ocrx_word' id='word_1_280' title='bbox 650 2240 844 2295; x_wconf 72' lang='lat' dir='ltr'>cteteri</span> <span class='ocrx_word' id='word_1_281' title='bbox 897 2238 971 2292; x_wconf 94' lang='lat' dir='ltr'>de</span> <span class='ocrx_word' id='word_1_282' title='bbox 1022 2251 1093 2291; x_wconf 91' lang='lat' dir='ltr'>eo</span> <span class='ocrx_word' id='word_1_283' title='bbox 1126 2235 1319 2291; x_wconf 88' lang='lat' dir='ltr'>testati</span> <span class='ocrx_word' id='word_1_284' title='bbox 1363 2240 1541 2289; x_wconf 74' lang='lat' dir='ltr'>antea</span> <span class='ocrx_word' id='word_1_285' title='bbox 1590 2232 1896 2288; x_wconf 51' lang='lat' dir='ltr'>fuissent?</span> <span class='ocrx_word' id='word_1_286' title='bbox 1936 2232 2041 2288; x_wconf 85' lang='lat' dir='ltr'>sed</span> <span class='ocrx_word' id='word_1_287' title='bbox 2097 2248 2208 2287; x_wconf 92' lang='lat' dir='ltr'>nec</span> 
     </span>
    </p>
   </div>
   <div class='ocr_carea' id='block_1_40' title="bbox 563 2322 2208 2394">
    <p class='ocr_par' dir='ltr' id='par_1_40' title="bbox 563 2322 2208 2394">
     <span class='ocr_line' id='line_1_40' title="bbox 563 2322 2208 2394; baseline -0.003 -11"><span class='ocrx_word' id='word_1_288' title='bbox 563 2327 846 2383; x_wconf 89' lang='lat' dir='ltr'>omnibus</span> <span class='ocrx_word' id='word_1_289' title='bbox 909 2325 1079 2381; x_wconf 88' lang='lat' dir='ltr'>vobis</span> <span class='ocrx_word' id='word_1_290' title='bbox 1149 2323 1552 2390; x_wconf 85' lang='lat' dir='ltr'>cernentibus,</span> <span class='ocrx_word' id='word_1_291' title='bbox 1613 2329 1673 2377; x_wconf 91' lang='lat' dir='ltr'>ut</span> <span class='ocrx_word' id='word_1_292' title='bbox 1728 2322 1930 2393; x_wconf 80' lang='lat' dir='ltr'>Moysi,</span> <span class='ocrx_word' id='word_1_293' title='bbox 1980 2323 2208 2394; x_wconf 88' lang='lat' dir='ltr'>populo</span> 
     </span>
    </p>
   </div>
   <div class='ocr_carea' id='block_1_41' title="bbox 560 2410 2205 2485">
    <p class='ocr_par' dir='ltr' id='par_1_41' title="bbox 560 2410 2205 2485">
     <span class='ocr_line' id='line_1_41' title="bbox 560 2410 2205 2485; baseline -0.002 -16"><span class='ocrx_word' id='word_1_294' title='bbox 560 2421 777 2471; x_wconf 82' lang='lat' dir='ltr'>cuncto</span> <span class='ocrx_word' id='word_1_295' title='bbox 810 2419 1139 2485; x_wconf 80' lang='lat' dir='ltr'>spectante.</span> <span class='ocrx_word' id='word_1_296' title='bbox 1171 2418 1227 2467; x_wconf 93' lang='lat' dir='ltr'>et</span> <span class='ocrx_word' id='word_1_297' title='bbox 1255 2412 1523 2466; x_wconf 80' lang='lat' dir='ltr'>fumante</span> <span class='ocrx_word' id='word_1_298' title='bbox 1572 2417 1774 2467; x_wconf 90' lang='lat' dir='ltr'>monte</span> <span class='ocrx_word' id='word_1_299' title='bbox 1826 2410 2018 2480; x_wconf 81' lang='lat' dir='ltr'>legem</span> <span class='ocrx_word' id='word_1_300' title='bbox 2049 2412 2205 2465; x_wconf 91' lang='lat' dir='ltr'>Deus</span> 
     </span>
    </p>
   </div>
   <div class='ocr_carea' id='block_1_42' title="bbox 557 2499 2207 2572">
    <p class='ocr_par' dir='ltr' id='par_1_42' title="bbox 557 2499 2207 2572">
     <span class='ocr_line' id='line_1_42' title="bbox 557 2499 2207 2572; baseline -0.004 -11"><span class='ocrx_word' id='word_1_301' title='bbox 557 2505 740 2570; x_wconf 89' lang='lat' dir='ltr'>dedit,</span> <span class='ocrx_word' id='word_1_302' title='bbox 773 2502 1106 2559; x_wconf 82' lang='lat' dir='ltr'>Mohamedi</span> <span class='ocrx_word' id='word_1_303' title='bbox 1124 2515 1366 2572; x_wconf 90' lang='lat' dir='ltr'>quoque</span> <span class='ocrx_word' id='word_1_304' title='bbox 1390 2504 1647 2554; x_wconf 80' lang='lat' dir='ltr'>vestram</span> <span class='ocrx_word' id='word_1_305' title='bbox 1674 2499 1831 2553; x_wconf 91' lang='lat' dir='ltr'>hanc</span> <span class='ocrx_word' id='word_1_306' title='bbox 1852 2501 2207 2569; x_wconf 81' lang='lat' dir='ltr'>scripturam</span> 
     </span>
    </p>
   </div>
   <div class='ocr_carea' id='block_1_43' title="bbox 556 2587 2205 2660">
    <p class='ocr_par' dir='ltr' id='par_1_43' title="bbox 556 2587 2205 2660">
     <span class='ocr_line' id='line_1_43' title="bbox 556 2587 2205 2660; baseline -0.004 -11"><span class='ocrx_word' id='word_1_307' title='bbox 556 2592 982 2659; x_wconf 80' lang='lat' dir='ltr'>contraditam,</span> <span class='ocrx_word' id='word_1_308' title='bbox 1032 2595 1090 2645; x_wconf 86' lang='lat' dir='ltr'>ut</span> <span class='ocrx_word' id='word_1_309' title='bbox 1134 2607 1241 2645; x_wconf 90' lang='lat' dir='ltr'>vos</span> <span class='ocrx_word' id='word_1_310' title='bbox 1287 2604 1531 2660; x_wconf 83' lang='lat' dir='ltr'>quoque</span> <span class='ocrx_word' id='word_1_311' title='bbox 1566 2587 1957 2643; x_wconf 88' lang='lat' dir='ltr'>fundamento</span> <span class='ocrx_word' id='word_1_312' title='bbox 2002 2588 2205 2660; x_wconf 86' lang='lat' dir='ltr'>aliquo</span> 
     </span>
    </p>
   </div>
   <div class='ocr_carea' id='block_1_44' title="bbox 554 2676 2205 2749">
    <p class='ocr_par' dir='ltr' id='par_1_44' title="bbox 554 2676 2205 2749">
     <span class='ocr_line' id='line_1_44' title="bbox 554 2676 2205 2749; baseline -0.005 -8"><span class='ocrx_word' id='word_1_313' title='bbox 554 2680 889 2741; x_wconf 88' lang='lat' dir='ltr'>niteremini</span> <span class='ocrx_word' id='word_1_314' title='bbox 910 2682 937 2735; x_wconf 82' lang='lat'><strong><em>?</em></strong></span> <span class='ocrx_word' id='word_1_315' title='bbox 966 2678 1169 2743; x_wconf 85' lang='lat' dir='ltr'>Nobis.</span> <span class='ocrx_word' id='word_1_316' title='bbox 1196 2679 1464 2749; x_wconf 85' lang='lat' dir='ltr'>inquam,</span> <span class='ocrx_word' id='word_1_317' title='bbox 1496 2678 1576 2732; x_wconf 89' lang='lat' dir='ltr'>ita</span> <span class='ocrx_word' id='word_1_318' title='bbox 1598 2676 1935 2732; x_wconf 90' lang='lat' dir='ltr'>dicentibus</span> <span class='ocrx_word' id='word_1_319' title='bbox 1954 2677 2205 2745; x_wconf 79' lang='lat' dir='ltr'>Agareni</span> 
     </span>
    </p>
   </div>
   <div class='ocr_carea' id='block_1_45' title="bbox 552 2764 2203 2841">
    <p class='ocr_par' dir='ltr' id='par_1_45' title="bbox 552 2764 2203 2841">
     <span class='ocr_line' id='line_1_45' title="bbox 552 2764 2203 2841; baseline -0.004 -14"><span class='ocrx_word' id='word_1_320' title='bbox 552 2770 943 2841; x_wconf 86' lang='lat' dir='ltr'>respondent,</span> <span class='ocrx_word' id='word_1_321' title='bbox 973 2782 1375 2840; x_wconf 79' lang='lat' dir='ltr'>quaecumque</span> <span class='ocrx_word' id='word_1_322' title='bbox 1420 2766 1565 2833; x_wconf 84' lang='lat' dir='ltr'>vult,</span> <span class='ocrx_word' id='word_1_323' title='bbox 1615 2766 1801 2821; x_wconf 88' lang='lat' dir='ltr'>Deum</span> <span class='ocrx_word' id='word_1_324' title='bbox 1839 2764 2055 2820; x_wconf 83' lang='lat' dir='ltr'>facere.</span> <span class='ocrx_word' id='word_1_325' title='bbox 2102 2769 2203 2822; x_wconf 85' lang='lat' dir='ltr'>Re-</span> 
     </span>
    </p>
   </div>
   <div class='ocr_carea' id='block_1_46' title="bbox 556 2852 2199 2933">
    <p class='ocr_par' dir='ltr' id='par_1_46' title="bbox 556 2852 2199 2933">
     <span class='ocr_line' id='line_1_46' title="bbox 556 2852 2199 2933; baseline -0.002 -21"><span class='ocrx_word' id='word_1_326' title='bbox 556 2859 919 2933; x_wconf 82' lang='lat' dir='ltr'>plicantibus</span> <span class='ocrx_word' id='word_1_327' title='bbox 984 2856 1203 2911; x_wconf 86' lang='lat' dir='ltr'>nobis:</span> <span class='ocrx_word' id='word_1_328' title='bbox 1250 2855 1537 2926; x_wconf 81' lang='lat' dir='ltr'>Equidem</span> <span class='ocrx_word' id='word_1_329' title='bbox 1590 2854 1649 2909; x_wconf 92' lang='lat' dir='ltr'>id</span> <span class='ocrx_word' id='word_1_330' title='bbox 1712 2852 1899 2926; x_wconf 90' lang='lat' dir='ltr'>probe</span> <span class='ocrx_word' id='word_1_331' title='bbox 1957 2855 2199 2921; x_wconf 87' lang='lat' dir='ltr'>scimus,</span> 
     </span>
    </p>
   </div>
   <div class='ocr_carea' id='block_1_47' title="bbox 554 2944 2201 3022">
    <p class='ocr_par' dir='ltr' id='par_1_47' title="bbox 554 2944 2201 3022">
     <span class='ocr_line' id='line_1_47' title="bbox 554 2944 2201 3022; baseline -0.004 -16"><span class='ocrx_word' id='word_1_332' title='bbox 554 2950 881 3022; x_wconf 67' lang='lat' dir='ltr'>quaerimus</span> <span class='ocrx_word' id='word_1_333' title='bbox 910 2952 1113 3003; x_wconf 89' lang='lat' dir='ltr'>tamen</span> <span class='ocrx_word' id='word_1_334' title='bbox 1139 2945 1451 3016; x_wconf 85' lang='lat' dir='ltr'>quomodo</span> <span class='ocrx_word' id='word_1_335' title='bbox 1485 2944 1779 3015; x_wconf 87' lang='lat' dir='ltr'>scriptura</span> <span class='ocrx_word' id='word_1_336' title='bbox 1814 2944 1887 3000; x_wconf 86' lang='lat' dir='ltr'>ad</span> <span class='ocrx_word' id='word_1_337' title='bbox 1946 2945 2201 3016; x_wconf 86' lang='lat' dir='ltr'>prophe-</span> 
     </span>
    </p>
   </div>
   <div class='ocr_carea' id='block_1_48' title="bbox 554 3032 2200 3107">
    <p class='ocr_par' dir='ltr' id='par_1_48' title="bbox 554 3032 2200 3107">
     <span class='ocr_line' id='line_1_48' title="bbox 554 3032 2200 3107; baseline -0.004 -12"><span class='ocrx_word' id='word_1_338' title='bbox 554 3046 678 3096; x_wconf 88' lang='lat' dir='ltr'>tam</span> <span class='ocrx_word' id='word_1_339' title='bbox 703 3044 971 3093; x_wconf 88' lang='lat' dir='ltr'>vestrum</span> <span class='ocrx_word' id='word_1_340' title='bbox 998 3034 1268 3091; x_wconf 81' lang='lat' dir='ltr'>venerit?</span> <span class='ocrx_word' id='word_1_341' title='bbox 1316 3033 1701 3107; x_wconf 83' lang='lat' dir='ltr'>respondent,</span> <span class='ocrx_word' id='word_1_342' title='bbox 1752 3048 1823 3089; x_wconf 93' lang='lat' dir='ltr'>eo</span> <span class='ocrx_word' id='word_1_343' title='bbox 1871 3032 2200 3089; x_wconf 85' lang='lat' dir='ltr'>dormiente</span> 
     </span>
    </p>
   </div>
   <div class='ocr_carea' id='block_1_49' title="bbox 551 3120 2270 3211">
    <p class='ocr_par' dir='ltr' id='par_1_49' title="bbox 551 3120 2270 3211">
     <span class='ocr_line' id='line_1_49' title="bbox 551 3120 2270 3211; baseline -0.005 -26"><span class='ocrx_word' id='word_1_344' title='bbox 551 3132 910 3200; x_wconf 82' lang='lat' dir='ltr'>scripturam</span> <span class='ocrx_word' id='word_1_345' title='bbox 942 3124 1199 3195; x_wconf 89' lang='lat' dir='ltr'>desuper</span> <span class='ocrx_word' id='word_1_346' title='bbox 1224 3123 1277 3178; x_wconf 90' lang='lat' dir='ltr'>ei</span> <span class='ocrx_word' id='word_1_347' title='bbox 1302 3123 1602 3180; x_wconf 83' lang='lat' dir='ltr'>traditam.</span> <span class='ocrx_word' id='word_1_348' title='bbox 1637 3120 1812 3211; x_wconf 77' lang='lat' dir='ltr'>Atqui</span> <span class='ocrx_word' id='word_1_349' title='bbox 1838 3122 1948 3178; x_wconf 89' lang='lat' dir='ltr'>hoc</span> <span class='ocrx_word' id='word_1_350' title='bbox 1980 3122 2199 3177; x_wconf 82' lang='lat' dir='ltr'>ridicu-</span> <span class='ocrx_word' id='word_1_351' title='bbox 2230 3122 2270 3176; x_wconf 71' lang='grc' dir='ltr'>(Ξ</span> 
     </span>
    </p>
   </div>
   <div class='ocr_carea' id='block_1_50' title="bbox 551 3209 2197 3287">
    <p class='ocr_par' dir='ltr' id='par_1_50' title="bbox 551 3209 2197 3287">
     <span class='ocr_line' id='line_1_50' title="bbox 551 3209 2197 3287; baseline -0.004 -15"><span class='ocrx_word' id='word_1_352' title='bbox 551 3218 677 3272; x_wconf 86' lang='lat' dir='ltr'>lum</span> <span class='ocrx_word' id='word_1_353' title='bbox 698 3221 804 3283; x_wconf 88' lang='lat' dir='ltr'>est,</span> <span class='ocrx_word' id='word_1_354' title='bbox 837 3213 1274 3287; x_wconf 88' lang='lat' dir='ltr'>respondemus</span> <span class='ocrx_word' id='word_1_355' title='bbox 1311 3230 1322 3279; x_wconf 91' lang='lat'>;</span> <span class='ocrx_word' id='word_1_356' title='bbox 1361 3216 1416 3267; x_wconf 92' lang='lat' dir='ltr'>et</span> <span class='ocrx_word' id='word_1_357' title='bbox 1441 3212 1581 3282; x_wconf 84' lang='lat' dir='ltr'>quia</span> <span class='ocrx_word' id='word_1_358' title='bbox 1614 3209 1919 3287; x_wconf 79' lang='lat' dir='ltr'>dormiens</span> <span class='ocrx_word' id='word_1_359' title='bbox 1946 3210 2197 3282; x_wconf 86' lang='lat' dir='ltr'>scriptu-</span> 
     </span>
    </p>
   </div>
   <div class='ocr_carea' id='block_1_51' title="bbox 548 3281 2198 3374">
    <p class='ocr_par' dir='ltr' id='par_1_51' title="bbox 548 3281 2198 3374">
     <span class='ocr_line' id='line_1_51' title="bbox 548 3281 2198 3374; baseline -0.003 -13"><span class='ocrx_word' id='word_1_360' title='bbox 548 3322 683 3362; x_wconf 87' lang='lat' dir='ltr'>ram</span> <span class='ocrx_word' id='word_1_361' title='bbox 702 3304 941 3374; x_wconf 87' lang='lat' dir='ltr'>recepit,</span> <span class='ocrx_word' id='word_1_362' title='bbox 956 3318 1151 3374; x_wconf 89' lang='lat' dir='ltr'>neque</span> <span class='ocrx_word' id='word_1_363' title='bbox 1169 3302 1297 3368; x_wconf 78' lang='lat' dir='ltr'>eius</span> <span class='ocrx_word' id='word_1_364' title='bbox 1323 3300 1406 3355; x_wconf 87' lang='lat' dir='ltr'>rei</span> <span class='ocrx_word' id='word_1_365' title='bbox 1431 3281 1678 3355; x_wconf 87' lang='lat' dir='ltr'>sensum</span> <span class='ocrx_word' id='word_1_366' title='bbox 1700 3281 1928 3374; x_wconf 57' lang='lat' dir='ltr'>habuit.</span> <span class='ocrx_word' id='word_1_367' title='bbox 1945 3281 2198 3372; x_wconf 87' lang='lat' dir='ltr'>popula-</span> 
     </span>
    </p>
   </div>
   <div class='ocr_carea' id='block_1_52' title="bbox 549 3370 2196 3488">
    <p class='ocr_par' dir='ltr' id='par_1_52' title="bbox 549 3370 2196 3488">
     <span class='ocr_line' id='line_1_52' title="bbox 549 3370 2196 3488; baseline -0.004 -38"><span class='ocrx_word' id='word_1_368' title='bbox 549 3411 611 3450; x_wconf 92' lang='lat' dir='ltr'>re</span> <span class='ocrx_word' id='word_1_369' title='bbox 622 3395 681 3451; x_wconf 91' lang='lat' dir='ltr'>in</span> <span class='ocrx_word' id='word_1_370' title='bbox 701 3410 769 3450; x_wconf 89' lang='lat' dir='ltr'>eo</span> <span class='ocrx_word' id='word_1_371' title='bbox 784 3370 1171 3465; x_wconf 76' lang='lat' dir='ltr'>proverbium</span> <span class='ocrx_word' id='word_1_372' title='bbox 1187 3388 1550 3459; x_wconf 86' lang='lat' dir='ltr'>completum</span> <span class='ocrx_word' id='word_1_373' title='bbox 1572 3388 1699 3443; x_wconf 83' lang='lat' dir='ltr'>fuit.</span> <span class='ocrx_word' id='word_1_374' title='bbox 1715 3370 1980 3488; x_wconf 47' lang='lat' dir='ltr'>C‘tgrnque</span> <span class='ocrx_word' id='word_1_375' title='bbox 1995 3370 2196 3445; x_wconf 87' lang='lat' dir='ltr'>denuo</span> 
     </span>
    </p>
   </div>
   <div class='ocr_carea' id='block_1_53' title="bbox 550 3474 2195 3547">
    <p class='ocr_par' dir='ltr' id='par_1_53' title="bbox 550 3474 2195 3547">
     <span class='ocr_line' id='line_1_53' title="bbox 550 3474 2195 3547; baseline -0.002 -10"><span class='ocrx_word' id='word_1_376' title='bbox 550 3483 627 3539; x_wconf 82' lang='lat' dir='ltr'>ab</span> <span class='ocrx_word' id='word_1_377' title='bbox 647 3484 720 3539; x_wconf 90' lang='lat' dir='ltr'>iis</span> <span class='ocrx_word' id='word_1_378' title='bbox 745 3481 1135 3547; x_wconf 86' lang='lat' dir='ltr'>sciscitamur,</span> <span class='ocrx_word' id='word_1_379' title='bbox 1167 3478 1283 3534; x_wconf 89' lang='lat' dir='ltr'>Cur</span> <span class='ocrx_word' id='word_1_380' title='bbox 1304 3476 1651 3533; x_wconf 81' lang='lat' dir='ltr'>Mohamede</span> <span class='ocrx_word' id='word_1_381' title='bbox 1675 3474 1856 3547; x_wconf 51' lang='grc' dir='ltr'>νοεῖ</span> <span class='ocrx_word' id='word_1_382' title='bbox 1866 3478 2195 3547; x_wconf 78' lang='lat' dir='ltr'>mandante</span> 
     </span>
    </p>
   </div>
   <div class='ocr_carea' id='block_1_54' title="bbox 550 3470 2196 3665">
    <p class='ocr_par' dir='ltr' id='par_1_54' title="bbox 550 3470 2196 3665">
     <span class='ocr_line' id='line_1_54' title="bbox 550 3470 2195 3621; baseline -0.002 -84"><span class='ocrx_word' id='word_1_383' title='bbox 550 3483 627 3539; x_wconf 82' lang='lat' dir='ltr'>ab</span> <span class='ocrx_word' id='word_1_384' title='bbox 647 3484 720 3539; x_wconf 90' lang='lat' dir='ltr'>iis</span> <span class='ocrx_word' id='word_1_385' title='bbox 745 3481 1135 3547; x_wconf 86' lang='lat' dir='ltr'>sciscitamur,</span> <span class='ocrx_word' id='word_1_386' title='bbox 1167 3478 1283 3534; x_wconf 89' lang='lat' dir='ltr'>Cur</span> <span class='ocrx_word' id='word_1_387' title='bbox 1304 3476 1651 3533; x_wconf 81' lang='lat' dir='ltr'>Mohamede</span> <span class='ocrx_word' id='word_1_388' title='bbox 1675 3470 1849 3621; x_wconf 45' lang='lat' dir='ltr'>v31?</span> <span class='ocrx_word' id='word_1_389' title='bbox 1870 3478 2195 3533; x_wconf 87' lang='lat' dir='ltr'>mandante</span> 
     </span>
     <span class='ocr_line' id='line_1_55' title="bbox 550 3533 2196 3665; baseline -0.003 -39"><span class='ocrx_word' id='word_1_390' title='bbox 550 3571 733 3626; x_wconf 85' lang='lat' dir='ltr'>inhac</span> <span class='ocrx_word' id='word_1_391' title='bbox 755 3575 954 3623; x_wconf 83' lang='lat' dir='ltr'>vestra</span> <span class='ocrx_word' id='word_1_392' title='bbox 972 3568 1281 3638; x_wconf 84' lang='lat' dir='ltr'>scriptura,</span> <span class='ocrx_word' id='word_1_393' title='bbox 1310 3565 1534 3638; x_wconf 90' lang='lat' dir='ltr'>nequid</span> <span class='ocrx_word' id='word_1_394' title='bbox 1551 3565 1705 3651; x_wconf 70' lang='lat' dir='ltr'>facia</span> <span class='ocrx_word' id='word_1_395' title='bbox 1730 3533 2196 3665; x_wconf 37' lang='grc' dir='ltr'>ςέζιᾏξιόωὶῐιο-</span> 
     </span>
    </p>
   </div>
   <div class='ocr_carea' id='block_1_55' title="bbox 547 3648 2197 3733">
    <p class='ocr_par' dir='ltr' id='par_1_55' title="bbox 547 3648 2197 3733">
     <span class='ocr_line' id='line_1_56' title="bbox 547 3648 2197 3733; baseline -0.002 -20"><span class='ocrx_word' id='word_1_396' title='bbox 547 3659 622 3713; x_wconf 89' lang='lat' dir='ltr'>tis</span> <span class='ocrx_word' id='word_1_397' title='bbox 642 3657 874 3727; x_wconf 85' lang='lat' dir='ltr'>absque</span> <span class='ocrx_word' id='word_1_398' title='bbox 897 3655 1308 3719; x_wconf 89' lang='lat' dir='ltr'>testibus,cur.</span> <span class='ocrx_word' id='word_1_399' title='bbox 1330 3648 2067 3733; x_wconf 50' lang='lat' dir='ltr'>inquam,nono‘1‘dliistis</span> <span class='ocrx_word' id='word_1_400' title='bbox 2088 3672 2100 3708; x_wconf 91' lang='lat'>:</span> <span class='ocrx_word' id='word_1_401' title='bbox 2128 3660 2197 3710; x_wconf 82' lang='lat' dir='ltr'>At</span> 
     </span>
    </p>
   </div>
   <div class='ocr_carea' id='block_1_56' title="bbox 550 3739 2196 3818">
    <p class='ocr_par' dir='ltr' id='par_1_56' title="bbox 550 3739 2196 3818">
     <span class='ocr_line' id='line_1_57' title="bbox 550 3739 2196 3818; baseline -0.002 -17"><span class='ocrx_word' id='word_1_402' title='bbox 550 3753 614 3801; x_wconf 90' lang='lat' dir='ltr'>tu</span> <span class='ocrx_word' id='word_1_403' title='bbox 635 3746 798 3818; x_wconf 90' lang='lat' dir='ltr'>prior</span> <span class='ocrx_word' id='word_1_404' title='bbox 826 3744 1079 3799; x_wconf 83' lang='lat' dir='ltr'>testibus</span> <span class='ocrx_word' id='word_1_405' title='bbox 1102 3741 1379 3813; x_wconf 89' lang='lat' dir='ltr'>approba</span> <span class='ocrx_word' id='word_1_406' title='bbox 1399 3747 1455 3796; x_wconf 93' lang='lat' dir='ltr'>te</span> <span class='ocrx_word' id='word_1_407' title='bbox 1478 3756 1611 3795; x_wconf 88' lang='lat' dir='ltr'>esse</span> <span class='ocrx_word' id='word_1_408' title='bbox 1646 3739 2023 3815; x_wconf 68' lang='lat' dir='ltr'>prophetam,</span> <span class='ocrx_word' id='word_1_409' title='bbox 2074 3750 2130 3797; x_wconf 89' lang='lat' dir='ltr'>et</span> <span class='ocrx_word' id='word_1_410' title='bbox 2159 3759 2196 3798; x_wconf 90' lang='lat' dir='ltr'>a</span> 
     </span>
    </p>
   </div>
   <div class='ocr_carea' id='block_1_57' title="bbox 550 3829 2197 3902">
    <p class='ocr_par' dir='ltr' id='par_1_57' title="bbox 550 3829 2197 3902">
     <span class='ocr_line' id='line_1_58' title="bbox 550 3829 2197 3902; baseline -0.002 -12"><span class='ocrx_word' id='word_1_411' title='bbox 550 3838 667 3891; x_wconf 88' lang='lat' dir='ltr'>Deo</span> <span class='ocrx_word' id='word_1_412' title='bbox 698 3834 899 3888; x_wconf 88' lang='lat' dir='ltr'>venire</span> <span class='ocrx_word' id='word_1_413' title='bbox 922 3833 949 3887; x_wconf 84' lang='lat'><strong>?</strong></span> <span class='ocrx_word' id='word_1_414' title='bbox 974 3837 1031 3887; x_wconf 90' lang='lat' dir='ltr'>et</span> <span class='ocrx_word' id='word_1_415' title='bbox 1060 3845 1339 3902; x_wconf 64' lang='lat' dir='ltr'>quaenam</span> <span class='ocrx_word' id='word_1_416' title='bbox 1372 3830 1664 3900; x_wconf 90' lang='lat' dir='ltr'>scriptura</span> <span class='ocrx_word' id='word_1_417' title='bbox 1687 3829 1765 3886; x_wconf 81' lang='lat' dir='ltr'>de</span> <span class='ocrx_word' id='word_1_418' title='bbox 1791 3832 1847 3887; x_wconf 80' lang='lat' dir='ltr'>te</span> <span class='ocrx_word' id='word_1_419' title='bbox 1902 3829 2149 3887; x_wconf 68' lang='lat' dir='ltr'>te‘stetur</span> <span class='ocrx_word' id='word_1_420' title='bbox 2167 3832 2197 3887; x_wconf 81' lang='lat'><strong>?</strong></span> 
     </span>
    </p>
   </div>
   <div class='ocr_carea' id='block_1_58' title="bbox 548 3917 2192 3994">
    <p class='ocr_par' dir='ltr' id='par_1_58' title="bbox 548 3917 2192 3994">
     <span class='ocr_line' id='line_1_59' title="bbox 548 3917 2192 3994; baseline -0.002 -15"><span class='ocrx_word' id='word_1_421' title='bbox 548 3930 689 3979; x_wconf 88' lang='lat' dir='ltr'>tunc</span> <span class='ocrx_word' id='word_1_422' title='bbox 718 3921 947 3994; x_wconf 90' lang='lat' dir='ltr'>pudore</span> <span class='ocrx_word' id='word_1_423' title='bbox 979 3918 1187 3975; x_wconf 80' lang='lat' dir='ltr'>suﬂusi</span> <span class='ocrx_word' id='word_1_424' title='bbox 1213 3917 1409 3974; x_wconf 90' lang='lat' dir='ltr'>silent.</span> <span class='ocrx_word' id='word_1_425' title='bbox 1428 3920 1543 3974; x_wconf 87' lang='lat' dir='ltr'>Nos</span> <span class='ocrx_word' id='word_1_426' title='bbox 1568 3921 1770 3974; x_wconf 86' lang='lat' dir='ltr'>autem</span> <span class='ocrx_word' id='word_1_427' title='bbox 1789 3918 1924 3989; x_wconf 82' lang='lat' dir='ltr'>jure</span> <span class='ocrx_word' id='word_1_428' title='bbox 1955 3918 2192 3976; x_wconf 85' lang='lat' dir='ltr'>merito-</span> 
     </span>
    </p>
   </div>
   <div class='ocr_carea' id='block_1_59' title="bbox 545 4008 2197 4087">
    <p class='ocr_par' dir='ltr' id='par_1_59' title="bbox 545 4008 2197 4087">
     <span class='ocr_line' id='line_1_60' title="bbox 545 4008 2197 4087; baseline -0.002 -17"><span class='ocrx_word' id='word_1_429' title='bbox 545 4031 665 4087; x_wconf 91' lang='lat' dir='ltr'>que</span> <span class='ocrx_word' id='word_1_430' title='bbox 689 4013 804 4070; x_wconf 91' lang='lat' dir='ltr'>illis</span> <span class='ocrx_word' id='word_1_431' title='bbox 830 4012 1089 4069; x_wconf 91' lang='lat' dir='ltr'>dicimus</span> <span class='ocrx_word' id='word_1_432' title='bbox 1119 4028 1132 4066; x_wconf 93' lang='lat'>:</span> <span class='ocrx_word' id='word_1_433' title='bbox 1172 4008 1467 4075; x_wconf 82' lang='lat' dir='ltr'>Quoniam</span> <span class='ocrx_word' id='word_1_434' title='bbox 1509 4024 1752 4065; x_wconf 84' lang='lat' dir='ltr'>uxorem</span> <span class='ocrx_word' id='word_1_435' title='bbox 1781 4008 2000 4065; x_wconf 88' lang='lat' dir='ltr'>ducere</span> <span class='ocrx_word' id='word_1_436' title='bbox 2031 4011 2197 4067; x_wconf 91' lang='lat' dir='ltr'>haud</span> 
     </span>
    </p>
   </div>
   <div class='ocr_carea' id='block_1_60' title="bbox 544 4098 2195 4176">
    <p class='ocr_par' dir='ltr' id='par_1_60' title="bbox 544 4098 2195 4176">
     <span class='ocr_line' id='line_1_61' title="bbox 544 4098 2195 4176; baseline -0.004 -15"><span class='ocrx_word' id='word_1_437' title='bbox 544 4106 679 4163; x_wconf 88' lang='lat' dir='ltr'>licet</span> <span class='ocrx_word' id='word_1_438' title='bbox 698 4105 930 4176; x_wconf 89' lang='lat' dir='ltr'>absque</span> <span class='ocrx_word' id='word_1_439' title='bbox 957 4102 1237 4168; x_wconf 90' lang='lat' dir='ltr'>testibus,</span> <span class='ocrx_word' id='word_1_440' title='bbox 1288 4114 1484 4171; x_wconf 86' lang='lat' dir='ltr'>neque</span> <span class='ocrx_word' id='word_1_441' title='bbox 1510 4098 1783 4166; x_wconf 86' lang='lat' dir='ltr'>mercari,</span> <span class='ocrx_word' id='word_1_442' title='bbox 1815 4113 2010 4169; x_wconf 90' lang='lat' dir='ltr'>neque</span> <span class='ocrx_word' id='word_1_443' title='bbox 2037 4114 2195 4154; x_wconf 84' lang='lat' dir='ltr'>eme-</span> 
     </span>
    </p>
   </div>
   <div class='ocr_carea' id='block_1_61' title="bbox 546 4187 2197 4263">
    <p class='ocr_par' dir='ltr' id='par_1_61' title="bbox 546 4187 2197 4263">
     <span class='ocr_line' id='line_1_62' title="bbox 546 4187 2197 4263; baseline -0.003 -14"><span class='ocrx_word' id='word_1_444' title='bbox 546 4210 627 4263; x_wconf 89' lang='lat' dir='ltr'>re,</span> <span class='ocrx_word' id='word_1_445' title='bbox 652 4198 709 4250; x_wconf 90' lang='lat' dir='ltr'>et</span> <span class='ocrx_word' id='word_1_446' title='bbox 738 4208 811 4248; x_wconf 91' lang='lat' dir='ltr'>ne</span> <span class='ocrx_word' id='word_1_447' title='bbox 839 4193 1077 4250; x_wconf 91' lang='lat' dir='ltr'>asinum</span> <span class='ocrx_word' id='word_1_448' title='bbox 1099 4190 1345 4263; x_wconf 89' lang='lat' dir='ltr'>quidem</span> <span class='ocrx_word' id='word_1_449' title='bbox 1364 4192 1464 4245; x_wconf 90' lang='lat' dir='ltr'>aut</span> <span class='ocrx_word' id='word_1_450' title='bbox 1482 4187 1776 4259; x_wconf 63' lang='lat' dir='ltr'>praedium</span> <span class='ocrx_word' id='word_1_451' title='bbox 1798 4188 1925 4243; x_wconf 89' lang='lat' dir='ltr'>sine</span> <span class='ocrx_word' id='word_1_452' title='bbox 1947 4187 2197 4244; x_wconf 86' lang='lat' dir='ltr'>testibus</span> 
     </span>
    </p>
   </div>
   <div class='ocr_carea' id='block_1_62' title="bbox 545 4276 2197 4355">
    <p class='ocr_par' dir='ltr' id='par_1_62' title="bbox 545 4276 2197 4355">
     <span class='ocr_line' id='line_1_63' title="bbox 545 4276 2197 4355; baseline -0.005 -16"><span class='ocrx_word' id='word_1_453' title='bbox 545 4282 895 4355; x_wconf 87' lang='lat' dir='ltr'>adquiritis;</span> <span class='ocrx_word' id='word_1_454' title='bbox 931 4281 1035 4336; x_wconf 92' lang='lat' dir='ltr'>sed</span> <span class='ocrx_word' id='word_1_455' title='bbox 1065 4294 1301 4344; x_wconf 86' lang='lat' dir='ltr'>uxores,</span> <span class='ocrx_word' id='word_1_456' title='bbox 1330 4282 1384 4333; x_wconf 90' lang='lat' dir='ltr'>et</span> <span class='ocrx_word' id='word_1_457' title='bbox 1409 4276 1655 4348; x_wconf 85' lang='lat' dir='ltr'>praedia,</span> <span class='ocrx_word' id='word_1_458' title='bbox 1688 4280 1745 4333; x_wconf 89' lang='lat' dir='ltr'>et</span> <span class='ocrx_word' id='word_1_459' title='bbox 1770 4277 1993 4343; x_wconf 87' lang='lat' dir='ltr'>asinos,</span> <span class='ocrx_word' id='word_1_460' title='bbox 2022 4285 2080 4333; x_wconf 89' lang='lat' dir='ltr'>et</span> <span class='ocrx_word' id='word_1_461' title='bbox 2106 4292 2197 4332; x_wconf 90' lang='lat' dir='ltr'>re-</span> 
     </span>
    </p>
   </div>
   <div class='ocr_carea' id='block_1_63' title="bbox 543 4363 2197 4444">
    <p class='ocr_par' dir='ltr' id='par_1_63' title="bbox 543 4363 2197 4444">
     <span class='ocr_line' id='line_1_64' title="bbox 543 4363 2197 4444; baseline -0.004 -15"><span class='ocrx_word' id='word_1_462' title='bbox 543 4372 730 4444; x_wconf 85' lang='lat' dir='ltr'>liqua,</span> <span class='ocrx_word' id='word_1_463' title='bbox 759 4368 1158 4442; x_wconf 72' lang='lat' dir='ltr'>pressentibus</span> <span class='ocrx_word' id='word_1_464' title='bbox 1184 4367 1434 4422; x_wconf 88' lang='lat' dir='ltr'>testibus</span> <span class='ocrx_word' id='word_1_465' title='bbox 1466 4365 1728 4436; x_wconf 87' lang='lat' dir='ltr'>mancipi</span> <span class='ocrx_word' id='word_1_466' title='bbox 1751 4363 2007 4435; x_wconf 89' lang='lat' dir='ltr'>habetis,</span> <span class='ocrx_word' id='word_1_467' title='bbox 2040 4366 2197 4423; x_wconf 88' lang='lat' dir='ltr'>male</span> 
     </span>
    </p>
   </div>
   <div class='ocr_carea' id='block_1_64' title="bbox 2322 1886 3912 1955">
    <p class='ocr_par' dir='ltr' id='par_1_64' title="bbox 2322 1886 3912 1955">
     <span class='ocr_line' id='line_1_65' title="bbox 2322 1886 3912 1955; baseline 0.005 -26"><span class='ocrx_word' id='word_1_468' title='bbox 2322 1888 2447 1930; x_wconf 71' lang='grc' dir='ltr'>στου</span> <span class='ocrx_word' id='word_1_469' title='bbox 2502 1886 2796 1954; x_wconf 78' lang='grc' dir='ltr'>παρουσίας</span> <span class='ocrx_word' id='word_1_470' title='bbox 2848 1888 3240 1955; x_wconf 76' lang='grc' dir='ltr'>προηγορευσαν</span> <span class='ocrx_word' id='word_1_471' title='bbox 3288 1886 3352 1943; x_wconf 82' lang='grc' dir='ltr'>ως</span> <span class='ocrx_word' id='word_1_472' title='bbox 3384 1888 3513 1946; x_wconf 79' lang='grc' dir='ltr'>Θεὸς</span> <span class='ocrx_word' id='word_1_473' title='bbox 3543 1886 3609 1935; x_wconf 83' lang='grc' dir='ltr'>ὡν</span> <span class='ocrx_word' id='word_1_474' title='bbox 3644 1892 3733 1937; x_wconf 85' lang='grc' dir='ltr'>καὶ</span> <span class='ocrx_word' id='word_1_475' title='bbox 3777 1895 3912 1940; x_wconf 80' lang='grc' dir='ltr'>Θεοῦ</span> 
     </span>
    </p>
   </div>
   <div class='ocr_carea' id='block_1_65' title="bbox 2318 1970 3913 2047">
    <p class='ocr_par' dir='ltr' id='par_1_65' title="bbox 2318 1970 3913 2047">
     <span class='ocr_line' id='line_1_66' title="bbox 2318 1970 3913 2047; baseline 0.005 -27"><span class='ocrx_word' id='word_1_476' title='bbox 2318 1970 2436 2029; x_wconf 83' lang='grc' dir='ltr'>Υιὸς</span> <span class='ocrx_word' id='word_1_477' title='bbox 2489 1972 2838 2043; x_wconf 78' lang='grc' dir='ltr'>σαρκούμενος</span> <span class='ocrx_word' id='word_1_478' title='bbox 2896 1970 3027 2037; x_wconf 75' lang='grc' dir='ltr'>ἣξει,</span> <span class='ocrx_word' id='word_1_479' title='bbox 3086 1976 3176 2022; x_wconf 80' lang='grc' dir='ltr'>καὶ</span> <span class='ocrx_word' id='word_1_480' title='bbox 3224 1976 3658 2047; x_wconf 76' lang='grc' dir='ltr'>σταυρωθήσεται</span> <span class='ocrx_word' id='word_1_481' title='bbox 3687 1982 3776 2027; x_wconf 80' lang='grc' dir='ltr'>καὶ</span> <span class='ocrx_word' id='word_1_482' title='bbox 3822 1979 3913 2028; x_wconf 82' lang='grc' dir='ltr'>ϐα-</span> 
     </span>
    </p>
   </div>
   <div class='ocr_carea' id='block_1_66' title="bbox 2317 2058 3911 2134">
    <p class='ocr_par' dir='ltr' id='par_1_66' title="bbox 2317 2058 3911 2134">
     <span class='ocr_line' id='line_1_67' title="bbox 2317 2058 3911 2134; baseline 0.006 -27"><span class='ocrx_word' id='word_1_483' title='bbox 2317 2060 2677 2115; x_wconf 81' lang='grc' dir='ltr'>νατωθήσεται</span> <span class='ocrx_word' id='word_1_484' title='bbox 2723 2064 2813 2110; x_wconf 86' lang='grc' dir='ltr'>καὶ</span> <span class='ocrx_word' id='word_1_485' title='bbox 2862 2058 3240 2127; x_wconf 75' lang='grc' dir='ltr'>ἀναστήσεται,</span> <span class='ocrx_word' id='word_1_486' title='bbox 3272 2067 3360 2113; x_wconf 82' lang='grc' dir='ltr'>καὶ</span> <span class='ocrx_word' id='word_1_487' title='bbox 3409 2064 3489 2113; x_wconf 84' lang='grc' dir='ltr'>ὃτι</span> <span class='ocrx_word' id='word_1_488' title='bbox 3536 2069 3716 2134; x_wconf 76' lang='grc' dir='ltr'>κριτὴς</span> <span class='ocrx_word' id='word_1_489' title='bbox 3766 2061 3911 2127; x_wconf 74' lang='grc' dir='ltr'>οὗτος</span> 
     </span>
    </p>
   </div>
   <div class='ocr_carea' id='block_1_67' title="bbox 2319 2147 3913 2226">
    <p class='ocr_par' dir='ltr' id='par_1_67' title="bbox 2319 2147 3913 2226">
     <span class='ocr_line' id='line_1_68' title="bbox 2319 2147 3913 2226; baseline 0.006 -29"><span class='ocrx_word' id='word_1_490' title='bbox 2319 2147 2521 2206; x_wconf 79' lang='grc' dir='ltr'>ζωντων</span> <span class='ocrx_word' id='word_1_491' title='bbox 2570 2152 2659 2200; x_wconf 84' lang='grc' dir='ltr'>καὶ</span> <span class='ocrx_word' id='word_1_492' title='bbox 2715 2156 2901 2220; x_wconf 76' lang='grc' dir='ltr'>νεκρῶν</span> <span class='ocrx_word' id='word_1_493' title='bbox 2970 2148 3109 2202; x_wconf 76' lang='grc' dir='ltr'>ἐστιν</span> <span class='ocrx_word' id='word_1_494' title='bbox 3155 2170 3167 2183; x_wconf 75' lang='grc' dir='ltr'><strong>ο</strong></span> <span class='ocrx_word' id='word_1_495' title='bbox 3224 2148 3332 2203; x_wconf 84' lang='grc' dir='ltr'>εἶτα</span> <span class='ocrx_word' id='word_1_496' title='bbox 3394 2155 3775 2226; x_wconf 81' lang='grc' dir='ltr'>προστιθέντων</span> <span class='ocrx_word' id='word_1_497' title='bbox 3834 2156 3913 2207; x_wconf 83' lang='grc' dir='ltr'>ὁτι</span> 
     </span>
    </p>
   </div>
   <div class='ocr_carea' id='block_1_68' title="bbox 2321 2233 3910 2316">
    <p class='ocr_par' dir='ltr' id='par_1_68' title="bbox 2321 2233 3910 2316">
     <span class='ocr_line' id='line_1_69' title="bbox 2321 2233 3910 2316; baseline 0.005 -30"><span class='ocrx_word' id='word_1_498' title='bbox 2321 2242 2434 2297; x_wconf 80' lang='grc' dir='ltr'>Ηώς</span> <span class='ocrx_word' id='word_1_499' title='bbox 2472 2236 2576 2306; x_wconf 69' lang='grc' dir='ltr'>οὐχ</span> <span class='ocrx_word' id='word_1_500' title='bbox 2621 2239 2783 2298; x_wconf 73' lang='grc' dir='ltr'>οὕτως</span> <span class='ocrx_word' id='word_1_501' title='bbox 2824 2233 3025 2294; x_wconf 73' lang='grc' dir='ltr'>ἧλθενὸ</span> <span class='ocrx_word' id='word_1_502' title='bbox 3066 2244 3330 2312; x_wconf 73' lang='grc' dir='ltr'>προφήτης</span> <span class='ocrx_word' id='word_1_503' title='bbox 3377 2241 3541 2312; x_wconf 68' lang='grc' dir='ltr'>ὑμῶν,</span> <span class='ocrx_word' id='word_1_504' title='bbox 3586 2242 3751 2294; x_wconf 55' lang='lat' dir='ltr'>illa)»</span> <span class='ocrx_word' id='word_1_505' title='bbox 3780 2263 3910 2316; x_wconf 80' lang='grc' dir='ltr'>μαρ-</span> 
     </span>
    </p>
   </div>
   <div class='ocr_carea' id='block_1_69' title="bbox 2316 2324 3911 2406">
    <p class='ocr_par' dir='ltr' id='par_1_69' title="bbox 2316 2324 3911 2406">
     <span class='ocr_line' id='line_1_70' title="bbox 2316 2324 3911 2406; baseline 0.004 -31"><span class='ocrx_word' id='word_1_506' title='bbox 2316 2327 2604 2398; x_wconf 75' lang='grc' dir='ltr'>τυρούντων</span> <span class='ocrx_word' id='word_1_507' title='bbox 2632 2331 2747 2397; x_wconf 85' lang='grc' dir='ltr'>περὶ</span> <span class='ocrx_word' id='word_1_508' title='bbox 2779 2325 2933 2377; x_wconf 65' lang='grc' dir='ltr'>αὐτοῦ</span> <span class='ocrx_word' id='word_1_509' title='bbox 2960 2345 2973 2395; x_wconf 78' lang='grc'>;</span> <span class='ocrx_word' id='word_1_510' title='bbox 3007 2325 3112 2377; x_wconf 67' lang='grc' dir='ltr'>ἀλλ’</span> <span class='ocrx_word' id='word_1_511' title='bbox 3145 2324 3267 2379; x_wconf 63' lang='grc' dir='ltr'>οὐδὲ</span> <span class='ocrx_word' id='word_1_512' title='bbox 3313 2331 3517 2380; x_wconf 73' lang='grc' dir='ltr'>πάντων</span> <span class='ocrx_word' id='word_1_513' title='bbox 3563 2332 3707 2402; x_wconf 72' lang='grc' dir='ltr'>ὑμῶν</span> <span class='ocrx_word' id='word_1_514' title='bbox 3756 2334 3911 2406; x_wconf 79' lang='grc' dir='ltr'>ὁρων-</span> 
     </span>
    </p>
   </div>
   <div class='ocr_carea' id='block_1_70' title="bbox 2316 2415 3910 2489">
    <p class='ocr_par' dir='ltr' id='par_1_70' title="bbox 2316 2415 3910 2489">
     <span class='ocr_line' id='line_1_71' title="bbox 2316 2415 3910 2489; baseline 0.004 -22"><span class='ocrx_word' id='word_1_515' title='bbox 2316 2434 2413 2467; x_wconf 85' lang='grc' dir='ltr'>των</span> <span class='ocrx_word' id='word_1_516' title='bbox 2463 2416 2489 2466; x_wconf 83' lang='grc' dir='ltr'><strong><em>ὁ</em></strong></span> <span class='ocrx_word' id='word_1_517' title='bbox 2546 2419 2697 2477; x_wconf 79' lang='grc' dir='ltr'>Θεὸς,</span> <span class='ocrx_word' id='word_1_518' title='bbox 2752 2419 2820 2477; x_wconf 72' lang='grc' dir='ltr'>ως</span> <span class='ocrx_word' id='word_1_519' title='bbox 2872 2424 2942 2486; x_wconf 77' lang='grc' dir='ltr'>τῷ</span> <span class='ocrx_word' id='word_1_520' title='bbox 2992 2424 3204 2468; x_wconf 76' lang='grc' dir='ltr'>Μωυσεῖ</span> <span class='ocrx_word' id='word_1_521' title='bbox 3254 2415 3531 2489; x_wconf 78' lang='grc' dir='ltr'>βλέποντος</span> <span class='ocrx_word' id='word_1_522' title='bbox 3570 2426 3762 2482; x_wconf 82' lang='grc' dir='ltr'>παντὸς</span> <span class='ocrx_word' id='word_1_523' title='bbox 3820 2430 3910 2474; x_wconf 74' lang='grc' dir='ltr'>τοῦ</span> 
     </span>
    </p>
   </div>
   <div class='ocr_carea' id='block_1_71' title="bbox 2314 2501 3904 2583">
    <p class='ocr_par' dir='ltr' id='par_1_71' title="bbox 2314 2501 3904 2583">
     <span class='ocr_line' id='line_1_72' title="bbox 2314 2501 3904 2583; baseline 0.006 -31"><span class='ocrx_word' id='word_1_524' title='bbox 2314 2501 2440 2554; x_wconf 70' lang='grc' dir='ltr'>λαοῦ</span> <span class='ocrx_word' id='word_1_525' title='bbox 2494 2509 2581 2556; x_wconf 78' lang='grc' dir='ltr'>καὶ</span> <span class='ocrx_word' id='word_1_526' title='bbox 2630 2506 3005 2575; x_wconf 63' lang='grc' dir='ltr'>καπνιζομενου</span> <span class='ocrx_word' id='word_1_527' title='bbox 3059 2514 3150 2558; x_wconf 78' lang='grc' dir='ltr'>τοῦ</span> <span class='ocrx_word' id='word_1_528' title='bbox 3191 2508 3339 2580; x_wconf 84' lang='grc' dir='ltr'>ὅρους</span> <span class='ocrx_word' id='word_1_529' title='bbox 3389 2504 3588 2562; x_wconf 71' lang='grc' dir='ltr'>δέδωκε</span> <span class='ocrx_word' id='word_1_530' title='bbox 3616 2514 3700 2562; x_wconf 85' lang='grc' dir='ltr'>τὸν</span> <span class='ocrx_word' id='word_1_531' title='bbox 3726 2516 3904 2583; x_wconf 76' lang='grc' dir='ltr'>νόμον,</span> 
     </span>
    </p>
   </div>
   <div class='ocr_carea' id='block_1_72' title="bbox 2314 2593 3905 2669">
    <p class='ocr_par' dir='ltr' id='par_1_72' title="bbox 2314 2593 3905 2669">
     <span class='ocr_line' id='line_1_73' title="bbox 2314 2593 3905 2669; baseline 0.006 -27"><span class='ocrx_word' id='word_1_532' title='bbox 2314 2593 2532 2663; x_wconf 83' lang='grc' dir='ltr'>κάκείνῳ</span> <span class='ocrx_word' id='word_1_533' title='bbox 2580 2597 2672 2651; x_wconf 79' lang='grc' dir='ltr'>τὴν</span> <span class='ocrx_word' id='word_1_534' title='bbox 2736 2599 2934 2667; x_wconf 71' lang='grc' dir='ltr'>γραφὴν</span> <span class='ocrx_word' id='word_1_535' title='bbox 3005 2598 3063 2652; x_wconf 76' lang='grc' dir='ltr'>ἦν</span> <span class='ocrx_word' id='word_1_536' title='bbox 3139 2615 3262 2666; x_wconf 72' lang='grc' dir='ltr'>φατε</span> <span class='ocrx_word' id='word_1_537' title='bbox 3320 2600 3602 2669; x_wconf 77' lang='grc' dir='ltr'>παρέσχεν,</span> <span class='ocrx_word' id='word_1_538' title='bbox 3664 2602 3743 2651; x_wconf 79' lang='grc' dir='ltr'>ἵνα</span> <span class='ocrx_word' id='word_1_539' title='bbox 3817 2605 3905 2652; x_wconf 81' lang='grc' dir='ltr'>καὶ</span> 
     </span>
    </p>
   </div>
   <div class='ocr_carea' id='block_1_73' title="bbox 2314 2680 3903 2757">
    <p class='ocr_par' dir='ltr' id='par_1_73' title="bbox 2314 2680 3903 2757">
     <span class='ocr_line' id='line_1_74' title="bbox 2314 2680 3903 2757; baseline 0.004 -25"><span class='ocrx_word' id='word_1_540' title='bbox 2314 2683 2454 2751; x_wconf 76' lang='grc' dir='ltr'>ὑμεῖς</span> <span class='ocrx_word' id='word_1_541' title='bbox 2516 2686 2575 2733; x_wconf 88' lang='grc' dir='ltr'>τὸ</span> <span class='ocrx_word' id='word_1_542' title='bbox 2643 2680 2854 2753; x_wconf 77' lang='grc' dir='ltr'>βέϐαιον</span> <span class='ocrx_word' id='word_1_543' title='bbox 2895 2686 3051 2753; x_wconf 64' lang='grc' dir='ltr'>ἔχητε</span> <span class='ocrx_word' id='word_1_544' title='bbox 3095 2702 3108 2749; x_wconf 88' lang='grc'><strong>;</strong></span> <span class='ocrx_word' id='word_1_545' title='bbox 3167 2682 3529 2757; x_wconf 76' lang='grc' dir='ltr'>ἀποκρίνονται</span> <span class='ocrx_word' id='word_1_546' title='bbox 3580 2688 3656 2737; x_wconf 85' lang='grc' dir='ltr'>ὅτι</span> <span class='ocrx_word' id='word_1_547' title='bbox 3704 2690 3728 2738; x_wconf 85' lang='grc' dir='ltr'><strong>ο</strong></span> <span class='ocrx_word' id='word_1_548' title='bbox 3771 2692 3903 2749; x_wconf 85' lang='grc' dir='ltr'>Θεὸς</span> 
     </span>
    </p>
   </div>
   <div class='ocr_carea' id='block_1_74' title="bbox 2312 2770 3901 2845">
    <p class='ocr_par' dir='ltr' id='par_1_74' title="bbox 2312 2770 3901 2845">
     <span class='ocr_line' id='line_1_75' title="bbox 2312 2770 3901 2845; baseline 0.003 -23"><span class='ocrx_word' id='word_1_549' title='bbox 2312 2772 2412 2822; x_wconf 87' lang='grc' dir='ltr'>ὅσα</span> <span class='ocrx_word' id='word_1_550' title='bbox 2452 2770 2579 2822; x_wconf 77' lang='grc' dir='ltr'>θέλει</span> <span class='ocrx_word' id='word_1_551' title='bbox 2638 2778 2789 2824; x_wconf 83' lang='grc' dir='ltr'>ποιεῖ.</span> <span class='ocrx_word' id='word_1_552' title='bbox 2835 2778 3099 2842; x_wconf 81' lang='grc' dir='ltr'>Λεγόντων</span> <span class='ocrx_word' id='word_1_553' title='bbox 3148 2770 3206 2825; x_wconf 68' lang='grc' dir='ltr'>δε</span> <span class='ocrx_word' id='word_1_554' title='bbox 3257 2775 3401 2845; x_wconf 77' lang='grc' dir='ltr'>ἡμων</span> <span class='ocrx_word' id='word_1_555' title='bbox 3458 2777 3534 2827; x_wconf 84' lang='grc' dir='ltr'>ὅτι</span> <span class='ocrx_word' id='word_1_556' title='bbox 3588 2781 3751 2828; x_wconf 74' lang='grc' dir='ltr'>Τοῦτο</span> <span class='ocrx_word' id='word_1_557' title='bbox 3811 2782 3901 2827; x_wconf 82' lang='grc' dir='ltr'>καὶ</span> 
     </span>
    </p>
   </div>
   <div class='ocr_carea' id='block_1_75' title="bbox 2313 2856 3903 2937">
    <p class='ocr_par' dir='ltr' id='par_1_75' title="bbox 2313 2856 3903 2937">
     <span class='ocr_line' id='line_1_76' title="bbox 2313 2856 3903 2937; baseline 0.004 -26"><span class='ocrx_word' id='word_1_558' title='bbox 2313 2863 2462 2931; x_wconf 76' lang='grc' dir='ltr'>ἡμεῖς</span> <span class='ocrx_word' id='word_1_559' title='bbox 2514 2856 2747 2928; x_wconf 72' lang='grc' dir='ltr'>οἴδαμεν,</span> <span class='ocrx_word' id='word_1_560' title='bbox 2807 2860 3172 2935; x_wconf 79' lang='grc' dir='ltr'>ἀποκρίνονται</span> <span class='ocrx_word' id='word_1_561' title='bbox 3230 2865 3309 2915; x_wconf 85' lang='grc' dir='ltr'>ὅτι</span> <span class='ocrx_word' id='word_1_562' title='bbox 3362 2863 3408 2914; x_wconf 84' lang='grc' dir='ltr'>ἐν</span> <span class='ocrx_word' id='word_1_563' title='bbox 3478 2866 3581 2936; x_wconf 80' lang='grc' dir='ltr'>ὅσῳ</span> <span class='ocrx_word' id='word_1_564' title='bbox 3636 2864 3903 2937; x_wconf 73' lang='grc' dir='ltr'>ἐκοιμᾶτο,</span> 
     </span>
    </p>
   </div>
   <div class='ocr_carea' id='block_1_76' title="bbox 2311 2948 3903 3025">
    <p class='ocr_par' dir='ltr' id='par_1_76' title="bbox 2311 2948 3903 3023">
     <span class='ocr_line' id='line_1_77' title="bbox 2311 2948 3903 3023; baseline 0.004 -24"><span class='ocrx_word' id='word_1_565' title='bbox 2311 2948 2499 3006; x_wconf 67' lang='grc' dir='ltr'>κατέϐη</span> <span class='ocrx_word' id='word_1_566' title='bbox 2552 2950 2580 3006; x_wconf 77' lang='grc' dir='ltr'><strong>ἠ</strong></span> <span class='ocrx_word' id='word_1_567' title='bbox 2638 2953 2812 3021; x_wconf 71' lang='grc' dir='ltr'>γραφὴ</span> <span class='ocrx_word' id='word_1_568' title='bbox 2866 2948 3032 3002; x_wconf 76' lang='grc' dir='ltr'>ἐπάνω</span> <span class='ocrx_word' id='word_1_569' title='bbox 3090 2951 3249 3003; x_wconf 71' lang='grc' dir='ltr'>αὐτου</span> <span class='ocrx_word' id='word_1_570' title='bbox 3285 2974 3295 2984; x_wconf 75' lang='grc' dir='ltr'><strong><em>ο</em></strong></span> <span class='ocrx_word' id='word_1_571' title='bbox 3355 2960 3443 3004; x_wconf 77' lang='grc' dir='ltr'>καὶ</span> <span class='ocrx_word' id='word_1_572' title='bbox 3486 2958 3555 3005; x_wconf 83' lang='grc' dir='ltr'>Τὸ</span> <span class='ocrx_word' id='word_1_573' title='bbox 3607 2951 3903 3023; x_wconf 69' lang='grc' dir='ltr'>γελοιωὸες,</span> 
     </span>
    </p>
   </div>
   <div class='ocr_carea' id='block_1_77' title="bbox 2309 3038 3907 3115">
    <p class='ocr_par' dir='ltr' id='par_1_77' title="bbox 2309 3038 3907 3115">
     <span class='ocr_line' id='line_1_78' title="bbox 2309 3038 3907 3115; baseline 0.004 -27"><span class='ocrx_word' id='word_1_574' title='bbox 2309 3038 2516 3107; x_wconf 77' lang='grc' dir='ltr'>λέγομεν</span> <span class='ocrx_word' id='word_1_575' title='bbox 2562 3040 2711 3109; x_wconf 73' lang='grc' dir='ltr'>ἡμεῖς</span> <span class='ocrx_word' id='word_1_576' title='bbox 2768 3043 2896 3112; x_wconf 75' lang='grc' dir='ltr'>πρὸς</span> <span class='ocrx_word' id='word_1_577' title='bbox 2949 3038 3155 3102; x_wconf 67' lang='grc' dir='ltr'>αὐτοὺς,</span> <span class='ocrx_word' id='word_1_578' title='bbox 3218 3043 3316 3105; x_wconf 84' lang='grc' dir='ltr'>ὃτι,</span> <span class='ocrx_word' id='word_1_579' title='bbox 3368 3038 3548 3099; x_wconf 75' lang='grc' dir='ltr'>ἐπειδὴ</span> <span class='ocrx_word' id='word_1_580' title='bbox 3591 3048 3907 3115; x_wconf 77' lang='grc' dir='ltr'>κοιμώμενος</span> 
     </span>
    </p>
   </div>
   <div class='ocr_carea' id='block_1_78' title="bbox 2311 3124 3905 3203">
    <p class='ocr_par' dir='ltr' id='par_1_78' title="bbox 2311 3124 3905 3203">
     <span class='ocr_line' id='line_1_79' title="bbox 2311 3124 3905 3203; baseline 0.003 -25"><span class='ocrx_word' id='word_1_581' title='bbox 2311 3124 2521 3189; x_wconf 73' lang='grc' dir='ltr'>ἐδέξατο</span> <span class='ocrx_word' id='word_1_582' title='bbox 2560 3133 2653 3185; x_wconf 71' lang='grc' dir='ltr'>τὴν</span> <span class='ocrx_word' id='word_1_583' title='bbox 2698 3133 2924 3200; x_wconf 68' lang='grc' dir='ltr'>γραφὴν,</span> <span class='ocrx_word' id='word_1_584' title='bbox 2966 3134 3053 3181; x_wconf 80' lang='grc' dir='ltr'>καὶ</span> <span class='ocrx_word' id='word_1_585' title='bbox 3094 3129 3186 3181; x_wconf 79' lang='grc' dir='ltr'>οὐκ</span> <span class='ocrx_word' id='word_1_586' title='bbox 3239 3132 3426 3201; x_wconf 75' lang='grc' dir='ltr'>ᾔσθετο</span> <span class='ocrx_word' id='word_1_587' title='bbox 3486 3139 3573 3191; x_wconf 79' lang='grc' dir='ltr'>τῆς</span> <span class='ocrx_word' id='word_1_588' title='bbox 3630 3130 3905 3203; x_wconf 74' lang='grc' dir='ltr'>ἐνεργείας,</span> 
     </span>
    </p>
   </div>
   <div class='ocr_carea' id='block_1_79' title="bbox 2310 3214 3901 3292">
    <p class='ocr_par' dir='ltr' id='par_1_79' title="bbox 2310 3214 3901 3292">
     <span class='ocr_line' id='line_1_80' title="bbox 2310 3214 3901 3292; baseline 0.006 -26"><span class='ocrx_word' id='word_1_589' title='bbox 2310 3216 2379 3276; x_wconf 78' lang='grc' dir='ltr'>εἰς</span> <span class='ocrx_word' id='word_1_590' title='bbox 2433 3216 2585 3267; x_wconf 67' lang='grc' dir='ltr'>αὐτὸν</span> <span class='ocrx_word' id='word_1_591' title='bbox 2637 3215 2907 3288; x_wconf 67' lang='grc' dir='ltr'>ἐπληρώθη</span> <span class='ocrx_word' id='word_1_592' title='bbox 2967 3221 3023 3268; x_wconf 85' lang='grc' dir='ltr'>τὸ</span> <span class='ocrx_word' id='word_1_593' title='bbox 3088 3228 3178 3276; x_wconf 76' lang='grc' dir='ltr'>τῆς</span> <span class='ocrx_word' id='word_1_594' title='bbox 3251 3214 3537 3288; x_wconf 69' lang='grc' dir='ltr'>δημωὸους</span> <span class='ocrx_word' id='word_1_595' title='bbox 3597 3226 3901 3292; x_wconf 67' lang='grc' dir='ltr'>παροιμίας.</span> 
     </span>
    </p>
   </div>
   <div class='ocr_carea' id='block_1_80' title="bbox 2310 3304 3902 3381">
    <p class='ocr_par' dir='ltr' id='par_1_80' title="bbox 2310 3304 3902 3381">
     <span class='ocr_line' id='line_1_81' title="bbox 2310 3304 3902 3381; baseline 0.004 -26"><span class='ocrx_word' id='word_1_596' title='bbox 2310 3304 2466 3357; x_wconf 68' lang='grc' dir='ltr'>Πάλιν</span> <span class='ocrx_word' id='word_1_597' title='bbox 2528 3306 2673 3376; x_wconf 70' lang='grc' dir='ltr'>ἡμῶν</span> <span class='ocrx_word' id='word_1_598' title='bbox 2746 3305 3064 3378; x_wconf 75' lang='grc' dir='ltr'>ἐρωτώντων,</span> <span class='ocrx_word' id='word_1_599' title='bbox 3135 3314 3248 3368; x_wconf 63' lang='lat' dir='ltr'>lle);</span> <span class='ocrx_word' id='word_1_600' title='bbox 3321 3307 3480 3359; x_wconf 66' lang='grc' dir='ltr'>αὑτοῦ</span> <span class='ocrx_word' id='word_1_601' title='bbox 3554 3308 3902 3381; x_wconf 72' lang='grc' dir='ltr'>ἐντειλαμένου</span> 
     </span>
    </p>
   </div>
   <div class='ocr_carea' id='block_1_81' title="bbox 2305 3391 3900 3468">
    <p class='ocr_par' dir='ltr' id='par_1_81' title="bbox 2305 3391 3900 3468">
     <span class='ocr_line' id='line_1_82' title="bbox 2305 3391 3900 3468; baseline 0.004 -24"><span class='ocrx_word' id='word_1_602' title='bbox 2305 3394 2425 3464; x_wconf 72' lang='grc' dir='ltr'>ὑμῖν</span> <span class='ocrx_word' id='word_1_603' title='bbox 2458 3394 2506 3444; x_wconf 87' lang='grc' dir='ltr'>ἐν</span> <span class='ocrx_word' id='word_1_604' title='bbox 2546 3402 2607 3466; x_wconf 73' lang='grc' dir='ltr'>τῇ</span> <span class='ocrx_word' id='word_1_605' title='bbox 2640 3401 2811 3465; x_wconf 72' lang='grc' dir='ltr'>γραφῇ</span> <span class='ocrx_word' id='word_1_606' title='bbox 2844 3395 2982 3465; x_wconf 74' lang='grc' dir='ltr'>ὑμῶν</span> <span class='ocrx_word' id='word_1_607' title='bbox 3033 3391 3197 3465; x_wconf 71' lang='grc' dir='ltr'>μηδὲν</span> <span class='ocrx_word' id='word_1_608' title='bbox 3225 3402 3386 3446; x_wconf 79' lang='grc' dir='ltr'>ποιεῖν</span> <span class='ocrx_word' id='word_1_609' title='bbox 3430 3397 3456 3453; x_wconf 70' lang='grc' dir='ltr'><strong>ἦ</strong></span> <span class='ocrx_word' id='word_1_610' title='bbox 3494 3393 3749 3468; x_wconf 73' lang='grc' dir='ltr'>δέχεσθαι</span> <span class='ocrx_word' id='word_1_611' title='bbox 3781 3401 3900 3450; x_wconf 78' lang='grc' dir='ltr'>οῐνεν</span> 
     </span>
    </p>
   </div>
   <div class='ocr_carea' id='block_1_82' title="bbox 2304 3483 3899 3557">
    <p class='ocr_par' dir='ltr' id='par_1_82' title="bbox 2304 3483 3899 3557">
     <span class='ocr_line' id='line_1_83' title="bbox 2304 3483 3899 3557; baseline 0.003 -24"><span class='ocrx_word' id='word_1_612' title='bbox 2304 3487 2596 3557; x_wconf 67' lang='grc' dir='ltr'>μαρτύρων,</span> <span class='ocrx_word' id='word_1_613' title='bbox 2650 3483 2743 3534; x_wconf 65' lang='grc' dir='ltr'>οὐκ</span> <span class='ocrx_word' id='word_1_614' title='bbox 2787 3486 2960 3535; x_wconf 82' lang='grc' dir='ltr'>εῖπατε</span> <span class='ocrx_word' id='word_1_615' title='bbox 3015 3483 3152 3552; x_wconf 72' lang='grc' dir='ltr'>αὐτῷ</span> <span class='ocrx_word' id='word_1_616' title='bbox 3192 3486 3273 3535; x_wconf 85' lang='grc' dir='ltr'>ὅτι</span> <span class='ocrx_word' id='word_1_617' title='bbox 3324 3491 3531 3555; x_wconf 78' lang='grc' dir='ltr'>Πρῶτος</span> <span class='ocrx_word' id='word_1_618' title='bbox 3581 3486 3732 3545; x_wconf 66' lang='grc' dir='ltr'>αὐτὸς</span> <span class='ocrx_word' id='word_1_619' title='bbox 3773 3486 3899 3538; x_wconf 78' lang='grc' dir='ltr'>απο-</span> 
     </span>
    </p>
   </div>
   <div class='ocr_carea' id='block_1_83' title="bbox 2307 3568 3900 3645">
    <p class='ocr_par' dir='ltr' id='par_1_83' title="bbox 2307 3568 3900 3645">
     <span class='ocr_line' id='line_1_84' title="bbox 2307 3568 3900 3645; baseline 0.002 -21"><span class='ocrx_word' id='word_1_620' title='bbox 2307 3569 2473 3632; x_wconf 71' lang='grc' dir='ltr'>ὃειξον</span> <span class='ocrx_word' id='word_1_621' title='bbox 2514 3568 2607 3623; x_wconf 75' lang='grc' dir='ltr'>διὰ</span> <span class='ocrx_word' id='word_1_622' title='bbox 2644 3575 2919 3645; x_wconf 77' lang='grc' dir='ltr'>μαρτύρων</span> <span class='ocrx_word' id='word_1_623' title='bbox 2959 3575 3023 3631; x_wconf 82' lang='grc' dir='ltr'>ως</span> <span class='ocrx_word' id='word_1_624' title='bbox 3062 3579 3327 3644; x_wconf 74' lang='grc' dir='ltr'>προφήτης</span> <span class='ocrx_word' id='word_1_625' title='bbox 3378 3570 3440 3639; x_wconf 84' lang='grc' dir='ltr'>εἷ,</span> <span class='ocrx_word' id='word_1_626' title='bbox 3492 3579 3578 3625; x_wconf 82' lang='grc' dir='ltr'>καὶ</span> <span class='ocrx_word' id='word_1_627' title='bbox 3621 3573 3720 3625; x_wconf 72' lang='grc' dir='ltr'>ἀπὸ</span> <span class='ocrx_word' id='word_1_628' title='bbox 3763 3583 3900 3627; x_wconf 63' lang='grc' dir='ltr'>(θεοῦ</span> 
     </span>
    </p>
   </div>
   <div class='ocr_carea' id='block_1_84' title="bbox 2306 3660 3896 3737">
    <p class='ocr_par' dir='ltr' id='par_1_84' title="bbox 2306 3660 3896 3737">
     <span class='ocr_line' id='line_1_85' title="bbox 2306 3660 3896 3737; baseline 0.001 -26"><span class='ocrx_word' id='word_1_629' title='bbox 2306 3660 2526 3721; x_wconf 73' lang='grc' dir='ltr'>ἐξῆλθες,</span> <span class='ocrx_word' id='word_1_630' title='bbox 2568 3667 2656 3712; x_wconf 76' lang='grc' dir='ltr'>καὶ</span> <span class='ocrx_word' id='word_1_631' title='bbox 2695 3666 2819 3713; x_wconf 85' lang='grc' dir='ltr'>ποία</span> <span class='ocrx_word' id='word_1_632' title='bbox 2874 3667 3044 3734; x_wconf 71' lang='grc' dir='ltr'>γραφὴ</span> <span class='ocrx_word' id='word_1_633' title='bbox 3106 3669 3361 3737; x_wconf 85' lang='grc' dir='ltr'>μαρτυρεῖ</span> <span class='ocrx_word' id='word_1_634' title='bbox 3412 3668 3539 3735; x_wconf 72' lang='grc' dir='ltr'>περὶ</span> <span class='ocrx_word' id='word_1_635' title='bbox 3587 3674 3727 3727; x_wconf 73' lang='grc' dir='ltr'>σον;</span> <span class='ocrx_word' id='word_1_636' title='bbox 3774 3682 3896 3714; x_wconf 86' lang='grc' dir='ltr'>σιω-</span> 
     </span>
    </p>
   </div>
   <div class='ocr_carea' id='block_1_85' title="bbox 2306 3745 3889 3821">
    <p class='ocr_par' dir='ltr' id='par_1_85' title="bbox 2306 3745 3889 3821">
     <span class='ocr_line' id='line_1_86' title="bbox 2306 3745 3889 3821; baseline 0.002 -23"><span class='ocrx_word' id='word_1_637' title='bbox 2306 3759 2470 3799; x_wconf 70' lang='grc' dir='ltr'>πῶσιν</span> <span class='ocrx_word' id='word_1_638' title='bbox 2512 3745 2832 3820; x_wconf 69' lang='grc' dir='ltr'>αἰδούμενοι.</span> <span class='ocrx_word' id='word_1_639' title='bbox 2878 3754 3013 3821; x_wconf 83' lang='grc' dir='ltr'>Πρὸς</span> <span class='ocrx_word' id='word_1_640' title='bbox 3053 3750 3138 3811; x_wconf 71' lang='grc' dir='ltr'>οὓς</span> <span class='ocrx_word' id='word_1_641' title='bbox 3180 3750 3398 3820; x_wconf 66' lang='grc' dir='ltr'>εὐλόγως</span> <span class='ocrx_word' id='word_1_642' title='bbox 3438 3754 3614 3820; x_wconf 68' lang='grc' dir='ltr'>φαμεν,</span> <span class='ocrx_word' id='word_1_643' title='bbox 3674 3749 3889 3807; x_wconf 77' lang='grc' dir='ltr'>Ἐπειδὴ</span> 
     </span>
    </p>
   </div>
   <div class='ocr_carea' id='block_1_86' title="bbox 2304 3836 3893 3910">
    <p class='ocr_par' dir='ltr' id='par_1_86' title="bbox 2304 3836 3893 3910">
     <span class='ocr_line' id='line_1_87' title="bbox 2304 3836 3893 3910; baseline 0.002 -22"><span class='ocrx_word' id='word_1_644' title='bbox 2304 3844 2528 3906; x_wconf 78' lang='grc' dir='ltr'>γυναῖκα</span> <span class='ocrx_word' id='word_1_645' title='bbox 2579 3846 2749 3909; x_wconf 78' lang='grc' dir='ltr'>γῆμαι</span> <span class='ocrx_word' id='word_1_646' title='bbox 2804 3838 2896 3888; x_wconf 67' lang='grc' dir='ltr'>οὐκ</span> <span class='ocrx_word' id='word_1_647' title='bbox 2966 3838 3161 3898; x_wconf 81' lang='grc' dir='ltr'>ἔξεστιν</span> <span class='ocrx_word' id='word_1_648' title='bbox 3232 3842 3348 3891; x_wconf 72' lang='grc' dir='ltr'>ἄνευ</span> <span class='ocrx_word' id='word_1_649' title='bbox 3414 3843 3702 3910; x_wconf 73' lang='grc' dir='ltr'>μαρτύρων,</span> <span class='ocrx_word' id='word_1_650' title='bbox 3767 3836 3893 3891; x_wconf 62' lang='grc' dir='ltr'>οὐδὲ</span> 
     </span>
    </p>
   </div>
   <div class='ocr_carea' id='block_1_87' title="bbox 2307 3924 3895 4000">
    <p class='ocr_par' dir='ltr' id='par_1_87' title="bbox 2307 3924 3895 4000">
     <span class='ocr_line' id='line_1_88' title="bbox 2307 3924 3895 4000; baseline 0.002 -24"><span class='ocrx_word' id='word_1_651' title='bbox 2307 3924 2599 3997; x_wconf 73' lang='grc' dir='ltr'>ἀγοράζειν,</span> <span class='ocrx_word' id='word_1_652' title='bbox 2641 3925 2762 3978; x_wconf 67' lang='grc' dir='ltr'>οὐδὲ</span> <span class='ocrx_word' id='word_1_653' title='bbox 2816 3929 3065 4000; x_wconf 71' lang='grc' dir='ltr'>χρᾶσθαι,</span> <span class='ocrx_word' id='word_1_654' title='bbox 3107 3931 3223 3979; x_wconf 70' lang='grc' dir='ltr'>οὔτε</span> <span class='ocrx_word' id='word_1_655' title='bbox 3262 3924 3321 3979; x_wconf 72' lang='grc' dir='ltr'>δε</span> <span class='ocrx_word' id='word_1_656' title='bbox 3358 3930 3497 3998; x_wconf 64' lang='grc' dir='ltr'>ὑμεῖς</span> <span class='ocrx_word' id='word_1_657' title='bbox 3551 3926 3696 3978; x_wconf 64' lang='grc' dir='ltr'>αὐτοὶ</span> <span class='ocrx_word' id='word_1_658' title='bbox 3735 3948 3895 3979; x_wconf 86' lang='grc' dir='ltr'>κατα-</span> 
     </span>
    </p>
   </div>
   <div class='ocr_carea' id='block_1_88' title="bbox 2308 4011 3897 4089">
    <p class='ocr_par' dir='ltr' id='par_1_88' title="bbox 2308 4011 3897 4089">
     <span class='ocr_line' id='line_1_89' title="bbox 2308 4011 3897 4089; baseline 0.005 -23"><span class='ocrx_word' id='word_1_659' title='bbox 2308 4011 2531 4085; x_wconf 78' lang='grc' dir='ltr'>δέχεσοε</span> <span class='ocrx_word' id='word_1_660' title='bbox 2581 4020 2690 4066; x_wconf 78' lang='grc' dir='ltr'>ὄνον</span> <span class='ocrx_word' id='word_1_661' title='bbox 2749 4018 2777 4072; x_wconf 78' lang='grc' dir='ltr'><em>ἡ</em></span> <span class='ocrx_word' id='word_1_662' title='bbox 2834 4023 3011 4087; x_wconf 74' lang='grc' dir='ltr'>κτῇμα</span> <span class='ocrx_word' id='word_1_663' title='bbox 3068 4015 3360 4089; x_wconf 72' lang='grc' dir='ltr'>ἀμάρτυρον</span> <span class='ocrx_word' id='word_1_664' title='bbox 3415 4021 3555 4084; x_wconf 77' lang='grc' dir='ltr'>ὄντα,</span> <span class='ocrx_word' id='word_1_665' title='bbox 3623 4015 3748 4067; x_wconf 68' lang='grc' dir='ltr'>ἀλλὰ</span> <span class='ocrx_word' id='word_1_666' title='bbox 3807 4024 3897 4069; x_wconf 78' lang='grc' dir='ltr'>καὶ</span> 
     </span>
    </p>
   </div>
   <div class='ocr_carea' id='block_1_89' title="bbox 2305 4103 3900 4175">
    <p class='ocr_par' dir='ltr' id='par_1_89' title="bbox 2305 4103 3900 4175">
     <span class='ocr_line' id='line_1_90' title="bbox 2305 4103 3900 4175; baseline 0.003 -21"><span class='ocrx_word' id='word_1_667' title='bbox 2305 4110 2550 4173; x_wconf 79' lang='grc' dir='ltr'>γυναῖκας</span> <span class='ocrx_word' id='word_1_668' title='bbox 2607 4109 2695 4155; x_wconf 82' lang='grc' dir='ltr'>καὶ</span> <span class='ocrx_word' id='word_1_669' title='bbox 2736 4112 2979 4175; x_wconf 65' lang='grc' dir='ltr'>κτήματα</span> <span class='ocrx_word' id='word_1_670' title='bbox 3032 4110 3118 4155; x_wconf 80' lang='grc' dir='ltr'>καὶ</span> <span class='ocrx_word' id='word_1_671' title='bbox 3159 4109 3299 4164; x_wconf 77' lang='grc' dir='ltr'>ὅνους</span> <span class='ocrx_word' id='word_1_672' title='bbox 3357 4112 3445 4156; x_wconf 86' lang='grc' dir='ltr'>καί</span> <span class='ocrx_word' id='word_1_673' title='bbox 3504 4107 3569 4156; x_wconf 82' lang='grc' dir='ltr'>τὰ</span> <span class='ocrx_word' id='word_1_674' title='bbox 3622 4108 3774 4156; x_wconf 66' lang='grc' dir='ltr'>λοιπά</span> <span class='ocrx_word' id='word_1_675' title='bbox 3806 4103 3900 4158; x_wconf 76' lang='grc' dir='ltr'>διὰ</span> 
     </span>
    </p>
   </div>
   <div class='ocr_carea' id='block_1_90' title="bbox 2306 4195 3901 4264">
    <p class='ocr_par' dir='ltr' id='par_1_90' title="bbox 2306 4195 3901 4264">
     <span class='ocr_line' id='line_1_91' title="bbox 2306 4195 3901 4264; baseline 0.003 -22"><span class='ocrx_word' id='word_1_676' title='bbox 2306 4196 2581 4264; x_wconf 74' lang='grc' dir='ltr'>μαρτύρων</span> <span class='ocrx_word' id='word_1_677' title='bbox 2619 4195 2832 4262; x_wconf 74' lang='grc' dir='ltr'>κτασοε,</span> <span class='ocrx_word' id='word_1_678' title='bbox 2878 4201 3044 4252; x_wconf 85' lang='grc' dir='ltr'>κακῶς</span> <span class='ocrx_word' id='word_1_679' title='bbox 3089 4195 3191 4263; x_wconf 78' lang='grc' dir='ltr'>ἄρα</span> <span class='ocrx_word' id='word_1_680' title='bbox 3229 4200 3387 4264; x_wconf 79' lang='grc' dir='ltr'>μόνην</span> <span class='ocrx_word' id='word_1_681' title='bbox 3448 4200 3538 4251; x_wconf 71' lang='grc' dir='ltr'>τὴν</span> <span class='ocrx_word' id='word_1_682' title='bbox 3595 4198 3772 4246; x_wconf 84' lang='grc' dir='ltr'>πίστιν</span> <span class='ocrx_word' id='word_1_683' title='bbox 3810 4202 3901 4247; x_wconf 85' lang='grc' dir='ltr'>καὶ</span> 
     </span>
    </p>
   </div>
   <div class='ocr_carea' id='block_1_91' title="bbox 2306 4281 3899 4354">
    <p class='ocr_par' dir='ltr' id='par_1_91' title="bbox 2306 4281 3899 4354">
     <span class='ocr_line' id='line_1_92' title="bbox 2306 4281 3899 4354; baseline 0.001 -23"><span class='ocrx_word' id='word_1_684' title='bbox 2306 4286 2399 4338; x_wconf 72' lang='grc' dir='ltr'>τὴν</span> <span class='ocrx_word' id='word_1_685' title='bbox 2437 4286 2642 4354; x_wconf 73' lang='grc' dir='ltr'>γραφὴν</span> <span class='ocrx_word' id='word_1_686' title='bbox 2693 4281 2989 4354; x_wconf 79' lang='grc' dir='ltr'>ἀμάρτυρον</span> <span class='ocrx_word' id='word_1_687' title='bbox 3043 4285 3190 4352; x_wconf 74' lang='grc' dir='ltr'>ἔχετε</span> <span class='ocrx_word' id='word_1_688' title='bbox 3223 4303 3237 4314; x_wconf 74' lang='grc' dir='ltr'>ο</span> <span class='ocrx_word' id='word_1_689' title='bbox 3292 4284 3317 4333; x_wconf 79' lang='grc' dir='ltr'><strong><em>ὁ</em></strong></span> <span class='ocrx_word' id='word_1_690' title='bbox 3366 4288 3466 4353; x_wconf 69' lang='grc' dir='ltr'>γὰρ</span> <span class='ocrx_word' id='word_1_691' title='bbox 3526 4286 3720 4339; x_wconf 72' lang='grc' dir='ltr'>ταύτην</span> <span class='ocrx_word' id='word_1_692' title='bbox 3781 4286 3899 4354; x_wconf 74' lang='grc' dir='ltr'>ὑμῖν</span> 
     </span>
    </p>
   </div>
   <div class='ocr_carea' id='block_1_92' title="bbox 2304 4366 3899 4444">
    <p class='ocr_par' dir='ltr' id='par_1_92' title="bbox 2304 4366 3899 4444">
     <span class='ocr_line' id='line_1_93' title="bbox 2304 4366 3899 4444; baseline 0.002 -23"><span class='ocrx_word' id='word_1_693' title='bbox 2304 4366 2575 4442; x_wconf 75' lang='grc' dir='ltr'>παραδοὺς</span> <span class='ocrx_word' id='word_1_694' title='bbox 2628 4367 2915 4441; x_wconf 66' lang='grc' dir='ltr'>οὐδαμόθεν</span> <span class='ocrx_word' id='word_1_695' title='bbox 2954 4374 3068 4441; x_wconf 80' lang='grc' dir='ltr'>ἔχει</span> <span class='ocrx_word' id='word_1_696' title='bbox 3108 4375 3164 4422; x_wconf 82' lang='grc' dir='ltr'>τὸ</span> <span class='ocrx_word' id='word_1_697' title='bbox 3203 4369 3412 4443; x_wconf 77' lang='grc' dir='ltr'>βέϐαιον</span> <span class='ocrx_word' id='word_1_698' title='bbox 3447 4392 3459 4403; x_wconf 71' lang='grc' dir='ltr'>ο</span> <span class='ocrx_word' id='word_1_699' title='bbox 3503 4367 3628 4423; x_wconf 68' lang='grc' dir='ltr'>οὐδὲ</span> <span class='ocrx_word' id='word_1_700' title='bbox 3656 4392 3735 4432; x_wconf 76' lang='grc' dir='ltr'>τις</span> <span class='ocrx_word' id='word_1_701' title='bbox 3768 4391 3899 4444; x_wconf 75' lang='grc' dir='ltr'>προ-</span> 
     </span>
    </p>
   </div>
   <div class='ocr_carea' id='block_1_93' title="bbox 544 4454 2200 4534">
    <p class='ocr_par' dir='ltr' id='par_1_93' title="bbox 544 4454 2195 4533">
     <span class='ocr_line' id='line_1_94' title="bbox 544 4454 2195 4533; baseline -0.004 -16"><span class='ocrx_word' id='word_1_702' title='bbox 544 4458 811 4533; x_wconf 88' lang='lat' dir='ltr'>profecto</span> <span class='ocrx_word' id='word_1_703' title='bbox 835 4457 1028 4513; x_wconf 86' lang='lat' dir='ltr'>solam</span> <span class='ocrx_word' id='word_1_704' title='bbox 1056 4455 1239 4512; x_wconf 81' lang='lat' dir='ltr'>ﬁdem</span> <span class='ocrx_word' id='word_1_705' title='bbox 1262 4460 1441 4526; x_wconf 86' lang='lat' dir='ltr'>atque</span> <span class='ocrx_word' id='word_1_706' title='bbox 1464 4454 1825 4526; x_wconf 88' lang='lat' dir='ltr'>scripturam</span> <span class='ocrx_word' id='word_1_707' title='bbox 1850 4454 2195 4511; x_wconf 86' lang='lat' dir='ltr'>intestatam</span> 
     </span>
    </p>
   </div>
   <div class='ocr_carea' id='block_1_94' title="bbox 2311 4454 3888 4534">
    <p class='ocr_par' dir='ltr' id='par_1_94' title="bbox 2311 4458 3888 4534">
     <span class='ocr_line' id='line_1_95' title="bbox 2311 4458 3888 4534; baseline 0.003 -26"><span class='ocrx_word' id='word_1_708' title='bbox 2311 4462 2503 4530; x_wconf 80' lang='grc' dir='ltr'>ιιάρτυς</span> <span class='ocrx_word' id='word_1_709' title='bbox 2535 4459 2695 4512; x_wconf 72' lang='grc' dir='ltr'>αὐτου</span> <span class='ocrx_word' id='word_1_710' title='bbox 2750 4464 3078 4534; x_wconf 75' lang='grc' dir='ltr'>γνωρίζεται,</span> <span class='ocrx_word' id='word_1_711' title='bbox 3125 4459 3251 4511; x_wconf 73' lang='grc' dir='ltr'>ἀλλὰ</span> <span class='ocrx_word' id='word_1_712' title='bbox 3302 4468 3617 4531; x_wconf 80' lang='grc' dir='ltr'>κοιμώμενος</span> <span class='ocrx_word' id='word_1_713' title='bbox 3676 4458 3888 4522; x_wconf 68' lang='grc' dir='ltr'>ἐδέξατο</span> 
     </span>
    </p>
   </div>
   <div class='ocr_carea' id='block_1_95' title="bbox 544 4542 2193 4616">
    <p class='ocr_par' dir='ltr' id='par_1_95' title="bbox 544 4542 2193 4616">
     <span class='ocr_line' id='line_1_96' title="bbox 544 4542 2193 4616; baseline -0.003 -11"><span class='ocrx_word' id='word_1_714' title='bbox 544 4547 791 4606; x_wconf 86' lang='lat' dir='ltr'>tenetis:</span> <span class='ocrx_word' id='word_1_715' title='bbox 824 4562 969 4603; x_wconf 87' lang='lat' dir='ltr'>nam</span> <span class='ocrx_word' id='word_1_716' title='bbox 1024 4544 1129 4616; x_wconf 90' lang='lat' dir='ltr'>qui</span> <span class='ocrx_word' id='word_1_717' title='bbox 1158 4544 1315 4599; x_wconf 92' lang='lat' dir='ltr'>hanc</span> <span class='ocrx_word' id='word_1_718' title='bbox 1345 4543 1519 4599; x_wconf 87' lang='lat' dir='ltr'>vobis</span> <span class='ocrx_word' id='word_1_719' title='bbox 1579 4542 1843 4616; x_wconf 83' lang='lat' dir='ltr'>tradidit,</span> <span class='ocrx_word' id='word_1_720' title='bbox 1888 4560 2193 4616; x_wconf 87' lang='lat' dir='ltr'>nusquam</span> 
     </span>
    </p>
   </div>
   <div class='ocr_carea' id='block_1_96' title="bbox 541 4631 2192 4704">
    <p class='ocr_par' dir='ltr' id='par_1_96' title="bbox 541 4631 2192 4704">
     <span class='ocr_line' id='line_1_97' title="bbox 541 4631 2192 4704; baseline -0.004 -9"><span class='ocrx_word' id='word_1_721' title='bbox 541 4638 727 4696; x_wconf 89' lang='lat' dir='ltr'>habet</span> <span class='ocrx_word' id='word_1_722' title='bbox 753 4635 1145 4692; x_wconf 86' lang='lat' dir='ltr'>ﬁrmitatem:</span> <span class='ocrx_word' id='word_1_723' title='bbox 1202 4647 1401 4704; x_wconf 89' lang='lat' dir='ltr'>neque</span> <span class='ocrx_word' id='word_1_724' title='bbox 1445 4631 1598 4687; x_wconf 88' lang='lat' dir='ltr'>ullus</span> <span class='ocrx_word' id='word_1_725' title='bbox 1651 4632 1816 4687; x_wconf 87' lang='lat' dir='ltr'>testis</span> <span class='ocrx_word' id='word_1_726' title='bbox 1867 4633 2192 4704; x_wconf 75' lang='lat' dir='ltr'>praecessit,</span> 
     </span>
    </p>
   </div>
   <div class='ocr_carea' id='block_1_97' title="bbox 543 4720 1914 4794">
    <p class='ocr_par' dir='ltr' id='par_1_97' title="bbox 543 4720 1914 4794">
     <span class='ocr_line' id='line_1_98' title="bbox 543 4720 1914 4794; baseline -0.006 -8"><span class='ocrx_word' id='word_1_727' title='bbox 543 4727 650 4786; x_wconf 89' lang='lat' dir='ltr'>sed</span> <span class='ocrx_word' id='word_1_728' title='bbox 672 4726 895 4785; x_wconf 88' lang='lat' dir='ltr'>librum</span> <span class='ocrx_word' id='word_1_729' title='bbox 921 4722 1229 4780; x_wconf 90' lang='lat' dir='ltr'>dormiens</span> <span class='ocrx_word' id='word_1_730' title='bbox 1260 4720 1643 4777; x_wconf 85' lang='lat' dir='ltr'>Mohamedes</span> <span class='ocrx_word' id='word_1_731' title='bbox 1672 4723 1914 4794; x_wconf 89' lang='lat' dir='ltr'>recepit.</span> 
     </span>
    </p>
   </div>
   <div class='ocr_carea' id='block_1_98' title="bbox 610 4809 2193 4887">
    <p class='ocr_par' dir='ltr' id='par_1_98' title="bbox 610 4809 2193 4887">
     <span class='ocr_line' id='line_1_99' title="bbox 610 4809 2193 4887; baseline -0.004 -14"><span class='ocrx_word' id='word_1_732' title='bbox 610 4821 666 4873; x_wconf 72' lang='grc'>4,</span> <span class='ocrx_word' id='word_1_733' title='bbox 699 4813 1017 4887; x_wconf 82' lang='lat' dir='ltr'>Appellant</span> <span class='ocrx_word' id='word_1_734' title='bbox 1045 4827 1184 4868; x_wconf 91' lang='lat' dir='ltr'>vero</span> <span class='ocrx_word' id='word_1_735' title='bbox 1214 4825 1326 4865; x_wconf 89' lang='lat' dir='ltr'>nos</span> <span class='ocrx_word' id='word_1_736' title='bbox 1356 4809 1747 4878; x_wconf 89' lang='lat' dir='ltr'>associantes,</span> <span class='ocrx_word' id='word_1_737' title='bbox 1778 4809 1923 4881; x_wconf 89' lang='lat' dir='ltr'>quia</span> <span class='ocrx_word' id='word_1_738' title='bbox 1952 4813 2093 4875; x_wconf 91' lang='lat' dir='ltr'>Deo,</span> <span class='ocrx_word' id='word_1_739' title='bbox 2128 4814 2193 4867; x_wconf 87' lang='lat' dir='ltr'>ut</span> 
     </span>
    </p>
   </div>
   <div class='ocr_carea' id='block_1_99' title="bbox 542 4898 2190 4974">
    <p class='ocr_par' dir='ltr' id='par_1_99' title="bbox 542 4898 2190 4974">
     <span class='ocr_line' id='line_1_100' title="bbox 542 4898 2190 4974; baseline -0.005 -10"><span class='ocrx_word' id='word_1_740' title='bbox 542 4907 729 4974; x_wconf 83' lang='lat' dir='ltr'>aiunt,</span> <span class='ocrx_word' id='word_1_741' title='bbox 767 4903 1001 4961; x_wconf 89' lang='lat' dir='ltr'>socium</span> <span class='ocrx_word' id='word_1_742' title='bbox 1039 4899 1453 4971; x_wconf 80' lang='lat' dir='ltr'>adjungimus,</span> <span class='ocrx_word' id='word_1_743' title='bbox 1502 4898 1650 4954; x_wconf 88' lang='lat' dir='ltr'>dum</span> <span class='ocrx_word' id='word_1_744' title='bbox 1700 4899 1999 4955; x_wconf 86' lang='lat' dir='ltr'>Christum</span> <span class='ocrx_word' id='word_1_745' title='bbox 2042 4899 2190 4957; x_wconf 91' lang='lat' dir='ltr'>dici-</span> 
     </span>
    </p>
   </div>
   <div class='ocr_carea' id='block_1_100' title="bbox 541 4986 2191 5059">
    <p class='ocr_par' dir='ltr' id='par_1_100' title="bbox 541 4986 2191 5059">
     <span class='ocr_line' id='line_1_101' title="bbox 541 4986 2191 5059; baseline -0.004 -8"><span class='ocrx_word' id='word_1_746' title='bbox 541 5009 680 5051; x_wconf 88' lang='lat' dir='ltr'>mus</span> <span class='ocrx_word' id='word_1_747' title='bbox 698 4993 801 5050; x_wconf 91' lang='lat' dir='ltr'>Dei</span> <span class='ocrx_word' id='word_1_748' title='bbox 830 4991 1041 5048; x_wconf 89' lang='lat' dir='ltr'>Filium</span> <span class='ocrx_word' id='word_1_749' title='bbox 1064 5006 1135 5047; x_wconf 92' lang='lat' dir='ltr'>ac</span> <span class='ocrx_word' id='word_1_750' title='bbox 1156 4992 1364 5044; x_wconf 91' lang='lat' dir='ltr'>Deum.</span> <span class='ocrx_word' id='word_1_751' title='bbox 1390 4986 1618 5053; x_wconf 88' lang='lat' dir='ltr'>Quibus</span> <span class='ocrx_word' id='word_1_752' title='bbox 1641 4987 2102 5059; x_wconf 88' lang='lat' dir='ltr'>respondemus,</span> <span class='ocrx_word' id='word_1_753' title='bbox 2126 4988 2191 5045; x_wconf 89' lang='lat' dir='ltr'>Id</span> 
     </span>
    </p>
   </div>
   <div class='ocr_carea' id='block_1_101' title="bbox 541 5076 2185 5151">
    <p class='ocr_par' dir='ltr' id='par_1_101' title="bbox 541 5076 2185 5151">
     <span class='ocr_line' id='line_1_102' title="bbox 541 5076 2185 5151; baseline -0.004 -12"><span class='ocrx_word' id='word_1_754' title='bbox 541 5082 762 5139; x_wconf 86' lang='lat' dir='ltr'>scilicet</span> <span class='ocrx_word' id='word_1_755' title='bbox 789 5096 827 5136; x_wconf 91' lang='lat' dir='ltr'>a</span> <span class='ocrx_word' id='word_1_756' title='bbox 852 5080 1156 5151; x_wconf 87' lang='lat' dir='ltr'>Scriptura</span> <span class='ocrx_word' id='word_1_757' title='bbox 1181 5093 1354 5133; x_wconf 90' lang='lat' dir='ltr'>sacra</span> <span class='ocrx_word' id='word_1_758' title='bbox 1400 5076 1826 5149; x_wconf 87' lang='lat' dir='ltr'>prophetisque</span> <span class='ocrx_word' id='word_1_759' title='bbox 1852 5076 2136 5133; x_wconf 89' lang='lat' dir='ltr'>traditum</span> <span class='ocrx_word' id='word_1_760' title='bbox 2171 5094 2185 5133; x_wconf 93' lang='lat'>:</span> 
     </span>
    </p>
   </div>
   <div class='ocr_carea' id='block_1_102' title="bbox 542 5163 2189 5243">
    <p class='ocr_par' dir='ltr' id='par_1_102' title="bbox 542 5163 2189 5243">
     <span class='ocr_line' id='line_1_103' title="bbox 542 5163 2189 5243; baseline -0.004 -15"><span class='ocrx_word' id='word_1_761' title='bbox 542 5185 774 5243; x_wconf 86' lang='lat' dir='ltr'>vosque</span> <span class='ocrx_word' id='word_1_762' title='bbox 823 5168 960 5241; x_wconf 89' lang='lat' dir='ltr'>ipsi,</span> <span class='ocrx_word' id='word_1_763' title='bbox 1013 5172 1080 5224; x_wconf 89' lang='lat' dir='ltr'>ut</span> <span class='ocrx_word' id='word_1_764' title='bbox 1141 5171 1299 5223; x_wconf 90' lang='lat' dir='ltr'>certe</span> <span class='ocrx_word' id='word_1_765' title='bbox 1363 5163 1697 5227; x_wconf 74' lang='lat' dir='ltr'>afﬁrmatis.</span> <span class='ocrx_word' id='word_1_766' title='bbox 1758 5165 2189 5238; x_wconf 87' lang='lat' dir='ltr'>prophetarum</span> 
     </span>
    </p>
   </div>
   <div class='ocr_carea' id='block_1_103' title="bbox 543 5253 2187 5327">
    <p class='ocr_par' dir='ltr' id='par_1_103' title="bbox 543 5253 2187 5327">
     <span class='ocr_line' id='line_1_104' title="bbox 543 5253 2187 5327; baseline -0.004 -10"><span class='ocrx_word' id='word_1_767' title='bbox 543 5259 958 5317; x_wconf 89' lang='lat' dir='ltr'>auctoritatem</span> <span class='ocrx_word' id='word_1_768' title='bbox 1021 5255 1355 5311; x_wconf 89' lang='lat' dir='ltr'>admittitis.</span> <span class='ocrx_word' id='word_1_769' title='bbox 1396 5253 1455 5310; x_wconf 88' lang='lat' dir='ltr'>Si</span> <span class='ocrx_word' id='word_1_770' title='bbox 1497 5268 1640 5325; x_wconf 77' lang='lat' dir='ltr'>ergo</span> <span class='ocrx_word' id='word_1_771' title='bbox 1688 5269 1871 5327; x_wconf 65' lang='lat' dir='ltr'>prave</span> <span class='ocrx_word' id='word_1_772' title='bbox 1926 5254 2187 5310; x_wconf 91' lang='lat' dir='ltr'>dicimus</span> 
     </span>
    </p>
   </div>
   <div class='ocr_carea' id='block_1_104' title="bbox 541 5334 2191 5417">
    <p class='ocr_par' dir='ltr' id='par_1_104' title="bbox 541 5334 2191 5417">
     <span class='ocr_line' id='line_1_105' title="bbox 541 5334 2191 5417; baseline -0.004 -10"><span class='ocrx_word' id='word_1_773' title='bbox 541 5348 841 5407; x_wconf 88' lang='lat' dir='ltr'>Christum</span> <span class='ocrx_word' id='word_1_774' title='bbox 871 5346 973 5404; x_wconf 89' lang='lat' dir='ltr'>Dei</span> <span class='ocrx_word' id='word_1_775' title='bbox 1004 5344 1234 5410; x_wconf 87' lang='lat' dir='ltr'>Filium,</span> <span class='ocrx_word' id='word_1_776' title='bbox 1265 5358 1453 5417; x_wconf 84' lang='lat' dir='ltr'>prave</span> <span class='ocrx_word' id='word_1_777' title='bbox 1482 5343 1689 5415; x_wconf 85' lang='lat' dir='ltr'>utique</span> <span class='ocrx_word' id='word_1_778' title='bbox 1854 5341 2191 5401; x_wconf 90' lang='lat' dir='ltr'>docuerunt</span> 
     </span>
    </p>
   </div>
   <div class='ocr_carea' id='block_1_105' title="bbox 2302 4552 2517 4605">
    <p class='ocr_par' dir='ltr' id='par_1_105' title="bbox 2302 4552 2517 4605">
     <span class='ocr_line' id='line_1_106' title="bbox 2302 4552 2517 4605; baseline 0.014 -7"><span class='ocrx_word' id='word_1_779' title='bbox 2302 4552 2517 4605; x_wconf 76' lang='grc' dir='ltr'>ταύτην.</span> 
     </span>
    </p>
   </div>
   <div class='ocr_carea' id='block_1_106' title="bbox 2372 4808 3896 4885">
    <p class='ocr_par' dir='ltr' id='par_1_106' title="bbox 2372 4808 3896 4885">
     <span class='ocr_line' id='line_1_107' title="bbox 2372 4808 3896 4885; baseline 0.001 -22"><span class='ocrx_word' id='word_1_780' title='bbox 2372 4808 2437 4865; x_wconf 62' lang='grc' dir='ltr'>ὸν.</span> <span class='ocrx_word' id='word_1_781' title='bbox 2476 4809 2707 4865; x_wconf 78' lang='grc' dir='ltr'>Καλοῦσι</span> <span class='ocrx_word' id='word_1_782' title='bbox 2737 4808 2794 4864; x_wconf 69' lang='grc' dir='ltr'>δὲ</span> <span class='ocrx_word' id='word_1_783' title='bbox 2835 4813 2959 4885; x_wconf 76' lang='grc' dir='ltr'>ἐμᾶς</span> <span class='ocrx_word' id='word_1_784' title='bbox 2991 4813 3343 4885; x_wconf 77' lang='grc' dir='ltr'>ἑταιριαστάς,</span> <span class='ocrx_word' id='word_1_785' title='bbox 3379 4816 3479 4881; x_wconf 81' lang='grc' dir='ltr'>ὅτι,</span> <span class='ocrx_word' id='word_1_786' title='bbox 3527 4819 3701 4884; x_wconf 67' lang='grc' dir='ltr'>φασιν,</span> <span class='ocrx_word' id='word_1_787' title='bbox 3752 4814 3896 4865; x_wconf 76' lang='grc' dir='ltr'>ἑταῖ-</span> 
     </span>
    </p>
   </div>
   <div class='ocr_carea' id='block_1_107' title="bbox 2298 4899 3897 4975">
    <p class='ocr_par' dir='ltr' id='par_1_107' title="bbox 2298 4899 3897 4975">
     <span class='ocr_line' id='line_1_108' title="bbox 2298 4899 3897 4975; baseline 0.001 -23"><span class='ocrx_word' id='word_1_788' title='bbox 2298 4919 2386 4974; x_wconf 88' lang='grc' dir='ltr'>ρον</span> <span class='ocrx_word' id='word_1_789' title='bbox 2432 4908 2507 4971; x_wconf 76' lang='grc' dir='ltr'><strong><em>τῴ</em></strong></span> <span class='ocrx_word' id='word_1_790' title='bbox 2561 4909 2674 4972; x_wconf 81' lang='grc' dir='ltr'>Θεῷ</span> <span class='ocrx_word' id='word_1_791' title='bbox 2728 4905 3129 4975; x_wconf 80' lang='grc' dir='ltr'>παρεισάγομεν,</span> <span class='ocrx_word' id='word_1_792' title='bbox 3192 4902 3423 4974; x_wconf 77' lang='grc' dir='ltr'>λέγοντες</span> <span class='ocrx_word' id='word_1_793' title='bbox 3469 4899 3595 4954; x_wconf 82' lang='grc' dir='ltr'>εἶναι</span> <span class='ocrx_word' id='word_1_794' title='bbox 3649 4905 3735 4953; x_wconf 84' lang='grc' dir='ltr'>τὸν</span> <span class='ocrx_word' id='word_1_795' title='bbox 3766 4910 3897 4974; x_wconf 66' lang='grc' dir='ltr'>Χριο</span> 
     </span>
    </p>
   </div>
   <div class='ocr_carea' id='block_1_108' title="bbox 2301 4991 3897 5063">
    <p class='ocr_par' dir='ltr' id='par_1_108' title="bbox 2301 4991 3897 5063">
     <span class='ocr_line' id='line_1_109' title="bbox 2301 4991 3897 5063; baseline 0.001 -21"><span class='ocrx_word' id='word_1_796' title='bbox 2301 4993 2422 5042; x_wconf 86' lang='grc' dir='ltr'>στὸν</span> <span class='ocrx_word' id='word_1_797' title='bbox 2468 4993 2585 5043; x_wconf 79' lang='grc' dir='ltr'>Υιὸν</span> <span class='ocrx_word' id='word_1_798' title='bbox 2635 4998 2724 5043; x_wconf 76' lang='grc' dir='ltr'>τοῦ</span> <span class='ocrx_word' id='word_1_799' title='bbox 2774 4998 2909 5043; x_wconf 79' lang='grc' dir='ltr'>Θεοῦ</span> <span class='ocrx_word' id='word_1_800' title='bbox 2962 4996 3050 5043; x_wconf 82' lang='grc' dir='ltr'>καὶ</span> <span class='ocrx_word' id='word_1_801' title='bbox 3083 4998 3229 5045; x_wconf 76' lang='grc' dir='ltr'>Θεὸν.</span> <span class='ocrx_word' id='word_1_802' title='bbox 3265 4996 3398 5063; x_wconf 79' lang='grc' dir='ltr'>Πρὸς</span> <span class='ocrx_word' id='word_1_803' title='bbox 3452 4991 3533 5050; x_wconf 77' lang='grc' dir='ltr'>οὖς</span> <span class='ocrx_word' id='word_1_804' title='bbox 3578 5009 3760 5062; x_wconf 73' lang='grc' dir='ltr'>φαμεν,</span> <span class='ocrx_word' id='word_1_805' title='bbox 3813 4994 3897 5043; x_wconf 82' lang='grc' dir='ltr'>ὅτι</span> 
     </span>
    </p>
   </div>
   <div class='ocr_carea' id='block_1_109' title="bbox 2298 5073 3895 5152">
    <p class='ocr_par' dir='ltr' id='par_1_109' title="bbox 2298 5073 3895 5152">
     <span class='ocr_line' id='line_1_110' title="bbox 2298 5073 3895 5152; baseline -0.001 -23"><span class='ocrx_word' id='word_1_806' title='bbox 2298 5082 2462 5130; x_wconf 74' lang='grc' dir='ltr'>Τοῦτο</span> <span class='ocrx_word' id='word_1_807' title='bbox 2501 5080 2530 5136; x_wconf 84' lang='grc' dir='ltr'>ἡ</span> <span class='ocrx_word' id='word_1_808' title='bbox 2598 5083 2735 5152; x_wconf 77' lang='grc' dir='ltr'>ραφὴ</span> <span class='ocrx_word' id='word_1_809' title='bbox 2796 5083 2886 5130; x_wconf 83' lang='grc' dir='ltr'>καὶ</span> <span class='ocrx_word' id='word_1_810' title='bbox 2946 5081 2994 5130; x_wconf 80' lang='grc' dir='ltr'><strong>οἱ</strong></span> <span class='ocrx_word' id='word_1_811' title='bbox 3055 5087 3319 5152; x_wconf 71' lang='grc' dir='ltr'>προφῆται</span> <span class='ocrx_word' id='word_1_812' title='bbox 3391 5073 3837 5151; x_wconf 70' lang='grc' dir='ltr'>παραδεδώκασιν</span> <span class='ocrx_word' id='word_1_813' title='bbox 3880 5099 3895 5112; x_wconf 89' lang='grc'><strong>·</strong></span> 
     </span>
    </p>
   </div>
   <div class='ocr_carea' id='block_1_110' title="bbox 2300 5163 3895 5240">
    <p class='ocr_par' dir='ltr' id='par_1_110' title="bbox 2300 5163 3895 5240">
     <span class='ocr_line' id='line_1_111' title="bbox 2300 5163 3895 5240; baseline 0.003 -23"><span class='ocrx_word' id='word_1_814' title='bbox 2300 5168 2447 5238; x_wconf 79' lang='grc' dir='ltr'>ὑμεῖς</span> <span class='ocrx_word' id='word_1_815' title='bbox 2487 5163 2565 5233; x_wconf 78' lang='grc' dir='ltr'>δε,</span> <span class='ocrx_word' id='word_1_816' title='bbox 2604 5170 2672 5228; x_wconf 81' lang='grc' dir='ltr'>ὡς</span> <span class='ocrx_word' id='word_1_817' title='bbox 2712 5163 3148 5239; x_wconf 74' lang='grc' dir='ltr'>διισχυρίζεσθε,</span> <span class='ocrx_word' id='word_1_818' title='bbox 3184 5172 3303 5227; x_wconf 79' lang='grc' dir='ltr'>τοὺς</span> <span class='ocrx_word' id='word_1_819' title='bbox 3341 5173 3608 5240; x_wconf 75' lang='grc' dir='ltr'>προφήτας</span> <span class='ocrx_word' id='word_1_820' title='bbox 3649 5164 3895 5237; x_wconf 73' lang='grc' dir='ltr'>δέχεσθε.</span> 
     </span>
    </p>
   </div>
   <div class='ocr_carea' id='block_1_111' title="bbox 2300 5252 3898 5327">
    <p class='ocr_par' dir='ltr' id='par_1_111' title="bbox 2300 5252 3898 5327">
     <span class='ocr_line' id='line_1_112' title="bbox 2300 5252 3898 5327; baseline 0 -20"><span class='ocrx_word' id='word_1_821' title='bbox 2300 5256 2359 5307; x_wconf 83' lang='grc' dir='ltr'><strong>Εἰ</strong></span> <span class='ocrx_word' id='word_1_822' title='bbox 2396 5252 2484 5307; x_wconf 74' lang='grc' dir='ltr'>οὖν</span> <span class='ocrx_word' id='word_1_823' title='bbox 2523 5263 2694 5317; x_wconf 84' lang='grc' dir='ltr'>κακῶς</span> <span class='ocrx_word' id='word_1_824' title='bbox 2731 5254 2940 5327; x_wconf 71' lang='grc' dir='ltr'>λέγομεν</span> <span class='ocrx_word' id='word_1_825' title='bbox 2981 5259 3065 5307; x_wconf 81' lang='grc' dir='ltr'>τὸν</span> <span class='ocrx_word' id='word_1_826' title='bbox 3106 5258 3335 5327; x_wconf 81' lang='grc' dir='ltr'>Χριστὸν</span> <span class='ocrx_word' id='word_1_827' title='bbox 3376 5259 3496 5307; x_wconf 85' lang='grc' dir='ltr'>Υίὸν</span> <span class='ocrx_word' id='word_1_828' title='bbox 3535 5262 3692 5323; x_wconf 77' lang='grc' dir='ltr'>Θεοῦ,</span> <span class='ocrx_word' id='word_1_829' title='bbox 3724 5256 3898 5317; x_wconf 79' lang='grc' dir='ltr'>κακῶς</span> 
     </span>
    </p>
   </div>
   <div class='ocr_carea' id='block_1_112' title="bbox 2298 5339 3899 5417">
    <p class='ocr_par' dir='ltr' id='par_1_112' title="bbox 2298 5339 3899 5417">
     <span class='ocr_line' id='line_1_113' title="bbox 2298 5339 3899 5417; baseline 0.002 -21"><span class='ocrx_word' id='word_1_830' title='bbox 2298 5345 2403 5417; x_wconf 80' lang='grc' dir='ltr'>ἄρα</span> <span class='ocrx_word' id='word_1_831' title='bbox 2432 5344 2615 5397; x_wconf 84' lang='grc' dir='ltr'>ἐκεῖνοι</span> <span class='ocrx_word' id='word_1_832' title='bbox 2662 5340 2913 5407; x_wconf 77' lang='grc' dir='ltr'>ἐδίδαξαν</span> <span class='ocrx_word' id='word_1_833' title='bbox 2971 5349 3059 5397; x_wconf 84' lang='grc' dir='ltr'>καὶ</span> <span class='ocrx_word' id='word_1_834' title='bbox 3101 5339 3411 5416; x_wconf 72' lang='grc' dir='ltr'>παρέδωκαν</span> <span class='ocrx_word' id='word_1_835' title='bbox 3442 5346 3587 5417; x_wconf 68' lang='grc' dir='ltr'>ἡμῖν.</span> <span class='ocrx_word' id='word_1_836' title='bbox 3623 5349 3724 5399; x_wconf 76' lang='grc' dir='ltr'>Καί</span> <span class='ocrx_word' id='word_1_837' title='bbox 3762 5348 3899 5407; x_wconf 77' lang='grc' dir='ltr'>τινες</span> 
     </span>
    </p>
   </div>
   <div class='ocr_carea' id='block_1_113' title="bbox 610 5515 3892 5620">
    <p class='ocr_par' dir='ltr' id='par_1_113' title="bbox 610 5515 3892 5620">
     <span class='ocr_line' id='line_1_114' title="bbox 610 5515 3892 5620; baseline -0.003 -16"><span class='ocrx_word' id='word_1_838' title='bbox 610 5547 691 5620; x_wconf 76' lang='grc' dir='ltr'>(ε)</span> <span class='ocrx_word' id='word_1_839' title='bbox 721 5550 806 5620; x_wconf 82' lang='lat' dir='ltr'>Ita</span> <span class='ocrx_word' id='word_1_840' title='bbox 826 5540 1338 5620; x_wconf 65' lang='lat' dir='ltr'>Choniateecodex</span> <span class='ocrx_word' id='word_1_841' title='bbox 1358 5540 1561 5601; x_wconf 89' lang='lat' dir='ltr'>denuo</span> <span class='ocrx_word' id='word_1_842' title='bbox 1586 5557 1624 5602; x_wconf 85' lang='lat' dir='ltr'>a</span> <span class='ocrx_word' id='word_1_843' title='bbox 1640 5515 1743 5601; x_wconf 49' lang='lat' dir='ltr'>in}</span> <span class='ocrx_word' id='word_1_844' title='bbox 1760 5518 2091 5612; x_wconf 54' lang='lat' dir='ltr'>iti&#39;sﬁé‘ctus.</span> <span class='ocrx_word' id='word_1_845' title='bbox 2115 5543 2190 5600; x_wconf 84' lang='lat' dir='ltr'>At</span> <span class='ocrx_word' id='word_1_846' title='bbox 2214 5538 2492 5611; x_wconf 87' lang='lat' dir='ltr'>inSpicil.</span> <span class='ocrx_word' id='word_1_847' title='bbox 2522 5542 2580 5597; x_wconf 87' lang='lat' dir='ltr'>et</span> <span class='ocrx_word' id='word_1_848' title='bbox 2597 5543 2754 5598; x_wconf 88' lang='lat' dir='ltr'>retro</span> <span class='ocrx_word' id='word_1_849' title='bbox 2784 5554 2844 5611; x_wconf 89' lang='lat' dir='ltr'>p.</span> <span class='ocrx_word' id='word_1_850' title='bbox 2873 5542 2997 5609; x_wconf 71' lang='grc'>349,</span> <span class='ocrx_word' id='word_1_851' title='bbox 3021 5554 3080 5597; x_wconf 88' lang='lat' dir='ltr'>n.</span> <span class='ocrx_word' id='word_1_852' title='bbox 3104 5541 3157 5610; x_wconf 79' lang='grc'>4,</span> <span class='ocrx_word' id='word_1_853' title='bbox 3178 5538 3471 5596; x_wconf 89' lang='lat' dir='ltr'>mendose</span> <span class='ocrx_word' id='word_1_854' title='bbox 3492 5538 3687 5598; x_wconf 83' lang='lat' dir='ltr'>fuerat</span> <span class='ocrx_word' id='word_1_855' title='bbox 3706 5539 3892 5599; x_wconf 83' lang='lat' dir='ltr'>omis-</span> 
     </span>
    </p>
   </div>
   <div class='ocr_carea' id='block_1_114' title="bbox 540 5613 1374 5699">
    <p class='ocr_par' dir='ltr' id='par_1_114' title="bbox 540 5613 1374 5699">
     <span class='ocr_line' id='line_1_115' title="bbox 540 5613 1374 5699; baseline -0.012 -19"><span class='ocrx_word' id='word_1_856' title='bbox 540 5613 929 5699; x_wconf 58' lang='lat' dir='ltr'>sa&#39;p&#39;articula</span> <span class='ocrx_word' id='word_1_857' title='bbox 952 5614 1236 5689; x_wconf 78' lang='lat' dir='ltr'>negativa</span> <span class='ocrx_word' id='word_1_858' title='bbox 1255 5613 1374 5670; x_wconf 79' lang='grc' dir='ltr'>οὐκ.</span> 
     </span>
    </p>
   </div>
  </div>
