4126 6228
78 6 96 88 Ξ

212 362 292 418 109
1509 342 1856 402 THESAURI

210 490 278 549 μὲν
312 480 461 533 αὐτῶν
494 494 667 549 φασιν,
713 475 792 528 ὅτι
841 479 992 545 Υμείς
1033 473 1082 525 οἰ
1120 475 1429 544 Χριστιανοὶ
1468 474 1589 532 τοὺς
1631 488 1752 544 προσ
1789 472 1838 526 Α

207 543 344 646 ﬁta;
408 565 857 638 ἀλληγορησαντες
933 565 1000 614 τὰ
1069 569 1287 614 τοιαῦτα
1357 561 1720 636 προτεθείκατε
1746 577 1772 600 ’-

209 661 321 714 ἧλοι
353 654 424 722 δε,
464 657 542 707 ότι
584 657 651 705 Οἰ
678 651 917 724 Ἑϐραῖοι
953 659 1225 722 μισοῦντες
1270 651 1404 722 ύμοὶς
1444 648 1760 713 ἑπλάνησαν,

209 753 264 810 ὡς
318 745 408 798 ἀπὸ
457 751 552 796 τῶν
619 748 898 813 προφητῶν
956 739 1268 813 γρώραντες,
1327 741 1410 790 ἶνα
1474 743 1564 789 καὶ
1616 738 1767 808 ἡμεῖς

209 835 498 906 πλανώμεθα.
556 830 716 884 Πάλιν
779 825 840 882 δε
896 847 1055 901 φαμεν
1106 832 1236 902 πρὸς
1292 827 1515 888 αύτούς·
1573 825 1764 898 Ὑμεῖς,

210 927 402 997 λέγοντες
446 923 520 973 ὁτι
565 921 592 972 ό
645 922 874 992 Χριστός
935 923 1104 986 Λόγος
1161 915 1273 968 ἐστὶ
1333 924 1426 968 τοῦ
1490 919 1617 968 Θεοῦ
1678 918 1768 966 καὶ¹

209 1023 378 1086 πνεῦμα
411 1010 590 1076 αὐτοῦ,
638 1017 745 1069 πῶς
789 1002 1072 1080 λοιδορεῖτε
1109 1007 1248 1077 ἡμᾶς
1291 1006 1360 1066 ὡς
1390 1004 1764 1078 ἑταιριαστιίςς

208 1103 254 1156 Ὀ
291 1105 382 1175 γὰρ
425 1105 581 1170 Δόγος
631 1101 721 1148 καὶ
759 1099 818 1148 τό
866 1103 1065 1166 πνεῦμα
1103 1092 1386 1165 ἀχώριστά
1431 1091 1544 1144 εστι
1590 1099 1680 1144 τοῦ
1720 1089 1768 1143 ἰν

211 1191 464 1263 ᾧπέρυκεν
486 1209 498 1222 ο
552 1187 597 1239 εἰ
643 1182 731 1238 οὖν
769 1183 854 1236 ἐπὶ
902 1192 973 1254 τῷ
1013 1191 1127 1253 Θεῷ
1166 1182 1307 1236 ἐστιν
1337 1185 1363 1236 ό
1396 1189 1555 1254 Δόγος
1584 1181 1764 1249 αὐτοῦ,

212 1279 418 1338 δηλονότι
449 1283 538 1330 καὶ
588 1280 716 1336 Θεός
759 1273 900 1326 ἐστιν
929 1295 941 1306 ·
983 1273 1028 1326 εἰ
1065 1270 1126 1326 δε
1156 1271 1300 1335 ἐκτός
1324 1281 1416 1324 τοῦ
1448 1279 1580 1324 Θεοῦ
1611 1272 1636 1322 ό
1669 1275 1767 1324 Λό-

208 1390 284 1440 γος
321 1368 428 1422 καθ’
465 1368 618 1437 ὑμᾶς,
665 1367 692 1416 ό
732 1367 864 1424 Θεὸς
909 1367 998 1414 καὶ
1037 1364 1228 1422 οἰπνους
1252 1383 1263 1395 ο

211 1477 275 1520 τες
313 1455 608 1528 ἰταιριοὶζειν
659 1456 744 1504 τόν
802 1454 954 1519 Θεὸν,
1001 1449 1222 1520 ἐκοψατε
1279 1449 1450 1503 αὐτὸν.
1517 1455 1770 1520 Κρεῑσσον

215 1549 261 1598 ιῖε
290 1543 342 1602 ἦν
376 1547 497 1616 ὑμᾶς
541 1541 706 1613 λέγειν
749 1543 831 1592 ὅτι
869 1539 1066 1614 ἑταῖρον
1111 1541 1244 1609 ἔχει,
1279 1539 1307 1596 ὃ
1349 1543 1556 1590 κόπτειν
1594 1536 1768 1603 αὐτόν,

1305 1361 1491 1414 ούκοῦν
1549 1363 1768 1432 φεύγον-

213 1639 286 1686 καί
315 1636 374 1695 ὡς
397 1633 529 1685 λίθον
572 1632 600 1689 ἣ
645 1629 794 1693 ξύλον
830 1631 860 1685 ἧ
907 1647 958 1680 τι
1004 1635 1102 1680 τῶν
1145 1626 1470 1684 ἀναισθήτων
1508 1627 1771 1700 παρεισά-

215 1741 322 1792 γειν.
374 1720 522 1773 Ὠστε
585 1720 734 1790 ὑμεῖς
793 1720 884 1789 μεν
949 1718 1089 1788 ἡμᾶς
1139 1713 1585 1791 ψευδηγοροῦντες
1638 1714 1773 1766 ἑταιο

216 1814 410 1884 ριαστὰς
453 1808 682 1861 καλεῖτεο
741 1809 892 1879 ἡμεῖς
939 1803 998 1860 δὲ
1041 1805 1355 1879 ἀληθεύομεν
1401 1810 1595 1866 κόπτας
1637 1805 1774 1876 ὑμᾶς
1805 1819 1846 1874 Β

219 1902 640 1974 προσαγορεύοντες
675 1905 769 1950 τοῦ
801 1903 958 1951 Θεοῦ.

287 2164 330 2219 ε’.
380 2163 728 2218 Διαϐαλλουσιν
781 2164 921 2234 ημᾶς
985 2158 1359 2236 εἰδωλολάτραις
1422 2167 1776 2234 προσκυνοῦν-

229 2273 309 2315 τας
343 2258 418 2306 τόν
455 2257 660 2326 σταυρὸν
693 2256 780 2303 καὶ
824 2255 919 2308 τήν
961 2250 1132 2304 εἰκόνα
1168 2256 1258 2302 τοῦ
1299 2257 1531 2321 Χριστοῦ
1561 2253 1775 2301 καὶτῶν

239 2341 400 2412 ἁγίων,
435 2343 465 2392 ἃ
503 2340 668 2393 ἐκεῖνοι
715 2337 1087 2413 βδελύττονται
1112 2357 1125 2368 ⁶
1159 2343 1248 2391 καί
1299 2357 1460 2410 φαμεν
1508 2342 1636 2410 πρὸς
1682 2340 1774 2389 αύ-

245 2435 368 2494 τούς,
407 2438 506 2492 Πῶς
538 2433 672 2502 ὑμεῖς
713 2430 834 2500 λίθῳ
878 2428 1258 2503 προστρίϐεσθε
1303 2431 1439 2480 κατὰ
1480 2432 1566 2479 τόν
1611 2425 1755 2478 Γαϐα

247 2519 328 2568 θάν
369 2519 510 2589 ὑμῶν,
555 2524 638 2570 καὶ
695 2517 872 2589 φιλεῖτε
931 2521 1017 2568 τόν
1081 2516 1222 2569 λίθον
1268 2525 1448 2568 τοῦτον
1513 2517 1774 2587 aia-pisci;

238 2612 324 2657 Καὶ
349 2610 466 2668 τινες
604 2607 762 2658 αὐτῶν
794 2625 951 2678 φασιν
994 2607 1074 2658 ὃτι
1113 2604 1282 2658 ἐπάνω
1319 2608 1506 2656 τούτου
1539 2603 1778 2676 Ἀϐραὰμ

233 2703 508 2748 αννουσίασε
540 2705 594 2769 τῇ
629 2696 798 2770 ’Δγειρ
825 2737 840 2750 .
881 2695 1026 2748 illoc
1060 2693 1139 2760 δε,
1171 2697 1252 2747 ὃτι
1287 2696 1448 2747 αύτοῦ
1473 2690 1779 2769 προσέδησε

229 2789 304 2842 τὴν
355 2785 562 2858 κάμηλον
619 2786 815 2858 μέλλων
876 2787 1012 2837 θύειν
1073 2788 1160 2837 τόν
1223 2785 1430 2838 Ἰσαάκ.
1491 2788 1590 2836 Καὶ
1653 2786 1779 2854 πρός

230 2874 386 2934 αύτούς
446 2873 859 2950 ἀποκρινόμεθα·
933 2881 1041 2935 Τῆς
1104 2879 1303 2946 Γραφῆς
1375 2873 1627 2943 λεγούσης
1699 2873 1780 2924 ὅτι

228 2967 322 3032 ῥόος
365 2960 418 3020 ἦν
455 2959 702 3030 ἀλσῶδες,
758 2968 850 3015 καὶ
903 2962 1030 3025 ξύλα
1074 2961 1157 3034 ἀφ’
1206 2963 1272 3013 ὧν
1312 2961 1384 3024 εἰς
1432 2965 1526 3019 τὴν
1569 2961 1780 3032 ὀλοκάρ-

224 3069 364 3103 nam
412 3058 607 3123 σχίσας
659 3050 898 3126 Ἀϐρααμ
935 3050 1152 3108 ἐπέθηκε
1206 3059 1278 3120 τῷ
1326 3051 1530 3116 Ἰσαὰκ,
1569 3054 1658 3100 καὶ
1701 3050 1781 3100 ὅτι

218 3144 328 3210 μετὰ
369 3150 460 3192 τῶν
496 3137 703 3194 παίδων
761 3146 854 3198 τὴν
906 3145 1016 3193 ὄνον
1063 3140 1322 3206 κατελιπε,
1367 3141 1520 3193 ποθεν
1559 3141 1680 3210 ύμῖν
1723 3141 1781 3189 τὸ
1814 3164 1868 3219 ην

218 3228 401 3302 λκρεῐν;
448 3234 558 3282 οὔτε
613 3233 717 3302 γὰρ
776 3228 881 3282 ἐκεῖ
933 3229 1060 3292 ξύλα
1103 3225 1363 3303 δρυμώδη
1403 3236 1620 3297 κεῖνται,
1671 3229 1784 3279 οὔτε

214 3322 301 3369 ονοι
345 3315 711 3372 διοδεύουσινο
754 3315 1029 3371 αἰδοῦνται
1071 3315 1179 3372 οὖν.
1228 3316 1408 3389 Ὀμως
1453 3321 1607 3390 φασὶν
1655 3313 1785 3368 εἶναι

213 3410 285 3458 τόν
331 3407 463 3460 λίθον
514 3417 614 3461 τοῦ
661 3406 919 3479 Ἀϐρααμ,
967 3410 1055 3460 καὶ
1095 3404 1174 3458 ἐπ’
1215 3407 1375 3459 αὐτοῦ
1434 3407 1786 3458 συνουσιάσαι

210 3503 415 3566 γυναικί,
469 3505 558 3551 καὶ
627 3499 706 3549 ὅτι
772 3501 866 3555 τὴν
921 3495 1151 3569 κάμηλον
1209 3495 1368 3548 αὐτοῦ
1431 3491 1782 3570 προσέδησεν.

211 3585 320 3636 Εἶτα
358 3586 448 3638 ούκ
491 3582 754 3654 αἰδεῖσθε,
796 3583 902 3637 ἀλλ’
933 3586 1072 3656 ἡμᾶς
1113 3584 1346 3636 εύθύνετε
1384 3585 1462 3636 ὃτι
1499 3588 1586 3634 τόν
1627 3601 1785 3634 σταυ-

208 3676 282 3744 ρὸν
307 3682 394 3725 τοῦ
425 3682 667 3748 Χριστοῦ
697 3681 1089 3747 προσκυνοῦμεν
1124 3677 1216 3724 καὶ
1251 3677 1344 3730 τὴν
1383 3672 1572 3736 εἰκόνα,
1614 3667 1688 3723 δι’
1717 3670 1785 3720 ὧν

210 3756 444 3832 δαιμόνων
513 3763 688 3834 ἰσχύς
750 3767 841 3813 καὶ
901 3757 1146 3813 διαϐόλου
1203 3760 1514 3813 καταλύεται
1569 3758 1784 3823 «Man;

212 3849 352 3910 Οὗτος
380 3847 439 3904 δε
476 3854 530 3904 ὃν
564 3869 703 3924 φασι
735 3850 896 3920 λίθον,
928 3849 1119 3921 κεφαλὴ
1163 3857 1255 3910 τῆς
1287 3845 1606 3922 Ἀφροδίτης
1647 3847 1789 3899 ἐστὶν

209 3938 231 4008 ᾖ
267 3947 640 4012 προσεκύνουν,
691 3937 750 3995 ἣν
795 3933 863 3995 δη
911 3939 1100 4012 Χαμὰρ
1139 3943 1528 4012 προσηγόρευον
1558 3957 1570 3969 ·
1614 3936 1699 4006 ὑφ’
1730 3931 1789 3986 οὗ

210 4033 278 4077 καὶ
322 4033 482 4102 μέχρι
531 4037 631 4082 νῦν
679 4025 729 4082 ἐν
775 4022 1028 4098 γλυφίδος
1065 4025 1412 4098 ἀποσκίασμα
1450 4028 1646 4086 ταύτης
1687 4031 1792 4084 τοίς

208 4114 406 4189 ἀκριϐῶς
434 4123 765 4171 κατανοοῦσι
795 4121 1046 4186 φαίνεται.

265 4383 322 4446 ς’.
369 4385 542 4446 Οὗτος
600 4387 772 4435 τοίνυν
828 4383 855 4435 ό
907 4377 1143 4454 Musisz
1188 4380 1398 4448 πολλὰς,
1449 4383 1517 4444 ὡς
1567 4384 1793 4456 εἶρηται,

209 4467 447 4545 λοιδορίας
525 4471 830 4537 συντάξας,
907 4470 1101 4542 ἑκάστη
1171 4473 1365 4522 τούτων
1439 4473 1795 4544 προσηγορίας
1825 4509 1869 4564 D

211 4558 423 4620 ἐπέθηκεν
463 4565 572 4632 (5),
615 4561 720 4612 οἷον
761 4562 789 4618 ἡ
839 4563 1012 4632 γραφὴ
1053 4566 1148 4620 τῆς
1188 4562 1456 4629 γυναικός.
1500 4557 1582 4609 Ἐν
1629 4561 1792 4631 ταύτῃ

211 4644 256 4700 δὲ
295 4659 353 4722 τῇ
406 4651 668 4723 λεγομένη
721 4656 892 4721 γραφῇ
953 4655 1050 4708 τῆς
1096 4651 1336 4717 γυναικός
1392 4651 1650 4721 τέσσαρας
1706 4666 1799 4716 γυ-

209 4746 360 4799 nixa;
414 4746 707 4814 προγανώς
771 4734 1048 4809 λαμϐάνειν
1115 4737 1396 4807 νομοθετεῖ,
1462 4741 1553 4788 καὶ
1609 4735 1802 4788 παλλα-

213 4830 302 4889 κὰς.
340 4827 423 4898 ἐάν
472 4847 559 4888 τις
617 4822 858 4887 δύνηται,
889 4824 1092 4896 χιλίας,
1143 4825 1172 4882 ἦ
1224 4824 1352 4885 ὅσας
1396 4825 1425 4881 ἠ
1478 4831 1600 4898 χεὶρ
1642 4824 1802 4876 αύτοῦ

212 4920 462 4989 κατάσχῃ,
520 4916 878 4987 ὑποκειμένας
929 4920 1046 4973 ταῖς
1092 4915 1352 4988 τέσσαρσι
1398 4913 1672 4984 γυναιξίν·
1743 4911 1803 4970 ἣν

217 4999 255 5052 δ’
288 5003 343 5056 ἂν
379 5004 637 5078 βουληθῇ
679 5000 940 5069 ἀπολύειν,
980 5006 1071 5053 καὶ
1107 5001 1422 5072 κομίζεσθαι
1460 5001 1618 5059 οἴλλην
1653 5002 1712 5060 ἣν
1743 5000 1804 5052 ἂν

217 5091 359 5167 ἰὸίιη,
404 5094 461 5147 ἐκ
511 5103 621 5155 τῆς
662 5093 912 5152 τοιαύτης
967 5089 1138 5150 αἰτίας
1191 5089 1546 5162 ἐνομοθέτησε.
1609 5093 1810 5162 Σύμπο-

220 5200 284 5232 νον
317 5180 372 5236 δε
421 5188 558 5255 ἔσχε
617 5176 743 5236 Ζειδ
781 5183 1330 5253 προσαγορευόμενον·
1382 5178 1530 5240 οὗτος
1585 5186 1810 5249 γυναῖκα

223 5273 390 5344 ὡραίαν
449 5269 628 5345 εἶχεν,
699 5270 762 5330 ἧς
825 5268 980 5329 αὐτὸς
1045 5268 1253 5339 ἠράσθη
1283 5288 1296 5302 ’
1364 5269 1666 5339 καθημένων
1721 5265 1809 5320 οὖν

227 5359 390 5431 tite-Ira,
430 5368 572 5435 φησί
611 5364 744 5434 πρὸς
782 5357 938 5412 αύτόν
964 5376 978 5392 ο
1027 5353 1173 5426 Ζειδ,
1206 5358 1232 5409 ό
1263 5360 1388 5417 Θεὸς
1418 5355 1695 5410 ἐνετείλατό
1722 5376 1813 5429 μοι

284 5557 356 5626 (5‘)
397 5555 678 5624 Intellige
705 5550 921 5610 Corani
941 5566 1140 5626 suras,
1180 5565 1334 5624 quas
1361 5549 1708 5623 singillatim
1730 5566 1820 5626 re:

226 5623 442 5685 censuit
488 5627 902 5696 refutavitque
933 5624 997 5680 in
1039 5623 1222 5696 opere
1264 5638 1398 5693 suo,
1427 5639 1464 5681 a
1511 5638 1572 5680 n.
1623 5627 1690 5680 26
1740 5623 1820 5681 ad

1896 343 2030 400 LIB.
2080 344 2167 400 xx
2507 401 2510 406 ,
3417 291 3522 428 tio

1876 467 1959 536 id,
1990 467 2288 540 nobisque
2311 466 2710 524 tradiderunt.
2740 467 3018 523 Nonnulli
3055 470 3238 526 etiam
3283 470 3522 528 illorum

1875 557 2083 612 aiunt:
2109 559 2222 612 Vos
2246 556 2491 628 quidem
2518 555 2834 612 Christiani
2854 557 3178 628 prophetas
3206 557 3524 628 allegorice

1873 647 2341 718 interpretando,
2375 648 2532 702 hanc
2567 646 2906 702 doctrinam
2947 647 3246 704 intulistis.
3293 650 3524 705 Aliidiv

1875 741 2018 791 cunt
2046 755 2057 792 :
2109 735 2337 792 Hebraai
2375 736 2581 791 hostes
2613 735 2789 790 vestri
2828 751 2940 790 vos
2966 736 3353 808 deceperunt,
3384 739 3527 796 talia

1875 830 2166 895 tanquam
2206 825 2553 896 prophetica
2596 823 2939 894 scribentes,
3000 829 3065 880 ut
3128 841 3240 882 nos
3281 843 3527 900 quoque

1876 913 2190 970 vobiscum
2221 913 2615 986 decipiamur.
2650 913 2912 968 Vicissim
2943 913 3058 969 illis
3083 931 3195 971 nos
3223 916 3482 974 dicimus
3507 934 3522 975 :

1879 1004 2077 1066 Quum
2105 1018 2212 1058 vos
2241 1001 2538 1058 Christum
2567 1000 2823 1056 Verbum
2851 1001 2952 1057 Dei
2972 1001 3370 1076 spiritumque
3393 1005 3445 1074 ej
3457 1019 3526 1060 us

1877 1091 2108 1156 dicatis,
2134 1105 2239 1146 cur
2256 1089 2430 1146 nobis
2455 1089 2873 1146 conviciamini
2895 1095 3186 1162 tanquam
3211 1091 3530 1148 adsociau-

1880 1184 1912 1235 ιι
1925 1180 2074 1236 bus?
2089 1179 2345 1236 Verbum
2361 1179 2588 1250 quippe
2601 1193 2670 1234 ac
2689 1179 2931 1250 spiritus
2944 1180 3210 1252 separari
3222 1186 3530 1254 nequeunt

1877 1269 1956 1325 ab
1995 1285 2066 1324 eo
2100 1269 2192 1325 cui
2243 1267 2590 1324 naturaliter
2635 1269 2884 1324 haerent.
2933 1270 2992 1324 Si
3025 1285 3166 1340 ergo
3199 1272 3260 1325 in
3292 1272 3411 1326 Deo
3439 1273 3532 1328 est

1877 1358 2136 1412 Verbum
2167 1357 2317 1426 ejus,
2356 1356 2612 1412 Verbum
2657 1371 2903 1428 quoque
2936 1359 3088 1412 Deus
3131 1363 3237 1415 est.
3269 1357 3439 1424 Quod
3479 1359 3529 1416 si

1879 1451 2046 1500 extra
2078 1445 2262 1500 Deum
2289 1453 2396 1508 est,
2439 1449 2501 1499 ut
2530 1460 2639 1499 vos
2673 1445 2914 1516 putatis,
2951 1447 3106 1501 Deus
3135 1454 3290 1502 certe
3319 1447 3530 1519 spiritu

1877 1541 2058 1590 caret.
2085 1535 2267 1604 Igitur
2295 1533 2440 1588 dum
2462 1533 2774 1594 adsociare
2798 1537 2983 1590 Deum
3005 1534 3305 1602 devitatis,
3327 1536 3530 1608 ipsum

1881 1623 2192 1680 mutilatis.
2217 1625 2462 1680 Prasstat
2489 1628 2694 1679 autem
2718 1623 2954 1680 socium
2977 1631 3033 1680 et
3060 1624 3141 1680 illi
3166 1625 3528 1694 adtribuere,

1881 1729 2066 1786 quam
2097 1713 2357 1768 eundem
2387 1713 2766 1782 imminuere,
2799 1719 2856 1769 et
2891 1730 3003 1769 ceu
3043 1714 3308 1787 lapidem
3339 1715 3429 1771 vel
3455 1715 3532 1771 li-

1883 1818 2072 1872 gnum
2109 1808 2215 1858 aut
2266 1801 2430 1856 aliud
2481 1800 2742 1872 quodvis
2785 1801 3158 1858 insensatum
3211 1803 3523 1861 inducere.

1885 1890 2207 1948 Mentimini
2255 1890 2458 1961 itaque
2507 1905 2646 1944 cum
2693 1905 2807 1946 nos
2852 1874 3230 1948 adsociantes
3257 1893 3530 1950 vocatis:

1885 1996 1998 2036 nos
2039 1985 2246 2034 contra
2307 1994 2440 2034 vere
2486 1977 2764 2044 dicimus,
2809 1994 2950 2036 cum
2993 1996 3098 2038 vos
3137 1981 3239 2038 Dei
3275 1996 3534 2038 cmsores

1884 2067 2288 2140 appellamus.

1956 2163 2008 2212 5.
2039 2157 2508 2212 Traducuntnos
2529 2161 2818 2228 tanquam
2837 2157 3203 2226 idololatras,
3229 2159 3376 2232 quia
3395 2175 3533 2216 cru-

1883 2263 2013 2302 cem
2043 2246 2388 2314 adoramus,
2418 2245 2746 2318 Christique
2774 2253 2832 2302 et
2852 2249 3532 2320 sanctorumimagines,

1885 2353 1922 2391 a
1946 2335 2167 2407 quibus
2193 2334 2310 2407 ipsi
2341 2333 2686 2390 abhorrent.
2719 2338 2836 2390 Nos
2868 2351 3008 2391 vero
3045 2337 3484 2408 respondemus
3515 2354 3532 2394 :

1887 2427 2002 2480 Cur
2039 2428 2242 2478 autem
2293 2437 2400 2475 vos
2436 2419 2623 2492 lapidi
2667 2422 3059 2478 advolvimini
3101 2425 3161 2479 in
3200 2430 3398 2481 vestro
3428 2427 3538 2480 Gao

1887 2512 2095 2577 batha,
2123 2519 2302 2582 atque
2333 2509 2502 2564 illum
2545 2515 2668 2566 tam
2713 2509 2964 2568 libenter
2996 2513 3405 2570 osculamini?
3435 2520 3536 2570 At.

1886 2618 2004 2674 que
2043 2615 2251 2655 eorum
2282 2598 2382 2654 alii
2407 2598 2634 2660 dicunt.
2669 2615 2856 2672 supra
2879 2599 3042 2656 hunc
3059 2600 3324 2674 lapidem
3353 2602 3538 2658 Abra-

1886 2691 2140 2746 hamum
2159 2704 2301 2743 cum
2323 2694 2516 2757 Agare
2543 2688 2976 2745 concubuisse:
3008 2690 3116 2746 alii
3135 2692 3434 2747 camelum
3457 2691 3538 2748 ad

1888 2780 2049 2834 hunc
2091 2777 2370 2847 alligasse
2408 2791 2546 2832 cum
2587 2779 2865 2834 lsaacum
2904 2784 3062 2836 esset
3089 2780 3535 2837 immolaturus.

1889 2867 2115 2932 Quibus
2160 2864 2638 2936 respondemus:
2698 2867 2993 2932 Quoniam
3051 2869 3353 2940 Scriptura
3396 2867 3541 2925 dicit

1889 2960 2158 3012 montem
2185 2952 2357 3009 illum
2387 2952 2568 3009 fuisse
2589 2957 3332 3029 nemorosum,scissisque
3361 2957 3539 3026 lignis

1890 3045 1968 3100 ad
1997 3042 2358 3099 sacrificium
2385 3041 2804 3099 Abrahamum
2843 3043 2958 3100 illic
2993 3047 3352 3116 imposuisse
3379 3051 3538 3102 Isaa-

1893 3149 2055 3197 cum,
2081 3138 2138 3187 et
2174 3131 2670 3187 commendatam
2693 3133 2894 3204 pueris
2923 3133 3230 3205 reliquisse
3259 3136 3534 3204 asinam;

1897 3222 2200 3280 undenam
2225 3219 2352 3274 istae
2376 3218 2546 3276 vobis
2575 3235 2752 3290 nugae
2779 3222 2808 3277 Ῥ
2849 3235 3046 3292 neque
3069 3223 3232 3278 enim
3256 3230 3452 3280 vestro
3475 3225 3538 3280 in

1891 3311 2024 3366 loco
2049 3313 2190 3364 sunt
2221 3307 2385 3376 ligna
2427 3307 2740 3374 silvestria,
2777 3324 2972 3380 neque
3009 3311 3294 3367 transitus
3336 3312 3538 3368 asino-

1893 3416 2054 3456 rum.
2092 3397 2182 3454 Ad
2209 3397 2340 3453 haec
2367 3411 2513 3453 sane
2537 3397 2888 3470 pudetiunt;
2935 3406 3196 3472 pergunt
3220 3407 3426 3460 tamen
3445 3401 3539 3458 di-

1895 3503 2051 3556 cere,
2086 3486 2210 3558 lapi
2239 3487 2354 3542 lem
2396 3485 2556 3541 illum
2593 3485 2920 3544 Abrahami
2961 3503 3114 3555 esse,
3155 3489 3358 3562 ibique
3399 3506 3541 3548 eum

1895 3577 2119 3634 femina
2147 3592 2274 3632 rem
2304 3575 2613 3646 habuisse,
2643 3583 2702 3633 et
2745 3577 3044 3635 camelum
3090 3579 3210 3636 illic
3241 3580 3540 3651 alligasse.

1897 3671 2020 3738 Age
2065 3681 2209 3722 vero
2256 3681 2364 3721 vos
2402 3681 2526 3722 non
2564 3666 2772 3738 pudet,
2795 3666 2903 3723 sed
2939 3667 3412 3739 objurgatisnos
3435 3671 3542 3743 qui

1897 3755 2105 3812 Christi
2143 3770 2384 3810 crucem
2413 3759 2595 3826 atque
2635 3755 2963 3826 imaginem
3011 3773 3390 3824 veneramur,
3414 3759 3546 3832 qui-

1897 3845 2012 3901 bus
2040 3844 2392 3900 daamonum
2411 3844 2678 3915 potentia
2709 3844 3056 3918 diabolique
3081 3847 3248 3904 fraus
3292 3856 3548 3920 proster-

1901 3933 2106 3989 nitur?
2152 3933 2252 3988 Hic
2293 3937 2518 3998 autem,
2557 3949 2750 4004 quem.
2783 3933 3008 4005 dicunt,
3049 3934 3201 4007 lapis
3237 3940 3420 4008 caput
3456 3942 3547 3994 est

1903 4021 2167 4091 Veneris,
2198 4036 2387 4092 quam
2427 4019 2648 4086 colunt,
2695 4037 3005 4094 quamque
3059 4025 3237 4080 etiam
3288 4025 3549 4081 Chamar

1901 4110 2244 4184 appellant:
2297 4125 2370 4164 ex
2413 4125 2536 4181 quo
2582 4109 2778 4180 lapide
2824 4127 3010 4183 usque
3059 4111 3138 4168 ad
3176 4113 3337 4169 hunc
3383 4112 3547 4170 diem

1903 4200 2152 4272 plastico
2182 4213 2362 4270 opere
2392 4211 2680 4269 expressa
2716 4198 3098 4257 adumbratio
3127 4208 3302 4259 acute
3339 4201 3552 4260 obser-

1901 4288 2180 4346 vantibus
2203 4285 2482 4342 cernitur.
3535 4331 3538 4334 .

1973 4382 2030 4435 6.
2063 4377 2162 4432 Hic
2199 4374 2377 4444 igitur
2407 4373 2788 4432 Mohamedes
2819 4377 3026 4445 multa,
3055 4379 3140 4434 uti
3168 4378 3396 4438 dictum
3419 4381 3549 4450 fuit,

1906 4463 2340 4522 contumeliosa
2378 4464 2642 4535 capitula
2686 4467 3140 4534 consarcinans,
3169 4467 3389 4525 horum
3434 4470 3553 4526 sin.

1908 4555 2060 4628 gulis
2140 4551 2340 4608 titulos
2417 4553 2724 4626 apposuit,
2794 4556 2976 4611 veluti
3053 4562 3142 4612 est
3222 4557 3556 4630 capitulum

1907 4644 1982 4700 de
2047 4641 2315 4698 muliere.
2386 4642 2568 4698 Porro
2631 4643 2696 4699 in
2769 4643 2883 4700 hoc
2941 4645 3109 4717 quod
3162 4645 3424 4702 diximus
3479 4646 3557 4703 de

1908 4731 2158 4789 muliere
2216 4729 2500 4803 capitulo,
2562 4739 2821 4804 quatuor
2874 4749 3092 4789 uxores
3159 4733 3362 4805 palam
3417 4734 3560 4791 duci

1908 4822 2039 4890 lege
2077 4821 2301 4886 statuit,
2333 4826 2391 4876 et
2436 4821 2806 4878 concubinas
2858 4823 2908 4877 si
2939 4823 3075 4895 quis
3117 4825 3336 4896 poterit
3375 4824 3560 4882 etiam

1911 4909 2072 4966 mille
2099 4909 2194 4965 vel
2217 4915 2514 4982 quotquot
2545 4909 2844 4982 cujusque
2889 4927 3105 4968 manus
3148 4911 3559 4985 adquisiverit,

1911 5007 2174 5073 quatuor
2201 4999 2490 5054 uxoribus
2522 4999 2791 5055 subditas
2817 5017 2830 5055 :
2854 5001 3164 5072 exquibus
3189 5003 3442 5075 siquam
3471 5003 3563 5059 di-

1915 5089 2144 5145 mittere
2169 5087 2640 5160 voluerit,atque
2662 5089 2841 5145 aliam
2869 5089 3109 5159 ducere,
3139 5091 3298 5148 hanc
3327 5093 3408 5148 ob
3427 5108 3568 5148 cau-

1918 5193 2052 5234 sam
2087 5175 2285 5248 legem
2335 5176 2483 5232 tulit.
2520 5177 2816 5234 Ministerii
2861 5180 3098 5236 socium
3142 5179 3409 5238 habebat
3451 5182 3570 5237 Zeis

1917 5267 2066 5324 dum
2115 5265 2447 5337 quemdam
2493 5267 2760 5332 nomine,
2799 5267 2894 5323 cui
2935 5283 3076 5324 cum
3123 5270 3378 5343 pulchra
3419 5285 3573 5327 uxor

1921 5360 2096 5426 esset,
2138 5355 2523 5412 Mohamedes
2563 5356 2624 5411 in
2666 5355 2849 5428 hujus
2893 5373 3163 5415 amorem
3205 5360 3415 5432 lapsus
3460 5365 3550 5418 est

1929 5555 2017 5620 82,
2067 5550 2298 5644 l‘lice‘tas
2345 5551 2722 5644 Biza’antinus,
2772 5550 2852 5608 ad
2889 5566 3074 5624 quem
3123 5550 3371 5608 lectores
3419 5551 3578 5609 able-

1931 5639 2146 5694 gamus
2176 5624 2332 5694 (tom.
2364 5623 2412 5678 Ο
2431 5623 2512 5695 ν).
