4126 6228
217 329 307 382 U3

1557 324 1906 385 TllESAURI
1947 323 2074 380 LIB.
2122 327 2226 382 XX.

3477 331 3578 387 HL

211 445 518 523 παραδείσῳ
553 457 648 510 τῆς
692 457 891 523 τρυφῆς
921 466 935 517 ;
984 447 1110 504 οὐδε
1156 457 1274 526 περὶ
1311 460 1402 514 τῆς
1437 451 1674 526 καμήλου
1713 471 1786 504 πει

1921 448 2053 506 diso
2089 449 2387 506 accideret
2414 451 2442 506 ?
2485 465 2680 524 neque
2727 451 2802 507 de
2845 449 3076 507 camelo
3115 449 3404 508 sollicitus
3440 452 3575 533 fuit,

211 543 494 616 φρόντικεν,
528 540 665 600 ὅπως
705 545 794 590 νῦν
843 535 1017 612 διάγει
1050 556 1064 608 ;
1093 538 1205 593 ἀλλ’
1254 538 1378 595 οὐδὲ
1416 542 1558 614 ὑμεῖς
1605 541 1808 616 ἠρωτή-

212 646 331 682 σατε
387 626 571 698 αὐτὸν,
629 629 699 689 ὡς
745 627 870 700 ὑμῖν
930 633 1046 703 περὶ
1103 637 1201 683 τῶν
1248 639 1404 705 τριῶν
1465 628 1808 706 διηγόρευσεν

209 715 686 791 ἆνειροπολούμενος
743 725 1040 790 ποταμῶνς
1091 717 1223 772 Ἀλλ’
1273 720 1422 792 ἡμεῖς
1475 727 1650 792 σαφῶς
1716 723 1809 776 τὴν

211 809 519 878 θαυμαστὴν
572 807 712 879 ὑμῶν
764 806 998 879 κάμηλον
1043 807 1114 870 εἰς
1160 812 1292 871 πόας
1328 804 1485 879 ᾅδου,
1534 811 1662 862 ὅπου
1720 813 1810 861 καὶ

208 896 346 967 ὑμεῖς
394 893 606 967 μέλλετε
656 892 884 966 διάγειν,
933 897 1004 958 ὡς
1039 893 1342 966 κτηνὼδεις,
1397 894 1809 972 προδραμοῦσαν

208 985 319 1055 ὑμῖν
370 982 819 1057 ἐπαγγελλόμεθα.
884 986 1086 1039 Ἐκεῖσε
1151 983 1212 1039 δε
1265 991 1452 1050 σκότος
1507 986 1648 1040 ἔστιν
1690 986 1809 1050 ἐξώ-

208 1091 362 1145 τερον,
421 1077 513 1125 καὶ
563 1072 779 1136 κόλασις
822 1072 1174 1144 ἀτελεύτητος,
1219 1083 1324 1150 πῦρ
1365 1076 1557 1147 ἠχοῡν,
1599 1075 1808 1140 σκώληξ

210 1159 510 1234 ἁκοίμητος,
540 1167 632 1216 καὶ
651 1163 906 1236 τάρταροι
935 1159 1199 1237 δαίμονες.

273 1249 338 1308 η’.
373 1250 596 1323 Ἐναὺτῇ
629 1248 688 1305 δε
723 1259 785 1324 τῇ
814 1259 986 1326 γραφῇ
1019 1261 1081 1325 τῇ
1115 1257 1233 1328 περὶ
1253 1261 1345 1307 τοῦ
1370 1251 1699 1330 παραδείσου
1731 1253 1806 1306 λέ-

209 1359 282 1411 γει
301 1341 328 1392 ὁ
357 1336 599 1412 Μωάμεδ
624 1341 804 1394 ἑαυτὸν
836 1338 963 1395 εἶναι
992 1340 1304 1415 κλειδοῦχον
1333 1331 1801 1418 τοίπαραδείσου,

211 1433 290 1481 καὶ
317 1429 394 1482 ὅτι
436 1436 838 1504 παραστήσεται
867 1437 1099 1494 Μωυσῆς
1139 1435 1231 1485 σὺν
1275 1440 1380 1493 τοῖς
1429 1431 1798 1506 Ἰσραηλίταιςι

211 1521 291 1568 καὶ
334 1519 398 1577 ὡς
452 1517 760 1590 παραϐάται
797 1526 890 1570 τοῦ
935 1523 1094 1592 νόμον
1137 1528 1197 1592 τῇ
1245 1520 1457 1573 κολάσει
1503 1529 1594 1574 τοῦ
1637 1524 1800 1594 πυρὸς

215 1601 581 1664 ίκδοθὴσονται
611 1627 623 1639 ·
667 1608 719 1658 οἱ
751 1603 810 1660 δίε
835 1614 1168 1681 Χριστιανοὶ,
1199 1611 1269 1669 ὡς
1299 1613 1384 1662 τὸν
1426 1613 1652 1684 Χριστὸν
1682 1611 1800 1662 Υίὸν

215 1701 337 1747 Θεοῦ
387 1699 475 1747 καὶ
531 1699 662 1750 Θεὸν
729 1694 1162 1766 ἀποκαλέσαντες,
1230 1705 1320 1751 καὶ
1383 1703 1794 1774 σεσαρκωμίνον,

1919 537 2167 594 ubinam
2193 539 2409 610 degat?
2434 555 2543 596 nec
2567 557 2674 596 vos
2695 539 2957 613 denique
2977 555 3118 596 eum
3142 539 3573 612 interrogastis,

1918 631 1984 684 ut
2015 627 2244 700 aliquid
2269 629 2345 684 de
2384 630 2563 686 trium
2609 628 2929 686 ﬂuminum
2969 628 3177 686 fabula
3215 630 3387 686 vobis
3433 646 3575 688 nar-

1915 723 2076 774 raret
2094 717 2121 773 ?
2150 718 2483 792 Caeteroqui
2507 734 2620 774 nos
2643 718 2770 775 sine
2788 718 2912 778 ulla
2938 718 3198 792 ambage
3219 719 3572 791 praeclaram

1916 807 2076 865 hanc
2104 807 2404 864 camelum
2433 812 2694 865 vestram
2723 808 2805 866 ad
2824 807 3038 865 inferni
3062 808 3303 878 herbas,
3331 809 3436 866 ubi
3467 827 3572 868 vos

1916 911 2160 968 quoque
2201 895 2490 963 incoletis,
2541 897 2922 970 precurrisse
2976 895 3146 952 vobis
3194 897 3572 956 nuntiamus.

1917 984 2003 1040 lbi
2049 1000 2195 1041 vero
2239 985 2498 1043 tenebrae
2548 985 2888 1052 exteriores,
2934 1001 3116 1058 paena
3172 987 3565 1057 incessabilis,

1914 1073 2072 1146 ignis
2101 1073 2378 1144 stridens,
2410 1074 2629 1131 vermis
2667 1073 2827 1145 vigil,
2852 1074 3281 1146 daemonesque
3309 1076 3563 1133 tartarei.

1985 1254 2043 1308 8.
2097 1251 2161 1308 In
2204 1251 2420 1308 eodem
2449 1252 2526 1308 de
2549 1251 2838 1325 paradiso
2867 1249 3132 1324 capitulo
3157 1250 3239 1306 ait
3267 1251 3567 1308 ltlohame-

1912 1337 2019 1395 des
2046 1357 2110 1396 se
2133 1355 2264 1396 esse
2292 1340 2556 1412 paradisi
2581 1340 2916 1408 ostiarium,
2932 1339 3134 1410 ibique
3154 1338 3280 1395 fore
3300 1342 3564 1411 Moysem

1911 1445 2051 1484 cum
2101 1429 2378 1486 lsraelitis
2410 1447 2422 1485 :
2473 1430 2621 1501 legis
2663 1437 2868 1486 autem
2907 1434 3384 1498 transgressores
3414 1445 3560 1503 sup-

1911 1517 2089 1591 plicio
2132 1519 2288 1589 ignis
2329 1519 2612 1576 traditum
2659 1519 2750 1576 iri.
2791 1517 3162 1576 Christianos
3187 1519 3427 1590 pariter,
3452 1535 3562 1576 ceu

1907 1607 2014 1679 qui
2045 1607 2345 1664 Christum
2373 1609 2476 1664 Dei
2508 1608 2716 1665 Filium
2751 1611 3060 1681 Deumque
3104 1606 3556 1679 appellaverint,

1907 1699 1964 1752 et
2003 1695 2388 1753 incarnatum
2425 1697 2900 1770 crucilixumque
2943 1693 3376 1753 afﬁrmaverint
3410 1696 3560 1768 (ipse

215 1787 295 1836 καὶ
349 1781 734 1859 έσταυρωμένον
797 1784 954 1838 αὐτὸν
1011 1783 1425 1859 δογματίσαντες
1481 1791 1638 1859 (φησί
1693 1789 1786 1862 γὰρ

1905 1784 2067 1840 enim
2111 1786 2192 1842 ait
2235 1800 2271 1841 a
2318 1785 2541 1846 JUdtBiS
2584 1785 2868 1842 umbram
2918 1790 3148 1842 tantum
3184 1783 3342 1840 illius
3374 1785 3558 1840 cruci-

215 1871 287 1925 ὃτι
327 1873 354 1929 ἡ
399 1875 522 1926 σκιὰ
569 1873 732 1926 αὐτοῦ
769 1871 1074 1947 ἐσταυρώθη
1120 1877 1220 1928 ὑπὸ
1252 1884 1351 1928 τῶν
1383 1872 1698 1946 Ἰουδαίων),
1729 1883 1792 1948 τῇ

219 1967 301 2016 τοῦ
328 1964 484 2038 πυρὸς
508 1967 677 2036 γεέννῃ
710 1960 1196 2036 παραδοθήσονται.
1243 1963 1367 2018 Εἶτα
1412 1965 1592 2019 ἑαυτὸν
1636 1985 1794 2038 φησιν

222 2052 311 2105 ὑπὸ
343 2059 470 2106 Θεοῦ
496 2051 800 2124 κεκλῆσθαι,
834 2059 924 2107 καὶ
961 2057 1026 2115 ὡς
1066 2055 1206 2128 μάλα
1243 2054 1456 2114 θεοσεϐῆ
1507 2060 1596 2109 καὶ
1638 2061 1793 2110 παντὶ

225 2149 290 2211 τῷ
329 2141 487 2194 αὐτῶν
523 2144 649 2195 ἔθνει
697 2145 866 2194 αἴτιον
935 2142 1220 2205 θεοσεϐείας
1284 2145 1588 2218 ὑπάρξαντα
1645 2143 1791 2200 ἐπαι-

229 2231 432 2295 νεῖσθαι,
479 2235 558 2282 καὶ
603 2232 792 2284 τούτου
838 2233 1000 2305 χάριν
1052 2229 1366 2304 κλειδοῦχον
1410 2239 1788 2306 χρηματίσαι·

237 2323 320 2369 καὶ
373 2316 669 2371 ἀπεστάλθαι
721 2327 810 2372 τοῦ
869 2319 1090 2390 ἀνοῖξαι,
1157 2326 1246 2374 καὶ
1309 2322 1792 2376 συνεισελεύσεσθαι

248 2405 377 2476 αὐτῷ
417 2404 707 2480 amasse»;
740 2408 893 2480 λόγου
939 2416 1109 2482 χωρὶς
1151 2415 1240 2463 καὶ
1280 2407 1596 2487 διακρίσεως
1639 2409 1790 2466 ἐϐδο-

245 2499 462 2566 μήκοντα
508 2494 762 2568 χιλιάδας.
820 2503 924 2552 Καὶ
985 2503 1104 2563 τοὺς
1169 2499 1378 2563 λοιποὺς
1441 2503 1792 2575 κριθήσεσθαι

240 2586 432 2654 pinu,
467 2590 546 2637 καί
584 2589 697 2648 τούς
728 2589 819 2660 μεν
851 2584 1090 2650 δικαίους
1131 2587 1491 2662 ἀναμφιϐόλως
1528 2598 1624 2651 τῆς
1661 2610 1790 2665 τρυ-

236 2679 319 2743 pi;
365 2671 658 2742 ἀπολαῦσαι,
715 2681 831 2738 τοὺς
882 2674 943 2731 δε
1000 2679 1392 2754 εὑρισκομένους
1453 2679 1791 2753 ἁμαρτωλοὺς

231 2765 451 2814 πιττάκια
494 2768 704 2838 φορέσαι
768 2764 818 2818 ἐν
875 2775 980 2828 τοῖς
1030 2768 1315 2841 τραχήλοις
1374 2764 1645 2841 δεδεμένα,
1700 2775 1790 2822 καὶ

230 2849 289 2911 εὶς
331 2853 410 2902 τὸν
459 2847 779 2927 παράδεισον
828 2854 1090 2922 εἰσελθεῖν,
1144 2861 1234 2909 καὶ
1280 2859 1494 2917 τούτους
1541 2853 1789 2930 ίπονομά-

226 2939 384 3000 ζεσθαι
427 2938 788 3016 ἀπελευθέρους
828 2951 921 2996 τοῦ
965 2952 1098 2998 Θεοῦ
1133 2951 1224 2998 καὶ
1261 2953 1354 2998 τοῦ
1381 2941 1617 3017 Μωάμεδ
1650 2965 1662 2979 ο
1693 2949 1788 3009 τὰς

223 3023 273 3080 δε
301 3034 534 3097 γυναῖκας
585 3037 818 3085 συνεῖναι
871 3035 961 3104 μὶν
1009 3033 1188 3096 αὐτοῖς
1227 3031 1464 3106 ἀπαθῶς,
1503 3038 1593 3086 καὶ
1642 3035 1788 3108 θεραο

1902 1873 2133 1946 ﬁxam),
2168 1875 2460 1945 gehennae
2485 1874 2686 1946 ignem
2717 1878 3093 1948 experturos.
3130 1873 3353 1930 Deinde
3381 1874 3465 1931 ait
3491 1889 3557 1929 se

1901 1978 1941 2021 a
1977 1966 2099 2021 Deo
2137 1969 2438 2027 vocatum,
2466 1968 2645 2036 atque
2684 1969 2747 2019 ut
2780 1963 3055 2035 apprime
3091 1961 3458 2033 religiosum,
3499 1967 3558 2019 et

1901 2051 2202 2110 universae
2249 2051 2410 2122 genti
2456 2067 2578 2106 suae
2619 2050 2922 2122 religionis
2963 2049 3187 2108 factum
3222 2055 3550 2121 auctorem,

1899 2140 2080 2198 laude
2135 2144 2462 2208 ornatum;
2525 2145 2584 2196 et
2633 2143 2953 2212 eapropter
3007 2138 3274 2211 paradisi
3328 2137 3552 2196 factum

1899 2230 2232 2295 ostiarium,
2263 2230 2643 2301 missumque
2690 2228 2771 2285 ad
2813 2228 3252 2301 aperiendum;
3303 2233 3362 2284 et
3412 2226 3553 2284 illuc

1899 2335 2107 2376 secum
2136 2319 2514 2390 ingressuros
2545 2317 2776 2390 absque
2805 2317 2976 2374 obice
3005 2322 3064 2373 et
3088 2315 3214 2372 sine
3246 2316 3368 2373 ulla
3409 2332 3550 2372 con-

1899 2409 2253 2466 tradictione
2284 2411 2387 2464 aut
2408 2406 2638 2478 judicio
2658 2407 2934 2465 homines
2955 2405 3337 2478 septuaginta
3365 2404 3546 2462 mille.

1899 2497 1980 2554 De
2026 2497 2271 2570 reliquis
2314 2496 2654 2568 judicatum
2694 2496 2765 2552 iri
2793 2496 2914 2564 ait;
2962 2500 3020 2552 et
3062 2495 3260 2565 justos
3301 2493 3549 2566 quidem

1899 2587 2028 2644 sine
2069 2586 2256 2643 dubio
2299 2586 2525 2642 deliciis
2562 2585 2856 2659 potituros
2887 2605 2900 2653 ;
2952 2599 3056 2641 eos
3099 2590 3300 2642 autem
3329 2584 3434 2655 qui
3464 2584 3546 2640 in-

1899 2676 2055 2732 venti
2093 2675 2311 2732 fuerint
2340 2680 2706 2748 peccatores,
2736 2672 2972 2730 libellos
3015 2677 3354 2743 gestaturos
3394 2671 3546 2730 collo

1897 2779 2202 2836 appensos
2227 2781 2240 2830 ;
2268 2762 2658 2820 nihilominus
2679 2761 3029 2834 paradisum
3059 2760 3456 2832 ingressuros,
3490 2767 3546 2816 et

1898 2853 2000 2908 Dei
2029 2852 2274 2915 libertos
2311 2869 2380 2909 ac
2418 2852 2785 2909 Mohamedis
2824 2856 3100 2908 vocatum
3148 2850 3238 2906 iri.
3282 2849 3547 2906 Mulieres

1896 2957 2140 3014 quoque
2179 2958 2317 2998 cum
2358 2941 2470 2996 illis
2519 2941 2750 2996 futuras
2784 2941 2911 2996 sine
2942 2938 3289 3005 menstruis,
3317 2937 3546 2994 eisdem

1898 3030 2358 3095 ministraturas,
2391 3035 2445 3087 et
2465 3028 2716 3102 capillos
2745 3029 2832 3086 eis
2853 3033 3193 3085 ornaturas.
3223 3025 3338 3084 Sed
3366 3026 3546 3083 etiam

219 3136 248 3167 π
271 3117 365 3171 ύιιν
394 3117 605 3191 αὐτοὺς,
645 3125 736 3174 καὶ
775 3120 1064 3194 φιλοκαλεῖν
1108 3123 1278 3176 αὐτῶν
1319 3125 1415 3186 τὰς
1455 3126 1642 3196 κόμας.
1686 3128 1786 3176 Καὶ

1898 3121 2306 3180 Samaritanos
2337 3119 2687 3193 paradisum
2715 3118 2857 3174 dicit
2882 3117 3277 3188 ingressuros,
3303 3132 3425 3172 non
3467 3115 3545 3171 ad

215 3210 319 3270 τοὺς
363 3215 684 3283 Σαμαρείτας
741 3214 832 3282 ἔφη
886 3212 1224 3285 εἰσέρχεσθαι
1266 3211 1314 3264 ἐν
1362 3219 1435 3284 τῷ
1477 3209 1784 3288 παραδείσῳ

213 3296 263 3348 οὐ
301 3301 419 3373 πρὸς
463 3303 522 3352 τὸ
567 3297 884 3368 ἁπολαᾶσαι,
935 3299 1042 3352 ἀλλ’
1091 3301 1173 3354 ἶνα
1209 3305 1275 3354 τὰ
1317 3300 1532 3376 ἐκφορια
1561 3306 1652 3354 καὶ
1691 3307 1784 3360 τὴν

213 3387 380 3458 κόπρον
417 3387 592 3439 αὐτῶν
641 3387 735 3439 τοῦ
774 3385 1101 3461 παραδείσου
1149 3388 1480 3461 ἑκϐάλλωσιν,
1537 3392 1670 3452 ὅπως
1721 3389 1783 3441 ἄν

210 3477 272 3545 μή
300 3473 590 3536 ἁποζέσειεν
619 3477 645 3527 ὁ
673 3474 994 3549 παράδεισος
1022 3499 1035 3512 ·
1067 3479 1286 3532 ἕκαστον
1313 3476 1373 3533 δε
1402 3482 1467 3541 ὡς
1510 3478 1570 3531 ἂν
1610 3477 1785 3532 ἐνταῦ-

212 3564 267 3614 θα
297 3561 524 3635 βιώσειεν
564 3568 665 3618 εῖτε
708 3563 757 3617 ἕν
808 3565 1033 3639 πλούτῳ,
1080 3571 1180 3621 εἶτε
1213 3567 1262 3622 ἐν
1301 3573 1470 3641 πενίᾳ,
1521 3569 1658 3622 οὕτω
1695 3573 1783 3622 καὶ

209 3648 369 3704 ἐκεῖθεν
389 3648 620 3724 διάγειν.
640 3657 775 3716 Τοὺς
795 3650 854 3708 δε
871 3652 1160 3719 Ἰουδαίους
1181 3663 1271 3709 καὶ
1301 3661 1415 3719 τοὺς
1433 3662 1782 3732 Χριστιανοὺς

207 3739 320 3812 λέγει
347 3742 470 3804 ξύλα
485 3746 661 3816 πυρός
686 3748 987 3816 γενομένους
1013 3743 1380 3818 βληθήσεσθαι
1411 3746 1483 3806 εἰς
1512 3745 1660 3800 αὐτὸ.

266 3829 300 3882 θ’
307 3871 319 3884 .
362 3830 517 3884 Πάλιν
563 3830 696 3890 ἄλλη
749 3837 922 3906 γραφη
972 3835 1002 3892 ἡ
1043 3840 1162 3907 περὶ
1219 3843 1316 3898 τῆς
1360 3839 1644 3909 τραπέζης,
1700 3837 1781 3888 ὃτι

208 3917 412 3989 ᾐτήσατο
440 3922 468 3974 ὀ
505 3925 747 3996 Χριστὸς
777 3922 1040 3994 τράπεζαν
1081 3926 1225 3999 παρὰ
1262 3933 1354 3977 τοὺ
1393 3932 1528 3978 Θεοῦ
1566 3927 1699 3997 μετὰ
1721 3927 1779 3976 τὸ

206 4007 574 4084 πληροιρορῆσαι
650 4008 828 4073 αὐτὸν,
905 4013 984 4064 ὅτι
1055 4012 1150 4065 οὐκ
1223 4009 1356 4066 εἶπεν
1426 4013 1607 4066 ἑαυτὸν
1668 4016 1778 4066 υἱὸν

206 4099 341 4150 Θεοῡο
380 4103 470 4152 καὶ
503 4102 778 4173 παρέσχεν
817 4098 956 4170 αὐτῷ
1004 4100 1156 4152 εἰπὼν
1185 4102 1350 4164 οὕτως
1378 4123 1392 4136 ο
1440 4099 1652 4156 Δίδωκά
1694 4121 1777 4155 σοι

207 4188 434 4260 τράπεζαν
483 4189 776 4262 ἄφθαρτον,
834 4189 918 4244 ἶνα
972 4189 1235 4263 εὐφραίνῃ.
1295 4195 1394 4244 Καὶ
1439 4192 1593 4244 πάλιν
1647 4191 1772 4250 omn

207 4281 346 4348 τραφή
395 4279 424 4334 ἡ
469 4282 594 4350 περὶ
643 4284 734 4330 τοῦ
775 4273 1011 4350 βοϊδίου,
1061 4277 1109 4331 ἐν
1157 4280 1187 4352 ᾖ
1231 4279 1364 4351 λέγει
1408 4283 1526 4334 τινα
1562 4281 1778 4355 ῥήματα

207 4363 390 4431 γελωτος
430 4366 576 4432 ἄξια,
627 4365 663 4416 ἂ
709 4361 803 4419 διὰ
848 4369 907 4419 τὸ
960 4365 1154 4429 πλῆθος
1198 4365 1560 4442 παραδραμεῖν
1598 4372 1776 4442 οἴομαι

1894 3209 2239 3278 fruendum,
2261 3208 2364 3266 sed
2387 3209 2466 3266 ad
2495 3207 2733 3264 illorum
2752 3212 3010 3263 stercora
3033 3204 3315 3278 paradiso
3337 3219 3545 3276 expor-

1894 3299 2102 3368 tanda,
2143 3315 2216 3354 ne
2247 3297 2395 3354 forte
2423 3295 2744 3369 paradisus
2785 3295 3006 3351 fmieat.
3043 3296 3545 3366 Unumquemque

1893 3404 2054 3456 vero,
2087 3391 2266 3460 prout
2311 3386 2372 3441 in
2409 3385 2526 3442 hac
2567 3385 2689 3440 vita
2733 3384 2901 3440 dives
2931 3382 3126 3448 fuerit,
3161 3386 3264 3438 aut
3290 3397 3540 3454 pauper,

1890 3477 1974 3534 ita
1997 3476 2113 3532 illic
2135 3475 2428 3533 futurum.
2462 3477 2767 3530 Postremo
2792 3472 3034 3528 Judzeos
3060 3476 3240 3543 atque
3270 3470 3545 3527 Christia-

1892 3583 2003 3623 nos
2030 3565 2112 3622 ait
2139 3565 2264 3622 fore
2303 3569 2592 3636 tanquam
2623 3563 2788 3634 ligna
2829 3562 2951 3633 igni
2981 3561 3285 3634 deputata,
3316 3577 3453 3633 quae
3483 3560 3544 3616 in

1888 3655 2056 3712 illum
2089 3654 2493 3728 projicientur.

1962 3838 2013 3889 9.
2039 3835 2262 3889 Rursus
2284 3832 2452 3888 aliud
2484 3831 2814 3904 capitulum
2836 3830 2909 3885 de
2931 3845 3142 3884 mensa
3165 3826 3541 3896 inscribitur;

1887 3923 2035 3996 quia
2064 3939 2284 3996 nempe
2319 3921 2706 3994 postulaverit
2730 3920 2994 3976 Christus
3020 3935 3056 3973 a
3086 3921 3201 3973 Deo
3241 3933 3538 3980 mensam,

1889 4017 2215 4084 postquam
2252 4011 2306 4068 ei
2343 4016 2742 4083 persuaserat,
2791 4025 2855 4063 se
2885 4007 2987 4062 tilii
3033 4006 3134 4062 Dei
3163 4021 3387 4061 nomen
3417 4021 3539 4060 non

1888 4116 2237 4172 usurpasse.
2277 4101 2443 4155 Hanc
2487 4097 2568 4152 illi
2615 4101 2766 4152 Deus
2811 4094 3067 4167 praebuit
3103 4093 3310 4148 dicens
3346 4110 3358 4146 :
3395 4092 3540 4146 Dedi

1886 4188 1992 4244 tibi
2021 4204 2295 4244 mensam
2321 4193 2688 4260 perpetuam,
2715 4189 2779 4241 ut
2799 4200 2868 4240 ea
2888 4183 3122 4240 fruaris.
3147 4182 3352 4238 Adhuc
3376 4180 3540 4236 aliud

1883 4275 2218 4349 capitulum
2263 4282 2352 4332 est
2400 4275 2475 4331 de
2522 4273 2764 4343 bucula,
2794 4273 2858 4329 in
2895 4288 3016 4344 quo
3043 4270 3228 4328 verba
3253 4269 3538 4342 quaedam

1883 4367 2027 4424 dicit
2053 4365 2181 4420 risu
2211 4364 2416 4435 digna,
2448 4379 2605 4436 quae,
2635 4378 2710 4418 ne
2740 4362 2852 4418 sim
2894 4360 3179 4434 prolixus,
3207 4357 3541 4415 omittenda.

208 4445 310 4507 δεῖν.
373 4456 785 4528 Περιτέμνεσθαι
858 4451 918 4508 δε
988 4455 1176 4518 αὐτοὺς
1247 4460 1613 4530 νομοθετήσας,
1685 4459 1774 4511 καί

1907 4456 2108 4512 udico.
2149 4455 2416 4526 Cumque
2449 4454 2574 4508 suis
2601 4450 3073 4510 circumcisionis
3100 4451 3296 4520 legem
3322 4454 3539 4505 statue-

206 4547 308 4608 μήτε
376 4543 739 4610 σαϐϐατίζειν,
823 4549 953 4616 μήτε
1019 4542 1378 4618 βαπτίζεσθαι
1437 4547 1769 4620 προστάξαςο

206 4633 274 4681 καί
320 4639 410 4683 τῶν
459 4636 551 4705 μεν
607 4640 682 4703 τῷ
731 4637 870 4706 νόμῳ
923 4631 1353 4708 ἀπηγορευμένων
1409 4635 1624 4705 έσθίειν,
1672 4645 1774 4690 τῶν

209 4713 251 4769 τε
283 4719 572 4792 ἀπέχεσθαι
619 4719 912 4797 παραδοὺς,
965 4723 1265 4777 οὶνοποσίαν
1334 4724 1592 4788 παντελῶς
1640 4724 1775 4785 ἀπη-

206 4811 411 4879 γόρευσεν
453 4813 480 4864 ὁ
518 4810 716 4872 πλάνος
745 4811 912 4873 οὗτος.
966 4815 1103 4887 Πρός
1151 4816 1354 4876 τούτοις
1407 4817 1600 4875 παντὸς
1642 4813 1774 4886 αγα-

210 4895 278 4946 σου
301 4903 382 4951 καὶ
414 4906 650 4971 πονηροῦ
697 4902 862 4952 αῖτιον
908 4902 1169 4975 ὑπάρχειν
1219 4905 1306 4954 τὸν
1364 4905 1492 4956 Θεὸν
1543 4899 1772 4976 ἐδογμά-

207 5001 310 5055 τισε,
347 4993 432 5040 καὶ
471 4995 578 5042 πᾶν
629 4991 752 5064 ὅπερ
800 4987 980 5063 ἐπέλθῃ
1022 4990 1078 5054 ἐξ
1118 4989 1438 5066 ἔπηρεάσεως
1475 5001 1567 5044 τοῦ
1606 5012 1772 5050 πονη-

208 5081 278 5141 ρσᾶ
317 5073 562 5146 ἄναντίου,
625 5075 680 5130 ἐκ
736 5085 870 5131 Θεοῦ
927 5077 1056 5131 εἶναι
1106 5082 1428 5154 ἐτερατεύετο
1461 5101 1474 5114 ·
1523 5085 1612 5133 καὶ
1652 5084 1772 5143 τοὺς

210 5155 366 5231 λῃστὰς
407 5171 498 5219 καὶ
547 5171 854 5240 φαρμακοὺς
901 5172 991 5220 καὶ
1040 5170 1195 5232 ὅσους
1245 5168 1306 5222 ἄν
1358 5168 1440 5222 ἐπ’
1485 5167 1774 5245 ἀπηγορευ-

211 5253 344 5317 μένοις
401 5257 716 5329 πράγμασιν
782 5255 994 5319 ἁλόντας
1052 5262 1142 5310 καὶ
1199 5257 1593 5332 ἀναιρουμένους
1659 5256 1773 5312 ἴδοι

213 5355 282 5410 τις,
317 5343 462 5412 οὕτω,
510 5349 689 5417 φησίν,
735 5343 957 5420 ἔγραφεν
1005 5349 1032 5400 ὁ
1075 5351 1197 5409 Θεὸς
1243 5350 1506 5420 γενέσθαι,
1545 5354 1636 5402 καὶ
1678 5351 1772 5401 οὗ-

214 5443 287 5490 τως
330 5430 601 5486 ἀποθανεῖν
655 5431 946 5500 ηϐουλήθη,
994 5438 1164 5507 τύχην
1223 5433 1588 5510 διορισάμενος
1644 5434 1773 5489 εἶναι

213 5521 280 5568 καὶ
323 5522 648 5595 εἱμαρμένην,
711 5528 800 5575 καὶ
843 5522 1024 5585 ἄλλους
1073 5524 1351 5587 πλείστους
1403 5525 1634 5598 λήρους·
1697 5528 1775 5587 οἷς

215 5599 646 5683 ἀνειροποληθέντις
700 5613 750 5666 οἱ
801 5611 974 5667 ἄθλιοι
1021 5619 1123 5666 τῶν
1174 5613 1392 5669 αἰωνίων
1445 5611 1652 5688 ἀγαθῶν
1709 5615 1775 5678 ὡς

1881 4547 1977 4614 rit,
2010 4561 2206 4617 neque
2231 4543 2557 4599 sabbatum
2576 4558 2770 4614 neque
2799 4541 3178 4612 baptismum
3197 4537 3534 4611 imperavit.

1884 4636 2028 4694 Item
2082 4634 2274 4690 vetitis
2321 4649 2358 4688 a
2401 4632 2532 4702 lege
2575 4639 2770 4688 vetere
2814 4631 3034 4702 partim
3081 4627 3258 4690 vesci,
3313 4627 3535 4698 partim

1882 4724 2186 4781 abstinere
2222 4722 2470 4788 docens,
2504 4720 2621 4775 vini
2647 4726 2793 4791 potu
2823 4733 3070 4790 prorsus
3097 4715 3399 4771 interdixit
3425 4715 3534 4770 im-

1880 4819 2088 4887 postor
2123 4812 2242 4868 hic.
2292 4815 2539 4882 Insuper
2579 4809 2806 4877 dogma
2836 4806 3032 4862 sanxit
3059 4804 3203 4860 boni
3233 4804 3432 4860 omnis
3462 4819 3533 4859 ac

1882 4902 2024 4961 mali
2058 4917 2310 4958 causam
2344 4903 2528 4954 Deum
2575 4914 2708 4954 esse
2742 4915 2756 4964 ;
2803 4901 2858 4952 et
2901 4893 3199 4968 quidquid
3238 4909 3312 4950 ex
3340 4893 3534 4948 hostis

1881 4992 2129 5062 maligni
2158 4990 2298 5047 dolo
2341 4987 2516 5045 nobis
2549 4986 2784 5051 accidit,
2810 4985 2873 5041 id
2910 5000 2946 5040 a
2989 4985 3107 5040 Deo
3155 4999 3289 5038 esse
3326 4981 3533 5054 prodi-

1882 5083 2050 5152 giosa
2080 5079 2385 5151 impietate
2413 5076 2573 5132 dicit.
2609 5078 2673 5130 Et
2718 5074 2769 5129 si
2798 5073 2986 5130 oculis
3013 5077 3333 5128 occurrant
3357 5071 3534 5127 latro-

1880 5186 2006 5234 nes,
2076 5165 2344 5233 veneﬁci,
2413 5170 2466 5222 et
2523 5163 2774 5237 quilibet
2834 5162 3155 5219 vetitorum
3195 5160 3532 5218 facinorum

1880 5259 1985 5321 rei,
2014 5262 2193 5330 atque
2221 5256 2299 5313 ob
2331 5271 2405 5312 ea
2432 5253 2789 5325 interempti,
2823 5252 2924 5321 ita,
2969 5251 3182 5324 inquit,
3218 5253 3371 5306 Deus
3404 5249 3532 5306 fieri

1881 5347 2219 5420 scripserat,
2251 5349 2308 5402 et
2346 5345 2432 5401 sic
2461 5359 2563 5400 eos
2606 5342 2758 5400 mori
2795 5341 2984 5398 voluit
3016 5358 3029 5408 ;
3079 5356 3201 5413 quo
3231 5339 3388 5396 dicto
3418 5339 3532 5394 for-

1881 5441 2043 5492 tuna:
2068 5451 2294 5492 numen
2325 5450 2396 5492 ac
2423 5433 2613 5489 fatum
2643 5430 2945 5488 constituit
2977 5448 2990 5500 ;
3024 5435 3201 5500 atque
3233 5428 3379 5484 alias
3404 5443 3531 5498 ger-

1881 5542 1983 5583 ras
2027 5524 2317 5598 plurimas
2353 5540 2366 5591 ;
2407 5522 2629 5595 quibus
2675 5519 2938 5600 infelices
2979 5517 3233 5588 Agareni
3271 5515 3527 5587 decepti,

1886 5614 2122 5675 aeternis
2151 5611 2389 5688 gaudiis
2416 5617 2481 5671 ut
2512 5609 2855 5684 blasphemi
2893 5607 3181 5681 impiique
3211 5603 3528 5663 excluden-
