4126 6228
522 244 623 299 us
1220 228 1221 231 ‘
1866 243 2133 300 Nicena
2176 242 2542 337 momnis
3772 252 3874 305 ue

516 354 633 428 tur.
685 371 823 427 Orta
871 372 959 426 est
1005 372 1205 425 autem
1252 368 1382 425 haec
1436 367 1873 426 Ismaelitarum
1924 368 2145 424 haeresi:

2288 369 2489 433 ἀσεϐεῖς
2537 375 2625 425 καὶ
2669 370 2976 445 βλάσφημοι
3019 369 3500 445 απαλλοτριοῦνται.
3555 369 3769 445 Ἀνεφύη
3818 362 3880 426 δὲ

521 460 770 518 Heraclii
800 458 1151 532 imperantis
1180 463 1373 527 estate,
1406 459 1481 514 ad
1512 475 1693 531 quem
1734 458 1813 514 ab
1842 458 1988 515 orbe
2026 473 2150 514 cont

2284 463 2316 520 ἡ
2361 464 2577 519 τοιαύτη
2623 470 2721 513 τῶν
2762 460 3105 532 Ἰσμαηλιτῶν
3147 462 3349 534 αἵρεσις
3395 460 3477 513 ἐπὶ
3528 470 3627 513 τῶν
3674 467 3880 536 χρόνων

520 549 646 606 dito
676 549 819 606 anni
849 549 1151 605 ﬂuxerunt
1174 550 1237 603 Vl
1269 550 1316 605 Μ
1349 551 1541 606 CXLV.

2281 549 2581 625 Ἡρακλείου
2633 559 2727 603 τοῦ
2794 549 3072 623 βασιλέως,
3144 552 3215 612 ὡς
3277 546 3404 602 εἶναι
3468 555 3687 626 μέχρις
3718 552 3880 604 αὑτοῦ

870 644 875 655 ‘
2284 638 2385 692 ἀπὸ
2415 644 2628 701 κτίσεως
2658 645 2860 711 κόσμου
2888 641 2974 696 ἔτη
3006 637 3148 713 ςρμέ
3172 640 3274 707 (τ).

600 733 685 786 to.
729 731 800 785 Ut
845 730 1045 784 autem
1093 726 1393 801 praedictis
1423 726 1803 797 adjiciamus,
1831 725 1997 798 quod
2027 723 2176 782 nihil

2357 728 2405 782 ι’.
2462 728 2575 781 Ἰνα
2630 725 2689 780 δὲ
2752 730 3063 801 προσθῶμεν
3117 735 3224 789 τοῖς
3290 728 3577 802 εἰρημένοις
3626 732 3683 781 τὸ
3745 730 3884 781 κατὰ

523 820 647 875 veri
675 818 1056 874 Mohamedes
1076 817 1254 885 dicat,
1287 833 1397 889 age
1426 816 1548 872 haec
1574 818 1890 872 recitemus
1915 832 1985 872 ex
2019 817 2148 887 ejus

2283 815 2450 891 μηδὲν
2505 822 2591 870 τὸν
2660 814 2895 889 Μωάμεδ
2960 817 3147 880 ἀληθὲς
3209 818 3387 890 λέγειν,
3454 820 3719 891 εἰρήσεται
3790 826 3884 872 καὶ

525 907 665 964 dem
718 906 872 961 libro
915 911 1212 976 excerpta.
1267 905 1476 961 Christi
1527 906 1898 960 mentionem
1946 904 2154 960 faciens

2283 915 2450 960 ταῦτα
2506 906 2561 959 ἐκ
2616 916 2712 967 τῆς
2766 907 2926 959 αὐτοῦ
2986 905 3170 979 βιϐλου
3224 906 3664 979 παρεκϐληθέντα.
3731 909 3886 961 Ἐπιά

528 1001 707 1067 atque
752 993 1071 1065 Evangelii,
1106 994 1186 1049 ait
1213 994 1393 1049 veluti
1432 1009 1505 1049 ex
1548 1009 1805 1066 persona
1838 993 1975 1049 Dei:
2027 992 2157 1048 Misi

2286 1000 2538 1071 μνησθεὶς
2587 1005 2678 1050 τοῦ
2726 1004 2958 1072 Χριστοῦ
3005 1003 3093 1050 καὶ
3137 1005 3228 1049 τοῦ
3266 998 3604 1069 Εὐαγγελίου,
3637 1001 3888 1069 φησὶνὼς

530 1099 668 1139 mus
695 1088 1063 1155 postremum
1084 1081 1511 1153 prophetarum
1536 1082 1808 1138 omnium
1835 1085 2036 1137 Iesum
2068 1084 2157 1137 Ma

2287 1086 2342 1139 ἐκ
2400 1092 2683 1159 προσώπου
2747 1093 2879 1139 Θεοῦ
2913 1107 2926 1119 ·
2983 1086 3381 1157 Ἀπεστιίλαμεν
3441 1085 3721 1140 ἀκόλουθον
3782 1096 3888 1140 τῶν

530 1173 631 1228 riae
658 1170 868 1238 ﬁlium,
902 1175 967 1225 ut
995 1187 1128 1243 qua:
1159 1175 1295 1226 ante
1325 1187 1460 1226 eum
1496 1170 1754 1239 fuerant,
1781 1177 1909 1227 rata
1940 1170 2156 1226 faceret

2287 1184 2561 1250 προφητῶν
2600 1177 2802 1228 πάντων
2860 1174 3084 1234 Ἰησοῦν,
3145 1178 3232 1227 τὸν
3276 1178 3388 1227 υἱὸν
3430 1180 3655 1247 Μαρίας,
3706 1176 3772 1236 εἰς
3828 1180 3890 1227 τὸ

533 1267 713 1331 atque
740 1260 817 1315 ad
848 1276 986 1316 eum
1025 1259 1384 1315 demisimus
1416 1261 1823 1331 Evangelium,
1857 1260 1917 1315 in
1942 1275 2064 1332 quo
2094 1275 2157 1314 es

2289 1263 2681 1335 ἀγαθοποιῆσαι
2752 1267 2816 1317 τὰ
2889 1268 2989 1337 πρὸ
3055 1263 3233 1324 αὐτοῦ,
3311 1269 3683 1335 καταγαγόντες
3762 1269 3892 1338 πρὸς

532 1348 780 1405 directio
836 1364 907 1404 ac
943 1348 1194 1419 justitia,
1246 1350 1578 1405 secundum
1634 1351 1909 1405 virtutem
1966 1362 2159 1420 prince

2290 1355 2447 1406 αὐτὸν
2472 1358 2531 1406 τὸ
2574 1353 2902 1425 Εὐαγγελιον,
2937 1352 2983 1404 ἐν
3096 1352 3235 1404 ἔστιν
3280 1350 3559 1423 ὁδηγησις,
3606 1358 3755 1425 φησὶ,
3798 1359 3893 1406 καὶ

534 1438 728 1494 dentis
772 1438 823 1493 ei
862 1438 1031 1507 legis.
1075 1439 1251 1510 Atqui
1288 1441 1337 1493 si
1369 1439 1497 1494 haec
1526 1439 1731 1494 omnia
1759 1440 1899 1493 Jesu
1929 1439 2163 1509 ejusqut

2295 1441 2607 1500 δικαιοσύνη
2638 1446 2770 1494 κατὰ
2807 1448 2898 1500 τὴν
2946 1439 3167 1513 δύναμιν
3217 1450 3310 1494 τοῦ
3356 1446 3457 1516 πρὸ
3500 1442 3660 1494 αὐτοῦ
3701 1448 3887 1513 νόμου.

535 1526 856 1596 Evangelio
887 1542 1173 1582 concessa
1201 1526 1459 1597 fuerunt,
1479 1528 1626 1599 quid
1650 1528 1752 1583 tibi
1774 1527 2067 1600 reliquum
2101 1526 2164 1581 fet

2294 1533 2356 1585 Εἰ
2404 1540 2529 1603 γοῦν
2567 1540 2734 1584 ταῦτα
2775 1534 2945 1583 πάντα
2991 1539 3063 1599 τῷ
3118 1532 3295 1589 Ἰησοῦ
3341 1536 3427 1583 καὶ
3474 1540 3545 1600 τῷ
3594 1531 3892 1603 Εὖαγγελίῳ

538 1616 688 1682 cisti,
734 1631 771 1671 ο
818 1616 1182 1686 Mohamede,
1233 1616 1399 1688 quod
1442 1616 1790 1672 hominibus
1832 1617 2167 1672 conferres:

2297 1622 2457 1673 αὐτοῦ
2501 1618 2737 1687 δέδοται,
2773 1625 2856 1672 σοὶ
2903 1625 2955 1671 τί
2997 1619 3250 1681 λέλοιπας,
3292 1618 3331 1670 ὦ
3369 1616 3622 1691 Μωαμεδ,
3657 1638 3892 1672 συνεισεο

538 1704 691 1761 Nihil
742 1704 901 1759 aliud
952 1720 1198 1776 prorsus
1243 1721 1430 1777 quam
1474 1722 1757 1768 errorem.
1802 1712 1860 1762 et
1906 1722 2167 1761 veroruu

2295 1717 2490 1780 νεγκείν
2555 1717 2660 1769 τοῖς
2726 1708 3069 1782 ἀνθρώποις;
3133 1704 3302 1760 Οὐδὲν
3362 1709 3528 1779 ἕτερον
3601 1710 3803 1768 πάντως
3858 1708 3890 1765 ἦ

540 1793 897 1863 dogmatum
924 1793 1387 1865 perversionem.
1420 1796 1646 1850 Rursus
1672 1800 1962 1868 tanquam
1994 1811 2065 1850 ex
2088 1798 2167 1851 De

2297 1798 2512 1865 πλάνην,
2543 1803 2633 1849 καὶ
2672 1805 2769 1849 τῶν
2816 1796 3016 1855 ἀληθῶν
3058 1793 3331 1868 δογμάτων
3376 1793 3686 1868 διαφθοράν.
3733 1795 3896 1849 Πάλιν

539 1896 804 1958 persona
834 1883 915 1939 ait
940 1900 954 1937 :
989 1884 1133 1938 Cum
1161 1882 1465 1952 regionem
1501 1883 1768 1955 aliquam
1799 1884 2168 1956 pessumdare

2296 1886 2432 1956 λέγει
2484 1888 2554 1947 ὼς
2604 1885 2658 1936 ἐκ
2710 1891 2992 1959 προσώπου
3044 1893 3135 1936 τοῦ
3194 1892 3364 1937 Θεοῦ·
3427 1883 3586 1936 Ὀταν
3646 1884 3894 1956 ἠθέλομεν

539 1972 860 2033 voluimus,
896 1970 1109 2026 incolis
1151 1971 1282 2041 ejus
1326 1972 1773 2036 mandavimus,
1806 1979 1871 2029 ut
1912 1973 1993 2028 ibi
2023 1973 2168 2029 luxu

2300 1974 2551 2027 ἀπολέσαι
2599 1979 2818 2048 χωρίον,
2873 1973 3164 2045 ἐκελεύομεν
3205 1981 3315 2034 τοίς
3371 1972 3589 2025 ἑστῶσιν
3636 1972 3686 2023 ἓν
3730 1973 3891 2041 αὐτῷ,

540 2062 697 2119 riose
732 2064 979 2131 agerent
1009 2076 1024 2114 :
1062 2063 1256 2133 atque
1284 2060 1364 2116 ita
1389 2061 1547 2131 justa
1577 2062 1769 2117 evasit
1799 2062 2090 2119 sententia
2117 2063 2169 2117 d1

2300 2068 2389 2115 καὶ
2419 2065 2679 2121 ὴσὼτευον
2720 2062 2767 2114 ἐν
2808 2062 2948 2131 αὐτῷ
2977 2083 2991 2095 ·
3040 2066 3130 2113 καὶ
3174 2058 3474 2114 ἐδικαιοῡτο
3520 2060 3688 2113 ἐπάνω
3731 2061 3897 2113 αὐτῶν

542 2149 781 2206 illorum
835 2148 1193 2220 perditione,
1249 2153 1308 2205 et
1371 2149 1446 2204 de
1505 2149 1669 2206 illato
1732 2151 1846 2206 illis
1910 2151 2149 2207 decreto

2302 2155 2327 2205 6
2374 2152 2526 2224 λόγος
2568 2154 2592 2203 6
2640 2160 2734 2211 τῆς
2782 2149 3037 2213 ἀπωλείας
3075 2151 3265 2219 αὐτῶν,
3314 2155 3402 2201 καὶ
3446 2158 3538 2211 τῆς
3576 2150 3692 2202 κατ’
3731 2149 3897 2201 αὐτῶν

543 2237 908 2309 damnisque
920 2251 1022 2292 eos
1034 2237 2172 2313 damniﬁcavimusmultosquepessun

2304 2241 2651 2313 ἀποφάσεως·
2702 2245 2790 2292 καὶ
2838 2237 3173 2312 ἐδαμάσαμεν
3227 2240 3413 2299 αὐτοὺς
3469 2235 3759 2309 δαμάσεσι,
3808 2243 3898 2291 καὶ

545 2326 848 2384 dedimus.
891 2325 1066 2397 Atqui
1115 2341 1234 2381 non
1280 2326 1532 2393 luxurie,
1563 2328 1833 2399 inquam,
1867 2345 2062 2402 neque
2092 2331 2172 2385 ho

2302 2329 2523 2389 πολλοὺς
2587 2328 2942 2400 ἀπωλέσαμεν.
3009 2328 3119 2379 Οὐκ
3186 2326 3436 2388 ἀσωτίαις
3510 2331 3599 2378 καὶ
3678 2326 3899 2398 ὀλέθροις

548 2416 779 2470 minum
810 2414 989 2469 exitio
1010 2414 1233 2484 gaudet
1262 2417 1437 2483 Deus,
1467 2415 1569 2470 sed
1598 2417 1649 2471 is
1677 2417 1872 2488 potius
1897 2418 2001 2490 qui
2026 2419 2177 2473 luxu

2306 2418 2584 2489 ἀνθρώπων
2637 2423 2817 2490 χαίρει
2876 2420 3023 2481 Θεὸς,
3092 2415 3200 2468 ἀλλ’
3266 2418 3291 2468 6
3343 2415 3556 2468 κελεύων
3622 2414 3900 2468 ἀσωτεύειν

547 2503 691 2559 riari
716 2502 966 2558 mandat
991 2502 1292 2561 diabolus.

938 2508 966 2558 .t
991 2502 1292 2561 diabolus.
2306 2504 2567 2567 διάϐολος.

624 2591 712 2647 tt.
759 2590 956 2647 Solem
1005 2605 1079 2646 ac
1118 2591 1322 2647 lunam
1370 2593 1635 2665 equitare
1681 2593 1843 2661 dicit,
1910 2594 2197 2661 ignorans

2380 2596 2463 2650 ια’.
2522 2599 2620 2648 Τὸν
2665 2594 2807 2653 ἣλιον
2855 2598 2944 2647 καὶ
2988 2598 3082 2652 τὴν
3142 2593 3357 2652 σελήνην
3406 2592 3481 2666 ἐφ’
3530 2595 3717 2654 ἱππονς
3767 2589 3896 2644 εἶναί

552 2680 733 2736 miser
753 2678 879 2734 haec
909 2684 1113 2752 utpote
1152 2680 1483 2738 inanimata
1514 2682 1672 2738 haud
1704 2699 1883 2755 posse
1910 2685 2179 2756 equitare

2306 2705 2463 2759 φησιν
2497 2700 2510 2713 ⁶
2577 2684 2672 2736 οὐκ
2718 2681 2872 2745 εἰδὼς
2921 2685 2947 2735 6
2989 2682 3168 2741 ἄθλιος
3205 2685 3270 2742 ὡς
3316 2681 3507 2754 ἄψυχα
3546 2689 3709 2733 ταῦτα
3749 2685 3894 2746 ὄντα,

552 2768 868 2834 Quomodo
886 2767 1026 2823 item
1055 2769 1213 2840 equi,
1238 2770 1561 2825 caruncula
1590 2772 1955 2843 corruptibili
1983 2772 2173 2828 induti

2310 2777 2539 2826 ἱππεύειν
2591 2773 2648 2825 οὐ
2710 2769 2948 2827 δύναται.
3016 2779 3132 2833 Πῶς
3198 2768 3257 2823 δε
3316 2778 3406 2823 καὶ
3455 2774 3617 2839 ῖπποι,
3680 2774 3896 2841 σαρκίον

554 2873 765 2913 currus
812 2857 969 2927 ignei
1012 2859 1203 2914 vicem
1260 2866 1546 2931 praestare
1593 2862 1927 2933 poterunt?
1973 2863 2183 2917 Etenim

2309 2865 2535 2937 φθαρτὸν
2580 2867 2943 2935 περικείμενοι,
2997 2864 3183 2932 ὄχημα
3237 2864 3398 2933 πυρὸς
3462 2858 3590 2913 εἶναι
3653 2860 3899 2915 ὑποστὴα

552 2946 635 3001 illi
665 2946 842 3002 Helia;
872 2947 1029 3016 ignei
1062 2948 1218 3019 equi,
1250 2949 1413 3004 haud
1445 2950 1590 3005 tales
1628 2955 1842 3007 natura
1871 2958 2060 3016 erant,
2092 2968 2181 3008 sec

2310 2962 2533 3016 σονται;
2593 2953 2659 3001 Οἱ
2710 2947 2770 3001 δε
2824 2953 2959 3001 κατὰ
3012 2953 3098 3001 τὸν
3154 2948 3330 3001 Ἠλίαν
3381 2951 3601 3022 ἔμπυροι
3654 2950 3803 2999 ἵπποι
3841 2946 3901 3001 οὗ

554 3048 849 3105 equorum
880 3035 1303 3091 tantummodo
1341 3038 1601 3109 speciem
1623 3054 1748 3110 prae
1797 3055 1859 3093 se
1898 3038 2183 3095 ferebant.

2309 3043 2482 3111 φύσιν,
2528 3037 2664 3090 ’ἀλλὰ
2717 3047 2911 3109 σχῆμα
2972 3044 3124 3110 μόνον
3187 3039 3354 3089 ῐππων
3420 3041 3749 3109 περιέκειντο.
3814 3035 3903 3088 Ἐκ

555 3123 637 3179 Ex
662 3122 939 3179 hirudine
968 3124 1234 3193 genitum
1281 3126 1423 3181 dicit
1457 3126 1789 3183 hominem.
1830 3128 2184 3184 Animalibus

2308 3137 2403 3190 τῆς
2442 3125 2665 3201 βδέλλας
2713 3132 2844 3199 φησὶ
2896 3129 3135 3199 γενέσθαι
3184 3131 3272 3179 τὸν
3329 3128 3619 3197 ἄνθρωπον
3650 3130 3764 3189 (*8)‘
3816 3131 3904 3177 καὶ

553 3211 839 3268 Omnibus
874 3214 1037 3269 vesci
1079 3212 1373 3273 hortatur.
1399 3221 1798 3287 praeterquam
1833 3233 1956 3273 sue.
1993 3223 2182 3273 Comei

2307 3220 2475 3269 πάντα
2519 3220 2586 3268 τά
2651 3217 2762 3277 ζῶα
2822 3215 3137 3291 βιϐρωσκειν
3196 3220 3558 3289 προτρέπεται,
3620 3214 3751 3272 πλὴν
3811 3221 3904 3266 τοῦ

554 3302 693 3365 dite,
754 3303 966 3374 inquit,
1017 3319 1085 3358 ex
1144 3302 1214 3357 iis
1262 3319 1401 3375 quae
1449 3304 1509 3358 in
1557 3309 1713 3361 terra
1751 3312 1931 3362 sunt:
1984 3308 2183 3362 etenim

2308 3311 2497 3379 χοίρου
2531 3322 2544 3335 ⁸
2596 3309 2786 3375 Φάγετε
2826 3308 2948 3377 γὰρ,
2992 3308 3169 3376 φησὶν,
3221 3302 3275 3355 ἐκ
3316 3312 3413 3355 τῶν
3444 3308 3600 3355 ὄντων
3628 3303 3678 3355 ἐν
3716 3311 3777 3375 τῇ
3809 3310 3902 3373 γῇ,

554 3390 785 3447 munda
815 3397 953 3447 sunt
987 3407 1056 3447 ac
1095 3391 1275 3460 bona,
1308 3408 1416 3447 nec
1459 3396 1689 3449 Satanm
1718 3396 1965 3463 vestigia
1991 3412 2183 3467 sequa

2307 3398 2511 3469 καθαρά
2558 3397 2655 3469 γὰρ
2715 3399 2803 3445 καί
2862 3393 3014 3450 καλά.
3073 3397 3163 3444 καί
3218 3396 3289 3464 μή
3359 3391 3741 3454 ἐξακολουθειτε
3801 3398 3904 3450 τοῖς

554 3480 747 3549 mini;
811 3483 1093 3537 Satanam
1162 3482 1383 3537 scilicet
1449 3483 1760 3554 appellans
1829 3487 2034 3541 Deum.
2097 3502 2176 3557 qu

2308 3487 2485 3553 ἴχνεσι
2540 3490 2632 3534 τοῦ
2689 3488 2937 3534 Σατανᾶν
2996 3487 3220 3533 Σατανᾶν
3275 3485 3363 3531 τὸν
3424 3484 3552 3533 Θεὸν
3610 3479 3899 3545 ἀποκαλῶν,

554 3570 786 3624 munda.
806 3570 1191 3625 etimmunda
1212 3570 1569 3640 designavit.
1599 3575 1726 3627 Jam
1753 3573 1797 3627 si
1823 3574 2071 3629 Satanas
2092 3582 2183 3631 est,

2306 3576 2391 3623 τὸν
2430 3575 2494 3624 τὰ
2523 3576 2613 3644 μὲν
2651 3574 2873 3643 καθαρὰ,
2908 3572 2973 3623 τά
3012 3568 3071 3623 δὲ
3110 3569 3381 3644 ἀκάθαρτα
3418 3575 3900 3643 προσηγορευκοτα.

554 3674 591 3713 ο
625 3657 827 3716 delire.
859 3659 961 3729 qui
1002 3663 1259 3714 veterem
1309 3659 1500 3723 legem
1550 3660 1695 3728 tulit,
1728 3678 1835 3715 cur
1874 3679 2012 3718 eum
2060 3666 2179 3720 alii)

2309 3666 2411 3713 Καί
2454 3662 2495 3713 εὶ
2544 3668 2792 3723 Σατανᾶς,
2835 3658 2874 3711 ὦ
2917 3660 3059 3729 λῆρε,
3093 3661 3118 3710 6
3165 3662 3250 3711 τὸν
3300 3660 3524 3711 παλαιὰν
3566 3662 3718 3724 νόμον
3761 3659 3901 3727 θέμε-

553 3749 741 3802 Deum
784 3746 1065 3801 nominas
1092 3749 1120 3803 7
1156 3750 1233 3802 De
1272 3748 1501 3816 jejunio
1545 3748 1737 3811 legem
1781 3751 2044 3806 scribens
2070 3755 2150 3810 ait

2304 3770 2408 3810 νος,
2450 3759 2556 3809 πῶς
2598 3748 2646 3801 ἐν
2688 3749 2861 3810 ἄλλοις
2903 3752 3031 3800 Θεὸν
3079 3748 3234 3799 αὐτὸν
3273 3746 3581 3818 ὀνομάζεις;
3643 3750 3766 3815 Περί
3811 3764 3899 3801 νηη-

554 3834 782 3891 Sufﬁcit
807 3835 979 3891 vobis
999 3851 1117 3890 nox
1137 3836 1351 3906 jejunii
1374 3835 1451 3891 ad
1475 3853 1728 3892 uxorum
1751 3845 2079 3896 vestrarum
2104 3859 2183 3898 cor

2309 3844 2482 3901 στείας
2533 3842 2818 3912 νομοθετῶν
2862 3840 2996 3890 οὕτω
3045 3844 3201 3910 φησίν
3236 3855 3249 3867 ⁶
3302 3837 3531 3899 Ἔξεστιν
3567 3837 3688 3905 ὑμῖν
3735 3836 3764 3891 η
3805 3835 3898 3897 νὺξ

549 3923 758 3996 pulam
793 3943 805 3980 :
848 3925 942 3980 hae
980 3924 1202 3998 quippe
1234 3928 1373 3979 sunt
1400 3925 1572 3980 vobis
1601 3927 2063 3997 cperimentum.
2093 3935 2174 3987 No

2304 3938 2396 3990 τῆς
2445 3934 2690 3990 νηστείας
2741 3928 2808 3989 εἰς
2859 3928 2996 3999 μίξιν
3062 3937 3160 3979 τῶν
3206 3934 3461 3998 γυναικῶν
3506 3926 3686 3995 ὑμῶν’
3742 3924 3898 3975 αὗται

549 4018 715 4069 verat
733 4015 894 4071 enim
915 4015 1087 4081 Deus,
1102 4030 1208 4071 vos
1235 4014 1471 4070 animas
1487 4020 1717 4071 vestras
1734 4015 2116 4073 fraudaturos
2138 4023 2178 4075 ir

2303 4022 2402 4089 γὰρ
2452 4020 2593 4089 ὑμῶν
2650 4018 2753 4070 εἰσι
2810 4019 3196 4086 σκεπάσματα·
3248 4018 3375 4085 ὅγνω
3420 4017 3525 4086 γὰρ
3568 4016 3595 4065 6
3642 4016 3770 4074 Θεὸς
3819 4015 3902 4065 ὅτι

542 4103 793 4175 jejunio,
827 4104 1053 4177 fuitque
1081 4103 1251 4160 vobis
1283 4104 1641 4173 indulgens:
1681 4105 2050 4163 misceamini
2082 4109 2171 4163 illi:

2302 4106 2751 4180 παραϐουλεύεσθε
2802 4112 2915 4167 ταῖς
2963 4104 3171 4175 ψυχαῖς
3219 4106 3360 4176 ὑμῶν
3416 4103 3463 4155 ἐν
3524 4109 3759 4172 νηστεία,
3812 4107 3902 4155 καί

547 4192 625 4247 ad
655 4192 953 4257 solatium,
987 4199 1043 4249 et
1069 4193 1361 4250 comedite
1393 4209 1639 4265 vespere
1668 4210 1739 4249 ac
1770 4194 1972 4259 bibite,
2003 4197 2176 4253 donet

2305 4197 2448 4257 ἵλεως
2486 4198 2606 4261 ὑμῖν
2644 4201 2843 4266 γίνεται
2877 4216 2889 4230 ο
2935 4197 3168 4267 μίχθητε
3212 4194 3395 4255 αὐταῖς
3435 4194 3502 4254 εἰς
3548 4192 3901 4266 παράκλησιν,

545 4280 711 4352 quod
742 4282 800 4335 in
834 4286 1005 4336 nocte
1030 4283 1266 4350 nigrum
1297 4288 1407 4351 est,
1452 4282 1706 4338 interdiu
1748 4282 1953 4339 album
1998 4301 2174 4357 appa-

2301 4290 2389 4335 καί
2456 4291 2636 4356 φάγετε
2698 4285 2920 4358 ἑσπέρας
2963 4290 3052 4335 καί
3094 4288 3253 4350 πίετε,
3318 4284 3407 4342 ἕως
3460 4285 3517 4333 τὸ
3572 4291 3679 4344 τῆς
3719 4285 3904 4342 νυκτὸς

543 4373 691 4425 reat.
737 4369 1054 4434 Quodnam
1113 4385 1301 4437 genus
1342 4372 1548 4440 jejunii
1597 4378 1703 4441 est,
1745 4388 1782 4427 o
1824 4371 2056 4444 impure
2122 4390 2172 4430 ιιι

2300 4373 2456 4445 μέλαν
2506 4382 2635 4446 φανῇ
2687 4374 2865 4425 λευκὸν
2923 4369 3017 4425 διὰ
3058 4380 3149 4432 τῆς
3198 4373 3414 4444 ἡμέρας.
3477 4376 3610 4422 Ποία
3665 4376 3900 4431 νηστεία,

544 4456 856 4523 ﬂagitiose,
888 4457 977 4512 vel
1005 4472 1288 4528 quaenam
1324 4459 1420 4513 Dei
1461 4459 1574 4525 lex,
1608 4466 1729 4515 tota
1760 4469 1932 4517 nocte
1962 4463 2170 4534 epulat-

2300 4460 2525 4534 βδελυρὲ
2570 4468 2660 4514 καί
2710 4462 2987 4533 ἀκάθαρτε,
3050 4463 3079 4520 ἦ
3137 4469 3281 4521 ποῖος
3331 4465 3482 4531 νόμος
3536 4467 3671 4513 Θεοῦ
3720 4465 3776 4511 τὸ
3827 4457 3901 4510 δι’

543 4551 599 4602 et
634 4545 934 4601 libidinari
965 4546 992 4599 ?
1037 4548 1183 4602 Tum
1228 4547 1301 4601 de
1340 4549 1737 4619 temperantia
1781 4566 1914 4606 cum
1958 4552 2067 4607 illis
2108 4553 2165 4608 lo

2298 4553 2418 4614 ὅλης
2465 4556 2650 4613 νυκτὸς
2694 4551 2882 4604 ἐσθίειν
2930 4556 3020 4602 καί
3081 4549 3436 4620 ἀσελγαίνεινς
3509 4554 3632 4620 Περί
3691 4566 3897 4619 σωφρο-

541 4648 754 4706 quens,
782 4634 863 4689 ait
891 4650 905 4689 :
942 4636 1159 4690 Uxores
1190 4638 1399 4690 vestrae
1430 4651 1573 4705 ager
1601 4643 1790 4692 vester
1815 4646 1978 4695 sunt:
2006 4642 2170 4710 ingre

2300 4645 2456 4702 σύνης
2538 4642 2711 4701 αὐτοῖς
2785 4638 3160 4710 διαλεγόμενος,
3253 4644 3450 4710 φησίν·
3538 4640 3601 4689 Αἱ
3662 4644 3900 4706 γυναῖκες

540 4722 751 4778 dimini
790 4723 849 4778 in
892 4738 1105 4791 agrum
1150 4729 1408 4779 vestrum
1455 4741 1591 4780 cum
1626 4726 1947 4795 volueritis,
1983 4736 2037 4784 et
2068 4729 2162 4785 ani

2296 4731 2437 4801 ὑμῶν
2493 4734 2667 4790 νεα-τὸς
2720 4731 2861 4800 ὑμῶν
2889 4750 2902 4763 ο
2964 4727 3213 4780 εἰσέλθετε
3248 4728 3315 4786 εἰς
3365 4729 3479 4785 τοὺς
3516 4728 3720 4785 νεατονς
3752 4726 3894 4794 ὑμῶν

538 4812 756 4869 mabus
799 4813 1010 4868 vestris
1060 4813 1288 4879 favete;
1339 4813 1396 4868 id
1441 4821 1525 4869 est
1562 4830 1805 4871 omnem
1847 4818 2167 4874 animarum

2297 4820 2418 4870 ὅταν
2464 4818 2732 4890 βούλεσθε,
2788 4824 2878 4869 καί
2946 4818 3209 4869 συνέλθετε
3271 4824 3386 4877 ταῖς
3445 4814 3647 4885 ψυχαῖς
3708 4814 3890 4882 ὑμῶν·

536 4907 871 4956 vestrarum
926 4901 1310 4974 cupiditatem
1365 4903 1638 4975 explete:
1708 4909 1888 4975 atque
1936 4908 2163 4962 utamin

2295 4912 2554 4965 τουτέστι,
2602 4914 2772 4960 πᾶσαν
2816 4907 3093 4978 ἐπιθυμίαν
3140 4915 3240 4957 τῶν
3277 4904 3470 4975 ψυχῶν
3513 4906 3650 4975 ὑμῶν
3688 4900 3896 4973 πληρώ-

536 4988 825 5045 uxoribus
863 4991 1071 5047 vestris
1118 4991 1415 5063 utrinque,
1457 4991 1633 5058 Quid,
1679 5007 1807 5062 oro,
1858 4993 1951 5049 his
1992 4995 2165 5051 verbi:

2297 5014 2460 5050 σατε’
2508 5003 2596 5050 καί
2630 4999 2914 5072 χρήσασθε
2961 5004 3077 5058 ταῖς
3127 4995 3363 5066 γυναιξίν
3408 4996 3551 5064 ὑμῶν
3600 4990 3895 5064 ἀμφοτέρω-

532 5074 915 5133 libidinosius
939 5083 996 5134 et
1024 5079 1449 5135 exsecrabilius
1472 5079 1500 5134 ?

2295 5088 2395 5142 θεν.
2450 5092 2513 5139 Τί
2568 5096 2669 5139 τῶν
2721 5087 2969 5160 ῥημάτων
3026 5086 3223 5137 τούτων
3278 5082 3643 5154 ἀσελγέστερὸν
3698 5096 3757 5133 τε
3804 5085 3897 5132 καί

2290 5181 2606 5249 μιαρώτερον
2631 5192 2644 5241 ;

610 5256 689 5308 l2.
730 5252 1001 5311 Asseclas
1025 5271 1164 5311 suos
1195 5255 1272 5311 ad
1310 5255 1533 5313 bellum
1575 5263 1783 5316 contra
1811 5276 1923 5316 nos
1954 5276 2179 5318 acuens

2364 5262 2454 5337 ιβ’.
2514 5264 2597 5325 Εἰς
2658 5267 2744 5315 τὸν
2786 5262 2903 5315 καθ’
2955 5264 3101 5335 ἡμῶν
3159 5261 3376 5332 πολεμον
3434 5258 3703 5331 ἐπεγείρων
3770 5258 3893 5319 τοὺς

724 5398 1036 5483 Ιῑεὶροριίθχ
1083 5398 1675 5483 Choniatieﬁeapse
1717 5408 1936 5483 tamen,
1958 5404 2177 5483 liegirm
2359 5407 2437 5467 (8t
2471 5405 2676 5483 Recole
2707 5404 2781 5459 de
2808 5404 2906 5483 his
2937 5411 2996 5483 et.
3022 5402 3150 5458 aliis
3183 5400 3533 5483 liujusm‘od‘i
3562 5397 3892 5483 quaeﬁdicta

525 5465 757 5551 initium
809 5468 1368 5551 fuituanndmtmdi
1409 5465 1805 5551 6129,'('Ihristi
1845 5480 1968 5545 62!,
2005 5477 2176 5531 Hera-
2287 5465 2421 5551 sunt
2472 5476 2561 5551 vel
2612 5474 2933 5551 emendata
2984 5475 3043 5529 in
3093 5465 3307 5545 nostris
3364 5472 3441 5541 ad
3492 5465 3890 5544 Byiantinum

526 5538 620 5612 alii
648 5539 997 5613 imperantis
1019 5541 1357 5597 undecimo.
1493 5538 1561 5559 "'
1845 5539 1849 5543 ’
1955 5538 1963 5545 ’
2286 5546 2798 5609 adnotationibus.
3114 5540 3117 5543 ⁷
3262 5538 3265 5545 ’
3386 5538 3389 5541 λ
3533 5538 3537 5553 ⁷
