4126 6228
238 275 322 329 m
1567 253 1911 326 THESAURI
1950 266 2079 325 LIB.
2118 269 2224 326 xx.

3477 276 3572 328 118

231 395 462 469 μαῦητὰς
525 393 700 465 αὐτοῦ,
763 397 928 465 φησὶ·
991 396 1274 447 Φονεύσατε
1322 394 1513 456 αὐτοὺς
1567 396 1697 446 ὅπου
1759 393 1813 444 ἂν

1929 391 2069 448 dicit
2111 411 2124 448 :
2164 393 2423 484 Occidite
2466 396 2620 463 illos,
2673 395 3022 468 ubicunque
3065 395 3137 451 iis
3181 395 3572 454 occurreritis.

231 491 578 544 συναντὴσητε
618 485 818 545 αὐτοῖς.
873 483 949 535 Οὐ
1007 491 1174 534 ταντα
1205 480 1264 535 δὴ
1299 487 1452 556 μόνον
1483 487 1663 556 φησὶν,
1694 481 1822 534 ἀλλὰ

230 581 309 626 καὶ
347 576 494 647 παρὰ
532 581 602 643 τῷ
661 580 775 641 Θεῷ
821 568 1250 644 μισθαποδοσίαν
1289 574 1496 625 κεῖσθαι
1529 580 1634 634 τοῖς
1662 592 1818 624 κατα-

228 666 538 735 χραίνουσιν
605 660 798 722 αὐτοὺς
848 668 959 722 τοῖς
1014 669 1112 712 τῶν
1178 669 1509 735 Χριστιανῶν
1579 661 1816 734 αῖμασιν.

231 750 375 806 ’Δλλὰ
439 755 530 802 καὶ
604 755 696 808 τὴν
776 751 1016 821 πέμπτην
1071 756 1258 824 μοῖραν
1325 758 1423 801 τῶν
1467 750 1820 824 αἰχμαλώτων

229 847 310 892 καὶ
360 847 460 890 τῶν
517 838 681 891 ἄλλων
723 839 925 890 σκύλων
967 837 1302 890 ἀνατίθεσθαι
1348 847 1419 910 τῷ
1469 847 1582 911 Θεῷ
1640 841 1821 892 ὑποτί-

233 933 368 996 θησι,
427 932 518 980 καὶ
569 937 642 997 τῷ
701 932 939 1002 προφήτῃ
1009 923 1263 999 Μωάμεὸ.
1316 934 1563 1002 Παραινεί
1615 924 1674 980 δὲ
1734 933 1823 979 καὶ

231 1019 640 1070 κατατάττεσθαι
709 1023 816 1077 τοῖς
865 1024 1223 1090 Χριστιανοίς,
1273 1016 1316 1069 εἰ
1356 1022 1447 1075 τὴν
1485 1027 1583 1070 τῶν
1623 1017 1821 1092 Σαρῥα-

230 1115 386 1165 κηνῶν
457 1110 743 1181 Θρησκείαν
810 1104 1175 1158 ἕπανέλωνται·
1250 1111 1340 1157 καὶ
1423 1106 1491 1167 εἰς
1574 1103 1824 1178 ἀδελφοὺς

231 1196 410 1256 αὐτοὺς
456 1192 886 1268 παραδέχεσθαι,
964 1192 1018 1246 ὰ
1093 1202 1182 1254 τῆς
1245 1196 1408 1266 ἄκρας
1476 1193 1721 1256 ἁπηνείας
1765 1200 1822 1248 τὸ

163 1327 172 1334 .
234 1286 508 1357 ἀκρότατον
558 1294 653 1345 τῆς
710 1281 920 1354 ἀγάπης
968 1282 1418 1356 ἔπαναιρούμενος.
1451 1283 1606 1336 Ἐστι
1663 1281 1720 1337 δὲ
1763 1289 1822 1336 τό

233 1376 282 1426 ἐκ
342 1379 530 1426 τούτου
588 1375 888 1445 μηχάνημα
944 1370 1256 1444 ἐξόμνυσθαι
1297 1376 1416 1434 τοὺς
1465 1371 1824 1447 ἁφελεστέρους

233 1466 291 1514 τὰ
350 1470 448 1513 τῶν
497 1467 829 1536 Χριστιανῶν
895 1460 1064 1532 ὅρκια,
1109 1464 1445 1532 σαινομένους
1477 1469 1550 1531 τῷ
1593 1468 1823 1534 περιόντι

237 1561 320 1611 τῆς
382 1547 748 1621 ἀδελφότητος.
819 1555 1066 1621 Παραινεί
1118 1556 1222 1610 τοῖς
1273 1545 1431 1610 ἰδίοις
1480 1549 1668 1620 λέγων’
1734 1555 1818 1608 Μὴ

236 1640 426 1711 γίνεσθε
507 1637 877 1711 ἀντιληπτορες
945 1635 1216 1690 Ἰουδαίων
1295 1644 1385 1690 καὶ
1446 1647 1771 1712 Χριστιανῶν
1806 1658 1817 1668 ·

1927 482 2128 554 Neque
2161 482 2221 538 id
2255 481 2447 541 solum
2479 485 2642 556 dicit,
2675 485 2775 542 sed
2823 484 3003 540 etiam
3042 485 3415 556 propositam
3447 501 3577 542 esse

1927 586 1965 624 a
1994 573 2114 626 Deo
2139 573 2481 630 mercedem
2513 574 2606 631 his
2659 573 2768 647 qui
2817 587 2879 628 se
2938 571 3407 630 Christianorum
3443 590 3580 630 san-

1929 659 2108 729 guine
2141 660 2538 733 impiaverint.
2569 663 2848 730 Quintam
2871 677 3012 718 vero
3045 662 3419 735 captivorum
3440 662 3580 720 alia-

1927 763 2186 820 rumque
2211 751 2640 808 manubiarum
2664 756 2895 824 partem
2923 753 3042 807 Deo
3062 749 3260 806 oﬂ'erri
3277 752 3582 808 constituit

1930 851 2001 892 ac
2029 833 2722 913 Mohamedi‘prophetae.
2768 842 3044 896 Hortatur
3071 839 3253 895 etiam
3293 844 3356 896 ut
3378 854 3582 896 recon-

1932 925 2203 982 cilientur
2233 927 2598 993 Christianis,
2633 931 2682 985 si
2731 930 3198 985 Sarracenorum
3235 927 3577 1000 religionem

1931 1016 2320 1087 susceperint,
2375 1023 2553 1090 atque
2591 1019 2652 1073 in
2703 1016 2954 1073 fratrum
3005 1017 3139 1073 loco
3185 1017 3490 1084 habeant;
3546 1037 3581 1074 a

1931 1119 2176 1160 summa
2197 1105 2545 1162 crudelitate
2587 1107 2667 1163 ad
2698 1107 2981 1162 eximiam
3013 1105 3366 1162 charitatem
3393 1112 3581 1165 trans-

1930 1192 2082 1248 iens.
2116 1195 2214 1248 Est
2243 1199 2444 1250 autem
2475 1195 2588 1251 hoc
2619 1211 2862 1268 quoque
2899 1193 3235 1261 artiﬁcium,
3267 1200 3329 1251 ut
3359 1195 3581 1268 simpli-

1931 1281 2123 1346 ciores
2153 1297 2327 1338 sacra
2365 1283 2839 1339 Christianorum
2883 1282 3109 1338 faedera
3133 1281 3231 1354 abj
3244 1290 3435 1354 urent,
3466 1283 3581 1340 fra-

1929 1369 2222 1427 ternitatis
2277 1371 2678 1444 praerogativa
2744 1371 2942 1427 illecti.
3024 1372 3352 1443 Caeteroqui
3436 1389 3580 1428 suos

1930 1455 2155 1524 m0net,
2187 1473 2264 1516 ne
2311 1459 2429 1516 sint
2473 1459 2820 1517 Iudaeorum
2879 1465 2934 1514 et
2987 1459 3459 1528 Christianorum
3483 1461 3582 1517 de-

1930 1531 2560 1623 fensoreszlui'squis
2618 1550 2800 1617 enim,
2859 1548 3072 1619 inquit,
3141 1537 3402 1604 vestrum
3453 1549 3583 1606 illos

1929 1636 2209 1707 protegit,
2245 1635 2344 1718 hic
2386 1637 2636 1711 perinde
2674 1653 2744 1693 ac
2778 1653 2938 1693 unus
2959 1636 3199 1693 illorum
3220 1642 3329 1694 est.
3366 1637 3584 1694 Deinde

239 1730 367 1788 ὅστις
403 1729 502 1801 γὰρ
560 1725 976 1799 ὑπερασπίζεται
1034 1726 1202 1778 αὐτῶν
1241 1725 1296 1789 ἐξ
1335 1729 1496 1799 ὑμῶν,
1531 1729 1555 1778 0
1593 1737 1813 1787 τοιοῦτος

1929 1723 2169 1780 Judaeos
2225 1730 2406 1798 atque
2446 1725 2812 1782 Christianos
2861 1725 3040 1782 veluti
3087 1725 3412 1798 deplorans
3455 1726 3578 1786 ait:

241 1817 284 1877 ἐξ
336 1817 496 1867 αὐτῶν
547 1817 803 1887 ὑπάρχει.
869 1819 967 1867 Καὶ
1014 1814 1167 1866 πάλιν
1225 1815 1512 1875 ταλανίζων
1569 1823 1823 1888 Χριστια-

239 1909 343 1966 νοὺς
397 1909 480 1955 καὶ
531 1900 823 1964 Ἰουδαίους
869 1902 1042 1974 λέγει’
1108 1902 1240 1954 Οὐαὶ
1293 1907 1433 1974 ὑμῖν,
1485 1904 1666 1956 οἰκεῖοι
1696 1910 1822 1979 Γρα-

245 1993 370 2064 γῶνῐ
425 1989 568 2046 οῦδὲν
626 1995 775 2044 ἔσται
843 1993 985 2064 ὑμῖν,
1049 1994 1138 2052 ἕως
1204 1991 1264 2043 ἂν
1327 1992 1694 2055 ἐξακολουθῆτι
1752 2003 1822 2064 τῷ

245 2087 368 2152 νόμῳ
417 2086 500 2132 καὶ
552 2088 623 2151 τῷ
677 2079 991 2151 Εὗαγγελίῳ.
1054 2086 1152 2134 Καὶ
1194 2083 1328 2133 κατὰ
1363 2085 1454 2154 μὲν
1495 2089 1821 2156 Χριστιανῶν

247 2179 398 2223 ταῦτα
459 2173 810 2242 φθεγγόμενος,
867 2167 1017 2222 οὐδέν
1083 2190 1134 2222 τι
1209 2175 1384 2222 καινόν
1442 2167 1822 2245 διαπράττεται

254 2263 310 2318 ὼς
351 2266 434 2311 καὶ
488 2267 644 2331 μισῶν
685 2259 876 2319 αὐτοῦς
903 2260 1037 2310 κατὰ
1066 2261 1256 2332 κράτος
1281 2281 1292 2292 ·
1338 2256 1626 2320 Ἰουδαίους
1657 2257 1820 2323 δε,ὧν

263 2353 345 2404 τήν
392 2354 652 2420 περιτομήν
711 2347 1033 2410 ἀσπάζεται,
1119 2355 1208 2399 καί
1268 2347 1429 2400 πολλὰ
1481 2357 1582 2400 τῶν
1632 2347 1820 2421 ἐθίμων

272 2445 429 2507 τηρεῖν
482 2434 818 2508 παραδίδωσι,
873 2437 990 2489 καθ’
1039 2439 1211 2490 ὅντινα
1246 2438 1394 2509 λόγον
1441 2437 1820 2511 ἕπεμϐριμᾶται

271 2524 327 2574 τᾶ
357 2522 582 2578 πάνδεινα
599 2546 610 2592 ;

325 2641 403 2710 ιγ’.
466 2643 615 2694 Πάλιν
668 2643 831 2714 ἐαυτῷ
890 2643 1294 2705 κατασκευάζων
1374 2647 1431 2696 τό
1518 2643 1820 2709 ἀξιόπιστον

254 2729 429 2800 εἰσάγει
469 2737 546 2782 τόν
612 2738 738 2784 Θεὸν
766 2741 1135 2806 μαρτυροῦντα
1176 2739 1292 2806 περὶ
1323 2734 1505 2796 αὐτοῦ,
1528 2740 1618 2786 καὶ
1657 2734 1818 2806 ὀμνυ-

251 2838 398 2882 νοντα,
426 2825 508 2870 καί
550 2820 796 2891 λέγοντα’
852 2826 938 2874 Μὰ
968 2825 1024 2872 τό
1047 2823 1240 2895 οἶστρον
1291 2827 1347 2873 τό
1408 2819 1679 2896 δυόμενον,
1725 2825 1818 2876 οὐκ

248 2907 546 2964 Exiet-106150
589 2911 792 2982 ἑταῖρος
869 2912 1030 2982 ὑμῶν,
1090 2907 1213 2962 οὐδὲ
1265 2911 1516 2983 ἡνόμησε,
1580 2918 1669 2965 καὶ
1725 2913 1819 2965 οὐκ

246 2995 499 3066 ἑρθεγξατο
537 2997 592 3049 ἐκ
635 2999 946 3070 θελήματος·
1004 2998 1131 3051 ἀλλὰ
1173 3004 1261 3052 καὶ
1330 3002 1555 3070 Ἰησοῦν,
1599 3004 1685 3053 τόν
1725 3011 1820 3062 τῆς

1931 1817 2027 1867 Vae
2051 1813 2224 1869 vobis
2251 1812 2693 1886 Scripturarum
2715 1813 2993 1870 asseclis!
3025 1813 3171 1870 nihil
3198 1814 3584 1872 emolumenti

1930 1903 2105 1959 vobis
2155 1900 2434 1978 exstabit,
2497 1902 2770 1976 quandiu
2835 1904 3034 1973 legem
3097 1904 3432 1973 sequemini
3484 1911 3586 1960 aut

1932 1972 2347 2064 Evangdllum.’
2400 1972 2553 2047 Sane
2591 1992 2720 2048 haec
2750 1991 2825 2047 de
2867 1972 3218 2048 Christianis
3244 1992 3581 2058 clamitans,

1931 2080 2080 2137 nihil
2107 2059 2335 2162 ndyum
2383 2069 2527 2162 agit,
2555 2080 2698 2151 quia
2726 2079 2858 2136 illos
2909 2084 3033 2134 toto
3078 2079 3282 2136 animo
3307 2081 3452 2137 odit.
3484 2084 3581 2136 Ju-

1931 2164 2078 2220 daeis
2131 2149 2357 2312 aiit'eg,
2401 2149 2664 2240 quorum
2703 2166 3220 2222 circumcisionem
3267 2167 3496 2234 retinet,
3528 2177 3582 2223 et

1931 2245 2266 2312 legaliam'ti
2342 2253 2347 2260 '
2372 2254 2685 2311 observari
2715 2255 3131 2312 nraacinit.cur
3146 2269 3253 2312 Der
3275 2271 3582 2312 sermones

1929 2251 2148 2322 legalia
2372 2254 2685 2311 observari
2715 2255 3006 2327 praecipit,
3024 2270 3131 2310 cur
3145 2269 3253 2328 per
3275 2271 3582 2312 sermones

1931 2342 2200 2414 singulos
2221 2322 2575 2450 gﬁgvissime
2618 2344 3037 2400 interminatur
3054 2343 3084 2399 ?

2010 2641 2093 2694 l3.
2133 2640 2277 2694 Item
2309 2637 2419 2714 sibi
2441 2637 2626 2696 ﬁdem
2653 2638 2998 2707 concilians,
3033 2640 3222 2696 Deum
3259 2637 3488 2697 inducit
3509 2640 3582 2696 de

1927 2725 2061 2800 ipso
2108 2729 2444 2796 testantem,
2498 2727 2924 2800 jurantemque
2979 2743 3050 2783 ac
3097 2728 3441 2784 dicentem:
3479 2730 3584 2785 Per

1929 2814 2097 2890 sidus
2127 2815 2470 2878 occiduum,
2503 2830 2628 2871 non
2659 2817 2877 2872 erravit
2903 2815 3127 2874 sodalis
3150 2821 3359 2884 vester,
3387 2833 3584 2891 neque

1929 2919 1964 2959 a
1992 2919 2206 2986 norma
2227 2904 2522 2972 discessit,
2537 2919 2734 2978 neque
2754 2905 2999 2977 propria
3019 2903 3327 2960 voluntate
3345 2903 3583 2961 locutus

1930 2997 2042 3048 est.
2072 2986 2187 3048 Sed
2225 2997 2283 3048 et
2325 2995 2526 3048 Iesum
2563 2993 2758 3050 Mariae
2803 2991 3011 3048 Filium
3064 2992 3140 3048 de
3193 2992 3326 3064 ipso
3383 2991 3578 3048 vatici-

242 3091 424 3157 Μαρίας
497 3090 637 3154 Υιόν,
716 3095 1076 3161 προφητεῦσαι
1150 3093 1268 3160 περὶ
1334 3091 1495 3142 αὐτοῦ
1560 3090 1767 3144 εἰπόντα
1801 3113 1812 3124 ο

1928 3087 2173 3138 nantem
2188 3081 2349 3160 facit,
2364 3089 2544 3154 atque
2570 3081 2869 3138 dicentem
2895 3100 2906 3137 :
2935 3085 3055 3152 Ego
3078 3098 3213 3138 sum
3237 3081 3581 3151 Deilegatus

239 3173 353 3243 Ἐγὼ
391 3174 678 3237 ἀπόστολός
755 3178 860 3246 εἰμι
927 3186 1016 3229 του
1073 3182 1200 3230 Θεοῦ
1265 3182 1396 3249 πρὸς
1439 3179 1813 3249 ὑμᾶς,ἀληθοο

233 3272 374 3314 ποιῶν
428 3269 489 3316 τὰ
528 3267 821 3340 ἔμπροσθέν
875 3286 974 3338 μου
1033 3270 1096 3318 τὰ
1135 3274 1226 3318 τοῦ
1269 3275 1450 3340 νόμου,
1490 3269 1790 3340 εὖαγγελιζό

228 3372 357 3422 μενος
412 3352 706 3407 ἀπόστολον
764 3355 1044 3427 ἐρχόμενον
1097 3356 1206 3426 μετ’
1276 3355 1381 3427 ἐμὲ,
1452 3362 1610 3430 ὄνομα
1674 3359 1815 3430 αὐτῷ

229 3439 464 3511 Μωάμεδ,
523 3449 628 3496 Καὶ
697 3452 796 3494 που
858 3453 1010 3495 τοῦτο
1072 3448 1508 3517 προεφήτευσενό
1563 3454 1811 3520 Χριστός,

229 3528 324 3585 ii»
359 3536 477 3601 ποίᾳ
527 3540 704 3604 γραφῇ
761 3535 991 3603 εἲρηκεν;
1037 3532 1115 3584 Ἐν
1155 3530 1376 3605 οὐδεμιᾲ
1403 3536 1603 3598 πάντως
1629 3553 1640 3564 ⁸
1684 3539 1814 3588 ὥστε

226 3613 576 3692 ᾧενόορράςοος
646 3625 735 3670 καὶ
823 3618 1052 3671 ἀπατεὼν
1112 3623 1136 3671 0
1199 3619 1451 3693 Μωάμεὸ,
1521 3631 1813 3697 μαρτυρίας

224 3704 362 3756 {mw
437 3711 575 3780 πρὸς
663 3709 842 3759 ἑαυτὸν
910 3717 1000 3760 τοῦ
1081 3716 1335 3784 Χριστοῦ,
1393 3711 1453 3770 ἃς
1499 3708 1674 3774 οὐδεὶς
1718 3721 1814 3764 τῶν

223 3795 601 3868 Χριστωνύμων
660 3797 958 3851 ἐπίσταται.
1041 3803 1299 3868 Λέγουσιν
1370 3802 1418 3850 οἱ
1494 3799 1811 3874 Σαρῥακηνοὶ

223 3885 319 3932 ἶσον
377 3882 502 3936 εἶναι
543 3889 601 3935 τό
634 3890 727 3942 τὴν
767 3888 1016 3959 παρθένον
1061 3895 1239 3949 τεκεῖν,
1292 3892 1379 3938 καὶ
1428 3891 1484 3938 τὸ
1515 3888 1813 3948 πλασθῆναι

221 3975 292 4020 τὸν
326 3969 499 4044 Ἀδὰμ
533 3971 636 4024 ἀπὸ
667 3980 757 4024 τοῦ
798 3981 940 4043 χοὸς.
985 3977 1152 4045 Φαμὲν
1203 3972 1260 4026 δὲ
1316 3977 1486 4046 ἡμεῖς,
1520 3979 1586 4037 ὡς
1628 3980 1651 4027 0
1689 3986 1810 4050 Χρι-

223 4067 330 4120 στός
376 4061 428 4112 ἐκ
471 4065 745 4132 Παρθένου
783 4068 1107 4132 γεγέννηται,
1141 4059 1233 4115 διὰ
1288 4067 1343 4114 τό
1385 4063 1512 4116 εἶναι
1545 4069 1669 4126 Θεὸς
1699 4087 1810 4118 xui.-

215 4153 480 4210 νοποιήσας
549 4151 605 4201 ἐκ
668 4154 859 4212 ταύτης
915 4148 1178 4224 προοὸονο
1231 4148 1559 4222 causam
1592 4153 1809 4227 πλάσμα

217 4255 292 4286 τον
349 4247 482 4290 Θεοῦ
543 4245 830 4310 γενόμενος,
881 4245 969 4290 καὶ
1021 4245 1091 4310 μὴ
1153 4238 1207 4290 ἐκ
1263 4245 1660 4314 προγενεστέρας
1694 4240 1808 4294 δια-

215 4321 369 4394 δοχῆς
401 4333 495 4384 τήν
531 4332 737 4396 γένεσιν
766 4327 942 4395 ὒκων,
993 4327 1049 4378 ἐκ
1091 4327 1255 4385 πηλοῦ
1311 4325 1646 4400 διηρτισται·
1677 4331 1805 4382 πολὺ

1929 3172 2006 3228 ad
2049 3189 2171 3238 vos,
2196 3187 2339 3227 vera
2361 3188 2489 3226 esse
2511 3172 2941 3226 demonstrans
2976 3187 3112 3243 quae
3135 3173 3272 3226 ante
3293 3187 3388 3226 me
3409 3171 3581 3226 exsti-

1929 3267 2128 3318 terunt
2159 3260 2218 3315 in
2241 3260 2392 3331 lege,
2423 3261 2708 3315 nuntians
2758 3260 3003 3332 insuper
3039 3259 3306 3330 legatum
3327 3263 3464 3332 post
3482 3275 3578 3314 me

1927 3355 2267 3416 venturum,
2290 3348 2386 3404 cui
2407 3363 2630 3403 nomen
2663 3348 3060 3404 Mohamedes.
3103 3349 3278 3420 Atqui
3325 3348 3577 3404 ubinam

1926 3440 2040 3496 hoc
2069 3441 2237 3494 Jésus
2261 3437 2616 3494 vaticinatus
2636 3442 2743 3502 cst,
2775 3437 2868 3492 vel
2893 3453 3165 3508 quanam
3186 3439 3246 3492 in
3279 3437 3578 3510 Scriptura

1924 3527 2040 3584 hoc
2071 3527 2264 3583 dixit?
2313 3525 2490 3583 Plane
2521 3526 2578 3581 in
2603 3525 2793 3582 nulla.
2827 3527 3235 3592 Quamobrem
3265 3525 3575 3582 falsidicus

1926 3599 2340 3694 impostorque
2383 3615 2784 3686 Mohamedes,
2840 3616 2943 3689 qui
2989 3615 3196 3671 Christi
3240 3615 3578 3672 testimonia

1922 3706 2002 3761 ad
2060 3721 2122 3760 se
2167 3703 2363 3782 trahit,
2426 3720 2561 3778 quae
2609 3699 2796 3782 nemo
2860 3703 3335 3760 Christianorum
3388 3704 3574 3760 novit.

1922 3795 2103 3852 Aiunt
2135 3773 2726 3868 Sarraceni‘perinde
2765 3809 2897 3849 esse
2935 3793 3226 3863 virginem
3255 3807 3482 3865 parere,
3506 3809 3576 3848 ac

1921 3869 2227 3944 Adnmum
2257 3869 2502 3944 formari
2533 3883 2609 3938 de
2634 3881 2900 3955 pulvere.
2929 3885 3047 3938 Nos
3089 3886 3289 3938 autem
3321 3882 3573 3937 dicimus

1921 3955 2316 4048 Christuié'dg
2338 3963 2576 4048 Yirgine
2606 3975 2840 4035 natum,
2878 3971 3022 4042 quia
3061 3976 3266 4042 utpote
3307 3973 3457 4024 Deus
3488 3970 3570 4023 in-

1920 4035 2314 4146 solitum-£03k;
2337 4035 2595 4146 dontecit
2642 4060 2717 4114 de
2765 4058 2862 4114 illa
2897 4035 3309 4130 progressum.
3340 4061 3410 4112 At
3431 4072 3570 4112 vero

1919 4136 2645 4228 Adamus‘ﬁgﬁactura,
2691 4161 2886 4218 neque
2951 4161 3022 4201 ex
3077 4145 3367 4201 anteriore
3421 4147 3568 4200 serie

1919 4246 2114 4296 ortum
2151 4227 2412 4301 trah'ﬁs,
2444 4237 2518 4291 de
2547 4236 2673 4292 luto
2710 4234 2819 4291 fuit
2865 4235 3290 4290 conformatus.
3327 4231 3568 4291 Multum

1916 4332 2116 4400 itaque
2164 4305 2406 4420 intéi’ést
2444 4326 2594 4381 inter
2644 4325 2745 4381 Dei
2796 4323 3168 4380 nativitatem
3217 4327 3274 4378 et
3305 4321 3568 4379 hominis

215 4409 287 4462 οὖν
310 4420 363 4465 τό
395 4421 565 4485 μέσον
594 4424 727 4469 Θεοῦ
774 4422 1058 4485 γεννήσεως
1115 4423 1203 4468 καὶ
1243 4415 1516 4489 ἀνθρώπου
1547 4417 1803 4480 πλάσεως.

1927 4409 2358 4496 formationem:

276 4615 357 4673 ιδ’.
399 4623 569 4674 Φασὶν
601 4623 650 4672 οἱ
700 4621 1019 4696 Σαρρακηνοὶ
1063 4625 1126 4683 ὡς
1151 4623 1178 4674 0
1218 4618 1452 4694 Μωάμεδ
1482 4622 1622 4675 ἐστὶν
1653 4624 1679 4674 0
1712 4619 1805 4681 δη-

214 4705 434 4776 )λονιιενος
491 4709 548 4761 ἐν
597 4719 668 4779 τῷ
710 4711 897 4767 Δανιὴλ
950 4713 1068 4763 ἄνευ
1111 4715 1292 4784 χειρὸς
1324 4710 1376 4772 ἐξ
1406 4715 1551 4784 ὄρους
1581 4711 1802 4770 τιληθῆ-

213 4815 280 4844 ναι
324 4797 493 4857 λίθος·
560 4797 812 4851 ἀκούουσι
862 4796 939 4860 δὲ,
996 4804 1063 4860 ὡς
1091 4805 1183 4861 Τίς
1221 4805 1474 4872 μετουσία
1513 4808 1584 4868 τῷ
1617 4802 1804 4858 Δανιὴλ

213 4893 285 4932 xui.
350 4894 420 4954 τῷ
481 4883 747 4958 Μωάμεὸ,
799 4890 930 4939 ὥστε
994 4893 1111 4962 περὶ
1179 4888 1338 4940 αὐτον
1392 4891 1477 4938 τόν
1533 4893 1802 4959 προφήτην

214 4980 408 5025 τοιαῦτα
456 4975 650 5046 λέγειν,
718 4976 1119 5048 κακολογοῦντος
1168 4981 1397 5030 Μωυσέα
1441 4981 1531 5028 καὶ
1597 4981 1682 5028 τὸν
1726 4983 1803 5029 νο-

215 5079 326 5128 μθνς
389 5070 555 5116 Ποίαν
615 5061 674 5116 δὲ
728 5071 817 5116 καὶ
856 5067 1025 5118 εἰκόνα
1069 5067 1094 5118 0
1156 5063 1392 5137 Μωάμεδ
1439 5064 1659 5128 ἐπάταξε
1713 5073 1802 5118 καὶ

216 5145 476 5219 ῧέπτυνεν,
527 5156 599 5214 ως
633 5155 658 5204 0
713 5157 944 5227 Χριστὸς
992 5159 1083 5212 τὴν
1135 5154 1429 5220 πολυθείαν,
1476 5153 1640 5213 ὅςκαὶ
1686 5153 1800 5226 ἕγέ-

214 5254 303 5289 me
344 5241 410 5302 εἰς
453 5245 574 5315 ὄρος
633 5247 790 5314 μέγα.
850 5249 938 5294 καὶ
978 5241 1244 5316 ἐπλήρωσε
1307 5249 1479 5296 πᾶσαν
1523 5246 1616 5308 τὴν
1659 5252 1798 5312 γῆνς

215 5326 351 5378 llius
409 5331 648 5401 λέγουσι,
701 5337 749 5382 τί
797 5331 1032 5402 ὡφελοιεν
1093 5335 1229 5403 ἡμᾶς
1279 5333 1304 5383 0
1357 5335 1476 5391 Υιός
1519 5339 1611 5382 τοῦ
1666 5339 1799 5384 Θεου

215 5420 513 5486 σπρκωθείς;
584 5426 684 5473 Καί
745 5441 903 5494 φαμεν
953 5425 1103 5492 ἡμεῖς
1160 5426 1226 5483 ὼς
1285 5426 1342 5474 τὸ
1413 5429 1501 5482 τῆς
1572 5418 1800 5496 Τριάόος

209 5514 485 5578 μυστήριον
564 5508 923 5581 ἀπεκαλύφθη,
994 5515 1083 5562 καὶ
1157 5509 1474 5581 ἐπεγνώσθη,
1538 5514 1627 5562 καὶ
1695 5509 1799 5561 ἐπι-

1993 4627 2078 4680 14.
2123 4621 2334 4678 Dicunt
2380 4621 2709 4692 Sarraceni,
2758 4617 3174 4676 Mohamedem
3214 4631 3346 4673 esse
3398 4615 3565 4674 illum

1915 4727 1952 4768 a
1983 4711 2223 4768 Daniele
2236 4715 2564 4774 ostensum,
2581 4709 2810 4780 absque
2826 4724 3045 4764 manus
3066 4721 3252 4778 Opera
3269 4721 3342 4761 ex
3364 4711 3565 4762 monte

1912 4800 2010 4856 div
2024 4799 2220 4855 ulsum
2245 4798 2529 4870 lapidem.
2565 4797 2680 4854 Sed
2701 4813 2734 4852 a
2757 4797 2929 4852 nobis
2949 4795 3204 4850 audiunt
3225 4814 3236 4852 :
3275 4797 3563 4858 Quaenam

1914 4893 2004 4944 est
2030 4888 2403 4960 participatio
2459 4885 2713 4941 Danielis
2755 4901 2891 4940 cum
2945 4882 3314 4952 Mohamede,
3371 4883 3453 4937 ita
3503 4888 3566 4936 ut

1913 4977 2008 5032 ille
2060 4975 2136 5031 de
2177 4975 2293 5031 hoc
2323 4974 2464 5031 talia
2485 4973 2662 5038 dicat,
2693 4973 2797 5044 qui
2837 4971 3022 5042 Moysi
3055 4970 3359 5026 maledicit
3387 4985 3459 5024 ac
3489 4968 3564 5025 le-

1913 5065 2015 5136 gi?
2041 5065 2382 5130 Quamnam
2397 5068 2656 5118 statuam
2670 5059 3049 5116 Mohamedes
3067 5060 3363 5132 percussit
3383 5063 3564 5130 atque

1913 5152 2289 5220 comminuit,
2351 5150 2522 5206 sicuti
2567 5148 3038 5222 polytheismum
3067 5148 3356 5218 Christus,
3378 5147 3482 5220 qui
3508 5151 3564 5202 et

1911 5242 1974 5297 in
2021 5245 2290 5296 montem
2335 5254 2626 5307 magnum
2666 5238 2943 5306 excrevit,
2993 5242 3172 5310 atque
3220 5237 3561 5292 universam

1911 5336 2134 5387 terram
2180 5327 2498 5400 implevit?
2547 5328 2755 5384 Adhuc
2776 5330 3011 5397 rogant,
3041 5325 3187 5399 quid
3217 5325 3393 5381 nobis
3422 5339 3558 5395 pro-

1913 5419 2085 5475 fuerit
2116 5417 2218 5484 Dei
2240 5417 2417 5472 Filius
2445 5417 2791 5472 incarnatus
2815 5416 2843 5470 ?
2894 5419 3010 5472 Nos
3055 5432 3190 5471 vero
3229 5411 3558 5485 responde-

1911 5525 2072 5578 mus,
2097 5508 2179 5564 sic
2207 5505 2542 5564 revelatum
2569 5505 2754 5561 fuisse
2795 5509 2853 5560 et
2895 5505 3204 5574 cognitum
3235 5507 3292 5558 et
3319 5501 3399 5557 ab
3430 5499 3557 5554 uni-

211 5595 380 5652 crs-360
443 5598 520 5664 τῷ
573 5603 756 5668 κόσμω
799 5602 989 5668 παντί·
1041 5601 1070 5658 ἠ
1103 5595 1162 5652 δι
1199 5607 1295 5660 τῆς
1345 5598 1639 5660 Ἑλληνικῆς
1669 5596 1800 5652 ἀπά-

1927 5613 2083 5682 verso
2159 5595 2324 5682 orbe...
2374 5595 2670 5676 creditum
2745 5592 3040 5675 Trinitatis
3124 5589 3478 5666 mysterium
3540 5604 3551 5638 :
