4126 6228
20 5782 35 5823 ἶ

32 6034 63 6055 r'

44 6122 69 6151 ζ.

481 270 587 325 119

1799 256 2079 315 ΝῙΟΕΤΛΕ
2124 252 2505 318 CHONIATE

3734 270 3843 329 120

478 389 782 450 ethnicum
838 399 982 444 vero
1030 382 1420 461 polytheismi
1480 400 1743 444 errorem
1802 383 2135 453 sublatum,

2256 403 2340 447 της
2391 385 2639 440 πολυθεῖα
2685 387 2992 462 ἠφάνισται,
3050 391 3289 461 μαντεία,
3356 393 3448 445 καὶ
3522 398 3841 467 φαρμακεία,

479 478 913 538 divinationem
945 476 1112 544 item,
1147 480 1203 533 et
1226 476 1516 547 magiam,
1543 480 1601 533 et
1635 473 1968 532 diabolicae
1990 487 2140 545 prai-

481 569 691 640 stigias
716 565 927 640 procul
950 564 1293 622 submotas.
1320 565 1663 639 Baptismus
1680 578 1824 621 vero
1848 576 1970 636 quo
2000 560 2143 618 ado-

483 660 755 735 ptionem
782 655 1238 727 consequimur,
1289 658 1346 711 et
1399 654 1755 731 redemptio,
1798 658 1977 725 atque
2006 650 2145 708 cha-

484 750 803 807 rismatum
828 743 1090 801 diribitio
1121 745 1350 802 cunctis
1376 743 1756 801 credentibus
1785 744 2139 816 patuerunt;

490 855 528 896 a
549 836 691 893 solis
716 841 850 892 ortu
871 849 1065 906 usque
1112 833 1191 889 ad
1229 848 1518 891 occasum
1548 831 1943 903 Evangelium
1964 828 2144 886 diffu-

490 943 661 994 sum;
719 923 957 982 medius
996 922 1273 981 maceriae
1312 922 1513 997 paries
1560 922 1823 995 antiquae
1855 935 1995 976 cum
2024 921 2146 975 Deo

488 1014 813 1072 inimicitiae
852 1013 1215 1083 destructus,
1260 1010 1643 1069 reconciliata
1680 1009 1856 1067 nobis
1890 1008 2012 1065 Deo
2040 1022 2149 1081 per

493 1105 623 1177 ejus
646 1103 774 1159 Filii
804 1102 1295 1159 intercessionem
1320 1119 1335 1171 ;
1379 1117 1637 1172 regnum
1666 1098 1957 1157 caelorum
1985 1101 2149 1172 pate-

490 1192 998 1265 factum,aliaque
1031 1190 1220 1248 multa
1248 1189 1390 1248 data
1414 1189 1765 1270 hominibus
1793 1188 1958 1245 dona
1986 1191 2144 1259 sunt,

492 1300 631 1357 quae
661 1281 966 1353 sigillatim
997 1296 1477 1337 commemorare
1507 1278 1859 1337 omittimus.

570 1377 655 1429 15.
697 1371 843 1429 Item
875 1370 1085 1427 aiunt:
1120 1369 1221 1426 Vel
1271 1368 1481 1426 volens
1529 1368 1794 1425 Christus
1829 1366 2149 1423 cruciﬁxus

494 1462 626 1532 fuit,
675 1461 773 1517 vel
818 1460 1069 1517 nolens:
1106 1459 1160 1516 si
1204 1460 1436 1528 volens,
1486 1459 1754 1516 insontes
1791 1460 1930 1514 sunt
1966 1457 2150 1514 cruci-

494 1551 715 1608 ﬁxores
747 1568 761 1607 :
798 1551 847 1606 si
876 1565 1018 1606 veto
1049 1549 1284 1619 nolens,
1332 1549 1392 1605 id
1438 1549 1491 1605 ei
1540 1546 1948 1604 inﬁrmitatem
1969 1551 2151 1619 atque

494 1641 915 1715 impotentiam
946 1638 1224 1712 imputat.
1247 1641 1427 1696 Porro
1452 1654 1566 1695 nos
1606 1636 2073 1711 respondemus,
2095 1640 2153 1692 et

2248 478 2337 527 καὶ
2392 471 2750 550 δαιμονιώδης
2808 479 3104 552 μαγγανεία
3135 473 3369 532 ἕκποδὼν
3423 484 3594 554 ᾤχετο
3621 499 3634 513 ο
3674 485 3819 537 υίοθε

2252 567 2366 625 σίας
2409 560 2471 618 δὲ
2519 563 2824 639 βάπτισμα,
2868 569 2958 619 καὶ
3013 562 3393 643 ἀπολύτρωσις,
3451 575 3540 623 καί
3593 568 3848 646 διανομαί

2249 656 2600 727 χαρισμάτων
2660 659 2794 709 πᾶσι
2849 662 2960 717 τοῖς
3021 658 3372 709 πιστεύσασιν
3433 656 3843 723 ἔξηπλὼθησανθ

2252 740 2352 795 ἀπὸ
2406 741 2659 797 ἀνατολῶν
2719 743 2867 803 ἡλίου
2897 748 3062 819 μέχρι
3102 740 3321 818 δυσμῶν
3347 742 3564 808 διεδόθη
3596 751 3654 803 τὸ
3680 751 3853 823 Εὐαγ-

2251 831 2444 905 γέλιον·
2496 836 2555 886 τὸ
2602 840 2695 887 τοῦ
2753 841 2995 910 φραγμοῦ
3050 843 3148 899 τῆς
3198 834 3423 899 παλαιᾶς
3460 839 3656 914 ἔχθρας
3711 847 3851 895 Θεοῦ

2252 926 2343 974 καί
2381 920 2662 997 ἀνθρώπων
2718 927 3034 997 μεσότοιχον
3102 920 3419 991 διαλέλυται,
3495 918 3855 1002 καταλλαγέν-

2252 1029 2341 1073 τος
2370 1012 2495 1084 ἡμῖν
2521 1018 2613 1065 τοῦ
2644 1019 2777 1066 Θεοῦ
2805 1020 2869 1086 τῇ
2911 1009 3053 1067 ἰδίου
3092 1013 3216 1068 Υἱοῦ
3247 1019 3512 1088 μεσιτείᾳ’
3545 1022 3637 1070 καί
3673 1020 3704 1078 ἠ
3745 1027 3854 1072 τῶν

2254 1099 2483 1173 οὐρανῶν
2530 1098 2777 1173 βασιλεία
2838 1099 3110 1173 ἀνέῳκται,
3184 1107 3275 1155 καί
3349 1102 3479 1157 ἄλλα
3527 1104 3705 1178 ἀγαθά
3744 1115 3859 1170 τοῖς

2256 1185 2546 1263 ἀνθρώποις
2597 1192 2939 1264 κεχάρισται,
2988 1190 3055 1242 ὧν
3111 1193 3246 1245 κατά
3307 1197 3461 1265 μέρος
3517 1198 3859 1269 μνημονεύειν

2253 1283 2582 1354 παρήκαμεν.

2329 1367 2403 1423 ιε’.
2435 1367 2553 1421 Ἔτι
2596 1373 2753 1442 φασίν
2809 1371 2874 1432 ὡς
2929 1368 3082 1422 θέλων
3119 1370 3146 1422 6
3183 1374 3418 1445 Χριστός
3446 1369 3776 1450 ἕσταυρώθη,
3819 1377 3853 1437 ἦ

2257 1461 2328 1531 μή
2372 1456 2555 1511 θέλων*
2604 1462 2696 1511 καί
2753 1458 2797 1512 εἰ
2841 1461 2932 1531 μὲν
2969 1457 3144 1527 θέλων,
3182 1456 3449 1514 ἀνεύθυνοι
3500 1464 3550 1516 οἱ
3607 1469 3860 1539 σταυρὼ-

2260 1563 2467 1608 σαντες·
2532 1545 2575 1599 εἰ
2629 1542 2689 1600 δὲ
2738 1549 2811 1619 μὴ
2864 1545 3038 1616 θέλων,
3088 1544 3353 1602 ἀσθένειαν
3401 1549 3539 1621 αύτῷ
3578 1558 3733 1605 τοῦτο
3761 1557 3859 1605 καί

2260 1631 2555 1709 ἀδυναμίαν
2625 1637 2918 1709 περιάπτει.
3000 1634 3414 1712 ’Δποκρινόμεθα
3469 1634 3556 1692 οὖν
3625 1641 3704 1693 ὅτι
3762 1646 3861 1695 καί

494 1732 798 1788 volentem
846 1728 1147 1785 Christum
1195 1728 1551 1784 cruciﬁxum
1596 1726 1803 1796 fuisse,
1855 1730 1913 1784 et
1949 1730 2147 1782 tamen

2263 1724 2415 1778 θελων
2471 1724 2797 1799 ἐσταύρωται
2834 1726 2861 1777 6
2894 1727 3149 1800 Χριστὸς,
3180 1730 3383 1790 καίτῆς
3431 1726 3672 1801 ἐσχάτης
3694 1749 3861 1784 κατα-

496 1818 1162 1880 extremadamnatione
1173 1818 1390 1890 dignos
1411 1833 1547 1873 esse
1562 1816 1963 1874 cruciﬁxores.
1980 1814 2154 1881 Quod

500 1916 719 1984 sponte
744 1910 817 1966 sit
845 1924 1089 1982 passus,
1118 1907 1381 1965 ostendit
1418 1908 1547 1981 ipse
1584 1906 1733 1963 dum
1758 1910 1894 1979 ante
1922 1904 2153 1978 passio-

497 2016 638 2056 nem
694 1999 1209 2057 ait:Po/esiaiem
1265 1997 1450 2055 habeo
1507 1996 1843 2067 deponendi
1887 1997 2152 2053 animam

495 2106 708 2153 meum,
749 2096 804 2146 et
830 2093 1179 2159 potestatem
1218 2088 1405 2145 habeo
1435 2089 1651 2144 iterum
1681 2086 1957 2144 sumendi
1981 2098 2155 2158 eam;

493 2185 551 2239 et
580 2195 751 2236 nemo
780 2194 909 2237 eam
936 2193 973 2235 α
1000 2193 1094 2234 me
1123 2177 1309 2247 toliit,
1333 2177 1437 2234 sed
1455 2192 1561 2247 ego
1585 2176 1817 2247 depono
1842 2191 1970 2234 eam
1992 2191 2030 2234 a
2061 2189 2154 2232 me

493 2270 680 2337 ipso‘.
723 2266 840 2325 Sed
883 2271 940 2323 et
995 2281 1412 2338 saepenumero
1459 2281 1598 2321 cum
1639 2265 1701 2321 in
1746 2280 1887 2322 eum
1931 2279 2155 2321 manus

492 2358 736 2428 injicere
762 2355 952 2413 Judaei
978 2355 1217 2421 vellent,
1249 2370 1374 2412 non
1405 2359 1604 2412 tamen
1637 2354 1987 2426 injecerunt,
2003 2354 2149 2427 quia

490 2446 859 2517 praeﬁnitum
889 2444 1192 2517 passionis
1222 2448 1463 2516 tempus
1483 2443 1759 2500 nondum
1780 2442 2148 2501 aderat.Pati

493 2538 695 2592 autem
742 2532 930 2589 voluit
958 2536 1023 2589 ut
1058 2536 1314 2589 mortem
1344 2532 1695 2603 destrueret,
1742 2533 2029 2606 viamque
2067 2530 2148 2588 ad

488 2623 992 2679 resurrectionem
1037 2636 1110 2677 ex
1162 2620 1415 2677 mortuis
1452 2620 1733 2678 muniret.
1776 2622 1889 2677 Cur
1943 2626 2146 2678 autem

487 2712 573 2768 rei
601 2717 741 2769 sunt
784 2710 1220 2767 crueiﬁxores?
1269 2711 1421 2776 Quia
1458 2724 1596 2767 cum
1649 2709 1846 2781 legem
1892 2726 1963 2767 ac
2011 2726 2145 2785 pro-

486 2800 701 2873 phetas
747 2798 1033 2870 legerent,
1072 2798 1175 2872 qui
1224 2804 1464 2871 tempus
1516 2799 1811 2856 adventus
1836 2800 1965 2870 ejus
1992 2815 2144 2856 nun-

488 2888 741 2957 tiabant,
780 2904 906 2945 non
954 2887 1151 2945 solum
1207 2903 1333 2945 non
1382 2894 1757 2960 agnoverunt
1783 2889 1986 2962 ipsum
2013 2905 2143 2945 esse

486 2978 590 3049 qui
617 2977 696 3035 ob
738 2993 1126 3033 communem
1156 2976 1413 3033 salutem
1448 2981 1710 3045 venerat,
1742 2976 1847 3033 sed
1891 2980 1948 3034 et
1988 2976 2142 3033 mul-

2260 1818 2485 1891 κρίσεως
2521 1816 2571 1868 οἱ
2610 1818 2907 1890 σταυρωταὶ
2951 1814 3110 1878 ἄξιοι.
3178 1814 3302 1868 ’Ὁτι
3350 1812 3410 1869 δὲ
3456 1816 3707 1883 ἑκουσίως
3735 1821 3865 1873 ἕποιο

2264 1903 2366 1974 θεν,
2416 1902 2573 1965 αύτὸς
2622 1899 2786 1966 ἔδειξε
2836 1905 2936 1979 πρὸ
2987 1910 3079 1956 τοῦ
3146 1905 3328 1958 παθεῖν
3385 1905 3630 1981 εἰρηκώς·
3680 1906 3866 1969 Ἐζου-

2263 1996 2381 2044 σίαν
2436 1993 2545 2065 ἔχω
2616 1992 2778 2045 θεῖναι
2840 1995 2935 2051 τὴν
3000 1990 3187 2065 ψυχήν
3258 2013 3383 2067 μου,
3466 2001 3557 2049 καὶ
3617 1993 3862 2061 ἕξουσίαν

2261 2083 2371 2153 ἔχω
2434 2080 2587 2134 πάλιν
2628 2078 2799 2133 λαϐεῖν
2855 2080 3047 2140 αὐτὴνο
3115 2086 3205 2134 καί
3271 2078 3447 2146 ούδείς
3498 2087 3634 2161 αἴρει
3695 2085 3864 2145 αὐτὴν

2261 2169 2350 2223 ἀπ’
2409 2169 2554 2243 ἐμοῦ,
2621 2168 2731 2222 ἀλλ’
2807 2167 2907 2242 ἐγὼ
2981 2172 3169 2243 τίθημι
3233 2170 3395 2231 αὐτὴν
3460 2170 3551 2227 ἀπ’
3607 2171 3859 2247 ἐμαυτοῦ.

2262 2258 2417 2312 Ἀλλὰ
2458 2263 2548 2311 καί
2603 2257 2851 2320 πολλάκις
2903 2256 3239 2332 βουληθέντες
3290 2260 3431 2332 αύτῷ
3460 2269 3647 2337 χεῖρας
3678 2261 3859 2318 ἐπιϐα-

2256 2346 2359 2401 λεῖν
2421 2343 2694 2419 Ἰουδαῖοι,
2747 2346 2842 2401 ούκ
2899 2345 3159 2420 ἐπέϐαλον,
3196 2345 3289 2402 διὰ
3328 2352 3388 2402 τὸ
3435 2355 3593 2422 μήπω
3621 2354 3705 2404 τόν
3730 2371 3860 2428 προς

2256 2442 2538 2509 ωρισμένον
2589 2444 2681 2491 τοῦ
2740 2439 2937 2499 πάθους
2987 2436 3282 2497 ἐληλυθέναι
3354 2444 3554 2515 καιρόν.
3605 2440 3856 2502 Ἠθέλησε

2256 2522 2316 2580 δὲ
2342 2529 2524 2581 παθεῖν
2560 2527 2642 2579 ἵνα
2683 2531 2994 2602 καταργήσῃ
3027 2530 3113 2580 τόν
3153 2529 3390 2598 θάνατον,
3421 2532 3512 2581 καί
3547 2525 3839 2604 ὁδοποιήση

2252 2620 2347 2675 τήν
2386 2614 2440 2669 ἐκ
2490 2624 2680 2691 νεκρῶν
2733 2615 3042 2671 ἀνάστασιν.
3071 2623 3188 2680 Πῶς
3246 2614 3305 2671 δὲ
3350 2626 3760 2695 κατηγοροῦνται
3791 2621 3844 2672 οἱ

2255 2710 2583 2781 σταυρωταίς
2642 2704 2785 2774 Ὀτι,
2816 2709 2969 2779 νόμον
3021 2710 3113 2758 καί
3152 2712 3417 2779 προφήτας
3471 2705 3847 2781 ἀναγινώσκον-

2251 2813 2354 2862 τες,
2409 2797 2495 2847 τὸν
2537 2797 2719 2866 καιρὸν
2765 2802 2859 2858 τῆς
2911 2794 3071 2847 αὐτοῦ
3117 2800 3413 2869 παρουσίας
3461 2796 3850 2872 προκαταγγελο

2251 2882 2448 2951 λοντας,
2501 2883 2563 2937 ού
2620 2887 2773 2956 μόνον
2811 2883 2906 2936 ούκ
2957 2884 3186 2956 ἔγνωσαν
3243 2883 3399 2937 αύτὸν
3446 2884 3573 2940 εἶναι
3625 2889 3712 2938 τόν
3779 2886 3853 2949 εἰς

2251 2978 2428 3032 κοινὴν
2481 2977 2744 3048 σωτηρίαν
2801 2972 3101 3049 ἐρχόμενον,
3155 2972 3285 3026 ἀλλά
3338 2980 3429 3027 καί
3483 2973 3674 3038 πολλὰς
3714 2974 3852 3053 εὐερ-

486 3072 687 3124 torum
704 3066 1137 3123 beneﬁciorum
1160 3070 1465 3123 auctorem
1486 3065 1545 3122 in
1569 3081 1810 3123 crucem
1831 3065 2139 3124 sublatum

2256 3064 2434 3133 γεσίας
2454 3057 2838 3134 ἐπιδειξάμενον
2861 3058 3052 3114 ἀνεῖλον
3080 3067 3491 3136 σταυρώσαντες.

486 3155 919 3212 exstinxeru‘nt.

564 3270 647 3321 16.
693 3268 835 3322 [tem
867 3265 1035 3321 aiunt
1062 3282 1074 3319 :
1104 3265 1173 3323 Si
1192 3264 1544 3322 maledicius
1567 3268 1653 3323 est
1672 3265 1860 3322 omnis
1882 3266 1987 3337 qui
2000 3280 2141 3335 pen-

488 3357 584 3411 det
618 3356 681 3411 in
710 3356 876 3425 ligno
903 3356 946 3421 ³,
1002 3352 1274 3410 sublatus
1297 3359 1501 3410 autem
1529 3354 1592 3410 in
1617 3370 1855 3411 crucem
1883 3353 2144 3411 Christus

491 3458 738 3517 quoque
768 3442 897 3511 fuit,
923 3442 1019 3497 hic
1048 3441 1271 3514 pariter
1299 3442 1655 3499 maledictus
1686 3448 1794 3499 est.
1830 3442 2145 3508 Quomodo

491 3536 693 3587 autem
744 3547 779 3587 a
820 3530 1139 3586 maledicto
1190 3530 1530 3587 benedictio
1576 3530 1865 3587 dabitur?
1904 3531 2017 3588 Sed
2043 3548 2147 3588 au-

490 3618 664 3674 dinnt
691 3636 727 3673 a
756 3618 931 3672 nobis
966 3635 977 3672 :
1012 3617 1179 3689 quod
1210 3620 1365 3673 Deus
1393 3634 1585 3691 quum
1608 3622 1785 3689 esset,
1835 3618 2026 3676 factus
2057 3624 2148 3676 est

492 3710 737 3778 propter
757 3720 870 3759 nos
894 3705 1101 3771 homo,
1124 3710 1179 3759 et
1204 3704 1582 3761 infirmitates
1609 3711 1844 3780 nostras
1866 3707 2146 3780 portavit,

493 3798 550 3849 et
577 3792 900 3862 languores
928 3790 1186 3863 pertulit,
1242 3797 1297 3847 et
1352 3798 1607 3849 mortem
1648 3778 1923 3863 gusta'tit,
1954 3796 2019 3851 ut
2037 3810 2149 3852 nos

494 3882 672 3938 morti
730 3897 800 3937 ac
859 3879 1180 3936 maledicto
1206 3879 1601 3937 subtraheret.
1634 3884 1782 3938 Nam
1835 3884 2146 3953 sententia,

496 3973 622 4039 Quo
653 3972 747 4027 die
778 3986 831 4026 cr
850 3970 1173 4035 m'za’eritis,
1206 3976 1394 4027 morie
1414 3972 1751 4029 moriemini
1770 3971 1830 4042 3;
1858 3976 1934 4040 et,
1960 3974 2148 4030 Male-

495 4062 659 4118 dicta
682 4068 844 4117 teiva
882 4077 945 4115 in
970 4058 1246 4129 operibus
1270 4060 1387 4115 tuis
1416 4060 1457 4124 ³ο,
1490 4058 1618 4114 haec
1672 4059 1924 4143 humani
1961 4062 2149 4118 nostri

497 4151 734 4220 generis
755 4148 988 4221 puu‘ﬁo
1019 4154 1125 4205 est.
1162 4148 1254 4205 Sic
1294 4149 1474 4204 etiam
1519 4148 1858 4209 maledictio
1890 4150 2150 4208 Christus

496 4239 690 4294 dictus
722 4238 847 4301 fuit,
877 4244 933 4293 et
958 4243 1160 4293 tamen
1200 4253 1236 4293 a
1283 4237 1434 4308 legis
1478 4236 1891 4295 maledictionc
1918 4255 2028 4297 nos
2057 4257 2147 4297 re-

497 4326 703 4382 demit.
737 4328 804 4381 Et
834 4325 987 4381 sicut
1036 4325 1099 4381 in
1150 4324 1386 4382 Adamo
1424 4342 1637 4382 omnes
1667 4328 1886 4383 mortui
1916 4345 2146 4398 sumus,

2327 3256 2415 3321 ις’.
2471 3256 2631 3309 Πάλιν
2683 3256 2951 3329 λέγουσιν·
3014 3256 3076 3311 Εἰ
3126 3255 3510 3335 ἕπικατάρατος
3544 3263 3644 3322 πᾶς
3680 3260 3708 3312 ὁ
3735 3278 3851 3335 κρε-

2253 3348 2479 3420 μάμενος
2519 3344 2607 3399 ἐπί
2665 3344 2844 3417 ξύλου,
2904 3344 3170 3420 ἀνηρτὴθη
3219 3344 3280 3400 δε
3303 3348 3444 3400 καίὸ
3475 3351 3709 3425 Χριστὸς
3763 3351 3851 3402 ἐπί

2257 3435 2426 3508 ξύλου,
2488 3436 2862 3511 ἐπικατάρατος
2917 3436 3022 3511 ἄρα
3074 3441 3164 3489 καί
3214 3436 3360 3499 οὗτός
3412 3435 3545 3493 ἐστι.
3589 3440 3691 3492 Καί
3741 3445 3849 3500 πῶς

2256 3524 2356 3578 ἀπὸ
2408 3531 2500 3578 τοῦ
2557 3523 2938 3597 ἐπικαταράτου
2984 3524 3191 3599 εὐλογία
3221 3522 3350 3585 δοθή
3363 3545 3541 3591 σεται;
3566 3527 3851 3581 Ἀκούουσι

2257 3611 2316 3667 δὲ
2373 3613 2425 3677 ἐξ
2466 3615 2632 3686 ἡμῶν,
2665 3617 2744 3668 ὅτι
2789 3614 2988 3687 Ὠσπερ
3041 3617 3067 3668 ό
3125 3618 3253 3679 Θεὸς
3284 3616 3350 3668 ὢν
3398 3620 3575 3689 γέγονε
3605 3612 3678 3670 δι’
3706 3618 3849 3690 ἡμᾶς

2255 3705 2548 3778 ἄνθρωπος,
2619 3709 2709 3757 καί
2768 3707 2862 3768 τὰς
2920 3702 3183 3767 ἀσθενείας
3241 3706 3387 3778 ἡμῶν
3440 3702 3550 3780 ἦρε,
3601 3709 3693 3758 καί
3749 3707 3846 3767 τὰς

2255 3798 2438 3854 νόσους
2490 3792 2769 3863 ἐϐάστασε,
2827 3798 2917 3847 καί
2976 3796 3197 3847 θανάτου
3245 3794 3511 3867 ἐγεύσατο,
3582 3793 3644 3846 ἶν’
3709 3794 3847 3867 ἡμᾶς

2255 3888 2347 3936 καί
2393 3890 2485 3936 τοῦ
2536 3885 2758 3937 θανάτου
2810 3888 2900 3936 καί
2950 3890 3045 3946 τῆς
3103 3885 3335 3958 κατάρας
3386 3882 3731 3957 ἕλευϐερὼσηυ
3784 3885 3846 3937 τὸ

2255 3974 2380 4048 γὰρ,
2437 3978 2507 4025 Ἦ
2565 3969 2616 4025 δ’
2696 3970 2756 4025 ἂν
2818 3974 2990 4046 ἡμέρᾳ
3038 3975 3254 4046 φάγητε,
3316 3973 3518 4045 θανάτῳ
3581 3970 3850 4025 ἀποθανεῖ-

2259 4063 2369 4129 σθε,
2420 4065 2510 4113 καί
2565 4063 2644 4133 τό,
2723 4061 3128 4132 Ἐπικατάρατος
3192 4063 3222 4121 ἠ
3282 4069 3351 4134 γῆ
3412 4062 3460 4115 ἐν
3515 4068 3623 4125 τοῖς
3684 4064 3854 4135 ἔργοις

2261 4168 2376 4217 σου,
2428 4158 2528 4203 τῶν
2582 4148 2861 4226 ἀνθρώπων
2926 4153 3068 4224 ἡμῶν
3122 4149 3416 4225 ἐπιτίμιον·
3467 4151 3601 4205 οὕτω
3633 4155 3725 4205 καί
3762 4171 3855 4205 κα-

2256 4243 2392 4316 τάρα
2446 4244 2661 4310 ἤκουσε,
2700 4246 2790 4293 καί
2831 4248 2924 4304 τῆς
2976 4239 3030 4293 ἐκ
3081 4249 3171 4294 τοῦ
3216 4246 3374 4313 νόμου
3428 4244 3660 4317 κατάρας
3720 4243 3857 4314 ἡμᾶς

2257 4328 2575 4404 ἐξηγόρασε·
2622 4335 2713 4383 καί
2764 4332 2936 4405 ὥσπερ
2988 4328 3034 4383 ἐν
3078 4338 3150 4401 τῷ
3204 4326 3379 4403 Ἀδὰμ
3424 4332 3608 4392 πάντες
3664 4328 3855 4384 ἀπεθάο

498 4415 582 4471 sic
614 4416 676 4470 in
708 4414 937 4471 Christo
968 4429 1181 4470 omnes
1204 4414 1500 4471 vivemus.
1548 4415 1703 4472 Licet
1742 4418 1921 4473 etiam
1952 4434 2147 4475 exem-

2256 4438 2423 4492 νομεν,
2470 4420 2632 4481 οὕτως
2681 4417 2728 4470 ἐν
2793 4428 2865 4490 τῷ
2896 4426 3110 4490 Χριστῳ
3135 4420 3317 4480 πάντες
3346 4420 3598 4492 ζήσομεν.
3643 4418 3855 4482 Ἔξεστι

496 4504 599 4576 plo
629 4503 744 4559 hoc
772 4502 1209 4559 demonstrare.
1240 4507 1305 4559 In
1335 4503 1572 4560 deserto
1593 4509 1894 4579 serpentes
1915 4508 2146 4564 morde-

496 4593 648 4650 bant
678 4591 955 4649 Hebraeos
990 4609 1002 4648 :
1037 4593 1331 4666 serpentis
1371 4598 1593 4665 autem,
1643 4596 1745 4668 qui
1795 4594 1937 4652 olim
1968 4597 2148 4653 mele-

498 4683 695 4740 dictus
723 4681 935 4751 fuerat,
982 4681 1142 4739 facta
1190 4697 1360 4755 aenea
1411 4683 1673 4753 imagine
1703 4686 1954 4756 Moyses,
1984 4685 2148 4756 ligno

497 4788 634 4829 eam
666 4771 996 4843 suspendit,
1030 4770 1296 4844 dixitque
1325 4789 1338 4826 :
1375 4771 1490 4838 Qui
1536 4788 1572 4828 α
1613 4781 1886 4843 serpente
1918 4791 2149 4833 morsus

494 4863 704 4932 fuerit,
774 4862 855 4917 ad
912 4862 1074 4917 liimc
1110 4867 1439 4930 serpentem
1496 4864 1799 4931 respiciat,
1853 4869 1904 4919 ct
1949 4866 2148 4922 salvus

494 4953 594 5019 fiet
620 4952 661 5006 ⁵.
696 4953 829 5007 Erat
858 4955 1060 5006 autem
1090 4949 1139 5005 is
1167 4965 1414 5022 serpens
1442 4950 1655 5007 Christi
1683 4950 1898 5023 ﬁgura.

575 5134 659 5185 17.
701 5133 951 5201 insuper
986 5128 1071 5185 illi
1101 5129 1268 5186 aiunt
1303 5145 1316 5184 :
1352 5130 1486 5197 Vos,
1513 5128 1846 5212 Christiani,
1896 5132 1977 5190 ita
2022 5146 2151 5190 cru-

500 5235 630 5276 cem
657 5218 981 5275 honoratis.
1017 5219 1541 5293 quemadmodum
1562 5219 1790 5279 Christo
1820 5221 1930 5296 ipsi
1960 5223 2149 5281 hono-

401 5373 411 5381 ,
499 5324 628 5365 rem
659 5306 921 5363 defertis.
952 5308 1148 5379 Atqui,
1182 5323 1294 5364 nos
1335 5307 1666 5380 inquimus,
1693 5307 1989 5367 calumnia
2020 5313 2150 5369 haec

501 5396 818 5455 manifesta
847 5402 953 5454 est.
988 5399 1136 5455 Nam
1171 5398 1433 5455 Christus
1464 5415 1500 5457 a
1524 5398 2058 5460 nobiS'honoratur
2086 5408 2151 5461 ut

2257 4505 2318 4561 δὲ
2368 4512 2459 4560 καί
2518 4507 2619 4559 ἀπὸ
2674 4504 3103 4582 παραδείγματος
3153 4516 3500 4584 παραστῆσαι
3547 4514 3700 4563 τοῦτο
3731 4525 3745 4538 ·
3803 4510 3853 4561 ἓν

2256 4604 2317 4670 τῇ
2389 4595 2563 4669 ἐρήμῳ
2614 4598 2663 4649 οἱ
2709 4600 2842 4669 ὄφεις
2915 4600 3034 4658 τοὺς
3090 4594 3361 4669 Ἐϐραίους
3405 4593 3649 4650 ἔδακνονο
3682 4595 3855 4649 εἰκόνα

2258 4682 2318 4739 δι
2371 4684 2579 4758 χαλκῆν
2623 4689 2802 4758 ὄφεως,
2851 4684 2903 4746 ὃς
2954 4683 3329 4758 ἑπικατείρατος
3382 4689 3597 4753 ἤκουσε,
3629 4689 3854 4747 ποιήσας

2256 4782 2482 4840 Μωύσῆ,
2549 4772 2914 4850 ἀνεσταύρωσέ
2937 4793 2992 4827 τε
3024 4779 3249 4842 τουτονί,
3284 4780 3375 4827 καί
3431 4773 3564 4829 εἶπεν
3594 4789 3608 4805 ’
3657 4772 3715 4826 '0
3751 4769 3852 4826 δα-

2258 4870 2497 4937 κνόμενος
2534 4865 2633 4916 ύπό
2701 4868 2860 4937 ὄφεως
2900 4867 3209 4938 προσεχέτω
3250 4869 3418 4936 τούτῳ
3455 4873 3528 4935 τῷ
3595 4867 3724 4936 ὄφει,
3761 4868 3853 4917 καί

2262 4957 2579 5014 σωθήσεται.
2613 4953 2708 5008 Ἦν
2741 4950 2799 5007 δὲ
2829 4956 2854 5007 6
2873 4958 2986 5027 ὄφις
3015 4954 3165 5015 οὗτος
3192 4952 3466 5016 ἀντίτυπος
3486 4961 3577 5008 τοῦ
3600 4960 3851 5030 Κριστοῦ.

2334 5133 2417 5196 ιζ’·
2466 5136 2601 5209 Πρὸς
2639 5135 2846 5196 τούτοις
2866 5132 3108 5205 λέγουσιν
3157 5135 3222 5195 ὡς
3266 5133 3437 5207 Ὑμεῖς
3465 5135 3513 5187 οἱ
3549 5138 3863 5209 Χριστιανοὶ

2258 5224 2394 5277 οὕτω
2449 5229 2634 5297 τιμᾶτε
2681 5226 2768 5275 τόν
2819 5226 3066 5298 σταυρόν,
3110 5224 3280 5285 καθὼς
3335 5225 3439 5297 ἄρα
3493 5227 3583 5275 καί
3624 5227 3712 5276 τὸν
3735 5230 3862 5297 Χρι-

2261 5317 2380 5368 στὸν
2424 5319 2626 5387 τιμᾶτε,
2690 5319 2852 5365 Τοῦτο
2905 5309 2965 5365 δέ
3011 5311 3125 5365 ἐστι
3180 5317 3501 5386 συκοφαντία
3546 5309 3808 5387 πρόδηλος
3842 5329 3858 5345 ·

2259 5406 2285 5456 6
2324 5406 2413 5477 μὲν
2442 5405 2542 5477 γὰρ
2570 5404 2801 5477 Χριστός
2832 5407 3048 5474 τιμᾶται
3092 5402 3215 5476 παρ’
3255 5403 3401 5475 ἡμῶν
3440 5405 3507 5465 ὡς
3547 5404 3699 5475 Θεὸς,
3738 5403 3766 5456 6
3797 5399 3861 5456 δὶ

578 5580 596 5614 ι
634 5579 802 5637 Joan.
838 5593 894 5648 ιι,
924 5576 1134 5648 18,19.
1174 5579 1199 5617 ²
1235 5555 1672 5653 Deut.xx1,23;
1702 5579 1889 5641 Galat.
1913 5596 1997 5652 ui,
2030 5581 2118 5642 13.

2256 5584 2363 5641 ten.
2389 5598 2455 5653 ιι,
2487 5583 2573 5642 17.
2615 5582 2638 5621 ⁴
2677 5581 2825 5643 Gen.
2851 5594 2936 5655 ιιι,
2967 5583 3052 5642 l7.
3096 5581 3119 5621 ⁵
3156 5582 3338 5644 Num.
3365 5596 3483 5656 ιιι,
3514 5582 3569 5639 8.
