4126 6228
245 343 333 394 133

1589 315 1934 384 THESAURI
1975 331 2105 388 LIB.
2149 317 2254 388 xx'.

3498 319 3599 407 134

240 465 320 512 καί
346 455 582 530 βδελλῶν
607 459 697 505 καί
720 457 1081 525 μασσὴματος
1101 470 1112 481 ·
1156 457 1250 504 καί
1275 453 1374 512 ὅτι,
1405 461 1497 504 τοῦ
1529 452 1800 526 ἀνθρώπου
1822 451 2157 520 πλασθέντος,
2179 460 2225 508 οἱ
2257 461 2346 529 μὲν
2386 457 2528 509 ἄλλοι
2559 461 2741 519 πάντες
2768 461 2976 531 ἄγγελοι
3009 471 3142 517 Θεοῦ
3159 471 3437 540 προστάξει
3470 493 3600 545 προ-

245 551 420 602 σεκύνη
432 565 531 597 σαν
545 543 685 613 αύτῷ
703 563 714 574 ·
741 547 894 614 μόνος
919 537 978 592 δὲ
999 542 1022 592 ὁ
1047 541 1224 614 Βελίαρ
1248 542 1339 593 ούκ
1359 540 1570 598 ἐπείσθη
1597 548 1863 613 προσκυνῦ
1875 560 1984 598 σαι.
2006 549 2104 595 Καί
2125 545 2206 597 ἐπί
2227 553 2358 598 πᾶσι
2379 550 2578 606 τούτοις
2600 545 2960 620 ἁναθεματίζω
2983 555 3068 604 τὸν
3088 559 3215 608 Θεὸν
3238 565 3328 609 τοῦ
3341 559 3597 634 Μωάμεδ,

243 643 347 709 περί
367 635 427 687 οὗ
449 635 588 704 λέγει
625 636 706 684 ὅτι
726 631 881 689 αὐτὸς
906 629 1014 681 ἐστι
1051 634 1170 689 Θεὸς
1197 631 1267 691 εἷς
1297 630 1584 702 ὁλοσφυρος
1606 631 1702 701 [6ςῖ
1729 631 1821 681 οὐκ
1853 629 2116 700 ἐγέννησεν
2140 631 2264 686 ούὸε
2291 633 2556 705 ἐγεννήθη,
2589 633 2711 688 οὐδὲ
2737 636 2926 708 ἐγένετο
2950 642 3121 713 ὅμοιος
3149 645 3288 716 αύτῴ
3320 667 3418 708 τις.

305 728 381 777 Τὰ
438 724 687 797 εἰρημένα
737 725 910 771 τοίνυν
951 720 1172 785 ἅπαντα,
1236 725 1325 772 καὶ
1364 720 1515 771 αὐτὸν
1556 725 1640 771 τὸν
1682 721 1843 771 Μωά-
1877 724 1924 773 Α

245 811 357 886 μεδ,
409 818 504 864 καὶ
548 815 636 862 τὸν
672 807 1001 881 σφυρήλατον
1043 808 1203 860 αὐτοῦ
1262 813 1390 860 Θεὸν
1432 807 1841 879 ἁναθεματίζων,

243 908 327 954 καὶ
399 899 834 969 ἀποτασσομενος
899 897 1089 959 αὐτοῖς,
1167 901 1532 969 συντάσσομαι
1579 905 1650 966 τῷ
1709 899 1848 968 μόνῳ

243 990 462 1059 ἀληθινῲ
507 996 624 1058 Θεῲ
665 996 737 1055 τῷ
779 989 990 1057 Χριστῷ
1025 987 1166 1055 (18)·
1210 990 1298 1037 καὶ
1328 989 1557 1038 πιστεύω
1616 987 1685 1046 εἰς
1743 993 1846 1037 Ila-

243 1084 360 1154 τέρα
397 1084 490 1130 καὶ
557 1079 674 1130 Υιον
751 1079 836 1126 καὶ
893 1075 1039 1144 ἅγιον
1091 1081 1316 1146 Πνεῦμα,
1367 1081 1462 1132 την
1529 1075 1680 1144 ἁγίαν
1754 1064 1845 1125 καὶ

245 1170 522 1240 ὁμοούσιον
577 1171 670 1217 καὶ
734 1163 1033 1235 ἀχώριστον
1078 1161 1317 1236 Τριάδα·
1352 1167 1442 1215 καὶ
1472 1167 1566 1222 τὴν
1599 1166 1844 1236 ἓνσαρκον

244 1258 540 1327 οἰκονομίαν
577 1259 668 1306 καὶ
706 1255 838 1327 πρὸς
890 1250 1190 1324 ἀνθρώπους
1245 1249 1529 1324 ἐπιδημίαν
1585 1251 1844 1323 ὁμολογῶν

249 1355 334 1398 τοῦ
372 1354 472 1406 τῆς
512 1345 668 1415 ἁγίας
706 1337 936 1414 Τριάδος
996 1340 1100 1400 ἐνὸς
1137 1348 1229 1392 τοῦ
1266 1349 1566 1412 μονογενους
1603 1345 1725 1392 Υιού
1756 1345 1845 1392 καὶ

251 1441 414 1505 Λογου
449 1442 542 1485 του
576 1439 730 1498 Θεου,
785 1437 875 1481 τού
912 1428 966 1480 ἐκ
1007 1437 1098 1481 τού
1149 1433 1353 1503 Πατρὸς
1390 1433 1489 1501 πρὸ
1521 1431 1718 1481 πάντων
1748 1437 1846 1480 τῶν

251 1525 440 1574 αἰώνων
497 1522 848 1592 γεννηθέντος,
882 1514 956 1569 δι’
991 1517 1049 1569 οὗ
1089 1520 1153 1569 τὰ
1199 1519 1368 1570 πάντα
1425 1517 1618 1588 ἐγένετο
1643 1540 1655 1550 ν
1705 1523 1844 1589 γενέ-

256 1615 372 1664 σθαι
422 1618 604 1662 τοῦτον
665 1607 1094 1679 πληροφορούμαι
1147 1609 1281 1658 κατὰ
1338 1606 1580 1664 ἀλήθειαν
1643 1606 1846 1680 ἀνθρω-

255 1720 364 1767 πον,
441 1704 514 1771 μὴ
577 1697 836 1749 ἐκστάντα
881 1703 970 1754 τῆς
1008 1695 1201 1756 οἰκείας
1258 1697 1529 1756 Θεοτητος·
1589 1701 1679 1748 καὶ
1720 1693 1848 1748 εἶναι

257 1793 337 1840 τον
375 1788 530 1840 αὑτὸν
573 1789 704 1839 Θεὸν
744 1781 950 1844 ἀληθῶς
978 1791 1068 1835 καὶ
1106 1785 1375 1858 ἄνθρωπον
1420 1783 1623 1845 ἀληθῶς
1670 1783 1848 1855 ἀσυγ-

261 1881 450 1947 χύτως,
512 1875 778 1950 ἀτρέπτως
845 1876 936 1923 καὶ
1001 1870 1371 1939 ἀναλλοιώτως,
1439 1871 1487 1924 ἐν
1560 1873 1849 1925 ὑποστάσει

263 1970 348 2016 καὶ
414 1961 541 2016 δυσὶ
586 1965 836 2034 φύσεσιν·
899 1959 1140 2020 ἑκουσίως
1186 1979 1239 2012 τε
1293 1961 1462 2012 πάντα
1515 1963 1697 2014 παθεῖν
1759 1966 1850 2014 καὶ

275 2053 630 2125 σταυρωθῆναι
681 2053 861 2121 σαρκὶ,
929 2056 1019 2108 τῆς
1096 2050 1331 2110 θεότητος
1383 2048 1615 2109 ἀπαθοῦς
1678 2052 1845 2122 μεινά⁸
1879 2067 1920 2120 Β

271 2160 392 2202 σης·
451 2145 539 2192 καὶ
586 2147 832 2210 ταφῆναι,
882 2142 970 2189 καὶ
1044 2142 1321 2212 τριήμερον
1379 2136 1684 2208 ἀναστῆναι,
1760 2144 1850 2191 καὶ

275 2231 342 2289 εἰς
387 2230 624 2303 οὐρανούς
675 2227 1070 2297 ἀναληφθῆναι·
1129 2231 1218 2278 καὶ
1275 2227 1414 2288 ἥξειν
1454 2226 1500 2278 ἐν
1534 2225 1683 2300 δοξη,
1734 2227 1850 2300 μέλ-

277 2318 428 2368 λοντα
480 2323 640 2390 κρῖναι
703 2319 898 2378 ζῶντας
942 2319 1031 2366 καὶ
1081 2317 1290 2386 νεκρούς
1317 2315 1448 2385 (19).
1482 2321 1691 2373 Καὶτην
1716 2321 1851 2369 κατὰ

295 2409 456 2477 σάρκα
513 2413 678 2456 τοῦτον
740 2411 991 2455 τεκοῦσαν
1059 2405 1333 2475 Παρθένον,
1420 2404 1570 2474 ἁγίαν
1645 2410 1850 2478 Μαρίαν

299 2494 555 2564 Παρθένον,
617 2497 701 2542 καὶ
738 2497 986 2562 μείνασαν
1047 2494 1176 2562 μετὰ
1237 2497 1388 2544 τόκον
1456 2495 1723 2564 παρθένον,
1761 2513 1851 2544 κυ-

286 2586 408 2652 ρίως
453 2585 534 2631 καὶ
589 2579 780 2641 ἀληθῶς
847 2585 1097 2631 Θεοτοκον
1154 2586 1242 2631 καὶ
1303 2584 1533 2632 πιστεύω
1571 2587 1660 2633 καὶ
1699 2581 1849 2653 λέγω,

281 2674 364 2720 καὶ
400 2673 466 2728 ὡς
517 2673 642 2720 κατὰ
697 2667 938 2726 ἀληθειαν
997 2673 1210 2740 Μητέρα
1250 2677 1382 2721 Θεου
1422 2669 1850 2744 ἐνανθρωπὴσαν-

275 2773 381 2818 τος·
432 2763 518 2808 καὶ
565 2754 657 2809 διὰ
704 2767 858 2809 τούτο
888 2762 1070 2829 κυρίαν
1109 2762 1198 2808 καὶ
1249 2754 1528 2810 δέσποιναν
1588 2759 1634 2810 ἐν
1664 2763 1852 2833 χάριτι

273 2851 595 2916 γεγενημένην
631 2849 813 2905 πάσης
878 2854 968 2905 τῆς
1006 2851 1215 2905 κτίσεως
1255 2856 1530 2919 προσκυνῶ
1567 2853 1656 2899 καὶ
1694 2858 1847 2920 τιμῶ.

271 2941 360 2986 Καὶ
410 2939 496 2986 τὸν
539 2939 681 3009 παρὰ
719 2943 830 2996 τοῖς
870 2942 1204 3008 Χριστιανοῖς
1252 2945 1514 3007 μυστικῶς
1548 2939 1850 3010 ἱερουργού-

263 3042 398 3093 μενον
462 3026 620 3097 οῖρτον
664 3029 755 3076 καὶ
799 3027 886 3074 τὸν
915 3020 1067 3092 οἶνον,
1095 3024 1162 3073 ὧν
1203 3023 1252 3074 ἐν
1290 3031 1404 3083 ταῖς
1437 3026 1600 3086 θείαις
1627 3024 1850 3087 τελεταῖς

260 3111 730 3183 μεταλαμϐάνουσι,
784 3114 1030 3184 πείθομαι
1068 3117 1157 3163 καὶ
1214 3111 1449 3183 ὁμολογῶ
1500 3120 1589 3164 καὶ
1619 3117 1848 3166 πιστεύω

261 3209 402 3272 σῶμα
467 3205 556 3252 καὶ
638 3203 773 3272 αἷμα
828 3205 961 3252 κατὰ
1029 3199 1270 3258 ἀληθειαν
1328 3198 1456 3253 εἶναι
1510 3211 1598 3253 τού
1655 3207 1848 3275 Κυρίου

263 3291 427 3348 Ἰησοῦ
483 3299 742 3365 Χριστοῦ,
811 3289 1226 3362 μεταϐαλλομενα
1299 3299 1360 3362 τῇ
1441 3291 1630 3343 ἐκείνου
1704 3295 1845 3364 θεικῂ·

260 3430 518 3502 (ἐπάγοντα
538 3449 551 3460 ·
590 3431 962 3502 ἐξηγουμένους
994 3428 1053 3482 δὲ
1093 3431 1331 3502 θεοφιλῶς
1363 3435 1419 3502 τὸ
1458 3431 1528 3492 εἰς
1561 3429 1849 3484 σκάνδαλον
1879 3412 1920 3466 C

263 3497 408 3558 δῆθεν
440 3509 530 3554 καί
573 3497 896 3574 προσκομμα
931 3497 1196 3566 κείμενονί
1249 3508 1335 3554 καί
1367 3499 1753 3574 διασαφούντας
1776 3509 1847 3574 μὴ

260 3573 378 3644 ᾇλως
419 3579 553 3626 Θεὸν
583 3574 806 3644 ούρανοῦ
823 3573 922 3625 καί
969 3584 1066 3644 γῇς
1115 3578 1338 3631 ποιητὴν
1361 3573 1854 3644 καθυποϐάλλεσθίαι

265 3642 562 3715 ἀναθήματι,
614 3629 742 3696 ἀλλὰ
784 3649 868 3696 τὸν
906 3629 1048 3717 παρὰ
1085 3653 1156 3715 τῷ
1208 3635 1366 3716 ληρῶ
1395 3650 1483 3702 καί
1535 3641 1853 3717 δαιμονώδει

263 3719 477 3786 Μωάμετ
498 3715 945 3786 ἀναπλαττόμενον
972 3715 1256 3787 ὁλοσφυρον
1275 3715 1435 3783 Θεὸν,
1462 3723 1551 3768 καί
1580 3715 1711 3788 μητε
1735 3737 1854 3788 γεν-

261 3788 468 3862 νηθέντα
516 3794 658 3859 μήτε
706 3791 1047 3856 γεννήσαντα.
1084 3790 1232 3858 Παρὰ
1253 3795 1598 3862 Χριστιανοῖς
1637 3793 1726 3860 μεν
1751 3791 1853 3862 γὰρ

261 3853 582 3917 δοξάζεσθαι
615 3853 819 3930 Πατέρα
849 3862 996 3909 Θεον’
1060 3853 1193 3909 αύτᾶ
1240 3853 1318 3909 δὲ’
1347 3862 1410 3909 τα
1463 3853 1738 3916 ἀποϐλητα
1759 3853 1856 3930 τοῦ

257 3930 476 3999 Μωάμετ
495 3927 803 4003 ληρηματα,
825 3936 977 3980 τοῦτο
999 3927 1354 4002 ἁπαγορεύεινσ
1371 3930 1491 3989 ὅλως
1505 3935 1593 3980 καί
1614 3929 1776 3990 α”λλως
1799 3927 1858 3982 δὲ

257 4005 319 4068 μὴ
334 3998 577 4052 συνιέναί
601 3998 825 4072 ἀκριϐῶς
845 4001 1084 4051 ὁποῖοντί
1097 3998 1210 4052 ἐστί
1238 4003 1296 4052 τὸ
1325 3999 1629 4074 ὁλοσφυρον.
1655 4001 1714 4054 Id
1744 4006 1855 4066 est,

258 4071 628 4142 Hieronymo
657 4071 1204 4140 Voltiointerprete,
1252 4071 1469 4128 Exstat
1500 4071 1657 4126 inter
1681 4081 1856 4127 caete-

259 4157 349 4197 ras
370 4143 752 4197 catecheticae
783 4142 1004 4196 tabulae
1051 4144 1406 4208 sanctiones,
1441 4144 1761 4198 anathema
1792 4145 1856 4197 in

256 4213 536 4268 Moameti
557 4212 734 4284 deum
762 4230 774 4277 ;
804 4228 975 4284 quem
1003 4227 1113 4268 nec
1136 4215 1550 4284 genuissemec
1562 4216 1854 4284 genitum,

257 4284 350 4338 sed
381 4283 825 4352 holosphyron’
847 4298 968 4338 esse
1000 4285 1297 4351 affirmat.
1335 4283 1402 4339 Id
1429 4283 1754 4340 anathema
1782 4300 1855 4340 ex

258 4355 529 4409 omnibus
572 4356 946 4410 catecheticis
995 4355 1213 4410 libellis
1268 4355 1498 4411 aboleri
1545 4357 1752 4422 voluit,
1780 4356 1856 4410 ab

261 4429 380 4490 ipsa
433 4426 688 4494 Magnae
733 4426 991 4480 ecclesiae
1044 4426 1252 4480 tabula
1281 4429 1655 4494 auspicatus;
1683 4427 1860 4496 idque

261 4499 490 4552 ratione
516 4496 832 4566 probabili
873 4497 1117 4551 scilicet.
1173 4497 1382 4552 Aiebat
1409 4498 1560 4552 enim
1590 4498 1859 4566 blasphe-

261 4570 385 4623 miis
407 4570 470 4621 in
497 4569 688 4621 Deum
711 4567 1244 4637 qualibuscumque
1273 4569 1497 4636 o/fendi
1523 4572 1855 4636 Agarenos,

261 4640 358 4706 qui
411 4639 498 4693 ad
556 4640 726 4706 piam
777 4645 1041 4693 nostram
1122 4639 1466 4706 religionem
1519 4639 1854 4705 deﬁcerent.

264 4709 528 4764 Proinde
558 4713 849 4764 accersito
877 4711 1140 4766 maximo
1177 4710 1517 4776 Theodosio,
1576 4711 1681 4779 qui
1715 4715 1860 4765 tunc

260 4783 600 4849 principem
630 4780 822 4835 sedem
853 4757 1106 4835 curabat
1135 4787 1314 4850 atque
1340 4757 1618 4848 ornabat,
1648 4787 1705 4835 et
1733 4782 1854 4848 pri-
1892 4757 1937 4810 D

264 4854 466 4905 martis
493 4851 908 4906 sacerdotibus
954 4851 1058 4920 qui
1095 4857 1219 4904 tum
1251 4852 1314 4905 in
1346 4851 1491 4906 urbe
1514 4858 1707 4918 erant,
1739 4853 1858 4906 eto-

263 4923 507 4991 quenlia
533 4928 591 4977 et
629 4922 852 4977 virtute
897 4925 1270 4990 praestantes,
1315 4923 1694 4992 quastionem
1726 4937 1859 4977 cum

266 4994 488 5047 tumido
549 4992 802 5048 exordio
850 4999 1150 5060 proponit.
1193 4993 1312 5048 Sed
1356 5007 1556 5048 omnes
1583 4993 1859 5062 refraga-

267 5063 504 5131 bantur,
541 5077 652 5118 nec
706 5064 833 5117 ullo
878 5063 1052 5118 modo
1083 5063 1192 5119 illa
1221 5064 1636 5128 admittebant,
1671 5070 1734 5118 ut
1760 5065 1860 5119 ab-

263 5137 442 5189 surda
465 5142 524 5190 et
544 5150 583 5189 a
601 5148 743 5190 vera
763 5134 837 5189 de
863 5133 984 5189 Deo
1003 5138 1298 5190 sententia
1336 5134 1694 5190 abducentia
1729 5151 1740 5189 :
1769 5141 1860 5190 at—

265 5221 368 5274 que
383 5206 720 5260 anathema
735 5205 892 5258 illud
904 5205 1244 5273 offensionis
1255 5206 1477 5261 scilicet
1490 5207 1752 5274 ple-num,
1766 5206 1863 5273 pie

267 5276 673 5344 explicabant.
689 5276 814 5329 Nec
823 5276 978 5329 enim
995 5277 1184 5330 Deum
1199 5276 1328 5331 caeli
1347 5282 1399 5332 et
1414 5283 1590 5331 terrae
1601 5277 1864 5332 condito-

265 5362 379 5402 rem
393 5348 530 5402 ullo
540 5347 716 5402 modo
735 5345 1122 5402 anathemate
1143 5349 1346 5402 notari
1359 5360 1380 5414 ,°
1412 5348 1515 5404 sed
1535 5347 1860 5416 holosphy-

267 5433 370 5473 ron
384 5419 566 5474 illum
581 5420 979 5486 Deum,quem
993 5417 1218 5474 delirus
1247 5424 1300 5473 et
1330 5420 1596 5487 furiosus
1607 5418 1860 5475 Moame-

268 5496 356 5543 tus
385 5503 502 5544 nec
525 5491 796 5560 genitum
819 5503 927 5544 nec
944 5491 1282 5560 gignentem
1296 5491 1680 5558 conﬁngeret.
1703 5490 1861 5545 Nam

265 5561 430 5632 apud
464 5560 846 5618 Christianos
875 5561 1059 5615 Deum
1081 5561 1324 5616 Patrem
1354 5561 1676 5626 celebrari;
1703 5561 1864 5632 quod

266 5631 631 5693 detestandis
655 5632 946 5688 Moameti
963 5633 1536 5703 nugamentisptane
1551 5631 1862 5702 prohibea-

2023 721 2309 780 Praedicta
2342 725 2520 794 igitur
2561 726 2786 794 omnia,
2842 727 3164 802 ipsumque
3204 737 3600 802 Moamedem,

1953 813 2007 863 et
2034 809 2292 866 solidum
2320 813 2448 882 ejus
2474 815 2680 883 Deum,
2708 816 3165 887 anathematizo,
3187 821 3264 878 ab
3286 839 3476 898 eoque
3506 843 3602 882 me

1953 897 2242 970 abjungo,
2312 907 2366 956 et
2410 903 2713 974 conjungo
2755 921 2847 958 me
2915 922 3052 962 cum
3117 909 3246 966 solo
3302 929 3441 969 vero
3481 916 3601 972 Deo

1953 987 2203 1048 Christo.
2245 996 2301 1046 et
2336 991 2514 1046 credo
2545 992 2604 1046 in
2650 991 2905 1058 Patrem,
2961 997 3188 1068 Filium,
3223 1006 3280 1056 et
3317 1003 3600 1074 Spiritum

1951 1083 2248 1144 sanctum,
2265 1086 2533 1135 sanctam
2564 1085 3137 1159 coessentialemque
3159 1094 3214 1144 et
3234 1090 3603 1163 inseparabi-

1950 1163 2067 1220 lem
2081 1167 2448 1224 Trinitatem:
2471 1174 2527 1224 et
2543 1185 2573 1224 e
2595 1169 2798 1226 divina
2819 1172 3262 1246 dispensatione
3275 1181 3604 1252 profectam

1951 1253 2450 1322 incarnationem,
2478 1263 2658 1329 atque
2688 1259 2764 1313 ad
2786 1259 3061 1318 homines
3084 1263 3412 1323 adventum
3443 1269 3604 1324 unici

1954 1342 2360 1417 unigenitique
2411 1352 2631 1402 sanctae
2688 1348 2980 1404 Trinitatis
3035 1352 3156 1407 Filii
3177 1359 3235 1410 et
3262 1356 3433 1412 Verbi
3462 1357 3601 1422 Dei;

1951 1433 2052 1503 qui
2093 1449 2124 1486 e
2165 1435 2327 1488 Patre
2368 1442 2504 1489 ante
2536 1436 2741 1491 omnia
2777 1439 2999 1495 saecula
3037 1443 3272 1510 genitus
3291 1449 3472 1512 est,et
3499 1461 3605 1517 per

1951 1533 2132 1590 quem
2164 1521 2372 1576 omnia
2402 1522 2559 1577 facta
2586 1529 2724 1578 sunt
2753 1542 2766 1579 ε
2800 1533 3079 1595 certoque
3109 1543 3471 1600 persuasum
3501 1533 3605 1588 ha-

1953 1608 2086 1677 beo,
2117 1608 2277 1664 bunc
2308 1625 2444 1665 vere
2475 1611 2782 1668 hominem
2811 1612 3036 1671 factum
3079 1633 3231 1686 esse,
3263 1635 3388 1675 non
3417 1621 3604 1692 depo-

1955 1697 2069 1752 sita
2091 1704 2293 1754 tamen
2314 1699 2625 1756 divinitate
2648 1717 2758 1758 sua
2791 1719 2805 1758 :
2832 1704 3238 1778 eumdemque
3256 1724 3392 1764 vere
3419 1712 3606 1766 Deum

1954 1801 2110 1854 esse,
2140 1793 2196 1842 et
2223 1803 2360 1844 vere
2399 1787 2728 1856 hominem,
2787 1791 3020 1864 absque
3074 1794 3196 1850 ulla
3231 1797 3606 1863 confusione,

1955 1876 2308 1936 mutatione,
2335 1877 2705 1946 alteratione,
2737 1879 2796 1934 in
2826 1897 2942 1937 una
2973 1898 3254 1954 persona,
3287 1889 3343 1941 et
3367 1885 3609 1942 duabus

1957 1963 2227 2020 naturis:
2261 1964 2600 2021 voluntarie
2647 1982 2892 2040 quoque
2944 1972 3152 2028 omnia
3195 1988 3449 2044 passum
3478 1990 3608 2030 esse

1955 2056 2013 2107 et
2042 2053 2396 2108 cruciﬁxum
2427 2070 2605 2110 carne
2631 2072 2644 2122 ;
2703 2056 2785 2112 ita
2838 2063 3037 2114 tamen
3071 2065 3134 2115 ut
3163 2061 3444 2117 divinitas
3475 2079 3609 2133 pas-

1957 2141 2140 2196 sionis
2183 2157 2397 2214 expers
2447 2147 2770 2200 manserit:
2805 2146 3103 2216 sepultum
3155 2149 3334 2204 etiam
3378 2165 3505 2204 esse
3537 2166 3608 2205 ac

1958 2230 2124 2284 tertia
2174 2229 2269 2284 die
2316 2231 2726 2301 resurrexisse,
2787 2239 2965 2306 atque
3019 2252 3260 2291 sursum
3313 2237 3373 2292 in
3423 2238 3607 2294 caelos

1957 2324 2338 2390 assumptum
2396 2335 2524 2374 esse
2559 2337 2572 2374 :
2615 2327 2671 2376 et
2701 2322 3028 2378 rediturum
3061 2341 3192 2380 esse
3221 2326 3281 2380 in
3313 2325 3500 2397 gloria
3528 2327 3608 2382 ad

1949 2406 2348 2478 judicandum
2402 2408 2568 2462 vivos
2595 2415 2651 2464 et
2679 2415 2966 2466 mortuos.
3000 2418 3079 2467 Ac
3123 2413 3421 2482 Virginem
3443 2414 3609 2471 illam

1957 2513 2093 2569 quas
2125 2496 2461 2552 secundum
2489 2513 2732 2553 carnem
2750 2515 2886 2554 eum
2917 2502 3164 2573 peperit,
3189 2502 3452 2578 [nempe]
3479 2521 3611 2560 san-

1958 2592 2116 2642 ctam
2149 2587 2392 2641 Mariam
2425 2584 2743 2657 Virginem.
2775 2604 2912 2660 quae
2943 2595 2999 2645 et
3019 2598 3155 2662 post
3172 2598 3411 2664 partum
3442 2593 3609 2663 virgo

1958 2675 2201 2743 mansit,
2248 2677 2485 2746 proprie
2532 2691 2793 2748 vereque
2847 2678 3163 2750 Deiparam
3215 2686 3272 2736 et
3318 2681 3496 2739 credo
3551 2688 3611 2738 et

1956 2764 2114 2832 dico,
2168 2778 2428 2835 vereque
2454 2765 2697 2818 Matrem
2733 2766 2828 2820 Dei
2873 2766 3026 2822 inter
3075 2767 3352 2825 homines
3403 2770 3463 2826 in
3500 2770 3610 2826 hu-

1958 2867 2143 2906 mana
2199 2857 2415 2906 natura
2462 2852 2681 2907 versati
2739 2869 2752 2906 ε
2813 2859 2870 2909 et
2928 2860 3246 2927 propterea
3296 2873 3403 2929 per
3466 2858 3608 2929 [Dei]

1958 2939 2212 3009 gratiam
2265 2938 2463 2994 omnis
2509 2943 2796 2994 creaturae
2835 2940 3146 2998 dominam
3166 2943 3498 3017 heramque
3527 2945 3612 3001 fa-

1957 3033 2113 3084 ctam
2147 3027 2334 3082 adoro
2363 3033 2420 3082 et
2439 3026 2688 3082 honoro.
2725 3029 2990 3101 Quaeque
3031 3031 3198 3102 apud
3243 3033 3607 3088 Christianos

1961 3117 2210 3188 mystice
2233 3115 2660 3180 sacriﬁcantur,
2681 3131 2897 3186 panem
2921 3133 2990 3172 ac
3011 3121 3243 3187 vinum;
3271 3136 3407 3192 quae
3427 3121 3608 3177 etiam

1957 3205 2016 3259 in
2075 3203 2259 3258 divini
2323 3203 2470 3258 ritus
2535 3205 2874 3275 peractione
2922 3204 3022 3276 [ab
3079 3207 3187 3280 eis]
3240 3215 3604 3265 sumuntur:

1959 3307 2316 3366 persuasum
2357 3291 2573 3362 habeo,
2616 3292 2816 3359 credo,
2850 3298 2906 3350 et
2932 3293 3239 3365 conﬁteor,
3272 3311 3478 3353 revera
3503 3300 3612 3354 Do-

1962 3442 2080 3509 tur.
2109 3434 2331 3509 Deinde
2358 3448 2582 3509 se__non
2607 3435 2758 3509 satis
2804 3436 3144 3509 intelligere
3171 3438 3318 3509 quid
3343 3440 3420 3494 sit
3451 3440 3609 3495 illud

1963 3506 2388 3581 _holosphyron.
2419 3504 2526 3581 _Ubi
2548 3504 2724 3558 etiam
2758 3513 2902 3561 nota
2921 3504 3196 3562 libellum
3217 3510 3378 3564 hunc
3404 3510 3608 3581 appel-

1961 3577 2070 3633 lari
2099 3579 2462 3654 κατηχητικόν
2493 3581 2756 3654 ,πυκτίον,
2809 3593 2912 3631 seu
2936 3647 2944 3654 .
2970 3585 3364 3654 κατηχητήριον
3404 3577 3606 3654 βίϐλον,

1964 3663 2180 3720 nempe
2209 3646 2548 3720 Catecbesin
2588 3662 2796 3702 eorum
2843 3647 2948 3720 qui
2991 3665 3028 3705 a
3071 3646 3491 3706 S'aracenismo
3529 3651 3608 3708 ad

1965 3717 2379 3793 Christianam
2393 3717 2573 3793 ﬁdem
2597 3733 2726 3772 sese
2755 3717 3064 3789 agrégant,
3092 3721 3494 3793 eumdemque
3515 3739 3611 3777 su-

1963 3789 2298 3863 perioribus
2345 3788 2587 3863 duobus
2638 3788 2935 3863 tempore:
2963 3806 3083 3846 non
3109 3788 3472 3859 inferiorem,
3505 3793 3611 3848 sed

1963 3860 2653 3935 inqualem_aut__etiam
2710 3860 3108 3935 antiquiorem
3167 3878 3315 3935 esse.
3377 3864 3610 3935 Quippe

1964 3929 2132 4004 qu'od
2184 3929 2480 4004 Euthymii
2527 3931 2814 4004 Panoplia
2855 3929 2994 4004 _sub
3045 3933 3251 3988 Alexio
3303 3929 3610 3989 Comneno

1965 4000 2186 4074 scripta
2223 4001 2298 4055 sit
2319 4000 2342 4067 ;'
2389 4000 3094 4074 haacyero’Catechesis,
3119 4005 3296 4058 etiam
3326 4004 3610 4060 Manuelis

1966 4069 2253 4146 Conineni
2283 4069 2655 4146 temporibus
2699 4071 2758 4146 in
2797 4088 2926 4128 .usu
2953 4069 3126 4127 fuerit
3159 4091 3170 4128 :
3201 4075 3612 4146 quadraginta

1965 4145 2191 4200 circiter
2211 4143 2385 4197 annis
2411 4140 2548 4213 post
2576 4140 2865 4203 Alexium.
2899 4149 2960 4198 ut
2979 4149 3140 4213 patet
3167 4140 3242 4198 ei
3283 4140 3615 4200 Constanti-

1965 4212 2454 4291 nopolitangrum
2498 4212 2930 4291 imperatorum
2983 4212 3287 4291 catalogo,
3338 4215 3614 4291 editionis

1964 4293 2182 4341 nostrae
2213 4287 2338 4351 897,
2370 4287 2456 4338 29.
2490 4285 2774 4338 Caeterum
2789 4285 3124 4355 imperator
3144 4285 3205 4340 in
3231 4301 3302 4342 eo
3334 4287 3487 4344 sacri
3519 4303 3614 4342 or-

1965 4356 2122 4411 dinis
2151 4369 2445 4429 responso
2471 4353 2942 4429 nonacqtiievit,
2975 4355 3078 4409 sed
3110 4363 3323 4429 suapte
3355 4357 3614 4413 auctori-

1966 4432 2085 4483 tate
2121 4423 2462 4504 codi’cillum
2510 4423 2738 4504 edidit,"
2767 4425 2828 4478 in
2881 4441 3005 4503 quo
3034 4423 3400 4504 superiores
3430 4429 3615 4504 impe-

1965 4503 2195 4553 ratores
2219 4502 2399 4566 atque
2412 4499 2710 4568 antistites
2726 4499 2969 4566 taxavit,
2985 4503 3048 4552 ut
3069 4499 3171 4568 qui
3194 4501 3397 4556 minus
3426 4499 3616 4554 consi-

1966 4569 2168 4624 derate
2234 4566 2650 4638 permisissent
2680 4582 2917 4638 _verum
3000 4566 3184 4624 Deum
3249 4569 3616 4627 anathemati

1967 4637 2182 4708 subjici
2209 4635 2322 4702 ;'ut
2351 4637 2542 4691 fusius
2571 4635 2798 4708 ibidem
2825 4638 3056 4693 Nicetas
3074 4642 3265 4695 refert.

2191 4708 2580 4784 Mancini-orte
2628 4707 2845 4778 aliquis
2919 4716 3033 4778 Θεῷ
3102 4717 3201 4762 τῶν
3255 4718 3612 4784 Χριστιανῶν·

1968 4778 2072 4836 sed
2101 4778 2322 4834 lOcutio
2360 4778 2479 4844 illa,
2539 4785 2652 4852 (θεῷ
2702 4787 2790 4852 τῷ.
2819 4787 3054 4852 Χριστῷ,
3100 4778 3383 4852 repetitur
3411 4783 3471 4835 in
3525 4796 3617 4852 ar-

1968 4851 2227 4922 chetypo
2250 4854 2457 4922 nostro
2489 4848 2668 4922 etiam
2717 4848 3208 4922 aliquantopost,
3237 4850 3377 4922 folio
3409 4857 3525 4921 105,
3556 4851 3618 4906 in

1969 4919 2263 4977 cateebesi
2291 4935 2500 4975 eorum
2530 4919 2634 4990 qui
2689 4934 2725 4973 a
2770 4919 3079 4990 ludaismo
3111 4921 3190 4976 ad
3220 4919 3618 4978 Christianam

1967 4993 2152 5048 ﬁdem
2207 5006 2337 5046 sese
2386 4989 2736 5058 conferunt;
2794 4989 2897 5044 ubi
2949 4995 3006 5047 et
3054 4993 3368 5063 sequentia
3387 4993 3619 5050 eisdem

1967 5063 2165 5119 verbis
2194 5067 2448 5118 exstant.

2041 5135 2152 5210 (419)
2189 5135 2256 5210 In
2308 5133 2595 5210 praedicta
2653 5130 2754 5210 illa
2783 5129 3152 5210 dludeeorum
3209 5134 3508 5210 catechesi
3541 5139 3621 5210 ret

1968 5201 2261 5260 Judaismi
2319 5201 2957 5272 ‘anatbematizatione,
3031 5203 3245 5260 eodem
3300 5205 3443 5262 folio
3499 5209 3618 5272 105,

1970 5276 2156 5331 altera
2209 5274 2379 5339 facie,
2430 5288 2644 5328 aversa
2693 5271 2934 5334 scilicet,
2990 5273 3233 5330 brevius
3265 5281 3374 5340 est,
3407 5281 3496 5328 καί
3527 5271 3620 5333 τὴν

1970 5351 2103 5399 κατὰ
2146 5348 2318 5421 σάρκα
2363 5363 2556 5421 τουτον.
2590 5351 2842 5396 τεκούσαν
2885 5343 3038 5414 ἁγίαν
3089 5349 3343 5420 Παρθένον
3391 5353 3616 5419 Μαρίαν,

1969 5423 2061 5470 καί
2120 5413 2402 5490 μείνασανᾹ
2438 5413 2571 5490 μετὰ
2639 5420 2790 5466 τόκον
2836 5413 3141 5490 -παρθένον,
3168 5413 3179 5420 ’
3215 5420 3293 5474 Et
3349 5413 3620 5474 sanetam

1983 5487 2305 5568 Virginem
2334 5488 2629 5568 Mariam.
2663 5501 2795 5558 qua:
2815 5487 2985 5568 nunc
3022 5490 3350 5568 secundum
3379 5502 3621 5548 carnem

1965 5562 2221 5634 peperit,
2252 5564 2462 5631 etpost
2489 5563 2736 5630 partum
2765 5561 2935 5630 virgo
2959 5561 3198 5616 mansit.
