4126 6228
499 268 596 334 135

1837 264 2105 331 ΝΙΟΕΤᾹΞ
2151 262 2520 329 ΟΗΟΝΙΑΤΕ

3752 277 3853 331 136

496 400 645 458 mini
666 400 809 456 Jesu
830 398 1039 458 Christi
1058 411 1276 471 corpus
1304 412 1374 454 ac
1405 397 1763 467 sanguinem
1791 412 1943 465 esse,
1962 400 2141 453 transl

2268 389 2488 467 δυνάμει
2554 402 2734 470 νοερῶς
2786 414 2839 449 τε
2885 399 2974 449 καὶ
3009 394 3262 470 ἀοράτως,
3303 394 3430 469 ὑπὲρ
3472 398 3642 448 πᾶσαν
3703 415 3857 468 φυσιο

499 493 707 545 mutaa
763 487 1080 561 [videlicet]
1116 486 1322 545 divina
1378 486 1533 543 illius
1592 488 1860 561 potentia
1912 504 1924 543 :
1974 486 2157 559 idque

501 583 701 635 mente
752 584 807 634 et
853 594 975 633 non
1020 576 1207 633 oculis
1242 575 1630 649 perceptibili,
1660 591 2025 649 omnemque
2054 589 2159 631 na-

500 668 755 723 turalem
788 667 1210 737 cogitationem
1234 672 1551 739 superante
1584 665 1790 735 modo,
1818 682 1995 739 quem
2028 664 2157 738 ipse

502 756 665 812 solus
709 756 873 812 novit
906 773 917 810 :
952 760 1130 827 atque
1161 754 1241 811 ita
1270 760 1326 810 et
1377 769 1489 824 ego
1517 770 1615 811 me
1641 753 1740 810 illa
1770 770 1908 811 cum
1932 752 2156 809 caeteris

504 847 887 917 sumpturum
920 844 1233 909 assentior,
1257 848 1319 899 ut
1337 858 1470 916 quae
1494 859 1631 899 vere
1661 858 1803 899 caro
1826 848 1881 898 et
1908 841 2156 912 sanguis

500 934 549 1004 ej
562 950 631 989 us
647 935 847 994 sint.et
864 933 938 988 ad
954 933 1171 989 animze
1191 932 1577 1006 corporisque
1596 930 2151 996 sanctiﬁcationem,

500 1023 682 1078 vitam
741 1027 1047 1088 aeternam,
1108 1022 1393 1095 regnique
1447 1021 1701 1078 caelestis
1747 1021 2153 1077 hereditatem

502 1109 958 1185 adipiscendam
978 1117 1316 1179 sumantur,
1336 1110 1546 1167 abillis
1577 1112 1680 1183 qui
1706 1126 1777 1166 ea
1806 1109 1865 1166 in
1892 1108 2155 1182 perfecta

499 1200 616 1257 ﬁde
670 1202 1049 1273 participant.
1093 1201 1500 1273 Sanctumque
1566 1199 1779 1256 Christi
1825 1197 2151 1271 baptisma,

500 1306 651 1361 puro
684 1287 1013 1361 seduloque
1063 1289 1267 1344 animo
1318 1295 1374 1344 et
1422 1288 1622 1357 corde,
1656 1304 1725 1345 ac
1753 1287 1874 1344 ﬁde
1899 1287 2147 1357 sincera,

500 1378 767 1450 accipere
791 1377 1104 1445 desidero;
1160 1381 1319 1432 certo
1368 1392 1439 1432 ac
1483 1392 1619 1432 vere
1657 1392 2013 1449 persuasum
2046 1376 2151 1431 ha-

498 1467 669 1536 bens,
720 1466 865 1522 illud
920 1470 1117 1523 mente
1170 1466 1615 1539 perceptibilem
1672 1466 2150 1539 purificationem

498 1571 649 1620 esse,
676 1555 981 1626 animique
1007 1555 1225 1626 pariter
1246 1561 1301 1609 et
1322 1556 1587 1627 corporis
1614 1554 2149 1624 regenerationem.

500 1644 611 1701 Sed
637 1650 693 1699 et
716 1644 1119 1699 venerabilem
1180 1660 1417 1699 crucem
1467 1644 1738 1715 ejusdem
1788 1644 1909 1700 veri
1944 1643 2150 1699 Christi

2266 488 2360 541 κήν
2402 486 2613 556 ἔννοιαν,
2682 488 2749 547 ὡς
2807 482 2918 538 οἶδε
2973 489 3126 559 μόνος
3182 484 3368 545 αὐτός·
3408 490 3497 537 καὶ
3536 486 3669 538 οὕτω
3706 486 3854 558 κάγὼ

2265 572 2658 644 μεταλήψεσθαι
2713 578 2903 627 τούτων
2959 577 3282 648 συντίθεμαι,
3338 577 3407 635 ὡς
3442 577 3575 627 κατά
3618 573 3855 634 ἀλήθειαν

2264 665 2420 713 ὄντων
2497 667 2691 736 σαρκός
2743 683 2794 717 τε
2849 669 2938 717 καὶ
2992 666 3211 736 αἵματος
3264 663 3449 731 αὐτοῦ,
3490 669 3580 716 καὶ
3600 664 3669 724 εἰς
3705 665 3857 736 ἁγια-

2266 753 2395 822 σμόν
2461 751 2649 824 ψυχῆς
2700 771 2754 806 τε
2783 758 2872 806 καὶ
2920 761 3176 826 σώματος,
3216 757 3306 805 καὶ
3344 753 3480 813 ζωὴν
3510 754 3738 823 αἰώνιον,
3763 758 3855 807 καὶ

2263 837 2537 911 βασιλείας
2613 842 2839 917 οὐρανῶν
2915 841 3257 916 κληρονομίαν
3308 841 3852 916 μεταλαμϐανομένων,

2261 935 2370 991 τοῖς
2410 929 2577 981 αὐτῶν
2616 928 2664 983 ἐν
2703 936 2881 984 πίστει
2926 930 3094 1004 τελείᾳ
3130 935 3435 1004 μετέχουσι.
3480 936 3580 984 Καὶ
3618 935 3675 984 τὸ
3705 933 3854 1004 ἅγιον

2260 1025 2352 1071 τοῦ
2405 1025 2641 1091 Χριστοῦ
2709 1018 2988 1093 βάπτισμα
3059 1024 3191 1093 μετά
3255 1023 3483 1093 καθαρᾶς
3524 1026 3614 1074 καὶ
3661 1018 3853 1075 ἀδόλου

2258 1106 2442 1178 ψυχῆς
2497 1113 2585 1160 καὶ
2642 1105 2888 1183 καρδίας,
2948 1114 3036 1162 καὶ
3097 1116 3324 1172 πίστεως
3390 1109 3708 1184 εἰλικρινοῦς,
3740 1110 3854 1164 ἔπι-

2264 1199 2404 1259 ζητῶ
2445 1192 2719 1265 δέξασθαι,
2785 1199 3260 1272 πληροφορούμενος
3330 1198 3530 1262 ἀληθῶς
3595 1202 3854 1275 κάθαρσιν

2260 1284 2385 1336 αὗτό
2452 1290 2641 1345 νοητὴν
2696 1284 2844 1353 εἶναι,
2904 1292 2994 1339 καὶ
3035 1286 3372 1360 ἀναγέννησιν
3425 1287 3608 1360 ψυχῆς
3660 1308 3715 1341 τε
3763 1295 3854 1343 καὶ

2262 1379 2516 1446 σώματος.
2571 1379 2671 1428 Καὶ
2708 1379 2795 1429 τόν
2854 1375 3137 1449 σεϐάσμιον
3188 1374 3247 1430 δὲ
3301 1381 3524 1452 σταυρὸν
3567 1385 3660 1430 τοῦ
3690 1380 3852 1432 αὐτου

2259 1461 2503 1520 ἀληθινοῦ
2533 1472 2767 1537 Χριστόν
2810 1470 2898 1517 καὶ
2942 1473 3076 1518 Θεοῦ
3130 1467 3297 1538 ἡμῶν,
3348 1469 3411 1527 ὡς
3455 1466 3627 1519 ουκίτι
3658 1469 3851 1541 φθορᾶς

2256 1557 2345 1604 καὶ
2398 1550 2522 1625 ἀράς
2574 1557 2810 1628 δογανον,
2851 1553 2958 1606 ἀλλ’
2990 1553 3275 1629 ἐλευθερίας
3315 1561 3402 1607 καὶ
3434 1556 3569 1616 ζωῆς
3616 1557 3849 1625 αἰωνίου,

2257 1646 2346 1692 καί
2388 1650 2599 1713 σημεῖον
2652 1651 2746 1704 τῆς
2794 1647 2927 1696 κατα
2979 1652 3071 1696 τοῦ
3114 1641 3359 1696 διαϐόλου
3404 1650 3492 1696 καί
3531 1647 3752 1697 θανάτου
3777 1651 3850 1697 νί-

501 1734 721 1807 Deique
772 1734 978 1802 nostri,
1006 1740 1070 1789 ut
1100 1750 1236 1806 quae
1281 1749 1401 1789 non
1442 1733 1702 1805 amplius
1749 1733 2141 1805 corruptionis

2258 1750 2369 1791 κης.
2426 1730 2543 1783 Ἔτι
2605 1727 2662 1783 δε
2723 1737 2811 1783 καί
2862 1735 2956 1793 τας
3015 1732 3332 1803 σεϐασμίους
3381 1734 3578 1795 εἰκόνας
3641 1743 3730 1794 τῆς
3796 1753 3851 1787 τε

499 1827 554 1878 et
580 1823 1022 1888 exsccrationis,
1072 1821 1179 1877 sed
1210 1821 1498 1878 libertatis
1531 1828 1587 1876 et
1617 1822 1752 1877 vitae
1793 1825 2025 1877 aeternae
2066 1821 2151 1876 in-

498 1918 919 1975 strumentum,
966 1911 1347 1984 victoriaeque
1393 1910 1682 1966 adversus
1730 1910 2039 1967 diabolum
2079 1925 2149 1966 ac

500 2006 751 2056 mortem
812 2001 1052 2068 signum
1107 1999 1179 2055 sit
1231 2016 1243 2054 :
1304 2004 1590 2070 praeterea
1651 2003 1706 2054 et
1776 1998 2149 2055 venerabiles

493 2089 809 2159 imagines,
866 2092 921 2143 et
981 2086 1347 2161 [salutiferae]
1410 2087 1566 2143 illius
1623 2088 1723 2143 Dei
1772 2087 1941 2143 Verbi
1983 2088 2146 2160 apud

491 2178 769 2233 homines
799 2178 855 2232 in
890 2193 1067 2232 carne
1099 2176 1514 2249 apparitionis,
1564 2181 1621 2232 et
1659 2180 1787 2247 ejus
1830 2192 1967 2249 qua:
1997 2176 2147 2233 inef-

494 2265 751 2321 fabiliter
799 2265 959 2319 istud
1016 2265 1245 2337 peperit
1301 2270 1481 2320 caslze
1506 2265 1759 2334 Virginis
1790 2265 2008 2337 Deique
2032 2268 2146 2321 Ma-

494 2356 616 2425 tris,
653 2354 1119 2425 divinorumque
1165 2354 1541 2423 angelorum,
1570 2359 1989 2410 etsanctorum
2022 2370 2148 2409 om-

491 2443 683 2507 nium,
742 2447 803 2497 ut
855 2442 1292 2513 primitivorum
1344 2441 1646 2513 symbola,
1696 2446 1750 2498 et
1794 2448 2061 2515 accepto,
2093 2447 2148 2499 et

490 2532 723 2588 honoro
754 2537 931 2604 atque
971 2532 1302 2587 exoseulor.
1367 2532 1478 2587 Sed
1529 2537 1585 2587 et
1611 2533 1775 2604 ipsos
1806 2548 2008 2589 sacros
2038 2548 2145 2588 an-

491 2622 675 2692 gelos,
714 2626 1077 2692 sanctosque
1109 2636 1341 2690 omnes,
1378 2621 1481 2693 qui
1516 2623 1671 2676 bene
1699 2623 1816 2678 Deo
1846 2621 2145 2693 placuere,

491 2718 555 2767 ut
585 2726 789 2766 servos
842 2710 1019 2776 illius,
1060 2709 1342 2782 ﬁdosque
1384 2710 1709 2777 ministros,
1752 2715 1994 2783 propter
2038 2711 2146 2767 ho-

488 2816 698 2856 norem
730 2798 809 2853 illi
849 2798 1147 2864 habitum,
1191 2798 1424 2854 honoro
1451 2804 1509 2854 et
1532 2814 1783 2854 veneror
1816 2818 1827 2854 :
1861 2804 2039 2870 atque
2066 2800 2147 2855 ita

492 2893 613 2945 toto
646 2889 850 2944 animo
876 2892 933 2943 et
962 2888 1160 2953 corde,
1213 2903 1471 2960 veroque
1497 2888 1683 2943 animi
1712 2889 2038 2961 proposito,
2068 2889 2146 2945 ad

492 2978 960 3033 Christianorum
1009 2976 1190 3032 tidem
1243 2976 1487 3033 accedo.
1535 2977 1591 3034 Si
1633 2993 1775 3032 vero
1805 2994 1944 3033 cum
1968 2978 2149 3032 simu-

2257 1822 2392 1872 κατά
2439 1823 2611 1895 σάρκα
2675 1825 2805 1894 πρὸς
2872 1819 3170 1895 ἀνθρώπους
3226 1821 3516 1894 ἐπιφανείας
3575 1830 3667 1875 τοῦ
3722 1829 3849 1876 Θεοῦ

2258 1914 2455 1979 Λόγου,
2532 1915 2621 1961 καί
2695 1918 2789 1972 τῆς
2835 1909 3111 1981 ἀφράστως
3165 1911 3316 1963 αὑτὸν
3384 1915 3634 1973 τεκούσης
3687 1912 3852 1984 ἁγνῆς

2258 2000 2518 2072 Παρθένου
2568 2002 2657 2050 καί
2723 2004 3066 2073 Θεομήτορος,
3132 2005 3218 2051 καί
3282 2009 3379 2051 τῶν
3422 1997 3658 2053 θεοειδών
3697 2000 3850 2073 ἀγγέ-

2255 2086 2373 2151 λων,
2424 2091 2515 2139 καί
2555 2097 2653 2139 τῶν
2710 2088 2872 2159 ἁγίων
2913 2088 3169 2156 ἁπάντων,
3212 2093 3275 2150 ὡς
3307 2089 3543 2162 σύμϐολα
3575 2099 3673 2142 τῶν
3711 2110 3851 2164 πρωο

2256 2179 2510 2243 τοτύπων,
2556 2182 2645 2228 καί
2716 2173 2946 2249 δέχομαι
3010 2182 3101 2228 καί
3167 2188 3300 2249 τιμώ
3362 2185 3451 2230 καί
3505 2176 3840 2252 ἀσπάζομαι.

2258 2270 2359 2318 Καί
2390 2266 2573 2326 αὐτοὺς
2602 2263 2661 2319 δὲ
2681 2271 2797 2327 τοὺς
2852 2270 3016 2340 ἱεροὺς
3080 2265 3343 2338 ἀγγέλους,
3380 2274 3470 2320 καί
3507 2272 3625 2331 τοὺς
3663 2269 3850 2340 ἁγίους

2255 2355 2509 2423 ἅπαντας,
2554 2360 2675 2417 τοὺς
2727 2364 2797 2425 τῷ
2839 2363 2951 2426 Θεῷ
2996 2355 3463 2430 εὐαρεστησαντας,
3509 2360 3578 2420 ὡς
3634 2354 3850 2419 δούλους

2256 2443 2446 2495 ἐκείνου
2491 2449 2580 2495 καί
2641 2448 2857 2503 πιστοὺς
2923 2446 3251 2516 θεράποντας,
3291 2455 3423 2519 τιμῶ
3479 2451 3569 2499 καί
3629 2447 3850 2520 σέϐομαι

2258 2530 2351 2586 διὰ
2410 2538 2503 2591 τὴν
2551 2538 2676 2608 πρὸς
2716 2532 2900 2585 ἐκεῖνον
2932 2539 3119 2605 τιμὴν·
3161 2540 3248 2586 καί
3295 2536 3456 2597 οὕτως
3496 2534 3548 2598 ἐξ
3586 2536 3702 2596 ὅλης
3747 2537 3849 2607 ψυο

2257 2630 2359 2693 χῆς
2415 2626 2505 2673 καί
2549 2619 2791 2696 καρδίας,
2831 2627 2919 2674 καί
2971 2628 3318 2698 προαιρέσεως
3345 2624 3584 2691 ἀληθοῦς,
3612 2630 3841 2698 προσέρ-

2255 2729 2425 2783 χομαι
2468 2719 2528 2769 τῆ
2576 2716 2752 2763 πίστει
2792 2720 2889 2763 τῶν
2955 2720 3302 2786 Χριστιανῶν.
3344 2714 3403 2766 Εἰ
3456 2709 3513 2766 δι
3567 2714 3676 2786 μεθ’
3716 2715 3842 2766 υπο-

2255 2805 2476 2874 κρίσεως
2523 2805 2612 2851 καί
2649 2796 2803 2852 δόλου
2862 2803 3028 2852 ταῦτά
3087 2821 3241 2874 φημι,
3282 2807 3371 2853 καί
3412 2802 3505 2855 οὐκ
3536 2800 3589 2854 ἐκ
3618 2807 3846 2865 πίστεως

2255 2888 2525 2960 όλο-,ιύχου
2572 2894 2659 2940 καί
2715 2885 2942 2962 καρδίας
3002 2893 3087 2942 τόν
3134 2894 3357 2965 Χριστόν
3416 2889 3717 2963 ἀγαπώσης,
3767 2896 3843 2950 εἰη

2254 2997 2345 3050 μοι
2385 2976 2614 3049 ἀνάθεμα
2653 2983 2739 3029 καί
2769 2981 3057 3051 κατάθεμα,
3090 2984 3179 3031 καί
3216 2982 3246 3037 ἠ
3287 2980 3441 3053 ψυχή
3484 3001 3583 3052 μου
3622 2984 3845 3053 ταχθείη

485 3067 710 3139 latione
763 3081 832 3120 ac
870 3065 1010 3120 dolo
1052 3066 1181 3121 haec
1204 3065 1359 3124 dico.
1402 3070 1455 3120 et
1487 3081 1605 3121 non
1639 3081 1711 3120 ex
1744 3065 1935 3122 solida
1966 3066 2141 3121 totius

2255 3069 2386 3139 μετά
2424 3074 2513 3119 τοῦ
2554 3073 2752 3120 Σατανοὶ
2789 3072 2877 3119 καί
2915 3077 3014 3119 τῶν
3063 3064 3343 3142 δαιμόνων.

489 3154 675 3211 animi
709 3154 846 3221 tide,
882 3154 1302 3227 Christumque
1326 3155 1555 3211 amanti
1586 3154 1788 3222 corde,
1849 3155 1921 3211 sit
1963 3154 2111 3211 mihi
2161 3154 2486 3212 anathema
2520 3160 2575 3212 et
2609 3156 2967 3228 calathema,
3002 3158 3329 3231 animaque
3358 3174 3496 3216 mea
3525 3159 3849 3218 collocetur

490 3260 627 3299 cum
658 3245 878 3300 Satana
904 3249 960 3299 et
979 3243 1380 3299 daemonibus.

498 3390 3837 3413 Μ

1240 3546 1991 3693 ΝΙΟΕΤΧΕ
2140 3612 2141 3623 ~

2256 3546 3195 3694 HONIATAE

1800 3805 1924 3869 EX
1967 3804 2236 3871 LIBRO
2282 3805 2517 3872 XXIII

971 3989 1714 4112 THESAUBI
1856 3989 2800 4115 ORTHODOX/E
2945 3994 3349 4117 FIDEI

1052 4205 1175 4276 (Ap.
1204 4204 1276 4259 Le
1290 4204 1462 4271 Quien
1487 4204 1676 4261 Oriens
1695 4203 2048 4260 Christianus
2081 4205 2264 4275 1,659,
2294 4203 2345 4259 in
2371 4205 2645 4263 Eustratio
2670 4206 2861 4264 Nicaeae
2879 4208 3265 4281 metropolita.)

549 4506 867 4578 Aliquanto
889 4510 1155 4579 tempore
1183 4505 1753 4579 elapso,discipulus
1778 4506 1934 4562 illius
1956 4508 2127 4562 Joan-

2310 4510 2507 4580 Χρόνου
2562 4511 2692 4569 τινος
2767 4503 3153 4582 διαγενομένου,
3216 4512 3401 4564 τούτου
3435 4510 3691 4579 (Ἰωάννου
3737 4516 3827 4563 τοῦ

478 4595 570 4649 nis
605 4594 727 4649 Itali
759 4596 1038 4651 monachi
1063 4610 1231 4650 novre
1264 4593 1505 4650 alterius
1548 4596 1835 4651 doctrinre
1869 4596 2126 4650 auctoris

480 4684 824 4748 Eustratius,
852 4684 954 4756 qui
980 4684 1187 4740 Nicaeze
1230 4682 1513 4755 Bithynize
1560 4683 1903 4755 metropolis
1934 4684 2125 4756 ponti—

476 4773 575 4829 fex
616 4777 760 4839 erat,
808 4789 943 4828 cum
992 4788 1149 4845 saepe
1182 4788 1386 4828 coram
1418 4773 1792 4844 imperatoris
1840 4772 2127 4828 tribunali

476 4878 616 4917 cum
650 4862 867 4918 Latinis
914 4862 1280 4934 disputasset
1332 4860 1406 4917 de
1446 4861 1671 4934 azymis
1719 4865 1775 4916 et
1804 4860 1877 4916 dc
1907 4861 2124 4933 Spiritu

475 4955 705 5017 sancto,
730 4950 1019 5007 mandare
1049 4950 1283 5023 scriptis
1310 4950 1517 5007 volens
1546 4966 1682 5022 quae
1715 4950 1932 5005 Latinis
1959 4954 2121 5006 attu-

473 5038 637 5110 lerat,
673 5055 929 5111 quaeque
961 5039 1038 5096 ab
1067 5039 1149 5095 eis
1178 5040 1325 5094 inter
1364 5037 1798 5109 disputandum
1829 5038 2119 5111 audierat,

473 5143 594 5183 non
620 5132 916 5197 accurate,
943 5143 1054 5184 nec
1078 5127 1457 5183 laudabiliter
1495 5143 1637 5183 suos
1686 5142 1900 5183 sensus
1930 5143 2122 5183 enun-

474 5216 657 5272 tiavit.
703 5217 854 5281 Quin
886 5217 1065 5273 etiam
1113 5232 1252 5271 cum
1310 5214 1702 5288 Philippopoli
1733 5216 1791 5271 in
1818 5215 2124 5274 audientia

470 5305 847 5376 imperatoris
863 5322 998 5361 cum
1022 5304 1303 5361 Armenio
1316 5304 1583 5375 quodam
1606 5303 1681 5359 de
1703 5304 1943 5360 duabus
1968 5306 2123 5361 Chri-

472 5395 544 5449 sti
593 5395 818 5451 naluris
857 5394 1314 5467 colloqueretur,
1365 5392 1661 5449 nonnulla
1709 5393 1783 5448 de
1836 5396 1951 5448 Deo
1998 5410 2121 5451 non

474 5481 748 5539 consulta
785 5497 1036 5555 prorsus
1061 5482 1282 5553 injecit,
1327 5485 1385 5536 et
1412 5480 1581 5536 nullo
1619 5479 1851 5553 pudore
1889 5480 2118 5553 etTutiit,

466 5571 596 5642 jam
644 5571 789 5628 olim
818 5586 1101 5644 nuncque
1132 5574 1509 5644 assumptam
1544 5586 1580 5629 a
1623 5569 1811 5630 Verbo
1840 5576 2119 5631 naturam

2241 4595 2459 4666 Ἰτάλου)
2516 4600 2761 4669 μαθητὴς
2800 4596 3139 4673 Εὐστράτιος,
3195 4599 3250 4662 ὃς
3300 4608 3395 4660 τῆς
3449 4607 3547 4651 τῶν
3601 4600 3824 4651 Βιθυνῶν

2236 4683 2427 4747 πόλεως
2498 4691 2715 4747 Νικαίας
2786 4685 3163 4761 ἀρχιερατικῶς
3216 4685 3525 4764 προήδρευε,
3583 4688 3827 4747 πολλάκις

2234 4770 2318 4823 ἐπί
2357 4772 2637 4845 βασιλικοῦ
2696 4773 2933 4848 βήματος
3003 4780 3133 4849 μετά
3210 4782 3440 4831 Λατίνων
3502 4776 3573 4839 εἰς
3639 4776 3821 4847 λόγους

2234 4859 2388 4913 ἐλθὼν
2444 4869 2558 4934 περί
2620 4882 2672 4915 τε
2729 4863 2937 4937 ἀζύμων
2991 4872 3079 4919 καί
3134 4874 3225 4918 τοῦ
3303 4869 3439 4919 θείου
3509 4868 3821 4938 Πνεύματος,

2233 4955 2321 5001 καί
2350 4951 2566 5013 θελήσας
2591 4960 2759 5027 γραφῇ
2790 4952 3118 5028 παραδοῦναι
3185 4958 3286 5009 ὅσα
3324 4960 3497 5029 εἰρηκε
3544 4959 3667 5028 πρὸς
3704 4957 3826 5016 τοὺς

2235 5043 2510 5111 Λατίνους,
2564 5046 2654 5092 καί
2704 5043 2789 5094 οἷα
2852 5043 2976 5118 παρ’
3006 5044 3205 5097 ἐκείνων
3264 5043 3312 5096 ἐν
3364 5052 3436 5114 τῷ
3489 5040 3826 5116 διαλέγεσθαι

2234 5126 2466 5193 ἀκηκόει,
2532 5129 2625 5182 οὐκ
2692 5129 2953 5204 ἀσφαλῶς,
3020 5130 3142 5186 οὐδὲ
3192 5132 3462 5194 ἐπαινετώς
3531 5137 3649 5195 τοὺς
3711 5139 3829 5202 περί

2230 5225 2325 5269 τοῦ
2404 5220 2699 5291 Πνεεᾶματος
2764 5220 2949 5293 λόγους
3006 5220 3259 5294 ἐξήνεγκε,
3320 5224 3513 5275 Ἐνίοτε
3580 5220 3639 5275 δὲ
3694 5226 3831 5275 κατά

2233 5306 2635 5361 Φιλιππούπολιν
2693 5310 2769 5362 ἐπ’
2829 5310 3075 5383 ἀκροάσει
3130 5320 3222 5365 τοῦ
3275 5311 3535 5386 βασιλέως
3580 5311 3657 5365 ἐπ’
3713 5312 3831 5385 Ἀρο

2231 5402 2405 5469 μενίου
2457 5402 2593 5459 τινὸς
2645 5404 2762 5474 περί
2828 5408 2925 5450 τῶν
2987 5398 3084 5453 δύο
3145 5412 3237 5454 τοῦ
3315 5407 3553 5477 Χριστοῦ
3627 5404 3827 5474 φύσεων

2230 5489 2527 5559 ποιούμενος
2584 5493 2678 5546 τὴν
2741 5484 2988 5559 διάλεξιν,
3055 5488 3304 5544 οὐδέποτε
3356 5494 3690 5553 καθηκόντως
3762 5499 3824 5563 τῇ

2234 5575 2482 5650 θεηγορίᾳ
2538 5576 2795 5645 ἐπέϐαλεν,
2879 5576 2984 5631 ἀλλ’
3037 5576 3267 5643 ἀναιδῶς
3352 5579 3653 5655 ἐφθέγξατο,
3733 5585 3825 5633 καί
