4126 6228
517 304 619 367 ,³9
1848 276 2119 351 mearis
2173 278 2547 355 otiosum
3778 275 3881 357 tio

515 395 693 451 Erant
721 410 924 463 autem
950 405 1011 461 hi
1042 423 1056 461 :
1093 403 1432 462 Soterichus
1464 407 2141 478 Panteugenus,patriar

2277 405 2462 459 οὗτοι·
2498 408 2802 474 Σωτήριχος
2845 404 2925 472 (1)
2974 404 2999 452 6
3068 404 3403 472 Παντεύγενος
3452 400 3754 472 ύποξιήφιος
3811 404 3877 452 ὠν

515 493 631 549 cha
658 492 1005 564 designatus
1043 492 1369 551 Antiochiae
1409 494 1689 566 Syriacae,
1723 495 1853 566 ejus
1893 494 2143 550 videlice

2277 505 2370 556 τῆς
2426 496 2562 545 κατὰ
2619 497 2805 565 Συρίαν
2865 491 3212 561 Ἀντιοχείας,
3273 491 3333 548 ἦν
3375 490 3624 563 Ὀρόντης
3672 492 3878 550 ποτίζει

514 596 701 654 quam
733 583 981 638 Orontes
1018 581 1204 651 alluit,
1232 586 1287 638 et
1329 581 1639 654 Zephyrus
1682 588 1897 638 ventus
1921 582 2133 654 perﬂat

2277 589 2368 636 καὶ
2391 586 2616 655 Ζέφυρος
2676 588 2926 633 καταπνεῖ
2972 581 3175 652 ἄνεμος·
3229 581 3253 631 6
3309 577 3607 653 Δυρραχίου
3670 579 3878 633 Εύστα-

516 670 861 726 Eustathius
906 671 1192 743 Dyrrachi
1246 671 1586 745 episcopus,
1640 670 1959 739 Basilaces,
1990 678 2145 743 atqui

2281 675 2410 739 θιος,
2460 674 2484 723 6
2532 669 2854 743 βασιλάκης,
2899 674 2988 720 καὶ
3036 673 3354 743 Νικηφόρος,
3411 674 3500 720 καὶ
3552 670 3577 720 6
3611 669 3876 721 Θεσσαλο-

517 758 905 831 Nicephorus,
948 764 1004 813 et
1044 759 1481 815 Thessalonica:
1540 760 1863 832 episcopus
1906 759 2146 817 Michael

2277 766 2425 823 νίκης
2446 758 2661 830 Μιχαὴλ
2692 760 2793 828 (2),
2825 756 2873 808 οἳ
2904 762 2993 809 καὶ
3034 760 3360 831 καθῄρηνται
3402 760 3614 817 πάντες.
3670 760 3877 810 Τούτων

517 847 623 919 qui
647 863 858 913 omnes
882 848 1076 919 gradu
1101 865 1211 904 suo
1239 848 1407 904 modi
1436 848 1695 905 fuerunt.
1730 854 1920 922 Atque
1963 865 2037 904 ex
2079 847 2146 903 hi

2282 846 2340 902 δὲ
2398 852 2447 901 οἱ
2497 852 2585 921 μὲν
2630 847 2774 898 ἄλλοι
2804 847 2891 898 ὑπ’
2941 842 3129 898 ὀδόντα
3167 849 3415 917 ἓμυσσον,
3450 844 3573 899 οὐδὲ
3604 846 3878 921 παρρησίᾳ

517 936 735 1008 partim
774 936 1019 1009 quidem
1068 942 1294 994 secreto
1349 937 1735 1003 mussabant,
1778 937 1995 1009 partim
2032 952 2146 992 veri

2279 942 2369 990 καὶ
2428 931 2719 1011 διαρρήδην
2798 938 2890 994 τας
2939 937 3130 986 ἑαυτῶν
3190 935 3417 1008 ἐξέφερον
3496 939 3727 1007 γνώμας,
3786 940 3877 987 καὶ

516 1024 772 1081 ﬁdenter
800 1042 870 1081 ac
891 1025 1203 1081 manifeste
1230 1026 1556 1081 sententias
1585 1042 1729 1081 suas
1758 1025 2145 1081 enuntiabant

2281 1034 2385 1085 τοῖς
2439 1033 2535 1077 τῶν
2584 1023 2781 1075 πολλῶν
2834 1022 3056 1093 ἐνηχουν
3105 1028 3270 1075 ὠσίνο
3325 1025 3350 1074 6
3407 1020 3465 1075 δὲ
3519 1025 3876 1097 Σωτήριχοςό

517 1129 589 1168 ac
608 1114 1003 1171 multitudinis
1033 1114 1279 1169 auribus
1308 1114 1691 1171 occinebant.
1726 1115 1980 1169 Demum
2014 1116 2146 1169 Sote

2285 1118 2621 1187 Παντεύγενος
2686 1113 3000 1186 λογογραφεί
3053 1116 3110 1164 τό
3170 1110 3364 1185 δόγμα,
3422 1118 3511 1164 καί
3577 1118 3879 1188 παρίστησι

516 1202 719 1258 richus
748 1206 1166 1272 Panteugenus
1195 1202 1423 1273 dogma
1455 1220 1631 1259 suum
1662 1204 1883 1276 scripto
1908 1202 2145 1258 tradidit

2282 1212 2387 1266 τοῖς
2422 1202 2753 1274 ϐουλομένοις
2795 1203 2949 1275 ὁποίᾳ
2978 1210 3076 1253 τῶν
3137 1198 3301 1264 δοξῶν
3356 1208 3714 1276 προσνένευκε,
3743 1203 3854 1254 Πλα

518 1296 577 1346 et
613 1291 830 1364 cuique
854 1291 1076 1347 volenti
1106 1292 1483 1347 noscendum
1514 1292 1746 1357 obtulit,
1780 1292 1841 1347 in
1873 1307 2060 1363 quam
2099 1290 2147 1345 vi

2284 1294 2512 1353 τωνίζων
2553 1295 2645 1362 τῆξ
2675 1288 2916 1355 διαλέξει,
2962 1296 3052 1342 καὶ
3088 1292 3222 1343 οὕτω
3260 1295 3325 1343 τα
3380 1294 3641 1362 γραφέντα
3690 1293 3878 1343 συνθέ-

517 1381 731 1437 delicet
757 1382 885 1453 ipse
915 1382 1275 1438 sententiam
1318 1381 1608 1450 ﬂecteret;
1660 1398 1729 1437 ac
1761 1381 2022 1437 Platonis
2048 1381 2176 1435 imi-
2286 1402 2450 1454 μενος.

517 1475 677 1526 tatus
698 1471 997 1541 dialogos.
1024 1472 1377 1542 hujusmodi
1406 1472 1875 1544 disputationem
1904 1472 2175 1526 instituit.

588 1560 814 1615 PIIILO.
852 1562 1237 1630 Compertum
1263 1560 1410 1614 mihi
1437 1566 1546 1627 est,
1577 1576 1772 1633 nuper
1794 1561 1949 1615 duos
1974 1560 2033 1613 in
2076 1576 2178 1630 sy-

2356 1566 2587 1614 ΦΙΛΩΝ.
2623 1559 2917 1629 Ἐπυθόμην
2954 1562 3021 1618 ὡς
3052 1558 3099 1610 ἐν
3144 1555 3349 1629 συνόδῳ
3400 1554 3625 1610 διακόνω
3657 1554 3723 1614 δή
3774 1577 3880 1609 τινε

516 1648 680 1703 nodo
709 1649 996 1703 diaconos
1035 1648 1109 1703 de
1149 1648 1419 1719 quodam
1443 1648 1729 1719 dogmate
1759 1650 1915 1705 inter
1941 1665 2003 1703 se
2036 1663 2145 1703 con

2284 1656 2400 1725 περὶ
2460 1648 2722 1722 δόγματος
2781 1645 3137 1721 διεφερέσθην,
3192 1654 3279 1701 καὶ
3339 1650 3406 1709 ὡς
3460 1648 3720 1719 ἑκατέροιν
3761 1649 3878 1698 τού-

516 1736 772 1792 tendisse
798 1756 811 1805 ;
840 1741 1020 1808 atque
1059 1738 1278 1795 horum
1298 1738 1534 1811 utrique
1562 1738 1782 1795 favisse
1834 1739 2072 1809 aliquos
2099 1754 2145 1793 e:

2251 1760 2390 1793 ιτοιν
2448 1743 2771 1794 συνέστησαν
2834 1734 3016 1811 ἄνδρες
3083 1737 3161 1790 ἐπ’
3221 1740 3378 1809 ἄκρον
3434 1744 3528 1797 τῆς
3583 1736 3700 1787 καθ’
3744 1738 3880 1808 ἡμᾶς

512 1825 607 1882 his
627 1826 731 1899 qui
777 1828 942 1898 apud
980 1842 1094 1882 nos
1114 1827 1400 1883 doctrinae
1428 1828 1757 1899 primatum
1788 1831 2011 1882 tenent.
2077 1830 2141 1882 Ve

2283 1826 2530 1889 παιδείας
2597 1826 2888 1888 ἐλάσαντες.
2937 1829 3353 1899 Προθυμουμένῳ
3418 1823 3477 1877 δέ
3552 1844 3643 1897 μοι
3695 1828 3879 1897 μαθεῖν

511 1920 857 1970 rumtamen
898 1915 1161 1987 cupienti
1212 1916 1359 1971 mihi
1412 1932 1757 1971 sermonum
1820 1919 2140 1986 argument

2281 1923 2402 1980 τούς
2456 1919 2637 1989 λόγους
2691 1916 2783 1967 οὐκ
2837 1916 3124 1987 ἐξεγένετο·
3185 1924 3357 1990 παρῆς
3418 1912 3505 1966 οὖν
3562 1914 3734 1982 αὐτὸς,
3769 1917 3878 1987 ἱερά

513 2018 895 2074 cognoscere,
943 2004 1219 2058 nondum
1276 2004 1456 2059 licuit.
1514 2004 1627 2059 Sed
1684 2020 1833 2060 num
1877 2009 1959 2071 tu,
1998 2020 2142 2059 vene

1276 2004 1456 2059 licuit.
1514 2004 1627 2059 Sed
1684 2020 1833 2060 num
1877 2009 1959 2071 tu,
1998 2020 2174 2059 vene-
2283 2010 2514 2080 φιλότης,
2544 2014 2655 2062 τότε
2681 2016 2880 2080 παρῆς;

511 2091 699 2146 rande
720 2092 931 2157 amice,
964 2107 1111 2146 num
1153 2095 1234 2159 tu,
1264 2091 1533 2164 inquam,
1564 2093 1889 2148 intercras?

585 2180 1044 2238 SOTERICHUS.
1102 2181 1395 2253 Equidem
1433 2181 1691 2243 interfui,
1752 2182 1832 2236 mi
1860 2182 2172 2253 jucundis-

2352 2194 2748 2243 ΣΩΤΗΡΙΧΟΣ,
2792 2194 2990 2258 Παρῆν.
3047 2184 3087 2237 ὦ
3143 2188 3385 2257 μακάριε,
3448 2190 3536 2235 καὶ
3605 2192 3705 2234 τῶν

511 2267 681 2340 sime,
710 2273 767 2323 et
794 2270 1115 2325 amborum
1138 2271 1471 2326 orationem
1494 2286 1787 2341 perquam
1821 2276 2039 2325 attente
2062 2287 2137 2325 au

2282 2297 2417 2336 στοις
2456 2277 2736 2348 λεγομένων
2799 2279 2863 2335 ὡς
2926 2274 3303 2345 ἐπιμελέστατα
3359 2278 3586 2330 ἤκουον·
3653 2273 3711 2323 ού
3781 2276 3872 2323 οὑν

510 2357 803 2415 scultavi:
840 2374 1035 2430 neque
1066 2364 1267 2415 tamen
1316 2360 1410 2414 his
1450 2359 1780 2415 delectatus
1816 2377 1972 2427 sum,
2023 2361 2139 2432 qui:

2278 2362 2441 2436 ἡδονῇ
2511 2369 2600 2437 μεν
2663 2370 2781 2425 τούς
2864 2364 3049 2434 λόγους
3114 2360 3500 2435 ἀποδεχόμενος
3581 2361 3876 2432 φιλονείκως

509 2444 646 2516 plus
666 2447 1066 2502 contentionis
1096 2463 1283 2519 quam
1304 2447 1802 2504 considerationis
1818 2449 2129 2505 habebant

2278 2457 2497 2525 ἔχοντας
2553 2454 2741 2526 μᾶλλον
2799 2455 2828 2512 ἡ
2892 2454 3230 2524 ἐσκεμμένως,
3288 2451 3578 2523 ἀχθόμενος
3663 2446 3721 2501 δὲ
3786 2454 3876 2501 καὶ

507 2535 633 2591 imo
653 2534 836 2605 hujus
855 2534 1163 2591 seditionis
1187 2537 1536 2591 auctoribus
1565 2538 2003 2605 subirascebar,
2023 2538 2136 2609 qui;

2274 2550 2383 2604 τοῖς
2426 2544 2611 2604 αἰτίοις
2668 2546 2856 2603 ταύτης
2908 2550 2999 2603 τῆς
3055 2544 3309 2607 στάσεως,
3342 2540 3421 2593 ὅτι
3466 2537 3580 2592 δέον
3632 2543 3870 2612 παριέναι

508 2638 650 2679 cum
678 2639 773 2679 res
806 2624 1024 2680 divinas
1048 2624 1278 2680 silentio
1295 2626 1494 2696 potius
1518 2626 1993 2682 transmittendae
2026 2627 2137 2682 sint

2276 2640 2450 2703 σιωπῇ
2511 2636 2577 2684 τὰ
2646 2634 2798 2684 θεῖα·
2842 2638 2992 2682 τούτο
3040 2634 3141 2705 γὰρ
3196 2632 3227 2688 ἦ
3279 2649 3332 2683 τι
3386 2631 3539 2701 φύσις
3586 2628 3751 2679 αὐτῶν
3798 2630 3864 2687 ὡς

508 2716 690 2784 prout
718 2712 957 2769 illarum
982 2712 1263 2769 abstrusa
1288 2718 1502 2770 natura
1531 2714 1812 2787 postulat,
1838 2721 1895 2770 et
1924 2718 2137 2771 Patrun

2275 2718 2712 2782 δυσκατάληπτος
2770 2720 2998 2787 ἀπαιτεῖ,
3055 2724 3143 2771 καὶ
3195 2722 3225 2777 ἡ
3298 2721 3510 2793 πάτριος
3562 2722 3866 2791 παραίνεσις

508 2801 740 2856 monita
764 2801 1038 2871 suadent,
1061 2802 1123 2858 hi
1138 2802 1375 2872 jamdiu
1396 2802 1642 2859 deﬁnita
1670 2804 2137 2875 praetergrediun

2273 2813 2594 2863 ὑποτίθεταιο
2664 2813 2711 2862 οἱ
2766 2807 2825 2862 δὲ
2872 2813 2937 2861 τὰ
3017 2809 3304 2881 ἐσκεμμένα
3353 2828 3408 2860 τε
3472 2806 3863 2881 ὑπερϐαίνουσι,

509 2892 622 2955 tur,
656 2894 713 2946 et
768 2891 1000 2947 silentio
1024 2907 1060 2946 a
1088 2891 1391 2947 veteribus
1441 2908 1659 2964 pressa
1684 2893 2013 2961 suscitant;
2063 2908 2137 2949 ne

2272 2905 2360 2952 καὶ
2399 2902 2464 2952 τὰ
2514 2900 2684 2959 καλῶς
2736 2918 3055 2971 σεσιγημενα
3096 2906 3204 2958 τοῖς
3249 2899 3491 2957 παλαιοῖς
3539 2893 3868 2962 διακαίουσι,

508 2993 627 3050 que
648 2984 1017 3052 praeceptum
1040 2980 1324 3051 sapientis
1347 2980 1667 3051 cujusdam
1686 2982 1796 3037 viri
1815 2982 1877 3037 in
1900 2986 2137 3038 menten

2274 2986 2413 3061 μηδὲ
2470 2998 2565 3050 τῆς
2620 2985 2809 3061 ἀνδρὸς
2853 3007 2986 3047 τινος
3029 2994 3188 3058 σοφοῦ
3242 2990 3554 3058 μεμνημένοι
3606 3004 3869 3059 παραγεγε-

507 3072 817 3138 revocant,
842 3068 945 3140 qui
969 3068 1081 3124 soli
1111 3073 1167 3123 et
1206 3069 1329 3138 igni
1358 3084 1453 3125 res
1477 3068 1716 3125 divinas
1775 3086 2136 3142 comparans

2242 3077 2409 3154 ξλίας,
2443 3076 2498 3137 ὃς
2552 3077 2684 3148 ἡλίῳ
2732 3078 3013 3147 παρείκαξε
3058 3081 3147 3126 καὶ
3178 3082 3306 3147 πυρὶ
3368 3078 3433 3125 τα
3488 3077 3617 3143 θεῖα,
3654 3093 3871 3146 παρηνει

506 3156 817 3226 monebat,
839 3172 913 3212 ne
943 3161 1171 3214 rectum
1198 3161 1406 3213 contra
1436 3157 1623 3214 solem
1656 3160 1853 3214 visum
1884 3160 2131 3217 intenda

2274 3162 2335 3218 δὲ
2389 3170 2522 3237 μήτε
2575 3166 2822 3217 ἀντωπεῐν
2880 3165 3008 3235 ἡλίῳ
3059 3182 3072 3194 ·
3152 3160 3573 3237 σκαρδαμύττειν
3629 3166 3731 3236 γὰρ
3781 3168 3870 3214 καὶ

505 3260 674 3314 mus,
697 3245 1018 3302 connivere
1052 3247 1215 3302 enim
1246 3250 1426 3319 atque
1472 3246 1793 3303 hebescere
1827 3249 2035 3304 oculos
2062 3265 2134 3305 ne

2274 3254 2643 3325 ἀμαυροῦσθαι
2681 3256 2746 3304 τὰ
2822 3257 3031 3325 ὄμματα
3070 3266 3083 3281 ’
3158 3257 3283 3318 μήτε
3339 3250 3709 3303 ἀπολείπεσθαι
3779 3257 3868 3301 τοῦ

508 3350 676 3391 cesse
704 3341 833 3391 est:
865 3350 990 3392 non
1018 3334 1241 3391 idcirco
1269 3338 1470 3391 tamen
1496 3335 1574 3391 ab
1600 3336 1715 3392 hoc
1755 3338 2137 3409 pulcherrimi

2271 3341 2550 3394 καλλίστου
2618 3344 2805 3393 τούτου
2881 3344 3153 3413 θεάματος,
3208 3339 3314 3391 ἀλλ’
3374 3338 3649 3391 ἀπολαύειν
3708 3339 3865 3390 αύτοῡ

508 3427 758 3496 aspectu
812 3422 1259 3489 abstinendum,
1314 3423 1420 3478 sed
1467 3439 1537 3479 eo
1585 3430 1757 3480 caute
1813 3425 2135 3481 fruendum

2272 3438 2695 3505 παρατηρούντας
2749 3431 2811 3490 ὠς
2867 3426 2972 3482 οἷόν
3028 3444 3124 3482 τε·
3175 3438 3247 3499 τῷ
3304 3448 3357 3481 τε
3417 3433 3545 3502 πυρὶ
3600 3433 3671 3500 μὴ
3732 3430 3864 3479 πάνυ

507 3515 810 3585 quantum
832 3511 1002 3568 licet:
1035 3511 1175 3567 item
1206 3512 1331 3582 igni
1351 3527 1474 3566 non
1504 3527 1634 3568 esse
1661 3513 1996 3575 admodum
2024 3529 2135 3585 pro

2269 3540 2319 3571 τι
2348 3523 2732 3593 προσεγγίζειν
2786 3521 3028 3577 καίεσθαι
3068 3521 3170 3591 ’γάρ
3195 3539 3209 3550 ·
3260 3516 3386 3569 ἀλλὰ
3425 3514 3571 3587 μηδ”
3609 3516 3864 3568 ἀπωτάτω

506 3600 891 3669 ximandum,
937 3615 1014 3655 ne
1066 3600 1519 3665 comburamur,
1572 3600 1965 3671 nihilominus
1994 3602 2135 3659 haut

2272 3607 2620 3678 ἀφίστασθαι,
2677 3615 2772 3670 τῆς
2832 3610 3143 3681 θερμότητος
3220 3604 3563 3678 βουλομένους
3610 3604 3867 3676 μεταλαγ-

507 3689 690 3745 nimis
736 3687 952 3761 procul
996 3688 1473 3753 consistendum,
1525 3688 1573 3741 si
1601 3695 1756 3745 certe
1810 3691 2007 3746 calore
2045 3691 2161 3747 frui
2270 3699 2475 3767 χάνειν.

508 3777 816 3835 volumus.

578 3865 764 3924 PHIL.
795 3866 989 3932 Quam
1017 3865 1192 3933 bene,
1224 3882 1261 3921 ο
1308 3865 1561 3922 charum
1597 3872 1799 3940 caput,
1833 3868 1908 3923 de
1945 3867 2160 3925 divinis

2341 3879 2475 3928 ΦῙΛ.
2526 3873 2613 3936 Ὠς
2666 3871 2719 3926 εὖ
2773 3893 2854 3946 γε,
2904 3874 2945 3924 ὦ
2977 3874 3095 3945 φίλη
3156 3893 3244 3945 μοι
3312 3872 3521 3944 κεφαλὴ,
3587 3875 3704 3941 περί
3758 3876 3858 3920 τῶν

500 3956 768 4029 judicasl
807 3958 1054 4011 Prorsus
1094 3955 1252 4011 enim
1280 3955 1341 4011 in
1378 3954 1473 4010 his
1527 3954 1804 4025 religiose
1852 3957 2129 4026 agendun

2272 3964 2416 4015 θείων
2467 3960 2693 4035 diuvole
2761 3965 2897 4015 πάνυ
2953 3965 3055 4038 γὰρ
3124 3962 3206 4013 ἐπι
3270 3966 3471 4022 τούτοις
3532 3957 3860 4012 εὐλαϐεῖσθαι

506 4048 617 4118 est,
647 4049 704 4102 et
732 4045 1026 4101 curiosius
1060 4044 1328 4100 studium
1356 4044 1777 4101 omittendum.
1812 4046 1966 4111 Quin
2006 4047 2135 4102 ade<

2270 4048 2373 4115 δεῖ,
2407 4056 2498 4110 τὴν
2540 4051 2846 4123 λεπτολόγον
2906 4056 3349 4126 παραιτουμένους
3404 4049 3666 4125 ἀκρίϐειαν
3700 4065 3711 4075 ·
3775 4054 3862 4100 καὶ

504 4134 883 4191 medicorum
912 4132 1210 4189 servanda
1233 4137 1324 4188 est
1343 4132 1418 4187 de
1442 4132 1731 4189 hellebori
1751 4150 1865 4189 usu
1894 4136 2131 4207 preescri

2266 4145 2359 4199 τὴν
2394 4140 2465 4213 ἐφ’
2506 4140 2750 4213 ἐλλεϐόρῳ
2807 4149 2905 4192 τῶν
2959 4140 3146 4215 ἰατρῶν
3176 4139 3271 4191 κάν
3324 4143 3523 4200 τούτοις
3579 4135 3862 4209 διαφυλατ-

504 4224 652 4297 ptio,
684 4238 869 4294 quem
889 4238 1098 4279 crasso
1136 4221 1325 4278 frusto
1368 4226 1682 4294 sumptum
1738 4224 2133 4295 purgationen

2267 4248 2371 4282 τειν
2430 4225 2691 4298 διάταξιν,
2860 4230 3207 4301 καθαίρεσθαί
3275 4247 3402 4299 φασι
3465 4226 3864 4299 παρειλημμένῳ

503 4310 700 4368 facere
729 4311 935 4378 aiunt;
973 4310 1414 4367 comminutum
1442 4315 1667 4377 autem,
1687 4317 1952 4368 utentem
1978 4313 2132 4371 suﬂ‘o

2266 4326 2612 4392 παχυμερῶς,
2666 4318 2739 4378 εὶς
2785 4314 2844 4369 δὲ
2899 4316 3186 4370 λεπτότατα
3247 4320 3533 4387 τεμνομένῳ
3595 4319 3682 4366 τὸν
3730 4335 3865 4388 χρη-

503 4416 663 4459 care.
717 4399 833 4456 Sed
873 4397 1034 4455 enim
1082 4397 1323 4454 illorum
1353 4399 1674 4456 audaciam
1697 4416 1980 4458 accusare
2026 4403 2132 4474 jan

2270 4408 2486 4478 σάμενον
2543 4407 2947 4477 ἀποπνίγεσθαι.
2997 4404 3151 4459 Ἀλλὰ
3215 4407 3273 4456 τὸ
3339 4408 3427 4476 μὲν
3493 4402 3703 4465 ἐκείνοις
3770 4411 3863 4465 τῆς

503 4489 875 4554 desinamus,
912 4487 1019 4560 qui
1038 4487 1291 4558 juvenili
1316 4488 1549 4559 impetu
1594 4490 1860 4547 mediam
1908 4491 2131 4548 lineam

2264 4496 2456 4566 τόλμης
2513 4493 2744 4566 ἐγκαλεῖν
2826 4494 3079 4567 ἀφείσθω,
3136 4501 3339 4566 νεανικῇ
3427 4494 3699 4568 προθυμίᾳ
3769 4497 3862 4549 τὴν

503 4584 570 4636 ut
590 4578 861 4635 laconice
885 4592 1027 4633 cum
1054 4575 1200 4649 ipsis
1239 4575 1477 4648 loquar,
1508 4579 1878 4649 praetervecti
1903 4584 2053 4636 sunt.
2073 4582 2132 4636 Τι

2266 4587 2429 4648 μέσην
2478 4585 2593 4653 [καὶ
2648 4585 2767 4635 κατ’
2820 4583 3025 4653 αὐτούς,
3099 4581 3393 4641 λακωνικῶς
3445 4581 3645 4653 ίεὶπείν,
3711 4583 3862 4654 ὑπερ-

500 4683 645 4726 vero
674 4666 1099 4741 praedictorum
1130 4665 1466 4721 orationem
1502 4667 1650 4723 mihi
1678 4683 1881 4725 narra.

1729 4684 1881 4725 arra.
2265 4672 2523 4725 ϐαίνουσι·
2561 4675 2627 4725 σὺ
2661 4669 2719 4725 δέ
2747 4692 2837 4745 μοι
2865 4676 2948 4724 τὸν
2968 4672 3119 4744 λόγον
3147 4668 3358 4733 διέξιθι.

574 4759 723 4815 SOT.
766 4756 986 4826 Oratio,
1017 4758 1084 4811 ut
1106 4752 1318 4825 paucis
1343 4753 1564 4826 dicam,
1606 4761 1733 4812 erat
1759 4757 2111 4828 hujusmodi
2136 4774 2150 4813 :

2334 4769 2477 4817 ΣΩΤ.
2546 4760 2602 4813 Ὀ
2646 4764 2736 4833 μὲν
2791 4760 2966 4831 λόγος,
3023 4763 3092 4821 ὡς
3150 4759 3305 4812 εἰπεῖν
3361 4755 3682 4827 συλλήϐδην,
3740 4758 3860 4809 ἀπε-

499 4847 668 4920 quod
694 4844 971 4903 videlicet
997 4842 1327 4915 adsumpta
1351 4859 1390 4899 a
1424 4844 1616 4900 Verbo
1646 4849 1884 4913 natura,
1912 4848 2127 4916 sangui

2265 4855 2469 4922 φαίνετο
2522 4855 2615 4907 τὴν
2663 4849 3084 4923 προσληφθεῖσαν
3140 4856 3211 4918 τῷ
3288 4855 3442 4920 Λόγῳ
3515 4851 3669 4920 φύσιν
3728 4851 3860 4919 μήτε

498 4951 639 4992 nem
666 4951 848 4991 suum
877 4949 1002 4990 non
1032 4932 1141 4990 soli
1179 4932 1357 5001 Patri,
1385 4948 1597 4989 verum
1639 4934 1819 4990 etiam
1858 4936 2127 5006 Unigenit

2263 4950 2335 5010 τῷ
2387 4944 2555 5012 Πατρὶ
2605 4942 3045 5011 προσενηνοχέναι
3094 4940 3254 5009 μόνῳ,
3309 4937 3437 4989 ἀλλὰ
3488 4944 3575 4991 καὶ
3628 4944 3689 5008 τῇ
3744 4939 3860 4988 θεό-

504 5183 515 5194 ,
569 5114 645 5183 (1)
689 5111 1031 5194 Soterichus
1086 5108 1302 5166 dicitur
1344 5110 1575 5194 adhuc“
1594 5109 1889 5191 diaconus
1936 5112 2156 5194 in‘hac
2266 5118 2499 5194 vocagn't
2529 5120 2790 5194 θεοφόρον,
2815 5119 2895 5174 ad
2923 5120 3277 5194 Μίεῇαριετη
3303 5116 3867 5194 ραιγῖίανσίξαιηηΜὶ-

500 5182 633 5259 ipsa
662 5200 850 5274 quam
879 5182 1197 5274 vulgam‘us
1242 5182 1495 5274 synodo.
1539 5184 1717 5274 Pprro
1747 5182 1836 5274 Lin
1880 5184 2155 5274 catalogo
2264 5189 2533 5274 chaeleni
2559 5182 2819 5274 intellige
2846 5192 3203 5274 secundum,
3225 5182 3331 5274 qui
3353 5190 3866 5274 sedemﬁqons'tan:

498 5253 615 5337 ms:
657 5253 944 5337 codicum.
983 5254 1411 5333 Sfortianorum
1460 5253 1618 5335 (cod.
1662 5256 1785 5335 Vat.
1818 5269 1945 5335 reg.
1991 5253 2152 5337 209—9)
2264 5260 2387 5317 tino
2435 5260 2726 5316 olitanam
2750 5253 3056 5319 abdicavit
3076 5253 3475 5320 anno‘Christi
3497 5258 3773 5323 MCXLVI,
3802 5257 3868 5337 id

502 5325 618 5386 lem
641 5340 755 5386 ego
778 5330 1053 5382 notitiam
1094 5330 1273 5379 etiam
1314 5323 1553 5379 alterius
1590 5340 1788 5386 operis
1814 5325 1999 5386 huius
2022 5344 2154 5386 VlI‘l.
2263 5336 2352 5386 est
2372 5276 2665 5386 (Fecennio
2688 5337 2826 5386 ante
2873 5333 3030 5386 hanc
3058 5335 3365 5386 svnodum
3393 5347 3531 5386 ante
3553 5330 3868 5386 damnant

502 5325 618 5399 legi
641 5340 755 5407 ego
778 5323 1053 5407 notitiam
1094 5323 1273 5404 etiam
1314 5323 1553 5407 alterius
1590 5325 1788 5396 operis
1814 5325 1916 5407 huj
1930 5342 1999 5407 us
2022 5323 2156 5407 viri,
2263 5336 2352 5407 est
2372 5323 2665 5407 decennio
2688 5337 2826 5388 ante
2873 5333 3030 5390 hanc
3058 5335 3366 5407 synodum
3393 5347 3531 5407 quae
3553 5328 3870 5387 damnavit

502 5396 628 5468 qua
648 5396 900 5453 libenter
918 5396 1168 5451 lectores
1196 5396 1523 5468 impertior,
1554 5411 1774 5467 nempe
1804 5413 1816 5451 :
1864 5396 2156 5455 Soterichi
2266 5403 2657 5459 Soterichum.

505 5467 748 5548 diaconi
764 5547 768 5548 ν
803 5467 1455 5548 Οοηεξιιζιιιίγιολοοιιίαηί
1480 5474 1773 5548 tractatus
1803 5468 1876 5523 de
1910 5486 2156 5548 genere?
2274 5545 2291 5548 ᾼ
2337 5475 2413 5545 (2)
2438 5476 2712 5548 Quatuor
2731 5474 2813 5542 hi,
2837 5489 2983 5548 cum
3004 5476 3308 5533 nonnullis
3329 5471 3867 5548 diaconis,_favisse

505 5541 665 5599 tione
697 5547 923 5609 aeterna
954 5538 1099 5617 ξ’ίιιε
1124 5538 1251 5617 De},
1284 5543 1487 5617 etpro
1514 5538 1852 5608 defensione
1882 5538 2157 5617 vocabuli
2267 5538 2569 5617 Sotericho
2602 5538 2884 5603 dicuntur
2911 5546 3094 5604 etiam
3122 5548 3185 5604 in
3214 5550 3417 5604 Graeco
3446 5538 3676 5603 scholia
3695 5540 3868 5614 quod

507 5628 623 5685 quo
653 5627 794 5669 usus
823 5617 907 5669 est
951 5610 1153 5667 beatus
1181 5609 1467 5695 Basilius,
1490 5624 1595 5683 qua
1641 5625 1884 5668 carnem
1916 5616 2156 5671 Domina
2268 5616 2479 5673 Nicetes
2513 5616 2812 5676 Choniatae
2843 5618 3036 5677 codici
3064 5618 3432 5693 appingitur.
