4126 6228
456 352 554 413 143
1783 348 2061 407 NlCET/E

2188 341 2475 406 ONlATJE
3714 352 3813 412 m

449 479 755 550 duplicem
803 491 930 532 esse
990 472 1545 540 sanctiﬁcationem,
1606 473 1855 531 alteram
1911 489 2078 546 quau

2214 480 2276 545 τῆ
2321 476 2477 547 σαρκὶ
2524 469 2808 546 μετέδωκεν
2857 474 3015 538 αὐτὸς
3056 475 3274 548 ἑνωθεὶς,
3314 479 3399 531 τόν
3458 474 3518 531 δὲ
3571 475 3811 553 δεύτερον

448 571 577 641 ipse
608 566 772 623 carni
804 564 1050 621 contulit
1068 581 1208 621 cum
1235 565 1285 621 ei
1326 564 1701 638 hypostatice
1747 563 1952 620 unitus
1991 565 2077 618 est

2214 562 2267 614 ὃν
2335 563 2616 637 εἰργάσατο
2671 559 2763 617 διὰ
2830 566 3037 635 θυσίαν,
3098 566 3167 629 εἰς
3218 571 3304 621 τὸν
3362 573 3568 643 Πατέρα
3615 572 3810 629 ταύτην

447 658 697 715 alteram
749 671 890 711 vero
936 670 1122 727 quam
1162 670 1269 727 per
1302 652 1665 711 sacriﬁcium
1697 656 1981 726 operatus
2012 667 2076 707 es

876 672 890 709 ι
936 670 1122 727 quam
1162 670 1269 727 per
1302 652 1665 711 sacriﬁcium
1697 656 1981 726 operatus
2012 654 2103 707 est
2210 650 2505 725 ἀνενεγκών.

447 746 613 820 quod
635 745 786 802 Patri
818 743 1047 800 obtulit.

520 839 694 893 PHIL.
749 833 925 908 Atqui
974 834 1023 889 si
1074 848 1339 903 carnem,
1390 832 1546 889 dicet
1592 831 1833 905 aliquis,
1878 831 2099 886 unione

2282 834 2419 885 «ΗΛ.
2479 830 2617 885 Ἀλλ’
2681 834 2819 908 εἴπερ
2880 832 2931 897 ἑξ
2985 834 3146 898 αὐτῆς
3211 836 3399 908 ἠγίακε
3454 838 3650 896 ταύτην
3694 837 3812 890 ἑνώ-

449 944 561 983 sua
581 929 709 998 jam
750 923 1247 991 sauctiﬁcaverat,
1282 939 1388 979 cur
1417 922 1602 979 altera
1624 920 2078 978 sanctificationi

2212 939 2358 991 σεως,
2416 925 2541 993 φαίη
2593 941 2672 984 τις
2711 922 2791 989 ἂν,
2831 927 2882 975 τί
2918 920 3001 977 δεῖ
3038 944 3161 977 ποτε
3207 930 3296 978 καὶ
3342 925 3515 1000 ἐτέρου
3562 923 3808 1001 δευτέρου

445 1016 537 1071 vel
566 1013 926 1085 perfectione
956 1028 1109 1084 opus
1141 1011 1246 1068 fuit
1269 1012 1296 1068 ?

2210 1011 2475 1082 ἁγιασμοῦ
2500 1027 2513 1077 ;
2545 1016 2697 1073 ποίας
2721 1008 2779 1064 δι
2807 1011 3110 1075 τελειώσεως
3141 1031 3154 1081 ;

519 1105 668 1159 SOT.
723 1101 979 1170 Longius
1020 1116 1055 1156 a
1102 1100 1412 1172 proposito
1459 1114 1616 1166 meo,
1648 1098 1873 1171 optime
1911 1095 2097 1167 Philo,

2280 1105 2421 1152 ΣΩΤ.
2456 1103 2762 1174 Μακρότερά
2800 1120 2863 1174 με
2901 1107 2991 1155 καὶ
3042 1110 3132 1155 τοῦ
3169 1102 3346 1174 λόγου,
3391 1106 3575 1178 ἄριστε
3620 1105 3806 1178 Φίλων,

446 1192 721 1249 aberrare
761 1205 856 1245 me
903 1189 1160 1245 dicendo
1206 1189 1418 1260 cogis;
1473 1193 1737 1244 attamen
1781 1186 1865 1243 tui
1914 1200 2075 1241 causa

2210 1186 2517 1259 ἀναγκάζεις
2571 1188 2732 1260 λέγειν
2762 1206 2775 1219 '
2821 1190 2953 1249 πλὴν
2987 1212 3077 1245 και
3124 1201 3277 1245 τοῦτο
3319 1197 3416 1252 σὴν
3458 1198 3662 1263 εἴρηται
3703 1198 3807 1268 χά-

442 1283 605 1337 hunc
634 1280 903 1336 laborem
935 1279 1280 1351 suscipiam.
1316 1278 1388 1333 lis
1419 1278 1522 1350 qui
1546 1277 1802 1333 invicem
1833 1275 2066 1332 recouci

2206 1295 2309 1347 ριν.
2363 1274 2515 1337 ’Ἐθος
2567 1284 2673 1337 τοῖς
2726 1278 3217 1352 καταλλαττομένοις
3264 1280 3377 1334 ἐστί
3425 1282 3701 1355 λαμϐάνειν
3754 1304 3807 1337 τι

443 1371 662 1426 liantur
692 1385 826 1424 mos
858 1373 944 1424 est
973 1368 1162 1423 mutui
1186 1367 1415 1438 aliquid
1442 1366 1728 1434 muneris,
1757 1365 1931 1437 quasi
1959 1380 2070 1419 con

2205 1363 2329 1437 παρ’
2400 1364 2627 1424 ἀλλήλων
2687 1375 2780 1429 τῆς
2846 1366 3349 1443 ἕμπεὸωθησομένης
3429 1372 3596 1444 φιλίας
3656 1372 3807 1446 ἐχέγ-

445 1459 750 1529 glutinatre
768 1457 1039 1513 amicitiaa
1060 1455 1649 1528 arrham,impertiri.
1676 1446 1967 1520 Quoniam
1991 1453 2073 1508 ita

2206 1474 2365 1526 γυον·
2422 1453 2624 1528 ἐπείπερ
2679 1452 2765 1508 οὖν
2813 1462 2901 1510 καὶ
2954 1460 3092 1531 ἡμᾶς
3156 1457 3229 1512 δι’
3279 1462 3474 1536 ἔχθρας
3527 1468 3808 1534 γεγονότας

444 1565 561 1620 que
588 1552 643 1603 et
672 1563 803 1615 nos,
835 1550 971 1618 post
1000 1546 1101 1601 Dei
1135 1544 1451 1613 offensam,
1483 1542 1851 1600 reconciliari
1899 1541 2073 1597 eideu

2208 1551 2321 1614 Θεῷ
2361 1542 2525 1617 ἐχρῆν
2572 1544 3038 1617 καταλλάττεσθαι,
3084 1556 3177 1610 τῆς
3224 1550 3362 1613 θείας
3416 1551 3513 1604 οὐκ
3562 1550 3805 1625 ἀνασχό-

445 1635 845 1709 oportebat,is
866 1634 1109 1705 quidem
1136 1649 1366 1688 morem
1389 1648 1512 1687 sum
1540 1630 1825 1689 bonitatis
1849 1630 2074 1686 minimi

2205 1654 2356 1708 μενος
2430 1634 2714 1707 ἀφεστάναι
2791 1633 3080 1701 διαπαντὸς
3144 1640 3491 1712 ἀγαθότητος,
3556 1648 3808 1717 πρότερον

444 1727 745 1789 omittens,
776 1724 1007 1796 primus
1037 1723 1162 1795 ipse
1190 1722 1342 1777 Deus
1372 1721 1650 1784 Verbum,
1676 1720 1777 1793 qui
1818 1718 1896 1776 ab
1927 1718 2073 1774 initi<

2207 1724 2361 1786 αὐτὸς
2401 1726 2427 1776 ό
2472 1730 2563 1778 καὶ
2607 1730 2701 1785 τὴν
2741 1724 2915 1801 ἀρχὴν
2962 1730 3271 1793 ὑποστήσας
3316 1736 3486 1803 Λόγος
3534 1736 3629 1791 τὴν
3675 1734 3807 1805 ἠμε-

444 1812 2073 1882 subsistebat,substantianostrasuscepta,peccatorun

2210 1812 2385 1873 ὃαπην
2439 1814 2656 1888 εἰληφὼς
2708 1816 2892 1869 οὐσίαν
2958 1814 3242 1871 ἀντέδωκεν
3309 1822 3434 1893 ἡμῖν
3496 1821 3806 1897 ἀμαρτημοξο

445 1905 862 1961 remissionem
897 1900 1074 1956 nobis
1118 1901 1366 1971 largitus
1403 1904 1510 1965 est,
1543 1906 1723 1971 atque
1751 1914 1824 1954 ex
1849 1899 2074 1969 antiqua

2208 1925 2304 1969 των
2370 1905 2572 1976 ἄφεσιν,
2628 1909 2721 1964 τῆν
2789 1904 2842 1957 ἐκ
2908 1914 3003 1967 τῆς
3067 1908 3264 1969 πλάνης
3330 1908 3652 1982 ἀπαλλαγὴν,
3720 1913 3811 1972 τάς

447 1994 659 2050 fraude
683 1993 920 2064 eripuit,
950 1990 1152 2046 multis
1183 1989 1469 2063 mirisque
1512 1989 1741 2045 collatis
1770 1987 2076 2043 beneficiis

2210 1991 2397 2053 πολλὰς
2476 1992 2667 2055 ἐκείνας
2732 1993 3028 2070 ἐνηργηκὼς
3093 1997 3388 2070 εὐεργεσίας
3455 2005 3543 2051 καὶ
3611 2001 3810 2073 θαυμα-

450 2084 563 2141 Sed
584 2083 728 2156 quia
745 2083 925 2137 etiam
941 2080 1315 2152 Patrem,qui
1334 2079 1657 2151 adoptione
1675 2094 1788 2134 nos
1812 2076 2079 2149 dignaba

2214 2084 2385 2143 στάςο
2449 2081 2557 2135 ἐπεὶ
2610 2080 2669 2135 δε
2726 2090 2815 2137 καὶ
2866 2089 2951 2136 τόν
3008 2091 3214 2161 Πατέρα
3265 2085 3430 2160 ἐχρῆν
3476 2087 3701 2141 λαϐόντα
3759 2108 3812 2142 τι

450 2180 565 2241 tur,
582 2172 806 2243 aliquid
830 2188 865 2228 a
894 2171 1070 2226 nobis
1092 2170 1363 2243 accipere
1393 2185 1634 2241 {equum
1650 2172 1793 2239 erat,
1810 2167 1985 2224 nobis
2001 2183 2079 2223 au

2211 2170 2334 2242 παρ’
2389 2173 2533 2243 ἡμῶν
2590 2176 2683 2231 την
2746 2175 3008 2226 υἱοθεσίαν
3063 2173 3538 2250 ἀντιχαρίσασθαι,
3605 2186 3809 2253 προσῆν

451 2268 570 2317 tem
588 2260 735 2316 nihil
756 2274 974 2332 purum
998 2258 1224 2325 aderat,
1250 2262 1354 2314 aut
1374 2258 1475 2313 Dei
1498 2258 1810 2328 majestate
1827 2256 2076 2327 dignum

2216 2255 2273 2311 δε
2318 2261 2441 2332 ἡμῖν
2475 2257 2624 2314 οὐδὲν
2677 2264 2928 2336 καθαρόν,
2966 2259 3092 2316 οὐδὲ
3133 2271 3224 2325 τῆς
3267 2265 3425 2318 αὑτοῦ
3465 2266 3808 2338 μεγαλειότη-

454 2354 703 2423 peccato
719 2348 927 2404 omnia
938 2346 1671 2415 commaculante,idcirco
1687 2347 1887 2418 ipsum
1904 2346 2083 2400 thcan

2214 2368 2300 2411 τος
2356 2349 2520 2417 ἀξιον,
2577 2358 2668 2411 τῆς
2715 2350 2972 2426 ἁμαρτίας
3029 2354 3199 2406 πάντα
3243 2352 3604 2417 ίπιθολούσης,
3654 2356 3812 2420 αὐτὸς

455 2440 686 2495 dricum
718 2437 1432 2508 Verbum,paupertatem
1455 2440 1727 2491 nostram
1746 2451 1855 2490 ceu
1883 2433 2082 2490 media

2216 2444 2242 2495 ὁ
2310 2441 2630 2514 θεάνθρωπος
2708 2445 2901 2512 Λόγος,
2967 2445 3027 2494 τὸ
3088 2449 3184 2504 τῆς
3249 2439 3527 2515 ἡμεδαπῆς
3593 2442 3813 2520 ἀπορίας

456 2534 549 2585 tor
587 2525 892 2600 supplens,
923 2524 1315 2580 humanitatis
1369 2524 1566 2579 forma
1613 2524 1884 2592 indutus,
1926 2537 2085 2577 suun

2218 2529 2523 2602 ἀναπληρῶν
2591 2529 2680 2582 ἅτε
2735 2534 2973 2602 μεσίτης,
3035 2529 3083 2582 ἓν
3139 2537 3403 2604 προσώπῳ
3454 2541 3549 2594 τῆς
3605 2532 3809 2610 ἀνθρω-

458 2616 672 2673 obtulit
693 2614 1070 2685 sanguinem,
1085 2613 1387 2669 victimam
1404 2612 1877 2683 immaculatam,
1895 2612 2087 2667 saluta

2218 2625 2443 2681 πότητος
2518 2621 2576 2671 τὸ
2652 2618 2810 2671 αὑτοῦ
2885 2624 3266 2693 προσενήνοχεν
3333 2622 3485 2695 αἷμα,
3550 2624 3813 2697 ἄχραντον

460 2722 586 2762 rem
609 2704 892 2773 hostiam,
913 2703 986 2759 ad
1006 2718 1117 2759 nos
1141 2717 1281 2757 cum
1303 2703 1469 2758 Patre
1489 2700 1897 2756 conciliandos
1916 2700 2088 2756 eftica

2224 2712 2381 2781 θῦμα,
2427 2713 2680 2781 σωτήριον
2737 2708 3075 2782 καλλιέρημα,
3130 2718 3221 2771 τῆς
3276 2714 3404 2784 πρὸς
3459 2716 3545 2764 τὸν
3608 2716 3816 2786 Πατέρα

462 2795 786 2850 cissimam.
810 2795 1005 2858 Quam
1025 2807 1152 2847 rem
1178 2806 1337 2862 saepe
1367 2789 1634 2845 declarat
1662 2789 1834 2845 divus
1862 2789 2080 2845 Paulus

2221 2796 2548 2868 καταλλαγῆς
2604 2798 2728 2868 ἡμῖν
2795 2796 3097 2851 αἰτιώτατον
3131 2815 3145 2829 ⁸
3205 2797 3231 2851 ὁ
3288 2799 3555 2872 πολλαχοῦ
3592 2805 3682 2853 καὶ
3740 2803 3818 2854 θεν

461 2883 786 2952 Justiﬁcali
813 2883 989 2948 enim,
1024 2881 1106 2937 ait
1133 2881 1536 2951 in,sanguine
1571 2880 1736 2947 Filii,
1772 2894 1881 2949 per
1920 2882 2090 2949 ipszm

2227 2891 2444 2946 σπέσιος
2517 2884 2855 2958 ἀποφαίνεται
2930 2886 3188 2950 Παῦλος·
3258 2890 3625 2952 Δικαιωθέντες
3693 2892 3819 2966 γάρ,

464 2974 621 3030 salvi
651 2973 868 3028 erimus
894 2972 934 3027 ¹.
968 2972 1032 3025 Et
1062 2985 1307 3024 rursus:
1352 2969 1465 3036 Qui
1488 2969 1713 3023 inimici
1740 2982 1995 3039 eramus,
2020 2983 2088 3023 re

2227 2980 2405 3049 φησιν,
2469 2973 2516 3026 ἐν
2574 2983 2645 3047 τῷ
2711 2977 2897 3049 αἵματι
2957 2984 3050 3029 τοῦ
3115 2978 3237 3030 Υὶοῦ
3302 2979 3652 3051 σωθησόμεθα
3747 2975 3824 3032 δι’

468 3063 777 3119 conciliati
794 3074 995 3115 sumus
1012 3072 1121 3129 per
1138 3059 1493 3129 sanguinem
1517 3058 1665 3113 Filii
1687 3060 1815 3127 ejus
1830 3060 1874 3112 ².
1899 3058 2094 3123 Quidn

2227 3065 2421 3118 αὑτοῦ·
2495 3067 2585 3116 καὶ
2655 3060 2801 3125 αὖθις
2835 3081 2847 3095 ·
2926 3065 3146 3141 Ἐχθροὶ
3219 3071 3358 3130 ὄντες
3430 3067 3822 3141 κατηλλάγημεν

469 3166 612 3222 ergo
650 3149 825 3206 valde
864 3149 938 3205 sit
978 3147 1313 3205 absurdum
1355 3147 1571 3216 dicere,
1600 3146 1963 3204 sacriﬁcium
2003 3147 2098 3202 hoc

2226 3164 2298 3226 τῷ
2337 3161 2452 3226 Θεῷ
2502 3150 2595 3206 διὰ
2630 3162 2723 3207 τοῦ
2760 3156 2982 3227 αἳματος
3022 3164 3114 3208 τοῦ
3163 3159 3287 3210 Υίοῦ
3333 3157 3519 3214 αὐτοῦ.
3583 3166 3694 3219 Πῶς
3736 3154 3824 3211 οὖν

471 3242 591 3297 Deo
621 3239 812 3295 Verbo
837 3237 1021 3294 fuisse
1047 3236 1316 3294 oblatum
1340 3236 1368 3290 ?
1408 3236 1561 3302 Quid
1590 3236 1751 3292 enim
1780 3236 1977 3308 ipsum
2018 3250 2094 3292 ne

2227 3242 2321 3295 οὐκ
2386 3240 2615 3302 ἐπιεικῶς
2688 3241 2829 3295 ἐστιν
2893 3244 3084 3297 ἄτοπον
3154 3247 3348 3304 ταύτην
3409 3249 3824 3319 προσενεχθῆναι

472 3344 638 3386 cesse
668 3333 795 3386 erat
836 3326 1209 3384 reconciliari
1247 3325 1447 3392 nobis,
1473 3325 1577 3399 qui
1602 3326 1729 3396 jam
1760 3325 1899 3381 inde
1930 3325 2007 3381 ab
2046 3340 2101 3381 ec

2225 3337 2320 3390 τῆν
2374 3333 2559 3384 θυσίαν
2605 3330 2767 3403 λέγειν
2820 3341 2892 3404 τῷ
2941 3341 3055 3404 Θεῷ
3098 3338 3292 3406 Λόγῳ;
3352 3340 3504 3399 Τίνος
3569 3338 3671 3409 γὰρ
3697 3338 3821 3409 ημῖν

473 3426 761 3491 tempore,
789 3433 911 3490 quo
934 3432 995 3472 se
1025 3416 1194 3473 carni
1214 3414 1732 3487 conjunxit,nobis
1760 3419 1887 3471 erat
1914 3430 2102 3470 recon

2226 3424 2357 3495 πρὸς
2406 3428 2556 3473 τοῦτο
2606 3417 2711 3473 ἔδει
2754 3421 3099 3494 καταλλαγῆς,
3143 3423 3194 3484 ὃς
3242 3422 3295 3486 ἐξ
3332 3423 3498 3487 αὐτῆς
3554 3426 3678 3498 ημῖν
3731 3445 3822 3478 κα-

473 3509 706 3564 ciliatus
730 3508 759 3563 τ
799 3510 913 3563 Cur
941 3520 1154 3561 rursus
1187 3520 1309 3560 non
1342 3505 1417 3559 sit
1443 3504 1748 3571 insanum,
1780 3519 1888 3576 per
1914 3504 2102 3575 hujus

2227 3508 2502 3568 τὴλλαττεν
2558 3516 2654 3571 τῆς
2697 3508 2967 3577 ἐνὼσεως;
3035 3516 3146 3573 Πῶς
3213 3507 3271 3565 δε
3322 3512 3417 3566 οῦκ
3474 3512 3689 3572 ἀνόητον
3749 3512 3825 3567 λί-

474 3596 639 3652 modi
655 3593 1012 3651 sacriﬁcium
1029 3591 1479 3664 sibimetipsum
1491 3607 1619 3647 esse
1631 3591 2103 3648 reconciliatum?

2226 3610 2335 3670 γειν
2384 3595 2478 3651 διὰ
2530 3606 2622 3660 τῆς
2661 3600 2844 3661 θυσίας
2891 3602 3081 3661 ταύτης
3130 3600 3285 3653 αὐτόν
3330 3602 3493 3673 ἐαυτῷ
3531 3602 3823 3656 καταλλάτ-

475 3688 584 3740 Aut
600 3690 880 3739 naturam
895 3680 1141 3753 quidem
1155 3682 1283 3751 ejus
1302 3696 1374 3735 ex
1387 3678 1562 3734 nobis
1574 3685 2104 3752 sumptam,pacenc

2229 3690 2453 3757 τεσθαι;
2512 3689 2543 3747 ἣ
2605 3693 2694 3747 τῆν
2744 3692 2835 3762 μεν
2883 3687 2936 3752 ἐξ
2990 3691 3135 3762 ἡμῶν
3183 3690 3603 3765 προσληφθεῖσα-ι
3664 3692 3820 3763 φύσιν

473 3773 695 3828 habere
712 3771 1060 3836 nobiscum;
1094 3768 1367 3840 ejusdem
1382 3783 1525 3823 vero
1541 3767 1820 3825 deitatem
1846 3769 2102 3827 humani

2231 3779 2370 3848 ἔχειν
2428 3780 2554 3854 πρὸς
2621 3779 2756 3850 ἡμᾶς
2818 3777 3036 3845 οἰκείως,
3096 3783 3189 3837 τῆν
3252 3775 3305 3833 δ’
3358 3780 3627 3832 ἐνωθεῖσαν
3683 3776 3815 3852 αὖτῇ

473 3863 578 3920 tati
612 3862 861 3924 unitam,
889 3864 1163 3932 oportere
1193 3858 1368 3914 nobis
1398 3873 1505 3930 per
1532 3857 1890 3914 sacriﬁcium
1917 3874 2102 3914 recon

2234 3868 2452 3923 θεοῖ-ητα
2501 3863 2712 3919 δεῖσθαι
2759 3875 2852 3928 τῆς
2896 3872 3026 3941 πρὸς
3073 3868 3213 3941 ἡμᾶς
3253 3865 3533 3930 διάθυσίας
3571 3867 3820 3921 καταλλα-

475 3951 656 4009 ciliari
684 3953 714 4010 ?
744 3950 921 4018 Quasi
962 3964 1101 4005 cum
1129 3947 1312 4004 Paulo
1341 3947 1615 4003 dicamus
1649 3964 1661 4003 :
1714 3950 1866 4003 Num
1896 3948 2104 4003 divisus

2229 3961 2373 4026 77);;
2416 3960 2479 4007 ‘Il
2538 3957 2671 4006 κατά
2716 3955 2916 4008 Παῦλον
2974 3956 3167 4009 εἰπεῖν’
3235 3960 3558 4032 Μεμίρισται
3596 3958 3621 4008 ό
3688 3965 3826 4031 Χρι-

474 4047 563 4100 est
611 4041 878 4100 Christus
911 4041 940 4096 ?
986 4038 1067 4095 ita
1104 4042 1169 4094 ut
1204 4052 1347 4111 pars
1386 4036 1534 4109 ejus,
1566 4036 1781 4109 amica,
1815 4052 1955 4111 pars
1986 4053 2103 4094 ver<

2234 4048 2397 4111 στός;
2453 4045 2518 4104 ὡς
2566 4039 2694 4095 εἶναι
2740 4046 2797 4096 τὸ
2845 4052 2934 4115 μεν
3002 4044 3142 4117 φῦ.ον
3191 4044 3350 4117 αὐτῷ,
3402 4048 3459 4097 τὸ
3520 4040 3579 4098 δε
3634 4043 3828 4100 ἀντίθε-

476 4134 609 4204 alia,
638 4131 985 4189 adversaria
1017 4130 1092 4185 sit
1118 4131 1145 4185 ‘?
2231 4151 2335 4187 τον.

547 4224 723 4279 PHIL.
746 4224 816 4276 At
836 4220 1019 4281 enim,
1043 4219 1090 4274 si
1123 4217 1288 4290 quod
1320 4217 1473 4275 Patri
1502 4217 1768 4285 offertur,
1802 4232 1907 4289 per
1935 4218 2123 4274 Deum

2304 4226 2440 4278 ΦΙΛ.
2486 4220 2619 4273 Ἀλλ’
2669 4224 2831 4297 εἴπερ,
2892 4226 3043 4294 φησὶ,
3085 4225 3143 4275 τό
3201 4231 3272 4295 τῷ
3295 4227 3460 4296 Πατρὶ
3502 4227 3830 4297 προσαγόμε-

475 4311 733 4366 Verbum
763 4308 1008 4365 offertur
1034 4326 1046 4364 :
1080 4309 1262 4364 Nemo
1288 4309 1466 4373 enim,
1494 4308 1579 4363 uti
1602 4307 1893 4379 scriptum
1923 4312 2104 4375 est,ac

2232 4330 2313 4363 νον
2363 4307 2457 4363 διὰ
2501 4318 2594 4364 τοῦ
2658 4315 2786 4364 Θεοῦ
2848 4315 3008 4384 Δόγου
3062 4314 3422 4386 προσάγεται·
3451 4309 3643 4376 Οὐδεὶς
3703 4316 3827 4386 γὰρ,

474 4400 716 4458 Patrem
746 4401 904 4455 venit
926 4398 1044 4453 nisi
1068 4412 1179 4467 per
1206 4397 1334 4453 me3
1362 4412 1373 4462 ;
1404 4396 1715 4469 quomodo
1744 4396 1872 4453 ﬁeri
1893 4402 2100 4470 potera

2233 4403 2382 4472 φησὶ,
2442 4404 2575 4473 πρὸς
2625 4403 2711 4453 τόν
2778 4403 2986 4476 Πατέρα
3043 4403 3253 4477 ἔρχεται
3310 4401 3354 4455 εἰ
3399 4406 3471 4474 μῆ
3542 4397 3617 4454 δι’
3678 4404 3826 4476 ἐμοῦ,

475 4495 540 4546 ut
580 4488 697 4544 hoc
754 4484 1115 4543 sacrificium
1164 4484 1493 4556 offerretur,
1544 4484 1657 4541 nisi
1707 4490 1884 4543 antea
1933 4485 2104 4559 ipsius

2194 4498 2340 4567 Ιπῶς
2396 4487 2509 4548 ἐνῆν
2572 4491 2991 4565 προσενηνέχθαι
3053 4494 3148 4549 τῆν
3216 4491 3406 4544 θυσίαν
3471 4494 3688 4560 ταύτην,
3751 4495 3823 4563 μῆ

476 4577 767 4648 Uuigeniti
797 4575 1002 4633 deitati
1026 4574 1235 4630 fuisset
1266 4572 1535 4630 oblatum
1565 4576 1592 4630 ?

2230 4582 2474 4653 πρότερον
2537 4586 2600 4650 τῇ
2668 4585 2759 4632 τοῦ
2823 4586 3137 4652 Μονογενοῦς
3200 4581 3645 4653 προσενεχθεῖσαν
3712 4582 3825 4634 θεό-

2231 4687 2348 4721 τητι
2382 4683 2393 4721 Ζ

547 4758 692 4816 SOT.
738 4759 865 4813 Non
903 4753 1075 4811 Verbi
1103 4752 1314 4823 deitas,
1349 4767 1383 4808 o
1412 4751 1610 4822 sodes,
1637 4767 1902 4825 namque
1928 4752 2006 4809 ad
2034 4754 2122 4825 ip-

2231 4687 2348 4727 τητι
2381 4687 2395 4736 ;

2303 4763 2444 4812 ΣΩΤ.
2503 4757 2625 4830 Οὐχ
2685 4758 2715 4816 ἠ
2772 4765 2863 4810 τοῦ
2912 4762 3086 4830 Λόγου
3148 4760 3351 4825 θεότης,
3400 4756 3440 4811 ὦ
3478 4759 3644 4827 οὗτος,
3699 4761 3826 4831 πρὸς

478 4863 613 4902 sum
639 4846 973 4903 orationem
995 4858 1197 4899 meam
1218 4846 1521 4911 converto,
1559 4842 1666 4897 sed
1705 4842 2107 4899 theandricurx

2231 4850 2331 4922 γὰρ
2378 4845 2563 4899 ἐκεῖνον
2602 4850 2800 4920 στρέφω
2848 4850 2935 4900 τὸν
2971 4847 3141 4920 λόγον,
3192 4850 3241 4901 ἑν
3280 4855 3393 4911 ταῖς
3430 4853 3561 4922 πρὸς
3595 4852 3682 4901 τὸν
3723 4854 3827 4901 Πα-

473 4938 799 5008 ipsummet
817 4934 1101 5002 Verbum,
1127 4948 1235 4989 ceu
1258 4932 1318 4988 in
1340 4935 1654 5003 assumpta
1678 4936 1896 4989 natura
1923 4933 2102 5004 ponti-

2234 4941 2357 5011 τέρα
2403 4942 2773 5009 προσαγωγαῖς
2832 4933 3183 5010 ἐμεσίτευσεν,
3240 4936 3366 4990 ἀλλ’
3429 4938 3585 5000 αὐτὸς
3631 4938 3658 4990 ὀ
3709 4938 3826 4990 εάν-

475 5025 593 5093 fex,
615 5028 671 5079 et
699 5030 840 5079 tunc
879 5023 1193 5095 proprium
1230 5020 1589 5091 sanguinem
1628 5019 1859 5091 obtulit,
1885 5026 1941 5079 et
1965 5038 2104 5078 num

2238 5027 2438 5102 θρωπος
2504 5030 2673 5099 Λόγος
2738 5032 3082 5101 χρηματίσας
3144 5028 3281 5079 κατὰ
3344 5031 3438 5086 τὴν
3508 5026 3832 5102 πληροφορη-

476 5112 740 5168 salvatos
783 5111 935 5168 Patri
973 5108 1167 5175 offert,
1205 5115 1272 5166 ut
1314 5109 1506 5179 gratia
1547 5124 1659 5164 sua
1698 5108 1977 5167 deiﬁcct:
2030 5110 2105 5167 hic

2239 5116 2413 5168 θεῖσαν
2474 5117 2628 5187 φύσιν
2686 5113 2977 5190 ἀρχιερεὺς,
3035 5120 3124 5169 καὶ
3177 5121 3290 5169 τότε
3330 5118 3389 5169 τὸ
3452 5116 3639 5169 οἰκεῖον
3704 5117 3838 5189 αἷμα

474 5202 698 5275 quippe
729 5205 818 5257 est
845 5199 1164 5256 oblationis
1192 5199 1346 5255 ﬁnis.
1390 5196 1685 5269 Intelliges
1722 5205 1923 5257 autem
1963 5218 2103 5274 quo<

2236 5208 2608 5278 προσαγαγὼν,
2669 5210 2759 5256 καὶ
2815 5212 2903 5257 νῦν
2960 5207 3080 5267 τοὺς
3145 5204 3473 5277 σωζομένους
3533 5201 3608 5258 δι’
3674 5204 3837 5258 αὐτοῦ

474 5291 734 5369 dicimus
761 5288 853 5345 vel
873 5304 947 5346 ex
974 5288 1073 5345 illo
1102 5288 1355 5361 quodin
1382 5287 1578 5357 ﬁgura
1605 5287 1787 5346 ﬁebat
1814 5290 2103 5348 sacrificio

2238 5295 2515 5366 προσάγων
2558 5301 2631 5364 τῷ
2686 5298 2873 5367 Πατρὶ,
2925 5295 3008 5347 ἶνα
3061 5295 3226 5366 θεώση
3272 5301 3333 5366 τῆ
3384 5295 3574 5368 χάριτι
3605 5313 3619 5327 ο
3687 5301 3838 5347 τοῦτο

474 5384 619 5437 Nam
649 5378 911 5453 quatuor
935 5378 996 5434 in
1017 5377 1254 5447 ﬁgurali
1280 5376 1381 5433 illo
1404 5377 1848 5450 spectabantur,
1882 5379 2103 5439 oblatio

2238 5386 2339 5457 γὰρ
2371 5389 2466 5445 τὴς
2503 5392 2852 5457 προσαγωγῆς
2890 5387 2950 5437 τὸ
2994 5384 3152 5445 τέλος.
3205 5385 3408 5446 Μάθοις
3451 5380 3501 5435 δ’
3542 5381 3602 5435 ἆν
3650 5387 3740 5435 καὶ
3783 5380 3838 5435 ἐκ

474 5468 865 5536 consecratio,
909 5466 1178 5536 elevatio,
1230 5466 1514 5539 expiatio.
1557 5464 1930 5526 Otferebatur
1969 5470 2103 5528 enin

2240 5482 2335 5537 τῆς
2376 5476 2512 5529 κατά
2566 5477 2725 5528 τύπον
2788 5476 2975 5538 θυσίας
3033 5474 3058 5527 ὃ
3108 5473 3355 5547 λέγομεν
3425 5475 3660 5546 τέσσαρά
3724 5490 3841 5527 τινα

548 5649 564 5685 ¹
609 5648 778 5707 Rom.
802 5662 861 5717 v,
890 5648 945 5705 9.
1022 5645 1044 5682 ²
1082 5642 1236 5705 Ibid.
1277 5646 1363 5705 10.
1438 5645 1462 5681 ³
1496 5648 1670 5708 Joan.
1701 5663 1815 5718 xxv,
1856 5650 1910 5707 6.
