4126 6228
181 23 280 48 κη*
307 25 350 38 ο-

312 275 416 332 145

1629 281 1976 341 THESAURI
2013 285 2140 342 LIB.
2192 285 2374 343 XXIV.

3568 287 3670 344 146

305 404 428 472 περὶ
479 402 576 459 τήν
631 400 682 454 ἕν
741 401 890 475 τύπῳ
943 403 1130 456 θυσίαν
1201 400 1484 478 ίθιωρεῖτο,
1556 410 1906 480 προσαγωγὴ,

2032 421 2216 478 agnus
2243 409 2714 481 consecrandus,
2744 413 3132 468 consecratus
3161 411 3365 467 autem
3387 411 3516 482 ejus
3533 426 3669 470 san-

307 490 644 562 καθιέρωσις,
723 489 993 564 ἁναγῶγὴ,
1081 490 1388 564 ἀφοσίωσις·
1445 498 1746 566 προσήγετο
1817 498 1908 568 μεν

309 581 413 651 γάρ
486 579 514 631 ό
565 577 725 652 ἀμνὸς
807 582 1340 656 καθιερωθησόριενος·
1416 583 1790 655 καθιερωμένον
1851 581 1913 638 δέ

313 670 362 720 οἱ
407 670 465 720 τό
495 669 628 741 αἷμα
658 668 726 730 εἰς
753 672 820 722 τά
874 677 977 723 τῶν
1027 667 1186 742 ἁγίων
1235 669 1454 743 ὼιὴγετο
1511 669 1692 743 Ἃγιω
1751 671 1910 746 ἀνηγ-

311 758 462 826 μένον
519 752 580 810 δε
629 762 720 810 καὶ
783 760 1153 832 προσενεχθὲν,
1219 756 1516 832 ἀφωσίωτο.
1566 759 1766 836 Ὠσπερ
1825 758 1913 815 οὖν

315 843 409 897 οὐκ
453 847 570 898 ἔστι
626 845 790 918 λέγειν
837 849 1203 922 προσάγεσθαι
1247 851 1334 901 τόν
1364 847 1760 924 ξὰφωσιωμένον
1802 847 1908 911 ἤδη

312 937 405 986 καὶ
455 933 736 1007 ἡνωμένον,
794 936 960 998 οὕτως
1013 933 1138 991 οὐδὲ
1182 939 1244 995 1'6
1321 945 1415 991 τοῦ
1468 946 1702 1013 Σωτῆρος
1752 941 1906 1012 αἷμα,

311 1030 412 1084 τῆς
466 1022 627 1076 αὐτοῦ
659 1025 902 1088 θεότητος
965 1027 1266 1100 ἀχώριστον
1306 1031 1378 1093 ὅν,
1441 1029 1608 1081 ἔνεστι
1653 1026 1816 1100 λέγειν
1846 1037 1908 1102 τῇ

311 1112 431 1165 κατ’
459 1113 627 1190 ἄκρας
654 1115 888 1189 ἡνωμένῃ
917 1118 1070 1188 φύσει
1092 1117 1476 1191 προσάγεσθαι.

384 1205 521 1254 ΦΙΛ.
580 1199 716 1256 ’Δ).λ’
767 1202 809 1256 εἰ
865 1210 938 1276 πῇ
989 1205 1214 1272 θεότητί,
1277 1209 1428 1278 φησὶ,
1487 1212 1581 1258 τοῦ
1630 1208 1906 1279 Πατρός,ἠ

313 1291 476 1342 θυσία
519 1295 838 1366 προσήγετο,
883 1294 914 1351 ἠ
980 1291 1111 1352 αὑτὴ
1174 1289 1232 1346 δι
1291 1295 1471 1357 θεότης
1509 1293 1604 1346 κᾶν
1648 1303 1720 1365 τῷ
1751 1303 1911 1348 Μονο-

308 1386 462 1450 γενεί,
506 1383 560 1431 τί
601 1379 787 1433 κωλύει
818 1385 908 1434 καὶ
966 1389 1028 1454 τῇ
1089 1389 1180 1435 τοῦ
1234 1389 1555 1456 Μονογενοῡς
1589 1384 1910 1442 6361121112:-

309 1486 420 1540 γειν
445 1471 639 1526 ταύτην
663 1473 779 1522 τότε
817 1473 1215 1544 προσάγεσθαι;

383 1563 526 1610 ΣΩΤ.
586 1556 646 1612 Ἠ
702 1558 834 1617 αύτὴ
893 1562 1003 1631 μὲν,
1083 1556 1122 1610 ὦ
1175 1561 1288 1626 τάν,
1368 1561 1541 1622 θεότης
1620 1560 1913 1634 ἀμερίστως

312 1643 678 1721 ἔνθεωρείσθαι
745 1656 857 1710 ταῖς
931 1655 1164 1722 τριτταῖς
1244 1650 1600 1703 ὑποστάσεσιν
1647 1651 1912 1724 ὡμολόγη·

1083 1556 1122 1610 ὦ
1175 1561 1288 1626 τάν,

2019 497 2153 566 guis
2177 497 2256 554 ad
2287 499 2508 554 Sancta
2552 506 2904 557 sanctorum
2949 499 3321 564 elevabatur,
3366 498 3670 558 elevatum

2019 582 2280 654 denique
2315 586 2688 658 expiabatur.
2723 587 2882 646 Sicut
2911 602 3056 656 ergo
3086 585 3203 642 dici
3231 586 3460 660 nequit,
3498 587 3669 660 quod

2021 672 2306 730 offeratur
2328 673 2390 730 id
2411 675 2576 747 quod
2601 676 2730 747 jam
2761 677 3068 750 expiatum
3092 675 3266 732 fuerit
3294 679 3352 732 et
3379 677 3499 734 Deo
3540 678 3667 732 uni-

2021 767 2167 833 tum,
2203 763 2286 820 ita
2336 779 2412 819 ne
2455 766 2784 822 Servatoris
2826 765 3077 838 quidem
3136 765 3408 834 sanguis,
3462 769 3669 838 utpote

2022 850 2100 908 ab
2129 852 2259 921 ejus
2278 851 2497 910 deitate
2525 853 2836 922 indivisus,
2868 853 2988 910 dici
3017 857 3216 926 potest
3241 852 3402 927 quod
3437 857 3667 912 naturae

2020 939 2261 1014 ipsimet
2287 941 2615 999 arctissime
2635 942 2815 1000 unitas
2841 943 3144 1000 offeratur.

2094 1190 2269 1246 PHIL.
2296 1193 2366 1246 At
2393 1190 2442 1246 si
2479 1191 2669 1246 Patris
2728 1190 2932 1247 deitati
2982 1190 3348 1247 sacriﬁcium
3400 1189 3664 1262 offertur,

2020 1279 2236 1336 eadem
2261 1283 2463 1336 autem
2495 1279 2788 1352 Unigeniti
2831 1295 3076 1352 quoque
3121 1284 3211 1336 est
3260 1279 3473 1348 deitas,
3523 1281 3673 1352 quid

2019 1383 2228 1441 quaeso
2248 1368 2465 1434 obstat,
2509 1369 2838 1442 quominus
2867 1368 3030 1425 idem
3087 1368 3380 1440 Unigeniti
3423 1384 3672 1442 quoque

2021 1457 2222 1514 deitati
2249 1457 2447 1514 offerri
2473 1458 2728 1514 dicatur.

2095 1547 2246 1604 SOT.
2276 1547 2430 1603 Sane
2459 1547 2756 1609 eamdem,
2785 1563 2821 1602 ο
2846 1545 3025 1612 bone,
3051 1545 3331 1604 deitatem
3353 1547 3674 1604 indivisam

2022 1635 2083 1690 in
2114 1635 2304 1691 tribus
2337 1633 2610 1707 personis
2641 1635 2922 1691 fatemur.
2971 1636 3271 1702 Attamen,
3304 1635 3472 1708 quod
3510 1650 3670 1708 saepe

312 1751 420 1787 ται⁶
479 1733 614 1793 πλὴν
667 1737 695 1788 ὃ
744 1736 992 1800 πολλάκις
1039 1740 1264 1811 εἴρηται,
1296 1743 1386 1791 καὶ
1418 1747 1507 1791 νῦν
1540 1739 1633 1792 οὐκ
1665 1739 1913 1812 όκνοῡμεν

2032 1723 2306 1794 diximus,
2334 1730 2393 1780 et
2420 1739 2582 1780 nunc
2613 1739 2857 1797 quoque
2877 1727 3142 1796 repetere
3170 1739 3283 1779 nos
3305 1723 3471 1779 haud
3490 1724 3674 1796 piget,

310 1822 492 1896 λέγειν,
552 1827 623 1887 ὠς
680 1824 810 1898 ούχὶ
864 1828 1107 1900 τῇφύσεὶ
1157 1833 1249 1880 τοῦ
1308 1832 1533 1903 Πατρός,
1595 1836 1658 1901 τῇ
1720 1825 1783 1882 δὲ
1822 1836 1915 1882 τοῦ

313 1915 524 1988 Πατρός
574 1913 870 1967 ὑποστάσει
919 1921 1230 1988 προσήγετο·
1284 1917 1352 1978 ὡς
1404 1919 1491 1968 καὶ
1567 1920 1656 1969 ⁴Ι’όν
1717 1920 1918 1993 προσάο

310 2019 473 2074 γοντα
551 2005 843 2076 προσάγειν
921 2005 1299 2072 ὑποστατικῶς,
1345 2010 1436 2058 καὶ
1502 2008 1589 2059 τὸν
1633 2003 1917 2080 δεχόμενον

312 2091 685 2154 ὑποστατικῶς
731 2087 1116 2164 ὑποδέχεσθαι.
1159 2096 1246 2147 Διό
1302 2113 1390 2166 μοι
1445 2091 1633 2157 διττῶς
1684 2093 1915 2170 ἐξαμαρ-

311 2181 482 2232 τάνειν
521 2176 718 2250 δοκεῖς,
767 2179 1097 2254 ἀπομερίζων
1151 2185 1242 2255 μεν
1305 2187 1362 2236 τό
1433 2183 1501 2246 εἰς
1561 2187 1619 2237 σί
1668 2204 1727 2256 γε
1792 2186 1917 2243 ἧκον

315 2271 413 2327 τήν
481 2268 759 2344 ἀμέριστον
798 2273 973 2344 φύσιν,
1041 2276 1288 2346 παρέχων
1341 2269 1401 2326 δὲ
1453 2277 1543 2326 καὶ
1582 2281 1695 2336 ταῖς
1728 2276 1918 2346 φύσεσι

323 2359 392 2409 τὰ
423 2365 523 2410 τῶν
553 2359 908 2422 ὑποστάσεων,
941 2355 1225 2434 ἰδιώματα.
1281 2364 1413 2438 Πρὸς
1477 2358 1536 2415 δὲ
1587 2365 1814 2428 τούτοις,
1876 2363 1919 2416 εἰ

333 2453 406 2516 τῷ
461 2442 588 2498 εἶναι
633 2453 798 2506 κοινὴν
847 2453 954 2501 Υίῶ
1012 2454 1102 2502 καὶ
1160 2458 1232 2521 τῷ
1287 2455 1454 2526 Πατρὶ
1483 2455 1575 2510 τὴν
1621 2454 1794 2524 φύσιν,
1828 2447 1921 2504 διὰ

330 2542 500 2586 ταῦτα
569 2534 823 2608 συμϐαίνει
895 2543 1072 2596 κοινήν
1130 2535 1259 2591 εἶναι
1308 2544 1398 2592 καὶ
1435 2544 1530 2599 τὴν
1587 2548 1684 2603 τῆς
1734 2542 1920 2602 θυσίας

323 2619 623 2695 ὑποδοχὴν,
665 2623 856 2698 ἀνάγκη
918 2623 1047 2680 εἶναι
1085 2626 1250 2699 λέγειν
1305 2633 1482 2687 κοινὴν
1546 2634 1636 2682 καὶ
1660 2633 1755 2688 τὴν
1790 2631 1918 2704 σάρ-

315 2729 481 2764 κωσιν
525 2711 731 2784 ἀμφοῖν
783 2714 828 2768 εἰ
882 2717 984 2790 γὰρ
1043 2718 1072 2775 ἠ
1124 2724 1214 2768 νοῦ
1270 2721 1441 2789 Λόγου
1493 2719 1670 2778 θεότης
1719 2720 1920 2792 σεσάρ-

311 2819 498 2870 κωται,
539 2802 570 2861 ἡ
621 2801 752 2863 αύτὴ
804 2799 865 2858 δέ
929 2802 1042 2858 ἔστι
1099 2806 1273 2867 θεότης
1310 2810 1400 2858 καὶ
1456 2807 1505 2860 ἓν
1561 2811 1845 2881 Πατρικαὶ
1875 2805 1922 2858 ἐν

313 2893 598 2964 Πνεύριατι,
648 2892 848 2965 ἀνάγκη
900 2898 1113 2947 καὶτὸν
1158 2899 1366 2968 Πατέρα
1425 2903 1514 2948 καί
1585 2897 1645 2948 1'6
1709 2903 1922 2968 Πνεῦμα

314 2983 691 3053 σεσαρκώσοαι
737 2981 926 3054 λέγειν.
962 2982 1118 3057 Ὁρᾷς
1161 2982 1246 3038 οἶά
1295 3003 1381 3037 σοι
1445 2993 1538 3037 τοῦ
1585 2983 1742 3057 λόγου
1791 2985 1917 3058 παρ’

314 3069 464 3140 ἡμῶν
493 3071 830 3134 ὑποτιθέντος
861 3074 1140 3144 συνάγεται
1163 3089 1177 3140 ;

388 3162 527 3212 MA.
599 3158 757 3212 Ἀ).λὰ
812 3159 1074 3224 Βασί).ειο;
1120 3162 1146 3214 ό
1197 3163 1330 3224 θεῖος
1383 3168 1487 3223 τοῖς
1548 3161 1672 3236 παρ’
1748 3164 1914 3236 ἡμῶν,

313 3251 470 3320 emisi,
523 3247 812 3321 ληοριένοις
861 3258 1272 3326 προσμαρτυρεῖ³
1331 3253 1467 3304 κατὰ
1503 3253 1604 3327 γὰρ
1652 3256 1746 3311 τὴν
1779 3253 1916 3306 θείαν

313 3342 694 3409 μυσταγωγίαν
779 3338 1034 3411 ὑποφωνεί
1097 3347 1170 3412 τῷ
1249 3347 1448 3415 Σωτῆρι
1521 3347 1736 3416 Χριστῷ
1810 3362 1915 3414 μυ-

318 3431 652 3500 στικώτερον,
705 3431 772 3480 Σύ
814 3425 878 3497 εἰ,
932 3427 1112 3500 λέγων,
1163 3430 1188 3482 ὁ
1243 3433 1546 3505 προσφέρων
1602 3435 1690 3483 καὶ
1745 3450 1912 3504 προσο

315 3518 436 3587 φερό
439 3534 592 3587 μενος
614 3517 703 3568 καί
733 3514 1179 3592 προσδεχόμενος.

389 3611 534 3660 m'r.
576 3606 637 3658 Εἰ
664 3609 755 3679 μὲν
802 3611 887 3660 τόν
944 3615 1158 3684 Σωτῆρα
1212 3609 1395 3681 λέγεις,
1448 3609 1488 3660 ὧ
1537 3610 1707 3678 οὗτος,
1754 3628 1915 3684 προσ-

319 3697 486 3766 φέρειν
543 3697 632 3767 μὲν
686 3703 757 3766 τῷ
809 3701 976 3772 Πατρὶ
1030 3701 1147 3759 τοὺς
1205 3694 1279 3752 δι’
1350 3698 1510 3751 αὐτοῦ
1571 3699 1913 3771 σωζομένους,

315 3785 708 3857 προσφέρεσθαι
737 3781 796 3838 δὲ
826 3788 912 3838 τόν
947 3785 1102 3839 αὐτόν
1160 3783 1254 3840 διὰ
1303 3794 1393 3850 τῆς
1451 3785 1776 3860 ἀναιμάκτου
1829 3789 1915 3840 θυ-

319 3875 441 3934 σίας
477 3881 568 3933 τῆς
624 3872 694 3934 εἰς
750 3873 1039 3947 ἀνάμνησιν
1071 3875 1232 3929 αὐτοῦ
1261 3880 1560 3949 γενομένης,
1617 3873 1914 3950 προσδέχε-

317 3961 445 4013 σθαι
483 3956 544 4014 δὲ
590 3961 742 4015 αὐτόν
793 3965 860 4016 τὰ
903 3963 1027 4038 παρ’
1077 3966 1223 4037 ἡμῶν
1273 3967 1343 4027 ὡς
1396 3969 1523 4019 Θεόν
1567 3962 1913 4018 συνευδοκοῦ-

313 4067 407 4121 pa
458 4058 532 4121 τῷ
577 4049 710 4123 λόγῳ
764 4057 856 4104 καὶ
915 4055 1276 4126 συντιθέμεθου
1319 4050 1367 4108 εἶ
1416 4050 1475 4108 δε
1515 4055 1609 4116 τὰς
1629 4053 1913 4126 ἀντικειμέ-

311 4157 404 4200 νας
465 4142 660 4202 ταύτας
739 4138 896 4204 λέξεις
964 4142 1397 4216 συναπομερίζεις
1484 4149 1600 4206 ταῖς
1697 4145 1910 4216 φύσεσι,

311 4238 672 4303 παρασιωπῶν
729 4235 826 4290 τὴν
880 4233 1194 4301 ὑπόστασιν,
1243 4237 1334 4286 καὶ
1397 4232 1556 4306 λέγεις
1603 4238 1910 4307 προσφέρειν

309 4321 405 4392 μὲν
429 4321 526 4376 τὴν
561 4319 985 4393 προσληφθεῖσαν
1033 4323 1188 4394 φύσιν
1243 4325 1308 4374 τὰ
1352 4331 1442 4384 τῆς
1496 4325 1710 4397 σαρκός,
1751 4309 1911 4396 προσ-

311 4409 562 4482 φέρει-θαι
614 4404 673 4461 δε
716 4414 809 4468 τὴν
863 4415 960 4472 τῆς
1010 4414 1201 4484 σαρκός
1233 4412 1442 4479 θυσίαν,
1509 4407 1912 4486 προσδέχεσθαι

311 4492 373 4548 δε
401 4501 500 4554 τὴν
528 4497 765 4565 θεότητκ,
823 4503 888 4550 σύ
918 4502 1008 4572 μὲν
1050 4503 1109 4552 τό
1167 4499 1221 4563 ἐξ
1267 4500 1445 4573 ἅμμου
1495 4504 1732 4573 σχοινίον
1783 4499 1909 4552 πλέ-

308 4604 416 4638 κων
443 4589 660 4638 σεαυτὸν
687 4585 971 4648 λανθάνεις,

382 4679 518 4732 NA.
597 4673 770 4747 Ἡμεῖς
813 4672 873 4728 δί
917 4678 1049 4749 μετὰ
1110 4685 1204 4740 τῆς
1269 4685 1433 4740 αυτῆς
1487 4675 1910 4751 ἁντιστησόμεθα

305 4769 544 4836 γνώμης,
609 4768 699 4816 καὶ
778 4766 937 4836 ὁμόσε
1007 4770 1347 4840 χωρήσομεν,
1430 4765 1524 4818 οὐκ
1573 4764 1786 4838 ἐφιέντες
1837 4773 1909 4837 τῷ

306 4852 446 4924 λόγῳ
475 4854 547 4914 ὡς
580 4858 1124 4928 παρακεχαραγμένῳ,
1179 4859 1272 4908 καὶ
1325 4863 1420 4917 τῆς
1471 4863 1563 4909 τοῦ
1620 4859 1906 4928 Νεστορίου

307 4940 704 5015 γρενοελαϐείας
731 4939 1107 5017 ἐξηρτοημένῳ.

379 5037 529 5085 ΣΩΤ.

1484 4149 1600 4206 ταῖς

615 5034 786 5102 Χωρὶς
855 5026 914 5083 δι
973 5033 1167 5084 τούτων
1237 5036 1319 5094 τίς
1373 5040 1474 5084 τῶν
1567 5030 1908 5085 εὐσεϐούντων

303 5126 560 5194 προσοῖτο
621 5119 682 5170 ἄν
751 5119 812 5172 τὸ
865 5123 1134 5192 προσέρειν
1165 5121 1250 5173 ἐπὶ
1314 5129 1410 5183 τῆς
1457 5123 1594 5174 κατὰ
1638 5123 1697 5173 τὸ
1744 5123 1910 5182 πάθος

301 5213 584 5280 γενομένης
666 5209 858 5268 θυσίας
945 5205 1390 5282 προσδέχεσθαι;
1446 5216 1538 5262 τοῦ
1617 5207 1909 5262 ἀποστόλου

297 5301 619 5372 κεκραγότος
710 5295 937 5350 Παύλου·
1009 5296 1183 5361 Ἀπαξ
1259 5301 1488 5374 Χριστός
1563 5299 1689 5372 ὑπέρ
1760 5299 1907 5371 ἡμῶν

305 5385 549 5440 ἀπέθανε·
599 5390 692 5439 καὶ
760 5385 936 5438 πάλιν·
1000 5393 1165 5441 Τοῦτο
1220 5390 1322 5463 γὰρ
1400 5387 1639 5446 ἐποίησεν
1709 5385 1910 5459 ἐφάπαξ

379 5585 405 5621 ⁸
442 5581 624 5643 Hebr.
663 5597 763 5652 vn;
803 5585 894 5641 28.
936 5584 957 5620 ⁸
997 5584 1172 5642 Hebr.
1204 5601 1266 5656 x,
1309 5585 1397 5643 to.

2024 1829 2146 1870 non
2174 1817 2426 1881 naturai,
2454 1813 2559 1868 sed
2587 1829 2861 1886 personae
2892 1812 3080 1869 Patris
3113 1811 3271 1870 facta
3288 1817 3376 1869 est
3408 1812 3634 1869 oblatio
3657 1857 3674 1880 ,

2026 1903 2108 1960 ita
2134 1908 2196 1958 ut
2225 1906 2282 1958 et
2327 1902 2586 1958 offerens
2625 1901 3023 1974 personaliter
3064 1901 3370 1970 obtulerit;
3425 1901 3674 1974 pariter-

2025 2009 2144 2068 que
2159 1992 2450 2066 recipiens
2462 1992 2702 2049 nonnisi
2715 1991 3108 2064 personaliter
3122 1993 3434 2064 acceperit.
3457 1993 3676 2057 Quam-

2026 2081 2238 2138 obrem
2293 2080 2440 2136 mihi
2497 2078 2812 2153 dupliciter
2857 2094 3106 2152 peccare
3158 2079 3398 2146 videris,
3442 2079 3590 2134 dum
3621 2086 3678 2134 et

2027 2167 2340 2224 indivisam
2369 2171 2673 2235 naturam,
2701 2172 3002 2239 quantum
3030 2165 3092 2221 in
3115 2169 3169 2222 te
3208 2170 3317 2238 est,
3340 2165 3593 2234 dividis;
3621 2173 3677 2223 et

2027 2257 2174 2314 dum
2201 2255 2432 2312 naturis
2462 2271 2534 2312 ea
2557 2271 2694 2328 quae
2726 2259 2868 2311 sunt
2897 2269 3296 2326 personarum
3317 2253 3564 2326 propria
3585 2259 3674 2311 at-

2027 2345 2259 2403 tribuis.
2284 2347 2599 2414 Prteterea,
2633 2343 2682 2400 si
2707 2343 2849 2416 quia
2871 2343 3216 2399 communis
3263 2348 3351 2399 est
3391 2343 3530 2399 Filio
3574 2345 3675 2400 Pa-

2029 2436 2222 2509 trique
2250 2441 2490 2504 natura,
2519 2433 2744 2491 idcirco
2766 2449 3156 2489 communem
3181 2448 3425 2505 quoque
3443 2433 3672 2488 contin-

2029 2526 2112 2598 git
2125 2541 2289 2582 essse
2300 2525 2726 2598 receptionem,
2743 2523 3084 2579 necessario
3103 2522 3392 2594 sequitur,
3407 2527 3470 2577 ut
3487 2524 3677 2578 incar-

2029 2614 2194 2671 natio
2223 2628 2467 2686 quoque
2505 2611 2808 2669 ambobus
2837 2611 3012 2667 fuerit
3041 2609 3402 2666 communis.
3435 2611 3582 2664 Nam
3631 2609 3682 2662 si

2031 2703 2207 2759 Verbi
2233 2702 2424 2759 deitas
2450 2706 2538 2758 est
2563 2701 2895 2771 incarnata,
2925 2699 3138 2756 eadem
3170 2702 3371 2755 autem
3402 2696 3594 2753 deitas
3621 2697 3682 2752 in

2032 2793 2205 2848 Patre
2238 2791 2578 2866 Spirituque
2621 2794 2726 2860 est,
2773 2805 3021 2863 prorsus
3067 2786 3304 2860 oportet
3341 2791 3406 2842 ut
3450 2788 3681 2842 Patrem

2033 2897 2280 2954 quoque
2337 2884 2394 2936 et
2442 2879 2724 2952 Spiritum
2781 2877 3126 2934 incarnatos
3184 2891 3316 2932 esse
3376 2875 3675 2932 dicamus.

2033 2969 2215 3024 Viden
2257 2968 2337 3026 ad
2394 2984 2582 3042 quam
2626 2972 2680 3023 te
2719 2965 3158 3022 absurditatem
3209 2979 3406 3020 sermo
3438 2980 3473 3020 a
3502 2963 3679 3019 nobis

2030 3059 2336 3131 expositus
2364 3056 2696 3130 perducat?

2100 3145 2545 3204 PlllL.lnterim
2591 3150 2792 3201 tamen
2825 3143 3002 3198 divus
3056 3140 3310 3197 Basilius
3369 3139 3676 3195 sententiae

2025 3252 2176 3293 mea:
2207 3234 2594 3306 suffragatur.
2621 3234 2846 3288 Etenim
2889 3231 2952 3287 in
3008 3234 3394 3308 sacrosancta
3437 3227 3679 3297 liturgia

2028 3325 2260 3382 Christo
2295 3323 2591 3381 Servatori
2631 3321 2997 3394 pientissime
3053 3317 3422 3384 succlamat;
3482 3319 3565 3372 Tu
3613 3331 3676 3372 es

2025 3413 2130 3488 qui
2161 3412 2359 3480 offers,
2383 3416 2441 3468 et
2468 3411 2574 3484 qui
2605 3408 2890 3477 oﬂ‘ereris,
2923 3413 2980 3464 et
3033 3406 3138 3480 qui
3180 3405 3424 3478 recipis.

2095 3595 2243 3651 SOT.
2292 3591 2598 3666 Siquidem
2652 3591 3027 3648 Servatorem
3071 3585 3220 3642 dicis
3265 3584 3478 3642 offerre
3516 3584 3676 3641 Patri

2023 3683 2302 3741 homines
2339 3681 2443 3754 qui
2473 3696 2580 3754 per
2597 3696 2737 3736 eum
2759 3677 2910 3734 salvi
2935 3677 3105 3742 ﬁunt,
3153 3676 3481 3749 ipsummet
3530 3689 3674 3730 vero

2024 3773 2224 3832 offerri
2253 3787 2361 3845 per
2384 3771 2767 3827 incruentum
2799 3766 3184 3834 sacriﬁcium,
3207 3764 3375 3838 quod
3426 3764 3488 3819 in
3537 3764 3672 3834 ejus

2023 3861 2658 3920 commemorationem
2670 3858 2756 3926 tit,
2770 3856 3030 3929 denique
3050 3855 3250 3928 ipsum
3263 3856 3466 3925 utpote
3484 3855 3671 3908 Deum

2021 3952 2286 4024 recipere
2310 3965 2447 4023 quis
2477 3947 2808 4004 offeruntur
2829 3961 2864 4002 a
2893 3943 3093 4012 nobis,
3153 3943 3522 3998 assentimur
3551 3956 3673 3996 ser-

2021 4041 2188 4098 moni
2216 4047 2338 4111 tuo,
2369 4043 2428 4095 et
2453 4035 2710 4110 pedibus
2737 4034 2798 4090 in
2821 4033 3176 4089 sententiam
3197 4031 3374 4086 imus.
3400 4030 3498 4086 Sin
3527 4045 3668 4087 vero

2019 4132 2132 4190 has
2159 4129 2495 4187 locutiones
2519 4126 2595 4182 de
2625 4122 2854 4180 naturis
2901 4121 3214 4195 praedicas,
3255 4119 3489 4176 omissa
3537 4136 3666 4191 per-

2021 4235 2193 4286 sona,
2216 4219 2424 4290 aisque
2464 4218 2848 4286 assumptam
2867 4210 3114 4284 quidem
3136 4211 3421 4265 naturam
3450 4208 3666 4265 offerre

2019 4326 2157 4384 quis
2179 4307 2376 4364 carnis
2405 4308 2565 4372 sunt,
2595 4301 2796 4358 offerri
2835 4304 3037 4358 autem
3059 4299 3256 4355 carnis
3277 4296 3662 4368 sacriﬁcium,

2019 4399 2098 4455 ob
2128 4399 2264 4472 ipsa
2287 4410 2428 4452 vero
2455 4391 2763 4449 divinitate
2791 4390 2950 4446 hanc
2975 4387 3179 4460 recipi,
3211 4387 3449 4444 incaute
3497 4387 3666 4459 igno-

1946 4473 1986 4526 D
2017 4505 2116 4546 ras
2136 4493 2190 4545 te
2211 4483 2543 4544 funiculum
2563 4497 2634 4538 ex
2656 4494 2840 4537 arena
2867 4481 3202 4535 contexere.

2089 4669 2271 4725 PHIL.
2303 4666 2420 4723 Nos
2452 4662 2735 4721 tamenin
2774 4660 2988 4718 eadem
3042 4657 3338 4714 sententia
3388 4657 3662 4713 manebi-

2017 4775 2174 4826 mus,
2205 4761 2262 4813 et
2291 4754 2395 4811 tibi
2419 4749 2894 4821 adversabimur,
2919 4761 3117 4818 neque
3137 4744 3398 4800 sermoni
3419 4748 3522 4800 tuo
3555 4761 3661 4802 seu

2017 4846 2352 4905 adulterino
2382 4842 2684 4910 cedemus,
2709 4838 2853 4912 quia
2881 4837 2956 4893 de
2985 4833 3233 4892 Nestorii
3256 4833 3474 4890 insana
3525 4848 3660 4890 sen-

2015 4937 2200 4996 tentia
2226 4937 2454 4991 manat.

2091 5027 2239 5082 SOT.
2262 5022 2436 5094 Atqui
2470 5018 2562 5076 vel
2582 5017 2672 5074 his
2693 5014 2954 5082 omissis,
3001 5013 3141 5085 quis
3189 5026 3338 5068 sano
3378 5010 3664 5082 dogmate

2017 5115 2264 5172 inbutus
2294 5109 2657 5168 oblationem
2684 5104 2980 5174 intelligat
3008 5102 3084 5158 de
3132 5101 3428 5157 sacriﬁcio
3472 5101 3572 5158 illo
3601 5102 3663 5158 in

2018 5203 2303 5278 passione
2315 5197 2588 5272 peracto?
2601 5211 2741 5251 cum
2755 5193 2972 5250 Paulus
2991 5190 3300 5265 apostolus
3313 5190 3548 5247 clamet:
3569 5189 3664 5246 Sea

2018 5294 2130 5349 mel
2144 5291 2418 5348 Christus
2439 5292 2716 5342 mortuus
2731 5294 2812 5341 est
2827 5299 2939 5354 pro
2951 5282 3119 5338 nobis
3133 5283 3173 5335 ⁵.
3191 5282 3505 5336 Etrursus:
3535 5279 3662 5334 Hoc

2019 5383 2170 5442 enim
2215 5380 2358 5451 fecit
2419 5376 2597 5434 semel
2627 5390 2688 5432 se
2733 5375 2929 5445 ipsum
2976 5370 3274 5441 offerendo
3300 5370 3342 5423 ⁵.
3398 5368 3662 5437 Denique
