4126 6228
455 284 557 355 147

454 506 707 597 certant,
731 515 793 568 in
820 519 1169 584 perpetuum
1194 515 1238 571 ⁸.
1258 514 1401 569 Cum
1421 530 1563 583 ergo
1588 515 1907 586 Apostolus
1920 514 2099 582 dicat,

456 601 640 656 s‘emel
666 604 723 658 et
756 601 997 656 unicam
1048 601 1229 657 fuisse
1274 602 1404 673 ejus
1444 602 1833 671 oblationem,
1870 608 1933 660 tu
1962 621 2101 660 eum

458 690 649 746 semet
672 688 883 745 oﬂ‘erre
906 688 1174 763 quotidie
1196 689 1466 746 afﬁrmas
1484 691 1513 746 ‘?

530 866 712 927 PHIL.
766 874 837 929 Se
890 871 1092 944 ipsum
1133 870 1378 945 quidem
1437 871 1620 927 semel
1670 873 1902 939 obtulit,
1936 873 2109 929 offert

460 964 661 1017 tamen
696 966 752 1017 et
806 976 993 1023 nunc,
1040 964 1105 1017 ut
1151 960 1435 1026 diximus,
1487 977 1590 1016 eos
1619 962 1723 1035 qui
1770 978 1876 1035 per
1905 963 2106 1034 ipsum

461 1049 611 1105 salvi
630 1050 803 1106 ﬁunt.
834 1049 1089 1106 Oﬂ'ertur
1108 1050 1369 1121 denique
1395 1051 1772 1121 perhostiam
1796 1052 1945 1107 mire
1970 1066 2106 1107 con-

462 1155 701 1195 versam
751 1139 813 1195 in
844 1140 975 1209 ejus
1025 1140 1326 1196 viviﬁcum
1377 1146 1432 1197 et
1463 1140 1721 1196 salutare
1774 1157 1994 1213 corpus
2038 1156 2108 1197 ac

463 1227 843 1297 sanguinem.
870 1230 1075 1284 Nonne
1093 1228 1252 1284 enim
1268 1231 1609 1285 sacerdotes
1622 1229 1798 1285 audis
1821 1229 1883 1285 in
1907 1230 2107 1299 singu-

462 1316 535 1374 lis
563 1316 766 1373 missis
792 1316 1091 1373 dicentes:
1126 1340 1152 1368 «
1181 1316 1529 1374 lmmolatur
1560 1322 1768 1388 Agnus
1790 1318 1818 1373 ?

539 1496 685 1554 SOT.
744 1495 1027 1552 Praeclare
1071 1496 1317 1569 quidem
1376 1495 1491 1553 hoc
1538 1498 1616 1553 ab
1675 1497 1818 1570 ipsis
1875 1497 2111 1560 dicitur,

466 1583 615 1641 dum
634 1588 894 1641 veterem
916 1584 1077 1642 illam
1091 1584 1439 1658 passionem
1454 1591 1741 1658 tanquam
1761 1591 2115 1659 praesentem

468 1672 831 1755 exprimunt.
857 1674 1031 1740 Quasi
1062 1674 1221 1730 enim
1251 1675 1570 1747 praesentia
1604 1690 1671 1731 ac
1706 1691 1865 1731 nova
1886 1675 2119 1747 peragit

467 1761 880 1833 imaginando,
894 1762 988 1818 vel
1006 1764 1206 1835 potius
1223 1764 1713 1834 reprzesentando
1732 1780 1802 1819 ea
1818 1780 1954 1835 quae
1973 1762 2115 1817 olim

2233 1763 2354 1831 μένα
2420 1763 2638 1821 καινίζει
2700 1770 3072 1832 φανταστικώς,
3138 1765 3167 1818 ἦ

471 1854 709 1924 patrata
740 1850 921 1919 fuere,
953 1850 1208 1906 ritusille
1230 1852 1773 1920 commemorandi,
1798 1868 1981 1924 quem
2007 1868 2116 1906 nos

470 1940 787 1996 observare
821 1941 1097 1996 Servator
1117 1940 1312 2011 jussit.
1356 1940 1516 1996 More
1548 1941 1768 1996 scilicet
1797 1941 2117 2013 panegyri-

471 2044 679 2084 carum
702 2029 1067 2098 orationum,
1096 2029 1318 2101 quibus
1344 2030 1641 2101 prasterita
1662 2035 1952 2102 tanquam
1974 2047 2120 2102 prae-

473 2119 666 2174 sentia
692 2118 1011 2183 habentur,
1037 2135 1401 2192 quocunque
1424 2119 1671 2174 demum
1702 2119 1796 2174 die
1847 2118 2123 2175 solemni-

473 2212 563 2264 tas
596 2207 716 2264 ﬁat.
752 2208 895 2264 Hinc
932 2207 1065 2263 illas
1117 2207 1468 2277 locutiones,
1514 2208 1778 2264 Christus
1833 2209 2119 2274 nascitur,

472 2294 569 2351 vel
594 2296 945 2367 baptizatur,
977 2296 1233 2352 oratorie
1286 2313 1679 2369 usurpamus.
1735 2297 1826 2352 Sic
1856 2298 1930 2353 de
1982 2314 2121 2369 pas-

476 2384 642 2438 sione
662 2400 906 2457 quoque
928 2385 1237 2440 Dominica
1267 2385 1433 2456 loqui
1463 2385 1745 2440 solemus.
1772 2388 1925 2454 Haec,
1964 2403 1999 2441 o
2032 2403 2121 2440 re-

475 2472 737 2527 verende
760 2473 905 2528 mihi
954 2489 1024 2528 ac
1051 2472 1421 2539 dulcissime,
1465 2474 1593 2528 viro
1623 2473 1700 2527 illi
1758 2474 1928 2529 refer.
1964 2478 2026 2529 Et
2073 2475 2120 2529 si

476 2558 580 2614 tibi
608 2560 771 2616 salus
796 2561 925 2632 ejus
956 2560 1123 2616 cordi
1154 2566 1259 2627 est,
1282 2567 1344 2618 ut
1369 2579 1405 2617 a
1426 2578 1535 2618 suo
1557 2561 1841 2633 dogmate
1859 2563 2120 2631 recedat,

476 2650 690 2706 suade.

547 2738 725 2793 PHIL.
760 2739 972 2795 Omitte
994 2738 1168 2797 hanc.
1197 2737 1264 2796 "o
1284 2739 1442 2795 bone
1486 2756 1727 2803 curam;
1783 2744 2002 2796 ctenim
2048 2757 2122 2797 ne

475 2825 642 2881 illum
665 2827 914 2900 quidem
955 2828 1180 2883 diutius
1219 2828 1680 2884 adversaturum
1729 2828 1964 2900 opinor,
2014 2830 2121 2885 sed

475 2914 785 2986 palinodia
814 2917 1014 2988 potius
1042 2921 1281 2974 cantata
1324 2917 1681 2973 sententiam
1726 2922 2116 2985 mutaturum,

478 3004 854 3077 Quapropter
876 3004 957 3060 illi
995 3005 1433 3075 ignoscendum
1461 3022 1497 3063 a
1526 3006 1702 3062 nobis
1746 3006 2037 3077 existimo,
2065 3013 2122 3063 et

482 3093 544 3150 in
575 3092 829 3164 gratiam
852 3093 1252 3151 redeundum.

550 3184 697 3239 SOT.
731 3185 851 3255 Ego
882 3198 1125 3258 quoque
1176 3183 1302 3255 tibi,
1347 3183 1699 3247 clarissime.
1729 3184 2033 3257 indulgeo,
2069 3192 2125 3240 et

476 3270 846 3345 resipiscenti
903 3270 1214 3328 dexteram
1272 3273 1539 3345 porrigo:
1597 3275 1927 3344 praesertim
1981 3275 2125 3347 quia

476 3360 606 3416 haec
635 3375 1023 3433 nequaquam
1052 3377 1122 3417 ex
1143 3362 1559 3433 praemeditato
1591 3361 1707 3417 dici
1762 3362 1975 3423 solent.
2018 3363 2122 3420 sed

478 3448 655 3521 quasi
670 3464 741 3503 ex
762 3449 1022 3522 abrupto
1051 3448 1436 3523 loquentibus
1457 3450 1757 3506 excidunt.

1239 3576 1584 3631 SYNODUS.

554 3697 1031 3752 Commentarius
1054 3714 1235 3769 super
1276 3701 1609 3771 quaestione
1641 3717 1776 3772 quae
1815 3704 2129 3772 proposita

481 3783 591 3840 fuit
644 3784 707 3839 in
738 3782 878 3841 aula
908 3785 1310 3856 patriarchali,
1353 3787 1731 3857 congregatis
1784 3788 1863 3843 ibi
1922 3790 2126 3844 multis

482 3872 803 3945 episcopis,
826 3877 884 3929 et
904 3890 977 3929 ex
998 3879 1209 3930 senatu
1242 3891 1364 3930 non
1395 3877 1625 3947 paucis,
1674 3877 1776 3948 qui
1824 3894 2034 3932 omnes
2067 3878 2126 3934 in

479 3961 596 4018 hac
646 3960 984 4019 orthodoxa
1037 3964 1328 4019 sententia
1367 3980 1484 4019 uno
1525 3980 1625 4019 ore
1668 3973 2124 4032 consenserunt,

480 4048 648 4124 quod
678 4067 801 4107 non
830 4051 983 4108 Patri
1018 4051 1235 4116 solum,
1276 4069 1477 4108 verum
1509 4053 1686 4109 etiam
1731 4054 1869 4110 Filio
1903 4071 1967 4109 ac
2002 4056 2128 4127 Spi-

478 4141 613 4196 ritui
646 4146 873 4207 sancto,
907 4141 1011 4198 uni
1044 4141 1263 4198 scilicet
1293 4142 1519 4205 Deilati,
1575 4144 1865 4216 pretiosus
1922 4145 2128 4213 Unige-

481 4228 591 4284 niti
616 4231 863 4299 sanguis
885 4230 1059 4286 fuerit
1083 4231 1344 4286 oblatus.

554 4314 769 4375 Mensis
794 4320 1061 4375 Januarii
1116 4321 1212 4376 die
1250 4322 1539 4378 vicesima
1584 4330 1769 4392 sexta,
1805 4324 2129 4379 indictione

1770 302 2036 359 ΝῘΟΕΤᾸΞ
2082 302 2463 358 CHONIAT/E

453 420 624 479 alibi:
660 422 847 481 Union
876 424 1028 478 enim
1076 423 1374 479 oblatione
1402 427 1824 480 consummavit
1852 440 1964 490 eos,
1998 426 2103 496 qui

2238 430 2387 477 αυτὸν
2471 424 2760 499 ἀνενέγκας*
2828 433 2919 480 καὶ
2987 427 3243 501 ἀλλαχοῦ*

3707 306 3810 361 148

3312 435 3425 484 Μιᾶ
3478 434 3576 504 γαρ
3634 449 3807 503 προσ-

2214 521 2347 588 φορᾴ
2453 515 2739 568 τετελείωκε
2842 522 2961 579 τοὺς
3067 518 3477 591 ἀγωνιζομένους
3580 519 3650 582 εἰς
3752 521 3810 571 τὸ

2216 599 2470 665 διηνεκές.
2554 604 2705 656 Οὕτω
2771 626 2860 658 του
2933 606 3253 659 Ἀποστολου
3338 608 3592 679 λέγοντος,
3672 608 3814 669 ἅπαξ

2215 698 2304 744 καὶ
2359 698 2482 765 μίαν
2531 690 2658 744 εἶναι
2707 699 2801 751 την
2850 695 3035 747 ἑαυτοῦ
3088 699 3411 769 προσφορὰν,
3470 700 3534 749 σὺ
3584 702 3814 769 προσγέο

2214 801 2319 853 ρειν
2350 782 2525 834 ἑαυτὸν
2548 782 2663 834 καθ’
2684 783 2905 841 εκάστην
2927 783 3091 856 λέγεις
3114 802 3126 851 ;

2286 874 2425 928 MA.

2216 963 2493 1033 προσφέρει
2551 954 2609 1012 δὲ
2659 965 2747 1012 καὶ
2789 969 2875 1012 νυν
2924 966 3043 1024 τοὺς
3088 959 3159 1014 δι’

2514 870 2667 923 Ἀλλὰ
2739 878 3060 946 προσήνεγκε
3139 878 3228 945 με)
3326 874 3506 926 ἑαυτὸν
3585 872 3810 945 ἐφάπαξ,

3241 962 3402 1014 αὐτοῦ
3464 962 3818 1034 σωζομένους,

2217 1055 2284 1110 ὡς
2338 1051 2542 1120 ἔφημεν.
2602 1055 2952 1124 Προσρέρεται
3018 1047 3076 1103 δὲ
3128 1048 3220 1103 διὰ
3281 1061 3371 1112 τῆς
3421 1052 3487 1113 εἰς
3546 1054 3604 1103 τὸ
3654 1051 3816 1103 αὐτοῦ

2220 1140 2472 1197 ζωοποιον
2508 1138 2615 1189 ’καὶ
2670 1144 2925 1213 σωτήριον
2977 1150 3127 1211 σῶμα
3192 1146 3281 1191 καὶ
3335 1142 3467 1212 αἷμα
3506 1138 3819 1211 μεταϐαλλοο

2219 1230 2374 1299 μένης
2427 1228 2693 1301 ὑπερφυῶς
2747 1229 2947 1288 θυσίας·
3006 1228 3160 1281 Ἀλλὰ
3220 1238 3319 1280 τῶν
3393 1231 3815 1301 ἱερουργούντων,

2222 1320 2395 1386 φησίν,
2442 1316 2535 1367 οὐκ
2583 1316 2771 1375 ἐπαϊεις
2838 1317 2951 1369 καθ’
3007 1317 3231 1373 εκάστην
3289 1320 3579 1392 ἱερουργίαν
3631 1316 3815 1389 λεγόν-

2223 1423 2340 1455 των·
2373 1426 2400 1453 ‹‹
2425 1407 2617 1456 Θύεται
2644 1406 2668 1455 ὁ
2702 1403 2893 1476 eum;
2930 1425 2957 1456 n

2296 1499 2439 1550 ΣΩΤ.
2490 1498 2706 1565 Λέγεται
2744 1497 2833 1566 μεν
2882 1495 3004 1567 παρ’
3063 1495 3240 1556 αυτοῖς
3271 1514 3329 1565 γε
3378 1502 3531 1547 τοῦτο
3561 1500 3651 1546 καὶ
3707 1494 3821 1546 λίαν

2224 1580 2407 1649 καλῶς,
2468 1585 2524 1633 τὸ
2578 1588 2692 1634 τοτε
2742 1588 3005 1654 γενόμενον
3063 1592 3318 1656 σωτήριον
3379 1579 3549 1646 ποδος
3576 1583 3820 1636 τελοῦσιν

2228 1674 2295 1732 ὡς
2356 1670 2588 1731 ἐνεστὼς.
2639 1679 2721 1731 Ὠς
2780 1670 3031 1723 ἐνεστῶτα
3080 1674 3180 1745 γὰρ
3256 1676 3322 1723 τὰ
3400 1672 3560 1724 πάλαι
3612 1692 3819 1743 γεγενη-

3245 1760 3433 1832 μοὶλλον
3482 1761 3637 1813 εἰπεῖν
3691 1761 3821 1813 εἰκο-

2226 1855 2397 1913 νικώς,
2459 1849 2488 1904 ἠ
2565 1847 2874 1920 ἀνάμνησις,
2950 1850 3010 1907 ἦν
3065 1858 3225 1900 ποιεῖν
3292 1852 3430 1920 ἡμᾶς
3502 1848 3737 1912 ἐπέταξεν
3796 1851 3822 1900 ὁ

2229 1942 2426 2011 Σωτηρο
2470 1941 2557 1989 καὶ
2615 1938 2844 2012 καθάπερ
2894 1939 2918 1988 ὁ
2974 1942 3329 2010 πανηγυρικὸς
3384 1941 3494 2009 ἔχει
3550 1942 3701 2009 νόμος
3757 1941 3825 1990 τὰ

2228 2032 2589 2097 παρῳχημένα
2637 2025 2801 2097 λέγειν
2832 2029 2899 2088 ὡς
2958 2027 3230 2091 ἐνεστῶτα,
3289 2028 3406 2078 καθ’
3465 2030 3525 2084 ἦν
3582 2026 3641 2079 ἂν
3698 2046 3824 2080 ποτε

2230 2113 2437 2171 τελῆται
2483 2116 2698 2186 ἡμέραν.
2756 2118 2841 2167 Διὸ
2887 2121 2995 2181 καὶ,
3056 2116 3081 2166 ο
3143 2119 3371 2187 Χριστος
3428 2123 3684 2186 γεννᾶται,
3730 2121 3821 2168 καὶ

3370 2210 3534 2256 Τουτο
3594 2201 3659 2261 δη
3731 2210 3822 2257 καὶ

2232 2290 2314 2343 ἐπὶ
2342 2300 2429 2343 τοῦ
2461 2298 2721 2364 σωτηρίου
2774 2295 2971 2352 πάθους
3023 2293 3177 2344 τελεῖν
3235 2293 3409 2353 εἰωθός
3439 2291 3571 2347 ἐστι.
3622 2300 3820 2358 Ταῦτα,

2234 2201 2568 2275 βαπτίζεται,
2619 2212 2981 2278 πανηγυρικῶς
3060 2204 3292 2275 λέγομεν.

2232 2382 2272 2431 ὦ
2327 2389 2517 2452 χρῆμα
2572 2381 2701 2454 ἱερὸν
2758 2388 2845 2432 καὶ
2895 2381 3033 2453 φίλον
3118 2379 3253 2452 ἐμοι,
3311 2390 3382 2451 τῷ
3441 2378 3593 2454 ἀνδρὶ
3651 2383 3825 2452 ἐκείνῳ

2234 2465 2525 2539 διάγγελλε,
2555 2476 2642 2520 καί
2674 2473 2715 2521 εί
2756 2473 2806 2519 τί
2839 2489 2921 2520 σοι
2975 2469 3113 2540 μέλει
3170 2473 3378 2535 τούτου,
3430 2469 3629 2541 ὑφεῖναι
3684 2473 3828 2521 πεῖθε

2233 2567 2322 2610 τοῦ
2357 2556 2641 2630 ὃογματος.

2305 2744 2441 2795 ΦΙΛ.
2503 2738 2809 2810 Ἀμέλησον,
2858 2735 2897 2788 ὦ
2956 2745 3170 2809 γενναῖεο
3258 2742 3473 2807 κακείνω
3555 2738 3654 2810 γὰρ
3728 2735 3825 2787 οὐκ

2232 2824 2378 2900 οἶμαι
2434 2832 2597 2899 μένειν
2638 2828 2704 2887 εἰς
2748 2830 2819 2879 ἔτι
2873 2830 2937 2878 τὰ
2974 2835 3061 2886 τῆς
3111 2826 3415 2887 ἐνστάσεως,
3467 2825 3594 2877 ἀλλὰ
3637 2825 3828 2878 παλιν-

2232 2913 2393 2987 ῳδίαν
2421 2918 2563 2986 οἴσειν
2614 2922 2701 2967 καὶ
2746 2917 3202 2990 μεθαρμόσασθαι·
3260 2920 3346 2967 Διὸ
3402 2922 3489 2968 καὶ
3536 2920 3829 2987 συγγνῶναί

2231 3007 2278 3056 οἱ
2306 3003 2413 3057 δεῖν
2444 3007 2674 3076 ἡγουμαι
2696 3010 2782 3056 καὶ
2811 3006 3150 3057 σπείσασθαι.

2306 3189 2447 3237 ΣΩΤ,
2508 3188 2845 3254 Συγγνωμων,
2896 3182 2934 3232 ὦ
2988 3181 3220 3254 φιλότης,
3264 3188 3351 3234 καὶ
3384 3182 3540 3244 αὐτὸς
3568 3181 3668 3253 ἐγώ
3722 3200 3826 3243 σοι,

2234 3277 2321 3323 καὶ
2393 3271 2781 3343 μεταμελομένω
2836 3266 3038 3343 δίδωμι
3116 3268 3308 3333 δεξιάν·
3381 3276 3471 3322 καὶ
3527 3270 3715 3343 μᾶλλον
3769 3269 3828 3321 ἂν

2238 3362 2547 3434 ἀμελετητου
2576 3381 2785 3432 γνωμης
2822 3364 3023 3432 εἴρηται
3076 3370 3257 3412 ταυτα·
3304 3360 3468 3412 πολλὰ
3505 3358 3563 3413 δε
3616 3368 3831 3412 τοιαῦτα

2240 3450 2538 3523 συμϐαίνειν
2564 3456 2664 3509 τοῖς
2698 3446 3083 3521 σχεδιάζουσιν
3117 3451 3306 3501 εἴωθεν.

2878 3581 3188 3627 ΣΥΝΟΔΟΣ.

2316 3703 2594 3769 Σημείωμα
2669 3696 2751 3749 ἐπὶ
2834 3705 2896 3767 τῇ
2947 3696 3168 3769 ῥηθείσῃ
3220 3698 3461 3748 ὑποθέσει
3517 3699 3725 3766 γεγονὸς
3783 3696 3834 3746 ἐν

2237 3796 2309 3856 τῷ
2360 3792 2723 3859 πατριαρχείῳ
2773 3785 2969 3837 πολλῶν
3040 3783 3453 3841 συνεληλυθότων
3523 3782 3830 3855 ἀρχιερέων,

2238 3881 2325 3927 καὶ
2366 3875 2419 3926 ἐκ
2464 3883 2553 3934 τῆς
2599 3873 2894 3944 συγκλήτου
2943 3873 3035 3925 οὑκ
3093 3873 3295 3945 ὀλίγων,
3351 3878 3440 3923 καὶ
3486 3874 3687 3923 πάντων
3746 3869 3833 3944 ὁρ-

2240 3961 2463 4025 θοδοξως
2526 3965 2988 4033 ὁμοφωνησάντων,
3052 3963 3133 4013 ὅτι
3188 3961 3248 4013 οὗ
3294 3964 3444 4032 μόνον
3521 3967 3591 4028 τῷ
3638 3965 3828 4034 Πατρὶ,

2238 4052 2364 4104 ἀλλὰ
2392 4049 2457 4109 δὴ
2510 4057 2597 4102 καὶ
2648 4060 2719 4119 τῷ
2759 4052 2861 4119 Tia)
2907 4056 2995 4101 καὶ
3043 4058 3116 4120 τῷ
3146 4049 3278 4120 ἁγίῳ
3309 4051 3591 4120 Πνεύματι,
3623 4056 3681 4106 τῆ
3735 4056 3834 4120 μιᾷ

2239 4146 2478 4209 Θεοτητι,
2535 4143 2591 4191 τὸ
2650 4147 2964 4210 Μονογενους
3016 4140 3358 4211 προσηνέχθη
3412 4142 3581 4210 τίμιον
3634 4138 3792 4210 αἷμα.

2312 4325 2449 4376 Μηνί
2496 4320 2813 4388 Ἰανουαρίῳ,
2882 4316 2964 4381 κςί
3010 4320 3197 4389 ἡμέρᾳ,
3234 4314 3523 4367 ἰνδικτιώνι
3578 4313 3643 4383 δ’,
3703 4335 3837 4390 προ-

482 4411 720 4479 quarta,
752 4408 1111 4479 priesidente
1136 4411 1514 4467 sanctissimo
1562 4412 1812 4467 domino
1838 4402 2045 4468 nostro
2076 4418 2122 4468 et

2240 4411 2532 4480 καθημένου
2571 4415 2663 4459 του
2720 4406 3009 4478 ἁγιωτάτου
3053 4408 3199 4478 ἡμῶν
3231 4401 3492 4458 δεσπότου
3526 4410 3615 4457 καὶ
3663 4408 3839 4457 ὸὶκου-

484 4497 856 4552 oecumenico
876 4497 1219 4567 patriarcha
1267 4499 1866 4569 Constantinopoleos
1914 4500 1971 4553 in
2003 4502 2131 4555 aede

482 4582 624 4640 divo
648 4584 884 4639 Thomas
906 4599 1097 4653 sacra,
1123 4584 1479 4653 suffragium
1504 4602 1623 4640 una
1651 4587 1873 4642 ferente
1892 4586 2131 4643 Nicolao

481 4666 883 4729 sacratissimo
898 4666 1449 4745 HierOsolymorum
1476 4674 1840 4746 patriarcha,
1871 4690 2131 4746 praesen-

481 4760 640 4818 tibus
666 4759 1029 4834 pansebasto
1061 4760 1303 4817 sebasto
1333 4764 1387 4818 et
1410 4778 1634 4831 magno
1656 4763 1987 4833 drungario
2032 4764 2134 4819 do-

482 4854 648 4909 mino
680 4840 1000 4927 Stephano,
1027 4853 1457 4925 gloriosissimo
1479 4858 1535 4909 et
1556 4871 1780 4926 magno
1832 4854 2137 4925 logotheta

482 4940 739 4998 domino
768 4945 1015 5011 Joanne,
1049 4942 1451 4999 illustrissimo
1496 4959 1532 4999 a
1591 4944 1831 4999 secretis
1887 4945 2135 5000 domino

486 5024 729 5086 Nicolao
754 5034 1004 5093 Zonara.
1030 5028 1428 5087 illustrissimo
1467 5032 1915 5105 nomophylace
1947 5038 2003 5089 et
2030 5034 2134 5089 do-

482 5114 740 5173 mesticis
767 5119 1095 5192 praeposito
1119 5119 1366 5176 domino
1404 5120 1715 5177 Theodoro
1753 5122 2091 5178 Pantechne
2118 5139 2134 5188 ;

481 5204 933 5263 considentibus
946 5208 1128 5263 etiam
1143 5207 1564 5264 sacratissimis
1581 5210 1876 5282 episcopis
1894 5211 2133 5282 Ephesi,

482 5293 796 5364 Heracleae,
847 5298 1120 5368 Ancyrae,
1182 5297 1392 5370 Cyzici,
1438 5298 1741 5368 Sardium,
1776 5298 2134 5371 Claudiopo-

478 5382 623 5453 leos,
677 5384 1002 5441 Antiochia:
1060 5385 1116 5441 in
1172 5386 1407 5447 Pisidia,
1462 5387 1852 5459 Athenarum,
1896 5390 2131 5458 Mocesi,

477 5474 876 5545 Trapezuntis,
914 5475 1181 5547 Larissaa,
1231 5476 1445 5544 Rhodi,
1488 5477 1818 5547 Dyrrachii,
1876 5478 2132 5534 Euchai-

548 5653 571 5687 ⁸
598 5651 775 5711 Hebr.
803 5669 865 5721 ι,
899 5654 992 5710 14.

2240 4506 2446 4569 μενικοῡ
2544 4499 2880 4568 πατριάρχου
2978 4493 3554 4554 Κωνσταντινουπὸλεως
3642 4493 3691 4546 ἐν
3766 4504 3838 4565 τῷ

2242 4588 2516 4658 Θωμαίτη,
2570 4581 3151 4654 συνδιαγνωμονουντος
3224 4582 3366 4652 αὐτῷ
3432 4581 3689 4633 Νικολάου
3746 4589 3838 4633 τοῦ

2244 4674 2528 4749 ἱερωτάτσυ
2592 4674 2929 4747 πατριάρχου
2987 4670 3378 4745 Ἰεροσολύμων,
3442 4668 3524 4721 ἐπὶ
3573 4675 3838 4743 παρουσίᾳ

2240 4772 2332 4816 τοῦ
2353 4763 2715 4814 πανσεϐάστου
2765 4761 3021 4813 σεϐάστου
3064 4766 3153 4812 καὶ
3192 4760 3418 4831 μεγάλου
3478 4757 3834 4833 ὃρουγγαρίου

2241 4863 2402 4927 κυρού
2460 4855 2731 4924 Στεφάνου.
2793 4859 2884 4903 τοῦ
2937 4847 3363 4923 μεγαδοξὸτάτου
3452 4854 3541 4899 καί
3607 4847 3834 4921 μεγάλου

2240 4942 2591 5016 λογαριαστου
2649 4950 2808 5015 κυρου
2886 4939 3146 5005 Ἰωάννου,
3211 4937 3304 4989 τοῦ
3356 4939 3835 5009 μεγαεπὶρανεστά-

2241 5050 2330 5083 του
2416 5030 2708 5104 ἀσηκρῆτις
2760 5037 2927 5103 κμρου
3010 5026 3265 5079 Πικολάου
3328 5036 3417 5078 του
3476 5032 3709 5100 Ζωναρᾶ,
3748 5027 3840 5079 τοῦ

2244 5122 2783 5192 μεγαεπιφανεστιίτου
2841 5116 3196 5190 νομοφύλακος
3247 5117 3334 5166 καὶ
3386 5113 3470 5166 ἐπί
3512 5124 3613 5166 τῶν
3654 5115 3842 5167 οἰκεια-

2243 5218 2344 5259 κών
2384 5216 2543 5281 κυροῠ
2589 5204 2867 5278 Θεοδώρου
2925 5214 3016 5256 τοῦ
3064 5210 3415 5275 Ηαντεχνοῦςο
3464 5200 3843 5277 συνεδριαζὸν-

2245 5317 2343 5349 των
2408 5302 2498 5348 καί
2567 5298 2849 5369 ίερωτάτων
2933 5292 3219 5367 ἀρχιερέων
3296 5299 3388 5343 τοῦ
3457 5293 3694 5363 Ἐφέσου.
3751 5294 3845 5345 τοῦ

2248 5386 2557 5459 Ιῐρακλείας,
2615 5394 2704 5436 τοῦ
2760 5385 3043 5456 Ἀγκύρας,
3112 5388 3203 5433 τοῦ
3273 5380 3525 5447 Κυζίκου,
3596 5390 3688 5433 τοῦ
3713 5386 3845 5455 Σάρ-

2250 5472 2399 5541 ὃεων,
2462 5486 2554 5526 του
2614 5470 3058 5540 Κλαυδιοπολεως,
3141 5480 3233 5521 του
3298 5468 3625 5541 Ἀντιοχείας
3693 5477 3849 5523 Πισι-
