4126 6228
270 335 370 390 149
1579 299 1923 388 THESAURl
1951 328 2088 388 LIB.
2133 331 2310 388 xxxv.
3526 333 3627 387 ιεο

268 457 408 526 δίας,
433 465 530 512 τοῦ
562 459 812 524 Ἀθηνῶν,
852 467 954 512 τοῶ
998 463 1286 522 Μωκησοῦ,
1327 461 1419 508 τοῦ
1457 457 1867 530 Τραπεζοῦντος,

2004 472 2198 524 arum,
2235 456 2483 522 Russim,
2519 453 2666 526 Eni,
2699 465 2999 528 Apameae,
3030 451 3409 528 Hethymnas,
3450 454 3629 512 Paro-

265 558 354 600 τοῦ
378 554 688 623 Λαρίσσης,
719 545 1145 610 τοῡ”Ρόδου,τον
1177 545 1501 620 Δυρραχίου,
1537 551 1628 597 τοῦ
1667 545 1870 615 Εὗχαῖ-

2000 545 2192 609 ιιυιίεε,
2221 543 2607 612 Mesembria),
2637 545 2912 617 BryseoS,
2931 546 3168 600 Gothiae
3205 549 3262 600 et
3281 539 3629 609 Heraclidis,

264 657 381 706 των,
402 647 497 690 τοῦ
530 637 779 702 Ῥωσίας,
801 646 894 690 τοῦ
923 639 1096 703 Αἴνου,
1117 641 1214 687 τοῦ
1231 635 1533 706 Ἀπαμείας,
1551 641 1640 686 τοῦ
1661 637 1871 706 Μεθύμ-

1998 635 2312 690 istantibus
2342 636 2523 692 etiam
2555 638 2672 692 D’eo
2692 635 3062 692 charissimis
3091 633 3378 707 despotis,
3407 632 3627 706 princi-

264 748 368 792 νης,
390 735 486 779 τοῦ
509 727 955 800 Παροναξίας,τοῡ
978 724 1346 800 Μεσημϐρίας,
1369 727 1460 776 τοῦ
1492 729 1744 797 Βρυσέως,
1778 732 1870 776 τοῦ

1232 730 1346 790 πίας,
1369 727 1460 776 τοῦ
1492 729 1744 797 Βρυσέως,
1778 732 1870 776 τοῦ
1979 724 2178 796 pibus,
2215 723 2464 796 aliisque
2495 739 2616 782 non
2637 725 2861 798 paucis.

261 819 477 878 Γοτθίας
508 823 600 869 καί
622 825 713 870 τοῦ
746 815 1045 891 Ἠρακλὲος,
1077 817 1474 888 παρισταμένων
1518 819 1607 865 καὶ
1652 814 1871 884 θεοφιλε-

265 907 462 958 στάτων
496 902 794 974 δεσποτῶν,
825 904 1118 980 ἀρχόντων,
1151 908 1238 954 καί
1270 903 1450 976 ἐτέρων
1478 902 1569 953 οὐκ
1593 902 1797 973 ὀλίγων.

327 1003 432 1048 Τοῦ
523 1000 789 1068 μακαρίου
892 994 1182 1046 ἀποστόλου
1269 989 1475 1044 Παῦλον
1557 994 1872 1063 μεμνημένοι

2048 994 2335 1048 Memores
2354 991 2514 1048 beati
2535 991 2792 1064 apostoli
2820 991 2991 1048 Pauli
3009 991 3263 1047 dicentis
3289 1005 3302 1046 :
3327 990 3625 1048 Habentes

259 1084 515 1154 λέγοντος.
611 1084 857 1156 Ἔχοντες
939 1083 1192 1158 ἀρχιερέα
1263 1084 1425 1154 μέγαν
1529 1077 1872 1137 διεληλυθότα

1996 1080 2304 1149 iontiﬁcem
2333 1096 2633 1152 magnum,
2664 1084 2770 1152 qui
2806 1082 2872 1137 in
2896 1081 3111 1138 calum
3139 1079 3500 1147 conscendit,
3531 1080 3625 1138 Je-

259 1177 369 1232 τοὺς
463 1173 738 1246 οὐρανοὺς,
829 1173 1036 1230 Ἰησοῦν
1137 1175 1226 1223 τόν
1316 1171 1435 1222 Υίὸν
1527 1175 1618 1221 τοῦ
1713 1176 1868 1237 Θεοῦ,

1996 1185 2106 1226 ium
2153 1170 2259 1226 Dei
2283 1169 2528 1240 Filium,
2565 1175 2866 1228 teneamus
2903 1169 3066 1240 ﬁdei,
3110 1169 3524 1239 confessionem
3551 1169 3625 1240 7,‘

263 1271 539 1336 πρατῶμεν
623 1263 714 1322 τῆς
788 1261 1106 1333 όμολογίας’
1192 1259 1453 1332 ὀφείλομεν
1502 1262 1704 1320 πάντως
1779 1263 1868 1310 καὶ

1994 1275 2090 1314 ios
2129 1275 2372 1331 quoque
2401 1258 2649 1315 omnino
2693 1259 3005 1325 debemus,
3053 1273 3194 1314 cum
3237 1257 3352 1313 sub
3397 1271 3623 1327 magno

264 1356 432 1424 ἡμεῖς,
476 1356 528 1404 οἱ
560 1360 649 1403 του
693 1349 918 1422 μεγάλου
958 1371 1043 1401 και
1088 1356 1294 1424 πρώτου
1334 1351 1620 1422 ἀρχιερέως
1674 1351 1870 1422 ίερονρ-

1991 1349 2294 1420 primoque
2316 1348 2596 1420 pontiﬁce
2619 1348 2958 1404 sacerdotes
2983 1347 3196 1416 simus,
3219 1345 3620 1418 apostolicum

261 1446 341 1511 γοὶ
373 1440 488 1492 κατ’
517 1444 693 1512 ῖχνος,
727 1447 822 1501 τῆς
866 1441 1213 1498 άποστολικῆς
1263 1440 1460 1498 ταύτης
1515 1435 1868 1510 παραγγελίας

1992 1453 2087 1492 ioc
2109 1443 2478 1508 praeceptum
2504 1451 2705 1507 presse
2733 1438 2926 1509 sequi,
2959 1445 3099 1492 cum
3117 1437 3177 1491 in
3194 1435 3322 1492 aliis
3335 1434 3621 1492 omnibus

262 1531 602 1592 συνέπεσθαι,
647 1534 737 1581 καὶ
779 1529 864 1580 ὶπι
916 1534 1047 1580 πᾶσι
1090 1531 1180 1600 μὲν
1235 1534 1347 1586 τοῖς
1398 1525 1571 1587 (ἣλοις
1609 1530 1760 1600 ἱεροῖς
1812 1543 1866 1577 τε

1990 1528 2158 1582 sacris
2187 1526 2522 1599 divinisque
2556 1526 2970 1597 dogmatibus,
3005 1529 3134 1582 tum
3165 1524 3333 1581 haud
3373 1523 3619 1596 segnius

257 1619 339 1669 καὶ
382 1619 541 1679 θείοις
596 1611 884 1690 δόγμασιν,
934 1617 1039 1689 οὐχ
1104 1619 1298 1675 ἣκιστα
1343 1619 1433 1667 καὶ
1476 1611 1553 1666 ἐπ’
1602 1613 1734 1686 αὐτῇ
1795 1617 1858 1685 τῇ

1985 1631 2030 1671 ιι
2060 1616 2193 1688 ipso
2222 1615 2535 1673 tremendo
2568 1615 3038 1688 venerandoque
3070 1614 3267 1671 missae
3301 1612 3614 1682 sacriﬁcio,

258 1714 344 1766 τῆς
398 1707 693 1780 ἱερουργίας
746 1701 995 1782 φρικώδει
1046 1709 1136 1757 καί
1195 1712 1355 1776 σεπτῇ
1424 1703 1620 1774 τελετῇ,
1676 1707 1707 1774 ᾖ
1772 1704 1861 1755 καὶ

1981 1705 2134 1776 quod
2162 1705 2545 1761 sacerdotum
2567 1721 2789 1761 munus
2810 1707 3189 1761 constetesse
3203 1702 3610 1776 pmcipuum.

259 1801 562 1869 πρώτιστον,
631 1789 782 1869 ἔργον
861 1802 962 1846 τῶν
1040 1797 1106 1846 τὰ
1183 1795 1294 1846 θεῖα
1395 1795 1888 1864 μυσταγωγούντιν]

1985 1793 2469 1867 Quandoquidem
2479 1795 2659 1865 igitur
2673 1795 2823 1864 haec,
2834 1795 2919 1850 ita
2929 1809 2992 1850 se
3005 1791 3230 1850 habere
3242 1803 3490 1849 necesse
3503 1787 3614 1862 est,

254 1885 577 1955 ὶγνὼρισται.
664 1882 808 1936 Ἐπεί
860 1877 949 1935 οὖν
1005 1886 1138 1934 οὕτω
1208 1885 1298 1953 μὶν
1349 1887 1516 1934 ταῦτα
1574 1885 1848 1953 προσήκει,

1984 1887 2018 1940 ιι
2048 1899 2248 1940 sermo
2264 1884 2513 1957 quidem
2534 1887 2874 1941 commotus
2895 1883 3025 1950 fuit,
3057 1891 3242 1956 quem
3259 1881 3337 1938 ad
3368 1885 3613 1940 cuncto-

251 1972 396 2042 λόγος
449 1968 507 2025 δέ
569 1991 651 2034 τις
707 1976 1168 2046 παρεμπέπτωκεν,
1228 1974 1281 2022 ὅν
1343 1965 1412 2028 δὴ
1487 1974 1575 2021 καί
1634 1972 1702 2030 εἰς
1759 1973 1851 2033 τὰς

1984 1991 2093 2029 υω
2134 1989 2321 2047 prope
2371 1989 2546 2029 aures
2592 1974 2942 2046 pervenisse
2986 1972 3116 2044 jam
3157 1969 3404 2041 contigit
3443 1969 3613 2042 quod

255 2060 484 2114 ἁπάντων
514 2057 710 2132 σχεδόν
752 2061 912 2121 ἀκοὰς
960 2055 1438 2134 διατεθρυλλῆσθαι
1486 2054 1592 2117 ἤδη
1661 2058 1849 2130 συμϐε-

1982 2077 2176 2132 iempe
2206 2047 2518 2135 peractum
2534 2060 2594 2116 in
2617 2060 2861 2117 salutari
2881 2059 3166 2132 passione
3194 2057 3274 2114 ab
3295 2057 3611 2114 inearnato

258 2149 428 2215 εηκεν,
479 2156 541 2211 ὥς
595 2147 700 2224 ἄρα
749 2149 780 2208 ἦ
824 2151 908 2202 ἒπί
951 2149 1042 2202 τοὺ
1103 2167 1364 2222 σωτηριου
1408 2149 1608 2209 πάθους
1657 2145 1846 2200 ἐκτελε-

1979 2149 2154 2205 Verbo
2203 2149 2582 2216 sacriﬁcium,
2637 2147 2950 2216 Dominici,
3009 2147 3282 2220 inquam,
3337 2144 3608 2217 corporis

264 2241 445 2291 σθείσα
503 2241 642 2312 παρά
696 2245 790 2290 τοῦ
861 2240 1354 2312 ὶνανθρωπήσαντος
1409 2241 1580 2308 Λόγου
1666 2237 1844 2304 θυσια,

1978 2237 2388 2310 :anguinisque
2415 2253 2428 2304 ;
2457 2239 2516 2293 et
2542 2236 2707 2310 quod
2749 2237 3000 2309 insuper
3029 2233 3385 2308 quotidiana
3412 2245 3607 2290 sacer.

270 2337 357 2378 τοῦ
407 2328 704 2380 ,δεσποτικοῦ
732 2347 895 2401 φαμεν
947 2331 1184 2400 σώματος
1247 2331 1337 2378 καί
1390 2327 1632 2399 αἵματος,
1680 2345 1845 2400 προσ-

1976 2324 2162 2382 lotum
2200 2326 2457 2398 mystica
2485 2341 2580 2381 res
2618 2323 2843 2392 divina,
2874 2339 3009 2398 quae
3051 2322 3114 2380 in
3150 2322 3308 2379 illius
3341 2333 3605 2379 comme-

282 2418 566 2477 ιπίτοὺτοις
608 2413 665 2469 δέ
701 2437 786 2468 και
822 2417 850 2474 ἠ
890 2416 1005 2469 καθ’
1049 2421 1243 2490 ἡμέραν
1301 2417 1444 2490 παρά
1495 2423 1595 2466 τῶν
1651 2419 1844 2489 ἱερουρ-

1976 2415 2352 2473 norationem
2381 2415 2468 2480 ﬁt,
2509 2414 2990 2486 haudquaquam
3029 2411 3175 2468 Filio
3196 2409 3401 2469 oblata
3425 2408 3605 2467 fuerit

279 2509 495 2573 γοὺντων
547 2504 858 2578 ἕνεργουμένη
945 2501 1321 2576 μυστηριώδης
1410 2508 1630 2576 ἁγιστὶα
1716 2509 1846 2577 πρὸς

1730 2509 1846 2577 τρὸς
1955 2507 2047 2562 vel
2075 2522 2236 2562 nunc
2264 2504 2571 2573 offeratur,
2597 2503 2704 2560 sed
2733 2503 2886 2561 Patri
2915 2500 3359 2560 tantummodo.

269 2600 361 2650 τήν
383 2593 564 2647 ἐκείνου
591 2594 888 2667 ἀνάμνησιν,
921 2600 980 2647 οὺ
1010 2600 1181 2664 καὶτῷ
1193 2597 1300 2664 Υἰῷ
1328 2597 1670 2669 προσηνέχθη
1692 2600 1844 2648 τικαί

261 2686 584 2754 προσάγεται,
618 2683 741 2736 ἀλλά
768 2703 830 2756 γε
854 2687 992 2755 μόνῳ
1020 2693 1093 2756 τῷ
1125 2689 1312 2757 Πατρί.

324 2771 516 2824 Μέλλων
574 2769 633 2825 δὲ
688 2771 772 2825 ἐπὶ
829 2776 1033 2835 τούτοις
1079 2777 1172 2826 καί
1219 2775 1246 2825 ό
1317 2777 1592 2847 ἱερώτατος
1649 2794 1841 2847 μητρο·

2021 2777 2168 2831 Cum
2193 2777 2480 2848 praeterea
2502 2773 2746 2830 deberet
2760 2772 3208 2830 sacratissimus
3231 2769 3459 2826 Russite
3474 2769 3602 2826 med

255 2861 684 2923 πολίτηςῬωσίας
711 2867 1035 2935 μακροτέραν
1093 2859 1395 2934 ἀποδημίαν
1442 2869 1534 2921 τὴν
1583 2867 1708 2937 πρὸς
1747 2869 1839 2922 τὴν

1971 2879 2039 2919 ro
2047 2862 2226 2935 polita
2244 2862 2496 2933 longum
2516 2863 2626 2918 iter
2643 2860 2724 2919 ad
2742 2861 3122 2935 provinciam
3145 2859 3456 2932 propriam
3471 2874 3600 2914 sus-

251 2950 508 3022 λαχοῦσαν
539 2951 694 3005 αὐτόν
730 2952 1054 3019 στείλασθαι,
1095 2957 1189 3009 τὴν
1242 2956 1330 3024 μὲν
1387 2953 1577 3005 οἰκείαν
1629 2959 1840 3025 γνώμην

1968 2953 2166 3025 :ipere,
2216 2952 2321 3025 qui
2361 2967 2536 3007 suam
2590 2951 2796 3023 utique
2854 2947 3213 3006 sententiam
3264 2948 3415 3006 alias
3466 2949 3597 3020 jam

249 3036 610 3114 ἀριδηλοτέραν
655 3043 780 3113 ἡμῖν
821 3045 911 3092 καί
957 3041 1134 3092 ἄλλοτε
1162 3046 1511 3115 παρέστησεν,
1558 3044 1628 3102 ὡς
1669 3051 1840 3115 μικρῷ

1967 3045 2152 3112 iperte
2199 3041 2377 3098 nobis
2429 3044 2808 3113 exposuerat,
2871 3053 3034 3094 nunc
3087 3042 3292 3094 autem
3344 3036 3596 3094 fratrum

249 3133 506 3203 κατωτέρω
535 3133 654 3204 περί
679 3133 874 3187 ταύτην
905 3131 1214 3203 ῥηθήσεται,
1251 3131 1309 3182 οὐ
1336 3135 1438 3202 μὴν
1472 3126 1530 3182 δὲ
1579 3129 1706 3182 ἀλλὰ
1752 3135 1841 3182 καί
1871 3156 1878 3195 ς

1968 3147 2193 3204 ιιιοᾳυθ
2221 3145 2472 3187 suorum
2503 3129 2616 3186 hac
2641 3143 2822 3202 super
2857 3143 2921 3184 re
2949 3131 3214 3183 mentem
3235 3140 3597 3195 cognoscere

246 3223 331 3274 τὴν
361 3226 451 3279 τῆς
485 3215 841 3290 ἁδελφότητος
870 3225 986 3291 περί
1015 3221 1199 3271 τούτου
1233 3215 1392 3282 δόξαν
1422 3221 1562 3280 ὅπως
1587 3221 1699 3290 ἔχει
1738 3239 1838 3291 μα-

1968 3235 2045 3274 na
2056 3234 2318 3291 gnopere
2346 3217 2713 3290 postulabat,
2746 3231 2890 3272 sane
2919 3215 3183 3288 oportuit
3209 3229 3331 3270 non
3357 3213 3597 3286 perfun-

247 3308 339 3357 θεῖν
367 3303 628 3381 διαφόρως
654 3307 904 3375 ἐζήτησε,
926 3312 1015 3360 καί
1044 3305 1105 3366 ἦν
1136 3306 1416 3378 ἀναγκαῖον
1448 3305 1542 3361 διὰ
1562 3318 1730 3360 ταῦτα
1765 3315 1836 3379 μὴ

1968 3307 2136 3363 :torio
2179 3323 2358 3379 opere
2388 3305 2588 3362 studio
2617 3306 2756 3361 huic
2796 3317 3127 3370 occurrere,
3156 3302 3477 3374 visumque
3505 3306 3597 3358 est

243 3396 286 3446 ἐν
316 3402 556 3471 παρέργῳ
589 3399 774 3449 θέσθαι
805 3405 954 3449 τοῦτο
978 3401 1032 3449 τὸ
1066 3393 1410 3469 σπούδασμα,
1440 3394 1549 3450 δεῖν
1584 3401 1840 3469 ἔγνωσται

1966 3395 2344 3451 nediocritati
2373 3399 2592 3450 nostra:
2613 3407 2737 3450 non
2756 3392 2939 3464 hujus
2956 3388 3378 3448 tantummodo
3395 3389 3595 3460 regio-

243 3491 297 3556 τῇ
331 3487 472 3556 ἡμῶν
501 3492 812 3559 μετριότητι
841 3492 912 3558 μὴ
937 3492 1088 3558 μόνον
1115 3489 1230 3546 τοὺς
1257 3483 1609 3558 ἐνδημοῦντας
1638 3489 1695 3539 τό
1717 3492 1840 3549 τέως

1966 3484 2042 3538 lis
2100 3482 2561 3539 οοῐιεαοθτόοίθε
2599 3495 2813 3538 omnes
2860 3493 3023 3536 nunc
3080 3493 3213 3534 0888
3255 3491 3595 3534 convocan-

242 3573 449 3626 ἐνταῦθα
502 3573 939 3649 συλλειτουργούς
989 3575 1152 3635 αὐτῆς
1221 3575 1650 3646 συγκαλέσασθαι
1699 3576 1840 3639 ἅπαξ

1966 3573 2080 3640 ios,
2127 3573 2233 3628 sed
2283 3573 2343 3628 in
2394 3571 2608 3644 primis
2657 3568 3152 3627 consacerdotem
3193 3571 3467 3624 nostrum
3521 3583 3595 3624 ac

241 3666 438 3728 πάντας,
470 3661 588 3715 ἀλλ’
621 3662 668 3714 ἐν
698 3668 925 3736 πρώτοις
952 3668 1041 3736 μὲν
1071 3669 1161 3715 καί
1199 3664 1353 3716 αὐτόν
1410 3668 1496 3716 τὸν
1550 3664 1837 3735 ἁγιώτατον

1966 3664 2190 3719 'ratrem
2246 3661 2693 3719 sanctissimum
2747 3657 3304 3731 Hierosolymorum
3341 3657 3595 3732 patriar-

238 3748 444 3822 ἀδελφόν
472 3752 645 3812 αὐτῆς
675 3757 764 3803 καί
809 3752 1204 3827 συλλειτουργόν
1244 3755 1581 3827 πατριάρχην
1621 3753 1836 3826 Ἱεροσο-

1964 3752 2124 3808 :ham
2154 3749 2498 3808 Nicolaum:
2539 3754 2720 3822 atque
2747 3749 2995 3821 insuper
3022 3749 3323 3820 quotquot
3347 3749 3490 3804 sunt
3529 3745 3593 3802 in

235 3840 396 3910 λύμων
422 3841 710 3905 Νικόλαον,
743 3845 872 3913 πρὸς
907 3839 966 3894 δὲ
1002 3847 1092 3893 καί
1111 3845 1227 3903 τοὺς
1258 3841 1306 3894 ἐν
1333 3861 1394 3915 τη
1425 3839 1676 3915 βασιλίδι
1703 3847 1834 3895 ταύ-

1964 3857 2060 3897 1ac
2086 3841 2252 3911 regia
2278 3840 2426 3897 urbe
2450 3837 2833 3896 sublimiores
2857 3853 2930 3894 ex
2949 3836 3161 3894 ordine
3190 3835 3488 3893 senatorio
3506 3840 3593 3892 at-

233 3949 288 3999 τη
315 3929 456 3983 πόλει
488 3935 902 4002 παρατυχόντας
921 3935 978 3982 τό
1015 3949 1072 4001 γε
1097 3938 1184 3982 νῦν
1216 3933 1342 4002 ἔχον
1372 3936 1509 4004 μέγα
1538 3932 1833 4006 ὑπερόχους

776 3949 902 3992 ιντας
921 3935 978 3982 τό
1015 3949 1072 4001 γε
1097 3938 1184 3982 νῦν
1216 3933 1342 4002 ἔχον
1372 3936 1509 4004 μέγα
1538 3932 1833 4006 ὑπερόχους
1943 3945 2063 4002 que
2091 3930 2405 3987 doctiores.

234 4016 422 4092 ἄνδρας
453 4025 538 4089 τῷ
569 4023 677 4070 ἄντι
696 4023 786 4070 καί
833 4017 1265 4091 έλλογιμωτέρους
1295 4028 1394 4072 τῶν
1425 4028 1515 4080 τῆς
1547 4020 1833 4090 συγκλητι-

232 4117 288 4166 sui
301 4128 322 4169 ς
346 4107 524 4179 βουλῆ
538 4129 578 4169 ς.

298 4201 395 4249 Καί
451 4193 535 4253 δὴ
587 4201 862 4266 γενομένου
914 4201 1002 4248 καί
1053 4197 1285 4269 πλήρους
1332 4201 1687 4260 καταστάντος
1743 4207 1834 4252 τοῦ

2015 4200 2187 4265 Quod
2212 4215 2350 4254 cum
2381 4198 2607 4253 factum
2637 4195 2830 4264 fuerit,
2874 4195 3210 4268 plenusque
3237 4192 3314 4249 sit
3351 4190 3589 4248 hodier-

235 4282 514 4357 συνεδρίου
570 4289 664 4341 τὴν
731 4303 954 4356 σημερον
1024 4288 1080 4337 ἔκ
1145 4305 1201 4338 τε
1251 4296 1342 4346 τῆς
1395 4295 1490 4339 τοῦ
1544 4290 1833 4358 άγιωτάτου

1955 4305 2060 4344 nus
2081 4303 2398 4344 consessus
2418 4291 2545 4342 tum
2565 4290 2811 4358 propter
2825 4283 3182 4341 sanctissimi
3209 4281 3584 4356 patriarchae,

233 4377 602 4448 πατριάρχου,
660 4394 723 4444 ῳς
777 4375 1000 4448 εἶρηται,
1061 4375 1421 4442 συνελεύσεως,
1472 4395 1571 4427 των
1625 4397 1680 4429 τε
1738 4385 1834 4440 τῆς

1959 4381 2011 4434 ut
2039 4379 2265 4433 dictum
2306 4380 2412 4447 est,
2455 4375 2808 4443 adventum,
2840 4379 2968 4430 tum
2995 4373 3176 4430 etiam
3217 4370 3476 4429 aliorum
3513 4386 3588 4426 ex

235 4463 562 4533 συγκλιέτου,
626 4459 864 4532 λογάδων
936 4469 1027 4514 καί
1105 4472 1194 4525 τῆς
1276 4474 1578 4540 ιεραρχικῆς
1635 4466 1864 4538 ὁμηγύ-‹

1961 4471 2178 4532 senatu,
2211 4469 2276 4520 ut
2296 4464 2560 4520 diximus
2585 4463 3048 4535 prmeipuorum,
3087 4476 3200 4518 nec
3217 4475 3342 4516 non
3360 4475 3435 4516 ex
3465 4458 3590 4516 hie-

231 4570 366 4622 ρεως,
428 4561 504 4612 ῶς
565 4548 881 4615 διείληπται,
954 4554 981 4604 ό
1035 4549 1334 4626 διαληφθείς
1401 4561 1672 4627 ιερωτατος
1735 4548 1860 4628 μηέ

1958 4556 2213 4612 rarchico
2235 4559 2410 4622 coetu,
2442 4559 2812 4610 memoratus
2840 4555 3019 4609 antea
3045 4549 3265 4607 Russite
3283 4552 3587 4621 metropo-

232 4641 554 4711 τροπολίτης
608 4639 827 4701 Ῥωσιας
893 4649 1062 4693 ταῦτα
1132 4647 1222 4694 καί
1291 4643 1444 4696 πάλιν
1520 4650 1591 4705 εἰς
1657 4651 1832 4703 κοινὴν

1952 4647 2065 4718 lita,
2094 4646 2209 4701 hoc
2233 4659 2442 4700 rursus
2474 4642 2705 4698 cunctis
2729 4639 3117 4698 audientibus
3156 4637 3581 4712 pronuntiavit,

232 4731 481 4801 ἀκρόασιν
575 4731 888 4792 άπετείνατο,
969 4733 1034 4790 ὡς
1113 4733 1268 4793 αὐτὸς
1349 4736 1438 4804 μὲν
1514 4734 1650 4785 οὕτω
1705 4754 1835 4806 πρε-

1958 4751 2004 4790 se
2026 4733 2271 4804 quidem
2315 4732 2398 4788 ita
2430 4747 2691 4801 censere,
2730 4729 2898 4802 quod
2924 4743 3140 4801 reapse
3178 4727 3477 4782 evidenter
3503 4726 3587 4782 ita

234 4817 413 4881 σϐεύει,
475 4823 529 4871 εὶ
581 4822 672 4868 καὶ
742 4817 1008 4893 ἀραρότως
1055 4819 1188 4891 ἔχει,
1242 4827 1360 4894 περί
1416 4823 1510 4884 τῆς
1571 4823 1831 4883 ζωοποιοῦ

1954 4839 2002 4880 se
2022 4823 2226 4884 habet,
2250 4835 2469 4892 nempe
2489 4819 2795 4876 viviﬁcum
2818 4817 3178 4874 sacriﬁcium
3203 4831 3402 4887 neque
3416 4814 3583 4871 initio

233 4908 430 4968 θνσιας,
485 4905 615 4978 μήτ’
656 4909 910 4980 ἀρχῆθεν,
959 4912 1041 4960 ὅτε
1081 4913 1226 4982 παρὰ
1279 4919 1366 4963 τοῦ
1412 4919 1647 4984 Σωτῆρος
1697 4921 1829 4985 Χρι-

1960 4929 2076 4969 :um
2107 4927 2143 4968 a
2173 4913 2483 4968 Servatore
2505 4909 2734 4966 Christo
2763 4913 3074 4981 peractum
3100 4903 3230 4971 fuit,
3253 4918 3449 4976 neque
3486 4901 3589 4961 de-

233 5002 346 5045 στοῦ
415 4993 674 5052 δηλονότι
733 4995 1010 5066 τετέλεστο,
1085 4994 1353 5068 μήτ⁶αὗθις
1417 5003 1474 5052 τὸ
1527 4999 1829 5053 ἀπ’ἒκείνου

1959 5018 2062 5058 1110
2108 5000 2388 5074 posthinc
2439 5013 2634 5072 usque
2683 4997 2762 5053 ad
2808 4995 3171 5053 hodiernum
3229 4992 3415 5064 diem,
3481 4993 3588 5050 uni

232 5087 384 5158 μχρι
439 5089 542 5135 καί
601 5090 840 5156 σήμερον,
895 5089 1034 5156 μόνῳ
1086 5093 1157 5155 τῷ
1228 5089 1445 5159 ἁνάρχῳ
1515 5096 1606 5141 τοῦ
1669 5095 1832 5143 Μονο-

1958 5095 2159 5146 sterno
2189 5089 2482 5160 Unigeniti
2525 5087 2682 5145 Patri
2711 5085 2981 5142 oblatum
3015 5083 3206 5140 fuisse
3242 5081 3338 5140 vel
3365 5081 3587 5151 offerri,

233 5180 397 5238 γένους
461 5176 641 5243 Πατρί
699 5179 868 5224 ταῦτα
934 5177 1247 5247 προσῆχθαι
1303 5181 1392 5227 καί
1447 5180 1832 5249 προσάγεσθαι,

1960 5195 2150 5235 rerum
2175 5180 2354 5234 etiam
2385 5179 2502 5250 ipsi
2517 5193 2762 5250 quoque
2777 5174 2976 5232 Verbo
2999 5175 3345 5231 incarnato:
3369 5174 3492 5231 imo
3512 5189 3589 5231 ne

235 5259 352 5312 α’ὶλᾱι
397 5265 495 5313 καί
534 5265 678 5330 αὐτῷ
732 5269 804 5330 τῷ
851 5264 1305 5334 εδανθρωπὴσαντι
1367 5270 1522 5337 Λόγῳ
1555 5283 1566 5296 '
1598 5287 1683 5319 ναι
1738 5273 1834 5339 μὴν

1959 5273 2218 5323 sanctum
2248 5267 2495 5338 quidem
2518 5266 2801 5338 Spiritum
2819 5265 3002 5336 hujus
3027 5262 3247 5320 divinae
3268 5262 3588 5320 oblationis

237 5345 367 5418 μηδὶ
441 5355 502 5402 τό
585 5348 734 5420 ἅγιον
805 5357 1013 5422 Πνεῦμα
1064 5361 1158 5414 τῆς
1226 5358 1473 5416 τοιαύτης
1532 5358 1836 5427 θεοπρεποῦς

1956 5372 2066 5412 non
2089 5372 2220 5411 esse
2250 5355 2599 5427 participem
2634 5374 2646 5420 ;
2675 5356 2756 5410 ita
2782 5359 2848 5409 ut
2861 5353 3113 5410 omnino
3144 5351 3372 5420 Deitati,
3397 5366 3585 5423 quam

237 5448 384 5509 τιμῆς
433 5438 813 5491 ἀπολείπεσθαι
871 5456 884 5468 ’
944 5446 1032 5492 καί
1089 5443 1403 5506 ἁπαξαπλῶς
1464 5451 1586 5517 πρὸς
1641 5452 1728 5502 τὴν
1789 5447 1836 5498 ἐν

1968 5445 2309 5502 nTrinitate
2362 5459 2762 5515 personarum
2811 5445 3197 5514 conjunctam
3249 5446 3308 5500 et
3343 5440 3585 5496 unicam

303 5615 326 5652 ⁷
361 5615 543 5674 Hebr.
579 5631 642 5682 χ,
670 5620 761 5672 23.

2329 1 4097 28 Ἦ
