4126 6228
516 273 619 333 151

1854 270 2126 329 NICETE
2178 268 2563 328 ΟΗΟΝΙΑΤῶ

3773 269 3877 328 152

512 402 695 474 atque
708 400 888 457 unius
915 399 1309 474 ejusdemque
1336 398 1566 454 natura
1591 393 1891 471 simulque
1928 396 2171 454 immor-

2280 392 2470 469 Τριάδι
2526 400 2815 469 προσώπων
2886 394 3180 469 ἔνιζομίνην
3259 398 3349 449 καὶ
3436 396 3559 468 μίαν
3620 396 3877 472 γνωριζο-

512 488 693 548 talem
725 506 855 546 esse
877 491 1323 561 cognoscimus,
1347 487 1476 543 haec
1498 486 1924 561 mysteriorum
1944 485 2165 543 oblatio

511 581 569 634 et
597 577 741 635 olim
765 578 923 636 facta
954 579 1128 634 fuerit
1159 582 1215 635 et
1236 592 1397 635 nunc
1425 577 1551 645 ﬁat,
1575 580 1755 651 atque
1804 591 1840 632 a
1868 574 2165 632 Trinitatis

507 672 805 739 potestate
834 669 1002 726 omni
1034 673 1300 740 tempore
1321 666 1683 740 perﬁciatur.
1717 669 1834 724 Hoc
1850 664 1948 722 ille
1966 664 2165 721 aiebat

510 773 573 813 se
628 757 1037 814 indubitanter
1086 756 1325 827 sentire,
1387 755 1505 813 hoc
1553 754 1801 812 ﬁrmiter
1847 771 1885 811 a
1946 754 2163 810 divinis

508 846 893 920 comprobari
916 847 1253 920 Scripturis,
1284 862 1395 919 pro
1436 846 1554 905 hoc
1582 845 1832 903 demum
1877 844 2161 916 dogmate

508 940 795 1010 paratum
816 952 878 994 se
899 936 1073 995 mori.

575 1114 660 1174 ita
680 1115 929 1190 quidem
949 1115 1274 1173 conﬁdenti
1295 1114 1502 1174 animo
1519 1116 1751 1172 Russus
1771 1112 2155 1187 loquebatur.

505 1205 653 1262 Cum
683 1208 887 1263 autem
914 1221 1009 1263 res
1036 1208 1330 1279 posceret,
1360 1208 1426 1261 ut
1447 1205 1873 1278 episcoporum
1912 1218 2157 1276 quoque

501 1310 824 1353 consessus
852 1311 1031 1352 suum
1074 1294 1419 1365 singillatim
1447 1294 1625 1351 ferret
1654 1292 2029 1364 suffragium,
2067 1309 2156 1349 sa-

500 1384 880 1442 cratissimus
905 1383 1385 1458 metropolitanas
1399 1383 1664 1441 ecclesiae
1688 1383 1903 1456 Ephesi
1934 1382 2158 1440 archie-

496 1474 805 1548 piscopus,
835 1474 995 1532 haud
1016 1474 1237 1530 diutius
1264 1471 1450 1530 divini
1463 1474 1553 1530 sui
1574 1472 1679 1530 zeli
1696 1473 1989 1546 impetum
2016 1486 2157 1529 con-

500 1564 688 1621 tinere
721 1564 1049 1636 sustinens,
1082 1579 1144 1620 se
1175 1580 1314 1619 cum
1341 1566 1527 1620 Russo
1558 1564 1789 1634 primus
1819 1562 2036 1618 sentire
2057 1578 2157 1618 ex-

500 1653 991 1727 clamavit,atque
1003 1653 1063 1709 in
1083 1653 1198 1709 hac
1212 1651 1588 1709 confessione
1601 1652 1959 1709 moriturum
1974 1667 2083 1707 con
2093 1651 2155 1707 ﬁ-

2277 488 2433 560 μὸνην
2488 488 2707 545 θεότητα
2757 494 2967 559 συμφυῆ
3040 506 3094 540 τε
3153 488 3245 539 καί
3293 480 3566 539 πναίδιον
3624 491 3717 546 τὴν
3773 494 3873 540 τῶν

2274 580 2579 651 μυστηρίων
2670 580 3015 649 προσαγωγὴν
3100 577 3415 647 γεγενῆσθαί
3494 594 3545 628 τε
3611 595 3699 629 και
3748 580 3877 647 γίνεο

2277 667 2422 733 σθαι,
2482 665 2833 738 τελειουμένην
2909 662 3002 720 διὰ
3080 673 3171 727 τῆς
3262 663 3574 717 τελειοποιοῦ
3647 662 3875 741 Τριάδος

2271 754 2535 810 ἑκάστοτε.
2595 761 2761 808 Τοῦτο
2832 751 3204 816 ἀνενδοιοίστως
3275 760 3490 827 φρονεῖν,
3552 760 3704 807 τοῦτο
3779 752 3874 828 βε-

2272 842 2431 907 ϐαίως
2485 849 2574 898 καὶ
2629 846 2729 897 οίπό
2779 852 2878 897 τῶν
2949 845 3093 898 θείων
3180 843 3680 918 πεπληροφορῆσθαι
3741 848 3873 920 Γρα-

2270 941 2394 1007 φῶν,
2444 936 2612 1007 τούτῳ
2668 953 2757 987 και
2809 936 3255 994 συναποθνήσκειν
3303 933 3518 1007 ἑτοίμως
3593 934 3734 1006 ἔχειν
3794 942 3870 1005 τῷ

2270 1018 2522 1097 δόγματι.

2341 1112 2399 1166 'O
2474 1116 2563 1186 μέν
2620 1110 2840 1178 Ῥωσίας
2930 1119 3097 1166 ταῦτα
3164 1111 3674 1189 πεπαρῥησιασμένῳ
3750 1134 3874 1188 ippo-

2264 1204 2461 1276 νήματι
2503 1200 2741 1265 ἐξελάλει.
2798 1208 2885 1265 Ὡς
2930 1198 2989 1255 δὲ
3045 1204 3235 1276 ἀπῄτει
3281 1204 3338 1255 τὸ
3387 1208 3625 1276 πρᾶγμα,
3673 1206 3766 1256 καί
3809 1205 3870 1255 τὸ

2265 1299 2362 1355 τῆς
2435 1300 2608 1353 κοινῆς
2678 1299 2778 1344 τῶν
2832 1291 3119 1368 ἀρχιερέων
3199 1290 3661 1346 ἀποκαλύπτεσθαι
3750 1295 3874 1345 σύνο

2268 1382 2418 1456 θέμα,
2486 1382 2512 1434 ὁ
2582 1380 2857 1455 ἱερώτατος
2933 1384 3354 1458 ἀρχιεπίσκοπος
3437 1390 3534 1445 τῆς
3604 1401 3874 1456 μητροπο-

2264 1469 2383 1533 λεως
2447 1472 2666 1544 Ἐφέσου
2735 1478 2942 1543 πρῶτος
3007 1473 3199 1525 αὐτίκα
3248 1476 3341 1531 τὴν
3400 1467 3567 1525 ὠδῖνα
3624 1475 3696 1545 μὴ
3756 1476 3870 1525 στί-

2264 1579 2373 1633 γειν
2410 1562 2487 1613 ἔτι
2514 1561 2615 1623 οἶός
2658 1580 2713 1613 τε
2758 1559 2825 1614 ὧν
2864 1568 2958 1614 τού
2999 1563 3196 1622 ἐνόντος
3242 1562 3407 1633 τούτῳ
3457 1559 3627 1615 ἐνθέου
3682 1560 3867 1625 ζήλου,

2265 1653 2561 1724 όμοφρόνως
2634 1657 2708 1721 τῷ
2772 1648 2993 1713 Ῥωσίας
3066 1657 3264 1726 φρονεῖν
3356 1650 3654 1723 ἀνεκήρυξε,
3752 1670 3873 1704 σνν-

499 1741 712 1800 denter
729 1743 1064 1800 admodum
1080 1741 1447 1800 afﬁrmabat.
1466 1744 1676 1799 Parem
1690 1741 2052 1799 sententiam
2067 1756 2156 1799 re-

2280 1740 2539 1793 εποθανεῖν
2602 1743 2693 1792 καί
2755 1739 2911 1802 αύτός
2981 1747 3043 1799 τῆ
3112 1741 3328 1799 τοιαύτη
3395 1738 3647 1813 ὁμολογία
3725 1739 3871 1812 μάλα

498 1830 701 1904 liquus
713 1832 893 1888 etiam
909 1831 1331 1905 episcoporum
1346 1835 1535 1888 castus
1548 1830 1921 1905 protulit,qui
1936 1831 2157 1904 pariter

502 1923 942 1978 consentientes
980 1922 1428 1994 concordesque
1475 1922 1635 1978 nacti
1678 1925 1820 1978 sunt
1858 1925 2157 1994 quotquot

502 2014 672 2068 erant
696 2010 756 2065 in
778 2025 848 2066 eo
879 2025 1176 2067 consessu
1206 2026 1277 2067 ex
1308 2013 1520 2068 senatu
1539 2010 1635 2067 vel
1659 2009 1903 2066 aliunde
1933 2025 2155 2067 convo-

502 2099 658 2168 cati;
685 2102 823 2155 ante
854 2114 1067 2156 omnes
1087 2116 1227 2157 vero
1263 2099 1711 2156 sanctissimum
1749 2098 2155 2171 patriarcham

502 2188 1057 2261 Hierosolymorum
1116 2188 1469 2256 Nicolaum;
1518 2187 1743 2261 quibus
1789 2187 2158 2244 accedebant

503 2281 805 2352 quotquot
833 2278 1122 2351 praedicto
1136 2277 1409 2351 dogmati
1420 2277 1663 2334 deﬁnite
1673 2275 2156 2351 astipulabantur

507 2372 566 2426 et
591 2368 1011 2427 adhaerebant.

584 2637 826 2709 Oportet
882 2638 1086 2693 autem
1125 2638 1181 2692 et
1223 2635 1492 2709 ipsorum
1548 2635 1799 2693 nomina
1856 2634 2159 2706 sigillatim

508 2726 902 2801 perscribere.
945 2729 1025 2783 Ex
1071 2731 1286 2784 senatu
1330 2726 1576 2800 quidem
1606 2726 1667 2782 hi
1702 2744 1716 2782 :
1757 2726 2163 2801 pansebastus

514 2817 793 2874 sebastus
830 2831 1093 2887 magnus
1124 2815 1489 2886 drungarius
1510 2816 1794 2872 dominus
1826 2816 2164 2890 Stephanus

519 2905 1361 2977 Comnenus,Gloriosissimus
1373 2921 1481 2978 pro
1490 2906 1819 2962 tonotarius
1833 2911 1890 2962 ct
1906 2921 2166 2976 magnus

517 2994 1411 3066 logothetadominusloannes.
1430 2994 1867 3050 lllustrissimus
1881 2995 2168 3051 asecretis

522 3084 811 3142 dominus
836 3083 1113 3142 Nicolaus
1141 3087 1426 3141 Zonaras.
1476 3083 1915 3140 lltustrissimus
1962 3100 2171 3140 nomo-

525 3174 772 3248 phylax,
813 3176 872 3231 et
907 3173 1376 3231 domesticorum
1421 3174 1781 3247 praepositus
1827 3174 2175 3231 Theodorus

525 3264 923 3323 Pantechnes.
966 3266 1046 3319 Ex
1084 3263 1430 3322 veneranda
1467 3268 1669 3321 autem
1706 3266 1825 3321 Deo
1855 3265 2176 3322 chararum

524 3353 892 3425 dignitatum
921 3356 1180 3419 caterva,
1207 3353 1559 3426 reliquoque
1591 3369 1766 3410 sacro
1787 3359 2019 3422 senatu,
2046 3369 2177 3410 ma-

530 3458 687 3514 gnus
724 3442 1209 3509 archidiaconus,
1246 3458 1505 3513 magnus
1543 3459 1917 3511 oeconcmus,
1949 3445 2180 3501 chartov

531 3532 781 3605 phylax,
835 3531 1205 3596 sacellarius,
1260 3532 1730 3605 protonotarius,
1775 3532 2179 3602 canistrarius,

531 3620 990 3689 referendarius,
1017 3620 1097 3677 ab
1123 3621 1292 3689 actis,
1323 3621 1555 3693 primus
1577 3621 1878 3693 ostiarius,
1897 3624 2183 3694 magister

533 3708 1019 3778 Evangeliorum,
1085 3712 1422 3779 suggestor,
1493 3709 1727 3781 primus
1781 3709 2183 3767 Ecclesiarum

533 3796 912 3870 praepositus,
944 3813 983 3853 a
1009 3795 1382 3869 supplicibus
1410 3796 1646 3865 libellis,
1679 3797 1979 3855 secundus
2006 3801 2187 3858 ostia-

535 3886 681 3958 rius,
725 3885 1031 3943 secundus
1075 3884 1474 3941 Ecclesiarum
1527 3887 1912 3959 praepositus,
1967 3887 2184 3945 doctis-

538 3975 1120 4050 simipatriarchales
1138 3975 1371 4048 notarii,
1402 3978 1703 4032 secundus
1742 3977 2186 4047 diaconus,alii-

537 4082 655 4140 que
681 4083 696 4134 ;
724 4067 867 4122 item
888 4080 1010 4123 non
1038 4064 1279 4121 modica
1300 4080 1441 4138 pars
1466 4064 1569 4139 qui
1589 4068 1783 4122 astant
1806 4066 2187 4139 patriarchali

535 4156 755 4212 throno
788 4154 1278 4212 doctissimorum
1317 4157 1497 4227 atque
1538 4154 1948 4227 piissimorum
1988 4157 2189 4213 diaco-

537 4257 759 4300 norum
798 4242 904 4315 qui
942 4242 1358 4315 ﬁrmojudicio
1414 4244 1737 4317 propositas
1776 4243 1935 4302 circa
1971 4244 2188 4303 viviﬁci

538 4330 818 4388 sacriﬁcii
892 4331 1260 4389 oblationem
1318 4333 1623 4388 sententias
1691 4334 1843 4390 adeo
1902 4334 2187 4391 favebant

536 4424 604 4477 ut
648 4434 724 4476 ne
752 4420 1147 4492 quaestionem
1194 4420 1441 4492 quidem
1480 4421 1665 4478 ullam
1713 4438 1852 4477 cum
1890 4423 1961 4477 iis
2011 4422 2185 4479 habi-

2268 1827 2585 1904 θαῤῥούντως
2660 1828 3064 1903 ίσχυριξόμενος
3103 1844 3117 1860 ⁸
3202 1832 3267 1882 τὰ
3331 1829 3468 1882 αύτά
3546 1825 3607 1883 δὲ
3662 1831 3868 1893 τούτοις

2263 1916 2563 1993 πρεσϐεύειν
2651 1922 2742 1970 καί
2831 1917 2987 1978 λοιπὴ
3066 1926 3167 1972 τῶν
3239 1917 3522 1993 ἀρχιερέων
3606 1919 3870 1992 ὁμήγυρις

2267 2008 2631 2079 συγκατέθετο,
2711 2008 3009 2083 σύμφρονας
3073 2006 3158 2061 ἔπι
3217 2010 3423 2072 τούτοις
3487 2009 3715 2082 εὑροῦσα
3777 2026 3871 2061 και

2264 2096 2626 2170 ὁμογνώμονας
2683 2098 2803 2149 ὅσον
2864 2116 2917 2151 τε
2981 2104 3075 2150 τοῦ
3143 2095 3393 2169 συλ)ὁγου
3455 2101 3612 2173 μέρος
3667 2095 3721 2150 ἔκ
3776 2104 3869 2160 τῆς

2268 2184 2562 2256 συγκλήτου
2622 2182 2923 2260 συήνδρευε,
2972 2190 3063 2239 καὶ
3130 2187 3184 2250 ὃς
3239 2186 3447 2240 ἂλλοθεν
3526 2193 3867 2262 παρεστηκὼς

2265 2273 2569 2347 ἕγνωρίζετο
2625 2289 2638 2304 ⁸

2267 2360 2551 2434 ἁγιώτατον

2696 2279 2798 2348 πρὸ
2866 2271 2925 2328 δι
2997 2278 3190 2329 τούτων
3266 2275 3503 2329 ἀπάντων
3569 2276 3722 2330 αὐτόν
3778 2279 3866 2329 τόν

2678 2365 3020 2439 πατριάρχην
3122 2364 3491 2439 Ἱεροσολύμων
3592 2363 3867 2419 Νικόλαον

2266 2449 2376 2523 μεθ’
2441 2451 2509 2503 ὧν
2559 2448 2694 2511 ἦσαν
2746 2454 2794 2504 οἱ
2847 2460 2919 2523 τῷ
2968 2454 3179 2528 ῥηθέντι
3240 2449 3472 2528 δόγματι
3531 2454 3875 2527 κατάςποίντα

2272 2545 2608 2612 στοιχοῦντές
2637 2561 2690 2594 τε
2718 2547 2808 2594 καί
2829 2540 3139 2616 ἐμμένοντες.

2342 2636 2427 2682 Δεῖ
2487 2632 2589 2703 γὰρ
2683 2631 2950 2685 κάνταῦθα
3016 2636 3213 2686 τούτων
3311 2633 3690 2707 ἐπιμνησθῆναι
3752 2634 3870 2686 κατ’

2272 2722 2451 2792 ὄνομα.
2512 2719 2601 2774 Ἐκ
2662 2722 2753 2794 μὲν
2818 2729 2912 2783 τῆς
2984 2721 3281 2795 συγκλήτου
3360 2721 3553 2795 βουλῆς
3631 2717 3745 2775 οἵδε
3786 2743 3800 2756 -
3845 2724 3871 2774 6

2272 2808 2626 2871 πανσέϐαστος
2659 2808 2908 2874 σεϐαστός
2947 2815 3037 2864 καὶ
3085 2816 3244 2885 μέγας
3309 2809 3655 2887 δρουγγάριος
3714 2818 3876 2885 κῦρος

2276 2900 2517 2971 Στέφανος
2585 2899 2611 2950 ὁ
2689 2903 2956 2972 Κομνηνὸς
3026 2919 3041 2935 σ
3108 2902 3134 2951 6
3190 2897 3608 2974 μεγαιὴξότατος
3674 2920 3879 2977 πρωτο·

2277 2989 2512 3064 νοτάριος
2563 2993 2652 3041 καὶ
2728 2990 2891 3061 μέγας
2952 2988 3306 3064 λογαριαστης
3375 2999 3531 3065 κῦρος
3578 2990 3822 3054 Ἰωάννης
3860 3009 3873 3022 ⁸

2280 3081 2306 3130 ὁ
2377 3082 2910 3150 μεγαεπιφανέστατος
3004 3077 3294 3155 ἀσηκρῆτις
3388 3087 3545 3155 κῦρος
3624 3080 3878 3141 Νικόλαος

2282 3166 2309 3219 ὁ
2374 3172 2658 3240 Ζωναρᾶς’
2728 3172 2818 3220 καί
2891 3169 2916 3220 ὁ
2982 3174 3523 3243 μεγαεπιφανέστατος
3598 3170 3885 3243 νομοφύλαί

2284 3261 2373 3310 καὶ
2430 3256 2514 3310 ἐπὶ
2567 3265 2666 3310 τῶν
2720 3257 2989 3310 οἱκειακῶν
3068 3267 3226 3334 κῦρος
3275 3255 3551 3333 Θεόδωρος
3615 3260 3641 3312 ὁ
3695 3266 3885 3314 Παντε-

2286 3353 2424 3421 χνὴς
2463 3364 2478 3379 ο
2526 3345 2581 3400 ἐκ
2620 3344 2680 3402 δι
2724 3357 2815 3409 τῆς
2868 3346 3183 3424 ἓντιμοτέρας
3240 3357 3339 3402 τῶν
3388 3369 3441 3403 τε
3483 3349 3883 3423 θεοφιλεστάτων

2291 3436 2560 3508 ἀρχόντων
2608 3435 2835 3498 πληθύος
2891 3458 2976 3489 και
3035 3446 3130 3500 τῆς
3206 3437 3367 3501 α”λλης
3423 3442 3558 3511 ἱερᾶς
3611 3443 3885 3512 γερουσίας

2290 3527 2453 3581 οὖτου
2501 3527 2526 3578 6
2570 3530 2733 3599 μέγας
2786 3524 3182 3600 ἀρχιδιάκονος,
3238 3533 3327 3580 καὶ
3399 3527 3425 3581 ὁ
3473 3532 3636 3601 μέγας
3688 3533 3888 3581 οἰκονο-

2292 3637 2406 3691 μος,
2458 3616 2483 3668 ὁ
2535 3615 2895 3689 χαρτοφύλαξ,
2962 3618 2987 3669 ὁ
3048 3617 3402 3691 σακελλάριος,
3468 3619 3493 3669 ὁ
3561 3618 3889 3692 πρωτονοτοὶ-

2291 3733 2419 3790 ριος,
2475 3714 2502 3765 ὁ
2576 3717 2936 3787 κανστρίσιος,
3008 3715 3034 3765 ό
3094 3710 3595 3789 ῥαιφερενδάριος,ὁ
3650 3717 3888 3788 ύπομνηο

2293 3805 2647 3877 ματογραφος,
2681 3804 2707 3853 6
2745 3810 2948 3872 πρῶτος
2983 3803 3272 3876 ὁπτιάριος,
3339 3805 3364 3855 ό
3420 3799 3750 3866 διδάσκαλος
3788 3813 3889 3857 τῶν

2293 3891 2640 3965 Εύαγγελίων,
2717 3893 2743 3944 6
2817 3894 3249 3965 ὑπομιμνήσκων,
3326 3895 3352 3945 ό
3442 3902 3648 3967 πρῶτος
3703 3892 3886 3966 ἄρχων

2292 3990 2393 4035 τῶν
2447 3980 2788 4048 Ἐκκλησιῶν,
2854 3983 2879 4034 ὁ
2941 3984 3024 4035 ἐπὶ
3074 3991 3173 4034 τῶν
3241 3978 3490 4053 δεήσεων,
3548 3985 3573 4035 ὁ
3645 3979 3887 4057 δεύτερος

2295 4072 2585 4147 ὁστιάριος,
2642 4072 2669 4123 ὁ
2735 4066 2972 4148 δεύτερος
3032 4073 3215 4148 ἅρχων
3281 4080 3382 4125 τῶν
3448 4070 3787 4139 Ἐκκλησιῶν,
3839 4073 3891 4124 οἱ

2293 4159 2599 4232 λογιώτατοι
2684 4166 3068 4236 πατριαρχικοὶ
3149 4159 3399 4236 νοτάριοι,
3483 4161 3508 4213 6
3578 4156 3891 4236 δευτερεύων

2294 4258 2393 4302 τῶν
2443 4246 2718 4321 διακόνων,
2779 4254 2868 4302 καὶ
2920 4250 3083 4325 ἕτεροι
3114 4267 3127 4283 ’
3182 4251 3278 4303 ούκ
3328 4250 3477 4322 ὀλίγη
3537 4270 3590 4303 τε
3640 4258 3741 4302 τῶν
3771 4256 3892 4327 περὶ

2294 4340 2353 4391 τὸ
2451 4336 2604 4411 βῆμα
2666 4336 3074 4415 ἐλλογιμωτέρων
3155 4338 3537 4392 εύλαϐεστάτων
3635 4335 3891 4392 διακόνων

2296 4426 2581 4502 ἀπόμοιρα,
2651 4428 2700 4479 οῖ
2738 4446 2797 4499 γε
2861 4432 2949 4480 καὶ
3007 4423 3313 4500 ἀδιστάντῳ
3375 4432 3553 4501 γνώμή
3609 4436 3718 4491 τοῖς
3774 4416 3895 4503 περὶ

536 4509 653 4566 turi
679 4512 896 4580 essent,
923 4509 1027 4582 qui
1045 4508 1185 4565 huic
1213 4509 1483 4579 dogmati
1506 4525 1754 4582 prorsus
1791 4511 2171 4567 adhaererent

2296 4523 2391 4577 τῆς
2458 4524 2806 4589 προσαγωγῆς
2857 4523 2953 4579 τῆς
3016 4516 3272 4577 ζωοποιοῡ
3332 4517 3520 4577 θυσίας
3587 4512 3893 4587 διειλημμέ-

536 4618 639 4659 νοις
697 4595 1044 4675 δεθογμένοις.
1092 4600 1444 4673 προσκείσθαι
1510 4602 1799 4672 ςύμπαντες
1856 4596 2187 4669 διετείναντο,
2253 4607 2321 4665 ὡς
2368 4600 2507 4677 μηδὲ
2582 4606 2880 4666 συζήτησιν
2954 4601 3259 4664 οίανδητινα
3331 4605 3521 4658 ἔχουσι
3585 4607 3729 4678 παρὰ
3783 4611 3892 4666 τοῖς

538 4693 822 4765 προσέχειν
862 4688 992 4751 ὅλως
1031 4688 1201 4742 ἓθέλου
1211 4708 1312 4742 σιν.

609 4782 746 4837 Post
784 4779 897 4838 hos
919 4782 1040 4838 Deo
1078 4779 1468 4837 cabrissimus
1509 4779 1741 4851 primus
1785 4778 2065 4837 defensor
2099 4780 2171 4838 Mi

2373 4781 2589 4856 Ἐφὀἷς
2640 4784 2666 4836 ὁ
2722 4782 3111 4856 θεοφιλέστατος
3168 4780 3522 4857 πρωτέκδικος
3586 4780 3807 4853 Μιχαὴλ
3865 4782 3891 4833 ὁ

538 4870 711 4928 chael
750 4868 1300 4928 Thessalonicensis
1347 4884 1523 4924 suam
1565 4868 1786 4941 pariter
1826 4871 2192 4927 sententiam

538 4960 806 5032 proferre
828 4964 1094 5033 rogatus,
1128 4959 1208 5016 ait
1249 4974 1313 5015 se
1355 4958 1633 5031 quamvis
1663 4963 1842 5016 antea
1871 4959 1946 5017 de
1984 4960 2098 5017 hac
2127 4977 2189 5018 re

541 5048 898 5117 dubitasset,
932 5048 1213 5122 posthinc
1258 5053 1460 5105 tamen
1504 5048 1812 5104 sententiae
1857 5049 2187 5122 synodicae,

538 5153 677 5211 quas
714 5138 845 5210 jam
876 5138 1209 5208 dicebatur,
1254 5137 1503 5194 omnino
1533 5152 1656 5195 non
1704 5137 2183 5204 adversaturum.

538 5228 662 5285 imo
688 5244 825 5285 eam
856 5231 1201 5285 secuturum
1231 5226 1589 5300 spondebat.

612 5317 1061 5391 Dyrrachiensis
1093 5322 1315 5388 autem,
1338 5332 1477 5373 cum
1505 5320 1561 5373 et
1580 5316 1658 5374 ab
1696 5317 1829 5391 ipso
1858 5317 2185 5391 postulare-

538 5416 630 5468 tur
660 5412 725 5465 ut
753 5423 999 5466 sensum
1029 5424 1207 5464 suum
1238 5406 1513 5481 aperiret,
1538 5407 1732 5480 primo
1760 5408 2006 5481 quidem
2026 5408 2185 5465 hanc

538 5500 618 5559 ad
638 5497 888 5556 verbum
910 5498 1263 5555 sententiam
1276 5497 1520 5571 protulit
1543 5514 1556 5553 :
1586 5498 1834 5555 Domine
1856 5500 1938 5554 mi
1960 5504 2183 5567 sancte,

536 5603 765 5663 vosque
794 5586 1024 5648 domini
1066 5586 1187 5645 mei
1220 5590 1399 5660 atque
1438 5587 1917 5661 consacerdotes,
1949 5586 2183 5660 magnis

2296 4879 2389 4926 τοῦ
2429 4872 2839 4942 Θεσσαλονίκης,
2893 4875 3029 4936 ὁπως
3085 4875 3198 4946 ἔχει
3231 4877 3322 4925 καὶ
3377 4873 3519 4934 οὗτος
3574 4889 3895 4947 φρονηματος

2296 4966 2415 5037 περὶ
2452 4964 2638 5015 τούτου
2688 4959 3090 5034 διερὼτὼμενος,
3150 4962 3192 5015 εὶ
3242 4967 3332 5015 καὶ
3384 4960 3676 5036 ἀπορητῶς,
3708 4960 3891 5031 ἔφησε,

2296 5057 2413 5125 περὶ
2442 5054 2627 5105 τούτου
2687 5048 2908 5105 διέκειτο
2964 5055 3229 5127 πρότερον,
3291 5050 3418 5103 ἀλλά
3475 5054 3531 5103 τό
3579 5048 3679 5102 ἀπὸ
3736 5045 3896 5102 τοῦδε

2298 5145 2368 5214 μὴ
2412 5139 2706 5195 ἀντιτείνειν
2732 5138 2860 5214 μηδ’
2886 5140 3013 5205 ὅλως
3039 5147 3166 5212 τοῖς,
3188 5138 3409 5204 δόξασιν
3434 5137 3540 5199 ἤδη
3581 5135 3895 5210 συνοδικῶς,

2298 5229 2513 5283 ἒπεσθαι
2545 5228 2604 5284 δὲ
2631 5234 2835 5291 τούτοις
2863 5235 2954 5283 καὶ
2989 5231 3142 5291 αύτὸς
3179 5232 3493 5285 κατετιθετο.

2366 5318 2430 5372 Ὀ
2486 5324 2660 5392 μέντοι
2707 5319 3029 5396 Δυρραχίου,
3070 5322 3157 5373 τόν
3197 5324 3383 5373 οίκιίον
3434 5322 3627 5373 σκοπόν
3666 5323 3756 5372 καὶ
3811 5318 3898 5370 οὗ·

2294 5427 2382 5471 τος
2438 5414 2595 5462 εἰπεῖν
2669 5411 3067 5481 ἀπαιτούμενος,
3127 5417 3312 5483 πρῶτα
3367 5411 3457 5480 μεν
3531 5414 3741 5481 γνώμην
3811 5402 3898 5461 δέ·

2296 5494 2431 5552 δωκε
2467 5501 2604 5551 κατά
2661 5499 2809 5573 ῥῆμα
2870 5496 3034 5551 ταῦτα
3101 5494 3587 5569 διαλαμϐάνουσαν.
3660 5498 3898 5550 Δέσποτα

2292 5605 2392 5662 μου
2450 5586 2587 5660 ἅγιε,
2640 5591 2729 5643 καὶ
2774 5583 2918 5661 ὑμεῖς
2966 5582 3223 5642 δεσπόται
3276 5605 3377 5660 μου
3423 5589 3513 5641 καὶ
3568 5584 3900 5660 σῦλλειτονρ-
