2063 3114
133 134 176 162 153
778 133 921 164 THESAU]

975 135 1038 165 LIB.
1060 136 1150 165 XXIV.
1746 140 1797 169 εει

129 198 176 233 γοὶ,
202 196 260 233 περὶ
291 195 410 231 μεγάλων
433 196 594 233 πραγμάτων
619 194 721 234 ῥᾳδίως
745 197 774 224 οὗ
802 196 918 235 δύναμαι

975 207 1028 235 ego
1039 200 1077 228 de
1085 200 1175 228 rebus
1185 200 1267 229 haud
1281 201 1369 230 facile
1381 201 1532 237 judicium
1547 209 1648 230 meum
1663 209 1798 238 pronun-

128 240 315 277 ἀποφαίνεσθαι.
342 241 390 267 Διὰ
412 244 525 274 τοιοῦτο,
560 242 621 278 ὅπερ
650 243 695 268 καὶ
733 241 819 269 ἄλλοτε
852 243 917 269 πολ-

126 285 192 316 λάκις
217 287 280 323 πρὸς
305 287 351 315 τὴν
378 286 501 322 ὑμετέραν
527 284 596 312 εἷπον
629 286 780 322 ἀγιωσύση,
805 290 849 314 καὶ
873 292 917 314 νῦν

127 328 169 356 διὰ
189 334 232 360 τῆς
253 331 391 366 παρούσης
416 330 483 366 λέγω
521 335 624 367 γραφῆς
662 341 721 367 μου.
765 331 842 363 Ἀξιῶ
871 334 917 362 τὴν

127 376 189 411 ,ἱμῶν
211 375 360 411 ἀφιωσύνην
391 373 485 401 δοῦναί
513 384 559 411 μοι
587 374 721 412 ἐγγράφως
734 377 766 403 τὰ
780 378 918 413 κινούμενα

126 420 268 456 ζητήματα,
283 422 329 446 καὶ
350 421 438 449 τίναὴ
464 420 535 457 ὑμῶν
564 420 698 456 ἁγιωσύνῃ
732 424 791 458 περὶ
819 423 916 448 τούτων

126 468 212 500 φρονεῖ,
240 465 274 495 ὡς
308 465 339 490 ἄν
366 464 491 502 ίὰκριϐὢς
514 468 598 491 ταῦτα
625 463 846 502 διασκεψάμενος,
872 469 917 492 καὶ

125 512 174 540 τοῖς
186 512 235 535 τῶν
250 508 331 545 ἁγίων
353 510 521 546 συγκρούσας
544 509 639 545 λόγοις,
672 509 693 536 εἰ
718 512 763 548 μὲν
794 512 917 547 ούμφωνα

124 555 213 585 νοήσω,
236 552 378 583 ἁπὸλήκω
406 553 516 590 ἐμαυτὸν
551 553 672 591 ἀπορίας·
706 556 751 581 καὶ
793 556 917 592 σύμφρων

124 599 273 635 (γινόμενος,
290 598 312 624 εἰ
343 598 392 633 ἔτι)
405 596 536 634 διο-τάξω,
567 598 653 635 ἐρωτῶ
672 599 751 625 πάλιν
777 601 820 625 καὶ
849 610 917 636 μαν-

125 644 195 670 θάνω.
229 642 267 669 οὐ
295 643 346 680 γὰρ
372 642 537 679 αἰσχύνομαι
560 647 648 669 τοῦτο·
682 642 736 670 ἱπεὶ
759 646 804 670 καὶ
832 645 845 670 ὁ
869 648 918 675 τῆς

125 687 247 722 θεολογίας
299 686 433 724 ἓπώνυμος
473 688 486 713 ὁ
528 690 608 724 μέγας
649 690 795 725 Γρηγόρισς
839 688 916 724 λέγει,

126 731 197 758 Βούλο
219 742 266 768 μαι
301 730 349 758 διὰ
374 731 436 768 βίου
462 736 524 763 παῖς
555 731 619 759 εἶναι
647 735 692 760 καὶ
718 734 848 769 μαθητής.
868 736 917 760 Καί

125 786 161 808 τις
173 780 220 802 τῶν
232 776 279 808 ἔξω
297 780 393 812 σοφῶν,
413 776 525 812 Ἀγαθὸν
548 778 598 813 ὅτῳ
613 778 661 804 κάν
690 777 715 803 ἄν
745 780 814 815 γήρᾳ
839 780 918 814 σοφία

126 822 165 847 καὶ
198 823 320 858 φρόνησις
361 823 513 858 πρόσεστιν.
552 821 727 859 Ἐγχωρεῐται
768 824 819 858 γὰρ
853 824 916 859 ἡμῖν

127 866 191 903 παρὰ
227 869 277 891 τῶν
308 865 390 902 ἁγίων
423 868 468 892 καὶ
495 865 546 892 ἀπὸ
570 868 668 892 τούτων
699 866 863 903 ὠφελεῖσθαι.
886 867 915 893 Ἡ
930 875 951 903 Β

128 910 185 946 ἁγία
204 910 291 946 ὔμῶνὴ
317 909 368 946 εὐχ
386 911 506 948 χαρισθῇ
523 910 585 948 μοιῐ
599 911 628 937 '0
653 911 754 942 εὐτελὴς
779 921 916 949 μητροπο-

128 954 194 986 λίτης
206 954 368 992 Δυρραχίου.

166 1138 199 1165 Ως
222 1132 249 1161 δε
278 1136 361 1160 ταῦτα
387 1137 506 1170 περιεῖχε
534 1135 563 1160 τὸ
589 1134 652 1172 παρ’
683 1134 763 1162 αὑτοῦ
777 1133 917 1172 δεδομένον

140 1177 266 1216 δελτάριον,
292 1181 336 1205 καὶ
359 1179 459 1208 ἢκουσε
470 1180 536 1215 μετὰ
562 1180 591 1205 τὸ
626 1178 826 1216 ἀναγνωσθῆναι
854 1181 916 1207 αὐτὸ

146 1222 259 1260 διαρορων
282 1223 420 1260 χρημάτων
444 1227 578 1261 γραφικῶν
607 1223 631 1250 ἐν
658 1228 694 1260 τῷ
720 1226 791 1261 μέσῳ
821 1235 917 1262 προκο-

139 1267 270 1304 μιζομένων
284 1268 317 1298 εἰς
339 1269 530 1305 συγκροτισμὸν
557 1270 602 1295 καὶ
626 1270 794 1305 παράστασιν
823 1269 916 1308 ἐναργῆ

137 1315 178 1338 τοῦ
204 1311 411 1348 οξμφιϐαλλομένου
441 1312 521 1348 αὐτῷ,
562 1316 609 1339 τοῦ
649 1312 788 1351 συνεδρίου
825 1314 919 1341 αὐτίκα

134 1355 268 1390 ἐξαναστὰς,
294 1355 401 1387 ἐπιστὰς
429 1356 473 1384 ἐπὶ
500 1360 547 1384 τοῦ
570 1359 661 1394 μέσον,
682 1358 711 1385 Εἰ
733 1359 823 1395 καιρόν
839 1359 917 1395 ἔφθην

133 1399 310 1432 ἰξαιτήσασθαι
338 1400 514 1437 διασκέψεως,
546 1403 648 1438 ἔφησεν,
677 1401 703 1433 ἔξ
730 1402 764 1428 ὧν
777 1401 885 1439 γνωμοδ
887 1413 916 1429 ο-

131 1449 203 1476 nica;
227 1448 346 1483 γέγραφα
366 1447 410 1473 οἷα
434 1444 634 1483 διιλαινόμενος,
656 1447 698 1473 ἵνα
723 1449 759 1484 μὴ
785 1447 850 1483 λέγω
863 1450 917 1474 .καὶ

130 1490 309 1527 τᾶλαϐοὗμενος,
342 1491 495 1527 ἑτοιμότατοι
514 1494 573 1529 περὶ
612 1494 663 1518 τῶν
690 1493 813 1518 τοιούτων
852 1491 916 1519 ἁπό-

128 1545 205 1572 κρισιν
225 1536 357 1562 τίθεσθαι·
385 1535 450 1562 ἀλλὰ
478 1537 529 1572 γὰρ
551 1538 725 1573 ξπεπεισμνος
760 1536 849 1564 λοιπὸν
875 1537 917 1574 ἀφ’
932 1552 952 1581 C

128 1580 157 1606 ὧν
180 1579 219 1607 ἐπὶ
253 1584 304 1607 τοῦ
339 1581 465 1617 παρόντος
494 1580 596 1610 ἀκήκοα
626 1585 776 1619 μαρτυριῶν
819 1581 917 1609 πολλῶν

127 1629 260 1662 γραφικῶν,
292 1624 407 1660 σκέψεως
437 1627 482 1662 μέν
509 1624 614 1656 ἁπάσης
643 1627 673 1652 τὸ
715 1625 827 1653 Eunaee;
856 1626 918 1663 ἀφί-

127 1677 226 1706 σταμαι·
255 1670 434 1701 κατατίθεμαι
462 1668 492 1697 δε
530 1674 685 1708 συμφρονεῖν
724 1670 766 1697 ἐπὶ
802 1675 834 1707 τῇ
873 1681 920 1698 πα-

125 1715 200 1751 ρούσῃ
214 1714 342 1741 ὑποθέσει
354 1715 422 1741 κατὰ
434 1714 519 1740 πάντα
540 1718 572 1751 τῇ
593 1714 641 1751 ἐμῇ
664 1712 832 1751 ἀδελφότητιο
863 1715 919 1741 ὅθεν

125 1761 164 1785 καὶ
190 1757 310 1795 διατόρῳ
336 1760 449 1795 στόματι
469 1758 638 1797 ἀναχηρύττω
674 1768 702 1785 τε
729 1761 774 1786 καὶ
803 1759 920 1796 ὁμολογῶ

125 1805 247 1830 πιστεύειν
274 1802 379 1833 άληθῶς
399 1804 435 1839 μὴ
455 1806 492 1839 τῷ
516 1805 601 1839 Πατρὶ
624 1804 705 1839 μόνω,
731 1802 795 1830 ἀλλὰ
818 1801 854 1833 δὴ
876 1805 921 1830 καὶ

125 1851 157 1882 τῷ
179 1850 229 1883 Υίῷ
252 1850 304 1874 καὶ
321 1851 358 1873 τῶ
382 1849 500 1884 παναγίᾳ
519 1845 627 1885 Τριάδι,
654 1849 684 1874 τὸ
715 1849 841 1880 ζωοποιὸν
857 1848 922 1885 αζιια

125 1892 165 1918 ιιάὶ
179 1896 254 1928 σῶμα
269 1895 320 1919 τοῦ
330 1896 450 1929 Σωτῆρος
463 1895 582 1928 Χριστοῦ
605 1893 651 1918 καὶ
676 1895 782 1929 πρώτως
808 1892 850 1919 ἐπὶ
875 1896 921 1919 τοῦ

126 1940 278 1963 Asc-zonon
311 1937 412 1967 πάθους
441 1937 658 1973 προσενεχθῆναι,
688 1937 733 1963 καὶ
761 1938 847 1963 ἔκτοτε
878 1938 922 1968 τὰς

125 1983 247 2018 ὁσημραι
258 1981 417 2018 τελουμένας
446 1982 471 2008 εν
495 1984 554 2012 ⁸ταῖς
579 1982 659 2018 ἱεραῖς
687 1981 798 2013 τελεταῖς
825 1992 922 2018 μυστι-

125 2027 167 2057 ιᾶς
202 2026 345 2063 ἁγιστείας
384 2030 415 2063 τῇ
445 2028 647 2063 τρισυποστάτῷ
682 2028 785 2058 πάντως
811 2029 923 2057 Θεότητι

125 2071 189 2108 παρὰ
202 2075 253 2098 τῶν
266 2072 368 2102 ταύτας
380 2071 578 2109 ἱερουργούντων
590 2072 783 2108 προσάγεσθαι·

155 2145 246 2170 Ταῦτα
271 2144 323 2180 μέν
343 2144 389 2169 καὶ
415 2142 429 2168 ό
455 2141 617 2180 Δυρραχίου·
646 2143 680 2174 ὡς
711 2141 741 2169 δὲ
765 2142 836 2179 ζήλῳ
865 2144 924 2180 θείῳ

124 2189 252 2218 καίνηντο
304 2187 450 2223 ξύμπαντες
488 2187 623 2223 ἱερώτατοι
647 2186 780 2225 ἀρχιερεῖς
814 2187 870 2224 ἅμα
891 2192 922 2225 τῇ

972 244 1024 272 tio.
1034 245 1200 279 Idcircirco,
1212 245 1303 274 veluti
1310 246 1417 275 etalias
1425 255 1503 283 saepe
1513 255 1616 275 coram
1624 249 1724 275 vestra
1730 255 1798 275 san-

972 290 1071 318 ctitate
1080 290 1151 322 dixi,
1163 298 1243 318 nunc
1264 291 1352 319 etiam
1366 292 1507 328 praesenti
1529 300 1598 320 meo
1610 292 1720 328 scripto
1736 292 1794 320 aio.

972 335 1056 369 Rogo
1066 334 1203 362 videlicet
1214 336 1403 364 sanctitatem
1418 338 1560 371 vestram,
1582 338 1615 364 ut
1639 336 1712 365 mihi
1732 344 1796 373 per-

972 379 1089 415 scriptae
1103 379 1258 407 tradantur
1266 388 1332 416 quae
1339 388 1419 410 nunc
1429 384 1588 409 moventur
1599 381 1794 415 quaestiones,

972 425 1000 450 et
1014 425 1119 451 vestrae
1133 424 1298 451 sanctitatis
1305 424 1342 452 de
1351 424 1572 460 hisjudicium;
1587 427 1618 452 ut
1628 425 1675 452 his
1690 424 1795 453 sedulo

972 467 1180 502 consideratis,
1197 471 1225 496 et
1245 476 1315 496 cum
1331 471 1503 497 sanctorum
1522 469 1660 498 doctrina
1686 469 1797 505 scripta

971 512 1086 540 collatis
1101 512 1251 548 siquidem
1265 513 1330 541 haec
1340 521 1474 542 consona
1487 521 1649 549 agnovere,
1673 516 1796 542 memet-

971 556 1072 592 ipsum
1084 556 1177 585 dubio
1192 557 1362 593 expediam,
1376 558 1523 595 vobisque
1534 558 1598 587 sine
1609 558 1670 586 ulla
1680 558 1796 587 haesita-

971 602 1051 630 tione
1091 602 1257 631 assentiar:
1293 605 1322 631 et
1348 606 1416 639 post
1463 611 1656 637 consensum,
1696 603 1797 639 siquid

971 646 1093 683 insuper
1101 646 1289 681 dubitavere,
1300 649 1470 676 vositerum
1486 648 1665 683 interrogem
1683 651 1712 676 et
1731 656 1795 677 eru-

971 691 1048 719 diar.
1066 693 1167 728 Neque
1188 692 1268 720 enim
1292 693 1324 720 id
1350 692 1515 725 erubesco;
1544 692 1795 729 quandoquidem

971 744 1101 771 magnus
1116 736 1206 764 etiam
1217 737 1265 765 ille
1280 737 1448 773 Gregorius,
1464 737 1516 774 qui
1531 737 1671 771 Theologi
1682 745 1795 766 nomen

972 781 1092 809 sortitus
1108 783 1163 812 est,
1176 781 1217 809 ait
1237 781 1310 810 velle
1331 790 1385 818 per
1406 782 1580 810 universam
1612 782 1706 809 vitam
1732 784 1796 809 tan-

971 834 1064 862 quam
1078 833 1205 861 pucrum
1221 834 1253 854 se
1276 834 1377 861 gerere
1399 828 1426 854 et
1446 825 1637 862 discipulum.
1663 827 1796 862 itemque

972 879 1008 900 ex
1021 870 1146 900 ethnicis
1160 871 1299 907 quidam:
1310 872 1396 899 Recte
1406 873 1459 904 est,
1467 871 1491 898 si
1503 870 1633 906 cuipiam
1648 869 1695 898 vel
1705 871 1736 898 in
1749 877 1796 898 se-

972 919 1090 945 nectute
1105 917 1253 953 sapientia
1276 924 1311 945 ac
1336 916 1496 952 prudentia
1519 915 1667 950 obtingat.
1698 916 1797 944 Sancti

973 961 1054 990 enim
1063 962 1202 990 homines
1218 961 1256 989 ab
1272 960 1396 989 ethnicis
1411 968 1533 997 quaque
1548 968 1604 988 nos
1623 960 1738 988 discere
1759 960 1797 988 si-

972 1008 1059 1035 nunt.
1075 1007 1190 1035 Sancta!
1200 1008 1303 1035 vestra:
1318 1013 1422 1042 preces
1435 1005 1509 1035 mihi
1536 1004 1674 1034 faveant!
1696 1003 1797 1034 Humi-

972 1050 1008 1080 lis
1017 1051 1208 1088 metropolita
1220 1050 1384 1087 Dyrrachii.

1009 1132 1078 1160 Post
1091 1131 1227 1160 ablatum
1237 1130 1413 1167 hujusmodi
1436 1130 1475 1159 ab
1501 1137 1536 1158 eo
1558 1129 1703 1164 libellum,
1726 1137 1796 1158 cum

972 1185 1008 1205 eo
1023 1176 1099 1205 lecto
1119 1176 1284 1205 audivisset
1294 1175 1411 1204 recitari
1426 1174 1546 1212 publice
1558 1175 1596 1202 de
1613 1174 1731 1211 scriptis
1745 1182 1796 1202 va-

971 1222 1031 1250 rias
1044 1221 1235 1250 auctoritates
1264 1228 1332 1257 quas
1348 1219 1489 1248 favebant
1503 1219 1659 1255 lucideque
1672 1218 1703 1247 id
1729 1225 1798 1246 con-

971 1265 1134 1295 ﬁrmabant
1148 1265 1231 1302 quod
1246 1265 1286 1293 ab
1303 1273 1337 1293 eo
1348 1263 1553 1299 dubitabatur,
1565 1263 1665 1292 statim
1680 1263 1709 1291 in
1723 1270 1796 1292 con-

973 1318 1057 1339 sessu
1070 1317 1198 1345 surgens
1209 1311 1238 1338 et
1249 1309 1281 1337 in
1300 1308 1435 1337 medium
1450 1315 1639 1344 progressus,
1664 1308 1693 1337 Si
1708 1310 1798 1336 antea

972 1354 1251 1392 postulavi,inquit,
1279 1355 1398 1390 tempus
1413 1353 1453 1381 ad
1468 1352 1737 1386 considerandum,
1766 1355 1799 1380 ut

973 1399 1083 1436 scripto
1094 1406 1162 1427 meo
1170 1398 1241 1432 dixi,
1253 1398 1347 1426 timidi
1354 1397 1384 1426 id
1395 1397 1450 1425 fuit
1462 1405 1499 1425 ne
1517 1397 1618 1426 dicam
1627 1396 1799 1433 scrupulosi

973 1444 1076 1477 animi,
1092 1444 1149 1472 hac
1166 1451 1255 1479 super
1266 1451 1298 1471 re
1313 1442 1442 1471 nolentis
1467 1450 1504 1470 ex
1522 1441 1651 1478 abrupto
1675 1448 1798 1477 respon-

972 1489 1053 1517 dere.
1064 1490 1278 1516 Verumtamen
1288 1487 1324 1515 iis
1337 1487 1402 1523 jam
1419 1487 1583 1522 convictus,
1597 1494 1664 1522 quae
1682 1485 1800 1514 recitari

974 1532 1074 1561 audivi
1089 1532 1180 1568 hujus
1195 1531 1347 1568 dogmatis
1374 1531 1561 1566 testimoniis,
1577 1538 1702 1558 omnem
1717 1531 1800 1566 post-

973 1577 1043 1606 hinc
1068 1576 1286 1605 dubitationem
1310 1575 1437 1612 abjicio;
1459 1575 1569 1611 aioque
1601 1582 1650 1602 me
1674 1581 1799 1610 prorsus

973 1622 1162 1650 subscribere
1183 1625 1289 1650 vestrae
1313 1620 1506 1648 fraternitatis
1533 1617 1700 1652 sententiae;
1719 1617 1799 1646 ideo-

972 1675 1032 1705 que
1042 1667 1171 1696 rotundo
1187 1675 1238 1695 ore
1258 1665 1386 1702 praedico
1406 1667 1498 1701 atque
1521 1664 1668 1692 conﬁteor
1686 1663 1799 1690 sincere

973 1720 1022 1740 me
1035 1712 1164 1744 credere,
1178 1711 1262 1748 quod
1272 1718 1335 1739 non
1349 1710 1428 1738 Patri
1452 1709 1517 1742 soli,
1542 1708 1597 1736 sed
1612 1708 1702 1736 etiam
1716 1707 1796 1743 Filio,

973 1757 1087 1793 totique
1102 1756 1299 1784 sanctissimae
1313 1754 1454 1790 Trinitati,
1470 1753 1606 1782 viviﬁcus
1627 1752 1751 1787 sanguis
1771 1753 1800 1780 et

975 1810 1084 1838 corpus
1100 1801 1263 1830 Servatoris
1282 1800 1398 1834 Christi,
1411 1801 1439 1827 et
1449 1801 1519 1827 tunc
1535 1798 1667 1835 primum
1691 1798 1722 1825 in
1745 1796 1798 1824 Do-

974 1846 1086 1874 minica
1106 1845 1251 1882 passione
1279 1844 1415 1873 oblatum
1453 1843 1555 1872 fuerit:
1602 1844 1632 1871 et
1657 1842 1800 1876 deinceps

975 1891 1180 1928 quotidianas,
1187 1898 1256 1927 quae
1269 1890 1346 1918 ﬁunt
1356 1890 1386 1917 in
1395 1889 1488 1917 sacris
1496 1888 1647 1924 mysteriis
1657 1886 1801 1922 mysticus

976 1936 1152 1969 oblationes,
1168 1935 1273 1963 Deitati
1292 1934 1322 1962 in
1337 1934 1433 1962 tribus
1456 1932 1594 1969 personis
1610 1930 1798 1963 subsistenti,

976 1980 1015 2009 ab
1030 1979 1066 2008 iis
1074 1979 1125 2016 qui
1139 1978 1231 2008 sacris
1245 1980 1410 2015 operantur
1421 1976 1531 2005 offerri.

1013 2141 1162 2169 Hactenus
1186 2137 1419 2175 Dyrrachiensis.
1453 2138 1534 2165 Tunc
1572 2143 1642 2164 vero
1669 2134 1803 2163 universi

979 2184 1174 2213 sacratissimi
1195 2182 1352 2217 antistites,
1377 2181 1561 2216 suffragante
1588 2187 1657 2208 mea
1680 2186 1802 2216 quoque

125 2232 192 2269 ἦμῶν
216 2232 415 2269 συμπνευσάση
452 2232 612 2268 μετριότητι,
642 2234 687 2258 καὶ
717 2236 754 2267 τῷ
780 2224 921 2269 προδιαλην-

979 2229 1193 2261 mediocritate,
1203 2227 1417 2264 {praedictoque
1440 2225 1631 2255 sanctissimo
1660 2224 1800 2252 Hieroso-

126 2279 207 2313 τθέντι
221 2277 368 2314 ἁγιωτάτῳ
388 2277 543 2314 πατριάρχῃ
570 2276 764 2314 Ἰεροσολύμων,
792 2279 853 2309 τοὺς
880 2282 925 2309 τῆς

126 2320 267 2353 κιαοδόξου
306 2322 402 2352 ταύτης
439 2321 579 2358 θρησκείας
610 2323 776 2358 γεννήτορας,
804 2321 826 2348 εἶ
859 2332 926 2354 τινες

126 2367 152 2392 ἄν
174 2369 219 2393 καὶ
244 2365 309 2401 εἶεν,
335 2364 356 2392 εἰ
384 2365 429 2400 μὲν
453 2364 581 2401 ἐμμένόιεν
614 2368 645 2401 τῇ
679 2367 788 2402 σφετέρᾳ
820 2368 864 2392 καὶ
889 2367 925 2393 ἔτι

127 2411 229 2448 αἱρέσει,
282 2409 430 2445 ἁναθέματι
486 2409 696 2446 καθυπέγραφον·
739 2414 925 2446 μετανοοῦντας

127 2453 152 2481 «te
171 2455 219 2482 οὐκ
242 2454 330 2484 ἄλλως
343 2451 477 2490 ἐδέχοντο,
494 2455 509 2483 ἦ
529 2455 615 2485 καθὼς
630 2453 654 2480 οἳ
666 2463 693 2480 τε
705 2455 767 2480 θεῖοι
791 2457 835 2481 καί
862 2456 925 2492 ἱεροί

127 2502 224 2531 traces;
265 2500 304 2525 τὰ
332 2500 392 2535 περί
420 2499 517 2524 τούτων
557 2495 760 2534 διακελεύονται,
800 2502 845 2526 καί
876 2504 925 2526 τῶν

127 2546 242 2582 Πατέρων
271 2544 304 2570 αἱ
326 2540 498 2580 παραδόσεις·
521 2546 605 2569 ταῦτα
637 2543 848 2580 παρεκϐληθέντα
875 2549 924 2570 τῶν

127 2590 251 2627 ἡμετέρων
280 2586 436 2624 σχεδαρίων
466 2591 517 2613 τῶν
554 2585 699 2614 σννοδικῶν
736 2591 923 2625 παρασημειώ-

128 2643 195 2668 σίων,
223 2635 273 2659 καί
299 2636 330 2668 τῇ
357 2632 494 2668 ὑπογραφῇ
517 2634 563 2658 καί
592 2630 720 2669 σφραγῖδι
749 2632 925 2670 βεϐαιωθέντα

127 2678 241 2705 Ἰωάννου
292 2677 491 2713 θοεφιλεστάτου
531 2677 730 2714 χαρτοφύλακος
771 2682 818 2705 τοῦ
859 2683 926 2706 Παν-

127 2727 242 2759 τιχνοῦς,
274 2720 388 2750 ἐπεδόθη
417 2723 481 2757 μηνί
504 2724 548 2748 καί
581 2720 723 2748 ἶνικδτιῶνι
746 2726 804 2754 τοῖς
833 2733 927 2760 προγε-

126 2769 298 2805 γραμμένοις,
323 2767 374 2793 Em
402 2765 512 2803 ,cXEA"
540 2767 555 2796 ἠ
592 2767 741 2805 ὑπογραφή-
780 2768 793 2794 ὁ
827 2777 927 2806 χαρτοη

127 2810 206 2850 φύλαξ
221 2809 347 2842 ἰωᾶννης
358 2812 493 2848 Παντεχνή
501 2820 521 2843 ς.

978 2275 1132 2311 lymorum
1147 2272 1327 2310 patriarcha,
1338 2272 1439 2299 divino
1454 2271 1516 2299 zelo
1532 2269 1758 2302 commotisunt,
1771 2269 1803 2296 ut

979 2320 1093 2347 insanae
1110 2318 1201 2353 hujus
1227 2317 1370 2345 doctrinae
1389 2318 1537 2349 auctores,
1563 2314 1587 2342 si
1612 2313 1665 2350 qui
1691 2314 1801 2347 essent,

980 2366 1071 2401 atque
1081 2364 1112 2391 in
1128 2370 1183 2391 sua
1196 2362 1296 2390 adhuc
1310 2361 1417 2389 haeresi
1432 2360 1668 2397 perseverarent,
1680 2357 1804 2386 anathe-

979 2409 1053 2438 mati
1067 2408 1249 2443 subjicerent
1260 2415 1267 2434 :
1277 2405 1361 2442 quod
1372 2406 1396 2433 si
1407 2405 1482 2433 forte
1497 2404 1717 2440 resipiscerent,
1741 2409 1804 2429 non

980 2454 1065 2482 aliter
1079 2461 1128 2481 eos
1139 2459 1204 2480 esse
1217 2450 1405 2487 recipiendos
1429 2457 1523 2486 quam
1552 2447 1643 2476 divini
1664 2446 1803 2482 sacrique

980 2505 1111 2527 canones
1131 2498 1311 2532 Patrumque
1333 2494 1509 2522 traditiones
1530 2493 1647 2528 jubent.
1676 2493 1741 2519 Hmc
1769 2498 1807 2518 ex

980 2540 1209 2571 Commentariis
1232 2542 1371 2567 Actorum
1401 2538 1618 2575 synodicorum
1656 2537 1808 2571 excerpta.

979 2586 1199 2622 subscriptione
1218 2587 1247 2613 et
1273 2583 1369 2620 sigillo
1394 2582 1518 2611 Joannis
1544 2582 1604 2610 Deo
1633 2579 1809 2622 charissimi

979 2630 1221 2667 chartophylacis
1254 2628 1433 2657 Pantechnis
1470 2627 1601 2662 ﬁrmata,
1628 2627 1708 2655 edita
1738 2624 1812 2654 sunt

979 2684 1083 2707 mense
1099 2678 1127 2704 et
1151 2674 1314 2704 indictione
1339 2672 1499 2710 praedictis,
1523 2680 1604 2701 anno
1629 2672 1712 2701 νιΜο
1738 2672 1805 2700 XlV.

981 2721 1098 2758 (Christi
1114 2720 1205 2755 1156.)
1232 2719 1436 2755 Subscriptio:
1465 2719 1596 2747 Joannes
1621 2717 1804 2745 Pantechnes

981 2764 1208 2802 chartophylax.
1430 2763 1431 2767 “
