4126 6228
554 280 658 339 159

554 406 719 465 illam
745 408 802 462 et
845 406 1252 479 incorruptam
1282 407 1563 461 naturam
1594 403 1866 480 proxime
1898 403 2203 471 accedere,

553 499 696 552 tunc
732 495 1017 570 praeclare
1046 494 1648 567 intelliget,quantum
1672 493 2205 550 sacerdotibusho-

554 600 765 641 norem
780 585 967 641 sancti
983 584 1229 657 Spiritus
1243 582 1655 654 gratialargita
1668 583 1757 638 sit.
1768 583 2032 639 Perhanc
2046 582 2205 637 enim

555 673 753 730 ethaac
783 678 839 730 et
867 674 982 730 alia
1000 672 1181 730 etiam
1199 673 1292 728 his
1312 671 1479 728 haud
1504 671 1785 728 inferiora
1815 672 2175 728 efﬁciuntur.

1900 276 2171 337 NICETIE
2202 277 2569 337 CHONIATE

3813 286 3917 343 160

2321 422 2435 473 σαν,
2480 403 2619 476 εἰμή
2666 402 2827 462 πολλὴ
2876 411 2965 465 τῆς
3014 410 3103 459 τοῦ
3154 410 3287 458 Θεοῦ
3333 406 3558 481 χάριτος
3584 403 3645 466 ἧν
3700 408 3729 467 ἡ
3783 407 3916 481 βοὴ-

2318 495 2464 562 θεια;
2536 494 2596 546 Εἰ
2635 496 2735 571 γάρ
2788 514 2863 556 τις
2929 492 3206 552 ἐννοήσειεν
3266 495 3387 547 ὅσον
3445 494 3585 549 ἐστὶν
3647 498 3920 571 ἄνθρωπον

2315 585 2437 636 ὄντα
2500 587 2589 635 καὶ
2647 585 2721 635 ἔτι
2784 588 2942 658 σαρκὶ
3015 588 3104 637 καὶ
3164 584 3350 657 αἵματι
3413 584 3755 658 πεπλεγμένον
3819 596 3921 652 τῆς

2313 676 2575 745 μακαρίας
2631 676 2720 724 καὶ
2774 671 3037 746 ἀκηράτου
3094 675 3290 748 φύσεως
3338 672 3533 737 ἐκείνης
3599 673 3753 748 ἐγγὺς
3814 673 3921 731 δυ..

553 765 774 821 νηθῆναι
802 764 1037 834 γενέσθαι
1065 806 1079 830 ,
1120 765 1232 815 τότε
1262 765 1454 816 εἵσεται
1476 761 1639 824 καλῶς
1668 761 1792 823 ὃσης
1821 766 1937 822 τούς
1974 764 2123 835 ἱερεῖς
2148 767 2306 832 τιμῆς
2336 763 2365 820 ἡ
2398 768 2488 815 τοῦ
2514 761 2665 834 ἁγίου
2690 765 2988 835 Πνεύματος
3016 762 3210 827 ἠξίωσε
3240 765 3408 837 χάρις
3432 780 3444 793 ·
3483 759 3557 817 δι’
3588 763 3787 829 ἐκείνης
3814 769 3922 839 γὰρ

555 856 645 906 καὶ
676 860 843 905 ταῦτα
860 852 1174 920 τελειοῦται,
1206 856 1295 904 καὶ
1329 851 1488 927 ἓτῆρα
1518 855 1708 905 τούτων
1748 848 1897 904 οὐδὲν
1938 846 2246 906 ἀποδέοντα.

766 986 1051 1057 Ejusdem
1078 1002 1154 1044 ea:
1176 991 1341 1045 sexto
1367 987 1440 1044 de
1467 985 1793 1044 sacerdotio
1822 985 1992 1042 libro.

629 1193 777 1248 Cum
807 1195 1010 1248 autem
1075 1194 1130 1248 et
1187 1195 1463 1249 sanctum
1526 1190 1809 1263 Spiritum
1867 1191 2122 1258 invocat,
2155 1194 2211 1248 et

556 1279 936 1337 tremendum
1005 1280 1363 1353 mysterium
1416 1278 1662 1353 perﬁcit,
1717 1282 1774 1336 et
1822 1294 2208 1335 communem

559 1369 844 1425 continuo
897 1369 1222 1425 Dominum
1280 1370 1611 1440 contigerit,
1656 1368 1929 1442 quidam,
1960 1384 2087 1432 oro,
2136 1366 2211 1424 de

560 1458 872 1515 sacerdote
908 1458 1435 1515 existimabimus?
1472 1464 1767 1531 quantam
1793 1458 1854 1513 in
1886 1473 1957 1513 eo
1987 1456 2211 1530 purita-

557 1550 699 1610 tem,
730 1551 1023 1620 quantam
1071 1548 1353 1619 pietatem
1414 1548 1725 1617 exigemus
1750 1550 1778 1603 ?
1803 1546 2006 1616 Cogita
2052 1545 2211 1602 enim

559 1635 769 1709 quales
802 1651 932 1692 esse
982 1636 1261 1705 debeant,
1285 1652 1423 1709 quas
1470 1636 1609 1693 talia
1654 1640 1912 1692 tractant
1954 1649 2210 1699 manus;

558 1724 756 1798 qualis
821 1725 1048 1796 lingua,
1097 1740 1234 1799 quas
1284 1724 1387 1782 illa
1441 1724 1628 1781 verba
1663 1724 1952 1789 effundit;
2001 1721 2214 1796 quidni

559 1813 888 1886 purissima
916 1818 973 1871 et
1002 1815 1378 1871 sanctissima
1403 1814 1628 1880 anima,
1655 1829 1791 1887 qua:
1822 1817 2057 1871 tantum
2085 1812 2214 1885 Spi-

560 1902 740 1958 ritum
805 1902 1230 1975 recipit.1‘unc
1284 1907 1341 1959 et
1371 1901 1569 1975 angeli
1636 1901 1931 1958 sacerdoti
1996 1906 2213 1965 astant,

562 1996 619 2048 et
644 1990 987 2048 cmlestibus
1024 1991 1342 2049 virtutibus
1372 1996 1564 2049 totum
1604 1990 2009 2048 sanctuarinm
2036 1994 2215 2064 atque

562 2079 760 2136 omnis
788 2079 946 2136 circa
981 2080 1164 2137 altare
1210 2079 1379 2137 locus
1410 2079 1712 2153 impletur,
1743 2079 1823 2135 ob
1853 2095 1993 2136 eum
2022 2079 2215 2136 hono-

561 2169 820 2227 randum
843 2170 945 2243 qui
983 2170 1099 2226 illic
1130 2171 1309 2241 jacet.
1342 2170 1513 2237 Quod
1552 2168 1797 2243 quidem
1842 2167 2012 2225 facile
2042 2168 2217 2224 nobis

560 2260 924 2332 persuadere
954 2265 1149 2332 potest
1172 2260 1305 2333 ipsa
1329 2260 1915 2332 mysteriorum,quaz
1943 2259 2025 2314 ibi
2047 2257 2215 2325 fiunt,

563 2348 846 2419 dignitas.
877 2352 997 2419 Ego
1027 2365 1167 2405 vero
1192 2350 1371 2405 etiam
1401 2349 1733 2422 quemdam
1759 2353 2103 2404 narrantem
2119 2363 2220 2403 au-

563 2438 690 2493 dire
743 2439 1012 2505 memini,
1036 2454 1097 2494 se
1126 2456 1162 2495 a
1193 2454 1336 2495 sene
1363 2439 1489 2495 viro
1521 2438 1878 2501 admirabili,
1912 2442 1969 2494 et
1995 2437 2219 2494 revela-

563 2527 753 2583 tiones
791 2527 989 2585 videre
1037 2528 1211 2585 solito
1241 2528 1618 2598 intellexisse,
1646 2528 1812 2601 quod
1851 2529 1900 2584 is
1934 2528 2217 2583 nimirum

562 2615 811 2672 visionis
846 2616 1192 2688 hujusmodi
1233 2616 1526 2673 beneficio
1555 2617 1767 2673 fruitus
1810 2622 1988 2687 esset,
2020 2620 2085 2672 ut
2114 2631 2219 2689 per

562 2705 709 2762 illud
740 2713 978 2779 tempus
1022 2706 1465 2763 multitudinem
1522 2707 1875 2777 angelorum
1900 2706 2213 2778 aspiceret,

562 2800 859 2867 quantum
890 2795 1118 2851 homini
1158 2796 1376 2862 liceret,
1408 2796 1675 2851 vestibus
1717 2795 1991 2852 indutam
2018 2794 2215 2867 splen-

562 2883 739 2951 didis,
770 2885 928 2941 circa
956 2884 1140 2941 altare
1170 2884 1473 2951 diffusam,
1506 2884 1780 2940 demissis
1814 2884 1981 2940 humi
2003 2883 2211 2952 oculis,

564 2988 674 3028 ceu
722 2972 937 3029 milites
985 2972 1183 3029 videre
1228 2978 1314 3030 est
1350 2975 1452 3046 qui
1497 2974 1621 3043 regi
1668 2974 1947 3045 praesenti
1983 2977 2203 3030 astant.

566 3059 672 3116 Cui
694 3076 940 3133 prorsus
961 3075 1073 3131 ego
1099 3062 1425 3117 narrationi
1450 3061 1758 3117 assentior.

795 3167 1076 3237 Ejusdem
1103 3185 1179 3225 ex
1210 3168 1363 3225 libro
1399 3169 1685 3225 adversus
1717 3168 1977 3225 Juda’os.

639 3274 1003 3330 Portendens
1036 3277 1188 3330 Deus
1242 3274 1449 3346 legalis
1501 3274 1815 3331 sacerdotii
1873 3274 2215 3331 dissolutio-

546 3376 723 3432 nem,
750 3364 830 3418 ait
855 3379 961 3435 per
985 3364 1270 3420 Davidem
1307 3382 1318 3419 :
1356 3367 1441 3420 Tu
1471 3380 1528 3421 es
1554 3365 1828 3420 sacerdos
1847 3364 1904 3418 in
1925 3371 2216 3420 (elernmn

565 3453 887 3509 secundum
905 3453 1170 3510 ordinem
1199 3453 1591 3511 Melchisedec
1616 3453 1798 3525 '3,qui
1828 3468 2216 3525 nequaquam

566 3540 787 3608 legales
815 3541 1090 3596 victimas
1117 3542 1539 3609 ot’t‘crebat,sed
1567 3557 1774 3614 preces
1798 3556 2140 3613 panemque
2164 3546 2220 3598 et

568 3629 794 3693 vinum,
829 3634 893 3684 ut
921 3646 1091 3686 sacra
1120 3631 1367 3686 historia
1396 3630 1592 3687 tradit.
1628 3634 1872 3686 Constat
1917 3638 2116 3686 autem
2139 3632 2218 3686 le-

570 3715 766 3786 galem
792 3733 1035 3789 quoque
1073 3719 1338 3791 politiam
1364 3718 1540 3775 simul
1564 3735 1703 3775 cum
1753 3719 2005 3774 Aaronis
2032 3735 2220 3774 sacer-

572 3802 736 3861 dotio
759 3821 1046 3873 cessasse,
1072 3807 1475 3864 Melchisedeci
1496 3824 1635 3863 vero
1666 3806 2065 3864 sacerdotium
2079 3824 2216 3864 cum

572 3895 961 3951 conveniente
989 3895 1103 3952 sibi
1131 3895 1335 3968 politia
1369 3896 1747 3953 successisse.

571 4006 858 4077 Ejusdem
899 4022 974 4064 ex
1015 4008 1510 4079 interpretatione
1544 4008 1869 4078 Evangelii
1892 4007 2219 4064 secundum

1208 4096 1580 4153 Matthaeum.

646 4208 713 4261 Et
742 4205 911 4261 sicuti
953 4204 1150 4277 prisca
1193 4203 1288 4260 lex
1318 4219 1460 4261 oves
1489 4203 1827 4277 vitulosque
1879 4201 2108 4271 habuit,
2140 4202 2221 4260 ita

570 4295 702 4352 haec
740 4309 899 4349 nova
924 4294 1301 4349 Dominicum
1329 4294 1718 4362 sanguinem:
1755 4295 1881 4349 Hoc
1906 4293 2112 4362 facile,
2133 4292 2217 4348 in-

572 4384 718 4452 quit,
748 4385 811 4437 in
850 4397 1038 4438 meam
1066 4384 1762 4439 commemorationem“.
1812 4381 1996 4437 Viden
2031 4388 2094 4437 ut
2118 4382 2221 4438 ab-

575 4473 739 4529 ducit
764 4487 797 4526 a
829 4470 1095 4526 Judaicis
1146 4471 1357 4527 ritibus
1397 4476 1451 4527 et
1492 4471 1784 4528 abstrahit
1814 4472 1840 4527 ?
1868 4472 2028 4527 Sicut
2074 4472 2222 4529 illud

572 4560 905 4629 faciebatis,
971 4560 1181 4633 inquit,
1217 4558 1296 4616 ob
1329 4560 1968 4617 commemorationem
2006 4565 2218 4634 Egyp-

574 4652 865 4709 tiacorum
904 4649 1357 4717 miraculorum,
1386 4650 1468 4705 ita
1494 4650 1691 4707 ethoc
1737 4650 1948 4723 inquit,
1995 4651 2072 4707 ob
2099 4667 2220 4707 me-

575 4742 831 4798 moriam
863 4740 1001 4796 mei.
1042 4739 1191 4795 Illud
1230 4739 1307 4795 ob
1356 4739 1893 4811 primogenitorum
1962 4739 2219 4796 salutem

572 4832 831 4889 effusum
860 4831 987 4899 fuit,
1019 4831 1132 4886 hoc
1156 4830 1216 4885 in
1247 4830 1659 4886 remissionem
1687 4835 2069 4901 peccatorum
2090 4831 2219 4886 uni-

573 4922 723 4977 versi
741 4921 927 4977 orbis.
956 4919 1107 4987 Quid
1136 4935 1279 4991 ergo
1300 4919 1327 4973 ?
1349 4922 1498 4975 Num
1517 4918 1696 4975 etiam
1716 4918 2033 4990 antiquum
2051 4918 2213 4989 illud,

574 5010 673 5076 ait,
716 5009 1077 5064 sacrificium
1134 5010 1275 5066 est?
1322 5013 1480 5077 Nego
1532 5007 1855 5064 enimvero.
1903 5008 2221 5080 Propterea

575 5099 735 5153 enim
757 5098 905 5154 dixit
938 5100 1062 5153 Hoc
1082 5098 1286 5169 facite,
1315 5102 1381 5153 ut
1421 5098 1498 5153 ab
1535 5097 1637 5153 illo
1666 5096 2218 5153 abstraheret.Nam

576 5187 626 5243 si
673 5187 789 5242 hoc
826 5186 1241 5242 remissionem
1310 5190 1711 5259 peccatorum,
1744 5189 1811 5241 ut
1868 5200 2079 5259 reapse
2132 5186 2218 5254 fit,

574 5279 877 5350 operatur,
910 5281 1183 5348 superest
1207 5280 1272 5331 ut
1300 5275 1441 5332 illud
1464 5275 1594 5347 jam
1617 5275 1690 5332 sit
1709 5275 1935 5331 inutile.

650 5431 697 5466 ¹⁸
736 5428 889 5486 Psal.
925 5444 1036 5485 crx.
1059 5432 1111 5483 4.
1155 5430 1199 5463 ¹¹ο
1231 5428 1369 5497 Luc,
1403 5444 1536 5496 χχιι,
1567 5429 1651 5483 19.

650 5585 726 5659 (ο)
762 5582 912 5651 Edit,
934 5596 998 5657 p.
1026 5583 1152 5640 m.

2526 990 2628 1038 Τοῦ
2672 984 2833 1038 αὐτοῦ
2862 984 2919 1038 ἐκ
2948 992 3040 1039 τοῦ
3071 985 3218 1038 ἕκτου
3259 990 3377 1060 περὶ
3420 987 3703 1059 ἱερωσύνης

2978 1074 3132 1146 λόγου

2386 1188 2546 1242 Ὀταν
2595 1185 2653 1242 δε
2691 1194 2781 1243 καὶ
2837 1193 2893 1243 τὸ
2956 1198 3164 1263 ΙΙνευμα
3200 1193 3259 1243 τὸ
3293 1190 3442 1264 ἅγιον
3507 1191 3663 1266 καλῇ,
3693 1198 3783 1246 καὶ
3826 1198 3926 1253 τὴν

2318 1274 2745 1353 φρικωδεστάτην
2830 1276 3032 1351 ἐπιτελῇ
3109 1281 3335 1345 θυσίαν,
3403 1285 3493 1334 καὶ
3575 1288 3667 1333 τοῦ
3745 1290 3927 1335 κοινοῦ

2317 1369 2520 1421 πάντων
2572 1376 2805 1440 συνεχῶς
2861 1368 3152 1441 ἐφάπτηται
3208 1373 3633 1438 Acan-6102;ng
3679 1372 3925 1445 τάξομεν,

2319 1457 2427 1510 εἰπε
2478 1473 2600 1530 μοι;
2631 1461 2808 1515 Πόσην
2840 1454 2899 1510 δὴ
2957 1458 3112 1511 αὐτὸν
3156 1457 3512 1532 ἀπαιτήσομεν
3566 1462 3927 1535 καθαρότητα,

2318 1550 2408 1599 καὶ
2469 1551 2638 1604 πόσην
2714 1545 2977 1599 εὐλάϐειαν
3011 1564 3028 1614 ;
3067 1548 3344 1606 Ἐννόησον
3399 1552 3498 1625 γὰρ
3573 1550 3756 1611 ὁποίας
3828 1553 3931 1613 τὰς

2320 1643 2483 1688 ταῦτα
2531 1632 2930 1709 διακονουμένας
2967 1643 3154 1708 χεῖρας
3215 1634 3343 1690 εἶναι
3394 1642 3504 1711 χρὴ
3537 1651 3555 1670 ³
3599 1640 3780 1691 όποίαν
3826 1643 3929 1698 τὴν

2318 1725 2563 1797 γλῶσσαν
2630 1729 2723 1784 τὴν
2772 1724 2939 1778 ἐκεῖνα
2986 1729 3321 1799 προχέουσαν
3368 1728 3434 1779 τά
3486 1727 3703 1802 ῥήματα
3733 1742 3750 1758 ⁸
3780 1733 3929 1792 τίνος

2322 1810 2381 1867 δε
2445 1813 2505 1867 ού
2564 1815 2929 1890 καθαρωτέραν
2990 1819 3082 1867 καὶ
3144 1815 3429 1888 ἁγιωτίραν
3501 1821 3597 1876 τὴν
3669 1825 3928 1871 τοσούτου

2318 1910 2519 1975 πνεῦμα
2591 1900 2972 1977 ύποδεξομίνην
3043 1903 3225 1977 ψυχήν
3275 1946 3288 1960 .
3348 1909 3471 1959 Τότε
3543 1910 3634 1959 καὶ
3708 1905 3927 1978 ἄγγελοι

2320 1996 2689 2067 παρεστήκασι
2726 1999 2798 2063 τῷ
2859 1995 3001 2066 ἱερεῖ,
3032 1998 3120 2046 καὶ
3159 1993 3408 2068 οὐρανίων
3460 1991 3730 2067 δυνάμεων
3783 1995 3929 2048 ἅπαν

2323 2085 2379 2134 τὸ
2418 2079 2588 2155 βῆμα,
2620 2085 2709 2133 καὶ
2738 2082 2763 2133 ὀ
2794 2086 2911 2155 περὶ
2976 2085 3035 2134 τό
3083 2084 3461 2157 θυσιαστήριον
3510 2082 3803 2159 πληροῦται
3841 2088 3930 2139 τό·

2323 2189 2414 2231 πος
2445 2169 2510 2232 εἰς
2561 2175 2718 2244 τιμὴν
2759 2178 2850 2223 τοῦ
2889 2175 3123 2243 κειμένου
3167 2210 3179 2223 .
3217 2177 3316 2225 Καὶ
3380 2180 3532 2226 τοῦτο
3598 2176 3771 2226 ἱκανόν
3834 2177 3927 2247 μὲν

2323 2261 2602 2318 πεισθῆναι
2675 2263 2763 2311 καὶ
2817 2256 2867 2322 ἐξ
2931 2259 3099 2311 αὐτῶν
3172 2269 3270 2313 τῶν
3325 2260 3723 2335 ἐπιτελουμένων
3779 2267 3919 2315 τότε·

2326 2345 2425 2418 ἕ*κὼ
2499 2343 2559 2400 δὲ
2622 2351 2713 2398 καὶ
2777 2366 2909 2408 τινος
2974 2351 3180 2406 ἤκουσα
3254 2345 3603 2421 διηγουμένου
3660 2353 3785 2402 ποτε
3848 2350 3929 2402 ὁτι

2326 2436 2466 2507 αύτῷ
2522 2455 2598 2497 τις
2651 2434 2948 2508 πρεσϐύτης
2997 2438 3294 2509 θαυμαστὸς
3334 2436 3460 2510 ἀνὴρ
3514 2444 3605 2490 καὶ
3665 2437 3929 2491 ἀποκαλύ-

2324 2526 2441 2598 ψεις
2496 2528 2619 2601 όρᾷν
2685 2527 2870 2588 εἰωθὼς
2917 2526 3079 2599 ἔλεγεν
3145 2528 3311 2599 ὄψεως
3366 2529 3625 2593 ἠξιῶσθαι
3672 2533 3919 2592 τοιαύτης

2322 2618 2466 2681 ποτε,
2494 2620 2584 2667 καὶ
2626 2618 2762 2668 κατὰ
2817 2619 2903 2668 τὸν
2941 2620 3123 2690 καιρόν
3176 2615 3362 2670 ἐκεῖνον
3413 2620 3555 2691 ἄφνω
3597 2618 3790 2680 πλῆθος
3819 2618 3917 2690 ἁγ-

2321 2705 2480 2778 γέλων
2540 2701 2689 2770 ἰδεῖν,
2714 2707 2783 2766 ὡς
2843 2704 2980 2776 αύτῷ
3025 2701 3245 2758 δυνατόν
3294 2703 3375 2773 ἦν,
3418 2706 3602 2769 στολάς
3639 2706 3919 2765 ἀναϐεϐληο

2323 2798 2482 2867 μένων
2543 2793 2817 2868 λαμπρὰς,
2876 2799 2966 2846 καὶ
3033 2798 3091 2846 τὸ
3142 2796 3521 2870 θυσιαστήριον
3575 2796 3921 2867 κυκλούντων,

2323 2889 2412 2936 καὶ
2442 2884 2582 2935 κάτω
2620 2888 2863 2935 νευόντων
2886 2927 2901 2953 ,
2927 2886 2995 2945 ὡς
3026 2885 3086 2935 ἄν
3126 2886 3169 2936 εἰ
3195 2904 3274 2945 τις
3306 2891 3632 2960 στρατιώτας
3662 2885 3925 2959 βασιλέως

2323 2977 2574 3049 παρόντος
2599 2971 2884 3034 ἑστηκότας
2914 2969 3023 3025 ἴδοι
3053 2990 3067 3004 ο
3095 2971 3119 3024 ὃ
3146 2971 3242 3044 ἐγω
3274 2976 3537 3047 πείθομαι.

2458 3173 2561 3220 Τοῦ
2590 3165 2751 3219 αὐτοῦ
2790 3164 2844 3218 ἐκ
2874 3174 2963 3227 τῆς
2987 3169 3121 3219 κατά
3152 3164 3419 3221 Ἰουδαίων
3452 3167 3637 3241 βίϐλου
3661 3169 3797 3239 HO).

2400 3277 2716 3347 ῐῐρομηνύων
2764 3274 2790 3325 ὁ
2865 3277 2990 3335 Θεὸς
3062 3278 3152 3333 τὴν
3218 3275 3500 3328 κατάλυσιν
3556 3285 3647 3337 τῆς
3708 3284 3926 3349 νομικῆς

2332 3367 2644 3439 ἱερωσύνης,
2691 3365 2861 3435 εἴρηκε
2904 3359 2998 3415 διὰ
3034 3370 3126 3416 τοῦ
3170 3360 3336 3416 Δαϐίδ
3368 3382 3380 3395 ο
3428 3369 3495 3417 Σὺ
3554 3362 3601 3418 εἷ
3640 3369 3799 3440 ἵερεὺς
3856 3366 3924 3425 εἰς

2329 3458 2415 3506 τόν
2491 3452 2652 3504 αἰῶνα
2725 3454 2858 3503 κατὰ
2928 3456 3021 3510 τὴν
3087 3452 3231 3515 τάξιν
3305 3451 3657 3526 Μελχισεδὲκ,
3737 3456 3794 3515 ὃς
3866 3453 3924 3506 ού

2333 3546 2521 3603 θυσίας
2584 3543 2801 3613 νομικὰς
2865 3542 3085 3613 ἰέρευεν,
3119 3540 3228 3592 ἀλλ’
3258 3542 3420 3613 εὐχὰς
3485 3548 3574 3595 καὶ
3626 3545 3783 3611 οἶρτον
3835 3547 3925 3595 καὶ

2330 3632 2463 3684 οἶνον
2492 3675 2505 3699 ,
2538 3633 2604 3692 ὡς
2653 3631 2682 3687 ἡ
2734 3630 2939 3703 ἱστορία
2992 3626 3261 3685 διδάσκει.
3324 3628 3591 3704 Πρόδηλον
3648 3628 3707 3684 δὲ
3754 3634 3819 3691 ὡς
3862 3640 3923 3704 τῇ

2330 3724 2419 3793 μεν
2479 3722 2729 3793 ἱερωσύνη
2780 3726 2871 3771 τοῦ
2917 3718 3113 3791 ’Λαρὼν
3165 3722 3480 3795 συνανῃρέθη
3539 3725 3627 3771 καὶ
3667 3722 3697 3777 η
3732 3725 3922 3792 νομικὴ

2332 3808 2664 3881 πολιτεία·τῇ
2692 3804 2750 3861 δὲ
2769 3816 2858 3860 τοῦ
2877 3806 3208 3881 Μελχισεδὲκ
3242 3811 3658 3880 συναντεισήχθη
3690 3807 3927 3861 πολιτεια

2328 3903 2691 3972 προσήκουσα.

2504 4014 2608 4061 Τοῦ
2657 4004 2817 4059 αὐτοῦ
2862 4004 2918 4059 ἐκ
2960 4014 3050 4068 τῆς
3100 4005 3168 4069 εἰς
3217 4009 3275 4060 τό
3312 4009 3446 4059 κατὰ
3480 4006 3744 4059 Ματθαῖον

2982 4094 3267 4170 ἑρμηνείας.

2404 4211 2503 4261 Καὶ
2534 4208 2704 4279 ὥσπερ
2737 4205 2768 4264 ἡ
2804 4203 3006 4257 Παλαιά
3054 4202 3293 4278 πρόϐατα
3338 4208 3429 4257 καὶ
3485 4208 3725 4277 μόσχους
3764 4200 3928 4275 εἶχεν,

2330 4296 2491 4358 οὕτως
2531 4295 2661 4352 αὕτη
2703 4296 2731 4351 ἡ
2781 4297 2939 4352 Καινη
2996 4295 3053 4346 τό
3099 4295 3230 4366 αἷμα
3278 4297 3334 4347 τὸ
3375 4298 3690 4348 Δεσπότικόν
3721 4310 3733 4323 ·
3762 4300 3931 4346 Τοῦτο

2329 4393 2560 4451 ποιεῖτε,
2618 4387 2799 4455 φησιν,
2876 4381 2941 4442 εἰς
3015 4386 3108 4440 τὴν
3185 4380 3310 4454 ἐμὴν
3404 4382 3713 4456 ἀνάμνησιν.
3782 4379 3933 4445 Εἶδες

2329 4485 2438 4537 πῶς
2496 4472 2666 4545 ἐξάγει
2722 4480 2821 4525 τῶν
2888 4468 3190 4525 Ἰουδαϊκῶν
3253 4471 3377 4524 ἐθῶν
3452 4478 3542 4526 καὶ
3618 4471 3928 4544 ἁφίστησις

2332 4564 2573 4637 Καθάπερ
2655 4563 2811 4613 ἐκεῖνο
2903 4563 3150 4628 ἐποιεῖτε,
3221 4566 3380 4632 φησὶν
3411 4605 3424 4629 ,

2328 4662 2426 4706 τῶν
2458 4651 2504 4704 ἐν
2557 4649 2804 4721 Αἰγύπτῳ
2861 4650 3134 4720 θαυμάτων
3164 4692 3179 4719 ,
3223 4650 3358 4702 οὕτω
3395 4654 3667 4703 καὶτοῦτο
3705 4648 3775 4709 εἰς
3829 4652 3930 4707 τὴν

2328 4740 2454 4813 ἐμήν
2486 4778 2499 4791 .
2547 4740 2733 4792 Ἐκεῖνο
2757 4736 2979 4809 ἐξεχύθη
3014 4737 3086 4799 εἰς
3116 4742 3378 4811 σωτηρίαν
3426 4747 3524 4790 τῶν
3563 4740 3925 4811 πρωτοτόκων,

2326 4838 2479 4883 τοῦτο
2535 4828 2607 4890 εἰς
2660 4828 2844 4899 ἄφεσιν
2892 4825 3158 4900 ἁμαρτιῶν
3189 4834 3283 4887 τῆς
3335 4827 3642 4899 οἰκουμένης
3690 4824 3930 4895 ἁπάσης,

2324 4924 2388 4973 Τί
2461 4916 2582 4986 οὖνς
2641 4921 2753 4991 Χρή
2830 4923 2993 4969 ποιεῖν
3059 4916 3262 4969 κακεῖνο
3327 4920 3386 4969 τὸ
3459 4916 3713 4981 παλαιόνς
3744 4921 3930 4988 φησίν.

2327 5003 2587 5079 Οὐδαμῶς
2617 5022 2628 5036 ·
2665 5002 2757 5058 διὰ
2802 5006 2904 5079 γὰρ
2958 5012 3111 5057 τοῦτο
3152 5001 3259 5057 εἶπε
3288 5049 3303 5073 ,
3346 5012 3509 5058 Τοῦτο
3564 5012 3794 5073 ποιεῖτε,
3846 5006 3935 5057 ἱνα

2328 5096 2520 5150 ἐκείνου
2588 5093 2831 5167 ἀπαγάγῃ
2870 5114 2882 5127 ο
2913 5093 2955 5147 εἰ
3019 5097 3117 5167 γὰρ
3178 5100 3330 5147 τούτο
3405 5097 3587 5167 ἄφεσιν
3662 5093 3934 5168 ἁμαρτιῶν

2329 5185 2605 5259 ἐργάζεται
2639 5226 2652 5251 ,
2720 5186 2891 5257 ὥσπερ
2978 5180 3065 5236 οὖν
3139 5188 3229 5236 καὶ
3305 5183 3622 5257 ἐργάζεται,
3690 5187 3935 5257 περιττόν

2331 5274 2492 5327 ἐκεῖνο
2520 5274 2716 5327 λοιπόν.

2876 4381 2941 4442 εἰς
3015 4386 3108 4440 τὴν
3185 4380 3310 4454 ἐμὴν

2903 4558 3150 4628 ἐποιεῖτε,
3221 4566 3380 4632 φησὶν
3411 4605 3424 4629 ,
3492 4561 3564 4623 εἰς
3636 4559 3931 4632 ἀνάμνησιν

2402 5576 2513 5649 (10)
2544 5574 2755 5634 Confer
2784 5577 2934 5634 orat.
2967 5574 3059 5631 Vll
3088 5572 3378 5633 adversus
3398 5573 3661 5632 Judaeos.
