4126 6228
543 271 645 326 163

1878 263 2145 327 NICETIS
2173 248 2553 331 euentum

3782 259 3894 316 164

538 408 663 463 non
682 396 883 455 tamen
905 406 1067 451 nunc
1082 390 1339 447 Patrem.
1363 390 1482 444 Hoc
1507 386 1871 447 adnotamus
1895 387 2188 443 adversus

2298 391 2529 457 Χριστοῦ
2584 383 2739 456 λέγει,
2798 384 2908 438 ἀλλ’
2960 384 3088 457 ουχὶ
3142 393 3235 435 τοῦ
3290 386 3493 456 Πατρός
3547 402 3655 437 νυν.
3722 389 3892 435 Τοῦτο

536 482 670 537 illos
697 481 802 553 qui
833 478 1197 536 vocabulum
1237 492 1517 547 magnum
1550 476 1703 531 Patri
1732 481 1964 532 tantum
2000 475 2185 531 ascri-

535 572 709 638 bunt,
753 570 896 627 Filio
934 574 1135 624 autem
1168 572 1363 641 partes
1399 566 1696 620 secundas
1722 565 1887 621 dant.
1923 565 2187 621 Hostiam

536 676 718 733 porro
756 664 813 715 et
861 655 1203 732 pontiﬁcem
1249 655 1572 728 appellant,
1632 654 1776 709 illud
1820 655 2068 726 quidem
2106 652 2186 709 ob

536 747 883 822 passionem
904 752 1079 818 etpro
1093 748 1299 801 nostra
1316 743 1502 799 salute
1524 743 1890 799 oblationem
1905 759 1918 809 ;
1933 742 2185 798 alterum

539 843 761 907 autem,
800 836 945 908 quia
982 849 1105 890 non
1148 831 1227 889 ab
1266 831 1403 901 alio,
1446 832 1547 887 sed
1602 831 1847 902 propria
1885 831 2188 885 voluntate

538 926 887 983 immolatus
923 924 1051 988 fuit,
1115 927 1173 978 et
1218 920 1298 977 ad
1334 920 1739 977 voluntariam
1780 924 2036 975 mortem
2093 934 2189 975 ac-

540 1015 736 1072 cessit.

1105 1117 1313 1173 Sancti
1334 1116 1618 1195 Maximi.

614 1227 715 1287 Dei
745 1226 1002 1282 Verbum
1036 1222 1221 1280 semel
1248 1224 1307 1278 in
1348 1237 1526 1278 carne
1552 1225 1781 1283 natum,
1813 1221 1907 1276 his
1945 1220 2192 1294 quidem

542 1316 647 1389 qui
676 1314 907 1373 volunt,
927 1319 1141 1387 sponte
1166 1312 1245 1367 ob
1278 1326 1454 1365 suam
1480 1326 1619 1381 erga
1638 1310 1915 1366 homines
1942 1310 2191 1365 charita-

542 1409 664 1461 tem
708 1419 943 1476 semper
993 1400 1340 1457 renascitur.
1384 1399 1586 1471 Fitque
1634 1398 1849 1463 infans,
1885 1414 1947 1453 se
1991 1398 2190 1469 ipsum

540 1493 854 1549 virtutibus
890 1489 1291 1562 corporaliter
1315 1488 1376 1543 in
1419 1487 1535 1542 illis
1582 1487 1895 1557 efﬁngens,
1930 1491 2191 1541 tantum-

542 1598 660 1655 que
700 1599 765 1637 se
807 1580 1199 1636 demontrans
1239 1581 1532 1648 quantum
1569 1575 1872 1631 continere
1914 1574 2067 1630 valet
2096 1574 2190 1630 ille

564 1669 647 1742 "[ui
676 1670 836 1742 capit
868 1687 881 1736 ;
907 1668 1071 1724 haud
1095 1681 1237 1721 sane
1263 1665 1486 1720 invidia
1516 1664 1718 1737 aliqua
1748 1681 1869 1719 suae
1892 1664 2189 1731 magnitu-

590 1687 647 1726 111
676 1687 836 1742 cap”
868 1687 881 1736 ς
909 1687 1071 1724 naua
1095 1687 1237 1721 sane
1264 1687 1486 1720 ιῐινιαιδ.
1516 1687 1632 1737 auq
1645 1687 1718 1720 ua
1748 1687 1869 1719 δυιε
1894 1687 2189 1731 magunu-

542 1687 704 1815 gjnis
748 1758 1008 1831 speciem
1064 1756 1364 1818 minuens,
1406 1753 1511 1808 sed
1562 1754 1708 1825 quia
1752 1755 1974 1808 trutina
2016 1752 2193 1807 veluti

544 1848 849 1905 examinat
867 1846 1103 1902 illorum
1134 1842 1235 1916 qui
1267 1859 1329 1898 se
1366 1842 1563 1897 videre
1594 1842 1845 1914 cupiunt
1878 1842 2182 1897 virtutem.

548 1937 639 1994 Sic
659 1936 837 2008 igitur
867 1949 1105 2005 semper
1133 1946 1451 2003 apparens,
1484 1945 1593 2001 pro
1620 1929 2030 2001 recipientium
2064 1944 2192 1983 me-

542 2026 657 2081 rito
702 2023 803 2080 Dei
845 2022 1124 2087 Verbum,
1160 2034 1399 2089 semper
1423 2023 1625 2073 manet
1653 2033 1760 2090 per
1798 2019 2063 2089 mysterii
2094 2035 2191 2074 ex-

544 2111 879 2169 cellentiam
927 2107 1243 2164 invisibile.
1288 2106 1453 2162 Unde
1503 2107 1803 2177 sapienter
1832 2104 2007 2159 divus
2048 2122 2191 2178 apo-

545 2201 731 2258 stolus
799 2195 1071 2270 mysterii
1126 2195 1405 2249 virtutem
1448 2193 1817 2259 discernens,
1866 2194 1990 2248 ait:
2023 2195 2193 2250 Jesus

548 2290 823 2347 Christus
856 2288 987 2342 heri
1033 2292 1087 2341 et
1134 2282 1327 2351 hodie,
1372 2283 1643 2352 idemque
1679 2283 1742 2336 in
1793 2288 2081 2338 mternum
2124 2285 2189 2337 ‘6.

544 2378 746 2433 Sciens
783 2389 1019 2445 semper
1068 2388 1297 2427 novum
1350 2387 1481 2425 esse
1533 2370 1890 2441 mysterium
1934 2378 1991 2427 et
2028 2371 2193 2428 nulla

543 2464 761 2522 mentis
786 2459 1322 2533 comprehensione
1342 2463 1738 2516 veterascens.

545 2572 744 2630 Photii
765 2569 1140 2641 patriarcha?
1187 2580 1262 2622 ex
1298 2580 1567 2621 sermone
1598 2566 1671 2621 de
1698 2566 1895 2622 sancti
1935 2567 2194 2636 Spiritus

1172 2656 1570 2724 mystagOgia.

616 2766 841 2837 Idcirco
867 2763 1049 2837 paulo
1074 2766 1210 2836 post
1230 2760 1431 2817 addit:
1463 2761 1578 2817 Ille
1605 2775 1697 2816 me
1729 2760 2094 2831 gloriﬁcabit
2115 2759 2191 2823 ‘7;

542 2846 768 2927 ubique
814 2853 1034 2909 scilicet
1064 2848 1759 2914 consubstantialitatem,
1793 2854 1849 2902 et
1904 2848 2193 2903 unitatem

543 2938 792 3021 naturae,
826 2940 1107 3015 parisque
1144 2937 1391 2995 honoris
1434 2937 1785 3006 dignitatem
1824 2936 2192 2991 incolumem

543 3032 1121 3100 servans.’l‘anquam
1143 3026 1189 3081 si
1206 3026 1340 3098 quis
1361 3025 1602 3091 diceret,
1626 3023 2192 3096 supersubstantiali

545 3125 602 3177 et
626 3117 1067 3190 gloriosissimas
1098 3113 1358 3171 Trinitati
1384 3128 1706 3169 commune
1736 3129 1884 3182 esse,
1918 3117 1982 3167 ut
2012 3128 2073 3167 se
2103 3111 2191 3166 in-

542 3209 736 3265 vicem
762 3205 1049 3263 ineifabili
1075 3204 1344 3260 oratione
1380 3202 1708 3258 dilaudent.
1751 3202 1828 3256 Et
1853 3203 2067 3271 paucis
2096 3202 2190 3255 in-

544 3300 804 3368 terjectis
834 3315 855 3351 :
886 3298 985 3351 Est
1024 3295 1138 3349 illis
1181 3292 1523 3349 communis
1575 3292 1929 3360 dominatio,
1977 3292 2187 3362 virtus,

543 3386 813 3460 potentia
842 3402 856 3440 :
889 3384 973 3440 sic
1008 3398 1219 3439 rursus
1250 3387 1306 3437 et
1335 3381 1546 3452 gloria,
1575 3396 1699 3437 non
1728 3396 1800 3436 ea
1830 3380 2026 3436 solum
2056 3396 2189 3451 quae

541 3492 580 3533 a
606 3475 784 3539 nobis
807 3472 1165 3536 attribuitur,
1195 3485 1406 3526 verum
1434 3470 1616 3526 etiam
1639 3468 1738 3525 illa
1768 3474 1980 3525 mutua
2003 3484 2191 3540 quam

540 3564 693 3620 inter
722 3578 785 3617 se
813 3561 1068 3616 invicem
1094 3558 1410 3630 accipiunt.

541 3669 754 3738 Magni
810 3665 1138 3721 Athanasii
1182 3679 1256 3719 ex
1302 3679 1573 3718 sermone
1628 3663 1701 3718 de
1748 3662 2187 3718 Incarnatione.

613 3863 809 3920 Primo
829 3860 1075 3933 quidem
1106 3873 1285 3913 suum
1317 3857 1618 3914 amortuis
1646 3856 1953 3913 suscitavit
1971 3873 2190 3930 corpus

541 3951 850 4018 Dominus,
908 3962 1235 4019 secumque
1284 3946 1582 4001 exaltavit.
1642 3946 1863 4001 Deinde
1913 3946 2191 4004 membra

540 4057 784 4116 quoque
810 4039 1077 4111 corporis
1104 4036 1197 4092 sui
1228 4034 1561 4101 suscitabit,
1600 4038 1664 4089 ut
1691 4034 1898 4089 omnia
1923 4034 2036 4090 illis
2073 4035 2187 4090 lar-

540 4132 738 4203 giatur
776 4133 982 4200 utpote
1020 4129 1195 4197 Deus,
1228 4139 1608 4196 quascunque
1657 4123 1786 4194 ipse
1829 4124 2089 4195 suscepit
2126 4129 2189 4180 ut

539 4219 745 4275 homo.
805 4217 937 4288 Ipse
980 4214 1158 4284 igitur
1200 4211 1313 4267 sibi
1350 4211 1684 4282 impertitur
1719 4212 1923 4277 vitam,
1966 4212 2092 4283 ipse
2124 4229 2187 4269 se

541 4305 895 4374 sanctiﬁcat,
932 4304 1060 4374 ipse
1114 4318 1177 4357 se
1220 4300 1460 4355 exaltat.
1514 4302 1659 4356 Cum
1698 4316 1841 4371 ergo
1887 4302 1984 4359 ait.
2020 4303 2181 4375 quod

539 4399 708 4451 Pater
742 4392 945 4464 ipsum
988 4389 1398 4452 sanctiﬁcavit,
1429 4393 1483 4443 et
1521 4391 1917 4460 resuscitavit,
1952 4391 2186 4463 sibique
2218 4423 2262 4477 Ι)

470 4505 474 4515 τ
537 4496 762 4543 nomen
793 4494 973 4552 super
999 4492 1180 4534 omne
1212 4491 1436 4533 nomen
1466 4476 1714 4547 largitus
1738 4482 1846 4547 est,
1877 4479 2185 4551 vitamque

538 4569 806 4635 donavit,
835 4567 979 4624 satis
1008 4569 1262 4631 constat,
1288 4564 1455 4637 quod
1485 4581 1589 4637 per
1617 4566 1818 4638 ipsum
1844 4569 2053 4623 omnia
2079 4572 2184 4622 Pa-

535 4665 623 4725 ter
645 4662 947 4732 operatur.
979 4658 1086 4712 Per
1123 4655 1326 4727 ipsum
1372 4654 1573 4729 itaque
1598 4656 1880 4712 eumdem
1914 4657 2181 4725 suscitat,

534 4764 643 4825 per
655 4748 858 4822 ipsum
876 4744 1159 4802 eumdem
1171 4743 1637 4817 sanctiﬁcat,per
1654 4745 1855 4817 ipsum
1878 4746 2185 4802 eumdem-

536 4843 663 4896 met
688 4836 929 4894 exaltat.
963 4836 1028 4889 Et
1057 4849 1194 4888 cum
1221 4831 1495 4905 spiritum
1524 4849 1702 4890 suum
1747 4834 1807 4889 in
1840 4834 2029 4890 Patris
2060 4852 2183 4891 ma-

537 4944 653 4984 nus
681 4926 765 4981 uti
790 4926 975 4980 homo
1001 4923 1405 4983 commendat.
1429 4923 1543 4978 sibi
1572 4924 1685 4995 ipsi
1716 4925 2092 4981 commendat
2121 4931 2186 4981 ut

540 5019 683 5081 Deo,
730 5019 796 5069 ut
835 5012 1111 5069 homines
1136 5013 1253 5068 Deo
1282 5011 1681 5068 commendet.
1727 5016 1855 5084 Ipse
1894 5013 2051 5069 enim
2084 5013 2185 5070 Dei

539 5118 759 5160 manus
779 5106 889 5159 est.

614 5283 663 5329 η
691 5279 869 5337 Hebr.
890 5295 1009 5348 xm,
1046 5281 1104 5334 8.
1188 5280 1230 5314 ¹⁷
1274 5279 1440 5335 Joan.
1474 5294 1594 5349 XVI,
1626 5281 1717 5335 14.

2297 475 2653 545 σημειούμεθα
2717 476 2842 547 πρὸς
2914 478 3031 535 τοὺς
3112 476 3173 526 τὸ
3262 471 3488 545 μεγάλου
3562 480 3634 523 τῶ
3721 476 3895 544 Πατρὶ

2295 566 2432 634 μόνῳ
2496 565 2930 636 περιγράφοντας,
2990 571 3061 633 τῷ
3115 558 3167 615 δ’
3214 564 3330 631 Υἱῴι
3370 563 3433 613 τὰ
3480 557 3745 635 δευτερεῖα
3808 557 3897 612 ὄι-

2297 647 2482 711 ὃόντας
2518 668 2529 680 ⁸
2580 652 2805 722 θύματος
2849 649 2906 704 δὲ
2950 655 3035 703 καὶ
3092 649 3377 726 ἀρχιερέως
3423 654 3480 701 τό
3524 653 3613 722 μὲν
3654 652 3723 711 ὡς
3761 669 3901 721 σγα-

2294 740 2615 810 γιασθέντος,
2681 744 2772 791 καὶ
2836 741 2963 813 ὑπὲρ
3042 747 3139 799 τῆς
3206 740 3459 812 ἡμετέρας
3522 740 3872 812 προσενεχθέν

2294 846 2381 888 τος
2430 832 2693 900 σωτηρίας
2734 845 2746 858 ’
2790 831 2849 879 τό
2891 824 2950 880 δὲ
2992 830 3057 888 ὡς
3104 827 3210 898 οὐχ
3248 826 3332 879 ὑπ’
3366 826 3543 889 ἄλλου,
3575 826 3660 899 ὑφ’
3707 825 3900 878 ἑαυτοῦ

2298 913 2358 969 δὲ
2398 916 2577 969 ἑαυτὸν
2619 919 2909 987 τεθυκότος,
2952 921 3042 969 καὶ
3081 916 3152 979 εἰς
3202 921 3407 988 σφαγὴν
3447 916 3681 969 ἑκούσιον
3711 934 3901 991 προτε-

2300 1008 2503 1059 θεικότο
2512 1028 2553 1068 ς.

2740 1120 2842 1167 Τοῦ
2870 1116 3019 1185 ἁγίου
3040 1113 3285 1185 Μαξίμου
3317 1112 3448 1182 (14).

2368 1219 2427 1272 Ὀ
2456 1226 2547 1272 τοῦ
2592 1226 2726 1273 Θεοῦ
2770 1225 2961 1292 Λόγος,
2992 1218 3193 1292 ἐφάπαξ
3229 1220 3367 1270 κατὰ
3406 1220 3579 1291 σάρκα
3615 1219 3900 1289 γεννηθεὶς,

2301 1308 2378 1361 ἀεὶ
2402 1314 2661 1381 γεννᾶται,
2702 1309 2853 1361 θέλων
2879 1311 3013 1361 κατὰ
3042 1316 3243 1380 πνεῦμα
3268 1303 3361 1359 διὰ
3382 1307 3764 1381 φιλανθρωπίαν
3788 1314 3903 1368 τοῖς

2303 1398 2445 1451 θελου
2456 1417 2509 1450 σι
2567 1415 2580 1428 °

2302 1495 2609 1559 σωματικῶς
2666 1483 2996 1538 ὃιαπλάττων
3059 1494 3173 1549 ταῖς
3226 1486 3449 1561 ἀρεταῖς,
3510 1489 3599 1537 καὶ
3650 1493 3904 1537 τοσοῦτον

2650 1403 2739 1450 καὶ
2795 1404 2993 1470 γίνεται
3057 1396 3249 1473 βρέφος
3318 1397 3493 1449 ἑαυτὸν
3560 1395 3607 1447 ἐν
3691 1395 3905 1456 ἐκείνοις

2300 1580 2597 1649 φαινόμενος
2658 1578 2777 1628 ὅσον
2834 1582 3026 1649 χωρεῖν
3094 1574 3370 1627 ἐπίσταται
3434 1578 3520 1625 τόν
3588 1570 3903 1646 δεχόμενον,

2299 1664 2357 1715 οὐ
2407 1666 2573 1737 φθόνῳ
2625 1666 2919 1738 σμικρύνων
2985 1671 3076 1716 τοῦ
3129 1663 3318 1716 οἰκείου
3369 1664 3612 1736 μεγέθους
3658 1667 3773 1729 τὴν,
3826 1666 3905 1714 ἐκ·

3736 1750 3902 1822 [cod.

2301 1840 2438 1916 ἐρᾷν]
2464 1844 2758 1894 ποθούντων
2785 1847 2872 1899 τὴν
2906 1838 3127 1913 δύναμιν
3147 1858 3158 1870 ·
3189 1842 3348 1901 οὕτως
3369 1839 3446 1893 ἀεὶ
3472 1846 3770 1912 φαινόμενος
3793 1849 3905 1901 τοῖς

2302 1773 2508 1824 φανσιν,
2570 1752 2697 1804 ἀλλὰ
2752 1756 2921 1825 μέτρῳ
2980 1753 3281 1824 σταθμίζων
3354 1761 3451 1802 τῶν
3531 1752 3653 1824 όρᾴν

2300 1937 2512 2006 τρόποις
2551 1940 2649 1982 τῶν
2696 1936 2936 2004 μετόχων
2975 1932 3000 1982 ό
3046 1935 3138 1983 τότ]
3180 1938 3311 1983 Θεοῦ
3344 1934 3530 2003 Λόγος,
3565 1930 3637 1982 ἀεὶ
3667 1925 3906 2001 διαμένει

2301 2023 2435 2071 κατὰ
2457 2025 2548 2079 τὴν
2579 2020 2856 2093 ὑπερϐολὴν
2888 2026 2979 2071 τοῦ
3009 2024 3301 2095 μυστηρίου
3332 2028 3437 2080 τοῖς
3459 2025 3617 2071 πᾶσιν
3649 2017 3900 2080 ἀθέατος·

2301 2111 2411 2160 ὅθεν
2464 2118 2633 2182 σοφῶς
2674 2117 2766 2160 τοῦ
2823 2113 3119 2184 μυστηρίου
3179 2110 3203 2160 ὁ
3256 2111 3385 2171 Θεῐος
3453 2108 3740 2169 ἀπόστολος
3808 2112 3902 2165 τὴν

2302 2194 2524 2269 δύναμιν
2573 2194 2946 2258 διαποπήσας
2987 2201 3143 2270 φησίν
3183 2215 3199 2229 ⁸
3249 2199 3457 2258 Ἰησοῦς
3500 2199 3731 2270 Χριστὸς
3768 2197 3901 2268 χθὲς

2300 2292 2389 2338 καὶ
2423 2292 2643 2360 σήμερον
2690 2286 2714 2337 ὁ
2764 2284 2914 2347 αὐτὸς
2963 2292 3051 2337 καὶ
3092 2286 3159 2347 εἰς
3206 2289 3325 2346 τοὺς
3362 2286 3587 2346 αἰῶνας·
3635 2281 3789 2345 εἰδὼς
3823 2282 3902 2337 ἀεὶ

2300 2378 2475 2427 καινόν
2552 2379 2863 2447 μυστήριον,
2941 2379 3031 2426 καὶ
3116 2372 3379 2446 μηδέποτε
3444 2374 3720 2451 περιλήψει
3784 2376 3901 2433 νοός

2301 2463 2521 2516 παλαιοὺ
2526 2482 2697 2535 μενον.

2303 2574 2504 2621 Φωτίου
2555 2570 2891 2642 πατριάρχου
2941 2568 2998 2621 ἐκ
3056 2575 3148 2621 τοῦ
3194 2568 3351 2641 λογόυ
3382 2577 3475 2621 τοῦ
3508 2576 3626 2643 περὶ
3666 2577 3761 2630 τῆς
3804 2576 3892 2620 τοῦ

2658 2656 2809 2729 ἁγίου
2840 2660 3138 2731 Πνεύματος
3154 2664 3550 2731 μυσταγωγίας.

2373 2767 2468 2816 Διὰ
2522 2771 2673 2816 τοῦτο
2719 2771 2827 2837 μετ’
2882 2765 3053 2837 ὀλίγον
3105 2763 3349 2840 ἐπιφέρει,
3411 2768 3491 2818 ὅτι
3549 2767 3739 2817 Ἐκεῖνο
3806 2764 3895 2838 ἐμὲ

2303 2849 2518 2915 δοξάσει
2565 2870 2576 2882 ’
2611 2862 2887 2925 πανταχοῦ
2958 2858 3015 2907 τό
3078 2856 3352 2926 ὁμοούσιον
3410 2861 3497 2907 καὶ
3528 2858 3767 2928 ὁμοφυες,
3808 2860 3896 2906 καὶ

2300 2945 2358 2993 τὸ
2398 2952 2491 3003 τῆς
2542 2943 2817 3014 όμοτιμίας
2879 2942 3108 3015 ἀξίωμα,
3157 2941 3415 3015 ἀκηρατον
3467 2953 3734 3017 συντηρῶν
3766 2958 3781 2973 ⁰
3834 2946 3897 3003 ὡς

2302 3031 2361 3080 οἷν
2420 3050 2500 3090 τις
2559 3033 2701 3095 εῖπη,
2773 3036 2950 3083 Κοινόν
2999 3031 3108 3083 ἐστι
3173 3036 3231 3083 τό
3294 3040 3389 3093 τῆς
3443 3033 3756 3107 ὑπερουσίου
3809 3036 3896 3082 καὶ

2301 3114 2820 3192 ὑπερδεδοξασμένης
2863 3116 3091 3194 Τριάὸος
3138 3125 3193 3172 τὸ
3239 3121 3361 3196 παρ’
3413 3120 3641 3178 ἀλλήλων
3689 3120 3896 3195 ἀρρήτῳ

2299 3208 2432 3279 λόγῳ
2479 3204 2818 3270 δοξάζεσθαι.
2868 3214 2968 3261 Καὶ
3016 3209 3125 3280 μετ’
3167 3210 3319 3281 ὀλίγα
3368 3231 3381 3244 ο
3430 3214 3530 3263 Καὶ
3562 3212 3699 3261 ἔστιν
3729 3209 3897 3260 αὐτῶν

2300 3298 2473 3371 ὥσπερ
2540 3300 2707 3348 κοινόν
2777 3299 2807 3354 ἠ
2869 3296 3134 3369 βασιλεία,
3196 3303 3282 3350 καὶ
3330 3300 3360 3357 ἡ
3429 3295 3669 3371 δύναμις,
3714 3300 3892 3349 καὶτὸ

2299 3387 2486 3458 κράτος
2519 3402 2531 3415 ⁸
2583 3386 2716 3437 οὕτω
2766 3390 2855 3439 καὶ
2895 3389 2924 3444 ἡ
2977 3383 3129 3455 δόξα,
3175 3388 3234 3438 οὗ
3286 3392 3438 3458 μόνον
3487 3389 3517 3446 ὴ
3572 3388 3691 3459 παρ’
3750 3388 3891 3457 ἡμῶν

2300 3472 2643 3548 ἀναφερομένη
2656 3518 2668 3539 ,

2299 3562 2514 3617 ἑαυτῶν.

2745 3474 2873 3527 ἀλλὰ
2933 3480 3023 3527 καὶ
3111 3475 3170 3533 ἣν
3238 3476 3387 3528 αὐτοὶ
3459 3473 3710 3547 δέχονται
3772 3475 3890 3548 παρ’

2297 3674 2398 3720 Τοῦ
2430 3668 2655 3739 μεγάλου
2688 3670 3002 3721 Ἀθανασίου
3024 3669 3077 3721 ἐκ
3100 3678 3190 3721 τοῦ
3212 3689 3329 3744 περι
3350 3678 3442 3732 τῆς
3464 3669 3889 3743 ἑνανθρωπὴσεως

3005 3758 3159 3830 λόγου
3169 3801 3181 3813 .

2371 3868 2579 3933 Πρῶτον
2627 3860 2715 3914 οὖν
2767 3868 2826 3916 τό
2874 3862 3012 3917 ἴδιον
3078 3875 3230 3937 σῶμα
3281 3870 3479 3937 ἤγειρεν
3525 3865 3581 3917 ἐκ
3626 3872 3812 3938 νεκρῶν
3858 3866 3884 3914 ό

2300 3954 2483 4025 Κύριος
2541 3957 2629 4003 καὶ
2684 3952 2988 4023 συνύψωσεν
3045 3956 3209 4022 ἐαυτῷ
3249 3972 3261 3984 '
3317 3956 3445 4027 μετὰ
3501 3973 3667 4005 ταυτα
3728 3952 3887 4025 ἐγερεῖ

2296 4045 2383 4092 καὶ
2432 4043 2497 4092 τὰ
2552 4040 2677 4111 μέλη
2745 4060 2834 4093 του
2910 4049 3151 4115 σώματος
3206 4044 3384 4112 αὐτου,
3449 4044 3533 4094 ἱνα
3591 4047 3889 4116 χαρίσηται

2295 4129 2466 4189 αὐτοῖς
2522 4132 2589 4181 τὰ
2633 4133 2802 4182 πάντα
2853 4133 2918 4191 ὡς
2956 4136 3106 4201 Θεὸς,
3157 4136 3259 4184 ὅσα
3305 4132 3461 4193 αὐτὸς
3507 4135 3576 4192 ὡς
3627 4133 3892 4203 ἅνθρωπος

2295 4217 2488 4273 ἐλαϐεν.
2542 4218 2705 4279 Αὐτός
2748 4216 2834 4271 οὖν
2886 4220 3050 4291 ἐαυτῷ
3092 4222 3375 4293 χαρίζεται
3421 4222 3580 4285 ζωὴν,
3621 4225 3711 4272 καὶ
3738 4219 3892 4279 αὐτὸς

2296 4306 2475 4358 ἑαυτὸν
2523 4307 2752 4378 ἁγιάζει,
2810 4313 2900 4360 καὶ
2966 4310 3118 4370 αὐτὸς
3192 4310 3372 4363 ἑαυτόν
3423 4308 3552 4379 ι)ψοί
3601 4326 3613 4338 ·
3666 4313 3750 4360 ὅτε
3804 4308 3894 4359 οὖν

2294 4394 2425 4464 λέγει
2473 4397 2549 4447 ὅτι
2594 4397 2619 4446 ὁ
2674 4402 2853 4471 Πατὴρ
2904 4399 3118 4468 ἡγίασεν
3148 4400 3327 4461 αὐτόν,
3359 4403 3448 4451 καὶ
3481 4402 3685 4469 ἤγειρεν
3714 4397 3891 4463 αὐτόν,

2293 4489 2381 4536 καὶ
2440 4483 2728 4556 ἐχαρίσατο
2776 4486 2915 4557 αὐτῴ
2964 4491 3124 4559 ὄνομα
3174 4491 3232 4540 τό
3272 4490 3397 4560 ὑπὲρ
3449 4493 3548 4540 πᾶν
3579 4492 3760 4558 ὄνομα,
3804 4491 3893 4536 καὶ

2294 4568 2480 4623 ἔδωκεν
2534 4572 2674 4643 αὐτῷ
2733 4574 2892 4645 ζωὴν,
2939 4572 3096 4634 δῆλον
3148 4578 3230 4628 ὅτι
3288 4573 3360 4628 δι’
3402 4576 3563 4629 αὐτου
3602 4578 3667 4627 τὰ
3722 4577 3893 4627 πάντα

2292 4668 2429 4712 ποιεῖ
2457 4661 2482 4711 ό
2519 4666 2698 4736 Πατήρ
2742 4678 2755 4691 ⁶
2789 4660 2861 4714 δι’
2902 4674 3061 4716 αυτοῦ
3112 4662 3199 4717 οὖν
3258 4666 3409 4717 αὐτόν
3446 4665 3647 4737 ἐγείρει,
3679 4668 3767 4715 καὶ
3815 4659 3889 4713 δι’

2294 4749 2453 4801 αὐτου
2492 4750 2646 4801 αὐτόν
2696 4750 2924 4823 ἁγιάζει,
2976 4757 3062 4804 καὶ
3115 4750 3186 4805 δι’
3218 4754 3376 4805 αὐτου
3427 4754 3584 4806 αὐτόν
3629 4752 3771 4823 ὑψοί,
3803 4757 3893 4804 καὶ

2296 4834 2367 4889 δι’
2403 4838 2561 4890 αὐτου
2621 4845 2713 4898 τὴν
2746 4840 2883 4899 ζωὴν
2922 4842 3063 4913 αὑτῷ
3119 4839 3343 4894 δίδωσιν
3376 4860 3389 4873 ⁸
3422 4847 3513 4893 καὶ
3547 4844 3630 4894 ὅτε
3668 4846 3891 4913 παρατί-

2297 4930 2437 4979 θεται
2485 4933 2542 4980 τό
2594 4949 2793 5002 πνευμα
2840 4931 2996 4983 αὐτου
3047 4935 3113 4993 ὡς
3158 4934 3422 5005 ἄνθρωπος
3468 4931 3533 4991 εἰς
3574 4939 3756 5004 χεῖρας
3801 4951 3892 4982 του

2296 5019 2511 5090 Πατρός,
2569 5018 2735 5089 ἑαυτῷ
2800 5022 3143 5093 παρατίθεται
3208 5024 3277 5083 ὡς
3346 5029 3479 5092 Θεῷ,
3543 5023 3625 5072 ἱνα
3695 5023 3892 5080 πάντας

2295 5103 2593 5179 ἀνθρώπους
2634 5110 2937 5180 παράθηται
2988 5117 3059 5160 τῶ
3101 5118 3214 5179 Θεῷ
3252 5127 3265 5140 ’

2294 5200 2415 5269 χεὶρ
2446 5204 2538 5247 του
2566 5200 2711 5249 Θεοῦ.

3317 5109 3472 5171 αὐτὸς
3521 5113 3621 5182 γάρ
3679 5107 3820 5161 ἐστιν
3861 5111 3890 5166 ἡ

616 5531 730 5605 (lt)
761 5532 826 5586 In
852 5528 1128 5602 capitulis
1153 5527 1500 5597 theologicis
1531 5526 1627 5585 ed.
1653 5527 1969 5586 Combeﬁs.
2001 5536 2037 5589 t.
2070 5535 2112 5602 Ι,
2139 5550 2204 5611 p.
2228 5536 2354 5592 512.
