4126 6228
229 317 318 373 165
943 303 946 306 ’
1546 314 1896 374 THESAURI
1932 313 2066 372 LIB.
2109 315 2262 370 xxxv
3494 307 3594 382 me

1862 441 1910 494 A
1940 438 2227 506 Ejusdem
2263 453 2342 494 ex
2365 439 2854 509 interpretatione
2881 445 3164 502 Psalterii
3181 446 3264 502 ad
3287 461 3357 504 ea
3381 448 3590 506 verba:

337 444 447 494 Τοῦ
479 439 644 491 αὐτοῦ
674 441 729 490 ἐκ
769 446 862 490 τοῦ
889 439 1192 511 Ψαλτηρίου
1223 439 1491 510 ἑρμηνείας
1521 439 1594 502 εἰς
1619 442 1700 506 τὸ,

511 548 541 576 κ
573 528 804 579 Γενίσθω
829 529 858 584 ἠ
889 532 1010 600 χείρ
1053 546 1145 578 σου
1195 532 1367 580 σῶσαί
1396 546 1478 598 με.
1519 549 1540 576 ι

287 621 440 673 Ζητῶ
470 621 637 690 χεῖρα
661 623 754 666 τοῦ
784 623 920 668 Θεοῦ
957 621 1073 689 περὶ
1099 611 1161 678 ἧς
1190 616 1408 687 εὔχεται
1438 623 1608 672 ταῦτα
1649 616 1826 687 λὲγων·

223 704 296 758 ’Β
351 710 507 779 χειρὶ
561 710 792 779 κραταιᾷ
833 703 1077 776 ἐξήγαγεν
1120 706 1148 758 6
1200 708 1326 766 Θεὸς
1374 707 1462 758 τὸν
1517 705 1734 779 Ἰσραὴλ
1778 705 1832 769 ἐξ

222 793 507 864 Δίγύπτοτν
549 799 645 853 Τίς
689 790 749 846 δὲ
791 795 964 858 αὖτη;
1007 798 1234 866 Χριστὸς
1282 795 1508 855 Ἰησοῦς⁹
1542 791 1691 855 οὗτος
1727 797 1828 867 γάρ

221 883 330 935 ἐστι
368 887 463 936 καὶ
503 888 630 954 χεὶρ
657 888 747 936 καὶ
787 879 938 945 δεξιὰ
973 891 1063 934 τοῦ
1092 887 1239 935 6:613-
1269 885 1499 936 Γενέσθω
1536 879 1646 944 οὖν,
1675 889 1828 954 φησὶ,

221 975 248 1029 ἡ
294 978 418 1047 χείρ
479 991 582 1024 σου
638 980 732 1024 τοῦ
795 976 967 1026 σῶσαί
1011 992 1092 1044 με·
1154 975 1302 1043 τάχα
1350 978 1439 1024 καὶ
1490 977 1548 1024 τὸ
1604 975 1830 1043 γενέσθω

225 1057 377 1119 δηλοῖ
433 1067 675 1118 τοιοῦτον
727 1081 798 1132 τι,
845 1064 970 1128 οἷον,
1006 1062 1116 1131 Εἰς,
1157 1067 1357 1134 ⁴γένεσιν
1403 1061 1588 1116 ἐλθέτω
1625 1063 1656 1120 ἡ
1707 1066 1828 1135 χείρ

222 1170 334 1220 σου,
373 1156 470 1204 καὶ
503 1153 737 1222 γενέσθω
766 1149 852 1206 ἐπὶ
891 1159 981 1204 τοῦ
1013 1157 1184 1204 σῶσαί
1208 1171 1290 1223 με·

282 1335 386 1384 Τοῦ
416 1328 586 1399 ἁγίου
620 1328 873 1401 Κυρίλλον
917 1328 972 1382 ἐκ
1007 1337 1105 1381 τῶν
1136 1332 1268 1382 κατὰ
1297 1332 1757 1402 Πνευματομάχων

620 1416 1000 1492 ἁητιρῥητικῶν
1038 1418 1201 1488 λόγων
1231 1418 1365 1488 (15).

287 1508 560 1562 Δακτυὶον
609 1516 744 1562 Θεοῦ
800 1508 969 1562 καλεῖν
1012 1505 1125 1562 οἶδε
1171 1513 1345 1582 Γραφή
1403 1512 1463 1562 τὸ
1511 1515 1720 1580 Πνευμα
1772 1511 1829 1561 τό

223 1599 387 1669 ἅγιον,
437 1600 622 1660 καθὼς
669 1602 760 1650 καὶ
815 1599 841 1650 6
891 1601 1118 1671 Χριστὸς
1167 1597 1388 1671 εἴρηκαν·
1443 1597 1502 1652 Εἰ
1555 1595 1616 1650 δὲ
1660 1596 1709 1650 ἐν
1757 1605 1830 1668 τῷ

227 1683 470 1758 δακτύλῳ
540 1695 676 1739 Θεου
738 1685 966 1738 ἐκϐάλλω
1030 1690 1096 1737 τὰ
1153 1683 1421 1758 δαιμόνιαι
1491 1689 1613 1759 ὅπερ
1682 1687 1829 1747 ἄλλος

229 1776 606 1846 days/altari;
667 1779 718 1828 ἓν
775 1777 1036 1846 Πντύματι
1092 1782 1227 1828 Θεου
1286 1773 1420 1828 εἶπεν
1450 1796 1463 1810 ο
1523 1777 1712 1846 ὁμοίως
1769 1773 1827 1828 δὲ

228 1865 611 1938 προσονομάζει
660 1859 837 1925 δεξιάν
879 1868 968 1915 καὶ
1013 1861 1281 1938 βραχίονα
1323 1869 1409 1916 τὸν
1463 1868 1602 1933 Υίόν,
1644 1867 1712 1926 ὡς
1748 1868 1826 1932 τὸ,

230 1954 459 2008 Ἐσωσεν
491 1953 649 2005 αὐτόν
685 1955 711 2012 ἱ)
756 1948 907 2014 δεξιὰ
937 1952 1116 2019 αὐτοῦ,
1149 1958 1239 2004 καὶ
1279 1953 1304 2003 6
1349 1951 1594 2027 βραχίων
1624 1955 1650 2004 ὁ
1680 1953 1829 2023 ἅγιος

237 2041 421 2094 αὐτον·
492 2045 700 2117 ὥσπερ,
769 2041 858 2092 οὖν
921 2041 946 2092 ὁ
1017 2039 1263 2114 βραχίων
1340 2043 1619 2112 ὁμοονσιός
1689 2041 1828 2094 ἐστιν

237 2131 293 2184 οὗ
332 2130 440 2183 ἐστι
467 2130 738 2205 βραχίων,
773 2129 938 2190 οὕτως
965 2130 990 2180 6
1017 2126 1272 2192 ὃάιτυλος
1312 2127 1373 2181 οὗ
1405 2129 1517 2182 ἐστι
1549 2128 1826 2194 δάκτυλος·

241 2222 506 2292 ὁμοοὺσιον
555 2221 655 2293 ἄρα
697 2226 770 2287 τῷ
803 2225 968 2290 Πατρι
1019 2223 1108 2271 καὶ
1156 2227 1228 2289 τῷ
1267 2225 1370 2289 Υίῷ
1409 2223 1467 2271 τὸ
1519 2226 1725 2292 ῐῐνευμα
1772 2223 1830 2272 τὸ

251 2310 391 2378 ἅγιον
401 2350 414 2363 .

331 2403 447 2470 Περὶ
471 2399 715 2465 τον,’οτι
741 2397 898 2459 αὐτὸς
929 2396 1070 2449 ἐστιν
1096 2399 1122 2448 6
1151 2403 1452 2472 προσφέρων
1481 2403 1570 2449 καὶ
1595 2406 1828 2469 προσφί-

257 2491 462 2560 ρὸμενος
494 2491 580 2536 καὶ
617 2482 1048 2559 κροσδεχόμενος,
1083 2485 1152 2548 ὡς
1195 2485 1488 2560 ἀρχιερεὺς,
1533 2491 1622 2537 καὶ
1668 2487 1828 2557 θυμα,

252 2579 339 2626 καὶ
379 2579 512 2641 ϐιὸς,
556 2579 664 2631 ἦτοι
689 2574 714 2626 6
746 2579 937 2647 Κύριος
957 2575 1104 2648 ἡμῶν
1134 2575 1348 2636 Ἰησοῶς
1378 2579 1624 2648 Χριστός.

245 2752 324 2805 Ἐκ
360 2759 449 2816 τῆς
487 2753 650 2824 εὐχῆς
702 2771 796 2805 τον
853 2753 1078 2825 μηάλου
1133 2752 1422 2822 Βασιλείον,
1475 2753 1536 2814 ἧς
1585 2755 1614 2810 ἡ
1658 2750 1826 2826 ἀρχή·

771 2863 798 2890 ‹‹
842 2838 1031 2906 Ονδεὶς
1068 2842 1232 2904 ἄξιος.
1266 2863 1296 2892 »

305 2931 553 2994 Ἀξίωσον
600 2932 1022 3003 προσενεχθῆναί
1063 2951 1147 2983 σοι
1190 2932 1318 3004 ὑπὲρ
1358 2930 1482 3002 ἐμου
1522 2951 1613 2982 του
1664 2929 1828 3003 ἁμαρ-

235 3019 387 3072 τω).ου
432 3025 525 3071 καί
579 3019 792 3082 ἀναξίου
845 3015 1034 3072 δούλου
1083 3039 1177 3072 σου
1225 3022 1290 3072 τὰ
1330 3016 1477 3094 δῶρα
1513 3039 1680 3072 ταντα
1706 3039 1718 3052 ο
1763 3022 1828 3070 σὺ

233 3112 326 3186 γὰρ
351 3111 400 3163 εἷ
435 3111 462 3162 6
493 3115 800 3185 προσφέρων
840 3115 929 3161 καί
954 3115 1362 3186 προσφερόμενος
1391 3115 1481 3162 καί
1520 3107 1829 3185 προσδεχό-

227 3219 372 3271 μενος
401 3205 496 3252 καί
537 3195 912 3272 διαδιδὸμενος
951 3201 976 3251 6
1008 3204 1136 3264 Θεὸς
1165 3201 1330 3272 ἡμῶν.

226 3294 323 3342 Τον
372 3289 531 3359 ἁγίου
595 3288 847 3362 Rupili.on
894 3286 1282 3364 Ἀλεξανδρείας
1319 3289 1390 3350 εἰς
1438 3293 1524 3342 τὸν
1577 3292 1832 3361 μυστικὸν

920 3374 1144 3432 δεῖπνον.

296 3473 538 3540 Πίνωμεν
588 3466 749 3518 αὐτοῦ
789 3470 849 3518 τὸ
886 3467 1018 3539 αἱμα
1060 3471 1118 3518 τὸ
1155 3467 1303 3538 ἅγιον
1353 3467 1419 3528 εἰς
1471 3467 1688 3540 ἱλασμὸν
1736 3477 1834 3519 τῶν

227 3554 494 3627 ἡμετέρων
533 3554 990 3627 παραπτωμάτων,
1051 3559 1140 3604 καί
1189 3555 1388 3624 μέθεξιν
1447 3563 1537 3614 τῆς
1594 3555 1644 3606 ἐν
1698 3555 1837 3625 αὐτῷ

222 3642 546 3704 ἀθανασίας·
595 3645 925 3703 πιστεύοντες
963 3641 1074 3715 ἅμα
1101 3642 1182 3694 ὃτι
1210 3662 1305 3715 περ
1348 3643 1506 3707 αὐτὸς
1552 3647 1709 3719 ἱερεὺς
1747 3636 1838 3696 καί

223 3735 414 3803 θυσία⁹
477 3732 633 3792 αὐτὸς
684 3733 710 3781 6
765 3736 1067 3805 προσφέρων
1124 3737 1212 3784 καί
1278 3737 1686 3807 προσφερόμενος
1747 3739 1836 3786 καί

221 3817 662 3894 προσδεχόμενος
709 3825 799 3872 καί
833 3815 1224 3893 διαδιδόμενος·
1277 3825 1348 3892 μὴ
1398 3818 1723 3896 διαιρουντες
1766 3822 1836 3886 εἰς

222 3908 326 3963 δύο
357 3929 618 3985 προσωπα
647 3913 740 3966 τήν
786 3910 924 3960 θείαν
956 3913 1044 3960 καί
1083 3907 1454 3962 ἀδιάσπαστον
1508 3917 1596 3962 καί
1628 3917 1752 3984 προς
1781 3931 1835 3983 γε

1858 1654 1900 1710 Β

1870 2870 1910 2924 C

2120 547 2148 575 ‹‹
2182 526 2326 582 Fiat
2355 543 2569 584 manus
2597 536 2699 585 tua
2737 531 2819 588 ad
2847 534 3204 590 satvandum
3240 550 3353 593 me.
3387 559 3416 585 ι»

2011 617 2222 680 Quaero
2252 631 2536 687 quaenam
2555 618 2631 673 sit
2656 621 2754 674 Dei
2775 636 2995 678 manus
3020 637 3133 693 pro
3160 639 3285 695 qua
3305 624 3393 680 sic
3419 623 3596 682 obse-

1939 709 2065 759 crat
2091 703 2334 759 dicens:
2373 705 2438 759 In
2475 721 2664 762 manu
2706 708 2841 764 forti
2883 709 3088 766 eduxit
3130 711 3407 768 lsraelem
3439 714 3596 770 Deus

1939 807 2012 846 ex
2037 791 2318 864 Egypto.
2347 793 2637 858 Quaenam
2665 795 2794 851 haec
2824 799 2957 853 est?
2983 797 3245 854 Christus
3264 801 3457 855 Iesus.
3486 801 3594 857 Hic

1938 880 2100 936 enim
2149 887 2238 938 est
2265 898 2484 938 manus
2530 888 2587 940 et
2623 884 2868 941 dextera
2909 887 3030 946 Dei.
3059 888 3199 946 Fiat
3239 890 3448 959 igitur,
3489 889 3593 960 ait,

1937 985 2153 1024 manus
2173 976 2279 1026 tua
2299 970 2381 1026 ad
2397 973 2758 1030 salvandum
2774 988 2863 1028 me
2887 975 2951 1028 ¹⁸.
2981 977 3247 1032 Fortasse
3263 982 3318 1032 et
3338 977 3592 1034 verbum

1935 1057 2042 1124 ﬁat
2061 1058 2144 1115 ita
2161 1057 2488 1128 signiﬁcat:
2512 1061 2716 1118 Veniat
2735 1077 2953 1120 manus
2972 1068 3078 1121 tua
3094 1063 3174 1132 ad
3195 1065 3592 1138 nativitatem,

1937 1152 2002 1202 ut
2031 1147 2220 1204 salvet
2255 1164 2372 1206 me.

1937 1325 2145 1382 Sancti
2175 1325 2404 1396 Cyritli
2423 1343 2499 1384 ea:
2536 1330 2948 1387 antirrheticis
2977 1332 3354 1390 sermonibus
3380 1340 3596 1402 contra
3675 1405 3678 1408 ,

2466 1419 3056 1486 pneumatomachos.

2013 1503 2268 1574 Digitum
2315 1505 2415 1560 Dei
2459 1505 2610 1569 solet
2656 1509 2960 1579 Scriptura
3002 1509 3263 1582 apellare
3310 1510 3596 1583 Spiritum

1939 1600 2238 1660 sanctum,
2275 1593 2448 1650 sicuti
2471 1596 2732 1652 Christus
2759 1597 2932 1656 dixit:
2964 1598 3032 1654 Si
3052 1615 3158 1670 ego
3189 1616 3252 1656 in
3282 1601 3468 1672 digito
3489 1603 3600 1662 Dei

1939 1682 2108 1750 ejicio
2128 1681 2422 1738 dtemonia
2451 1684 2517 1750 ‘9,
2541 1684 2603 1739 id
2623 1685 2791 1757 quod
2819 1686 2969 1741 alius
2990 1687 3354 1758 evangelista
3375 1689 3436 1744 in
3463 1690 3596 1759 Spi-

1937 1771 2056 1825 ritu
2085 1771 2198 1826 Dei
2215 1773 2263 1805 ³ο
2299 1771 2460 1828 dicit.
2491 1773 2585 1828 Sic
2613 1774 2757 1830 item
2801 1774 3112 1834 dexteram
3157 1776 3596 1851 brachiumque

1941 1858 2147 1914 Filium
2173 1860 2455 1932 appellat,
2484 1866 2546 1918 ut
2567 1867 2660 1918 est
2680 1862 2854 1919 illud:
2887 1866 3162 1922 Servavit
3183 1881 3315 1922 eum
3344 1866 3594 1925 dextera

1937 1951 2087 2018 ejus,
2129 1955 2183 2005 et
2226 1950 2540 2006 brachium
2587 1958 2863 2008 sanctum
2905 1969 3079 2012 suum
3114 1956 3182 2008 ²¹.
3232 1955 3411 2010 Sicuti
3450 1971 3594 2026 ergo

1936 2037 2253 2094 brachium
2268 2039 2778 2096 consubstantiale
2792 2047 2882 2096 est
2897 2042 2951 2096 ei
2962 2043 3055 2113 cuj
3067 2059 3135 2098 us
3151 2049 3239 2099 est
3251 2043 3590 2114 brachium,

1939 2125 2024 2181 sic
2053 2126 2276 2196 digitus
2301 2127 2353 2184 ei
2384 2128 2558 2198 cujus
2578 2133 2668 2184 est
2697 2129 2936 2200 digitus.
2973 2133 3126 2202 Ergo
3147 2131 3303 2204 patri
3331 2132 3592 2206 Filioque

1939 2214 2468 2271 consubstantialis
2494 2222 2582 2271 est
2601 2216 2850 2288 Spiritus
2878 2223 3145 2273 sanctus.

2011 2391 2180 2458 Quod
2210 2393 2371 2448 idem
2397 2407 2672 2465 unusque
2700 2393 2909 2466 estqui
2934 2394 3110 2450 oﬁ‘ert
3136 2399 3193 2450 et
3219 2395 3326 2468 qui
3349 2395 3596 2453 offertur

1940 2485 1998 2536 et
2033 2480 2138 2552 qui
2175 2481 2402 2554 recipit,
2446 2482 2530 2538 uti
2576 2481 2863 2554 pontifex,
2901 2482 3122 2546 hostia,
3155 2486 3328 2552 Deus,
3376 2499 3596 2558 nempe

1941 2569 2234 2626 Dominus
2259 2575 2462 2626 noster
2485 2570 2660 2626 Jesus
2693 2570 2977 2628 Christus.

2045 2749 2145 2805 Ex
2156 2750 2507 2818 precatione
2524 2751 2734 2819 magni
2751 2750 2988 2816 Basilii,
3011 2752 3186 2821 cujus
3214 2750 3484 2808 initium:

2465 2858 2495 2887 «
2532 2838 2717 2894 Nemo
2757 2838 2996 2909 dignus.
3036 2859 3065 2888 »

2009 2925 2284 2998 Dignare,
2337 2931 2401 2984 ut
2429 2925 2534 2982 tibi
2563 2925 2894 2982 offerantur
2921 2942 3031 2999 pro
3070 2943 3165 2982 me
3195 2931 3507 3000 peccatore
3537 2932 3595 2984 et

1939 3015 2190 3085 indigno
2217 3031 2388 3071 servo
2424 3022 2526 3072 tuo
2557 3015 2679 3072 1]ωο
2709 3015 2894 3072 dona.
2925 3019 3007 3071 Tu
3032 3019 3192 3072 enim
3219 3034 3282 3072 es
3311 3017 3589 3085 offerens,

1938 3108 1994 3159 et
2019 3103 2278 3171 oblatus,
2312 3110 2371 3160 et
2399 3109 2687 3177 receptor,
2720 3108 2778 3160 et
2801 3104 3152 3160 distributor
3181 3107 3335 3161 Deus
3363 3111 3585 3162 noster.

1940 3281 2147 3337 Sancti
2184 3280 2404 3352 Cyritli
2449 3280 2859 3338 Alexandrini
2888 3283 2953 3337 in
2983 3283 3292 3352 mysticam
3333 3297 3588 3349 ctenam,

2015 3457 2300 3515 Bibamus
2328 3461 2604 3515 sanctum
2633 3459 2764 3529 ejus
2794 3458 3172 3530 sanguinem,
3206 3457 3287 3515 ad
3311 3463 3588 3532 peccato-

1944 3563 2079 3602 rum
2138 3553 2484 3604 nostrorum
2540 3547 2981 3615 remissionem,
3025 3551 3084 3603 et
3125 3546 3592 3604 immortalitatis

1945 3652 2084 3692 cum
2113 3636 2245 3710 ipso
2265 3635 2782 3710 participationem
2807 3654 2820 3705 ;
2845 3635 3154 3692 credentes
3170 3635 3368 3700 simul,
3387 3636 3591 3708 ipsum

1944 3741 2074 3781 esse
2103 3725 2476 3782 sacerdotem
2507 3729 2565 3780 et
2600 3724 2882 3793 hostiam,
2927 3724 3131 3797 ipsum
3169 3723 3492 3796 qui’oﬂ‘ert,
3535 3728 3592 3780 et

1943 3816 2048 3887 qui
2073 3813 2339 3881 offertur,
2385 3819 2443 3871 et
2478 3813 2582 3886 qui
2611 3815 2840 3886 recipit,
2884 3817 2940 3869 et
2987 3813 3090 3886 qui
3119 3811 3436 3870 distribuit.
3486 3815 3591 3867 Ne-

1943 3920 2062 3976 que
2108 3904 2331 3960 idcirco
2360 3904 2422 3959 in
2452 3903 2609 3960 duas
2647 3919 2937 3976 personas
2966 3901 3292 3958 dividimus
3320 3900 3589 3957 divinam

221 4003 424 4052 τοὺτων
486 3996 794 4069 ἀσύγχντον
847 4001 1025 4049 ἕνωσιν
1073 4018 1164 4050 τον
1215 4000 1375 4060 ἐνὸςο
1433 4008 1522 4060 τῆς
1579 4007 1830 4072 παντίμον

1953 4000 1999 4050 et
2027 3992 2489 4066 inseparabilem
2509 3998 2689 4064 atque
2710 3990 3089 4047 inconfusam
3108 3989 3396 4046 unionem
3412 3989 3593 4045 unius

219 4096 288 4166 Τρ
301 4083 466 4149 uiae;
493 4090 627 4158 (t6).

283 4182 405 4228 Τον
436 4174 594 4246 ἁγίου
629 4174 882 4247 Κνρίλλοῡ
924 4174 1287 4250 Ἰεροσολύμων
1316 4176 1419 4228 ἀπὸ
1458 4196 1548 4229 του
1579 4178 1652 4239 εἰς
1672 4183 1766 4235 τὴν

219 4265 563 4321 ’Υτταπαντὲν
612 4263 789 4335 λόγου,
835 4263 896 4315 οὗ
933 4265 963 4320 ἠ
1022 4262 1190 4338 ἀρχὴ,
1243 4285 1270 4313 ε(
1323 4271 1484 4338 Χαῖρε
1535 4262 1762 4339 σφόδρα.
1806 4287 1834 4314 ι»

298 4448 322 4494 Ι
341 4447 494 4518 ρέφος
569 4439 764 4514 βλέπω,
834 4445 1049 4514 νομικὴν
1118 4443 1304 4494 θυσίαν
1360 4445 1690 4516 προσάγοντα
1748 4443 1834 4496 ἐπί

222 4541 333 4608 γῆς
362 4553 375 4566 ·
422 4530 531 4582 ἀλλ’
570 4531 723 4582 αὐτὸν
768 4533 860 4594 τὰς
909 4532 1112 4583 πάντων
1161 4531 1388 4594 εὐσεϐεῖς
1437 4534 1622 4594 θυσίας
1667 4529 1835 4604 δεχό-

223 4641 380 4695 μενον
443 4621 492 4672 ἐν
541 4620 798 4694 οὐρανοῖς,
843 4620 997 4672 αὐτὸν
1050 4619 1097 4671 ἐν
1149 4621 1310 4695 θρόνῳ
1365 4621 1663 4696 χερονϐικῷ
1722 4623 1832 4673 θεοι-

222 4718 480 4786 πρεπῶς,
566 4710 722 4761 αὐτὸν
803 4714 1208 4785 προσφερόμενον
1286 4715 1375 4762 καί
1457 4710 1832 4783 ἁγνιζόμενον,

225 4802 387 4853 αὐτὸν
459 4802 523 4851 τά
578 4801 748 4852 πάντα
808 4799 1092 4870 ὀργιάζοντα
1148 4805 1237 4852 καί
1293 4805 1624 4876 καταίροντασ
1683 4801 1833 4862 αὐτὸς

225 4894 284 4942 τό
317 4886 512 4963 δῶρον,
559 4888 710 4949 αὐτὸς
740 4891 766 4941 6
795 4889 1093 4964 ἀρχιερεὺς,
1137 4893 1291 4950 αυτὸς
1327 4894 1382 4941 τό
1432 4892 1831 4964 θυσιαστήριον,

225 4980 389 5052 αὶτὸς
445 4983 504 5029 τό
583 4978 904 5052 ἱλαστήριον,
979 4978 1130 5038 αὐτὸς
1195 4980 1221 5030 6
1293 4983 1615 5055 προσφέρων,
1678 4980 1833 5041 αὐτὸς

227 5069 255 5136 6
311 5069 442 5144 ὑπὲρ
499 5071 703 5140 κόσμου
751 5069 906 5119 θυσία
952 5071 1383 5142 προσφερόμενος,
1434 5067 1584 5127 αὐτὸς
1631 5073 1689 5120 τό
1727 5089 1831 5142 πυρ

306 5228 354 5264 ¹⁸
384 5226 542 5285 Psal.
567 5242 758 5296 cxvm,
790 5226 912 5282 173.
990 5229 1036 5262 ¹⁹
1071 5229 1186 5283 Luc
1210 5244 1290 5293 xx,
1320 5229 1412 5282 20.

303 5381 335 5414 ε
355 5370 532 5428 Deest
553 5370 617 5426 in
649 5368 789 5426 edit.
819 5389 910 5422 του
941 5368 1070 5430 ἑνός.

1485 5230 1535 5264 ²⁰
1557 5228 1754 5284 Matth.
1785 5243 1880 5284 xu.
1907 5229 1997 5282 28.

1943 4084 2018 4140 de
2049 4081 2369 4139 venerabili
2401 4081 2701 4138 Trinitate.

1942 4173 2150 4229 Sancti
2177 4171 2393 4241 Cyrilli
2419 4169 2950 4240 Hierosolymitani
2966 4183 3042 4224 ea:
3056 4181 3326 4224 sermone
3349 4167 3413 4222 in
3438 4166 3592 4236 festo

2014 4261 2087 4316 de
2113 4273 2362 4316 occursu
2393 4258 2654 4324 Domini,
2695 4258 2868 4328 cujus
2903 4263 2986 4313 est
3014 4256 3288 4312 initium:
3326 4276 3354 4304 α
3386 4254 3594 4310 Gaude

2013 4361 2380 4419 magnopere.
2415 4369 2442 4395 ››

2013 4438 2308 4494 Infantem
2343 4435 2540 4503 video,
2581 4435 2686 4509 qui
2727 4433 2983 4506 legalem
3029 4433 3093 4490 in
3121 4431 3290 4490 terris
3330 4432 3593 4489 hostiam

1939 4526 2146 4596 offert;
2181 4525 2286 4581 sed
2314 4524 2477 4580 hunc
2501 4526 2702 4596 ipsum
2731 4522 3006 4580 omnium
3034 4521 3166 4594 pias
3183 4518 3590 4578 oblationesin

1941 4615 2104 4672 caelis
2151 4613 2557 4686 recipientem,
2604 4611 2886 4668 eumdem
2921 4609 2982 4666 in
3013 4608 3336 4665 cherubico
3373 4608 3591 4664 throno

1940 4704 2262 4777 magniﬁce
2291 4703 2672 4767 residentem,
2700 4701 2983 4758 eumdem
3003 4699 3278 4755 oblatum
3297 4701 3354 4752 et
3377 4697 3592 4752 sancti-

1940 4797 2207 4863 ﬁcatum,
2225 4793 2509 4849 eumdem
2535 4790 2741 4848 omnia
2764 4788 3237 4846 sanctiﬁcantem
3255 4791 3312 4842 et
3329 4800 3592 4859 purgan-

1940 4891 2080 4942 tem.
2111 4885 2244 4956 lpse
2272 4881 2499 4938 donum
2544 4883 2650 4950 est,
2679 4877 2807 4950 ipse
2836 4876 3121 4951 pontifex,
3158 4874 3288 4948 ipse
3307 4873 3592 4947 propitia-

1941 4974 2186 5040 torium,
2234 4971 2364 5042 ipse
2406 4968 2682 5035 offerens,
2727 4967 2856 5040 ipse
2902 4965 3147 5021 victima
3195 4979 3306 5038 pro
3360 4962 3590 5018 mundo

1941 5063 2164 5130 oblata,
2192 5060 2318 5132 ipse
2348 5057 2524 5129 ignis,
2554 5058 2684 5130 ipse
2724 5055 3170 5122 holocaustum,
3200 5053 3328 5126 ipse
3356 5049 3592 5122 lignum

2073 5225 2118 5260 ²¹
2149 5221 2304 5280 Psal.
2335 5234 2624 5286 Lxxxxvn,
2655 5222 2706 5275 1.

316 5511 408 5582 (15
449 5515 529 5569 De
556 5511 740 5582 hujus
771 5512 972 5585 operis
998 5511 1167 5568 titulo
1206 5511 1384 5578 alibi,
1416 5516 1480 5567 ut
1506 5517 1672 5585 puto,
1701 5513 1916 5570 dicturi
1947 5525 2180 5568 sumus.

314 5603 448 5674 (16).
491 5601 646 5659 Edit.
671 5601 934 5668 Auberti,
965 5606 1006 5657 t.
1031 5603 1094 5671 ν,
1125 5603 1274 5673 part.
1303 5601 1373 5672 II,
1404 5615 1466 5674 p.
1494 5605 1618 5657 378.

4089 3423 4107 3466 'J

4075 3527 4105 3784 ’ί

4103 2859 4109 3073 π
