4152 6208
498 337 598 392 167
1823 321 2094 383 NICET/E
2132 325 2510 384 CHONIAT/E
3757 327 3856 382 {68

497 460 627 515 vitae
659 462 716 515 et
740 455 1023 524 scientiae,
1054 454 1181 527 ipse
1208 467 1429 524 agnus,
1451 451 1579 525 ipse
1606 450 1843 522 gladius
1872 452 2149 524 Spiritus,

2270 453 2534 526 Βπάρχων,
2568 450 2725 513 αύτός
2762 449 3130 516 ὁλοκαύτωσις,
3162 449 3313 510 αύτός
3350 450 3417 501 τὰ
3447 448 3572 512 ξύλα
3594 458 3688 512 τῆς
3716 448 3861 512 ζωῆς

498 550 625 623 ipse
661 552 890 622 pastor,
917 546 1047 618 ipse
1086 544 1421 614 agnicutus,
1454 543 1583 615 ipse
1614 541 1995 611 sacriﬁcator,
2023 541 2151 615 ipse

497 638 612 707 lex,
645 637 773 711 ipse
802 634 1063 708 denique
1087 634 1281 706 legem
1311 632 1581 707 implens.

504 908 707 965 Sancti
736 905 960 977 συνειιὶ
992 903 1408 960 Alexandrini
1441 916 1516 959 ex
1535 900 1838 958 duodecim
1871 899 2154 971 capitulis

937 993 1223 1049 adversus
1262 991 1714 1049 Theodoretum.

576 1089 723 1143 Cum
754 1088 953 1140 autem
981 1083 1174 1138 factus
1207 1086 1294 1137 est
1324 1081 1529 1148 homo,
1563 1078 1892 1136 sacerdotis
1913 1093 2156 1151 quoque

505 1176 687 1247 gessit
718 1171 1194 1241 ofﬁcium,haud
1226 1187 1371 1226 sane
1393 1176 1457 1226 ut
1487 1172 1604 1226 Deo
1632 1174 1923 1241 tanquam
1945 1166 2155 1239 majori

503 1281 631 1322 rem
663 1279 898 1319 sacram
938 1262 1179 1328 faceret,
1216 1260 1322 1314 sed
1355 1265 1418 1315 ut
1456 1265 1512 1315 et
1542 1259 1653 1315 sibi
1684 1264 1738 1314 et
1760 1258 1914 1313 Patri
1938 1262 2155 1312 nostrae

503 1352 644 1409 ﬁdei
675 1351 1110 1408 confessionem
1144 1349 1468 1405 exhiberet.
1494 1350 1679 1404 Pudet
1707 1352 1760 1403 te
1791 1345 2157 1411 audientem,

505 1441 672 1514 quod
712 1439 994 1496 sacerdos
1028 1437 1200 1493 fuerit
1230 1442 1528 1510 quatenus
1545 1436 1729 1492 homo
1750 1437 1776 1491 ?
1805 1438 1917 1493 Cur
1942 1434 2160 1490 deinde

505 1546 631 1587 non
689 1528 943 1594 miraris,
993 1527 1159 1599 quod
1207 1543 1329 1582 non
1379 1532 1724 1581 caeterorum
1775 1528 2159 1580 sacerdotum

507 1634 675 1675 more
701 1616 1017 1683 sacriﬁcat,
1041 1614 1147 1670 sed
1177 1614 1289 1670 sibi
1313 1613 1430 1686 ipsi
1458 1614 1654 1685 potius
1684 1629 1755 1669 ac
1784 1612 1980 1669 Patri?

790 1794 1076 1865 Ejusdem
1109 1807 1183 1849 ex
1216 1806 1483 1849 sermone
1511 1791 1591 1847 ad
1610 1791 1870 1861 reginas.

579 1905 713 1976 Ipse
744 1902 919 1972 igitur
948 1900 1056 1957 fuit
1082 1900 1360 1955 sacerdos
1397 1905 1697 1972 quatenus
1728 1899 1933 1967 homo,
1960 1914 2159 1971 quan-

508 2010 689 2066 quam
704 1993 975 2048 omnium
1000 1990 1335 2062 excipiebat
1355 1991 1644 2046 sacriﬁcia
1664 1994 1962 2062 quatenus
1984 1992 2160 2045 Deus.

510 2084 641 2155 Ipse
670 2082 871 2137 hostia
914 2079 1249 2135 secundum
1281 2095 1546 2149 carnem,
1595 2079 1878 2152 idemque
1917 2084 2163 2152 peccata

511 2176 720 2229 nostra
749 2169 1107 2227 condonans
1138 2184 1248 2241 pro
1278 2168 1513 2225 deitatis
1540 2185 1662 2224 suae
1702 2173 2011 2241 potestate.

618 2383 900 2455 Ejusdem
930 2398 1005 2440 ex
1036 2382 1163 2438 loco
1194 2382 1298 2438 ubi
1333 2382 1405 2439 de
1439 2382 1767 2439 obedientia
1809 2381 2056 2439 Christi.

583 2523 1003 2583 Animadverte
1031 2524 1341 2597 quomodo
1363 2525 1761 2580 sacerdotium
1784 2525 1933 2594 gerit
1952 2523 2036 2580 uti
2054 2522 2164 2579 ho-

513 2632 634 2689 mo,
688 2616 872 2687 ﬁtque
915 2614 1209 2671 mediator
1248 2614 1347 2669 Dei
1401 2618 1458 2671 et
1501 2614 1838 2669 hominum.
1891 2613 2165 2684 Cujusvis

512 2707 673 2763 enim
705 2703 1031 2760 sacerdotis
1061 2708 1150 2759 est
1191 2703 1575 2759 intercedere.
1610 2703 2040 2759 Verumtamen
2072 2718 2164 2759 sa-

512 2793 804 2849 criﬁcium
832 2791 995 2847 haud
1024 2791 1127 2847 illa
1150 2791 1398 2863 ratione,
1432 2808 1556 2864 qua
1582 2793 1775 2847 caeteri
1798 2789 2158 2861 sacerdotes,

508 2883 570 2939 id
599 2888 687 2938 est
717 2880 1005 2937 serviliter
1036 2880 1242 2950 offert;
1290 2881 1371 2937 ita
1401 2886 1465 2936 ut
1489 2880 1635 2936 nihil
1665 2898 1737 2937 ex
1768 2881 2058 2937 sacriﬁcio
2084 2880 2164 2936 ad

2258 546 2347 593 xui
2375 550 2466 601 τῆς
2490 546 2744 613 γνώσεως,
2776 540 2932 603 αύτός
2957 541 2983 592 6
3016 538 3194 612 ἀμνὸς,
3226 539 3376 599 αὑτός
3415 540 3444 597 ἡ
3483 541 3731 613 μάχαιρα
3764 557 3859 591 του

2260 633 2575 702 Πνεύματος,
2610 630 2765 692 αὐτὸς
2792 631 2817 681 ὁ
2855 634 3071 701 ποιμὴν,
3119 629 3276 689 αὐτὸς
3306 633 3362 679 τό
3403 626 3595 701 ἀρνίον,
3638 626 3793 689 αὑτός
3833 628 3862 679 6

2263 722 2436 788 θύτης,
2479 719 2629 780 αύτός
2668 720 2693 771 6
2731 723 2900 792 νόμος,
2943 724 3030 771 καί
3057 716 3207 779 αὐτός
3246 721 3271 770 ό
3317 721 3402 769 τόν
3430 721 3583 790 νόμον
3612 716 3855 791 πληρῶν.

2259 901 2362 948 Τοῦ
2424 894 2577 967 ἁγίου
2624 893 2878 971 Κυρίλλου
2947 890 3329 969 Ἀλεξανδρείας
3368 892 3424 947 ἐκ
3471 902 3571 947 τῶν
3624 893 3696 968 ιβ’
3742 913 3861 967 xcv,

2722 993 2822 1037 τῶν
2858 987 2995 1037 κατὰ
3034 981 3393 1059 Θεοδωρήτου.

2336 1073 2475 1126 Ἐπεὶ
2499 1070 2557 1126 δὲ
2583 1078 2785 1145 γέγονεν
2824 1076 3114 1149 ἄνθρωπος,
3156 1077 3517 1147 κεχρημάτικε
3555 1079 3645 1127 καὶ
3679 1075 3864 1150 ἱερεύς,

2266 1164 2370 1237 οὐχ
2402 1167 2469 1227 ὡς
2509 1165 2708 1236 μείζονι
2739 1172 2851 1235 Θεῷ
2881 1166 3251 1237 προσκομίζων
3289 1169 3383 1223 τὴν
3407 1170 3719 1240 ἱερουργίαν,
3752 1164 3867 1217 ἀλλ’

2268 1254 2434 1325 ἐαυτῷ
2464 1273 2517 1306 τε
2547 1258 2635 1306 καὶ
2666 1262 2737 1324 τῷ
2776 1259 2964 1328 Πατρὶ,
2993 1263 3088 1315 τῆς
3127 1259 3348 1315 πίστεως
3378 1256 3522 1327 ἡμῶν
3553 1259 3644 1313 τὴν
3677 1254 3870 1327 ὁμολο-

2266 1349 2384 1415 γίαν
2416 1348 2923 1416 πραγματευόμενος.
2955 1346 3236 1416 Ἒρυθριᾴς
3267 1340 3326 1396 δε
3348 1342 3545 1396 ἀκούων
3566 1346 3646 1397 ὅτι
3663 1362 3869 1419 κεχρη-

2266 1436 2479 1505 μάτικεν
2505 1435 2665 1507 ἱερεύς
2688 1430 2781 1485 διὰ
2800 1437 2857 1486 τό
2880 1431 3196 1504 ἀνθρώπινον
3224 1450 3235 1498 ;
3258 1430 3384 1486 Εἶτα
3402 1442 3506 1494 πῶς
3524 1438 3582 1485 ού
3599 1435 3868 1502 τεθαύμα-

2267 1542 2361 1584 κας
2384 1524 2463 1573 ὅτι
2493 1526 2563 1594 μὴ
2592 1525 2725 1574 κατά
2749 1525 2808 1573 τὸ
2835 1530 2933 1573 τῶν
2967 1521 3134 1593 ἱερέων
3165 1524 3275 1582 ἔθος
3302 1521 3481 1596 ἐτέρων
3508 1530 3729 1575 ποιεῖται
3766 1530 3866 1584 τῆς

2270 1616 2562 1687 ἱερουργίας
2591 1616 2677 1665 τὸν
2698 1618 2908 1685 τρόπον,
2939 1611 3103 1683 ἐαυτῷ
3132 1608 3189 1664 δὲ
3218 1611 3406 1684 μᾶλλον
3436 1616 3526 1664 καὶ
3555 1620 3626 1683 τῷ
3654 1616 3826 1687 Πατρὶ
3850 1625 3866 1678 ;

2416 1799 2519 1845 Τοῦ
2560 1791 2719 1845 αὐτοῦ
2760 1790 2859 1843 ἀπὸ
2886 1798 2976 1843 τοῦ
3015 1794 3146 1865 πρὸς
3185 1791 3507 1854 Βασιλίσσας
3531 1791 3708 1864 λόγου.

2341 1900 2508 1961 Αὐτός
2551 1900 2637 1952 οὖν
2681 1900 2784 1974 ἄρα
2828 1902 3033 1970 γέγονεν
3079 1897 3353 1973 ἀρχιερεύς
3395 1902 3528 1951 κατά
3564 1919 3623 1971 γε
3668 1901 3724 1952 τό
3776 1897 3867 1950 ἀν-

2274 1992 2543 2063 θρώπινον,
2607 1994 2779 2041 καίτοι
2842 1992 2982 2064 παρὰ
3049 1991 3250 2041 πάντων
3328 1990 3508 2049 θυσίας
3580 1982 3869 2061 δεχόμενος

2274 2080 2486 2138 eaer
2549 2076 2700 2137 αὐτὸς
2747 2081 2804 2129 τό
2857 2078 2996 2149 θῦμα
3051 2079 3184 2129 κατά
3220 2081 3310 2135 τὴν
3370 2078 3541 2150 σάρκα
3572 2096 3586 2111 ο
3644 2077 3801 2138 αὐτὸς
3837 2073 3865 2128 6

2271 2175 2382 2229 ταῖς
2434 2168 2715 2242 ἁμαρτίαις
2775 2166 3104 2239 ἱλασκόμενος
3152 2168 3296 2239 ἡμῶν
3345 2170 3481 2220 κατὰ
3520 2186 3579 2240 γε
3631 2170 3721 2225 τὴν
3764 2174 3864 2227 τῆς

2276 2259 2512 2319 θεότητος
2542 2256 2798 2320 ἐξουσίαν.

2306 2389 2408 2437 Τοῦ
2440 2382 2599 2435 αὑτοῦ
2625 2380 2725 2435 ἀπὸ
2763 2389 2855 2435 τοῦ
2894 2386 3010 2456 περὶ
3043 2383 3274 2444 ὑπακοῆς
3317 2390 3407 2436 τοῦ
3440 2388 3668 2458 Χριστοῦ
3698 2380 3828 2453 (17).

2341 2526 2518 2598 ’Λθρει
2582 2522 2641 2579 δὲ
2702 2527 2835 2586 ὅπως
2903 2527 3147 2601 ίερατεύει
3212 2527 3301 2598 μὲν
3359 2525 3711 2599 ἀνθρωπίνως,
3775 2529 3868 2576 καὶ

2272 2621 2486 2691 μεσίτης
2513 2617 2734 2668 τέθειται
2788 2623 2919 2668 Θεοῦ
2950 2620 3039 2667 καὶ
3094 2613 3373 2688 ἀνθρώπων
3398 2636 3409 2649 ο
3461 2616 3719 2687 μεσιτεύει
3760 2616 3867 2686 γὰρ

2272 2714 2369 2767 πᾶς
2420 2709 2615 2781 ἱερεύς·
2659 2710 2745 2759 τὸν
2792 2702 2851 2759 δέ
2895 2714 2985 2767 τῆς
3044 2707 3230 2767 θυσίας
3286 2711 3473 2779 τρόπον
3522 2705 3691 2757 οὐκέτι
3737 2705 3864 2755 καθ’

2273 2798 2359 2849 ἕνα
2405 2800 2504 2849 των
2552 2796 2668 2848 καθ’
2699 2796 2833 2867 ἡμᾶς
2883 2798 3049 2870 ἱερέων
3092 2796 3435 2868 προσκομιζει
3480 2791 3864 2867 ὃουλοττρεπῶς,

2277 2882 2438 2946 μηδὲν
2493 2885 2639 2945 αὐτὸς
2688 2886 3024 2936 ἑπικοινωνὼν
3076 2892 3173 2935 τῶν
3228 2884 3299 2946 εἰς
3353 2887 3411 2936 τὸ
3458 2882 3627 2935 λαϐεῖν
3682 2882 3866 2941 αύτήνο

506 2972 707 3044 ipsum
756 2970 1087 3025 redundet:
1139 2969 1244 3024 sed
1304 2970 1415 3025 sibi
1472 2974 1775 3041 operatur,
1827 2975 1883 3025 et
1934 2986 2039 3042 per
2096 2984 2160 3024 se

2273 2973 2380 3026 ἀλλ’
2423 2972 2586 3044 ἐαυτῷ
2626 2977 3044 3046 πραγματεύεται
3082 2977 3171 3026 καὶ
3203 2969 3275 3025 δι’
3316 2970 3475 3025 αὐτοῦ
3518 2976 3607 3024 καὶ
3636 2976 3684 3024 εν
3728 2968 3869 3041 αύτῷ

506 3061 726 3133 ipsum,
778 3064 958 3131 atque
997 3058 1059 3113 in
1109 3074 1237 3113 sese
1280 3061 1398 3115 Deo
1439 3063 1497 3113 et
1527 3059 1700 3114 Patri.
1734 3061 1799 3114 Et
1820 3061 2034 3128 paucis
2074 3061 2162 3115 in-

507 3149 768 3219 teriectis
795 3166 807 3201 :
843 3147 1021 3218 igitur
1050 3146 1288 3203 etiamsi
1329 3147 1665 3204 sacriﬁcare
1694 3148 2030 3203 secundum
2054 3148 2161 3204 hu-

506 3254 753 3294 manam
782 3241 1063 3293 naturam
1092 3236 1329 3301 dicitur,
1368 3236 1554 3293 nihilo
1595 3241 1797 3294 tamen
1828 3238 2028 3293 minus
2058 3238 2164 3293 ho-

507 3327 682 3383 stiam
708 3325 965 3398 ipsemet
991 3323 1242 3396 suscipit
1279 3329 1577 3397 quatenus
1607 3328 1763 3381 Deus
1787 3342 1799 3392 ;
1828 3325 1989 3381 idem
2012 3325 2161 3382 scili-

506 3420 597 3473 cet
628 3419 780 3471 Deus
816 3414 998 3473 simul
1020 3417 1199 3486 atque
1224 3413 1431 3470 homo.

579 3505 677 3560 Ex
706 3504 1190 3573 tetraevangetio,
1221 3504 1631 3571 interpretatio
1659 3502 2091 3575 archiepiscopi

1169 3591 1496 3661 Bulgaria’.

584 3681 768 3735 Lucas
837 3682 1038 3733 autem
1105 3677 1203 3744 ait,
1264 3678 1326 3733 id
1382 3695 1627 3751 quoque
1687 3679 1906 3735 dixisse
1964 3680 2157 3737 Domi-

513 3783 697 3825 num:
750 3766 877 3822 Hoc
915 3767 1103 3836 facite
1134 3768 1199 3822 in
1242 3782 1429 3822 meam
1460 3771 2061 3825 commemorationem
2090 3772 2155 3825 ³³.

514 3858 652 3923 lloc,
698 3855 910 3927 inquit,
971 3859 1059 3911 est
1103 3869 1333 3911 novum
1377 3857 1776 3926 mysterium;
1831 3856 1975 3912 illud
2022 3874 2160 3916 vero

510 3953 703 4006 vetus.
762 3951 828 4003 Et
893 3945 1036 4002 illud
1100 3942 1346 4018 quidem
1414 3945 1493 4001 ob
1558 3947 1914 4003 memoriam
1980 3948 2164 4005 ﬁebat

511 4043 885 4096 servatorum
914 4037 975 4093 in
1004 4036 1260 4108 Egypto
1282 4034 1709 4093 llebraicorum
1738 4037 2162 4109 primogenito-

508 4145 667 4198 rum,
691 4132 747 4185 et
778 4127 934 4184 illius
965 4142 1149 4199 quam
1179 4124 1366 4181 Judaei
1409 4125 1611 4198 adepti
1653 4130 1794 4181 sunt
1836 4126 2158 4197 libertatis;

2270 3073 2342 3135 τῷ
2383 3074 2495 3137 Θεῷ
2526 3069 2615 3116 καὶ
2645 3069 2832 3138 Πατρί.
2878 3066 2977 3117 Καὶ
3008 3063 3116 3135 μετ’
3146 3060 3317 3136 ὀλίγα,
3363 3057 3562 3115 Ούκοῦν
3601 3060 3695 3113 κᾶν
3729 3061 3873 3135 ἱερα-

2271 3157 2430 3206 τεύειν
2480 3151 2806 3227 ἀνθρωπίνως
2848 3152 3070 3224 λέγεται,
3111 3151 3239 3204 ἀλλὰ
3286 3149 3503 3224 δέχεται
3552 3156 3644 3209 τὴν
3686 3153 3872 3203 θυσίαν

2272 3244 2422 3305 αὐτὸς
2463 3245 2645 3305 θεῑκώς
2675 3245 2699 3295 6
2731 3243 2886 3306 αύτός
2917 3247 2984 3294 ὧν
3024 3241 3153 3315 ὁμοῦ
3183 3247 3271 3296 καὶ
3299 3246 3429 3305 Θεὸς
3452 3242 3543 3295 καί
3568 3242 3859 3318 ἅνθρωπος,

2370 3508 2457 3563 Ἐκ
2486 3503 2575 3562 τού
2607 3506 3040 3583 τετραευαγγέλου
3073 3508 3315 3584 ἑρμηνεία
3344 3507 3434 3562 τοῦ
3467 3508 3769 3583 Βυλγαρίας.

2340 3694 2547 3751 Λουκᾶς
2594 3684 2653 3741 δὲ
2697 3692 2826 3760 λέγει
2869 3692 2956 3740 καὶ
2989 3707 3139 3740 τουτο
3179 3688 3332 3741 εἰπεῖν
3378 3692 3490 3741 τότε
3526 3691 3610 3740 τὸν
3651 3689 3862 3762 Κύριον,

2269 3779 2348 3831 ὅτι
2438 3785 2602 3831 Τοῦτο
2694 3784 2885 3830 ποιεῖτε
2977 3778 3046 3839 εἰς

2267 3874 2435 3937 τοῦτο,
2521 3871 2669 3939 φησὶ,
2760 3870 2817 3918 τὸ
2900 3869 3074 3917 καινόν

3138 3783 3227 3836 τὴν
3317 3776 3441 3850 ἐμὴν
3532 3776 3857 3849 ἀνάμνησιν·

3172 3871 3506 3939 μυστήσιον·
3591 3869 3680 3915 καί
3769 3865 3861 3936 μὲν

2269 3954 2425 4008 ἐκεῖνο
2473 3957 2531 4007 τό
2575 3955 2831 4007 παλαιόν·
2877 3953 3035 4007 ἐκεῖνο
3074 3956 3163 4027 μὲν
3210 3957 3309 4029 γὰρ
3359 3956 3416 4007 τὸ
3469 3955 3744 4026 θυσιασμα
3792 3952 3866 4016 εἰς

2271 4042 2557 4117 ἀνάμνησιν
2641 4039 2834 4115 ἐγενετο
2916 4048 3011 4106 τῆς
3110 4042 3160 4096 ἐν

3255 4044 3500 4115 Αἰγύπτῳ
3601 4045 3869 4118 σωτηρίας

2269 4142 2367 4185 τῶν
2418 4130 2697 4205 Ἑϐραϊκῶν
2743 4137 3103 4207 πρωτοτόκων,
3151 4136 3241 4185 καὶ
3293 4140 3383 4193 τῆς
3433 4141 3531 4184 τῶν
3598 4129 3870 4185 Ἰουδαίων

510 4217 626 4272 hoc
669 4223 870 4272 autem
900 4215 960 4271 in
991 4214 1221 4269 domini
1260 4215 1893 4271 commemorationem
1931 4216 2013 4272 ﬁt.
2057 4219 2160 4273 Per

2270 4218 2587 4294 ἕλευθερίαςυ
2636 4227 2788 4274 τοῦτο
2846 4218 2903 4274 ὃε
2970 4227 3040 4283 εὶς
3098 4219 3387 4294 ἀνάμνησιν
3437 4228 3528 4274 τοῦ
3576 4224 3870 4274 Δεσπότουο

509 4305 626 4361 hoc
654 4305 814 4360 enim
845 4302 1206 4360 sacriﬁcium
1235 4302 1295 4357 in
1324 4304 1680 4359 memoriam
1711 4303 1887 4359 nobis
1918 4321 2159 4363 revoca-

513 4409 667 4463 mus,
701 4392 868 4465 quod
893 4391 942 4447 is
964 4406 1141 4446 suum
1167 4406 1386 4462 corpus
1408 4393 1583 4447 morti
1605 4393 1930 4464 tradiderit,
1956 4411 2162 4452 suum-

512 4497 629 4555 que
655 4480 1011 4549 sanguinem
1033 4479 1251 4535 fuderit
1275 4494 1289 4545 ;
1314 4484 1723 4553 perpetuoque
1753 4482 1867 4539 hoc
1897 4484 2013 4540 ritu
2037 4500 2159 4541 me-

513 4570 770 4628 moriam
798 4568 884 4626 rei
912 4584 1295 4625 renovamus.
1325 4568 1519 4625 Viden’
1544 4572 1853 4642 quomodo
1894 4590 1929 4629 a
1965 4579 2162 4630 vetere

515 4660 806 4719 sacriﬁcio
837 4657 916 4715 ad
957 4673 1186 4714 novum
1213 4658 1564 4715 transtulit?
1596 4662 1709 4716 Cur
1748 4662 1908 4717 enim
1938 4663 2161 4719 diutius

514 4767 669 4823 opus
699 4755 824 4807 erat
860 4747 1123 4817 imagine
1154 4746 1245 4802 his
1276 4746 1379 4819 qui
1408 4752 1799 4821 prototypum
1833 4750 1962 4822 jam
2009 4756 2166 4808 tene-

514 4839 705 4896 bant?
752 4839 933 4895 Porro
980 4836 1061 4894 ait
1107 4836 1589 4909 Chrysostomus,
1622 4839 1914 4896 Christum
1962 4841 2164 4914 ipsum

511 4929 747 4986 initium
772 4928 983 4984 fecisse
1020 4926 1418 4999 participandi
1450 4929 1503 4984 ci
1531 4930 1839 5000 mysterio,
1862 4935 1926 4987 ut
1947 4932 2030 4988 ita
2058 4933 2163 4989 im-

510 5018 754 5091 pelleret
791 5015 1119 5089 quominus
1162 5032 1199 5071 a
1236 5017 1536 5073 vescendo
1568 5034 1746 5074 carne
1779 5024 1835 5075 et
1871 5022 2165 5091 sanguine

511 5112 755 5181 propter
783 5106 868 5161 rei
898 5103 1283 5161 insolentiam
1310 5121 1435 5161 non
1458 5104 1873 5165 abhorrerent.
1908 5110 1970 5166 id
1999 5113 2165 5184 quod

509 5198 639 5269 ejus
683 5195 841 5251 dicto
881 5195 1024 5251 satis
1067 5194 1549 5264 demonstratur;
1590 5197 1737 5254 Dico
1776 5200 1933 5255 enim
1984 5202 2161 5270 vobis,

506 5303 626 5342 non
654 5286 850 5341 bibam
876 5285 1132 5340 ulterius
1160 5299 1234 5340 ea:
1253 5284 1362 5340 hoc
1381 5287 1678 5355 geniminc
1704 5288 1855 5354 vitis,
1882 5305 2068 5362 usque
2086 5293 2167 5349 ad

511 5376 665 5432 diem
686 5374 859 5430 illam
888 5388 1021 5429 cum
1040 5373 1198 5429 illud
1215 5388 1433 5429 novum
1459 5369 1764 5432 vobiscum'
1782 5378 1977 5435 bibam
1996 5380 2049 5434 in
2078 5396 2162 5438 re-

586 5519 633 5553 "
666 5519 808 5573 Luc.
840 5531 972 5586 χχιι,
1005 5520 1090 5573 19.

2272 4306 2366 4363 διὰ
2412 4318 2505 4373 τῆς
2552 4312 2797 4371 τοιαύτης
2847 4312 2948 4385 γὰρ
2996 4312 3186 4373 θυσίας
3241 4310 3744 4384 ἀναμιμνησκόμεθα
3789 4312 3872 4364 ὅτι

2270 4403 2328 4453 τὸ
2384 4409 2535 4472 σῶμα
2572 4399 2731 4451 αὑτοῦ
2783 4396 3080 4473 παρέδωκεν
3122 4400 3192 4461 εἰς
3233 4401 3469 4465 θάνατον,
3521 4402 3699 4453 καὶτὸ
3738 4400 3870 4472 αἷμα

2272 4488 2431 4541 αὐτοῦ
2483 4487 2685 4560 ἐξέχεε·
2736 4492 2825 4541 xui
2876 4496 2935 4561 τῇ
2991 4493 3236 4560 συνεχείᾳ
3282 4494 3373 4548 τὴν
3426 4494 3634 4561 μνήμην
3688 4486 3869 4541 ἀνανε-

2271 4580 2484 4651 ούμεθα.
2554 4573 2701 4637 Εἶδες
2774 4585 2880 4637 πῶς
2956 4579 3201 4649 μετέθηκε
3262 4580 3382 4639 τοῦς
3447 4579 3688 4649 μαθητὰς
3728 4572 3868 4629 ’ἀπὸ

2271 4675 2364 4729 τῆς
2411 4666 2636 4727 παλαιᾶς
2687 4667 2873 4725 θυσίας
2922 4663 3004 4717 ἐπὶ
3058 4670 3151 4724 τὴν
3199 4670 3419 4732 καινήν;
3473 4670 3608 4718 Ποία
3648 4666 3749 4739 γὰρ
3793 4664 3870 4717 εἰ·-

2272 4762 2413 4817 κόνος
2473 4756 2548 4808 ἔτι
2599 4759 2760 4831 χρεία
2809 4761 2918 4817 τοῖς
2967 4749 3072 4812 ἤδη
3134 4758 3192 4806 τὸ
3240 4759 3579 4829 πρωτότυπον
3636 4758 3865 4826 ἔχουσι;

2274 4850 2411 4904 Φησὶ
2443 4842 2500 4898 δε
2528 4850 2617 4897 καὶ
2664 4846 2689 4896 6
2723 4848 3103 4917 Χρυσόστομος
3152 4845 3231 4895 ὅτι
3271 4849 3359 4896 καὶ
3400 4844 3425 4895 ό
3467 4847 3690 4918 Χριστός
3726 4850 3871 4917 πρῶ-

2273 4954 2360 4997 τος
2388 4938 2503 4987 τότε
2547 4938 2774 5006 μετέσχε
2821 4940 2915 4985 τοῦ
2956 4937 3276 5006 μυστηρίου,
3332 4935 3415 4984 ἵνα
3451 4937 3522 5004 μὴ
3569 4928 3875 4991 ἀηὸισθῶσι

2277 5026 2465 5099 σαρκὸς
2551 5027 2641 5075 καὶ
2726 5025 2945 5095 αἵματος
3036 5020 3334 5094 μεταλαϐεῖν
3422 5020 3816 5094 ἐπιτρεπόμενος
3857 5040 3872 5055 ο

2273 5119 2363 5166 καὶ
2460 5115 2644 5165 τούτου
2731 5109 2789 5165 δὲ
2879 5117 3158 5187 τεκμήριον
3244 5118 3338 5164 τοῦ
3426 5110 3583 5163 εἰπεῖν
3680 5109 3874 5163 αύτόνο

2276 5207 2426 5274 Λέγω
2482 5198 2540 5255 δε
2590 5203 2672 5255 ὅτι
2723 5201 2781 5253 ού
2831 5205 2901 5272 μὴ
2954 5206 3055 5252 πίω
3108 5199 3304 5273 ἀπάρτι
3358 5198 3414 5251 ἐκ
3473 5219 3564 5251 του
3622 5204 3878 5272 γεννήμα-

2275 5311 2357 5352 τος
2420 5299 2511 5352 τῆς
2581 5290 2807 5363 ἀμπέλου
2884 5292 2971 5350 ἕως
3045 5298 3136 5349 τῆς
3216 5291 3410 5362 ἡμέρας
3472 5288 3688 5351 ἐκείνης.
3756 5290 3876 5341 ὅταν

2276 5382 2403 5435 αὐτὸ
2463 5385 2590 5433 πίνω
2653 5379 2764 5452 μεθ’
2827 5378 2968 5452 ὑμῶν
3024 5382 3199 5432 καινόν
3260 5377 3307 5431 ἐν
3364 5385 3426 5452 τῇ
3486 5377 3734 5450 βασιλείᾳ
3782 5396 3874 5431 του

590 5643 702 5717 (t7)
731 5640 1029 5703 Particula
1056 5643 1145 5701 est
1171 5639 1300 5700 haec
1328 5639 1598 5712 ejusdem
1620 5645 1910 5704 sermonis
1941 5644 2244 5720 Cyrilliani
2281 5649 2362 5710 ad
2390 5645 2652 5721 reginas.
