2076 3104
34 0 47 227 !

32 289 46 316 Ε.

1782 15 2049 45 -ηππ

300 146 347 175 171
966 144 1101 173 NlCET/E

1170 144 1308 173 ONIATE
1923 149 1977 177 172

300 208 441 238 Similiter
454 209 483 237 et
493 207 779 244 quinquagesimum
791 214 906 236 nouum
917 207 1073 244 psalmum
1086 207 1115 235 dt

1177 209 1288 244 νυμφίου
1299 209 1344 234 καὶ
1351 208 1453 244 νύμφης
1469 207 1610 244 βασιλίδος
1624 209 1730 241 ἐξειπὼν
1738 209 1859 238 ἕτίλεσιν,
1865 210 1977 247 Ὁμοίως

298 254 406 282 eodem
420 252 562 281 recitavit.
578 253 674 285 Quam
684 259 749 280 rem
763 254 886 280 testatur
900 252 963 288 ipse
979 252 1123 280 Dominus

297 298 405 326 Iudaeis
420 297 523 326 dicens
540 305 546 324 :
564 296 713 331 Quomodo
737 304 807 332 ergo
825 297 926 325 David
947 297 978 324 in
1004 297 1122 331 Spiritu

296 347 401 371 sancto
414 345 495 371 vocat
508 350 574 371 eum
589 342 748 369 Dominum
773 341 817 369 his
836 342 932 370 verbis
948 350 954 369 :
970 342 1051 369 Dia-it
1065 342 1122 369 Do-

297 388 397 416 minus
420 387 546 415 Domino
570 394 632 414 meo
649 395 656 414 ε
677 385 752 414 Sede
777 393 796 414 a
819 386 931 414 dextris
952 386 1073 414 meis“?
1093 386 1122 415 Si

297 432 387 460 Filius
403 432 469 467 ejus
485 433 538 464 est,
554 430 711 467 quomodo
735 430 879 459 Dominus
902 430 1038 467 ejusdem
1057 431 1121 459 est?

295 478 373 513 Ergo
390 476 500 510 verbis,
513 476 658 503 Dominus
676 476 750 511 ejus,
773 476 867 503 Deum
886 475 1043 503 manifeste
1067 483 1121 512 ap-

296 522 397 559 pellat.
413 523 487 550 Tum
503 521 605 554 verba,
621 520 693 549 Sede
707 528 725 549 a
744 520 854 549 dextris
867 521 948 552 meis,
962 520 1121 556 perspicue

295 566 475 596 humanitati
489 565 690 599 conveniunt;
706 573 778 593 nam
790 565 984 600 vocabulum,
995 566 1072 597 sede,
1083 565 1121 593 de

295 611 433 640 nondum
450 611 573 639 sedente
589 610 706 638 dicitur.
723 609 810 646 Atqui
825 609 921 638 deitas
935 610 965 638 in
981 617 1037 638 sua
1050 610 1121 639 bea-

294 655 431 690 titudine,
447 655 561 683 honore
577 654 732 691 gloriaque
746 653 872 682 fundata
887 654 981 687 sedet,
993 654 1066 691 quin
1081 655 1121 683 ab

295 700 398 737 aliquo
411 700 526 735 majore
540 698 579 727 ad
589 698 620 726 id
634 700 756 726 vocetur
767 700 819 726 aut
833 698 1029 735 compellatur
1045 708 1051 727 :
1067 699 1121 728 sed

294 746 397 782 utique
412 744 517 772 Christi
532 743 705 771 humanitas
718 743 757 771 ab
768 743 852 772 unita
866 743 922 771 sibi
936 744 1121 780 inseparabi-

294 790 361 818 liter
372 789 482 817 deitate
497 788 639 816 invitatur
663 787 737 816 dum
763 788 857 821 audit,
877 788 952 817 Sede
967 796 985 816 α
1008 789 1120 817 dextris

294 834 375 868 meis,
392 833 423 861 id
437 834 482 861 est
500 832 587 860 veluti
603 832 633 860 in
648 831 771 860 honoris
786 832 845 861 mei
868 832 1003 868 paritate.
1020 834 1119 869 Neque

1179 250 1208 278 δὲ
1221 254 1265 278 καὶ
1279 253 1321 278 τόν
1340 251 1379 289 ρθ’
1391 252 1494 290 ψαλμὸν
1515 253 1552 285 εἰς
1575 253 1652 280 αὐτὸν
1674 255 1776 292 εἴρηκε·
1790 257 1835 281 καὶ
1851 259 1978 293 ιιαρτυρεί

1177 297 1255 328 αὐτὸς
1269 297 1281 322 ὁ
1298 297 1394 335 Κύριος
1407 296 1488 334 λέγων
1506 299 1571 334 πρὸς
1585 297 1746 331 Ἰουδαίουρ
1762 303 1820 330 Πῶς
1832 297 1876 326 οὖν
1892 297 1977 327 Δαϐἱδ

1176 340 1201 367 ἄν
1216 342 1347 377 Πνεύματι
1367 341 1434 378 ἁγίῳ
1462 343 1557 379 Κύριον
1581 342 1658 369 αὑτὸν
1673 343 1745 370 καλεῖ
1757 343 1837 380 λέγων
1847 355 1853 362 ·
1870 347 1946 371 Εἶπεν
1961 345 1975 371 ὁ

1177 387 1270 423 Κύριος
1284 390 1321 422 τῷ
1338 389 1425 424 Κυρίῳ
1439 396 1501 423 μου,
1523 388 1610 414 Κάθου
1625 387 1653 414 ἐκ
1675 385 1766 420 δεξιῶν
1780 397 1848 426 μου;
1869 389 1900 416 Εἰ
1913 390 1974 421 Υἱός

1176 430 1256 457 αὐτοῦ
1276 430 1357 466 ἔστιν,
1381 436 1435 462 πῶς
1455 433 1551 469 Κύριος
1578 432 1658 459 αὐτοῦ
1684 432 1753 467 im;
1769 435 1798 460 τὸ
1813 435 1857 470 μὲν
1879 435 1974 471 Κύριος

1176 475 1256 501 αὐτοῦ
1282 477 1317 506 ὡς
1343 477 1406 503 Θεὸν
1427 480 1516 513 σαφῶς
1540 480 1689 515 προειπών·
1716 479 1745 504 τὸ
1772 476 1802 505 δι
1831 479 1918 505 Κάθου
1944 478 1974 506 ἔτι

1176 517 1268 551 δεξιῶν
1283 530 1332 557 μου
1349 524 1436 556 σαφῶς
1456 525 1487 558 τῇ
1508 520 1692 558 ἁνθρωπότητι
1710 521 1819 559 ἁρμόζει
1831 530 1839 538 ⁸
1863 525 1893 550 τό
1920 524 1972 561 γὰρ

1174 565 1256 592 κάθου
1269 570 1304 601 τῷ
1323 567 1358 601 μὴ
1374 566 1537 602 καθεζομένῳ
1555 566 1634 602 λέγει.
1649 566 1678 593 Ἡ
1698 565 1728 594 δὲ
1750 568 1841 599 θεότης
1866 566 1974 606 ἵδρυται

1176 609 1211 640 εἰς
1226 611 1273 638 τὴν
1297 609 1393 636 οἰκείαν
1410 612 1595 648 μακαριότητα
1613 613 1692 648 τιμήν
1706 621 1734 639 τε
1746 614 1791 638 καὶ
1806 609 1895 646 δόξαν,
1910 613 1974 650 παρ’

1175 653 1261 690 ἑτέρου
1276 654 1395 691 μείζονος
1412 657 1448 690 μὴ
1474 655 1657 692 ἰπιτρεπομένη
1685 656 1700 685 ἣ
1727 659 1921 693 προτρεπομένη
1938 657 1975 689 εἰς

1174 702 1250 725 τοῦτο
1264 709 1270 715 ·
1287 698 1340 724 ἀλλ’
1354 699 1369 728 ἡ
1387 699 1556 736 ἁνθρωπότης
1570 703 1616 726 τοῦ
1626 700 1745 738 Χριστοῦ
1759 701 1809 727 ὑπὸ
1819 704 1865 731 τῆς
1874 702 1974 738 ἠνωμὲ-

1173 753 1220 774 νης
1236 743 1300 780 αὐτῇ
1317 743 1473 780 ἀχωρίστως
1500 745 1620 775 θεότητος
1646 744 1810 782 ὶπιτρεπεται
1829 744 1972 782 ἀκούουσα,

1175 789 1261 815 Κάθου
1278 787 1305 814 ἐκ
1321 786 1412 820 δεξιῶν
1425 798 1486 825 μου,
1499 790 1592 815 ὡσανεὶ
1603 788 1627 814 ἐν
1642 793 1673 826 τῇ
1690 789 1738 826 ἐμῇ
1751 794 1813 827 τιμῇ
1824 800 1830 807 ·
1845 792 1903 817 οὔτε
1921 792 1973 828 γὰρ

1174 830 1248 863 δεξιὰ
1261 833 1319 858 οὔτε
1334 831 1459 870 ἀριστερὰ
1481 833 1538 869 ἔχει
1557 833 1570 859 ό
1585 834 1647 864 Θεὸς
1669 832 1863 871 ἂπερίγραπτος
1888 835 1973 873 ὑπάρ-

293 879 374 908 enim
385 878 434 906 vel
443 877 580 906 dextram
592 876 640 905 vel
652 877 804 905 sinistram
816 878 893 906 Deus
903 877 1004 911 habet,
1016 880 1115 915 utpote

1173 885 1246 914 χων·
1266 877 1330 904 ἀλλά
1354 881 1431 904 τοῦτο
1451 877 1513 905 αὑτό
1542 877 1620 914 λέγει,
1636 879 1677 905 ὅτι
1701 879 1789 906 Κάθου
1817 878 1842 905 ἓν
1864 884 1896 916 τῇ
1922 879 1970 916 ἰμῇ

292 931 355 952 non
370 922 626 958 circumscriptus.
647 921 721 949 Dicit
743 929 836 957 ergo:
854 921 929 950 Sede
951 921 982 950 in
1004 922 1118 951 honore

291 975 373 1004 meo,
388 968 536 1003 tanquam
559 973 629 994 mea
651 973 792 1002 persona,
809 968 912 1002 utpote
940 966 1041 1002 imago
1068 967 1118 995 Dei

291 1012 433 1040 universo
446 1010 562 1039 mundo
577 1011 737 1038 ostentata.
753 1010 868 1047 Quippe
879 1010 920 1039 ita
930 1011 1034 1040 Daniel
1043 1020 1118 1048 quo-

293 1065 353 1094 que
368 1056 409 1085 ait
425 1065 432 1084 :
447 1056 487 1084 Et
503 1056 563 1091 ipsi
582 1055 687 1084 datum
710 1058 752 1083 est
779 1063 915 1091 regnum,
936 1057 1041 1093 honor,
1065 1065 1116 1092 po-

293 1105 382 1131 testas
389 1101 425 1135 ”,
439 1103 468 1129 et
480 1100 607 1137 reliqua.
618 1100 694 1133 Quin
703 1100 779 1128 adeo
793 1100 857 1137 ipse
868 1101 1011 1130 Dominus
1022 1102 1096 1130 dixit
1107 1110 1114 1130 :

290 1147 370 1175 Data
384 1148 427 1174 est
441 1145 516 1173 mihi
525 1145 620 1173 omnis
630 1147 759 1179 potestas
773 1145 804 1173 in
817 1146 891 1174 creto
905 1147 932 1174 et
945 1146 975 1174 in
991 1147 1113 1175 terra“.

290 1191 356 1219 Mox
369 1197 441 1218 vero
453 1189 484 1218 in
509 1188 646 1224 ejusdem
661 1188 772 1225 psalmi
786 1197 949 1225 progressu
963 1191 1005 1219 ait
1019 1191 1057 1220 de
1069 1192 1115 1220 di-

289 1234 412 1263 vinitate
435 1243 442 1262 :
467 1234 513 1262 Ea:
535 1236 620 1261 utero
643 1236 714 1262 ante
741 1234 901 1269 luciferum
923 1237 1014 1270 genui
1033 1237 1114 1265 te“:

289 1280 435 1315 tanquam
459 1277 483 1305 si
510 1277 597 1305 Pater
625 1276 665 1305 ad
688 1276 792 1306 Filium
811 1278 926 1307 ratione
951 1280 1114 1309 divinitatis

289 1323 370 1352 dicat
384 1331 392 1350 :
408 1323 482 1350 Ante
495 1329 617 1350 omnem
639 1324 806 1351 creaturam
830 1331 867 1352 ex
886 1326 980 1359 utero,
992 1325 1050 1354 hoc
1064 1334 1114 1354 vo-

288 1367 398 1397 cabulo
408 1366 748 1396 consubstantialitatem
758 1367 900 1397 denotare
914 1369 1017 1398 volens
1029 1381 1036 1406 ς
1052 1379 1114 1399 non

288 1414 394 1450 postea
405 1419 573 1445 assumens,
588 1411 642 1439 sed
656 1411 687 1440 in
702 1420 750 1440 me
771 1412 837 1449 ipso
865 1416 893 1442 te
916 1414 1031 1443 habens
1052 1416 1114 1444 sine

287 1457 436 1495 principio
458 1456 505 1485 vel
522 1456 602 1484 ﬁne:
619 1458 765 1493 tanquam
789 1465 826 1485 ex
851 1460 936 1487 utero
960 1467 995 1487 ex
1011 1463 1114 1489 nostra

288 1501 460 1531 substantia
470 1502 496 1529 te
507 1501 597 1536 genui
608 1500 802 1536 conjunctum
813 1502 887 1531 mihi
898 1505 925 1531 et
935 1504 1114 1533 coexsisten-

287 1547 359 1575 tem.
374 1544 486 1573 Deinde
498 1552 604 1572 rursus
618 1543 756 1581 illicoque
781 1545 819 1574 de
833 1546 1019 1576 humanitate
1040 1556 1114 1585 pras-
1128 1561 1149 1589 ο

288 1590 391 1618 dicat:
411 1589 534 1617 Iuravit
555 1589 712 1624 Dominus,
738 1592 765 1618 et
787 1598 849 1618 non
872 1592 1021 1626 pwnitebit
1036 1600 1112 1628 eum,

290 1638 323 1663 tu
352 1641 381 1663 es
410 1633 548 1662 sacerdos
573 1634 604 1662 in
631 1636 774 1663 aeternum
790 1636 953 1664 secundum
979 1638 1114 1667 ordinem

288 1677 538 1708 Melchisedech”
552 1686 559 1706 :
575 1685 637 1706 non
656 1678 737 1707 enim
761 1678 856 1708 deitas
882 1681 1039 1717 sacriﬁcat,
1060 1683 1114 1712 sed

289 1723 391 1760 potius
404 1723 510 1751 colitur
524 1724 553 1751 et
566 1722 679 1751 hostias
693 1723 806 1759 recipit.
823 1725 954 1754 Meminit
968 1727 1058 1762 hujus
1075 1729 1115 1756 te-

290 1767 424 1796 stimonii
436 1766 545 1796 Paulus
570 1775 692 1804 quoque
716 1768 871 1804 apostolus
885 1770 915 1798 in
932 1771 1061 1806 Epistola
1075 1773 1116 1800 ad

290 1811 431 1840 Hebrae05
447 1811 489 1839 sic
505 1820 512 1838 :
526 1811 625 1839 Sicuti
637 1813 753 1846 Aaron,
765 1813 805 1840 sic
817 1816 844 1842 et
858 1814 992 1843 Christus
1002 1824 1115 1852 nequa-

290 1864 381 1893 quam
393 1855 451 1884 sibi
472 1856 634 1884 sacerdotii
646 1856 787 1885 honorem
809 1858 982 1891 vindicavit,
995 1862 1047 1889 sed
1064 1863 1117 1898 qui

291 1901 366 1930 dixit
376 1901 421 1929 ei:
437 1901 535 1929 Filius
551 1908 632 1929 meus
646 1908 676 1929 es
686 1904 730 1936 tu,
748 1909 801 1938 ego
814 1902 901 1932 hodie
912 1906 1004 1939 genui
1015 1909 1053 1934 te.
1069 1907 1115 1935 Si-

292 1948 342 1974 cut
356 1948 385 1974 et
399 1944 470 1974 alibi
480 1944 520 1973 ait
537 1954 543 1974 :
562 1945 605 1974 Tu
615 1953 644 1974 es
658 1947 838 1975 sacerdosin
860 1950 1004 1978 aeternum
1014 1958 1116 1981 secun-

291 1990 363 2020 dum
374 1990 509 2019 ordinem
524 1990 772 2020 Melchisedech”
788 2001 795 2020 :
812 1992 950 2022 videlicet
961 1996 1064 2025 omnia
1077 1996 1115 2026 de

290 2035 477 2065 humanitate
490 2034 667 2072 intelligens.

317 2107 519 2142 Syllogismus
529 2107 634 2143 magni
647 2107 810 2144 drungarii
819 2110 934 2140 domini
941 2112 1097 2148 Stephani.

327 2169 405 2197 Num
420 2169 592 2198 universam
605 2170 756 2206 deitatem,
767 2180 836 2208 quas
850 2173 946 2204 deitas
960 2176 1071 2205 scilicet
1084 2178 1114 2206 in

1172 926 1246 959 τιμῇ,
1263 923 1357 949 ὡσανεὶ
1373 922 1407 953 εἰς
1424 925 1562 960 πρόσωπον
1577 923 1649 959 ἐμόν,
1665 925 1697 954 ὡς
1719 923 1792 950 εἰκὼν
1812 928 1879 950 Θεοῦ
1893 927 1972 952 παντὶ

1171 971 1207 1003 τῷ
1220 969 1311 1004 κόσμῳ
1327 965 1480 1003 δειχνυμένη
1494 978 1500 984 ·
1517 968 1585 994 οὕτω
1595 968 1646 1005 γὰρ
1661 970 1706 994 καὶ
1716 968 1811 998 Δανιὴλ
1821 968 1902 1005 λέγει·
1921 972 1972 997 Καὶ

1171 1011 1242 1047 αὐτῴ
1255 1009 1333 1041 ἐδόθη
1354 1012 1369 1040 ἠ
1392 1011 1515 1048 βασιλεία
1534 1014 1578 1038 καὶ
1593 1013 1687 1049 ἠ.τιμὴ
1704 1015 1750 1039 καὶ
1762 1013 1778 1042 ἠ
1793 1012 1909 1048 ἔξουσία,
1925 1016 1971 1040 καὶ

1170 1057 1204 1082 τὰ
1217 1055 1306 1084 λοιπά.
1322 1055 1398 1082 Ἀλλὰ
1411 1058 1456 1083 καὶ
1471 1056 1547 1087 αὐτὸς
1567 1057 1580 1083 ὀ
1594 1058 1689 1093 Κύριός
1703 1067 1782 1093 φησιν
1792 1066 1798 1072 “
1815 1055 1907 1087 Ἐδόθη
1923 1068 1971 1094 μοι

1170 1103 1244 1127 πᾶσα
1259 1099 1365 1132 ἐξουσία
1383 1099 1407 1126 ἄν
1430 1101 1530 1138 οὐρανῷ
1549 1103 1594 1127 καὶ
1614 1101 1657 1128 ἰπὶ
1670 1105 1728 1138 γῆς.
1745 1104 1913 1139 Παρακατιὼ
1938 1100 1971 1129 δι

1170 1145 1236 1181 λέγει
1248 1145 1324 1172 πάλιν
1339 1145 1364 1172 εν
1383 1149 1419 1182 τῷ
1439 1146 1509 1181 αὐτῷ
1528 1145 1624 1182 ψαλμῷ
1643 1148 1702 1184 περὶ
1716 1150 1763 1178 τῆς
1775 1147 1907 1178 θεότητος·
1924 1147 1971 1174 Ἐκ

1169 1192 1281 1228 γαστρὸς
1293 1191 1343 1228 πρό
1360 1190 1490 1227 ἱωσφόρου
1503 1190 1625 1226 ἔγεννησά
1637 1200 1666 1217 σε
1675 1199 1682 1207 ·
1699 1192 1794 1218 ὡσανεὶ
1807 1194 1853 1218 τοῦ
1868 1193 1973 1229 Πατρός

1169 1236 1234 1272 πρός
1248 1236 1292 1261 τὸν
1306 1236 1365 1262 Υἱόν
1376 1236 1443 1261 χατὰ
1457 1238 1504 1264 τὴν
1516 1236 1626 1265 agema
1634 1235 1751 1271 λέγοντος
1761 1237 1802 1263 ὅτι
1815 1238 1869 1274 Πρὸ
1882 1237 1974 1268 πάσης

1169 1282 1279 1311 κτίσεως
1302 1279 1353 1306 ἀπὸ
1372 1282 1488 1316 γαστρός
1500 1288 1507 1295 ·
1532 1282 1561 1308 τὸ
1585 1281 1724 1317 όμοούσιον
1741 1280 1818 1307 Θίλων
1834 1284 1952 1317 σημᾶναι
1964 1292 1971 1299 ·

1169 1324 1221 1361 οὐχ
1252 1325 1360 1362 ὕστερον
1387 1324 1542 1362 προσλαϐὼν
1558 1346 1566 1359 ,
1596 1324 1649 1351 ἀλλ’
1674 1324 1698 1351 ἄν
1722 1324 1826 1362 ἔμαυτῷ
1846 1335 1875 1352 σε
1901 1327 1972 1362 ἔχων

1168 1368 1289 1407 ἀνάρχως
1303 1371 1348 1395 καὶ
1363 1368 1511 1406 ἀπεράντως
1521 1377 1527 1384 ·
1548 1371 1582 1400 ὡς
1597 1371 1648 1396 απὸ
1667 1371 1782 1406 γαστρὸς
1799 1368 1827 1396 ἓν.
1840 1374 1889 1401 τῆς
1901 1371 1971 1407 ἠμε-

1166 1416 1240 1450 τέρας
1255 1413 1347 1444 οὐσίας
1362 1423 1391 1440 σε
1404 1413 1528 1450 ἐγέννησα
1547 1416 1658 1440 συνόντα
1684 1416 1728 1440 καὶ
1747 1415 1964 1451 συνυπάρχοντα.

1168 1456 1232 1484 Εἶτα
1254 1457 1330 1484 πάλιν
1346 1458 1436 1488 εὐθέως
1456 1461 1500 1484 καὶ
1519 1461 1578 1496 περὶ
1596 1463 1644 1490 τῆς
1664 1458 1860 1495 ἁνθρωπότητος
1880 1457 1969 1489 δηλῶν

1168 1505 1265 1539 φησίν·
1293 1502 1394 1539 Ὧμοσε
1420 1504 1523 1540 Κύριος,
1539 1505 1584 1529 καὶ
1612 1502 1641 1530 οὐ
1667 1502 1918 1540 μεταμεληθήσεται,
1933 1505 1967 1530 σὺ

1168 1547 1250 1585 ἱερεὺς
1265 1547 1298 1578 εἰς
1316 1549 1360 1574 τὸν
1376 1547 1458 1574 αἰῶνα
1482 1548 1549 1574 κατὰ
1574 1550 1621 1577 τὴν
1642 1548 1715 1580 τάξιν
1734 1546 1900 1584 Μελχισεδέκ
1912 1558 1919 1565 ·
1937 1548 1967 1574 οὗ

1167 1593 1216 1629 γὰρ
1236 1592 1251 1620 ἡ
1267 1593 1357 1623 θεότης
1370 1593 1503 1628 ἱερατεύει,
1519 1591 1583 1618 ἀλλὰ
1596 1592 1690 1629 μᾶλλον
1700 1592 1860 1629 λατρεύεται,
1876 1594 1921 1619 καὶ
1934 1594 1967 1619 τὰ

1169 1637 1249 1673 ἱερεῖα
1266 1635 1457 1672 προσδέχεται.
1475 1639 1610 1673 Μέμνηται
1636 1635 1667 1664 δε
1684 1639 1730 1664 καὶ
1753 1641 1798 1669 τῆς
1812 1639 1931 1675 χρήσεως
1952 1638 1965 1663 ό

1168 1680 1314 1713 ἀπόστολος
1348 1681 1447 1712 Παῦλος
1469 1680 1493 1707 ἓν
1526 1685 1557 1718 τῇ
1575 1683 1641 1718 πρὸς
1662 1681 1797 1719 Ἑϐραίους
1826 1681 1963 1718 Ἐπιστολῇ

1168 1725 1247 1762 λέγων
1267 1726 1347 1756 οὕτως
1359 1735 1365 1741 ·
1383 1727 1505 1763 Καθάπερ
1520 1727 1533 1752 ό
1546 1725 1657 1764 Ἀαρὼν,
1669 1728 1752 1757 οὕτως
1762 1729 1807 1754 καὶ
1825 1728 1838 1753 ό
1853 1727 1966 1763 Χριστὸς

1169 1770 1222 1806 οὐχ
1237 1770 1327 1797 ἑαυτὸν
1343 1769 1454 1802 ἑδόξασε
1465 1772 1585 1807 γενέσθαι
1606 1770 1752 1808 ἀρχιερεὺς,
1768 1771 1822 1798 ἀλλ’
1836 1771 1968 1803 όλαλησας

1169 1817 1233 1851 πρὸς
1253 1815 1339 1850 αὐτόν¹
1361 1816 1420 1847 Υἱός
1438 1825 1489 1852 μου
1509 1814 1533 1842 εἷ
1555 1817 1598 1849 σὺ,
1619 1815 1667 1851 ἐγὼ
1692 1819 1803 1853 σήμερον
1825 1818 1969 1852 γεγέννηκά

1170 1868 1199 1886 σε
1212 1869 1219 1876 ο
1234 1860 1303 1885 καθὰ
1316 1862 1362 1886 καὶ
1380 1859 1404 1886 ἂν
1429 1861 1504 1898 Eripe:
1525 1860 1593 1896 λέγει
1605 1868 1612 1876 ⁸
1636 1862 1668 1887 Σὺ
1685 1862 1763 1898 ἱερεὺς
1777 1860 1813 1891 εἰς
1826 1862 1869 1886 τόν
1884 1860 1969 1887 αἰῶνα

1169 1905 1236 1930 κατὰ
1249 1907 1295 1934 τὴν
1315 1905 1387 1937 τάξιν
1402 1903 1570 1941 Μελχισεδέκ
1583 1915 1589 1922 -
1617 1906 1701 1932 πάντα
1722 1906 1780 1942 περὶ
1797 1909 1843 1935 τῆς
1861 1903 1967 1942 ἀνορω-

1169 1950 1280 1981 πότητος
1293 1948 1415 1978 ἐκλαϐών.

1170 2118 1344 2156 Συλλογισμός
1356 2122 1403 2146 τοῦ
1415 2118 1528 2156 μεγάλου
1539 2117 1556 2145 δ
1557 2121 1718 2156 ρουγγαρίου
1732 2122 1813 2156 κυροῡ
1827 2119 1967 2155 Στεφάνου.

1203 2181 1267 2218 Ὀλῃ
1293 2186 1324 2218 τῇ
1351 2183 1454 2211 θεότητι
1472 2182 1718 2218 προπαροὺκαμεν
1747 2182 1822 2217 ἡμεῖς
1850 2179 1896 2208 διὰ
1918 2186 1969 2213 τῆς

291 2213 387 2242 tribus
412 2215 563 2265 spectatur
592 2215 743 2251 personis,
760 2218 843 2246 Patre
867 2219 938 2248 Filio
957 2223 986 2249 et
1004 2222 1115 2257 Spiritu

1170 2226 1340 2263 παραϐάσεως
1356 2248 1363 2261 ,
1390 2230 1421 2263 τῇ
1443 2226 1468 2252 ἄν
1487 2230 1544 2256 ταῖς
1560 2228 1646 2264 τρισὶν
1674 2227 1838 2252 ὑποστάσεσι
1857 2226 1970 2264 θεωρου-

291 2260 408 2292 sancto,
428 2258 611 2287 offendimus
625 2267 682 2288 nos
706 2263 847 2298 praecepti
866 2265 1113 2303 transgressione,

290 2311 330 2332 an
344 2303 445 2340 potius
461 2303 559 2331 solum
575 2305 714 2333 Patrem?
727 2306 756 2334 Si
770 2307 890 2337 Patrem
905 2311 1114 2341 tantummodo

290 2348 483 2381 offendimus.
495 2349 598 2385 utique
607 2349 676 2378 huic
692 2350 757 2385 soli,
770 2351 856 2387 juxta
867 2353 922 2382 hos
931 2354 1112 2391 blaterones,

288 2392 470 2422 reconciliati
485 2401 591 2421 sumus
603 2401 656 2430 per
676 2394 737 2423 Filii
749 2396 816 2432 ejus
830 2397 977 2428 incarnati
992 2402 1113 2437 sangui-

288 2444 370 2465 nem.
386 2438 471 2470 Quod
487 2437 511 2465 si
536 2440 628 2466 totam
647 2439 819 2469 Trinitatem
843 2442 1037 2478 offendimus,
1057 2447 1112 2474 uti-

288 2488 347 2517 que
360 2481 414 2509 toti
435 2481 567 2510 Trinitati
592 2482 711 2512 oblatus
730 2484 787 2513 fuit
814 2487 958 2522 unigeniti
979 2490 1043 2518 Filii
1062 2491 1113 2520 Dei

289 2525 426 2572 sanguis.
444 2526 524 2555 Sicut
536 2527 615 2555 enim
629 2528 659 2556 in
674 2536 735 2557 uno
746 2530 913 2568 eodemque
924 2534 1048 2570 Christo,
1060 2536 1110 2572 qui

286 2569 317 2616 in
333 2569 428 2616 υιιὶοιι
437 2578 568 2606 persona
587 2572 731 2609 subsistit,
745 2577 918 2610 agnoscitur
937 2569 1112 2616 corruptibi-

285 2613 354 2644 litas
369 2617 398 2644 et
419 2615 702 2654 incorruptibilitas,
722 2621 888 2650 mortalitas
907 2625 937 2652 et
954 2613 1111 2655 immorta-

318 2758 342 2806 ’ξ
355 2758 456 2806 μανι).
467 2767 536 2795 xxu,
550 2762 596 2796 43,
612 2762 657 2790 44.
694 2762 719 2781 ’9
735 2764 810 2793 Dan.
826 2773 875 2801 vn,
896 2768 935 2795 ιι.
979 2768 1003 2786 ³ο
1018 2769 1115 2799 Matth.

1170 2772 1232 2804 vui,
1250 2773 1292 2799 t8.
1340 2771 1362 2789 ³¹
1384 2770 1462 2800 Psal.
1480 2778 1536 2806 cxx,
1552 2772 1578 2799 3.

280 2801 311 2830 v,
325 2795 381 2824 4-6.

1167 2273 1241 2307 μένῃ,
1259 2272 1372 2308 Πατρός,
1393 2272 1464 2307 Υἱοῡ,
1491 2273 1537 2297 καὶ
1566 2270 1643 2306 ἁγίου
1677 2271 1836 2306 Πνεύματος,
1855 2270 1870 2300 ἦ
1894 2273 1968 2306 μόνῳ

1167 2319 1203 2350 τῷ
1219 2318 1320 2353 Πατρί;
1341 2316 1371 2342 Ei
1398 2317 1443 2352 μὶν
1471 2318 1541 2352 μόνῳ
1559 2319 1596 2351 τῷ
1615 2317 1709 2352 Πατρί,
1738 2317 1784 2341 καί
1806 2315 1875 2350 αὐτῷ
1894 2317 1968 2351 μόνῳ

1166 2362 1234 2386 κατὰ
1253 2362 1312 2390 τοὺς
1338 2360 1532 2397 φληναφοῡντας
1559 2359 1757 2395 κατηλλάγημεν
1782 2357 1829 2385 διὰ
1851 2362 1897 2385 τοῦ
1924 2361 1968 2386 αἰ-

1166 2414 1246 2441 ματος
1266 2409 1312 2432 τοῦ
1340 2404 1585 2442 ἔνανθρωπήσαντος
1612 2405 1674 2431 Υἱοῡ
1695 2404 1791 2430 αὐτοῦ·
1813 2403 1834 2430 εἰ
1858 2401 1888 2430 δὲ
1915 2403 1965 2442 ὅλῃ

1167 2454 1197 2486 τῇ
1218 2448 1324 2487 Τριάδι,
1345 2450 1389 2486 ὅλῃ
1414 2454 1444 2486 τῇ
1472 2448 1568 2487 Τριάδι
1598 2450 1768 2486 προσηνέχθη
1798 2451 1843 2475 καί
1862 2450 1891 2475 τὸ
1916 2453 1967 2475 τοῦ

1166 2498 1317 2531 μονογενοῦς
1334 2496 1394 2521 Υἱοῦ
1410 2498 1455 2520 τοῦ
1475 2498 1543 2521 Θεοῦ
1575 2494 1653 2530 αἷμα.
1675 2493 1775 2530 Ὠσπερ
1804 2494 1853 2530 γὰρ
1874 2492 1898 2518 ἓν
1927 2498 1968 2529 τῷ

1166 2538 1201 2564 ἑνί
1229 2541 1274 2565 καὶ
1293 2542 1329 2574 τῷ
1360 2538 1430 2573 αὐτῷ
1453 2542 1571 2575 Χριστῷ,
1596 2540 1653 2567 ἤτοι
1667 2541 1698 2573 τῇ
1715 2540 1764 2574 μιᾷ
1778 2538 1870 2563 τούτου
1900 2538 1969 2564 ὐπο-

1168 2584 1269 2617 στοὶσει,
1293 2584 1425 2620 θεωρεῖται
1444 2584 1473 2609 τὸ
1506 2583 1618 2620 φθαρτόν
1645 2584 1691 2608 καί
1712 2583 1742 2608 τὸ
1764 2582 1905 2619 ἄφθαρτον,
1934 2585 1967 2609 τό

1167 2628 1258 2657 θνητὸν
1268 2630 1313 2654 καὶ
1327 2630 1356 2654 τό
1369 2627 1496 2654 ἀθάνατον
1507 2636 1514 2642 ·
1531 2627 1596 2653 οὔτ»
1609 2628 1653 2653 καὶ
1672 2628 1701 2653 τὸ
1723 2628 1856 2663 προσάγον
1870 2628 1915 2652 καὶ
1934 2629 1967 2653 τό

1631 2769 1655 2788 ³⁹
1674 2769 1748 2798 ibid.
1763 2769 1791 2797 4.
1838 2769 1863 2786 ⁸³
1882 2767 1961 2798 Heb.
