2076 3104
45 0 61 18 c.-
78 11 84 21 ν
126 0 191 17 ..μμ
213 0 219 4 .
235 0 288 15 ,Γπ
307 0 333 18 λ,
350 0 445 19 .,-,ιτ.ν
491 0 497 9 ν

35 140 38 147 ι
295 140 344 148 ι-ι.

294 138 346 167 175
969 140 1102 167 ΝΙΕΕΤΑΞ
1121 139 1304 169 ΟΗΟΝΙΑΤᾸΞ
1924 151 1974 177 ne

25 149 45 263 ἓ,

23 355 33 387 lt

23 386 24 414 l
30 401 35 410 κ

25 419 35 431 ν.

22 435 36 475 ἵ.

21 505 28 523 ι

612 201 801 230 Damascem.

331 246 544 274 Universorum
560 247 636 274 Deus
651 248 680 274 et
695 247 778 274 Pater
792 246 892 274 vultne
906 248 1055 282 quatenus
1067 248 1119 275 Pa-

295 292 338 318 ter
354 293 407 324 est,
424 298 462 317 an
473 292 623 326 quatenus
640 290 735 318 Deus?
752 290 780 318 Si
792 292 942 326 quatenus
954 292 1048 324 Pater,
1062 291 1121 319 alia

295 337 350 364 erit
375 336 513 363 voluntas
527 335 590 370 ejus
610 343 702 371 quam
721 335 799 367 Filii;
816 343 914 372 neque
937 336 1017 364 enim
1038 337 1122 364 Pater

294 381 375 409 idem
392 383 435 408 est
448 380 499 416 qui
515 379 614 407 Filius.
632 380 681 407 Sin
697 379 758 407 vult
770 382 919 416 quatenus
940 382 1028 414 Deus,
1043 382 1121 409 Deus

295 427 396 453 autem
412 432 497 460 aeque
511 426 555 452 est
579 424 666 452 Filius
685 427 713 452 et
728 427 852 452 sanctus
869 425 1003 461 Spiritus,
1018 426 1120 462 utique

294 470 433 498 voluntas
444 471 559 497 naturae
570 471 623 501 est,
637 469 666 496 id
683 471 728 497 est
740 469 896 497 naturalis.
910 470 986 504 Ergo
1000 472 1032 498 tu
1047 478 1120 506 quo-

294 523 353 551 que
368 514 501 541 similiter
523 513 734 550 syllogismum
757 513 869 541 instrue
884 522 890 541 :
908 515 1119 543 Universorum

294 561 373 587 Deus
386 562 413 586 et
427 560 520 591 Pater,
533 566 606 586 num
617 561 767 594 quatenus
781 560 865 586 Pater
875 561 928 592 est,
941 559 1119 593 sanguinem

295 603 443 638 Unigeniti
459 602 583 639 excepit,
598 610 636 630 an
652 605 801 638 quatenus
817 603 915 630 Deus?
929 603 960 631 Si
970 606 1119 639 quatenus

293 650 386 681 Pater,
401 647 460 675 alia
475 647 529 675 erit
549 648 613 683 ejus
628 647 721 674 virtus
735 649 762 675 et
775 647 910 684 operatio
932 656 1025 683 quam
1040 647 1118 681 Filii;

292 701 354 720 non
370 693 450 720 enim
466 692 545 719 idem
558 693 641 719 Pater
654 699 689 719 ac
702 691 800 720 Filius.
818 692 867 719 Sin
882 694 1030 728 quatenus
1042 693 1118 720 Deus

291 739 336 766 est
348 738 474 772 excepit,
490 737 566 764 Deus
582 738 682 764 autem
698 744 784 772 irque
799 738 843 764 est
867 736 954 764 Filius
976 740 1003 764 et
1027 736 1117 773 Spiri-

291 785 338 810 tus
363 784 496 814 sanctus,
513 781 647 817 sequitur
671 782 702 809 ut
722 781 868 816 Unigeniti
883 781 1072 817 sanguinem,
1085 781 1115 809 id

290 831 346 859 est,
362 828 452 855 unius
469 826 506 855 de
522 829 628 855 sancta
646 826 796 859 Trinitate,
813 826 921 854 eadem
940 829 1045 854 sancta
1058 826 1116 855 Tri-

288 873 378 907 nitas,
394 874 543 909 quatenus
559 872 636 899 Deus
652 873 708 904 est,
724 871 882 908 exceperit.

289 936 338 964 Ex
354 936 430 963 libro
445 935 588 970 synodico
602 934 697 970 quiin
711 934 825 969 Magna
837 934 973 962 Ecclesia
991 934 1112 969 legitur.

322 1025 359 1052 lis
383 1024 434 1060 qui
450 1024 564 1055 dicunt,
580 1023 664 1059 quod
687 1023 832 1051 Dominus
853 1025 881 1051 et
902 1024 1040 1052 Servator
1060 1031 1113 1052 no-

286 1071 345 1097 ster
359 1070 445 1096 Jesus
462 1068 604 1103 Christus,
622 1070 758 1104 tempore
768 1067 908 1096 salutaris
921 1076 983 1095 sua;
999 1068 1113 1104 passio-

284 1114 341 1149 nis,
352 1113 474 1149 pretiosi
485 1113 530 1141 sui
541 1112 676 1149 corporis
688 1112 906 1149 sanguinisque
918 1112 1110 1147 sacrificium,

283 1161 430 1194 tanquam
442 1157 575 1193 pontifex
591 1157 620 1184 in
633 1157 768 1184 humana
782 1165 836 1193 pro
851 1157 939 1184 nobis
954 1160 1112 1194 assumpta

283 1206 401 1235 natura,
416 1202 489 1238 quia
502 1204 531 1230 et
544 1201 728 1229 sacriﬁcator
748 1203 834 1229 estet
847 1201 980 1233 victima,
997 1204 1029 1230 ut
1049 1210 1110 1230 ma-

283 1255 361 1282 gnus
389 1247 429 1274 ait
452 1246 610 1280 theologus
638 1245 964 1280 Gregorius,obtulerit
987 1246 1110 1282 quidem

282 1294 342 1319 Deo
358 1291 445 1323 Patri,
466 1298 528 1318 non
550 1293 651 1318 tamen
676 1290 742 1326 ipse
768 1290 941 1325 Unigenitus
962 1292 1111 1327 exceperit

280 1339 431 1372 quatenus
455 1335 544 1370 Deus,
559 1334 690 1371 itemque
712 1334 837 1371 Spiritus
860 1338 1004 1370 sanctus;
1019 1336 1059 1363 ita
1078 1338 1110 1363 ut

279 1382 338 1409 hac
350 1380 549 1408 afﬁrmatione
558 1379 719 1407 excludant
728 1380 828 1415 ipsum
842 1379 892 1407 Dei
902 1380 1043 1412 Verbum,
1053 1388 1108 1408 nec

279 1433 342 1454 non
364 1423 652 1453 consubstantialem
668 1426 697 1451 et
716 1423 940 1458 congloriosum
964 1424 1106 1460 Spiritum

279 1470 478 1505 Paracletum,
488 1478 506 1497 a
519 1469 612 1497 divini
625 1468 749 1497 honoris
758 1469 886 1505 puritate
901 1477 937 1498 ac
949 1469 1104 1505 dignitate,

279 1515 452 1544 anathema.

314 1604 351 1632 lis
365 1604 416 1640 qui
433 1605 588 1639 peractum
612 1602 746 1639 quotidie
770 1602 950 1631 sacriﬁcium
967 1611 984 1631 a
1000 1603 1105 1632 Christi

279 1649 487 1677 sacerdotibus
513 1648 617 1676 divina
647 1648 790 1684 mysteria
821 1648 1017 1676 tractantibus
1042 1657 1103 1677 non

277 1693 447 1722 concedunt
462 1695 573 1720 sanctae
590 1692 721 1720 Trinitati
744 1692 852 1727 offerri,
867 1692 1104 1722 contradicentes

277 1738 389 1765 sanctis
399 1737 568 1773 divinisque
577 1736 713 1764 Patribus
724 1736 829 1764 Basilio
840 1739 868 1764 et
878 1737 1102 1773 Chrysostomo,

277 1782 459 1818 quibuscum
475 1781 665 1809 consentiunt
677 1783 705 1809 et
719 1781 823 1817 reliqui
838 1781 918 1817 pleni
929 1783 988 1809 Deo
1002 1782 1102 1810 Patres

278 1826 307 1854 in
324 1826 387 1852 suis
401 1824 590 1852 sermonibus
605 1827 695 1861 atque
711 1824 827 1861 scriptis
840 1833 847 1852 ε
863 1825 1036 1854 anathema.

313 1970 351 1999 Iis
366 1970 417 2006 qui
444 1977 513 1997 cum
531 1968 659 1997 audiunt
682 1968 868 1996 Servatorem
881 1968 911 1996 in
926 1968 1061 1997 instituto
1082 1977 1101 1998 a

276 2024 307 2043 se
326 2015 499 2043 divinorum
522 2013 735 2050 mysteriorum
758 2012 905 2041 sacriﬁcio
929 2013 1098 2042 dicentem:

275 2061 340 2088 Hoc
361 2061 454 2094 facite
477 2060 506 2086 in
530 2066 625 2087 meam
648 2059 997 2092 commemorationem“,
1017 2058 1100 2086 haud

274 2106 352 2132 recte
361 2104 528 2136 intelligunt
535 2102 719 2131 vocabulum
728 2103 1101 2139 commemorationem,sed

274 2149 371 2176 dicere
384 2148 495 2175 audent
507 2147 591 2184 quod
602 2147 771 2175 sacerdotes
783 2147 969 2183 phantastice
983 2150 1010 2176 et
1024 2148 1100 2176 inia-

274 2193 386 2227 ginarie
415 2194 562 2219 renovant
588 2195 744 2228 peractum
769 2200 787 2220 a
814 2192 968 2220 Servatore
997 2195 1099 2221 nostro

1138 202 1161 229 Α
1446 208 1497 232 Τοῦ
1518 209 1701 243 Δαμασκηνοῦ.

1211 247 1239 273 Ὁ
1254 252 1302 274 τῶν
1325 248 1388 275 ὅλων
1410 251 1474 281 Θεὸς
1496 253 1541 277 καί
1564 254 1654 290 Πατὴρ
1674 253 1756 279 καθ’ὃ
1779 256 1881 292 Πατὴρ,
1897 255 1974 291 θέλει,

1174 292 1189 321 ἦ
1216 293 1275 318 καθ’
1295 293 1307 319 6
1328 296 1410 326 626;;
1434 294 1500 320 Ἀλλ’
1517 295 1538 321 εἰ
1559 297 1604 332 μεν
1628 297 1688 323 καθ’
1707 297 1719 323 6
1742 300 1842 335 Πατὴρ,
1860 299 1921 326 ἄλλο
1944 302 1974 326 τὸ

1174 337 1254 363 αὐτοῦ
1276 339 1349 364 ἔσται
1371 340 1441 376 παρὰ
1462 341 1491 365 τὸ
1513 344 1559 367 τοῦ
1584 343 1646 367 Υὶοῡ
1669 342 1785 379 θῦ.ημα·
1803 343 1831 369 οὐ
1846 345 1897 381 γὰρ
1919 348 1973 371 [Ια-

1173 383 1221 418 τὴρ
1245 381 1258 408 ὂ
1282 384 1359 414 Υἱός·
1386 383 1407 410 εἰ
1428 382 1457 410 δι
1479 385 1536 412 καθ’
1553 385 1566 411 ὁ
1583 389 1669 419 Θεὸς,,
1685 389 1749 418 Θεὸς
1771 386 1801 414 δὲ
1819 390 1891 416 καίό
1912 391 1974 421 Υἱός

1173 428 1218 452 καί
1241 428 1270 453 τό
1296 431 1400 464 Πνεῦμα
1426 431 1455 455 τὸ
1483 430 1569 466 ἅγιον,
1598 432 1650 467 ἄρα
1672 433 1701 458 τὸ
1729 432 1828 469 θέλημα
1854 434 1972 470 φύσεως,

1173 473 1253 507 ἤγουν
1279 475 1399 508 φυσικόν,
1421 476 1471 500 Καί
1500 476 1532 500 σύ
1557 479 1619 510 γοῦν
1641 478 1709 502 κατὰ
1733 480 1821 503 τοῦτον
1846 477 1973 514 συλλογι-

1174 517 1283 551 σάμενος
1312 515 1461 554 ἐρώτησον·
1489 518 1518 544 '0
1544 523 1595 545 τῶν
1622 519 1684 546 ὅλων
1711 523 1774 552 Θεὸς
1803 524 1848 548 καί
1878 525 1971 560 Πατὴρ

1172 560 1230 587 καθ’
1253 561 1265 586 6
1290 563 1381 598 Πατὴρ
1401 561 1577 599 προσεδέξατο
1596 566 1625 590 τὸ
1649 569 1694 591 τοῦ
1717 570 1875 601 Move-linea;
1892 568 1970 603 αἷμα,

1171 606 1231 632 καθ’
1250 605 1263 631 6
1283 608 1347 637 Θεὸς
1359 615 1366 640 ;
1380 606 1449 633 Ἀλλ’
1469 608 1491 634 εἰ
1509 610 1554 644 μεν
1576 609 1634 634 καθ’
1656 609 1669 635 6
1693 612 1795 646 Πατὴρ,
1811 611 1874 640 ἄλλη
1889 611 1972 638 αὑτοῦ

1171 651 1244 677 ἔσται
1264 652 1334 688 παρὰ
1355 654 1402 680 τὴν
1424 656 1469 678 τοῦ
1490 654 1552 679 Υἱοῦ
1577 652 1688 690 δύναμίς
1715 664 1742 681 τε
1767 657 1812 681 καί
1837 654 1971 693 ἐνέργεια·

1171 695 1200 721 οὗ
1226 696 1276 732 γὰρ
1302 698 1392 733 Πατὴρ
1413 698 1426 722 ό
1444 698 1519 727 Υἱόςι
1543 698 1565 723 εἰ
1586 696 1616 724 δὲ
1638 700 1698 725 καθ’
1722 699 1735 725 ὃ
1758 694 1830 734 θεὸς,
1852 702 1915 732 Θεὸς
1942 699 1974 728 δε

1169 742 1215 766 καί
1240 741 1252 766 ὁ
1275 741 1335 772 Υἱός
1357 743 1403 767 καί
1431 743 1460 767 τό
1486 740 1590 779 Πνεῦμα
1612 745 1640 769 τὸ
1664 743 1758 779 ἅγιον,
1789 745 1841 781 ἄρα
1865 748 1895 772 τὸ
1924 751 1973 772 τοῦ

1170 788 1326 820 Μονογενοῦς
1346 786 1412 822 αξιια
1431 790 1476 812 τοῦ
1496 786 1548 817 ἑνός
1571 791 1618 819 τῆς
1638 787 1712 823 ἁγίας
1730 787 1856 827 Τριάδος,
1870 791 1884 820 ἡ
1902 790 1971 821 αὐτὴ

1169 828 1233 865 ἁγία
1247 831 1324 867 Τριὰς
1339 830 1397 857 καθ’
1412 830 1425 857 6
1441 833 1500 862 Θεὸς
1520 829 1702 869 προσεδεξατο.

1169 939 1211 966 Ἐκ
1225 943 1272 966 τοῦ
1288 938 1429 966 συνοδιχοῡ
1449 944 1494 966 τοῦ
1515 944 1755 978 αναγινωσκομὲνου
1768 942 1792 968 ἐν
1857 943 1966 980 Μεγάλῃ

1451 976 1542 1005 Ἐκκλη
1548 979 1593 1013 σίᾳ
1611 978 1678 1012 (23).

1201 1032 1260 1059 Τοῖς
1277 1029 1397 1065 λέγουσιν
1417 1030 1455 1056 ὅτι
1470 1032 1517 1059 τὴν
1541 1029 1566 1056 ὲν
1587 1035 1624 1066 τῷ
1647 1035 1730 1068 καιρῷ
1754 1035 1799 1058 τοῦ
1821 1041 1964 1068 κοσμοσω-

1165 1076 1256 1111 τηρὶου
1275 1077 1321 1099 τοῦ
1347 1076 1444 1111 Κυρίου
1466 1077 1511 1100 καί
1531 1078 1597 1100 Θεοῦ
1621 1077 1665 1101 καί
1685 1079 1801 1113 Σωτῆρος
1820 1077 1890 1113 ἡμῶν
1906 1077 1963 1106 Ἰη-

1167 1123 1214 1146 σοῦ
1235 1123 1353 1157 Χριστοῦ
1368 1121 1568 1156 προσαχθεῖσαν
1583 1121 1646 1158 ὑπὲρ
1669 1125 1716 1152 τῆς
1736 1122 1808 1157 ἡμῶν
1832 1124 1962 1160 σωτηρίας

1165 1165 1227 1202 παρ’
1256 1164 1335 1191 αὐτοῦ
1363 1165 1455 1191 θυσίαν
1486 1168 1531 1191 τοῦ
1557 1167 1646 1201 τιμίου
1672 1166 1753 1192 αὑτοῦ
1787 1169 1907 1203 σώματός
1934 1177 1963 1194 τε

1165 1212 1210 1235 καί
1231 1210 1349 1246 αἳματος,
1374 1211 1406 1240 ὡς
1431 1209 1571 1247 ἀρχιερέως
1590 1212 1657 1237 κατὰ
1680 1213 1709 1237 τὸ
1738 1210 1896 1248 ἀνθρώπινον
1926 1210 1966 1238 δι’

1165 1256 1234 1291 ἡμᾶς
1254 1257 1482 1292 χρηματίσαντος,
1506 1257 1594 1293 ὅτιπερ
1614 1256 1628 1282 ὁ
1648 1256 1724 1287 αὐτὸς
1748 1259 1793 1283 καί
1813 1258 1892 1288 θύτης
1918 1261 1965 1285 καί

1165 1301 1235 1336 θῦμα
1257 1301 1326 1326 κατὰ
1348 1302 1391 1326 τὸν
1415 1299 1494 1326 πολὺν
1518 1301 1541 1326 ἰν
1565 1300 1682 1337 aeoliae/ig:
1704 1304 1855 1339 Γρηγόριον,
1879 1313 1964 1339 προσ-

1164 1346 1248 1380 ήγαγε
1270 1346 1315 1380 μὲν
1338 1344 1413 1374 αὐτὸς
1439 1348 1475 1379 τῷ
1505 1348 1561 1380 Θεῷ
1585 1348 1629 1371 καί
1658 1348 1751 1384 Πατρί,
1776 1346 1805 1372 οὐ
1831 1346 1962 1384 προσεδές

1163 1388 1224 1420 ξατο
1244 1387 1274 1415 δε
1296 1391 1328 1419 ὡς
1350 1391 1413 1419 Θεὸς
1432 1391 1497 1425 μετὰ
1518 1391 1564 1415 τοῦ
1583 1392 1684 1427 Πατρός
1705 1390 1782 1421 αὐτός
1803 1401 1829 1417 τε
1844 1392 1856 1417 6
1871 1394 1960 1418 Μονο-

1160 1435 1235 1470 γενῆς
1264 1436 1309 1460 καί
1339 1435 1368 1460 τὸ
1398 1437 1503 1470 Πνεῦμα
1530 1436 1559 1460 τὸ
1591 1434 1686 1470 ἅγιον·
1720 1436 1755 1466 ὡς
1783 1433 1830 1461 διὰ
1859 1437 1959 1463 τούτων

1161 1478 1329 1510 ἀποξενοῦσιν
1349 1479 1426 1504 αὐτόν
1446 1488 1472 1505 τε
1494 1479 1537 1504 ’ὸν
1561 1481 1625 1505 Θεὸν
1646 1481 1730 1515 Λόγον
1753 1482 1798 1506 καί
1816 1482 1845 1506 τὸ
1865 1481 1960 1517 όμοού-

1161 1533 1216 1550 σιον
1242 1526 1287 1550 καί
1316 1522 1442 1560 ὁμόδοξον
1467 1524 1561 1549 τούτου
1591 1524 1761 1561 Παράκλητον
1782 1528 1886 1562 Πνεῦμα
1912 1530 1958 1557 τῆς

1125 1556 1145 1584 C
1161 1570 1314 1606 θεοπρεποῦς
1329 1569 1467 1605 όμοτιμίας
1482 1577 1509 1594 τε
1523 1570 1568 1594 καί
1583 1567 1667 1602 ἀξίας,
1685 1568 1809 1606 ἀνάθεμα.

1194 1618 1255 1645 Τοῖς
1275 1615 1323 1643 τὴν
1347 1613 1403 1639 ιαθ’
1426 1612 1536 1642 εκάστην
1560 1616 1758 1651 προσαγομένην
1779 1615 1871 1641 θυσίαν
1892 1616 1956 1652 ὑπὲρ

1159 1664 1209 1686 τῶν
1232 1657 1433 1695 παραλαϐόντων
1454 1657 1503 1684 ἀπὸ
1529 1662 1645 1695 Χριστοῦ
1674 1663 1723 1685 τῶν
1747 1660 1819 1686 θείων
1849 1669 1956 1696 μυστη-

1158 1707 1221 1742 ρίων
1238 1705 1394 1741 ἱερουργίαν,
1411 1705 1446 1739 μή
1469 1700 1622 1739 δεχομένοις
1642 1707 1672 1739 τῇ
1689 1703 1753 1740 ἁγίᾳ
1764 1702 1860 1740 Τριάδι
1874 1714 1955 1742 προσ-

1158 1750 1289 1786 άγεσθαι,
1319 1750 1353 1779 ὡς
1385 1747 1623 1784 ἀντίφοιγγομίνοις
1653 1747 1763 1775 ἐντεῦθεν
1794 1752 1847 1780 τοῖς
1881 1749 1958 1786 ἱεροῖς

1158 1797 1202 1820 καί
1225 1795 1303 1823 θείοις
1327 1793 1446 1829 Πατράσι
1471 1791 1593 1827 Βασιλείῳ
1616 1802 1642 1818 τε
1667 1795 1713 1818 καί
1739 1797 1774 1828 τῷ
1800 1792 1957 1831 Χρυσορῥὴ-

1157 1849 1225 1875 μανι,
1249 1836 1285 1868 οἷς
1306 1840 1475 1874 συμφωνοῦσι
1498 1838 1543 1862 καί
1567 1837 1591 1862 οἱ
1613 1836 1698 1862 λοιποί
1727 1837 1844 1874 θεοφόροι
1873 1840 1956 1864 Πατέ-

1156 1893 1198 1920 ρες
1231 1882 1256 1909 ἓν
1281 1885 1336 1913 τοῖς
1363 1881 1469 1912 οἰκείοις
1496 1880 1581 1917 λόγοις
1610 1890 1636 1907 τε
1662 1883 1708 1907 καί
1735 1882 1952 1918 συγγράμμασιν,

1156 1927 1283 1964 ἀνάθεμα.

1191 1975 1257 2003 Τοῖς,
1280 1970 1407 1997 ἀκούουσι
1433 1972 1477 2007 μὲν
1508 1974 1553 1997 τοῦ
1581 1974 1697 2007 Σωτῆρος
1724 1972 1783 2007 περί
1811 1974 1859 2001 τῆς
1888 1971 1954 2007 παρ’

1156 2018 1235 2043 αὑτοῦ
1266 2014 1464 2053 παραδοθείσης
1496 2019 1545 2041 τῶν
1577 2015 1649 2041 θείων
1681 2016 1833 2052 μυστηρίων
1865 2024 1955 2052 ερουρυ

1154 2065 1232 2097 γίας,
1257 2060 1393 2097 λέγοντος·
1417 2063 1499 2086 Τοῦτο
1525 2062 1620 2085 ποιεῖτε
1653 2058 1689 2089 εἰς
1714 2061 1760 2087 τὴν
1791 2058 1853 2095 ἱμὴν
1887 2058 1954 2085 ἀνά-

1155 2116 1268 2143 μνησιν,
1302 2108 1338 2142 μὴ
1373 2104 1604 2141 ἐκ).αμϐανομίνοις
1637 2101 1667 2130 δὲ
1700 2103 1783 2141 ὀρθῶς
1811 2106 1858 2133 τήν
1887 2103 1954 2130 ἀνά-

1155 2162 1260 2188 μνησιν,
1279 2150 1342 2176 ἀλλὰ
1368 2149 1484 2186 τολμῶσι
1501 2149 1582 2185 λέγειν
1611 2149 1652 2175 ὅτι
1677 2150 1789 2179 καινίζει
1811 2159 1955 2185 φανταστι-

1154 2200 1206 2226 χῶς
1229 2197 1274 2221 καί
1298 2194 1427 2224 rixo-tomb;
1450 2196 1496 2223 τὴν
1516 2192 1557 2219 ἐπί
1575 2196 1620 2219 τοῦ
1640 2195 1728 2229 τιμίου
1751 2197 1866 2230 σταυροῦ
1881 2195 1955 2231 παρὰ

272 2238 303 2265 in
324 2238 453 2273 pretiosa
475 2244 563 2265 cruce
583 2236 762 2264 sacriﬁcium
785 2237 830 2264 sui
853 2237 986 2273 corporis
1008 2241 1098 2274 atque

1161 2244 1199 2266 τοῦ
1227 2243 1347 2277 Σωτῆρος
1374 2239 1447 2274 ἡμῶν
1477 2233 1644 2275 πραχθεῖσαν
1676 2237 1770 2263 θυσίαν
1802 2241 1849 2263 τοῦ
1880 2235 1953 2264 ἰδίου

272 2282 428 2318 sanguinis
439 2281 479 2310 ob
492 2289 685 2309 communem
697 2281 838 2309 humanm
853 2284 968 2309 naturae
983 2282 1098 2310 redem-

270 2327 404 2363 ptionem
420 2334 455 2354 ac
465 2325 722 2363 propitiationem.
733 2326 806 2354 dum
821 2326 1031 2363 quotidianam
1045 2327 1097 2355 ho-

271 2372 360 2401 stiam
374 2371 504 2399 oderunt
517 2378 552 2399 eo
563 2370 620 2398 ritu
630 2379 721 2407 quem
738 2371 878 2399 Servator
891 2371 1096 2408 Dominusque

269 2420 371 2446 noster
388 2416 511 2445 tradidit
524 2425 530 2450 ;
546 2416 674 2452 ideoque
692 2415 843 2444 diversum
856 2424 922 2444 esse
937 2416 995 2445 hoc
1008 2417 1097 2445 sacri-

269 2462 371 2489 ﬁcium
388 2463 526 2490 astruunt
539 2460 578 2489 ab
594 2460 642 2488 illo
658 2460 741 2497 quod
758 2461 894 2489 Servator
908 2463 1010 2489 noster
1024 2462 1095 2490 olim

268 2507 392 2542 peregit,
407 2506 444 2533 ad
469 2506 610 2542 idemque
633 2505 754 2534 nonnisi
770 2506 957 2541 phantastice
972 2508 1000 2534 et
1022 2507 1096 2535 ima-

269 2551 383 2586 ginarie
398 2551 517 2585 referri;
534 2551 590 2585 his,
606 2551 742 2588 inquam,
760 2553 895 2587 tnnqnan
921 2552 1094 2580 evacuanti-

267 2595 326 2623 bus
345 2595 491 2624 tremendi
509 2595 663 2632 divinique
685 2596 823 2624 sacriﬁcii
838 2596 1024 2633 mysterium,
1041 2604 1096 2633 per

302 2677 327 2694 "
347 2677 414 2705 Luc.
428 2684 500 2711 xxu,
519 2678 562 2704 l9.

1154 2286 1274 2321 σώματός
1303 2293 1329 2309 τι
1355 2285 1400 2308 καὶ
1426 2284 1535 2318 αἵματος
1560 2281 1596 2313 εἰς
1616 2282 1701 2307 κοινόν
1727 2285 1772 2311 τῆς
1788 2280 1954 2318 ἀνθρωπίνης

1152 2331 1250 2366 φύσεως
1264 2328 1356 2366 λύτρον
1376 2337 1403 2353 τε
1417 2329 1462 2353 καί
1477 2326 1605 2363 ἐξίλασμα
1623 2327 1638 2356 ἡ
1659 2325 1718 2352 καθ’
1736 2326 1849 2355 ἑκάστην
1867 2336 1951 2363 προσ-

1151 2376 1262 2411 αγομένη
1296 2374 1376 2400 θυσία
1408 2374 1478 2409 παρά
1510 2376 1559 2398 τῶν
1592 2373 1625 2397 τὰ
1660 2372 1716 2397 θεῖα
1750 2372 1952 2408 ἱερουργούντων

1150 2421 1293 2455 μυστήρια,
1316 2418 1402 2448 καθὼς
1426 2418 1439 2442 ό
1464 2418 1552 2453 Σωτὴρ
1578 2417 1650 2452 ἡμῶν
1674 2418 1719 2442 καί
1744 2418 1875 2445 Δεσπότης
1897 2419 1951 2442 τῶν

1149 2462 1213 2490 ὅλων
1234 2460 1389 2499 παρέδωκε·
1413 2464 1458 2487 καί
1484 2459 1530 2487 διὰ
1553 2465 1629 2487 τοῦτο
1653 2460 1732 2489 ἄλλην
1759 2458 1823 2486 εἶναι
1849 2460 1951 2489 ταύτην

1149 2509 1220 2544 παρὰ
1248 2510 1295 2536 τήν
1315 2506 1342 2538 ἐξ
1366 2505 1454 2543 ἀρχῆς
1481 2509 1518 2541 τῷ
1542 2508 1643 2541 Σωτῆρι
1668 2505 1847 2541 τετελεσμένην
1874 2503 1951 2531 εἰσά-

1148 2562 1238 2589 γουσι,
1260 2554 1305 2578 καί
1334 2552 1399 2587 πρὸς
1425 2550 1521 2579 ἐκείνην
1545 2554 1722 2586 φανταστικῶς
1749 2552 1793 2575 καί
1816 2549 1952 2580 εἰχονιχῶς

1150 2597 1355 2635 ἀναφερομένην
1377 2596 1412 2626 ὡς
1429 2599 1534 2621 κενοῦσι
1557 2596 1587 2620 τὸ
1611 2598 1657 2625 τῆς
1679 2598 1787 2631 φρικτῆς
1811 2596 1857 2620 καί
1880 2594 1951 2624 θείας

301 2765 371 2803 (23)-
381 2765 455 2803 Libri
472 2764 609 2803 synodici
624 2766 747 2803 Magnae,
761 2764 793 2803 id
813 2768 857 2803 est
872 2765 1212 2803 Constantinopolitanaa
1228 2765 1365 2794 Ecclesiae
1384 2765 1482 2793 bonas
1495 2763 1669 2800 particulas,
1683 2770 1739 2791 nos
1754 2762 1950 2791 recitavimus

265 2797 384 2829 ex‘co’d.
403 2802 465 2829 Vat.
480 2797 616 2837 Spicileg.
632 2804 650 2829 t.
668 2797 722 2835 VII,
737 2800 768 2830 in
780 2801 967 2830 Praefatione.
