4152 6208
31 3 257 120 τί.
269 25 386 109 ’·’·
571 15 673 99 ""
718 20 725 75 -?

25 125 80 172 ’.ἰ
102 106 169 193 ὶτ
262 136 271 139 _
342 108 367 161 ο,
524 112 539 137 ,ν
720 104 725 111 ·

19 221 60 274 ,λ
248 202 251 203 ⁷

23 325 177 427 )5-
552 348 652 403 :79

28 460 101 519 me"
618 468 723 527 Glo

544 559 725 615 Macra

27 632 115 725 :3;
618 650 725 718 Mai

15 797 24 806 λ
60 730 123 801 Ϊίί
162 774 163 777 η
547 737 646 795 lao
674 740 725 794 Ζ(

25 830 117 900 9:3
620 828 725 895 Μαι

58 900 121 1007 ττ
548 916 717 973 cibus

621 1098 725 1167 Mai

17 1185 83 1252 ῗ-
549 1188 609 1243 et
653 1185 725 1242 do

13 1263 75 1355 ἰ
90 1272 95 1283 ⁷
548 1275 705 1332 chne

9 1399 26 1432 -;
619 1368 725 1434 Ma;

11 1491 28 1504 .
132 1484 135 1487 »
552 1453 720 1511 mino

5 1567 38 1624 ε
621 1544 725 1599 Pre

34 1636 81 1701 tl;
108 1624 125 1673 ’ν
172 1680 177 1685 .
553 1632 725 1690 simul

4 1674 73 1819 ᾗ
118 1778 139 1787 η,
626 1722 725 1780 C01

32 1808 137 1897 ἐξ(
623 1813 725 1869 Hie

116 1948 121 1957 .
624 1903 725 1959 Cor

18 1972 87 2117 ἕξ
550 1989 719 2048 urbis

160 2150 167 2165 ι
620 2170 725 2226 Ret

622 2260 725 2315 Arc

82 2504 83 2509 η
619 2442 725 2493 Are

26 2546 81 2633 +1-
618 2531 725 2584 Par

548 2633 725 2673 sares:

2 2622 61 2797 ᾗ
545 2706 725 2779 phyla

546 2814 725 2856 cassi

2 2892 51 2963 [:-
545 2888 718 2956 doro,

0 2970 57 3045 ξςτ
547 2975 723 3033 Basili

0 3052 33 3119 ᾗ·
158 3092 166 3101 -
546 3070 725 3123 Leont

0 5664 111 6177 ἰ

544 557 993 615 Macrembolita
1022 576 1036 625 ;

618 650 833 718 Magno
879 647 1200 720 perillustri
1247 648 1701 720 protoasecretis
1747 648 1995 706 domino
2034 649 2201 706 Nico-

547 737 646 795 lao
674 740 906 795 Zonara
932 755 945 805 ;

620 828 836 897 Magno
894 826 1214 898 perillustri
1271 831 1724 900 protocuratore
1779 832 1836 885 et
1891 844 1928 885 a
1978 826 2202 901 suppli-

548 916 717 973 cibus
747 916 959 973 libellis
993 916 1242 974 domino
1270 917 1554 975 Michaele
1582 920 1891 975 Camatero
1924 937 1937 987 ;

621 1098 832 1168 Magno
875 1095 1194 1169 perillustri
1237 1100 1691 1170 protocuratore
1737 1096 2202 1170 nomophylace,

549 1188 609 1243 et
653 1185 997 1242 domesticis
1035 1184 1221 1242 rebus
1271 1186 1594 1259 praposito
1642 1187 1953 1243 Theodoro
2004 1190 2207 1242 Pante-

548 1275 705 1332 chne
733 1292 752 1348 ;

619 1368 834 1435 Magno
870 1364 1188 1437 perillustri
1226 1369 1675 1438 protocuratore
1717 1370 1774 1423 et
1816 1365 2065 1422 custode
2104 1364 2207 1421 do-

552 1453 720 1511 mino
752 1454 874 1511 Elia
905 1455 1121 1511 Burteo
1146 1470 1159 1521 ;

621 1544 903 1600 Presente
932 1547 1165 1614 senatu,
1194 1547 1250 1600 et
1279 1542 1732 1600 considentibus
1779 1543 2209 1615 negotiumque

553 1632 735 1690 simul
764 1632 1082 1703 agentibus
1116 1650 1130 1700 ;

626 1722 1227 1795 Constantinopoleos
1261 1724 1605 1795 patriarcha
1635 1723 2025 1780 Constantino
2058 1739 2071 1789 ;

1888 348 2156 404 NICET/E
2196 348 2563 405 CHONIATE

618 467 1053 527 Gloriosissimo
1075 482 1301 539 magno
1332 468 1661 541 drungario
1691 468 1938 527 domino
1968 471 2198 527 Joanne
2227 481 2276 534 Α

3806 356 3912 410 180

2383 478 2484 523 Του
2547 468 2971 544 μεγαδοξοτάτου
3028 475 3254 548 μεγάλου
3322 474 3680 551 δρουγγαρίου
3747 497 3914 550 κυρου

2312 560 2548 613 Ἰωάννου
2574 580 2666 613 του
2703 562 3126 635 Μακρεμϐολίτου
3147 586 3161 600 ο

2381 655 2485 702 Του
2539 650 2762 722 μεγάλου
2820 651 3229 725 ἐπιφανεστάτου
3296 662 3735 730 πρωτασηκρῆτις
3812 675 3918 708 κυ-

2309 759 2402 812 ρου
2432 740 2691 793 Νικολάου
2727 760 2818 793 του
2845 743 3060 818 Ζωναρᾶ
3088 764 3102 777 ·

2381 836 2483 882 Του
2575 830 2801 903 μεγάλου
2896 830 3304 905 ἐπιφανεστάτου
3400 837 3921 911 πρωτοκουράτωρος

2311 923 2401 971 καὶ
2453 917 2536 972 ἐπὶ
2594 928 2692 972 τῶν
2750 917 2976 979 δεήσεων
3032 942 3190 998 κυρου
3250 923 3465 996 Μιχαὴλ
3517 943 3605 977 του
3668 931 3924 998 Καματη-

2312 1028 2404 1081 ρου
2434 1027 2447 1041 ⁶

2384 1104 2486 1150 Του
2532 1098 2759 1170 μεγάλου
2815 1098 3223 1173 ἐπιφανεστάτου
3272 1104 3772 1177 πρωτοκουράτωρος
3829 1123 3923 1156 νο-

2314 1186 2610 1260 μοφύλακος
2662 1193 2751 1240 καὶ
2808 1189 2893 1241 ἐπὶ
2945 1198 3044 1241 τῶν
3108 1190 3377 1244 οἰκειακών
3420 1210 3581 1263 κυρου
3635 1188 3924 1265 Θεοδώρου

2314 1295 2403 1329 του
2434 1284 2762 1349 Παντεχνους
2785 1299 2798 1312 ·

2386 1373 2489 1418 Τοῦ
2590 1367 2814 1439 μεγάλου
2901 1366 3310 1441 ἐπιφανεστάτου
3411 1372 3928 1446 πρωτοκουράτωρος

2317 1460 2407 1509 καὶ
2438 1455 2657 1527 φύλακος
2682 1476 2843 1531 κυρου
2875 1456 3027 1510 Ἠλία
3055 1478 3144 1511 του
3178 1466 3426 1534 Βουρτεου
3452 1480 3466 1495 ·

2390 1552 2891 1623 Συμπαρισταμένης
2954 1556 3045 1603 καὶ
3100 1559 3196 1613 τῆς
3260 1551 3576 1623 συγκλήτου,
3645 1556 3736 1604 καὶ
3797 1570 3930 1604 συν-

2319 1632 2665 1713 εδριαξόντων
2724 1638 2851 1711 αὐτῇ
2908 1644 2997 1691 καὶ
3048 1637 3465 1694 συνδιαιτώντων
3513 1649 3577 1715 τῇ
3632 1643 3878 1695 ὑποθέσει
3908 1663 3925 1676 ·

2387 1732 2489 1779 Του
2524 1728 3110 1792 Κωνσταντινουπὸ).εως
3138 1736 3527 1784 Κωνσταντίνου
3553 1752 3567 1766 ο

623 1813 1178 1885 Hierosolymorum
1202 1813 1543 1885 patriarcha
1570 1814 1873 1871 monacho
1902 1815 2168 1881 Joanne;

2386 1823 2488 1869 Του
2518 1816 2881 1891 Ἰεροσολύμων
2910 1837 3149 1891 μοναχου
3182 1820 3416 1872 Ἰωάννου
3447 1841 3459 1855 ·

624 1902 980 1959 Considente
1009 1901 1329 1958 nobiscum
1355 1902 1542 1959 electo
1564 1919 1809 1976 quoque
1838 1919 2077 1975 magna
2105 1902 2208 1958 Dei

550 1989 719 2048 urbis
748 1990 1077 2048 Antiochia
1110 1991 1413 2048 Sotericho
1442 1994 1822 2063 Panteugeno
1855 2010 1867 2061 ;

620 2170 766 2226 Rem
794 2168 1170 2243 propositam
1201 2169 1381 2226 simul
1406 2169 1760 2241 urgentibus
1786 2186 1799 2226 :

622 2258 1085 2332 Archiepiscopo
1108 2259 1288 2317 totius
1307 2259 1594 2331 Bulgaria
1616 2259 1921 2318 monacho
1944 2260 2205 2327 Joanne;

619 2437 1088 2510 Archiepiscopo
1121 2437 1299 2510 Cypri
1330 2438 1632 2495 monacho
1662 2440 1889 2495 Joanne
1925 2456 1938 2505 ;

618 2528 845 2584 Pariter
895 2528 1074 2584 simul
1121 2529 1505 2585 censentibus
1541 2528 1719 2585 nobis
1758 2529 2054 2602 episcopis
2095 2530 2209 2584 Ca-

548 2633 728 2673 sarea
761 2618 1086 2689 Stephano,
1119 2617 1312 2690 Cyzici
1335 2620 1584 2685 Joanne,
1626 2617 1984 2675 Nicomedia
2028 2617 2209 2673 Theo-

545 2706 853 2779 phylacto,
888 2705 1042 2762 Sida
1069 2708 1319 2770 Joanne,
1342 2706 1782 2763 Thessalonica
1808 2707 2036 2771 Basilio,
2068 2710 2210 2763 Neo-

546 2813 828 2856 casarea
843 2798 1569 2866 Ilonstantino,Laodicea
1584 2797 2015 2866 Calo,Corinthi
2029 2798 2210 2853 Theo-

545 2888 718 2956 doro,
751 2886 1121 2942 Athenarum
1151 2885 1653 2956 Georgio,Mocesi
1682 2886 1898 2953 Leone,
1917 2886 2206 2957 Naupacti

547 2975 785 3042 Basilio,
834 2975 1317 3048 Philippopoleos
1362 2976 1692 3045 Theodoro,
1732 2975 2207 3048 Adrianopoleos

546 3070 764 3133 Leone,
818 3071 1102 3138 Apamea
1148 3066 1418 3137 Georgio,
1476 3069 1748 3139 Corcyra
1797 3067 2205 3133 Constantino,

2388 1902 2822 1980 Συνεδριάζοντος
2861 1909 2984 1979 ἡμῖν
3021 1912 3112 1960 καὶ
3158 1926 3249 1960 του
3300 1908 3601 1981 ὑποψηφίου
3642 1917 3776 1962 Θεου
3816 1912 3924 1961 πό-

2315 1994 2439 2055 λεως
2490 1994 2717 2067 μεγάλης
2782 1995 3108 2068 Ἀντιοχείας
3170 2003 3477 2072 Σωτηρίχου
3538 2018 3630 2051 του
3698 2006 3893 2051 Παντευ

2315 2088 2464 2155 γένου
2491 2103 2504 2120 ο

2388 2169 2808 2226 Συνδιαιτώντων
2865 2176 3116 2236 ὡσαύτως
3185 2182 3248 2248 τῇ
3315 2176 3559 2229 ὑποθέσει
3611 2180 3697 2229 καὶ
3731 2176 3916 2249 ἡμῶν·

2386 2269 2488 2316 Του
2558 2262 2982 2337 ἀρχιεπισκόπου
3048 2265 3220 2325 πάσης
3294 2264 3612 2341 Βουλγαρίας
3675 2285 3915 2337 μοναχου

2318 2351 2555 2406 Ἰωάννου
2582 2368 2597 2382 ⁸

2392 2446 2493 2495 Καὶ
2523 2461 2613 2493 του
2648 2443 2859 2517 Κύπρου
2881 2460 3119 2513 μοναχου
3150 2441 3387 2496 Ἰωάννου
3413 2458 3425 2471 ·

2393 2534 2492 2583 Καὶ
2529 2527 3119 2602 συνδιαγνωμονούντων
3152 2535 3241 2583 καὶ
3279 2532 3425 2603 ἡμῶν
3463 2539 3561 2582 τῶν
3610 2530 3922 2607 ἀρχιερέων,

2318 2640 2408 2674 του
2443 2624 2761 2693 Καισαρείας
2791 2622 3065 2692 Στεφάνου,
3110 2639 3200 2672 του
3252 2623 3484 2683 Κυζίκου
3535 2620 3790 2684 Ἰωάννου,
3827 2641 3922 2674 του

2318 2705 2679 2782 Νικομηδείας
2699 2709 3084 2781 Θεοφυλάκτου,
3106 2729 3198 2761 του
3216 2706 3344 2767 Σίδη
3357 2730 3377 2771 ς
3398 2710 3655 2776 Ἰωάννου,
3669 2729 3760 2761 του
3784 2718 3923 2763 Θεσ-

2321 2800 2594 2859 σαλονίκης
2642 2798 2934 2866 Βασιλείου,
2984 2817 3073 2851 του
3124 2803 3534 2873 Νεοκαισαρείας
3592 2804 3926 2852 Κωνσταντί-

2316 2908 2425 2955 νου,
2482 2908 2572 2940 του
2616 2885 2925 2949 Λαοδικείας
2967 2887 3154 2953 Καλου,
3196 2907 3286 2941 του
3328 2889 3577 2957 Κορίνθου
3618 2884 3920 2963 Θεοδώρου,

2316 2997 2407 3030 του
2463 2978 2691 3036 Ἀθηνῶν
2749 2983 3027 3050 Γεωργίου,
3077 2997 3165 3031 του
3223 2984 3489 3034 Μωκησου
3550 2982 3775 3047 Λέοντος,
3829 2997 3923 3030 του

2316 3068 2635 3121 Ναυπάκτου
2676 3066 2967 3138 Βασιλείου,
3002 3087 3093 3120 του
3134 3065 3587 3128 Φιλιππουπόλεως
3618 3063 3923 3141 Θεοδώρου,

544 3156 755 3213 Atalia:
810 3155 1072 3223 Nicolao,
1130 3156 1479 3212 Paronaxia
1528 3158 1779 3226 Joanne,
1841 3156 2206 3211 Mesembria

2323 3177 2407 3211 του
2468 3153 2941 3230 Ἀδριανουπόλεως
2982 3161 3212 3221 Λέοντος,
3270 3175 3361 3208 του
3414 3156 3697 3228 Ἀπαμείας
3758 3161 3922 3228 Γεωρ-

546 3246 857 3303 Theodoro
877 3245 1346 3318 Arcadiopoleos
1377 3246 1784 3313 Constantino,
1814 3246 2202 3312 PariiNiccta,

549 3335 833 3407 Selybria
875 3338 1124 3405 Joanne,
1170 3335 1478 3408 Arabizya
1528 3336 1831 3406 Gregorio,
1868 3336 2070 3391 Lemni
2109 3336 2204 3392 Mi-

548 3425 773 3493 chaele,
808 3424 1170 3482 Heracliadis
1194 3425 1497 3481 monacho
1527 3427 1741 3481 Acacio
1777 3443 1791 3492 ;

2314 3252 2450 3317 γίου,
2509 3265 2600 3299 του
2660 3249 2921 3319 Κερκύρας
2988 3250 3399 3313 Κωνσταντίνου,
3461 3265 3554 3299 του
3618 3242 3923 3305 Ἀτταλείας

3540 3354 3629 3386 του
3699 3340 3922 3406 Μεσημ-

2317 3425 2468 3498 ϐρίας
2513 3421 2809 3495 Θεοδώρου,
2866 3443 2957 3476 του
3002 3426 3197 3487 Βιζύης
3246 3420 3545 3495 Θεοδώρου,
3594 3442 3683 3475 τον
3725 3422 3922 3497 ’Δρκα-

2314 3334 2594 3398 Νικολάου,
2664 3354 2753 3387 του
2829 3334 3147 3408 Παροναξίας
3205 3333 3463 3402 Ἰωάννου,

553 3512 865 3574 διουπόλεως
918 3519 1328 3585 Κωνσταντίνου,
1388 3522 1480 3566 τοῦ
1546 3519 1744 3588 Παρίου
1804 3520 2030 3585 Νικήτα,
2086 3522 2178 3566 τοῦ
2234 3512 2523 3589 Σηλυϐρίας
2581 3512 2839 3580 Ἰωάννου,
2907 3520 2999 3565 τοῦ
3070 3511 3390 3585 Ἀραϐεζυης
3457 3517 3767 3589 Γρηγορίου,
3829 3519 3925 3565 τοῦ

556 3610 775 3676 Λήμνου
808 3604 1050 3675 Μιχαὴλ,
1070 3611 1163 3656 τοῦ
1192 3603 1574 3678 τῆςἩρακλέος
1605 3612 1841 3676 μοναχου
1876 3604 2120 3658 Ἀκακίου
2148 3626 2160 3637 ·

628 3694 895 3765 Itemque
923 3692 1053 3748 aliis
1084 3692 1189 3764 qui
1217 3694 1614 3751 versabantur
1650 3694 1713 3749 in
1742 3693 1890 3749 urbe
1922 3693 2042 3749 Deo
2073 3694 2213 3750 cha-

556 3780 808 3838 rissimis
837 3781 1142 3853 episcopis
1181 3798 1195 3837 ;

628 3875 941 3929 Patrarum
971 3870 1239 3943 Georgio,
1280 3871 1677 3930 Trachala....
1730 3872 2039 3944 Hyrcania
2084 3872 2213 3929 Dio-

557 3961 757 4035 nysio,
775 3960 1236 4018 Dalisandorum
1252 3961 1663 4028 Constantino,
1678 3967 1974 4033 Argorum
1998 3966 2211 4034 Leone,

562 4051 952 4109 Demetriadis
979 4053 1229 4120 Joanne,
1261 4054 1414 4107 Arta
1440 4049 1670 4107 Basilio.
1696 4052 2055 4109 Antandri...'

635 4230 1030 4287 Praesentibus
1051 4231 1229 4287 etiam
1256 4230 1374 4287 Deo
1403 4229 1772 4288 charissimis
1800 4231 2216 4290 ecclesiasticis

563 4319 902 4392 prapositis
936 4336 949 4375 :

644 4407 815 4472 Quod
848 4408 927 4481 pii
966 4408 1122 4478 regis
1152 4424 1254 4464 cor
1282 4409 1341 4464 in
1372 4425 1560 4468 manu
1592 4411 1690 4468 Dei
1727 4411 1820 4477 sit,
1854 4416 1919 4468 ut
1957 4412 2039 4467 ait
2069 4410 2218 4467 Scri-

2394 3698 2493 3747 Καὶ
2551 3700 2652 3745 τῶν
2710 3694 3122 3767 παρευρεθίντων
3174 3689 3223 3743 ἓν
3280 3698 3343 3763 τῇ
3402 3689 3544 3744 πόλει
3600 3689 3929 3764 θεοφιλεστά-

2322 3803 2419 3835 των
2452 3801 2750 3833 επισκοπων
2782 3797 2795 3812 ⁶

2390 3878 2493 3924 Του
2560 3878 2776 3944 Πατρῶν
2843 3875 3124 3944 Γεωργίου,
3193 3889 3284 3924 του
3341 3866 3759 3943 Τραχάλης....
3827 3886 3921 3921 του

2319 3965 2590 4033 ’Υρκανίας
2656 3965 2949 4031 Διονυσίου,
3019 3980 3109 4014 του
3178 3954 3504 4013 Δαλισάνδων
3591 3962 3925 4009 Κωνσταντί-

2320 4068 2429 4117 νου,
2490 4068 2581 4102 του
2635 4048 2860 4122 ’Ἀργους
2906 4054 3143 4119 Λέοντος,
3192 4068 3280 4101 του
3331 4042 3699 4121 Δημητριάδος
3751 4046 3925 4100 Ἰωάν-

2320 4159 2429 4204 νου,
2498 4159 2589 4193 του
2650 4137 2845 4212 Ἀρτης
2912 4139 3203 4209 Βασιλείου,
3272 4158 3362 4192 του
3424 4134 3918 4211 Ἀντάνδρου.....

2396 4235 2900 4303 Συμπαρισταμένων
2976 4234 3065 4282 καὶ
3152 4237 3254 4282 τῶν
3351 4227 3754 4301 θεοφιλεστάτων
3848 4225 3929 4279 ἰκ-

2324 4318 2712 4377 κλησιαστικών
2743 4317 3012 4391 ἀρχόντων
3037 4339 3051 4353 ’

2396 4408 2516 4460 Ὀτι
2563 4404 2758 4483 καρδία
2806 4407 3060 4481 βασιλέως
3108 4405 3346 4468 εὐσεϐους
3392 4404 3441 4458 ἕν
3484 4409 3631 4479 χειρὶ
3672 4412 3825 4472 Θεου,
3859 4406 3933 4465 ὡς

565 4501 743 4569 ptura
767 4515 779 4566 ;
814 4501 870 4553 et
890 4497 1054 4570 quod
1076 4512 1197 4554 non
1214 4499 1423 4571 procul
1452 4516 1486 4556 a
1516 4500 1721 4557 divina
1746 4501 2051 4558 voluntate
2077 4516 2213 4556 con-

2327 4501 2640 4572 γέγραπται,
2685 4501 2773 4550 καὶ
2826 4498 2905 4550 ὅτι
2952 4502 3023 4570 μὴ
3069 4495 3245 4572 πόρῥω
3296 4497 3437 4555 θείας
3481 4493 3680 4566 βουλῆς
3716 4499 3774 4546 τὸ
3811 4493 3935 4547 κατ’

568 4585 698 4641 silia
733 4584 861 4656 ejus
910 4585 1214 4657 recedant,
1254 4588 1569 4644 manifeste
1595 4589 1771 4646 nobis
1802 4589 2033 4645 actibus
2076 4589 2222 4660 ipsis

568 4678 895 4731 coronatus
926 4692 962 4732 a
992 4678 1112 4732 Deo
1156 4677 1485 4749 imperator
1511 4693 1674 4735 nunc
1702 4678 1998 4745 ostendit;
2040 4692 2223 4750 quem

569 4768 766 4821 mente
819 4765 1027 4821 Christi
1076 4766 1301 4822 factum
1348 4768 1593 4824 divitem
1639 4768 1833 4823 dicere
1872 4784 2221 4832 possumus,

567 4858 632 4910 ut
673 4854 791 4910 divi
831 4855 1164 4928 magnique
1204 4856 1462 4929 apostoli
1491 4856 1675 4914 verba
1705 4872 2092 4929 usurpemus.
2130 4859 2221 4912 Et-

570 4944 729 4997 enim
760 4943 865 5015 qui
889 4944 1157 5001 animam
1189 4961 1364 5002 suam
1393 4962 1735 5018 corpusque
1757 4946 1974 5002 divina
2006 4946 2221 5016 guber-

569 5030 800 5087 nationi
842 5033 1162 5103 commisit,
1203 5035 1330 5091 tieri
1368 5035 1575 5106 nequit
1606 5039 1671 5091 ut
1700 5034 1777 5091 ab
1803 5034 2001 5091 ofﬁcio
2032 5035 2222 5091 disce-

570 5118 693 5173 dat.
724 5119 932 5191 Itaque
954 5122 1214 5194 reliquas
1231 5138 1392 5178 nunc
1417 5123 1664 5194 quidem
1696 5139 2047 5181 enumerare
2070 5125 2223 5194 ejus-

569 5208 710 5265 dem
740 5208 1010 5281 virtutes,
1039 5212 1161 5268 sive
1184 5228 1321 5285 qua
1348 5213 1604 5271 exterius
1634 5229 1839 5285 regem
1883 5215 2100 5271 sistunt
2128 5230 2221 5270 su-

569 5313 682 5370 pra
702 5297 1037 5356 humanam
1064 5301 1469 5358 conditionem
1491 5303 1901 5373 magniﬁcum,
1931 5302 2055 5360 sive
2084 5319 2222 5376 qua

568 5386 817 5444 interius
841 5391 897 5444 et
915 5388 1235 5446 recondita
1252 5389 1668 5449 demonstrant
1689 5408 1829 5449 eum
1852 5391 2071 5449 divina
2094 5392 2224 5464 pul-

570 5476 920 5535 chritudinis
932 5478 1327 5554 archetypum
1340 5481 1575 5553 egregie
1592 5482 2033 5541 conformatum
2050 5499 2064 5551 ;
2086 5483 2219 5554 has,

568 5565 844 5642 inquam,
861 5582 1171 5628 recensere
1190 5585 1639 5643 supervacuum
1651 5572 1904 5631 fortasse
1923 5572 2223 5631 videretur

570 5660 751 5732 atque
788 5660 1229 5733 importunum.

2332 4586 2482 4638 αὐτόν
2535 4591 2829 4659 περαίνεται
2886 4582 3202 4653 διαϐουλιον,
3265 4583 3493 4655 ἀτεχνῶς
3540 4583 3717 4645 αὐτοῖς
3764 4586 3934 4656 ἔργοις

2332 4677 2357 4729 ὁ
2405 4679 2683 4748 θεοστεφὴς
2730 4679 2871 4749 ἡμῶν
2914 4676 3248 4750 αὐτοκράτωρ
3296 4678 3387 4727 καὶ
3427 4675 3547 4749 οἷρτι
3583 4668 3883 4746 παρέδειξεν
3913 4689 3927 4702 ·

2333 4766 2385 4817 ὃν
2438 4770 2527 4817 καὶ
2578 4771 2813 4838 Χριστου
2869 4784 2985 4817 νουν
3039 4763 3191 4816 εἰπὼν
3239 4781 3320 4825 τις
3364 4762 3771 4819 πεπλουτηκέναι
3828 4763 3931 4833 φά-

2331 4877 2415 4909 ναι
2471 4859 2605 4909 κατὰ
2651 4859 2737 4909 τὸν
2796 4857 2928 4909 θεῖον
2983 4859 3073 4908 καὶ
3124 4858 3282 4926 μέγαν
3337 4851 3665 4906 ἁπόστολον⁶
3723 4850 3810 4904 ἅτε
3868 4848 3933 4905 δε

2332 4952 2420 4999 καὶ
2469 4947 2655 5018 ψυχὴν
2706 4950 2795 4998 καὶ
2855 4953 3007 5017 σῶμα
3054 4951 3117 5017 τῇ
3181 4945 3289 5015 θείᾳ
3335 4941 3641 5017 κυϐερνήσει
3670 4958 3937 5014 προσανα-

2333 5038 2556 5108 θέμςνον,
2626 5035 2718 5089 οὐκ
2780 5033 2839 5086 ἂν
2912 5033 3138 5107 ἁμάρτοι
3208 5051 3301 5085 του
3370 5035 3693 5105 πρέποντοςυ
3767 5028 3936 5083 τᾶλλα

2331 5129 2419 5197 μεν
2468 5123 2555 5177 οὖν
2630 5124 2713 5177 ἐπὶ
2789 5143 2879 5176 του
2948 5127 3198 5197 παρόντος
3262 5119 3678 5194 ἀπαριθμείσθαι
3744 5120 3934 5173 τούτου

2330 5215 2762 5287 πλεονεκτήματα,
2823 5215 2925 5267 ὅσα
2995 5231 3051 5266 τε
3126 5215 3213 5265 τὸν
3275 5208 3423 5273 ἕκτὸς
3484 5214 3573 5264 καὶ
3635 5214 3935 5282 φαινόμενον

2333 5303 2556 5378 βασιλέα
2610 5303 2964 5379 μεγαλουργὸν
3020 5305 3343 5377 παρίστησιν
3408 5302 3535 5373 ὑπερ
3610 5300 3882 5375 ἄνθρωπον
3919 5315 3935 5332 ο

2330 5402 2420 5450 καὶ
2470 5397 2496 5449 ὃ
2550 5414 2611 5469 γε
2663 5398 2750 5449 τὸν
2806 5392 2940 5456 ἐντὸς
2995 5396 3083 5446 καὶ
3147 5395 3497 5468 κρυπτόμενον
3568 5385 3936 5443 διαδείκνυσιν

2330 5487 2690 5559 ἐμφανέστατα
2742 5486 2867 5560 πρὸς
2915 5486 2973 5537 τὸ
3027 5501 3121 5536 του
3183 5484 3361 5536 θείουο
3420 5478 3640 5542 κάλλους
3705 5481 3937 5554 ἀρχέτυ-

2330 5594 2423 5627 πον
2481 5571 2704 5648 ἀκριϐῶς
2771 5570 3218 5644 ἐξεικονιζόμενον,
3286 5570 3528 5645 περιττὸν
3597 5569 3723 5628 ἴσως
3789 5561 3938 5628 δόξει

2329 5667 2420 5715 καὶ
2446 5664 2680 5737 ἄκαιρον.
