4152 6208
229 341 302 396 l8!
1527 333 1870 390 THESAURI
1907 333 2038 390 LIB.
2083 334 2238 389 XXIV

3456 337 3557 390 182

220 461 341 519 Ιιλήν
395 457 528 512 ἆ).λὰ
592 465 761 512 ταῦτα
823 463 958 532 μόνα
1013 458 1216 534 ῥητέον,
1279 455 1355 530 ἐφ’
1415 457 1488 518 οἷς
1557 459 1662 530 ἄρα
1714 460 1800 510 τόν

1981 461 2146 514 Nunc
2177 458 2378 530 itaque
2416 457 2563 514 illud
2593 457 2790 514 solum
2820 456 3114 524 dicemus,
3161 471 3267 513 cur
3298 471 3560 531 praesen-

216 554 430 624 παρόντα
492 553 884 623 συγκεκρότηκε
947 553 1172 622 σήμερον
1227 546 1508 618 σύλλογον·
1557 550 1626 608 ὡς
1698 549 1798 621 γὰρ

217 638 451 711 ἆπότημά
504 657 625 689 τινα
681 643 771 690 καὶ
827 644 921 698 τῆς
984 638 1278 710 ὀρθοτομου
1340 631 1498 698 δόξης
1559 633 1804 708 ἀλλότρια

213 731 320 801 περί
346 744 400 780 τε
447 733 550 787 τῆς
600 726 746 798 παρὰ
789 732 884 777 τοῦ
926 729 1121 798 Κυρίου
1168 729 1261 776 καὶ
1307 731 1440 777 Θεοῦ
1494 727 1585 776 καὶ
1623 730 1802 782 Σωτῆ-

214 834 288 891 ρος
339 815 485 888 ἡμῶν
551 813 728 874 Ἰησοῦ
795 820 1034 888 Χριστοῦ
1099 812 1148 866 ἐν
1221 820 1386 887 καιρῷ
1447 821 1540 865 τοῦ
1605 814 1804 873 πάθους

215 907 470 976 γενομένης
549 903 863 976 ίλειστηρίου
929 911 1029 958 τῶν
1102 904 1363 976 ἡμετέρων
1417 901 1802 976 ἁμαρτημάτων

214 1000 556 1069 προσαγωγῆς
595 1001 684 1045 τοῦ
728 989 872 1046 ἰδίου
914 995 1150 1064 σώματος
1187 1011 1242 1044 τε
1285 995 1377 1044 καὶ
1415 993 1656 1063 αἵματος,
1712 994 1800 1043 ναὶ

217 1080 276 1142 δὴ
313 1087 528 1144 καὶτῆς
561 1084 823 1158 ὁσημέραι
875 1084 1020 1155 παρὰ
1066 1089 1168 1133 τῶν
1217 1082 1329 1133 θεῖα
1357 1083 1803 1156 μεταχειριζομέ-

215 1192 298 1224 vos
353 1171 715 1244 ἱεροτελεστῶν
780 1174 1058 1244 γινομένης
1133 1168 1192 1232 ἐν,
1257 1177 1374 1233 ταῖς
1443 1173 1604 1244 ἱεραῖς
1679 1172 1796 1242 ἁγι-

217 1265 389 1322 στείαις
445 1269 551 1314 τῶν
608 1262 877 1322 ζωοποιῶν
934 1264 1259 1334 μυστηρίων,
1300 1262 1370 1322 ὡς
1419 1259 1576 1322 αὐτὸς
1624 1258 1672 1311 ἐν
1727 1266 1800 1330 τῷ

214 1358 436 1422 μυστικῷ
483 1347 682 1422 δείπνῳ
741 1348 1060 1423 κατήρξατο,
1111 1351 1177 1410 ὡς
1232 1351 1502 1423 ἱστοροῦσι
1565 1351 1631 1402 τὰ
1693 1349 1803 1422 ἱερὰ

211 1444 290 1492 καὶ
327 1442 645 1492 θεόπνευστα
699 1438 1012 1511 Εὐαγγέλια,
1054 1446 1253 1512 φρονεῖν
1305 1458 1360 1492 τε
1403 1443 1494 1492 καὶ
1547 1434 1802 1511 δογματι-

214 1528 308 1590 ζειν
350 1537 450 1581 τῶν
509 1548 660 1591 τινας
709 1531 990 1604 ἱερωμένων
1055 1526 1269 1582 ἐπύθετο
1302 1549 1316 1562 ο
1371 1527 1500 1580 ἀλλὰ
1569 1534 1659 1580 καὶ
1729 1528 1801 1588 εἰς

219 1617 396 1695 ἑτέρους
442 1616 554 1678 ἤδη
595 1624 691 1678 τὴν
732 1623 883 1672 νόσον
922 1619 1117 1678 ταύτην
1169 1619 1500 1694 ὑφέρπουσαν
1546 1621 1800 1692 κατεμάν-

223 1710 372 1768 θανεν,
421 1709 485 1767 ἦν
545 1704 826 1784 δυσέριδές
871 1727 1005 1770 τινες
1057 1712 1149 1762 καὶ
1201 1708 1477 1780 φιλόνεικοι
1537 1709 1802 1783 ἄνθρωποι

1911 552 2030 604 tem
2065 549 2370 620 synodum
2395 548 2888 620 congregandam
2921 547 3297 618 iudicaverit.
3345 548 3556 605 Statim

1912 653 1982 694 ac
2037 639 2197 695 enim
2245 637 2554 709 intellexit,
2613 638 2954 695 sacerdotes
3004 637 3306 710 quosdam
3359 637 3560 694 fovere

1913 727 2120 784 animo
2158 744 2227 784 ac
2277 727 2474 784 verbis
2526 726 2916 801 pronuntiare
2961 725 3232 784 absurda
3277 727 3562 800 quaedam

1913 817 2202 888 dogmata
2244 821 2300 874 et
2342 833 2378 874 a
2425 822 2588 874 recta
2637 816 2757 872 ﬁde
2796 815 3184 873 abhorrentia
3225 816 3383 874 circa
3410 815 3560 872 illud

1912 907 2078 982 quod
2134 907 2422 964 Dominus
2472 910 2628 964 Deus
2684 923 2754 964 ac
2800 907 3076 962 Servator
3125 909 3329 962 noster
3387 908 3560 962 Jesus

1913 998 2177 1054 Christus
2207 1014 2329 1052 suae
2363 996 2662 1069 passionis
2707 1000 2974 1069 tempore
3021 1011 3129 1068 pro
3172 998 3561 1067 peccatorum

1911 1090 2254 1143 nostrorum
2276 1085 2697 1159 propitiatione
2719 1085 2931 1142 obtulit
2947 1085 3309 1142 sacriﬁcium
3332 1083 3561 1157 proprii

1911 1177 2179 1250 corporis
2206 1177 2658 1248 sanguinisque,
2691 1191 2801 1232 nec
2832 1190 2955 1232 non
3008 1175 3165 1232 circa
3215 1174 3364 1231 illud
3389 1173 3560 1248 quod

1909 1267 1974 1323 ﬁt
1989 1265 2258 1339 quotidie
2284 1266 2346 1322 in
2368 1281 2542 1322 sacra
2563 1264 2935 1321 viviﬁcorum
2955 1264 3380 1336 mysteriorum
3396 1262 3562 1319 litur-

1911 1356 2009 1426 gia
2063 1373 2100 1412 a
2159 1355 2594 1421 sacerdotibus,
2636 1355 2812 1424 cujus
2855 1353 2942 1409 rei
2991 1353 3216 1409 initium
3259 1351 3393 1408 fecit
3429 1352 3558 1425 ipse

1908 1447 2077 1502 Jesus
2107 1445 2168 1500 in
2209 1460 2382 1500 sacra
2413 1459 2607 1512 caena,
2639 1448 2706 1500 ut
2730 1447 2940 1500 sancta
2969 1447 3026 1499 et
3053 1458 3090 1499 a
3115 1445 3233 1498 Deo
3263 1441 3560 1515 inspirata

1911 1534 2235 1604 Evangelia
2253 1538 2537 1601 narrant;
2565 1549 2827 1606 cumque
2857 1531 2938 1589 ad
2977 1531 3126 1588 alios
3151 1547 3397 1606 quoque
3426 1548 3557 1590 ma-

1907 1641 2054 1682 nare
2085 1624 2310 1682 sensim
2342 1623 2627 1681 morbum
2651 1624 2816 1680 hunc
2845 1623 3250 1694 cognovisset,
3277 1638 3400 1696 quo
3430 1639 3560 1680 mo-

1910 1715 2031 1772 rosi
2059 1715 2314 1789 quidam
2341 1714 2814 1788 contentiosique
2837 1714 3118 1772 homines
3149 1717 3371 1770 temere
3395 1713 3564 1771 labo-

224 1797 308 1850 οὐκ
353 1800 500 1870 ἴσμεν
562 1798 701 1859 ὅπως
775 1795 1128 1872 φρενοϐλαϐῶς
1195 1801 1563 1866 νενοσήκασιν,
1636 1799 1801 1852 ἔνθεον

1917 1805 2156 1873 rabant;
2184 1804 2389 1862 divino
2414 1804 2612 1861 statim
2625 1803 2748 1860 zelo
2774 1807 3106 1877 correptus,
3129 1819 3239 1876 pro
3257 1819 3367 1861 suo
3387 1807 3563 1860 recta),

229 1886 367 1948 ζῆλον
429 1885 694 1939 ἂναλαϐὼν
753 1887 931 1948 ὁποῖος
991 1885 1142 1949 οὗτος
1211 1889 1280 1938 τὰ
1341 1889 1468 1962 πρὸς
1542 1885 1803 1940 εὐσέϐειαν

231 1974 449 2038 ζηλωτὴς
511 1983 584 2047 τῷ
652 1979 765 2027 ὄντι
839 1971 1093 2048 διάπυρος
1132 1992 1146 2008 ·
1212 1979 1304 2028 καὶ
1364 1979 1566 2038 πάσαις
1627 1975 1806 2037 ἄλλαις

235 2064 371 2116 εἰπὼν
449 2064 707 2140 ἐρρῶσθαι
789 2067 913 2125 τέως
1002 2067 1434 2137 κατεπειγούσαις
1527 2071 1806 2139 κοσμικαῖς

233 2153 536 2220 ὑποθέσεσιν,
587 2155 764 2207 ὁπόσα
817 2156 1006 2206 τούτου
1057 2157 1117 2206 τό
1170 2155 1335 2207 ἔνθεον
1383 2155 1565 2228 κράτος
1623 2153 1805 2208 ἀλλεπ-

239 2240 447 2302 αλλήλως
490 2241 952 2316 περιστοιχίζουσι
979 2258 995 2274 ο
1035 2249 1189 2295 τοῦτο
1235 2240 1392 2295 ἐκεῖνο
1436 2245 1494 2296 τὸ
1543 2241 1590 2294 ἂν
1634 2243 1805 2316 Εὐαγ-

240 2329 420 2400 γελίοις
472 2327 520 2382 εὖ
581 2339 738 2383 ποιῶν
801 2335 892 2384 καὶ
949 2331 1104 2392 αὐτὸς
1152 2330 1497 2384 εὐσεϐέστατα
1555 2333 1808 2408 συνεπρά-

253 2418 367 2480 ξατο
406 2436 421 2454 ο
479 2417 776 2481 ἐξαπέστειλε
835 2424 954 2482 τοὺς
1024 2419 1272 2493 ἀγγέλους
1330 2421 1490 2474 αὐτοῦ
1546 2421 1806 2494 συγκαλέ-

257 2509 442 2560 σασθαι
463 2511 574 2571 τοὺς
626 2509 946 2573 συλλέξαντας
996 2508 1053 2562 ἐκ
1081 2517 1176 2562 τοῦ
1223 2514 1388 2584 μέσου
1420 2517 1589 2564 ταῦτα
1630 2508 1805 2570 δήπου

244 2598 306 2649 τὰ
334 2593 585 2650 σκάνδαλα
618 2603 703 2650 καὶ
730 2602 854 2662 τοὺς
898 2606 1180 2662 ποιοῦντας
1207 2604 1304 2658 τήν
1351 2598 1568 2673 ἀνομίαν
1609 2615 1624 2632 ³
1668 2597 1809 2654 διότι

241 2689 432 2756 γνόντες
496 2689 576 2738 τόν
630 2689 781 2757 Θεὸν,
849 2686 954 2760 οὐχ
1012 2689 1082 2751 ὡς
1153 2691 1282 2742 Θεὸν
1356 2686 1637 2762 ίδόξασαν,
1700 2689 1808 2743 ἀλλ’

241 2772 614 2847 ἐματαιώθησαν
657 2777 708 2828 ἓν
764 2783 876 2838 τοῖς
919 2773 1290 2850 διαλογισμοῖς
1340 2779 1525 2848 αὐτῶν,
1581 2777 1674 2831 εἴτ’
1721 2778 1810 2832 οὖν

243 2863 592 2938 συλλογισμοῖς
648 2884 665 2900 ο
721 2870 813 2919 καὶ
881 2864 1162 2925 ίσκοτίσθη
1236 2867 1266 2928 ἠ
1330 2866 1578 2930 ἀσύνετος
1642 2866 1810 2921 αὐτῶν

240 2947 440 3028 καρδία,
475 2958 564 3008 καὶ
602 2955 888 3027 φάσκοντες
913 2954 1042 3010 εἶναι
1082 2961 1233 3029 σοφοὶ
1271 2954 1666 3033 ἐμωράνθησαν.

299 3041 464 3096 Ἔνθεν
520 3063 603 3096 τοι
657 3049 749 3097 καὶ
810 3042 859 3098 ἄν
911 3044 1045 3118 ἁγίῳ
1099 3047 1557 3121 συναθροισθέντες
1595 3047 1812 3110 ἅπαντες

235 3133 468 3204 πνεύματι
536 3134 726 3186 ὀπόσοι
775 3140 838 3207 τῇ
892 3129 1140 3207 βασιλίδι
1185 3142 1286 3186 τῶν
1333 3133 1526 3186 πόλεων
1591 3133 1647 3187 ἐκ
1712 3143 1812 3188 τῶν

233 3219 434 3292 ἔγγιστά
469 3241 524 3276 τε
561 3227 653 3275 καὶ
707 3221 884 3298 πόρῥω
929 3226 1127 3284 ταύτης
1174 3220 1444 3298 ὶπαρχιῶν
1476 3220 1812 3298 ἓπιδεδημή-

230 3327 374 3381 ιαμεν
426 3309 596 3384 βουλῇ
647 3315 737 3364 καὶ
804 3316 982 3385 γνώμῃ
1059 3317 1150 3364 τοῦ
1211 3311 1612 3388 θεοκυϐερνήτου
1668 3315 1814 3386 ἡμῶν

229 3398 597 3477 αὐτοκράτορος
621 3417 638 3434 ⁸
695 3402 1093 3474 προκαθημένου
1149 3403 1239 3474 μὲν
1299 3409 1392 3454 τοῦ
1447 3401 1619 3455 ἐνθέου
1677 3405 1810 3478 κρά-

225 3505 336 3549 τους
385 3492 573 3556 αὑτοῦ,
626 3493 1022 3565 παρισταμένης
1075 3486 1136 3543 δι
1187 3497 1284 3552 τῆς
1332 3490 1653 3563 συγκλήτου,
1687 3489 1818 3544 ἀλλά

223 3583 305 3631 καὶ
349 3582 493 3654 ἡμῶν
533 3589 640 3633 τῶν
669 3589 1015 3655 πατριαρχῶν
1077 3587 1168 3634 τοῦ
1210 3582 1811 3654 Κωνσταντινουπόλεως,

223 3674 429 3723 καὶτοῦ
490 3670 868 3745 Ἰεροσολύμων
922 3672 992 3724 τὰ
1044 3677 1144 3734 τῆς
1193 3672 1482 3733 ὑποθέσεως
1516 3680 1588 3744 τῷ
1635 3674 1816 3748 κράτει

221 3761 394 3813 τούτου
453 3756 906 3832 συνδιαιτώντων,
977 3765 1068 3814 καὶ
1113 3767 1206 3814 τοῦ
1259 3762 1561 3835 ὑποψηφίου
1587 3766 1815 3816 Θεουπό-

219 3847 329 3911 λεως
383 3850 726 3922 Ἀντιοχείας
769 3844 1222 3925 συνεδριαζοντος,
1274 3851 1334 3903 οὐ
1372 3856 1476 3924 μὴν
1515 3847 1640 3904 οὐδὲ
1669 3853 1814 3924 ἡμῶν

219 3947 305 3991 τῶν
356 3939 827 4016 ἆρχιεπισκόπων,
888 3947 980 3992 τοῦ
1035 3939 1382 4014 Βουλγαρίας,
1430 3944 1520 3993 καὶ
1561 3948 1656 3993 τοῦ
1704 3944 1814 3995 Κύ-

221 4047 364 4102 πρου,
401 4039 501 4093 τῆς
557 4031 803 4090 τοιαύτης
851 4027 1342 4103 ἀπολιμπανομένων
1375 4025 1812 4098 συνδιαιτήσεως,

221 4116 345 4172 αὐτὰ
407 4118 588 4173 ίκεῐνα
644 4123 738 4170 καὶ
790 4125 879 4171 νῦν
942 4119 1342 4191 όμογρονοῦντες
1399 4118 1807 4193 ἐπικρατύνομεν

219 4205 249 4260 ἆ
303 4206 397 4261 κᾶν
461 4216 548 4281 τῷ
611 4210 862 4280 γινομένῳ
943 4204 1207 4280 συνοδικῷ
1274 4209 1606 4281 σημειώματι
1678 4209 1816 4260 κατὰ

217 4301 301 4356 τὴν
333 4297 543 4364 εις-’τοῦ
584 4298 906 4373 Ἰανουαρίου
935 4301 1098 4372 μηνός
1147 4305 1244 4362 τῆς
1287 4295 1394 4358 ἤδη
1449 4297 1814 4374 παρελθούσης

218 4388 458 4461 τετάρτης
540 4385 890 4460 ἐπινεμήσεως
942 4394 1037 4441 τοῦ
1109 4383 1289 4462 ,ςχξδ’
1354 4389 1520 4460 ἔτους,
1588 4388 1637 4440 οἱ
1699 4391 1816 4440 τότε

221 4477 540 4539 συνελθόντες
621 4474 673 4529 ἂν
745 4483 810 4552 τῇ
909 4476 1171 4551 ἁγιωτάτῃ
1261 4477 1473 4550 Μεγάλη
1555 4473 1809 4550 ἐκκλησίᾳ

1911 1893 2053 1950 ﬁdei
2078 1892 2454 1950 inﬂammato
2481 1909 2717 1962 amore;
2749 1892 3024 1966 sepositis
3055 1893 3292 1949 interim
3320 1908 3456 1967 quae
3477 1892 3564 1949 in-

1913 1983 2156 2038 stabant
2205 1981 2532 2038 mundanis
2569 1981 2766 2051 curis;
2801 1983 2894 2038 his
2937 1982 3096 2039 enim
3138 1986 3380 2038 sanctus
3429 1981 3561 2053 ejus

1911 2071 2164 2128 thronus
2187 2071 2315 2127 sine
2345 2071 2788 2128 intermissione
2817 2071 3118 2144 pulsatur;
3150 2069 3563 2142 evangelicum

1913 2161 2061 2218 illud
2102 2161 2447 2234 exemplum
2499 2165 2657 2218 recte
2708 2177 2778 2218 ac
2818 2161 3268 2232 religiosissime
3325 2165 3563 2217 secutus

1915 2255 2020 2324 est,
2052 2250 2326 2308 videlicet
2362 2255 2428 2307 ut
2457 2250 2704 2322 angelos
2730 2267 2873 2308 suos
2893 2251 3150 2308 mitteret
3175 2250 3255 2308 ad
3293 2249 3564 2307 tollenda

1915 2341 1990 2398 de
2012 2340 2212 2398 medio
2241 2341 2372 2396 haec
2401 2340 2710 2410 scandala,
2737 2344 2795 2397 et
2835 2355 2938 2397 eos
2972 2341 3078 2414 qui
3105 2344 3426 2414 operantur
3457 2339 3566 2396 ini-

1915 2430 2243 2504 quitatem:
2276 2429 2381 2503 qui
2412 2433 2805 2502 agnoscentes
2828 2429 3078 2504 quidem
3110 2431 3318 2500 Deum,
3341 2444 3465 2486 non
3482 2432 3570 2486 ta-

1916 2537 2057 2577 men
2079 2521 2164 2576 uti
2195 2523 2380 2577 Deum
2406 2520 2844 2590 gloriﬁcabant,
2884 2520 2990 2576 sed
3009 2520 3071 2576 in
3103 2518 3568 2593 cogitationibus

1919 2611 2040 2666 suis
2059 2608 2550 2684 syllogismisque
2567 2612 2960 2674 evanuerant,
2987 2625 3252 2684 quorum
3275 2609 3571 2682 insipiens

1920 2715 2022 2756 cor
2042 2699 2433 2756 obscuratum
2463 2703 2588 2757 erat
2614 2716 2628 2770 ;
2660 2704 2718 2758 et
2743 2699 2894 2757 dum
2921 2699 3223 2774 sapientes
3249 2715 3311 2756 se
3339 2698 3568 2757 dictita-

1917 2788 2086 2859 bant,
2118 2787 2259 2846 {acti
2286 2791 2427 2848 sunt
2453 2787 2634 2846 stulti.

1993 3037 2399 3106 Quamobrem
2419 3039 2482 3096 in
2503 3051 2714 3098 sancto
2745 3039 3090 3112 congregati
3120 3039 3338 3114 Spiritu
3359 3053 3573 3097 omnes

1853 3167 1894 3224 ε
1921 3133 2221 3224 quotquot
2247 3128 2641 3224 inﬁhac‘regia
2664 3129 2815 3186 urbe
2841 3134 2898 3186 et
2924 3131 2986 3224 in
3008 3128 3300 3224 prosimis
3340 3129 3573 3200 longin-

1922 3219 2182 3292 quisque
2211 3217 2535 3290 provinciis
2563 3233 2898 3287 versamur,
2941 3219 3025 3275 sic
3057 3216 3289 3274 volente
3320 3233 3392 3274 ac
3426 3233 3572 3274 cen-

1924 3314 2088 3366 sente
2114 3325 2150 3364 a
2171 3311 2290 3364 Deo
2316 3309 2654 3378 gubernato
2693 3309 3056 3381 imperatore
3095 3313 3304 3364 nostro
3329 3327 3342 3378 ;
3367 3308 3572 3384 praesi-

1923 3399 2099 3456 dente
2121 3402 2332 3454 sancta
2353 3398 2666 3470 majestate
2695 3397 2845 3470 ejus,
2870 3401 3104 3454 astante
3135 3403 3349 3454 senatu
3373 3397 3576 3454 nobis-

1922 3503 2041 3562 que
2062 3486 2419 3560 patriarchis
2434 3486 3118 3561 Constantinopoleos,et
3130 3487 3572 3560 Hierosolymo-

1922 3593 2080 3646 rum,
2111 3577 2424 3648 negotium
2469 3577 2586 3633 hoc
2615 3592 2754 3633 cum
2783 3577 3104 3649 majestate
3153 3577 3284 3649 ejus
3314 3576 3573 3647 gerenti-

1921 3666 2072 3738 busﬁ;
2097 3653 2210 3723 nec
2230 3681 2355 3722 non
2375 3665 2551 3722 nobis
2581 3665 2872 3737 Bulgaria;
2891 3670 2949 3722 et
2969 3665 3145 3738 Cypri
3177 3666 3576 3740 archiepisco-

1923 3757 2015 3831 pis
2053 3755 2538 3829 cooperantibus,
2571 3754 2907 3829 eademque
2942 3755 3337 3812 sentientibus
3386 3761 3444 3812 et
3475 3757 3575 3812 ﬁr-

1922 3846 2228 3904 mantibus
2265 3862 2401 3920 quas
2422 3849 2480 3902 et
2505 3845 2567 3902 in
2596 3845 2756 3902 Actis
2789 3845 3094 3918 synodicis
3135 3846 3232 3902 die
3261 3850 3329 3901 26
3359 3848 3576 3902 Janua-

1922 3937 2011 4005 rii,
2030 3940 2249 4011 quarta
2264 3936 2396 4006 jam
2423 3935 2721 4008 prasterita
2745 3934 3090 4002 indictione,
3115 3939 3570 3992 annov’mcuuu

1923 4025 2161 4097 (Christi
2192 4029 2348 4086 i156)
2376 4028 2674 4096 quotquot
2702 4027 2844 4080 tunc
2875 4025 3288 4079 convenerunt
3316 4023 3378 4078 in
3433 4038 3568 4079 san-

1923 4115 2189 4172 ctissima
2225 4128 2454 4183 magna
2482 4110 2746 4168 Ecclesia
2779 4111 3051 4183 episcopi
3089 4110 3421 4184 reliquique
3455 4111 3564 4166 ho-

1921 4203 2116 4260 mines
2143 4203 2528 4276 (quibuscum
2558 4203 2616 4256 et
2659 4198 2933 4256 nonnulli
2961 4216 3034 4256 ex
3075 4199 3255 4255 nobis
3301 4199 3566 4270 fuerunt)

1923 4293 2002 4350 ad
2028 4290 2400 4365 propositam
2417 4305 2454 4346 a
2474 4287 2859 4346 sanctissimo
2885 4287 3182 4344 confratre
3203 4293 3410 4344 nostro
3431 4291 3572 4345 Bus-

1923 4382 2024 4438 siae
2053 4378 2515 4453 metropolitano
2538 4376 2936 4436 Constantino
2955 4376 3354 4450 quazstionem
3375 4378 3573 4436 ortho-

1923 4471 2080 4529 doxe
2099 4469 2565 4542 responderunt.

222 4565 479 4642 ἱερώτατοε
515 4565 788 4642 ἀρχιερεῖς
834 4569 925 4620 καὶ
969 4565 1160 4637 λοιποὶ,
1191 4566 1270 4628 οἷς
1315 4570 1407 4620 καί
1433 4585 1562 4628 τινες
1601 4565 1652 4630 ίξ
1680 4567 1826 4640 ἡμῶν
1853 4573 1926 4640 τῷ
1953 4565 2069 4615 τότε
2098 4558 2632 4634 συμπαρελήφθησαν,
2662 4558 2727 4618 ὡς
2771 4558 2898 4632 πρὸς
2946 4555 3200 4632 ἐρώτησιν
3230 4557 3574 4631 εἰσαχθεῖσαν

217 4657 266 4707 τὸ
292 4665 596 4715 τηνικαῦτα
619 4657 766 4730 παρὰ
814 4661 908 4710 τοῦ
950 4656 1231 4731 ίερωτάτου
1262 4652 1585 4728 συναδέλφου
1619 4658 1766 4729 ἡμῶν
1801 4658 1891 4710 καὶ
1951 4649 2335 4728 μητροπόλίτου
2362 4649 2581 4711 Ῥωσίας
2635 4649 3048 4716 Κωνσταντίνου,
3103 4647 3322 4710 εὐσεϐῶς
3360 4646 3572 4723 ἁπεκρί-

217 4763 374 4803 mro.

279 4835 336 4889 Εἰ
357 4837 462 4914 γὰρ
495 4839 594 4888 καὶ
633 4833 906 4908 πολλαχοῦ
953 4841 1053 4899 τῆς
1099 4839 1277 4911 Γραφῆ
1290 4853 1312 4896 ς
1363 4835 1452 4888 τὸν
1500 4831 1550 4887 ἓν
1605 4837 1704 4908 μιᾷ
1743 4839 1807 4908 τῇ

1997 4830 2116 4890 Etsi
2166 4829 2327 4887 enim
2373 4830 2532 4901 saepe
2572 4828 2636 4884 in
2684 4825 2986 4900 Scriptura
3039 4826 3374 4884 afﬁrmatur
3403 4827 3460 4882 et
3503 4825 3566 4883 in

221 4923 506 4980 ὑποστάσει
575 4928 845 4998 νοούμενον
904 4928 1033 4979 Θεόν
1082 4943 1140 4979 τε
1189 4929 1281 4978 καὶ
1346 4925 1634 4999 ἄνθρωπον,
1693 4925 1814 4977 Υἱὸν

223 5019 300 5066 ut
353 5020 534 5090 Λόγον
590 5021 685 5068 τοῦ
743 5010 1022 5068 συναῖδίου
1085 5016 1271 5068 τούτου
1324 5015 1548 5090 Πατρός,
1605 5012 1672 5066 τὰ
1717 5019 1814 5076 τῆς

221 5103 462 5180 ἡμετέρας
531 5108 798 5178 σωτηρίας
866 5103 1304 5178 οἰκονομήσαντα,
1367 5106 1438 5165 ὡς
1505 5105 1668 5176 μέγαν
1722 5105 1814 5155 καὶ

221 5200 410 5265 πρῶτον
496 5191 754 5267 ἆρχιερία
819 5199 1181 5268 προσαγαγεῖν
1248 5192 1429 5247 ἑαυτὸν
1497 5198 1572 5263 τῷ
1645 5193 1814 5265 Πατρὶ

222 5281 396 5336 θυσίαν
475 5283 739 5344 ζωοποιὸν
824 5286 915 5336 καὶ
994 5285 1429 5356 κοσμοσωτήριον
1513 5275 1815 5339 διείληπται

221 5374 300 5422 καὶ
353 5369 714 5446 ὡμολίγηται,
775 5368 880 5423 ἀλλ’
925 5370 1053 5443 οὐχ,
1116 5371 1182 5434 ὦς
1243 5375 1380 5433 τινές
1424 5388 1603 5444 φασιν,
1661 5365 1814 5422 οὐδὲν

221 5459 669 5519 ἑπικεκοινὼνηκεν
726 5459 795 5522 εἰς
841 5461 902 5514 τὸ
960 5462 1157 5520 ταύτην
1228 5458 1422 5527 λαϐεῖν,
1482 5457 1590 5512 οὔτ’
1657 5456 1814 5518 αὐτὸς

217 5546 244 5599 ό
288 5550 419 5626 ὑπὲρ
475 5552 625 5624 ἡμῶν
689 5548 869 5604 ἑαυτὸν
937 5554 1290 5626 ⁴προσαγαγὼν
1350 5549 1567 5625 ἄμωμον
1633 5548 1814 5623 ἱερεῖον

220 5637 247 5688 ὀ
269 5640 555 5714 μονογενὴς
601 5636 725 5704 Υἱὸς
767 5643 864 5694 τοῦ
911 5645 1048 5696 Θεοῦ
1109 5641 1227 5698 οὔτε
1270 5641 1377 5722 μὴν
1424 5639 1484 5698 τὸ
1537 5637 1815 5716 ὁμοούσιον

1925 4921 2205 4979 confesso
2235 4924 2343 4988 est,
2375 4917 2578 4976 aeterni
2601 4916 2785 4989 hujus
2813 4915 3001 4973 Patris
3039 4915 3300 4972 Verbum
3332 4914 3570 4972 Filium-

1923 5027 2063 5084 que,
2081 5026 2266 5085 quem
2277 5013 2467 5066 Deum
2487 5005 2666 5064 simul
2685 5009 2742 5062 et
2760 5005 3069 5062 hominem
3084 5005 3146 5062 in
3162 5021 3287 5064 una
3306 5021 3575 5079 persona

1923 5100 2332 5171 intelligimus,
2359 5113 2481 5172 quo
2519 5100 2790 5169 tempore
2835 5098 3104 5152 nostram
3138 5095 3396 5152 salutem
3425 5111 3577 5170 ope-

1921 5189 2190 5260 rabatur,
2215 5205 2326 5245 ceu
2353 5201 2646 5256 magnum
2665 5185 3052 5258 primumque
3077 5184 3424 5257 pontiﬁcem
3462 5185 3573 5242 ob-

1922 5277 2126 5336 tulisse
2153 5279 2344 5333 semet
2359 5275 2512 5332 Patri
2529 5273 2794 5332 hostiam
2817 5272 3114 5330 viviﬂcam
3137 5276 3193 5330 et
3221 5272 3452 5329 mundo
3475 5287 3573 5330 sa-

1919 5366 2222 5434 lutarem;
2262 5377 2655 5438 nequaquam
2691 5365 2918 5430 tamen,
2976 5365 3043 5419 ut
3095 5365 3252 5418 certe
3292 5359 3568 5418 nonnulli

1923 5455 2110 5524 aiunt,
2140 5455 2354 5512 hostiae
2378 5454 2678 5526 particeps
2705 5451 2798 5508 vel
2820 5451 2949 5524 ipse
2968 5450 3312 5520 unigenitus
3341 5447 3444 5504 Dei
3474 5447 3570 5504 Fi-

1921 5545 2036 5603 lius
2062 5544 2174 5602 fuit
2194 5543 2301 5619 qui
2329 5559 2440 5616 pro
2471 5543 2648 5601 nobis
2677 5556 2741 5599 se
2770 5541 3080 5598 victimam
3103 5537 3560 5596 immaculatam

1923 5633 2189 5703 sistebat,
2209 5633 2304 5691 vel
2332 5633 2512 5692 etiam
2533 5628 3069 5691 consubstantialis
3088 5627 3287 5684 eidem
3311 5625 3572 5696 vitaeque
