4152 6208
522 280 620 336 183
1872 284 1912 340 Ν
1923 283 2136 339 lCET/E

2239 284 2525 342 iONlATE
3776 283 3879 336 184

528 407 734 460 auctor
758 408 1002 460 sanctus
1061 403 1310 476 Spiritus
1360 423 1372 461 :
1421 419 1618 478 neque
1657 404 1796 461 item
1831 405 2096 463 oblatam
2141 425 2168 462 a

2241 445 2252 463 ι
2287 409 2588 479 ζωαρχικόν
2627 425 2681 458 τε
2736 409 2825 457 καὶ
2881 406 3012 458 θεῖον
3053 411 3261 478 Πνεῦμα
3293 421 3306 434 ³
3371 408 3487 456 οὔτε
3527 400 3585 455 δὲ
3624 407 3717 461 τήν
3758 405 3881 478 παρ’

527 492 706 548 nobis
761 507 832 548 ex
864 493 994 563 ejus
1027 492 1298 550 instituto
1354 493 1620 550 hostiam
1673 496 1850 562 Patri,
1884 495 2062 551 Filius
2119 500 2167 552 el

2284 499 2430 570 ἡμῶν
2497 495 2802 567 τελουμένην
2886 495 3137 554 ζωοποιὸν
3226 495 3407 546 θυσίαν
3482 496 3882 565 προσαγομένην

527 580 784 652 Spiritus
824 582 1140 653 recipiunt.
1175 584 1536 655 Quanquam
1565 583 1744 654 igitur
1773 583 1846 640 de
1878 583 1978 640 illa
2005 583 2167 641 obla-

2285 587 2400 639 xu1"
2451 586 2604 639 αὑτὸν
2651 593 2722 656 τῷ
2773 588 2965 657 Πατρὶ,
3034 586 3060 636 6
3125 586 3247 644 Υἱὸς
3289 589 3378 636 xui
3434 587 3492 634 16
3551 590 3761 654 Πνεῦμα
3821 583 3881 635 οὗ

525 671 686 726 tione
707 671 788 724 sic
814 686 973 741 saepe
995 670 1280 742 praedicto
1299 674 1485 728 modo
1506 672 1708 728 locuta
1727 679 1818 728 est
1845 674 2165 746 Scriptura,

2289 673 2818 750 συμπροσὸἐχονται,
2889 673 2948 726 Εἰ
3001 681 3124 745 γοῦν
3167 679 3257 725 xui
3309 676 3442 725 οὕτω
3499 674 3566 724 τὰ
3629 675 3742 745 περὶ
3788 680 3883 732 τῆς

524 764 590 814 ut
618 763 885 824 constat;
918 775 1224 831 nusquam
1255 765 1456 816 tamen
1478 763 1536 816 in
1559 761 1770 817 eadem
1793 762 1997 818 divina
2029 763 2164 820 Scri'

2287 755 2554 840 εἰρημένης
2583 769 2793 837 πρώτης
2850 771 3202 836 προσαγωγῆς
3257 760 3555 832 ποὶλαχῶς,
3593 763 3664 822 ὡς
3720 757 3888 818 δεδή-

526 853 706 920 ptura
751 846 1036 904 traditum
1075 849 1210 920 quis
1261 849 1540 919 inveniet,
1595 850 1765 923 quod
1800 851 2166 924 hypostatice

2287 853 2466 926 λωται,
2497 857 2813 925 γέγραπται,
2864 851 2973 903 ἀλλ’
3040 851 3168 922 οὐχὶ
3213 855 3304 902 xui
3355 851 3721 910 ὑποστατιχῶς
3775 849 3881 901 αὖ·

525 937 786 992 Verbum
833 952 896 991 se
949 936 1246 1006 obtulerit,
1278 937 1340 992 id
1395 943 1483 994 est
1529 939 1692 1012 quod
1731 943 1948 995 natura
1975 939 2165 995 divina

2288 946 2398 1010 τὸν,
2475 945 2542 1004 ὡς
2581 947 2670 994 xui
2737 941 2855 994 καθ’
2914 940 3103 999 ἑαυτὴν
3151 947 3241 1000 τῆς
3297 941 3432 999 θείας
3480 942 3885 1013 προσαγούσης,

525 1026 666 1098 ipsa
694 1042 802 1098 per
842 1041 902 1080 se
938 1026 1092 1081 Patri
1128 1025 1427 1099 obtulerit,
1462 1033 1524 1083 ut
1552 1029 1647 1084 isti
1689 1035 2017 1099 uagantur,
2067 1029 2165 1084 sal-

2291 1034 2493 1102 φύσεως
2548 1032 2684 1082 κατά
2729 1033 2823 1087 τὴν
2875 1028 3041 1080 αὐτῶν
3098 1024 3364 1100 ληρωδίαν
3402 1034 3758 1101 προσαγαγεῖν
3813 1034 3888 1097 τῷ

525 1116 768 1171 viﬁeam
843 1115 1007 1170 illam
1067 1116 1255 1172 nostri
1314 1117 1548 1186 generis
1589 1118 1932 1186 victimam;
1983 1135 2165 1190 neque

2293 1125 2460 1193 ΙΙατρὶ
2520 1123 2614 1176 τὴν
2683 1123 2938 1192 σωτήριον
2996 1119 3190 1174 εκείνην
3248 1124 3339 1168 τοῦ
3406 1119 3657 1190 ἡμετέρου
3710 1119 3893 1187 γένους

527 1204 694 1274 quod
720 1203 890 1260 illam
940 1203 1122 1260 Filius
1157 1205 1334 1261 simul
1369 1221 1508 1262 cum
1553 1212 1760 1264 sancto
1807 1208 2025 1279 Spiritu
2055 1223 2167 1263 non

2295 1211 2503 1278 θυσίαν,
2572 1210 2700 1260 ὅπου
2761 1203 2952 1265 δήποτε
3007 1215 3096 1267 τῆς
3159 1208 3494 1259 θεοπνεύστου
3541 1212 3749 1278 Γραφῆς
3789 1225 3893 1257 παῖ’

526 1293 835 1366 receperit.
2292 1292 2647 1371 ραδεδομένην
2701 1294 2902 1370 ἐφεύροι
2948 1315 3050 1365 τις,
3103 1291 3218 1346 οὐδ’
3273 1296 3352 1347 ὅτι
3391 1300 3462 1367 μὴ
3519 1297 3712 1352 ταύτην
3749 1313 3898 1366 συμ-

2293 1381 2645 1460 προσεὸἐξατο
2667 1388 2752 1436 καὶ
2782 1386 2807 1436 ὁ
2847 1386 2962 1444 Υἱὸς
2993 1389 3083 1437 xui
3122 1387 3179 1435 1'6
3207 1391 3417 1456 Πνεῦμα
3453 1386 3510 1436 16
3532 1385 3696 1455 ἅγιον.

601 1475 671 1528 Ut
703 1477 906 1530 autem
953 1471 1178 1545 scripta
1207 1489 1450 1547 quoque
1483 1475 1828 1532 testimonia
1876 1475 2181 1542 sistamus,

2363 1473 2474 1528 Ἵνα
2541 1470 2600 1526 δὲ
2646 1477 2736 1525 καὶ
2783 1477 3030 1547 χρήσεων
3089 1481 3354 1545 γραφικών
3408 1475 3668 1543 φανότατα
3703 1474 3761 1523 1'6
3799 1478 3896 1523 τοῦ

529 1577 666 1635 quae
694 1561 997 1633 dogmatis
1033 1562 1217 1634 hujus
1259 1564 1570 1622 veritatem
1605 1565 1909 1621 evidenter
1933 1565 2169 1621 demon-

2297 1560 2558 1636 δόγματος
2630 1561 2811 1621 ἀληθὲς
2873 1567 3324 1636 παραστήσαιμεν,
3381 1563 3477 1633 οἶγε
3532 1567 3620 1614 καὶ
3692 1563 3899 1634 μάρτυ⁶

535 1656 750 1717 strant,
774 1667 885 1721 age
909 1655 1085 1708 testes
1122 1652 1457 1724 procedant
1488 1653 1890 1710 irrefutahiles
1922 1654 2046 1710 divi
2085 1657 2175 1710 Pa-

2295 1673 2380 1726 ρες
2442 1652 2564 1726 παρ’
2634 1653 2780 1724 ἡμῶν
2847 1653 3266 1726 παραγέσθωσαν
3319 1648 3721 1724 ἀπαράγραπτοι
3781 1651 3897 1701 θεο-

531 1745 672 1809 tres,
717 1741 822 1812 qui
853 1739 1086 1796 disertis
1128 1741 1326 1798 verbis
1375 1758 1502 1798 rem
1549 1743 1708 1799 hanc
1758 1743 1839 1799 ad
1885 1742 2171 1816 liquidum

2253 1777 2256 1815 ι
2297 1747 2445 1816 φόροι
2485 1743 2730 1813 Πατέρες,
2783 1741 2833 1792 οί
2897 1743 2987 1791 καὶ
3033 1739 3205 1813 ῥητῶς
3253 1735 3359 1797 ἤδη
3420 1741 3488 1790 τά
3542 1743 3659 1811 περὶ
3705 1740 3893 1790 τούτου

532 1830 936 1888 deduxerunt.
963 1834 1153 1903 Atque
1184 1833 1245 1886 in
1275 1831 1486 1904 primis
1511 1848 1774 1902 magnus
1799 1837 1851 1889 et
1881 1833 1942 1888 in
1969 1831 2172 1888 divinis

2298 1827 2786 1905 διατρανώσαντες·
2847 1832 2939 1880 καὶ
2994 1837 3192 1903 πρῶτον
3232 1829 3258 1880 6
3312 1827 3473 1889 πολὺς
3523 1830 3588 1880 τά
3646 1829 3758 1879 θεῖα
3802 1830 3898 1878 xui

530 1919 709 1976 valde
738 1924 1009 1974 versatus
1045 1919 1314 1985 Basilius,
1353 1922 1525 1992 cujus
1567 1938 1775 1978 vocem
1815 1921 1981 1977 haud
2014 1937 2170 1977 secus

2301 1926 2464 1993 μέγας
2505 1919 2790 1988 Βασίλειος,
2835 1937 2892 1971 ου
2949 1922 3036 1969 xui
3093 1922 3186 1976 τὴν
3228 1922 3394 1990 φωνὴν
3426 1920 3494 1979 ὡς
3551 1923 3684 1970 Θεοῦ
3725 1920 3895 1989 φωνὴν

529 2024 716 2081 quam
735 2007 834 2062 Dei
853 2022 1062 2063 vocem
1093 2008 1532 2077 auscultamus,
1556 2010 1616 2065 in
1635 2011 1984 2083 compositae
2017 2010 2096 2066 ab
2119 2025 2169 2066 et

2298 2013 2588 2081 κατέχομεν
2655 2009 2896 2081 ἄντικρυς
2962 2005 3010 2058 ἐν
3084 2014 3197 2068 ταῖς
3255 2013 3345 2067 τῆς
3414 2005 3538 2081 παρ’
3595 2005 3754 2056 αὐτοῦ
3816 2003 3899 2056 ἐκ.

529 2094 914 2167 Mystagogite
946 2096 1229 2168 precibus
1257 2097 1341 2153 sic
1363 2097 1677 2155 manifeste
1710 2099 2045 2167 scribit,ubi
2067 2099 2169 2154 Ser

2300 2100 2533 2158 τεθείσης
2572 2101 2955 2168 Μυσταγωγίας
3012 2094 3219 2167 εὐχαῖς,
3279 2098 3413 2148 οὕτω
3451 2097 3660 2170 γράφων
3693 2101 3895 2165 σαφῶς,

528 2191 802 2242 vatorem
834 2184 1144 2242 Christum
1190 2186 1545 2260 alloquitur:
1582 2189 1854 2259 Dignare,
1899 2193 1965 2245 ut
2007 2204 2044 2244 a
2094 2203 2168 2243 ml

2303 2188 2458 2246 ἡνίκα
2497 2190 2622 2260 πρὸς
2677 2189 2762 2237 τὸν
2811 2193 3026 2259 Σωτῆρα
3082 2188 3310 2257 Χριστὸν
3381 2183 3614 2256 ἀναφέρει
3663 2185 3747 2234 τὸν
3813 2180 3898 2232 λό-

529 2282 844 2350 peccatore
875 2281 931 2332 et
983 2277 1233 2347 indigno
1263 2277 1393 2333 haec
1417 2278 1520 2333 tibi
1548 2277 1712 2336 dona
1737 2278 2084 2335 oll'erantur.
2110 2279 2169 2333 Tt

2303 2296 2391 2348 γον
2425 2297 2438 2309 ·
2474 2275 2723 2337 ’Λξίωσον
2751 2274 2839 2325 ὑπ’
2884 2271 3008 2344 ἐμοῦ
3055 2281 3144 2326 τοῦ
3195 2272 3504 2346 ἀμαρτωλοῦ
3547 2277 3636 2323 καὶ
3686 2269 3897 2332 ἀναξίου

533 2365 694 2420 enim
727 2381 788 2420 es
815 2367 922 2436 qui
951 2366 1154 2434 oﬂers,
1188 2371 1245 2421 et
1287 2366 1394 2438 qui
1420 2367 1674 2437 oﬂerris,
1699 2373 1756 2424 et
1799 2367 1904 2440 qui
1955 2366 2170 2439 recipis

2306 2361 2498 2418 δούλου
2556 2383 2649 2416 σου
2687 2364 3105 2437 προσενεχθῆναι
3163 2381 3248 2413 σοι
3304 2365 3370 2413 τὰ
3409 2358 3557 2434 δῶρα
3605 2359 3792 2415 ταῦτα.
3826 2361 3897 2411 Σὺ

531 2458 589 2508 et
617 2452 723 2525 qui
751 2453 1079 2525 distribuis,
1117 2454 1340 2511 Christe
1381 2458 1535 2512 Deus
1577 2463 1801 2512 noster.
1837 2458 1977 2522 Quae
2009 2455 2171 2514 verba

2302 2457 2403 2527 γὰρ
2457 2455 2504 2505 εἷ
2545 2456 2570 2504 6
2611 2455 2932 2526 προσφέρων,
2979 2455 3069 2502 καὶ
3108 2455 3538 2525 προσφερόμενος,
3597 2453 3687 2500 xui
3735 2467 3903 2521 προσ-

540 2541 1005 2614 Chrysostomus
1051 2543 1112 2600 in
1139 2543 1420 2615 precibus
1460 2561 1496 2600 a
1521 2561 1584 2600 se
1609 2545 1780 2600 editas
1807 2545 2064 2616 liturgize
2091 2545 2180 2602 ad-

2305 2542 2608 2616 δεχόμενος,
2647 2547 2738 2594 καὶ
2787 2536 3177 2613 διαὸιὸόμενος,
3231 2543 3429 2614 Χριστε
3467 2541 3493 2591 6
3541 2539 3671 2599 Θεὸς
3709 2539 3858 2610 ἡμῶν
3882 2553 3895 2568 ⁸

533 2635 777 2687 mtttens
808 2632 975 2688 nullo
1005 2631 1192 2689 modo
1221 2633 1582 2690 immutavit.
1618 2635 1771 2700 Quin
1802 2635 1984 2690 etiam
2013 2635 2170 2690 mira

2302 2635 2328 2685 6
2361 2630 2501 2691 δῆτα
2549 2636 2638 2684 xui
2690 2633 2715 2683 6
2745 2638 2981 2706 χρυσοῦς
3038 2635 3130 2688 τὴν
3169 2629 3412 2701 γλῶσσαν
3471 2629 3518 2681 ἐν
3553 2636 3664 2688 ταῖς
3713 2627 3902 2699 εὐχαῖς

535 2719 683 2776 culis
715 2720 1138 2778 celeberrimus
1167 2722 1340 2778 divus
1385 2723 1704 2794 Gregorius
1745 2723 1809 2779 in
1843 2723 2001 2780 edito
2053 2740 2090 2780 a
2127 2740 2175 2780 se

2302 2729 2398 2784 τῆς
2457 2721 2579 2796 παρ’
2633 2720 2794 2772 αὐτοῦ
2858 2719 3151 2780 ἐκτεθείσης
3195 2718 3558 2793 ἱεροτελεστίας
3611 2713 3899 2789 δεξάμονος

539 2826 818 2867 sermone
860 2829 1039 2885 super
1079 2812 1426 2884 evangelico
1479 2813 1646 2869 dicto
1679 2830 1692 2868 :
1733 2815 1830 2870 Hic
1875 2821 1956 2869 est.
1993 2815 2179 2870 Filius

2301 2811 2395 2864 οὐκ
2427 2810 2730 2870 ἡλλοίωσεν.
2783 2807 2936 2860 Ἀλλά
2991 2815 3081 2860 xui
3133 2809 3159 2860 6
3213 2807 3260 2860 iv
3308 2809 3541 2881 θαύμασι
3585 2804 3898 2880 περιϐόητος

535 2916 700 2956 meus
729 2901 981 2958 dilectus
1002 2903 1070 2968 ³⁵,
1109 2901 1188 2958 ad
1222 2901 1477 2958 litteram
1502 2901 1584 2957 ita
1609 2903 1690 2958 ait
1724 2920 1736 2958 :
1769 2902 1868 2958 Hic
1899 2907 1986 2958 est
2017 2902 2175 2959 Filius

2303 2905 2432 2962 θεῖος
2495 2904 2774 2976 Γρηγόριος
2837 2897 2886 2949 ἐν
2943 2906 3015 2968 τῷ
3074 2897 3198 2972 παρ’
3245 2897 3406 2948 αὐτοῦ
3454 2896 3706 2950 ἕκτεθέντι
3759 2895 3898 2967 λόγῳ

535 3004 710 3044 meus
736 2993 794 3045 et
821 3005 1036 3061 agnus,
1069 2990 1234 3048 idem
1279 2989 1560 3046 sacerdos
1617 3006 1688 3046 ac
1717 2991 1975 3058 victima,
2027 2991 2175 3048 idem

2301 2993 2372 3054 εἰς
2424 2993 2480 3042 τὸ
2540 2987 2869 3060 εὐαγγελικόν
2906 2986 3085 3061 ῥητὸν,
3153 2989 3232 3054 1'6,
3285 2981 3452 3048 Οὗτός
3509 2985 3648 3038 ἐστιν
3701 2986 3726 3036 6
3782 2986 3899 3044 Υἱὸς

533 3077 796 3136 offerens
827 3085 884 3136 et
904 3079 1162 3150 oblatus,
1185 3080 1347 3136 idem
1376 3079 1699 3136 immolans
1731 3087 1787 3136 et
1815 3081 2173 3152 immolatus,

2257 3126 2258 3141 χ
2299 3101 2399 3156 μου
2458 3081 2483 3131 6
2553 3076 2840 3148 ἀγαπητὸς,
2889 3078 3026 3127 κατὰ
3079 3076 3226 3150 ῥῆμα
3277 3075 3412 3126 οὕτω
3465 3071 3693 3141 διεξιὼν,
3733 3069 3897 3132 Οὗτός

2257 3156 2259 3176 Ι
2310 3171 2320 3179 ι
2511 3170 2522 3179 ρ
2591 3169 2675 3179 --.ε
2983 3169 2992 3179 ι
3055 3163 3066 3177 3
3157 3168 3166 3178 1
3293 3165 3304 3173 τ
3410 3163 3422 3179 ν
3470 3167 3478 3176 ο
3590 3163 3601 3172 α
3697 3167 3704 3178 η

529 3167 693 3240 idem
723 3168 924 3225 hostia
947 3168 1142 3225 tactus
1171 3169 1458 3241 idemque
1486 3169 1747 3226 hostiam
1769 3171 2088 3244 recipiens.

2257 3163 2443 3224 ’ἐστιν
2500 3170 2526 3220 6
2591 3169 2708 3226 Υἱός
2754 3185 2854 3238 μου
2911 3169 3000 3217 καὶ
3046 3163 3219 3237 ἀμνὸς,
3283 3165 3308 3215 6
3361 3163 3518 3224 αὐτὸς
3588 3163 3744 3235 ἱερεὺς
3805 3181 3897 3214 και

536 3259 735 3328 ἱερεῖον,
769 3258 794 3308 6
819 3256 976 3319 αὐτὸς
1005 3261 1307 3334 προσφέρων
1336 3262 1426 3309 xui
1455 3277 1888 3332 προσφερομενος,
1921 3261 1946 3311 6
1979 3260 2130 3322 αὐτὸς
2160 3262 2437 3336 ἱερουργῶν
2467 3261 2556 3310 καὶ
2599 3258 3040 3329 ἱερουργουμενος,
3073 3255 3099 3305 6
3140 3253 3290 3314 αὐτὸς
3328 3254 3488 3305 θυσία
3523 3256 3781 3325 γινόμενος
3808 3255 3897 3304 καὶ

547 3344 701 3406 αὐτὸς
722 3349 807 3398 τόν
829 3348 1014 3400 θυσίαν
1045 3344 1323 3419 δεχόμενος
1351 3347 1493 3418 (24).

609 3436 886 3492 Consona
923 3435 1017 3491 his
1044 3435 1322 3492 Ecclesiae
1357 3451 1600 3508 quoque
1635 3436 2185 3508 Hierosolymitanae

2376 3432 2593 3509 Συνῳδὰ
2649 3437 2853 3494 τούτοις
2891 3437 2981 3485 xui
3033 3433 3058 3484 6
3111 3439 3207 3492 τῆς
3270 3430 3638 3505 Ἰεροσολύμων
3690 3428 3897 3487 Ἐκκλη-

534 3521 774 3595 lampas
805 3523 1056 3596 Cyrillus
1085 3525 1146 3579 in
1184 3540 1255 3580 eo
1303 3540 1487 3596 quem
1535 3525 1610 3581 de
1649 3541 1906 3582 occursu
1951 3527 2174 3582 Domini

2307 3532 2426 3588 σίας
2471 3525 2714 3598 λαμπτὴρ
2767 3521 3044 3595 ἐφθέγξατο
3122 3519 3369 3595 Κύριλλος
3421 3519 3468 3572 ἐν
3536 3527 3608 3590 τῷ
3681 3519 3752 3581 εἰς
3810 3524 3898 3577 τὴν

541 3611 780 3683 scripsit
833 3627 1143 3667 sermone:
1186 3612 1370 3680 Idem,
1399 3613 1615 3684 inquit,
1661 3620 1749 3670 est
1799 3615 2181 3685 sacriﬁcator,

2307 3618 2444 3669 θείαν
2519 3614 2846 3670 ’Υπαπαντὴν
2928 3612 3194 3668 πονηθέντι
3267 3609 3390 3684 παρ’
3473 3612 3633 3662 αὐτοῦ
3696 3609 3831 3679 λόγῳ
3881 3623 3897 3638 '

539 3698 826 3772 idemque
848 3700 1104 3756 victimae
1127 3707 1413 3773 receptor.
1437 3705 1685 3774 Insuper
1713 3707 1768 3758 et
1797 3705 2100 3760 maximus
2122 3721 2179 3762 ac

2305 3707 2470 3766 Αὐτὸς
2537 3704 2562 3754 6
2624 3704 2800 3770 θύτης,
2875 3699 3051 3769 εἰπὼν,
3120 3703 3211 3751 καὶ
3277 3699 3431 3760 αὐτὸς
3483 3700 3510 3748 ὃ
3566 3701 3660 3756 τὴν
3711 3699 3896 3749 θυσίαν

542 3788 718 3844 divus
761 3789 1014 3861 Cyrillus
1061 3789 1436 3846 Alexandria;
1491 3789 1788 3848 luminare
1838 3793 1899 3848 in
1952 3810 2062 3849 suo
2117 3794 2182 3850 de

2305 3791 2608 3866 δεχόμενος.
2669 3790 2782 3844 Ἔτι
2832 3786 2890 3842 δὲ
2939 3795 3028 3842 καὶ
3075 3789 3100 3840 6
3147 3790 3426 3862 πάμμεγας
3476 3791 3564 3839 καὶ
3627 3787 3897 3845 θεσπέσιος

543 3878 803 3950 mystica
843 3893 1018 3936 coena
1043 3883 1098 3936 et
1125 3878 1347 3935 lotione
1380 3895 1678 3950 sermone,
1703 3880 1918 3938 diserte
1946 3884 2032 3938 sic
2063 3883 2144 3939 ait
2176 3901 2183 3939 :

2307 3881 2554 3955 Κύριλλος
2611 3883 2636 3931 ὁ
2681 3888 2770 3939 τῆς
2811 3874 3186 3952 Ἀλεξανδρέων
3231 3881 3440 3950 φωστὴρ
3493 3875 3543 3926 ἐν
3583 3883 3654 3945 τῷ
3708 3874 3780 3936 εἰς
3809 3878 3896 3926 τὸν

547 3969 857 4038 Bibamus,
881 3974 991 4026 etc.
1017 3985 1201 4041 usque
1229 3969 1310 4027 ad
1334 3969 1410 4025 de
1439 3971 1763 4027 venerabili
1791 3971 2068 4029 Trinitate
2109 3975 2187 4046 (ut

2302 3975 2557 4047 μυστικὸν
2605 3968 2808 4024 δεῖπνον
2863 3975 2950 4021 xui
3001 3977 3228 4042 νιπτῆρα
3285 3967 3418 4038 λόγῳ
3464 3966 3646 4035 αὑτοῦ,
3679 3962 3900 4040 διαρρή-

548 4057 664 4115 col.
700 4058 848 4127 166).
871 4059 1035 4116 Idem
1061 4059 1123 4115 in
1145 4074 1253 4116 suo
1280 4059 1498 4132 pariter
1529 4061 1609 4115 ad
1646 4060 1884 4132 reginas
1918 4077 2188 4118 sermone

2305 4059 2405 4121 δην
2443 4063 2605 4122 οὕτως
2658 4058 3067 4132 ἀποφαινόμενος
3099 4075 3113 4088 ⁸
3164 4062 3392 4129 Πίνωμεν
3449 4055 3610 4108 αὑτοῦ
3649 4058 3708 4107 τὸ
3769 4055 3901 4127 αἷμα

547 4147 883 4205 sacerdotio
911 4148 1124 4205 Christi
1156 4164 1317 4221 saepe
1357 4154 1856 4219 commemorato,
1891 4150 1974 4206 sic
1995 4167 2187 4224 prose.

2305 4157 2436 4222 etc.,
2485 4164 2671 4221 usque
2715 4149 2795 4205 ad
2850 4153 3108 4220 παντίμου
3165 4143 3418 4219 Τριοξδος.
3461 4143 3555 4206 ⁴⁸Ος
3605 4149 3695 4196 xui
3738 4143 3786 4196 ἐν
3831 4150 3903 4212 τῷ

545 4236 800 4308 quitur:
851 4237 1275 4294 Animadverte
1331 4238 1667 4310 quomodo,
1726 4245 1841 4295 etc.
1892 4255 2076 4312 usque
2117 4256 2185 4297 aa

2265 4240 2373 4314 ,εἰς
2415 4242 2508 4301 τὰς
2540 4237 2867 4312 βασιλίσσας
2894 4237 3031 4310 λογῳ
3080 4236 3262 4300 αὐτοῦ,
3310 4234 3579 4307 πολλαχοῦ
3625 4241 3719 4296 τῆς
3769 4235 3905 4284 κατά

547 4325 704 4380 Deus
731 4325 911 4381 simul
941 4331 997 4382 et
1020 4326 1204 4382 homo
1229 4327 1440 4394 (utcol.
1471 4329 1612 4399 167).
1643 4332 1934 4386 Praeterea
1955 4331 2187 4402 sapiens

2307 4332 2536 4403 Χριστὸν
2620 4330 2903 4402 ἱερωσύνης
2983 4329 3322 4399 μεμνημένος,
3407 4323 3540 4376 οὓτω
3616 4319 3836 4386 διέξεισι
3886 4341 3901 4354 ·

546 4413 951 4470 Theodoretus
977 4414 1374 4488 apostolicum
1393 4415 1595 4472 locum
1617 4433 1908 4476 enarrans
1929 4420 2033 4475 ubi
2057 4419 2186 4475 dici-

2305 4417 2488 4492 ”Αθρει
2519 4414 2579 4470 δὲ
2607 4419 2745 4478 ὅπως
2771 4421 2904 4482 etc.,
2946 4429 3130 4486 usque
3172 4415 3254 4472 ad
3297 4416 3426 4486 ὁμοῦ
3477 4415 3603 4473 Θεὸς
3662 4417 3751 4464 xui
3811 4412 3903 4463 ἄν·

547 4507 646 4560 tur
669 4522 682 4559 :
709 4505 825 4572 Qui
841 4519 955 4560 non
988 4503 1163 4560 habet
1193 4505 1594 4561 necessitatem
1613 4508 1877 4577 quotidie
1896 4509 2067 4576 prius
2082 4523 2187 4578 pro

2308 4510 2531 4583 θρωπος·
2585 4505 2740 4560 Ἀλλά
2767 4510 2854 4558 xui
2887 4504 2912 4556 6
2961 4507 3120 4576 σοφὸς
3151 4499 3491 4578 Θεοδώρητος
3521 4505 3578 4554 16
3616 4499 3904 4554 ἀποστολι-

549 4593 673 4649 suis
704 4592 936 4649 delictis
971 4593 1226 4650 hostiam
1257 4594 1494 4663 o/ferre,
1522 4594 1738 4650 deinde
1763 4612 1874 4664 pro
1897 4598 2112 4666 populi
2124 4598 2189 4654 ³⁸.

2306 4600 2395 4650 κόν
2423 4597 2582 4672 ῥητὸν
2630 4591 2973 4668 διηγούμενος
3028 4597 3086 4646 τό
3135 4592 3304 4664 λέγον,
3349 4591 3445 4654 ’⁸ος
3485 4591 3580 4643 οὐκ
3619 4593 3731 4662 ἔχει
3779 4589 3901 4640 καθ’

548 4681 680 4739 haec
711 4681 908 4739 addit:
957 4681 1058 4738 Hic
1099 4687 1299 4738 autem
1351 4688 1657 4740 suummet
1693 4683 1909 4740 obtulit
1937 4702 2188 4758 corpus;

2307 4689 2503 4760 ἡμέραν
2571 4683 2801 4756 ἀνάγκην
2847 4688 3094 4757 πρότερον
3159 4685 3286 4755 ὑπὲρ
3363 4688 3462 4732 τῶν
3517 4676 3664 4733 ἰδίων
3735 4678 3902 4751 ἀμαρ-

546 4771 712 4828 idem
739 4771 1023 4828 sacerdos
1055 4775 1112 4827 et
1133 4771 1414 4838 victima;
1449 4777 1506 4828 et
1542 4778 1843 4846 quatenus
1869 4777 2186 4842 Deus,cum

2307 4785 2429 4828 τιῶν
2517 4776 2702 4826 θυσίαν
2781 4772 3066 4848 ἀναφέρειν,
3147 4773 3325 4824 ἔπειτα
3405 4778 3505 4822 τῶν
3585 4775 3676 4820 τοῦ
3751 4766 3898 4832 λαοῦ,

549 4863 718 4917 Patre
749 4866 804 4918 et
835 4861 1054 4933 Spiritu
1081 4860 1313 4917 donum
1337 4861 1648 4934 recipiens.
1676 4865 1976 4919 Enarrans
1997 4869 2189 4921 autem

2305 4865 2470 4926 οὓτως
2537 4863 2716 4934 ἐπάγει
2780 4882 2794 4896 σ
2847 4867 2948 4915 Καὶ
3001 4861 3183 4913 ἐκεῖνοι
3233 4863 3323 4932 μὶν
3387 4859 3538 4931 ἕτερα
3590 4874 3903 4932 προσεφερον

550 4951 905 5006 Davidicum
961 4956 1224 5006 textum:
1262 4952 1348 5006 Tu
1402 4966 1462 5007 es
1497 4952 1773 5008 sacerdos
1801 4954 1866 5009 in
1912 4959 2190 5010 aeternum

2312 4957 2535 5026 θύματα,
2587 4952 2733 5013 οὗτος
2779 4947 2838 5004 δε
2878 4950 3061 5004 ἑαυτοῦ
3110 4953 3465 5024 προσενήνοχε
3514 4954 3695 5019 σῶμαο
3747 4944 3907 5007 αὐτὸς

550 5039 874 5096 secundum
911 5039 1632 5097 ordinemMelchisedech
1652 5041 1718 5112 ³⁷,
1754 5041 2190 5116 sicinterpreta-

2310 5046 2467 5118 ἱερεὺς
2524 5046 2614 5094 xui
2691 5043 2868 5113 ἱερεῖον
2925 5043 3232 5112 γενόμενος’
3293 5043 3382 5090 xui
3447 5037 3513 5098 ὡς
3579 5038 3724 5104 Θεὸς,
3776 5035 3910 5106 μετὰ

551 5130 676 5186 tur:
715 5127 1022 5184 Sacriﬁcat
1045 5143 1207 5184 nunc
1234 5143 1479 5201 quoque
1503 5129 1768 5186 Christus
1797 5131 1872 5187 de
1909 5131 2066 5188 Juda
2111 5149 2191 5189 se-

2309 5135 2513 5207 Πατρός
2561 5134 2650 5184 xui
2701 5131 2999 5202 Πνεύματσς
3053 5132 3112 5182 τὸ
3175 5124 3344 5200 δῶρον
3401 5123 3708 5198 δεχόμενος.
3761 5123 3909 5186 Ἐξη-

551 5215 823 5273 eundum
856 5229 1100 5272 carnem
1116 5221 1318 5288 natus,
1343 5217 1449 5274 etsi
1482 5217 1632 5274 nihil
1658 5218 1706 5274 is
1727 5218 2037 5288 oﬂ‘ert,sed
2056 5221 2191 5278 offe-

2309 5225 2556 5294 γούμενος
2615 5215 2676 5272 δὲ
2733 5221 2823 5271 xui
2889 5220 2948 5271 1'6
3011 5219 3285 5270 Δαυῑτικὸν
3359 5215 3538 5290 ῥητόν,
3599 5217 3658 5266 τὸ
3723 5214 3789 5264 Σύ
3866 5208 3916 5264 εἶ

624 5359 672 5394 ³⁵
693 5358 892 5416 Matth.
935 5373 1014 5428 iu,
1053 5361 1156 5427 17;
1191 5361 1278 5426 17,
1311 5362 1366 5416 5.
1443 5360 1491 5395 ³⁸
1523 5359 1697 5416 Hebr.
1725 5377 1822 5432 vn,
1850 5366 1940 5420 27.
2017 5364 2060 5399 ³⁷
2102 5364 2256 5422 Psal.
2282 5376 2390 5434 cxx,
2419 5367 2472 5420 4.

624 5503 736 5576 (24)
770 5502 870 5576 Hic
921 5504 979 5560 S.
1039 5501 1304 5576 Gregorii
1357 5502 1789 5576 Thaumaturgi
1832 5503 2002 5563 locus
2049 5505 2201 5564 exei-
2311 5504 2524 5564 Christi
2547 5499 2874 5576 baptismo,
2892 5497 3001 5576 ubi
3021 5497 3246 5572 Optime
3283 5495 3417 5576 haec
3445 5494 3630 5576 verba
3657 5494 3911 5569 quidem

551 5567 729 5637 disse"
757 5574 992 5632 videtur
1036 5589 1111 5632 ex
1151 5567 1314 5634 calce
1362 5575 1660 5634 sermonis
1705 5567 1786 5635 ab
1821 5593 1894 5638 eo
1939 5577 2081 5638 dicti
2120 5579 2197 5637 de
2304 5567 2910 5651 quadrant,'minime
2933 5567 3142 5632 tamen
3163 5583 3328 5628 nunc
3351 5567 3652 5642 leguntur.
