4152 6208
256 306 355 361 185
1572 311 1861 370 THESAU]

1972 314 2100 370 LIB.
2140 317 2318 373 XXIV.
3521 324 3622 382 186

246 430 411 502 ἱερεύς
470 427 551 489 εἰς
616 429 706 480 τόν
748 426 914 483 αἰῶνα
977 431 1112 482 κατά
1162 433 1252 489 τὴν
1302 431 1447 495 τάξιν
1494 430 1850 505 Μελχισεδὲκ,

1971 438 2226 496 rentium
2256 445 2441 514 caput
2469 446 2575 500 est.
2623 445 2850 517 Corpus
2880 444 3039 501 enim
3084 460 3263 501 suum
3291 443 3620 501 Ecclesiam

240 522 356 592 περὶ
405 525 511 579 τῆς
569 515 689 569 καθ’
747 519 947 591 ἡμέραν
1026 524 1299 592 γινομένης
1343 521 1711 595 ἱεροτιλεστίας
1777 525 1871 577 ούον

238 627 341 668 τως
388 608 751 681 innima-rv-
817 605 1087 682 Ἰερατεύει
1136 604 1196 662 δὲ
1242 614 1333 662 καὶ
1379 618 1468 663 νῦν
1515 612 1541 663 6
1599 610 1654 675 ἐξ
1683 609 1864 667 Ἰούδα

1969 527 2252 600 appellat.
2275 532 2342 585 Et
2388 530 2684 591 sacriﬁcat
2709 533 2954 606 quidem
2998 541 3066 591 ut
3118 533 3326 604 homo,
3357 533 3617 591 hostiam

1969 630 2115 672 vero
2146 617 2356 691 recipit
2381 626 2445 676 ut
2474 624 2651 678 Deus.

238 698 394 788 κατὰ-
435 698 625 769 σάρκα
680 692 1017 788 βλαστήσεις,
1052 701 1302 771 Χριστὸς,
1372 704 1548 753 καίτοι
1602 697 1768 773 μηδὲν
1816 700 1974 764 αὐτὸς
2017 711 2346 782 προσφέρων,
2425 708 2553 763 ἀλλὰ
2624 720 2724 765 τῶν
2797 716 3191 788 προσφερόντων
3233 712 3426 786 κεφαλὴ
3479 732 3620 787 x91;-

244 785 488 860 ματίζων
523 806 538 819 ο
599 794 755 858 σῶμα
818 787 919 860 γὰρ
997 786 1181 840 ἑαυτοῦ
1255 793 1350 848 τὴν
1406 789 1721 849 Ἐκκλησίαν
1766 789 1915 843 καλεῖ
1945 811 1959 825 ·

243 878 652 950 προσφερόμενα
674 872 744 939 ὧς
772 880 919 938 Θεός.

309 970 498 1018 Ταῦτα
524 967 623 1038 μὲν
654 964 743 1019 οὖν
787 962 842 1019 ἐκ
893 964 1088 1019 πολλῶν
1153 965 1303 1038 ὀλίγα
1356 970 1503 1042 παρὰ
1555 976 1655 1022 τῶν
1712 971 1859 1022 θείων

246 1058 491 1127 Πατέρων
572 1052 939 1128 ἕρανισάμενοι
992 1060 1122 1130 πρὸς
1187 1054 1377 1132 ἕναργῆ
1451 1065 1545 1121 τῆς
1623 1057 1863 1121 ἀληθείας

242 1145 614 1217 παράστασιν,
696 1150 761 1217 τῇ
858 1148 1098 1220 παρούσῃ
1165 1153 1338 1220 γραφῇ
1425 1145 1745 1221 ἐνετιίξαμεν,
1801 1151 1860 1202 τὸ

243 1241 406 1305 μῆκος
490 1241 593 1285 τοῦ
666 1231 825 1305 λόγου
910 1234 1254 1307 ἐκφεύγοντες.
1322 1233 1530 1299 Ἔξεστι
1612 1233 1673 1289 δὲ
1752 1244 1862 1300 τοῖς

246 1320 599 1396 βουλομένοις
637 1321 950 1394 φιλοπονεῖν,
987 1328 1078 1377 καὶ
1125 1323 1180 1387 ἐξ
1229 1323 1392 1376 οῦιλων
1443 1330 1641 1401 μυρίων
1696 1328 1861 1378 συνά-

246 1430 353 1483 γειν
396 1417 493 1465 τοῦ
555 1412 695 1465 θείου
740 1406 1006 1485 δόγματος
1066 1416 1158 1471 τὴν
1213 1410 1482 1486 ἀκρίϐείαν
1511 1435 1528 1472 ο,
1589 1421 1699 1468 Τῶν
1774 1412 1860 1475 οὖν

254 1502 511 1576 θεοφόρων
574 1504 819 1575 Πατέρων
881 1504 1038 1563 οὕτως
1095 1504 1393 1578 ὀμοφρόνως
1456 1502 1733 1578 εἰρηκότων
1796 1506 1863 1556 τὰ

249 1594 364 1665 περὶ
418 1592 636 1657 τούτου,
678 1584 900 1647 εὔδηλον
963 1594 1051 1657 ὡς,
1101 1592 1329 1650 ὁπηνίκα
1373 1596 1465 1644 καὶ
1518 1593 1544 1644 6
1599 1596 1861 1655 Δεσπότης

256 1682 485 1752 Χριστός
545 1677 728 1731 ἑαυτὸν
787 1677 1039 1741 ἑκουσίως
1111 1681 1327 1754 ἱέρευσε,
1386 1685 1690 1756 προσήγαγε
1769 1683 1860 1753 μὲν

256 1766 430 1820 ἑαυτὸν
475 1768 616 1820 κατά
667 1770 729 1819 τό
800 1765 1139 1843 ἀνθρώπινον,
1168 1771 1238 1831 ὡς
1297 1766 1356 1821 δὲ
1413 1773 1540 1830 Θεὸς
1579 1774 1670 1822 καὶ
1708 1769 1861 1831 αὐτὸς

260 1859 466 1930 συνάμα
527 1864 601 1927 τῷ
654 1860 828 1932 Πατρὶ
865 1860 957 1909 καὶ
992 1859 1256 1930 Πνεύματι
1291 1862 1380 1917 τὴν
1452 1860 1638 1911 θυσίαν
1688 1854 1858 1912 ἀνεδε-

262 1946 400 2009 ξατο.
455 1944 592 1998 Ἀλλ’
647 1945 695 1998 ἐν
753 1948 956 2008 τούτοις
1006 1949 1097 2019 μὶν
1152 1947 1217 1999 τὰ
1261 1954 1355 2010 τῆς
1402 1948 1694 2010 ὑποθέσεως
1727 1947 1857 2023 ἐφ’ᾖ’

266 2042 353 2089 καὶ
402 2042 612 2110 πρώτως
654 2034 975 2108 συνήλθομεν
1006 2049 1021 2065 ·
1071 2040 1162 2089 καὶ
1192 2036 1327 2088 οὕτω
1368 2032 1449 2089 δεῖ
1503 2042 1702 2110 φρονεῖν
1739 2041 1862 2099 τοὺς

267 2132 357 2187 τῆς
392 2122 701 2186 Ἐκιλησίας
755 2128 1041 2201 τροφίμους
1087 2126 1156 2187 ὡς
1207 2133 1303 2187 τῆς
1349 2122 1581 2200 Τριάὸος
1632 2145 1863 2201 προσευ-

270 2216 445 2274 ντςτοὶςο
492 2217 579 2266 καὶ
628 2211 743 2265 κατ’
794 2210 972 2286 ἀρχὴν
1020 2210 1105 2265 ἐπὶ
1159 2220 1252 2266 τοῦ
1299 2220 1619 2267 Δεσποτικοῦ
1665 2216 1861 2279 πάθους

277 2306 363 2354 τὸν
393 2304 702 2377 θυὶνθρωπον
746 2305 916 2375 Λόγον
978 2305 1039 2355 τὸ
1102 2307 1361 2377 σωτήριον
1427 2304 1569 2376 θῦμα
1643 2322 1862 2379 προσεν-

289 2399 448 2463 εγκεῖν
497 2399 564 2462 τῷ
613 2395 778 2465 ῐιατρί
835 2411 891 2445 τε
945 2396 1036 2444 καὶ
1086 2390 1254 2464 ἐαυτῷ
1331 2396 1397 2454 ὡς
1476 2400 1589 2465 Θεῷ
1645 2397 1735 2446 καὶ
1789 2401 1861 2466 τῷ

297 2483 546 2553 Πνεύματι
569 2494 585 2510 ⁸
615 2481 733 2556 παρ’
769 2482 830 2533 ὧν
873 2478 978 2533 κάκ
1027 2488 1120 2534 τοῦ
1177 2485 1248 2555 μὴ
1306 2485 1449 2543 ὄντος
1495 2478 1562 2543 εἷς
1624 2486 1684 2536 τό
1731 2483 1862 2535 εἷναι

283 2571 529 2644 παρήχθη
593 2571 619 2622 6
680 2571 941 2645 ἄνθρωπος
967 2586 981 2601 ⁸
1053 2570 1126 2633 οἷς
1185 2574 1277 2624 καὶ
1353 2575 1706 2648 προσέπταισε
1764 2576 1859 2632 τὴν

277 2657 476 2718 ἐντολὴν
536 2657 770 2734 παραϐάς
801 2680 815 2693 ·
895 2660 973 2722 οἷς
1043 2664 1136 2713 καὶ
1196 2655 1292 2713 διὰ
1344 2668 1438 2713 τοῦ
1509 2663 1705 2722 πάθους
1767 2668 1859 2714 τοῦ

277 2748 500 2821 Χριστοῦ
552 2747 948 2822 καταλλάγημα·
1186 2753 1278 2802 καὶ
1319 2756 1408 2802 νύν
1462 2750 1711 2813 ὡσαύτως
1767 2752 1861 2813 τὰς

271 2835 609 2913 ἀναιμάκτους
664 2840 853 2900 θυσίας
930 2845 992 2911 τῇ
1067 2838 1344 2912 παντελιίῳ
1405 2842 1496 2892 καὶ
1563 2839 1859 2911 τελειοποιῷ

266 2922 449 3001 Τριαδι
494 2929 886 3001 προσάγεσθαι,
930 2932 1021 2981 καὶ
1071 2931 1267 2988 ταύτην
1340 2931 1537 2991 ταύτας
1588 2948 1859 3005 προσαπο-

265 3011 538 3089 δέχεσθαι.

329 3105 474 3160 Ἐπεὶ
542 3102 606 3160 δε
680 3106 775 3160 οὐκ
813 3103 875 3166 ἦν
934 3114 1026 3160 τοῦ
1073 3105 1332 3182 βασιλέως
1390 3107 1745 3181 μεγαλονοίας,
1798 3106 1858 3162 ού

2025 799 2116 848 καὶ
2176 796 2423 870 ἰερατεύει
2468 804 2558 874 μὲν
2633 801 2701 865 ὠς
2775 803 3067 879 ἄνθρωπος,
3142 799 3361 876 δέχεται
3425 800 3486 856 δι
3554 804 3621 855 τὰ

2042 978 2236 1035 Pauca
2262 979 2395 1037 hinc
2422 980 2498 1038 de
2540 981 2741 1038 multis
2783 998 2859 1039 ex
2903 981 3056 1039 divis
3103 981 3375 1039 Patribus
3420 981 3621 1039 decer-

1967 1072 2178 1140 pentes
2206 1068 2285 1125 ad
2316 1069 2652 1128 evidentem
2702 1071 2969 1129 veritatis
3017 1070 3616 1143 demonstrationem,

1967 1159 2030 1216 in
2072 1160 2235 1217 hunc
2265 1161 2766 1218 commentarium
2795 1160 3179 1231 inseruimus,
3217 1159 3621 1233 prolixitatem

1967 1250 2293 1307 verborum
2320 1251 2597 1309 vitantes.
2640 1250 2864 1309 Licebit
2903 1253 3112 1322 autemi
3146 1248 3469 1307 lucubrare
3513 1264 3619 1307 vo-

1965 1338 2246 1409 lentibus,
2280 1356 2354 1397 ex
2388 1340 2517 1398 aliis
2545 1356 2792 1414 quoque
2820 1339 3133 1413 permultis
3159 1339 3308 1396 locis
3340 1338 3620 1411 colligere

1968 1431 2123 1486 sacri
2152 1427 2456 1501 dogmatis
2483 1429 3048 1487 demonstrationes.
3077 1431 3224 1485 Cum
3253 1428 3431 1499 igitur
3457 1428 3623 1502 pleni

1971 1521 2089 1576 Deo
2118 1522 2319 1576 Patres
2350 1523 2476 1577 tam
2505 1519 2882 1577 concorditer
2909 1518 2985 1575 de
3022 1519 3140 1575 hac
3180 1534 3245 1574 re
3271 1517 3617 1592 loquantur,

1969 1606 2172 1681 palam
2203 1612 2296 1665 est
2323 1608 2489 1682 quod
2519 1624 2661 1666 cum
2692 1608 2960 1666 Christus
2992 1606 3282 1664 Dominus
3319 1622 3383 1663 se
3416 1607 3618 1679 ipsum

1968 1702 2182 1770 sponte
2212 1699 2504 1757 sacriﬁcio
2551 1698 2784 1765 obtulit,
2816 1702 3116 1772 quatenus
3146 1696 3393 1771 quidem
3434 1697 3620 1757 homo

1968 1792 2116 1855 erat,
2144 1804 2207 1845 se
2260 1788 2518 1855 obtulit;
2566 1791 2864 1861 quatenus
2909 1803 3054 1847 vero
3084 1790 3260 1857 Deus,
3290 1788 3423 1861 ipse
3468 1801 3621 1860 quo-

1967 1894 2088 1951 que
2116 1894 2256 1934 cum
2286 1880 2458 1935 Patre
2487 1882 2546 1935 et
2575 1878 2795 1950 Spiritu
2846 1878 3106 1934 hostiam
3156 1876 3398 1949 recepit.
3428 1880 3621 1949 Atque

1966 1966 2029 2024 in
2052 1967 2169 2024 hoc
2191 1967 2507 2041 proposita
2529 1966 2786 2040 quaestio
2813 1968 3080 2036 vertitur,
3111 1966 3286 2035 cuius
3316 1980 3501 2022 causa
3523 1980 3620 2021 su-

1965 2056 2201 2129 periore
2251 2071 2496 2130 quoque
2546 2060 2815 2129 tempore
2848 2054 3197 2126 congregati
3242 2053 3490 2110 fuimus.
3525 2050 3620 2110 Sic

1968 2149 2168 2203 autem
2199 2145 2451 2202 omnino
2479 2144 2719 2201 credere
2747 2147 2980 2216 oportet
3022 2142 3296 2199 Ecclesiae
3338 2141 3618 2198 alumnos

1966 2238 2026 2291 et
2053 2233 2347 2291 Trinitatis
2375 2233 2633 2291 cultores
2665 2250 2680 2290 :
2719 2248 2939 2306 nempe
2968 2237 3028 2290 et
3048 2232 3192 2289 olim
3218 2231 3281 2288 in
3329 2230 3617 2288 Passione

1967 2322 2280 2381 Dominica
2326 2322 2590 2381 Verbum
2635 2320 3105 2395 theanthropum
3142 2320 3472 2377 salutarem
3499 2320 3615 2377 ho-

1962 2412 2146 2470 stiam
2169 2411 2514 2471 exhibuisse
2534 2417 2664 2469 tum
2690 2411 2862 2480 Patri,
2895 2415 3025 2468 tum
3074 2409 3191 2483 ipsi
3220 2409 3337 2466 sibi
3365 2409 3451 2465 uti
3496 2410 3618 2467 Deo

1965 2517 2078 2559 nec
2106 2517 2231 2559 non
2262 2501 2504 2572 Spiritui
2535 2518 2549 2557 :
2598 2517 2634 2559 a
2659 2499 2881 2575 quibus
2911 2506 2986 2557 ex
3012 2498 3199 2556 nihilo
3238 2497 3318 2555 ad
3360 2497 3618 2555 existen—

1964 2591 2117 2648 dum
2158 2589 2492 2665 productus
2547 2593 2641 2647 est
2677 2590 2899 2656 homo;
2929 2604 3085 2663 quos
3113 2588 3243 2662 ipse
3278 2590 3617 2658 transgres-

1969 2668 2139 2739 sione
2183 2697 2301 2738 sua
2343 2679 2623 2749 offendit;
2653 2679 2878 2753 quibus
2926 2677 3190 2751 denique
3244 2691 3353 2749 per
3406 2674 3618 2733 Christi

1965 2770 2317 2845 passionem
2360 2768 2780 2827 reconciliatus
2823 2767 2951 2825 fuit.
2984 2768 3112 2824 lmo
3157 2781 3323 2825 nunc
3372 2779 3617 2839 quoque

1965 2860 2310 2918 incruentas
2355 2858 2587 2917 hostias
2645 2857 2917 2916 creatrici
2968 2872 3171 2915 rerum
3230 2854 3507 2912 omnium
3560 2856 3619 2910 et

1967 2949 2215 3007 auctrici
2241 2948 2504 3007 Trinitati
2533 2962 2747 3021 reapse
2772 2945 2996 3015 offerri,
3024 2960 3251 3018 easque
3280 2943 3361 3001 ab
3403 2941 3617 3000 eadem

1962 3054 2170 3113 recipi.

2038 3128 2340 3196 Quoniam
2366 3142 2510 3185 vero
2537 3125 2668 3184 ﬁeri
2699 3140 2822 3183 non
2853 3128 3090 3198 poterat
3120 3122 3269 3197 quin
3296 3119 3615 3192 magnani-

260 3199 359 3269 μὴν
404 3192 535 3249 οὐδε
572 3203 669 3258 τῆς
721 3195 843 3249 καθ’
893 3198 1032 3270 ἡμᾶς
1088 3193 1373 3271 ἁδελφικῆς
1425 3205 1696 3271 συμπνοῆς
1768 3201 1860 3252 καὶ

1970 3192 2103 3275 mus
2129 3216 2480 3291 imperator,
2509 3216 2775 3289 itemque
2820 3192 3030 3270 nostra
3076 3192 3327 3269 concors
3383 3225 3455 3266 ac
3494 3207 3616 3265 fra-

259 3287 523 3358 όμονοίας,
577 3288 639 3338 τὸ
692 3289 766 3358 μή
822 3290 915 3339 καὶ
967 3288 1085 3348 τούς
1151 3290 1376 3363 σπορέας
1435 3294 1539 3340 τῶν
1612 3287 1859 3348 ζιζανίων

260 3375 487 3431 σπεῦσαι
539 3375 712 3428 πάντα
768 3378 956 3447 τρόπον
1010 3373 1341 3449 ἰφευρεθῆναί
1377 3380 1469 3429 καὶ
1523 3374 1858 3450 ἐλεγχθῆναι,

256 3468 311 3517 τὸ
354 3464 554 3538 φαῦλον
610 3470 765 3531 τοῦτο
812 3469 904 3517 καὶ
955 3460 1254 3528 ὄαανδῶδες
1299 3467 1507 3542 σπέρμα
1534 3472 1608 3537 τῷ
1645 3467 1860 3542 καθαρῷ

251 3562 342 3617 τῆς
408 3551 676 3615 εὐσεϐείας
772 3559 903 3627 σίτῳ
989 3552 1457 3628 ἕγκαταμίξαντας,
1520 3559 1611 3608 καὶ
1687 3553 1860 3628 λόγοις

254 3642 561 3706 ἀλλοκότοις
642 3641 1035 3718 ἐπιχειροῦντας
1106 3644 1515 3705 κατασκευάζειν
1609 3644 1691 3697 ὅτι
1761 3651 1858 3706 τῆς

252 3736 551 3807 Νεστορίου
586 3732 790 3796 λύσσης
838 3730 953 3786 ἐστι
992 3731 1398 3810 παραπλήρωμα
1449 3736 1507 3787 τὸ
1578 3735 1721 3809 παρᾶ
1762 3741 1860 3801 τῆς

256 3822 575 3884 Ἐαλησίας
629 3816 921 3895 ὀρὼδόξως
986 3817 1455 3896 δογματιζὸμενον,
1504 3824 1574 3884 ὡς
1633 3821 1702 3884 εἰς
1761 3818 1858 3877 δύο

252 3915 546 3988 Χριστοὺς,
598 3909 765 3985 βαϐαὶ
819 3919 911 3988 τῆς
962 3910 1247 3975 ἀπονοίαςι
1314 3911 1576 3986 οἰομένους
1630 3911 1858 3966 ἐντεῦθεν

252 3985 588 4078 δίαιρείσθαι
613 4005 701 4055 τόν
740 3985 1067 4078 θεείνθρωπον
1105 4004 1318 4076 Κύριον,
1375 4000 1450 4075 ἐφ’
1508 4002 1587 4064 οἷς
1641 4003 1668 4054 6
1706 4020 1858 4075 μονο-

248 4096 402 4163 Ὶτνῆς
442 4091 568 4154 Υἱὸς
618 4095 711 4144 καὶ
772 4095 943 4164 Λόγος
989 4098 1081 4144 τοῦ
1129 4095 1256 4145 Θεοῦ
1302 4088 1427 4164 παρ’
1462 4092 1609 4167 ἡμῶν
1654 4110 1858 4164 καταγ-

247 4180 494 4251 γελλεται
541 4183 850 4257 προσφέρειν
895 4181 987 4254 μὶν
1052 4182 1117 4242 ὡς
1166 4181 1459 4257 ἄνθρωπος,
1489 4183 1561 4242 ὡς
1611 4175 1671 4233 δὲ
1728 4183 1857 4244 Θεὸς

249 4274 332 4323 καὶ
404 4265 833 4346 προσδεχεσθαι·
888 4264 1073 4328 ἐδέησε
1135 4262 1315 4324 λοιπὸν
1382 4265 1478 4322 διὰ
1549 4277 1718 4323 ταῦτα
1766 4273 1858 4322 καὶ

249 4360 393 4432 ὑμῶν
451 4367 548 4412 τοῦ
610 4358 728 4413 καθ’
783 4360 871 4413 ἕνα
923 4361 1204 4426 πυθέσθαι,
1271 4360 1406 4421 ὅπως
1464 4359 1682 4421 ἕκαστος
1744 4362 1859 4433 ἔχει

249 4454 366 4523 περὶ
397 4450 591 4502 τούτου
626 4454 971 4525 φρονήματος·
1010 4453 1099 4503 ναὶ
1146 4445 1215 4508 δὴ
1265 4453 1357 4503 καὶ
1411 4450 1606 4503 τούτων
1671 4449 1858 4503 ὀπόσοι

1966 3310 2133 3365 terna
2188 3309 2450 3373 caterva,
2481 3304 2701 3362 horum
2760 3302 3122 3361 zizaniorum
3166 3304 3397 3358 satores
3448 3296 3617 3355 omni

1966 3395 2165 3453 studio
2191 3394 2468 3468 detegere
2496 3398 2678 3468 atque
2706 3406 2957 3465 arguere
2982 3393 3238 3458 curaret,
3264 3388 3369 3462 qui
3395 3400 3616 3459 nempe

1965 3484 2195 3543 malum
2222 3484 2338 3542 hoc
2382 3483 2821 3557 spinosumque
2858 3495 3068 3538 semen
3098 3476 3468 3537 orthodoxiae
3497 3475 3616 3532 fru-

1965 3577 2172 3632 mento
2221 3572 2679 3631 immiscuerant
2709 3590 2728 3644 ;
2785 3569 3191 3644 absurdisque
3239 3564 3616 3625 sermonibus

1966 3663 2103 3721 ausi
2131 3666 2275 3720 sunt
2307 3662 2525 3730 dicere,
2553 3660 2722 3736 quod
2775 3666 3007 3718 rectum
3064 3657 3336 3716 Ecclesiae
3390 3655 3619 3727 dogma

1966 3753 2327 3811 Nestoriante
2345 3751 2606 3811 vesaniae
2631 3750 3111 3809 additamentum
3142 3746 3253 3817 sit;
3281 3746 3425 3820 quia
3450 3743 3616 3801 vide-

1964 3840 2102 3898 licet
2133 3845 2369 3916 putant,
2400 3840 2577 3914 quasi
2629 3839 2694 3897 in
2747 3838 2902 3897 duos
2932 3837 3199 3897 Christos
3256 3835 3421 3906 (hem
3449 3847 3618 3890 vesa-

1965 3929 2132 3986 niam
2160 3928 2199 4000 ε)
2228 3929 2345 3987 isto
2373 3928 2559 3987 modo
2595 3926 2784 3985 dividi
2826 3927 3254 3997 theantropum
3280 3921 3614 3988 hominem,

1965 4017 2115 4074 dum
2139 4018 2485 4090 unigenitus
2509 4016 2688 4073 Filius
2715 4019 2775 4072 et
2801 4014 3060 4072 Verbum
3091 4011 3249 4068 Deia
3265 4008 3442 4067 nobis
3470 4007 3616 4065 dici-

1965 4110 2063 4165 tur
2091 4107 2303 4164 oﬂ‘erre
2341 4107 2595 4180 quidem.
2617 4108 2684 4162 ut
2721 4105 2928 4169 homo,
2958 4102 3221 4174 recipere
3270 4114 3414 4155 vero
3460 4111 3614 4170 qua-

1964 4200 2141 4255 tenus
2188 4199 2384 4265 Deus;
2437 4195 2725 4268 quocirca
2767 4191 2998 4269 optavit
3037 4191 3385 4263 imperator,
3407 4190 3475 4244 ut
3498 4185 3617 4242 sin-

1965 4286 2091 4359 guli
2115 4290 2383 4345 vestrum
2427 4287 2785 4356 rogarentur
2825 4281 2903 4339 de
2954 4281 3071 4338 hac
3110 4295 3175 4337 re
3231 4275 3612 4342 sententiam,

1964 4391 2207 4434 necnon
2234 4375 2582 4449 quicunque
2602 4372 2786 4446 hujus
2826 4369 3068 4429 concilii
3094 4366 3416 4443 participes
3450 4367 3613 4434 sunt,

1965 4465 2017 4523 si
2045 4465 2231 4525 modo
2270 4467 2390 4523 sint
2416 4464 2649 4522 honore
2689 4460 3047 4520 diaconatus
3085 4456 3343 4534 praediti,
3369 4455 3617 4513 interro-

248 4545 337 4592 τοῦ
408 4536 669 4610 συλλόγου
720 4542 874 4616 μέρος
951 4538 1111 4610 ὃντις,
1158 4542 1251 4592 καὶ
1302 4536 1449 4591 οὗτοι
1474 4540 1534 4592 τὸ
1589 4541 1760 4613 τίμιον
1807 4537 1857 4592 ἄν

1970 4558 2202 4626 gentur.
2227 4557 2377 4612 Tum
2405 4553 2651 4628 quidem
2677 4566 2818 4610 cum
2858 4550 3072 4624 reliqui
3099 4562 3313 4607 omnes
3360 4544 3618 4603 honora-

252 4624 523 4689 διακόνοις
620 4628 1070 4693 συνιξετάζόνται.
1141 4627 1297 4681 Ἀλλὰ
1380 4635 1482 4682 τῶν
1545 4630 1637 4702 μεν
1693 4628 1857 4682 ἄλλων

252 4715 500 4773 ἁπάντων
539 4717 754 4793 ἕντίμων
797 4715 1051 4773 διακόνων
1089 4719 1207 4773 ὅσοι
1254 4726 1328 4791 τῷ
1381 4717 1634 4794 βασιλείῳ
1691 4722 1858 4793 τούτῳ

252 4813 340 4862 καὶ
373 4810 502 4882 ἱερῷ
532 4812 889 4884 παρίστανται
918 4807 1124 4882 βήματι
1169 4813 1269 4882 μιᾷ
1313 4806 1468 4882 ψυχῇ
1516 4812 1608 4862 καὶ
1652 4807 1854 4883 γλώττῃ

256 4898 690 4972 συμφρονούντων
737 4902 831 4952 καὶ
886 4896 1369 4971 συνομολογούντων
1424 4898 1494 4950 τὰ
1544 4890 1855 4970 δεδογμένα,

255 4987 280 5038 ό
310 4990 421 5039 τῶν
468 4984 770 5041 ἀποστόλων
823 4983 1149 5051 διδάσκαλος
1210 4988 1506 5061 Νικηφόρος
1552 4986 1579 5039 ό
1634 4985 1858 5041 Βασιλά-

255 5076 513 5150 11:;(25),
545 5077 737 5130 αὐτίκα
789 5075 906 5131 κατ’
948 5074 1126 5152 ἀρχὰς
1174 5085 1269 5139 τῆς
1323 5078 1470 5150 ἡμῶν
1521 5078 1858 5139 συνελεύσεως

256 5166 322 5227 εἰς
375 5170 542 5239 μέσον
605 5170 829 5243 τήμερον
880 5166 1063 5221 ἑαυτὸν
1116 5163 1371 5241 ἐμϐαλὼν,
1408 5164 1569 5220 πολύν
1621 5164 1856 5241 ἀρχῆθεν

258 5252 544 5317 ἕποιήσατο
586 5258 674 5311 τὸν
734 5256 1041 5331 κατάλογον,
1090 5255 1141 5310 ἕν
1187 5257 1402 5330 ὑπηκόῳ
1456 5257 1661 5311 πάντων
1716 5256 1857 5329 69n-

255 5346 552 5421 τισάμενος
587 5346 648 5400 τὸ
703 5349 971 5421 συμπεσὸν
1013 5345 1154 5419 αὐτῷ
1204 5348 1373 5401 αἴτιον
1421 5354 1517 5411 τῆς
1558 5349 1677 5420 περὶ
1734 5340 1859 5419 δδ⁸1⁶

318 5522 442 5595 (25)
470 5520 762 5582 Basilacis
813 5494 1001 5599 hujus
1054 5523 1389 5600 ethoposias
1410 5539 1517 5583 seu
1555 5521 1860 5583 declama-

254 5608 446 5674 tiones
467 5610 709 5689 aliquot
744 5613 933 5677 edidit
967 5616 1091 5694 Leo
1121 5614 1375 5676 Allatius
1399 5616 1467 5675 in
1510 5614 1639 5674 suis
1662 5613 1858 5676 rheto-

1964 4644 2383 4712 bilesdiaconi,
2405 4646 2705 4718 quotquot
2720 4641 2909 4714 regali
2925 4640 3066 4699 huic
3087 4652 3380 4710 sacroque
3401 4635 3616 4693 throno

1965 4739 2187 4803 astant,
2214 4750 2339 4792 uno
2367 4733 2573 4791 animo
2604 4748 2676 4789 ac
2712 4747 2856 4789 voce
2885 4730 3115 4802 dogma
3158 4727 3223 4784 id
3266 4724 3618 4783 conﬁteren-

1965 4828 2063 4882 tur
2090 4825 2264 4898 eique
2288 4823 2717 4891 consentirent,
2745 4819 3024 4878 Nicolaus
3052 4816 3344 4875 Basilaces
3362 4816 3614 4887 aposto-

1963 4913 2219 4973 licarum
2268 4913 2594 4972 lectionum
2635 4910 2945 4982 magister,
2978 4906 3177 4966 statim
3228 4903 3398 4962 initio
3427 4900 3618 4960 nostri

1966 5019 2345 5076 congressus,
2376 5007 2436 5062 et
2461 5003 2641 5060 hodie
2665 5001 2849 5060 etiam
2884 4999 2947 5057 in
2975 4995 3247 5056 medium
3275 4992 3614 5070 prosiliens,

1962 5092 2217 5164 longum
2247 5093 2358 5151 abs
2406 5092 2494 5150 rei
2533 5090 2703 5149 initio
2736 5089 3064 5148 verborum
3092 5085 3393 5145 ambitum
3416 5099 3611 5153 orsus,

1966 5184 2197 5242 cunctis
2238 5180 2625 5242 audientibus
2678 5180 2943 5240 rationes
2999 5177 3280 5253 exposuit
3355 5188 3615 5250 quarum

1965 5287 2155 5333 causa
2208 5273 2285 5330 de
2334 5273 2453 5330 hoc
2488 5271 2774 5344 dogmate
2828 5267 3146 5327 dubitabat
3181 5286 3195 5337 ;
3246 5265 3491 5325 omnino
3518 5261 3615 5320 his

1963 5377 2105 5437 quae
2138 5361 2287 5421 dixit
2309 5360 2683 5434 signiﬁcem,
2712 5373 2778 5417 se
2804 5358 3143 5434 principem
3189 5356 3324 5429 ejus
3380 5349 3614 5410 discidii
