4152 6208
438 279 540 339 187
1767 283 1811 340 Ν
1818 280 2039 339 lCET/E
2087 281 2122 338 C

2228 278 2457 337 NIAT/E
3689 285 3795 340 188

436 405 622 462 fuisse
655 421 668 461 :
707 405 967 479 ideoque
990 407 1052 463 id
1077 406 1304 477 dogma
1352 422 1388 464 a
1418 421 1481 463 se
1505 422 1733 465 novum
1783 406 2091 464 existima-
2118 454 2122 462 .

2228 425 2364 466 ιατος
2427 408 2613 458 τούτου
2650 405 2962 479 ἀμφιϐολίας
2992 422 3006 437 ·
3052 411 3141 459 καὶ
3161 401 3255 458 διὰ
3315 407 3418 458 πάν
3445 426 3543 458 των
3622 406 3674 469 ἐξ
3724 405 3792 459 ὧν

440 498 591 565 tum,
619 511 868 569 prorsus
896 496 1054 554 nolle
1086 497 1426 553 admittere.

513 854 651 909 Jam
680 869 822 909 vero
872 870 1010 910 cum
1064 868 1175 910 nos
1224 852 1346 909 duo
1377 853 1733 925 patriarchae
1762 852 1823 909 in
1848 852 1964 908 hoc
1988 851 2099 908 do-

447 946 650 1011 gmate
671 944 1170 1012 consentiremus,
1194 958 1431 999 necnon
1457 947 1514 999 et
1531 958 1644 999 nos
1666 939 2103 1014 archiepiscopi

448 1031 739 1103 Bulgariee
799 1038 855 1088 et
887 1033 1083 1105 Cypri,
1125 1033 1442 1105 ceeterique
1483 1047 1696 1088 omnes
1748 1031 1809 1087 in
1862 1029 2102 1103 synodo

447 1121 715 1193 episcopi
768 1121 1117 1178 unanimem
1184 1121 1540 1177 sententiam
1595 1120 1836 1178 nemine
1887 1120 2106 1175 discre-

446 1214 629 1282 pante
664 1214 1026 1277 teneremus,
1058 1226 1302 1267 necesse
1331 1210 1441 1266 fuit
1469 1210 1650 1267 etiam
1681 1209 1934 1266 electum
1961 1207 2105 1264 civi-

449 1300 586 1356 tatis
634 1301 734 1356 Dei
792 1301 1119 1357 Antiocbiaa
1166 1316 1406 1371 magum
1458 1299 1859 1373 patriarcham
1891 1297 2107 1357 Soteri-

453 1388 659 1458 chum,
685 1390 789 1461 qui
810 1390 1131 1446 nobiscum
1156 1390 1851 1463 considebat,propriam
1875 1393 2108 1444 senten-

451 1478 596 1534 tiam
627 1493 863 1548 rogare.
911 1482 1059 1535 Tum
1094 1495 1259 1549 vero,
1287 1478 1453 1552 quod
1483 1479 1888 1551 quaerebatur,
1920 1476 2112 1534 mani-

450 1566 602 1623 feste
635 1572 1010 1640 compertum
1042 1574 1153 1625 est.
1196 1571 1248 1624 Is
1278 1568 1438 1625 enim
1484 1568 1669 1624 modo
1699 1572 1939 1641 tempus
1976 1581 2113 1640 pos-

457 1656 632 1713 cebat
685 1657 1108 1714 considerandi
1155 1663 1293 1715 ante
1322 1673 1706 1731 responsum,
1749 1657 1925 1730 quasi
1970 1671 2112 1712 vero

2202 492 2309 548 εἶπε
2362 490 2568 557 δεικνὺς
2624 497 2702 548 ὅτι
2763 504 2962 562 πρῶτος
3028 496 3180 556 αὐτὸς
3244 494 3327 548 ἐπὶ
3373 496 3539 569 τούτῳ
3600 496 3796 568 ἠγάνά·

2200 602 2413 649 κτησεν,
2470 586 2537 645 ὡς
2569 586 2744 656 ἔφησε’
2804 592 2876 637 τῶ
2914 603 2996 637 τοι
3054 588 3144 637 καὶ
3200 585 3269 646 ὠς
3327 586 3624 657 καινοφανὶς
3672 585 3800 638 αὐτὸ

2202 671 2554 745 λογιζόμενος,
2625 673 2753 734 ὅλως
2824 681 2977 726 τοῦτο
3080 672 3175 725 οῦκ
3274 671 3422 733 ἤθελε
3495 670 3797 748 παραδέχε-

2208 762 2351 815 σθαμ

2280 852 2419 903 Ἐπεὶ
2479 846 2537 903 δὲ
2587 858 2686 903 τῶν
2744 847 2842 904 δύο
2910 858 3256 926 πατριαρχῶν
3316 851 3458 923 ἡμῶν
3530 851 3805 925 ὁμοφωνως

2206 936 2670 1011 γνωμοὸοτοῦντων
2736 943 2801 993 τὰ
2858 946 2976 1017 περὶ
3042 942 3250 1012 τούτου,
3310 938 3438 992 ἀλλὰ
3501 944 3591 993 καὶ
3659 941 3804 1014 ἡμῶν

2208 1036 2308 1079 τῶν
2389 1026 2840 1100 ἁρχιεπισκόπων,
2898 1036 2992 1081 τοῦ
3056 1048 3110 1081 τε
3178 1028 3494 1104 Βουλγαρὶας
3546 1034 3638 1083 καὶ
3710 1036 3805 1082 τοῦ

2214 1120 2562 1190 Κῦπρου,καὶ
2608 1125 2701 1178 τῆς
2762 1117 2947 1179 λοιπῆς
2987 1120 3132 1192 ἡμῶν
3184 1126 3283 1170 τῶν
3346 1117 3629 1192 ἀρχιερέων
3674 1121 3807 1193 ὁμη-

2212 1208 2409 1281 γύρεως
2450 1206 2521 1269 εἰς
2588 1211 2713 1279 μίαν
2768 1212 2980 1279 γνώμην
3048 1211 3462 1283 συνερχομένων,
3527 1212 3618 1262 καὶ
3674 1209 3811 1261 κατὰ

2215 1292 2381 1369 μηδέν
2431 1314 2484 1347 τι
2512 1299 2631 1369 περὶ
2679 1298 2861 1348 τόύτου
2928 1293 3306 1371 διαφερομένων
3354 1299 3486 1372 πρὸς
3537 1296 3807 1364 ἀλλήλους,

2216 1382 2323 1438 ἔδει
2383 1390 2472 1437 καὶ
2527 1388 2614 1437 τόν
2671 1384 2969 1457 ὑποψήφιον
3058 1387 3397 1462 πατριάρχην
3484 1387 3813 1448 Θεουπόλεως

2216 1473 2447 1548 μεγάλης
2508 1474 2832 1547 Ἀντιοχείας
2902 1480 3203 1551 Σωτήριχον
3252 1477 3317 1537 ὡς
3404 1472 3817 1551 συνεδριάζοντα

2216 1568 2307 1616 καὶ
2362 1571 2543 1617 τοῦτον
2605 1563 2944 1638 ἐρωτηθῆναιο
3020 1564 3240 1618 ἐνταῦθα
3277 1565 3467 1639 μᾶλλον
3555 1563 3615 1625 ἦν
3684 1563 3814 1619 ἰδεῖν

2216 1657 2273 1706 τὸ
2327 1654 2640 1726 ζητούμενον
2689 1655 3092 1730 εὖρισκόμενονυ
3159 1662 3248 1707 νῦν
3311 1657 3401 1728 μὲν
3465 1656 3566 1731 γὰρ
3630 1659 3815 1728 καιρὸν

454 1750 622 1802 tanta
668 1746 955 1819 temporis
992 1747 1379 1819 intercapedo
1421 1751 1553 1819 post
1600 1746 1782 1818 hujus
1822 1746 2113 1803 adversus

2228 1742 2387 1807 ἱζήτει
2418 1740 2745 1814 διασκέψεως
2783 1747 2913 1817 πρὸς
2978 1743 3275 1819 ἀπόκρισιν,
3328 1746 3392 1806 ὡς
3446 1744 3505 1797 οῦ
3558 1748 3814 1797 τοσούτου

455 1834 754 1891 Christum
792 1835 1185 1908 blasphemiae
1215 1836 1471 1904 initium,
1502 1834 1619 1908 ipsi
1656 1836 1823 1892 haud
1849 1833 2116 1891 suffecis-

455 1928 544 1980 set
574 1924 653 1981 ad
684 1925 816 1981 sani
842 1926 1145 1996 dogmatis
1184 1925 1628 1996 cognitionem;
1686 1924 1872 1982 modo
1913 1928 2113 1981 autem

456 2012 577 2069 alia
606 2017 785 2086 atque
803 2015 921 2071 alia
942 2030 1162 2087 parum
1189 2015 1303 2071 sibi
1323 2014 1660 2072 constantia
1682 2012 2111 2087 respondebat.

453 2104 605 2173 Ergo
639 2103 818 2159 hodie
846 2104 1249 2175 interrogatus
1279 2121 1316 2161 a
1338 2103 1541 2174 nobis,
1580 2106 1784 2159 utrum
1814 2102 2115 2158 existima-

453 2197 542 2248 ret
562 2193 755 2249 beatae
791 2194 1060 2251 Trinitati
1104 2194 1465 2251 sacrificium
1509 2197 1566 2250 et
1594 2192 1737 2249 olim
1785 2192 1971 2248 fuisse
2013 2190 2119 2247 ob-

456 2279 646 2338 latum
691 2286 747 2337 et
772 2297 935 2338 nunc
982 2284 1162 2340 etiam
1193 2282 1417 2348 offerri,
1469 2287 1537 2338 ut
1587 2281 1860 2355 superior
1914 2284 2120 2337 nostra

458 2370 779 2442 explicavit
803 2372 1019 2435 oratio,
1048 2387 1127 2428 an
1174 2372 1373 2444 potius
1405 2371 1518 2427 soli
1555 2371 1709 2428 Patri
1748 2369 1932 2426 fuisse
1957 2368 2122 2426 obla-

459 2462 587 2514 tum
623 2476 636 2526 ;
693 2475 890 2533 neque
943 2461 1054 2516 soli
1092 2461 1247 2517 Patri
1296 2458 1611 2532 respondit
1657 2459 1876 2526 offerri,
1923 2473 2122 2531 neque

457 2563 582 2604 non
613 2550 743 2605 soli.
780 2550 1085 2607 Interdum
1126 2550 1206 2606 ad
1236 2549 1537 2606 absurdae
1573 2549 1895 2606 sententias
1924 2548 2120 2604 diver-

459 2637 624 2694 tebat
674 2658 688 2707 ;
772 2654 918 2695 nam
995 2638 1307 2695 vocabula
1381 2639 1615 2709 offerre,
1676 2637 2120 2710 hypostaticam

460 2726 605 2783 Filio
664 2728 925 2783 tribuere
972 2728 1402 2801 proprietatem
1454 2727 1671 2794 aiebat,
1702 2726 1906 2783 nescio
1958 2726 2121 2782 unde

461 2815 622 2872 hanc
648 2816 990 2873 doctrinam
1035 2819 1390 2889 expiscatus.
1428 2816 1709 2888 Recipere
1740 2820 1964 2883 autem,
2013 2829 2121 2887 pa-

459 2910 643 2961 terna)
696 2921 969 2977 personas
1025 2906 1336 2979 propriam
1391 2904 1729 2978 quamdam
1772 2903 2120 2961 afﬁrmabat

461 3009 591 3049 esse
655 2995 1027 3066 qualitatem,
1097 3010 1270 3067 teque
1327 3010 1397 3052 ac
1448 2994 1695 3065 ingeniti
1739 2993 2115 3064 attributum,

2221 1840 2405 1905 καιροῦ
2458 1831 2511 1895 ἐξ
2562 1833 2622 1884 οὗ
2653 1835 3038 1909 παρεισεφθάρη
3094 1841 3245 1887 τοῦτο
3284 1836 3341 1886 τό
3383 1830 3656 1896 δυσσεϐῶς
3679 1835 3819 1887 κατὰ

2223 1928 2460 1995 Χριστοῦ
2535 1920 3003 1996 βλασφημούμενον
3050 1927 3119 1996 μὴ
3168 1922 3441 1999 ἀρκοῦντος
3503 1927 3593 1977 καὶ
3646 1925 3815 1996 τούτῳ

2224 2010 2292 2071 εἰς
2352 2008 2711 2069 διασκόπησιν
2753 2020 2847 2064 τοῦ
2886 2020 2981 2073 τῆς
3022 2013 3357 2085 ὓγιαινούσης
3414 2009 3577 2076 δόξης
3630 2016 3812 2089 φρονή-

2224 2118 2407 2173 ματος,
2430 2108 2519 2152 νῦν
2582 2096 2641 2153 δε
2670 2099 2779 2153 ἄλλ’
2837 2102 2965 2154 ἅττα
2992 2106 3082 2155 καὶ
3128 2102 3187 2155 οῦ
3235 2101 3587 2176 συμϐαίνοντα
3650 2102 3818 2156 ἑαυτῶ

2225 2187 2556 2264 ἀπεκρίνατο.
2641 2189 2997 2266 Ἐρωτωμενος
3085 2188 3173 2245 οὖν
3262 2197 3351 2245 καὶ
3448 2192 3600 2254 αὐτὸς
3693 2190 3822 2268 παρ’

2230 2280 2371 2352 ἡμῶν
2428 2285 2669 2353 τήμερον,
2714 2285 2928 2357 πότερον
2992 2288 3055 2354 τῇ
3115 2286 3353 2358 μακαρίᾳ
3423 2278 3616 2358 Τριάδι
3686 2280 3825 2353 λέγει

2226 2372 2321 2428 τὴν
2386 2370 2572 2421 θυσιαν
2636 2371 2952 2443 προσῆχθαι
3024 2390 3078 2424 τε
3150 2375 3240 2424 καὶ
3307 2373 3692 2445 προσάγεσθαι,
3756 2372 3828 2432 ὡς

2227 2459 2254 2510 6
2308 2456 2457 2531 λόγος
2514 2459 2717 2531 φθάσας
2778 2456 3120 2535 διετράνωσεν
3185 2460 3395 2529 ἀνωθεν,
3428 2461 3458 2520 ἣ
3521 2468 3593 2513 τῶ
3659 2463 3829 2536 Πατρὶ

2227 2552 2384 2620 μόνῳ,
2415 2549 2531 2601 οὔτε
2588 2551 2727 2621 μόνῳ
2766 2547 2903 2622 ἔλεγε
2943 2552 3109 2622 τούτῳ
3154 2551 3539 2625 προσάγεσθαι,
3590 2552 3706 2603 οὔτε
3766 2547 3827 2601 οῦ

2226 2640 2387 2709 μόνῳ.
2433 2639 2563 2689 Ποτέ
2598 2633 2657 2689 δὲ
2710 2642 2800 2690 καὶ
2853 2638 2925 2701 εἰς
2965 2635 3271 2701 ἀλλοκότους
3303 2634 3461 2702 δόξας
3492 2640 3672 2692 ἔπιπτε
3704 2655 3717 2668 ·
3767 2640 3828 2690 τὸ

2227 2728 2317 2798 μὲν
2380 2727 2479 2802 γὰρ
2542 2726 2828 2800 προσάγειν
2890 2729 3248 2786 ὑποστατικὴν
3316 2726 3531 2800 ἀπένεμε
3590 2734 3663 2800 τῷ
3720 2728 3829 2802 riga

2229 2812 2496 2885 ἰδιότητα,
2562 2815 2657 2868 οῦκ
2732 2818 2883 2891 ἴσμεν
2934 2820 3130 2876 ταύτην
3184 2818 3339 2871 πόθεν
3391 2818 3592 2894 εὑρών·
3652 2817 3708 2869 τό
3768 2801 3831 2868 δἒ

2223 2902 2629 2979 προσδέχεσθαι
2672 2912 2766 2968 τῆς
2814 2914 3071 2981 πατρικῆς
3113 2907 3452 2969 ὑποστάσεως
3479 2902 3621 2959 ἴδιόν
3646 2924 3698 2959 τι
3745 2925 3815 2959 κα

2222 3003 2377 3049 τοῦτο
2433 2994 2621 3048 ἐτίθετο
2684 3000 2958 3071 γνώρισμα
3020 2998 3150 3069 μετὰ
3212 3005 3303 3058 τῆς
3369 2996 3701 3070 ἆγεννησίας,
3764 2994 3827 3053 ἢν

464 3084 629 3155 quod
661 3084 906 3140 unicum
936 3083 1239 3157 peculiare
1265 3083 1451 3139 Patris
1481 3097 1611 3139 esse
1640 3082 1993 3139 attributum
2017 3083 2119 3136 Ec-

2228 3081 2472 3142 ἰδιότητα
2501 3088 2654 3158 μόνον
2684 3092 2777 3137 τοῦ
2824 3080 3164 3160 προανάρχού
3214 3090 3415 3161 Πατρός
3461 3087 3491 3145 ἡ
3540 3085 3831 3144 Ἐκκλησία

465 3173 644 3228 clesia
684 3188 720 3229 a
750 3178 947 3230 vetere
976 3173 1292 3230 traditione
1339 3172 1586 3245 accepit.
1624 3171 1845 3227 Deinde
1886 3170 2119 3228 niteba-

466 3266 563 3317 tur
614 3278 726 3317 nos
770 3278 1017 3336 quoque
1057 3263 1120 3318 in
1165 3278 1342 3321 suam
1394 3260 1755 3319 sententiam
1804 3259 2120 3317 contrariis

470 3351 836 3423 syllogismis
884 3353 1245 3424 pertrahere.
1306 3350 1364 3408 Si
1416 3350 1599 3422 enim,
1629 3355 1696 3406 ut
1741 3349 1871 3422 ipse
1900 3349 2121 3421 aiebat,

466 3440 634 3496 haud
668 3442 983 3514 proprium
1028 3447 1292 3514 paternae
1312 3456 1589 3513 personas
1637 3443 1795 3495 esset
1837 3439 2121 3511 recipere,

471 3530 578 3584 sed
609 3530 829 3585 divinas
851 3530 1071 3601 potius,
1094 3535 1161 3586 ut
1186 3545 1299 3586 nos
1322 3529 1601 3595 dicimus,
1626 3531 1879 3597 natura,
1911 3527 2126 3585 absur-

469 3616 616 3672 dum
653 3617 801 3689 quid
831 3623 1297 3690 consequeretur
1329 3634 1342 3673 :
1375 3621 1533 3673 esset
1561 3616 1722 3673 enim
1748 3619 1902 3672 Deus
1941 3615 2128 3673 modo

468 3722 882 3779 nequaquam.
952 3710 1079 3764 Non
1137 3706 1299 3764 enim
1331 3712 1417 3763 est
1460 3707 1828 3779 sempiterna
1876 3706 2127 3777 oblatio,

473 3796 579 3852 sed
603 3802 657 3852 et
684 3802 926 3870 sumpta
955 3796 1332 3853 humanitate
1361 3796 1675 3869 posterior,
1697 3800 1756 3853 et
1782 3810 1879 3852 res
1931 3798 2130 3852 creata

475 3890 567 3941 est
600 3904 611 3941 :
642 3890 1083 3961 proptereaque
1131 3885 1393 3959 receptio
1447 3900 1693 3958 quoque
1743 3884 1805 3941 in
1862 3885 2133 3957 quodam

473 3977 763 4049 temporis
818 3977 1014 4050 spatio
1063 3980 1145 4034 ﬁt.
1179 3980 1314 4034 Hinc
1365 3976 1466 4033 ille
1518 3975 1755 4042 aiebat;
1785 3975 1961 4049 quasi
1989 3990 2134 4031 vero

476 4081 587 4121 nos
620 4073 1021 4125 statueremus
1064 4067 1331 4140 recipere
1388 4066 1581 4123 instar
1631 4080 1762 4123 esse
1810 4063 2134 4135 cujusdam

473 4154 841 4213 definitionis
889 4162 1069 4230 atque
1112 4156 1362 4214 rationis
1390 4156 1540 4227 (sive
1570 4155 1865 4229 pertinere
1919 4152 1998 4210 ad
2044 4168 2135 4209 es-

476 4247 753 4315 sentiam)
783 4245 1410 4318 incomprehensibilis
1454 4248 1512 4301 et
1539 4241 2131 4316 supersubstantialis

473 4332 744 4399 deitatis;
773 4338 976 4390 etnon
1002 4333 1202 4406 potius
1224 4334 1384 4391 hanc
1412 4333 1843 4407 proprietatem
1867 4348 1904 4387 a
1929 4331 2135 4389 divina

475 4422 763 4491 dignitate
813 4438 1175 4480 arceremus.
1225 4425 1359 4479 Haec
1395 4422 1508 4478 fuit
1555 4420 1907 4478 Antiocheni
1963 4418 2135 4477 electi

476 4527 721 4567 summa
745 4511 1050 4583 orationis,
1083 4527 1160 4569 ne
1181 4511 1422 4582 singula
1448 4510 1527 4567 ab
1575 4525 1647 4567 eo
1686 4510 1847 4567 dicta
1893 4524 2134 4583 percur-

474 4606 692 4674 rentes,
729 4601 952 4659 diutius
971 4601 1137 4658 hunc
1165 4616 1508 4658 sermonem
1534 4600 1983 4673 protrahamus.

550 4693 664 4751 Sed
691 4694 851 4750 enim
883 4696 1022 4750 ante
1051 4708 1164 4751 nos
1194 4708 1407 4749 omnes
1446 4691 1923 4765 sapientissimus
1950 4694 2008 4749 et
2030 4706 2137 4749 au-

479 4790 650 4854 gusta
675 4784 995 4857 prudentia
1022 4783 1258 4856 plenus,
1290 4787 1347 4839 et
1376 4798 1547 4855 aeque
1573 4798 1643 4839 ac
1674 4781 1959 4839 Salomon
1988 4780 2134 4838 divi-

476 4875 638 4930 nitus
681 4876 923 4932 doctam
963 4878 1228 4931 mentem
1285 4888 1518 4944 gerens,
1570 4872 2023 4946 potentissimus
2076 4877 2135 4932 et

477 4966 720 5019 sanctus
742 4968 944 5021 noster
961 4963 1308 5036 imperator,
1328 4978 1453 5020 non
1472 4962 1820 5020 detrectavit
1839 4979 2029 5035 usque
2053 4965 2135 5021 ad

479 5051 821 5109 dialecticos
852 5068 1164 5111 sermones
1194 5070 1331 5111 cum
1365 5052 1715 5111 Sotbericho
1745 5051 2131 5125 descendere,

476 5141 797 5215 verbisque
849 5142 1276 5200 adhortatoriis
1300 5142 1583 5200 eumdem
1626 5142 1734 5199 diu
1773 5142 2075 5199 nitebatur
2097 5158 2135 5201 a

479 5245 591 5289 sua
620 5233 916 5290 sententia
942 5233 1275 5302 retrahere;
1303 5232 1675 5303 argumentis
1705 5231 1887 5291 etiam
1912 5247 2134 5303 urgens

476 5336 589 5394 pro
618 5337 730 5378 sua
746 5321 1009 5393 ingenita
1026 5321 1213 5395 regali
1240 5322 1508 5389 scientia,
1531 5326 1591 5378 et
1611 5320 1797 5380 modo
1816 5321 1937 5379 huc
1950 5322 2135 5380 modo

477 5410 615 5467 illuc
647 5412 1059 5469 adversarium
1114 5412 1399 5468 contortis
1445 5410 1973 5484 epichirematibus
2006 5428 2133 5469 ver-

481 5516 638 5558 sens.
657 5505 810 5559 Inter
826 5507 1045 5560 caetera
1066 5501 1431 5560 amanterilli
1450 5501 1513 5559 in
1527 5506 1795 5560 mentem
1810 5502 2137 5562 revocabat

482 5591 647 5650 Pauli
671 5592 859 5653 verba
886 5592 968 5652 ad
1019 5591 1374 5663 Corinthios,
1410 5594 1477 5650 ut
1502 5591 1565 5651 id
1610 5592 1814 5667 ipsum
1856 5592 2137 5653 videlicet

2226 3173 2510 3248 παρελαϐεν
2585 3173 2825 3227 ἔκπαλαιο
2897 3175 3025 3229 Εἶτα
3082 3172 3150 3234 δὴ
3209 3180 3299 3228 καὶ
3395 3174 3616 3229 ἐντεῦθεν
3691 3176 3832 3247 ἡμᾶς

2228 3267 2362 3341 πρὸς
2398 3266 2458 3317 τό
2513 3261 2700 3317 δοκοῦν
2748 3265 2885 3338 αὐτῷ
2923 3265 3388 3339 κατεσυλλογίζετο
3433 3281 3448 3296 ⁶
3507 3264 3550 3318 εἰ
3578 3267 3677 3339 γὰρ
3725 3267 3823 3337 μὴ,

2230 3356 2400 3414 καθὼς
2462 3353 2618 3415 αὐτός
2680 3374 2862 3428 φησιν,
2933 3352 3221 3408 ἰδιαίτατον
3279 3358 3355 3414 εἴη
3414 3361 3511 3415 τῆς
3573 3360 3835 3429 πατρικῆς

2232 3445 2575 3505 ὑποστάσεως
2618 3446 2679 3496 τὸ
2747 3440 3167 3518 προσδέχεσθαι,
3230 3443 3357 3497 ἀλλὰ
3411 3451 3503 3506 τῆς
3557 3445 3713 3511 θείας,
3767 3442 3837 3502 ὡς

2235 3536 2381 3607 ἡμεῖς
2434 3552 2616 3606 φαμεν,
2670 3534 2891 3607 φύσεως,
2942 3535 3132 3587 ἄτοπόν
3166 3554 3219 3587 τι
3265 3536 3413 3607 τάχα
3463 3531 3834 3606 συμϐήσεται·

2238 3624 2387 3676 ἔσται
2417 3621 2535 3675 καθ’
2576 3624 2713 3696 ἡμᾶς
2751 3624 2778 3675 6
2819 3627 2943 3685 θεὸς
2980 3625 3100 3677 ποτε
3137 3626 3227 3697 μὲν
3268 3625 3418 3694 Θεὸς,
3457 3623 3581 3676 ποτε
3621 3617 3680 3675 δε
3734 3624 3795 3674 οῦ
3819 3642 3834 3656 ο

2239 3711 2298 3765 οὗ
2336 3714 2439 3787 γὰρ
2480 3708 2673 3784 ἀΐδιος,
2722 3716 2901 3786 φησὶν,
2972 3717 3318 3789 προσαγωγη,
3380 3710 3506 3764 ἀλλὰ
3554 3711 3685 3784 μετὰ
3738 3712 3833 3768 τὴν

2240 3798 2628 3876 ἕνανθρώπησιν
2671 3806 2762 3854 καὶ
2803 3805 3110 3875 γεγενημένη
3142 3818 3154 3832 ·
3200 3798 3294 3854 διὰ
3324 3797 3383 3854 δε
3444 3806 3594 3853 τοῦτο
3632 3800 3836 3859 πάντως

2242 3890 2289 3942 ἔν
2314 3908 2417 3942 τινι
2441 3893 2618 3963 χρόνῳ
2666 3894 2755 3944 καὶ
2792 3894 2850 3943 τό
2880 3887 3298 3966 προσδέχεσθαι’
3338 3891 3512 3965 ὥσπερ
3553 3886 3614 3940 ἆν
3646 3887 3690 3941 εἰ
3740 3895 3838 3951 τῆς

2242 3978 2611 4037 ἀκατάληπτον
2676 3984 2765 4033 καὶ
2825 3980 3139 4057 ὑπερονσιου
3223 3981 3463 4041 θεότητος
3518 3976 3636 4051 ὃρον
3722 3979 3839 4031 τινὰ

2240 4073 2330 4121 καὶ
2378 4067 2530 4142 λόγον
2574 4070 2720 4142 ἡμεῖς
2769 4071 2828 4122 τὸ
2897 4065 3315 4143 προσδέχεσθαι*
3366 4066 3650 4140 ἐτιθέμεθα,
3711 4064 3843 4120 ἀλλὰ

2241 4161 2312 4230 μὴ
2344 4164 2416 4229 τῷ
2487 4160 2638 4231 θεῖκῷ
2674 4161 2871 4217 ταύτην
2935 4158 3266 4232 ἀφοσιοῦντες
3331 4154 3456 4231 ἦμεν
3519 4156 3661 4210 τοῦτ’
3712 4155 3841 4210 αῦτό

2242 4244 2303 4300 δὲ
2353 4246 2627 4321 ἀξιώματι.
2671 4254 2851 4301 Ταῦτα
2898 4250 2987 4321 μὲν
3053 4249 3080 4300 6
3131 4247 3479 4321 Ἀντιοχείας,
3510 4246 3593 4298 ἶνα
3629 4248 3725 4319 μὴ,
3779 4247 3840 4298 τὸ

2238 4336 2353 4390 καθ’
2400 4337 2615 4390 ἕκαστον
2668 4345 2767 4391 τῶν
2818 4336 2941 4412 παρ’
2981 4337 3138 4391 αὑτοῦ
3197 4337 3485 4412 λεχθέντων
3537 4332 3837 4405 ἐπεξιόντες,

2240 4427 2326 4481 ἐπὶ
2347 4427 2473 4482 πολὺ
2504 4430 2591 4481 τόν
2628 4426 2778 4501 λόγον
2809 4426 3125 4502 ἕκτείνωμεν.

2310 4695 2396 4758 Ὠς
2426 4692 2487 4751 δι
2537 4696 2637 4771 πρὸ
2672 4695 2875 4750 πάντων
2899 4695 3047 4769 ἡμῶν
3076 4694 3102 4748 ό
3147 4693 3301 4757 πολὺς
3338 4701 3399 4768 τῇ
3451 4696 3697 4769 φρονήσει
3747 4692 3842 4747 καὶ

2239 4788 2460 4861 γεραρὸς
2510 4792 2584 4857 τῷ
2624 4791 2775 4855 νοεῖν,
2808 4786 2833 4837 ό
2885 4781 3221 4839 θεοδίδακτον
3289 4786 3446 4847 ὅντως
3498 4786 3659 4857 φέρων
3701 4783 3840 4835 κατὰ

2240 4878 2328 4928 τὸν
2371 4874 2675 4948 Σολομῶντα
2716 4872 2973 4947 διάνοιαν,
3014 4876 3295 4949 κράτιστος
3346 4876 3436 4926 καὶ
3514 4871 3657 4945 ἆγιος
3689 4872 3841 4944 ἡμῶν

2243 4962 2510 5038 βασιλεὺς,
2548 4969 2639 5018 καὶ
2694 4963 2744 5029 ἐς
2792 4964 2973 5038 λόγους
3019 4964 3159 5037 αὐτῷ
3210 4962 3468 5017 συνελθεῖν
3500 4959 3843 5023 διαλεκτικῶς

2239 5054 2335 5108 οῦκ
2393 5052 2689 5122 ἀπώκνησε,
2738 5056 2829 5107 καὶ
2882 5053 3089 5130 ῥήμασι
3137 5056 3560 5127 παραινετηριοις
3624 5051 3842 5121 ὑπαγα-

2239 5144 2427 5216 γέσθαι
2456 5139 2696 5197 σπεύδων
2728 5142 2884 5197 αὐτὸν
2921 5142 2981 5196 οὗ
3039 5139 3257 5208 διέλιπε,
3289 5145 3379 5195 καὶ
3434 5146 3543 5203 τοῖς
3602 5137 3842 5211 ἐλέγχοις

2243 5232 2446 5307 βάλλων
2500 5233 2771 5307 αὐτοφυῶς
2829 5233 2857 5285 6
2912 5231 3241 5306 μεγαλοφνὴς
3298 5235 3389 5284 καὶ
3457 5227 3844 5302 ἄπιστημονάρ-

2241 5341 2352 5396 χης
2391 5322 2485 5377 οὐκ
2520 5320 2794 5397 ἐνάρκησε,
2833 5325 2924 5376 καὶ
2963 5328 3052 5375 νῦν
3096 5324 3184 5396 μὲν
3223 5327 3396 5393 τοῦτο,
3438 5324 3527 5373 νῦν
3578 5315 3638 5371 δι
3674 5319 3839 5371 ἒκείνο

2241 5420 2402 5467 ποιῶν
2457 5414 2839 5488 ἀγχιστρόφοις
2901 5411 3312 5487 ἐπιχειρήμασιν
3386 5408 3480 5462 οῦκ
3551 5406 3841 5480 ἀπέκαμεν·

2244 5502 2293 5556 ἓν
2364 5501 2446 5567 οἷς
2515 5505 2683 5558 ἐκεῖνα
2717 5501 3030 5580 παρακαλῶν
3104 5501 3257 5557 αὐτὸν
3346 5497 3842 5575 ἐφιλανθρωπευετο,

2243 5593 2378 5650 ἄττα
2431 5589 2607 5653 δήπου
2672 5597 2763 5650 καὶ
2837 5593 3129 5671 Κορινθίοις
3195 5586 3502 5645 ἰπιστίλλων
3565 5586 3593 5641 ό
3679 5588 3845 5663 μέγας

4136 5156 4145 5283 ξ
