4152 6208
270 311 376 365 189

1602 307 1876 365 THESAU
1886 307 1955 365 R1
1986 308 2116 364 LIB.
2160 307 2337 363 XXIV.

3551 311 3656 369 190

273 433 498 496 Παῦλος
537 433 890 510 προέγραψεν,
938 434 1021 487 ἵνα
1074 435 1133 487 τὸ
1177 433 1304 486 αὐτὸ
1367 430 1611 492 δηλονότι
1673 433 1893 505 λέγωμεν

2006 447 2219 489 omnes
2251 431 2548 496 dicamus,
2571 435 2627 488 et
2652 432 2713 488 in
2743 433 2919 489 nobis
2943 449 3066 490 non
3101 434 3218 492 sint
3246 435 3654 504 schismata“;

267 527 487 590 πάντες,
515 531 602 577 καὶ
633 529 704 598 μὴ
784 523 833 576 ἐν
855 526 1298 598 ἡμῖν’σχίσματα
1315 545 1328 558 ·
1354 525 1379 576 6
1409 526 1498 597 μὶν
1531 521 1591 577 δὲ
1613 543 1894 595 κατηρτισ-

266 618 425 686 μένος
459 613 516 666 ἐν
544 621 618 686 τῷ
649 614 792 684 αύτῷ
821 617 902 667 νοῖ
940 617 1029 666 καὶ
1058 611 1106 665 ἓν
1134 621 1196 686 τῇ
1231 613 1361 685 αὐτῇ
1393 618 1596 686 γνώμη,
1630 612 1720 666 εἴτ’
1751 613 1838 665 οὖν
1869 612 1894 663 6

265 706 568 778 ταράσσων
613 707 709 762 τήν
762 702 1103 770 Ἐκκλησίαν,
1133 702 1292 765 αὐτὸς
1322 701 1583 776 βαστᾶζει
1609 706 1666 755 τὸ
1708 708 1891 775 κρῖμα.

267 792 362 854 Ὠς
391 793 494 846 οὖν
526 793 664 846 οὕτω
700 801 890 858 ταῦτα,
920 794 946 846 6
969 788 1028 846 δι
1047 797 1136 845 καὶ
1166 794 1240 846 ἔτι
1267 799 1362 854 τῆς
1392 791 1581 854 οἰκείας
1610 790 1896 852 ἕνστάσεως

268 883 330 935 ού
371 885 701 956 μεθίστατο,
733 888 825 936 καὶ
853 888 1089 936 τοιοῦτον
1116 887 1168 935 τί
1193 902 1326 955 φησι
1349 885 1476 956 πρὸς
1506 881 1661 934 αὐτὸν
1685 884 1710 934 6
1739 885 1896 954 σοφός

265 975 336 1024 τὰ
389 973 521 1025 θεῖα
565 981 640 1044 τῷ
693 977 800 1026 όντι
838 975 1087 1046 κραταιὸς
1123 976 1214 1025 καὶ
1250 971 1394 1045 ἅγιος
1422 974 1568 1044 ἡμῶν
1601 970 1846 1042 βασιλεύς
1877 987 1890 1001 °

269 1067 438 1122 Ποίος
477 1060 635 1133 φόϐος
656 1060 951 1133 ἐπήρτηται
978 1064 1262 1119 σκοπητέον
1285 1069 1354 1132 τῷ
1373 1059 1576 1132 λέγοντι
1595 1064 1689 1117 τὴν
1711 1060 1893 1132 ὁμοού-

269 1168 386 1202 σιον
442 1155 545 1203 καὶ
599 1147 898 1225 ἀδιαίρετον
943 1146 1150 1223 Τριάδα
1195 1153 1290 1208 τήν
1347 1150 1473 1224 ὑπὲρ
1513 1150 1659 1220 ἡμῶν
1708 1149 1894 1200 θυσιάν

265 1236 722 1314 προσδέχεσθαι·
749 1245 839 1291 καὶ
861 1243 963 1292 τίνι
979 1247 1080 1291 τῶν
1107 1246 1264 1313 τριῶν
1291 1239 1632 1292 ύποστάσεων
1656 1241 1750 1295 τὴν
1780 1236 1894 1289 κατ’

269 1329 440 1382 αὐτοῦ
500 1327 860 1401 ἀγανάκτησιν
928 1324 1324 1392 ἐπενδείξασθαι
1372 1331 1554 1381 οἴεται.
1611 1330 1830 1400 Πότερον
1870 1327 1895 1378 6

273 1423 472 1493 Πατὴρ
499 1427 574 1490 τῷ
610 1420 832 1492 τοιούτῳ
865 1415 1118 1492 ἀνθρώπῳ
1157 1417 1514 1490 ἀγανακτήσει
1550 1418 1631 1468 ὅτι
1660 1419 1747 1468 τὸν
1778 1417 1897 1470 Υἱόν

275 1507 526 1580 ἰσότιμον
556 1509 770 1566 τίθησιν
798 1523 814 1574 ;
839 1508 1031 1579 ἄπαγε.
1059 1505 1195 1560 Ἀλλ’
1228 1508 1254 1560 6
1283 1509 1407 1568 Υἱὸς
1431 1505 1480 1558 ἐν
1508 1507 1674 1578 τούτῳ
1697 1501 1899 1576 δυσχέ-

279 1603 432 1672 ρανεῖ
462 1597 546 1649 ὅτι
575 1604 650 1668 τῷ
683 1593 803 1668 ἰδίῳ
835 1600 1002 1669 Πατρὶ
1020 1595 1144 1670 παρ’
1177 1597 1321 1669 ἡμῶν
1347 1591 1759 1661 συνδοξάζειαις
1795 1594 1898 1647 Καὶ

277 1691 376 1757 μὴν
437 1685 601 1748 αὐτὸς
653 1693 746 1746 τῆς
805 1681 966 1748 δόξης
1007 1694 1104 1747 τῆς
1149 1694 1406 1760 πατρικῆς
1451 1685 1519 1737 ὢν
1549 1682 1898 1756 ἀπαύγασμα)

279 1774 328 1827 ἐν
368 1774 713 1846 Εὐαγγελίοις
752 1771 887 1828 εἶπεν

283 1867 370 1916 τὸν
397 1867 610 1940 Πατέρα
645 1868 780 1937 τιμᾷ
807 1880 824 1894 ·
853 1867 942 1916 καὶ
969 1864 1050 1916 ὅτι
1076 1861 1208 1935 Ἐγώ
1245 1868 1337 1916 καὶ
1363 1863 1389 1914 6
1421 1867 1602 1935 Πατὴρ
1643 1863 1691 1915 ἓν
1723 1860 1894 1934 ἐσμεν.

287 1952 444 2006 ’Δλλά
471 1956 532 2006 τό
569 1961 800 2025 Πνεῦμα,
829 1952 882 2004 ὃν
917 1949 1189 2006 συναίδιόν
1216 1951 1330 2005 ἐστι
1348 1955 1661 2022 τούτοις-καὶ
1683 1952 1898 2022 σύνθρο-

288 2061 370 2095 νον
406 2042 520 2109 ςΟύ
679 2039 768 2095 οὖν
799 2057 814 2074 ·
849 2037 974 2094 οὐδὲ
1018 2043 1120 2117 γὰρ
1152 2037 1304 2094 ούδεν
1334 2049 1429 2104 τῆς
1455 2037 1686 2116 Τριάδος
1709 2041 1898 2092 καθίσ-

289 2149 444 2190 τηκεν
471 2133 682 2206 ἄτιμον.
713 2129 804 2194 Ὠς
828 2130 1120 2206 παράλογος
1153 2132 1256 2206 ἄρα
1285 2131 1311 2183 6
1335 2135 1455 2205 περὶ
1483 2132 1670 2183 τούτου
1720 2127 1894 2202 φόϐος,

297 2221 383 2273 ἶνα
413 2226 476 2294 μή
503 2220 638 2293 λέγω
664 2221 832 2280 πάντη
860 2224 950 2273 καὶ
977 2218 1330 2293 ἀλογώτατος.

375 2316 488 2371 τοῖς
513 2317 631 2382 γοῦν
656 2306 894 2364 τοιοῖσδε
912 2309 1087 2382 λόγοις
1107 2308 1238 2362 πολύ
1277 2310 1368 2383 μὶν
1395 2310 1587 2380 ἔχουσι
1614 2308 1674 2360 τὸ
1715 2308 1892 2379 σοφὸν,

313 2397 420 2470 οὐχ
466 2400 613 2470 ἧττον
651 2397 705 2454 δε
731 2402 924 2453 τούτου
955 2403 1046 2452 καὶ
1073 2401 1132 2451 τὸ
1170 2397 1552 2472 ἀναγκαστικὸν
1580 2400 1712 2472 πρὸς
1735 2397 1896 2448 πειθώ

311 2506 372 2541 τε
392 2493 474 2541 καὶ
504 2491 900 2560 συγκατάθεσιν,
926 2491 985 2541 τὸ
1019 2486 1242 2563 σκληρόν
1272 2495 1363 2549 τῆς
1392 2489 1578 2540 τούτου
1609 2485 1896 2548 ἐνστάσεως

307 2582 397 2629 καὶ
432 2573 692 2630 ἁνίνδοτον
715 2576 1090 2651 καταμαλάξας
1115 2573 1212 2648 ὀψέ
1240 2576 1361 2630 ποτε
1390 2575 1534 2650 μόλις
1565 2574 1719 2628 αὐτὸ)
1744 2592 1896 2647 μετα-

303 2666 432 2739 μελῳ
467 2669 810 2740 χρησάμενον
839 2665 1361 2740 μεταϐουλεύσασθαι
1389 2669 1624 2719 πέπεικεν
1657 2680 1671 2696 ⁸
1715 2662 1786 2736 ἐφ’
1818 2660 1896 2724 οἷς

294 2758 590 2830 όμοῳρονεῖν
629 2758 750 2829 ἡμῖν
772 2761 866 2810 καὶ
889 2755 1046 2818 αὐτὸς
1079 2758 1426 2828 συγκατέθετο
1454 2757 1891 2822 τοσοῦτον,ὧστε,

291 2850 382 2902 τὴν
411 2846 608 2898 οἰκείαν
674 2851 883 2918 γνώμην
949 2844 1217 2920 ίγγράφως
1269 2843 1555 2918 ἐκθέμενος,
1608 2841 1895 2915 ἀναθέματι

287 2934 670 2988 καθυποϐαλεῖν
681 2938 802 2998 τοὺς
813 2939 885 3008 μὴ
905 2934 1040 2988 οὕτω
1057 2942 1382 3009 φρονοῦντας,
1399 2953 1469 3006 μη
1479 2930 1537 2986 δί
1551 2934 1894 2992 πιστεύοντας

286 3025 356 3085 ὣς
383 3031 446 3096 τῇ
481 3022 674 3080 Ἐκκλη
686 3029 776 3096 σίᾳ
801 3019 948 3076 δοκεῖ
967 3037 983 3054 ⁸
1014 3022 1075 3081 ἣν
1098 3020 1157 3076 δε
1179 3028 1392 3096 γνώμην
1421 3021 1469 3074 ἂν
1499 3024 1640 3095 μέσῳ
1671 3028 1762 3072 τοῦ
1798 3017 1895 3092 βαο

287 3112 487 3166 σιλείου
515 3109 677 3165 τοῦδε
704 3117 793 3166 καὶ
825 3115 963 3188 ἱεροῦ
998 3108 1275 3186 συνεδρίου
1312 3111 1470 3174 αὐτὸς
1499 3109 1722 3170 ἀναστὰς
1751 3110 1891 3161 ὑπα-

281 3207 562 3274 νέγνωσεν,
601 3198 728 3256 τάδε
765 3206 894 3276 πρὸς
925 3205 1040 3264 ἔπος
1079 3198 1114 3255 δ
1121 3200 1560 3275 ιαλαμϐάνουσαν.
1592 3199 1892 3273 Ὀμοφρονῶ

279 3299 340 3357 τῇ
379 3293 500 3365 ἱερᾷ
527 3296 618 3344 καὶ
648 3291 772 3364 ἁγίᾳ
797 3287 1004 3364 συνόδῳ
1026 3291 1112 3345 ἐπὶ
1136 3299 1208 3363 τῷ
1234 3295 1328 3350 τὴν
1351 3293 1535 3344 θυσίαν
1563 3294 1654 3342 καὶ
1672 3292 1776 3360 ξτην
1804 3295 1891 3340 νῦν

280 3386 709 3454 προσαγομένην,
742 3386 832 3435 καὶ
858 3386 976 3434 τότε
1003 3383 1403 3456 προσαχθεῖσαν
1449 3398 1593 3454 παρα
1619 3385 1712 3432 τοῦ
1743 3395 1894 3451 μονον

281 3478 470 3542 γενοῦς
505 3475 598 3524 καὶ
627 3469 1062 3547 ἀνθρωπησαντος
1083 3474 1276 3542 Λόγου,
1307 3474 1398 3522 καὶ
1424 3473 1540 3522 τότε
1568 3468 1892 3543 προσαχθεὶλ

285 3580 404 3628 σαν,
448 3565 540 3613 καὶ
577 3568 666 3612 νῦν
704 3561 854 3614 πάλιν
881 3561 1268 3635 προσάγεσθαι,
1299 3561 1367 3621 ὡς
1404 3563 1500 3618 τήν
1537 3558 1700 3616 αὐτὴν
1730 3552 1891 3610 οὖσαν

277 3654 368 3703 καὶ
401 3655 533 3723 μίαν
567 3670 581 3685 ·
613 3653 703 3703 καὶ
729 3658 802 3722 τῷ
831 3652 921 3724 μὶν
951 3653 1084 3702 οὕτω
1115 3656 1385 3726 φρονοῦντι
1420 3647 1650 3720 ἀνάθεμα
1677 3667 1690 3680 ·
1715 3647 1813 3699 κᾶν
1839 3665 1891 3698 τι

279 3745 412 3815 πρὸς
469 3739 766 3814 ἀνατροπὴν
827 3739 1136 3814 εύρίσκηται
1179 3742 1550 3815 γεγραμμένον,
1611 3735 1892 3808 ἀναθίματι

279 3828 692 3900 καθυποϐάλλῳ
729 3827 789 3882 Ἤ
829 3829 1105 3904 ύπογραφή
1131 3841 1144 3859 ⁸
1190 3832 1494 3902 Σωτήριχας
1522 3827 1888 3898 Παντεύγενος.

345 3920 566 3973 Τούτων
619 3917 708 3971 οὖν
749 3918 1175 3990 συνενεχθέντων,
1231 3912 1404 3980 ίδοξεν
1452 3917 1576 3989 ἡμὶν
1615 3912 1730 3968 δίον
1762 3911 1892 3980 εἶναι

276 4011 336 4061 τό
406 4015 823 4068 κατασκοπῆσαι
885 4006 1062 4060 λοιπόν
1117 4011 1208 4060 καὶ
1272 4008 1340 4059 τὰ
1397 4009 1516 4080 περὶ
1579 4011 1672 4065 τῆς
1734 4003 1892 4056 αὐτοῦ

277 4099 721 4165 καταστάσεως.,
792 4095 836 4150 εἰ
901 4097 1005 4173 ἄρα
1082 4099 1191 4172 χρὴ
1266 4101 1449 4149 τοῦτον
1527 4095 1578 4148 ἓν
1659 4095 1888 4167 ίερατικῆ

278 4187 620 4242 καταστάσει
665 4189 828 4259 μένειν
877 4189 936 4238 τὸ
986 4183 1088 4240 ἀπὸ
1141 4181 1319 4251 τοῦδε,
1373 4186 1473 4238 εἴτε
1525 4187 1616 4237 καὶ
1673 4183 1745 4245 εἰς
1795 4182 1893 4257 ἀρ-

283 4279 481 4354 χιερέα
531 4272 869 4349 προϐιϐασθῇ
905 4290 919 4306 ·
988 4273 1180 4328 αὐτίκα
1234 4273 1325 4327 οὗν
1385 4275 1412 4326 6
1461 4274 1742 4348 κράτιστος
1803 4275 1894 4324 καὶ

283 4369 441 4441 ἅγιος
513 4368 660 4440 ἡμῶν
705 4365 974 4439 βασιλεὺς,
1026 4368 1120 4425 τὴν
1165 4368 1285 4443 περὶ
1322 4366 1510 4419 τούτου
1565 4364 1790 4426 ζήτησιν
1819 4367 1890 4436 μὴ

282 4456 502 4516 ἀνήκειν
565 4464 639 4528 τῷ
702 4460 936 4529 μεγίστῳ
997 4455 1177 4530 κράτει
1238 4454 1399 4508 αὐτοῦ
1455 4453 1694 4523 ἐπειπὼν,
1759 4453 1897 4505 κατά

281 4551 341 4602 τὸ
415 4542 610 4600 δοκοῦν
682 4547 808 4620 ἡμῖν
879 4542 1216 4620 ἐνδεχόμενον
1304 4553 1582 4606 κανονικῶς
1650 4544 1718 4598 τὰ
1775 4545 1896 4617 περὶ

282 4640 480 4691 τούτου
539 4633 784 4710 ίπέτριψε
841 4631 1239 4711 διαπράξασθαι
1279 4649 1294 4670 ο
1360 4634 1409 4690 ἄν
1459 4641 1595 4688 πᾶσι
1640 4635 1744 4707 γὰρ
1799 4635 1896 4692 τὴν

284 4735 390 4782 τῶν
451 4727 595 4779 θείων
642 4730 732 4778 καὶ
790 4727 936 4799 ἱερῶν
981 4730 1205 4779 κανόνων
1262 4723 1642 4801 ἀκριϐεστάτην
1699 4726 1896 4781 συντή-

288 4836 453 4890 ρησιν
553 4812 871 4868 ἀποδεκτέαν
970 4814 1256 4888 λογίζεται.
1357 4811 1898 4888 Συνδιασκιψαμένοις

291 4907 380 4960 οὖν
430 4907 559 4973 ἡμῖν
617 4901 666 4957 ἕν
716 4911 874 4979 κοινῷ
929 4909 1047 4980 περὶ
1109 4907 1318 4974 τούτου,
1371 4903 1670 4958 ἀπεντεῦθεν
1720 4904 1899 4966 πάσης

295 4997 561 5072 ἱερατικῆς
653 4993 809 5058 ἀξιας
908 4993 1111 5058 ἀνάξιος
1182 4997 1418 5069 κέκριται
1501 4995 1527 5046 6
1600 4993 1901 5066 ὕποψήφιος

291 5087 626 5159 ’Δντιοχείας
681 5083 1009 5147 Θεουπόλεως
1073 5090 1376 5160 Σωτήριχος
1431 5085 1458 5138 6
1507 5085 1852 5157 Παντεύγενος
1880 5099 1896 5116 ο

295 5174 424 5231 ἔπτὰ
487 5181 666 5230 τοίνυν
722 5174 776 5240 ἕξ
838 5177 984 5250 ἡμῶν
1039 5183 1141 5230 τῶν
1206 5177 1481 5254 κατωτέρω
1524 5174 1900 5253 ῥηθησομένὼν

368 5579 416 5617 ³·
447 5581 632 5639 lCor.
661 5589 704 5649 1,
738 5578 824 5636 10.
898 5577 972 5616 ιν
992 5579 1168 5638 Joan.
1196 5592 1259 5654 ν,
1287 5579 1379 5640 23.
1455 5578 1504 5618 ³⁸
1527 5577 1698 5642 Joan.
1725 5593 1787 5654 κ,
1809 5580 1902 5642 30.

2005 522 2108 594 qui
2139 527 2340 578 autem
2371 521 2431 577 in
2464 537 2573 578 suo
2603 536 2712 593 pro
2725 523 2917 594 posito
2940 525 3354 598 sententiaque
3384 539 3658 597 perseve-

2003 615 2114 679 rat,
2142 609 2201 665 id
2225 615 2312 666 est
2343 609 2663 667 Ecclesiam
2695 612 3033 682 conturbat,
3059 613 3187 686 ipse
3207 613 3501 684 judicium
3525 629 3658 686 por-

2003 699 2170 755 tabit.
2200 699 2297 754 His
2329 699 2566 770 auditis,
2600 716 2736 755 cum
2777 699 2872 756 ille
2904 701 3293 757 nihilominus
3322 701 3656 758 resistendo

2002 803 2128 844 non
2184 787 2512 856 desisteret,
2570 787 2698 844 huic
2748 788 2953 846 divina
3007 790 3278 847 doctrina
3333 790 3658 847 instructus

2000 892 2142 933 vere
2171 883 2385 949 potens
2416 881 2473 933 et
2518 882 2758 933 sanctus
2789 878 3115 951 imperator
3143 883 3348 936 noster
3375 879 3610 936 addidit
3641 897 3655 935 :

2003 969 2125 1035 Age
2170 965 2484 1022 videamus
2527 966 2808 1038 quisnam
2837 969 3014 1024 timor
3038 969 3385 1041 impendeat
3414 968 3655 1038 dicenti,

2003 1055 2168 1128 quod
2199 1054 2724 1111 consubstantialis
2754 1061 2812 1112 et
2839 1057 3088 1113 invidua
3116 1057 3364 1114 Trinitas
3394 1057 3657 1114 hostiam

2002 1160 2114 1216 pro
2145 1143 2319 1200 nobis
2345 1143 2612 1200 oblatam
2642 1145 2888 1218 recipiat
2912 1163 2926 1212 ;
2946 1151 3002 1202 et
3023 1147 3345 1218 cujusnam
3376 1162 3449 1202 ex
3471 1146 3661 1202 tribus

2004 1233 2281 1306 personis
2339 1232 2812 1302 indignationem
2860 1234 3185 1291 formidare
3241 1239 3444 1308 queat.
3505 1238 3660 1292 Num

2005 1325 2174 1378 Pater
2211 1321 2622 1391 indignabitur
2651 1322 2789 1379 huic
2823 1323 3077 1389 homini,
3107 1324 3211 1396 qui
3243 1325 3452 1380 Filium
3491 1339 3662 1396 teque

2009 1426 2218 1467 secum
2269 1411 2696 1467 honorandum
2736 1411 2995 1468 statuit?
3048 1427 3260 1485 apage.
3304 1415 3456 1468 Num
3487 1412 3666 1468 Filius

2009 1513 2161 1568 aegre
2189 1498 2335 1555 feret
2365 1515 2427 1555 se
2456 1516 2595 1555 cum
2628 1515 2739 1556 suo
2772 1504 2937 1556 Patre
2967 1500 3483 1570 congloriﬁcatum
3509 1500 3538 1556 ?
3568 1503 3666 1556 At-

2008 1587 2112 1659 qui
2134 1587 2264 1660 ipse
2291 1603 2430 1643 cum
2456 1589 2533 1644 sit
2561 1593 2824 1661 paterna:
2851 1589 3052 1660 glorias
3070 1588 3373 1661 splendor,
3393 1589 3454 1644 in
3476 1591 3664 1645 Evan-

2009 1675 2163 1745 gelio
2181 1676 2294 1732 ait:
2322 1676 2432 1744 Qui
2455 1678 2684 1733 Filium
2715 1693 2836 1732 non
2867 1678 3146 1746 honorat,
3166 1693 3242 1735 ne
3268 1679 3513 1734 Patrem
3538 1677 3664 1750 qui-

933 1789 947 1806 '
990 1773 1048 1827 Ὀ
1093 1778 1166 1848 μὴ
1235 1783 1400 1847 τιμῶν
1454 1776 1543 1826 τὸν
1595 1775 1716 1826 Υὶόν
1775 1767 1894 1824 οὐδὲ

2010 1765 2140 1822 dem
2163 1766 2418 1823 honorat
2437 1767 2508 1803 ³⁸⁸⁵
2539 1785 2552 1836 ;
2581 1770 2638 1822 et
2666 1783 2678 1822 :
2711 1767 2838 1838 Ego
2858 1782 2926 1823 ac
2952 1768 3136 1823 Pater
3165 1783 3351 1824 unum
3371 1783 3573 1824 sumus
3590 1768 3658 1824 ".

2006 1857 2159 1911 Num
2189 1855 2451 1929 denique
2481 1856 2769 1913 irascetur
2807 1863 3051 1914 sanctus
3085 1858 3354 1932 Spiritus,
3390 1859 3492 1930 qui
3522 1875 3663 1915 cum

2004 1944 2099 2000 his
2127 1945 2528 2018 sempiternus
2559 1950 2650 2001 est
2683 1951 2740 2002 et
2764 1947 2824 2002 in
2851 1947 3067 2002 eodem
3091 1947 3361 2003 residens
3389 1947 3607 2004 throno
3633 1948 3662 2004 ‘i

2005 2033 2238 2090 Minime
2269 2035 2554 2104 gentium.
2588 2034 2737 2090 Nihil
2766 2035 2926 2091 enim
2956 2036 3016 2090 in
3046 2036 3324 2092 Trinitate
3360 2041 3518 2092 caret
3546 2036 3662 2092 ho-

2004 2137 2170 2178 nore.
2219 2122 2444 2180 Stultus
2482 2123 2666 2193 igitur
2711 2123 2826 2180 hac
2874 2139 3055 2196 super
3082 2139 3147 2180 re
3177 2125 3374 2193 timor,
3408 2139 3477 2181 ac
3509 2139 3661 2197 pene

2004 2210 2278 2278 dixerim,
2314 2211 2726 2269 stultissimus.

2076 2301 2244 2356 Hisce
2264 2300 2445 2372 igitur
2472 2299 2650 2358 valde
2675 2301 2865 2358 doctis
2892 2299 3274 2359 sermonibus
3294 2302 3663 2375 persuaden-

2004 2389 2166 2447 tibus
2185 2405 2356 2463 asque
2374 2395 2430 2447 et
2449 2390 2528 2447 ad
2549 2407 2864 2448 assensum
2886 2391 3410 2466 compellentibus,
3424 2398 3666 2450 conten-

2004 2479 2181 2537 tionis
2210 2497 2334 2536 suae
2363 2481 2642 2538 duritiem
2674 2497 2744 2538 ac
2789 2482 3184 2556 pertinaciam
3220 2499 3353 2540 sero
3382 2483 3484 2540 vix
3509 2483 3661 2541 mol-

2003 2569 2174 2640 liens,
2207 2569 2559 2642 persuaderi
2591 2570 2708 2627 sibi
2737 2571 3108 2628 contrarium
3129 2571 3380 2628 tandem
3413 2577 3504 2629 est
3533 2587 3666 2644 pas-

2004 2675 2142 2728 sus;
2169 2675 2238 2744 ac
2269 2675 2376 2732 per
2394 2659 2706 2733 propriam
2731 2660 3088 2717 sententiam
3114 2661 3336 2734 scripto
3359 2661 3663 2732 traditam,

2002 2747 2172 2804 aliter
2187 2749 2505 2805 sentientes
2521 2764 2717 2823 neque
2745 2749 3016 2806 Ecclesiae
3036 2749 3374 2807 doctrinam
3397 2750 3662 2822 amplec-

2002 2839 2191 2893 tentes
2207 2837 2576 2895 anathemati
2596 2837 2878 2910 subjecit:
2902 2855 3088 2912 quam
3111 2856 3286 2896 suam
3301 2838 3660 2896 sententiam

2001 2925 2063 2982 in
2093 2927 2361 2984 medium
2390 2943 2752 3002 progressus
2780 2929 2962 3001 hujus
3000 2929 3148 2999 regii
3174 2929 3450 3001 sacrique
3483 2944 3660 3002 syne-

2001 3015 2114 3071 drii
2137 3021 2300 3072 stans
2325 3016 2486 3088 legit,
2509 3033 2646 3090 quae
2667 3018 2749 3075 ita
2769 3018 2848 3074 ad
2866 3017 3120 3074 litteram
3146 3034 3207 3074 se
3227 3017 3495 3075 habebat
3519 3034 3532 3072 :
3557 3022 3660 3074 As-

2003 3104 2192 3160 sentio
2223 3121 2406 3161 sacrae
2451 3111 2793 3179 sanctasque
2829 3107 3066 3179 synodo
3106 3107 3167 3163 in
3198 3107 3311 3164 hoc
3342 3106 3649 3177 dogmate,

1999 3193 2168 3266 quod
2217 3195 2581 3251 sacriﬁcium
2625 3201 2750 3251 tam
2779 3195 2946 3269 quod
2975 3212 3138 3252 nunc
3168 3195 3432 3266 offertur,
3463 3211 3653 3270 quam

1999 3282 2147 3339 illud
2176 3284 2254 3340 ab
2281 3284 2591 3355 unigenito
2619 3285 2764 3341 olim
2789 3285 3103 3342 incarnato
3131 3285 3324 3342 Verbo
3353 3286 3649 3356 oblatum,

1999 3378 2056 3428 et
2085 3377 2226 3430 tunc
2258 3373 2530 3431 oblatum
2556 3374 2732 3432 fuerit
2761 3379 2817 3431 et
2844 3390 3006 3431 nunc
3030 3374 3337 3445 offeratur,
3360 3380 3654 3450 tanquam

1998 3478 2192 3520 unum
2239 3464 2542 3538 idemque.
2585 3468 2650 3522 Et
2685 3464 2791 3539 qui
2832 3465 3078 3521 minime
3127 3464 3211 3521 sic
3259 3469 3482 3534 censet,
3514 3481 3655 3522 eum

1999 3553 2442 3612 anathematizo
2475 3573 2490 3622 ;
2535 3559 2592 3612 et
2650 3554 2701 3611 si
2751 3554 2900 3628 quid
2931 3553 3301 3611 contrarium
3329 3553 3657 3627 reperiatur

1998 3642 2385 3715 scriptum,id
2411 3645 2634 3717 pariter
2653 3643 3115 3702 anathematizo.
3139 3643 3480 3701 Soterichus
3504 3645 3654 3700 Pan-

1997 3737 2290 3803 teugenus
2308 3733 2658 3808 subscripsi.

2073 3913 2170 3970 llis
2195 3912 2276 3970 ita
2292 3911 2876 3987 compositis,visum
2899 3916 2990 3968 est
3011 3911 3190 3968 nobis
3212 3909 3654 3984 dispiciendum

2001 4019 2247 4078 quoque
2287 4002 2413 4060 fore
2453 4002 2528 4058 de
2557 4001 2739 4074 hujus
2768 4001 3164 4065 ordinatione,
3202 4013 3421 4071 nempe
3450 4003 3653 4054 utrum

2002 4097 2302 4166 oporteret
2329 4091 2493 4148 hunc
2520 4091 2804 4164 deinceps
2836 4091 2899 4145 in
2929 4087 3327 4145 ecclesiastico
3350 4090 3507 4143 statu
3529 4101 3654 4144 ma-

2001 4200 2166 4254 nere,
2196 4183 2293 4239 vel
2317 4182 2397 4239 ad
2424 4182 2626 4256 ipsum
2665 4179 3086 4254 pontiﬁcatum
3129 4175 3494 4252 promoveri.
3528 4178 3654 4234 Sta-

2005 4275 2112 4332 tim
2153 4272 2332 4344 igitur
2359 4271 2816 4346 potentissimus
2845 4274 3208 4342 sanctusque
3236 4271 3439 4325 noster
3464 4265 3654 4340 impe-

2002 4370 2183 4436 rator,
2213 4363 2372 4420 hanc
2401 4375 2645 4435 quoque
2674 4361 3067 4435 quaestionem
3094 4359 3344 4415 minime
3375 4373 3510 4414 esse
3541 4356 3656 4413 dif-

2003 4452 2316 4511 ferendam
2347 4468 2458 4510 sua
2475 4452 2745 4509 maxima
2773 4450 3125 4508 auctoritate
3156 4463 3454 4519 annuens,
3480 4445 3656 4520 quid-

2003 4541 2153 4618 quid
2199 4541 2375 4599 nobis
2421 4541 2709 4598 canonice
2752 4539 2948 4599 facere
2985 4538 3314 4612 placuisset
3343 4535 3658 4594 concessit.

2004 4633 2177 4691 Putat
2226 4631 2386 4688 enim
2442 4645 2748 4688 sacrorum
2808 4628 3275 4700 divinorumque
3352 4639 3658 4682 canonum

2005 4725 2278 4781 exactam
2304 4719 2754 4778 observantiam
2783 4718 2846 4775 in
2866 4715 3094 4776 cunctis
3124 4714 3469 4772 tenendam.
3504 4715 3657 4783 Ergo

2006 4810 2320 4871 communi
2356 4809 2605 4868 consilio
2635 4805 3129 4875 deliberantibus,
3167 4803 3335 4860 omni
3363 4803 3426 4858 in
3450 4805 3658 4875 poste-

2007 4920 2144 4960 rum
2191 4899 2547 4960 sacerdotali
2584 4899 2874 4970 dignitate
2916 4895 3201 4966 indignus
3236 4891 3542 4966 judicatus
3571 4894 3662 4949 est

2011 4991 2349 5051 Soterichus
2397 4993 2822 5060 Panteugenus
2865 4985 3191 5044 Antiochiae
3245 4982 3347 5039 Dei
3408 4981 3661 5040 civitatis

2011 5082 2232 5139 electus
2251 5078 2614 5156 patriarcha.
2635 5079 2780 5136 Cum
2797 5091 2942 5134 vero
2963 5079 3194 5148 septem
3215 5088 3288 5130 ex
3309 5071 3487 5129 nobis
3509 5070 3665 5127 infra

2011 5168 2368 5229 nominandi
2422 5167 2850 5243 postulassent,
2883 5169 2950 5223 ut
2989 5164 3188 5238 primo
3222 5161 3560 5220 accuratius
3589 5156 3664 5213 de
