4152 6208
457 286 548 339 191
1787 278 2046 335 ΝΙΕΙΤιΕ
2075 282 2453 337 (ΣΗΟΝΙΑΤΚΕ

3706 283 3807 333 192

444 407 561 464 hac
587 422 650 462 re
681 406 1137 479 dispiceremus,
1177 406 1394 462 deinde
1432 407 1493 460 in
1523 403 1641 459 alia
1668 403 1934 459 sessione
1962 419 2096 459 sen-

2215 406 2569 478 αἱτησαμένων
2614 405 3055 475 κατασκέψασθαι
3101 407 3346 476 πρότερον
3378 407 3496 475 περὶ
3526 405 3709 454 τούτου
3748 406 3807 454 τὸ

448 497 693 554 tentiam
722 498 979 570 quisque
1012 513 1191 554 suam
1224 496 1574 569 proferrent.

521 676 644 744 Ego
676 676 920 747 quidem
971 673 1681 747 Constantinopolitanus,
1717 688 1837 727 non
1884 672 2098 728 admit-

451 764 701 819 tendum
731 764 808 819 ad
836 764 1237 821 sacerdotium
1268 764 1362 820 aio
1394 764 1574 827 hunc,
1605 761 1746 833 quia
1770 762 1899 830 jam
1938 761 2100 816 bien—

447 853 549 909 nio
567 869 689 909 non
713 853 867 909 clam
894 869 1087 925 neque
1110 854 1171 909 in
1192 853 1447 924 angulis,
1474 851 1580 907 sed
1610 850 1921 906 manifeste
1941 855 2101 906 recto

448 942 720 1012 dogmati
771 944 1147 1012 contradicit,
1193 959 1375 1016 seque
1407 941 1718 1015 publicum
1748 956 1951 1011 pravae
1999 940 2102 996 do-

448 1031 648 1085 ctrinas
678 1030 975 1086 fautorem
1007 1031 1506 1103 defensoremque
1528 1028 1860 1100 proﬁtetur.

522 1124 640 1189 Ego
664 1120 1236 1193 Hierosolymitanus
1256 1120 1417 1176 idem
1435 1135 1651 1174 censeo
1674 1118 1839 1191 quod
1861 1116 2105 1172 sanctis-

451 1210 640 1263 simus
672 1210 955 1265 dominus
981 1227 1153 1265 meus
1178 1214 1234 1265 et
1255 1208 1653 1265 consacerdos
1690 1206 2105 1263 Constantino-

449 1297 749 1369 politanus
778 1299 851 1354 de
882 1300 995 1354 hoc
1026 1299 1335 1371 pr0posito
1380 1298 1474 1370 pie
1514 1302 1571 1354 et
1627 1295 1961 1352 secundum
2007 1293 2105 1350 Dei

449 1386 821 1444 voluntatem
846 1389 1067 1444 statuit.

524 1480 639 1548 Ego
670 1477 955 1547 Bulgarus
986 1480 1081 1535 aio
1103 1479 1227 1535 fieri
1258 1494 1383 1535 non
1403 1494 1583 1551 posse
1620 1481 1681 1534 ut
1706 1476 1803 1532 hic
1834 1473 2106 1531 sacerdo-

450 1566 598 1621 tium
631 1566 880 1622 retinere
924 1567 1174 1634 sinatur,
1206 1566 1349 1639 quia
1380 1570 1615 1622 tantum
1641 1570 1845 1621 contra
1876 1563 1974 1619 Dei
2007 1565 2103 1616 Ec-

450 1654 695 1710 clesiam
744 1655 1099 1712 scandalum
1150 1654 1475 1725 suscitavit,
1520 1660 1575 1710 et
1621 1654 1725 1727 qui
1763 1651 2104 1724 complures

2211 495 2523 570 τελεώτερον,
2566 493 2721 546 καὶέν
2770 494 2913 568 ἑτέρᾳ
2965 493 3259 546 συνελεύσει
3306 494 3361 544 τό
3415 488 3601 543 δοκοῦν
3639 492 3809 551 αὐτοῖς

2211 582 2601 655 ἀποφήνασθαι.

2282 672 2414 743 Ἐγὼ
2460 676 2550 744 μεν
2604 674 2630 723 ό
2687 670 3270 732 Κωνσταντινούπολεως
3324 665 3687 741 ἀπαράὸεκτον
3736 669 3807 731 εἰς

2212 764 2493 835 ἱερωσύνην
2526 767 2704 815 τοῦτόν
2733 780 2865 835 φημι
2896 758 3044 830 εἶναι,
3084 764 3151 823 ὡς
3198 760 3283 813 ἐπὶ
3314 757 3410 812 δύο
3448 755 3555 817 ἤδη
3585 778 3812 833 χρόνους

2211 851 2268 902 οὗ
2301 854 2473 924 κρύφα
2502 848 2615 904 οὐδ’
2643 850 2691 903 ἓν
2729 856 2912 922 γωνίᾳ,
2960 850 3087 902 ἀλλὰ
3114 857 3337 925 φανερῶς
3367 850 3503 901 κατὰ
3532 856 3623 900 τού
3652 850 3811 921 ὀρθοῦ

2212 939 2695 1014 παρρησιαζόμενον
2718 938 3102 1013 δόγματος,καὶ
3121 944 3406 1012 συνήγορον
3431 942 3550 990 ὄντα
3573 936 3808 1010 λαμπρόν

2214 1037 2302 1088 τῆς
2326 1028 2561 1091 ἀσεϐείας
2582 1034 2672 1081 καὶ
2701 1033 2999 1102 πρόμαχον.

2284 1122 2413 1189 Ἐγὼ
2473 1115 2530 1170 δὲ
2582 1120 2606 1169 ό
2652 1118 3017 1191 Ἰεροσολύμων
3088 1117 3223 1169 αὐτὰ
3282 1124 3450 1168 ταῦτα
3507 1120 3597 1168 καὶ
3655 1115 3812 1174 αὐτὸς

2213 1210 2526 1280 γνωματεύω
2580 1208 2708 1280 άπερ
2781 1209 2807 1258 ό
2870 1207 3156 1279 ἁγιώτατος
3213 1205 3338 1279 ἐμοῦ
3406 1202 3663 1264 δεσπότης
3723 1210 3813 1256 καὶ

2217 1296 2661 1371 συλλειτουργόςό
2718 1296 3300 1356 Κωνσταντινουπόλεως
3347 1294 3433 1349 ἐπὶ
3479 1304 3541 1367 τῇ
3595 1314 3806 1367 τοιαυτῃ

2215 1387 2456 1438 ὑποθέσει
2489 1388 2772 1460 θεαρέστως
2800 1388 2931 1457 ἄγαν
2961 1391 3051 1439 καὶ
3083 1384 3299 1446 εὐσεϐῶς
3330 1386 3643 1456 ἀπεφήνατο.

2290 1476 2416 1546 Ἐγὼ
2484 1472 2543 1528 δὲ
2598 1477 2623 1527 ό
2684 1475 3001 1549 Βουλγαρίας
3056 1474 3184 1546 λέγω
3243 1471 3497 1525 ἀδύνατον
3561 1472 3689 1525 εἷναι
3754 1474 3811 1524 τὸ

2213 1562 2620 1639 παραδεχθῆναι
2695 1571 2870 1617 τοῦτον
2946 1567 3085 1635 ἔχειν
3163 1566 3465 1639 ἱερωσύνην,
3580 1564 3661 1614 ὅτι
3763 1580 3817 1613 τε

2210 1662 2445 1706 τοιοῦτον
2505 1650 2794 1707 σκάνδαλον
2860 1657 2995 1706 κατὰ
3049 1662 3139 1716 τῆς
3200 1652 3507 1713 Ἐκκλησίας
3563 1650 3812 1723 ἐξήγειρε,

448 1743 584 1798 huic
603 1759 731 1799 esse
762 1744 1020 1800 asseclas
1050 1748 1216 1816 puto,
1236 1744 1659 1815 nescimusque
1682 1747 1883 1798 utrum
1906 1740 1984 1797 ad
2006 1754 2101 1795 ve-

2215 1748 2303 1796 καὶ
2358 1745 2436 1795 ότι
2487 1748 2577 1795 καὶ
2628 1741 2871 1819 διάφοροι
2919 1746 3083 1814 τούτῳ
3132 1739 3278 1814 οἶμαι
3327 1740 3814 1808 συνηκολούθησαν,

446 1833 683 1889 ritatem
733 1833 963 1889 sincero
1007 1834 1233 1904 judicio
1264 1834 1558 1888 reversuri
1606 1830 1932 1904 aliquando
1964 1830 2098 1885 sint.

448 1921 621 1985 Quod
639 1922 874 1991 sijuxta
900 1922 1149 1977 effatum
1180 1922 1579 1991 Dominicum,
1610 1920 1837 1976 homini
1866 1919 1971 1991 qui
1995 1918 2103 1974 mi-

446 2009 681 2063 nimum
699 2010 963 2082 aliquem
982 2011 1207 2066 Christo
1226 2011 1569 2066 credentem
1587 2008 2100 2071 scandalizaverit,

448 2098 687 2169 expedit
720 2104 781 2154 ut
804 2099 1007 2171 lapide
1051 2100 1302 2156 molario
1326 2100 1388 2155 in
1420 2101 1550 2171 ejus
1579 2098 1800 2155 collum
1830 2097 2105 2153 immisso

448 2186 870 2258 praecipitetur,
897 2192 951 2242 et
972 2188 1033 2242 in
1062 2188 1244 2243 maris
1269 2187 1739 2260 profunditatem
1762 2186 2103 2257 jaciatur“);

448 2274 552 2346 qui
583 2275 803 2331 multos
833 2276 991 2332 circa
1019 2276 1249 2346 dogma
1271 2275 1711 2342 scandalizavit,
1736 2280 1979 2347 quantae
2001 2273 2108 2335 erit

452 2378 647 2433 poenae
673 2364 969 2421 obnoxius
993 2366 1019 2421 ?
1042 2367 1288 2437 Insuper
1316 2381 1389 2421 ex
1414 2364 1663 2421 diversis
1684 2362 1899 2419 divinis
1931 2378 2108 2420 cano-

452 2450 631 2507 nibus
658 2453 798 2509 satis
828 2455 1233 2524 cognoscitur,
1264 2454 1426 2510 hunc
1458 2453 1536 2510 ad
1563 2452 1964 2510 sacerdotium
1989 2452 2104 2507 mi-

449 2540 611 2599 nime
638 2542 869 2599 admitti
889 2559 1087 2616 posse,
1114 2544 1237 2600 imo
1266 2543 1726 2616 deponendum.

521 2723 639 2794 Ego
667 2738 912 2795 quoque
951 2723 1202 2796 Cyprius
1227 2722 1344 2792 aio,
1386 2738 1483 2777 me
1512 2725 1719 2794 utpote
1748 2724 2101 2777 extraneum

455 2816 629 2867 antea
655 2811 902 2882 quidem
926 2828 1047 2868 non
1074 2812 1220 2867 satis
1243 2811 1592 2882 cognovisse
1610 2826 1762 2882 quas
1792 2809 1899 2865 iste
1920 2809 2104 2865 vomit

447 2899 860 2971 blasphemias
882 2902 1172 2957 adversus
1192 2906 1421 2957 rectum
1444 2900 1714 2957 Ecclesiae
1730 2898 2103 2969 dogma.Sed

446 2988 606 3044 enim
664 3006 736 3045 ex
786 2990 881 3046 his
923 3006 1059 3062 quae
1102 2990 1282 3046 hodie
1331 2991 1531 3063 ipsum
1571 2989 1775 3046 audivi
1806 2988 2101 3044 dicentem

2214 1839 2304 1886 καὶ
2351 1833 2629 1905 ἀγνοοῦμεν
2679 1834 2722 1885 εἰ
2777 1836 2906 1905 πρὸς
2964 1831 3204 1891 ἀληθειαν
3257 1834 3384 1904 μετὰ
3435 1831 3589 1905 ὀρθοῦ
3628 1834 3818 1905 φρονὴ·

2214 1942 2372 1994 ματος
2429 1928 2517 1975 καὶ
2567 1926 2680 1974 τότε
2744 1924 3224 1996 ἐπιστραφῆσονται
3256 1942 3270 1954 ·
3335 1924 3425 1973 καὶ
3490 1923 3627 1993 εἴπερ
3680 1921 3819 1971 κατὰ

2215 2032 2280 2064 τα
2328 2015 2567 2083 Κυριακὰ
2610 2011 2761 2082 λόγια
2805 2020 2877 2082 τῷ
2921 2012 3007 2063 ἕνα
3052 2014 3172 2063 τινὰ
3210 2019 3308 2062 τῶν
3349 2018 3547 2084 μικρῶν
3581 2004 3816 2060 σκανδα-

2214 2101 2422 2153 λίσαντι
2459 2121 2558 2153 των
2605 2104 2948 2153 πιστευόντων
3003 2100 3069 2160 εἰς
3130 2102 3216 2151 τὸν
3270 2101 3501 2173 Χριστόν
3553 2100 3815 2171 συμφέρον

2218 2190 2356 2244 ἐστὶν
2397 2193 2477 2242 ἵνα
2542 2189 2685 2252 λίθος
2741 2188 3025 2262 μυλωνικὸς
3082 2188 3153 2251 εἰς
3208 2191 3295 2241 τὸν
3346 2187 3612 2262 τράχηλον
3652 2186 3817 2238 αὐτοῦ

2216 2282 2509 2353 κρεμασθῇ,
2581 2284 2671 2331 καὶ
2727 2278 2798 2340 εἰς
2867 2277 3029 2350 βυθόν
3092 2277 3362 2338 θαλάσσης
3442 2274 3725 2351 ἀπορῥιφῇ,
3791 2276 3817 2326 ό

2216 2368 2430 2429 πολλοὺς
2489 2364 2846 2429 σκανδαλίσας
2893 2367 2978 2419 ἐπὶ
3034 2375 3106 2438 τῷ
3155 2363 3406 2440 δόγματι,
3465 2367 3622 2436 ὁποίᾳ
3669 2366 3820 2416 ἔσται

2215 2462 2444 2533 τιμωρίᾳ
2507 2453 2756 2518 ὑπόδικος
2807 2456 3020 2525 ;Ἀλλὰ
3080 2462 3169 2509 καὶ
3230 2455 3284 2507 ἐκ
3347 2452 3609 2528 διαφόρων
3669 2455 3818 2505 θείων

2214 2552 2436 2600 κανόνων
2459 2550 2516 2599 τὸ
2544 2544 2907 2622 ἀπαράδεκτον
2936 2548 3068 2618 πρὸς
3100 2546 3380 2621 ἱερωσύνην
3406 2549 3496 2597 καὶ
3519 2545 3820 2617 καθῃρημέ-

2214 2658 2297 2690 νον
2322 2644 2501 2690 τοῦτον
2532 2632 2662 2689 εἶναί
2688 2632 3116 2709 διαγινώσκεται.

2288 2727 2440 2782 Ἀλλὰ
2488 2726 2630 2797 κάγὼ
2690 2728 2716 2779 ό
2792 2730 3003 2802 Κύπρου
3071 2730 3222 2779 τοῦτό
3280 2744 3437 2797 φημι,
3487 2726 3554 2785 ὡς
3603 2725 3669 2776 τὰ
3722 2725 3816 2794 μεν

2214 2817 2344 2871 ἄλλα
2381 2824 2471 2869 τοῦ
2520 2813 2709 2890 ἀνδρὸς
2763 2812 3041 2889 ἀπόδημος
3079 2816 3167 2882 ὠν,
3209 2817 3268 2867 τὸ
3312 2819 3557 2888 πρότερον
3588 2812 3645 2865 ού
3688 2816 3817 2864 σύν-

2214 2904 2339 2961 οιὸα
2404 2904 2632 2979 ἀκριϐῶς
2676 2907 2777 2958 ὅσα
2830 2910 2921 2958 καὶ
2980 2904 3370 2978 βλασφημῆσαι
3421 2903 3622 2975 λέγεται
3682 2904 3819 2954 κατὰ

2213 3003 2305 3047 τοῦ
2371 2995 2528 3070 ὀρθοῦ
2592 2992 2851 3068 δόγματος
2914 3003 3004 3054 τῆς
3062 2993 3423 3055 Ἐκκλησίας’
3484 2991 3569 3064 ἀφ’
3623 2993 3690 3042 ὧν
3758 2988 3818 3043 δε

448 3081 583 3132 ante
616 3077 849 3147 regium
879 3083 933 3134 et
963 3078 1435 3135 ecclesiasticum
1466 3078 1770 3143 thronum,
1800 3092 1922 3133 non
1952 3092 2100 3148 pon-

2218 3088 2441 3159 σὴμερον
2468 3084 2678 3137 ἐνώπιον
2710 3092 2801 3137 του
2843 3082 3123 3156 βασιλικου
3158 3087 3249 3135 καὶ
3282 3084 3541 3153 ἱερατικου
3576 3079 3818 3153 βήματος

448 3166 695 3223 tiﬁcatui
729 3169 1148 3225 tantummodo
1166 3184 1305 3224 cum
1321 3184 1568 3241 prorsus
1593 3169 1861 3240 ineptum
1871 3165 2100 3237 judico,

448 3271 657 3310 verum
687 3255 866 3312 etiam
902 3256 1200 3313 diaconali
1230 3257 1441 3326 gradu,
1472 3272 1652 3330 quem
1695 3256 1987 3311 hactenus
2021 3258 2104 3310 te-

449 3345 651 3401 nuisse
681 3346 928 3419 videtur,
971 3346 1309 3417 indignum,
1338 3348 1421 3403 ita
1449 3352 1514 3403 ut
1540 3363 1613 3403 ex
1645 3346 1760 3402 hoc
1791 3345 1971 3401 etiam
2002 3344 2105 3414 eji-

453 3434 701 3490 ciendus
741 3435 1038 3493 videatur.

522 3527 644 3592 Ego
677 3524 1052 3580 Caesariensis
1081 3524 1264 3592 hunc,
1298 3529 1502 3597 utpote
1530 3540 1690 3596 saepe
1733 3521 2106 3580 orthodoxae

458 3610 866 3677 adversatum,
891 3612 970 3668 ad
1001 3613 1402 3669 sacerdotium
1432 3629 1557 3669 non
1586 3612 1856 3669 admitto.

524 3704 646 3771 Ego
678 3700 1011 3757 Corinthius
1036 3701 1238 3768 iudico
1258 3701 1419 3758 hunc
1462 3701 1630 3759 omni
1657 3700 1988 3758 sacerdotio
2014 3700 2108 3756 in-

451 3790 721 3862 dignum,
755 3794 961 3862 utpote
1002 3789 1400 3860 irreligiosum
1432 3796 1489 3847 et
1526 3789 1936 3863 blasphemias
1984 3804 2107 3846 non

454 3881 649 3937 solum
682 3884 879 3937 mente
910 3878 1232 3949 foventem,
1265 3896 1475 3937 verum
1515 3880 1694 3936 etiam
1736 3880 2105 3952 loquentem.

455 3970 743 4035 Quamvis
784 3969 945 4026 enim
986 3969 1102 4026 illis
1150 3985 1312 4026 nunc
1342 3971 1666 4027 anathema
1695 3969 1862 4038 dixit,
1894 3969 2109 4026 nihilo-

452 4061 653 4115 minus
676 4058 1010 4117 sacerdotio
1029 4062 1085 4115 et
1104 4058 1261 4116 clero
1278 4059 1612 4116 excluditur
1626 4060 1799 4130 juxta
1813 4074 2108 4129 magnum

450 4149 845 4206 Athanasium
869 4148 1339 4206 Alexandrinum
1362 4149 1424 4206 in
1447 4148 1710 4223 Epistola
1737 4146 1817 4205 ad
1846 4147 2109 4205 Ruﬁnia-

452 4253 601 4293 num
639 4237 1013 4309 episcopum,
1040 4238 1333 4311 juxtaque
1364 4238 1513 4296 alios
1551 4237 1787 4295 divinos
1817 4252 2106 4296 canones.

456 4330 617 4383 Certe
648 4326 939 4398 synodica
969 4327 1119 4382 sexti
1141 4328 1376 4384 concilii
1401 4327 1670 4384 deﬁnitio
1700 4328 1781 4384 ita
1801 4328 2022 4400 partim
2045 4341 2108 4382 se

450 4416 636 4472 habet
664 4431 683 4470 .·
716 4438 743 4467 ς
776 4416 873 4471 His
909 4416 1112 4487 itaque
1136 4431 1275 4472 cum
1314 4417 1482 4472 omni
1505 4416 1814 4486 diligentia
1836 4431 2102 4489 curaque

456 4506 677 4562 eximia
736 4520 773 4561 a
818 4503 996 4561 nobis
1038 4505 1396 4575 constitutis,
1432 4504 1754 4561 deﬁnimus
1783 4506 2013 4561 nemini
2041 4504 2109 4560 li-
2140 4470 2183 4524 Β

458 4610 588 4651 cere
639 4594 818 4650 aliam
870 4593 1055 4649 ﬁdem
1103 4593 1368 4666 proferre
1412 4610 1518 4651 seu
1571 4594 1967 4663 conscribere,
2019 4594 2109 4650 vel

457 4699 842 4756 componere,
875 4698 1075 4755 neque
1114 4682 1278 4740 aliud
1306 4682 1654 4756 symbolum
1677 4699 1974 4756 exponere
2006 4687 2111 4740 aut

456 4774 671 4847 docere
698 4773 791 4831 vel
816 4772 1068 4830 tradere.
1099 4796 1126 4823 »
1161 4775 1229 4829 Et
1255 4773 1465 4846 paucis
1491 4774 1851 4847 interpositis
1883 4790 1895 4829 :
1951 4794 1973 4825 ε
2010 4772 2109 4829 Vel

456 4878 683 4919 novum
730 4862 1017 4937 loquendi
1045 4878 1257 4934 genus,
1291 4880 1394 4919 seu
1424 4863 1858 4921 vocabulorum
1901 4862 2107 4918 inven-

457 4950 680 5006 tionem
726 4951 1029 5020 invehere,
1075 4952 1151 5009 ad
1179 4952 1535 5023 dogmatum
1558 4967 1696 5024 quae
1722 4950 2106 5007 deﬁnivimus

460 5037 931 5095 subversionem.
989 5040 1161 5107 Quod
1213 5041 1261 5096 si
1308 5040 1369 5096 id
1414 5039 1638 5096 faciant
1685 5039 1952 5113 episcopi
2007 5043 2110 5096 aut

457 5125 672 5195 clerici,
717 5128 1069 5199 episcopatu
1117 5134 1174 5185 et
1217 5129 1498 5186 clericatu
1537 5133 1799 5187 extorres
1836 5128 1987 5187 ﬁant
2016 5149 2032 5200 ;
2060 5130 2108 5185 si

537 5545 582 5582 ‘0
608 5544 804 5605 Matth.
828 5546 982 5620 xvdl,
1003 5548 1055 5604 6.

2212 3170 2369 3227 τουδε
2426 3174 2769 3247 ἠκροασάμην
2837 3172 3074 3245 λέγοντος
3136 3174 3344 3239 τούτου,
3412 3170 3471 3223 ού
3527 3174 3678 3243 μόνον
3745 3170 3817 3230 εἰς

2216 3261 2613 3337 ἀρχιερωσύνην
2645 3258 3001 3336 ἀπαράδεκτον
3048 3258 3177 3312 εἷναι
3223 3261 3556 3313 παντάπασιν
3587 3256 3814 3329 ἀποφαί-

2214 3372 2368 3424 νομαι
2394 3351 2569 3419 αὐτόν,
2604 3350 2731 3403 ἀλλὰ
2775 3356 2864 3403 καὶ
2907 3350 3066 3402 αύτου
3093 3369 3184 3402 του
3231 3345 3478 3401 διακόνου
3520 3346 3728 3421 βαθμου
3762 3347 3816 3397 ὃν

2217 3437 2363 3493 δοκεῖ
2391 3444 2514 3502 τέως
2548 3442 2709 3511 ἔχειν,
2727 3439 2933 3503 ἀνάξιος
2953 3440 3120 3497 πάντη
3147 3439 3488 3501 καθέστηκεν,
3515 3439 3583 3497 ὡς
3609 3434 3817 3510 ἀφαιρε-

2216 3534 2330 3583 τέου
2361 3536 2450 3582 καὶ
2475 3533 2660 3582 τούτου
2688 3530 3035 3601 τυγχάνοντος
3057 3526 3109 3590 ἐξ
3137 3526 3318 3580 αύτου.

2290 3624 2418 3689 Ἐγὼ
2442 3616 2501 3671 δὲ
2518 3621 2543 3670 ό
2561 3623 2875 3691 Καισαρείας
2898 3621 2961 3678 ὡς
2982 3616 3228 3678 πολλάκις
3249 3617 3385 3668 κατὰ
3398 3624 3488 3675 τῆς
3509 3610 3820 3689 ὁρθοδοξίας

2218 3707 2369 3760 αὐτόν
2400 3706 2651 3760 ἐνστάντα
2688 3706 2755 3767 εἰς
2796 3707 3075 3782 ἱερωσύνην
3101 3705 3161 3758 ού
3181 3701 3577 3778 παραδέχομαι.

2289 3796 2417 3867 Ἐγὼ
2476 3793 2533 3848 δὲ
2581 3798 2606 3848 ό
2665 3798 2916 3870 Κορίνθου
2955 3800 3113 3871 κρίνω
3162 3813 3341 3847 τουτον
3370 3796 3542 3851 πάσης
3581 3793 3810 3864 ἱερωσύ-

2216 3906 2304 3947 νης
2335 3884 2561 3955 ἀνάξιον,
2610 3888 2674 3947 ὡς
2718 3884 2876 3945 ἀσεϐῆ
2927 3904 2981 3938 τε
3014 3889 3105 3937 καὶ
3143 3883 3431 3957 βλάσφημα
3482 3886 3817 3955 φρονήσαντα

2218 3981 2307 4029 καὶ
2344 3975 2642 4034 λαλήσαντα
2698 3989 2712 4005 ⁶
2769 3975 2811 4028 εἰ
2862 3978 2963 4051 γὰρ
3013 3979 3103 4027 καὶ
3153 3973 3436 4045 ἀναθεματι
3470 3992 3557 4025 νυν
3614 3972 3816 4024 καθυπο

2218 4064 2414 4135 ἔϐαλεν,
2469 4064 2598 4118 ἀλλὰ
2653 4073 2746 4126 τῆς
2808 4067 3091 4138 ἱερωσύνης
3138 4068 3228 4116 καὶ
3281 4082 3369 4117 του
3423 4061 3614 4136 κλήρου
3669 4059 3819 4113 ἐκϐέ-

2219 4154 2423 4227 ϐληται,
2484 4156 2621 4207 κατὰ
2668 4157 2755 4206 τόν
2828 4150 3216 4226 Ἀλεξανδρείας
3280 4155 3441 4225 μέγαν
3511 4151 3820 4203 Ἀθανάσιον

2219 4243 2348 4316 πρός
2419 4244 2764 4316 Ῥουφινιανόν
2843 4242 3127 4296 ἐπισκόπου
3188 4241 3488 4315 γράψαντα,
3548 4244 3637 4291 καὶ
3704 4238 3822 4290 καθ’

2220 4332 2423 4405 ἐτέρους
2488 4334 2654 4395 θείους
2714 4335 2932 4394 κανόνας
2980 4347 2992 4359 ·
3052 4333 3077 4383 ό
3120 4336 3210 4404 μέν
3257 4350 3338 4383 τοι
3393 4325 3672 4389 πνοὸικός
3703 4330 3822 4402 «ᾗοος

2220 4429 2313 4483 τῆς
2362 4421 2515 4493 ἁγίας
2555 4423 2705 4483 ἕκτης
2765 4418 2991 4475 συνόδου
3032 4422 3187 4481 οὕτως
3242 4420 3291 4472 ἐν
3346 4423 3488 4493 μέρει
3550 4414 3770 4480 διέξεισι
3804 4434 3815 4445 ·

2219 4532 2248 4563 ‹‹
2315 4512 2519 4563 Τούτων
2593 4516 2763 4566 τοίνυν
2838 4514 2967 4583 μετὰ
3038 4513 3216 4572 πάσης
3283 4507 3551 4582 ἀκριϐείας
3612 4526 3665 4559 τε
3728 4510 3819 4557 καὶ

2219 4598 2489 4672 ἐμμελείας
2559 4602 2891 4674 πανταχόθεν
2966 4600 3087 4673 παρ’
3161 4602 3306 4672 ἡμῶν
3362 4595 3814 4662 διατυπωθέντων,

2219 4690 2458 4763 ὁρίζομεν
2520 4689 2691 4766 ἑτέραν
2770 4695 2951 4743 πίστιν
3029 4687 3217 4763 μηδωὶ
3272 4688 3456 4751 εξείναι
3517 4690 3808 4759 προφέρειν⁵

2218 4780 2378 4850 ἤγουν
2448 4780 2764 4853 συγγράφειν
2830 4780 2859 4838 ἣ
2930 4781 3223 4831 συντιθέναι
3282 4781 3459 4830 πίστιν
3522 4774 3714 4847 ἑτέραν,
3780 4773 3809 4831 ἦ

2216 4870 2554 4942 προκομίζειν
2600 4869 2629 4925 ἦ
2682 4864 2958 4921 διδάσκειν
2998 4868 3028 4927 ἦ
3084 4862 3445 4942 παραδιδόναι
3479 4865 3640 4939 ἕτερον
3674 4863 3813 4933 σύμ-

2218 4956 2385 5013 ϐολον.
2424 4981 2444 5005 ι
2485 4961 2585 5011 Καὶ
2635 4960 2762 5030 μετά
2813 4978 2929 5012 τινα
2959 4977 2974 4991 ο
3025 4975 3056 5011 »
3104 4956 3170 5009 Ἦ
3210 4960 3546 5029 καινοφωνίαν
3589 4957 3707 5011 ἦτοι
3736 4951 3816 5003 λέ-

2219 5046 2339 5109 ξεων
2398 5045 2657 5121 ἐφεύρεσιν
2731 5050 2856 5121 πρὸς
2922 5046 3215 5121 ἀνατροπὴν
3282 5046 3507 5118 εἰσάγειν
3564 5051 3664 5095 τῶν
3728 5062 3819 5093 νυν

2216 5140 2339 5211 παρ’
2396 5137 2540 5209 ἡμῶν
2608 5133 2995 5210 διορισθέντων,
3047 5135 3362 5197 ἐπισκόπους
3416 5137 3505 5208 μὲν
3574 5138 3721 5193 ὄντας
3788 5131 3818 5190 ἦ

2216 5226 2514 5303 κληρικούς,
2560 5226 2860 5305 ἀλλοτρίους
2918 5226 3047 5281 εἶναι
3093 5236 3186 5289 τῆς
3245 5226 3532 5286 ἐπισκοπῆς
3592 5228 3681 5276 καὶ
3728 5240 3821 5273 του
