4152 6208
255 278 340 330 193

241 399 434 472 κλήρου
465 415 480 430 ⁸

241 491 382 542 σθαι.
418 509 450 538 ››
483 493 668 561 Τούτῳ
703 489 1124 561 συμφθέγγονται
1168 492 1257 539 καὶ
1299 489 1326 538 ὁ
1355 495 1446 548 τῆς
1467 487 1516 539 ἐν
1555 493 1754 561 Νικαίᾳ
1799 493 1858 541 τό

238 574 485 654 δεύτερον
544 576 697 650 ἀγίας
756 574 984 629 συνόδου
1043 578 1177 648 ὄρος,
1221 581 1311 629 καὶ
1340 577 1508 652 ἔτερος
1539 579 1731 651 θεσμός
1759 586 1860 630 τῶν

235 667 398 740 ἁγίων
426 672 527 720 καὶ
560 669 816 740 θεοφόρων
843 669 1108 739 Πατέρων.

305 756 444 829 Ἐγὼ
477 753 542 810 δὲ
571 757 598 808 ό
625 757 856 814 Ἀθηνῶν
889 753 986 827 ὀψέ
1023 773 1157 827 φημι
1208 758 1296 806 καὶ
1326 754 1472 827 μόλις
1500 758 1863 829 μπαμαθόντα

236 847 390 898 αὐτόν
448 851 552 905 τήν
624 843 867 898 ἀσέϐειαν
896 887 916 910 ,
988 847 1078 896 καὶ
1144 849 1312 895 ταῦτα
1376 842 1674 916 ύποψὴφιον
1737 849 1861 898 ὄντα

233 939 609 1012 πατριάρχην,
639 934 706 995 εἰς
748 935 1032 1009 ἱερωσύνην
1059 931 1154 984 οὐκ
1176 934 1238 985 ἄν
1295 951 1419 984 ποτε
1443 929 1849 1007 παραδέξωμαι·

429 1027 536 1078 xciv
611 1043 742 1084 τινες
806 1018 1207 1098 παραδέξωνται
1241 1065 1253 1088 ,
1320 1020 1500 1074 ἑαυτὸν
1568 1020 1622 1084 ἐξ
1692 1023 1860 1076 αὐτῶν

234 1111 647 1188 ἁποῤῥήγνυμι.

300 1204 446 1275 Ἐγὼ
469 1200 576 1256 ὃεό
601 1205 896 1276 Λαρίσσης,
923 1210 995 1273 τῷ
1018 1201 1250 1260 Ἀθηνῶν
1275 1199 1320 1261 ἐς
1339 1201 1406 1253 τὰ
1430 1205 1606 1254 λοιπόν
1630 1221 1862 1276 συμφρο-

233 1301 346 1357 νῶν,
376 1291 494 1344 ἀπὸ
536 1299 632 1352 τῆς
653 1299 746 1343 τοῦ
776 1290 997 1362 μεγάλου
1035 1289 1225 1362 μᾶλλον
1252 1290 1566 1344 Ἀθανασίου
1588 1287 1860 1352 ἐπιστολῆς

231 1381 599 1456 ἀποκηρύττω
664 1386 846 1433 τοῦτον
904 1386 994 1432 τοῦ
1042 1381 1304 1454 ἱερατικοῦ
1369 1381 1562 1442 παντὸς
1624 1377 1860 1452 ἀξιώμα.

230 1490 338 1532 τος.

298 1557 444 1630 Ἐγὼ
509 1554 571 1610 δὲ
606 1558 633 1609 ό
666 1553 1148 1631 ’Λὸριανουπόλεως
1200 1564 1354 1610 τοῦτο
1419 1557 1550 1628 λέγω
1577 1601 1592 1628 ,
1629 1559 1742 1626 ὅτι,
1775 1556 1859 1610 ἐὰν

238 1648 336 1700 ἀπὸ
367 1656 481 1699 τῶν
532 1648 683 1700 θείων
718 1651 808 1698 καὶ
849 1644 1124 1722 ἀχράντων
1178 1645 1556 1718 εύαγγελιστῶν
1591 1689 1604 1714 ,
1637 1651 1728 1699 καὶ
1758 1655 1858 1699 τῶν

1571 274 1924 333 THESAURI
1967 278 2092 334 LIB.
2134 280 2313 336 XXIV.

556 399 880 472 μονάζοντας
949 395 1010 451 δὲ
1065 399 1095 456 ἦ
1163 396 1396 466 λαῑκούς,
1429 441 1444 469 ,
1488 396 1857 472 ἀναθεματίζε-

1974 403 2252 460 monachi
2278 407 2382 460 aut
2409 403 2564 477 laici,
2588 406 2975 464 anathemate
2999 406 3309 464 feriantur.
3335 431 3365 458 »
3396 410 3624 466 Canoni

3518 291 3620 344 194

1967 491 2107 548 huic
2150 509 2418 550 consona
2462 496 2746 552 secundae
2801 513 3061 569 quoque.
3103 497 3353 553 Nicaeum
3403 498 3620 570 synodi

1969 581 2258 651 definitio,
2283 587 2462 656 atque
2489 585 2618 642 aliae
2636 586 2817 642 etiam
2845 592 3195 643 sanctorum
3236 591 3416 660 atque
3441 603 3477 644 a
3502 591 3620 646 Deo

1969 670 2306 728 aﬁlatorum
2325 676 2564 729 Patrum
2587 675 2989 732 auctoritates.

2040 763 2162 830 Ego
2187 761 2568 818 Atheniensis
2598 762 2761 819 hunc
2786 763 2886 820 vix
2913 779 3169 838 seroque
3199 781 3236 822 a
3265 781 3376 822 sua
3414 765 3622 840 impie-

1969 853 2087 910 tate
2123 850 2524 922 recedentem,
2570 857 2627 908 et
2677 852 2925 924 quidem
2973 869 3113 909 cum
3151 853 3281 925 jam
3333 860 3490 911 esset
3518 871 3621 927 pa-

1969 939 2227 996 triarcha
2257 939 2497 1008 electus,
2525 940 2603 996 ad
2633 941 3036 998 sacerdotium
3060 957 3376 1014 nunquam
3408 943 3621 1000 admit-

1967 1032 2116 1086 tam.
2166 1029 2318 1095 Quin
2367 1029 2414 1085 si
2463 1029 2570 1102 qui
2627 1046 2767 1086 eum
2823 1031 3196 1095 admiserint,
3250 1047 3348 1088 me
3394 1033 3474 1090 ab
3525 1033 3620 1089 his

1969 1133 2238 1188 segrego.

2039 1210 2159 1278 Ego
2246 1207 2567 1263 Larissaeus
2647 1223 2786 1264 cum
2879 1209 3226 1265 Atheniensi
3299 1209 3620 1282 caeteroqui

1965 1296 2371 1364 consentiens,
2428 1295 2611 1353 fretus
2660 1297 2868 1369 magni
2930 1299 3259 1370 praesertim
3308 1298 3620 1355 Athanasii

1968 1384 2261 1458 epistola,
2329 1385 2471 1440 huic
2534 1385 2767 1442 homini
2839 1400 3082 1443 omnem
3149 1385 3617 1443 ecclesiasticam

1967 1475 2317 1545 dignitatem
2351 1473 2657 1545 abjudico.

2038 1566 2160 1636 Ego
2190 1563 2762 1636 Adrianopolitanus
2816 1565 2932 1632 aio,
2963 1564 3128 1636 quod
3177 1565 3228 1621 si
3265 1563 3618 1637 jubentibus

1965 1654 2120 1709 divis
2181 1653 2664 1726 incorruptisque
2736 1653 3140 1724 evangelistis,
3197 1654 3504 1728 sacrisque
3567 1659 3623 1710 et

241 1740 380 1812 ἱερῶν
411 1742 505 1790 χοὶ
553 1738 700 1788 θείων
751 1739 976 1788 κανόνων
1009 1778 1026 1804 ,
1054 1735 1112 1788 ού
1153 1731 1376 1788 δύναται
1428 1743 1519 1796 τῆς
1579 1737 1855 1808 ἱερωσύνης

1974 1743 2120 1800 divis
2167 1743 2529 1809 canonibus,
2559 1743 2724 1800 haud
2761 1743 2895 1800 licet
2943 1743 3348 1807 sacerdotium
3379 1742 3624 1816 assequi

244 1825 576 1898 (τυγχάνειν)
635 1825 732 1876 κᾶν
799 1823 941 1887 ἅπαξ
1015 1821 1236 1896 ἐλεγχθῇ
1307 1823 1542 1886 ἑαλωκὼς
1609 1823 1692 1876 ἐπί
1755 1845 1858 1877 τινι

243 1913 768 1990 ἁμαρτήματι,οῖοις
827 1909 894 1970 δὴ
950 1916 1326 1987 περιπίπτομεν
1385 1911 1648 1988 ἂνθρωποι
1694 1916 1853 1983 ὄντες,

247 2010 332 2057 καὶ
377 2007 470 2057 τόν
531 2003 696 2062 πηλόν
758 2009 940 2055 τοῦτον
1006 2007 1090 2054 καὶ
1155 2005 1404 2074 σαρκικόν
1462 2006 1804 2076 περικείμενοι
1838 2044 1852 2070 ,

249 2102 353 2156 πῶς
399 2097 515 2146 ἐστι
558 2089 780 2145 δυνατόν
833 2090 906 2152 εἰς
957 2092 1236 2165 ἱερωσύνην
1292 2089 1713 2166 προϐιϐασθῆνσι
1766 2093 1854 2142 τόν

252 2182 544 2254 ὑποψήφιον
596 2181 967 2252 Ἀντιοχείας,
997 2180 1265 2252 ἄνθρωπον
1323 2181 1451 2252 ὑπὲρ
1489 2181 1552 2232 τά
1605 2179 1855 2242 ἑξήκοντα

260 2275 340 2329 ἔτη
391 2275 654 2342 γενόμενον
690 2313 705 2338 ,
741 2265 996 2320 δοκοῦντά
1033 2287 1089 2320 τε
1141 2267 1318 2339 λόγοις
1377 2275 1557 2340 σοφοῖς
1589 2265 1854 2321 ἐνευδοκι-

269 2368 394 2432 μεῖν,
440 2365 532 2410 καὶ
599 2358 672 2420 εἰς
728 2359 1119 2430 πατριαρχικόν
1183 2359 1358 2431 θρόνον
1419 2355 1849 2430 προϐεϐλημένον,

270 2453 358 2500 καὶ
400 2455 485 2499 νύν
511 2449 664 2519 φάντα
699 2446 760 2498 ού
809 2450 964 2518 μόνον
1011 2445 1194 2516 λόγους
1238 2454 1333 2506 τῆς
1383 2442 1669 2519 ὀρθοδόξου
1702 2444 1850 2499 ἀλλο-

269 2539 565 2612 τριύφρονας
585 2541 802 2597 πίστεως
828 2578 841 2602 ,
885 2533 1012 2588 ἀλλα
1068 2539 1158 2586 καὶ
1211 2533 1365 2606 λόγον
1415 2533 1851 2610 συγγραψάμενον

262 2626 424 2700 πλήρη
488 2625 836 2698 βλασφημιῶν
900 2627 992 2676 καὶ
1053 2622 1362 2696 ἀποφημιῶν
1402 2618 1675 2676 δυσσεϐῶν
1707 2667 1721 2693 ,
1763 2628 1851 2675 καὶ

256 2716 396 2787 μόλις
431 2719 558 2768 ποτε
596 2715 1008 2786 μεταπεισθέντα
1056 2717 1144 2765 καὶ
1191 2715 1556 2786 μεταμαθόντα
1612 2716 1668 2764 τό
1710 2712 1850 2765 εὐσε-

257 2804 336 2867 ϐὲς
355 2810 445 2857 καὶ
481 2808 543 2857 τό
596 2800 876 2878 ὀρθόδοξον
907 2821 921 2871 ;
955 2804 1049 2855 Διά
1097 2809 1252 2854 τοῦτο
1307 2806 1478 2855 τοίνυν
1532 2797 1656 2855 οὐδὲ
1702 2801 1854 2863 αὐτὸς

255 2894 389 2957 ἄξιον
413 2896 698 2968 ἱερωσύνης
719 2897 805 2946 τόν
834 2899 1067 2945 τοιοῦτον
1086 2891 1387 2964 λογίζομαι,

321 2997 422 3046 Καὶ
490 2992 566 3054 εἰς
633 2991 937 3050 ἀνασκοπὴν
1006 2990 1326 3051 συνελθόντες
1393 2992 1443 3042 οἱ
1509 2990 1700 3042 αὐτίκα
1761 2993 1856 3047 τὴν

1965 1832 2196 1889 homini
2223 1831 2308 1887 illi
2342 1831 2447 1904 qui
2476 1831 2572 1888 vel
2600 1832 2789 1888 semel
2835 1831 3091 1904 alicujus
3121 1832 3354 1905 peccati
3379 1833 3622 1889 convic-

1963 1927 2060 1979 tus
2077 1922 2271 1992 fuerit,
2286 1922 2377 1991 cuj
2391 1921 2628 1978 usmodi
2653 1921 2935 1978 accidunt
2962 1921 3313 1980 hominibus
3342 1923 3458 1978 hoc
3475 1922 3619 1978 limo

1964 2017 2022 2068 et
2072 2027 2252 2067 carne
2291 2010 2698 2080 circumdatis,
2729 2013 2833 2082 qui
2874 2009 3047 2066 liceat
3079 2010 3158 2065 ad
3211 2010 3620 2066 sacerdotium

1963 2101 2295 2174 provehere
2343 2100 2502 2156 hunc
2528 2099 2782 2155 electum
2811 2098 3272 2163 Antiochenum,
3304 2098 3617 2154 hominem

1965 2190 2424 2263 sexagenariam
2471 2193 2708 2246 aetatem
2755 2192 3232 2260 prmtervectum,
3282 2188 3616 2244 litteratura

1963 2281 2219 2348 clarum,
2241 2277 2629 2352 patriarchali
2657 2277 2786 2334 sedi
2815 2277 3204 2347 destinatum,
3233 2293 3396 2332 nunc
3414 2281 3617 2333 autem

1961 2386 2083 2426 non
2111 2369 2296 2425 modo
2355 2367 2736 2424 sermonibus
2784 2371 3053 2422 utentem
3086 2365 3164 2422 ab
3204 2365 3457 2422 orthoxa
3493 2365 3615 2420 ﬁde

1961 2457 2447 2524 abhorrentibus,
2471 2472 2678 2512 verum
2709 2455 2891 2512 etiam
2919 2454 3101 2512 libelli
3143 2458 3471 2522 auctorem,
3511 2453 3620 2526 qui

1960 2547 2350 2620 blasphemiis
2381 2546 2702 2618 impiisque
2731 2543 3208 2601 absurditatibus
3259 2547 3466 2608 scatet,
3495 2542 3620 2598 vix-

1961 2653 2080 2711 que
2109 2637 2358 2692 demum
2387 2635 2858 2708 resipiscentem,
2891 2639 2948 2690 et
2989 2633 3068 2689 ad
3102 2633 3387 2706 pietatem
3417 2632 3622 2688 ortho-

1962 2726 2330 2798 doxiamque
2351 2724 2703 2781 redeuntem
2725 2723 2754 2778 ?
2790 2724 2933 2789 Quae
2954 2737 3096 2778 cum
3125 2721 3206 2777 ita
3236 2736 3300 2776 se
3330 2719 3616 2792 habeant,

1963 2830 2077 2888 ego
2107 2831 2348 2888 quoque
2375 2830 2411 2870 a
2437 2811 2774 2870 sacerdotio
2798 2812 2962 2868 hunc
2992 2809 3239 2882 repello.

2040 2996 2193 3063 Ergo
2251 2992 2330 3049 ad
2380 2990 2738 3046 scrutinium
2783 2987 3225 3058 convenientes,
3287 2987 3394 3058 qui
3440 2985 3624 3042 modo

251 3084 358 3136 κατ’
427 3083 588 3134 αὐτὸν
640 3081 812 3154 ψῆγον
878 3079 1174 3153 ἐκθέμενοι,
1233 3079 1623 3152 ἀποφαινόμεθα
1676 3086 1857 3132 τοῦτον

1974 3083 2324 3139 sententiam
2349 3085 2557 3136 contra
2575 3079 2745 3134 illum
2765 3077 3054 3145 diximus,
3080 3075 3461 3131 declaramus
3484 3089 3626 3130 eum

252 3175 542 3246 ἱερωσύνης
585 3173 764 3233 πάσης
828 3169 1055 3239 ἀνάξιον,
1091 3169 1148 3222 ού
1181 3165 1276 3221 διὰ
1306 3171 1372 3221 τὰ
1426 3173 1648 3242 σήμερον
1706 3173 1858 3241 μόνον

249 3263 373 3334 παρ’
431 3262 591 3314 αὐτοῦ
650 3260 936 3319 λαληθέντα
989 3260 1120 3331 μετά
1171 3256 1367 3320 πολλῆς
1413 3264 1506 3318 τῆς
1553 3255 1856 3326 ἐνστάσεως,

249 3350 356 3403 ἀλλ’
395 3352 472 3404 ὅτι
543 3369 637 3422 περ
689 3348 742 3412 ἐξ
789 3351 908 3401 ὅτου
949 3351 1008 3400 τὸ
1051 3347 1364 3420 βλάσφημον
1407 3354 1558 3398 τούτο
1617 3343 1858 3421 διεθρύλ-

245 3439 381 3498 λήθη
457 3436 668 3511 δόγμα,
730 3442 822 3490 καὶ
881 3437 1029 3509 λόγος
1095 3435 1292 3500 ἐξέθετο
1366 3444 1462 3497 τῆς
1517 3443 1858 3507 καινοφανούς

246 3533 452 3590 ταύτης
513 3530 758 3602 αἱρέσεως
809 3531 1098 3600 συνήγορος
1130 3543 1143 3557 ⁸
1178 3530 1270 3579 και
1325 3526 1384 3579 ού
1433 3529 1584 3598 μόνον
1623 3526 1855 3599 προστά-

245 3639 343 3679 της
399 3617 673 3691 ἐγγράφως
727 3621 816 3668 καὶ
862 3621 1138 3691 πρόμαχος
1175 3623 1267 3676 τῆς
1319 3616 1582 3676 τοιαύτης
1623 3611 1858 3675 ἀσεϐείας

250 3705 523 3761 ἐδείκνυτο
551 3751 567 3778 ,
611 3705 740 3758 ἀλλὰ
803 3711 892 3758 καὶ
945 3704 1187 3778 ἀγράφως
1252 3705 1553 3764 πλειστάκις
1615 3699 1856 3774 διαλεγό-

249 3816 404 3870 μενος
438 3799 568 3870 πρός
634 3814 687 3848 τε
737 3793 922 3856 ἄλλους
981 3793 1202 3856 πολλοὺς
1265 3798 1354 3845 καὶ
1392 3812 1538 3855 τινας
1589 3792 1646 3854 ἐξ
1688 3794 1855 3863 ἡμῶν,

250 3887 418 3947 οὑτως
464 3880 760 3957 ἀναφανδόν
802 3883 986 3958 ἐκύρου
1042 3887 1134 3940 τὴν
1183 3885 1427 3939 τοιαύτην
1467 3879 1728 3949 ἀσέϐειαν,
1768 3885 1860 3932 καὶ

247 3980 346 4038 τὰς
371 3983 473 4028 τῶν
499 3982 829 4050 Χριστιανῶν
867 3973 1053 4044 ψυχὰς
1082 3967 1445 4032 ἄσκανδάλιζε.
1474 3974 1575 4023 Καὶ
1613 3972 1738 4042 ἡμῖν
1768 3972 1859 4040 μὲν

251 4065 386 4118 οὓτω
415 4068 512 4122 τὴν
555 4069 779 4136 σήμερον
831 4069 936 4121 τοῖς
973 4061 1181 4114 πλείοσι
1233 4067 1325 4112 τοῦ
1355 4058 1608 4130 συλλόγου
1639 4060 1704 4110 τὰ
1742 4058 1859 4110 κατ’

260 4155 424 4206 αὑτοῦ
467 4153 830 4224 ἀποπέφανται
857 4193 870 4216 ,
927 4148 975 4201 ἓν
1094 4154 1184 4201 καὶ
1213 4151 1242 4206 ἡ
1271 4157 1370 4200 τῶν
1402 4147 1449 4200 ἐν
1479 4151 1678 4219 Νικαίᾳ
1709 4166 1862 4199 συνα-

256 4244 596 4316 θροισθέντων
665 4241 810 4292 θειων
867 4242 1105 4309 Πατάρων
1173 4239 1426 4310 ὁμήγυρις
1492 4235 1574 4289 ἐπὶ
1639 4243 1700 4308 τῇ
1769 4243 1861 4288 τοῦ

253 4335 634 4406 ματαιόφρονος
701 4329 904 4403 Ἀρείου
966 4328 1288 4399 καθαιρέσει,
1332 4333 1394 4397 τῇ
1461 4324 1743 4397 Ἐκκλησία
1808 4321 1860 4378 εὖ

253 4430 482 4476 ποιοῦσα
556 4415 886 4493 συνέδραμε·
920 4423 1032 4471 τισὶ
1095 4414 1154 4470 δὲ
1217 4416 1271 4479 ἐξ
1331 4417 1500 4488 ἡμῶν,
1563 4415 1722 4485 ἣγουν
1787 4423 1860 4484 τῷ

248 4511 576 4588 Ἡρακλείας,
607 4516 681 4562 τῶ
733 4508 983 4575 Κυζίκου,
1017 4515 1088 4578 τῷ
1148 4503 1324 4572 Σίδης,
1355 4513 1428 4576 τῷ
1453 4504 1856 4574 Θεσσαλονίκης,

251 4611 320 4673 τῷ
353 4604 694 4672 Καισαρείας,
726 4608 802 4669 τῷ
831 4598 1113 4664 Φιλίππων,
1155 4602 1245 4649 καὶ
1297 4604 1370 4666 τῷ
1409 4591 1739 4654 Λαοδικείας,
1766 4595 1860 4647 ούκ

252 4691 549 4743 ἀπεντεῡθεν
578 4683 991 4760 γνωμοδοτῆσαι
1019 4690 1138 4760 περὶ
1175 4687 1361 4738 τούτου
1395 4681 1504 4735 δεῖν
1534 4679 1706 4746 ἔδοξεν
1735 4682 1863 4734 ἀλλά

254 4787 545 4848 σιωπῆσαι,
576 4781 668 4831 καὶ
707 4784 840 4829 οὑτω
859 4778 918 4828 τό
947 4771 1103 4837 δόξαν
1144 4771 1534 4844 ἀποφήνασθαι.

319 4979 463 5032 Μηνὶ
501 4975 678 5045 Maria),
743 4971 805 5044 ιγ’
870 4972 1077 5044 ἡμέρᾳ,
1219 4963 1545 5034 ἰνδικτιῶνι,
1591 4966 1863 5037 προκαθη-

255 5069 404 5136 μνου
456 5071 550 5116 τοῦ
606 5065 916 5114 θεοστέπτου
959 5057 1215 5132 βασιλέως
1278 5059 1424 5130 ἡμῶν
1465 5060 1557 5109 καὶ
1605 5054 1862 5128 αὐτοκράο

255 5173 398 5227 τορός
463 5154 614 5224 ἡμῶν
674 5148 922 5207 Μανουηλ
948 5155 1042 5200 τού
1091 5153 1360 5219 Κομνηνοῦ
1405 5145 1453 5197 ἐν
1509 5153 1580 5215 τῷ
1629 5143 1862 5213 παλατιῳ

253 5250 350 5293 τῶν
417 5239 722 5314 Βλαχερνῶν
752 5281 767 5306 ,
827 5240 1227 5312 παρισταμένων
1291 5243 1353 5308 τῇ
1424 5233 1554 5305 ἁγίᾳ
1618 5230 1866 5305 βασιλείᾳ

508 5331 714 5382 πάντων
800 5335 900 5378 τῶν
985 5324 1452 5398 ἀναγεγραμμένων
1490 5367 1504 5390 ,
1575 5320 1693 5372 ἄνευ
1772 5326 1866 5371 τοῦ

791 5421 882 5468 τοῦ
968 5412 1192 5487 μεγάλου
1291 5408 1647 5484 δρουγγαρίου
1674 5450 1687 5476 ,

256 5331 416 5384 αὐτοῦ

256 5422 676 5494 πρωτονοταρίου
699 5461 715 5487 ,

254 5513 685 5582 πρωτασεκρῆτις
707 5547 721 5573 ,
753 5507 840 5556 καὶ
893 5509 986 5555 τοῦ
1040 5500 1396 5574 νομοφύλακας
1419 5542 1432 5567 ,
1489 5493 1864 5572 συνεδριαςόν-

257 5616 356 5648 των
396 5596 538 5666 αὐτῷ
597 5593 714 5646 ἄνευ
778 5597 869 5646 τοῦ
899 5591 1220 5663 ’Δντιοχείας
1281 5591 1426 5661 ἡμῶν
1487 5594 1584 5640 τῶν
1615 5589 1704 5638 καὶ
1727 5580 1866 5636 διαι-

1773 5414 1863 5468 τρῡ

1891 4463 1934 4516 D

1967 3171 2134 3228 omni
2157 3170 2488 3227 sacerdotio
2510 3167 2977 3240 indignum,non
3003 3163 3083 3220 ob
3102 3179 3173 3219 ea
3197 3161 3624 3218 tantummodo

1966 3279 2104 3338 quae
2131 3263 2182 3318 is
2210 3260 2390 3316 hodie
2413 3258 2598 3314 multa
2623 3272 2762 3312 cum
2781 3252 3114 3328 pertinacia
3133 3251 3368 3307 locutus
3394 3250 3624 3316 est,sed

1967 3353 2114 3428 quia
2142 3351 2220 3406 ab
2250 3350 2380 3422 ipso
2408 3347 2838 3419 blasphemum
2866 3344 2982 3400 hoc
3011 3339 3625 3412 dogmadivulgatum

1967 3446 2141 3514 est,et
2169 3439 2404 3497 libellus
2443 3437 2619 3493 etiam
2666 3433 3034 3508 perscriptus
3081 3447 3252 3487 novae
3290 3431 3475 3500 hujus
3505 3430 3626 3486 hae-

1965 3547 2167 3590 reseos
2189 3533 2468 3586 assertor.
2499 3530 2696 3598 Neque
2737 3522 2937 3580 solum
2967 3521 3425 3592 antesignamus
3443 3523 3624 3590 atque

1967 3622 2250 3680 defensor
2279 3619 2503 3690 scripto
2555 3631 2664 3672 suo
2711 3614 2964 3685 hujusce
3008 3610 3333 3684 impietatis
3382 3607 3621 3677 exstitit,

1965 3726 2176 3767 verum
2195 3709 2372 3765 etiam
2397 3706 2629 3778 absque
2648 3703 2868 3775 scripto
2886 3715 3046 3772 saepe
3067 3698 3418 3772 colloquens
3435 3695 3624 3752 modo

1967 3817 2108 3856 cum
2135 3798 2266 3856 aliis
2295 3795 2521 3863 multis,
2552 3791 2738 3848 modo
2767 3790 2950 3846 etiam
2982 3805 3122 3845 cum
3151 3791 3428 3844 nostrum
3475 3799 3623 3841 non-

1968 3888 2166 3952 nullis,
2199 3887 2282 3942 sic
2309 3882 2625 3940 manifeste
2672 3879 2928 3952 impium
2978 3878 3139 3934 hunc
3191 3891 3456 3932 errorem
3491 3888 3630 3930 san-

1969 3977 2179 4048 ciebat,
2205 3983 2263 4032 et
2294 3973 2763 4031 Christianorum
2779 3966 3104 4024 animabus
3143 3963 3434 4020 seandalo
3466 3967 3620 4019 erat.

1969 4072 2037 4126 Et
2063 4082 2174 4123 nos
2196 4080 2338 4134 ergo
2393 4059 2612 4134 synodi
2642 4058 2824 4128 hujus
2854 4071 2996 4128 pars
3024 4054 3220 4124 major
3245 4053 3302 4107 in
3334 4051 3496 4106 hunc
3525 4051 3630 4105 ho-

1968 4159 2193 4215 minem
2214 4155 2330 4210 hoc
2349 4152 2446 4207 die
2473 4146 2829 4204 sententiam
2859 4143 3138 4210 dicimus,
3163 4157 3284 4213 quo
3309 4139 3626 4196 collectum

1967 4261 2210 4321 quoque
2243 4242 2450 4299 Nicaeae
2489 4240 2836 4292 sanctorum
2874 4235 3114 4288 Patrum
3169 4228 3490 4286 concilium
3546 4225 3626 4283 ad

1968 4316 2178 4392 resani
2253 4329 2371 4385 Arii
2450 4325 2928 4387 damnationem,
3000 4318 3268 4374 similiter
3347 4316 3622 4372 Ecclesiae

1965 4420 2260 4480 laboranti
2283 4419 2476 4490 justas
2506 4411 2813 4486 suppetias
2848 4409 3287 4465 tulit.Attamen
3317 4405 3621 4461 nonnullis

1967 4517 2242 4570 nostrum
2268 4506 2552 4564 nimirum
2585 4499 2981 4565 Heracleensi,
3025 4495 3338 4568 Cyziceno,
3369 4492 3624 4562 Sidensi,

1967 4594 2500 4659 Thessalonicensi,
2559 4588 2924 4659 Caesariensi,
2973 4583 3359 4656 Philippensi,
3415 4581 3626 4638 Laodi-

1970 4703 2138 4752 ceno,
2170 4684 2335 4742 haud
2384 4682 2582 4736 visum
2610 4683 2700 4734 est
2746 4677 2806 4731 in
2858 4672 3140 4747 praesenti
3169 4670 3244 4725 de
3279 4670 3394 4725 hoc
3418 4668 3624 4724 decer-

1967 4793 2130 4843 nere,
2155 4775 2258 4831 sed
2309 4771 2508 4829 adhuc
2555 4761 3149 4829 considerandum,et
3203 4763 3332 4815 tum
3374 4757 3623 4812 demum

1972 4863 2328 4923 sententiam
2358 4857 2670 4916 ferendam
2683 4896 2696 4910 .

2039 4953 2255 5012 Mensis
2308 4949 2439 5007 Maii
2493 4946 2589 5001 die
2635 4943 2810 4999 tertia
2858 4939 3115 5007 decima,
3149 4935 3475 4992 indictione
3530 4951 3627 4991 se-

1971 5044 2192 5109 cunda,
2249 5037 2604 5113 praesidente
2661 5049 2698 5088 a
2749 5034 2869 5086 Deo
2925 5031 3213 5083 coronato
3265 5025 3628 5098 imperatore

1972 5137 2176 5191 nostro
2201 5135 2257 5186 et
2285 5128 2531 5184 domino
2585 5119 2852 5178 Manuele
2897 5119 3229 5184 Comneno,
3261 5115 3322 5170 in
3358 5114 3629 5170 Blacher-

1971 5237 2189 5280 narum
2204 5218 2450 5292 palatio,
2477 5209 2896 5269 assistentibus
2921 5210 3144 5262 sanctae
3167 5204 3468 5275 majestati
3497 5204 3546 5273 ej
3559 5220 3628 5258 us

1973 5310 2200 5370 cunctis
2246 5305 2549 5379 praedictis
2571 5346 2585 5370 ,
2634 5298 2897 5372 exceptis
2926 5293 3360 5368 protonotario,
3395 5307 3623 5362 magno

1972 5399 2298 5470 drungario
2330 5389 2803 5468 protoasecretis,
2831 5393 2888 5442 et
2926 5382 3401 5456 nomophylace;
3432 5379 3623 5436 consi-

1973 5469 2255 5547 dentibus
2281 5481 2458 5540 nobis
2486 5475 2858 5551 patriarcbis,
2884 5473 3117 5544 absque
3146 5469 3536 5532 Autiocheno,
3565 5471 3624 5522 et

1973 5578 2047 5635 de
2085 5577 2201 5633 hac
2241 5587 2305 5630 re
2343 5566 2757 5644 judicantibus
2789 5583 2803 5633 ;
2846 5560 3012 5617 socio
3037 5557 3246 5631 judicii
3267 5555 3456 5613 nostri
3482 5553 3620 5609 Bul-
