4152 6208
213 6 376 34 ν-.

251 262 344 316 197

1655 266 2002 327 THESAURI
2041 271 2176 331 LIB.
2221 270 2403 330 XXIV.

3515 281 3620 340 198

253 387 410 458 χθές*
481 383 756 460 ὀγεῦρντα
797 383 992 442 εἰδέναι
1049 391 1136 455 ὡς,
1195 389 1327 463 εἰμή
1383 395 1538 444 τοῦτο
1600 395 1872 462 ποιήσαις,

1994 396 2305 453 ποοθάειιθ
2361 397 2437 454 ad
2491 401 2766 472 paratam
2823 401 2942 457 Deo
3023 401 3260 460 favente
3303 401 3624 461 militarem

252 481 344 528 καὶ
447 484 554 531 σοῦ
647 483 720 551 μὴ
785 475 1178 553 ἔνδημήσαντος
1283 480 1746 552 ἀναγνωσθήσεται
1807 486 1865 537 τὸ

253 574 522 620 τοιοῦτονο
591 573 1017 644 κπεπειγὸμενος
1059 572 1160 646 γὰρ
1244 573 1271 624 6
1329 570 1700 647 θεοπρὸϐλητος
1775 577 1866 626 καὶ

245 658 546 730 κράτιστος
602 660 749 731 ἡμῶν
790 660 1127 736 αὐτοκράτωρ
1186 660 1401 724 ἐξελθεῖν
1463 660 1535 722 εἰς
1596 664 1691 721 τὴν
1745 679 1866 737 προ-

241 748 498 820 κειμένην
558 747 798 821 εὐτυχῶς
857 753 952 802 σὺν
1011 757 1124 821 Θεῷ
1195 748 1544 826 ίκστρατείαν,
1634 746 1728 804 διά
1779 754 1868 812 τάς

242 835 582 910 ἐπικειμένας
680 842 946 912 κοσμικὰς
1038 839 1327 911 ἀναγκαίας
1419 836 1700 916 φροντίδας
1773 840 1869 893 οὐκ

1974 484 2440 557 expeditionem,
2470 492 2738 560 {propter
2792 488 3085 548 instantes
3131 492 3624 566 necessariasque

1974 573 2208 646 imperii
2239 590 2437 643 curas,
2467 576 2636 633 haud
2654 577 2879 634 diutius
2902 578 3240 636 discessum
3278 597 3458 638 suum
3517 597 3624 655 po-

1971 665 2087 720 test
2163 664 2422 722 diti‘erre.
2474 669 2914 740 Proptereaque
2966 669 3093 725 heri
3165 670 3495 744 mandavit,
3553 675 3619 730 ut

1975 751 2174 808 cuncti
2201 752 2381 809 hodie
2407 755 2824 824 convenirent;
2856 760 2914 814 et
2946 771 3109 814 nunc
3139 761 3264 816 tota
3303 757 3399 815 die
3457 759 3626 817 sedet

1975 839 2038 896 in
2069 840 2218 898 solio
2240 846 2410 898 tuum
2439 843 2794 916 praestolans
2824 845 3174 904 adventum.

241 924 357 997 ἓχει
427 925 590 980 πλέον
637 925 863 1001 ἀναρτᾷν
927 932 1020 988 τὴν
1078 928 1355 993 ἆξίλενσινο
1427 935 1518 984 και
1585 926 1680 983 διὰ
1725 937 1880 984 τοῦτο
1943 931 2088 1002 χθές.
2137 951 2192 984 τε
2250 951 2408 1008 ωρισε
2484 933 2740 986 συνελθεῖν
2788 937 2982 998 πάντας
3037 939 3173 991 κατὰ
3227 941 3320 997 τὴν
3369 942 3619 1014 σήμερον,

241 1019 330 1067 καὶ
356 1021 454 1066 νῦν
497 1019 834 1092 προκάθηται
871 1021 1186 1092 πανημεριος
1215 1023 1310 1078 τὴν
1338 1023 1434 1079 σὴν
1473 1018 1732 1094 ἀναμένων
1763 1015 2068 1092 ἕπιδημίαν.

309 1120 371 1174 ὀ
447 1119 516 1177 δὲ
591 1127 721 1199 πρὸς
768 1132 936 1178 ταῦτα
991 1123 1368 1199 ἀντεφθέγξατο
1457 1130 1530 1202 μὴ
1607 1123 1870 1180 δύνασθαι

239 1216 631 1286 παρουσιοίσαι
681 1219 811 1287 μήτε
865 1221 1084 1289 τήμερον
1123 1221 1253 1288 μήτε
1293 1235 1472 1292 αυριον
1526 1213 1622 1270 διὰ
1674 1221 1733 1270 τὸ
1772 1237 1871 1271 πυ-

239 1306 474 1377 ρέττειν,
535 1305 604 1366 ὡς
666 1304 850 1376 ἓλεγενο
899 1303 982 1358 ἐπὶ
1036 1305 1216 1368 κλίνης
1295 1309 1398 1382 γὰρ
1471 1305 1714 1379 ἀνέκειτο,
1780 1312 1870 1360 καὶ

243 1391 464 1462 ἀγνοεῖν
533 1392 580 1445 εἰ
652 1391 870 1466 ἐπιτιθῇ
924 1394 1064 1465 αὐτῷ
1116 1398 1182 1448 τὰ
1253 1403 1348 1459 τῆς
1395 1399 1576 1450 νόσουο
1652 1398 1874 1470 προσθέ,

244 1499 398 1553 μενος
471 1480 578 1548 ὅτι,
659 1483 816 1554 Ἐμοῦ
891 1481 1130 1553 ἀπόντος,
1186 1483 1518 1559 ὃαὶροῦνται
1573 1485 1875 1544 ποιησάτω-

245 1589 363 1636 σαν,
405 1569 597 1644 Ἡμεῖς
635 1567 696 1624 δὲ
737 1575 828 1624 καὶ
867 1569 1018 1634 αὖθις
1091 1569 1470 1647 διελαλήσαμεν
1511 1577 1644 1650 πρὸς
1693 1574 1870 1661 αὑτὸν,

247 1663 312 1721 ὡς
343 1661 389 1714 εἰ
429 1666 512 1733 μή
558 1663 910 1735 παρουσιάσει
955 1664 1095 1738 ἄρτι,
1159 1663 1617 1736 ἀναγνωσθήσεται
1655 1665 1712 1717 τὸ
1753 1660 1872 1717 διαέ-

245 1750 442 1823 ληφθὶν
501 1755 752 1826 σήμερον,
801 1756 891 1804 καὶ
933 1758 1080 1806 πᾶσα
1111 1754 1244 1828 θύρα
1309 1750 1670 1826 δικαιολογίας
1705 1756 1874 1825 τούτῳ

2049 1127 2138 1185 Ad
2157 1130 2285 1186 huic
2304 1129 2619 1203 respondit
2645 1131 3006 1202 Soterichus,
3035 1133 3202 1190 haud
3233 1149 3294 1190 se
3323 1149 3503 1207 posse
3523 1135 3619 1192 vel

1977 1217 2157 1275 hodie
2191 1218 2280 1274 vel
2306 1235 2438 1276 cras
2469 1219 2702 1285 adesse,
2734 1225 2979 1294 propter
2997 1221 3212 1279 febrim
3241 1239 3364 1296 qua
3403 1240 3465 1280 se
3487 1239 3623 1281 cor-

1979 1311 2217 1380 reptum
2245 1307 2518 1377 dicebat;
2549 1325 2692 1366 nam
2724 1313 2780 1366 et
2803 1311 2864 1366 in
2893 1310 3044 1368 lecto
3076 1311 3338 1384 jacebat,
3371 1317 3430 1369 et
3460 1312 3627 1383 igna-

1979 1413 2114 1452 rum
2156 1414 2219 1453 se
2244 1414 2390 1453 num
2421 1399 2670 1455 morbus
2728 1403 3046 1473 augeretur
3101 1400 3324 1458 aiebat.
3386 1401 3630 1458 Addidit

1979 1491 2206 1550 tamen,
2238 1492 2303 1543 ut
2332 1503 2394 1544 se
2421 1504 2663 1562 quoque
2693 1489 2960 1560 absente,
2984 1491 3151 1563 quod
3173 1490 3458 1564 placitum
3474 1491 3627 1548 foret

1982 1577 2392 1636 decernerent.
2423 1579 2570 1634 Tum
2602 1595 2716 1635 nos
2737 1595 2948 1635 rursus
2982 1579 3096 1652 ipsi
3127 1580 3622 1650 signiﬁcavimus,

1982 1666 2150 1740 quod
2171 1667 2283 1723 nisi
2315 1667 2513 1723 statim
2539 1672 2934 1741 compareret,
2966 1669 3145 1725 hodie
3193 1668 3449 1740 legenda
3471 1672 3628 1726 esset

1983 1771 2076 1811 res
2119 1755 2426 1828 praedicta,
2480 1761 2659 1828 atque
2711 1757 2879 1812 omni
2963 1757 3248 1830 deinceps
3295 1757 3628 1815 defensioni

253 1838 758 1898 ἀποκλιισθήσεται.
817 1839 1142 1913 Ἀνεγνώσθη
1189 1845 1362 1895 τοίνυν
1419 1843 1546 1895 αὑτό
1585 1842 1670 1895 ἐπὶ
1717 1840 1870 1915 βασι-

1994 1819 2141 1902 fores
2169 1819 2627 1918 praecludendae.
2682 1849 2922 1903 Lectum
2975 1846 3084 1902 fuit
3116 1819 3294 1917 igitur
3337 1846 3630 1920 synodale

254 1927 399 1981 λικοῦ
447 1927 713 2002 βήματος·
770 1935 862 1983 καὶ
921 1929 1264 2004 ἠρωτήθημεν
1323 1933 1371 1984 οἱ
1424 1933 1874 2004 παρουσιάσαντες

260 2019 617 2093 πατριάρχαι,
669 2017 816 2090 κάγὼ
882 2021 908 2072 6
973 2019 1316 2094 Βουλγαρίας,
1356 2024 1446 2073 καὶ
1505 2023 1555 2072 οἱ
1612 2019 1873 2093 ἀρχιερεῖς

263 2108 432 2179 ἡμεῖς,
503 2107 548 2160 εἰ
611 2103 695 2160 δεῖ
757 2107 937 2160 λοιπὸν
987 2111 1082 2166 τήν
1141 2106 1430 2180 ἀνάγνωσιν
1484 2109 1724 2180 γενέσθαι
1780 2115 1871 2160 τοῦ

269 2195 554 2260 ἐκτεθέντος
581 2199 719 2250 κατὰ
755 2202 850 2256 τὴν
890 2199 1041 2269 χθὲς,
1082 2198 1152 2260 ὡς
1191 2193 1509 2264 δεδήλωται,
1570 2203 1874 2270 σημειώμα-

277 2304 378 2348 τος·
429 2291 518 2339 καὶ
588 2289 654 2346 ὡς
713 2281 886 2347 οὐδεὶς
931 2285 987 2350 ἔξ
1045 2288 1191 2358 ἡμῶν
1259 2285 1590 2360 ἀμφιϐάλλων
1646 2289 1778 2362 πρὸς
1814 2289 1872 2338 τὸ

288 2372 664 2446 ἀναγνωσθῆναι
746 2382 902 2428 τοῦτο
968 2373 1270 2448 ἕτὺγχανεν,
1329 2373 1625 2447 ἀνεγνώσθη
1706 2375 1860 2430 αὑτό.

294 2462 428 2516 Ἐπεὶ
489 2463 572 2516 οὖν
597 2473 942 2541 ωμπαρῆμεν
971 2470 1061 2517 καὶ
1127 2466 1177 2517 οἱ
1204 2465 1340 2516 κατά
1390 2467 1486 2523 τὴν
1523 2466 1650 2535 χθὲς
1702 2465 1872 2525 ζητή-

293 2571 464 2614 σαντες
496 2551 747 2626 ἀρχιερεῖς
805 2553 1105 2624 σκέψασθαι
1159 2557 1277 2626 περὶ
1314 2559 1406 2606 τοῦ
1446 2553 1489 2606 εἰ
1543 2550 1626 2606 δεῖ
1681 2551 1729 2606 ἂν
1763 2551 1874 2628 ἱερᾷ

283 2643 591 2694 καταστάσει
610 2659 666 2696 τε
703 2638 974 2714 εἶναι,εἱτε
1033 2647 1124 2695 καὶ
1186 2649 1258 2705 εῖς
1310 2641 1564 2718 ἀρχιερέα
1617 2640 1872 2715 προϐιϐα-

283 2731 463 2789 σθῆναι
510 2733 597 2782 τὸν
637 2728 935 2789 δηλωθέντα
972 2735 1312 2804 Παντεύγενον
1354 2733 1452 2784 εἴτε
1489 2735 1579 2783 καὶ
1637 2735 1732 2803 μὴ,
1771 2739 1871 2782 τῶν

280 2817 435 2871 ἄλλων
485 2819 724 2874 ἁπάντων
765 2820 1008 2874 εἰπόντων
1048 2820 1256 2884 ἀνάξιον
1309 2820 1465 2873 αὑτὸν
1505 2822 1680 2881 πάσης
1740 2822 1874 2895 ἱερα-

278 2917 424 2971 τικῆς
517 2911 888 2971 καταστάσεως
945 2907 1096 2979 εἶναι,
1173 2913 1378 2982 εἴπομεν
1452 2913 1542 2962 καὶ
1617 2911 1784 2982 ἡμεῖς,
1847 2910 1874 2960 ὅ

273 2997 577 3073 Ἡρακλείας
606 2995 866 3069 δηλονότι,
899 3001 926 3052 ὁ
988 2999 1240 3070 Κυζίκου,
1283 3001 1308 3052 ὁ
1359 2995 1536 3066 Σίδης,
1581 2999 1606 3050 ὁ
1667 3006 1875 3051 Θεσσα-

274 3085 502 3155 λονίκης,
543 3089 570 3141 ὁ
607 3092 1032 3164 Νεοκαισαρείας,
1073 3089 1098 3140 ὁ
1138 3087 1420 3159 Φιλίππων,
1456 3087 1482 3139 ὁ
1535 3084 1873 3156 Λαοδικείας,

275 3178 339 3229 τὰ
397 3176 560 3245 αὑτὰ,
613 3181 703 3231 καὶ
767 3182 887 3253 περὶ
940 3180 1127 3231 τούτου
1187 3184 1384 3252 φρονεῖν
1422 3181 1512 3230 καὶ
1562 3175 1725 3248 λέγειν
1770 3183 1878 3237 τοῖς
1909 3175 1949 3230 C

269 3265 473 3329 λοιποῖς
534 3266 944 3340 συλλειτουργοῖς
999 3269 1165 3340 ἡμῶν,
1225 3272 1315 3320 καὶ
1370 3263 1536 3340 μηδὲν
1593 3268 1732 3338 ἔχειν
1784 3264 1879 3337 ἀμ-

276 3355 513 3428 γίϐολον,

339 3445 404 3497 '0
461 3449 697 3507 ταπεινὸς
725 3449 956 3519 μοναχὸς
1003 3452 1207 3508 Λουκᾶς
1256 3451 1346 3498 καὶ
1394 3444 1512 3517 ἐλέῳ
1552 3451 1685 3497 Θεοῦ
1723 3441 1881 3520 ἀρχι-

273 3540 563 3599 επίσκοπος
614 3540 728 3598 νίας
771 3535 976 3609 Ῥώμης
1039 3543 1145 3597 τοῖς
1229 3534 1278 3587 ἓν
1334 3543 1406 3606 τῷ
1449 3537 1670 3608 παρόντι
1736 3537 1880 3606 τόμῳ

272 3631 659 3700 γεγραμμένοις
697 3625 781 3679 ἐπὶ
826 3634 920 3680 τοῦ
979 3629 1079 3699 πρὸ
1147 3628 1292 3699 ἡμῶν
1340 3625 1744 3698 μακαριωτάτου
1783 3641 1882 3675 πα-

275 3717 546 3790 τριάρχου
583 3722 745 3791 κυροῦ
796 3720 1191 3769 Κωνσταντίνου
1247 3719 1545 3788 στοιχήσας
1583 3718 1683 3786 ,καὶ
1725 3711 1882 3774 αὐτὸς

273 3808 369 3858 καὶ
397 3806 584 3878 ὁρίσας
621 3803 920 3878 ὑπέγραψα.

348 3909 411 3964 ’0
439 3915 680 3974 ταπεινὸς
717 3916 946 3984 μοναχὸς
994 3911 1232 3973 Ἰωάννης
1285 3914 1375 3963 καὶ
1431 3909 1551 3981 ἐλέῳ
1583 3913 1716 3961 Θεοῦ
1773 3927 1877 3960 πα·-

280 4002 551 4073 τριάρχης
598 4008 691 4063 τῆς
729 4004 923 4074 μητρὸς
970 4008 1150 4053 πασῶν
1215 4007 1315 4052 τῶν
1373 3997 1694 4055 Ἐκκλησιῶν
1732 3996 1884 4068 άγίας

281 4093 413 4142 Σιὼν
441 4087 633 4150 πόλεως
660 4087 1000 4164 Ἰερουσαλὴμ
1027 4091 1213 4166 ὁρίσας
1241 4086 1540 4160 ὑπέγραψα.

351 4197 412 4250 ’0
443 4201 678 4258 ταπεινός
723 4201 955 4270 μοναχὸς
1003 4198 1242 4260 Ἰωάννης
1299 4199 1388 4248 καὶ
1452 4191 1569 4265 ἐλέῳ
1624 4199 1756 4246 Θεοῦ
1798 4190 1886 4267 ἀρ-

285 4291 644 4360 χιεπίσκοπος
671 4293 884 4362 πρώτης
924 4287 1295 4341 Ἰουστινιανοῦ
1360 4288 1450 4336 καὶ
1497 4285 1672 4345 πάσης
1734 4281 1888 4334 Βουλ-

285 4381 474 4452 γαρίας
505 4377 532 4427 ὁ
563 4379 829 4449 Κομνηνός
848 4375 1032 4452 ὁρίσας
1061 4367 1367 4448 ὑπέγμαψα.

354 4465 415 4519 Εἰ
488 4469 579 4518 καὶ
634 4467 765 4537 μετὰ
844 4467 930 4518 τὸν
986 4469 1384 4538 μακαριώτατον
1461 4459 1886 4536 ἀρχιεπίσκοπον

287 4553 606 4629 Βουλγαρίας
672 4553 953 4629 ὑπέγραψα
1001 4551 1096 4606 διὰ
1133 4557 1190 4606 τὸ
1251 4554 1384 4605 θεῖον
1451 4555 1542 4603 καὶ
1607 4547 1887 4621 ἀναγκαιζον

287 4653 380 4705 τῆς
434 4641 902 4717 ἐκκλησιαστικῇς,
957 4645 1268 4710 ὑποθέσεως,
1323 4639 1429 4692 ἀλλ’
1483 4636 1571 4692 οὖν
1627 4633 1777 4692 οὐδὲν
1835 4636 1888 4689 ἐκ

287 4737 475 4787 τούτου
528 4741 601 4805 τῷ
654 4735 815 4809 θρόνῳ
889 4741 980 4795 τῆς
1037 4738 1236 4808 Σὸπρου
1293 4735 1569 4804 γενήσεται
1624 4732 1893 4802 πρόκριμα

290 4823 343 4876 ἐκ
383 4832 482 4885 τῆς
535 4821 662 4895 ἐμῆς
721 4823 1050 4897 ὑπογραφῆς,
1116 4825 1204 4874 τὸν
1263 4821 1367 4872 ἄνω
1415 4823 1593 4884 τόπον,
1674 4817 1742 4879 ὡς
1792 4820 1891 4888 εγὼ

287 4912 440 4984 λέγω,
514 4910 570 4963 ἐκ
624 4907 884 4986 διαφόρων
915 4907 1134 4964 δικαίων
1165 4912 1361 4982 ἔχοντα
1405 4901 1491 4960 διὸ
1533 4913 1764 4977 στοιχῶν
1801 4924 1892 4956 και

293 5001 446 5062 αὑτός
465 5008 572 5061 τοῖς
601 4999 652 5052 ἓν
703 5009 775 5073 τῷ
805 5005 948 5073 τὸμῳ
985 5001 1267 5074 ὁρισθεῖσι,
1325 4995 1563 5070 φυλάττω
1613 4999 1702 5046 καὶ
1733 4991 1891 5066 ἐμαυ-

291 5099 362 5162 τῷ
420 5095 481 5142 τὸ
538 5096 635 5142 τοῦ
705 5092 887 5164 θρόνου
925 5085 1152 5142 δίκαιον.
1195 5085 1534 5158 Ἀσπάζομαι
1597 5077 1655 5137 δὲ
1693 5085 1782 5134 καὶ
1828 5084 1894 5134 τὰ

300 5179 648 5252 ιεγραμμένα,
687 5183 777 5230 καὶ
834 5181 1053 5239 ταύταις
1106 5183 1218 5238 ταῖς
1264 5177 1478 5237 ἐννοίαις
1526 5177 1615 5225 καὶ
1679 5175 1892 5223 πίστεσι

297 5268 674 5320 συναποθανεῖν
728 5271 976 5340 εὔχομαι·
1051 5266 1110 5319 Ὀ
1183 5267 1419 5340 μοναχὸς
1475 5261 1751 5334 ἐλάχιστος
1803 5262 1893 5311 καὶ

292 5353 411 5428 ἰλέῳ
442 5362 580 5410 Θεοῦ
607 5354 1029 5431 ἀρχιεπίσκοπος
1051 5358 1264 5429 Κύπρου
1295 5354 1502 5411 Ἰωάννη
1514 5373 1554 5415 ς.

359 5444 422 5496 Ὀ
473 5444 682 5508 εὐτελὴς
725 5444 1145 5520 ἀρχιεπίσκοπος
1206 5451 1298 5506 τῆς
1355 5439 1714 5517 μητροπόλεως
1763 5443 1891 5492 Και-

301 5539 518 5610 σαρείας
609 5529 995 5598 Καππαδοκίας
1060 5542 1306 5608 Στεφανος
1351 5533 1538 5607 ὁρίσας
1594 5526 1892 5604 ὑπέγραψα.

1982 1935 2288 1992 decretum
2311 1949 2516 1991 coram
2532 1933 2717 2004 regali
2747 1934 2964 1991 throno
2993 1950 3278 2007 ;moxque
3297 1935 3521 1992 fuimus
3537 1937 3623 1992 in-

1981 2025 2265 2095 terrogati
2286 2039 2398 2080 nos
2421 2023 2775 2096 patriarchas
2797 2023 2879 2080 ibi
2905 2027 3249 2097 prmsentes,
3279 2027 3335 2081 et
3364 2040 3476 2096 ego
3498 2025 3626 2082 Bul-

1983 2113 2501 2187 garus,caeterique
2514 2125 2626 2170 nos
2643 2112 2930 2187 episcopi,
2949 2129 3096 2169 num
3119 2127 3332 2185 reapse
3347 2111 3627 2171 facienda

1981 2203 2155 2260 lectio
2206 2203 2650 2272 hesternOrum,
2697 2201 2783 2258 uti
2860 2200 3090 2258 dictum
3146 2205 3252 2274 est,
3329 2205 3621 2258 actorum.

1980 2295 2306 2366 Postquam
2329 2306 2468 2348 vero
2501 2306 2682 2348 nemo
2711 2306 2785 2346 ex
2813 2289 2988 2348 nobis
3018 2287 3346 2363 quominus
3377 2303 3449 2347 ea
3475 2289 3627 2362 lege-

1980 2386 2187 2440 rentur
2217 2381 2571 2454 ambiguum
2602 2397 2666 2438 se
2711 2380 3166 2449 demonstravit,
3188 2377 3342 2436 lecta
3361 2379 3625 2438 fuerunt.

1983 2474 2128 2528 Cum
2160 2475 2363 2528 autem
2404 2467 2759 2527 adessemus
2803 2469 2983 2526 etiam
3050 2484 3162 2524 nos
3209 2467 3307 2524 alii
3339 2469 3625 2542 episcopi,

1981 2562 2086 2635 qui
2103 2560 2302 2616 adhuc
2315 2558 2774 2615 deliberandum
2787 2557 2916 2613 heri
2928 2555 3352 2625 censebamus,
3375 2573 3522 2614 num
3535 2556 3629 2614 vel

1980 2651 2041 2706 in
2061 2648 2464 2706 ecclesiastico
2491 2651 2647 2704 statu
2675 2643 3022 2703 retinendus
3042 2649 3202 2702 esset
3224 2645 3318 2701 vel
3349 2645 3529 2702 etiam
3552 2645 3628 2702 ad

1981 2739 2452 2814 patriarchatum
2483 2735 2936 2810 promovendus
2951 2734 3273 2809 praedictus
3305 2735 3633 2806 Panteuge-

1982 2845 2117 2901 nus,
2151 2844 2373 2896 necne;
2424 2825 2650 2884 caateris
2698 2823 2984 2882 omnibus
3024 2824 3190 2881 omni
3225 2822 3632 2881 ecclesiastico

1983 2923 2140 2976 statu
2171 2918 2490 2988 indignum
2522 2914 2986 2980 afﬁrmantibus,
3019 2929 3132 2970 nos
3161 2927 3426 2986 quoque,
3457 2914 3630 2970 Hera-

1985 3009 2232 3066 cleensis
2265 3008 2502 3072 scilicet,
2534 3006 2876 3078 Cyzicenus,
2931 3003 3214 3072 Sidensis,
3257 3001 3633 3058 Thessaloni-

1987 3099 2208 3158 censis.
2236 3095 2749 3164 Neocmsariensis,
2789 3091 3201 3166 Philippensis,
3237 3089 3624 3163 Laodicenus,

1989 3187 2247 3263 pedibus
2299 3185 2359 3242 in
2401 3184 2759 3241 sententiam
2817 3182 3056 3247 ivimus,
3094 3195 3292 3253 neque
3333 3177 3548 3236 eadem
3574 3184 3632 3236 et

1992 3279 2208 3334 sentire
2231 3283 2287 3332 et
2306 3275 2472 3347 loqui
2509 3289 2648 3328 cum
2667 3270 2911 3344 reliquis
2933 3267 3466 3326 consacerdotibus
3496 3283 3632 3325 nos-

1989 3367 2091 3423 tris
2121 3365 2356 3437 absque
2384 3361 2504 3418 ulla
2531 3360 2904 3417 dubitatione
2929 3357 3253 3415 edidimus.

2060 3455 2312 3512 Humilis
2368 3452 2704 3510 monachus
2735 3452 2942 3516 Lucas,
2985 3449 3086 3506 Dei
3125 3447 3504 3504 miseratione
3545 3462 3633 3504 ar-

1989 3545 2412 3618 chiepiscopus
2433 3556 2605 3598 novae
2636 3541 2859 3610 Romae,
2894 3536 3040 3594 actis
3070 3537 3131 3592 in
3158 3535 3435 3608 praesenti
3465 3539 3632 3592 tomo

1991 3636 2226 3709 scriptis
2257 3635 2372 3690 sub
2399 3645 2761 3705 princessore
2799 3632 3004 3685 nostro
3052 3625 3400 3683 beatissimo
3449 3624 3632 3698 patri-

1991 3727 2176 3784 archa
2205 3723 2454 3782 domino
2482 3718 2876 3778 Constantino
2925 3713 3305 3774 consentiens
3336 3729 3448 3788 ego
3487 3729 3638 3788 quo-

1989 3834 2108 3892 que
2139 3819 2194 3874 et
2219 3813 2510 3872 deﬁniens
2535 3809 2880 3883 subscripsi.

2061 3903 2352 3962 Humililis
2381 3900 2718 3958 monachus
2759 3899 3044 3962 Joannes,
3099 3893 3199 3952 Dei
3253 3891 3637 3950 miseratione

1991 3993 2336 4068 patriarcha
2378 3991 2589 4048 matris
2644 3987 2916 4046 omnium
2960 3982 3359 4040 Ecclesiarum
3413 3985 3635 4038 sanctas

1995 4087 2136 4144 Sion
2158 4081 2326 4140 urbis
2345 4079 2699 4146 Jerusalem,
2730 4073 3024 4131 deﬁniens
3047 4068 3394 4141 subscripsi.

2064 4173 2313 4232 Humilis
2347 4169 2684 4227 monachus
2713 4168 2972 4222 Joannes
2999 4165 3367 4224 Comnenus,
3399 4155 3500 4214 Dei
3532 4157 3639 4213 ini-

1995 4264 2289 4322 seratione
2357 4255 2850 4330 archiepiscopus
2897 4251 3106 4326 prima;
3183 4246 3532 4304 Justiniante
3583 4249 3640 4302 et

1995 4355 2175 4412 totius
2200 4350 2508 4422 Bulgaria},
2542 4345 2836 4422 deﬁniens
2877 4338 3250 4422 subscripsi;
3298 4409 3312 4422 Ἰ
3432 4408 3444 4420 .

2066 4409 2424 4496 Quanquam
2449 4409 2559 4492 ego
2585 4422 2722 4492 post
2760 4409 3176 4472 beatissimum
3210 4409 3500 4480 Bulgaria
3551 4422 3642 4464 ar-

1920 4525 1962 4584 ι)
1996 4516 2447 4589 chiepiscopum
2478 4507 2826 4580 subscripsi,
2857 4507 3103 4562 coactus
3139 4515 3316 4556 sacra
3335 4497 3639 4589 ecclesias

1999 4607 2096 4663 tici
2124 4586 2463 4673 argumenti
2491 4596 2865 4661 necessitate,
2898 4591 3131 4648 nullum
3177 4589 3316 4645 hinc
3357 4586 3484 4643 sedi
3525 4587 3636 4658 Cy-

1998 4695 2142 4769 prias
2172 4693 2274 4749 ﬁet
2318 4687 2735 4764 praejudicium
2762 4701 2776 4750 ;
2814 4683 3041 4756 quippe
3091 4678 3193 4751 qui
3216 4765 3229 4769 _
3253 4675 3522 4769 aﬂirmo_
3544 4689 3642 4729 me

2000 4764 2220 4842 inultos
2249 4781 2328 4838 ob
2358 4778 2557 4836 titulos
2579 4773 2951 4847 superiorem
2989 4776 3186 4826 tenere
3215 4765 3436 4822 locum.
3487 4764 3642 4828 Qua-

1999 4874 2273 4932 mobrem
2294 4875 2348 4926 et
2375 4870 2502 4941 ipse
2529 4862 2911 4922 consentiens
2939 4855 3198 4914 deﬁnitis
3222 4854 3282 4910 in
3319 4858 3505 4920 tomo,
3555 4853 3640 4908 at-

2000 4971 2201 5023 tamen
2226 4963 2327 5033 jus
2356 4958 2514 5015 scdis
2560 4969 2710 5011 meas
2757 4949 2904 5007 mihi
2953 4945 3216 5003 vindico.
3268 4941 3640 5033 Caeteroquin

2001 5031 2242 5128 scripta
2255 5049 2601 5122 amplector,
2637 5048 2818 5115 atque
2847 5039 2908 5096 in
2943 5039 3056 5094 hac
3087 5034 3379 5128 sententia
3402 5031 3644 5128 ﬁdeque

2000 5121 2155 5203 mori
2201 5121 2713 5214 optoiMonachus
2735 5129 3112 5194 minimus,et
3127 5124 3229 5182 Dei
3261 5121 3643 5180 miseratione

2001 5231 2494 5305 archiepiscopus
2518 5221 2694 5297 Cypri
2721 5221 3005 5278 Joannes.

2072 5414 2210 5472 Vilis
2241 5406 2729 5481 archiepiscopus
2752 5402 3033 5458 Caesareae
3063 5391 3464 5466 metrOpoleos
3490 5388 3642 5460 Cap-

2001 5503 2273 5580 padocia;
2305 5497 2644 5570 Stephanus
2675 5489 2970 5548 deﬁniens
2993 5481 3340 5555 subscripsi.
