4152 6208
506 282 603 336 199

570 404 709 460 Vilis
755 401 1136 475 metropolita
1194 397 1483 456 Heracleae
1558 400 1760 454 Petrus

500 493 848 566 subscripsi.

574 584 709 637 Vilis
740 580 1119 654 metropolita
1162 585 1411 652 Ancyrae
1463 576 1799 650 Stephanus
1851 575 2146 633 deﬁniens

498 673 847 745 subscripsi.

569 764 713 818 Vilis
740 760 1117 833 metropolita
1158 759 1350 832 Cyzici
1387 762 1649 816 Joannes
1677 758 1973 815 deﬁniens
2005 756 2144 812 sub-

499 852 725 924 scripsi.

568 943 705 997 Vilis
738 940 1115 1012 metropolita
1141 938 1499 997 Nicomedia
1518 937 2003 1010 Theophylactus
2028 937 2145 1001 _de-

496 1034 710 1087 finiens
727 1030 1029 1101 suscripsi.

569 1121 934 1193 Metropolim
975 1120 1183 1176 Nicaeae
1218 1121 1351 1186 Leo,
1387 1133 1746 1190 quanquam
1793 1117 1933 1173 huic
1990 1133 2144 1189 quae-

497 1212 674 1267 stioni
730 1209 1086 1266 ventilandae
1131 1225 1250 1264 non
1285 1207 1543 1276 interfui,
1590 1207 1664 1262 de
1720 1222 1844 1279 qua
1886 1206 1947 1261 in
1996 1223 2145 1280 prae.

496 1300 647 1354 senti
670 1297 1102 1354 commentario
1117 1297 1329 1365 agitur,
1349 1295 1739 1351 nihilominus
1760 1295 2144 1351 consentiens

495 1387 777 1460 praesenti
804 1386 1021 1443 actioni
1048 1390 1104 1441 et
1132 1386 1260 1459 ipse
1293 1383 1643 1456 subscripsi.

568 1477 702 1530 Vilis
761 1473 1141 1547 metropolita
1198 1472 1605 1539 Chalcedonis,
1668 1472 1774 1528 etsi
1837 1471 2143 1544 indignus,

498 1565 917 1621 Constantinus
968 1563 1348 1619 consentiens
1408 1566 1464 1618 et
1533 1561 1664 1634 ipse
1723 1562 1947 1635 pariter
2005 1561 2145 1619 sub-

498 1656 727 1726 scripsi.

567 1745 704 1799 Vilis
732 1743 1107 1816 metropolita
1136 1742 1286 1799 Sidae
1310 1744 1570 1797 Joannes
1603 1742 1729 1813 ipse
1758 1756 2002 1814 quoque
2047 1742 2147 1797 de-
2182 1754 2221 1807 Β

495 1836 712 1890 finiens
744 1834 1095 1906 subscripsi.

566 1924 704 1977 Vilis
732 1923 1219 1993 archiepiscopus
1268 1920 1665 1992 metropoleos
1708 1920 2144 1977 Thessalonica:

498 2011 693 2078 Caius,
732 2011 812 2066 ita
845 2027 1080 2082 semper
1111 2026 1218 2082 per
1248 2009 1348 2065 Dei
1391 2011 1647 2078 gratiam
1698 2010 1857 2064 sensi
1910 2014 1968 2066 et
2013 2025 2146 2065 sen-

496 2101 597 2167 tio,
628 2100 806 2155 docui
837 2105 892 2156 et
921 2100 1150 2167 doceo;
1202 2104 1259 2154 et
1301 2100 1385 2153 sic
1442 2115 1631 2170 usque
1674 2098 1752 2154 ad
1810 2099 1941 2155 vitae
1996 2114 2145 2155 meae

496 2189 854 2245 miseranda:
896 2188 1216 2245 terminum
1247 2188 1463 2243 sentire
1491 2194 1549 2243 et
1578 2187 1793 2243 docere
1816 2187 2141 2260 spondens,

494 2279 574 2333 uti
610 2279 667 2332 in
701 2277 979 2349 praesenti
1013 2283 1176 2333 tomo
1217 2276 1577 2343 continetur,
1619 2281 1861 2331 secutus
1907 2280 2142 2331 caetero-

494 2382 628 2420 rum
663 2364 1006 2437 exemplum
1028 2365 1157 2436 ipse
1182 2380 1427 2436 quoque
1471 2364 1764 2419 definiens
1789 2363 2141 2434 subscripsi.

569 2455 705 2509 Vilis
736 2453 1117 2527 metropolita
1147 2452 1608 2524 Claudiopoleos
1652 2454 1967 2523 Gregorius
1999 2452 2144 2507 deﬁ-

494 2545 665 2599 niens
700 2543 1047 2615 subscripsi.

566 2633 818 2688 Humilis
880 2633 1201 2705 episcopus
1280 2630 1677 2687 sanctissimae
1738 2630 2144 2703 melropoleos

494 2726 895 2777 Neocaesareae
916 2721 1212 2776 definiens
1246 2720 1596 2791 subscripsi.

565 2811 703 2865 Vilis
786 2809 1168 2882 metropolita
1235 2809 1540 2865 Laodicea:
1601 2808 1774 2864 Calus
1847 2808 2143 2864 deﬁniens

495 2899 847 2972 subscripsi.

565 2989 711 3043 Vilis
752 2987 1240 3059 archiepiscopus
1270 2985 1673 3060 metropoleos
1706 2986 1968 3043 Corinthi
1999 2986 2144 3042 deﬁ-

492 3080 663 3134 niens
693 3077 1042 3150 subscripsi.

569 3169 704 3223 Vilis
734 3167 1055 3239 episcopus
1104 3164 1507 3237 metropoleos
1560 3165 1931 3221 Athenarum
1973 3167 2148 3221 Geor-

496 3259 625 3328 gius
650 3257 941 3313 deﬁniens
964 3255 1318 3327 subscripsi.

568 3347 702 3401 \‘ilis
727 3345 1104 3417 metropolita
1142 3343 1493 3400 Amastridis
1522 3346 1784 3400 Joannes
1844 3345 2143 3402 deﬁniens

496 3436 846 3507 subscripsi.

566 3526 703 3578 Vilis
780 3524 1160 3594 metropolita
1222 3524 1595 3577 Mocesorum
1672 3523 1783 3576 Leo
1850 3522 2144 3578 deﬁniens

495 3613 842 3683 subscripsi.

567 3702 703 3754 Vilis
746 3699 1125 3772 metropolita
1189 3701 1497 3754 Patrarum
1547 3698 1990 3764 Constantinus,
2038 3700 2145 3755 etsi

492 3791 673 3859 hujus
719 3788 1069 3862 quaestionis
1127 3788 1389 3843 examini
1448 3801 1837 3858 nequaquam
1866 3787 2143 3857 ,interfui,

495 3886 693 3935 tamen
726 3877 1107 3935 consentiens
1141 3876 1422 3948 praesenti
1474 3875 1694 3931 actioni
1739 3880 1795 3930 et
1841 3876 1972 3948 ipse
2004 3877 2143 3933 sub-

493 3969 725 4041 scripsi.

564 4060 699 4113 Vilis
733 4056 1111 4130 metropolita
1153 4053 1396 4110 Larissae
1443 4054 1729 4123 Georgius
1758 4058 1817 4110 ct
1840 4055 1965 4126 ipse
1993 4054 2142 4110 deﬁ-

492 4150 659 4203 niens
688 4146 1033 4220 subscripsi.

565 4238 707 4290 Vilis
737 4238 1054 4306 episcopus
1086 4235 1511 4307 Nicopolitanm
1547 4238 1769 4288 sanctae
1812 4233 1911 4288 Dei
1954 4234 2143 4289 Eccle-

493 4327 591 4381 sia?
619 4324 873 4379 Basilius
895 4329 951 4379 et
977 4326 1101 4394 ipse
1133 4324 1486 4393 subscripsi.

562 4414 911 4504 Theodorus
935 4414 1067 4504 vilis
1116 4412 1495 4484 metropolita
1549 4412 1956 4485 Philipporum
1999 4413 2139 4469 deﬁ-
2176 4452 2216 4504 υ

488 4506 659 4559 nicns
686 4502 1033 4572 subscripsi.

561 4591 844 4661 Georgius
898 4590 1030 4645 vilis
1075 4586 1451 4660 metropolita
1494 4589 1789 4659 {Apamem
1843 4588 2139 4644 deﬁniens

490 4679 846 4753 subscripsi.

559 4771 693 4825 Vilis
749 4766 1132 4839 metropolita
1176 4765 1447 4839 Corcyrae
1522 4765 1947 4827 Constantinus
1995 4767 2135 4822 defi-

487 4861 658 4916 niens
684 4857 1035 4930 subscripsi.

559 4949 695 5002 Vilis
736 4946 1117 5019 metropolita
1171 4946 1528 5017 Methymna“,
1587 4944 1830 5001 Michael
1886 4960 2135 5004 consen-

485 5036 635 5091 tiens
656 5036 1067 5108 deﬁniensque
1107 5034 1454 5107 subscripsi.

554 5128 817 5181 Joannes
841 5124 972 5178 vilis
995 5123 1375 5195 metropolita
1416 5123 1766 5178 Paronaxize
1798 5129 1853 5180 et
1879 5124 2007 5197 ipse
2034 5125 2131 5181 de-

484 5215 697 5269 ﬁniens
720 5212 1072 5283 subscripsi.

557 5303 832 5359 Nicolaus
861 5302 991 5357 vilis
1012 5300 1388 5374 metropolita
1411 5300 1639 5357 Attaliae
1662 5301 1955 5359 deﬁniens
1985 5304 2127 5359 sub-

485 5394 721 5464 scripsi.

554 5483 691 5538 Vilis
754 5479 1125 5552 metropolita
1188 5480 1653 5553 Acardiopoleos
1703 5483 2127 5539 Constantinus

484 5573 775 5629 definiens
808 5568 1162 5642 subscripsi.

1854 272 2125 328 ΝΙΟΕΤΛΕ
2167 269 2539 330 ΟΗΟΝΙΑΤᾸΞ

1851 395 2145 453 deﬁniens
2179 398 2225 451 Α

3750 280 3858 334 200

2324 396 2383 447 '0
2414 396 2620 460 εὐτελὴς
2655 399 3041 472 μητροπολίτης
3070 399 3371 472 Ἡρακλείας
3433 405 3626 476 Πέτρος
3669 403 3855 473 ὁρίσας

2256 487 2494 560 ὑπέγραψ
2504 507 2555 544 α.

2324 577 2382 628 'O
2413 577 2617 639 εὐτελὴς
2644 578 3032 653 μητροπολίτης
3081 580 3336 653 Ἀγκύρας
3392 584 3636 654 Στέφανος
3673 582 3855 655 ὁρίσας

2256 666 2555 740 ὑπέγραψα.

2323 756 2381 808 '0
2421 756 2622 818 εὐτελὴς
2646 756 3035 834 μητροπολίτης
3067 758 3298 819 Κυζίκου
3350 758 3592 820 Ἰωάννης
3668 760 3853 833 ὁρίσας

2255 846 2557 920 ὑπέγραψα.

2325 934 2382 986 Ὀ
2422 935 2618 997 εὐτελὴς
2671 936 3054 1010 μητροπολίτης
3092 934 3447 1011 Νικομηδείας
3494 939 3854 1012 Θεοφύλακτος

2252 1024 2437 1097 ὁρίσας
2463 1024 2762 1099 ὑπέγραψα.

2322 1113 2381 1165 '0
2436 1112 2824 1186 μητροπολίτης
2880 1118 3105 1176 Νικαίας
3169 1119 3329 1184 Λέων,
3386 1115 3430 1168 εἰ
3472 1119 3561 1168 καὶ
3603 1122 3675 1189 μὴ
3726 1138 3857 1193 παρ-

2255 1212 2380 1276 ῆμεν
2422 1202 2505 1256 ἐπὶ
2536 1212 2597 1276 τῇ
2643 1204 2861 1265 ζητήσει
2918 1212 3007 1265 τῆς
3070 1208 3340 1277 παρούσης
3397 1208 3708 1273 ὑποθέσεως,
3772 1210 3853 1282 ἐφ’

2254 1294 2285 1365 ᾖ
2318 1299 2407 1346 καὶ
2447 1296 2505 1345 τὸ
2543 1297 2705 1367 παρόν
2748 1299 3042 1367 σημείωμος
3069 1298 3296 1366 γέγονεν,
3355 1295 3482 1348 ἀλλὰ
3534 1306 3756 1350 στοικῶν
3784 1307 3849 1373 τῇ

2254 1385 2496 1456 παρούσῃ
2537 1383 2721 1457 πράξει
2761 1384 3041 1456 ὑπέγραψα
3077 1389 3167 1436 καὶ
3197 1385 3371 1447 αὑτός.

2322 1472 2381 1525 '0
2431 1472 2631 1533 εὐτελὴς
2685 1473 3071 1547 μητροπολίτης
3110 1471 3465 1543 Χαλκηδόνος,
3520 1477 3563 1528 εἰ
3600 1481 3689 1529 καὶ
3734 1477 3856 1531 ἀνοί-

2255 1562 2382 1628 ξιος,
2462 1568 2847 1625 Κωνσταντῖνος
2924 1566 3225 1634 στοιχησας
3285 1569 3373 1616 καὶ
3444 1564 3601 1627 αὑτός
3667 1566 3856 1639 ὁμοίως

2255 1651 2553 1724 ὑπέγραψα.

2323 1741 2381 1793 'O
2432 1740 2636 1802 εὑτελης
2664 1740 3049 1815 μητροπολίτης
3093 1738 3254 1804 Σίδης
3293 1742 3528 1806 Ἰωάννης
3566 1749 3652 1797 καὶ
3698 1746 3854 1807 αὑτὸς

2256 1833 2435 1907 ὁρίσας
2473 1830 2774 1906 ὑπέγραψα.

2324 1921 2381 1973 '0
2411 1920 2616 1981 εὑτελὴς
2667 1919 3077 1994 ἀρχιεπίσκοπος
3143 1929 3237 1984 τῆς
3292 1923 3656 1997 μητροπόλεως
3724 1930 3856 1978 Θεσο

2258 2010 2533 2070 σαλονίκης
2581 2009 2764 2078 καλός,
2793 2010 2927 2061 οὑτω
2958 2018 3091 2063 Θεοῦ
3139 2014 3363 2083 χάραιτι
3393 2018 3656 2086 φρονήσας
3685 2034 3738 2067 τε
3763 2020 3852 2068 καὶ

2255 2108 2441 2174 φρονῶ,
2505 2096 2779 2151 διδάσκων
2822 2119 2874 2151 τε
2930 2104 3018 2151 καὶ
3063 2096 3305 2168 διδάξας,
3357 2107 3447 2154 καὶ
3494 2102 3627 2176 ἄχρι
3682 2104 3855 2165 τέλους

2254 2197 2350 2251 τῆς
2380 2188 2598 2249 ἐλεεινῆς
2650 2207 2749 2259 μου
2800 2189 2939 2251 ζωῆς
2986 2196 3184 2263 φρονεῖν
3221 2210 3273 2243 τε
3323 2196 3410 2243 καὶ
3463 2188 3742 2244 διδάσκειν
3763 2213 3856 2245 κα-

2254 2281 2600 2351 τατιθέμενος,
2677 2280 2742 2338 ὡς
2811 2276 2857 2329 ἐν
2949 2287 3018 2349 τῷ
3058 2282 3277 2353 παρόντι
3324 2286 3468 2354 τόμῳ
3528 2278 3853 2353 διείληπται,

2257 2367 2546 2427 ἀκολούθως
2595 2374 2705 2428 τοῖς
2748 2366 2920 2429 ἄλλοις
2986 2372 3075 2420 καὶ
3119 2367 3275 2431 αὑτὸς
3332 2369 3514 2441 ὁρίσας
3549 2371 3851 2446 ὑπέγραψα.

2325 2457 2382 2508 '0
2431 2456 2637 2518 εὐτελὴς
2701 2456 3088 2530 μητροπολίτης
3133 2454 3594 2521 Κλαυδιουπὸλεως
3652 2465 3850 2532 Γρηγό-

2256 2566 2364 2619 ριος
2395 2548 2579 2619 ὁρίσας
2603 2545 2904 2620 ὑπέγραψα,

2326 2637 2383 2689 '0
2440 2641 2682 2698 ταπεινὴς
2733 2635 3016 2698 ἐπίσκοπος
3070 2644 3161 2698 τῆς
3227 2635 3520 2708 ἁγιωτάτης
3592 2646 3860 2713 μητροπό-

2254 2726 2373 2786 λεως
2394 2730 2803 2801 Νεοκαισαρείας
2832 2726 3017 2800 ὁρίσας
3038 2725 3336 2801 ὑπέγραψα.

2326 2815 2385 2867 '0
2418 2816 2626 2878 εὐτελὴς
2662 2815 3046 2889 μητροπολίτης
3102 2812 3424 2879 Λαοδικείας
3474 2816 3635 2879 Κάλος
3669 2818 3858 2891 ὁρίσας

2255 2905 2555 2979 ὑπέγραψα.

2325 2995 2383 3047 '0
2448 2994 2648 3056 εὐτελὴς
2718 2994 3136 3069 ἀρχιεπίσκοπός
3212 3015 3267 3055 τς
3328 2997 3692 3070 μητροπόλεως
3761 3004 3856 3050 Κο-

2188 3106 2227 3160 C
2254 3086 2430 3159 ρίνθου
2472 3084 2653 3157 ὁρίσας
2684 3083 2986 3158 ὑπέγραψα.

2322 3172 2381 3225 '0
2407 3173 2602 3234 εὐτελὴς
2641 3176 2919 3234 ἐπίσκοπος
2937 3182 3031 3235 τῆς
3068 3174 3408 3247 μητροπὸλως
3435 3177 3662 3233 Ἀθηνῶν
3693 3183 3857 3250 Γεὼρο

2253 3282 2367 3337 γιρς
2397 3265 2580 3337 ὁρίσας
2619 3263 2922 3339 ὑπέγραψαν

2323 3351 2381 3403 '0
2447 3351 2649 3412 εὐτελὴς
2722 3350 3103 3426 μητροπολίτης
3177 3349 3534 3428 Ἀμαστριόος
3619 3354 3859 3417 Ἰωάννης

2256 3443 2440 3516 ὁρίσας
2465 3441 2767 3513 ὑπέγραψα.

2324 3529 2381 3581 Ὀ
2427 3528 2628 3591 εὐτελὴς
2688 3527 3070 3602 μητροπολίτης
3124 3536 3399 3587 Μωκησῶν
3457 3535 3599 3584 Λέων
3667 3534 3858 3604 ὁρίσας

2256 3618 2551 3693 ὑπέγραψα.

2324 3707 2382 3759 '0
2440 3706 2643 3769 εὑτελης
2698 3705 3087 3779 μητροπολίτης
3163 3714 3376 3776 Πατρῶν
3446 3715 3851 3777 Κωνσταντῖνος,

2256 3795 2299 3847 εἰ
2353 3800 2442 3847 καὶ
2484 3799 2552 3867 μη
2600 3802 2835 3866 παρῆμεν
2915 3794 2998 3846 ἐπὶ
3051 3803 3110 3866 τῇ
3161 3795 3381 3855 ζητήσει
3431 3804 3524 3856 τῆς
3574 3800 3850 3870 παρούσης

2254 3885 2569 3952 ὑποθέσεως,
2631 3882 2753 3941 ἀλλὴ
2825 3892 3056 3955 στοιχών
3125 3892 3187 3956 τῇ
3238 3882 3473 3956 παρούσῃ
3519 3883 3703 3956 πράξέι
3756 3892 3847 3939 καὶ

2255 3976 2404 4034 αὑτὸς
2435 3971 2736 4046 ὑπέγραψα.

2320 4062 2378 4113 Ὀ
2436 4061 2636 4122 εὐτελὴς
2675 4061 3057 4134 μητροπολίτης
3114 4067 3385 4136 Λαρίσσης
3428 4068 3684 4136 Γεὼργιος
3759 4071 3849 4118 καὶ

2254 4151 2409 4212 αὑτός
2440 4152 2622 4225 ὁρίσας
2653 4150 2933 4224 ὑπέγραψα
2945 4193 2956 4205 .

2320 4239 2377 4290 '0
2418 4240 2623 4301 εὐτελὴς
2672 4238 2950 4300 ἐπίσκοπος
2992 4247 3081 4300 τῆς
3114 4239 3161 4291 ἐν
3205 4240 3484 4294 Νικοπολει
3542 4246 3697 4312 αγίας
3754 4250 3847 4295 τοῦ

2253 4335 2384 4380 Θεοῦ
2417 4327 2694 4390 ἐκκλησίας
2723 4328 2986 4391 Βασίλειος
3015 4333 3100 4380 καὶ
3120 4333 3277 4391 αὑτός
3299 4330 3596 4402 ὑπέγραψα.

2322 4414 2591 4490 Θεόδωρος
2622 4419 2645 4469 ὁ
2674 4406 2874 4479 εῧτελὴς
2911 4419 3298 4492 μητροπολίτης
3340 4418 3610 4471 Φιλίππων
3662 4422 3850 4494 ὁρίσας

2249 4504 2529 4578 ὑπέγραψα

2320 4600 2575 4669 Γεωργιος
2621 4598 2645 4647 ὁ
2695 4595 2895 4656 εὑτελὴς
2921 4596 3307 4671 μητροπολίτης
3337 4598 3618 4670 Ἀπαμείας
3666 4599 3846 4670 ὁρίσας

2246 4684 2544 4758 ὑπέγραψα.

2313 4772 2370 4825 Ὀ
2394 4773 2597 4835 εὐτελὴς
2652 4775 3036 4847 μητροπολίτης
3102 4779 3362 4851 Κερκύρας
3397 4782 3719 4843 Κωνσταντῖ,
3754 4796 3836 4837 νος

2244 4863 2427 4936 ὁρίσας
2454 4864 2754 4938 ὑπέγραψα.

2310 4950 2367 5003 '0
2453 4952 2653 5015 εὐτελὴς
2744 4954 3132 5029 μητροπολίτης
3225 4956 3516 5028 Μηθύμνης
3614 4955 3843 5027 Μιχαὴλ

2244 5046 2434 5112 στοιχη
2448 5061 2538 5102 σας
2568 5048 2656 5094 καὶ
2686 5044 2869 5115 ὁρίσας
2901 5044 3197 5119 ὑπέγραψα.

2315 5130 2547 5191 Ἰωάννης
2586 5133 2611 5182 ὁ
2669 5131 2873 5194 εὐτελής
2922 5133 3312 5206 μητροπαλίτης
3375 5134 3702 5207 Παροναξίας
3753 5138 3840 5185 καὶ

2240 5218 2395 5281 αὑτός
2425 5220 2612 5293 ὁρίσας
2644 5220 2945 5293 ὑπέγραψα.

2306 5309 2830 5372 Νικόλαοςὸεὖτελὴς
2881 5312 3269 5386 μητροπολίτης
3312 5312 3613 5374 Ἀτταλείας
3651 5312 3839 5385 ὁρίσας

2238 5398 2535 5472 ὑπέγραψα.

2309 5485 2367 5537 Ὀ
2410 5486 2613 5549 εὐτελὴς
2662 5484 3146 5563 Ἀρκαὸιονπὸλεως
3209 5487 3595 5552 Κωνσταντῖνος
3642 5488 3830 5565 ὁρίσας

2236 5574 2534 5649 ὑπέγραψα,
