4152 6208
519 376 622 437 203

1845 351 2131 435 ’ΝιρΕτίΕ
2175 376 2538 436 CHONIATE

3781 375 3891 432 204-

520 504 770 572 Christo,
795 504 1069 560 videlicet
1083 508 1258 562 Pater
1282 518 1441 559 meus
1471 481 1669 572 major
1695 518 1788 559 me
1819 509 1901 559 est
1929 507 1969 555 ι.
1999 504 2158 562 Reci-

2270 511 2474 576 Χριστο
2528 509 2557 552 ῡ
2615 507 2752 566 τοῦ,
2803 499 2862 551 Ὀ
2913 506 3093 574 Πατήρ
3151 520 3249 572 μου
3324 500 3513 571 μείζων
3589 503 3690 572 μού
3747 499 3881 569 ἐστι,

515 599 676 674 tatur
703 599 906 652 autem
926 593 1224 666 quidquid
1253 597 1431 650 antea
1459 591 1688 648 dictum
1718 592 1828 649 fuit
1856 593 1934 650 ab
1957 594 2028 649 iis
2056 593 2161 665 qui

515 683 681 738 varie
701 683 1054 738 sententiam
1083 683 1248 738 illam
1286 682 1654 754 interpretati
1675 687 1816 738 sunt
1845 700 1858 736 :
1893 688 2070 753 atque
2100 681 2161 736 in

515 768 786 826 medium
815 769 1146 826 afferuntur
1171 775 1520 826 sanctorum
1572 771 1812 824 Patrum
1845 769 2162 825 auctorita-

515 860 638 911 tes:
671 861 800 912 tum
830 873 904 912 ea
923 874 1059 930 quae
1085 857 1302 914 deinde
1331 858 1568 913 decreta
1599 857 1874 924 fuerunt;
1905 874 2015 914 nec
2039 871 2164 916 non

513 944 614 1001 illa
641 963 775 1018 qua:
791 952 1144 1020 postveram
1163 947 1713 1022 interpretationem
1739 947 1977 1002 decreto
1999 962 2168 1001 cons-

511 1033 772 1104 titutam,
806 1035 1172 1093 acciderunt.
1202 1039 1505 1092 Postremo
1538 1035 1798 1105 potentis
1853 1034 2163 1105 sanctique

513 1123 670 1194 regis
700 1125 886 1180 nostri
934 1124 1128 1196 Porph
1133 1125 1447 1196 yrogeniti,
1475 1127 1880 1180 Romanorum
1911 1125 2166 1194 impera-

513 1211 682 1280 toris,
711 1212 942 1268 domini
986 1215 1270 1269 Manuehs
1303 1213 1614 1278 Comneni,
1646 1211 2166 1283 religiosissimum

515 1299 775 1358 edictum
809 1302 1072 1374 ponitur.

1101 1429 1310 1484 ACTlO
1351 1431 1582 1484 PRIMA.

581 1557 635 1628 ,1.
657 1553 846 1609 Tertio
859 1553 986 1625 jam
1018 1553 1371 1622 ctvicesimo
1393 1569 1555 1608 anno
1589 1551 1825 1624 imperii
1859 1554 2164 1623 sceptrum

511 1645 746 1696 tenente
790 1640 1054 1696 Manuale
1109 1641 1435 1708 Comneno,
1468 1656 1644 1712 quem
1693 1640 1753 1694 in
1793 1640 1924 1712 ipso
1982 1645 2163 1709 partu

2289 591 2528 649 Δηλοῡσα
2583 595 2672 642 xui
2709 591 2776 642 τά
2825 595 3070 664 πρότερον
3120 592 3208 661 μὲν
3260 589 3543 646 λαληθέντα
3594 592 3738 662 παρὰ
3784 597 3888 640 τῶν

2269 684 2327 732 τὸ
2411 687 2644 731 τοιοῦτον
2715 681 2873 753 ῥητὸν
2952 675 3211 752 διαφόρως
3289 679 3718 752 ἑρμηνευοντων,
3788 681 3886 740 τὰς

2271 770 2721 843 προκομισθείσας
2779 787 2833 820 τε
2909 773 3137 842 χρήσεις
3204 775 3303 819 τῶν
3375 768 3534 838 ἀγίων

2273 862 2360 909 xui
2417 860 2481 908 τὰ
2530 861 2658 928 μετά
2715 865 2863 908 τουτο
2922 858 3257 926 κυρωθέντα²
3322 855 3449 906 ἀλλά
3503 862 3592 908 καὶ
3631 859 3696 908 τὰ.
3749 860 3884 927 μετὰ.

3615 771 3877 842 Πατέρων,

2273 952 2366 1004 τὴν
2419 949 2648 1018 κύρωσιν
2703 955 2796 1006 τῆς
2847 944 3066 1004 ἀληθοῦς
3122 945 3394 1018 ἑρμηνείας
3437 947 3868 1016 συνενεκχθέντα.

2278 1040 2376 1088 Καὶ
2420 1034 2504 1085 ἐπὶ
2558 1037 2759 1094 τούτοις
2816 1039 2874 1085 τὸ
2931 1043 3023 1084 του
3077 1042 3327 1106 κραταιού
3387 1039 3477 1086 xui
3529 1034 3679 1104 ἀγίου
3733 1037 3879 1104 ἡμῶν

2278 1121 2536 1194 βασιλέως
2611 1127 3098 1196 Πορφυρογεννητου
3158 1128 3245 1175 καὶ
3325 1125 3702 1196 αὐτοκράτορος
3747 1121 3880 1174 Ῥω-

2275 1217 2463 1283 μαίων,
2517 1220 2678 1276 κυρού
2726 1211 2971 1269 Μανουηλ
3032 1219 3122 1262 τοῦ
3179 1218 3446 1283 Κομνηνού
3506 1210 3878 1263 εὐσεϐέστατον

2275 1297 2498 1352 ἶδικτον.

2904 1427 3140 1477 ΠΡΑΞΙΣ
3179 1424 3254 1479 Α’.

2347 1546 2410 1602 α’.
2444 1544 2587 1605 ’Ἡδη
2649 1550 2736 1598 τὸν
2790 1546 2873 1599 ἐπὶ
2932 1557 3002 1618 τῷ
3061 1549 3278 1619 εἰκοστῷ
3325 1556 3421 1611 τῆς
3468 1549 3878 1625 αὐτοκρατορίας

2275 1642 2452 1709 τρίτον
2501 1643 2692 1709 χρόνον
2761 1635 3003 1698 ἀνύοντος
3047 1638 3294 1695 Μανουηλ
3349 1646 3439 1689 τοῦ
3495 1638 3549 1690 ἐκ
3597 1646 3874 1710 Κομνηνῶν

509 1743 783 1801 purpura
813 1729 1064 1800 excepit,
1093 1729 1383 1801 sapientia
1413 1729 1492 1784 ad
1512 1727 1911 1784 vitalelumen
1937 1732 2160 1798 protra-

2273 1729 2340 1777 τά
2387 1735 2481 1786 τῆς
2539 1724 2814 1798 βασιλείας
2875 1733 3119 1801 σκῆπτρα
3173 1723 3442 1788 διέποντος
3474 1771 3487 1793 ,

507 1819 611 1886 xit,
644 1818 928 1874 fortitudo
969 1818 1134 1884 aluit,
1162 1817 1312 1873 ﬁdes
1362 1834 1520 1904 verte
1541 1813 1840 1887 religionis
1870 1817 1948 1871 ad
1975 1813 2160 1904 perfe—

2270 1817 2370 1886 μῗεν
2416 1817 2470 1868 ἐκ
2544 1823 2810 1889 μητρικών
2876 1811 3074 1868 ὠδίνων
3151 1816 3448 1890 παρέλαϐε,
3517 1823 3759 1891 φρόνησις
3814 1815 3877 1870 δὲ

509 1912 664 1964 ctam
692 1913 929 1964 aetatem
961 1907 1274 1980 perduxit;
1312 1901 1520 1978 quem'
1553 1911 1618 1962 ut
1653 1905 1951 1961 'Davidem
2006 1903 2160 1958 Deus

2270 1903 2582 1974 ἐμαιεύσατο
2616 1947 2628 1970 ,
2679 1907 2768 1955 καὶ
2824 1901 3014 1977 ἀνδρία
3085 1907 3474 1970 ἐτιθηνήσατο,
3529 1912 3618 1958 καὶ
3687 1913 3874 1969 πίστις

506 1996 852 2069 elegit,quia
872 2012 1044 2068 aeque
1060 1995 1618 2052 mansuetissimum
1640 2011 1767 2050 esse
1788 1994 2087 2064 cognovit,
2104 1998 2160 2048 et

2270 1991 2529 2052 εὐσεϐείας
2575 1989 2885 2065 ἠνδρῶσατο
2919 2014 2930 2025 ·
2959 1992 3011 2044 ὃν
3065 1997 3200 2044 κατά
3242 1997 3328 2045 τὸν
3379 1991 3545 2046 Δαϐίδ
3601 1999 3726 2054 Θεὸς
3781 1995 3869 2058 ἐξ·-

503 2084 584 2142 ad
594 2085 1199 2158 paternidiadematis
1211 2083 1604 2160 obtinendam
1613 2084 2021 2140 hereditatem
2034 2098 2158 2138 ma-

497 2175 734 2247 joribus
745 2181 893 2232 natu
909 2175 1194 2232 fratribus
1236 2174 1526 2240 antetulit,
1543 2179 1722 2246 atque
1744 2173 1822 2229 ab
1851 2171 2152 2229 orientali-

3543 1729 3595 1778 ὃν
3634 1732 3879 1802 πορφύρα

2263 2081 2501 2146 ἐλέξατο,
2560 2083 2628 2142 ὡς
2666 2082 2782 2132 κατ’
2835 2079 3022 2133 ἐκεῖνον
3081 2087 3370 2156 πραότατον
3420 2085 3556 2134 κατά
3597 2089 3690 2140 τὴν
3748 2084 3868 2136 ἐαυ-

2263 2177 2354 2220 τοῦ
2381 2165 2604 2242 καρδίαν
2655 2170 2958 2243 εὑράμενος,
3015 2174 3104 2220 xui
3141 2173 3270 2242 πρὸς
3320 2176 3412 2228 τὴν
3465 2180 3556 2222 τοῦ
3609 2180 3869 2244 πατρικοῦ

499 2263 618 2321 bus
640 2265 833 2337 plagis
861 2280 1054 2336 usque
1081 2263 1161 2320 ad
1189 2279 1479 2320 occasum
1499 2263 1698 2320 relatis
1735 2263 1809 2318 de
1840 2263 2011 2318 hoste
2033 2267 2152 2317 tro-

499 2354 647 2424 paeis
697 2353 1162 2418 condecoravit;
1208 2353 1342 2418 hoc,
1390 2353 1659 2424 inquam,
1695 2368 1856 2407 anno
1902 2353 2152 2424 quaestio

499 2457 608 2514 per
637 2441 962 2498 Ecclesiam
993 2447 1200 2497 coorta
1227 2447 1334 2507 est,
1361 2457 1497 2512 quae
1519 2440 1612 2496 vel
1640 2442 1724 2496 uti
1752 2442 1929 2510 ignea
1952 2441 2151 2497 favilla

499 2530 663 2586 tenui
677 2535 820 2586 nata
846 2529 1162 2602 principio,
1195 2529 1561 2599 augentibus
1584 2529 1724 2584 hinc
1749 2529 1889 2584 inde
1919 2536 2148 2585 contra-

497 2619 727 2675 riarum
756 2619 1018 2692 partium
1041 2618 1443 2689 spiritibus,in
1468 2617 1764 2674 excelsam
1792 2618 1982 2674 facem
2007 2634 2150 2674 eva-

501 2709 601 2778 sit;
634 2723 830 2781 neque
861 2707 1058 2763 solum
1101 2707 1474 2780 episcopales
1511 2706 1682 2762 sedes
1716 2707 2019 2780 corripuit,
2052 2724 2152 2763 ve-

501 2814 641 2854 rum
679 2797 862 2854 etiam
899 2798 1271 2854 monasticos
1309 2803 1497 2852 castus
1542 2796 1786 2864 invasit;
1819 2813 2015 2868 neque
2042 2797 2152 2852 hos

501 2886 944 2954 tantummodo,
969 2886 1076 2942 sed
1129 2887 1306 2943 etiam
1357 2883 1748 2956 magistratus
1799 2893 1855 2940 et
1901 2885 2148 2952 aulicos,

505 2982 784 3033 senatum
807 2975 986 3032 simul
1002 2981 1058 3032 et
1076 2992 1285 3032 omnes
1299 2976 1404 3048 qui
1430 2975 1594 3047 regio
1611 2975 1671 3030 in
1694 2975 1920 3048 palatio,
1950 2991 2154 3031 versa-

499 3065 744 3123 bantur.
773 3065 980 3122 Cuncti
999 3065 1274 3121 videlicet
1300 3065 1450 3120 mira
1481 3064 1809 3136 pertinacia
1829 3069 1886 3120 et
1923 3063 2154 3120 fervore

504 3154 930 3212 ardentissimo
969 3153 1048 3210 ad
1084 3153 1347 3210 veritatis
1384 3153 1775 3226 rapiebantur
1813 3154 2152 3224 vestigatio-

2265 2262 2479 2330 στέφους
2539 2253 2809 2328 διαδοχὴν
2869 2267 2966 2310 τῶν
3017 2256 3064 2309 ἐν
3113 2255 3453 2331 αὐταδέλφοις
3509 2266 3868 2331 πρωτογεννη-

2259 2365 2358 2397 των
2408 2351 2673 2418 προέκρινε
2726 2347 2824 2414 (1),
2876 2352 2965 2398 καὶ
3033 2346 3132 2398 ἀπὸ
3191 2346 3444 2399 ἀνατολῶν
3505 2348 3653 2405 ἡλίου
3704 2354 3873 2421 μέχρι

2262 2433 2480 2508 δυσμῶν
2530 2443 2638 2496 τοῖς
2683 2437 2797 2488 κατ’
2858 2436 3061 2509 ἐχθρῶν
3119 2443 3384 2509 τροπαίοις
3443 2439 3681 2510 ἐσέμνυνε
3714 2458 3727 2470 ·
3758 2445 3871 2491 τότε

2262 2523 2329 2583 δὴ
2401 2529 2517 2576 τότε
2575 2526 2786 2596 ζήτημά
2837 2545 2888 2576 τι
2934 2531 3059 2599 πρὸς
3107 2531 3269 2597 μέσην
3334 2527 3644 2584 Ἐκκλησίαν
3701 2527 3870 2580 ἐνέπε-

2263 2631 2386 2666 σεν·
2441 2617 2468 2666 ὅ
2520 2620 2632 2682 xui,
2690 2617 2826 2666 κατὰ
2877 2620 2996 2676 τοὺς
3055 2621 3145 2666 του
3200 2620 3362 2688 πυρὸς
3420 2619 3709 2690 σπινθῆρας
3767 2616 3871 2670 ἀπο

2263 2702 2507 2776 βραχέων
2539 2702 2834 2777 ἀρχάμενον
2883 2712 2992 2766 τοῖς
3037 2714 3131 2756 τῶν
3182 2705 3234 2766 ἒξ
3289 2704 3457 2778 ἐτέρας
3513 2711 3637 2773 πρός
3693 2706 3871 2779 ἑτέραν

2263 2790 2564 2843 ἀντιθέσεων
2631 2793 2958 2864 πνεύμασιν,
3030 2791 3111 2844 ἐπὶ
3175 2798 3375 2867 πυρσόν
3439 2794 3704 2854 κατέληξεν
3784 2794 3868 2846 ἐν-

2263 2885 2470 2953 αέριον,
2521 2886 2609 2933 xui
2659 2882 2828 2933 οὐκέτι
2888 2887 3040 2953 μόνον
3118 2887 3231 2956 περὶ
3289 2887 3408 2944 τοὺς
3462 2883 3872 2957 ἀρχιερατικοὺς

2265 2971 2532 3042 σταθμοὺς
2583 2970 2948 3040 ὑπανήπτετο,
3000 2968 3106 3021 ἀλλ’
3164 2967 3268 3029 ἠδη
3333 2977 3421 3022 καὶ
3465 2975 3550 3022 τὸν
3593 2981 3690 3023 τῶν
3724 2974 3867 3044 ἱερω-

2265 3063 2424 3130 μένων
2477 3055 2761 3129 κατάλογον
2823 3055 3084 3130 ἐπενέμετο
3119 3077 3131 3090 ·
3188 3065 3276 3110 καὶ
3341 3060 3400 3111 οὐ
3454 3069 3634 3112 τουτον
3691 3067 3870 3132 μόνον,

2268 3145 2395 3196 ἀλλά
2451 3151 2540 3196 xui
2605 3145 2761 3206 ὅσους
2826 3155 2924 3198 τῶν
2997 3145 3200 3198 ἐντελῶν
3277 3147 3437 3219 αὐχεῖ
3483 3151 3549 3200 τὰ
3601 3148 3868 3220 βασίλεια,

2187 3202 2226 3256 C

500 3247 872 3318 nem.Neque
889 3244 1181 3301 hactenus
1201 3244 1598 3301 contentionis
1610 3243 1857 3299 ﬂamma
1876 3244 2152 3314 substitit,

2271 3233 2560 3304 σύγκλητόν
2615 3254 2668 3286 τε
2723 3233 2852 3306 ἅμα,
2939 3241 3028 3286 xui
3100 3240 3222 3296 τούς
3273 3236 3438 3298 άλλως
3516 3241 3581 3289 τὰ
3655 3238 3874 3312 λαμπρά

505 3333 616 3388 sed
628 3331 707 3390 ad
722 3335 1078 3407 popularem
1103 3350 1346 3407 quoque
1369 3333 1610 3390 turbam
1632 3333 1944 3406 plebisque
1965 3333 2156 3388 fecem

508 3419 1013 3478 devenit.lnitium
1035 3423 1387 3495 quaestionis
1410 3421 1522 3478 fuit
1549 3437 1622 3478 ex
1653 3421 1812 3478 dicto
1838 3422 1961 3477 veri
1987 3421 2159 3477 Deiet

509 3513 841 3569 Servatoris
870 3512 1062 3568 nostri
1096 3514 1234 3568 .lesu
1283 3512 1511 3579 Christi,
1541 3527 1724 3584 quem
1754 3511 1816 3565 in
1859 3510 2158 3566 Passionis
2271 3498 2330 3554 δέ

505 3606 681 3657 nocte
719 3599 1048 3673 discipulos
1100 3599 1507 3672 alloquentem
1537 3599 1702 3672 apud
1732 3599 2158 3670 evangelistam

2270 3591 2583 3663 πυρεύματι.
2618 3590 2692 3642 Οὐ
2723 3595 2886 3665 μέχρι
2937 3587 2995 3642 δὲ
3045 3597 3230 3644 τούτου
3263 3597 3327 3644 τὰ
3355 3602 3446 3654 τῆς
3502 3592 3688 3664 φλογός
3729 3613 3874 3665 περι-

505 3692 799 3746 Joannem
829 3689 1177 3758 theologum
1207 3689 1337 3744 haec
1389 3688 1583 3744 dicere
1609 3687 2017 3760 comperimus
2050 3705 2060 3742 :
2097 3687 2161 3743 Si

508 3779 840 3849 diligentis
875 3793 986 3844 me,
1017 3776 1358 3848 gauderem
1388 3779 1612 3848 utiqne,
1639 3776 1800 3848 quod
1829 3776 1962 3832 dixi
1999 3775 2159 3832 vobis

507 3884 601 3928 me
618 3871 707 3928 ire
725 3869 806 3926 ad
833 3869 1118 3932 Patrem;
1137 3868 1280 3938 quia
1301 3867 1478 3921 Pater
1497 3881 1658 3922 meus
1681 3867 1880 3936 major
1905 3881 1996 3921 me
2016 3872 2096 3921 est
2116 3867 2158 3920 ⁵.

506 3958 939 4030 Ambigebatur
967 3960 1187 4030 itaque,
1215 3971 1486 4028 quanam
1515 3955 1744 4011 ratione
1765 3971 1958 4028 quove
1981 3971 2163 4010 sensu

505 4049 705 4121 major
733 4048 961 4106 Christo
991 4052 1161 4118 pater
1190 4043 1612 4117 appellaretur.

503 4146 624 4199 ταῖς
653 4138 844 4210 ὁμιλῶν
870 4139 1015 4209 παρὰ
1034 4144 1106 4206 τῷ
1129 4133 1466 4206 εὐαγγελιστῇ
1501 4133 1710 4205 Ἰωάννῃ
1753 4137 1843 4185 καὶ
1886 4132 2107 4204 θεολόγῳ
2154 4129 2316 4197 λέγων
2342 4125 2640 4196 εὑρίσκεται
2673 4140 2685 4152 ⁸
2729 4124 2788 4177 Εἰ
2833 4125 3071 4194 ἠγαπᾶτέ
3113 4123 3430 4198 με,ἐχάρητε
3482 4125 3564 4192 ἄν,
3590 4124 3669 4176 ὂΐι
3710 4122 3872 4193 εἶπον,

507 4230 802 4300 Πορεύομαι
833 4229 964 4297 πρὸς
1000 4227 1086 4276 τόν
1130 4227 1337 4296 Πατέρα
1369 4239 1381 4251 ·
1411 4223 1492 4274 ὃτι
1522 4223 1547 4274 ὀ
1580 4227 1758 4296 Πατήρ
1785 4215 1909 4294 ⁷ριου
1963 4223 2153 4294 μείζων
2203 4235 2302 4289 μου
2348 4213 2482 4267 ἐστι.
2511 4219 2626 4272 Πῶς
2665 4208 2752 4264 οὖν
2783 4219 2872 4264 καὶ
2924 4217 3058 4265 κατά
3113 4233 3230 4267 τινα
3280 4221 3467 4288 τρόπον
3517 4219 3605 4266 καὶ
3644 4215 3755 4266 οἷαν
3785 4219 3874 4273 την

515 4311 757 4388 ίκὸοχην
796 4314 987 4387 μείζων
1019 4313 1179 4364 αὐτου
1209 4313 1234 4363 ὀ
1268 4316 1447 4384 [ἰατὴρ
1483 4311 1801 4383 ὠνόμασται,
1837 4308 2130 4386 διηπόρητο

580 4410 640 4462 2.
674 4403 784 4460 Alii
826 4402 1074 4476 quidem
1111 4399 1585 4473 pertinacissime
1640 4401 1823 4457 verba
1873 4401 2002 4456 haec
2031 4415 2166 4472 pro-

509 4495 792 4552 nuntiata
821 4491 1228 4560 afﬁrmabant,
1275 4495 1572 4562 quatenus
1610 4493 1778 4547 Pater
1827 4506 2013 4547 causa
2059 4488 2168 4544 fuit

515 4591 756 4643 aeternae
787 4588 845 4640 et
872 4582 1108 4654 absque
1141 4580 1436 4652 principio
1462 4585 1518 4636 et
1542 4579 1901 4636 venerandae
1927 4579 2054 4633 Filii
2083 4577 2165 4632 di-

512 4675 785 4732 vinitatis
810 4672 871 4729 in
900 4671 1100 4744 prima
1113 4669 1424 4726 nativitate
1447 4686 1460 4723 :
1485 4675 1542 4726 et
1563 4669 1827 4741 aliquem
1849 4685 1920 4723 ex
1943 4666 2166 4723 sanctis

512 4763 786 4823 Patribus
835 4777 945 4835 pro
992 4776 1056 4815 se
1106 4758 1505 4831 proferebant,
1538 4761 1644 4830 qui
1700 4759 1761 4814 id
1810 4757 2038 4812 dictum
2083 4755 2166 4808 sic

515 4854 710 4910 fuerat
737 4854 1157 4922 interpretatus
1181 4866 1194 4903 :
1221 4864 1418 4920 neque
1445 4847 1761 4903 ferendum
1795 4845 2044 4901 omnino
2070 4844 2165 4914 ju-

517 4942 821 5008 dicabant,
839 4939 1009 4996 sicuti
1033 4938 1260 5011 aliquot
1289 4937 1674 4995 ecclesiastici
1695 4939 1969 4992 doctores
2000 4931 2168 4988 intel-

515 5029 1112 5098 lexerant,Christum
1140 5044 1379 5100 nempe,
1417 5028 1598 5083 etiam
1645 5025 1725 5081 ob
1755 5040 1929 5079 suam
1955 5023 2168 5078 huma-

1169 5171 1192 5206 ³
1230 5168 1376 5224 ibid.

2267 3322 2664 3395 περιπο).οὐντας
2730 3323 3032 3396 ἀνάκτορα,
3083 3325 3126 3376 εἰ
3191 3331 3280 3377 καὶ
3345 3330 3418 3397 μὴ
3479 3329 3677 3388 πάντας
3731 3325 3871 3398 εἶχεν

2269 3411 2698 3486 ἐκτεφρουμένους
2792 3419 2880 3465 καὶ
2977 3413 3251 3486 λυομένους
3289 3457 3305 3484 ,
3408 3414 3874 3489 ἀνθρακιξομένους

2395 3521 2536 3562 τινας
2583 3501 2771 3573 μᾶλλον
2829 3511 2901 3573 τῷ
2955 3522 3044 3554 του
3095 3511 3190 3565 τῆς
3244 3502 3486 3565 ἀληθείας
3555 3508 3737 3578 ἔρωτος
3778 3504 3872 3576 ἐμ-

2274 3683 2496 3746 ίστατο,
2559 3678 2683 3730 ἀλλά
2721 3700 2779 3751 γε
2823 3685 2911 3732 καὶ
2965 3683 3050 3732 τὸν
3097 3679 3330 3752 ἀγελαῖον
3389 3681 3548 3754 ὄχλον
3601 3690 3689 3734 καὶ
3748 3686 3873 3754 σύρ-

2273 3789 2412 3840 φακα
2461 3777 2553 3830 τῆς
2621 3768 2805 3820 ἑαυτου
2885 3776 3138 3842 πυρκαιᾶς
3195 3769 3385 3822 ἐτίθετο
3459 3775 3740 3844 παρέργον.
3799 3775 3868 3822 Τό

2275 3854 2333 3909 δὲ
2367 3861 2573 3929 ζήτημα
2624 3864 2738 3931 περὶ
2797 3867 2892 3918 τῆς
2933 3878 3022 3910 του
3077 3857 3322 3915 ἀληθινοῦ
3382 3866 3513 3911 Θεοῦ
3567 3864 3656 3911 καὶ
3699 3865 3870 3916 Σωτῆ-

2275 3966 2359 4020 ρος
2407 3947 2552 4016 ἡμῶν
2591 3945 2771 4002 Ἰησού
2821 3954 3052 4020 Χριστοῦ
3104 3956 3272 4018 φωνῆς
3323 3945 3498 4019 ἀρχῆς
3555 3945 3610 3998 ἐκ
3656 3954 3872 4019 πρώτης

2266 4032 2620 4108 προύϐέϐλητο
2656 4055 2668 4066 ο
2721 4039 2782 4092 ἣν
2955 4055 3044 4086 του
3090 4039 3287 4096 πάθους
3341 4039 3488 4086 νυκτὶ
3536 4044 3641 4095 τοῖς
3702 4038 3871 4106 μαθη-

2348 4389 2421 4462 β¹⁶
2481 4393 2545 4443 Οἱ
2601 4394 2691 4462 μὲν
2747 4392 2833 4443 οὖν
2895 4390 3317 4444 ἐνστατικωτατα
3389 4396 3584 4450 ταύτην
3648 4394 3878 4466 ῥηθῆναι

2274 4484 2368 4537 τὴν
2437 4484 2604 4550 φωνὴν
2678 4478 3065 4551 ἐγνωμάτευον,
3117 4484 3247 4532 κατά
3323 4487 3483 4553 μόνην
3537 4482 3706 4534 αἰτίαν
3780 4489 3880 4543 τῆς

2275 4566 2505 4641 ἀχρόνου
2556 4572 2640 4619 καὶ
2689 4565 2868 4620 ἀίδίου
2921 4575 3009 4621 καὶ
3055 4568 3200 4630 ἀξίας
3258 4579 3349 4629 τῆς
3400 4570 3560 4622 αὐτοῦ
3617 4572 3874 4636 θεότητος,

2273 4661 2483 4727 πρώτης
2535 4662 2860 4727 γεννήσεως,
2919 4663 3008 4709 καὶ
3064 4655 3216 4710 τόνδε
3277 4661 3395 4710 τινὰ
3465 4667 3566 4710 τῶν
3622 4661 3878 4730 θεοφόρων

2275 4743 2435 4814 ἁγίων
2486 4745 2556 4804 εἰς
2614 4749 2769 4817 μέσον
2822 4755 3058 4820 παρῆγον
3109 4750 3240 4798 οὕτω
3311 4751 3506 4804 ταύτην
3569 4751 3660 4803 τὴν
3705 4751 3878 4818 φωνὴν

2275 4833 2609 4906 ἐκλαϐόμενον
2667 4852 2678 4863 ·
2740 4839 2828 4886 καὶ
2883 4836 2977 4886 οὐκ
3035 4834 3239 4887 ἀνεκτὸν
3297 4836 3418 4896 ὁλως
3497 4840 3689 4908 ἣγηντο
3723 4879 3735 4903 ,
3786 4841 3885 4888 καὶ

2275 4925 2408 4973 κατά
2453 4927 2511 4973 τό
2567 4921 2613 4974 ἐν
2653 4931 2868 4997 Χριστῷ
2924 4922 3239 4996 ἀνθρώπινον
3290 4925 3504 4996 μείζονα
3549 4923 3670 4996 παρ’
3716 4924 3887 4976 αὐτοῦ

2275 5014 2362 5062 τὸν
2425 5015 2632 5086 Πατέρα
2701 5014 2925 5087 ῥηθῆναι

2957 5057 2972 5082 ,
3019 5017 3088 5074 ὡς
3157 5013 3428 5087 ἀνθρώπου
3493 5013 3685 5065 τελείου
3735 5016 3890 5076 ὄντος

589 5173 612 5212 ³
651 5174 822 5229 Joan.
854 5186 972 5238 XIV,
1002 5173 1092 5226 28.

2347 5295 2660 5376 (2)__Hanc_
2687 5297 3085 5376 quastionem
3111 5297 3535 5376 _propositam_
3557 5296 3742 5376 fuisse
3799 5297 3894 5354 ab

2280 5366 2409 5438 ipso
2436 5366 2883 5442 Manut-bimo,
2908 5375 2990 5424 ait
3023 5366 3393 5442 Ephrmmius
3425 5387 3480 5423 v.
3501 5371 3671 5442 e763,
3697 5383 3900 5442 quem

2281 5442 2586 5494 auctorem
2616 5438 2831 5508 legesis
2861 5438 3206 5497 narrantem
3239 5442 3313 5497 de
3343 5440 3593 5496 concilio
3619 5438 3766 5495 hoci
3852 5455 3900 5495 0

2282 5507 2360 5564 ob
2383 5525 2516 5565 eam
2548 5526 2672 5565 rem
2704 5516 2932 5567 coacto.
2961 5513 3072 5568 Adi
3109 5519 3395 5568 praeterea
3421 5512 3686 5568 Nicetam
3735 5454 3900 5568 CK:-

2282 5507 2516 5588 obeam
2545 5507 2932 5588 rem’coacto.
2961 5513 3072 5570 Adi
3109 5519 3395 5584 praeterea
3421 5512 3686 5568 Nicetam
3735 5507 3904 5568 Cho-

2282 5583 2512 5638 niatam
2531 5583 2689 5638 Hist.
2723 5597 2816 5649 νυ,
2849 5587 2901 5639 5.

595 5317 670 5388 (1)
712 5313 1076 5388 Manuelem,
1095 5313 1247 5368 inter
1296 5308 1538 5388 Joannis
1583 5306 1629 5362 ll
1681 5308 1968 5388 Comneni
2009 5309 2160 5388 imp.

524 5381 681 5447 ﬁlios
728 5391 876 5442 natu
936 5386 1298 5447 minimum,
1355 5385 1597 5452 propter
1665 5381 1924 5450 majores
1979 5381 2172 5452 regias

526 5461 722 5525 dotes,
755 5458 1068 5530 praelatum
1116 5456 1305 5530 fuisse
1321 5523 1329 5530 _
1347 5457 1703 5530 testamento
1723 5452 1934 5530 patris
1961 5459 2040 5530 _ut
2054 5454 2172 5530 im.

574 5522 774 5589 crium.
797 5529 1246 5602 adipisceretur,
1273 5522 1414 5602 dicit
1443 5528 1656 5602 praeter
1683 5523 2175 5602 alio_s_historicos

574 5549 764 5589 crium
797 5549 1246 5602 aalplsceretur,
1273 5549 1414 5578 uwu
1446 5549 1656 5594 prcuwr
1683 5549 1838 5600 auus
1858 5549 2166 5590 nmmum):

525 5549 901 5677 Ephraemius
950 5615 1008 5675 γ.
1060 5599 1220 5653 4048.
1253 5593 1478 5651 collect.
1519 5598 1668 5667 vat.,
1688 5595 1748 5653 T.
1788 5596 1877 5650 Ill.
1922 5597 2074 5666 part.
2117 5597 2166 5652 Ι.
