4152 6208
283 353 392 410 205
1615 352 1962 410 THESAURI
2003 353 2130 408 LIB.
2170 352 2322 409 XXV.
3545 358 3649 414 206

284 480 428 550 μετὰ
475 484 567 538 τῆς
621 475 818 539 τελείας
875 479 1136 546 θεότητος,
1195 481 1368 541 καθώς
1413 497 1527 530 τισι
1577 487 1678 530 τῶν
1729 477 1890 549 ἁγίων

2012 477 2275 542 nitatem,
2311 473 2607 544 majorem
2646 471 3042 548 appellavisse
3090 481 3346 550 Patrem,
3378 481 3653 554 quando-

284 573 384 629 τᾶς
450 565 766 628 Ἑκκλησίας
833 563 1174 620 διδασκάλων
1239 566 1551 630 ἕξείληπται.
1624 573 1746 628 Τοῖς
1811 564 1889 633 δὲ,

287 661 382 708 καὶ
425 658 561 707 κατὰ
607 664 761 707 τοῦτο
811 652 880 714 δὴ
936 661 994 708 τό
1041 655 1362 730 ἀνθρώπινον
1409 656 1664 727 λεχθῆναι
1710 660 1791 712 τό.
1834 655 1893 707 Ὀ

295 750 482 817 Πατήρ
543 764 642 816 μου
708 748 900 817 μείζων
958 748 1057 818 μού
1106 745 1267 815 ἐστιν,
1337 741 1508 798 ἐδόκει
1566 744 1895 819 ἐφερμηνεύεο

285 836 426 886 ⁵σθιιιι
455 855 467 866 ·
511 832 618 884 ἀλλ’
663 837 746 886 ότε
793 838 884 905 μὲν
935 837 1070 886 κατὰ
1125 839 1183 886 τὸ
1237 838 1400 886 αἴτιον
1453 838 1604 905 μόνον
1654 833 1896 905 εἰρῆσθαι

291 925 491 978 ταύτην
549 921 853 993 ἐμάνθανον,
881 925 930 973 οὶ
987 919 1220 982 διδόντες
1273 926 1352 988 τό,
1402 927 1492 973 καί
1547 919 1680 973 κατὰ
1733 923 1789 972 τὸ
1846 919 1894 971 ἐν

293 1010 440 1080 αὐτῷ
480 1008 798 1078 ἀνθρώπινον
853 1009 1130 1081 λέγεσθαι,
1189 1009 1350 1062 πολλὰ
1401 1013 1534 1061 κατὰ
1595 1017 1695 1060 τῶν
1761 1009 1896 1060 οὕτω

295 1102 619 1172 φρονούντων
687 1106 912 1170 συνῆγον
979 1098 1198 1152 ἐντεῦθεν
1264 1101 1329 1152 τὰ
1393 1099 1564 1151 ἄτοπα
1593 1117 1604 1128 ·
1672 1103 1761 1151 καὶ
1823 1097 1897 1160 ἐξ·

293 1187 530 1259 ελέγχειν
571 1191 786 1247 τούτους
833 1186 1154 1262 ἐπεχείρουν,
1191 1191 1262 1249 ὡς
1309 1188 1439 1260 οὐχι
1486 1193 1576 1239 καὶ
1628 1189 1894 1260 ἄνθρωπον

289 1276 483 1329 τίλειον
539 1281 628 1327 τόν
682 1275 838 1328 αὐτόν
902 1281 1132 1350 Χριστόν
1200 1272 1617 1348 δογματίζοντας
1650 1293 1662 1306 °
1720 1278 1893 1349 ὥσπερ

293 1362 358 1417 δε
405 1370 497 1417 καὶ
537 1369 669 1436 πρός
716 1369 840 1436 μίαν
881 1363 1232 1437 ἀνακραθίντα
1275 1368 1452 1437 φύσιν,
1484 1369 1570 1416 καὶ
1621 1362 1715 1418 διὰ
1742 1373 1896 1418 τοῦτο

294 1461 410 1515 τοίς
467 1459 850 1526 μονοφυσίταις
910 1455 1016 1506 οἶον
1069 1459 1442 1526 συμπνέοντας.
1500 1454 1623 1506 Ὀτε
1685 1451 1743 1507 δὲ
1807 1458 1895 1506 καὶ

295 1547 434 1595 κατὰ
487 1547 548 1594 τό
615 1542 665 1594 ἐν
729 1546 899 1614 τούτῳ
962 1542 1280 1618 ἀνθρώπινον
1344 1543 1586 1615 λέγεσθαι
1649 1551 1759 1606 τοῖς
1823 1551 1896 1613 τῷ

296 1629 490 1702 τοιῷδε
555 1630 692 1703 λόγῳ
766 1634 1228 1704 προστιθεμένοις,
1297 1631 1478 1684 ἐκεῖνοι
1548 1631 1700 1685 πάλιν
1775 1651 1898 1684 κατ-

298 1725 515 1786 ήκουον,
561 1717 785 1794 διαιρεῖν
835 1721 1022 1782 αὐτοὺς
1063 1725 1150 1774 τὸν
1198 1723 1286 1774 ἕνα
1327 1725 1555 1794 Χριστόν
1594 1720 1894 1787 ἕπεϐοῶντο,

298 1816 389 1864 καὶ
454 1813 522 1862 τὰ
585 1814 878 1884 Νεστορίου
945 1817 1144 1882 φρονεῖν
1176 1854 1190 1878 ,
1257 1814 1345 1862 καὶ
1408 1811 1480 1872 εἰς
1546 1807 1642 1862 δύο
1702 1815 1899 1879 τίμνειν

297 1904 443 1960 υἱοὺς
481 1902 568 1952 τὸν
611 1900 700 1951 ἕνα
756 1904 847 1952 καὶ
904 1896 1222 1971 ἀδιαίρετον.
1275 1904 1376 1952 Καὶ
1425 1903 1682 1960 τοιούτοις
1731 1899 1900 1969 λόγοις

297 1995 390 2041 καὶ
437 1988 738 2042 ἀντιθέσεσι
798 1991 857 2039 τό
909 1995 1006 2048 τῆς
1056 1988 1218 2059 ἁγνῆς
1278 1988 1588 2050 Ἐκκλησίας
1636 1988 1686 2040 ἓν
1748 1997 1902 2060 σῶμα

301 2084 390 2130 καί
445 2076 820 2129 αδεὰσπαστον
877 2073 1013 2148 διχῆ
1071 2073 1329 2150 διαιρεθὲν
1386 2076 1653 2148 ἐσχίζετο,
1710 2084 1900 2152 μικροῦ

303 2164 362 2219 δε
407 2163 675 2223 διίστατο.
723 2172 808 2235 Τῷ
857 2162 918 2218 δὲ
971 2165 1335 2240 συναπίῤῥωγε
1386 2171 1476 2218 καὶ
1526 2168 1590 2218 τὰ
1638 2171 1756 2241 περὶ
1807 2171 1900 2224 τήν

309 2255 598 2327 σύγκλητον
661 2260 751 2306 καὶ
811 2258 898 2308 τὸν
963 2254 1122 2308 πολὺν
1182 2256 1348 2307 πάντα
1408 2251 1597 2327 δῆμον,
1654 2265 1752 2308 τῶν
1811 2259 1902 2328 μὲν

313 2348 543 2410 τούτοις,
595 2352 694 2395 τῶν
751 2340 798 2396 δ’
855 2343 1074 2405 ὶκείνοις
1130 2347 1576 2418 συμφρονούντων,
1630 2349 1720 2397 καὶ
1785 2365 1903 2397 συν-

321 2428 441 2502 ῳδὰ
511 2434 849 2504 φθεγγομένων
924 2437 1014 2486 καὶ
1081 2430 1506 2506 ἀντικρινομένων
1584 2441 1694 2496 τοῖς
1758 2434 1905 2506 ἔτερα

316 2520 560 2591 λέγουσιν
590 2535 604 2548 ⁶
671 2520 843 2591 ἀγυιαὶ
906 2530 1078 2574 ταῦτα
1144 2518 1288 2593 εἶχον
1357 2522 1448 2574 καί
1510 2521 1755 2594 λεωφόροι
1813 2529 1904 2575 καί

313 2613 568 2660 στενωποὶ
621 2614 708 2662 καί
772 2607 926 2678 οἶκοι,
993 2609 1418 2683 περιλαλούμενα.
1486 2610 1642 2663 Ἔστι
1711 2607 1770 2663 δε
1831 2614 1905 2672 οἷς

307 2703 398 2749 καί
450 2697 617 2759 ἄλλως
665 2703 722 2751 το
775 2700 934 2772 ῥητὸν
989 2698 1366 2772 ίφηρμήνευτο,
1405 2702 1475 2762 ὡς
1517 2709 1611 2753 τοῦ
1668 2707 1905 2774 Σωτῆρος

305 2787 411 2838 οἷον
487 2783 849 2860 ὑποδυομένου
924 2792 983 2840 τό
1047 2796 1144 2849 τῆς
1203 2797 1382 2849 κοινῆς
1463 2797 1562 2840 τῶν
1625 2787 1904 2864 ἀνθρώπων

305 2878 504 2947 φύσεως
540 2882 823 2951 πρόσωπον
853 2878 932 2947 (3)
955 2893 968 2905 ’
1020 2876 1149 2929 ἀλλὰ
1195 2875 1264 2936 δὴ
1302 2884 1392 2930 καὶ
1437 2881 1574 2930 κατὰ
1611 2885 1764 2951 μόνον
1817 2883 1905 2931 τόν

301 2972 393 3026 τῆς
458 2972 725 3025 κενώσεως
787 2971 978 3038 τρόπον
1045 2970 1211 3019 εἶτουν
1288 2965 1728 3038 συγκαταϐάσεως
1763 2984 1776 2996 ·
1847 2968 1905 3020 οὐ

303 3059 404 3125 μὴν
456 3051 518 3106 δε
564 3052 695 3106 ἀλλὰ
740 3060 834 3106 καὶ
880 3057 963 3106 ὅτε
1001 3057 1032 3112 ἠ
1082 3064 1173 3108 τοῦ
1219 3061 1414 3130 Κυρίου
1463 3057 1596 3130 σὰρξ
1638 3057 1754 3110 καθ’
1787 3057 1904 3110 ἑαυ-

2001 566 2248 637 quidem
2294 563 2558 620 Christus
2605 566 2904 636 perfectus
2935 569 3114 625 simul
3157 571 3346 627 homo
3377 573 3650 644 Deusque

2001 661 2108 710 est.
2129 655 2235 710 Alii
2261 659 2469 710 contra
2491 655 2824 710 secundum
2849 657 3181 716 humanam
3208 676 3451 733 quoque
3482 668 3652 718 natu-

2002 760 2132 798 ram
2153 741 2539 811 intelligenda
2555 743 2850 813 putabant
2864 747 3066 802 verba:
3079 748 3266 805 Pater
3277 763 3439 804 meus
3453 752 3652 819 major

2003 849 2095 889 me
2113 842 2217 899 est,
2242 838 2654 890 verumtamen
2684 834 2866 890 iidem
2893 836 2973 905 hi,
2989 839 3094 910 qui
3116 839 3294 895 etiam
3314 840 3651 896 secundum

2003 923 2336 978 humanam
2367 929 2644 978 naturam
2674 923 2897 980 dictum
2932 926 3079 982 illud
3110 927 3291 984 fuisse
3329 929 3648 1000 putabant,

2005 1012 2192 1068 multa
2209 1011 2474 1067 absurda
2491 1011 2563 1066 de
2580 1013 2648 1066 iis
2671 1011 3090 1085 diffamabant,
3105 1017 3207 1088 qui
3227 1017 3651 1074 tantummodo

2002 1107 2248 1174 propter
2268 1102 2386 1156 vim
2409 1106 2723 1172 paternam
2749 1102 2868 1158 Filii
2889 1105 3367 1173 causativam,sic
3381 1107 3652 1164 locutum

2005 1191 2306 1246 Christum
2353 1189 2655 1246 docebant
2691 1207 2963 1264 :eosque
3012 1195 3399 1263 accusabant,
3444 1212 3549 1252 ceu
3601 1197 3653 1252 si

2005 1279 2302 1335 Christum
2332 1280 2663 1352 perfectum
2707 1280 3018 1338 hominem
3061 1300 3185 1340 non
3233 1291 3646 1355 agnoscerent,

2001 1368 2098 1423 vel
2123 1385 2193 1424 ex
2239 1385 2360 1424 una
2405 1373 2753 1425 concretum
2782 1376 3000 1428 natura
3041 1373 3370 1441 crederent,
3394 1374 3651 1447 ideoque

2005 1472 2144 1512 cum
2183 1457 2612 1529 Monophysitis
2656 1459 3087 1530 conspirarent.
3131 1462 3401 1520 Vicissim
3450 1470 3652 1520 autem

2003 1546 2062 1611 ii,
2097 1547 2201 1618 qui
2242 1545 2429 1601 verba
2469 1546 2568 1602 illa
2601 1547 2782 1602 etiam
2821 1548 2896 1604 de
2935 1549 3181 1606 homine
3219 1550 3652 1620 intelligebant,

2005 1636 2286 1706 redargui
2330 1651 2395 1690 se
2423 1635 2771 1704 cernebant,
2805 1640 3099 1710 tanquam
3131 1639 3180 1694 si
3211 1639 3457 1696 unicum
3488 1639 3654 1696 Chri-

2007 1731 2170 1780 stum
2199 1724 2552 1793 dividerent,
2590 1730 2794 1796 atque,
2826 1731 2889 1782 ut
2933 1727 3196 1784 Nestorio
3225 1727 3470 1800 placuit,
3501 1728 3656 1785 duos

1939 1838 1978 1892 Β
2006 1813 2161 1870 ﬁlios
2208 1813 2676 1878 introducerent,
2718 1830 2858 1870 cum
2907 1831 3062 1871 unus
3108 1832 3321 1889 reapse
3370 1817 3446 1874 sit
3476 1821 3656 1889 atque

2005 1902 2374 1959 individuus.
2403 1906 2594 1974 Atque
2621 1902 2714 1958 his
2740 1903 3120 1960 sermonibus
3149 1910 3209 1962 et
3236 1906 3658 1962 contradictio-

2007 1992 2187 2048 nibus
2235 2008 2424 2047 unum
2482 1997 2664 2062 atque
2715 1991 3097 2048 individuum
3149 1998 3328 2050 castas
3382 1994 3657 2050 Ecclesia

2009 2095 2228 2152 corpus
2260 2081 2541 2136 bifariam
2570 2079 2956 2136 scindebant:
2987 2096 3202 2153 resque
3223 2083 3352 2152 jam
3379 2097 3595 2154 parum
3621 2098 3660 2138 a

2009 2169 2328 2226 manifesto
2359 2169 2681 2226 schismate
2712 2169 2941 2226 aberat.
2969 2172 3241 2242 Namque
3271 2171 3424 2226 inter
3453 2187 3515 2226 se
3542 2170 3662 2226 diss

2009 2258 2246 2314 sidebat
2291 2265 2558 2324 senatus,
2602 2258 2921 2332 plebisque
2973 2257 3318 2328 multitudo,
3361 2259 3510 2316 dum
3560 2258 3661 2316 alii

2011 2346 2146 2404 aliis
2190 2347 2602 2414 adhaererent;
2636 2352 2692 2402 et
2728 2362 2868 2402 cum
2914 2347 3008 2402 his
3057 2348 3503 2420 conspirarunt,
3552 2347 3669 2403 illis

2014 2437 2522 2493 contradicerent:
2551 2441 2732 2508 atque
2755 2437 2838 2492 ita
2866 2434 3020 2503 fora,
3046 2436 3182 2505 viss,
3204 2437 3341 2506 vici,
3359 2437 3541 2501 edes,
3567 2452 3672 2493 va-

2012 2527 2114 2582 riis
2151 2525 2533 2582 sermonibus
2575 2523 3009 2596 personabant.
3041 2525 3324 2582 Nonnulli
3347 2525 3530 2584 etiam
3559 2523 3671 2582 ali-

2013 2621 2103 2671 ter
2134 2615 2364 2670 dictum
2393 2614 2540 2670 illud
2566 2614 3134 2686 interpretabantur,
3163 2630 3272 2670 ceu
3302 2614 3352 2670 si
3397 2616 3670 2672 Servator

2013 2703 2476 2777 quodammodo
2529 2707 2758 2774 gereret
2813 2708 3041 2759 natura;
3108 2709 3327 2760 nostras
3381 2703 3669 2760 humana:

2015 2809 2376 2867 personam;
2417 2792 2740 2864 solumque
2780 2793 3191 2863 intelligebant
3233 2792 3671 2850 extenuationis

2013 2882 2485 2954 humilitatisque
2523 2882 2778 2940 modum
2817 2898 2830 2936 :
2881 2897 3122 2939 carnem
3172 2882 3433 2955 denique
3475 2882 3670 2939 solam

2015 2989 2124 3046 per
2144 2989 2205 3028 se
2228 2971 2603 3044 spectabant,
2623 2986 2733 3026 ceu
2755 2970 2806 3025 si
2833 2985 2908 3025 ne
2930 2969 3220 3028 divinitati
3240 2971 3485 3042 quidem
3510 2975 3672 3028 esset

2017 3077 2130 3117 cun
2131 3061 2362 3132 juncta,
2375 3060 2616 3131 aliaque
2625 3060 2706 3114 hu
2708 3059 2730 3130 j
2741 3059 2978 3116 usmodi
2991 3059 3360 3126 effutiebant,
3375 3075 3513 3132 quae
3529 3064 3670 3130 post

298 3148 396 3200 τὴν
466 3151 662 3195 νοεῖται
727 3144 929 3210 οὕτως,
997 3145 1170 3217 ὥσπερ
1249 3145 1291 3196 εὶ
1354 3141 1494 3218 μηδὲ
1567 3154 1629 3217 τῇ
1702 3148 1902 3204 θεότητι

2016 3166 2221 3206 veram
2253 3150 2340 3205 rei
2373 3154 2771 3205 controversae
2824 3147 3228 3217 cognitionem
3271 3147 3670 3220 Ecclesiaaque

303 3236 472 3291 ἣνωτο
498 3249 512 3262 ⁸
577 3239 670 3285 καὶ
732 3233 841 3284 ἀλλ’
909 3235 1042 3286 ἄττα
1106 3233 1576 3308 προϐαλλομένοις,
1639 3235 1767 3309 οἷπερ
1835 3233 1903 3295 δὴ

2019 3237 2404 3295 concordiam
2423 3240 2787 3306 revocatam,
2804 3236 3186 3292 anathemate
3201 3236 3479 3308 perculsa
3505 3241 3666 3292 sunt.

301 3329 476 3374 ταῦτα
537 3325 670 3391 μετὰ
732 3326 828 3380 τὴν
895 3320 1060 3381 ἀληθῆ
1128 3330 1220 3375 τοῦ
1284 3323 1601 3396 ζητουμένου
1665 3333 1860 3396 γνῶσιν
1923 3332 2014 3380 καὶ
2071 3332 2166 3386 τὴν
2229 3334 2321 3387 της
2386 3325 2695 3385 Ἐκκλησίας
2753 3325 2934 3376 ἕνωσιν
2993 3325 3474 3384 καθυπεϐλήθησαη
3539 3323 3666 3378 ἀνα-

303 3412 494 3482 θέματι
507 3452 520 3464 .

373 3498 443 3569 γ’.
486 3499 640 3552 Οὕτω
697 3495 768 3557 δὴ
824 3509 920 3560 τῆς
976 3498 1292 3561 Ἐκκλησίας
1349 3505 1726 3574 κυμαινομίνης
1788 3509 1905 3566 ταῖς

303 3595 397 3639 τοῦ
491 3595 725 3662 πονηροῦ
806 3591 1092 3662 πνεύματος
1177 3592 1366 3663 αὔραις
1401 3630 1416 3655 ,
1503 3590 1904 3661 φιλονεικοῦντος

305 3676 530 3747 ἐκρῆξαι
588 3679 652 3728 τὰ
703 3686 798 3738 τῆς
835 3682 1060 3740 πίστεως
1112 3683 1399 3750 πείσματα,
1457 3687 1554 3740 τῆς
1607 3677 1903 3752 ἀκροοιώνου

305 3769 502 3838 πέτρας
553 3773 787 3840 Χριστου
843 3775 935 3818 τοῦ
985 3769 1051 3820 τὰ
1101 3763 1362 3820 διεστῶτα
1411 3767 1762 3838 συνάψαντος,
1810 3769 1905 3821 οὐκ

304 3854 566 3925 ἠμέλησεν
625 3857 650 3906 ὁ
707 3865 798 3916 τῆς
848 3865 1106 3928 κοσμικῆς
1159 3856 1388 3928 μεγάλης
1439 3855 1663 3918 ὁλκάδος
1713 3856 1903 3930 κυϐερ-

303 3949 470 4004 νήτης
555 3943 970 4016 προϐεϐλημένος
1055 3947 1300 4018 ἡμέτερος
1387 3944 1634 4018 βασιλεὺς
1675 3960 1690 3976 ’
1786 3943 1903 3998 οὐδ’

303 4030 645 4094 ἑπενύσταξεν
736 4034 884 4094 οὗτος
974 4035 1002 4084 ό
1092 4033 1370 4105 φυλάσσων
1459 4038 1548 4086 τόν
1647 4033 1902 4086 νεόλεκτον

306 4120 524 4192 Ἰσραὴλ
573 4125 662 4173 τόν
714 4127 803 4174 καὶ
860 4125 990 4174 Θεὸν
1027 4123 1224 4197 ὁρῶντα
1273 4130 1347 4192 τῷ
1389 4131 1486 4184 τῆς
1539 4127 1729 4197 σαρκός
1774 4141 1902 4196 προ-

303 4208 538 4283 ϐλήματι
582 4211 944 4283 σκιαζόμενον,
999 4217 1090 4264 καὶ
1141 4219 1213 4282 τῷ
1259 4211 1400 4282 αὐτῷ
1440 4220 1554 4282 Θεῷ
1603 4214 1901 4286 καθορώμε-

303 4318 387 4351 νον
445 4306 540 4352 καὶ
593 4301 922 4372 σωζόμενον⁹
981 4299 1087 4354 ἀλλ’
1127 4304 1198 4361 ὡς
1251 4299 1500 4373 βασιλεὺς
1549 4308 1641 4361 τῆς
1697 4301 1904 4375 εἰρήνης

302 4393 393 4441 καὶ
460 4397 566 4440 τῶν
631 4387 1080 4446 ὶκκλησιαστικών
1139 4389 1600 4463 ἐπιστημονάρχης
1665 4389 1790 4442 ἐθῶν
1851 4409 1905 4442 τε

2086 3510 2139 3561 3.
2183 3507 2327 3562 Cum
2357 3504 2472 3560 hac
2498 3507 2853 3575 tempestate
2876 3501 3207 3574 jactaretur
3231 3501 3491 3560 Ecclesia
3518 3501 3666 3561 mali

2015 3594 2263 3666 spiritus
2315 3593 2521 3649 ﬂabris
2569 3591 2982 3664 perﬂantibus,
3028 3592 3476 3664 nitentibusque
3521 3589 3666 3649 ﬂdel

2012 3682 2464 3740 ﬁrmamentum
2478 3680 2823 3750 dissolvere,
2839 3681 2902 3740 id
2921 3686 3010 3738 est
3028 3681 3382 3751 angularem
3395 3679 3665 3754 lapidem

2015 3772 2310 3828 Christum
2339 3771 2447 3843 qui
2466 3770 2754 3826 distantia
2779 3770 3124 3841 conjungit;
3147 3770 3313 3826 haud
3344 3770 3665 3827 socordem

2013 3877 2076 3918 se
2092 3861 2364 3934 praestitit
2381 3876 2484 3916 rex
2501 3865 2703 3915 noster
2721 3859 3020 3916 mundani
3037 3860 3244 3929 magni
3264 3859 3488 3929 navigii
3507 3859 3664 3915 dele.

2013 3957 2142 4007 ctus
2163 3951 2560 4020 gubernator;
2584 3964 2781 4020 neque
2803 3948 3145 4004 darmitavit
3168 3947 3264 4004 hic
3290 3954 3495 4004 custos
3517 3947 3663 4004 novi

2013 4040 2246 4096 Israelis
2265 4039 2369 4112 qui
2401 4037 2590 4093 Deum
2618 4037 2890 4092 humana
2920 4052 3100 4092 carne
3123 4041 3462 4092 contectum
3495 4035 3660 4102 vidit,

2013 4136 2195 4202 atque
2229 4129 2307 4185 ab
2343 4128 2480 4200 ipso
2511 4130 2629 4182 Deo
2655 4126 2932 4181 visitatus
2957 4132 3346 4197 servatusque
3372 4125 3483 4182 fuit
3513 4144 3526 4182 :
3562 4142 3664 4181 ve-

2009 4235 2147 4276 rum
2173 4225 2466 4289 tanquam
2486 4231 2591 4271 rex
2610 4216 2798 4287 pacis,
2818 4221 2876 4272 et
2892 4215 3308 4272 ecclesiasticae
3329 4215 3662 4288 disciplina

2013 4308 2441 4378 actionumque
2483 4305 2727 4377 sapiens
2775 4304 3139 4376 moderator,
3183 4319 3408 4374 magno
3451 4303 3661 4362 labore

2014 4398 2332 4471 studioque
2357 4397 2438 4452 ad
2472 4395 2535 4451 id
2560 4395 2866 4465 negotium
2895 4394 3183 4452 incubuit.
3215 4398 3282 4452 Et
3305 4410 3662 4468 quanquam

303 4483 396 4530 καὶ
453 4477 690 4550 πράξεων
752 4480 867 4549 (4),
930 4479 1331 4554 φιλοπονώτερον
1392 4485 1511 4552 περὶ
1574 4487 1742 4531 ταῦτα
1813 4482 1902 4531 καὶ

2014 4488 2179 4545 orbis
2198 4485 2464 4542 universi
2492 4500 2688 4554 curas,
2705 4484 2991 4540 imbrium
3012 4484 3290 4554 instar,in
3314 4500 3376 4541 se
3395 4483 3666 4557 quotidie

305 4571 805 4642 φρωτιστικὼτερον
863 4564 1180 4623 διατίθεται.
1238 4565 1406 4621 Οὐδὲν
1458 4571 1548 4637 μὲν
1607 4570 1761 4626 ἦττον
1816 4572 1906 4620 καὶ

305 4666 407 4708 τῶν
478 4657 742 4730 ὁσημραι
813 4667 1291 4730 παρεμπιπτουσῶν
1356 4660 1489 4710 κατὰ
1551 4659 1648 4719 τὰς
1721 4656 1908 4731 ὀμϐρί-

305 4750 468 4818 μαίας
535 4751 790 4817 σταγόνας
851 4755 1118 4819 κοσμικῶν
1191 4743 1477 4822 φροντίδων
1553 4744 1909 4818 ἀντιποιούμε-

306 4855 410 4900 νος,
448 4833 568 4887 ῶω
627 4831 686 4887 δε
741 4837 878 4907 ὅμως
931 4835 1111 4888 ἑαυτὸν
1170 4841 1452 4903 συντείνας,
1503 4834 1576 4908 ἐφ’
1625 4836 1665 4906 ᾧ
1712 4839 1772 4887 τό
1819 4838 1909 4908 μὲν

306 4932 497 4977 νοσοῦν
553 4925 806 4994 ὑγιώσαι,
855 4930 944 4977 καὶ
1002 4928 1062 4979 τό
1119 4921 1401 5000 ὃιαῤῥαγὶν
1466 4924 1720 4999 αρτιῶσαι
1748 4941 1761 4954 ’
1818 4930 1908 4977 καὶ

308 5017 436 5084 πρὸς
671 5009 822 5076 αὖθις
870 5017 937 5066 τὰ
990 5016 1160 5068 πάντα
1215 5021 1527 5086 συναγαγεῖν
1583 5013 1902 5086 ὁλομίλειαν.

309 5102 571 5156 Ἐντεῦθεν
638 5108 729 5157 καὶ
793 5105 895 5156 ὅσα
965 5105 1108 5179 παρὰ
1171 5099 1434 5180 διαφόρων
1502 5105 1911 5177 θεοφορουμίνων

383 5285 464 5353 (3)
509 5280 659 5338 Hinc
689 5281 1023 5354 Victorinus
1049 5284 1281 5339 Comm.
1313 5281 1375 5338 in
1408 5282 1581 5354 epist.
1613 5281 1692 5338 ad
1721 5281 1911 5338 Galat.

314 5352 449 5424 cap.
485 5368 580 5425 iv,
627 5368 686 5408 v.
755 5357 838 5409 14.
887 5352 1143 5422 (Collect.
1180 5355 1328 5425 _Vat.
1387 5352 1576 5420 tflll,
1636 5359 1789 5425 part.
1853 5369 1912 5421 ll,

315 5423 505 5494 p.18)
543 5425 661 5479 ait:
698 5425 1074 5481 Catholicam
1122 5423 1390 5480 Christus
1433 5423 1656 5492 corpus
1687 5425 1768 5480 ad
1797 5440 1916 5479 om-

319 5509 456 5566 nem
499 5495 802 5551 hominem
850 5497 1100 5552 habuit:
1145 5511 1318 5554 omne
1368 5497 1528 5566 quod
1574 5509 1785 5562 passus
1830 5501 1920 5552 est

320 5565 690 5622 catholicum
733 5568 903 5636 fecit,
942 5567 1007 5623 id
1043 5573 1129 5624 est
1171 5573 1237 5623 ut
1279 5565 1470 5623 omhz‘s
1513 5582 1658 5624 caro
1693 5568 1758 5622 in
1805 5567 1915 5622 illo

321 5637 620 5709 cruci/ﬁxa
644 5639 746 5695 sit.

2013 4583 2254 4636 ruentes
2278 4577 2612 4641 sustineret,
2636 4574 2823 4632 nihilo
2845 4579 3050 4632 tamen
3079 4575 3279 4630 minus
3307 4579 3432 4631 toto
3456 4575 3664 4631 animo

2017 4669 2182 4725 dedit
2219 4683 2470 4738 operam
2499 4671 2564 4721 ut
2605 4680 2767 4734 aegra
2813 4669 3073 4728 sanaret,
3099 4663 3348 4734 disjecta
3395 4664 3658 4728 sarciret,

2019 4766 2198 4832 atque
2235 4757 2315 4814 ad
2344 4757 2631 4811 unitatem
2670 4759 2887 4810 cuncta
2922 4769 3129 4809 rursus
3173 4752 3449 4808 membra
3489 4752 3666 4808 redu-

2017 4853 2191 4904 ceret.
2219 4844 2625 4912 Quamobrem
2667 4842 2990 4898 sententias
3035 4843 3216 4897 etiam
3257 4840 3664 4912 complurium

2017 4937 2443 5008 inspiratorum
2464 4931 3002 5002 theologorumque
3019 4930 3336 4988 hominum
3353 4945 3534 5002 super
3548 4931 3668 4987 hoc

2017 5025 2328 5100 proposito
2377 5025 2628 5094 scriptas
2671 5018 2868 5090 colligi
2914 5019 3362 5092 ordinatimque
3401 5020 3466 5074 in
3507 5018 3666 5076 libro

2017 5115 2259 5189 disponi
2303 5112 2561 5169 curavit:
2595 5114 2776 5182 atque
2804 5109 2918 5165 has
2965 5109 3246 5166 divorum
3283 5108 3666 5166 auctoritates

2088 5279 2165 5348 (4)
2200 5273 2430 5333 Mallem
2446 5271 2518 5348 id
2545 5275 2916 5348 reservatum
2943 5266 3328 5348 pontiﬁcibus
3345 5273 3414 5348 _et
3437 5269 3667 5348 episco-

2023 5341 2428 5424 pis,'quorum_
2443 5342 2602 5400 istud
2625 5357 2864 5424 sacrum
2897 5341 3162 5424 ofﬁcium
3183 5347 3238 5424 et
3257 5344 3665 5424 potestasnest.

2023 5409 2094 5494 Et.
2112 5409 2360 5494 qdidem
2392 5419 2631 5494 Graecus
2672 5409 3043 5494 Eph'raemius
3068 5411 3233 5467 haud
3261 5409 3453 5494 unum
3479 5409 3670 5494 dilati:

2023 5478 2151 5550 dat‘
2181 5493 2570 5563 Byzantinum
2607 5478 3075 5563 imperatorem,
3136 5487 3452 5563 propterea
3499 5478 3668 5553 quod

2023 5563 2172 5620 nihil
2199 5554 2264 5617 in
2293 5554 3040 5625 ecclesiastica’disciplina
3063 5558 3454 5610 novaverant.

4053 397 4085 1324 Ῑ

4085 1598 4093 1810 ξ

4085 1823 4095 1964 a

4085 1933 4101 2265 ξ

4073 1697 4093 1810 3,.

4074 1933 4101 2286 il

4077 2229 4117 3168 ἓ

4099 3463 4117 3506 Ἰ

4077 3509 4117 3792 ‘j

4105 3867 4117 3958 1

4097 3983 4117 4004 .4

4113 5505 4117 5532 ι

4113 5535 4117 5570 l

4105 5577 4117 5598 ,Ι

4107 5603 4117 5643 ἶ
