4152 6208
484 309 552 362 2O
567 319 589 354 ’ἲ

1827 281 2097 343 ΝΙΟΕἸῈ
2135 274 2504 342 ΟΗΟΝΙΑΤΕ

3744 281 3848 337 208

490 425 744 498 singulis
794 415 1191 480 sanctissimis
1232 412 1590 491 patriarchis
1631 409 1832 486 jussit,
1874 410 2137 483 itemque

2250 410 2339 460 καὶ
2385 401 2632 478 θεολόγων
2680 401 2885 479 ἀνδρῶν
2937 405 3055 480 περὶ
3104 412 3194 460 τοῦ
3250 403 3587 482 προκειμένου
3648 411 3850 458 σκοποῦ

489 519 620 574 aliis
669 513 913 573 delectis
968 525 1077 584 per
1131 508 1194 565 id
1244 513 1486 580 tempus
1535 500 2036 573 congregatisque
2077 500 2143 556 in

489 608 694 662 divina
739 617 1034 674 sacraque
1081 596 1318 671 synodo
1357 594 1518 664 viris,
1545 607 1772 666 perque
1817 590 1932 648 hos
1975 589 2142 663 ipsos

495 697 772 752 universo
815 690 1101 760 deinceps
1147 685 1422 743 Ecclesia:
1461 681 1730 757 populo:
1758 683 2002 738 Patrum
2029 677 2142 750 igi-

491 791 587 840 tur
616 780 923 838 sententiae
949 781 1120 834 erant
1145 777 1260 834 he.

2253 497 2673 570 συνεγράφησαν,
2727 493 3038 568 συλλεγῆναι
3093 499 3184 550 καὶ
3224 503 3646 572 συνεγγραφῆναι
3693 513 3851 549 στοι-

2251 582 2428 660 χηδὸν
2455 581 2728 648 διετάξατο
2759 599 2773 615 ⁶
2805 588 2898 637 καὶ
2927 581 2995 644 δὴ
3026 590 3117 639 καὶ
3159 586 3251 648 τὰς
3289 587 3529 647 τοιαύτας
3561 593 3662 638 τῶν
3691 583 3852 656 ἁγίων

2250 678 2445 730 τούτων
2492 679 2720 750 χρήσεις
2773 673 2975 747 ἑκάστῳ
3014 683 3114 728 τῶν
3152 695 3209 729 τε
3255 673 3554 748 ἁγιωτάτων
3598 693 3856 749 πατριαρ-

2251 773 2364 838 χῶν
2399 761 2683 824 ἐκδοθῆναι
2734 759 3112 837 διεκελεύσατο,
3141 769 3225 818 ναὶ
3274 767 3376 837 μὴν
3429 768 3519 818 καὶ
3557 771 3668 826 τοῖς
3709 782 3854 822 τηνι-

490 883 660 926 mare:
697 869 1104 942 συνειλεγμένοις
1139 865 1330 938 λογάσι
1359 871 1454 926 τῆς
1497 864 1634 924 θείας
1677 863 1768 914 καὶ
1808 861 1944 936 ἱερᾶς
1983 853 2232 924 συνόδου,
2262 859 2353 908 καὶ
2393 849 2465 907 δι’
2507 852 2674 906 αὐτῶν
2721 855 2878 906 παντὶ
2915 860 2988 926 τῷ
3019 862 3114 918 τῆς
3157 852 3469 915 Ἐκκλησίας
3496 851 3812 930 πληρώματι
3835 870 3853 889 ·

491 966 524 1016 ἀ
563 969 651 1016 καὶ
689 962 822 1015 κατὰ
858 961 1014 1034 ῥητὸν
1054 957 1212 1019 οὕτως
1250 957 1460 1028 ἔχουσι.

854 1101 1068 1160 Sancti
1101 1098 1356 1158 Joannis
1394 1093 1772 1153 Damasceni.

564 1240 614 1289 li.
671 1237 918 1301 Eorum,
973 1244 1109 1301 quae
1167 1226 1438 1283 humano
1489 1236 1658 1279 more
1713 1219 1788 1276 de
1838 1219 2144 1277 Servatore

496 1324 723 1380 Christo
751 1320 1173 1395 praedicantur,
1193 1315 1314 1372 sive
1339 1313 1522 1380 dicta,
1553 1311 1674 1367 sive
1706 1313 1878 1382 gesta
1905 1305 2140 1376 fuerint,

498 1430 602 1469 sex
631 1411 799 1470 modi
827 1414 988 1466 sunt.
1023 1405 1308 1473 Quadam
1338 1401 1499 1459 enim
1540 1417 1612 1456 ex
1639 1399 1754 1456 illis
1797 1395 2147 1454 naturaliter

495 1504 726 1559 ratione
745 1499 943 1557 carnis
965 1499 1298 1568 assumptus
1319 1492 1480 1548 facta
1499 1490 1778 1561 dictaque
1808 1490 1965 1553 sunt,
1984 1483 2146 1542 velut

497 1597 706 1664 partus
749 1604 823 1644 ex
865 1586 1121 1658 Virgine,
1155 1586 1335 1655 atque
1381 1580 1570 1636 aetatis
1611 1577 2048 1634 incrementum
2091 1575 2149 1628 et

499 1680 820 1753 profectus,
844 1677 1056 1740 fames,
1078 1672 1230 1742 sitis,
1255 1668 1624 1739 defetigatio,
1646 1666 1952 1739 lacrymae,
1985 1677 2148 1720 som-

2437 1091 2539 1141 Τοῦ
2578 1084 2730 1160 ἁγίου
2771 1084 3008 1140 Ἰωάννου
3046 1093 3137 1141 τοῦ
3177 1092 3523 1161 Δαμασκηνοῦ
3564 1087 3661 1160 (ὅ).

2325 1207 2393 1268 δ’.
2433 1217 2542 1266 Τῶν
2599 1209 3046 1288 ἀνθρωποπρεπῶς
3105 1211 3192 1265 ἐπὶ
3252 1219 3342 1266 τοῦ
3407 1215 3643 1286 Χριστοῦ
3705 1209 3858 1282 λεγο-

2252 1307 2412 1377 μένων
2481 1306 2578 1354 εἴτε
2643 1301 2692 1354 ἐν
2750 1301 2982 1376 ῥήμασιν
3041 1305 3141 1354 εἶτε
3211 1299 3260 1354 ἐν
3323 1305 3605 1376 πράγμασι
3665 1305 3859 1376 τρόποι

2253 1393 2385 1446 εἰσὶν
2433 1391 2510 1455 ἕξ.
2565 1394 2641 1444 T6:
2837 1393 2938 1464 γὰρ
2980 1390 3148 1443 αὐτῶν
3205 1393 3342 1444 κατὰ
3392 1394 3548 1463 φύσιν
3593 1389 3856 1461 οἰκονομι-

2253 1491 2357 1544 κῶς
2394 1485 2685 1556 πέπρακταί
2729 1499 2784 1533 τε
2829 1485 2919 1532 καὶ
2964 1479 3201 1552 λέγεται·
3257 1481 3362 1533 οἷον
3415 1479 3442 1532 ὀ
3489 1479 3544 1532 ἐκ
3589 1479 3857 1553 Παρθένου

2251 1576 2422 1638 τόκος,
2476 1573 2506 1629 ἡ
2561 1570 2679 1622 καθ’
2737 1568 2942 1628 ἡλικίαν
2997 1569 3211 1632 αὔξησίς
3265 1587 3322 1622 τε
3374 1573 3463 1621 καὶ
3514 1571 3777 1642 προκοπὴ,
3819 1568 3853 1625 ἡ

2252 1668 2422 1728 πεῖνα,
2477 1662 2507 1718 ἠ
2561 1656 2717 1730 δίψα,
2775 1660 2800 1710 ό
2852 1663 3026 1724 κόπος,
3080 1660 3107 1711 ὁ
3167 1659 3345 1725 ὕπνος,
3399 1661 3458 1711 τὸ
3517 1653 3767 1731 δάκρυον,
3817 1657 3852 1714 ἠ

500 1731 882 1753 ι--ν--η-ηρ
1044 1731 1054 1740 ι
1216 1731 1228 1742 .
1444 1731 1476 1739 ν
1774 1731 1793 1739 -

499 1787 635 1834 nus,
669 1767 980 1824 clavorum
1009 1763 1224 1827 ﬁxura,
1257 1775 1422 1816 mors
1474 1757 1712 1829 aliaque
1742 1753 1981 1821 similia,
2009 1765 2141 1824 quae

2255 1759 2354 1805 τῶν
2409 1749 2544 1808 ἥλων
2595 1756 2800 1821 τρῆσις,
2851 1749 2877 1800 6
2931 1750 3168 1814 θάνατος,
3206 1753 3296 1802 καὶ
3353 1749 3419 1800 τὰ
3472 1754 3709 1811 τοιαῦτα,
3751 1747 3861 1798 ὅσα

499 1857 802 1915 naturales
827 1860 884 1912 et
901 1851 1218 1924 inculpatae
1241 1849 1566 1922 passiones
1587 1850 1747 1902 sunt.
1777 1849 1843 1901 In
1871 1843 1964 1901 his
1988 1843 2149 1898 enim

501 1948 786 2003 omnibus
803 1947 998 1998 manet
1013 1939 1249 2013 quidem
1267 1938 1482 1994 divinae
1497 1941 1726 1993 naturae
1745 1949 1873 1990 cum
1889 1933 2151 1988 humana

502 2034 866 2107 conjunctio,
899 2029 1168 2102 corporis
1217 2034 1420 2084 tamen
1451 2042 1522 2082 ea
1563 2040 1702 2080 vere
1731 2038 1861 2079 esse
1890 2020 2149 2077 credun-

499 2133 630 2183 tur:
664 2122 892 2197 quippe
919 2135 1057 2176 cum
1087 2117 1370 2174 divinitas
1407 2113 1555 2171 nihil
1579 2113 1798 2170 horum
1822 2109 2148 2184 pertulerit,

501 2216 605 2270 sed
648 2229 756 2286 per
803 2227 874 2268 ea
921 2209 1178 2265 salutem
1225 2205 1400 2262 nobis
1457 2201 1812 2276 procurarit.
1863 2199 2149 2266 Quaedam

501 2299 928 2358 dissimulandi
951 2296 1159 2364 modo,
1182 2299 1248 2350 ut
1268 2310 1407 2351 cum
1429 2291 1504 2348 de
1529 2294 1747 2349 Lazaro
1769 2288 2012 2362 quierit:
2044 2286 2155 2344 Ubi

495 2392 778 2463 posuistis
809 2388 1012 2446 eum“?
1043 2388 1187 2441 Cum
1219 2387 1442 2449 orat,et
1471 2397 1610 2437 cum
1641 2397 1703 2436 se
1729 2377 2029 2434 subducit.
2055 2374 2151 2431 His

502 2485 662 2541 enim
684 2495 880 2552 neque
903 2481 968 2533 ut
989 2479 1144 2531 Deus
1161 2489 1359 2545 neque
1380 2477 1444 2528 ut
1462 2472 1647 2527 homo
1677 2485 1831 2542 opus
1850 2465 2144 2523 habebat:

500 2588 704 2629 verum
724 2570 995 2626 humano
1011 2579 1180 2620 more
1198 2562 1346 2618 illud
1361 2559 1745 2634 praetexebat,
1758 2555 1926 2630 quod
1945 2569 2124 2611 neces

503 2664 648 2718 sitas
686 2664 865 2730 atque
906 2655 1128 2710 utilitas
1157 2649 1539 2723 exposcebat.
1572 2647 1860 2703 Nimirum
1901 2643 2146 2712 idcirco,

499 2756 668 2824 puta,
695 2745 1079 2820 precabatur,
1110 2747 1178 2798 ut
1207 2757 1269 2795 se
1299 2738 1547 2795 minime
1579 2740 1696 2793 Deo
1725 2733 2027 2791 adversari
2056 2747 2150 2788 os-

500 2822 796 2903 tenderet;
827 2838 1014 2905 utque
1041 2834 1292 2899 Patrem,
1319 2827 1479 2883 velut
1507 2825 1602 2881 sui
1627 2839 1896 2888 causam,
1919 2822 2149 2876 honore

500 2929 780 2983 afficeret.
815 2919 1247 2992 Interrogabat,
1288 2932 1411 2974 non
1455 2915 1621 2988 quod
1665 2914 1914 2984 ignarus
1959 2915 2145 2977 esset;

499 3017 604 3072 sed
645 3019 709 3071 ut
756 3029 839 3080 se,
881 3023 1236 3082 quanquam
1290 3009 1445 3062 Deus
1488 3002 1793 3072 manebat,
1840 2999 2148 3056 hominem

2255 1841 2456 1914 φυσικὰ
2511 1842 2601 1891 καὶ
2637 1834 2933 1896 ἁδεάϐλητα
2981 1839 3124 1896 πάθη
3181 1838 3558 1910 τυγχάνουσιν.
3603 1836 3685 1889 Ἐν
3736 1836 3860 1889 τού-

2256 1948 2366 1992 τοις
2410 1930 2512 2002 γὰρ
2571 1927 2740 1980 ἁπασι
2782 1926 2924 1999 μίξις
2973 1931 3066 1999 μέν
3123 1925 3234 1980 ἔστι
3289 1934 3382 1979 τοῦ
3441 1928 3578 1979 θείου
3621 1927 3748 1998 πρὸς
3792 1926 3857 1976 τὸ

2259 2018 2609 2094 ἀνθρώπινον·
2668 2016 2800 2075 πλὴν
2847 2023 2938 2068 τοῦ
3005 2022 3247 2089 σώματος
3312 2015 3514 2078 ἀληθῶς
3581 2013 3708 2067 εἶναι
3765 2031 3860 2066 πε-

2261 2111 2513 2178 στεύεται,
2567 2102 2718 2158 οὐδὲν
2783 2108 2972 2157 τούτων
3031 2112 3122 2157 τοῦ
3191 2107 3328 2158 θείου
3393 2107 3714 2177 πάσχοντος,
3776 2097 3857 2154 δι’

2259 2197 2427 2249 αὐτῶν
2477 2192 2535 2248 δὲ
2563 2199 2658 2253 τὴν
2714 2196 2860 2267 ἡμῶν
2917 2193 3303 2267 οἰκονομοῦντος
3357 2198 3641 2266 σωτηρίαν.
3672 2193 3750 2248 Τὰ
3792 2185 3860 2242 δὲ

2257 2288 2392 2338 κατά
2454 2288 2831 2359 προσποίησιν,
2890 2286 2949 2335 τὸ
3009 2281 3200 2356 ἐρωτᾷν
3252 2289 3361 2336 Ποῦ
3421 2284 3681 2335 τεθείκατε
3744 2279 3860 2333 Λά-

2260 2375 2438 2448 ζαρον,
2495 2375 2526 2430 ἠ
2596 2375 2896 2448 προσευχὴ,
2937 2374 2995 2423 τὸ
3051 2372 3438 2444 ὑπαναχωρεῖν.
3493 2373 3697 2423 Τούτων
3745 2369 3856 2440 γὰρ

2257 2465 2375 2515 οὔτε
2439 2463 2510 2524 ὡς
2570 2464 2720 2523 Θεὸς,
2784 2464 2902 2512 οὔτε
2967 2462 3032 2521 ὡς
3095 2461 3365 2528 ἄνθρωπος
3426 2458 3660 2532 ἔχρῇζεο
3714 2455 3853 2514 πλὴν

2257 2550 2704 2626 ἁνθρωποπρεπῶς
2769 2549 3163 2622 ἐσχηματίζετο
3221 2551 3349 2624 πρὸς
3407 2550 3528 2621 ὅπερ
3595 2549 3624 2606 ἡ
3690 2551 3858 2621 χρεία

2254 2643 2439 2692 καὶτὸ
2493 2639 2749 2699 λυσιτελὲς
2806 2637 3012 2711 ἀπῄτει.
3063 2639 3184 2690 Οἷον
3240 2643 3334 2697 τὴν
3385 2640 3712 2710 προσευχὴν,
3754 2631 3854 2688 διὰ

2255 2733 2314 2782 τό
2369 2725 2537 2792 δεῖξαι
2591 2728 2655 2788 ὠς
2716 2728 2811 2780 οὐκ
2863 2730 3003 2780 ἔστιν
3059 2725 3356 2790 ἁντίθετος·
3415 2731 3505 2779 καὶ
3561 2727 3625 2787 ὠς
3678 2727 3850 2777 αἴτιον

2256 2819 2417 2872 αὐτοῦ
2472 2826 2634 2892 τιμῶν
2683 2821 2768 2870 τὸν
2811 2822 3038 2892 Πατέρα.
3092 2821 3162 2870 Τὸ
3212 2815 3423 2890 ἐρωτᾷν,
3484 2816 3577 2869 οὐκ
3629 2813 3848 2887 ἀγνοῶν,

2257 2907 2363 2960 ἀλλ’
2424 2911 2506 2960 ἵνα
2561 2904 2704 2980 δείξῃ
2768 2907 2836 2969 ὡς
2887 2909 3024 2959 κατὰ
3088 2905 3330 2965 ἀλήθειάν
3387 2905 3527 2959 ἐστιν
3583 2906 3850 2980 ἄνθρωπος

2255 2999 2385 3070 μετὰ
2432 3003 2525 3049 τοῦ
2578 2994 2708 3048 εἶναι
2755 2999 2925 3056 Θεός⁶
2973 2999 3032 3048 τὸ
3076 2997 3459 3071 ὑπαναχωρεῖν,
3515 2997 3597 3046 ἶνα
3647 2990 3843 3066 διδάξῃ

496 3119 743 3178 quoque
771 3078 918 3158 vere
937 3078 1553 3154 esse—demonstraret.
1584 3095 1718 3148 Haec
1743 3090 2004 3161 denique
2032 3085 2141 3159 ipsi

2255 3091 2326 3160 μὴ
2369 3086 2775 3161 προπετεύεσθαι
2817 3081 2956 3158 μηδέ
3015 3085 3225 3148 ἑαυτοὺς
3279 3081 3616 3157 προδιδόναι.
3655 3086 3733 3136 Τὰ
3787 3079 3850 3134 δι

497 3177 684 3251 causa
726 3187 1046 3248 secedendi
1081 3191 1230 3254 erat,
1257 3188 1322 3240 ut
1365 3198 1476 3239 nos
1510 3182 1750 3238 doceret
1777 3177 2044 3251 pericula
2069 3181 2149 3232 te-

495 3300 658 3340 mere
687 3296 810 3338 non
835 3279 1023 3346 adire,
1041 3291 1152 3332 nec
1177 3289 1289 3331 nos
1309 3273 1478 3345 ipsos
1497 3270 1652 3327 ultro
1682 3267 1958 3343 prodere.
1979 3267 2147 3332 Quee-

495 3374 639 3429 dam
663 3386 876 3428 rursus
907 3367 1190 3423 dicuntur
1217 3378 1324 3435 per
1344 3360 1820 3432 assumptionem
1852 3361 1936 3419 ut,
1960 3354 2140 3411 illud:

493 3466 650 3519 Deus
679 3476 865 3528 meus,
896 3459 1052 3513 Deus
1083 3469 1265 3518 meus,
1299 3457 1362 3506 ut
1403 3451 1549 3522 quid
1577 3464 1670 3504 me
1696 3443 2144 3517 dereliquisti‘?

493 3553 668 3606 Item:
689 3551 824 3617 Ipse
837 3547 1031 3602 Filius
1053 3545 1228 3599 Patri
1247 3539 1654 3608 subjiciatur".
1682 3539 1794 3592 Nec
1816 3535 1974 3590 enim
1997 3547 2143 3605 qua-

492 3646 665 3694 tenus
697 3639 852 3692 Deus
883 3650 994 3689 nec
1023 3635 1322 3704 quatenus
1355 3627 1562 3691 homo,
1591 3642 1627 3681 a
1660 3628 1825 3680 Patre
1869 3637 2140 3694 unquam

491 3726 808 3782 derelictus
837 3723 974 3778 fuit:
1002 3736 1112 3776 nec
1139 3721 1476 3790 peccatum,
1506 3730 1616 3770 nec
1645 3712 2030 3769 maledictum
2051 3710 2140 3766 fa-

491 3822 620 3871 ctus
640 3818 746 3879 est,
766 3828 876 3868 nec
894 3809 1048 3866 Patri
1065 3807 1278 3878 subjici
1299 3819 1454 3876 opus
1471 3803 1675 3860 habet.
1691 3802 1916 3857 Etenim
1935 3804 2116 3872 quate

489 3923 621 3977 nus,
643 3909 795 3961 Deus
813 3908 922 3970 est,
940 3897 1188 3972 aequalis
1210 3900 1298 3952 est
1316 3893 1487 3961 Patri,
1503 3908 1622 3948 non
1643 3897 1844 3947 autem
1861 3889 2140 3945 adrersa-

488 3997 631 4062 rius,
664 4010 776 4050 nec
807 3990 1144 4063 subjectus:
1177 3989 1476 4058 quatenus
1507 3988 1707 4038 autem
1746 3981 1948 4045 homo,
1983 3992 2137 4033 nun-

487 4102 673 4157 quam
689 4084 981 4140 adversus
996 4082 1228 4136 Patrem
1242 4079 1566 4131 contumax
1579 4071 1705 4127 fuit.
1722 4073 1802 4126 Ex
1816 4085 1936 4143 quo
1951 4065 2138 4140 sequi-

489 4181 598 4239 tur,
621 4191 780 4241 eum,
806 4169 993 4228 n05tri
1015 4169 1332 4238 assumpta
1361 4177 1640 4236 persona,
1667 4166 1870 4232 partes
1899 4161 2139 4213 nostras

489 4260 1005 4334 suspiciendo,his
1026 4256 1224 4312 verbis
1245 4269 1425 4308 usum
1447 4266 1598 4306 esse.
1626 4248 1914 4316 Quaedam
1936 4250 2138 4302 autem

486 4368 592 4423 per
609 4350 1006 4418 excogitatam
1025 4351 1223 4402 mente
1239 4341 1653 4415 praecisionem
1674 4338 1970 4392 dicuntur.
1989 4337 2137 4391 Nam

2254 3175 2370 3228 κατ’
2424 3175 2683 3228 οἰκείωσιν
2716 3189 2730 3204 ³
2790 3174 2855 3234 ὡς
2910 3178 2990 3242 τὸ,
3047 3179 3143 3227 Θεέ
3196 3194 3318 3247 μου,
3370 3178 3466 3228 Θεέ
3518 3193 3654 3247 μου,
3711 3174 3846 3224 ἱνατὶ

2253 3265 2310 3336 μ’
2375 3263 2736 3336 ἐγκατέλιπες·
2805 3267 2895 3314 καὶ
2945 3266 3026 3333 τὸ,
3087 3262 3249 3324 Αὐτὸς
3317 3264 3342 3314 ό
3398 3265 3521 3324 Υἱὸς
3586 3263 3843 3332 ὑποταγη-

2255 3372 2402 3406 σεται
2441 3361 2513 3423 τῴ
2571 3356 2754 3424 Ιίατρί.
2816 3354 2950 3404 Οὔτε
3003 3353 3104 3424 γὰρ
3160 3351 3228 3412 ὠς
3285 3353 3413 3413 Θεὸς
3465 3354 3583 3404 οὔτε
3641 3353 3703 3411 ὡς
3757 3351 3846 3402 οἶν-

2255 3444 2452 3516 θρωπος
2511 3439 2874 3512 ἐγκατελείφθη
2932 3443 3055 3492 ποτε
3110 3441 3210 3492 ὑπὸ
3267 3447 3387 3510 τοῦ,
3426 3443 3663 3513 Πατρός·
3729 3443 3844 3491 οὔτε

2249 3531 2483 3607 ἁμαρτία
2513 3572 2527 3598 ,
2586 3532 2702 3582 οὔτε
2762 3531 2964 3604 κατάρα
3029 3533 3264 3601 γέγονεν,
3339 3533 3453 3582 οὔτε
3517 3531 3844 3600 ὑποταγῆναι

2248 3621 2440 3695 χρῄζει
2481 3627 2552 3690 τῷ
2591 3623 2778 3692 Πατρί.
2820 3619 2960 3671 Καθό
3002 3621 3092 3690 μὲν
3135 3619 3237 3692 γὰρ
3286 3623 3418 3682 Θεὸς
3463 3622 3575 3680 ἶσος
3618 3618 3730 3670 ἐστὶ
3768 3624 3841 3687 τῷ

2251 3715 2435 3782 Πατρὶ,
2479 3713 2567 3761 καὶ
2615 3704 2738 3760 οὐδὲ
2786 3705 3007 3768 ἐναντίος
3057 3704 3180 3760 οὐδὲ
3229 3709 3665 3780 ὑποτεταγμενος·
3707 3708 3839 3759 καθὸ

2249 3795 2308 3851 δὲ
2373 3800 2640 3872 ἄνθρωπος
2699 3793 2949 3850 οὐδέποτε
3004 3794 3212 3858 ἀνήκοος
3267 3802 3442 3869 γέγονε
3501 3804 3592 3849 τοῦ
3648 3799 3836 3851 Γεννη-

2247 3905 2418 3962 τορος.
2474 3888 2542 3938 Τὸ
2611 3887 2854 3957 ἡμέτερον
2911 3889 3080 3936 τοίνυν
3141 3884 3480 3956 οἰκειούμενος
3537 3887 3833 3955 πρόσωπον,

2246 3981 2336 4029 καὶ
2400 3975 2512 4048 μεθ’
2574 3977 2718 4048 ἡμῶν
2770 3977 2982 4027 τάσσων
3045 3974 3259 4038 ἑαυτὸν,
3319 3981 3482 4026 ταῦτα
3539 3973 3692 4044 ἔλεγε.
3757 3973 3838 4024 Τὰ

2249 4062 2307 4118 δὲ
2355 4061 2447 4117 δια
2488 4068 2582 4122 τὴν
2633 4063 2749 4115 κατ’
2803 4062 3028 4116 ἐπίνοιαν
3097 4060 3374 4136 διαίρεσιν.
3427 4063 3542 4116 Ἐὰν
3601 4066 3702 4136 γαρ
3767 4069 3832 4134 τῇ

2246 4153 2445 4226 ἐπινοίᾳ
2497 4149 2669 4226 δείλης
2715 4155 2781 4206 τὰ
2826 4161 2888 4226 τῇ
2942 4151 3156 4225 ἀληθείᾳ
3195 4151 3502 4226 ἀχώριστα,
3547 4157 3708 4224 ἤγουν
3746 4155 3839 4210 τὴν

2247 4245 2421 4316 σάρκα
2470 4241 2518 4294 ἐν
2578 4249 2666 4294 τοῦ
2713 4245 2895 4313 Λόγου,
2941 4243 2971 4300 ἠ
3031 4241 3162 4318 σὰρξ
3214 4238 3376 4300 δούλη
3433 4239 3494 4300 ἦν
3549 4245 3638 4294 καὶ
3693 4239 3841 4312 ἀγνο·

2245 4340 2380 4385 οὖσα
2403 4349 2416 4362 ⁸
2449 4330 2578 4384 ἀλλὰ
2616 4327 2710 4383 διὰ
2741 4335 2836 4388 τὴν
2888 4334 3018 4405 πρὸς
3048 4335 3135 4383 τόν
3174 4335 3304 4384 Θεὸν
3336 4335 3430 4400 Λό,
3467 4351 3521 4384 ον
3569 4331 3684 4384 καθ’
3716 4332 3842 4383 ὑπὸ·

487 4443 533 4496 si
556 4458 626 4496 ea
645 4456 781 4512 quae
804 4451 1008 4494 revera
1024 4435 1136 4505 disj
1149 4432 1290 4501 ungi
1307 4434 1633 4502 nequeunt,
1649 4428 1764 4483 hoc
1785 4430 1876 4481 est
1895 4441 2136 4482 carnem

2250 4440 2430 4474 στάσιν
2468 4421 2647 4474 ἕνωσιν
2691 4423 2807 4472 οὔτε
2846 4417 3007 4478 δουλη
3050 4417 3131 4488 ἧν,
3163 4425 3282 4473 οὔτε
3311 4421 3504 4494 ἠγνόει.
3555 4422 3705 4473 Οὕτω
3749 4424 3840 4472 καὶ

487 4545 522 4585 a
554 4529 764 4592 Verbo,
791 4523 1115 4595 cogitando
1154 4517 1506 4590 sejunxeris,
1540 4531 1680 4571 caro
1711 4531 1885 4570 serva
1927 4519 2054 4571 erat
2082 4518 2139 4570 et

484 4619 732 4686 ignara:
767 4629 977 4671 verum
1017 4610 1230 4667 eadem
1263 4606 1342 4663 ob
1380 4603 1824 4677 hypostaticam
1851 4619 1988 4658 cum
2016 4605 2136 4660 Deo

484 4707 674 4763 Verbo
701 4702 1186 4776 conjunctiouem
1216 4697 1278 4752 id
1306 4695 1540 4764 habuit,
1563 4698 1628 4749 ut
1654 4709 1764 4750 nec
1791 4708 1960 4749 serva
1983 4697 2137 4749 esset

483 4812 592 4852 nec
622 4797 856 4866 ignara.
898 4790 1123 4848 Eadem
1151 4787 1226 4843 de
1257 4800 1443 4842 causa
1473 4787 1702 4839 Patrem
1739 4785 1926 4837 Deum
1956 4796 2134 4837 suum

482 4887 736 4942 vocavit.
769 4881 1062 4950 Quaedam
1087 4891 1229 4934 vero
1253 4874 1470 4938 aiebat,
1495 4876 1559 4928 ut
1589 4887 1651 4927 se
1680 4870 1856 4927 nobis
1883 4869 2133 4926 manife-

486 4979 687 5043 staret,
716 4978 1108 5042 nostramque
1141 4967 1410 5022 ﬁrmaret
1437 4961 1642 5031 tidem,
1667 4959 1846 5016 veluti
1872 4975 2011 5015 cum
2043 4958 2132 5014 di-

482 5065 592 5119 xit:
613 5060 1094 5131 Pater,ctariﬁca
1114 5071 1208 5113 me
1223 5054 1504 5112 claritate
1530 5064 1710 5122 quam
1733 5049 1940 5113 habui,
1957 5049 2133 5118 prius

483 5169 661 5223 quam
681 5149 941 5208 mundus
962 5152 1126 5212 esset,
1150 5144 1316 5214 apud
1337 5143 1448 5198 te“.
1475 5139 1704 5196 Etenim
1724 5137 1852 5210 ipse
1877 5136 2126 5210 quidem

482 5249 537 5298 et
569 5246 708 5296 tunc
737 5237 1097 5296 clariﬁcatus
1130 5237 1274 5301 erat,
1303 5236 1360 5287 et
1403 5244 1565 5285 nunc
1595 5226 1993 5284 clariticatur:
2025 5240 2126 5281 ne-

552 5406 573 5438 ³
612 5405 783 5461 Joan.
812 5416 890 5468 xx,
924 5401 1012 5457 34.
1090 5397 1111 5434 ⁴
1151 5394 1352 5455 Matth.
1382 5409 1551 5465 xxvn,
1582 5392 1672 5448 46.

1749 5388 1774 5426 ⁸
1811 5391 1834 5444 1
1865 5387 1994 5443 Cor.
2023 5399 2127 5454 xv,
2154 5387 2246 5443 28.

2243 4514 2370 4564 Θεὸν
2425 4511 2610 4563 ἑαυτοῦ
2662 4511 2749 4561 τὸν
2807 4513 3013 4582 Πατέρα
3064 4509 3274 4562 ἐκάλεσε
3306 4527 3320 4541 ⁸
3360 4513 3425 4562 τὰ
3478 4507 3538 4563 δὲ
3596 4507 3689 4562 διὰ
3743 4513 3837 4568 τὴν

2241 4602 2366 4674 πρὸς
2430 4601 2569 4672 ἡμᾶς
2621 4601 2905 4674 φανέρωσίν
2956 4616 3011 4650 τε
3056 4604 3145 4650 καὶ
3197 4604 3399 4656 πίστιν.
3448 4599 3536 4661 Ὠς
3589 4602 3676 4666 τὸ,
3719 4599 3836 4650 Πά-

2241 4708 2356 4762 τερ,
2420 4685 2644 4751 δόξασόν
2704 4706 2768 4760 με
2826 4695 2887 4760 τῇ
2955 4683 3083 4760 δόξῃ
3247 4685 3391 4760 εἶχον
3429 4691 3531 4761 πρὸ
3595 4695 3686 4740 τοῦ
3745 4689 3835 4739 τὸν

2239 4783 2436 4851 κόσμον
2496 4773 2626 4828 εἶναι
2690 4777 2834 4849 παρὰ
2901 4781 3006 4832 σοί.
3062 4776 3228 4838 Αὐτὸς
3291 4780 3394 4850 γὰρ
3454 4773 3838 4849 sinicius-uiso;

2240 4863 2302 4925 ἦν
2353 4885 2407 4920 τε
2457 4870 2548 4918 καὶ
2611 4863 2789 4917 ἐστίν·
2856 4863 2962 4916 ἀλλ’
3029 4866 3154 4937 ἡμῖν
3219 4865 3314 4917 οὐκ
3371 4862 3432 4924 ἦν
3487 4868 3841 4940 φανερωθείσα

2238 4961 2328 5008 καὶ
2362 4956 2689 5008 πιστωθεῖσα
2729 4955 2759 5012 ἡ
2812 4950 2944 5016 δόξα
2991 4953 3150 5006 αὐτοῦ
3176 4968 3190 4984 ’
3223 4957 3291 5006 τὰ
3335 4950 3412 5020 δὲ,
3445 4957 3583 5006 κατά
3619 4959 3714 5013 τὴν
3743 4973 3839 5007 του

2239 5040 2538 5098 Ἰουδαϊκοῦ
2620 5049 2904 5118 προσώπου
2965 5036 3266 5098 οἰκείοισιν.
3354 5048 3454 5096 Καὶ

2239 5130 2508 5190 Ἰουδαίων
2547 5131 2780 5207 ἀριθμῶν
2829 5131 3046 5184 ἑαυτόν·
3097 5132 3161 5194 ὡς
3207 5135 3336 5207 πρὸς
3384 5136 3478 5190 τὴν
3529 5137 3842 5205 Σαμαρεῖτίν

2235 5242 2393 5297 φησιν
2436 5242 2452 5256 ·
2506 5220 2674 5294 Ὑμεῖς
2737 5229 3099 5294 προσκευνεῖτε
3165 5221 3190 5274 ὃ
3248 5221 3342 5274 οὐκ
3408 5217 3630 5275 οἶδατε’
3691 5223 3844 5293 ἡμεῖς

3534 5046 3664 5116 μετά
3737 5052 3841 5096 τῶν

2320 5385 2344 5420 δ
2380 5385 2552 5442 Joan.
2589 5387 2672 5452 t7,
2710 5387 2764 5442 5.

549 5550 623 5621 (3i)
664 5549 749 5605 De
791 5543 911 5618 ﬁde
949 5540 1309 5621 orthodoxa,
1337 5536 1444 5597 lib.
1473 5551 1550 5604 ιν,
1584 5547 1720 5608 cap.
1755 5533 1840 5602 18,
1872 5525 2013 5586 edit.
2059 5526 2383 5604 Lequienii,
2414 5529 2459 5588 t.
2500 5529 2542 5600 ῐ,
2575 5541 2636 5601 p.
2675 5527 2804 5584 286.
2835 5525 3100 5601 Carptim
3145 5529 3348 5586 tamen
3394 5525 3525 5584 haec
3571 5523 3813 5584 desumi

479 5620 897 5702 excerptorum
924 5620 1155 5679 auctor.
