4152 6208
402 240 405 243 ’
481 234 583 291 211

1814 231 2081 288 NICETE
2118 228 2503 286 CHONIATE.

3734 239 3839 293 212

484 377 747 437 nemque
766 362 1145 431 demonstro;
1170 366 1376 425 Deum,
1403 359 1765 416 sublimitate
1796 358 2091 413 sermonis
2120 375 2132 416 :

2247 373 2330 416 νος
2379 353 2604 425 ἐμαυτῷ,
2654 355 2779 408 ἀλλὰ
2819 354 3021 418 δεικνὺς
3059 360 3124 419 ὣς
3167 366 3291 422 Θεὸς
3344 361 3448 434 εἰμι
3498 367 3586 416 καὶ
3633 366 3841 437 ἄνθρω-

485 453 1177 523 hominem,humilitate.
1192 456 1390 523 Neque
1406 456 1603 506 tamen
1618 465 1721 505 cor
1731 455 1997 504 vestrum
2016 454 2134 503 tur-

486 541 681 609 betur,
708 544 852 615 quia
881 543 1001 598 dixi
1033 543 1227 598 vobis:
1262 542 1441 596 Pater
1461 556 1621 595 meus
1658 541 1858 608 major
1894 553 1986 593 me
2013 543 2131 604 est;

487 634 686 703 major
714 633 873 688 enim
892 638 980 688 est
1002 632 1102 688 illo
1122 632 1225 704 qui
1246 631 1326 686 ad
1347 646 1486 685 eum
1508 628 1813 693 vadit,non
1835 628 1934 683 illo
1952 627 2053 699 qui
2075 628 2135 682 in

486 723 622 794 ipso
652 727 769 789 est;
799 738 943 777 nam
974 728 1275 794 quatenus
1307 724 1460 776 Deus
1502 734 1658 782 sum,
1688 720 1749 773 in
1772 719 1942 772 Patre
1969 733 2133 787 sum;

492 815 790 884 quatenus
821 816 1022 868 autem
1052 812 1256 878 homo,
1279 810 1359 866 ad
1385 809 1618 865 Patrem
1637 807 1818 863 vado.
1837 806 1937 863 lllo
1960 806 2138 876 igitur

492 901 689 971 major
719 904 884 956 Pater
922 906 1027 965 est,
1059 900 1164 972 qui
1204 900 1280 954 ad
1305 900 1508 971 ipsum
1531 897 1693 953 vadit
1724 912 1882 963 ;non
1908 895 2006 950 illo
2033 895 2139 967 qui

492 1004 732 1060 semper
752 990 811 1044 in
836 990 966 1060 ipso
983 993 1088 1044 est.
1119 993 1305 1060 Atque
1325 993 1384 1042 ut
1406 987 1589 1042 verba
1611 986 1686 1041 ad
1710 983 2139 1055 compendium

495 1078 823 1145 conferam,
857 1080 1051 1149 major
1092 1078 1270 1133 simul
1300 1082 1387 1132 est
1423 1082 1602 1149 atque
1633 1074 1909 1147 aqualis:
1944 1074 2141 1144 major

494 1168 829 1223 sciscitante
854 1171 1025 1237 :Quot
1048 1183 1236 1238 panes
1269 1168 1563 1223 habetis”?
1579 1164 1825 1236 aqualis
1848 1163 2142 1235 populum

495 1258 841 1312 universum
863 1258 1133 1329 quinque
1158 1256 1421 1329 panibus
1447 1254 1740 1309 saturanti
1764 1271 1777 1308 :
1823 1253 2015 1321 major
2052 1252 2142 1306 in-

495 1350 857 1414 terrogante:
901 1347 1151 1402 Ubinam
1185 1348 1479 1401 Lazarum
1512 1344 1797 1413 posuistis
1825 1342 1916 1396 ιοε>
1944 1356 2141 1412 aqua-

496 1434 568 1491 lis
591 1436 873 1490 Lazarum
900 1436 1075 1504 jussu
1098 1434 1437 1490 suscitanti:
1468 1432 1663 1502 major
1693 1431 1960 1487 dicente:
2004 1429 2142 1495 Quis

495 1538 587 1579 me
625 1524 817 1593 tetigit
852 1524 892 1558 ¹¹
914 1524 941 1577 ‘I
990 1523 1240 1595 aqualis
1272 1527 1628 1594 perpetuum
1663 1518 2141 1575 hamorrhoissa

497 1610 729 1666 ﬂuxum
761 1613 985 1668 sistenti
1007 1629 1018 1666 :
1048 1613 1245 1682 major
1264 1611 1595 1667 dormiente
1615 1611 1675 1664 in
1696 1622 1924 1681 puppe,
1944 1624 2144 1679 aqua-

2245 462 2378 503 πός·
2429 447 2554 502 Θεὸς
2591 447 2680 515 μὲν
2723 444 2781 497 ἐκ
2825 455 2924 497 τῶν
2965 446 3198 516 ὑψηλῶν,
3234 449 3501 523 ἅνθρωπος
3548 448 3607 505 δὲ
3644 452 3698 504 ἐκ
3740 462 3841 505 τῶν

2245 541 2513 585 ταπεινῶν.
2578 533 2730 586 Ἀλλὰ
2785 540 2857 606 μὴ
2923 540 3266 609 ταρασσέσθω
3333 541 3474 610 ὑμῶν
3532 544 3562 598 ἡ
3618 540 3839 614 καρδία,

2246 625 2326 673 ὅτι
2391 620 2533 674 εἷπον
2585 624 2727 695 ὑμῖν,
2775 625 2833 676 Ὀ
2896 632 3075 699 Ηατήρ
3135 646 3235 698 μου
3295 630 3472 700 μείζον
3529 634 3629 703 μού
3684 630 3838 684 ἐστι·

2245 713 2436 781 μείζων
2491 714 2592 785 ’γάρ
2660 712 2770 764 ἐστι
2821 721 2911 765 τοῦ
2962 721 3303 788 πορευομένου
3355 722 3481 794 πρὸς
3545 720 3720 787 αὑτὸν,
3778 721 3840 774 οὐ

2247 806 2338 849 τοῦ
2388 803 2524 860 ὄντος
2574 799 2620 852 ἐν
2672 802 2811 872 αὐτῷ
2834 819 2846 831 ·
2900 807 2969 866 ως
3006 808 3106 877 γὰρ
3139 811 3263 866 Οεός
3299 807 3404 878 εἰμι
3438 807 3487 859 έν
3522 816 3593 877 τῷ
3626 816 3795 883 Πατρί
3823 832 3836 843 ·

2249 889 2381 940 ὥστε
2447 892 2515 949 ὡς
2576 893 2841 965 ἄνθρωπος
2913 898 3199 968 πορεύομαι
3268 901 3396 971 πρὸς
3458 900 3542 949 τόν
3612 904 3838 973 Πατέρα.

2252 976 2475 1029 Ἐκείνου
2520 977 2606 1030 οὖν
2654 983 2843 1053 μείζων
2896 984 2921 1034 ό
2955 989 3156 1056 Πατὴρ,
3202 994 3293 1036 τοῦ
3331 991 3672 1059 πορευομένου
3710 993 3842 1064 πρός

2252 1066 2424 1137 αὑτὸν,
2473 1068 2531 1119 οὐ
2574 1078 2664 1120 τοῦ
2697 1069 2775 1121 ἀεὶ
2825 1074 2968 1134 ὄντος
3007 1073 3055 1124 ἐν
3093 1073 3233 1145 αὐτῷ
3262 1095 3274 1106 ·
3325 1080 3413 1126 καὶ
3446 1078 3528 1127 ἵνα
3576 1084 3843 1150 συντόμως

2253 1158 2397 1221 εἴπω,
2448 1158 2638 1229 μείζων
2682 1158 2792 1211 ἐστὶ
2840 1167 2927 1213 καὶ
2976 1165 3124 1224 ἶσος·
3171 1166 3283 1223 ἶσος
3333 1172 3423 1216 τοῦ
3472 1164 3526 1216 ἐκ
3555 1169 3700 1218 πέντε
3744 1168 3842 1241 ἅρ-

2254 1265 2351 1295 των
2398 1242 2565 1318 δῆμον
2611 1247 2887 1321 ὁλόκληρον
2935 1256 3295 1323 κορενννντος·
3347 1253 3537 1325 μείζων
3584 1262 3675 1306 τοῦ
3724 1256 3846 1330 ἐρωο

2252 1343 2455 1401 τῶντος,
2503 1343 2609 1388 Ποῦ
2661 1342 2744 1389 τόν
2798 1340 3040 1413 Λάζαρον
3091 1343 3393 1408 τεθείκατε;
3451 1346 3566 1405 ἶσος
3610 1364 3701 1396 του
3760 1349 3847 1398 τὸν

2256 1424 2498 1499 Λάζαρον
2566 1424 2877 1488 ἀνιστὼντος
2941 1428 3075 1500 λόγῳ
3106 1449 3117 1460 ·
3186 1432 3376 1501 μείζων
3438 1441 3530 1484 τοῦ
3588 1432 3843 1504 λέγοντος,

2254 1517 2345 1572 Τίς
2392 1534 2491 1585 μου
2540 1514 2749 1585 ἦψατο;
2792 1521 2899 1577 ἶσος
2930 1527 3019 1568 τον
3065 1520 3158 1580 τὰς
3197 1518 3482 1583 ακενώτους
3532 1526 3706 1592 πηγὰς
3753 1530 3848 1584 τῆς

2257 1602 2642 1678 αἰμοῤῥοούσης
2699 1605 3048 1679 ξηράναντοςο
3107 1608 3295 1679 μείζων
3353 1618 3444 1662 τοῦ
3502 1608 3845 1674 καθεύδοντος

498 1702 571 1755 Iis
597 1701 749 1756 mari
777 1701 1108 1773 increpanti
1135 1722 1149 1757 :
1184 1702 1377 1771 major
1406 1716 1476 1755 eo
1506 1715 1687 1771 quem
1713 1698 2025 1752 damnavit
2052 1696 2132 1750 Pi-

2256 1691 2337 1742 ἐπὶ
2502 1696 2707 1765 πρύμνῃ
2735 1715 2747 1725 ·
2791 1698 2900 1754 ἶσος
2943 1703 3033 1747 τοῦ
3066 1695 3405 1768 ἐπιτιμῶντος
3457 1707 3517 1771 τῇ
3562 1699 3799 1773 Θαλάσσῃ
3829 1718 3842 1729 °

495 1789 685 1856 latus;
716 1791 961 1863 aqualis
985 1790 1038 1846 ei
1063 1790 1165 1863 qui
1188 1789 1483 1846 mundum
1502 1787 1890 1843 damnatione
1910 1785 2141 1840 liberat:

498 1878 693 1947 major
721 1894 791 1933 eo
812 1879 914 1951 qui
937 1879 1181 1950 alapam
1209 1893 1572 1949 crucemque
1595 1875 1873 1929 sustinuit
1900 1890 2036 1929 cum
2060 1873 2145 1928 la-

498 1966 800 2034 tronibus;
832 1967 1083 2040 aqualis
1103 1967 1155 2023 ei
1185 1967 1287 2039 qui
1324 1966 1617 2021 latronem
1648 1966 1831 2033 gratis
1856 1963 2141 2033 justiﬁca-

494 2055 612 2111 vit:
667 2058 863 2127 major
910 2073 980 2113 eo
1010 2057 1115 2129 qui
1144 2061 1307 2112 veste
1340 2056 1598 2111 nudatus
1633 2054 1760 2123 fuit,
1801 2052 2049 2124 aqualis
2087 2054 2140 2107 ei

494 2144 600 2217 qui
630 2146 899 2201 animam
931 2151 1139 2202 ornat:
1182 2144 1375 2216 major
1400 2160 1470 2199 eo
1500 2143 1593 2197 cui
1619 2144 1975 2215 propinatur
2006 2158 2140 2197 ace-

492 2237 621 2288 tum
647 2252 660 2302 ;
694 2233 944 2305 aqualis
970 2235 1022 2290 ei
1042 2234 1145 2306 qui
1168 2234 1480 2305 proprium
1512 2232 1869 2299 sanguinem
1899 2246 1971 2285 ex
2003 2231 2138 2286 vino

490 2320 663 2377 facit:
706 2323 903 2392 major
940 2339 1011 2377 eo
1041 2323 1144 2395 qui
1188 2321 1641 2377 dissolutionem
1679 2319 1885 2391 templi
1931 2320 2011 2389 (id
2051 2324 2140 2376 est

490 2410 758 2480 Corporis
789 2410 899 2480 sui)
918 2426 1136 2482 passus
1153 2416 1269 2473 est;
1295 2409 1540 2481 aqualis
1571 2409 1623 2463 ei
1651 2408 1757 2480 qui
1785 2425 1961 2463 suum
1995 2413 2138 2463 tem-

488 2495 654 2569 plum
686 2498 767 2567 (id
798 2505 885 2552 est
919 2500 1156 2569 corpus)
1190 2498 1534 2561 suscitavit;
1568 2497 1685 2561 illo,
1710 2497 1982 2568 inquam,
2013 2512 2135 2552 ma-

482 2585 599 2655 jor,
627 2586 765 2641 huic
796 2587 1065 2658 aqualis.
1096 2591 1155 2642 Et
1180 2589 1414 2641 iterum.
1444 2585 1615 2641 Haud
1642 2586 1914 2657 pluribus
1936 2587 2134 2641 verbis

486 2682 593 2729 Vos
624 2675 931 2733 morabor.
960 2676 1179 2745 Cernis,
1212 2676 1505 2743 haretice,
1539 2691 1806 2747 quonam
1836 2676 2029 2745 major
2060 2676 2132 2731 sit

482 2764 671 2832 Pater,
713 2779 783 2817 eo
812 2764 1095 2818 nimirum
1135 2763 1238 2836 qui
1279 2763 1399 2818 ait:
1432 2764 1574 2818 ‘Jam
1616 2765 1802 2831 plura
1834 2764 2130 2818 vobiscum

482 2864 602 2905 non
637 2852 854 2921 loquar
897 2853 984 2923 ¹²;
1010 2867 1131 2906 non
1169 2867 1240 2906 eo
1266 2851 1369 2923 qui
1411 2851 1586 2906 dicit:
1618 2853 1753 2906 Non
1793 2853 2131 2921 relinquam

481 2954 582 2995 vos
612 2940 975 3009 orphanos‘8
1001 2957 1014 3006 ;
1038 2942 1258 2996 etenim
1280 2940 1575 2995 vobiscum
1596 2956 1726 2995 sum
1754 2941 1987 2996 cunctis
2006 2941 2132 2995 die-
2166 2970 2205 3022 ρ

483 3028 586 3083 bus
617 3044 803 3100 usque
832 3030 915 3085 ad
940 3029 1145 3085 saeculi
1173 3030 1733 3085 consummationem
1762 3031 1825 3083 ιι.
1858 3061 1925 3069 -
1966 3030 2131 3085 Venit

475 3119 757 3187 princeps
790 3117 967 3187 huius
993 3119 1221 3183 mundi,
1256 3134 1443 3189 neque
1475 3123 1534 3172 in
1565 3133 1657 3172 me
1685 3119 2011 3190 quidquam
2038 3120 2131 3174 in-

476 3207 635 3262 venit
664 3207 731 3260 “.
760 3207 964 3263 Cernis
998 3222 1268 3278 quonam
1302 3207 1378 3261 sit
1408 3207 1604 3276 major
1629 3225 1642 3269 ;
1666 3205 1760 3260 ille
1784 3206 2007 3262 scilicet
2027 3208 2130 3279 qui

478 3310 680 3351 coram
711 3295 1082 3368 principibus
1106 3295 1430 3351 damnatus
1454 3295 1578 3365 fuit,
1603 3311 1725 3350 non
1744 3311 1814 3350 eo
1836 3297 1935 3368 qui
1960 3313 2132 3351 mun-

481 3384 625 3439 dum
658 3384 815 3440 fecit.
849 3386 1094 3455 Surgite
1119 3400 1317 3440 eamus
1351 3384 1490 3439 hinc
1515 3388 1578 3439 ¹⁶.
1615 3386 1884 3449 Quonam
1935 3385 2131 3453 major

478 3478 566 3527 est
592 3475 805 3529 Pater?
843 3489 1061 3545 nempe
1110 3473 1373 3529 dicente:
1408 3474 1672 3539 Eamus;
1717 3489 1838 3527 non
1872 3474 2124 3541 dicente,

478 3562 781 3618 Habitabo
803 3563 1099 3617 vobiscum
1123 3571 1175 3619 et
1199 3563 1586 3617 inambulabo
1610 3563 1749 3615 ¹⁷ο¹⁸.
1771 3594 1838 3602 —-
1854 3563 1981 3632 Ego
2002 3579 2127 3618 sum

498 3652 632 3705 vitis
655 3666 795 3705 vera
820 3652 893 3715 ‘9;
914 3650 1107 3704 cernis
1138 3666 1407 3721 quonam
1436 3650 1632 3720 major
1662 3650 1735 3704 sit
1765 3651 1938 3705 Pater
1952 3652 2124 3708 nimi-

479 3753 615 3794 rum
647 3738 878 3793 dicente
920 3756 933 3793 :
999 3739 1123 3807 Ego
1162 3754 1291 3793 sum
1344 3739 1517 3803 vitis;
1552 3753 1672 3792 non
1701 3738 1971 3795 dicente:
2006 3744 2127 3812 Ego

480 3841 688 3881 veram
718 3826 899 3882 vitem
931 3826 1219 3899 plantavi.

585 3951 647 4007 S.
686 3950 913 4021 Cyrilli
939 3966 1013 4008 ex
1044 3950 1290 4008 homilia
1314 3951 1377 4007 in
1410 3953 1618 4007 Ramos
1646 3951 2016 4009 Palmarum.

553 4117 605 4172 8.
630 4113 741 4169 Sed
764 4112 1044 4186 quamvis
1066 4112 1372 4169 rationalis
1388 4117 1603 4169 natura
1617 4117 1820 4169 nostra
1838 4129 2126 4187 persona-

2252 1780 2441 1850 μείζων
2495 1800 2583 1832 του
2638 1789 2934 1855 κρινομένου
2980 1784 3062 1836 ἐπί
3105 1786 3327 1838 Πιλάτου
3359 1808 3371 1820 ο
3421 1790 3536 1849 ἶσος
3592 1796 3683 1839 τοῦ
3736 1794 3849 1862 κρί-

2256 1887 2378 1928 σεως
2432 1868 2804 1942 ἐλευτεροῡντος
2860 1876 2944 1925 τὸν
2994 1879 3226 1946 κόσμον·
3283 1877 3474 1947 μείζων
3532 1884 3623 1927 τοῦ
3686 1877 3843 1950 ῥαπι-

2256 1960 2485 2029 ζομένου,
2537 1962 2725 2031 μείζων
2772 1970 2863 2013 τοῦ
2909 1969 3359 2037 συσταυρονμένου
3412 1963 3662 2037 λῃσταῖςο
3734 1967 3842 2025 ἶσος

2250 2054 2340 2098 τοῦ
2405 2053 2496 2105 τὴν
2557 2049 2754 2121 λῃστὴν
2807 2048 3130 2113 ὃικαιουντος
3196 2049 3428 2125 δωρεάν·
3496 2060 3684 2125 μείκων
3750 2061 3841 2107 τοῦ

2249 2140 2600 2207 γυμνουμένου
2650 2142 2741 2194 τὴν
2792 2137 3025 2198 ἐσθῆτα·
3076 2143 3193 2202 ἴσος
3239 2150 3329 2191 τον
3372 2140 3700 2203 στολίζοντος
3750 2145 3842 2198 τὴν

2248 2225 2433 2295 ψυχὴν
2466 2247 2478 2258 δ
2521 2225 2710 2297 μείζων
2762 2247 2853 2278 του
2916 2229 3255 2301 ποτιζομένου
3310 2230 3443 2292 ὅξος·
3488 2234 3600 2290 ἰσος
3643 2237 3732 2280 τοῦ
3784 2234 3843 2281 τὸ

2248 2320 2431 2366 οἰκεῖον
2472 2315 2823 2386 οἰνοχοοῦντος
2862 2318 2993 2389 αἷμα
3043 2320 3119 2389 (9)
3152 2335 3165 2348 ο
3221 2320 3410 2390 μείζων
3458 2326 3548 2370 τοῦ
3597 2318 3842 2391 λυομένου

2246 2423 2368 2454 ναου
2395 2426 2407 2436 ο
2454 2406 2566 2464 ἶσος
2595 2412 2685 2455 τοῦ
2734 2409 2818 2457 καὶ
2856 2409 2983 2478 μετὰ
3013 2412 3107 2464 τὴν
3149 2408 3297 2459 λύσιν
3348 2411 3435 2459 τὸν
3473 2410 3657 2460 οἰκεῖον
3703 2407 3843 2479 ἐγεί-

2245 2512 2429 2566 ραντος
2478 2499 2616 2544 ναόν·
2674 2492 2863 2547 ἐκείνου
2917 2497 3127 2568 μείζων,
3174 2500 3359 2549 τούτου
3410 2500 3543 2559 ἶσος.
3582 2502 3680 2549 Καὶ
3734 2499 3839 2549 ποί-

2244 2581 2321 2633 λιν
2352 2603 2365 2615 θ

2244 2675 2431 2743 ρετικέ,
2471 2677 2603 2732 τίνος
2649 2674 2839 2744 μείζων
2888 2674 3029 2726 ἐστιν
3082 2677 3107 2726 ό
3156 2682 3349 2750 Πατὴρ,
3405 2676 3497 2728 τοῦ
3561 2675 3785 2746 λέγοντος
3820 2696 3833 2708 θ

2432 2583 2619 2634 Οὐκέτι
2670 2583 2834 2635 πολλὰ
2883 2585 3093 2644 λαλήσω
3156 2588 3267 2658 μεθ’
3316 2589 3476 2658 ὑμῶν.
3527 2588 3705 2660 Ὀρᾴς,
3759 2590 3842 2638 αἱ-

2245 2760 2433 2812 Οὐκέτι
2484 2760 2649 2812 πολλά
2702 2762 2912 2819 λαλήσω
2977 2765 3087 2836 μεθ’
3150 2766 3329 2836 ὑμῶν·
3399 2766 3456 2817 οὗ
3519 2773 3607 2817 τοῦ
3663 2762 3834 2834 λέγον-

2243 2868 2361 2908 τος·
2419 2849 2528 2900 Οὐκ
2580 2849 2765 2921 ἀφήσω
2823 2854 2958 2924 ὑμᾶς
3022 2853 3309 2925 ὀρφανούς·
3370 2854 3482 2926 μεθ’
3538 2856 3675 2926 ὑμῶν
3728 2857 3830 2930 γάρ

2245 2937 2348 3009 εἰμι
2414 2942 2587 3000 πάσας
2662 2943 2755 2999 τὰς
2810 2944 3005 3013 ἡμέρας
3061 2945 3154 3003 ἕως
3218 2952 3311 3004 τῆς
3388 2944 3696 3008 συντελείας.
3766 2979 3832 2988 -

2241 3025 2489 3100 Ἔρχεται
2539 3030 2563 3079 ό
2624 3030 2806 3103 ἄρχων
2863 3039 2954 3082 τοῦ
3007 3037 3208 3104 κόσμου
3263 3038 3350 3084 καὶ
3403 3032 3451 3085 ἓν
3509 3033 3621 3107 ἐμοὶ
3674 3037 3831 3111 εὖρή-

2241 3135 2319 3167 σει
2374 3113 2543 3170 οὐδέν.
2604 3118 2756 3191 Ὀρᾴς
2812 3124 2949 3182 τίνος
3004 3122 3115 3173 ἐστὶ
3171 3121 3382 3193 μείζων,
3446 3130 3537 3174 τοῦ
3599 3129 3833 3199 κρινομέ-

2238 3224 2323 3256 νου
2393 3205 2470 3257 ἐπ⁹
2524 3206 2705 3277 ὄψεσιν
2754 3207 3043 3279 ἀρχόντων,
3102 3210 3160 3260 οὑ
3215 3218 3305 3262 τοῦ
3364 3216 3680 3273 ποιήσαντος
3739 3219 3830 3270 τὴν

2239 3294 2577 3367 οἰκουμένηνθ
2656 3297 2965 3371 Ἐγείρεσθε,
3056 3300 3259 3372 ἄγωμεν
3343 3299 3567 3352 ἐντενθεν
3615 3323 3628 3336 ·
3715 3304 3833 3375 ὁρᾷς

2236 3389 2373 3444 τίνος
2422 3384 2533 3436 ἐστὶ
2584 3386 2773 3457 μείζων
2808 3388 2833 3437 ὁ
2874 3392 3071 3460 Πατὴρ,
3128 3397 3218 3439 τον
3271 3387 3501 3459 λέγοντος
3539 3389 3778 3462 ’Ἄγωμεν
3810 3408 3822 3419 ³

2238 3473 2296 3524 οὗ
2368 3482 2458 3525 τοῦ
2519 3474 2753 3545 λέγοντος
2788 3497 2799 3509 ·
2865 3476 3148 3534 Ἐνοικήσω
3224 3476 3271 3528 ἐν
3338 3479 3459 3550 ὑμῖν
3519 3484 3609 3532 καὶ
3673 3486 3830 3551 ἐμπε-

2237 3569 2534 3636 ριπατήσω·
2608 3596 2677 3604 —
2746 3566 2876 3635 Ἐγώ
2932 3566 3037 3639 εἰμι
3103 3569 3132 3625 ἡ
3201 3567 3421 3638 ἄμπελος
3490 3571 3520 3626 ἡ
3586 3568 3828 3629 ἀληθινήο

2240 3658 2374 3725 Ορᾶς
2405 3658 2540 3714 τίνος
2571 3652 2683 3705 ἐστὶ
2720 3655 2912 3726 μείζων
2953 3660 2979 3707 ό
3013 3659 3213 3730 Πατὴρ,
3256 3664 3347 3708 τοῦ
3392 3656 3627 3728 λὴοντος
3651 3680 3663 3692 ο
3698 3659 3829 3730 Ἐγώ

2238 3740 2343 3812 εἰμι
2398 3744 2428 3800 ἡ
2490 3742 2756 3814 ἄμπελος·
2812 3744 2870 3795 οὐ
2935 3751 3027 3796 τοῦ
3086 3744 3341 3817 λέγοντος,
3401 3745 3531 3817 Ἐγὼ
3576 3746 3829 3818 ἐφύτευσα

2237 3831 2460 3902 ἄμπελον
2492 3831 2756 3891 ἀληθινήν.

2305 3962 2408 4009 Τοῦ
2435 3957 2589 4028 ἁγίου
2614 3957 2869 4033 Κυρίλλου
2896 3957 2951 4011 ἐκ
2980 3967 3071 4012 τοῦ
3105 3959 3175 4023 εἰς
3200 3963 3265 4014 τὰ
3292 3961 3420 4015 Βάία
3441 3959 3593 4031 λόγου
3620 3960 3753 4031 (10).

2308 4118 2375 4176 ηπ
2418 4118 2615 4190 ’Θμως,
2649 4120 2692 4172 εἰ
2721 4125 2809 4172 καὶ
2860 4122 3033 4179 amen
3066 4122 3182 4174 καθ’
3228 4124 3519 4175 ὑπόστασιν
3571 4129 3643 4191 τῷ
3674 4125 3831 4191 Λόγῳ

479 4203 609 4260 liter
638 4202 835 4258 Verbo
869 4203 1035 4258 unita
1068 4202 1196 4271 fuit,
1230 4218 1351 4257 non
1384 4206 1582 4258 tamen
1614 4206 1702 4258 est
1731 4207 1989 4276 aequata.
2019 4203 2129 4268 Qui

2245 4209 2268 4265 ἧ
2322 4207 2501 4279 λογικὴ
2563 4210 2707 4282 ἡμῶν
2764 4213 2939 4281 φύσις,
2997 4209 3104 4263 ἀλλ’
3150 4210 3245 4263 οὐκ
3299 4212 3503 4269 ὶσὼθηο
3561 4217 3674 4270 Πῶς
3727 4213 3829 4282 γὰρ

482 4292 641 4346 enim
670 4290 796 4345 ﬁeri
822 4295 1035 4362 potest,
1068 4295 1133 4346 ut
1154 4290 1477 4362 temporale
1508 4297 1853 4363 exaquetur
1871 4297 2127 4358 aterno;

480 4380 541 4436 id
569 4378 735 4450 quod
764 4378 975 4434 habuit
999 4379 1255 4445 initium,
1285 4381 1337 4434 ei
1368 4379 1531 4451 quod
1561 4381 1686 4435 sine
1717 4381 1881 4435 initio
1907 4383 2041 4436 est?
2066 4385 2131 4436 Et

477 4468 664 4542 paulo
694 4471 866 4539 post,
893 4467 1206 4533 Quomodo
1227 4468 1421 4538 inquit
1447 4489 1457 4522 :
1486 4470 1615 4537 Ego
1645 4476 1699 4525 et
1721 4468 1921 4536 Pater,
1946 4486 2125 4525 unum

476 4573 681 4613 sumus
702 4560 729 4613 φ
753 4555 832 4612 ob
864 4555 1167 4611 calestem
1199 4556 1418 4612 scilicet
1447 4562 1584 4612 ante
1614 4557 1832 4613 sacula
1855 4558 2129 4613 nativita-

474 4650 616 4703 tem.
650 4644 969 4712 Quomodo
995 4644 1177 4700 Pater
1214 4660 1377 4701 meus
1406 4647 1606 4714 major
1632 4660 1725 4701 me
1744 4651 1827 4701 est
1850 4649 1875 4699 γ
1904 4645 1983 4701 ob
2012 4649 2124 4702 ter-

470 4751 685 4793 renum
716 4751 788 4790 ex
818 4734 1053 4803 Virgine
1083 4738 1303 4800 ortum,

750 4825 1039 4895 Ejusdem
1069 4839 1144 4881 ex
1170 4838 1439 4880 sermone
1468 4823 1551 4880 ad
1576 4824 1830 4894 reginas.

538 4936 590 4988 9.
623 4936 695 4988 At
721 4932 1033 5004 quomodo
1073 4932 1124 4987 is
1151 4930 1380 5001 angelis
1422 4931 1620 4987 minor
1645 4930 1853 5000 evasit,
1885 4931 1989 5003 qui
2036 4931 2115 4988 ab

462 5021 575 5080 illis
596 5020 901 5088 adoratur,
945 5033 1186 5094 unaque
1214 5036 1351 5075 cum
1375 5023 1540 5076 Patre
1561 5021 1727 5090 regni
1755 5020 1970 5076 solium
2001 5021 2109 5076 ob-

2243 4297 2560 4355 ἰσωθήσεται
2622 4297 2693 4369 τῷ
2753 4305 3046 4372 προαιωνίῳ
3111 4304 3169 4352 τὸ
3224 4306 3572 4375 πρόσφατον;
3632 4300 3660 4358 ἡ
3725 4308 3831 4359 πῶς

2239 4388 2623 4459 ὁμοιωθήσεται
2648 4396 2717 4457 τῷ
2749 4386 2964 4459 ἀνάρχῳ
2996 4392 3052 4439 τὸ
3085 4391 3304 4461 ἔναρχον
3336 4407 3349 4456 ;
3385 4393 3484 4441 Καὶ
3511 4387 3621 4459 μετ’
3655 4386 3825 4458 ὀλίγα·

2238 4483 2355 4536 Πῶς
2404 4480 2597 4547 φησιν’
2662 4475 2782 4545 Ἐγὺ
2831 4481 2919 4529 καὶ
2973 4478 2998 4529 ὁ
3056 4481 3235 4548 Πατὴρ
3289 4480 3337 4530 ἓν
3376 4477 3565 4549 tants;
3606 4484 3667 4549 τῇ
3722 4478 3826 4527 ἄνω

2233 4576 2333 4646 πρὸ
2369 4575 2564 4623 αἰώνων
2601 4576 2853 4641 γεννήσει,
2886 4578 3017 4637 Πῶς,
3043 4571 3102 4623 Ὀ
3146 4577 3328 4644 Πατήρ
3367 4591 3467 4644 μου
3497 4574 3686 4644 μείζων
3724 4573 3825 4645 μού

2232 4661 2345 4714 ἰστι
2368 4678 2381 4729 ;
2414 4669 2476 4719 τῆ
2504 4663 2646 4712 κάτω
2684 4658 2739 4711 ἐκ
2765 4662 3025 4732 Παρθένου
3045 4665 3305 4732 γεννήσει.

2313 4829 2415 4876 Του
2451 4842 2610 4875 αυτου
2632 4824 2688 4874 ἑκ
2718 4841 2807 4874 του
2840 4841 2907 4882 εις
2929 4823 3020 4884 τὰς
3053 4820 3380 4896 βασιλίσσας
3416 4821 3572 4894 λόγου
3598 4825 3646 4893 (ί
3666 4824 3731 4893 1).

2298 4928 2357 4982 θ’.
2444 4936 2555 4989 Πῶς
2619 4924 2707 4980 οὖν
2782 4928 3077 4987 ἠλάττωται
3153 4931 3296 5002 παρὰ
3374 4932 3495 4991 τοὺς
3579 4927 3828 5000 ἀγγέλους

2221 5022 2247 5072 ὁ
2302 5022 2431 5092 πρὸς
2480 5017 2647 5069 αὐτῶν
2687 5020 3154 5090 φροσκυνούμενος,
3236 5019 3263 5069 ό
3313 5014 3562 5093 σύνεδρος
3602 5022 3821 5091 “arpi;

532 5150 552 5182 θ
577 5143 782 5203 Matth.
819 5160 914 5209 xv,
951 5148 1036 5199 34.
1145 5146 1190 5180 ¹⁰
1219 5148 1491 5211 Joan,x1,
1522 5148 1608 5201 34.
1718 5146 1758 5179 ¹¹
1802 5147 1974 5200 Marc.
2003 5161 2062 5212 v,
2095 5149 2183 5201 31.

454 5222 544 5276 20.
632 5217 675 5251 ⁸⁵
707 5217 882 5272 Joan.
912 5232 1029 5281 xw,
1064 5220 1153 5273 30.
1233 5219 1278 5252 ¹⁶
1305 5215 1452 5271 ibid.
1480 5219 1565 5273 31.
1672 5216 1789 5257 ¹⁷-¹⁸
1818 5216 1997 5273 Levit.
2028 5233 2179 5283 XXVI,
2216 5220 2301 5271 l2.

523 5343 598 5412 (9)
653 5343 941 5412 Notemus
994 5340 1067 5396 de
1125 5339 1516 5412 eucharistica
1567 5339 2069 5412 transsubstantia

446 5410 605 5471 tione
646 5411 1056 5469 testimonium
1099 5410 1459 5466 catholicum
1498 5411 1874 5466 ecclesiastici
1908 5411 2091 5465 Patris

442 5485 620 5544 valde
666 5480 902 5551 nobilis,
945 5482 1052 5556 qui
1090 5480 1309 5538 saculo
1356 5487 1569 5555 quarto
1612 5487 1750 5554 post
1791 5480 2089 5537 Christum

2278 5145 2323 5179 ¹³
2352 5146 2502 5198 Joan
2523 5158 2639 5209 xuv,
2673 5144 2757 5196 30.
2867 5142 2912 5177 ’³
2941 5141 3084 5198 ibid.
3123 5143 3207 5198 18.
3306 5144 3350 5177 ³⁸
3382 5142 3580 5199 Matth.
3608 5157 3818 5204 xxvm,

2409 5217 2448 5249 λθ
2480 5216 2642 5269 Joan.
2677 5229 2769 5277 xv,
2799 5215 2850 5268 1.

2199 5338 2483 5395 ﬂorebat.

2277 5416 2389 5479 (10)
2417 5409 2567 5482 Edit.
2600 5407 2780 5482 Paris,
2813 5412 2850 5463 ι.
2880 5410 2945 5469 V,
2985 5413 3135 5482 part.
3166 5424 3226 5480 ιι,
3260 5424 3323 5479 p.
3345 5412 3474 5482 497,
3502 5412 3625 5464 498.

2273 5481 2387 5553 (11)
2412 5479 2564 5536 Edit.
2597 5479 2689 5534 cit.
2734 5485 2775 5533 t.
2798 5496 2849 5545 v,
2881 5479 3032 5551 part.
3066 5496 3127 5547 ιι,
3155 5495 3215 5554 p.
3249 5483 3367 5543 133.
3410 5481 3474 5535 D.
