4152 6208
24 5856 61 5885 ν..

24 5892 49 5943 ᾗ

473 226 586 321 sit:
1811 246 2084 308 manu:
2128 246 2157 307 c

2268 247 2500 309 ΝῙΑἸῈ
3727 261 3836 320 216

477 380 822 456 majorem?
875 377 1046 439 Haud
1098 392 1230 451 ego,
1289 373 1503 450 inquit,
1551 375 1708 444 dico,
1760 374 1869 432 sed
1915 372 2136 432 dicenti

2268 382 2334 428 ὀὗ
2371 377 2533 445 Υὶοῦ;
2570 377 2682 432 Οῦκ
2724 377 2842 455 ἑγὼ,
2884 386 3035 456 φησὶ,
3062 382 3212 457 λέγω,
3245 382 3373 439 ἀλλα
3408 404 3480 457 τῳ
3506 383 3706 458 λέγοντι
3727 391 3839 441 πεί-

480 473 684 533 credo.
714 473 974 545 Ipsemet
1000 468 1164 526 enim
1193 468 1276 525 ait
1308 485 1322 523 :
1356 466 1469 535 Qui
1496 467 1771 525 misitme
1792 467 1991 535 Pater,
2011 479 2134 522 ma-

2268 469 2422 539 lopcu.’
2455 467 2606 533 οὗτος
2629 471 2729 544 γὰρ
2750 469 2894 526 ἐστιν
2915 474 2941 526 ό
2964 473 3139 527 εἰπών’
3161 473 3220 527 '0
3241 473 3547 537 ἀποστείλας
3562 495 3626 548 με
3656 480 3836 553 Πατὴρ

472 568 581 637 jar
608 578 701 621 me
729 567 834 620 est.
872 559 929 617 Si
957 558 1179 617 dicenti
1206 556 1423 626 credis,
1450 556 1578 628 jam
1605 561 1672 613 tu
1696 572 1735 614 a
1757 554 2137 614 contentione

2268 556 2436 618 ιείξων
2465 560 2565 631 μού
2597 557 2759 617 ἐστιν.
2791 562 2852 614 Εἰ
2875 571 2947 635 τῷ
2975 562 3174 635 λέγοντι
3201 567 3375 638 πείθῃ,
3404 572 3607 619 παῦσον
3644 570 3735 619 καὶ
3770 569 3839 619 σὺ

483 652 723 719 desiste,
758 654 815 706 et
838 664 951 719 ego
980 663 1224 721 quoque
1253 646 1527 718 linguam
1555 644 1871 707 cohibebo.
1900 644 2137 718 ipsique

2268 649 2339 704 ’ὴν
2363 648 2548 718 μάχην
2599 648 2746 721 κάγὼ
2795 650 3030 705 συστελῶ
3067 656 3161 712 τὴν
3199 652 3445 724 γλῶσσαν
3471 673 3485 688 ο
3538 656 3625 706 καὶ
3666 650 3840 727 δῶμεν

486 742 633 802 Filio
658 740 1081 813 permittamus
1128 736 1353 810 proprii
1383 736 1677 795 sermonis
1704 735 2140 809 interpretatio-

2268 743 2319 806 ’ᾧ
2365 738 2470 807 Υἰῷ
2494 740 2581 790 τόν
2610 738 2795 793 οἰκεῖον
2833 740 2983 813 λόγον
3031 741 3366 816 ἑρμηνεῦσαι,
3390 742 3514 796 Εἰπὶ
3539 750 3689 815 γοῦν,
3713 746 3842 797 Δέσ-

485 846 650 889 nem.
677 828 788 886 Ain
818 842 981 898 ergo,
1016 826 1287 897 Domine,
1339 842 1446 883 cur
1485 825 1670 883 modo
1707 824 1894 882 dicis:
1922 825 2055 896 Ego
2084 829 2140 882 et

2268 843 2401 892 τοτα,
2458 823 2605 881 διατί
2642 832 2766 883 ποτε
2801 833 2892 903 μεν
2939 830 3126 903 λέγεις’
3176 830 3304 904 Ἐγὼ
3335 837 3426 884 καὶ
3481 833 3508 884 ό
3556 836 3738 907 Πατὴρ
3788 832 3842 886 ἕν

488 922 667 979 Pater
697 933 882 975 unum
933 931 1171 981 sumus;
1203 914 1387 972 modo
1427 919 1667 971 autem:
1724 913 1839 981 Qui
1864 915 2023 970 misit
2053 928 2142 970 me

2268 918 2422 988 ὶσμεν,
2464 921 2587 971 ποτε
2635 914 2713 985 δὲ,
2741 918 2799 972 '0
2852 918 3159 984 ἀποστείλας
3210 940 3275 994 με
3312 924 3494 995 Πατὴρ
3519 922 3711 994 μείζων
3739 924 3843 995 μού

487 1012 692 1078 Pater,
716 1008 917 1077 major
940 1020 1031 1062 me
1049 1008 1182 1061 est?
1208 1004 1267 1061 Si
1296 1004 1511 1076 major,
1528 1003 1839 1077 quomodo
1857 1002 2143 1076 aequalis?

2268 1005 2388 1059 ἔστιν
2414 1023 2427 1073 ;
2459 1006 2519 1060 Εἰ
2547 1008 2755 1080 μείζων,
2788 1018 2894 1071 πῶς
2920 1014 3074 1078 ἴσος;
3107 1010 3151 1064 εἰ
3196 1014 3331 1077 ἴσος,
3378 1018 3483 1073 πῶς
3519 1011 3737 1083 μείζωνς
3765 1013 3848 1064 Τὰ

496 1099 547 1154 si
568 1096 839 1170 aequalis,
881 1092 1193 1166 quomodo
1218 1092 1461 1163 major?
1497 1093 1643 1163 Ego,
1671 1091 1887 1165 inquit,
1918 1095 2141 1146 utrum-

2268 1092 2350 1149 Nc
2378 1094 2511 1167 λέγω
2534 1116 2550 1131 ο
2583 1094 2761 1157 ἐπειδὴ
2790 1104 2879 1153 καὶ
2909 1104 3097 1169 μείζων
3122 1119 3223 1173 μου
3254 1098 3367 1153 ἐστὶ
3403 1104 3493 1153 καὶ
3530 1102 3641 1161 ἶσος
3662 1121 3676 1134 ·
3708 1102 3848 1153 κατὰ

488 1203 614 1259 que
635 1184 871 1241 afﬁrmo
904 1200 918 1239 :
948 1197 1092 1239 nam
1122 1185 1181 1238 et
1205 1182 1404 1251 major
1429 1196 1526 1237 me
1556 1185 1661 1249 est,
1697 1187 1753 1238 et
1772 1179 1920 1237 mihi
1943 1194 2146 1253 aequa-

2268 1188 2347 1242 τὴν
2380 1186 2596 1244 θεότητα
2625 1190 2760 1253 ἶσος,
2802 1191 2937 1241 κατά
2973 1194 3062 1247 τὴν
3121 1193 3411 1261 οἰκονομίαν
3461 1189 3675 1262 μείζων.
3702 1188 3851 1251 Ἰσος

493 1273 565 1328 lis
594 1288 607 1327 :
640 1284 860 1342 nempe
892 1267 1228 1324 secundum
1272 1265 1664 1334 divinitatem,
1721 1265 2010 1338 aequalis;
2057 1280 2147 1321 se-

2268 1272 2414 1327 κύτοῦ
2466 1274 2592 1348 εἰμι,
2643 1273 2823 1335 ἐπείδὴ
2880 1276 2932 1341 ἐξ
2979 1278 3138 1331 αὑτοῦ
3186 1278 3498 1349 ἐγεννήθην·
3530 1278 3719 1351 μείζων
3745 1297 3850 1353 μου

498 1360 767 1419 cundum
822 1356 1321 1423 incarnationem,
1366 1357 1582 1427 major.
1638 1359 1759 1427 Ego
1792 1354 2037 1428 aequalis
2065 1354 2148 1411 illi

2268 1363 2414 1437 ἔστὶν,
2448 1361 2627 1425 ἐπειδὴ
2662 1365 2717 1419 ἐκ
2745 1375 2840 1430 τῆς
2866 1370 3129 1442 Παρθένον
3153 1366 3322 1441 ἑγεννή
3334 1368 3447 1427 θῆν.

498 1467 656 1515 sum,
688 1452 990 1522 quatenus
1019 1446 1098 1505 ab
1138 1461 1211 1503 eo
1257 1446 1493 1517 genitus
1526 1464 1540 1502 :
1569 1446 1765 1517 major
1791 1444 1887 1501 ille
1916 1459 2014 1501 me
2039 1446 2146 1512 est,

496 1544 795 1615 quatenus
823 1553 936 1609 ego
966 1552 1039 1593 ex
1062 1536 1295 1608 Virgine
1323 1539 1500 1592 natus
1528 1551 1685 1592 sum.

496 1650 598 1708 Ea:
628 1647 879 1718 epistola
907 1646 972 1703 S.
999 1643 1212 1718 Leonis
1234 1658 1409 1713 papae
1455 1644 1731 1718 Romani,
1764 1658 1896 1716 qum
1923 1642 2151 1699 dicitur

1637 1659 1731 1726 Em:
1764 1658 1896 1716 qua?
1923 1655 2151 1699 αῖετεαν
2259 1656 2389 1711 Ἀπὸ
2418 1665 2514 1718 τῆς
2544 1655 2821 1731 ὶπιστολῆς
2848 1664 2940 1710 τοῦ
2971 1655 3119 1731 ἁγίου
3159 1660 3373 1731 Adoreo;
3422 1658 3613 1731 ποξππα
3650 1655 3854 1731 Ῥώμης

997 1717 1279 1773 columna
1306 1721 1481 1772 rectas
1502 1716 1661 1783 ﬁdei.
2176 1733 2222 1788 Β

2496 1737 2591 1791 τῆς
2618 1728 2891 1802 λεγομένης
2924 1726 3118 1791 στῆλης
3145 1726 3452 1805 όρθοδοξίας

569 1830 659 1883 13.
692 1828 777 1881 Ita
805 1839 930 1880 non
958 1822 1233 1894 ejusdem
1275 1824 1505 1878 naturae
1544 1826 1635 1878 est
1679 1821 1912 1878 dicere:
1941 1822 2071 1892 Ego
2096 1827 2151 1878 et

501 1920 682 1974 Pater
704 1930 893 1971 unum
913 1926 1154 1982 sumus;
1179 1916 1237 1968 et
1256 1911 1451 1967 dicere
1476 1928 1489 1966 :
1512 1912 1695 1968 Pater
1714 1915 1912 1983 major
1930 1928 2021 1970 me
2045 1919 2148 1969 est.

502 2005 791 2075 Quamvis
821 2004 981 2060 enim
1012 2002 1075 2059 in
1106 2002 1360 2058 Domino
1385 2004 1527 2058 Jesu
1558 2003 1791 2058 Christo
1840 2003 1940 2059 Dei
1966 2007 2022 2059 et
2049 2004 2153 2060 ho-

501 2095 680 2153 minis
708 2109 834 2149 una
856 2106 1119 2165 persona
1148 2090 1258 2156 sit;
1292 2089 1455 2146 aliud
1504 2095 1706 2147 tamen
1754 2097 1863 2157 est,
1903 2093 2065 2149 unde
2094 2094 2156 2149 in

502 2191 759 2257 utroque
806 2180 1148 2239 communis
1194 2185 1287 2236 est
1334 2180 1719 2247 contumelia,
1774 2181 1939 2238 aliud
1995 2182 2156 2239 unde

506 2272 848 2335 communis
880 2275 971 2327 est
999 2270 1207 2340 gloria.
1232 2272 1312 2325 De
1332 2274 1538 2327 nostro
1559 2272 1720 2327 enim
1740 2270 1821 2327 illi
1848 2277 1935 2329 est
1960 2274 2158 2331 minor

505 2368 675 2423 Patre
704 2360 1087 2430 humanitas;
1135 2359 1211 2417 de
1250 2359 1419 2418 Patre
1462 2357 1545 2416 illi
1602 2366 1689 2416 est
1719 2360 1967 2438 aequalis
2019 2377 2158 2418 cum

508 2457 677 2511 Patre
706 2450 1003 2508 divinitas.

2335 1835 2420 1908 ιγ’.
2449 1836 2627 1897 Οῦτως
2653 1837 2709 1889 οῦ
2741 1845 2837 1899 τῆς
2865 1836 3024 1898 αὐτῆς
3044 1835 3155 1890 ἔστι
3185 1840 3384 1909 φύσεως
3414 1840 3471 1889 τὸ
3494 1835 3657 1907 λέγειν
3684 1856 3697 1870 ·
3718 1835 3854 1908 Ἐγὼ

2261 1929 2399 1981 καὶὸ
2428 1932 2606 2002 Πατὴρ
2637 1930 2686 1980 ἓν
2716 1930 2864 2000 ἔσμεν
2883 1945 2895 1959 ’
2928 1932 3018 1980 καὶ
3063 1931 3119 1981 τό
3167 1926 3327 1999 λέγειν
3351 1943 3363 1956 ⁸
3412 1926 3471 1979 '0
3520 1931 3701 2001 Πατὴρ
3749 1946 3854 1999 μου

2262 2018 2453 2091 μείζων
2481 2036 2580 2091 μου
2612 2016 2752 2069 ἐστιν
2778 2038 2790 2051 ’
2823 2017 2868 2069 εἰ
2908 2022 2999 2069 καὶ
3046 2019 3113 2069 τά
3161 2016 3389 2090 μάλιστα
3424 2019 3525 2092 γὰρ
3552 2014 3599 2068 ἐν
3624 2025 3697 2087 τῷ
3724 2022 3857 2068 Δεσ-

2263 2111 2396 2179 πότη
2428 2112 2600 2164 Ἰησοῦ
2630 2113 2866 2181 Χριστῷ,
2899 2114 2989 2158 τοῦ
3044 2113 3176 2159 Θεοῦ
3229 2110 3318 2158 καὶ
3369 2113 3460 2157 τοῦ
3511 2103 3780 2179 ἀνθρώπου
3808 2104 3859 2158 ἓν

2267 2196 2380 2250 ἐστι
2435 2201 2731 2271 πρόσωπον,
2788 2198 2921 2269 ὅμως
2986 2196 3151 2269 ἔτερόν
3214 2195 3354 2247 ἐστιν
3403 2193 3560 2246 ἐκεῖνο
3609 2192 3662 2257 ἐξ
3708 2194 3768 2246 οὗ
3807 2193 3859 2245 ἐν

2267 2287 2489 2360 ἐκατέρῳ
2528 2289 2695 2338 κοινόν
2728 2284 2839 2337 ἐστι
2867 2288 2926 2338 τό
2969 2294 3065 2346 τῆς
3120 2284 3314 2359 ὕϐρεως
3338 2301 3350 2313 ·
3383 2287 3472 2336 καὶ
3501 2284 3688 2355 ἕτερον,
3722 2281 3775 2348 ἐξ
3800 2283 3862 2339 οὗ

2268 2380 2435 2430 κοινὸν
2465 2378 2523 2428 τό
2545 2383 2640 2437 τῆς
2670 2371 2829 2437 δόξης
2859 2375 3205 2433 καθέστηκεν
3238 2372 3290 2435 ἐξ
3320 2374 3464 2445 ἡμῶν
3486 2376 3574 2445 μεν
3594 2374 3697 2443 γάρ
3720 2370 3861 2426 ἐστιν

2271 2465 2411 2537 αὐτῷ
2443 2467 2473 2524 ἠ
2508 2464 2739 2517 ἐλάσσων
2771 2483 2861 2517 του
2894 2468 3099 2536 Πατρός
3142 2462 3505 2537 ἀνθρωπότης·
3541 2460 3642 2513 ἀπὸ
3672 2457 3707 2513 δ
3712 2465 3733 2514 ξ
3770 2480 3863 2515 του

2271 2559 2473 2630 Πατρός
2502 2554 2639 2609 ἐστιν
2666 2553 2806 2626 αὐτῷ
2835 2556 2861 2613 ὁ
2892 2555 3022 2629 μετὰ
3055 2560 3146 2607 τοῦ
3178 2555 3380 2626 Πατρός
3408 2555 3500 2610 ἴση
3536 2552 3737 2611 θεοτης.

511 2634 572 2692 S.
605 2632 915 2690 Anastasii
939 2630 1270 2701 capitulum
1300 2630 1614 2698 septimum
1645 2645 1719 2688 ex
1742 2630 2035 2689 sexdecim
2060 2629 2162 2686 ad-

984 2717 1187 2759 versus
1214 2702 1689 2773 Mancphysitas.

592 2816 674 2869 14.
711 2811 822 2879 Qui
852 2809 1270 2884 philosophice
1294 2808 1389 2864 vel
1408 2808 1971 2883 potiusinsipienler
1998 2809 2168 2867 aiunt

517 2918 761 2962 carnem
814 2900 1034 2957 factam
1084 2913 1215 2953 esse
1263 2897 1536 2954 divinam
1588 2904 2013 2971 aequatumque
2067 2898 2157 2957 Dei

2349 2911 2440 2973 ιδ’.
2480 2915 2546 2967 Οἱ
2576 2913 2881 2986 φιλοσόφως,
2922 2911 3112 2985 μᾶλλον
3153 2907 3213 2964 δε
3265 2908 3469 2983 ἀσόφως
3518 2908 3744 2981 λέγοντες
3787 2908 3869 2960 ὅτι

514 2992 731 3058 Verbo,
789 2989 995 3046 dicant
1048 2985 1225 3075 nobis
1276 2991 1474 3041 utrum
1516 2986 1682 3043 haud
1729 2986 2157 3045 contrectabilis

2278 3003 2541 3061 ἀπεθεώθη
2583 3008 2673 3057 καὶ
2723 3002 2887 3061 ἰσώθη
2928 3004 2957 3061 ἡ
3008 3000 3141 3075 σάρξ
3168 3008 3240 3070 τῷ
3278 3006 3410 3052 Θεοῦ
3448 3003 3621 3070 Λόγῳ,
3656 3000 3869 3051 εἴπωσιν

518 3096 783 3156 quoque,
810 3074 1149 3144 invisibilis,
1197 3079 1253 3132 et
1297 3074 1816 3147 incircumscripta
1867 3081 2003 3149 post
2029 3092 2157 3133 con-

2278 3098 2403 3168 ημῖν
2434 3094 2477 3147 εἰ
2506 3095 2608 3169 ἄρα
2638 3097 2729 3145 καὶ
2758 3091 3129 3164 ἀψληλάφητος
3167 3095 3253 3143 καὶ
3290 3092 3508 3163 ἀόρατος
3550 3092 3640 3142 καὶ
3666 3086 3873 3160 ἀπερίγν

513 3171 886 3243 junctionem
915 3181 1054 3222 cum
1087 3164 1187 3220 Dei
1213 3163 1404 3219 Verbo
1445 3180 1585 3220 caro
1615 3164 1886 3221 evaserit.
1921 3164 2092 3233 Quod
2122 3166 2171 3224 si

519 3262 603 3317 ita
626 3264 733 3328 est,
762 3254 1096 3313 incarnatio
1125 3253 1373 3326 quidem
1400 3252 1547 3308 nihil
1584 3252 1746 3309 aliud
1773 3253 1887 3309 nisi
1914 3255 2169 3329 phanta-

514 3353 611 3408 sia
641 3352 1066 3422 spectrumque
1095 3348 1202 3400 est.
1236 3342 1341 3399 Sin
1374 3358 1512 3399 vero
1549 3343 1660 3401 has
1702 3343 2021 3417 qualitates
2048 3360 2157 3401 non

2280 3362 2325 3416 εἰ
2368 3360 2420 3416 δ’
2447 3362 2505 3415 οῦ
2536 3382 2702 3416 ταυτα
2741 3364 2895 3434 ἔσχεν
2925 3362 2954 3420 ἠ
3004 3358 3154 3433 σάρξ,
3200 3366 3308 3423 πῶς
3366 3357 3527 3418 ἰσώθη
3561 3364 3633 3429 τῷ
3664 3354 3877 3431 ἀπεριγσ

521 3440 720 3506 habet,
750 3434 1063 3510 quomodo
1079 3437 1317 3509 aequata
1339 3437 1428 3489 est
1448 3433 1966 3506 incircumscripto
1994 3439 2157 3508 atque

2279 3441 2456 3529 ράτῖτῳ
2487 3451 2632 3522 (16);

2270 2736 2361 2791 Ἐκ
2390 2742 2489 2787 τῶν
2517 2730 2701 2797 δεκαὲξ
2728 2732 3013 2806 κεφαλαίων
3042 2740 3140 2784 τῶν
3171 2734 3303 2785 κατά
3348 2737 3446 2806 τρν
3493 2734 3866 2801 Μονοφνσιτῶν

2556 2825 2647 2860 του
2679 2798 2828 2879 ἀγίοῦ
2860 2804 3207 2857 Ἀναστασίου
3238 2806 3296 2855 τό
3336 2798 3577 2874 ἕϐδομον.

2277 3203 2465 3260 ραπτος
2491 3185 2621 3257 μετά
2656 3187 2751 3241 τὴν
2799 3182 2979 3235 ἕνωσιν
3017 3183 3047 3239 ἡ
3093 3179 3226 3254 σάρξ
3262 3188 3333 3250 τῷ
3379 3186 3493 3251 Θεῷ
3522 3184 3691 3249 Λόγῳ.
3725 3176 3784 3230 Εἰ
3816 3173 3874 3229 δὲ

2279 3281 2451 3340 τοῦτο,
2509 3277 2768 3346 φαντασία
2817 3273 3020 3333 παντως
3070 3275 3160 3323 καὶ
3222 3271 3448 3329 δόκησις
3489 3270 3517 3329 ἠ
3566 3267 3833 3339 οἰκονομία
3859 3285 3873 3301 ο

520 3525 852 3585 invisibili?

523 3636 585 3694 S.
622 3632 899 3704 Gregorii
923 3632 1279 3705 Nyssepiex
1297 3643 1567 3705 sermone
1594 3628 2012 3705 tlediainitate
2030 3630 2155 3687 Fili

2281 3637 2384 3687 Τοῦ
2416 3628 2565 3703 ἀγίου
2600 3634 2888 3705 Γρηγορίον
2927 3634 3018 3705 τοῦ
3048 3630 3269 3688 Νῦσσης
3308 3624 3369 3705 ixi
3393 3631 3481 3705 τοῦ
3518 3624 3670 3695 λόγου
3717 3622 3877 3705 αὐτοῦ

758 3650 899 3701 γον-ιι
923 3650 1180 3701 λνῃεεεηι
1203 3650 1279 3686 ea:
1297 3650 1567 3686 sermone
1594 3650 1668 3685 ae
1691 3650 2012 3687 awmuate
2030 3650 2152 3687 rm

758 3705 1069 3776 sanctique
1098 3703 1379 3773 Spiritus,
1411 3706 1467 3758 et
1496 3700 1567 3756 de
1594 3699 1961 3757 Abrahamo.

2290 3650 2384 3687 «ι’ου
2416 3650 2565 3703 αγιου
2600 3650 2888 3756 ιὸρηγοριου
2927 3650 3018 3680 του
3050 3650 3269 3688 nucem;
3308 3650 3361 3679 ικ
3393 3650 3481 3677 του
3518 3650 3670 3695 Λόγου
3717 3650 3877 3675 «υτον

2354 3710 2443 3757 τοῦ
2473 3707 2600 3776 περὶ
2658 3708 2864 3776 εότητος
2892 3703 3015 3757 Υὶοῦ
3044 3706 3134 3756 καὶ
3173 3704 3318 3774 αγίου
3346 3698 3637 3771 Πνεῦματος
3676 3700 3765 3747 καὶ
3803 3694 3879 3756 είς

2354 3778 2442 3829 τὸν
2473 3774 2711 3850 Ἀϐραάμ
2731 3775 2869 3847 (ιτ).

602 3889 688 3944 15.
737 3887 882 3942 Cum
935 3883 1113 3953 igitur
1141 3878 1402 3935 Verbum
1451 3877 1613 3948 dicit,
1643 3893 1704 3935 se
1733 3894 1846 3934 non
1870 3893 2045 3949 posse
2078 3880 2157 3953 fa

2361 3880 2437 3941 ιε’.
2465 3880 2627 3935 Ὀταν
2672 3882 2759 3936 οὖν
2807 3881 3157 3955 ἀποφαίνηται
3200 3880 3225 3932 ὁ
3262 3877 3410 3949 λόγος
3447 3877 3527 3927 ὅτι
3565 3873 3623 3926 οῦ
3656 3869 3879 3925 δύναται

531 3993 681 4041 cere,
712 3974 1101 4050 perspicuum
1158 3972 1249 4024 est
1295 3981 1419 4023 non
1470 3966 1676 4023 deitati
1726 3967 2017 4037 unigeniti
2058 3968 2157 4026 Fili

2287 3980 2470 4042 ποιεῖν,
2503 3969 2661 4033 δῆλον
2681 3974 2761 4025 ὃτι
2790 3972 2918 4044 οὐχὶ
2955 3980 3017 4045 τῇ
3054 3973 3255 4028 θεότητι
3292 3975 3383 4023 τοῦ
3428 3971 3747 4036 Μονογενοῦς
3783 3967 3878 4022 τὴν

530 4064 949 4140 impotentiam
967 4058 1316 4124 attribuere;
1344 4055 1449 4112 sed
1471 4056 1941 4114 imbecillitatem
1962 4064 2157 4116 nostra

2290 4060 2585 4137 ἀδυναμίαν
2615 4064 2987 4136 προστίθησιν,
3018 4060 3144 4113 ἀλλά
3169 4067 3230 4133 τῇ
3263 4058 3500 4129 ἀσθενείᾳ
3520 4065 3610 4115 τῆς
3634 4056 3884 4128 ἡμετέρας
3930 4119 3934 4122 ﬁ

532 4161 763 4213 naturae
815 4150 1207 4222 impotentem
1260 4161 1389 4202 esse
1421 4146 1639 4202 testari.
1701 4146 1944 4205 Inﬁrma
1981 4152 2157 4205 auten

2292 4156 2487 4228 φύσεως
2508 4159 2903 4229 προσμαρτυρεῖ
2924 4156 2982 4205 τὸ
3009 4148 3287 4204 ἀδύνατον.
3316 4147 3559 4207 ’Λσθενὴς
3586 4142 3643 4197 δὲ
3668 4147 3696 4204 η
3728 4142 3881 4217 σὰρξ,

534 4260 675 4301 caro
701 4245 810 4306 est,
838 4235 1362 4311 quemadmodum
1411 4236 1699 4308 scriptum
1732 4239 1822 4291 est
1864 4254 1878 4293 :
1918 4236 2154 4306 Spiritu

2291 4244 2462 4305 καθὼς
2492 4247 2802 4315 γέγραπται,
2832 4244 2912 4294 ὅτι
2936 4258 2949 4271 ’
2995 4244 3064 4294 Τὸ
3104 4243 3193 4312 μὶν
3218 4246 3421 4310 πνεῦμα
3447 4237 3733 4312 πρόθυμον,
3766 4235 3794 4291 ὴ
3826 4228 3887 4286 δι

536 4332 773 4405 quidem
805 4332 1118 4399 promptus
1141 4332 1245 4387 est.
1270 4340 1412 4382 caro
1444 4328 1638 4382 autem
1668 4326 1913 4395 inﬁrma
1935 4326 2001 4381 ’³.
2034 4329 2157 4397 Ergc

2294 4333 2426 4405 σάρξ
2458 4330 2677 4393 ἀσθενής
2703 4349 2716 4362 ’
2750 4331 2933 4384 οὐκοῦν
2975 4326 3049 4383 δι’
3076 4327 3373 4402 ἀμφοτέρων
3422 4325 3662 4383 ἀληθεύει
3708 4324 3736 4382 ἡ
3774 4324 3888 4374 θεία

537 4435 646 4493 per
677 4422 926 4489 utraque
954 4429 1164 4471 verum
1185 4413 1329 4470 dicit
1356 4413 1558 4470 divina
1588 4414 1909 4485 Scriptura,
1951 4413 2097 4469 dum
2129 4431 2157 4470 e

2293 4425 2488 4494 Γραφὴ,
2531 4426 2621 4473 καὶ
2677 4423 2734 4472 τὸ
2774 4420 2950 4492 μεῖζον
3001 4418 3348 4491 ὁμολογοῦσα,
3402 4419 3493 4466 καὶ
3544 4416 3601 4465 τὸ
3654 4415 3766 4463 ἶσον
3809 4414 3881 4481 μὴ

536 4512 835 4579 majorem
885 4508 1117 4562 Patrem
1166 4502 1497 4570 conﬁtetur,
1539 4507 1596 4559 et
1648 4501 1945 4577 (aqualem
1976 4502 2157 4559 Filiun

2294 4510 2620 4585 ἀρνουμένη·
2663 4511 2780 4563 ὃταν
2831 4511 2932 4583 γὰρ
2987 4511 3117 4583 πρός
3169 4510 3226 4559 τό
3289 4504 3605 4576 ἀνθρώπινον
3657 4503 3681 4552 ό
3736 4500 3887 4570 λόγος

538 4614 664 4655 non
694 4598 905 4666 negat;
937 4608 1082 4650 nam
1128 4591 1234 4648 ubi
1288 4590 1541 4648 Verbum
1576 4590 1911 4648 humanam
1959 4596 2157 4664 specta

2297 4601 2484 4676 βλέπῃ,
2526 4601 2740 4673 μείζονα
2782 4598 3020 4671 ὁμολογεί
3057 4603 3148 4650 τοῦ
3180 4593 3271 4648 διὰ
3298 4598 3489 4668 σαρκός
3514 4595 3767 4667 ὁρωμένου
3798 4592 3886 4644 τόν

540 4692 843 4755 naturam,
871 4699 1011 4740 eum
1031 4682 1137 4754 qui
1168 4696 1291 4738 non
1316 4681 1593 4747 cernitur,
1622 4681 1916 4752 majorem
1946 4696 2017 4737 eo
2047 4679 2157 4737 dici

2295 4696 2365 4766 μὴ
2399 4692 2657 4766 ὁρώμενον
2681 4707 2694 4719 ·
2742 4691 2862 4741 ὅταν
2917 4684 2974 4740 δε
3028 4690 3151 4761 πρός
3186 4688 3243 4738 τό
3295 4686 3426 4737 θεῖον
3456 4688 3760 4757 ⁴χειραγωγῖῆ
3794 4684 3889 4737 τὴν

542 4793 674 4833 esse
704 4775 807 4849 qui
831 4788 938 4848 per
962 4787 1204 4829 carnem
1226 4768 1583 4827 cernebatur
1609 4786 1621 4824 :
1656 4770 1760 4825 sed
1794 4769 1895 4825 ubi
1926 4775 2157 4825 menten

2299 4780 2555 4849 διάνοιαν,
2584 4777 2730 4855 ἀργεῖ
2754 4785 2845 4831 τοῦ
2875 4781 3108 4851 μείζονος
3137 4780 3226 4827 καὶ
3268 4781 3356 4827 τοῦ
3383 4772 3639 4834 ἐλάττονος
3687 4771 3716 4828 η
3762 4788 3894 4839 συγ-

543 4866 623 4922 ad
652 4864 1024 4921 divinitatem
1050 4861 1235 4930 ducit,
1256 4858 1471 4916 desinit
1493 4856 1622 4914 haec
1652 4858 1898 4929 majoris
1914 4863 1970 4914 et
1998 4858 2157 4914 mino

2297 4876 2505 4945 κριτικὴ
2559 4870 2689 4927 αὕτη
2742 4867 3174 4942 ἀντιπαραθεσις’
3225 4869 3315 4917 καὶ
3364 4861 3478 4915 ἀντὶ
3505 4865 3692 4915 τούτου
3721 4860 3895 4919 ἑνότης

543 4954 624 5012 ris
677 4951 1080 5026 comparatio:
1138 4964 1369 5024 proque
1411 4947 1507 5004 his
1562 4947 1759 5004 unitas
1788 4946 2146 5020 praedicatur

2298 4963 2639 5035 κηρύττεται’
2676 4957 2806 5029 Ἐγὼ
2841 4961 2930 5009 καὶ
2977 4957 3003 5008 ό
3052 4959 3230 5029 Πατὴρ
3279 4955 3326 5006 ἕν
3367 4951 3536 5024 ἐσμεν.
3567 4953 3645 5003 Τά
3673 4945 3734 5002 δὲ
3762 4967 3897 5021 παρ-

543 5044 672 5113 Ego
703 5050 757 5101 et
799 5044 990 5100 Pater
1016 5056 1204 5097 unum
1231 5054 1455 5096 sumus.
1508 5042 1581 5096 At
1630 5053 1701 5095 ea
1737 5054 1876 5112 quae
1922 5054 2029 5112 per
2054 5038 2157 5095 ina

2300 5050 2596 5127 ηλλαγμὲνα
2621 5049 2755 5102 κατά
2785 5049 2843 5103 τό
2863 5048 3062 5111 ἄνισον,
3094 5044 3142 5103 ἓν
3173 5042 3303 5102 εἶναι
3327 5042 3386 5098 οῦ
3418 5038 3659 5099 δύναται.

541 5134 894 5211 qualitatem
912 5130 1167 5197 variant,
1201 5144 1394 5188 unum
1413 5144 1549 5187 esse
1572 5143 1696 5187 non
1720 5132 1995 5204 possunt.

614 5312 664 5350 ³³
694 5308 894 5369 Matth.
922 5323 1075 5375 xxw,
1106 5310 1166 5365 Η
1182 5346 1197 5362 .

611 5491 722 5565 (15)
751 5488 901 5565 Edit.
938 5486 1283 5565 Ballerin,_t.
1309 5487 1353 5553 Ι,
1381 5501 1444 5565 ρ.
1468 5488 1631 5565 823;
1690 5558 1704 5565 _
1982 5557 1999 5565 _
2050 5562 2058 5565 _
2296 5478 2931 5565 stasiumnprgsertim
2955 5493 3091 5565 cap.
3118 5480 3204 5565 ωε

612 5546 725 5637 illi)
743 5546 842 5622 llis
864 5575 1026 5636 saepe
1053 5546 1273 5620 similia
1298 5546 1439 5618 sunt
1473 5558 1537 5617 in
1562 5558 1810 5632 Hodego
1837 5557 2005 5632 apud
2031 5562 2185 5618 Ana-
2369 5555 2483 5631 (17)
2513 5546 2662 5613 Edit.
2688 5552 2871 5625 Paris,
2900 5555 2942 5609 t.
2972 5546 3065 5621 III,
3098 5564 3155 5623 p.
3180 5546 3280 5606 471
3315 5548 3377 5604 C.
