4152 6208
279 298 385 354 217

728 428 836 479 Τόῦ
875 424 1028 500 ἁγίου
1057 424 1438 499 Δῦγονστίνου.

351 537 445 604 ις’.
474 538 757 612 Ἐπίγνωθι
793 545 889 602 τὴν
915 539 1099 604 διττὴν
1137 546 1292 617 φύσιν
1334 547 1426 596 τοῦ
1464 548 1700 616 Χριστοῦ
1732 557 1746 573 ⁸
1787 547 1881 602 τὴν

276 629 424 680 θείαν
454 625 525 688 δὴ
554 628 708 702 λέγω,
746 635 842 691 τὴν
880 635 1004 692 ἴσην
1053 634 1402 709 ὑπάρχουσαν
1439 640 1512 703 τῷ
1543 637 1712 708 Πατρί
1743 652 1756 666 ·
1790 632 1880 687 καὶ

272 721 373 777 τὴν
403 716 744 796 ἀνθρωπείαν,
776 721 840 786 ἧς
863 723 1054 796 μείζων
1082 721 1222 777 ἰστὶν
1259 724 1286 777 6
1313 728 1494 800 Πατήρ
1525 722 1661 797 (18).

638 843 743 894 Τοῦ
781 843 1128 915 Δαμασκηνοῦ
1165 860 1277 914 κεφ.
1309 839 1352 917 ρ’
1384 841 1520 911 (19).

352 951 440 1016 ιζ’.
497 957 598 1008 Καὶ
648 957 978 1030 σεσάρκωται
1014 961 1184 1010 τοίνυν
1226 958 1254 1011 6
1297 961 1489 1030 Λόγος,
1543 961 1634 1010 καὶ
1671 963 1766 1020 τῆς
1804 955 1877 1010 οἱ·

273 1044 420 1103 κείας
469 1039 753 1106 manu;
790 1045 886 1098 οὐκ
937 1044 1176 1110 ὶξίστηκε
1231 1062 1245 1076 ⁸
1295 1050 1385 1099 καὶ
1438 1045 1548 1107 ὅλος
1603 1047 1875 1121 σεσάρκω-

271 1147 386 1200 ται,
460 1136 550 1185 καὶ
616 1132 732 1196 ὅλος
790 1133 932 1187 ἐστὶν
995 1133 1378 1210 ἁπερίγραπτος
1445 1156 1458 1172 ο
1539 1139 1876 1209 σμικρύνεται

277 1230 596 1292 σωματικῶς
634 1228 725 1277 καὶ
763 1223 1116 1292 συστέλλεται,
1167 1231 1258 1278 καὶ
1306 1227 1485 1287 θεῖκῶς
1533 1224 1672 1278 ἔστιν
1747 1224 1876 1278 ἀπε-

271 1314 586 1384 ρίγραπτος.
645 1311 704 1365 οὐ
770 1321 1338 1388 συμπαρεκτεινομένης
1391 1323 1485 1377 τῆς
1543 1318 1736 1391 σαρκὸς
1780 1313 1874 1366 αὐ-

274 1405 371 1451 τοῦ
415 1407 482 1472 τῇ
537 1398 908 1476 ἀπερίγραπτῳ
962 1404 1120 1456 αὐτοῦ
1171 1406 1398 1463 θεότητι.
1437 1404 1588 1468 Ὀλος
1641 1408 1730 1478 μὲν
1787 1404 1874 1456 οὖν

275 1485 389 1542 ἕστε
427 1492 558 1552 Θεὸς
605 1489 817 1560 τέλειος,
858 1492 963 1565 οὐχ
1011 1493 1120 1546 ὅλον
1166 1489 1226 1546 δε
1277 1497 1406 1556 Θεὸς
1436 1516 1450 1530 ο
1492 1495 1550 1547 οὐ
1589 1497 1690 1570 γὰρ
1720 1498 1872 1566 μόνον

275 1580 428 1647 Θεὸς,
459 1577 587 1631 ἀλλὰ
608 1585 699 1632 καὶ
724 1581 996 1655 ἄνθρωπος
1015 1601 1027 1614 ·
1059 1587 1147 1635 καὶ
1181 1582 1296 1646 ὅλος
1331 1583 1522 1646 τέλειος
1545 1585 1813 1658 ἄνθρωπος
1855 1600 1868 1614 ·

271 1665 379 1738 οὐχ
413 1666 530 1720 ὅλον
558 1665 619 1723 δε
647 1669 920 1743 ἄνθρωπος
954 1691 967 1706 ⁸
999 1672 1059 1725 οὐ
1096 1677 1250 1746 μόνον
1285 1675 1390 1750 γὰρ
1415 1674 1706 1749 ἄνθρωπος,
1746 1671 1874 1726 ἀλλά

267 1759 361 1809 καὶ
391 1761 542 1822 Θεὸς.

272 1953 360 2008 Ἐκ
411 1963 507 2009 τοῦ
554 1962 766 2031 πρώτου
811 1956 1022 2031 βιϐλίου
1073 1967 1174 2013 τῶν
1220 1968 1514 2036 Θησανρῶν
1565 1969 1657 2014 τοῦ
1722 1965 1870 2034 ἁγίου

459 2044 717 2122 Κυρίλλου
745 2045 801 2099 ἐκ
826 2056 917 2101 τοῦ
949 2045 1224 2102 ἑνδεκάτου
1263 2051 1539 2126 κεφαλαίου
1560 2051 1692 2126 (20).

349 2159 441 2218 ιη’.
477 2159 639 2214 Ὀταν
677 2162 800 2236 λέγῃ
853 2168 1082 2237 Χριστός
1121 2165 1304 2222 ἑαυτοῦ
1364 2169 1451 2220 τὸν
1505 2172 1710 2239 Πατέρα
1766 2171 1874 2240 μεί·

282 2250 431 2316 ζονα,
483 2252 626 2305 ἔσται
681 2252 834 2306 πάλιν
888 2262 950 2326 τῇ
1011 2254 1370 2329 ἀνθρωπότητι
1406 2261 1611 2332 πρέπων
1651 2257 1870 2329 ὁλόγος,

289 2338 352 2392 οὐ
412 2347 504 2399 τῆς
558 2341 688 2404 Θείας
785 2341 969 2404 οὐσίας
1056 2345 1218 2398 αὐτοῦ
1273 2352 1635 2421 κατηγόρημα,
1701 2351 1770 2408 ὡς
1823 2346 1872 2401 ἐν

293 2427 534 2485 ἰλάττοσι
592 2436 833 2503 κειμένης.
907 2434 938 2492 ἣ
1038 2436 1087 2490 έν
1182 2438 1259 2499 οἷς
1328 2438 1469 2490 ἐστιν
1531 2439 1556 2490 6
1620 2443 1872 2508 γεννήσας

285 2518 465 2576 αὐτόν.
501 2525 598 2574 Καὶ
641 2520 788 2574 παλιν
849 2529 1045 2596 προῖὼν
1083 2541 1096 2554 ·
1137 2523 1276 2586 Ἵσος
1317 2527 1422 2599 ἄρα
1467 2533 1538 2595 τῷ
1580 2531 1747 2599 Πατρὶ
1785 2531 1874 2580 καὶ

277 2608 556 2679 ὁμοούσιος
601 2611 628 2662 6
675 2613 809 2671 Υἱός.
855 2611 1206 2686 Οἰκονομικῶς
1245 2609 1304 2667 δὲ
1357 2615 1598 2687 εἰρῆσθαι
1634 2618 1874 2671 πιστεύο-

271 2716 362 2769 μεν
412 2695 495 2750 ἐπὶ
548 2705 640 2750 τοῦ
680 2704 883 2774 Πατρός
920 2705 978 2754 τό
1023 2703 1219 2775 μεῖζον.
1279 2702 1441 2757 Ὀταν
1478 2708 1579 2778 γὰρ
1619 2703 1872 2779 ἐνανθρω-

269 2793 444 2849 πήσας
473 2793 728 2860 φαίνεται,
759 2794 875 2844 τότε
898 2797 984 2845 καὶ
1011 2798 1164 2847 τοῦτό
1194 2813 1352 2866 φησιν
1376 2797 1440 2856 ὡς
1474 2795 1763 2867 ἄνθρωπος.

393 2909 498 2957 Τοῦ
539 2903 703 2957 αὑτοῦ
733 2905 783 2958 ἐν
814 2903 1018 2979 ἑϐδόμῳ
1057 2915 1157 2961 τῶν
1181 2911 1308 2982 πρὸς
1335 2907 1570 2982 Ἑρμείαν
1595 2908 1754 2981 λόγῳ.

342 3020 430 3077 ιϐ’.
494 3023 889 3098 Ἀνθρωπότητι
952 3025 1053 3102 γὰρ
1117 3025 1234 3079 καθ’
1296 3027 1475 3081 ἕνωσιν
1540 3026 1870 3100 οἰκονομικὴν

1599 295 1961 359 THESAURI
1991 300 2122 360 LIB.
2152 301 2330 386 xxv,

1911 426 1966 484 Δ

3532 309 3644 370 218

2594 431 2660 490 S.
2709 431 3041 504 Augustini

2065 545 2151 603 16.
2183 546 2457 616 Agnosco
2487 549 2788 623 geminam
2821 547 3222 605 substantiam
3253 547 3461 606 Christi
3496 565 3509 618 ;
3551 547 3641 606 di-

1988 636 2194 692 vinam
2236 635 2473 704 scilicet,
2507 653 2628 712 qua
2655 637 2906 714 aequalis
2937 642 3027 697 est
3052 637 3208 698 Patri
3235 654 3249 707 ;
3277 637 3634 706 humanam,

1987 740 2111 799 qua
2141 727 2333 798 major
2361 733 2449 784 est
2471 731 2660 784 Pater.

2224 844 2584 902 Damascem‘
2609 846 2942 914 capitulum
2979 845 3383 903 centesimum.

2059 962 2123 1015 17
2137 1001 2151 1016 .
2172 961 2236 1016 Et
2256 975 2395 1016 caro
2415 960 2593 1032 igitur
2611 961 2876 1018 Verbum
2899 960 3122 1018 factum
3143 964 3254 1026 est,
3269 963 3324 1016 et
3347 965 3630 1018 naturam

1987 1062 2162 1104 suam
2191 1049 2439 1105 materia
2469 1056 2770 1123 expertem
2798 1065 2920 1106 non
2951 1048 3170 1106 amisit.
3203 1053 3412 1112 Totum
3442 1049 3632 1107 incar-

1983 1141 2194 1194 natum
2220 1142 2381 1194 estet
2400 1144 2589 1195 totum
2619 1144 2707 1196 est
2727 1140 3336 1213 iucircumscriptum.
3354 1139 3631 1196 Minuitur

1985 1227 2370 1298 corporaliter
2393 1231 2450 1283 et
2469 1229 2854 1297 contrahitur,
2883 1227 3165 1284 divinitus
3197 1233 3393 1285 autem
3427 1232 3632 1284 manet

1982 1315 2285 1372 inﬁnitum
2333 1333 2345 1372 :
2387 1333 2582 1390 neque
2631 1334 2770 1374 vero
2812 1319 2942 1389 ejus
2996 1335 3135 1374 caro
3187 1319 3522 1374 extenditur
3551 1319 3631 1375 ad

1982 1405 2255 1476 ejusdem
2305 1405 2632 1463 divinitatis
2682 1407 3057 1464 inﬁnitatem.
3103 1410 3281 1464 Totus
3318 1408 3498 1477 igitur
3543 1412 3632 1464 est

1983 1495 2137 1550 Deus
2169 1494 2464 1567 perfectus
2493 1511 2504 1562 ;
2538 1511 2732 1568 neque
2761 1502 2959 1553 tamen
2993 1497 3122 1567 ejus
3152 1496 3507 1552 universitas
3544 1501 3633 1553 est

1982 1585 2176 1651 Deus;
2221 1599 2344 1640 non
2388 1586 2549 1640 enim
2605 1585 3024 1641 tantummodo
3064 1591 3152 1641 est
3191 1588 3367 1648 Deus.
3419 1601 3627 1641 verum

1982 1675 2161 1730 etiam
2192 1675 2402 1731 homo.
2457 1678 2636 1732 Totus
2681 1675 2976 1747 perfectus
3005 1681 3094 1732 est
3129 1676 3314 1732 homo
3351 1691 3364 1741 ;
3395 1691 3519 1732 non
3550 1680 3632 1732 ta-

1901 1789 1944 1846 B
1983 1779 2117 1821 men
2143 1765 2272 1835 ejus
2302 1765 2663 1822 universitas
2702 1770 2791 1822 est
2817 1764 3001 1822 homo
3034 1782 3048 1820 :
3081 1781 3277 1838 neque
3311 1765 3467 1822 enim
3501 1769 3630 1824 tan-

1982 1855 2297 1912 tummodo
2322 1861 2413 1911 est
2439 1856 2646 1921 homo,
2678 1872 2886 1912 verum
2913 1855 3092 1912 etiam
3121 1859 3298 1912 Deus.

1979 1972 2080 2029 Ea:
2104 1973 2298 2042 primo
2327 1973 2480 2030 libro
2525 1974 2958 2032 Thesaurorum
2987 1974 3046 2026 S.
3081 1972 3313 2042 Cyrilli,
3346 1985 3480 2040 cap.
3530 1970 3625 2030 XI.

2059 2163 2140 2214 18.
2174 2161 2318 2215 Cum
2341 2160 2602 2216 Christus
2632 2159 2791 2226 dicit,
2820 2163 3046 2216 Patrem
3070 2158 3361 2230 majorem
3386 2173 3450 2214 se
3475 2172 3626 2222 esse,

1983 2264 2180 2304 sermo
2210 2249 2306 2304 hic
2345 2249 2699 2306 humanitati
2740 2248 2892 2304 illius
2921 2248 3216 2313 convenit,
3256 2262 3377 2302 non
3429 2251 3630 2302 autem

1985 2337 2253 2394 divinam
2295 2339 2571 2408 ejusdem
2613 2338 2935 2394 essentiam
2965 2337 3148 2404 laedit,
3181 2337 3361 2410 quasi
3390 2335 3635 2392 inferior

1985 2427 2060 2483 sit
2090 2427 2344 2483 Geuitori
2375 2443 2503 2484 suo.
2538 2430 2603 2484 Et
2631 2427 2786 2484 infra
2834 2444 2846 2483 :
2899 2426 3164 2500 Equalis
3222 2425 3402 2496 igitur
3443 2430 3534 2482 est
3581 2430 3638 2481 et

1982 2517 2511 2572 consubstantialis
2571 2516 2726 2573 Patri
2773 2515 2967 2572 Filius.
3015 2515 3449 2572 Incarnatiouis
3491 2530 3634 2571 vero

1983 2622 2167 2662 causa
2195 2607 2496 2662 credimus
2525 2609 2754 2662 Patrem
2778 2606 3072 2676 majorem
3094 2621 3131 2662 a
3151 2605 3298 2660 Filio
3327 2611 3630 2661 vacatum.

1983 2699 2130 2752 Cum
2157 2695 2314 2751 enim
2355 2694 2792 2752 humanitatem
2835 2695 3162 2768 assumpsit
3194 2699 3321 2752 tum
3351 2692 3530 2752 etiam
3571 2697 3635 2750 ut

1979 2785 2166 2842 homo
2189 2785 2304 2840 hoc
2325 2783 2492 2842 dixit.

2053 2902 2336 2972 Ejusdem
2368 2903 2431 2958 in
2469 2905 2712 2971 septimo
2748 2917 3086 2959 sermonum
3117 2902 3199 2958 ad
3225 2902 3553 2958 Hermiam.

2052 3023 2138 3076 19.
2172 2986 2532 3076 Humanitati
2561 3035 2666 3091 per
2692 3035 2914 3078 nexum
2947 3020 3391 3093 hypostaticum
3422 3018 3628 3073 ineffa-

271 3107 583 3188 ἀπορρήτοις
637 3117 1007 3186 συνενηγμένος
1052 3115 1078 3165 6
1125 3113 1182 3166 ἐκ
1247 3123 1379 3168 Θεοῦ
1445 3119 1614 3187 Λόγος
1677 3124 1870 3169 νοεῖται

1994 3108 2172 3165 oiliter
2202 3109 2590 3180 conjunctum
2646 3109 2744 3164 Dei
2783 3109 3064 3172 Verbum,
3111 3107 3376 3163 Christus
3419 3106 3630 3164 intelli-

266 3203 505 3274 Χριστός
549 3212 564 3228 ⁸
655 3197 891 3273 ἀνωτέρω
965 3205 1053 3274 μὲν
1111 3201 1525 3277 ἀνθρωπότητος,
1589 3207 1654 3266 ὡς
1720 3209 1871 3278 φύσει

268 3290 398 3349 Θεὸς
451 3292 543 3340 καὶ
607 3291 730 3350 Υἱός
770 3310 783 3324 ν
839 3291 1097 3362 ὑφιζάνων
1139 3288 1199 3345 δέ
1243 3311 1294 3345 τι
1324 3291 1506 3368 βραχὺ
1544 3302 1634 3346 τοῦ
1661 3292 1707 3346 ἐν
1740 3291 1866 3368 δόξῃ

268 3378 604 3450 θεοπρεποῦς,
694 3379 765 3439 ὡς
848 3380 1136 3452 ἄνθρωπος,
1221 3385 1500 3457 Τοιγάρτοι
1581 3385 1703 3435 ποτε
1783 3386 1871 3456 μὲν

267 3468 490 3538 ἔφασκεν
539 3483 555 3496 ο
600 3465 661 3518 Ὀ
709 3467 950 3542 ἑωρακὼς
999 3467 1084 3542 ἔμε
1131 3469 1318 3544 ἑώρακε
1355 3473 1439 3526 τόν
1488 3476 1712 3547 Πατέρα.
1748 3477 1868 3542 Καὶ,

267 3554 408 3625 Ἐγὼ
475 3560 566 3608 καὶ
619 3567 645 3608 ο
704 3561 884 3630 Πατὴρ
935 3559 984 3612 ἓν
1036 3556 1207 3630 ἐσμεν.
1243 3562 1370 3613 ηοτὲ
1402 3556 1461 3614 δὲ
1507 3561 1574 3613 αὖ
1611 3561 1783 3630 πάλιν,
1813 3561 1873 3614 Ὀ

271 3651 455 3722 Πατήρ
497 3666 600 3720 μου
624 3647 815 3720 μείζων
840 3667 940 3720 μον
963 3647 1127 3708 ἐστιν.

268 3768 374 3816 Τοῦ
404 3765 558 3835 ἁγίου
586 3769 878 3838 Γρηγορίου
911 3773 1001 3844 τοῦ
1032 3764 1290 3844 ῥεολόγον
1321 3765 1376 3820 ἐκ
1405 3774 1495 3821 τοῦ
1533 3771 1741 3844 πρώτου
1781 3775 1872 3822 τοῦ

771 3843 891 3912 περὶ
917 3839 1039 3891 Υὶοὺ
1066 3838 1218 3912 λόγου
1242 3839 1373 3910 (21).

341 3951 412 4003 κ’.
482 3953 552 4002 Σὺ
609 3947 670 4003 δέ
715 3971 806 4024 μοι
855 3954 1173 4026 καταριθμει
1236 3958 1364 4029 πρός
1412 3958 1578 4006 ταῦτα
1641 3957 1708 4007 τὰ
1777 3963 1874 4017 τῆς

269 4036 645 4111 ἀγνωμοσύνης
685 4039 900 4114 ῥήματα
934 4062 946 4074 ·
998 4044 1078 4108 τὸ,
1113 4047 1239 4095 Θεόν
1268 4063 1368 4116 μου
1400 4050 1488 4096 καὶ
1528 4047 1652 4105 Θεός
1681 4045 1822 4117 ὑμῶν
1855 4066 1868 4079 ·

265 4131 348 4196 τὸ,
381 4129 578 4200 μείζων
606 4144 622 4158 ⁶
664 4132 742 4194 τό,
782 4132 956 4183 ἔκτισε
1002 4147 1015 4162 ·
1048 4135 1127 4200 τὸ,
1155 4133 1368 4205 ἡγίασε.
1402 4137 1499 4186 Καὶ
1525 4135 1635 4206 μετ’
1669 4133 1816 4205 ὀλίγα
1855 4151 1868 4164 ·

265 4221 478 4271 Τούτων
531 4221 631 4292 γὰρ
684 4219 901 4272 ἕκαστον
960 4220 1020 4275 οὗ
1085 4221 1317 4292 χαλεπόν
1373 4227 1462 4275 καὶ
1523 4225 1659 4274 κατὰ
1721 4227 1872 4298 μέρος

268 4306 540 4370 ἐπεξιόντα
594 4307 895 4379 ἐξηγεῖσθαί
943 4329 1025 4363 τοι
1079 4314 1211 4383 πρός
1274 4315 1330 4363 τό
1379 4310 1745 4364 εὐσεϐέστατον
1783 4318 1872 4366 καὶ

269 4396 640 4469 ἀνακαθαίρειν
688 4400 744 4449 τό
793 4396 841 4449 ἐν
871 4406 980 4459 τοῖς
1022 4400 1301 4473 γράμμασι
1349 4419 1665 4474 προσκομμα
1698 4422 1709 4433 ·
1745 4405 1873 4472 εἴγε

1981 3199 2176 3268 gitur:
2239 3201 2511 3270 superior
2548 3198 2795 3270 quidem
2843 3196 3234 3262 humanitate,
3285 3200 3489 3267 utpote
3528 3211 3626 3250 na-

1981 3293 2112 3344 tura
2145 3291 2300 3343 Deus
2331 3293 2387 3343 et
2419 3287 2592 3344 Filius
2624 3305 2636 3342 :
2671 3287 3005 3342 minoratus
3027 3290 3228 3341 autem
3252 3284 3631 3357 aliquantum

1980 3376 2135 3432 infra
2165 3376 2416 3446 gloriam
2463 3379 2580 3432 Deo
2632 3377 2902 3444 dignam,
2935 3379 3138 3448 utpote
3178 3375 3381 3430 homo.
3417 3375 3634 3442 Quam-

1981 3465 2190 3524 obrem
2223 3466 2406 3524 modo
2435 3465 2583 3521 dixit
2615 3482 2627 3520 :
2670 3465 2784 3532 Qui
2819 3466 2970 3522 vidit
3020 3479 3131 3534 me,
3173 3463 3321 3520 vidit
3359 3463 3628 3518 Patrem.

1983 3560 2126 3612 Item
2160 3572 2172 3610 :
2204 3557 2332 3625 Ego
2372 3563 2426 3612 et
2469 3558 2666 3617 Pater
2700 3571 2887 3612 unum
2919 3570 3142 3612 sumus.
3175 3553 3346 3615 Modo
3378 3556 3580 3610 autem
3612 3568 3626 3610 :

1979 3647 2166 3702 Pater
2194 3661 2356 3702 meus
2375 3649 2574 3716 major
2611 3662 2699 3702 me
2726 3651 2829 3702 est.

1979 3762 2045 3820 S.
2081 3763 2351 3834 Gregorii
2403 3762 2682 3834 Theologz’
2713 3778 2788 3820 ea:
2816 3776 3084 3820 sermone
3116 3761 3316 3832 primo
3347 3760 3420 3817 de
3451 3760 3624 3817 Filio.

2050 3957 2139 4009 20.
2165 3956 2245 4010 Tu
2277 3968 2416 4009 vero
2455 3952 2602 4008 mihi
2631 3952 2762 4009 illas
2789 3951 3140 4007 vecordium
3183 3947 3501 4005 hominum
3529 3961 3629 4002 vo-

1982 4058 2079 4099 ces
2110 4058 2398 4098 enumera
2429 4059 2442 4098 :
2477 4045 2622 4098 Deus
2652 4057 2814 4096 meus
2856 4046 2912 4096 et
2967 4042 3122 4095 Deus
3159 4042 3376 4104 vester,
3424 4039 3481 4091 et
3508 4050 3628 4091 ma-

1972 4135 2098 4202 jor,
2145 4137 2200 4187 et
2240 4132 2487 4199 creavit,
2528 4134 2584 4186 et
2623 4129 3044 4196 sanctiﬁcavit.
3101 4131 3166 4183 Et
3215 4124 3398 4198 paulo
3430 4123 3624 4180 infra:

1984 4221 2120 4275 Haec
2166 4221 2325 4276 enim
2375 4217 2610 4289 singula
2669 4216 2970 4287 sigillatim
3048 4215 3348 4289 persequi,
3407 4214 3629 4286 pioque

1983 4325 2160 4365 sensu
2201 4308 2518 4380 explicare,
2553 4307 2796 4362 minime
2827 4304 3066 4360 difﬁcile
3091 4310 3175 4360 est
3201 4323 3216 4372 ;
3239 4308 3420 4376 atque
3449 4301 3630 4358 oﬂ‘en—

1982 4397 2250 4454 diculum
2280 4396 2447 4466 illud,
2491 4396 2655 4468 quod
2685 4395 2744 4450 iu
2767 4393 2970 4449 litteris
2999 4393 3248 4462 exsistit,
3287 4405 3627 4456 removere;

266 4491 622 4560 προσπταίεις
665 4489 841 4554 ὅντως,
885 4485 1012 4538 ἀλλὰ
1042 4495 1113 4560 μὴ
1167 4488 1292 4540 ἑκὼν
1322 4496 1648 4563 κακουργεῖς.
1678 4489 1782 4543 Ἐνὶ
1814 4487 1871 4543 δὲ

1994 4487 2031 4543 si
2057 4485 2240 4541 modo
2270 4501 2406 4540 vere
2441 4483 2716 4554 offendis,
2759 4487 2813 4539 et
2847 4498 2969 4537 non
2996 4481 3194 4554 potius
3222 4479 3296 4535 de
3335 4475 3632 4535 industria

266 4573 534 4645 κεφαλαίῳ
558 4577 624 4626 τὰ
660 4579 748 4647 μὲν
773 4575 1068 4650 ὑψηλότερα
1095 4581 1331 4650 πρόσαγε
1369 4586 1429 4651 τῇ
1463 4579 1664 4638 θεότητι
1685 4585 1774 4632 καὶ
1803 4588 1864 4652 τῇ

265 4669 528 4737 κρείττονι
549 4667 700 4736 φύσει
723 4667 900 4718 παθῶν
925 4671 1015 4721 καὶ
1052 4673 1309 4740 σώματος,
1344 4670 1410 4720 τὰ
1431 4664 1489 4722 δὲ
1517 4674 1868 4744 ταπεινότερα,

266 4761 338 4826 τῷ
372 4755 608 4826 συνθέτῳ
659 4773 747 4807 και
786 4761 858 4828 τῷ
907 4753 1000 4808 διὰ
1041 4759 1097 4810 σε
1123 4758 1391 4812 κενωθέντι
1415 4762 1503 4811 καὶ
1534 4759 1868 4834 σαρκωθέντι.

627 5057 732 5112 Τοῦ
761 5055 922 5109 αὐτοῦ
952 5054 1007 5110 ἐκ
1035 5063 1128 5110 τοῦ
1159 5055 1321 5110 αὑτοῦ
1341 5055 1514 5130 λόγου.

337 5170 440 5228 κιί.
488 5175 579 5233 Τίς
617 5166 705 5224 οὖν
763 5168 959 5246 ἀντερεῖ
1015 5171 1168 5244 λόγος
1230 5176 1432 5246 κτίσμα
1477 5176 1568 5247 μὲν
1632 5173 1874 5246 λέγεσθαι

339 5423 457 5494 (18)
482 5421 806 5504 _Ves_tiganti
855 5422 1002 5504 mihi
1049 5423 1436 5504 occurrit_lii_c
1466 5423 1652 5504 _locus
1709 5425 1874 5504 apud

267 5497 421 5564 Aug.
483 5495 547 5550 in
575 5495 745 5552 Joan.
791 5499 958 5560 tract,
1013 5510 1252 5564 Lxxvm,
1301 5497 1358 5553 3.
1396 5495 1482 5552 lbi
1527 5495 1877 5554 tamen—est

268 5580 683 5638 agnoscamus
697 5581 820 5623 non
851 5581 1126 5638 agnosce.

342 5583 668 5622 rnoscamus
697 5583 820 5623 non
851 5583 888 5624 a
931 5583 1126 5624 nosce.

342 5636 464 5710 (19)
502 5639 566 5694 In
593 5636 854 5697 editione
889 5583 1219 5714 iequienii,
1255 5639 1336 5698 De
1351 5637 1629 5709 ﬁd.orth.
1659 5637 1762 5698 lib.
1791 5655 1872 5712 ιιι,

1983 4589 2218 4648 peccas.
2264 4574 2334 4628 Ut
2379 4578 2580 4628 autem
2634 4569 2982 4626 summatim
3027 4568 3248 4635 dicam,
3288 4572 3355 4623 tu
3385 4563 3628 4638 quidem

1983 4662 2335 4718 sublimiora
2359 4661 2517 4717 dicta
2546 4659 2854 4728 divinitati,
2887 4655 3390 4733 passionibusque
3420 4659 3477 4710 et
3505 4668 3629 4708 cor-

1982 4768 2125 4827 pore
2157 4751 2381 4823 experti
2423 4755 2672 4815 naturae,
2721 4748 2973 4805 attribue
3007 4765 3021 4815 ;
3074 4745 3394 4802 humiliora
3425 4746 3625 4798 autem

1982 4841 2320 4913 composito
2345 4838 2578 4896 homini
2601 4837 2804 4910 tuique
2829 4852 3016 4892 causa
3034 4833 3336 4890 exinanito
3357 4836 3414 4888 et
3431 4831 3625 4887 incar-

1982 4935 2143 4987 nato.

2335 5053 2621 5124 Ejusdem
2665 5066 2739 5107 ex
2762 5050 2956 5107 eodem
2987 5062 3275 5106 sermone.

2053 5171 2438 5238 21.0umnam
2464 5183 2607 5240 ergo
2633 5167 2783 5225 ratio
2811 5170 2988 5238 vetat,
3036 5165 3366 5238 quominus
3407 5167 3636 5221 creatu-

1981 5428 2628 5641 ca§)2.0)7’Etdi{:clit.3;,
2660 5497 2812 5567 part.
2838 5509 2880 5564 ι,
2902 5508 2963 5566 p.
2992 5495 3081 5562 85,
3111 5496 3181 5556 A,
3211 5495 3271 5548 et

2080 5573 2168 5641 21)
2195 5568 2344 5627 Edit.
2376 5571 2627 5638 Maurm,
2652 5571 2693 5625 t.
2721 5570 2765 5637 l,
2797 5570 2946 5635 orat.
2982 5568 3071 5632 29,
3097 5565 3126 5630 §
3157 5566 3243 5618 t8.

2080 5565 2168 5642 21)
2195 5568 2344 5627 Edit.
2376 5567 2627 5638 Maurin,
2652 5565 2693 5625 tl
2721 5570 2765 5637 l,
2797 5565 2946 5635 orat.
2982 5568 3071 5632 29,
3097 5565 3126 5630 §
3157 5566 3243 5618 t8.

3298 5505 3359 5563 p.
3393 5491 3461 5549 86
3494 5489 3554 5551 Β,
