4152 6208
506 218 610 277 249
1816 222 2083 277 NlCET/E
2115 222 2532 278 CHONITA'DE
3277 181 3280 184 ’
3749 227 3858 310 22o

504 358 639 401 ram
688 344 1054 418 Sapientiam
1095 344 1369 403 dicamus
1421 346 1756 403 secundum
1811 349 2147 403 terrestrem

2270 352 2347 405 τὴν
2404 352 2591 420 Σοφίαν
2647 349 2780 400 κατὰ
2838 353 2932 406 τὴν
2990 351 3130 400 κάτω
3185 353 3445 420 γέννησιν,
3505 353 3732 419 γέννημα
3797 345 3856 400 δὲ

506 431 883 488 nativitatem
933 452 946 501 ;
999 433 1207 490 Filium
1254 439 1454 492 autem
1509 437 1843 492 secundum
1891 436 2150 508 primam

506 520 826 594 magisque
854 522 1568 595 incomprehensibilem?

505 607 571 666 S.
596 608 847 686 Joannis
883 613 1244 686 Damasceni
1295 613 1376 668 ad
1425 628 1517 667 eos
1571 615 1678 683 qui
1729 619 1969 686 rogant,
2001 617 2154 672 sitne

742 681 973 738 Christi
993 697 1245 752 persona
1275 689 1496 751 creata,
1519 681 1597 740 an
1629 681 1917 741 increata.

578 862 666 914 22.
701 859 801 914 Dei
826 859 1004 916 Verbi
1033 875 1312 932 persona,
1341 866 1478 920 ante
1506 879 1750 920 carnem
1779 869 2154 938 assumptam

511 946 766 1020 simplex
809 954 954 1018 erat,
1003 965 1111 1005 nec
1153 953 1509 1024 composita.
1551 970 1799 1026 corpore
1830 970 2061 1027 expers,
2101 960 2158 1009 et

509 1035 791 1094 increata.
834 1040 926 1122 Ex,
955 1053 1077 1109 quo
1121 1044 1321 1096 autem
1371 1057 1612 1098 carnem
1657 1044 1938 1115 suscepit,
1991 1042 2156 1098 carni

511 1139 754 1196 quoque
785 1141 1042 1196 persona
1069 1127 1227 1184 facta
1247 1134 1357 1199 est,
1383 1133 1837 1205 compositaque
1868 1134 2056 1188 evasit
2084 1149 2157 1190 ex

510 1212 840 1283 divinitate,
869 1231 1057 1287 quam
1079 1233 1394 1290 nunquam
1421 1236 1543 1276 non
1565 1220 1868 1290 habuit,et
1884 1238 1956 1277 ex
1978 1237 2156 1278 carne

511 1317 699 1374 quam
742 1307 1076 1378 assumpsit
1109 1325 1121 1362 :
1156 1309 1424 1380 geritque
1455 1310 1608 1365 adeo
1638 1310 1892 1382 duplicis
1927 1317 2156 1366 naturae

510 1391 928 1464 proprietates,
965 1401 1165 1466 utpote
1196 1413 1330 1468 quze
1361 1397 1418 1452 in
1449 1398 1689 1454 duabus
1713 1400 1943 1456 naturis
1962 1399 2156 1454 nosci-

511 1484 623 1544 tur.
659 1481 787 1547 Quo
817 1482 882 1538 tit
910 1488 975 1538 ut
1006 1500 1124 1540 una
1155 1486 1488 1558 eademque
1517 1503 1775 1559 persona
1804 1493 1857 1542 et
1885 1488 2156 1544 divinita-

510 1569 587 1626 tis
619 1571 847 1626 ratione
870 1571 1136 1630 increata
1165 1575 1256 1644 sit,
1298 1582 1354 1631 ct
1384 1583 1582 1632 creata
1620 1578 1850 1634 ratione
1876 1577 2155 1634 humani-

512 1658 686 1726 tatis;
716 1660 965 1716 visibilis
997 1662 1175 1718 simul
1207 1671 1261 1719 et
1300 1664 1641 1723 invisibilis.
1672 1669 1819 1722 Nam
1847 1666 2073 1738 alioqui
2093 1667 2154 1721 in

512 1763 614 1803 eas
652 1750 960 1819 angustias
985 1751 1379 1822 adducemur,
1411 1760 1476 1810 ut
1503 1755 1597 1810 vel
1627 1771 1817 1811 unum
1849 1755 2157 1812 eumdem-

511 1852 629 1908 que
683 1837 976 1896 Christum
1020 1841 1384 1910 dividamus,
1439 1844 1594 1900 duas
1646 1860 1939 1917 personas
1993 1861 2154 1901 asse-

510 1926 736 1998 rendo;
769 1927 864 1984 vel
915 1935 1264 1988 naturarum
1307 1933 1750 1991 distinctionem
1793 1936 2152 2002 inliciantes,

513 2018 961 2074 conversionem
991 2026 1095 2076 aut
1119 2021 1536 2079 confusionem
1567 2025 1948 2080 inducamus.

511 2105 798 2174 Ejusdem
827 2110 1160 2178 capitulum
1401 2114 1475 2170 de
1501 2117 1860 2170 naturarum
1886 2115 2157 2184 proprie-

1234 2198 1269 2239 a
1302 2199 1318 2238 ι
1363 2200 1454 2239 us.

1234 2198 1454 2239 αιιοιιε.

581 2265 671 2322 23.
713 2269 1004 2324 Eumdem
1034 2285 1214 2342 porro
1257 2271 1579 2330 Dominum
1627 2279 1898 2330 nostrum
1956 2275 2158 2330 Jesum

514 2355 836 2425 Christum,
859 2363 916 2414 et
943 2359 1270 2430 perfectum
1305 2365 1512 2432 Deum,
1541 2368 1596 2419 et
1615 2365 1943 2436 perfectum
1969 2363 2137 2419 homi

513 2457 654 2499 nem
706 2447 1124 2516 praedicantes,
1170 2451 1285 2506 hoc
1332 2453 1702 2524 profitemur,
1765 2452 2047 2508 eumdem
2105 2455 2160 2506 et

513 2533 722 2588 omnia
750 2535 993 2601 habere,
1034 2553 1170 2609 quae
1211 2544 1382 2611 pater
1411 2540 1610 2605 habet,
1639 2547 1885 2612 excepta
1915 2539 2160 2609 ingeniti

515 2625 874 2696 proprietate
908 2644 920 2694 ;
971 2627 1023 2682 ei
1054 2630 1259 2684 omnia
1307 2631 1468 2700 item,
1510 2645 1644 2702 quae
1686 2631 1914 2702 primus
1945 2630 2158 2691 Adam.

516 2717 764 2785 excepto
795 2714 922 2770 solo
963 2722 1233 2786 peccato,
1276 2719 1390 2774 hoc
1415 2724 1524 2785 est,
1557 2735 1778 2792 corpus
1805 2723 1862 2775 et
1892 2722 2157 2775 animam

515 2801 742 2857 ratione
777 2807 834 2858 et
875 2804 1262 2874 intelligentia
1299 2807 1612 2879 praeditam
1661 2827 1673 2861 :
1734 2809 1880 2880 quin
1932 2806 2160 2863 habere

515 2889 695 2948 etiam
721 2906 883 2962 eum,
912 2894 994 2950 uti
1024 2893 1264 2951 duabus
1291 2897 1522 2952 naturis
1564 2902 2034 2954 consentaneum
2053 2900 2160 2962 est,

514 2979 784 3053 duplices
821 2987 1170 3041 naturarum
1216 2986 1475 3043 duarum
1505 2988 1808 3044 naturales
1837 2986 2162 3060 proprieta-

2260 440 2394 489 κατά
2423 442 2515 495 την
2546 443 2754 512 πρώτην
2793 442 2882 491 καὶ
2920 437 3067 491 πλέον
3093 438 3320 496 ἄληπτον
3348 454 3360 504 ;

2259 623 2362 668 Τοῦ
2391 614 2544 688 ἀγίου
2577 617 2812 670 Ἰωάννου
2841 626 2932 670 τοῦ
2976 623 3322 689 Δαμασκηνοῦ
3370 621 3496 688 πρὸς
3533 620 3653 676 τοὺς
3689 614 3859 687 λέγον-

2333 707 2443 756 τας9
2469 689 2497 744 η
2529 692 2821 752 ὑπόστασις
2859 696 2947 741 τοῦ
2979 697 3212 762 Χριστοῦ
3245 695 3454 758 κτιστη,
3486 689 3513 746 ἡ
3550 690 3800 748 ᾶκτιστος
3838 701 3853 715 ⁸

2337 765 2456 831 Κεφ.
2481 758 2592 831 ρκζ
2632 762 2769 828 (2‘2).

2482 867 2538 918 Ἠ
2581 869 2869 928 ὑπόστασις
2917 875 3006 918 τοῦ
3056 873 3189 920 Θεοῦ
3243 871 3415 938 Λόγου
3455 871 3583 940 πρὸς
3613 871 3704 928 της
3732 885 3860 940 σαρ-

2263 961 2466 1015 κώσεως
2521 956 2654 1014 ἀπὶ-ἦ
2708 954 2768 1028 ᾖν
2815 961 2902 1009 xui
2955 955 3229 1018 ἀσύνθετος
3277 962 3366 1008 xui
3423 955 3700 1028 ἀσώματος
3763 962 3858 1008 xui

2264 1045 2525 1104 οἴκτιστος.
2578 1048 2910 1116 Σαρκωοεῖσα
2963 1043 3020 1098 δὲ
3069 1047 3199 1102 αὕτη
3239 1050 3416 1116 γέγονε
3443 1051 3533 1096 xui
3587 1054 3650 1117 τῇ
3702 1050 3860 1118 σαρκὶ

2264 1135 2555 1193 ὑπόστασις
2605 1150 2618 1162 ·
2673 1139 2760 1184 καὶ
2825 1137 3000 1204 γέγονε
3057 1136 3298 1194 σύνθετος
3351 1133 3403 1184 ἐκ
3468 1135 3726 1196 θεότητος,
3795 1135 3862 1193 ἧς

2265 1219 2404 1292 εἶχεν
2459 1221 2556 1289 ἀεὶ,
2610 1227 2700 1274 καὶ
2739 1222 2792 1285 ἐξ
2843 1225 2906 1283 ξς
2963 1223 3274 1294 προσείληφε
3321 1227 3512 1294 σαρκός
3541 1236 3556 1252 ⁹
3591 1227 3681 1273 καί
3721 1226 3861 1295 φέρα

2264 1321 2362 1362 τῶν
2419 1308 2516 1363 δύο
2566 1315 2764 1382 φύσεων
2819 1315 2884 1364 τὰ
2929 1309 3210 1383 ἰδιώματα,
3253 1311 3302 1363 ἐν
3343 1309 3471 1364 δυσὶ
3509 1312 3859 1381 γνωριζομένη

2263 1408 2378 1460 ταῖς
2416 1403 2655 1472 φύσεσιν.
2707 1399 2866 1453 ”Ω.στε
2931 1407 3020 1452 xui
3055 1401 3187 1458 αὐτη
3235 1406 3332 1471 μία
3371 1402 3684 1464 ὑπόστασις,
3716 1399 3862 1451 οἰκτι-

2267 1495 2388 1551 στός
2429 1493 2482 1542 τέ
2529 1489 2640 1541 ἐστι
2688 1497 2748 1560 τῇ
2797 1492 3021 1548 θεότητι,
3050 1495 3138 1541 xui
3168 1495 3355 1548 κτιστη
3385 1498 3445 1561 τῇ
3478 1488 3858 1562 ἀνθρωπότητι,

2266 1580 2424 1650 ὀρατή
2459 1597 2512 1630 τε
2538 1585 2626 1630 xui
2649 1577 2886 1652 ἀόρατος.
2919 1579 3059 1632 Ἐπεῖ
3088 1578 3488 1650 ἀναγκαζόμεθα
3519 1575 3740 1649 διαιρεῖν
3769 1582 3861 1629 τόν

2265 1669 2349 1720 ἕνα
2380 1672 2626 1742 Χριστόν,
2686 1665 2781 1720 δύο
2810 1671 2905 1728 τὰς
2941 1670 3260 1728 ὑποστάσεις
3295 1667 3544 1738 λέγοντες,
3574 1669 3602 1725 η
3637 1672 3730 1725 τήν
3760 1674 3862 1717 τῶν

2265 1761 2462 1828 φύσεων
2503 1756 2770 1828 ἀρνεῖσθαι
2800 1753 3054 1830 διαφοράν
3087 1775 3099 1788 ·
3145 1763 3232 1808 xui
3265 1761 3460 1831 τροπὴν
3506 1757 3730 1828 εἰσάγειν
3768 1761 3862 1808 καὶ

2266 1850 2534 1918 σύγχυσιν
2548 1889 2560 1900 .

2266 2124 2367 2170 Τοῦ
2413 2116 2571 2168 αὐτοῦ
2635 2115 2904 2187 κεφάλαιον
2949 2113 3028 2185 pq’
3096 2119 3212 2187 περὶ
3249 2123 3345 2166 τῶν
3405 2111 3698 2186 ἰδιωμάτων
3759 2119 3860 2162 τῶν

2868 2171 3067 2257 φύὰεὲυν
3124 2171 3252 2256 (23).

2339 2276 2438 2348 κγ’.
2506 2275 2702 2329 Τέλειόν
2775 2271 2833 2327 δὲ
2909 2278 3037 2327 Θεὸν
3115 2274 3476 2346 ὁμολογοῦντες
3558 2275 3644 2324 τόν
3707 2271 3862 2323 αὐτόν

2272 2368 2460 2436 Κύριον
2514 2367 2657 2435 ἡμῶν
2707 2364 2910 2421 Ἰησοῦν
2957 2367 3208 2435 Χριστὸν,
3275 2367 3364 2413 xui
3420 2361 3604 2413 τέλειον
3669 2362 3865 2432 ἄνθρω-

2269 2472 2385 2520 πον,
2433 2459 2592 2525 φαμεν
2651 2457 2736 2504 τὸν
2790 2453 2944 2506 αὑτὸν
3005 2456 3172 2505 πάντα
3234 2455 3374 2522 ἔχειν
3413 2453 3513 2502 ὅσα
3569 2452 3594 2501 6
3658 2453 3862 2514 Πατὴο,

2269 2541 2400 2599 πλὴν
2451 2540 2760 2612 ἀγεννησίας
2801 2559 2813 2570 ·
2866 2545 2954 2592 καὶ
2999 2541 3167 2592 πάντα
3223 2543 3362 2610 ἔχειν
3407 2541 3508 2590 ὃσα
3555 2540 3580 2590 6
3611 2534 3789 2608 Ἀδὰμ
3837 2538 3863 2588 ὁ

2269 2639 2468 2704 πρῶτος
2522 2627 2660 2701 δίχα
2689 2635 2850 2702 μόνης
2900 2637 2992 2691 τῆς
3045 2630 3296 2702 ἁμαρτίας
3327 2643 3340 2658 ·
3376 2629 3527 2679 ἅτινά
3557 2627 3667 2679 ἐστι
3711 2635 3864 2698 σῶμα

2269 2725 2358 2770 καὶ
2395 2719 2549 2790 ψυχὴ
2601 2719 2781 2790 λογική
2841 2739 2894 2771 τε
2937 2725 3025 2771 xui
3053 2721 3201 2790 νοεροὶ
3233 2735 3246 2748 ⁸
3282 2720 3421 2789 ἔχειν
3463 2713 3521 2769 δὲ
3547 2719 3696 2767 αὐτόν
3725 2734 3860 2766 κατ·-

2272 2807 2492 2868 αλ).ήλως
2537 2816 2650 2870 ταῖς
2706 2805 2835 2860 δυσὶ
2885 2811 3071 2880 φύσεσι
3112 2805 3276 2859 διπ)ᾶ
3311 2811 3376 2858 τὰ
3406 2815 3504 2858 τῶν
3535 2802 3630 2857 δύο
3660 2807 3859 2876 φύσεων

2272 2899 2469 2968 φυσικά
2526 2893 2791 2968 ἰδιωματα
2839 2918 2852 2929 ·
2925 2893 3021 2948 δύο
3070 2895 3298 2955 θελήσεις
3355 2896 3597 2966 φυσικὰς,
3635 2894 3769 2944 Θείαν
3809 2909 3863 2942 τε

2271 2991 2360 3036 καὶ
2408 2985 2730 3059 ἀνθρωπίνην
2763 2999 2777 3014 ·
2823 2990 2913 3036 καὶ
2948 2984 3194 3056 ἐνεργείας
3257 2980 3352 3035 δύο
3393 2985 3635 3055 φυσικὰς,
3681 2985 3773 3038 τήν
3810 2999 3864 3032 τε

514 3075 601 3127 tes
635 3089 647 3142 ;
701 3071 816 3130 hoc
845 3077 953 3146 est,
986 3075 1140 3131 duas
1167 3077 1470 3134 naturales
1502 3079 1862 3146 voluntates,
1893 3077 2160 3133 divinam

2275 3075 2410 3126 θείαν
2439 3079 2527 3125 xui
2557 3077 2650 3131 τὴν
2678 3073 3000 3146 ἀνθρωπίνην
3025 3093 3036 3104 ’
3062 3079 3150 3125 xui
3177 3073 3488 3134 αὐτεξούσια
3519 3068 3615 3123 δύο
3647 3072 3864 3142 φυσικὰ,

515 3163 573 3216 et
608 3160 943 3218 humanam
976 3182 989 3220 :
1035 3164 1188 3220 duas
1225 3167 1368 3222 item
1403 3167 1706 3224 naturales
1761 3166 2161 3239 operationes,

515 3249 784 3306 divinam
811 3256 865 3308 et
893 3252 1226 3309 humanam
1271 3273 1284 3322 ;
1329 3254 1482 3311 duas
1514 3256 1816 3312 naturales
1846 3254 2072 3312 arbitrii
2100 3254 2165 3308 li-

516 3337 1083 3403 bertates,divinam
1105 3349 1160 3399 et
1176 3343 1538 3401 humanam:
1560 3362 1629 3401 ac
1649 3346 1908 3418 denique
1928 3344 2165 3417 sapien-

517 3427 662 3484 tiam
683 3433 740 3484 et
763 3430 1071 3486 scientiam
1102 3433 1424 3504 duplicem,
1442 3434 1709 3490 divinam
1733 3440 1790 3491 et
1809 3435 2160 3490 humanam.

519 3520 667 3575 Nam
697 3535 835 3574 cum
869 3521 1134 3592 ejusdem
1167 3539 1237 3578 ac
1272 3525 1436 3578 Pater
1467 3523 1815 3580 substantiae
1857 3523 1948 3587 sit,
1982 3523 2162 3578 libere

517 3607 646 3662 vult
674 3613 730 3663 et
752 3609 874 3677 agit
897 3616 958 3666 ut.
989 3612 1143 3665 Deus
1176 3628 1190 3666 :
1221 3628 1427 3667 rursus
1456 3629 1596 3667 cum
1634 3611 2166 3668 consubstantialis

521 3695 596 3751 sit
623 3695 820 3767 nobis,
843 3697 1024 3752 libere
1061 3699 1202 3754 item
1237 3700 1360 3755 vult
1379 3705 1436 3756 et
1464 3701 1606 3772 agit,
1635 3705 1699 3756 ut
1721 3701 1924 3756 homo.
1973 3699 2165 3770 Ipsius

521 3784 680 3840 enim
707 3785 999 3842 miracula
1025 3791 1180 3854 sunt,
1213 3788 1400 3860 ipsius
1421 3804 1663 3860 quoque
1685 3791 2018 3859 passiones.

520 3875 619 3931 Ex
645 3875 905 3931 secunda
936 3876 999 3932 S.
1040 3877 1244 3932 Leonis
1278 3893 1458 3947 papae
1501 3879 1758 3932 Romani
1793 3878 1874 3932 ad
1916 3879 2165 3932 Leonem

589 3954 1008 4014 imperatorem
1030 3950 1300 4017 epistola,
1328 3951 1495 4018 cujus
1513 3955 1596 4004 cst
1619 3950 1958 4016 inscriptio:
1985 3972 2010 3996 ‹‹
2031 3949 2163 4004 Glo—

589 4019 912 4092 ijiosissimo
933 4026 986 4076 et
1020 4022 1512 4092 tranquillissima
1529 4021 1656 4089 ﬁlio
1681 4021 1948 4090 Augusto
1961 4020 2162 4086 Leoni,

590 4091 703 4146 Leo
734 4092 1060 4160 episcopus.
1097 4112 1124 4138 »

590 4182 678 4233 24.
703 4179 766 4234 In
785 4195 925 4235 vero
945 4181 1042 4234 Dei
1063 4184 1240 4250 atque
1261 4180 1522 4235 hominis
1537 4178 1886 4247 Filio,Verbi
1900 4183 1954 4234 et
1971 4178 2166 4235 carnis

521 4281 644 4322 una
664 4282 922 4337 persona
943 4273 1050 4335 est,
1065 4283 1198 4339 quze
1221 4267 1698 4339 inseparabiliter
1714 4273 1894 4340 atque
1919 4266 2168 4322 indivise

522 4369 877 4410 communes
895 4353 1078 4408 habet
1098 4355 1380 4410 actiones.
1405 4356 1800 4424 lntelligendze
1821 4361 2017 4410 tamen
2033 4360 2169 4409 sunt

522 4445 796 4517 ipsorum
847 4458 1096 4514 operum
1139 4443 1474 4514 qualitates,
1513 4451 1569 4500 et
1601 4445 1842 4500 sincerte
1863 4444 2003 4501 ﬁdei
2030 4459 2168 4499 con-

521 4531 908 4603 templatione
957 4531 1325 4586 cernendum
1376 4538 1481 4594 est,
1531 4532 1609 4587 ad
1639 4549 1774 4605 quae
1807 4533 2171 4604 provehatur

521 4619 828 4675 humilitas
859 4620 1076 4690 carnis,
1095 4626 1151 4676 et
1180 4620 1256 4675 ad
1277 4637 1411 4692 quae
1438 4621 1750 4676 inclinetur
1773 4621 2025 4678 altitudo
2051 4621 2170 4676 dei-

521 4709 659 4768 tatis
691 4731 705 4766 :
742 4710 889 4786 quid
928 4710 1001 4766 sit
1029 4709 1195 4783 quod
1225 4725 1366 4765 caro
1404 4711 1530 4767 sine
1562 4712 1749 4766 Verbo
1779 4727 1900 4766 non
1939 4711 2080 4780 agit,
2114 4715 2171 4767 et

522 4799 670 4876 quid
691 4801 766 4858 sit
793 4799 956 4873 quod
987 4800 1244 4856 Verbum
1269 4800 1393 4856 sine
1416 4816 1593 4856 carne
1621 4817 1739 4855 non
1772 4800 1950 4856 etlicit
1977 4799 2004 4855 ?
2037 4801 2171 4856 Sine

521 4891 701 4946 Verbi
735 4891 897 4947 enim
927 4890 1192 4963 potentia
1218 4905 1326 4945 nec
1356 4889 1695 4962 conciperet
1719 4889 1898 4959 Virgo
1929 4904 2038 4944 nec
2069 4905 2172 4961 pa-

521 4985 676 5035 reret
713 4997 728 5047 ;
755 4985 813 5036 et
842 4981 969 5036 sine
999 4980 1245 5036 veritate
1288 4980 1486 5035 carnis
1512 4979 1798 5035 obvoluta
1837 4979 2054 5050 pannis
2084 4979 2169 5033 in-

522 5067 711 5124 fantia
738 5083 864 5124 non
904 5069 1146 5138 jaceret.
1201 5067 1336 5124 Sine
1378 5067 1550 5123 Verbi
1594 5067 1860 5140 potentia
1898 5082 2018 5122 non
2069 5066 2171 5122 ad-

523 5161 764 5215 orarent
790 5156 940 5229 Magi
967 5172 1248 5229 puerum,
1269 5156 1439 5214 stella
1466 5155 1661 5212 indice
1689 5155 2088 5222 declaratum;
2116 5158 2174 5210 et

598 5504 712 5576 (22)
739 5502 887 5560 Edit.
917 5502 1195 5578 Lequien.
1230 5503 1316 5560 De
1353 5501 1662 5578 ﬁd.":'orlh.
1697 5502 1802 5560 lib.
1841 5517 1916 5572 iv,
1947 5516 2083 5578 cap.
2118 5507 2171 5559 5.

594 5574 706 5650 (23)
739 5578 912 5650 Oper.
937 5574 1034 5636 cit.
1060 5574 1164 5644 lib,
1187 5577 1532 5649 11,.eap..t3.

2273 3163 2404 3214 θεῖόν
2435 3182 2485 3214 τε
2523 3169 2612 3214 xui
2652 3162 2966 3235 ἀνθρώπινον
2991 3180 3002 3192 ·
3037 3167 3126 3213 xui
3159 3167 3340 3233 σοφίαν
3365 3166 3453 3212 καὶ
3483 3168 3694 3231 γνῶσιν,
3727 3160 3865 3210 Θείαν

2269 3270 2324 3302 τε
2352 3257 2441 3303 καὶ
2481 3250 2820 3324 ἀνθρωπίνην.
2853 3251 3159 3324 Ὀμοούσιος
3182 3253 3282 3323 γὰρ
3308 3251 3374 3300 ὠν
3405 3258 3476 3319 τῷ
3502 3254 3608 3320 Θεῷ
3639 3252 3728 3298 xui
3764 3254 3866 3298 Πα-

2270 3346 2376 3414 τρὶ,
2407 3339 2746 3404 αὐτεξουσίως
2799 3340 2927 3393 ϐέλει
2955 3345 3045 3392 xui
3075 3342 3266 3413 ἐνεργεῖ
3290 3341 3353 3398 ὡς
3377 3343 3504 3399 Θεός
3547 3355 3558 3366 ·
3591 3339 3866 3409 ὁμοούσιος

2274 3426 2331 3481 δὲ
2370 3436 2458 3481 xui
2491 3433 2632 3501 ἡμῖν,
2684 3429 3032 3492 αὐτεξουσίως
3062 3428 3190 3480 θέλει
3221 3432 3311 3479 καὶ
3351 3425 3545 3500 ἐνεργεῖ
3567 3429 3635 3485 ὡς
3666 3426 3864 3497 ἄνθρω-

2270 3537 2365 3578 πος
2421 3521 2446 3570 6
2509 3518 2680 3580 αὐτός.
2717 3518 2884 3571 Αὑτου
2935 3520 3035 3592 γὰρ
3081 3519 3146 3568 τὰ
3173 3519 3431 3588 θαύματα,
3473 3515 3631 3567 αὐτου
3670 3519 3761 3565 xui
3805 3511 3871 3564 τά

2271 3609 2576 3679 παθήματα.

2275 3871 2360 3924 Ἐκ
2424 3880 2514 3932 τῆς
2565 3870 2811 3947 δευτέρας
2868 3872 3141 3931 ἐπιστολῆς
3239 3877 3330 3922 τοῦ
3404 3868 3579 3947 ἀγίουΙ
3646 3869 3865 3947 Λέρντος

2342 3944 2532 3996 πάππα
2577 3938 2778 4016 Ῥώμης
2829 3950 2952 4018 πρὸς
3023 3949 3220 3998 Λέοντα
3265 3946 3348 3994 τόν
3397 3938 3664 4018 βασιλέα..
3701 3938 3764 3996 ἧς
3833 3938 3862 3994 ἡ

2343 4013 2623 4087 ἐπιγραφὴ,
2654 4009 2682 4066 (ί
2710 4024 2792 4086 Τῷ
2819 4009 3267 4088 ὑπερενὸοξοτοὲτῷ
3294 4017 3380 4064 καὶ
3397 4009 3740 4088 ’γαληνοτοὶτῳ
3771 4015 3870 4079 υιῷ

2343 4083 2629 4158 Αὐγούστῳ
2663 4083 2864 4155 Λέοντι,
2901 4083 3038 4139 Asan
3079 4086 3356 4144 ἐπίσκοπος
3386 4083 3516 4151 μί).
3557 4103 3576 4128 ι

2345 4174 2446 4231 κδ’,
2499 4185 2582 4247 Τῷ
2623 4176 2803 4233 ἀληθεῖ
2855 4185 2946 4228 τοῦ
2993 4185 3125 4227 (τ)εού
3176 4179 3265 4226 xui
3316 4172 3585 4244 ἀνθρώπου
3637 4171 3742 4239 Υἰῷ
3781 4174 3872 4220 τοῦ

2274 4285 2328 4318 τε
2373 4273 2545 4337 Λόγου
2624 4271 2713 4318 καὶ
2778 4275 2868 4326 τῆς
2927 4269 3120 4338 σαρκὸς
3167 4263 3216 4316 ἓν
3283 4264 3517 4335 ὑπάρχει
3568 4263 3871 4330 πρόσωπον,

2276 4358 2397 4430 ὅπερ
2455 4357 2764 4428 ἀχωρίστως
2829 4361 2918 4407 xui
2995 4352 3305 4428 ἀδιαιρέτως
3372 4354 3542 4410 κοινὰς
3605 4349 3716 4418 ἑγει
3782 4350 3873 4407 τὰς

3552 4441 3710 4509 ἔργων
3781 4437 3875 4491 τάς

2276 4445 2503 4519 πράξεις.
2563 4452 2646 4497 Δεῖ
2719 4452 2847 4496 νοεῖν
2936 4445 3070 4516 ὅμως
3130 4443 3297 4494 αὐτῶν
3355 4449 3453 4491 τῶν

2277 4539 2554 4594 ποιότητας
2610 4550 2622 4564 ⁸
2691 4539 2778 4586 xui
2943 4538 3254 4589 κατανοήσει
3303 4538 3398 4590 τῆς
3442 4527 3744 4598 εἰλικρινους
3783 4543 3872 4575 πι-

2282 4643 2436 4684 στεως
2507 4620 2588 4675 δεῖ
2659 4625 2905 4696 καθορᾷν,
2954 4620 3036 4674 ἐπὶ
3096 4629 3221 4672 ποῖα
3275 4620 3364 4691 μὲν
3416 4619 3445 4674 ἡ
3526 4623 3615 4675 τῆς
3678 4615 3872 4686 σαρκός

2277 4716 2562 4788 προάγεται
2593 4721 2915 4776 ταπεινότης,
2950 4709 3031 4763 ἐπὶ
3070 4717 3194 4762 ποῖα
3221 4707 3278 4761 δὲ
3318 4711 3375 4759 τὸ
3417 4705 3545 4776 ὕψος
3574 4712 3665 4765 τῆς
3698 4705 3871 4758 Θεότη-

2277 4823 2364 4864 τος
2421 4802 2761 4855 ἐπικλίνεται·
2827 4806 2915 4852 xui
2957 4805 3008 4851 τί
3069 4802 3156 4872 μὲν
3211 4797 3372 4860 ἐστὶν,
3431 4797 3554 4866 ὅπερ
3625 4791 3758 4866 σὰρξ
3812 4787 3872 4841 οὗ

2277 4895 2493 4966 πράττει
2547 4889 2686 4962 δίχα
2731 4910 2820 4942 του
2868 4894 3040 4960 Λόγον
3074 4909 3086 4920 ·
3129 4892 3180 4939 τί
3221 4882 3279 4938 δὲ
3335 4888 3408 4942 εἴη
3457 4885 3579 4956 ὅπερ
3627 4883 3652 4932 6
3703 4883 3875 4949 Λόγος

2278 4985 2444 5054 χωρὶς
2483 4989 2574 5040 τῆς
2621 4982 2814 5053 σαρκὸς
2865 4978 2958 5030 οὐκ
3006 4976 3298 5048 ἐργάζεται.
3349 4978 3489 5043 Λίχα
3529 4975 3618 5042 μὲν
3648 4972 3748 5043 γὰρ
3779 4975 3877 5028 τῆς

2275 5079 2366 5123 του
2425 5074 2599 5140 Λόγου
2658 5064 2921 5138 δυνάμεως
2958 5062 3070 5118 οὐδ’
3120 5063 3180 5115 ἂν
3212 5067 3240 5121 η
3277 5064 3536 5138 Παρθένος
3581 5055 3874 5125 συνέλαϐῦι,

2280 5157 2402 5215 οὐδὲ
2429 5162 2627 5211 ἔτεκεν·
2677 5153 2818 5228 δίχα
2862 5152 2921 5209 δὲ
2945 5163 3038 5218 τῆς
3079 5152 3318 5212 ἀληθείας
3375 5159 3473 5211 τῆς
3529 5149 3724 5220 σαρκὸς
3782 5144 3878 5198 οὐκ

2352 5498 2467 5569 (24)
2489 5495 2637 5553 Edit.
2667 5492 2939 5551 Ballerin.
2969 5495 3010 5548 t.
3037 5490 3080 5556 Ι,
3105 5503 3165 5562 p.
3190 5490 3346 5546 1366.
