4152 6208
187 230 288 286 221

1527 231 1876 316 ΤΗΕΞᾼΙΙΒΙ
1903 231 2036 287 LIB.
2069 231 2201 288 xxv

3435 236 3544 320 222

187 352 252 404 ἃν
299 353 661 427 κεκαλυμμένη
720 363 830 417 τοῖς
879 359 1092 432 ῥάκεσιν
1147 359 1308 409 ἔκειτο
1365 361 1629 416 νηπιότης.
1689 361 1790 409 Καὶ

1900 355 2025 411 sine
2051 357 2300 414 veritate
2330 357 2527 413 carnis
2564 369 2688 413 non
2714 356 3068 427 juberentur
3112 357 3176 413 in
3222 359 3544 435 {Egyptum

185 440 328 515 δίχα
376 448 468 516 μὲν
505 455 601 507 τῆς
639 453 734 498 τοῦ
784 451 959 518 Λόγου
1011 444 1279 519 δυνάμεως
1316 448 1410 499 οὐκ
1439 445 1502 498 ἂν
1532 447 1788 518 προσεκύ-

184 553 354 592 νησαν
419 536 468 586 οἰ
507 539 682 606 Μάγοι
732 540 791 588 τό
846 534 1080 603 παιδίον,
1148 541 1206 589 τό
1271 539 1370 588 ὑπὸ
1439 544 1532 589 τοῦ
1569 540 1788 609 μηνύονο

187 642 272 683 τος
303 622 525 697 ἀστέρος
577 621 896 697 δηλούμενον
929 642 943 656 °
999 623 1140 698 δίχα
1177 623 1236 678 δὲ
1285 635 1376 686 τῆς
1424 625 1665 686 ἀληθείας
1695 633 1791 685 τῆς

191 716 396 786 σαρκός
448 714 543 766 οὐκ
595 714 656 766 ἂν
721 714 974 768 ἐκελεύετο
1021 719 1080 766 τὸ
1133 711 1344 768 παιδίον
1397 715 1470 776 εἰς
1522 716 1788 786 Αἴγυπτον

189 805 593 876 μεταφέρεσθαι,
653 809 744 855 καὶ
821 813 912 856 τοῦ
987 807 1120 856 κατὰ
1180 808 1268 857 τόν
1320 801 1562 878 Ἡρώδην
1635 803 1789 866 ὑπεξ-

191 892 417 961 ιὲγεσθαι
463 888 725 964 διωγμοῦ.
781 898 884 945 Καὶ
921 890 1056 965 δίχα
1091 897 1182 966 μὲν
1233 902 1324 954 τῆς
1353 901 1444 946 τοῦ
1481 897 1653 964 Λόγου
1695 889 1788 944 δυ-

190 981 394 1052 νάμεως
469 981 564 1034 οὐκ
637 981 698 1034 ἂν
771 982 939 1054 ἔλεγεν
991 986 1022 1041 η
1082 987 1220 1055 φωνὴ
1297 991 1389 1035 τοῦ
1455 986 1680 1058 Πατρός,
1739 981 1791 1044 ἐξ

191 1070 425 1143 οὐρανῶν
499 1069 770 1142 ἀφεθεῖσα,
848 1072 1016 1134 Οὗτός
1088 1071 1231 1124 ἐστιν
1306 1074 1332 1124 ό
1407 1075 1522 1132 Υἱός
1598 1091 1699 1143 μου
1764 1073 1791 1122 ό

193 1157 485 1229 ἀγαπητός,
544 1158 592 1210 ἐν
645 1161 685 1231 ᾧ
743 1157 1027 1218 ηύδόκησα
1059 1179 1071 1190 ·
1124 1158 1266 1234 δίχα
1321 1158 1381 1214 δὲ
1416 1171 1506 1222 τῆς
1548 1160 1792 1221 ἀληθείας

191 1255 283 1299 τοῦ
349 1254 590 1319 σώματος
645 1249 742 1301 οὐκ
789 1249 850 1300 ἄν
910 1253 1372 1326 προσεμαρτύρατο
1446 1252 1471 1302 ὁ
1511 1250 1786 1312 Ἰωάννης’

187 1333 301 1388 Ἰὃε
375 1337 403 1386 ὁ
459 1334 623 1408 ἀμνὸς
693 1345 787 1390 τοῦ
863 1347 1023 1405 Θεοῦ,
1082 1341 1107 1390 ό
1165 1343 1321 1412 αἴρων
1375 1344 1468 1398 τὴν
1534 1338 1792 1412 ἁμαρτίαν

192 1433 286 1475 τον
338 1429 564 1496 κόσμου.
625 1431 725 1488 Καὶ
777 1424 916 1498 δίχα
967 1433 1057 1501 μὲν
1108 1437 1200 1494 τῆς
1252 1437 1342 1480 τού
1407 1433 1582 1500 Λόγου
1637 1425 1791 1480 δυνά-

191 1534 324 1586 μεως
382 1515 476 1566 οὐκ
533 1514 592 1568 ἂν
643 1515 834 1587 ἐγένετο
891 1525 989 1569 τῶν
1039 1538 1091 1570 τε
1135 1516 1481 1570 ἀσθενούντων
1535 1521 1565 1576 η
1631 1518 1792 1590 ῥὼσις

191 1609 282 1655 καὶ
329 1612 426 1655 τῶν
457 1606 745 1657 τεθνεώτων
790 1609 818 1664 ἡ
863 1607 1182 1670 ζωοποίησις
1217 1626 1226 1636 ⁸
1265 1604 1399 1678 δίχα
1430 1604 1488 1660 δὲ
1538 1616 1634 1670 τῆς
1665 1607 1793 1664 ἀλη-

1896 447 2199 502 transferri
2251 463 2420 519 puer,
2453 452 2510 502 et
2556 447 2633 502 ab
2663 447 2909 503 Herodis
2937 445 3353 519 persecutione
3401 447 3544 503 sub-

1897 535 2057 591 duci.
2090 537 2228 593 Sine
2255 536 2425 592 Verbi
2473 535 2737 608 potentia
2767 552 2888 591 non
2919 537 3142 592 diceret
3191 552 3310 591 vox
3353 535 3545 591 Patris

1897 627 2081 682 missa
2105 627 2179 681 de
2200 625 2382 682 caelo:
2406 627 2524 682 Hic
2547 627 2838 682 estFilius
2867 641 3028 682 meus
3058 625 3406 692 dilectus,in
3428 639 3543 696 quo

1896 715 2046 771 mihi
2066 716 2210 772 bene
2238 716 2631 783 complacui"
2651 733 2663 782 ;
2687 719 2744 770 et
2766 715 2890 770 sine
2919 715 3163 771 veritate
3195 714 3392 770 carnis
3419 728 3543 769 non

1896 809 2322 876 protestaretur
2349 804 2611 859 Joannes
2641 821 2656 858 :
2687 804 2840 860 Ecce
2885 803 3075 874 Agnus
3113 805 3241 869 Dei,
3282 819 3413 860 ecce
3439 802 3546 874 qui

1899 895 2058 949 tollit
2087 899 2336 963 peccata
2384 893 2682 948 mundi".
2720 893 2854 949 Sine
2897 893 3070 948 Verbi
3107 893 3375 964 potentia
3419 907 3543 947 non

1899 983 2062 1037 fieret
2117 982 2548 1051 redintegratio
2596 983 2910 1051 debilium,
2954 987 3011 1038 et
3039 982 3353 1037 viviﬁcatio
3388 995 3547 1036 mor-

1899 1076 2137 1127 tuorum
2164 1089 2176 1136 ;
2205 1078 2261 1128 et
2291 1073 2416 1128 sine
2441 1073 2686 1128 veritate
2712 1072 2906 1127 carnis
2940 1087 3049 1126 nec
3100 1071 3270 1127 cibus
3309 1071 3542 1142 jejuno,

1899 1177 2009 1216 nec
2036 1177 2284 1217 somnus
2324 1167 2482 1217 esset
2509 1162 2890 1218 necessarius
2921 1161 3192 1232 fatigato.
3239 1164 3545 1216 Postremo

1899 1251 2026 1306 sine
2060 1251 2230 1306 Verbi
2263 1251 2528 1322 potentia
2574 1267 2700 1308 non
2743 1266 2807 1306 se
2861 1249 3147 1310 Dominus
3177 1250 3334 1306 Patri
3363 1251 3547 1322 proﬁ-

1899 1345 2119 1396 teretur
2148 1339 2474 1411 aequalem;
2509 1344 2566 1396 et
2591 1339 2719 1394 sine
2741 1339 2985 1394 veritate
3015 1339 3213 1394 carnis
3236 1355 3359 1395 non
3385 1340 3546 1397 idem

1901 1428 2119 1484 diceret
2150 1431 2380 1484 Patrem
2430 1445 2494 1484 se
2523 1444 2652 1484 esse
2691 1429 2987 1500 majorem
3019 1445 3032 1484 :
3085 1445 3220 1484 cum
3254 1429 3548 1486 catholica

1899 1517 2051 1572 ﬁdes
2087 1526 2404 1589 utrumque
2437 1518 3074 1589 suscipiat,utrumque
3103 1517 3546 1592 defendat,quee

1903 1607 2236 1664 secundum
2265 1606 2704 1662 confessionem
2721 1606 2880 1662 beati
2907 1606 3162 1680 apostoli
3182 1609 3545 1676 Petri,unum

195 1695 336 1756 θείας
385 1700 481 1754 τῆς
542 1698 740 1767 σαρκός
795 1698 912 1747 οὔτε
963 1700 1124 1768 τροφὴ
1178 1705 1250 1768 τῷ
1302 1700 1623 1764 νηστεύοντι,
1681 1701 1790 1750 οὔτε

1904 1697 2198 1762 Christum
2233 1696 2331 1752 Dei
2392 1695 2505 1750 vivi
2541 1693 2767 1761 Filium,
2809 1698 2865 1752 et
2892 1694 3203 1750 hominem
3258 1694 3446 1751 credit
3491 1700 3549 1752 et

193 1786 298 1853 μὴν
353 1783 507 1843 ὕπνος
548 1781 834 1852 ἀναγκαῖος
875 1786 1112 1858 ὑπῆρχεν
1175 1795 1245 1856 τῷ
1303 1789 1636 1840 κοπιάσαντι.
1695 1791 1794 1839 Καὶ

191 1875 250 1924 τὸ
293 1868 360 1928 δὴ
413 1875 567 1946 πέρας
593 1869 734 1943 δίχα
777 1876 870 1946 μὲν
911 1883 1004 1936 τῆς
1043 1881 1134 1926 τοῦ
1165 1879 1338 1945 Λόγου
1383 1872 1645 1949 δυνάμεως
1701 1875 1794 1927 οὐκ

196 1959 256 2011 ἂν
304 1965 486 2012 εαυτὸν
550 1963 576 2012 ὀ
640 1964 828 2036 Κύριος
900 1965 1014 2014 ἴσον
1088 1971 1160 2034 τῷ
1236 1969 1415 2037 lla-cpi
1465 1967 1796 2036 τυγχάνοντα

196 2050 490 2122 ὡμολόγει·
551 2047 692 2121 δίχα
740 2047 800 2103 δὲ
841 2059 928 2112 τῆς
985 2049 1223 2114 ἀληθείας
1268 2073 1358 2106 του
1419 2060 1658 2127 σώματος
1700 2055 1795 2107 οὐκ

195 2135 254 2188 ειν
294 2141 320 2190 ὁ
365 2135 545 2201 ἐαντός
569 2139 704 2212 ἔλεγε
747 2140 962 2212 μείζονα
999 2139 1130 2192 εἶναι
1174 2141 1357 2194 ἑαυτοῦ
1407 2145 1495 2196 τὸν
1535 2148 1744 2217 Πατέρα
1775 2160 1789 2175 °

193 2227 347 2280 ὁπότε
403 2234 490 2280 xui
527 2231 556 2286 ἡ
598 2228 852 2288 καθολικὴ
894 2234 1072 2290 πίστις
1129 2230 1364 2306 ἑκάτερον
1405 2228 1640 2304 δέχεται,
1700 2239 1792 2288 καὶ

199 2316 439 2393 ἑκάτερον
486 2317 692 2390 ἐκδικεί,
739 2323 852 2381 ἣτις
904 2325 1037 2372 κατα
1083 2325 1179 2378 τὴν
1221 2321 1497 2394 ὁμολογίαν
1549 2332 1641 2376 τοῦ
1684 2345 1790 2397 μα-

203 2413 395 2479 καρίου
426 2405 700 2460 ἀποστόλου
753 2413 973 2480 Πέτρου,
1028 2410 1116 2461 ἕνα
1154 2414 1383 2484 Χριστόν
1435 2415 1521 2464 τὸν
1552 2415 1668 2465 Υἱόν
1701 2422 1790 2465 τοῦ

1901 1788 2179 1845 Verbum.
2223 1784 2508 1852 Quamvis
2555 1785 2756 1856 itaque
2804 1783 2882 1840 ab
2928 1783 3030 1840 illo
3077 1783 3260 1855 initio,
3310 1800 3432 1858 quo
3481 1784 3546 1840 in

1905 1884 2071 1934 utero
2100 1875 2348 1945 virginis
2371 1873 2635 1928 Verbum
2667 1888 2806 1928 caro
2846 1872 3068 1928 factum
3113 1877 3221 1939 est,
3250 1873 3396 1928 nihil
3438 1889 3547 1929 un-

1903 1983 2078 2040 quam
2109 1965 2258 2021 inter
2281 1970 2597 2033 utramque
2617 1961 2875 2016 formam
2903 1960 3211 2016 divisionis
3239 1961 3544 2031 exstiterit,

1903 2062 1960 2114 et
1986 2071 2092 2128 per
2126 2053 2332 2110 omnia
2360 2052 2728 2106 incrementa
2748 2065 3037 2122 corporea
3068 2049 3242 2104 unius
3271 2065 3546 2121 personm

1902 2145 2120 2202 fuerint
2146 2141 2323 2198 totius
2379 2138 2665 2211 temporis
2705 2137 3006 2204 actiones;
3043 2153 3117 2193 ea
3161 2136 3291 2209 ipsa
3322 2142 3544 2206 tamen,

1901 2252 2037 2309 quae
2074 2230 2549 2305 inseparabiliter
2573 2228 2734 2285 facta
2780 2232 2940 2294 sunt,
2966 2227 3134 2284 nulla
3161 2227 3548 2298 permistione

1901 2322 2364 2388 confundimus;
2419 2319 2526 2376 sed
2565 2318 2740 2390 cujus
2789 2317 2995 2396 formae
3048 2317 3142 2385 sit,
3191 2333 3264 2374 ex
3296 2333 3549 2390 operum

1901 2413 2184 2488 qualitate
2207 2410 2514 2466 sentimus.

4134 927 4135 940 ι

4133 947 4135 960 4

4133 1231 4135 1268 i

4133 1297 4135 1320 Ι

203 2501 342 2546 Θεοῦ
382 2505 471 2547 τοῦ
511 2498 705 2564 ζῶντος,
742 2503 834 2550 καὶ
863 2499 1132 2573 ἄνθρωπον
1153 2502 1384 2551 πιστεύει
1413 2505 1502 2554 καὶ
1542 2506 1728 2572 Λόγον.
1765 2503 1822 2557 Εἰ
1843 2509 1931 2556 καὶ
1962 2505 2027 2554 τα
2065 2501 2299 2574 μάλιστα
2327 2505 2496 2551 τοίνυν
2523 2496 2576 2560 ἐξ
2615 2496 2804 2556 ἐκείνης
2834 2504 2926 2568 τῆς
2958 2493 3157 2570 ἀρχῆς.
3187 2493 3272 2567 ἀφ’
3299 2495 3364 2555 ἧς
3401 2494 3450 2547 έν
3480 2502 3542 2554 τῆ

193 2589 399 2658 γαστρὶ
438 2593 528 2644 τῆς
573 2588 832 2658 Παρθένου
874 2589 898 2638 ὁ
931 2592 1100 2659 Λόγος
1137 2592 1283 2659 γέγνε
1325 2588 1476 2661 σὰρξ,
1510 2591 1648 2642 τουτ’
1681 2594 1794 2644 ἔστι
1838 2596 2010 2665 σάρκα
2039 2590 2233 2658 ὓαϐεν,
2275 2585 2373 2641 ούὸ
2402 2590 2481 2639 ὅτι
2511 2583 2597 2640 οὖν
2647 2583 2707 2644 ἧν
2740 2582 3047 2660 διαιρέσεως
3079 2584 3272 2656 μεταξὺ
3313 2591 3407 2644 τῆς
3432 2585 3546 2636 ἔκα-

187 2679 342 2747 τέρας
369 2682 574 2747 μορφῆς
605 2694 617 2704 '
655 2681 746 2728 καὶ
779 2673 852 2728 δι’
896 2677 1103 2738 ἀπάσης
1135 2677 1402 2740 αὐξήσεως
1450 2689 1771 2750 σωματικῆς,
1827 2681 1934 2746 ἑνός
1973 2685 2256 2756 προσώπου
2307 2681 2362 2730 αἱ
2398 2697 2490 2729 του
2527 2679 2713 2735 παντὸς
2748 2680 2943 2746 χρόνου
2974 2672 3186 2747 πράξεις
3223 2677 3496 2744 γεγόνασιν
3527 2689 3542 2702 ·

187 2764 324 2835 ὅμως
367 2764 502 2815 αὐτὰ
539 2785 727 2832 ταυτα,
769 2767 896 2840 οἷπερ
927 2764 1237 2840 ἀχωρίστως
1262 2771 1551 2838 γεγένηται,
1583 2771 1696 2821 κατ’
1725 2767 1974 2844 οὐδεμίαν
2006 2767 2267 2842 ἐπιμιξίαν
2297 2771 2588 2838 συγχέομεν
2623 2780 2634 2792 ·
2665 2762 2793 2816 ἀλλὰ
2816 2768 2972 2824 ποίας
3001 2765 3078 2819 εἴη
3109 2769 3333 2835 μορφῆς,
3366 2759 3422 2814 ἐκ
3451 2768 3545 2822 τῆς

187 2860 288 2902 τῶν
331 2855 490 2926 ἔργων
522 2860 799 2918 ποιότητος
840 2856 1212 2928 αἰσθανόμεθα.

188 2958 505 3012 Ἀθανασίου
563 2960 852 3016 ἐπισκόπου
909 2960 1302 3038 Ἀλεξαρδρείας
1367 2971 1460 3018 τοῦ
1529 2964 1789 3038 ὁμολογη-

865 3071 955 3104 του
982 3053 1116 3122 (25).

255 3153 347 3210 κε’.
403 3154 570 3208 Ὀσαι
633 3162 802 3209 τοίνυν
853 3163 1091 3210 ταπειναὶ
1153 3158 1308 3222 λέξεις
1363 3165 1454 3213 καὶ
1516 3162 1661 3232 ἔργα,
1722 3160 1792 3220 εἰς

185 3249 241 3296 τό
273 3253 432 3316 σῶμα
471 3253 566 3297 τοῦ
618 3249 742 3298 Υίοῦ
792 3252 1124 3321 γεγραμμένα
1161 3253 1263 3300 νόει
1299 3265 1323 3315 ἠ
1368 3250 1469 3300 ὅσα
1507 3245 1567 3300 δὲ
1605 3246 1791 3311 ἔνδοξα

184 3335 490 3406 γράμματα,
549 3335 622 3396 εἰς
665 3339 758 3393 τὴν
808 3344 900 3387 τον
931 3341 1106 3407 Λόγου
1162 3339 1396 3395 θεότητα.
1427 3337 1588 3389 Ὅταν
1640 3344 1792 3408 πεινᾷ

183 3425 314 3492 μετὰ
369 3427 428 3474 νό
485 3431 792 3494 νηστεῦσαι,
845 3431 938 3476 τοῦ
986 3433 1227 3497 σώματος
1283 3425 1591 3499 ἐλάττωμα·
1638 3429 1791 3484 ἡνίκα

188 3508 246 3563 δὲ
321 3510 378 3563 ἔκ
454 3517 602 3566 πέντε
656 3515 826 3588 ἄρτων
883 3517 998 3575 τοὺς
1051 3518 1285 3576 πεντάκις
1340 3515 1546 3586 χιλίους
1595 3512 1789 3587 ἄνδρας

187 3607 354 3673 χωρὶς
429 3598 660 3654 παιδίων
714 3608 804 3655 καὶ
858 3612 1116 3674 γυναικῶν
1169 3608 1360 3677 τρέφει,
1413 3609 1503 3656 καὶ
1578 3601 1789 3657 δώδεκα

185 3696 432 3762 κοφίνους
491 3692 705 3766 πλήρεις
763 3692 1074 3765 κλασμάτων
1143 3697 1460 3769 περισσεύει,
1527 3702 1622 3755 τῆς
1683 3696 1787 3746 θεό-

187 3798 344 3842 τητος
398 3789 495 3832 τοῦ
552 3785 725 3852 Λόγου
779 3785 838 3833 τό
877 3784 1041 3853 ἔργον.
1079 3781 1262 3834 Ἠνίκα
1299 3778 1359 3833 δὲ
1409 3781 1495 3834 ἐπὶ
1531 3785 1589 3833 τὸ
1625 3801 1787 3855 προσ-

186 3869 463 3942 κεγάλαιον
522 3870 570 3922 ἐν
629 3878 700 3940 τῷ
754 3870 917 3942 πλοίῳ
953 3877 1221 3943 κοιμᾶται,
1281 3869 1622 3932 ἀναπαύσεως
1678 3889 1788 3922 σω-

188 3967 420 4029 ματικῆς
476 3962 620 4032 ξογον
653 3981 665 3992 ο

171 4046 368 4120 ἀπειλῇ
431 4056 540 4110 τοῖς
587 4068 790 4120 κυμασι
825 4054 916 4101 καὶ
965 4055 1074 4109 τοῖς
1131 4047 1356 4119 ἀνέμοις,
1399 4053 1592 4114 Σιώπα,
1635 4053 1787 4119 πεφί-

725 3961 846 4011 ὃταν
898 3968 1192 4032 περιπατῶν
1231 3958 1315 4012 ἐπὶ
1365 3969 1459 4021 τῆς
1518 3960 1790 4021 θαλάσσης

188 4156 353 4208 μωσο,
421 4136 571 4197 εὐθὺς
632 4135 806 4189 ἀκούει
858 4140 1002 4211 παρὰ
1055 4145 1156 4189 τῶν
1213 4136 1260 4194 ἐν
1313 4145 1386 4208 τῷ
1446 4136 1606 4208 πλοίῳ
1659 4139 1788 4208 μεθ-

188 4229 347 4299 ὅρκων
398 4225 810 4298 ὁμολογούντων,
865 4225 1101 4287 Ἀληθῶς
1165 4233 1299 4278 Θεοῦ
1349 4228 1469 4288 Υἱός
1525 4225 1587 4282 εἶ.
1629 4225 1790 4279 Ὅταν

189 4315 316 4368 icto]:
327 4335 347 4375 ;

426 4318 551 4388 πρός
625 4323 697 4386 τῷ
771 4319 1004 4386 μνήματι
1085 4315 1331 4386 Λαζάρου
1404 4311 1632 4388 δακρύῃ,
1700 4320 1790 4367 καὶ

1969 2967 2030 3022 S.
2069 2964 2382 3022 Athanasii
2404 2961 2657 3032 episcopi
2679 2958 3078 3016 Alexandrini
3101 2957 3475 3026 confessoris.

1967 3166 2056 3217 25.
2088 3162 2346 3215 Cunctas
2375 3157 2556 3226 igitur
2575 3154 2834 3212 humiles
2863 3152 3154 3209 dictiones
3174 3151 3248 3207 de
3267 3150 3394 3206 Filii
3423 3165 3548 3206 cor-

1896 3266 2041 3323 pore
2069 3250 2320 3320 scriptas
2348 3246 2658 3302 existima:
2693 3243 2984 3313 gloriosas
3029 3245 3231 3297 autem
3259 3238 3549 3295 dictiones

1898 3340 1977 3394 ad
2003 3337 2182 3394 Verbi
2211 3335 2580 3391 divinitatem
2612 3331 2783 3387 refer.
2835 3335 2982 3387 Cum
3022 3330 3208 3384 esurit
3237 3333 3371 3402 post
3392 3327 3548 3399 jeju-

1897 3429 2086 3492 nium,
2118 3424 2388 3497 corporis
2428 3427 2514 3478 est
2561 3408 2912 3490 inﬁrmitas;
2963 3433 3102 3474 cum
3146 3423 3346 3474 autem
3375 3415 3548 3488 quin-

1897 3533 2016 3589 que
2035 3516 2296 3588 panibus
2322 3513 2587 3569 virorum
2611 3509 2878 3582 quinque
2904 3508 3112 3577 millia,
3143 3507 3373 3579 absque
3402 3520 3547 3578 pue-

1896 3605 1977 3661 ris
2009 3603 2500 3674 mulieribusque,
2532 3604 2780 3666 saturat,
2815 3604 2873 3654 et
2902 3597 3222 3654 duodecim
3253 3595 3548 3668 cophinos

1897 3694 2249 3765 fragmentis
2281 3691 2510 3764 implet,
2536 3691 2649 3745 hoc
2674 3705 2711 3744 a
2731 3687 2902 3743 Verbi
2931 3687 3240 3744 divinitate
3257 3683 3545 3758 procedit.

1899 3784 2044 3840 Cum
2072 3784 2135 3838 in
2158 3782 2299 3837 navi
2337 3780 2528 3854 capite
2575 3777 2864 3834 reclinato
2911 3776 3151 3842 dormit,
3182 3775 3242 3830 id
3273 3787 3549 3846 corpora-

1896 3872 1970 3928 lis
1999 3871 2226 3944 requiei
2275 3869 2587 3942 proprium
2627 3871 2713 3922 est
2745 3883 2759 3922 :
2805 3882 2947 3922 cum
2999 3871 3198 3920 autem
3229 3861 3550 3919 ambulans

1898 3977 2081 4032 supra
2103 3976 2269 4015 mare
2290 3957 2572 4014 ﬂuctibus
2593 3955 2903 4027 ventisque
2931 3954 3237 4024 imperans
3259 3951 3341 4007 ait
3367 3967 3380 4005 :
3405 3950 3546 4017 Sile,

1897 4052 2246 4115 obmutesce,
2291 4048 2488 4102 statim
2521 4044 2688 4100 audit
2714 4043 2885 4098 navis
2923 4041 3118 4097 socios
3155 4055 3295 4094 cum
3353 4052 3549 4093 sacra-

1899 4143 2103 4194 mento
2126 4136 2533 4192 afﬁrmantes:
2574 4133 2718 4188 Vere
2739 4131 2932 4186 Filius
2962 4129 3072 4184 Dei
3109 4143 3166 4186 es
3183 4129 3252 4182 ’6.
3285 4128 3432 4183 Cum
3464 4139 3552 4179 se-

1899 4227 2106 4300 pulcro
2137 4223 2341 4279 Lazari
2373 4227 2580 4277 astans
2609 4220 3012 4292 lacrymatur;
3035 4222 3088 4273 et
3115 4233 3254 4272 cum
3283 4213 3552 4288 passioni

1900 4316 2212 4390 proximus
2253 4313 2392 4368 dicit
2426 4330 2438 4367 :
2495 4311 2701 4366 Tristis
2728 4315 2812 4365 est
2853 4309 3063 4366 anima
3094 4322 3219 4363 mea
3249 4319 3434 4377 usque
3470 4303 3553 4360 ad

189 4407 416 4463 ὁπηνίκα
475 4407 708 4476 πάσχειν
758 4405 943 4476 ἔμελλε,
995 4405 1116 4478 λέγῃ
1153 4422 1164 4434 '
1229 4405 1513 4480 Περίλυπός
1568 4405 1706 4457 ἐστιν
1756 4408 1786 4464 ἡ

1903 4380 2147 4462 inertem
2176 4410 2352 4474 atque
2383 4401 2621 4468 taediat;
2671 4404 2728 4455 et
2755 4397 3081 4454 divinitatis
3108 4395 3356 4470 quidem
3383 4391 3551 4466 spiri—

185 4495 338 4566 ψύχη
393 4513 498 4566 μου
557 4495 645 4554 ἕως
697 4495 938 4557 θανάτου,
981 4500 1068 4546 καὶ
1128 4491 1366 4567 ἁδημονῇ
1401 4509 1417 4524 ⁸
1467 4500 1556 4546 καὶ
1606 4499 1664 4548 τὸ
1702 4499 1791 4566 μὲν

185 4593 391 4655 πνεῦμα
421 4591 514 4643 τῆς
543 4584 782 4644 θεότητος
801 4584 1065 4655 πρόθυμον
1088 4583 1156 4645 εἰς
1187 4590 1360 4635 πᾶσαν
1391 4582 1685 4655 οἰκονομίαν
1714 4583 1792 4636 λέ-

185 4693 275 4745 οης,
307 4677 411 4731 τὴν
452 4668 513 4724 δὲ
558 4674 730 4744 σάρκα
769 4670 982 4743 ἁσθενῇ,
1014 4679 1107 4723 τοῦ
1147 4678 1387 4746 σώματος
1433 4670 1691 4738 ἀσθένεια,
1733 4676 1790 4724 τό

185 4761 470 4815 λυπεῖσθαι
526 4765 616 4812 καὶ
672 4757 952 4833 ἀδημονεῖν
985 4777 998 4789 '
1069 4762 1189 4813 ὅταν
1250 4761 1584 4822 κελευστικῶς
1643 4761 1790 4834 λέγῃ,

190 4851 422 4928 Λάξαρε,
463 4846 618 4921 δεῦρο
657 4848 772 4912 ἔξω,
802 4854 890 4900 καὶ
922 4847 1109 4908 ἀνέστη
1143 4851 1243 4910 ζῶν
1291 4851 1317 4901 ό
1355 4854 1532 4921 νεκρός
1570 4857 1791 4926 τιτραή-

187 4960 336 5015 μέρος
367 4936 444 4998 ἥδ
449 4961 479 4997 η
512 4937 776 5010 λελυμένος
809 4937 858 5003 (ὃ
881 4938 974 4989 oux
1005 4938 1198 5010 ἐγένετο
1239 4938 1328 4991 ἀπ’
1355 4938 1526 5014 ἀρχῆς
1551 4947 1646 5000 τῆς
1677 4942 1790 4991 κτίο

192 5033 360 5102 σεως),
394 5036 489 5091 τῆς
519 5030 755 5088 θεότητος
784 5031 842 5080 τὸ
881 5034 1116 5100 σημεῖον.

250 5209 298 5243 ﬂ
331 5206 546 5267 Matth.
582 5221 668 5274 in,
701 5209 762 5261 t7
791 5221 806 5273 ;
846 5220 1008 5272 xviii,
1037 5207 1089 5261 5.
1167 5205 1216 5240 ’⁵
1249 5205 1417 5260 Joan.
1447 5203 1492 5270 Ι,
1523 5207 1613 5260 29.

253 5383 366 5454 (25)
381 5380 786 5454 Sequentibus
815 5379 1034 5454 similia
1056 5360 1549 5454 legebam__etiam
1567 5378 1627 5454 in
1660 5394 1797 5450 spu-

189 5449 291 5519 rio,
335 5449 403 5510 ut
432 5449 674 5521 dicitur,
715 5467 898 5524 opere
947 5453 1016 5524 S_._
1054 5449 1364 5524 Athanasii
1403 5449 1633 5524 deﬁde
1659 5449 1789 5524 sua,

189 5527 348 5602 quod
375 5528 574 5584 exstat
604 5519 811 5581 Latine
831 5526 895 5580 in
925 5521 1066 5579 edit.
1097 5521 1347 5579 Maurin.
1375 5524 1418 5577 t.
1460 5519 1531 5591 ΙΙ,
1572 5533 1634 5594 p.
1665 5521 1788 5577 629.

1901 4499 2029 4550 tum
2059 4493 2136 4548 ad
2167 4507 2346 4547 omne
2366 4505 2521 4562 opus
2549 4486 2977 4546 incarnationis
3004 4488 3284 4558 paratum
3315 4482 3552 4550 ait,car-

1901 4598 2041 4637 nem
2093 4585 2294 4635 autem
2324 4576 2664 4645 inﬁrmam;
2702 4576 2832 4632 haec
2867 4579 2959 4630 est
2987 4571 3256 4640 videlicet
3284 4568 3552 4642 corporis

1903 4669 2236 4735 inﬁrmitas,
2277 4684 2408 4740 quae
2454 4666 2718 4722 tristatur
2747 4669 2926 4736 atque
2957 4661 3188 4730 taediat;
3223 4675 3362 4716 cum
3411 4673 3550 4713 vero

1900 4757 2252 4830 imperative
2301 4755 2487 4811 dicit:
2528 4755 2774 4820 Lazare,
2825 4752 2958 4810 veni
2998 4751 3194 4819 foras,
3239 4745 3550 4817 surgitque

1898 4845 2198 4902 redivivus
2225 4844 2331 4918 qui
2383 4841 2824 4916 quatriduanus
2861 4839 2992 4910 jam
3039 4836 3284 4893 fcetebat
3325 4833 3554 4904 (cujus-

1899 4934 2065 4992 modi
2090 4951 2184 4990 res
2207 4933 2286 4989 ab
2301 4931 2446 4988 orbe
2467 4929 2710 4986 condito
2730 4943 3046 5002 nunquam
3067 4921 3553 4994 acciderat),haac

1902 5023 2228 5081 divinitatis
2259 5019 2694 5080 demonstratio
2718 5023 2828 5074 est.

1689 5204 1738 5239 ²⁶
1765 5204 1941 5258 Marc.
1975 5217 2054 5269 iv,
2085 5203 2174 5256 39.

1904 5379 2050 5432 Item
2077 5375 2250 5448 paria
2268 5371 2452 5448 habet
2480 5369 2714 5448 Nicetas
2737 5365 3132 5448 Aquileiensis
3157 5364 3220 5421 in
3249 5361 3553 5435 opusculo

1900 5449 1988 5506 De
2013 5437 2250 5504 ratione
2277 5444 2414 5514 ﬁdei
2441 5457 2478 5498 a
2503 5456 2600 5498 me
2627 5437 2955 5523 divulgato.
3427 5519 3429 5522 γ
3538 5457 3546 5466 -
