4152 6208
560 288 666 344 223

1901 283 2171 342 NICETE
2209 281 2584 341 CHONIATE

3809 286 3922 343 224

561 411 625 471 S.
658 410 877 484 Cyrilli
917 425 993 469 ex
1024 410 1173 468 libro
1220 424 1378 493 nono
1407 410 1600 495 operis
1638 411 1711 469 de
1751 412 2105 469 adoratione
2153 409 2219 466 in

2336 414 2428 463 Γοῡ
2458 407 2612 481 ἁγίου
2656 406 2909 482 Κυρίλλου
2966 406 3067 495 ἀπό
3113 416 3204 463 τοῦ
3244 408 3450 463 ἐννάτου
3475 408 3651 495 Λλόιχοχ
3682 416 3772 464 τοῦ
3796 418 3924 485 περὶ

1271 483 1508 553 spiritu.

634 597 725 652 26.
756 594 884 648 Non
917 592 1093 663 igitur
1135 607 1377 666 aequare
1425 592 1642 665 poterit
1680 591 2002 648 divinitatis
2031 588 2218 647 excel-

562 681 807 738 lentiam
830 681 1102 739 humana
1126 687 1342 739 natura
1368 700 1381 749 ;
1412 682 1472 738 id
1501 683 1661 738 enim
1685 682 1811 739 fieri
1839 681 2085 739 minime
2115 696 2221 753 po-

564 775 693 828 test.
720 774 942 844 Itaque,
976 776 1040 829 ut
1062 772 1167 845 qui
1197 773 1386 829 nostri
1409 772 1617 829 similis
1648 773 1839 829 factus
1864 777 2036 844 esset,
2063 772 2218 830 talis-

565 876 684 934 que
721 859 1165 932 intelligeretur,
1197 862 1479 919 dicebat:
1516 864 1701 920 Pater
1752 865 1946 932 major
1973 879 2066 919 me
2111 869 2216 930 est,

569 967 708 1009 cum
741 954 941 1008 tamen
970 951 1133 1008 idem
1157 968 1230 1008 ex
1259 958 1475 1010 natura
1493 952 1818 1010 divinitatis
1841 954 2092 1028 aequalis
2124 954 2216 1025 sit,

569 1045 625 1101 et
656 1039 839 1100 nihilo
861 1040 1105 1100 inferior
1130 1042 1476 1100 excellentia
1507 1042 1816 1101 Genitoris.

1221 1150 1281 1207 S.
1312 1151 1557 1221 Cyrilli.

638 1260 725 1311 ‘27.
756 1260 959 1313 Nonne
990 1256 1063 1313 de
1095 1258 1231 1329 ipso
1263 1259 1545 1330 scriptum
1586 1263 1674 1315 est
1704 1258 2039 1315 inferiorem
2065 1276 2214 1327 esse,

567 1346 732 1419 quod
778 1346 853 1401 ad
892 1347 1326 1404 humanitatem
1359 1348 1585 1412 attinet,
1613 1354 1935 1420 praestante
1979 1350 2219 1420 angelo.

568 1450 702 1491 rum
734 1439 948 1491 natura
969 1452 981 1501 ;
1004 1436 1277 1508 infraque
1304 1437 1519 1493 horum
1547 1438 1799 1507 gloriam
1822 1439 2003 1511 paulo
2028 1456 2220 1497 mino-

569 1524 814 1580 ratum?
854 1528 937 1579 lta
968 1530 1071 1581 est.
1111 1526 1261 1582 Dixit
1309 1527 1466 1582 enim
1498 1527 1719 1583 Paulus
1755 1544 1768 1582 :
1819 1530 1971 1585 Eum
2021 1537 2216 1587 autem

570 1616 675 1686 qui
693 1616 921 1671 modico
945 1632 1121 1687 quam
1150 1619 1353 1686 angeli
1374 1620 1708 1674 minoratus
1725 1627 1827 1685 est,
1843 1621 2107 1677 videmus
2126 1623 2219 1680 Je-

570 1721 717 1767 sum,
746 1712 990 1774 propter
1021 1711 1354 1775 passionem
1390 1710 1617 1775 mortis,
1672 1711 1870 1777 gloria
1914 1717 1968 1766 et
1997 1711 2221 1769 honore

571 1801 936 1850 coronatum.
968 1798 1040 1851 At
1068 1796 1213 1868 quid
1256 1812 1453 1853 causae
1488 1798 1582 1863 sit,
1618 1814 1723 1854 cur
1756 1798 1890 1856 licet
1932 1806 2221 1872 praestan-

571 1885 781 1940 tiorem
822 1889 1100 1941 naturam
1130 1887 1284 1942 nacti
1317 1903 1592 1958 supernae
1625 1888 1875 1945 civitatis
1905 1889 2135 1957 incolae,
2168 1897 2225 1949 et

572 1973 897 2030 certissima
922 1980 1099 2047 atque
1127 1975 1466 2032 indubitata
1490 1992 1739 2048 prorsus
1763 1979 1863 2034 Dei
1881 1981 2223 2049 cognitione

569 2062 821 2134 praediti,
856 2063 1023 2119 illum
1056 2065 1159 2136 qui
1191 2070 1404 2121 natura
1445 2065 1683 2121 inferior
1712 2073 1820 2134 est,
1853 2073 1909 2124 et
1953 2069 2224 2142 ipsorum

573 2150 768 2218 gloriaa
792 2152 967 2211 cedit.
994 2153 1375 2209 adorandum
1407 2155 1667 2225 fecerint,
1701 2172 1952 2229 expone.
1994 2175 2222 2231 quaeso.

579 2241 869 2317 Equidem
920 2243 1185 2312 tumjam
1220 2248 1358 2299 sunt
1406 2243 1498 2300 haa
1552 2250 1768 2317 partes.
1805 2248 2004 2315 Igitur,
2043 2248 2091 2304 si
2140 2253 2227 2305 est

570 2312 730 2382 idem
766 2334 823 2384 ct
851 2329 1095 2385 inferior
1125 2332 1321 2397 simul,
1355 2337 1413 2388 et
1440 2333 1996 2406 incomparabiliter
2038 2340 2228 2394 excel-

573 2415 719 2477 lens,
752 2417 922 2474 facile
955 2418 1287 2474 tribuemus
1312 2420 1667 2478 humanitati
1698 2422 1756 2477 id
1788 2425 1950 2495 quod
1978 2426 2224 2482 inferius

576 2510 681 2572 est,
712 2505 873 2576 quod
907 2506 965 2561 in
1007 2522 1141 2563 eam
1173 2524 1437 2578 congrue
1467 2511 1624 2566 cadit
1650 2512 1928 2581 (multum
1959 2517 2115 2570 enim
2139 2517 2223 2571 di-

576 2598 686 2649 stat
720 2594 797 2649 ab
826 2595 1055 2665 angelis
1085 2601 1298 2653 natura
1337 2598 1661 2664 hominis):
1694 2600 1894 2657 deitati
1926 2620 2067 2660 vero
2097 2621 2223 2661 om-

576 2684 674 2737 nia
702 2685 1026 2755 superanti,
1064 2688 1511 2758 supcreminere
1555 2694 1611 2745 et
1649 2691 1832 2746 attolli
1890 2709 2076 2765 supra
2128 2712 2223 2751 res

575 2779 890 2839 creatas,et
920 2774 1071 2831 ultra
1100 2792 1343 2833 omnem
1370 2778 1721 2835 rationalem
1746 2781 2143 2840 substantiam
2166 2789 2222 2841 et

577 2878 755 2916 omne
785 2877 1006 2918 nomen
1038 2865 1201 2936 quod
1233 2866 1599 2933 nominatur,
1624 2868 2089 2927 substantialitcr
2118 2888 2219 2929 ex-

574 2949 783 3005 cedere
812 2953 1233 3008 concedemus.
1268 2954 1371 3009 Sin
1400 2961 1599 3011 autem
1627 2958 1804 3013 etiam
1837 2959 2071 3032 absque
2096 2978 2219 3018 car-

575 3056 665 3104 ne,
684 3044 737 3093 et
764 3040 1038 3095 nondum
1070 3042 1427 3099 humanitati
1445 3044 1605 3101 velut
1633 3046 1919 3104 insertum
1940 3050 2219 3106 Verbum-

2564 488 2659 544 τῆς
2689 480 2743 533 ἓν
2766 483 3019 553 πνεύματι
3036 480 3288 558 λατρείας.
3317 489 3438 555 Κεφ.
3540 480 3675 552 ('26).

2395 586 2495 649 κζ’.
2529 583 2730 642 Ούκούν
2759 587 2854 641 ούκ
2882 588 3217 648 ἱσοστατήσει
3245 598 3335 651 τῆς
3365 591 3603 651 θεότητος
3632 589 3927 662 ὑπεροχαῖς

2326 679 2384 730 τό
2424 675 2739 752 ἀνθρώπινον
2771 699 2785 712 -
2844 677 3033 732 πολλοῦ
3088 698 3149 752 γε
3203 683 3294 732 καὶ
3350 675 3451 732 δεῖ.
3506 680 3787 753 Τοιγάρτοι
3830 681 3927 730 καὶ

2326 768 2544 839 ἔφασκεν
2566 770 2635 829 ὡς
2654 766 2771 821 καθ’
2793 769 2822 827 ἡ
2830 774 2933 840 μᾶς
2958 772 3177 841 γεγονὼς
3205 773 3295 822 καὶ
3328 772 3593 841 νοούμενος
3609 784 3621 797 ⁸
3647 766 3707 819 Ὀ
3737 771 3924 840 Πατήρ

2325 875 2424 929 μου
2465 856 2654 928 μείζων
2684 858 2786 930 μού
2816 855 2949 925 ἐστι,
2990 862 3162 911 καίτοι
3190 860 3327 911 κατὰ
3351 860 3505 931 φύσιν
3533 858 3770 917 θεότητος
3802 855 3926 908 ἰσο-

2324 949 2519 1018 μέτρως
2549 947 2708 1018 ἔχων,
2751 950 2836 1000 καὶ
2864 954 2958 1009 τῆς
2990 954 3081 1001 τοῦ
3117 951 3351 1011 τίκοντος
3378 948 3649 1024 ὑπεροχῆς
3684 944 3793 1019 ούχ
3822 946 3926 1007 ἠτ-

2323 1040 2546 1108 τὼμινος
2559 1078 2573 1093 .

2749 1149 2852 1197 Τοῦ
2888 1143 3044 1217 ἁγίου
3077 1143 3331 1218 Κυρίλλου
3356 1145 3492 1217 (27).

2394 1248 2491 1315 κζ’.
2524 1248 2589 1303 Ἢ
2620 1252 2721 1326 γὰρ
2752 1251 2880 1324 ούχὶ
2924 1256 3215 1328 γέγραπται
3264 1256 3383 1328 περὶ
3424 1251 3585 1305 αύτου
3615 1253 3685 1314 ὠς
3731 1251 3927 1324 ύφιζή-

2327 1359 2456 1393 σιιεν
2514 1338 2573 1392 ἂν
2628 1344 2762 1393 κατά
2822 1361 2877 1414 γε
2929 1346 2987 1396 τό
3045 1341 3362 1417 ἀνθρώπινον
3426 1346 3517 1395 καὶ
3571 1345 3665 1401 τὴν
3730 1340 3927 1415 ἀμείνω

2326 1432 2497 1502 φύσιν,
2556 1435 2796 1483 τουτέστι
2851 1436 2944 1491 τὴν
3010 1432 3366 1505 εύαγγελικήν,
3421 1435 3507 1484 καὶ
3570 1440 3666 1494 τῆς
3721 1429 3926 1483 ἐκείνων

2326 1518 2545 1580 εὐκλείας
2594 1519 2749 1572 νοοῖτ’
2808 1519 2867 1573 ἂν
2925 1523 3185 1579 ἡττᾶσθαι
3245 1519 3467 1596 βραχύς
3520 1520 3745 1581 Ἀληθές.
3787 1518 3925 1591 Ἐφη

2324 1610 2425 1681 γὰρ
2484 1610 2509 1661 ὁ
2564 1609 2808 1670 Παυλος·
2868 1613 2966 1663 Τόν
3034 1606 3094 1664 δὲ
3162 1608 3345 1685 βραχύ
3401 1629 3454 1662 τι
3508 1610 3630 1685 παρ’
3679 1607 3931 1680 ἀγγέλους

2326 1696 2679 1770 ἠλαττωμένον
2763 1697 3015 1772 βλέπομεν
3093 1699 3296 1758 Ἰησουν
3390 1695 3485 1752 διὰ
3572 1701 3631 1751 τό
3702 1698 3935 1770 πάθημα

2326 1794 2417 1840 τοῦ
2512 1789 2732 1842 θανάτου
2766 1831 2779 1854 ,
2860 1785 2989 1862 δόξῃ
3083 1793 3173 1842 καὶ
3265 1797 3388 1862 τιμῇ
3495 1788 3931 1864 ἐστεφανωμένον.

2328 1873 2454 1930 Εἶτα
2491 1881 2541 1928 τί
2597 1878 2863 1947 παθόντες,
2907 1877 3015 1931 εἰπέ
3069 1890 3179 1951 μοι,
3220 1883 3392 1931 καίτοι
3447 1882 3542 1935 τὴν
3609 1875 3798 1950 ἀμείνω
3842 1878 3938 1948 φύ·

2331 1984 2413 2018 σιν
2451 1964 2700 2037 λαχόντες
2739 1969 2787 2019 οὶ
2824 1971 2917 2025 τὴν
2956 1968 3061 2019 ἅνω
3097 1966 3353 2043 τρίϐοντες
3408 1967 3575 2033 πόλιν,
3618 1971 3707 2018 καὶ
3758 1963 3938 2017 ἀπλα-

2329 2063 2387 2113 νῆ
2448 2074 2546 2107 που
2613 2057 2817 2116 πάντως
2877 2061 2965 2108 καὶ
3030 2055 3448 2131 ἀπαραλόγιστον
3510 2059 3602 2114 τὴν
3666 2054 3749 2108 ἐπὶ
3820 2061 3937 2125 Θεῷ

2330 2152 2520 2214 γνῶσιν
2594 2144 3026 2213 πεπλουτηκότες,
3094 2151 3180 2198 τόν
3255 2144 3303 2197 ἐν
3379 2150 3543 2218 μείονι
3617 2146 3767 2216 φύσει
3846 2147 3937 2195 καὶ

2332 2237 2549 2285 κατόπιν
2612 2236 2804 2293 ἦκοντα
2857 2243 2945 2296 τῆς
3002 2233 3213 2296 ἐνούσης
3270 2234 3501 2296 εὐκλείας
3559 2233 3752 2298 αὐτοῖς,
3796 2231 3937 2284 ἕποιο

2333 2330 2481 2375 οὒντο
2541 2327 2922 2398 προσκυνητόν,
2977 2327 3198 2397 φράσαις
3253 2324 3333 2390 ἂν,
3375 2321 3415 2375 ὦ
3455 2324 3643 2397 ἑταῖρε.
3689 2327 3789 2375 Καὶ
3832 2326 3936 2395 μὴν

2331 2416 2421 2463 καὶ
2458 2417 2607 2464 τουτό
2645 2418 2704 2483 γέ
2761 2412 2895 2465 ἐστιν
2947 2411 3054 2472 ἤδη
3118 2419 3225 2466 σόν.
3287 2414 3510 2483 Οὔκουν,
3553 2416 3689 2487 εἴπερ
3732 2410 3877 2463 ἐστὶν
3912 2412 3937 2463 ό

2332 2502 2488 2563 αύτός
2526 2500 2745 2553 ἐλάττων
2783 2521 2834 2554 τε
2872 2502 2982 2574 ἅμα
3019 2507 3109 2555 καὶ
3148 2502 3195 2555 ἐν
3246 2511 3354 2564 τοῖς
3412 2501 3745 2575 ἀσυγκρίτως
3782 2501 3936 2573 ύπερ-

2331 2595 2600 2662 κειμένοις,
2666 2588 3013 2664 ἁπονεμούμεν
3082 2592 3323 2665 εύκρινῶς
3388 2599 3449 2663 τῇ
3520 2594 3609 2664 μὲν
3667 2588 3937 2664 ἁνθρωπόυ

2328 2699 2449 2737 τητι
2503 2682 2562 2731 τό
2637 2688 2844 2753 χωροῦν
2903 2679 2978 2732 ἐπ’
3038 2680 3167 2754 αὐτῇ
3245 2684 3561 2755 πρεπόντως,
3612 2681 3668 2731 τό
3724 2678 3938 2730 ἔλαττον

2329 2770 2493 2844 (παρὰ
2542 2768 2669 2821 πολὺ
2726 2772 2825 2841 γὰρ
2887 2768 3113 2842 ἀγγελων
3172 2768 3441 2845 ἀνθρώπου
3507 2770 3679 2842 φύσις)
3710 2781 3724 2796 ⁸
3767 2773 3831 2837 τῇ
3879 2762 3939 2819 δὲ

2328 2860 2452 2931 ὑπὲρ
2510 2859 2689 2910 πάνπα
2747 2860 2950 2916 θεότητι
3010 2862 3068 2911 τό
3128 2860 3467 2934 ὑπερκεῖσθαι
3508 2877 3559 2911 τε
3596 2860 3684 2909 καὶ
3722 2855 3941 2929 ύπεραι·

2330 2946 2433 3002 ὁειν
2490 2951 2556 3000 τὰ
2611 2952 2808 3020 γενητὰ
2867 2955 2957 3002 καὶ
2996 2952 3174 3011 πάσης
3237 2948 3467 3002 ἐπέκεινα
3503 2948 3720 3021 λογικῆς
3757 2946 3941 3002 οὐσίας

2331 3043 2421 3090 καὶ
2475 3041 2662 3100 παντὸς
2720 3038 2970 3112 ὀνόματος
3027 3035 3256 3111 διᾴττειν
3309 3034 3602 3100 ούσιωδῶς.
3645 3035 3707 3089 Εἰ
3745 3032 3803 3088 δὲ
3868 3031 3934 3093 δὴ

576 3112 722 3201 ipsis
760 3146 1005 3203 quoque
1034 3133 1262 3202 angelis
1316 3134 1562 3191 inferius
1591 3152 1718 3193 esse
1750 3145 2081 3210 censeatur,
2115 3142 2227 3198 mir

2336 3132 2422 3180 καὶ
2464 3124 2602 3199 δίχα
2631 3132 2843 3195 σαρκός,
2883 3134 2973 3181 καὶ
3002 3131 3144 3181 οὔπω
3181 3136 3289 3188 τοῖς
3326 3129 3441 3179 καθ’
3482 3129 3622 3199 ἡμὰς
3659 3126 3766 3178 οἷον
3807 3143 3942 3210 συμς

576 3234 689 3272 nus
720 3219 966 3290 quidem
999 3222 1106 3277 erit
1133 3221 1337 3293 ipsum
1369 3224 1490 3279 suis
1520 3227 1824 3293 creaturis,
1850 3244 1920 3283 ac
1946 3235 2228 3301 praeterea

579 3306 895 3375 adorator;
929 3324 1039 3365 nec
1065 3310 1115 3366 ei
1140 3311 1269 3379 jam
1295 3319 1601 3369 succurret
1630 3320 1733 3370 aut
1759 3319 2230 3387 patrocinabitur

577 3396 822 3452 demum
864 3402 1067 3454 nostra
1099 3399 1386 3457 defensio.
1422 3403 1592 3468 Quod
1639 3406 1686 3459 si
1735 3405 1858 3461 haec
1905 3408 2101 3464 dicere
2159 3425 2230 3465 ac

580 3486 793 3540 sentire
822 3486 1075 3557 impium
1102 3493 1190 3544 est
1209 3489 1389 3545 simul
1420 3505 1490 3546 ac
1528 3490 2003 3565 fallacissimurn,
2035 3498 2233 3554 minor

581 3578 780 3626 autem
808 3579 913 3639 est,
941 3577 1232 3645 quoniam
1264 3582 1319 3632 et
1346 3578 1529 3635 homo
1560 3585 1684 3647 est;
1712 3584 1913 3653 utique
1950 3590 2234 3657 sequetur

584 3658 643 3711 id
674 3676 801 3715 esse
823 3662 1233 3733 cogitandum,
1266 3666 1486 3724 scilicet
1515 3668 1894 3728 adoratorem
1919 3687 2232 3748 esse,qua-

580 3751 754 3801 tenus
781 3748 965 3806 homo
991 3755 1094 3808 est.

1255 4040 1553 4108 Ejusdem.

650 4148 738 4201 ‘28.
774 4148 922 4202 Cum
961 4149 1161 4201 autem
1193 4148 1521 4218 apostolico
1554 4149 1712 4206 dicto
1757 4152 2064 4220 insultent,
2106 4171 2237 4227 per-

578 4231 718 4287 inde
748 4249 818 4287 ac
848 4236 895 4288 si
924 4236 1001 4289 ad
1026 4234 1340 4303 vulgarem
1369 4237 1633 4309 aliquam
1662 4240 1968 4298 hominem
1999 4244 2239 4301 referre-

583 4326 820 4390 tur,age
843 4326 1030 4378 totam
1056 4328 1409 4382 sententiam
1435 4328 1512 4383 ab
1533 4329 1699 4385 initio
1724 4337 2241 4407 repetamus,qua-

582 4415 752 4494 tenus
785 4409 863 4466 ad
889 4410 1225 4468 institutum
1262 4430 1602 4472 sermonem
1632 4420 1904 4490 pertinet.
1942 4423 2227 4495 Scriptum

2350 4419 2713 4491 γεγραμμένων
2797 4420 2958 4489 μέχρι
3045 4414 3240 4473 καταλή
3250 4415 3371 4478 ξεως

582 4486 783 4570 itaque
815 4504 902 4556 est
930 4519 941 4556 :
966 4501 1122 4557 Eum
1159 4508 1354 4559 autem
1386 4506 1491 4575 qui
1528 4486 1757 4563 modico
1803 4525 1983 4579 quam
2039 4514 2244 4582 angeli

579 4589 914 4643 minoralus
946 4595 1047 4653 est,
1085 4590 1350 4646 videmus
1382 4593 1578 4648 Jesum
1618 4602 1866 4663 propter
1908 4600 2242 4665 passionem

580 4678 785 4732 mortis
811 4680 1002 4749 gloria
1028 4684 1081 4734 et
1108 4677 1331 4735 honore
1360 4684 1822 4739 coronalumﬂt
1846 4687 2028 4755 paulo
2052 4689 2237 4757 infra.

582 4769 724 4820 Ecce
756 4768 936 4831 enim,
981 4771 1036 4822 et
1082 4766 1328 4838 quidem
1363 4769 1738 4839 apertissime
1779 4788 1917 4826 cum
1948 4773 2108 4830 dicat
2137 4776 2243 4831 mi-

580 4860 857 4911 noratum
894 4855 1047 4911 infra
1077 4855 1324 4926 angelos
1358 4862 1605 4929 propter
1629 4860 1975 4930 passionem
2012 4864 2238 4930 mortis,

581 4952 759 5015 atque
782 4946 859 5001 ob
890 4946 951 5000 id
983 4950 1337 5002 coronatum
1369 4962 1500 5002 esse
1540 4946 1730 5014 gloria
1760 4953 1815 5002 ct
1844 4949 2091 5016 honore,
2116 4968 2243 5009 ma.

582 5034 787 5088 nifcste
805 5034 972 5089 illum
1001 5034 1266 5091 ostendit
1292 5034 1365 5090 de
1398 5051 1521 5107 quo
1552 5034 1738 5091 verba
1766 5036 1922 5103 fecit,
1951 5038 2240 5095 nimirum

584 5122 961 5189 Unigenitum
991 5140 1004 5177 :
1034 5124 1388 5194 participem
1423 5123 1583 5178 enim
1605 5124 1686 5179 ait
1706 5124 1930 5183 factum
1952 5142 2085 5187 esse
2114 5144 2241 5189 car-

581 5212 673 5266 nis
713 5216 767 5268 et
797 5211 1110 5281 sanguinis
1147 5212 1399 5287 perinde
1433 5227 1503 5269 ac
1529 5226 1668 5272 nos.

654 5464 766 5541 (:29)
812 5465 1080 5541 _Edit_.cit.
1114 5470 1153 5523 t.
1178 5469 1219 5533 Ι,
1248 5472 1440 5541 p.317
1470 5470 1533 5523 ι).

652 5537 766 5661 (’21))
797 5538 884 5594 De
940 5537 1267 5607 Trinitate,‘
1301 5538 1521 5610 dialog.
1580 5555 1654 5610 iv,
1702 5542 1743 5597 t.
1776 5541 1841 5612 V,
1882 5544 2035 5614 part.
2089 5557 2129 5614 ι,
2169 5557 2231 5616 p.

655 5630 686 5661 δὲ
771 5649 783 5661 .

583 5612 686 5663 624
717 5612 783 5665 U.

2336 3216 2551 3279 πλακεὶς
2611 3219 2636 3269 ό
2703 3222 2894 3289 Λόγός,
2952 3223 3010 3269 τό
3065 3236 3125 3288 γε
3183 3216 3231 3269 ἐν
3294 3216 3535 3269 ἐλάττοσι
3588 3217 3793 3269 κεῖσθαι
3849 3219 3941 3265 και

2340 3306 2505 3357 αὐτῶν
2572 3305 2847 3369 ὰνεικότως
2914 3305 3224 3382 ἀποφέροιτο
3292 3314 3393 3358 τῶν
3463 3305 3705 3377 ἀγγέλων,
3784 3322 3937 3375 μειων

2340 3400 2429 3470 μέν
2469 3396 2582 3449 ἐστι
2637 3404 2735 3448 τῶν
2795 3393 2944 3449 ἰδίων
2992 3399 3315 3468 κτισμάτων,
3356 3400 3446 3448 καὶ
3487 3400 3612 3470 πρός
3663 3412 3721 3465 γε
3775 3395 3937 3462 τούτῳ

2340 3490 2732 3559 προσκυνητὴς,
2812 3481 2962 3538 οὐδὲν
3036 3488 3384 3557 ἐπαμύνοντος
3445 3486 3474 3543 ἡ
3536 3479 3939 3558 ὑπερδικούντος

2341 3577 2417 3626 ἔτι
2462 3593 2555 3625 του
2604 3571 2727 3647 παρ’
2780 3575 2904 3645 ἡμῖν
2961 3574 3137 3645 λόγου.
3179 3574 3242 3625 Εἰ
3300 3570 3356 3625 δι
3398 3569 3464 3631 δὴ
3508 3577 3654 3624 ταυτὶ
3696 3572 3851 3642 φάναι
3888 3585 3939 3620 τε

2341 3669 2430 3715 καὶ
2480 3670 2676 3735 φρονεῖν
2743 3658 2997 3725 δυσσεϐὲς
3052 3682 3105 3716 τε
3167 3663 3279 3734 ἅμα
3340 3666 3429 3714 καὶ
3497 3660 3888 3733 σφαλερώτατον
3920 3672 3934 3687 ⁸

2342 3757 2497 3826 μείων
2555 3748 2633 3817 δὲ,
2695 3753 2773 3804 ότι
2834 3757 2923 3805 καὶ
2980 3754 3298 3826 ἄνθρωπος’
3341 3750 3518 3820 ἕψεταί
3572 3768 3673 3801 που
3729 3749 3936 3807 πάντως

2341 3842 2498 3896 ἐκεῖνο
2562 3849 2692 3895 νοεῖν
2725 3859 2738 3873 ·

2342 3936 2565 4007 θρωπος.

2797 3847 3163 3917 προσκυνητὴς
3217 3843 3318 3916 γάρ
3376 3839 3507 3905 ἐστι,
3562 3840 3642 3891 ότι
3696 3840 3786 3888 καί
3847 3837 3934 3888 οἶν-

2899 4046 3002 4093 Τού
3034 4038 3193 4091 αὐτοῦ
3235 4038 3366 4109 (28).

2418 4146 2516 4207 κη’·
2598 4143 2806 4206 Ἐπειδὴ
2906 4144 2965 4200 δὶ
3055 4152 3148 4206 τὴν
3236 4144 3587 4202 ἀποστολικῦιν
3678 4142 3917 4205 κατεξανι

2351 4243 2509 4290 στᾱσι
2581 4239 2758 4312 ῥῆσιν,
2819 4239 2886 4297 ὡς
2961 4235 3037 4289 ἐπ’
3105 4235 3376 4310 ἀνθρώπου
3443 4241 3615 4287 κοινοῦ
3689 4251 3941 4307 προενενε·

2348 4330 2560 4398 γμένην,
2652 4330 2767 4398 φέρε
2840 4326 3059 4398 λέγωμεν
3152 4325 3343 4387 ἑλόντες
3429 4323 3517 4376 ἀπ’
3595 4322 3771 4398 ἀρχῆς
3842 4329 3941 4374 τῶν

3459 4422 3552 4475 τῆς
3624 4411 3943 4485 ἀποχρώσης

2354 4513 2423 4575 τῷ
2460 4504 2627 4576 λόχῳ.
2676 4509 2968 4577 Γέγραπται
3020 4509 3189 4557 τοίνυν
3220 4517 3234 4534 ⁸
3276 4507 3375 4556 Τόν
3417 4498 3475 4555 δι
3514 4501 3699 4575 βραχύ
3729 4520 3781 4553 τι
3820 4499 3943 4574 παρ’

2652 4330 2767 4401 φέρε
2840 4326 3059 4399 λέγωμεν

2354 4593 2597 4665 ἀγγέλους
2673 4593 3023 4668 ἠλαττωμένον
3104 4593 3359 4669 βλέπομεν
3444 4592 3649 4650 Ἰησοῦν
3720 4587 3813 4643 διὰ
3884 4593 3944 4642 τὸ

2351 4685 2573 4756 πάθημα
2608 4703 2696 4736 του
2727 4685 2947 4736 θανάτου
2984 4680 3111 4756 δόξῃ
3144 4688 3233 4735 καὶ
3262 4692 3387 4756 τιμῇ
3421 4680 3846 4755 ἐστεφανωμένον.
3876 4709 3948 4720 —

2355 4778 2455 4826 Καὶ
2512 4770 2622 4846 μετ’
2679 4772 2870 4845 ὀλίγον
2927 4770 3065 4827 Ἰδοὺ
3103 4775 3226 4846 γὰρ,
3286 4769 3404 4824 ἰδού
3435 4776 3525 4824 καὶ
3581 4770 3721 4844 μάλα
3768 4776 3948 4841 σαφῶς

2351 4861 2684 4921 ἠλαττώσθαι
2720 4862 2879 4934 λέγων
2919 4863 3074 4914 αὐτόν
3121 4865 3262 4933 παρὰ
3299 4866 3419 4922 τούς
3460 4860 3710 4932 ἀγγέλους
3757 4855 3851 4913 διὰ
3888 4862 3948 4910 τό

2350 4954 2572 5024 πάθημα
2609 4959 2699 5005 τοῦ
2741 4954 2981 5023 θανάτου,
3044 4953 3389 5024 κατεστέφθαι
3439 4970 3499 5022 γε
3554 4956 3658 5022 μὴν
3698 4946 3770 5002 δι’
3820 4949 3950 4999 αύτό

2349 5048 2474 5112 τιμῇ
2508 5060 2561 5093 τε
2599 5045 2688 5093 καὶ
2715 5037 2864 5114 δόξῃ,
2907 5043 3221 5097 καθίστησιν
3253 5038 3445 5112 ἐμφανῆ
3477 5042 3562 5091 τόν
3601 5038 3679 5109 ἐφ’
3788 5044 3953 5088 ποιεί-

2348 5148 2436 5184 ται
2463 5133 2583 5194 τούς
2625 5129 2805 5201 λόγους
2836 5146 2848 5159 ⁸
2903 5126 3066 5190 δῆλοη
3108 5126 3166 5182 δὲ
3224 5133 3301 5181 ότι
3341 5132 3427 5180 τόν
3466 5133 3723 5197 Μονογενῆ
3751 5139 3766 5155 ⁸
3808 5144 3953 5198 μετεο

2350 5223 2610 5290 σχηκέναι
2655 5222 2755 5292 γάρ
2797 5238 2955 5291 φησιν
2987 5219 3141 5272 αὐτόν
3170 5220 3386 5292 αἵματος
3414 5222 3505 5269 καὶ
3551 5218 3745 5293 σαρκός
3785 5234 3955 5287 παραυ

2348 5306 2447 5366 πλη
2457 5312 2582 5372 σίως
2612 5308 2757 5382 ἡμῖν.

2419 5468 2786 5599 (28)“giagog.
2819 5469 2988 5539 Quod
3016 5484 3173 5527 unus
3202 5474 3286 5528 est
3319 5467 3612 5537 Christus,
3644 5438 3765 5533 ιῖν,
3787 5468 3946 5538 part.

2419 5557 2477 5599 ι).
2695 5584 2706 5596 .

2348 5558 2385 5607 ι,
2417 5557 2477 5615 p.
2510 5557 2611 5599 ’ωδ
2643 5557 2706 5596 υ.
