4152 6208
202 332 308 388 225

666 456 770 506 Τοῦ
799 451 1186 526 Χρυσοστόμου
1209 446 1345 522 (29).

267 556 371 614 κδ’.
435 555 596 612 Ἀλλᾶ
663 562 754 612 καὶ
814 560 1096 635 περιφέρων
1170 560 1265 615 τὴν
1332 556 1521 632 σάρκα,
1585 554 1801 630 ἀφίησιν

201 646 368 706 αὐτὴν
429 649 497 699 τὰ
550 655 646 710 τῆς
700 649 902 720 φύσεως
967 645 1304 719 ἐλαττώματα
1355 646 1652 719 ὑπομεῖναι,
1711 648 1802 698 καὶ

205 733 465 808 διψῆσαι,
503 742 595 791 καὶ
651 738 994 806 καθεσθῆναι,
1046 740 1134 788 καὶ
1202 736 1458 788 κοπιάσαι
1493 754 1506 768 ο
1548 734 1692 797 τέλος
1744 731 1804 788 δι

201 829 294 878 καὶ
351 824 438 880 ἐπὶ
483 827 570 879 τὸν
611 828 838 902 σταυρόν
895 823 1192 900 ἐρχόμενος,
1251 822 1467 897 ἀφίησιν
1527 823 1690 884 αὐτὴν
1738 825 1806 876 τὰ

201 923 294 976 τῆς
335 917 534 990 σαρκός
587 916 771 969 παθεῖν
803 931 817 945 ·
862 911 956 968 διὰ
991 921 1144 967 τοῦτο
1191 917 1281 968 καὶ
1317 918 1529 989 κρουνοὶ
1570 910 1802 986 ἱδρώτων

203 1008 544 1079 κατεφέροντο
632 1001 686 1067 εξ
775 1003 935 1064 αὐτῆς
966 1019 982 1035 ·
1056 1007 1147 1056 καὶ
1233 1002 1452 1074 ἄγγελος
1526 1004 1804 1078 ηὑρίσκετο

203 1095 367 1152 αὐτὴν
408 1089 710 1169 διακρατῶν
743 1109 755 1124 ⁶
788 1099 881 1146 καὶ
928 1091 1188 1158 λυπεῖται,
1227 1097 1318 1145 καὶ
1369 1088 1628 1165 ἁδημονεῖ
1656 1105 1672 1121 ⁸
1714 1095 1804 1144 καὶ

200 1185 302 1257 γὰρ
341 1189 500 1259 πρινή
542 1191 712 1237 ταῦτα
737 1183 914 1254 εἰπεῖν,
949 1188 1128 1256 φησιν,
1152 1179 1209 1234 Ἣ
1239 1178 1393 1255 ψυχή
1423 1202 1523 1255 μου
1553 1183 1801 1258 τετάρακ-

201 1292 290 1325 ται
320 1290 333 1302 ·
374 1278 488 1342 καὶ,
550 1272 839 1348 Περίλυπός
884 1270 1022 1326 ἐστιν
1078 1273 1108 1330 ἡ
1150 1271 1304 1344 ψυχή
1355 1291 1456 1345 μου
1515 1273 1608 1335 ἕως
1648 1273 1803 1324 θανά-

201 1381 294 1416 του
302 1405 316 1417 .

846 1475 950 1523 Τοῦ
979 1467 1164 1526 αὐτοῦ.

271 1573 409 1634 λ’.Ὀ
435 1571 496 1630 δὲ
516 1576 748 1652 Χριστὸς
781 1582 936 1648 σῶμα
963 1577 1189 1649 καθαρόν
1216 1573 1606 1649 ἁμαρτημάτων
1640 1570 1802 1647 εἶχεν,

200 1665 260 1720 οῦ
299 1674 538 1740 φυσικῶν
569 1663 810 1737 ἀναγκῶν
855 1663 1246 1738 ἀπηλλαγμένον
1278 1679 1292 1696 ·
1343 1663 1454 1718 ἐπεὶ
1483 1659 1609 1717 οὐδὲ
1655 1673 1808 1738 σῶμα

201 1752 290 1814 ἓν.

599 1868 705 1916 Τοῦ
745 1861 899 1935 ἁγίου
930 1861 1248 1935 Ἀμϐροσίου
1279 1861 1410 1933 (30).

269 1964 370 2025 λα’.
429 1967 519 2032 Ὠς
581 1970 855 2045 ἅνθρωπος
919 1965 1007 2021 οὖν
1061 1965 1341 2036 ἐνδοιάζει,
1400 1969 1470 2031 ὡς
1535 1969 1808 2043 ἄνθρωπος

204 2059 576 2133 ἐκταράττεται
607 2073 623 2089 ⁸
666 2060 726 2112 οῦ
773 2060 1083 2132 ταράττεται
1107 2061 1208 2134 γὰρ
1248 2060 1277 2118 ἡ
1314 2055 1540 2131 δύναμις
1590 2055 1716 2114 οὐδὲ
1772 2060 1802 2119 ἡ

207 2150 390 2211 θεότης
447 2148 630 2218 αὑτοῦ,
671 2147 778 2200 ἀλλ’
810 2147 840 2206 ἠ
881 2147 1034 2220 ψυχὴ
1094 2149 1402 2223 ταράττεται
1440 2152 1530 2200 καὶ
1564 2149 1806 2223 σπαράτ-

204 2256 352 2291 τεται
417 2239 554 2291 κατὰ
606 2241 702 2297 τὴν
759 2245 856 2300 τῆς
917 2235 1236 2312 ἀνθρωπίνης
1303 2238 1628 2312 σαθρότητος
1677 2242 1807 2313 πρό-

206 2326 320 2398 ληψ
329 2348 376 2380 ιν
384 2369 398 2383 .

778 2439 884 2487 Τοῦ
917 2432 1076 2487 αὐτοῦ
1101 2434 1238 2506 (31).

290 2540 388 2594 λϐ.
421 2540 480 2594 ⁸ο
526 2537 608 2594 οὖν
642 2544 745 2603 ἴσος
801 2539 850 2594 ἐν
905 2549 969 2614 τῇ
1023 2548 1156 2596 Θεοῦ
1185 2548 1356 2615 μορφῇ
1391 2539 1625 2596 ἐλάσσων
1655 2539 1704 2596 ἐν
1742 2549 1805 2617 τῇ

211 2630 514 2703 προσλήψει
551 2639 642 2691 τῆς
673 2633 889 2705 σαρκός,
928 2634 1018 2682 καὶ
1047 2637 1120 2701 τῷ
1159 2632 1313 2684 πάθει
1350 2639 1444 2684 τοῦ
1483 2630 1756 2707 ἀνθρώπου
1789 2653 1805 2668 ο

205 2727 318 2780 πῶς
345 2721 450 2794 γάρ
477 2715 708 2778 ἠδύνατο
746 2720 776 2777 ἠ
812 2718 942 2777 αὕτη
973 2722 1126 2791 φύσις
1149 2717 1366 2772 ἐλάττων
1393 2717 1521 2773 εἶναι
1559 2725 1649 2774 καὶ
1677 2724 1804 2791 ἴσης

205 2814 321 2868 Πῶς
347 2804 429 2877 δὲ,
461 2806 550 2860 ἐὰν
579 2807 801 2867 ἐλάττων
827 2807 962 2879 ἐστὶ,
991 2810 1060 2860 τὰ
1087 2807 1218 2860 αῦτὰ
1241 2817 1378 2862 ποιεῖ
1407 2810 1598 2882 ὁμοίως
1622 2810 1751 2885 οἷπερ
1779 2811 1805 2863 ὁ

205 2901 390 2970 Πατὴρ
428 2905 613 2964 ποιεί;
677 2901 778 2950 Καὶ
813 2899 916 2973 γὰρ
966 2901 1084 2950 τίνα
1109 2901 1299 2971 τρόπον
1346 2899 1376 2956 ἠ
1411 2898 1541 2958 αὑτὴ
1581 2897 1809 2973 ἐνέργεια

205 2982 465 3060 διαφόρου
495 2985 614 3038 ἐστὶ
645 2982 954 3059 δυνάμεως
992 2991 1078 3045 Mi:
1135 3006 1186 3039 τι
1215 2987 1376 3048 οὕτως
1415 2983 1636 3040 δύναται
1675 2986 1808 3064 ἐνερ-

201 3083 308 3146 γεῖν
336 3077 365 3128 ὁ
406 3077 602 3144 ἥττων,
633 3075 751 3127 καθ’
773 3076 826 3127 ὃν
864 3079 1054 3148 τρόπον
1083 3076 1108 3127 ό
1139 3079 1331 3148 μείζων
1355 3095 1371 3145 ;
1397 3077 1428 3136 ἢ
1462 3081 1561 3149 μία
1580 3076 1806 3152 ἐνέργεια

204 3159 428 3216 ὃῦναται
457 3161 613 3232 εἶναι,
655 3166 783 3216 ὅπου
823 3159 1075 3238 διάφορος
1101 3164 1254 3217 οὐσία
1293 3164 1441 3233 ἐστί;
1483 3171 1664 3218 Τοίνυν
1685 3165 1807 3220 λάϐε

201 3255 288 3306 τὸν
323 3257 562 3327 Χριστὸν
585 3255 724 3307 κατὰ
761 3257 854 3312 τὴν
897 3254 1116 3312 θεότητα
1152 3259 1224 3327 μὴ
1269 3251 1533 3309 δύνασθαι
1563 3254 1808 3309 ἐλάττονα

199 3341 466 3414 λέγεσθαι.

619 3455 723 3503 Τοῦ
754 3449 905 3522 ἁγίου
938 3450 1233 3522 Ἀγάθωνος
1270 3455 1397 3522 (32).

272 3554 374 3628 λγ’,
423 3559 528 3609 Καὶ
567 3555 620 3608 ἐν
675 3559 783 3629 ὅσῳ
822 3553 1086 3610 δείκνυσιν
1115 3559 1142 3611 ὀ
1194 3562 1357 3630 μέγας
1381 3557 1698 3634 ’Λμϐρὸσιος
1735 3564 1805 3633 μὴ

204 3639 474 3697 δύνασθαι
513 3640 768 3717 διαφόρου
833 3641 1098 3719 δυναμεως
1152 3651 1275 3719 μίαν
1331 3649 1578 3722 ἐνέργειαν
1637 3651 1808 3724 ὑπάρ-

201 3753 343 3805 χειν,
406 3729 550 3805 μηδέ
605 3739 693 3792 τὴν
751 3733 1010 3787 ἐλάσσονα
1047 3731 1307 3788 δύνασθαι
1366 3734 1580 3812 ἕνεργεῖν
1617 3740 1685 3789 τὰ
1721 3747 1811 3798 τῆς

203 3822 465 3892 μείζονος,
547 3825 664 3874 οὔτε
737 3825 866 3874 ὅπου
943 3819 1188 3896 διάφορος
1262 3824 1417 3876 ουσία
1487 3827 1620 3896 ἐστὶ,
1687 3831 1810 3898 μίαν

203 3905 471 3962 δύνασθαι
526 3911 758 3963 νοεῖσθαι
812 3915 906 3970 τὴν
958 3911 1232 3985 ἐνέργειαν,
1302 3910 1646 3966 ἀποδείκνυσι
1711 3935 1809 3986 φα-

201 4006 368 4073 νεροῖς
444 4001 718 4072 μηνύμασι
793 4003 852 4052 τό
927 4004 998 4073 μὴ
1078 3997 1338 4054 δύνασθαι
1395 4006 1519 4074 μίαν
1586 4009 1810 4076 φυσικὴν

199 4085 458 4161 ἐνέργειαν
527 4090 666 4159 ἔχειν
731 4091 824 4140 τὰν
876 4090 1094 4148 θεότητα
1133 4095 1222 4143 καὶ
1275 4095 1368 4149 τὴν
1437 4089 1812 4165 ἀνθρωπότητα

197 4185 288 4228 τοῦ
340 4183 582 4249 Χριστοῦ
611 4195 625 4208 ·
688 4177 731 4229 εἰ
789 4183 878 4231 καὶ
917 4177 1025 4241 ἑνός
1061 4185 1347 4252 προσώπου
1399 4176 1526 4232 εἶναι
1563 4187 1812 4252 γινώσκοο

201 4284 307 4337 μεν,
399 4270 492 4317 καὶ
565 4268 698 4338 μετά
770 4274 860 4328 τῆς
935 4265 1166 4326 ἀλλήλων
1247 4273 1520 4330 κοινωνίας
1594 4269 1809 4344 ἐνεργεῖν

203 4355 538 4430 θεωροῦνται·
578 4353 747 4406 Ὀπου
809 4360 978 4408 τοίνυν
1028 4361 1183 4428 μεέων
1243 4361 1331 4409 καὶ
1393 4356 1611 4410 ἐλάττων
1669 4358 1808 4434 ἐνέρ-

199 4461 316 4512 γεια
373 4441 601 4514 λέγεται,
647 4443 706 4495 οὗ
745 4447 864 4516 περὶ
904 4451 1048 4516 μιᾶς,
1101 4444 1228 4498 ἀλλά
1282 4451 1401 4519 περὶ
1441 4443 1537 4499 δύο
1577 4457 1808 4520 φυσικῶν

198 4538 290 4582 τοῦ
331 4531 440 4591 ἑνός
479 4537 715 4604 Χριστοῦ
773 4531 1032 4605 ἐνεργειῶν
1081 4543 1387 4610 φανεροῦται
1424 4536 1559 4607 (33).
1608 4568 1669 4577 -
1708 4541 1808 4590 Καὶ

197 4626 372 4672 ταῦτα
415 4622 509 4691 μὲν
539 4620 672 4672 εἶπεν
713 4622 1087 4696 ἑπικυροῦσαῆ
1123 4624 1243 4683 ἕκτη
1279 4619 1500 4686 σύνοδος
1546 4627 1610 4677 τὰ
1665 4627 1810 4700 παρὰ

198 4717 290 4761 τοῦ
342 4709 502 4781 ἁγίου
542 4709 860 4784 ’Λμϐροσίου
919 4717 1222 4788 γραφένταο
1275 4716 1306 4772 ἡ
1365 4711 1424 4767 δέ
1482 4734 1542 4787 γε
1597 4719 1805 4788 πέμπτη

204 4795 432 4860 σύνοδος
469 4807 637 4853 ταῦτα
674 4799 958 4873 ἐξεφώνησε
1008 4807 1128 4876 περὶ
1185 4803 1342 4864 αὐτῆς
1398 4808 1487 4856 καὶ
1545 4813 1644 4856 τῶν
1709 4805 1810 4858 λοιε⁸

201 4896 309 4943 πῶν
377 4887 544 4960 ἁγίων
609 4898 708 4940 τῶν
783 4894 898 4943 τότε
961 4891 1324 4963 συνελθοντων,
1403 4894 1486 4946 ὅτι
1541 4896 1812 4966 Δεχόμεθα

203 4979 374 5036 πάντα
428 4980 498 5030 τὸ.
532 4978 658 5052 παρ’
697 4977 864 5031 αὐτῶν
915 4985 1034 5055 περὶ
1095 4989 1190 5043 τῆς
1251 4981 1412 5056 ὀρθῆς
1463 4986 1689 5045 πίστεως
1745 4983 1811 5045 εἰς

204 5069 519 5142 κατάκρισιν
594 5076 696 5120 τῶν
775 5068 1044 5141 αἱρετικῶν
1120 5068 1383 5123 ἐκτεθέντα
1415 5087 1428 5102 ⁸
1509 5077 1609 5124 Καὶ
1682 5075 1812 5144 μετά

205 5172 321 5208 τινα
353 5171 368 5186 ⁶
440 5159 544 5210 Καὶ
604 5159 650 5209 εἶ
704 5176 786 5220 τις
851 5157 1030 5212 ἑαυτὸν
1067 5166 1164 5220 τῆς
1220 5155 1269 5212 ἐν
1325 5159 1504 5221 αὐτοῖς
1546 5165 1814 5223 κοινωνίας

271 5439 389 5516 (g9)
404 5439 798 5516 Sequentium
806 5441 970 5514 apud
983 5441 1480 5516 Chrysostomum
1490 5443 1816 5501 verborum

216 5509 426 5588 sedem
437 5509 874 5588 _véstigandaui
898 5509 1223 5588 perptium
1244 5515 1488 5572 eruditis
1513 5516 1814 5588 permitto.

285 5583 404 5662 (ἕρ)
421 5584 518 5662 βξ
546 5598 696 5662 oper
719 5584 808 5640 De
826 5583 964 5662 ﬁde,
991 5583 1102 5662 lib.
1125 5600 1184 5656 ιι,
1215 5602 1348 5662 cap.
1381 5588 1435 5655 7,
1467 5583 1536 5644 nI
1565 5591 1654 5646 56.

287 5652 551 5726 (3t)Lib.
581 5652 682 5713 cit.
710 5652 845 5729 cap.
867 5657 923 5726 8,
953 5671 1014 5715 ιι.
1045 5661 1143 5718 70.

1519 323 1867 382 THESAURI
1908 321 2038 380 LIB.
2077 323 2230 384 XXV.

1827 450 1877 504 Α

3455 338 3560 397 226

2517 450 2954 523 Chrysostomi.
3038 449 3042 456 ’

1980 556 2069 610 29.
2110 554 2224 613 Sed
2272 571 2451 613 carne
2493 565 2824 633 assumpta,
2855 561 2994 619 sinit
3019 577 3158 622 eam
3187 569 3418 623 naturae
3465 567 3562 624 in-

1911 643 2222 702 ﬁrmitates
2261 647 2543 720 perferre,
2569 648 2844 708 videlicet
2896 657 2952 708 et
3001 653 3183 722 sitire,
3233 660 3292 713 et
3327 657 3564 730 requie-

1913 750 2095 808 scere,
2130 739 2187 792 et
2208 735 2487 794 laborare
2513 754 2526 794 :
2559 739 2820 813 denique
2842 741 2921 798 ad
2947 758 3185 801 crucem
3215 745 3559 820 deveniens,

1913 822 2052 881 sinit
2079 840 2324 882 carnem
2355 842 2490 899 quae
2522 833 2662 884 sunt
2690 831 2937 903 propria
2989 833 3265 905 ejusdem
3312 837 3560 910 perpeti.

1912 911 2356 987 Proptereaque
2386 921 2443 972 et
2493 915 2730 974 sudoris
2761 920 2867 976 rivi
2897 936 2972 976 ex
3000 937 3072 978 ea
3097 922 3468 992 deﬂuebant,
3508 929 3566 983 et

1913 1002 2166 1074 angelus
2197 1005 2479 1077 apparuit
2515 1005 2680 1064 illam
2721 1009 3101 1079 confortans;
3133 1018 3190 1069 et
3214 1014 3481 1071 tristatur
3508 1019 3566 1072 et

1913 1097 2130 1150 mcesla
2163 1099 2270 1150 est.
2313 1097 2459 1151 Nam
2509 1101 2567 1152 et
2595 1101 2922 1171 antequam
2953 1100 3082 1157 haec
3125 1101 3348 1160 diceret
3379 1120 3391 1157 :
3418 1106 3565 1160 Ani-

1912 1197 2030 1252 ma,
2053 1181 2268 1256 inquit,
2296 1200 2425 1241 mea
2456 1187 2700 1244 turbata
2725 1197 2830 1256 est,
2859 1190 3004 1248 Item
3037 1209 3050 1248 :
3088 1193 3297 1250 Tristis
3327 1201 3408 1251 est
3435 1196 3563 1252 ani-

1912 1286 2011 1328 ma
2043 1286 2174 1330 mea
2203 1287 2389 1346 usque
2418 1275 2499 1331 ad
2526 1282 2794 1334 mortem.

2589 1471 2897 1543 Ejusdem.

1987 1577 2080 1631 30.
2122 1573 2352 1633 Christo
2382 1580 2583 1634 autem
2615 1593 2836 1650 corpus
2859 1583 2984 1637 erat
3011 1582 3275 1654 peccatis
3317 1599 3560 1658 purum,

1914 1678 2041 1721 non
2078 1668 2282 1722 tamen
2336 1666 2714 1724 naturalibus
2770 1671 3225 1729 necessitatibus
3263 1673 3556 1732 alienum.

1917 1751 2157 1828 Alioqui
2185 1770 2406 1829 corpus
2434 1771 2556 1813 non
2583 1757 2818 1814 fuisset.

2457 1863 2674 1922 Sancti
2695 1865 3006 1924 Ambrosii.

1987 1970 2077 2026 31.
2117 1969 2188 2026 Ut
2218 1969 2404 2027 homo
2449 1986 2590 2042 ergo
2629 1971 2879 2040 dubitat,
2914 1977 2980 2031 ut
3027 1973 3214 2032 homo
3255 1976 3553 2035 turbatur.

1916 2058 2047 2114 Non
2081 2057 2354 2116 turbatur
2379 2060 2430 2131 ej
2443 2077 2510 2116 us
2539 2062 2749 2131 virtus,
2781 2078 2905 2119 non
2933 2063 3210 2122 turbatur
3234 2065 3362 2136 ejus
3411 2067 3562 2122 divi-

1914 2146 2107 2216 nitas;
2140 2147 2242 2205 sed
2285 2148 2560 2206 turbatur
2587 2149 2812 2220 ,anima
2843 2166 2858 2207 :
2893 2151 3172 2210 turbatur
3224 2155 3560 2212 secundum

1914 2235 2200 2294 humanae
2229 2235 2564 2309 fragilitatis
2591 2240 3092 2313 assumptionem.

2573 2434 2885 2507 Ejusdem.

1988 2543 2076 2596 32.
2100 2539 2367 2614 Equalis
2395 2555 2539 2612 ergo
2577 2541 2640 2598 in
2675 2543 2778 2600 Dei
2797 2543 3017 2612 forma,
3049 2542 3249 2602 minor
3268 2545 3328 2602 in
3359 2561 3566 2604 susce-

1915 2628 2122 2702 ptione
2141 2630 2338 2687 carnis
2360 2634 2419 2688 et
2439 2631 2706 2688 hominis
2738 2631 3041 2704 passione.
3075 2636 3224 2690 Nam
3254 2635 3565 2707 quomodo

1916 2719 2130 2776 eadem
2143 2725 2358 2792 posset
2382 2722 2580 2778 minor
2599 2736 2728 2777 esse
2753 2721 3126 2796 aequalisque
3149 2725 3396 2780 natura?
3416 2728 3568 2791 Quo-

1916 2808 2101 2866 modo
2134 2813 2338 2866 autem
2385 2809 2434 2865 si
2462 2809 2662 2866 minor
2707 2815 2816 2881 est,
2861 2810 3074 2867 eadem
3127 2813 3392 2869 similiter
3427 2813 3568 2871 facit

1916 2912 2052 2969 quae
2080 2900 2249 2954 Pater
2273 2897 2457 2954 facit?
2481 2902 2630 2954 Nam
2654 2898 3174 2971 quemadmodum
3195 2902 3409 2958 eadem
3427 2917 3569 2974 ope-

1913 2985 2067 3042 ratio
2105 2985 2359 3042 diversae
2403 2992 2560 3043 esset
2585 2987 2901 3059 potestatis
2926 2989 2953 3043 ‘t
2983 2991 3286 3061 Numquid
3333 2991 3415 3045 sic
3455 3005 3566 3061 po-

1917 3078 2028 3130 test
2056 3075 2273 3142 minor,
2324 3075 2849 3147 quemadmodum
2906 3077 3102 3146 major
3147 3078 3432 3149 operari?
3465 3081 3568 3133 aut

1837 3148 1877 3204 C
1917 3178 2040 3219 una
2068 3161 2338 3235 operatio
2365 3169 2561 3235 potest
2587 3179 2738 3231 esse,
2794 3163 2902 3219 ubi
2936 3164 3175 3220 diversa
3189 3148 3204 3149 ᾧ
3229 3164 3568 3221 substantia

1915 3255 2042 3308 est?
2071 3255 2275 3324 Itaque
2306 3252 2510 3324 accipe
2554 3251 2857 3308 Christum
2914 3252 3248 3309 secundum
3296 3253 3567 3310 divinita-

1917 3344 2056 3412 tem,
2080 3339 2376 3397 minorem
2405 3355 2528 3396 non
2551 3355 2728 3412 posse
2753 3339 2890 3396 dici.

2441 3446 2656 3504 Sancti
2680 3448 3037 3518 Agathonis.

1989 3558 2076 3612 33.
2111 3555 2178 3611 Et
2227 3553 2373 3610 dum
2425 3553 2686 3610 ostendit
2718 3569 2978 3624 magnus
3033 3553 3404 3630 Ambrosius,
3445 3574 3570 3616 non

1917 3659 2095 3717 posse
2115 3643 2370 3699 diversae
2387 3643 2695 3716 potestatis
2725 3659 2910 3699 unam
2931 3645 3342 3716 operationem
3359 3648 3568 3704 existe-

1918 3747 2128 3800 re,nec
2158 3732 2455 3789 minorem
2481 3748 2662 3804 posse
2683 3732 2914 3804 operari
2931 3733 3096 3804 quod
3121 3750 3436 3806 magnam;
3459 3752 3570 3794 nec

1919 3820 2024 3876 ubi
2050 3821 2290 3877 diversa
2322 3820 2659 3877 substantia
2691 3825 2796 3887 est,
2843 3837 3030 3877 unam
3069 3839 3245 3894 posse
3272 3825 3567 3896 operatio-

1919 3925 2058 3966 nem
2081 3909 2350 3980 intelligi,
2373 3910 2744 3966 dcmonstrat
2767 3910 3096 3965 manifestis
3124 3911 3379 3980 indiciis,
3400 3914 3569 3985 quod

1919 4013 2043 4055 non
2072 3999 2261 4070 possit
2307 4014 2492 4054 unam
2531 3998 2866 4054 naturalem
2899 3999 3309 4070 operationem
3343 4000 3568 4058 habere

1920 4087 2203 4143 divinitas
2235 4092 2292 4142 et
2311 4087 2658 4143 humanitas
2689 4086 2917 4154 Christi,
2935 4085 3072 4141 licet
3097 4087 3274 4142 unius
3294 4103 3565 4159 personae

1919 4191 2051 4232 esse
2082 4181 2430 4244 noscantur,
2465 4179 2519 4230 et
2549 4174 2800 4230 alterum
2841 4190 2978 4229 cum
3011 4172 3254 4230 alterius
3295 4191 3568 4232 commu-

1919 4267 2098 4322 nione
2146 4265 2383 4337 operari
2414 4269 2750 4320 cernantur.
2786 4263 2894 4320 Ubi
2919 4264 3123 4336 itaque
3153 4265 3349 4334 major
3387 4270 3444 4321 et
3463 4265 3570 4322 mi-

1918 4369 2030 4409 nor
2059 4353 2274 4408 dicitur
2302 4352 2594 4426 operatio,
2630 4367 2753 4408 non
2807 4351 2882 4406 de
2926 4367 3049 4408 una
3077 4351 3186 4408 sed
3213 4352 3288 4408 de
3327 4351 3569 4410 duabus

1917 4442 2292 4500 naturalibus
2344 4442 2524 4497 unius
2577 4441 2788 4496 Christi
2839 4441 3290 4511 operationibus
3337 4442 3572 4500 intima-

1919 4538 2034 4588 tur.
2062 4569 2124 4578 —
2149 4535 2338 4604 Atque
2382 4531 2512 4587 haec
2537 4530 2785 4604 quidem
2835 4536 3003 4586 sexta
3033 4530 3302 4603 synodus
3332 4532 3570 4590 decreto

1917 4623 2343 4695 firmavit,quae
2367 4620 2642 4677 videlicet
2662 4625 2906 4676 sanctus
2934 4619 3290 4676 Ambrosius
3323 4623 3574 4693 scripse-

1919 4718 2028 4771 rat.
2072 4714 2290 4778 Quinta
2318 4727 2460 4768 vero
2493 4711 2766 4782 synodus
2787 4716 2916 4766 tum
2935 4710 3075 4766 huic
3107 4711 3417 4766 sententiae
3445 4717 3569 4766 tum

1918 4801 2162 4873 reliquis
2215 4805 2563 4856 sanctorum
2631 4801 2867 4854 Patrum
2935 4803 3440 4868 congregatorum
3487 4797 3572 4855 sic

1921 4889 2404 4948 acclamaverat:
2463 4887 2802 4959 Recipimus
2853 4891 3088 4957 cuncta,
3121 4902 3257 4958 quae
3308 4886 3387 4942 ab
3425 4887 3573 4960 ipsis

1922 4981 2080 5037 circa
2103 4985 2326 5035 rectam
2372 4978 2552 5034 fidem
2585 4976 2818 5049 prolata
2865 4982 3006 5032 sunt
3046 4976 3126 5031 ad
3154 4975 3575 5034 haereticorum

1924 5069 2510 5126 condemnationem.
2540 5068 2617 5122 Et
2641 5067 2831 5136 paulo
2850 5071 3005 5136 post.
3031 5068 3096 5122 Et
3125 5066 3174 5122 si
3201 5067 3334 5140 quis
3365 5067 3444 5124 ab
3469 5068 3576 5126 ho-

1923 5175 2060 5217 rum
2082 5173 2380 5214 consensu
2401 5161 2589 5213 semet
2615 5155 2930 5226 abstrahit,
2959 5156 3255 5213 contraria
3289 5157 3572 5226 sentiens,

1995 5441 2110 5509 (32)
2168 5441 2251 5496 Ex
2301 5437 2514 5496 concil.
2569 5451 2627 5494 ιιι
2675 5437 3150 5511 Constantinop.,
3213 5437 3308 5495 ed.
3374 5435 3575 5507 Coleti,

1927 5513 2441 5714 t'§ii’§i§r§i§é
2463 5584 2658 5641 exstat
2687 5584 2884 5642 textus
2935 5581 3104 5656 apud
3140 5580 3386 5640 citatum
3437 5595 3576 5637 con-

1928 5672 1978 5713 ci
2027 5671 2153 5714 um.
2340 5701 2342 5706 .

1928 5671 2153 5714 cuium.

4133 807 4135 826 1

4133 987 4135 1008 1

4133 1099 4135 1106 1

4134 1151 4135 1160 1

4133 1163 4135 1174 1

4134 1257 4135 1276 1

4133 1283 4135 1290 ι

4134 1549 4135 1556 1

4133 1593 4135 1616 1

4133 1715 4135 1738 1

4133 1829 4135 1848 1

4133 2491 4135 2498 1

4133 2503 4135 2510 Α

4133 2525 4135 2536 l

4133 2625 4135 2636 l

4133 2649 4135 2666 Ι

4133 2743 4135 2752 1

4134 2793 4135 2800 1

4133 2821 4135 2834 1

4133 2851 4135 2866 1

4133 2961 4135 2968 1

4133 2985 4135 2996 l

4133 3001 4135 3014 1
