4152 6208
572 358 676 422 227

1916 364 2181 420 NlCET/E
2224 356 2590 418 CHO‘NIATE

3816 365 3933 420 228

571 490 668 546 hic
693 493 983 565 quoniam
1037 493 1200 546 recta
1227 487 1345 543 ﬁde
1377 504 1438 543 se
1470 487 1771 545 abalienat
1807 487 2218 560 haereticisque

2341 491 2558 560 χωρίσει
2582 491 2648 541 τὰ
2696 486 2900 539 ἐναντία
2946 494 3159 561 φρονῶν,
3198 487 3222 537 0
3260 507 3510 555 τοιουτος,
3542 486 3721 540 ἑαυτὸν
3776 487 3934 542 ἄλλο·

573 588 985 645 connumerat,
1018 581 1229 636 merito
1252 596 1287 634 a
1317 584 1523 635 sancta
1550 579 1649 634 Dei
1683 578 1939 635 Ecclesia
1968 578 2217 633 damna-

574 674 667 725 tur
698 675 875 741 atque
902 670 1269 726 anathemati
1308 667 1642 739 subjicitur.

578 884 676 939 Ea:
729 884 1026 952 synodicz's
1064 900 1192 953 quae
1239 884 1489 939 Romam
1539 883 1701 937 misit
1750 888 1991 937 sanctus
2038 882 2221 936 Pater

650 962 847 1010 noster
876 956 1248 1023 Sophronias
1276 954 1630 1024 patriarcha
1652 955 2220 1021 Hierosolymorum.

650 1027 721 1081 de
750 1026 1049 1082 dominica
1079 1027 1517 1085 incarnatione.
1569 1032 1621 1080 et
1654 1025 1812 1095 quod
1852 1026 1927 1079 sit
1958 1040 2111 1078 unus
2151 1038 2225 1079 ex

655 1098 944 1153 Trim’tate
964 1098 1130 1153 Jesus
1161 1096 1435 1153 Christus
1464 1096 1659 1151 Filius
1688 1097 1800 1151 Dei
1840 1101 1891 1151 et
1935 1097 2224 1149 Dominus

649 1174 867 1224 noster.

645 1278 735 1332 34.
768 1278 887 1331 Nos
930 1292 1119 1331 unum
1170 1276 1465 1332 Christum
1496 1280 1554 1331 et
1582 1276 1791 1331 Filium
1822 1274 2224 1345 incarnatum,

572 1379 790 1436 nempe
820 1365 1103 1432 Verbum,
1133 1365 1498 1431 asserimus;
1531 1371 1586 1419 et
1616 1365 1859 1420 unicam
1909 1365 2038 1434 ejus
2088 1363 2230 1419 sub-

572 1454 852 1508 stantiam
884 1455 1286 1526 compositam
1307 1454 1584 1521 dicimus,
1617 1460 1675 1509 et
1707 1453 1860 1508 duas
1893 1453 2021 1522 ejus
2048 1451 2227 1507 conﬁ-

571 1545 766 1597 temur
790 1543 1405 1611 naturas,voluntates
1430 1548 1612 1613 atque
1641 1542 2043 1613 operationes.
2073 1544 2230 1595 Duas

570 1646 815 1702 quoque
844 1631 1119 1701 ejusdem
1154 1630 1323 1686 Verbi
1364 1631 1464 1686 Dei
1518 1631 1865 1686 nativitates
1906 1629 2225 1699 credimus,

571 1734 757 1773 unam
778 1720 1025 1790 quidem
1052 1736 1124 1774 ex
1148 1721 1267 1775 Deo
1286 1723 1453 1776 Patre
1488 1735 1673 1790 quam
1697 1718 2159 1790 intemporalem
2177 1723 2233 1771 et

2331 586 2484 649 τριῶν
2515 582 2604 630 καὶ
2634 586 2724 637 τῆς
2746 576 2904 649 ὀρθῆς
2940 580 3164 637 πίστεως
3191 581 3282 627 καὶ
3322 585 3431 638 τοῖς
3460 579 3735 650 αἱρετικοῐς
3764 597 3934 629 συνα-

2328 669 2548 741 ριθμών,
2582 664 2798 727 δικαίως
2838 669 2935 718 υπὸ
2984 674 3079 728 τῆς
3117 666 3265 736 ἁγίας
3294 674 3386 718 τοῦ
3434 674 3567 720 Θεοῦ
3619 666 3937 727 Ἐκκλησίοις

2328 760 2690 830 κατακρίνεται
2710 762 2799 809 καὶ
2829 755 3259 829 ἀναθεματίζεται
3289 755 3417 826 (34).

2331 877 2462 935 Ἀπὸ
2493 891 2591 932 τῶν
2635 877 2923 932 ωνοὸικών
2975 880 3042 930 ὧν
3072 878 3292 951 ἔπεμψεν
3334 878 3381 929 ἐν
3404 878 3571 951 Ῥώμῃ
3612 879 3652 951 γό
3683 878 3732 930 ἄν
3763 880 3940 950 ἁγίοις

2406 958 2580 1030 Πατὴρ
2613 955 2755 1023 ἡμῶν
2782 957 3061 1031 Σωφρόνιος
3081 953 3386 1025 πατιαρχης
3417 950 3782 1022 Ἱεροσολύμων
3812 958 3939 1031 περὶ

2404 1032 2498 1085 τῆς
2539 1019 2788 1095 ἑνσιὶρκου
2828 1019 3119 1095 οἰκονομίας
3147 1019 3253 1073 του’
3278 1019 3384 1082 ἐνὸς
3413 1019 3508 1083 τῆς
3529 1019 3681 1095 ἁγίας
3702 1019 3941 1093 Τριάδος

2404 1095 2578 1152 Ἰησοῦ
2638 1093 2872 1168 Χριστοῦ
2915 1093 3006 1146 τοῦ
3065 1095 3188 1145 Υἱού
3249 1101 3339 1144 τοὺ
3404 1101 3534 1145 Θεοῦ
3580 1093 3669 1143 καὶ
3737 1098 3940 1168 Κυρίου

2407 1169 2572 1238 ἡμῶν.

2408 1270 2506 1326 λὸν.
2549 1272 2724 1345 Ἡμεῖς
2797 1273 2882 1324 ἕνα
2954 1273 3184 1345 Χριστόν
3252 1275 3338 1322 καὶ
3402 1272 3520 1322 Υἱόν
3577 1273 3664 1322 τὸν
3733 1290 3944 1343 σαρκω-

2343 1365 2489 1415 θέντα
2528 1366 2691 1432 Λόγον
2744 1359 3088 1433 πρεσϐεύομεν
3123 1377 3134 1389 ·
3187 1364 3275 1411 καὶ
3306 1363 3429 1431 μίαν
3460 1359 3621 1411 αὐτου
3673 1365 3765 1418 τὴν
3809 1360 3946 1411 ὑπὸ·

2343 1473 2529 1505 στασιν
2566 1452 2775 1524 λέγομεν
2808 1454 3048 1503 σύνθετον
3081 1466 3094 1479 ⁶
3139 1456 3229 1501 καὶ
3268 1454 3315 1501 ἐν
3356 1446 3511 1501 δυσὶν
3555 1450 3708 1501 αὐτὸν
3756 1450 3948 1521 ὁμολο-

2338 1560 2527 1614 γουμεν
2581 1548 2695 1601 ταῖς
2761 1543 2971 1611 φύσεσι,
3044 1538 3301 1609 θελήμασί
3356 1557 3409 1590 τε
3468 1543 3557 1589 καὶ
3612 1536 3895 1611 ἐνεργείαις
3927 1552 3943 1567 ⁸

2339 1636 2429 1683 καὶ
2482 1628 2579 1682 δύο
2634 1637 2727 1682 τοῦ
2774 1630 2935 1681 αὑτοῦ
2986 1634 3114 1681 Θεοὺ
3163 1633 3340 1698 Λόγου
3376 1632 3638 1697 γεννήσεις
3686 1630 3947 1679 πιστεύο-

2341 1740 2431 1793 μεν
2466 1737 2479 1749 ·
2527 1725 2649 1791 μίαν
2689 1722 2778 1790 μὲν
2816 1724 2911 1775 τὴν
2954 1717 3009 1769 ἐκ
3038 1725 3170 1769 Θεου
3209 1722 3297 1767 καὶ
3349 1719 3565 1789 Πατρός,
3618 1717 3681 1774 ἣν
3709 1718 3947 1790 ἄχρονον

574 1807 1003 1877 sempiternam
1044 1807 1306 1875 scimus;
1340 1824 1413 1863 ex
1440 1809 1693 1880 Deipara
1743 1812 1931 1862 matre
1958 1806 2227 1867 alteram,

2342 1816 2431 1862 καὶ
2503 1806 2670 1861 ὀῖδιον
2745 1805 2994 1880 οἴδαμεν·
3073 1813 3163 1859 καὶ
3237 1803 3481 1878 δευτέραν
3553 1812 3642 1864 τὴν
3717 1806 3771 1857 ἐκ
3851 1816 3948 1867 τῆς

575 1911 761 1965 quam
784 1900 837 1950 et
870 1912 1162 1967 nuperam
1196 1902 1251 1951 et
1274 1897 1671 1968 temporalem
1700 1895 2144 1965 cognoscimus.
2170 1887 2234 1947 Et

577 1988 930 2039 naturarum
985 1985 1375 2057 proprietates
1446 1986 1669 2041 servari
1734 1984 2007 2049 dicimus,
2078 1982 2231 2038 duas

579 2086 797 2144 nempe
828 2073 1112 2145 physicas
1139 2074 1493 2139 voluntates,
1518 2080 1574 2129 et
1595 2074 1747 2129 duas
1778 2073 2061 2145 physicas
2091 2087 2230 2143 ope-

580 2162 861 2216 rationes.
900 2165 966 2218 Et
995 2168 1293 2235 quatenus
1322 2165 1474 2218 Deus
1508 2167 1616 2234 est,
1650 2160 2229 2217 consubstantialem

580 2248 779 2320 ipsum
819 2252 975 2307 Patri
1015 2251 1388 2307 atﬁrmamus
1422 2269 1434 2305 :
1486 2252 1651 2309 Matri
1690 2258 1887 2306 autem
1928 2250 2228 2321 nobisque

577 2340 1478 2413 consubstantialem,quatenus
1492 2342 1671 2397 homo
1684 2340 2079 2407 est,eumdem
2095 2356 2229 2413 pro-

577 2426 928 2481 nuntiamus
954 2446 966 2495 ;
1001 2427 1291 2483 visibilem
1318 2429 1542 2499 puriter
1570 2435 1627 2484 et
1653 2428 2028 2492 invisibilem,
2062 2444 2227 2483 crea-

572 2518 702 2569 tum
748 2520 805 2570 et
853 2514 1209 2582 increatum,
1250 2531 1607 2589 corporeum
1666 2523 1722 2572 et
1780 2518 2225 2588 incorporeum,

574 2602 1059 2659 contrectabilem
1125 2610 1183 2659 et
1241 2605 1816 2674 incontrectabilem,
1863 2605 2229 2661 circumscri-

574 2695 749 2763 ptum
779 2697 834 2748 et
853 2693 1790 2766 incircumscriptum,terrenum
1821 2700 1878 2750 et
1906 2696 2223 2765 ccelestem,

579 2796 761 2837 carne
779 2797 918 2837 cum
944 2782 1220 2839 rationali
1241 2784 1447 2839 anima
1468 2785 1787 2855 praeditum
1811 2790 1867 2841 et
1889 2784 2068 2841 simul
2084 2784 2231 2839 divi-

581 2869 785 2936 nitate,
812 2885 1111 2942 nuperum
1142 2877 1199 2927 et
1246 2874 1696 2944 sempiternum,
1727 2874 2016 2929 humilem
2048 2879 2105 2928 et
2133 2888 2229 2928 ex-

584 2959 834 3025 celsum,
868 2964 925 3015 et
952 2975 1353 3033 quaecumque
1378 2962 1633 3034 duplicis
1654 2962 2127 3034 inseparabiliter
2145 2978 2231 3017 re-

584 3047 896 3119 periuntur
923 3054 1172 3104 naturae.
1207 3053 1271 3105 Et
1300 3051 1581 3106 sublimia
1622 3052 1871 3123 quidem
1910 3052 1959 3105 is
1998 3066 2234 3123 semper

2344 1905 2600 1953 Θεοτόκου
2656 1902 2872 1972 μητρὸς,
2916 1898 2976 1955 ἣν
3034 1901 3122 1947 καὶ
3186 1900 3484 1969 πρόσφατον
3544 1899 3633 1946 καὶ
3683 1900 3947 1967 χρονικὴν

2340 1986 2664 2059 ἐπιστάμεθα
2697 2008 2708 2019 ·
2773 1992 2862 2037 καὶ
2929 1989 2993 2036 τὰ
3056 1993 3153 2035 τῶν
3211 1986 3405 2055 φύσεων
3467 1985 3726 2055 φάσκομεν
3782 1986 3946 2046 συζε-

2344 2079 2468 2128 σθαι
2520 2073 2636 2128 ἴδια
2668 2093 2695 2107 ’ν
2737 2079 2976 2127 τουτέστι
3016 2070 3113 2125 δύο
3162 2075 3358 2144 φυσικὰ
3399 2071 3683 2144 θελήματα,
3723 2077 3815 2124 καὶ
3847 2068 3947 2124 δύο

2340 2168 2567 2238 φυσικὰς
2641 2164 2937 2240 ἐνεργείας·
3016 2168 3106 2214 καὶ
3180 2164 3455 2234 όμοούσιον
3530 2163 3596 2221 ὡς
3663 2164 3791 2213 Θεὸν
3872 2169 3946 2231 τῷ

2342 2259 2507 2329 Πατρὶ
2564 2257 2649 2305 τόν
2705 2253 2859 2304 αὑτὸν
2920 2250 3278 2325 ἁναγράφομεν
3319 2264 3332 2278 °
3394 2254 3482 2301 καὶ
3536 2250 3815 2321 όμοούσιον
3881 2258 3943 2321 τῇ

2338 2348 2501 2415 μητρὶ
2549 2347 2638 2393 καὶ
2666 2344 2814 2414 ⁵ἡμῖν
2844 2344 2931 2392 τόν
2980 2340 3134 2391 αὐτόν
3184 2342 3251 2399 ὡς
3298 2339 3566 2409 ἄνθρωπον
3614 2340 3885 2409 φάσκομεν
3920 2360 3933 2371 ·

2340 2433 2521 2503 ὁρατόν
2563 2431 2718 2482 αὑτὸν
2765 2435 2854 2481 καὶ
2903 2428 3156 2501 ἁόρατον’
3210 2430 3416 2479 κτιστὸν
3469 2430 3556 2477 τὸν
3620 2426 3775 2478 αὐτὸν
3837 2430 3943 2479 ωσ-

2338 2524 2507 2582 αύτως
2543 2525 2632 2572 καὶ
2684 2522 2929 2571 οἴκτιστον
2960 2537 2972 2548 ·
3038 2526 3190 2591 σῶμα
3243 2519 3331 2568 τὸν
3379 2515 3533 2567 αὐτὸν
3581 2522 3671 2567 καὶ
3724 2514 3946 2588 ἀσώμα-

2336 2628 2420 2661 τον
2458 2625 2472 2637 ·
2534 2609 2695 2661 ἁπτόν
2747 2612 2834 2660 τὸν
2892 2607 3047 2659 αὐτὸν
3100 2612 3189 2657 καὶ
3238 2604 3490 2675 ἀνέπαφον
3524 2622 3537 2635 '
3586 2609 3945 2678 περιγραπτὸν

2336 2703 2424 2751 τὸν
2468 2698 2624 2750 αὑτὸν
2662 2703 2751 2750 καὶ
2783 2696 3163 2772 ἁπερίγραπτον
3196 2710 3214 2726 ⁸
3246 2692 3469 2765 ἐπίγειον
3516 2696 3604 2744 τὸν
3641 2693 3791 2744 αὑτὸν
3851 2698 3945 2745 καὶ

2338 2788 2575 2861 οὐράνιον
2610 2804 2622 2816 '
2694 2790 2865 2861 σάρκα
2928 2790 3015 2837 τὸν
3082 2784 3237 2836 αὐτὸν
3304 2782 3646 2853 ἐψυχωμένην
3714 2780 3944 2853 λογικῶς

2344 2882 2437 2929 καὶ
2505 2878 2724 2933 ϐιότητα
2756 2893 2768 2905 ·
2828 2878 3129 2950 πρόσφατον
3190 2875 3274 2924 τὸν
3338 2871 3493 2923 αὐτόν
3567 2875 3655 2922 καὶ
3715 2866 3893 2922 ἀίδιον
3926 2882 3939 2893 ·

2342 2970 2581 3017 ταπεινὸν
2607 2969 2694 3017 τὸν
2744 2966 2898 3016 αὐτόν
2960 2970 3049 3015 καὶ
3087 2965 3369 3034 ὑπέρτατον
3403 2981 3416 2993 ·
3458 2965 3547 3011 καὶ
3602 2960 3702 3011 ὅσα
3755 2955 3942 3020 διττῆς

2346 3053 2636 3129 ἀμερίστως
2702 3056 2999 3128 εὑρίσκεται
3055 3056 3275 3124 φύσεως.
3340 3054 3438 3102 Καὶ
3493 3053 3559 3101 τὰ
3764 3048 3944 3119 ὑψηλὰ

584 3135 820 3205 habuit,
845 3142 1046 3209 utpote
1077 3139 1442 3211 sempiterna
1464 3145 1680 3195 natura
1706 3141 2016 3212 praeditus;
2042 3141 2230 3196 humi-

2346 3146 2585 3218 υπῆρχεν
2615 3144 2713 3208 ἀεὶ,
2766 3148 2837 3203 ὡς
2865 3146 3019 3215 φύσιν
3081 3144 3218 3212 ἔχων
3258 3137 3431 3191 αἳδιον
3462 3156 3475 3168 ·
3517 3140 3585 3189 τὰ
3632 3134 3692 3189 δέ
3728 3141 3945 3190 ταπεινὰ

582 3225 664 3280 lia
690 3240 832 3280 vero
853 3232 1097 3299 propter
1119 3243 1229 3283 nos
1256 3229 1538 3284 extremis
1558 3230 1931 3301 temporibus
1957 3232 2234 3288 immuta-

583 3313 779 3369 biliter
811 3316 1045 3382 ascivit,
1073 3323 1318 3388 propter
1342 3324 1719 3390 assumptam
1749 3320 2085 3375 humanam
2130 3337 2235 3377 na-

581 3404 998 3469 turam.Quare
1016 3420 1175 3460 unus
1202 3406 1380 3461 simul
1403 3422 1536 3462 esse
1559 3408 2026 3478 deprehenditur
2055 3416 2234 3481 atque

583 3490 734 3546 duo:
765 3508 924 3547 unus
944 3493 1189 3564 quidem
1211 3494 1544 3550 secundum
1576 3496 2023 3553 subsistentiam
2054 3506 2233 3571 atque

585 3593 932 3649 personam,
976 3581 1098 3636 duo
1127 3598 1267 3638 vero
1297 3584 1631 3641 secundum
1677 3586 1842 3657 ipsas
1879 3592 2127 3643 naturas
2163 3604 2234 3644 ac

586 3676 893 3731 naturales
924 3693 1134 3732 earum
1166 3681 1578 3751 proprietates,
1603 3682 1876 3739 videlicet
1912 3683 2233 3740 voluntatis

588 3769 645 3820 et
673 3765 1055 3835 operationis.
1087 3768 1341 3839 Utraque
1389 3770 1548 3825 enim
1597 3770 1794 3827 forma
1839 3789 1980 3828 cum
2023 3779 2236 3830 mutua

588 3857 1014 3911 communione
1035 3862 1317 3929 operatur
1344 3860 1509 3930 quod
1537 3861 1850 3933 proprium
1880 3862 1972 3917 sui
1997 3868 2121 3918 est:
2154 3863 2235 3919 ita

588 3949 654 4000 ut
684 3944 940 4000 Verbum
965 3952 1243 4017 operetur
1268 3948 1434 4020 quod
1456 3949 1633 4005 Verbi
1658 3951 1972 4022 proprium
1992 3957 2078 4007 est
2094 3967 2232 4007 cum

587 4036 858 4106 corporis
907 4037 1371 4105 communione;
1414 4054 1633 4111 corpus
1677 4045 1878 4095 autem
1922 4056 2057 4112 quae
2095 4046 2235 4096 sunt

586 4125 833 4196 propria
849 4126 1097 4197 peragit,
1119 4142 1242 4182 non
1268 4128 1393 4183 sine
1414 4128 1587 4184 Verbi
1611 4130 2232 4201 cooperatione.Porro

585 4228 658 4268 ex
674 4213 768 4267 his
796 4229 986 4269 unum
1014 4216 1303 4286 prodigiis
1320 4223 1616 4285 coruscat,
1641 4218 1895 4274 alterum
1926 4224 2231 4275 contume-

583 4298 694 4355 lias
722 4302 1064 4372 perpetitur.

760 4407 821 4462 S.
864 4409 1080 4464 Basilii
1102 4411 1167 4465 in
1197 4412 1358 4466 illud
1386 4428 1410 4467 .·
1447 4433 1476 4461 ‹‹
1507 4414 1638 4482 Ego
1666 4429 1797 4470 sum
1828 4415 1984 4471 vitis.
2018 4432 2049 4468 ›

659 4606 746 4658 35.
773 4601 873 4657 Hic
898 4617 993 4658 me
1016 4603 1311 4661 invadunt
1338 4606 1616 4678 haeretici,
1648 4610 1934 4682 aiuntque
1963 4628 1975 4665 :
2002 4610 2059 4666 Si
2094 4609 2229 4665 vitis

589 4697 677 4749 est
708 4695 1002 4757 Servator,
1030 4709 1139 4748 nos
1171 4694 1468 4765 palmites,
1502 4698 1763 4767 agricola
1790 4706 1991 4755 autem
2030 4703 2228 4776 Pater;

586 4798 798 4839 rursus
820 4784 866 4838 si
888 4784 1161 4855 palmites
1181 4786 1452 4855 ejusdem
1470 4796 1697 4845 naturae
1719 4794 2054 4863 sunt,cujus
2073 4796 2232 4866 vitis,

586 4874 722 4929 vitis
742 4877 942 4928 autem
962 4889 1082 4929 non
1105 4881 1191 4929 est
1210 4876 1487 4946 agricolae
1501 4880 2043 4952 consubstantialis;
2061 4885 2235 4941 Filius

587 4962 832 5033 quidem
874 4962 1145 5032 ejusdem
1178 4971 1269 5020 est
1294 4971 1516 5021 natura:
1548 4969 1721 5039 cujus
1762 4986 1871 5026 nos
1904 4988 2235 5047 sumasque

585 5062 699 5103 nos
730 5048 923 5119 ipsius
964 5064 1146 5120 pars:
1188 5068 1311 5107 non
1361 5060 1561 5110 autem
1616 5055 1791 5112 Filius
1842 5058 2111 5129 ejusdem
2151 5068 2238 5118 est

583 5141 814 5192 natura“:
843 5138 1017 5208 cujus
1043 5141 1230 5208 Pater,
1286 5143 1392 5198 sed
1423 5145 1673 5202 omnino
1722 5147 1971 5203 alienus.
2007 5151 2234 5215 Quibus

582 5225 1356 5297 respondebimus,vocatos
1381 5249 1494 5289 nos
1522 5251 1654 5291 esse
1674 5252 1799 5292 non
1823 5237 1915 5293 dei
1925 5239 2060 5295 tatis
2080 5240 2235 5295 illius

582 5312 883 5387 palmites,
918 5318 1023 5372 sed
1070 5319 1269 5375 carnis
1291 5339 1309 5393 ;
1350 5323 1684 5380 secundum
1727 5342 1865 5381 eum
1896 5328 2002 5399 qui
2040 5327 2186 5385 dixit
2219 5348 2232 5399 ;

583 5403 703 5461 Nos
761 5405 914 5461 enim
966 5422 1169 5464 sumus
1219 5424 1435 5479 corpus
1482 5412 1711 5469 Christi
1752 5419 1809 5469 et
1844 5416 2112 5474 membra
2161 5433 2237 5475 ex

655 5610 772 5690 (ἓξ)
802 5610 1126 5690 Exconcil.
1147 5611 1248 5690 cit.
1272 5619 1311 5671 t.
1343 5617 1454 5687 VII,
1480 5634 1539 5690 p.
1562 5621 1823 5677 897-899.

2346 3230 2420 3286 δί’
2478 3236 2616 3306 ἡμᾶς
2670 3232 2718 3284 ἐν
2765 3237 2941 3305 χρόνῳ
3002 3231 3214 3303 ἐσχάτῳ
3272 3229 3532 3304 ἀτρέπτως
3589 3229 3806 3298 ἐγένετο,
3872 3228 3943 3288 ὣς

2344 3326 2499 3395 φύσιν
2572 3322 2878 3394 προσλαϐὼν
2951 3326 3045 3379 τὴν
3112 3319 3444 3393 ἀνθρώπειον.
3503 3321 3604 3370 Καὶ
3686 3319 3826 3368 ἔστιν
3891 3315 3941 3368 ἓν

2342 3417 2433 3464 καὶ
2500 3408 2597 3464 δύο
2653 3414 2679 3463 ό
2736 3412 2892 3473 αὐτὸς
2947 3410 3323 3482 γνωριζόμενος
3356 3428 3369 3441 ο
3420 3406 3470 3459 ἓν
3534 3410 3625 3478 μὲν
3675 3408 3810 3457 κατὰ
3850 3410 3939 3462 τὴν

2342 3503 2637 3553 ὑπόστασιν
2665 3506 2755 3552 καὶ
2800 3504 2858 3552 τὸ
2889 3504 3187 3574 πρόσωπον,
3216 3495 3313 3549 δύο
3362 3492 3422 3548 δε
3458 3496 3594 3547 κατὰ
3622 3496 3715 3556 τὰς
3760 3497 3939 3567 φύσεις

2343 3590 2505 3652 αὐτας
2570 3596 2659 3641 καὶ
2719 3593 2810 3650 τὰς
2861 3591 3084 3658 φυσικὰς
3141 3587 3307 3643 αὐτῶν
3364 3581 3653 3651 ἰδιότητας,
3708 3582 3838 3654 λέγω
3879 3578 3939 3634 δε

2345 3681 2631 3754 θελήματος
2678 3684 2767 3732 καὶ
2804 3679 3057 3754 ἐνεργείας
3084 3695 3096 3707 ·
3157 3676 3466 3750 ἐνεργούσης
3520 3675 3765 3747 ἑκατέρας
3801 3692 3937 3747 μορ-

2343 3780 2441 3842 φῆς
2486 3773 2617 3843 μετὰ
2644 3778 2732 3830 τῆς
2763 3772 2978 3843 θατέρου
3026 3773 3310 3830 κοινωνίας,
3341 3768 3461 3839 ὅπερ
3500 3761 3637 3815 ἴδιον
3684 3764 3886 3833 ἔσχηκε
3915 3778 3929 3792 ⁸

2340 3879 2429 3912 του
2469 3863 2558 3931 μὲν
2608 3864 2779 3930 Λόγου
2833 3859 3281 3934 κατεργαζομένου
3330 3853 3466 3906 τουθ’
3512 3855 3631 3924 ὅπερ
3691 3849 3804 3902 ἐστὶ
3840 3858 3935 3902 τοῦ

2342 3954 2516 4020 Λόγου
2547 3968 2677 4021 μετα
2713 3956 2808 4009 τῆς
2836 3952 3104 4007 κοινωνίας
3130 3954 3221 3998 τοῦ
3251 3962 3507 4016 σωματος,
3553 3959 3644 3991 του
3674 3936 3732 3992 δὲ
3760 3943 3937 4011 σῶμα·

2340 4058 2428 4100 τος
2475 4036 2815 4097 έκετελουντος
2862 4036 2989 4108 οἱπερ
3038 4035 3149 4087 ἐστὶ
3176 4042 3266 4087 τοῦ
3319 4039 3579 4104 σώματος,
3609 4046 3942 4091 κοινωνοντος

2343 4129 2483 4199 αὐτῴ
2543 4148 2633 4179 του
2696 4132 2870 4198 Λόγου
2923 4134 3015 4186 τῆς
3068 4124 3317 4198 πράξεως.
3362 4126 3463 4173 Καὶ
3512 4123 3572 4171 τὸ
3625 4122 3714 4191 μεν
3771 4117 3939 4169 αὐτῶν

2341 4214 2627 4290 διαλάμπει
2677 4225 2786 4278 τοῖς
2843 4218 3096 4287 θαύμασι,
3128 4216 3187 4265 τὸ
3218 4208 3277 4264 δὲ
3332 4217 3449 4271 ταῖς
3486 4207 3696 4281 ὕϐρεσιν
3741 4208 3941 4259 ὑποπέ-

2337 4327 2529 4363 πτωκε.

2517 4416 2623 4469 Τοῦ
2654 4414 2806 4487 ἁγίου
2834 4413 3105 4487 Βασιλείου
3147 4412 3216 4487 είς
3249 4413 3329 4487 τό,
3364 4431 3393 4459 ‹‹
3424 4411 3561 4481 Ἐγώ
3591 4408 3700 4480 εἰμι
3726 4408 3758 4463 ἡ

2917 4485 3141 4557 ἄμπελος
3170 4484 3222 4545 (3
3230 4486 3299 4553 5).
3327 4504 3356 4531 ››

2408 4611 2491 4667 λε’.
2540 4612 2793 4666 Ἐνταυθά
2830 4631 2920 4684 μοι
2974 4609 3387 4667 ἐπισκήπτουσιν
3436 4608 3486 4658 οἱ
3544 4605 3791 4679 αἱρετικοὶ
3846 4603 3940 4652 καὶ

2341 4722 2497 4775 φασιν
2526 4719 2539 4732 '
2573 4702 2633 4755 Εἰ
2683 4701 2906 4774 ἄμπελος
2960 4703 3049 4772 μὲν
3075 4701 3099 4750 ό
3131 4702 3325 4772 Σωτὴρ,
3371 4695 3615 4767 κλήματα
3664 4688 3721 4745 0“:
3762 4691 3936 4762 ἡμεῖς,

2340 4795 2567 4865 γεωργὸς
2630 4788 2689 4842 δὲ
2751 4792 2776 4841 0
2826 4794 3021 4862 Πατὴρ,
3086 4790 3151 4840 τὰ
3208 4783 3269 4838 δὲ
3316 4785 3562 4857 κλήματα
3617 4783 3815 4854 ὁμοφυῆ
3871 4784 3937 4851 τῇ

2343 4880 2574 4954 ἀμπέλῳ,
2629 4882 2658 4938 ἡ
2725 4876 2784 4931 δε
2838 4878 3059 4951 ἄμπελος
3115 4876 3219 4947 οὑχ
3272 4877 3496 4948 όμοφυὴς
3546 4879 3618 4941 τῷ
3674 4875 3892 4943 γεωργῷ
3926 4880 3939 4897 ⁸

2344 4971 2566 5043 ὀμοφυὴς
2607 4970 2709 5044 ἄρα
2751 4971 2875 5041 ἡμῖν
2924 4970 2949 5018 ό
3000 4968 3136 5033 Υἱὸς,
3173 4970 3261 5017 καὶ
3309 4968 3463 5038 μέρος
3513 4963 3664 5033 ἡμεῖς
3728 4976 3894 5010 αυτου
3927 4971 3943 4989 ⁸

2345 5060 2449 5131 οὐχ
2488 5059 2716 5132 ὁμοφυὴς
2760 5054 2819 5109 δὲ
2874 5065 2944 5127 τῷ
2990 5059 3157 5129 Πατρὶ
3186 5054 3211 5105 ό
3243 5056 3382 5118 Υἱὸς,
3416 5050 3543 5103 ἀλλὰ
3594 5051 3727 5101 κατὰ
3772 5046 3947 5097 πάντα

2347 5148 2637 5224 ἀλλότριος.
2704 5151 2842 5221 Πρὸς
2905 5145 2997 5207 οὒς
3069 5143 3326 5219 ἐρουμεν·
3398 5140 3473 5193 Οὐ
3539 5147 3632 5199 τῆς
3702 5138 3946 5193 θεοτητος

2345 5239 2523 5309 αὐτοῦ,
2594 5236 2721 5289 ἀλλὰ
2776 5244 2867 5296 τῆς
2917 5238 3110 5309 σαρκός
3174 5235 3373 5307 εἴρηκεν
3437 5231 3575 5299 ἡμᾶς
3633 5227 3659 5276 0
3711 5226 3947 5296 Χριστός

2343 5332 2622 5401 κλήματα·
2682 5328 2818 5378 κατὰ
2866 5328 2953 5376 τὸν
2997 5323 3206 5375 εἶπόντα
3239 5338 3251 5351 ·
3308 5319 3479 5391 Ἡμεῖς
3515 5319 3616 5390 γὰρ
3676 5312 3828 5385 ἐσμεν
3886 5312 3945 5362 τό

2347 5426 2499 5491 σῶμα
2542 5424 2635 5470 τοῦ
2692 5421 2928 5490 Χριστοῦ
2972 5418 3062 5465 καὶ
3117 5410 3243 5483 μέλη
3303 5412 3361 5462 ἐκ
3411 5412 3619 5482 μέρους.
3679 5407 3781 5456 Καὶ
3838 5402 3947 5454 ποί-

660 5684 777 5755 (35)
804 5684 1111 5745 Adversus
1130 5684 1514 5763 Eunomium',
1534 5690 1643 5749 lib.
1666 5707 1729 5749 1v
1747 5691 1845 5750 ed.
1874 5693 2156 5768 Garnerii,
2188 5700 2233 5771 ιε
2260 5696 2307 5768 I,
2334 5709 2401 5774 p.
2430 5697 2559 5754 291.
