4152 6208
200 381 292 437 229
1520 372 1867 451 THESAURI
1906 383 2035 441 LIB.
2073 382 2226 440 xxv.
3448 395 3554 457 230

197 502 301 554 λινο
335 501 450 555 Ούκ
498 500 683 557 οἴδατε
714 505 797 558 ὃτι
837 508 906 559 τὰ
951 512 1171 578 σώματα
1207 508 1353 578 ἡμῶν
1394 504 1521 577 μέλη
1562 513 1799 580 Χριστοῦ

1928 509 2162 565 parte“.
2187 509 2254 564 Et
2284 523 2558 565 rursum:
2586 509 2840 569 Nescitis
2859 513 3020 583 quod
3048 529 3307 585 corpora
3330 523 3555 589 vestra,

198 590 362 659 ἕστιν;
408 591 526 645 Ούκ
574 593 645 655 εἰς
681 599 778 652 τὴν
829 597 1049 655 θεότητα
1077 591 1164 648 οὖν
1202 601 1295 647 τοῦ
1340 598 1538 666 Λόγου,
1570 595 1680 649 ἀλλ’
1728 596 1801 658 εἰς

1928 597 2174 654 nembra
2206 596 2434 653 Christi
2458 603 2601 654 sunt
2614 599 2661 634 ³⁸
2685 599 2713 654 ?
2742 602 2870 656 Non
2895 601 3075 671 igitur
3091 602 3173 659 ad
3201 605 3376 662 Verbi
3404 606 3557 664 divi—

196 688 283 740 την
329 680 663 753 ἀνθρωπίνην
704 684 867 737 αὐτοῦ
895 689 1187 759 παρουσίαν
1229 682 1462 757 ἀναφέρω
1499 689 1577 756 τό,
1609 685 1738 758 Ἐγὼ
1765 689 1797 746 ἡ

1928 685 2174 749 litatem,
2210 684 2321 740 sed
2367 685 2448 741 ad
2474 686 2814 743 humanum
2844 689 2975 759 ejus
3013 691 3348 750 adventum
3372 695 3560 753 verba

198 770 420 843 ἄμπελος
446 791 460 803 ·
498 772 655 844 ἡμεῖς
680 776 784 845 γὰρ
814 776 951 826 κατά
978 778 1035 826 τὸ
1067 782 1221 846 σῶμα
1256 780 1348 825 τοῦ
1377 779 1572 848 Κυρίου
1614 792 1803 846 W773-

1928 773 2097 831 efero
2112 792 2125 828 :
2142 774 2272 844 Ego
2288 789 2418 830 sum
2438 776 2573 831 vitis
2586 776 2653 830 ³9.
2673 778 2791 832 Nos
2805 777 2965 833 enim
2987 779 3322 837 secundum
3337 796 3558 855 corpus

196 868 285 920 νεῖς
310 859 467 932 ἐσμεν
490 882 507 893 ο
540 866 633 913 καὶ
671 863 830 925 αύτός
862 861 955 916 διὰ
997 871 1151 916 τοῦτο
1198 859 1333 916 εἶπεν
1358 879 1370 891 ·
1408 864 1706 936 Ἀπαγγελῶ
1741 867 1801 917 τό

1928 864 2147 933 :ognati
2190 878 2405 919 sumus
2450 864 2707 920 Domini.
2742 868 2806 921 Et
2846 866 2974 938 ipse
3022 874 3341 942 propterea
3364 871 3557 941 dixit;

196 951 348 1023 ἄιομά
405 969 515 1002 σου
560 958 673 1014 τοῖς
729 948 974 1025 ἀδελφοῖς
1027 973 1165 1024 μουο
1194 957 1307 1009 ,καὶ
1353 954 1526 1028 ὥσπερ
1580 951 1692 1006 ἐστὶ
1736 956 1805 1006 τὰ

1928 951 2213 1007 Vuntiabo
2242 967 2454 1008 nomen
2491 958 2658 1009 tuum
2698 954 2993 1024 fratribus
3020 959 3242 1016 meis”.
3274 962 3342 1015 Et
3384 961 3561 1019 sicuti

197 1038 431 1111 κλήματα
470 1040 740 1112 ὀμοούσια
775 1048 866 1103 τῆς
913 1039 1143 1113 ἀμπέλου
1178 1046 1272 1097 καὶ
1322 1040 1377 1104 ἐξ
1422 1041 1617 1104 αὐτῆς,
1666 1042 1802 1095 οὕτω

1928 1039 2187 1103 palmites
2230 1040 2774 1098 consubstantiales
2804 1050 2943 1099 sunt
2968 1045 3071 1103 viti
3096 1062 3173 1103 ex
3200 1063 3397 1120 eaque
3421 1064 3561 1122 pro-

197 1131 278 1179 καὶ
306 1130 483 1207 irati;
526 1130 743 1201 ὁμογενῆ
791 1133 857 1182 τὰ
887 1136 1105 1201 σώματα
1132 1133 1340 1201 ἔχοντες
1368 1138 1440 1201 τῷ
1475 1136 1679 1204 σώματι
1708 1138 1801 1183 τοῦ

1928 1128 2152 1194 :edunt,
2193 1129 2278 1185 sic
2307 1134 2365 1185 et
2400 1145 2514 1186 nos
2557 1130 2937 1202 homogenea
2981 1149 3237 1207 corpora
3269 1136 3561 1195 habentes

201 1194 407 1289 Κυρίού,
441 1216 506 1269 ἐκ
538 1226 630 1271 τοῦ
660 1218 1007 1292 πληρώματος
1031 1219 1193 1273 αὐτοῦ
1218 1217 1567 1293 λαμϐάνομεν·
1596 1218 1802 1272 κάκεῖνο

1928 1218 2147 1290 torpori
2194 1217 2426 1288 Christi,
2456 1235 2531 1275 ex
2580 1220 2709 1290 ejus
2755 1194 3127 1292 plenitudine
3172 1226 3508 1298 accipimus
3541 1245 3559 1297 ;

196 1306 335 1380 ῥίζαν
373 1308 576 1379 ἔχομεν
625 1307 693 1368 εἰς
737 1312 827 1364 τὴν
877 1306 1164 1361 ἀνάστασιν
1214 1312 1306 1360 καὶ
1358 1312 1453 1367 τὴν
1516 1313 1800 1384 σωτηρίαν.

1930 1306 2093 1378 dque
2112 1306 2411 1362 habemus
2431 1307 2613 1364 veluti
2626 1308 2896 1366 radicem
2914 1313 3360 1371 resurrectionis
3378 1319 3561 1388 atque

196 1394 250 1448 Ὀ
287 1391 344 1447 6‘s
375 1401 567 1471 Πατὴρ
610 1400 815 1469 εἰρηται
844 1398 871 1448 ό
906 1401 1136 1472 γεωργός
1159 1412 1173 1426 ⁸
1206 1397 1367 1460 αὐτὸς
1391 1400 1493 1471 γὰρ
1522 1398 1803 1472 εἰργάσατο

1928 1392 2143 1451 ialutis.
2188 1396 2358 1451 Pater
2401 1409 2543 1453 vero
2594 1395 2811 1453 dicitur
2854 1397 3165 1468 agricola;
3210 1400 3343 1473 ipse
3395 1402 3561 1459 enim

201 1480 287 1536 διὰ
326 1492 421 1536 τοῦ
462 1489 646 1555 Λόγου
674 1489 771 1543 τὴν
813 1485 1059 1555 ἄμπελον,
1092 1488 1205 1548 ἣτις
1247 1486 1361 1540 ἐστὶ
1388 1489 1447 1539 τὸ
1486 1485 1803 1563 ἀνθρώπινον

1928 1498 2017 1555 per
2045 1483 2305 1540 Verbum
2334 1483 2594 1541 excoluit
2620 1486 2824 1553 vitem,
2851 1503 2988 1560 quas
3019 1493 3108 1545 est
3132 1490 3320 1562 ipsius
3357 1492 3564 1551 Serva-

200 1580 283 1641 τοὺ
313 1580 591 1649 Σωτῆρος·
626 1579 718 1627 καὶ
756 1574 915 1637 αὐτὸς
962 1571 1036 1627 δι’
1074 1575 1236 1629 αὐτοῦ
1283 1582 1375 1628 τοτ’
1406 1579 1581 1648 Λόγου
1611 1580 1707 1635 τὴν
1736 1575 1806 1637 εἰς

1928 1571 2056 1628 bris
2096 1573 2490 1641 humanitas;
2517 1573 2649 1646 ipse
2689 1575 2938 1633 demum
2963 1591 3071 1649 per
3114 1578 3278 1636 idem
3301 1580 3562 1639 Verbum

203 1659 468 1733 βασιλείαν
502 1665 630 1736 ημῖν
658 1659 786 1716 ὀδόν
814 1665 1117 1736 ἡτοίμασεν.

1928 1661 2073 1718 riam
2102 1662 2277 1719 nobis
2306 1662 2387 1719 ad
2410 1678 2667 1733 regnum
2695 1665 2910 1722 munit.

250 1792 352 1840 Τοῦ
386 1792 785 1874 Χρυσοστόμου
822 1787 1002 1874 ὁμιλία
1036 1789 1107 1874 κζ
1143 1789 1213 1850 εἰς
1248 1792 1308 1874 τό
1344 1790 1482 1842 κατὰ
1519 1789 1760 1848 Ἰωάννην

1914 1785 2322 1857 Chrysostami
2365 1802 2443 1844 ea:
2488 1787 2739 1845 homilia
2774 1792 2843 1843 27
2880 1791 2945 1846 in
2991 1796 3268 1850 sanctum
3307 1792 3564 1852 Joannis

660 1859 813 1932 ἅγιον
846 1859 1157 1932 Εύαγγελιον
1195 1861 1335 1931 (36).

1841 1856 1883 1911 Β
2523 1860 2947 1931 Ευαηῃειίαπι.

273 1980 373 2047 λς’.
412 1982 477 2036 Εἰ
531 1984 601 2036 τὰ
658 1981 863 2055 ἐπίγεια
917 1979 1057 2036 εἶπον
1117 1985 1257 2057 ύμῖν,
1318 1987 1408 2036 καὶ
1467 1983 1526 2036 ού
1582 1987 1807 2038 πιστεύ-

1984 1983 2071 2037 36.
2094 1981 2165 2038 Si
2178 1987 2418 2038 terrena
2433 1983 2566 2038 dixi
2583 1983 2763 2046 vobis,
2783 1989 2968 2041 etnon
2985 1986 3257 2058 creditis;
3272 1988 3562 2060 quomodo

1913 2072 1966 2127 si
1987 2071 2198 2128 dixero
2224 2072 2387 2127 vobis
2412 2074 2693 2140 caelestia,
2719 2074 3269 2135 credetis3'?Nemo
3293 2081 3563 2138 ascendit

1914 2161 1977 2215 in
2000 2162 2234 2228 caelum,
2258 2163 2377 2217 nisi
2402 2164 2508 2234 qui
2530 2160 2602 2219 de
2625 2165 2771 2221 caelo
2799 2165 3121 2223 descendit.
3152 2167 3344 2223 Filius
3370 2169 3565 2226 homi-

1917 2249 2009 2304 nis
2040 2250 2143 2321 qui
2170 2255 2256 2305 est
2284 2249 2349 2305 in
2380 2252 2525 2307 caelo
2539 2252 2607 2307 ³³.
2632 2252 2843 2309 Filium
2868 2253 3131 2311 hominis
3159 2254 3257 2311 hic
3283 2273 3407 2315 non
3431 2274 3566 2314 car-

1914 2354 2056 2394 nem
2076 2338 2329 2404 vocavit,
2354 2339 2459 2396 sed
2486 2356 2524 2396 a
2554 2338 2785 2398 minore
2815 2341 3151 2400 substantia
3178 2361 3242 2400 se
3266 2350 3480 2416 totum,
3502 2355 3573 2405 ut

240 2424 448 2479 ἐνταῦθα
515 2428 570 2480 ού
624 2432 716 2487 τήν
786 2428 961 2501 σάρκα
1034 2428 1269 2482 ἐκάλεσεν
1293 2468 1308 2493 ,
1376 2428 1484 2482 ἀλλ’
1551 2428 1652 2483 ἀπὸ
1713 2438 1810 2492 τῆς

1928 2428 2000 2484 ita
2048 2426 2269 2495 dicam,
2298 2428 2649 2485 nominavit.
2681 2430 2839 2488 Solet
2875 2431 3036 2488 enim
3066 2449 3226 2507 saepe
3272 2450 3309 2491 a
3359 2435 3571 2493 divini-

239 2512 492 2578 ἐλάττονος
568 2516 733 2578 οὐσίας
796 2517 911 2570 ὅλον
988 2516 1170 2571 ἑαυτὸν
1192 2563 1207 2588 ,
1277 2517 1339 2570 ἶν’
1403 2519 1568 2580 οὕτως
1641 2523 1766 2573 εἴπω
1790 2562 1805 2587 ,

1928 2520 2056 2587 tate,
2089 2531 2251 2589 saepe
2296 2517 2441 2573 item
2471 2517 2551 2574 ab
2596 2516 2971 2577 humanitate
3002 2536 3064 2577 se
3094 2525 3286 2579 totum
3327 2539 3565 2584 vocare.

231 2604 461 2677 ὠνόμασε
497 2612 620 2656 νῦν·
660 2610 747 2659 καὶ
792 2609 897 2681 γὰρ
944 2614 1099 2660 τοῦτο
1144 2602 1258 2669 ἲθος
1297 2605 1458 2678 αὐτῷ,
1489 2607 1736 2670 πολλάκις
1773 2611 1865 2682 μὲν
1904 2604 2005 2659 ἀπό
2047 2612 2141 2666 τῆς
2188 2607 2450 2678 θεότητος,
2492 2606 2739 2671 πολλάκις
2787 2605 2848 2662 δὲ
2895 2607 2995 2663 ἀπὸ
3035 2619 3131 2674 τῆς
3173 2609 3571 2690 ἀνθρωπότητος

222 2695 279 2745 τὸ
308 2699 407 2744 πᾶν
441 2693 628 2748 καλεῖν.

287 2780 380 2842 λζ’.
435 2782 541 2855 Ἐφ’
606 2785 781 2835 ἱκανόν
829 2779 891 2836 δε
950 2790 1048 2847 τῆς
1096 2792 1194 2837 τῶν
1260 2788 1505 2839 τοιούτων
1563 2791 1810 2862 χρήσεων

220 2874 485 2943 γενομένης
543 2871 928 2934 κατεξετάσεως
953 2915 970 2941 ,
1035 2878 1126 2926 καὶ
1202 2877 1446 2948 πρότερον
1528 2876 1617 2947 μὲν
1681 2874 1813 2927 πολ-

219 2958 357 3019 λάκις
414 2960 442 3011 6
505 2959 883 3032 φιλοθεὼτατος
944 2960 1093 3022 οὗτος
1159 2963 1303 3034 ἡμῶν
1371 2960 1619 3035 βασιλεὺς
1685 2983 1814 3016 συν-

221 3044 545 3102 διεαοπείτο
618 3053 741 3124 περὶ
815 3057 909 3102 τοῦ
972 3052 1317 3124 πράγματος’
1384 3053 1467 3105 ὁτὲ
1532 3056 1622 3125 μέν
1702 3071 1816 3105 τισι

219 2090 321 2139 ετε,
371 2080 517 2140 πῶς,
575 2071 660 2124 ἐὰν
723 2076 851 2125 εῐπω
900 2073 1022 2141 ὑμῖν
1088 2074 1154 2125 τὰ
1214 2071 1533 2147 ἐπουράνια,
1582 2076 1805 2127 πιστεύ-

220 2179 347 2218 σετε.
408 2164 540 2229 Καὶ,
608 2158 800 2223 Οὐδεὶς
864 2159 1176 2220 ἀναϐέϐηκεν
1237 2162 1305 2223 εἰς
1386 2165 1474 2214 τὸν
1548 2162 1802 2238 οὐρανὸν,

224 2249 267 2301 εἰ
319 2253 385 2321 μὴ
449 2251 475 2301 6
532 2249 587 2302 ἐκ
649 2258 743 2303 τοῦ
809 2251 1032 2325 ούρανοῦ
1098 2249 1373 2322 καταϐὰς,
1441 2252 1467 2303 6
1532 2253 1655 2313 Υἱός
1713 2258 1805 2304 τοῦ

234 2335 489 2410 ἄνθρωπον
529 2339 556 2389 ὁ
604 2340 671 2390 ὧν
720 2337 770 2391 ἰν
827 2346 901 2410 τῷ
957 2339 1177 2414 οὐρανῷ.
1237 2341 1358 2392 Υὶόν
1417 2335 1477 2391 di
1533 2338 1807 2416 ἀνθρώπου

1992 2788 2082 2843 37.
2108 2787 2438 2858 Postquam
2465 2785 2611 2844 satis
2638 2785 2734 2843 hae
2762 2790 3004 2845 Patrum
3031 2791 3415 2849 auctoritates
3442 2807 3572 2864 per-

1920 2888 2124 2947 pensas
2165 2874 2426 2944 fuerunt,
2452 2877 2514 2932 in
2540 2878 2751 2950 primis
2774 2878 3022 2951 quidem
3052 2896 3123 2937 ac
3154 2897 3572 2953 saepenumero

1924 2967 2044 3021 Deo
2082 2964 2503 3021 dilectissimus
2550 2970 2755 3023 noster
2782 2982 2887 3023 rex
2927 2968 3044 3024 hoc
3081 2971 3390 3039 negotium
3432 2986 3574 3028 cum

1924 3053 2151 3110 caeteris
2196 3053 2596 3127 expendebat,
2644 3055 2831 3111 modo
2868 3055 2979 3112 hos
3014 3057 3198 3113 modo
3241 3058 3377 3114 illos
3425 3056 3574 3117 allo-

216 3138 425 3205 τούτων,
490 3140 576 3190 ότε
627 3135 680 3191 δ’
732 3137 956 3208 ἐκείνων,
1016 3135 1441 3213 διομιλούμενος·
1483 3144 1594 3194 ἔστι
1648 3137 1700 3193 δ’
1755 3140 1814 3192 οὗ

1928 3158 2140 3216 quens.
2166 3142 2468 3199 Interdum
2488 3158 2631 3199 vero
2660 3148 2717 3199 et
2745 3143 3037 3213 gregatim
3065 3144 3294 3218 aliquot
3311 3146 3416 3221 qui
3444 3161 3574 3203 sen-

216 3232 300 3279 καὶ
358 3234 513 3300 κοινῇ
592 3234 693 3279 τῶν
762 3246 909 3290 τινας
972 3233 1092 3303 περὶ
1167 3231 1360 3281 τούτων
1437 3226 1814 3304 διαφερομένων

1928 3230 2124 3288 tentiis
2152 3229 2528 3286 dissidebant
2555 3246 2918 3299 convocans,
2948 3236 3175 3288 rectam
3203 3233 3575 3309 religiosam-

217 3317 690 3389 ἰπεκκοῦούμενος,
764 3321 855 3369 καὶ
920 3326 1010 3378 τῆς
1075 3316 1517 3393 ὀρθοτομουμένης
1576 3324 1667 3371 καὶ
1730 3316 1814 3371 εύ-

1928 3336 2046 3394 que
2076 3318 2627 3391 interpretationem
2670 3318 3063 3394 defendebat;
3090 3337 3276 3395 quam
3304 3322 3435 3396 ipse
3471 3338 3577 3381 ore

218 3403 396 3466 σεϐοῦς
468 3404 744 3478 ἑρμηνείας
816 3404 1274 3479 ἀντιποιούμενος,
1342 3406 1403 3465 ἢν
1478 3405 1532 3459 ἐκ
1604 3406 1814 3479 χειλέων

1931 3423 2041 3464 suo
2063 3408 2263 3463 statim
2280 3405 2392 3462 illis
2413 3406 2810 3480 signiﬁcabat,
2827 3409 2972 3483 quia
2992 3410 3092 3466 vix
3112 3410 3318 3467 audito
3340 3416 3576 3469 contro-

219 3500 534 3566 προήνεγκεν
587 3495 778 3547 αὐτίκα
832 3500 944 3557 τοῖς
996 3493 1288 3568 λεγομένοις
1342 3496 1502 3558 οὕτως
1566 3494 1814 3549 ἐπιϐαλὼν

1928 3496 2143 3552 versise
2170 3496 2356 3558 initio,
2385 3496 2469 3552 sic
2498 3512 2626 3552 rem
2655 3496 2788 3569 ipse
2813 3496 2925 3553 sibi
2947 3504 3349 3571 persuaserat.
3381 3501 3577 3567 Quare

217 3582 270 3634 ἐκ
320 3588 547 3657 πρώτης
620 3591 719 3645 τῆς
773 3591 867 3635 τοῦ
934 3582 1235 3657 ζητηματος
1294 3584 1629 3661 ἀκροάσεως·
1689 3586 1814 3637 ὥστε

1932 3584 2260 3657 aliquando
2289 3583 2374 3641 sic
2404 3583 2583 3642 etiam
2613 3591 3065 3657 argumentatus
3102 3592 3212 3644 est.
3245 3590 3391 3646 Cum
3416 3590 3580 3647 enim

218 3676 337 3726 ποτε
390 3675 485 3725 καὶ
526 3669 718 3742 τοιῷδε
761 3679 835 3743 τῷ
882 3670 1260 3747 ἐπιχειρήματι
1304 3675 1640 3751 χρήσασθαι.
1683 3673 1814 3726 Ἐπεὶ

1930 3673 2238 3731 nonnullis
2266 3673 2570 3730 videretur
2592 3672 2673 3730 ad
2697 3675 3037 3745 generalem
3065 3676 3381 3734 hominum
3405 3681 3582 3735 natu-

215 3763 312 3836 γάρ
348 3779 500 3813 τισιν
544 3758 719 3814 Ξδόκει
762 3763 901 3814 κατὰ
937 3779 996 3814 το
1038 3769 1130 3822 τῆς
1176 3770 1354 3823 κοινῆς
1394 3772 1494 3816 τῶν
1543 3762 1814 3837 ἀνθρώπων

1932 3778 2067 3818 ram
2096 3762 2391 3820 trahenda
2432 3778 2562 3818 esse
2592 3763 2923 3834 evangelici
2963 3764 3107 3821 dicti
3148 3765 3577 3840 interpretatio,

218 3854 427 3922 φύσεως
500 3854 780 3922 πρόσωπον
849 3854 945 3910 τὴν
1019 3855 1268 3909 τοιαύτην
1326 3856 1495 3924 φωνὴν
1569 3849 1814 3924 ἐκλαμϐάε

1936 3851 2134 3906 Caesar
2153 3855 2356 3907 autem
2377 3866 2639 3925 superno
2666 3851 2894 3911 lumine
2921 3853 3241 3911 instructus
3268 3855 3331 3910 in
3373 3855 3584 3927 magni

217 3944 441 4011 νεσθαι,
496 3944 613 3992 τότε
684 3936 754 3998 δὴ
822 3939 972 4003 οὗτος
1037 3942 1064 3993 6
1133 3943 1381 4013 θεόσοφος
1449 3940 1700 4014 βασιλεὺς
1755 3946 1827 4011 τῷ

220 4028 432 4103 μεγάλῳ
491 4033 580 4081 καὶ
648 4028 1064 4101 θεολογικωτάτῳ
1132 4028 1426 4103 Ἀθανασίῳ
1490 4033 1827 4103 προεντυχὼν

223 4114 577 4190 διαλεγομένῳ
632 4121 762 4193 πρός
814 4116 1062 4192 Ἀρειον,
1125 4124 1215 4172 καὶ
1283 4126 1464 4172 τοῦτον
1531 4116 1828 4190 ἀνατρέπειν

1936 3938 2280 4012 summique
2320 3938 2582 4011 theologi
2604 3940 2910 3997 Athanasii
2940 3940 3248 4011 dialogum
3277 3957 3416 3998 cum
3445 3943 3582 3999 Ario

1935 4027 2212 4084 habitum
2254 4028 2483 4098 incidit,
2511 4028 2591 4084 ob
2632 4028 2800 4085 illum
2833 4028 3286 4099 coarguendum
3317 4030 3421 4102 qui
3449 4045 3585 4089 san-

1938 4122 2098 4173 ctam
2147 4115 2847 4190 consubstantialemque
2872 4117 3215 4174 Trinitatem
3246 4117 3309 4175 in
3335 4121 3585 4175 naturas

224 4205 631 4274 σπουδάζοντι,
699 4209 771 4270 εἰς
852 4207 1064 4271 ἀνίσους
1142 4212 1323 4282 φύσεις
1386 4214 1481 4268 τὴν
1550 4210 1814 4281 όμοούσιοι

1937 4204 2203 4278 impares
2246 4204 2573 4275 dividebat,
2611 4205 3073 4278 interioremque
3115 4205 3273 4263 Patri
3318 4207 3587 4279 unigeni-

224 4298 386 4369 ἁγίαν
460 4294 771 4371 διαιροῦντα
833 4294 1078 4371 Τριάδα,
1146 4304 1236 4351 καὶ
1312 4294 1676 4371 δευτερεύοντα
1736 4303 1814 4349 τοί

1941 4298 2069 4350 tum
2123 4292 2334 4350 Filium
2381 4292 2639 4361 dicebat,
2680 4300 2860 4367 atque
2903 4294 3020 4351 hoc
3064 4294 3198 4367 ipso
3244 4295 3588 4367 evangelica

225 4390 438 4463 Πατρός
484 4390 573 4439 τὸν
617 4395 864 4459 μονογενῆ
908 4390 1028 4441 Υὶόν
1075 4384 1205 4441 εἶναι
1249 4386 1484 4459 λέγοντα,
1527 4391 1618 4439 καὶ
1663 4388 1814 4459 ταύτης

1942 4382 2102 4439 dicto
2133 4382 2213 4439 ad
2241 4398 2365 4438 sum
2392 4382 2689 4439 haereseos
2716 4384 3265 4456 propugnationem
3294 4383 3592 4443 abuteba-

228 4474 292 4536 δή
348 4485 413 4549 τῇ
463 4482 601 4548 φωνῇ
646 4479 778 4552 πρὸς
826 4479 1161 4552 παράστασιν
1208 4485 1302 4537 τῆς
1348 4475 1536 4536 οἰκείας
1587 4477 1814 4548 eripio-san

1942 4476 2061 4530 tur.
2092 4470 2404 4529 Athanasii
2432 4487 2575 4542 ergo
2614 4471 2748 4545 ipsa
2775 4471 2961 4528 verba
2989 4474 3186 4531 Caesar
3211 4473 3274 4530 in
3318 4473 3591 4531 medium

228 4564 612 4638 ἆποχρὼμενον
638 4607 658 4630 ,
739 4568 830 4626 τὰς
905 4564 1099 4618 ἐκείνου
1184 4564 1440 4625 συλλαϐὰς
1518 4564 1591 4625 εἰς
1674 4567 1814 4638 μίσοτ

1947 4560 2161 4631 attulit,
2205 4560 2497 4618 adversus
2543 4560 2745 4616 Arium
2786 4560 3196 4635 disputantis:
3240 4585 3263 4615 ι
3298 4563 3410 4630 Qui
3452 4563 3591 4622 fati-

228 4662 444 4730 παρῆγε
474 4695 489 4722 ,
556 4656 689 4729 πρός
758 4653 964 4728 Ἀρειον
1025 4652 1259 4726 λέγοντος
1326 4654 1486 4726 (37)·
1557 4674 1586 4704 ι(
1647 4655 1735 4713 Τίς
1809 4674 1814 4701 ι

1949 4657 2124 4723 gatus
2186 4655 2315 4717 est,
2382 4649 2646 4706 homone
2705 4666 2783 4707 an
2851 4654 3003 4707 Deus
3054 4651 3363 4708 Verbum?
3420 4653 3592 4708 Arius

230 4749 624 4811 κεκοπιακὼς;
696 4745 965 4820 ἄνθρωπος
1036 4744 1066 4803 ἢ
1146 4748 1272 4804 Θεὸς
1348 4748 1578 4816 Αόγοςς
1657 4748 1808 4816 Αρειο

1949 4740 2133 4797 dixit.
2165 4738 2373 4795 HOmo.
2405 4737 2766 4795 Athanasius
2807 4738 2991 4797 dixit:
3021 4742 3211 4796 Tuum
3249 4740 3426 4810 igitur
3461 4741 3594 4812 jam

237 4833 374 4888 εἶπεν
401 4855 415 4867 ·
488 4831 812 4907 Ἀνθρωπος.
870 4832 1178 4894 ’Δθανάσιος
1235 4828 1369 4886 εἶπεν
1402 4854 1416 4867 ·
1487 4832 1689 4886 Οὐκοῦν
1748 4835 1814 4883 σόλ

1951 4834 2041 4887 est
2072 4826 2418 4897 intelligere.
2465 4827 2659 4896 Arius,
2702 4824 2932 4900 inquit:
2982 4828 3246 4901 Percipio
3292 4826 3442 4903 quid
3493 4832 3595 4885 tuo

237 4920 352 4974 ἑστι
403 4926 465 4974 τὸ
516 4930 708 4980 νοῆσαι
756 4921 953 4976 λοιπόν.
1008 4920 1209 4996 ’Ἄρειος
1262 4918 1370 4974 εἷπε
1396 4940 1411 4955 ο
1470 4919 1814 4993 Κατελαϐόμη

1950 4920 2066 4976 hoc
2133 4931 2426 4989 responso
2490 4914 2787 4988 intelligas
2836 4932 2850 4985 ;
2918 4932 3173 4990 nempe,
3240 4933 3381 4974 cum
3441 4916 3598 4975 Deus

242 5030 339 5064 σου
392 5015 483 5063 τόν
540 5018 659 5063 νοῦν
715 5009 764 5062 ἐν
809 5018 884 5082 τῷ
937 5011 1072 5082 λόγῳ
1126 5013 1295 5082 τούτῳ
1318 5031 1332 5044 ο
1384 5011 1463 5062 ὅτι
1486 5050 1500 5075 ,
1560 5016 1651 5063 τοῦ
1708 5018 1814 5063 Θιοε

1951 5005 2210 5064 Verbum
2239 5005 2465 5078 ubique
2497 5003 2672 5074 adsit,
2703 5004 2906 5078 palam
2943 5021 3073 5061 esse
3110 5006 3311 5079 ipsum
3353 5013 3602 5081 propter

241 5108 417 5172 Λόγου
452 5106 732 5173 πανταχοῦ
776 5103 1050 5175 παρόντος,
1095 5095 1253 5158 δῆλον
1292 5100 1371 5152 ὅτι
1413 5096 1506 5152 διὰ
1532 5104 1626 5158 τὴν
1672 5099 1814 5172 σάρκη

1955 5110 2199 5153 carnem
2229 5094 2450 5151 dixisse
2479 5112 2492 5151 :
2523 5094 2705 5152 Pater
2731 5110 2911 5167 meus,
2943 5095 3052 5167 qui
3075 5095 3235 5152 misit
3261 5111 3374 5164 me,
3400 5099 3604 5171 major

242 5186 381 5242 εἶπεν
414 5232 430 5257 ,
489 5186 550 5241 Ὀ
630 5193 811 5263 Πατὴρ
874 5189 901 5240 6
960 5187 1172 5262 πέμψας
1244 5192 1436 5261 μείζων
1509 5206 1610 5261 μου
1685 5184 1799 5240 ἐστι

1954 5200 2047 5242 me
2072 5190 2176 5240 est.
2205 5184 2339 5240 Haec
2368 5183 2528 5240 enim
2559 5182 2942 5254 gradiebatur
2970 5188 3029 5241 et
3055 5183 3446 5257 fatigabatur,
3472 5190 3530 5243 et
3566 5201 3605 5242 a

243 5282 341 5336 τὴν
385 5273 727 5350 βαδίζουσαν
782 5283 873 5331 καὶ
928 5286 1197 5331 κοπιῶσαν
1252 5282 1343 5330 καὶ
1391 5275 1492 5329 ἀπὸ
1544 5280 1708 5330 τόπου
1775 5275 1814 5329 εἰ

1953 5272 2087 5331 loco
2115 5272 2179 5329 in
2206 5271 2411 5330 locum
2438 5271 2759 5342 migrabat.
2787 5273 2952 5331 Certe
2979 5270 3042 5329 id
3064 5277 3224 5330 recte
3255 5289 3320 5330 se
3343 5274 3548 5332 habet.
3571 5294 3603 5325 κ

344 5440 390 5510 τί
432 5441 457 5510 ι
508 5438 643 5495 Cor.
680 5453 774 5510 xu,
830 5442 929 5496 27.

1042 5439 1091 5474 ³³
1129 5439 1153 5494 I
1198 5439 1330 5495 Cor.
1381 5452 1458 5506 γι,
1514 5440 1608 5494 15.

248 5510 299 5546 ⁸³
334 5508 486 5568 ibid.
525 5512 616 5568 13.

1722 5436 1774 5472 ³ο
1808 5437 1981 5495 Joan.
2037 5450 2130 5509 xv,
2190 5439 2250 5491 5.
2362 5434 2413 5471 ³ο
2448 5434 2603 5492 Psal.
2663 5448 2777 5507 xxx,
2831 5437 2929 5493 23.
3047 5433 3094 5472 ³¹
3132 5434 3313 5496 Joan.
3370 5446 3454 5503 In,
3505 5436 3597 5490 t2.

328 5671 441 5742 (36)
481 5669 633 5729 Edit.
663 5668 978 5729 Montfauc.
1008 5674 1055 5729 t.
1079 5670 1220 5742 Vill,
1244 5684 1308 5743 p.
1337 5668 1461 5740 153,
1495 5670 1619 5728 154.
2029 5666 2147 5740 (37)
2185 5665 2399 5725 Recolo
2427 5682 2614 5741 supra
2637 5671 2763 5727 not.
2802 5664 2859 5726 7.
