4152 6208
551 312 650 374 231

1888 303 2155 365 NICETE
2197 302 2570 365 CHONIATE

3793 309 3898 369 233

549 441 740 511 Atque
768 436 850 494 ita
877 433 1240 493 Athanasius
1271 431 1793 506 interpretabatur,
1825 447 1950 490 non
1980 447 2194 488 secun-

2306 435 2461 485 τόπον
2539 432 2706 506 ἕτερον
2785 429 3154 506 πορευομένην.
3223 430 3456 494 Ἀληθῶς
3533 429 3696 507 ὀρθῶς
3785 419 3902 505 ἔχει

551 527 698 585 dum
728 525 998 582 divinam
1027 522 1424 580 substantiam
1453 522 1582 578 haec
1609 521 1908 580 Christum
1945 537 2195 594 passum

550 616 756 682 fuisse,
777 614 884 672 sed
905 612 1238 671 secundum
1259 627 1445 684 quam
1466 611 1746 668 induerat
1765 627 2009 668 carnem
2029 614 2198 668 natu-

549 705 779 760 ralibus
819 703 950 759 sine
986 706 1233 775 peccato
1277 700 1604 758 obnoxiam
1642 700 2049 774 passionibus.
2089 702 2197 755 Ha-

549 793 799 864 buitque
840 793 902 848 in
949 791 1044 848 his
1091 791 1561 848 consentientem
1608 791 1833 860 Arium,
1865 788 2198 846 conceden-

550 887 792 956 temque
838 883 1134 954 majorem
1181 880 1298 937 dici
1337 883 1570 938 Patrem
1619 879 1845 937 Christo
1896 884 2196 953 quatenus

551 973 733 1029 homo
781 978 887 1029 est.
941 975 1109 1045 Aque
1154 971 1294 1027 hinc
1337 970 1535 1028 valide
1587 970 1922 1043 invicteque
1961 968 2198 1026 conclu-

549 1062 732 1118 debat
754 1063 963 1130 Caesar,
987 1077 1377 1134 nequaquam
1405 1060 1485 1117 ad
1509 1059 1850 1132 generalem
1879 1059 2198 1116 hominum

549 1157 832 1208 naturam
877 1151 1150 1208 retulisse
1197 1166 1492 1221 magnum
1545 1150 1940 1207 Athanasium
1988 1148 2200 1209 Christi

550 1241 814 1298 dictum:
847 1240 1030 1298 Pater
1052 1242 1252 1310 major
1280 1246 1387 1298 est.
1420 1239 1532 1306 Qui
1562 1239 1723 1296 enim
1766 1239 1896 1296 ﬁeri
1943 1243 2198 1312 poterat.

549 1335 616 1386 ut
646 1329 1028 1386 adversarius
1068 1329 1240 1386 Arius
1270 1329 1332 1384 in
1361 1329 1455 1385 his
1496 1327 1677 1385 rebus
1708 1328 2113 1396 acutissimus,
2144 1330 2201 1382 et

548 1420 610 1475 in
636 1419 1017 1476 sermonibus
1041 1418 1401 1475 ventilandis
1433 1417 1876 1484 solertissimus,
1899 1421 2202 1490 pateretur

549 1527 843 1582 magnum
897 1511 1060 1566 hunc
1107 1509 1300 1565 virum
1351 1509 1426 1564 de
1479 1508 1596 1566 alio
1653 1509 1965 1565 individuo
2011 1507 2198 1581 loqui,

522 1601 741 1672 eoque
795 1602 1026 1655 Patrem
1082 1598 1276 1654 dicere
1336 1599 1630 1669 majorem
1673 1615 1686 1654 :
1743 1598 1891 1654 dum
1943 1597 2072 1670 ipse
2126 1596 2200 1652 de

553 1690 780 1746 Christo
811 1693 1122 1762 queereret,
1157 1693 1336 1761 atque
1365 1688 1480 1744 hoc
1511 1688 1823 1758 Unigenito
1862 1687 2083 1743 diceret
2115 1702 2200 1743 se-

2306 529 2479 578 τοῦτο.
2532 525 2632 574 Καὶ
2675 518 2808 572 οὕτω
2854 524 2926 593 μὴ
2973 523 3108 574 κατά
3152 525 3248 581 τὴν
3301 524 3439 575 θείαν
3497 521 3682 575 ὁῦσίαν
3729 529 3901 577 ταῦτα

2305 612 2485 664 παθεῖν
2549 612 2636 662 τὸν
2697 612 2923 683 Χριστὸν
2981 609 3386 686 ἑρμηνεύοντος,
3459 609 3586 664 ἀλλά
3663 611 3784 664 καθ’
3838 612 3902 671 ἣν

2306 699 2513 774 ἕφόρεσε
2573 702 2744 775 σάρκα
2793 705 2898 761 τοῖς
2950 708 3188 773 φυσικοῖς
3241 706 3330 754 καὶ
3389 697 3728 764 ἀδιαϐλήτοις
3775 703 3902 755 ὑπο·

2305 792 2540 854 κειμένην
2590 790 2802 852 πάθεσι,
2852 792 2943 840 καὶ
2999 796 3178 842 τοῦτον
3235 786 3304 848 δὴ
3371 793 3458 843 τὸν
3514 789 3718 865 Ἀρειον
3781 809 3903 844 συν.

2308 878 2446 930 ιέντα
2516 886 2616 930 τῶν
2691 875 2968 950 λεγομένων
3047 880 3253 951 ἔχοντος
3286 922 3300 947 ,
3374 883 3464 933 καὶ
3535 881 3592 933 τὸ
3684 879 3904 953 μείζονα

2303 966 2545 1040 λέγεσθαι
2589 969 2676 1020 τὸν
2723 971 2930 1042 Πατέρα
2978 968 3048 1031 ὡς
3089 965 3360 1043 ἀνθρώπου
3389 975 3480 1022 τοῦ
3523 967 3626 1031 ἰνὸς
3661 975 3904 1045 Χριστοῦ

2309 1059 2662 1130 συντιθέμενον
2695 1076 2710 1091 ·
2768 1054 3038 1110 κάντεῦθεν
3118 1055 3505 1131 ἀναμφιλέκτως
3577 1063 3669 1112 καὶ
3737 1058 3903 1131 ἰσχν-

2305 1153 2410 1221 ρῶς
2472 1144 2764 1222 ἕπεπέραινε
2837 1150 2908 1218 μὴ
2987 1148 3124 1199 κατά
3183 1151 3278 1206 τὴν
3343 1151 3519 1208 κοινὴν
3581 1150 3737 1221 φύσιν
3800 1155 3906 1200 τῶν

2309 1233 2587 1309 ἀνθρώπων
2651 1234 2815 1306 λέγειν
2893 1237 2979 1287 τὸν
3057 1237 3220 1308 μέγαν
3284 1234 3594 1290 Ἀθανάσιον
3659 1237 3908 1311 εἰρῆσθαι

2307 1326 2450 1399 παρά
2495 1330 2588 1376 τοῦ
2641 1329 2878 1397 Χριστοῦ
2928 1326 3016 1376 τὸν
3074 1329 3281 1399 Πατέρα
3333 1325 3582 1398 μείζονα·
3638 1335 3749 1389 πῶς
3796 1327 3906 1402 γὰρ

2309 1411 2368 1465 ἂν
2407 1417 2496 1466 καὶ
2547 1414 2574 1465 ὁ
2622 1410 3108 1486 ἀντικαθιστάμενος
3153 1416 3354 1490 ’Ἄρειος
3407 1424 3509 1468 τῶν
3558 1418 3674 1492 περὶ
3737 1415 3912 1470 ταῦτά

2308 1520 2362 1556 τε
2426 1503 2701 1574 τυγχάνων
2760 1499 2976 1574 δεινῶν,
3045 1508 3134 1556 καὶ
3201 1501 3553 1578 ἀκριϐολογεῖν
3620 1502 3772 1568 εἰδὼς
3836 1507 3911 1560 τὰ

2308 1593 2553 1665 λεγόμενα
2586 1635 2600 1658 ,
2666 1595 2753 1645 τὸν
2813 1597 2974 1665 μέγαν
3034 1601 3214 1646 τοῦτον
3275 1591 3445 1670 ἄνδρα
3509 1592 3717 1660 ἐδέξατο
3783 1600 3910 1673 περὶ

2311 1681 2484 1755 ἐτέρου
2541 1679 2735 1754 ἀτόμου
2797 1677 3155 1754 διαλεγόμενον
3183 1724 3196 1750 ,
3251 1680 3489 1736 κάκείνου
3549 1683 3762 1756 λέγοντα
3815 1689 3912 1740 τὸν

552 1778 819 1834 cundum
855 1793 1029 1833 suam
1069 1781 1353 1833 naturam
1395 1780 1629 1832 Patrem
1665 1777 2006 1848 majorem?
2041 1778 2195 1832 Tunc

2313 1775 2519 1846 Πατέρα
2580 1770 2838 1843 μείζονα,
2903 1771 2930 1822 ὁ
2987 1776 3104 1843 περὶ
3165 1778 3399 1848 Χριστοῦ
3463 1773 3750 1843 cutura)»;
3815 1779 3914 1828 καὶ

553 1867 714 1922 enim
744 1867 904 1921 idem
935 1865 1235 1921 evenisset
1264 1881 1335 1921 ac
1365 1864 1418 1920 si
1457 1865 1560 1930 illi,
1600 1865 1706 1937 qui
1751 1864 1932 1920 falces
1972 1867 2200 1937 petunt,

553 1954 928 2026 audiuntque
960 1953 1072 2009 sibi
1094 1953 1325 2023 ligones
1345 1951 1651 2021 denegari,
1674 1952 1923 2008 minime
1953 1951 2018 2007 id
2047 1966 2202 2022 aegre

553 2040 790 2098 ferrent.
827 2041 940 2098 Sed
988 2057 1184 2114 neque
1229 2041 1395 2096 aliter
1434 2042 1679 2097 Nicaeum
1729 2041 1938 2112 prima;
1987 2040 2204 2112 synodi

553 2134 774 2195 Patres,
803 2129 922 2186 Arii
969 2129 1152 2200 hujus
1193 2128 1485 2185 adversus
1529 2129 1902 2199 unigenitum
1943 2129 2202 2186 Verbum

551 2219 854 2287 haeresim,
886 2234 1022 2290 quae
1048 2218 1126 2274 ab
1158 2233 1229 2273 eo
1255 2233 1478 2274 nomen
1506 2217 1812 2288 contraxit,
1845 2217 2206 2274 refutassent.

553 2309 623 2378 (is
654 2308 813 2362 enim
859 2307 1052 2362 Verbo
1098 2305 1430 2362 secundum
1461 2305 1730 2362 divinam
1761 2306 1889 2377 ejus
1923 2305 2200 2362 substan-

552 2395 693 2450 tiam
749 2394 1257 2451 accommodabat
1313 2393 1648 2450 dictiones:
1701 2395 1942 2450 Creavit
1994 2411 2105 2464 me,
2147 2398 2204 2450 et

547 2483 811 2539 Fidelem
852 2484 906 2539 ei
932 2484 1038 2553 qui
1065 2498 1124 2538 se
1163 2483 1325 2553 fecit,
1360 2487 1417 2539 et
1458 2484 1805 2552 Apostolum
1847 2499 1918 2539 ac
1958 2484 2201 2553 pontiﬁ-

552 2586 673 2627 cem
720 2571 1098 2643 confessionis
1148 2572 1422 2642 nostrce);
1464 2571 1578 2626 nisi
1618 2571 1916 2643 ejusmodi
1951 2572 2202 2628 locutio-

550 2677 657 2715 nes
690 2660 766 2714 ad
807 2660 1019 2715 Christi
1067 2659 1503 2715 humanitatem
1535 2660 1888 2715 retulissent.
1936 2663 2082 2716 Nam
2126 2660 2202 2716 de

551 2750 756 2804 divina
797 2754 1013 2805 natura
1057 2749 1343 2821 scriptum
1380 2749 1885 2822 pronuntiarunt:
1921 2751 1990 2806 In
2037 2751 2203 2820 prin-

553 2841 704 2907 cipio
762 2845 896 2895 erat
965 2837 1266 2907 Verbum;
1319 2844 1420 2894 et:
1480 2839 1608 2910 Ego
1666 2845 1720 2896 et
1777 2838 1957 2895 Pater
2012 2854 2197 2895 unum

551 2944 774 2990 sumus.
803 2934 858 2984 et
885 2944 1020 3000 quas
1045 2927 1139 2982 his
1171 2932 1310 2983 sunt
1339 2927 1575 2984 similia.

2310 1862 2495 1912 τούτου
2543 1861 2608 1920 ὡς
2670 1867 2968 1931 μονογενοῦς
3020 1862 3143 1913 Υἱοῦ
3198 1863 3330 1913 κατά
3383 1865 3478 1921 τὴν
3531 1865 3684 1935 φύσιν
3743 1863 3912 1936 λέγων

2313 1945 2440 2001 εἶναι
2507 1951 2594 1999 τὸν
2660 1950 2866 2023 Πατέρα
2930 1948 3199 2021 μείζονα;
3266 1954 3464 2004 Ταυτὸν
3527 1954 3628 2025 γὰρ
3700 1949 3761 2004 ἂν
3843 1949 3914 2011 ἦν

2309 2043 2415 2099 τοῖς
2480 2037 2615 2089 κατά
2674 2041 2768 2096 τὴν
2841 2043 3126 2112 παροιμίαν
3185 2041 3323 2112 οἰμας
3388 2044 3478 2112 μὲν
3545 2040 3862 2102 ἐκζητοῦσιν
3893 2084 3912 2114 ,

2781 2119 2840 2178 δε
2922 2129 3011 2187 τὰς
3097 2130 3299 2200 σκάφας
3361 2131 3685 2202 μανθάνουσι
3743 2132 3911 2203 (38),

2311 2219 2401 2267 καὶ
2461 2217 2532 2286 μὴ
2597 2217 2727 2286 πρὸς
2788 2217 2882 2273 τὴν
2941 2209 3217 2288 ἀπόκρισιν
3285 2213 3732 2292 δυσχεραίνουσιν
3766 2239 3782 2254 ο
3847 2220 3913 2272 οὗ

2310 2307 2413 2375 μὴν
2477 2301 2584 2354 ἀλλ’
2643 2299 2766 2356 οὐδὲ
2829 2301 2995 2366 ἄλλως
3057 2307 3106 2356 οἰ
3169 2313 3265 2368 τῆς
3328 2303 3378 2357 ἓν
3437 2312 3634 2380 Νικαίᾳ
3691 2313 3914 2382 πρώτης

2313 2387 2537 2444 συνόδου
2616 2399 2688 2462 τῷ
2752 2390 2932 2465 Ἃρείῳ
3013 2393 3177 2465 τούτῳ
3250 2398 3344 2454 τὴν
3413 2395 3695 2470 ἐπωνύμως
3769 2400 3917 2452 κατᾶ

2310 2489 2403 2533 τοῦ
2462 2487 2763 2552 μονογενοῦς
2824 2486 2998 2553 Λόγου
3063 2487 3250 2556 μανίαν
3314 2483 3754 2562 ἔναπεκρούσαντο
3821 2490 3910 2562 (τῇ

2309 2573 2496 2623 τούτου
2561 2572 2847 2624 ὑποστάσει
2912 2575 3049 2625 κατά
3112 2578 3205 2632 τὴν
3283 2576 3420 2628 Θείαν
3497 2576 3680 2629 οὐσίαν
3743 2597 3915 2652 προσ-

2312 2123 2696 2201 ἀπαρνουμένας

2309 2661 2560 2720 άπτοντος
2621 2664 2713 2718 τὴν
2764 2668 2892 2730 τοῦ,
2957 2659 3165 2715 Ἐκτισέ
3229 2682 3328 2736 με,
3392 2670 3598 2737 φωνὴν,
3660 2671 3750 2719 καὶ
3809 2673 3910 2727 τὴν

2308 2755 2418 2819 τοῦ,
2485 2751 2678 2800 Πιστόν
2744 2757 2816 2819 τῷ
2883 2755 3164 2808 ποιήσαντι
3229 2752 3405 2818 αὑτὸν,
3471 2759 3561 2806 καὶ
3625 2759 3716 2814 τὴν
3782 2765 3910 2824 τοῦ,

2308 2840 2405 2890 Τὸν
2455 2834 2737 2890 ἀπόστολον
2785 2842 2875 2890 καὶ
2921 2837 3170 2912 ἀρχιερέα
3221 2849 3315 2900 τῆν
3363 2841 3642 2915 ὁμολογίας
3687 2846 3857 2916 ἡμῶν)
3887 2866 3905 2882 ο

2311 2925 2353 2978 εἰ
2381 2931 2451 2999 μὴ
2484 2929 2577 2988 τάς
2619 2929 2859 2988 τοιαύτας
2889 2931 3057 3000 φωνὰς
3103 2939 3174 3001 τῷ
3212 2939 3302 2984 τοῦ
3333 2939 3569 3006 Χριστοῦ
3598 2931 3905 3008 ἀνθρωπίνῳ

553 3013 826 3088 ἀπένειμαν
856 3038 866 3049 ·
910 3020 1028 3090 περὶ
1073 3018 1174 3090 γάρ
1219 3022 1312 3078 τῆς
1367 3017 1501 3076 θείας
1540 3019 1733 3088 φύσεως
1770 3019 1849 3084 τὸ,
1897 3015 1974 3069 Ἐν
2015 3013 2157 3090 ἀρχῇ
2211 3012 2272 3088 ᾖν
2311 3015 2336 3066 ὁ
2380 3019 2568 3088 Λόγος,
2610 3021 2952 3091 παρήγαγον·
2999 3023 3087 3070 καὶ
3130 3022 3210 3087 τὸ,
3260 3020 3389 3093 Ἐγώ
3427 3025 3516 3074 καὶ
3563 3023 3589 3073 ὁ
3629 3026 3810 3098 Πατὴρ
3851 3025 3905 3076 ἓν

551 3104 700 3178 ἐσμεν
727 3128 737 3138 ·
780 3110 869 3158 καὶ
908 3107 1006 3158 ὅσα
1045 3108 1248 3165 τούτοις
1286 3109 1568 3178 παρόμοια.

620 3199 705 3250 38.
752 3195 894 3251 Huic
953 3195 1183 3267 optimo
1241 3211 1310 3249 ac
1362 3200 1673 3266 tantopere
1728 3193 2194 3250 demonstrativo
2237 3192 2276 3249 C

547 3289 923 3353 argumento,
951 3283 1130 3339 aliam
1161 3299 1404 3356 quoque
1432 3282 1648 3354 adjecit
1677 3283 1967 3338 miriﬁcus
1997 3286 2197 3338 Caesar

548 3373 1090 3438 conﬁrmationem,
1115 3372 1527 3442 restringendo
1555 3369 1774 3427 scilicet
1803 3389 1872 3428 ac
1904 3371 2196 3427 subtiliter

545 3463 902 3534 explicando
949 3466 1290 3516 sanctorum
1321 3461 1499 3522 dicta,
1535 3466 1598 3515 ut
1627 3466 1984 3532 opportune,
2018 3464 2198 3532 prout

544 3568 652 3623 par
671 3555 795 3606 erat
817 3549 1303 3620 intelligerentur.
1323 3549 1414 3606 Sic
1434 3549 1593 3604 enim
1612 3549 1827 3604 aiebat.
1846 3552 1991 3606 Cum
2011 3548 2195 3621 aliqui

545 3643 866 3693 occurrunt
889 3638 1161 3692 Ecclesia:
1187 3638 1530 3693 defensores
1558 3637 1757 3692 Patres
1789 3637 2012 3692 dictum
2045 3636 2193 3694 illud

544 3727 908 3798 explicantes
942 3725 1276 3781 secundum
1308 3726 1473 3798 quod
1505 3727 1669 3780 Pater
1699 3742 1883 3781 causa
1909 3731 2000 3781 est
2029 3725 2194 3782 caele-

549 3819 653 3871 stis
687 3815 1029 3882 nativitatis,
1061 3815 1122 3869 hi
1148 3819 1290 3870 tunc
1327 3815 1400 3869 de
1431 3815 1716 3883 unigeniti
1746 3811 1870 3869 Filii
1919 3815 2018 3870 Dei
2065 3831 2194 3886 per-

546 3922 695 3962 sona
751 3904 1080 3974 theologice
1118 3903 1180 3959 id
1227 3903 1453 3966 dicunt,
1483 3909 1546 3958 ut
1573 3903 2058 3960 adversariorum
2085 3920 2191 3962 ora

544 3994 882 4065 occludunt,
912 3995 1014 4066 qui
1045 3991 1440 4050 differentiam
1471 3993 1530 4048 in
1565 4007 1748 4048 unam
1789 3993 2189 4066 eamdemque

543 4091 822 4142 naturam
871 4084 1198 4149 invehunt;
1229 4083 1345 4154 ipsi
1391 4087 1592 4138 autem
1643 4084 1837 4139 Patres
1884 4081 2190 4139 afﬁrmant

541 4176 701 4231 haud
729 4173 964 4230 differre
1004 4191 1040 4230 a
1079 4179 1328 4246 paterna
1375 4170 1496 4228 Filii
1545 4177 1861 4240 naturam;
1896 4189 2091 4245 neque
2126 4173 2188 4230 in

540 4264 732 4334 gradu
757 4263 983 4333 majore
1006 4266 1236 4318 Patrem
1259 4261 1496 4332 versari,
1518 4261 1692 4334 quasi
1714 4262 2059 4317 substantia:
2082 4277 2188 4317 seu

538 4356 767 4407 naturae
807 4351 1029 4407 habeat
1071 4351 1489 4406 differentiam.
1533 4349 1646 4407 Sed
1692 4351 1973 4423 quamvis
2020 4354 2188 4406 Pater

537 4439 770 4494 dicatur
816 4440 1010 4510 major
1036 4454 1071 4494 a
1104 4439 1264 4508 Filio,
1296 4439 1358 4494 id
1401 4445 1601 4495 tamen
1627 4439 1855 4495 dictum
1885 4439 2188 4511 sempiter-

2376 3192 2473 3252 λη’.
2519 3195 2636 3249 Ἐπί
2685 3192 2744 3248 δὲ
2785 3204 2856 3266 τῷ
2906 3199 3122 3269 τοιούτῳ
3171 3194 3370 3273 ἀρίστῷ
3411 3204 3502 3253 καὶ
3551 3197 3905 3274 ἀποδεικτικῳ

2306 3291 2396 3336 τοῦ
2457 3283 2612 3355 λόγου
2690 3283 3060 3359 ἐπιχειρήματι
3124 3291 3211 3339 καὶ
3285 3289 3478 3348 ταύτην
3545 3291 3570 3341 ὁ
3641 3292 3902 3354 θειότατος

2306 3370 2532 3444 ἐπήγαγε
2597 3370 2846 3447 βασιλεὺς
2911 3379 3001 3433 τὴν
3060 3378 3140 3428 ἐπὶ
3203 3384 3308 3438 τοὶς
3367 3384 3718 3452 προκειμένοις
3775 3400 3904 3451 συγ-

2305 3466 2588 3535 κρότησινο
2653 3463 3044 3516 καταλεπτύνων
3109 3466 3214 3517 οἷον
3275 3470 3365 3519 καὶ
3433 3467 3755 3540 ἰσχνο).ογῶν
3807 3473 3903 3532 τὰς

2303 3559 2398 3601 τῶν
2452 3551 2611 3622 ἀγίων
2671 3555 2839 3624 φωνὰς
2895 3554 3028 3613 ὅπως
3082 3556 3216 3606 κατά
3272 3558 3452 3630 καιρὸν
3491 3559 3556 3617 ὡς
3608 3554 3713 3609 ἔδει
3768 3577 3903 3630 παρ-

2304 3640 2664 3714 ελαμϐάνοντο.
2719 3641 2863 3711 Ὀτε,
2909 3646 3032 3716 γὰρ,
3085 3647 3320 3716 ἔφασκεν,
3372 3647 3699 3720 εὑρίσκονται
3764 3666 3898 3709 τινες

2300 3738 2397 3782 τῶν
2454 3739 2547 3792 τῆς
2603 3731 2910 3793 Ἰἰκκλησίας
2963 3735 3282 3807 ὑπερμάχων
3351 3739 3586 3808 Πατέρων
3644 3740 3737 3793 τὴν
3792 3755 3898 3788 τοι-

2302 3821 2460 3876 αὐτην
2499 3824 2666 3891 φωνὴν
2714 3823 2849 3872 κατά
2893 3823 2948 3872 τό
2989 3824 3154 3873 αἴτιον
3200 3830 3291 3882 τῆς
3333 3821 3568 3874 ἀνωτάτω
3603 3828 3895 3894 γεννήσεως

2301 3906 2650 3980 ἐξηγούμενοι,
2699 3914 2814 3961 τότε
2858 3905 2925 3966 δὴ
2980 3913 3093 3983 περὶ
3137 3918 3234 3971 τῆς
3283 3917 3372 3962 τοῦ
3416 3917 3716 3981 μονογενοῦς
3757 3913 3888 3963 Υἰοῡ

2299 4005 2389 4048 τοῦ
2435 4004 2566 4050 Θεοῦ
2596 3999 2935 4059 ὑποστάσεως
2967 3999 3316 4070 θεολογοῦντες
3355 4005 3504 4051 τοῦτο
3536 3995 3887 4071 διδάσκουσι,

2297 4089 2414 4147 τοὺς
2489 4083 2909 4161 ἐτεροδοξοῦντας
2965 4085 3423 4160 ἱπιστομίξοντις,
3483 4083 3734 4162 διαφορὰν
3803 4090 3892 4141 ἐπὶ

2296 4184 2387 4235 τῆς
2433 4181 2556 4248 μιᾶς
2621 4176 2781 4238 αὐτῆς
2830 4176 3130 4248 εἰσάγοντας
3182 4181 3418 4249 φύσεως·
3467 4181 3558 4228 καὶ
3615 4173 3893 4240 ἀποδεῖξαι

2298 4261 2601 4336 βουλόμενοι
2631 4261 2798 4336 μηδέν
2843 4285 2895 4316 τι
2942 4269 3075 4318 κατά
3106 4270 3259 4338 φύσιν
3309 4274 3400 4319 τοῦ
3431 4269 3635 4338 Πατρός
3683 4263 3892 4318 διίστα-

2299 4354 2422 4405 σθαι
2458 4357 2544 4405 τὸν
2582 4356 2721 4421 Υἱὸν,
2750 4350 2890 4428 μηδὲ
2936 4358 3020 4407 τὸν
3063 4355 3278 4428 μείζονα
3319 4354 3506 4428 κλῆρον
3553 4354 3756 4426 ἐπέχειν
3802 4358 3892 4407 τὸν

2298 4447 2503 4514 Πατέρα
2545 4439 2637 4496 θ’ιά
2684 4447 2740 4496 τὸ
2781 4454 2870 4504 τῆς
2918 4444 3096 4505 οὐσίας
3144 4447 3306 4497 εἶτουν
3349 4448 3545 4516 φύσεως
3592 4441 3641 4496 ἓν
3688 4446 3892 4505 τούτοις

539 4546 683 4584 nam
726 4529 996 4597 orginem
1037 4545 1424 4601 causamque,
1455 4529 1516 4584 id
1569 4535 1660 4586 est
1705 4529 1782 4584 ad
1822 4529 2186 4584 ineffabilem

2302 4527 2564 4606 διάφορον.
2617 4531 2750 4584 Ἀλλ’
2800 4533 2843 4586 εἰ
2892 4539 2982 4586 καὶ
3011 4533 3210 4608 ’ἑαυτοῦ
3258 4535 3448 4606 μείζων
3507 4536 3709 4605 εἴρηται
3748 4534 3893 4605 παρὰ

537 4618 1142 4691 inexplicabilemquc
1185 4619 1649 4689 generationem,
1694 4619 1973 4688 referunt,
2006 4618 2187 4674 veluti

539 4707 613 4764 de
650 4708 955 4780 unigenito
987 4707 1126 4764 Filio
1164 4707 1262 4763 Dei
1293 4708 1682 4780 personaliter
1710 4708 2054 4780 eloquentes
2084 4725 2097 4776 ;
2130 4711 2188 4764 et

541 4799 621 4854 sic
644 4800 816 4854 unice
839 4803 980 4854 tunc
1001 4796 1448 4867 intelligendam
1472 4798 1790 4852 dictionem
1823 4797 2008 4852 aiunt.
2039 4800 2185 4854 Cum

540 4893 738 4943 autem
786 4887 1074 4957 unigeniti
1123 4886 1300 4942 Verbi
1354 4886 1828 4942 incarnationem
1886 4893 2182 4958 spectant,

537 4982 714 5046 atque
747 4976 821 5031 ad
849 4977 1200 5047 conjunctas
1229 4975 1540 5032 inconfuse
1571 4981 1814 5031 naturas
1846 4991 2184 5034 sermonem

535 5069 1250 5137 convertunt,earumque
1273 5063 1670 5120 differentiam
1693 5064 1938 5120 deﬁnire
1953 5066 2179 5138 volunt,

531 5157 673 5208 tunc
706 5152 915 5208 Christi
955 5169 1198 5225 quoque
1229 5153 1586 5209 humanitati
1637 5154 1794 5209 hanc
1823 5154 2182 5212 locutionem

532 5241 1018 5297 accommodant.
1045 5245 1290 5311 Magnus
1317 5242 1494 5310 igitur
1522 5242 1835 5312 theologus
1869 5245 2180 5313 Gregorius

529 5332 625 5388 hic
675 5331 734 5386 in
783 5331 1052 5386 medium
1095 5329 1528 5402 proferebatur,
1576 5333 1680 5404 qui
1735 5337 1868 5404 post
1920 5334 2178 5406 priorem

528 5420 1080 5499 interpretationem
1113 5421 1449 5476 secundum
1478 5437 1726 5478 causam
1755 5422 1973 5478 divinae
2005 5439 2178 5494 gene;

529 5511 794 5579 rationis,
825 5509 982 5566 hanc
1024 5525 1266 5583 quoque
1296 5509 1516 5582 adjecit
1543 5528 1556 5568 :
1590 5511 1741 5570 Nam
1784 5511 1981 5570 dicere
2011 5513 2178 5586 quod

602 5618 711 5694 (38)
752 5617 970 5677 Zenob.
1003 5617 1286 5692 proverb.
1313 5633 1352 5691 1,
1386 5620 1476 5679 83.

2295 4629 2386 4672 τοῦ
2426 4623 2550 4673 Υὶοῦ
2602 4623 2626 4674 ὁ
2677 4627 2880 4697 Πατὴρ,
2919 4625 3044 4696 πρὸς
3087 4625 3319 4695 ἄναρχον
3360 4621 3535 4697 ἀρχὴν
3573 4626 3663 4674 καὶ
3693 4623 3888 4689 αἰτίαν,

2294 4714 2533 4762 τουτέστι
2592 4716 2685 4770 τὴν
2741 4711 2964 4787 ἄρρητον
3019 4716 3300 4784 γέννησιν,
3347 4715 3403 4765 τό
3474 4719 3672 4764 τοιοῦτο
3732 4711 3891 4785 ῥητὸν

2296 4795 2653 4873 ἀναφέρουσιν,
2685 4803 2753 4863 ὡς
2799 4806 2916 4875 περὶ
2963 4809 3054 4854 τοῦ
3093 4809 3396 4874 μονογενοῦς
3443 4803 3568 4854 Υἱοῡ
3615 4807 3706 4852 τοῦ
3755 4806 3892 4853 Θεοῦ

2295 4889 2661 4951 ὑποστατικὼς
2711 4895 2797 4942 τὸν
2862 4890 3010 4963 λόγον
3074 4889 3362 4963 ἐκφέροντες
3403 4911 3416 4922 ·
3477 4889 3537 4941 οὗ
3598 4893 3773 4960 μέντοι
3831 4884 3894 4941 δε

2293 4983 2383 5028 καὶ
2433 4981 2565 5030 κατά
2617 4981 2812 5036 ταύτην
2871 4983 3030 5051 μόνην
3087 4976 3370 5049 ἐπάγουσιν
3419 4976 3580 5035 αὐτὴν
3628 4974 3891 5046 ἐκλαμϐά-

2291 5067 2492 5121 νεσθαι.
2545 5066 2668 5120 Ὅτε
2725 5065 2783 5120 δὲ
2839 5072 2922 5120 τὸν
2974 5075 3220 5140 μονογενῆ
3281 5071 3445 5139 Λόγον
3500 5069 3894 5139 σεσαρκωμένον

2296 5155 2495 5230 θεωρεῖν
2560 5159 2750 5228 ἔχουσι
2811 5163 2901 5210 καὶ
2962 5160 3084 5232 πρὸς
3147 5159 3242 5217 τὰς
3307 5154 3354 5207 ἓν
3423 5155 3563 5226 αὗτῳ
3625 5155 3894 5226 ἡνωμένας

2293 5243 2610 5317 ἀσυγχύτως
2677 5249 2856 5318 φύσεις
2913 5253 3256 5318 χειραγωγεὶν
3319 5248 3404 5296 τὸν
3470 5243 3621 5314 λόγον
3687 5242 3895 5314 ἐπιχει-

2287 5343 2440 5410 ροῦσι
2488 5341 2578 5388 καὶ
2632 5331 2937 5410 διενκρινεῖν
2986 5339 3044 5386 τὸ
3093 5333 3140 5386 ἐν
3193 5337 3404 5396 ταύταις
3463 5329 3733 5406 διάφορον,
3777 5336 3895 5386 τότε

2287 5429 2375 5478 καὶ
2425 5433 2486 5498 τῇ
2547 5423 2595 5476 ἐν
2650 5433 2722 5496 τῷ
2783 5431 2997 5498 Χριστῷ
3055 5422 3419 5498 ἀνθρωπότητι
3483 5427 3576 5481 τὴν
3643 5422 3893 5479 τοιαύτην

2289 5519 2455 5588 φωνὴν
2511 5515 2994 5591 προσαρμόζουσιν.
3045 5512 3104 5567 Ὀ
3159 5515 3340 5586 μέγας,
3395 5507 3482 5566 οὖν
3533 5508 3584 5564 ἐν
3654 5507 3895 5584 θεολογίᾳ
