4152 6208
598 328 703 383 235

601 448 746 506 dicti
778 445 1104 518 evangelici
1133 444 1682 516 interpretationem
1717 444 1792 500 ad
1822 444 2120 517 liquidum
2150 444 2250 500 de-

602 538 779 606 duci;
806 553 881 594 ne
912 535 992 592 ob
1014 540 1143 606 ejus
1165 533 1619 605 ambiguitatem
1650 534 2247 590 cordainﬁrmiorum

600 626 1135 701 perturbarentur:
1188 622 1267 679 ad
1324 628 1659 678 extremum
1708 624 2120 679 sanctissimos
2145 639 2249 695 pa-

600 715 892 774 triarchas
922 728 1280 785 sacramque
1298 716 1355 767 et
1373 712 1641 768 divinam
1668 713 2051 783 congregavit
2072 728 2249 784 syno-

600 804 770 875 dum,
804 804 884 860 ad
917 818 1105 876 quam
1160 806 1465 857 senatores
1516 817 1760 874 quoque
1816 806 2244 867 convenerunt,

599 892 999 968 praesentibus
1030 891 1208 947 etiam
1236 890 1773 945 illustrissimorum
1804 891 2079 946 omnium
2122 906 2246 945 mo-

600 982 1002 1040 nasteriorum
1034 979 1378 1036 abbatibus.
1410 982 1475 1034 Et
1504 980 1697 1035 Caesar
1739 980 1983 1051 quidem
2026 978 2247 1035 reside-

598 1072 706 1129 bat
727 1072 788 1127 in
809 1071 975 1140 regio
1004 1070 1238 1139 throno,
1271 1069 1375 1139 qui
1405 1074 1491 1124 est
1520 1069 1581 1124 in
1614 1068 1885 1124 conclavi
1926 1084 2093 1123 mare
2124 1084 2249 1122 ver-

597 1176 702 1216 sus
735 1159 943 1229 magni
968 1158 1173 1231 palatii
1202 1173 1395 1230 nuper
1424 1157 1503 1213 ab
1533 1158 1665 1230 ipso
1688 1160 1923 1215 Cesare
1943 1157 2245 1225 exstructi,

597 1249 766 1323 quod
791 1247 1147 1305 occidentali
1178 1246 1344 1302 urbis
1376 1262 1553 1302 muro
1596 1246 1891 1313 imminet,
1942 1246 2248 1317 habetque

593 1338 658 1395 id
687 1338 975 1394 conclave
1006 1338 1085 1391 ad
1113 1336 1246 1408 ipso
1270 1335 1535 1392 Manuale
1557 1351 1781 1391 nomen
1808 1352 1820 1388 :
1862 1352 1986 1407 quo
2010 1337 2070 1391 in
2115 1334 2248 1390 loco

595 1426 1069 1484 innumerabiles
1124 1425 1506 1497 imperatoris
1557 1425 1838 1481 victorias
1885 1425 2053 1480 brevi
2098 1439 2247 1496 gyro

596 1517 1075 1589 comprehensas
1105 1530 1202 1570 ars
1231 1514 1504 1586 pictoria,
1547 1514 1743 1569 aureis
1795 1514 2015 1586 lapillis
2048 1515 2247 1569 varios

593 1608 955 1664 interserens
982 1603 1234 1667 colores,
1264 1607 1442 1675 prout
1485 1601 1612 1657 ﬁeri
1655 1603 1870 1675 potuit,
1910 1603 2242 1674 descripsit.

594 1696 695 1752 Hic
716 1695 826 1751 fuit
856 1692 1190 1750 consistorii
1214 1692 1418 1759 locus;
1446 1691 1650 1764 ibique
1680 1691 1928 1747 deﬁnita
1949 1698 2088 1747 sunt
2113 1707 2244 1764 quae

1934 319 2207 377 NICETA)
2250 319 2618 381 ΟΗΟΝΙΛΤᾹί

3845 327 3946 382 236

2361 448 2444 499 ἶνα
2473 454 2543 521 μὴ
2578 458 2648 521 τῷ
2681 446 2860 521 ἁδήλῳ
2897 451 3095 509 ταύτης
3123 449 3179 500 αἱ
3206 455 3305 500 τῶν
3335 446 3705 519 ἁπαγεστέρων
3733 446 3949 522 καρδίαι

2358 534 2788 613 διαταράττοιντο
2811 561 2824 574 ο
2857 538 2998 601 τέλος
3027 542 3144 598 τοὺς
3172 537 3488 609 ἁγιωτάτους
3514 539 3846 611 πατριάρχας
3865 543 3946 590 καὶ

2356 630 2450 685 τὴν
2480 630 2616 700 ἱερὰν
2647 633 2735 681 καὶ
2768 630 2907 681 θείαν
2936 629 3247 699 συνήθροισε
3278 621 3496 678 σύνοδον
3525 642 3538 655 -
3584 624 3689 678 ἁλλ’
3741 624 3864 679 οῦὸε
3902 630 3950 679 οἱ

2355 723 2450 778 τῆς
2483 717 2775 789 συγκλήτου
2807 716 3005 791 βουλῆς
3035 715 3366 769 ἀπελείποντο
3392 735 3406 747 ο
3437 722 3682 788 παρῆσαν
3713 712 3773 768 δὲ
3793 719 3882 767 καὶ
3903 718 3949 768 οἱ

2353 812 2454 856 τῶν
2484 804 2883 879 ἐπισημοτάτων
2909 814 3091 859 πασῶν
3121 812 3286 876 μονῶν
3302 805 3686 876 καθηγοῦμενοι
3707 821 3721 835 ⁸
3753 810 3843 857 xui
3863 808 3947 857 τὸν

2355 897 2446 966 μὲν
2475 896 2501 946 ὁ
2534 894 2810 968 βασιλικὸς
2843 893 2955 967 εἶχε
2983 898 3154 969 θρόνος
3194 893 3244 946 ἐν
3274 901 3347 963 τῷ
3383 896 3517 967 πρὸς
3548 892 3800 946 θάλατταν
3831 895 3949 946 ὑπε·

2355 989 2472 1057 ρῴῳ
2497 993 2588 1036 τοῦ
2618 983 2666 1037 ἓν
2698 993 2770 1055 τῷ
2799 984 3006 1057 μεγάλῳ
3030 983 3266 1053 παλατίῳ
3286 983 3682 1055 νεουργηθίντος
3711 986 3855 1035 οἴκου
3879 991 3949 1053 τῲ

2357 1071 2569 1144 βασιλεῖ
2598 1082 2687 1127 τοῦ
2718 1071 3066 1149 δυτικωτέρου
3091 1078 3303 1145 τείχους
3325 1072 3621 1146 ἐφύπερθεν,
3655 1079 3948 1145 φερώνυμον

2355 1168 2443 1220 τὴν
2473 1163 2660 1222 κλῆσιν
2691 1165 2747 1218 ὲκ
2777 1174 2872 1225 τῆς
2901 1174 2992 1218 τοῦ
3024 1164 3273 1222 Μανουήλ
3301 1168 3642 1237 προσρήσεως
3671 1166 3914 1236 φέροντος
3932 1177 3945 1193 ⁸

2356 1253 2405 1304 ἓν
2506 1258 2719 1306 καὶτῶν
2769 1251 3181 1326 δυσαριθμὴτων
3219 1253 3633 1325 κατορθωμάτων
3663 1260 3755 1303 τοῦ
3800 1251 3954 1304 αὐτο·

2354 1343 2607 1417 κράτορος
2638 1342 2831 1417 βραχί’
2858 1345 2992 1395 ἄττα
3018 1341 3394 1414 παραλαϐοῦσα
3419 1344 3449 1400 ἡ
3484 1342 3758 1415 ζωγράφος
3786 1345 3951 1411 τέχνη

2355 1430 2412 1483 ix
2441 1435 2796 1504 καταχρῦσων
2837 1427 3081 1503 ψηφίδων
3114 1430 3510 1504 ποικιλοχροοις
3554 1430 3744 1504 ἑτέραις
3782 1428 3954 1481 ἕπειιι-

2351 1524 2636 1592 γνυμίνων,
2667 1523 2736 1583 ὡς
2766 1519 2926 1592 εἶχεν,
2956 1517 3336 1594 ἑνδιεγράψατο
3361 1541 3373 1552 ο
3408 1519 3631 1571 ἐνταῦθα
3671 1522 3761 1589 μὶν
3793 1515 3864 1576 δὴ
3892 1522 3955 1571 τὰ

2352 1616 2449 1670 τῆς
2476 1609 2815 1671 συνελεύσεως
2840 1627 2850 1638 ’
2886 1618 3163 1681 κυροῦνται
3194 1606 3253 1661 δέ
3281 1610 3348 1660 τὰ
3394 1610 3799 1680 ὑποτεταγμένα,
3830 1610 3952 1680 ὀμο-

2352 1702 2793 1770 γνωμονησάντων
2823 1697 3080 1767 ἀλλήλοις,
3112 1707 3209 1750 τῶν
3250 1717 3303 1750 τε
3350 1698 3651 1768 ἁγιωτάτων
3699 1716 3953 1771 πατριαρο

593 1785 751 1842 infra
781 1800 1100 1857 ponemus,
1127 1780 1636 1838 consentientibus
1665 1780 1816 1837 inter
1844 1799 1908 1838 se
1940 1782 2237 1837 sanctissi-

2352 1797 2487 1859 χῶν,
2517 1797 2616 1839 τῶν
2650 1790 2935 1858 ὶερωτάτων
2976 1787 3281 1863 ἀρχιερέων,
3312 1794 3404 1838 τοῦ
3456 1789 3715 1860 ἱερατικοῦ
3762 1785 3951 1838 λοιποῦ

592 1876 711 1931 mis
737 1872 1117 1948 patriarchis,
1162 1869 1707 1943 sacratissimisque
1752 1870 2241 1943 archiepiscopis,

591 1964 948 2036 reliquoque
976 1959 1340 2017 sacerdotali
1368 1965 1543 2028 coetu,
1590 1966 1648 2017 et
1695 1960 2073 2017 senatoribus
2118 1962 2239 2015 uni-

592 2052 821 2118 versis;
855 2051 940 2107 sic
994 2049 1231 2107 favente
1280 2052 1448 2121 pacis
1497 2051 1637 2118 Deo,
1696 2064 1933 2105 necnon
1984 2048 2246 2119 religiosi

593 2141 785 2200 nostri
813 2157 851 2199 a
881 2142 1001 2198 Deo
1032 2138 1302 2196 coronati
1331 2138 1715 2212 imperatoris
1740 2137 1884 2194 zelo.
1918 2138 1997 2194 De
2024 2138 2117 2192 his
2140 2154 2244 2192 au-

593 2236 716 2291 tem
741 2235 940 2289 tomus
971 2245 1215 2303 quoque
1244 2227 1620 2301 conscriptus
1650 2227 1778 2299 fuit,
1812 2228 1872 2283 in
1903 2242 2025 2300 quo
2057 2226 2136 2283 ad
2160 2226 2246 2283 lit-

592 2324 786 2380 teram
806 2320 1119 2395 sequentia
1147 2319 1547 2377 continentur.

1264 2514 1469 2571 ACTIO
1515 2515 1581 2568 ll.

595 2658 820 2718 Mensis
856 2656 1072 2715 Martii
1104 2656 1200 2713 die
1242 2656 1527 2721 secunda.
1578 2656 1919 2714 indictionis
1972 2658 2122 2714 XIV
2152 2659 2248 2715 die

1296 2752 1536 2819 quarta.

669 2859 721 2911 l.
752 2852 1108 2911 Praesidente
1165 2870 1202 2911 a
1260 2855 1379 2910 Deo
1433 2858 1718 2910 coronato
1783 2858 1990 2911 sancto
2040 2858 2245 2910 nostro

590 2961 731 3017 rege
751 2949 809 3002 et
834 2945 1195 3019 imperatore
1223 2944 1473 3001 domino
1517 2944 1788 3001 Manuelo
1819 2945 2148 3016 Comneno,
2180 2945 2239 3000 in

594 3036 827 3110 tropico
856 3032 1126 3091 conclavi
1157 3032 1469 3090 meridiem
1501 3049 1731 3100 versus,
1762 3050 1982 3106 nempe
2030 3035 2089 3088 in
2120 3050 2244 3091 ma-

594 3125 699 3198 gni
726 3123 931 3199 palatii
965 3121 1620 3197 porphyromanuelico
1647 3123 1899 3179 triclinio
1934 3142 1947 3192 ;
2004 3125 2243 3180 astanti-

591 3216 711 3273 bus
737 3217 960 3270 sanctaz
1002 3211 1307 3283 majestati
1354 3212 1504 3283 ejus,
1537 3212 1905 3269 amabilibus
1935 3213 2241 3269 consobri-

591 3305 708 3369 nis,
739 3302 877 3360 ﬁliis
904 3299 1112 3374 inclyti
1168 3300 1667 3359 sebastocratoris
1721 3301 1955 3357 domini
2011 3303 2243 3357 Andro-

591 3391 959 3462 nici,scilicet
988 3389 1408 3463 protosebasto
1433 3396 1491 3446 et
1520 3391 1973 3463 protovestiario
2004 3390 2242 3447 domino

590 3483 828 3539 Joanne
852 3479 1183 3545 Comneno,
1216 3478 1465 3550 ejusque
1509 3476 1689 3535 fratre
1740 3478 1990 3534 domino
2040 3470 2243 3535 Alexio

594 3572 936 3635 Comneno;
966 3566 1211 3623 amabili
1242 3566 1607 3623 consobrino
1638 3568 1896 3639 potentis
1929 3571 2242 3641 sanctique

590 3656 780 3714 nostri
807 3656 987 3726 regis,
1039 3654 1288 3711 domino
1340 3654 1684 3711 Andronico
1745 3659 2072 3725 Comneno,
2120 3658 2241 3715 tilio

590 3742 952 3819 pansebasti
983 3740 1294 3798 celsissimi
1338 3743 1569 3799 domini
1611 3743 1905 3800 Theodori
1948 3749 2238 3813 Batatzae;

589 3834 770 3892 fratre
791 3832 922 3904 ejus
948 3836 1006 3888 et
1034 3830 1282 3888 amabili
1312 3831 1682 3888 consobrino
1718 3832 1975 3905 potentis
2021 3836 2240 3890 sancti-

590 3941 710 4000 que
740 3922 929 3981 nostri
947 3922 1106 3992 regis
1132 3920 1383 3978 domino
1404 3920 1607 3977 Alexio
1639 3924 1969 3991 Comneno,
1993 3925 2239 3980 amabili

584 4012 858 4089 patruele
877 4010 1135 4086 potentis
1171 4010 1487 4083 sanctique
1533 4009 1717 4066 nostri
1760 4011 1938 4080 regis,
1982 4017 2126 4067 nato
2168 4029 2240 4068 ex

585 4102 837 4163 amabili
882 4106 1098 4176 patruo
1142 4101 1400 4174 potentis
1449 4100 1762 4173 sanctique
1819 4102 2010 4157 nostri
2059 4103 2234 4171 regis,

584 4191 961 4267 pansebasto
991 4190 1324 4247 celsissimo
1383 4189 1633 4246 domino
1689 4190 2076 4246 Constantino
2121 4197 2237 4245 An-

585 4280 740 4353 gelo,
774 4279 1044 4346 domino,
1078 4280 1352 4351 inquam,
1374 4280 1602 4336 Joanne
1634 4281 1795 4335 Duca
1822 4301 1834 4345 ;
1867 4279 2047 4335 fratre
2079 4281 2129 4350 ej
2143 4297 2236 4335 us-

583 4370 747 4439 dem,
779 4368 1024 4425 amabili
1055 4372 1272 4439 nepote
1295 4369 1555 4441 potentis
1607 4375 1664 4425 et
1693 4370 1883 4425 sancti
1928 4371 2115 4425 nostri
2145 4388 2235 4425 re-

581 4460 698 4530 gis,
730 4458 983 4516 domino
1013 4457 1358 4513 Andronico
1390 4461 1589 4525 Duca;
1624 4473 1843 4527 genero
1893 4460 2150 4530 potentis
2181 4463 2237 4515 et

2353 1877 2667 1948 καταλόγου,
2694 1882 2783 1929 καὶ
2814 1877 3120 1949 ξυμπάντων
3145 1886 3244 1927 τῶν
3274 1884 3367 1936 τῆς
3393 1875 3749 1946 συγκλητικῆς
3767 1894 3954 1948 γερου⁹

2358 1971 2498 2036 σίας,
2530 1963 2745 2039 εὐδοκία
2769 1975 2858 2018 τοῦ
2885 1975 2976 2028 τῆς
3004 1966 3209 2039 εἰρήνης
3239 1973 3372 2018 Θεοῦ
3416 1970 3506 2017 xui
3533 1960 3775 2036 διαπύρῳ
3804 1964 3952 2036 ζήλῳ

2354 2064 2445 2108 τοῦ
2478 2055 2716 2118 εὐσεϐοῦς
2745 2059 2889 2130 ἡμῶν
2919 2062 3008 2108 καὶ
3043 2058 3343 2127 θεοστεφοῦς
3393 2055 3774 2129 αὐτοκράτορος
3796 2072 3808 2084 ·
3867 2054 3951 2108 ἐπὶ

2357 2142 2425 2204 δὴ
2457 2148 2662 2208 τούτοις
2690 2150 2778 2198 καὶ
2802 2151 2958 2219 τόμος
2989 2144 3263 2212 ἐκτίθεται,
3296 2140 3425 2199 τάδε
3472 2146 3607 2195 κατὰ
3650 2145 3797 2220 ῥῆμα
3845 2140 3880 2196 ὃ
3888 2164 3932 2197 ιε

2355 2234 2497 2298 ξιών.

2980 2524 3214 2573 ΠΡΔΞΙΣ
3256 2519 3322 2573 Β’.

2354 2668 2494 2721 Μηνὶ
2524 2667 2742 2738 Μαρτίῳ
2771 2658 3007 2736 δευτέρα,
3035 2664 3204 2736 ἡμέρᾳ
3247 2664 3463 2735 τετάρτῃ
3502 2656 3827 2723 ἱνὸικτιῶνος
3858 2657 3951 2715 id“.

2424 2858 2490 2915 α’.
2520 2860 2921 2931 Προκαθημίνου
2956 2866 3045 2910 τοῦ
3078 2859 3388 2910 θεοστέπτου
3421 2857 3570 2929 ἁγίου
3596 2862 3742 2929 ἡμῶν
3791 2856 3950 2930 βασι-

2351 2946 2470 3007 λέως
2498 2953 2589 3000 xui
2610 2947 2986 3021 αὐτοκράτορος
3015 2955 3174 3020 κυροῦ
3204 2946 3453 3005 Μανουὴλ
3472 2956 3561 3000 τοῦ
3586 2954 3877 3018 Κομνηνου,
3902 2948 3949 3000 ἐν

2350 3044 2412 3109 τῇ
2447 3038 2655 3110 ὑπερῴᾳ
2680 3044 2900 3111 τροπικῇ
2934 3045 2992 3109 τῇ
3027 3041 3153 3109 πρὸς
3182 3036 3511 3109 μεσημϐρίαν
3536 3045 3627 3088 τοῦ
3658 3034 3706 3088 ἐν
3752 3045 3822 3107 τῲ
3862 3057 3949 3109 με·

2352 3125 2491 3197 γάλῳ
2509 3126 2743 3196 παλατίῳ
2770 3124 3368 3198 πορφυρομανουηλάτου
3390 3124 3673 3198 τρικλίνου,
3691 3145 3794 3198 παρ
3804 3145 3949 3179 ιστα-

2354 3220 2514 3286 μένων
2544 3222 2605 3287 τῇ
2640 3214 2768 3287 ἁγίᾳ
2799 3212 3046 3287 βασιλείᾳ
3088 3215 3249 3266 αὑτοῦ
3279 3223 3376 3266 τῶν
3425 3217 3783 3287 περιποθήτων
3836 3214 3948 3268 ἁνε-

2353 3303 2486 3374 ψιῶν
2518 3303 2676 3355 αῦτου
2706 3308 2794 3355 καὶ
2816 3306 2937 3354 υἱῶν
2968 3311 3059 3354 τοῦ
3082 3299 3330 3375 ἀοιδίμου
3358 3302 3830 3377 σεϐαστοκράτορος
3861 3323 3949 3355 κυ-

2352 3401 2447 3467 ροῦ
2474 3389 2831 3467 ’Δνὸρονίκου,
2864 3400 2955 3445 τοῦ
2985 3390 3421 3467 πρωτοσεϐαστοῦ
3448 3397 3537 3445 καὶ
3567 3391 3950 3466 πρωτοϐεστια-

2351 3486 2468 3555 ρίου
2496 3489 2657 3557 κυροῦ
2687 3482 2923 3534 Ἰωάννου
2950 3489 3044 3533 τοῦ
3077 3488 3364 3553 Κομνηνου,
3398 3486 3491 3533 καὶ
3510 3489 3603 3534 τοῦ
3623 3477 3947 3552 αὐτάδελφου

2353 3570 2511 3621 αὐτοῦ
2543 3578 2704 3644 κυροῦ
2736 3569 2962 3632 Ἀλεξίου
2989 3579 3080 3622 τοῦ
3114 3576 3381 3642 Κομνκπνοῦ
3411 3591 3424 3602 ·
3473 3578 3564 3622 τοῦ
3596 3572 3945 3643 περιποθήτου

2354 3655 2565 3728 ἀνεψιοῦ
2597 3666 2688 3709 τοῦ
2714 3667 2966 3730 κραταιοῦ
2997 3664 3087 3711 καὶ
3116 3658 3268 3729 ἁγίου
3299 3661 3445 3730 ἡμῶν
3475 3657 3755 3731 βασιλέως,
3786 3666 3947 3732 κυροῦ

2362 3743 2681 3820 Ανδρονὶκου
2710 3756 2799 3799 νοῦ
2835 3755 3099 3820 Κομνηνου
3132 3756 3221 3799 τοῦ
3268 3752 3383 3800 υἱοῦ
3427 3757 3518 3800 τοῦ
3558 3747 3922 3800 πανσεϐαστου

2352 3839 2603 3909 περτάτου
2630 3846 2791 3910 κυροῦ
2833 3834 3110 3911 Θεοδώρου
3155 3846 3243 3889 τοῦ
3287 3839 3549 3899 Βατάτζου
3586 3858 3598 3869 ο
3644 3846 3736 3887 τοῦ
3784 3836 3947 3887 αὑτα-

2352 3920 2538 3997 δελφου
2563 3926 2721 3978 αὑτοῦ
2747 3932 2836 3978 xui
2856 3930 3207 3999 περιποθήτου
3238 3926 3445 3995 ἀνεψιοῦ
3466 3934 3556 3977 τοῦ
3583 3943 3828 3997 κραταιοῦ
3850 3931 3945 3976 xui

2349 4013 2497 4085 ἁγίου
2526 4016 2670 4086 ἡμῶν
2698 4015 2978 4087 βασιλέως,
3004 4025 3165 4087 κυροῦ
3217 4014 3442 4077 Ἀλεξίου
3484 4022 3575 4065 τοῦ
3632 4020 3903 4085 Κομνηνού
3929 4035 3942 4046 ·

2347 4111 2439 4155 τοῦ
2461 4107 2811 4177 περιποθήτου
2829 4103 3107 4176 ἐξαδέλφου
3130 4114 3226 4158 τοῦ
3242 4111 3491 4179 κραταιοῦ
3512 4107 3602 4155 xui
3625 4102 3774 4174 ἁγίου
3798 4105 3946 4174 ἡμῶν

2348 4191 2623 4266 βασιλέως,
2655 4203 2747 4247 τοῦ
2774 4198 2888 4247 υἱοῦ
2920 4206 3010 4247 τοῦ
3032 4199 3382 4269 περιποθήτου
3409 4196 3544 4247 θείου
3572 4202 3661 4245 τοῦ
3692 4202 3946 4265 κραταιοῦ

2345 4288 2435 4334 καὶ
2463 4283 2614 4354 ἁγίου
2662 4286 2807 4356 ἡμῶν
2863 4284 3143 4357 βασιλέως,
3182 4293 3273 4337 τοῦ
3320 4283 3945 4356 πανσεϐαστουπερτάτου

2345 4382 2505 4446 κυροῦ
2542 4380 2923 4426 Κωνσταντίνου
2953 4382 3045 4426 τοῦ
3095 4373 3362 4445 Ἄγγελον,
3393 4383 3556 4448 κυροῦ
3590 4373 3822 4425 Ἰωάννου
3852 4381 3947 4423 τοῦ

2344 4465 2515 4513 Δοῦκα
2549 4484 2560 4495 ·
2590 4470 2682 4515 τοῦ
2718 4461 3042 4535 αὐταδελφου
3076 4464 3256 4531 αὐτοῦ,
3304 4471 3395 4515 τοῦ
3442 4464 3792 4534 περιποθήτου
3826 4460 3944 4522 ἐξα-

581 4547 774 4605 sancti
793 4545 982 4603 nostri
1012 4546 1168 4615 regis
1197 4545 1435 4602 sebasto
1464 4545 1714 4602 domino
1756 4549 1982 4601 Joanne
2028 4549 2233 4603 Canta-

2348 4547 2534 4622 δίλφου
2566 4560 2657 4603 τοῦ
2686 4562 2940 4626 κραταιοῦ
2971 4558 3059 4604 xui
3091 4553 3245 4623 ἁγίου
3298 4555 3442 4624 ἡμῶν
3477 4550 3748 4623 βασιλέως,
3781 4560 3946 4622 κυροῦ

580 4654 837 4706 cuzeno;
870 4651 1094 4707 genero
1120 4635 1380 4708 potentis
1404 4640 1461 4691 et
1484 4635 1675 4691 sancti
1724 4636 1907 4691 nostri
1936 4638 2093 4699 regis
2119 4636 2230 4691 do-

576 4728 743 4786 mino
770 4725 1163 4785 Constantino
1194 4727 1391 4792 Duca;
1423 4724 1664 4781 sebasto
1694 4724 1943 4780 domino
1981 4725 2231 4781 Gudelio

572 4816 903 4875 Tzicandile
932 4834 946 4887 ;
980 4815 1220 4872 sebasto
1249 4820 1306 4872 et
1332 4830 1559 4885 magno
1589 4813 1986 4869 heteeriarcha
2031 4815 2229 4870 domi-

572 4923 653 4965 no
685 4908 933 4980 Georgio
977 4905 1312 4976 Palaaologo
1337 4922 1351 4973 ;
1414 4904 1653 4961 sebasto
1693 4902 1944 4958 domino
1999 4906 2229 4961 Joanne

570 4996 735 5052 Duca
762 5016 776 5065 ;
809 4996 1051 5053 sebasto
1078 5000 1134 5051 et
1180 4994 1512 5051 domestico
1566 4992 1847 5048 vestiario
1880 4994 2141 5065 potentis
2171 5000 2227 5049 et

570 5085 763 5141 sancti
820 5086 1009 5142 nostri
1052 5084 1209 5156 regis
1267 5083 1515 5139 domino
1577 5081 1784 5137 Alexio
1842 5083 2219 5155 Petralipha;

566 5173 808 5231 sebasto
839 5178 896 5230 et
940 5174 1276 5231 domestico
1341 5171 1622 5228 vestiario
1646 5172 1903 5244 potentis
1943 5177 2000 5227 et
2031 5173 2221 5227 sancti

560 5263 751 5320 nostri
770 5263 925 5334 regis
956 5262 1183 5318 domno
1220 5260 1441 5317 Isaacio
1476 5263 1669 5327 Duca;
1719 5259 1957 5315 sebasto
2014 5267 2069 5315 et
2116 5260 2196 5316 do

559 5351 813 5409 mestico
866 5350 1150 5407 vestiario
1180 5350 1443 5422 potentis
1488 5354 1544 5405 et
1597 5349 1789 5405 sancti
1828 5351 2015 5405 nostri
2061 5350 2218 5417 regis

558 5441 807 5499 domino
865 5440 1066 5497 Alexio
1126 5439 1425 5510 Rogerio;
1486 5437 1725 5495 sebasto
1777 5444 1831 5495 et
1886 5438 2216 5495 domestico

555 5532 836 5590 vestiario
866 5530 1127 5606 potentis
1170 5535 1227 5585 et
1256 5528 1449 5586 sancti
1487 5528 1675 5585 nostri
1724 5530 1882 5599 regis
1932 5537 1987 5585 et
2043 5529 2133 5583 ch:
2163 5544 2213 5583 r-

558 5623 775 5684 tulario
839 5623 1090 5681 domino
1150 5619 1498 5679 Andronico
1559 5619 1953 5688 Lombardo;
2010 5627 2214 5694 proto-

2345 4636 2681 4713 Ἀνδρονίκου
2710 4650 2800 4692 τοῦ
2828 4646 2997 4694 Δοῦκα
3020 4660 3031 4671 ⁸
3064 4650 3154 4693 τοῦ
3184 4641 3424 4713 γαμϐροῦ
3459 4648 3549 4693 τοῦ
3578 4647 3825 4712 κραταιοῦ
3851 4644 3946 4691 καὶ

2342 4728 2495 4800 ἁγίου
2528 4732 2671 4801 ἡμῶν
2705 4729 2986 4803 βασιλέως,
3010 4740 3101 4782 τοῦ
3119 4729 3379 4782 σεϐαστοῦ
3405 4737 3566 4804 κυροῦ
3592 4731 3826 4783 Ἰωάννου
3847 4737 3947 4780 τοῦ

2343 4819 2778 4879 Καντακουζηνοῦ
2813 4838 2824 4849 '
2861 4828 2953 4871 τοῦ
2983 4819 3224 4892 γαμϐροῦ
3253 4828 3345 4871 τοῦ
3376 4828 3628 4893 κραταιοῦ
3674 4825 3764 4870 xui
3789 4818 3944 4888 ἁγίου

2338 4909 2481 4978 ἡμῶν
2515 4906 2797 4979 βασιλέως,
2827 4917 2987 4983 κυροῦ
3031 4914 3416 4961 Κωνσταντίνου
3453 4916 3544 4960 τοῦ
3594 4911 3761 4959 Δοῦκα
3790 4925 3800 4935 ·
3848 4916 3946 4958 τοῦ

2338 4995 2596 5048 σεϐαστοῦ
2624 5006 2784 5071 κυροῦ
2814 4995 3089 5050 Γουὸελίου
3135 5006 3226 5050 τοῦ
3272 4994 3591 5057 Τζικανδίλη
3616 5014 3627 5024 ·
3658 5006 3749 5049 τοῦ
3781 4995 3945 5049 σεϐα-

2336 5092 2462 5136 στοῦ
2494 5091 2582 5138 καὶ
2604 5086 2831 5158 μεγάλου
2865 5087 3229 5162 ἑταιρειάρχου
3253 5096 3414 5160 κυροῦ
3443 5092 3699 5160 Γεωργίου
3722 5094 3812 5137 τοῦ
3836 5092 3945 5137 Πα-

2330 5171 2600 5245 λαιολόγου
2635 5197 2645 5209 ·
2680 5184 2769 5227 τοῦ
2804 5175 3062 5228 σεϐαστοῦ
3102 5184 3261 5249 κυροῦ
3304 5177 3540 5229 Ἰωάννου
3592 5184 3682 5226 τοῦ
3722 5178 3895 5227 Δοῦκα
3929 5198 3944 5210 ·

2329 5272 2418 5314 τοῦ
2453 5263 2711 5317 σεϐαστοῦ
2737 5271 2827 5318 καὶ
2851 5267 3042 5318 οἰκείου
3073 5265 3414 5339 βεστιαρίτου
3450 5273 3541 5317 τοῦ
3567 5276 3819 5336 κραταιοῦ
3851 5271 3948 5317 καὶ

2331 5351 2483 5423 ἁγίου
2518 5356 2662 5425 ἡμῶν
2696 5353 2978 5427 βασιλέως,
3009 5364 3171 5429 κυροῦ
3214 5356 3444 5418 Ἀλεξίου
3476 5362 3567 5406 του
3598 5354 3898 5427 Πετραλίφα
3929 5377 3942 5389 ·

2327 5450 2417 5493 τοῦ
2451 5441 2709 5495 σεϐαστοῦ
2735 5450 2823 5495 καὶ
2846 5445 3038 5496 οἰκείου
3072 5443 3412 5518 βεστιαρίτου
3436 5453 3526 5497 τοῦ
3566 5463 3825 5516 κραταιοῦ
3850 5451 3946 5497 καὶ

2327 5529 2478 5602 ἁγίου
2510 5535 2655 5604 ἡμῶν
2693 5531 2969 5605 βασιλέως,
2992 5543 3154 5607 κυροῦ
3180 5535 3447 5586 Ἱσαακίου
3476 5542 3568 5586 τοῦ
3605 5537 3775 5585 Δούκα
3800 5554 3811 5566 α
3845 5544 3944 5586 τοῦ

2326 5618 2584 5674 σεϐαστοῦ
2628 5628 2718 5674 καὶ
2764 5621 2956 5676 οἰκείου
3011 5621 3357 5697 βεστιαρίτου
3397 5630 3491 5677 τοῦ
3541 5630 3798 5695 κραταιοῦ
3846 5624 3942 5676 καί
