4152 6208
18 2 1509 105 ΙἼ-τῆτττῖττττῖ-ῖ-ῖ-ήί--Ὗψ--τ
1560 2 1611 5 η
1692 2 1703 5 τ
1782 2 1787 3 ν
1874 2 1879 3 ν

16 126 27 305 Γ

16 742 19 751 ι

252 345 354 401 241
1575 342 1845 403 THESAU

1964 345 2090 403 LIB.
2131 350 2285 406 XXV.
3513 354 3620 410 242

245 476 369 531 ταῖς
425 475 529 521 τῶν
583 466 746 541 ἁγίων
791 464 1082 541 έξηγήσεσι
1134 475 1225 522 τοῦ
1277 471 1512 523 τοιούτου
1553 467 1740 542 ῥητοῦ.
1796 466 1845 520 Ὀ

1970 469 2545 547 Philippopolitanus
2565 472 2754 529 dixit:
2789 471 3086 539 Quoniam
3113 472 3309 546 pridie
3337 488 3409 531 ex
3433 473 3623 532 eccle-

244 557 708 621 Φιλιππονπόλεως
772 554 913 612 εἶπεν
987 561 1069 630 ὡς,
1149 558 1291 612 Ἐπεὶ
1362 560 1501 613 κατὰ
1571 561 1663 617 τὴν
1728 559 1858 630 χθὲς

242 653 610 723 παρεγενόμην
636 646 737 700 ἀπὸ
781 656 881 711 τῆς
916 648 1211 722 λαχούσης,
1252 666 1338 721 με,
1390 653 1480 701 καὶ
1528 648 1621 701 οὐκ
1665 642 1858 706 ἐδυνή-

244 738 347 796 θην
391 739 556 814 εὑρεῖν
599 741 824 810 χρέσεις
874 746 977 791 τῶν
1031 738 1193 809 ἁγίων
1246 743 1365 812 περὶ
1404 744 1497 790 τοῦ
1539 740 1855 810 ζητουμένου

239 827 438 902 ῥητοῦ,
488 825 617 898 λέγω
666 826 749 879 61':
795 825 871 887 οἷς
915 822 1056 879 εἶπον
1091 827 1142 878 οἱ
1171 835 1441 899 φωστῆρες
1467 830 1558 879 καὶ
1588 821 1854 879 διδάσκα-

238 913 328 968 λοι
384 916 557 988 ἡμῶν,
606 917 707 968 εἶτε
758 913 995 985 ὑψηλῶς,
1052 918 1217 987 ἤγουν
1256 917 1390 968 κατὰ
1445 918 1540 974 τὴν
1591 915 1698 967 οἶνω
1745 917 1856 985 γένη

239 1010 405 1063 νησιν
460 1002 580 1057 καθ’
630 1003 694 1064 ἣν
742 1009 835 1056 καὶ
870 1008 1002 1076 τιμᾲ
1046 1008 1133 1056 τὸν
1162 1007 1410 1079 Πατέρα’
1461 1006 1560 1056 εἶτε
1590 1001 1855 1078 ἀνθρωπι-

240 1103 374 1161 κῶς,
430 1090 677 1152 δηλονότι
727 1096 863 1147 κατὰ
920 1099 1015 1152 τὴν
1067 1092 1123 1146 ἐκ
1170 1103 1262 1155 τῆς
1312 1095 1678 1167 ’Δειπαρθένου
1734 1097 1855 1166 γέν-

241 1203 426 1253 νησιν,
484 1183 605 1236 καθ’
656 1182 719 1241 ἣν
777 1179 846 1241 δὴ
905 1183 1287 1259 παραπλησίως
1334 1185 1458 1257 ἡμῖν
1518 1186 1712 1258 σαρκὸς
1769 1186 1857 1234 καὶ

243 1274 471 1345 αἵματος
513 1277 873 1336 κεκοινώνηκε,
917 1277 1011 1330 τὴν
1062 1277 1281 1332 κτίστην
1328 1276 1485 1345 φύσιν
1529 1277 1620 1325 καὶ
1676 1274 1853 1331 παθη-

240 1365 341 1419 τὴν
405 1361 529 1413 καθ’
597 1360 658 1419 ἦν
721 1364 815 1414 καὶ
877 1363 1096 1415 πέπονθε
1150 1360 1588 1437 προσλαϐόμενος,
1649 1364 1855 1423 τούτοις

244 1451 560 1523 συντίθεμαι
640 1454 733 1503 καὶ
816 1450 994 1513 αὐτὸς.
1090 1449 1151 1505 Ὀ
1224 1450 1489 1505 Φιλίππων
1565 1446 1698 1504 εἶπεν
1772 1450 1854 1503 ὅτι

242 1539 470 1601 Audet};
533 1540 604 1591 ὢν
662 1540 689 1591 6
758 1542 982 1613 Χριστὸς
1049 1538 1103 1592 έκ
1173 1541 1313 1602 θείας
1376 1544 1467 1592 καὶ
1526 1537 1855 1613 ἀνθρωπίνης

242 1633 471 1703 φύσεως,
524 1628 743 1701 μείζονα
795 1632 883 1682 τὸν
939 1632 1169 1703 Πατέραε
1198 1633 1372 1703 εἴρηκε
1409 1631 1545 1681 κατὰ
1603 1633 1699 1688 τὴν
1757 1625 1851 1680 ἀν-

244 1719 564 1792 εοωπότητα
608 1723 700 1770 καὶ
746 1721 842 1776 τήν
881 1717 1054 1770 αἰτίαν
1098 1722 1191 1770 καὶ
1234 1722 1330 1777 την
1367 1721 1496 1791 πρὸς
1533 1721 1618 1770 τὸν
1646 1720 1854 1792 Πατέρα

1968 560 2055 616 sia
2083 576 2219 618 mea
2241 563 2356 619 huc
2375 562 2645 636 perveni,
2670 561 3065 635 nondumque
3085 561 3251 635 potui
3272 565 3621 622 sanctorum

1966 651 2348 708 auctoritates
2402 651 2477 708 de
2524 656 2914 708 controverso
2961 650 3120 707 dicto
3151 651 3465 722 nancisci;
3522 652 3620 710 aio

1967 752 2063 794 me
2095 739 2375 799 assentiri
2408 740 2718 799 sententiis
2746 756 2903 813 quas
2948 738 3384 797 illuminatores
3424 741 3618 813 magi-

1965 828 2190 901 strique
2224 830 2411 887 nostri
2457 830 2876 904 protulerunt;
2917 830 3086 903 quod
3125 829 3413 887 nimirum
3454 830 3619 890 Chri-

1965 922 2091 972 stus
2124 917 2217 974 vel
2244 918 2531 976 divinitus
2563 919 2645 976 sic
2674 920 2910 976 Patrem
2941 919 3195 977 honorat
3220 924 3468 994 propter
3495 935 3618 977 cm-

1962 1003 2171 1063 lestem
2235 1008 2609 1066 nativitatem
2660 1024 2674 1075 ;
2742 1007 2837 1064 vel
2907 1008 3258 1065 humanitus
3328 1007 3614 1083 loquitur,

1964 1102 2207 1167 propter
2234 1112 2408 1153 suam
2439 1114 2511 1154 ex
2542 1100 2831 1171 perpetua
2861 1096 3093 1167 Virgine
3124 1096 3515 1169 nativitatem,
3536 1097 3617 1155 ob

1961 1198 2148 1255 quam
2178 1201 2351 1259 mque
2376 1201 2448 1242 ac
2478 1203 2592 1243 nos
2617 1185 2784 1243 carni
2810 1191 2870 1242 et
2896 1186 3177 1257 sanguini
3208 1188 3618 1245 communica-

1960 1272 2061 1342 vit,
2096 1281 2294 1331 creata
2319 1274 3002 1349 videlicetpassibilique
3032 1281 3249 1333 natura
3279 1281 3613 1350 assumpta,

1959 1356 2023 1413 in
2051 1376 2171 1432 qua
2196 1363 2378 1419 etiam
2402 1378 2622 1437 passus
2665 1369 2772 1421 est.
2805 1364 3201 1438 Philippensis
3233 1365 3380 1423 dixit
3414 1384 3428 1423 :
3462 1366 3616 1433 Quia

1961 1446 2188 1520 duplex
2210 1457 2301 1507 cst
2326 1452 2591 1509 Christus
2620 1468 2693 1509 ex
2722 1453 2924 1511 divina
2948 1453 3341 1529 humanaque
3368 1460 3611 1521 natura,

1960 1536 2256 1609 majorem
2299 1543 2531 1598 Patrem
2573 1541 2723 1598 dixit
2765 1541 3107 1600 secundum
3151 1542 3610 1611 humanitatem,

1960 1633 2140 1700 atque
2170 1629 2251 1685 ob
2282 1628 2631 1702 qualitatem
2656 1632 3031 1689 causativam
3060 1633 3473 1707 honoremque
3502 1647 3615 1706 pa-

1959 1718 2064 1774 tris
2089 1733 2102 1783 ;
2134 1718 2414 1791 quamvis
2442 1719 2639 1776 eidem
2668 1720 2743 1776 sit
2769 1719 3021 1794 aequalis
3040 1721 3377 1780 secundum
3405 1721 3617 1779 divini-

242 1812 424 1882 τιμὴν,
474 1811 593 1869 ἶσος
632 1807 703 1859 ὢν
758 1807 901 1879 αὐτῷ
947 1809 1083 1860 κατὰ
1126 1811 1223 1866 τὴν
1261 1808 1499 1866 θεοτητα.
1535 1806 1596 1859 Ὀ
1623 1802 1845 1881 Ἀδρια-

1960 1812 2164 1864 tatem.
2198 1808 2807 1883 lladrianopolitanus
2829 1811 2981 1868 dixit
3008 1828 3024 1867 :
3059 1812 3172 1878 Qui
3196 1812 3364 1869 carni
3387 1817 3448 1870 et
3480 1826 3616 1869 san-

242 1896 533 1957 νονπόλεως
591 1897 728 1949 εἶπεν
756 1917 771 1931 ο
829 1895 890 1949 Ὀ
943 1899 1139 1972 σαρκὸς
1199 1901 1292 1949 καὶ
1355 1898 1578 1970 αἵματος
1622 1897 1848 1970 ὑπερου-

243 1992 371 2047 σίως
436 1989 848 2055 κεκοινωνηκὼς,
909 1990 1090 2044 καινήν
1153 2005 1269 2037 τινα
1332 1982 1641 2059 θεανδρικήν
1707 1982 1847 2059 ἆνερ-

246 2094 390 2147 γειαν
445 2076 576 2147 ἡμῖν
628 2073 1077 2147 πεπολιτευμένος,
1129 2074 1235 2146 οὐχ
1300 2076 1364 2135 ὡς
1428 2079 1501 2147 μὴ
1559 2075 1845 2148 ἄνθρωπος,

244 2162 359 2229 ἀλλ,
393 2166 467 2226 ὡς
512 2161 567 2226 ἐξ
621 2160 927 2237 ἀνθρώπων,
987 2161 1268 2237 ἀνθρώπων
1320 2162 1574 2233 ἐπέκεινα,
1633 2162 1849 2235 μείζονα

246 2256 437 2304 ἑαυτοῦ
482 2254 570 2303 τόν
607 2254 815 2327 Πατέρα
857 2247 985 2317 εἶπε,
1035 2252 1211 2312 καθὼς
1251 2252 1278 2303 ὀ
1320 2254 1483 2324 μέγας
1538 2256 1843 2327 Χρυσόστο·

254 2357 374 2409 μος,
401 2358 495 2390 και
519 2339 546 2389 6
584 2337 956 2400 Πηλουσιώτης
996 2335 1269 2413 Ἰσίδωρος
1306 2337 1721 2415 έφηρμὴνευσαν,
1759 2344 1844 2393 ναὶ

257 2431 367 2498 μὴν
420 2431 513 2479 καὶ
562 2428 590 2478 ὁ
634 2428 881 2489 θειότατος
932 2427 1199 2503 Κύριλλος.
1252 2432 1401 2501 Λέγω
1457 2425 1518 2482 6“:
1555 2431 1636 2482 61':
1675 2432 1847 2503 εἴρηκε

256 2522 414 2567 τοῦτο
470 2521 560 2569 καὶ
606 2518 672 2579 ὡς
716 2517 984 2592 ἅνθρωπος
1041 2514 1137 2571 διὰ
1188 2522 1283 2577 τὴν
1341 2516 1391 2570 έν
1442 2517 1583 2589 αὐτῷ
1624 2521 1845 2576 κτιστὴν

248 2607 415 2675 φύσιν
462 2605 582 2657 καθ’
634 2604 691 2663 ἣν
742 2610 833 2660 καὶ
894 2608 1161 2661 πέπονθεν.
1213 2613 1273 2659 '0
1328 2606 1655 2681 ’Ῐεραπὸλεως
1709 2603 1844 2660 εἶπεν

240 2693 327 2745 ὅτι
371 2699 448 2765 Τῇ
487 2699 665 2767 γνώμῃ
705 2702 797 2748 τοῦ
828 2694 1136 2769 ’Ἡρακλείας
1178 2700 1270 2748 καὶ
1312 2703 1404 2748 τοῦ
1461 2700 1668 2770 Κρήτης
1720 2693 1842 2749 ἁκο-

237 2781 413 2834 λονθῶ
481 2781 567 2835 ἰπὶ
628 2789 811 2839 πᾶσιν.
878 2784 939 2837 Ὀ
1006 2784 1306 2847 Μιτυλήνης
1371 2787 1463 2858 ἔφη
1534 2786 1637 2848 ὅτι,
1700 2784 1843 2838 Ἐπεὶ

240 2872 469 2945 εὑρίσκω
540 2875 629 2924 τόν
705 2877 870 2946 μέγαν
934 2873 1246 2927 Ἀπόστολον
1323 2873 1537 2945 λέγοντα
1609 2875 1710 2941 ὅτι,
1784 2872 1844 2926 Ὀ

238 2963 361 3021 Υιὸς
424 2968 521 3013 τοῦ
580 2968 715 3015 Θεοῦ
772 2960 1013 3016 ἐκένωσεν
1078 2962 1257 3015 ἑαυτὸν
1318 2961 1580 3025 ἀκενὼτως
1640 2965 1843 3036 μορφὴν

240 3045 433 3103 δοηᾷολου
475 3048 668 3118 λαϐὼν,
714 3049 847 3124 λέγω
897 3051 1054 3106 εἰπεῖν
1091 3055 1180 3106 τὸν
1218 3058 1436 3127 Σωτῆρα
1497 3054 1584 3104 τὸν
1636 3055 1845 3125 Πατέρα

1959 1896 2127 1965 guini
2157 1897 2690 1969 supernaturaliter
2717 1900 3109 1973 participavit,
3140 1915 3365 1957 novam
3394 1910 3613 1975 quam-

1957 1984 2102 2041 dam
2133 1985 2541 2044 thcandricam
2567 1988 2978 2060 operationem
3000 1988 3164 2061 apud
3188 2004 3304 2045 nos
3330 1990 3609 2059 exseruit,

1956 2090 2079 2130 non
2108 2074 2275 2148 quod
2312 2090 2436 2133 non
2478 2081 2634 2134 esset
2669 2077 2878 2145 homo,
2910 2077 3017 2134 sed
3044 2077 3224 2135 veluti
3249 2094 3323 2136 ex
3352 2078 3612 2135 homini-

1953 2163 2069 2220 bus
2098 2180 2284 2237 supra
2309 2165 2606 2235 homines,
2626 2167 2922 2239 majorem
2950 2171 3182 2225 Patrem
3210 2182 3399 2240 quam
3436 2182 3501 2224 se
3523 2167 3609 2223 di-

1954 2253 2057 2320 xit,
2086 2253 2259 2310 sicuti
2300 2270 2559 2326 magnus
2605 2254 3070 2330 Chrysostomus
3099 2259 3158 2314 et
3186 2255 3487 2317 Pelusiota
3510 2256 3611 2313 lsi-

1954 2342 2139 2399 dorus
2187 2343 2553 2416 interpretati
2592 2350 2751 2412 sunt,
2799 2346 2923 2404 imo
2975 2345 3157 2403 etiam
3198 2344 3454 2403 eximius
3499 2347 3609 2418 Cy-

1954 2432 2146 2489 rillus.
2201 2434 2308 2490 Aio
2338 2439 2541 2491 tamen
2574 2436 2872 2493 IShristum
2896 2436 2959 2492 id
2988 2436 3210 2493 dixisse
3249 2436 3431 2494 etiam
3460 2450 3606 2510 qua-

1956 2526 2130 2577 tenus
2156 2521 2343 2579 homo
2374 2528 2519 2592 erat,
2550 2529 2794 2598 prOpter
2815 2528 3082 2582 creatam
3104 2540 3279 2581 suam
3300 2530 3605 2594 naturam,

1954 2610 2012 2665 in
2035 2625 2158 2682 qua
2187 2616 2241 2667 et
2278 2627 2499 2684 passus
2530 2618 2639 2670 est.
2672 2612 3150 2687 Hierapolitanus
3179 2614 3329 2673 dixit
3355 2630 3418 2670 se
3441 2628 3608 2687 pror-

1952 2716 2057 2755 sus
2101 2701 2386 2758 accedere
2432 2702 2511 2759 ad
2543 2702 2935 2760 Heracliensis
2965 2709 3024 2763 et
3052 2704 3343 2762 Cretensis
3367 2710 3605 2762 senten-

1952 2790 2118 2844 tiam.
2154 2788 2519 2861 Mitylenreus
2558 2790 2744 2848 dixit:
2790 2792 3089 2858 Quoniam
3121 2793 3267 2849 novi
3310 2808 3605 2865 magnum

1951 2877 2307 2950 Apostolum
2345 2878 2644 2938 dicentem
2672 2882 2744 2949 ⁸³,
2768 2882 2935 2955 quod
2975 2882 3154 2939 Filius
3194 2882 3295 2939 Dei
3334 2882 3604 2956 seipsum

1951 2969 2283 3025 exinanivit
2307 2984 2560 3027 manens
2581 2971 3148 3041 inexhaustus,cum
3178 2972 3333 3030 servi
3348 2973 3603 3031 formam

1949 3057 2198 3130 accepit,
2229 3057 2327 3115 aio
2356 3074 2393 3115 a
2424 3062 2737 3118 Servatore
2759 3060 2986 3118 dictum
3026 3064 3257 3119 Patrem
3306 3061 3601 3134 majorem

237 3137 459 3210 μείζονα
509 3141 648 3192 κατὰ
692 3144 787 3199 τὴν
835 3136 1212 3217 ἆνθρωπότητα
1266 3145 1385 3201 ἤτοι
1430 3145 1523 3201 τὴν
1578 3141 1843 3213 συγκατοί-

1953 3147 2283 3204 secundum
2315 3149 2755 3208 humanitatem
2794 3152 2922 3208 sive
2959 3151 3391 3211 demissionem
3418 3157 3600 3226 atque

237 3225 394 3280 ϐασιν
438 3232 532 3281 καὶ
583 3233 681 3288 τήν
724 3233 961 3297 κένωσιν,
1014 3232 1189 3294 καθὼς
1244 3232 1270 3283 ὁ
1314 3232 1713 3306 θαυματουργός
1755 3233 1844 3303 μέ-

231 3336 330 3389 γας
388 3323 681 3392 Γρηγὸριος
731 3314 985 3372 διδάσκει
1033 3339 1114 3391 με.
1182 3323 1463 3396 Γρηγόριος
1520 3320 1547 3372 ὁ
1598 3322 1838 3385 Νύσσης,

232 3412 327 3461 καὶ
394 3408 423 3461 ὁ
484 3409 639 3480 ἅγιος
704 3408 974 3484 Κύριλλος,
1036 3414 1127 3463 καὶ
1177 3411 1205 3462 6
1280 3409 1430 3482 ἅγιος
1485 3409 1836 3475 Ἀθανοξσιοςι

232 3501 398 3569 ἤγουν
452 3500 595 3550 κατὰ
637 3502 735 3556 τὴν
779 3495 829 3551 ὶν
882 3497 1026 3571 αὐτῷ
1062 3502 1218 3572 φύσιν
1256 3502 1351 3558 τὴν
1399 3494 1710 3572 βαδίσασαν
1750 3504 1841 3553 καὶ

230 3588 597 3642 κοπιάσασαν.

303 3674 381 3732 3".
415 3675 480 3729 '0
522 3680 646 3729 νέων
692 3682 907 3753 Πατρῶν
947 3673 1056 3732 εἶπε
1083 3694 1096 3708 ·
1144 3680 1215 3732 Τὸ
1253 3680 1489 3731 ταπεινὸν
1518 3685 1673 3732 τοῦτο
1694 3679 1841 3754 ῥῆμα

232 3769 319 3835 τὸ,
370 3765 432 3819 ’0
486 3770 669 3840 Πατήρ
716 3785 817 3840 μου
864 3767 1056 3841 μείζων
1106 3769 1207 3840 μού
1258 3765 1421 3838 ἐστιν,
1465 3767 1628 3831 οὕτως
1683 3767 1840 3821 εἰπεῖν

236 3862 339 3908 νοῶ
380 3858 471 3908 τόν
518 3862 781 3929 Μονογενῆ
839 3856 958 3911 καθ’
1006 3856 1061 3909 ὃν
1101 3855 1252 3930 λόγον
1294 3862 1385 3910 καὶ
1429 3858 1496 3911 τὰ
1545 3855 1704 3911 λοιπὰ
1740 3865 1839 3909 τῶν

238 3949 613 4020 ταπεινοτέρων
676 3941 903 4000 δέδωκεν
967 3945 1154 4017 ἐαυτῷ,
1221 3949 1315 4006 τὴν
1376 3945 1670 4020 οἰκονομίαν
1736 3942 1843 4005 δη-

236 4031 408 4087 λονότι
469 4036 834 4108 πιστούμενος,
885 4039 979 4088 καὶ
1032 4036 1114 4088 ὅτι
1158 4038 1296 4088 κατὰ
1344 4033 1588 4095 ἀλήθειαν
1643 4037 1840 4111 ἄνθρω-

234 4142 331 4186 πος
396 4126 628 4196 γέγονεν’
690 4123 751 4178 Ὀ
811 4124 1089 4198 Εὐχαΐτων
1154 4122 1265 4178 εἶπε
1291 4142 1307 4158 ο
1368 4128 1515 4197 Λέγω
1579 4127 1645 4187 ὡς
1707 4126 1843 4178 κατά

234 4217 295 4266 τὸ
346 4216 517 4267 αἴτιον
572 4218 665 4269 καὶ
703 4218 798 4275 τὴν
852 4219 1012 4289 τιμὴν
1048 4219 1140 4269 καὶ
1183 4218 1315 4291 πρὸς
1371 4219 1699 4290 παρηγορίαν
1741 4224 1841 4269 τῶν

232 4304 489 4375 μαθητῶν
528 4308 620 4358 καὶ
656 4300 753 4358 διὰ
794 4308 891 4364 τὴν
943 4306 1193 4379 ἡμετέραν
1237 4307 1412 4381 σάρκα
1455 4304 1519 4364 ἣν
1571 4302 1839 4358 ἁνελοίϐετο

232 4392 623 4470 παραπλησίως
666 4394 795 4467 ἡμῖν
839 4398 1160 4457 κοινωνήσας
1212 4397 1405 4469 σαρκὸς
1457 4398 1549 4447 καὶ
1594 4395 1838 4468 αἵματος.

1947 3236 2439 3305 exinanitionem,
2470 3239 2994 3311 quemadmodum
3025 3255 3122 3297 me
3168 3240 3388 3299 docent
3422 3241 3598 3299 thau-

1946 3332 2264 3398 maturgus
2294 3329 2634 3398 Gregorius,
2657 3332 2964 3402 Nyssenus
2996 3329 3337 3401 Gregorius,
3356 3333 3599 3388 sanctus

1947 3415 2222 3490 Cyrillus,
2253 3420 2312 3473 ct
2341 3422 2584 3475 sanctus
2619 3418 2988 3476 Athanasius
3022 3434 3038 3487 ;
3084 3418 3358 3477 videlicet
3379 3432 3598 3477 secun-

1946 3506 2093 3562 dum
2122 3503 2287 3562 illam
2317 3504 2449 3577 ejus
2470 3509 2753 3564 naturain
2768 3524 2905 3582 quas
2926 3506 3282 3565 ambulabat
3308 3510 3368 3564 et
3388 3505 3601 3577 fatiga~

1944 3594 2144 3652 batur.

2017 3687 2069 3741 ϐ.
2115 3685 2533 3759 Neopatrensis
2577 3686 2771 3745 dixit:
2824 3687 3117 3746 Humilem
3150 3688 3309 3747 hanc
3346 3683 3597 3745 locutio-

1945 3789 2124 3832 nem:
2156 3775 2342 3833 Pater
2366 3790 2531 3833 meus
2561 3778 2761 3848 major
2784 3792 2873 3835 me
2899 3784 2984 3835 est
3009 3776 3306 3851 prolatam
3332 3773 3599 3847 intelligo

1948 3864 2028 3920 ab
2048 3863 2368 3936 Unigenito
2395 3866 2611 3923 eadem
2640 3866 2869 3925 ratione
2897 3884 3022 3941 qua
3049 3871 3297 3925 caeteras
3323 3864 3600 3923 humilio-

1945 3969 2043 4009 res
2073 3957 2275 4027 partes
2302 3953 2419 4011 sibi
2440 3953 3017 4021 attribuit,videlicet
3038 3961 3099 4013 ut
3119 3954 3597 4013 incarnationem

1947 4058 2123 4099 suam
2170 4046 2503 4113 testaretur,
2536 4048 2594 4100 et
2621 4043 2788 4117 quod
2817 4043 3002 4101 homo
3028 4058 3243 4116 reapse
3268 4042 3594 4099 exsisteret.

1948 4130 2357 4189 Euchaitensis
2386 4131 2573 4189 dixit:
2616 4132 2724 4189 Aio
2754 4132 2836 4188 sic
2881 4132 3150 4189 locutum
3178 4132 3355 4189 fuisse
3380 4144 3595 4188 secun-

1946 4219 2092 4276 dum
2138 4220 2509 4278 causativum
2554 4219 2904 4294 qualitatem
2936 4221 3351 4293 honoremque
3387 4219 3592 4286 Patris,

1942 4316 2002 4364 et
2029 4307 2109 4365 ob
2138 4307 2573 4382 discipulorum
2613 4308 2918 4379 solatium,
2949 4314 3007 4367 et
3042 4315 3287 4384 propter
3324 4312 3596 4368 nostram

1947 4411 2134 4469 quam
2181 4397 2309 4471 ipse
2360 4402 2770 4472 assumpserat
2813 4414 3080 4467 carnem,
3137 4399 3594 4456 communicans

228 4480 289 4535 ’0
357 4480 719 4558 ’Δμάστριδος
785 4479 920 4539 εἶπεν
985 4486 1068 4538 ὅτι
1140 4480 1409 4559 οὐδεμίαν
1470 4491 1673 4559 χρῆσιν
1738 4492 1838 4537 τῶν

1953 4502 2120 4561 mque
2147 4502 2218 4545 ac
2248 4502 2364 4546 nos
2401 4487 2567 4547 carni
2607 4493 2666 4546 et
2710 4489 3009 4561 sanguini.
3053 4489 3468 4547 Amastrianus
3508 4488 3596 4547 di-

232 4572 400 4646 ἁγίων
481 4571 879 4648 ἀποπέμπομαο,
960 4572 1090 4627 ἀλλὰ
1155 4575 1331 4639 πάσας
1404 4568 1779 4650 προσδέχομαι
1820 4595 1835 4608 ο

230 4667 323 4716 καὶ
399 4666 541 4716 κατὰ
598 4670 753 4718 τοῦτο
815 4670 917 4717 νοῶ
980 4664 1063 4718 ὅτι
1125 4660 1261 4718 εἶπεν
1320 4665 1347 4717 6
1424 4666 1611 4741 Κύριος
1690 4664 1839 4738 ἡμῶν

232 4751 450 4816 Ἰησοῦς
515 4755 751 4830 Χριστὸς
811 4754 895 4807 ὅτι
952 4752 1013 4807 '0
1080 4758 1259 4829 Πατήρ
1323 4771 1426 4828 μου
1490 4755 1680 4828 μείζων
1736 4754 1838 4826 μού

233 4839 372 4909 ἑστι,
411 4845 506 4895 καὶ
547 4842 685 4896 κατὰ
726 4845 786 4896 τό
835 4840 1156 4919 ἀνθρώπινον
1188 4859 1202 4872 '
1248 4840 1566 4919 ἀνθρώπινον
1601 4838 1662 4897 6“:
1707 4840 1840 4914 λέγω

232 4935 327 4991 τήν
394 4930 818 5004 σνγκατᾶϐασιν,
881 4936 979 4992 την
1042 4922 1279 4999 κένωσιν,
1346 4936 1443 4992 τὴν
1502 4936 1836 5001 ταπείνωσιν,

230 5026 324 5075 καὶ
379 5024 443 5075 τὸ
504 5021 890 5095 παραπλησίως
951 5022 1080 5096 ἡμῖν
1134 5029 1453 5082 κοινωνῆσαι
1509 5024 1703 5096 σαρκός
1749 5025 1841 5075 καὶ

230 5112 453 5184 «signa;
481 5127 496 5142 ·
552 5115 646 5165 καὶ
694 5113 834 5165 κατὰ
878 5114 967 5165 τὸν
1014 5110 1165 5184 ἅγιον
1211 5112 1545 5177 Ἀθανοίσιον,
1592 5106 1687 5164 διὰ
1744 5115 1838 5170 τὴν

230 5198 282 5252 έν
338 5200 484 5272 αὐτῷ
533 5204 756 5261 κτιστήν
800 5202 960 5274 φύσιν
1006 5204 1103 5260 τὴν
1150 5202 1486 5255 κοπιάσασαν
1535 5204 1624 5253 καὶ
1674 5196 1838 5273 βαδί-

236 5308 428 5359 σασαν,
471 5290 596 5345 καθ’
644 5290 706 5350 ἣν
752 5293 845 5344 καὶ
884 5292 1156 5349 πέπονθεν.
1192 5289 1252 5344 e0
1300 5288 1490 5349 Θηϐῶν
1538 5291 1630 5363 ἔφη
1681 5288 1842 5341 ’Ἐπεὶ

231 5383 321 5433 τὸν
366 5382 491 5435 Υἱόν
548 5383 876 5454 συγκτίστην
939 5385 1032 5435 καὶ
1085 5376 1510 5455 συνδημιουρσγὼ
1558 5385 1632 5450 τῷ
1677 5382 1839 5451 [loc-rp}

232 5465 383 5543 οἰδα,
430 5466 507 5524 δι’
551 5469 713 5523 αὐτοῦ
759 5472 863 5545 γὰρ
910 5474 1002 5524 καὶ
1047 5474 1171 5534 τοὺς
1205 5470 1391 5532 αἰῶνας
1422 5467 1685 5535 ἐποίησεν,
1727 5468 1844 5520 ἴσον

303 5667 355 5705 ³⁸
390 5665 653 5747 Philipp.
683 5682 749 5739 ιι,
775 5672 837 5731 7.

1943 4578 2066 4635 xit:
2100 4577 2335 4636 Nullam
2366 4594 2399 4635 e
2426 4578 2600 4636 dictis
2618 4578 2783 4653 apud
2813 4584 3056 4637 sanctos
3088 4579 3396 4637 sententiis
3421 4593 3598 4653 repu-

1943 4667 2066 4739 dio,
2112 4665 2218 4723 sed
2263 4673 2512 4725 cunctas
2557 4667 2931 4743 amplector;
2980 4672 3038 4725 et
3083 4668 3418 4726 secundum
3464 4667 3596 4725 illas

1943 4754 2222 4813 existimo
2261 4754 2477 4813 dixisse
2517 4757 2837 4814 Dominum
2876 4760 3150 4815 nostrum
3189 4759 3391 4813 Jesum
3428 4755 3595 4814 Chri-

1942 4849 2100 4902 tum:
2130 4846 2321 4905 Pater
2338 4861 2499 4904 meus
2518 4848 2717 4917 major
2736 4852 2940 4918 meest,
2955 4850 3014 4902 et
3028 4844 3362 4903 secundum
3382 4845 3596 4903 huma-

1944 4934 2196 4992 nitatem
2227 4953 2243 5004 ;
2275 4933 2713 4992 humanitatem
2737 4939 2941 4993 autem
2968 4934 3105 4992 dico
3142 4933 3594 5007 demissionem,

1942 5023 2436 5095 exinanitionem,
2492 5023 2996 5090 humiliationem,
3034 5027 3376 5099 nostraeque
3395 5026 3598 5083 carnis

1945 5120 2005 5171 et
2051 5112 2368 5185 sanguinis
2418 5112 2979 5187 participationem;
3036 5116 3218 5186 atque
3272 5116 3339 5170 ut
3397 5116 3599 5171 censet

1945 5207 2192 5259 sanctus
2210 5202 2598 5271 Athanasius,
2611 5206 3133 5277 proptercreatam
3144 5203 3195 5275 ej
3207 5220 3276 5259 us
3294 5209 3594 5276 naturam,

1944 5309 2081 5367 quae
2110 5292 2429 5350 laborabat
2446 5296 2503 5349 et
2532 5292 2915 5364 fatigabatur,
2944 5292 3006 5349 in
3031 5308 3155 5366 qua
3180 5293 3363 5350 etiam
3382 5309 3599 5366 passus

1947 5387 2059 5439 est.
2087 5382 2405 5441 Thebanus
2432 5383 2628 5441 dixit:
2672 5383 2969 5451 Quoniam
3014 5382 3224 5440 Filium
3268 5389 3597 5441 creatorem

1950 5475 2377 5546 auctoremque
2404 5489 2601 5532 rerum
2636 5488 2758 5530 una
2783 5488 2921 5530 cum
2945 5474 3111 5530 Patre
3133 5470 3255 5530 scio
3285 5487 3301 5529 :
3326 5486 3471 5529 nam
3493 5485 3599 5545 per

4082 506 4085 513 .

4092 464 4113 495 Ἴ

4104 566 4113 573 .

4090 666 4113 675 ...

4104 548 4125 573 ,λ

4120 578 4125 615 1

4104 626 4125 675 ,ί

4090 666 4121 707 ..Α

4102 1200 4123 1237 ⁸1

4092 1430 4127 1477 'r.

4094 1560 4105 1579 1.

4090 1606 4121 1645 ἑ

4088 1726 4103 1743 π

4088 1784 4103 1827 έ

4090 1872 4113 1891 ἐ

4126 2030 4129 2081 J

4086 2136 4099 2153 ,-
4122 2126 4129 2149 Α

4086 2182 4101 2205 ί,
4114 2184 4129 2199 ,1

4106 2212 4129 2233 τι

4108 2280 4115 2291 ε

4090 2468 4119 2513 ι’.

4102 2676 4121 2695 ‘l

4092 2764 4107 2779 ρ

4114 3066 4119 3077 ι

4108 3510 4115 3521 ε

4092 3588 4133 3703 £1

4094 3706 4133 3747 ηις-η

4104 3742 4133 3853 ‘i
