4152 6208
266 301 371 355 245

1620 295 1970 356 THESAURI
2009 299 2143 359 LIB.
2194 300 2327 356 XXV

2203 0 4115 26 Ἥ

3522 309 3626 364 246

261 427 353 477 καὶ
409 421 654 495 εμψυχον
705 419 1028 494 ἀνειληφέναι
1075 424 1162 475 τὸν
1219 426 1406 498 Κύριον
1457 421 1552 477 διὰ
1593 429 1686 483 τὴν
1745 425 1870 496 ἠμε-

1986 423 2170 481 fuisse
2194 432 2206 482 ε
2240 430 2297 483 et
2323 430 2566 501 propter
2580 427 2761 498 hanc,
2789 425 3016 485 dictum
3048 427 3126 485 ab
3149 443 3219 485 eo
3241 427 3478 486 Patrem
3505 445 3634 488 ma-

259 518 416 578 τέραν
473 516 745 585 σωτῃρίαυ
806 527 821 542 ο
871 516 962 566 καὶ
1018 514 1151 564 κατὰ
1205 517 1398 571 ταύτην
1459 512 1622 585 λέγειν
1689 513 1874 566 ἑαυτοὺ

263 602 485 672 μείζονα
530 603 620 651 τὸν
685 603 912 672 Πατέρα.
979 599 1036 652 Ὀ
1093 600 1432 676 Μεσημϐρίας
1489 599 1596 654 εἶπε
1648 610 1711 675 τῇ
1782 608 1874 653 τοῦ

263 689 568 762 Ἠρακλιιας
637 696 816 762 φνώμῃ
883 697 1136 762 στοιχεῖν.
1199 693 1258 742 ’0
1317 691 1547 750 Μιλήτου
1615 689 1724 744 εἶπε
1781 693 1871 756 Τὸ,

265 787 323 831 Ὀ
379 784 563 850 Πατήρ
620 798 719 849 μου
775 778 967 850 μείζων
1030 782 1129 850 μού
1185 778 1349 849 ἐστιν,
1397 781 1538 836 οὕτω
1600 788 1702 832 νοῶ
1783 783 1875 831 καὶ

267 871 404 919 κατὰ
445 873 502 919 τὸ
561 867 614 918 ἐν
665 875 740 937 τῷ
787 875 1004 939 Χριστῷ
1052 866 1369 942 ἀνθρώπινον
1437 868 1873 942 ἕκλαμϐάνεσθαι,

267 957 326 1009 οὑ
387 959 526 1008 κατὰ
569 953 751 1018 δόξαν,
805 956 870 1007 οὑ
907 957 1043 1008 κατὰ
1099 962 1272 1028 τιμὴν,
1336 958 1396 1010 οὑ
1437 961 1573 1011 κατὰ
1601 957 1774 1025 ἀξίαν,
1817 956 1875 1008 οὑ

267 1048 406 1098 κατὰ
451 1041 700 1117 δύναμιν,
764 1044 823 1096 οὗ
862 1049 1000 1096 κατὰ
1043 1044 1302 1108 ἐξουσίαν,
1333 1048 1392 1099 οὑ
1432 1049 1570 1100 κατοί
1597 1066 1647 1100 τι
1685 1047 1875 1119 ἕτερον,

267 1137 370 1187 ὅσα
423 1143 518 1195 τῆς
569 1135 714 1196 θείας
760 1130 924 1196 δόξης
959 1153 1014 1186 τε
1073 1140 1162 1186 καὶ
1217 1136 1616 1208 μεγαλειότητος
1675 1157 1690 1169 ο
1749 1134 1878 1187 ἀλλὰ

267 1228 406 1276 κατὰ
482 1228 542 1276 τό
609 1222 657 1275 ὲν
738 1223 880 1293 αὑτῷ
955 1243 1191 1288 κτιστον,
1258 1227 1388 1278 καθό
1452 1232 1541 1278 καὶ
1605 1227 1872 1278 πέπονθεν.

269 1312 410 1364 Ἑπεὶ
477 1308 538 1364 δὲ
581 1316 674 1363 καὶ
721 1319 818 1372 τῆς
858 1317 1072 1383 γνώμης
1107 1320 1198 1364 τοῦ
1252 1311 1579 1386 συναδέλφου
1627 1332 1728 1385 μου
1785 1319 1877 1364 τοῦ

267 1397 629 1472 Νικομηδείας
707 1400 1078 1473 ἠκροασάμην,
1141 1404 1213 1463 ὡς
1285 1402 1452 1462 καλῶς
1518 1401 1718 1474 ἐχούσῃ
1787 1407 1877 1453 καὶ

267 1509 428 1561 ταυτῃ
509 1491 704 1561 ἕπομαι
751 1491 890 1540 κατὰ
939 1492 1128 1541 πάντα.
1183 1489 1244 1542 ’0
1314 1496 1614 1563 Μαρωνείας
1670 1487 1804 1543 εἶπεν
1862 1505 1876 1522 ’

269 1579 410 1630 Ἐπεὶ
465 1579 698 1650 εὑρίσκω
760 1581 847 1628 τὸν
914 1582 1075 1650 μέγαν
1131 1579 1419 1645 Βασίλειον,
1482 1583 1569 1632 τὸν
1627 1579 1879 1650 Θεολόγον

273 1674 578 1742 Γρηγόριον,
641 1671 730 1720 τὸν
797 1673 1196 1741 Χρυσόστομον,
1252 1675 1343 1722 καὶ
1399 1673 1487 1722 τὸν
1546 1669 1695 1738 ἅγιον
1747 1669 1880 1722 Ἰσί-

1977 515 2190 585 jorem.
2225 517 2697 574 Mesembriensis
2717 517 2863 574 dixit
2890 533 2955 574 se
2985 519 3378 576 Heracliensis
3401 519 3632 592 judicio

1983 603 2378 661 subscribere.
2411 607 2663 664 Milesius
2689 607 2874 664 dixit:
2908 607 3096 664 Verba
3119 608 3301 666 Pater
3320 624 3486 666 meus
3508 619 3642 666 ma-'

1973 694 2076 762 jor
2100 709 2191 749 me
2215 702 2298 750 est
2327 693 2488 752 dicta
2517 696 2780 767 intelligo
2812 696 2993 754 etiam
3033 698 3370 755 secundum
3423 697 3637 757 Christi

1984 782 2418 841 humanitatem
2453 803 2466 840 :
2499 803 2622 844 non
2643 788 2978 843 secundum
3009 787 3285 858 gloriam,
3316 789 3632 854 honorem,

1983 871 2354 946 dignitatem,
2377 876 2676 947 virtutem,
2693 882 3063 949 potestatem,
3079 877 3171 933 vel
3191 877 3357 934 aliud
3375 877 3634 952 quodvis

1984 962 2204 1018 divinam.
2255 965 2458 1034 gloria:
2491 971 2548 1023 et
2576 967 3013 1037 magnitudinis
3043 973 3500 1038 ornamentum;
3529 968 3637 1026 sed

1987 1053 2326 1109 secundum
2365 1059 2645 1111 naturam
2684 1057 2812 1128 ejus
2861 1059 3124 1113 creatam
3165 1057 3228 1112 in
3263 1073 3389 1130 qua
3415 1073 3637 1131 passus

1986 1146 2091 1196 est.
2121 1146 2398 1199 Attaman
2430 1150 2761 1218 postquam
2792 1151 2848 1202 et
2876 1145 3192 1203 confratris
3223 1148 3341 1203 mei
3373 1148 3639 1205 Nicome-

1985 1228 2210 1286 diensis
2254 1235 2612 1290 sententiam
2653 1234 2913 1291 intellexi
2952 1240 3110 1292 recte
3168 1252 3231 1292 se
3283 1237 3634 1305 habentem,

1986 1319 2124 1374 huic
2155 1323 2334 1376 etiam
2361 1338 2606 1394 prorsus
2637 1322 2971 1380 subscribo.
3016 1325 3400 1382 Maroniensis
3439 1325 3589 1381 dixit
3619 1341 3635 1382 :

1987 1409 2280 1473 Quoniam
2309 1412 2613 1484 comperio
2640 1428 2934 1484 magnum
2957 1413 3257 1482 Basilium,
3292 1413 3639 1486 theologum

1988 1499 2354 1569 Gregorium,
2393 1501 2913 1573 Chrysostomnm:
2944 1506 3002 1559 et
3032 1508 3311 1560 sanctum
3339 1503 3640 1561 Isidorum

1987 1586 2255 1642 retulisse
2293 1589 2482 1645 verba
2533 1590 2652 1658 illa,
2700 1591 2883 1647 alium
2925 1591 3173 1664 quidem
3212 1591 3292 1650 ad
3319 1592 3636 1659 honorem,

1989 1675 2172 1731 alium
2200 1677 2278 1733 ad
2303 1679 2653 1751 qualitatem
2691 1683 3082 1745 causativam,
3119 1681 3304 1738 alium
3333 1681 3413 1739 ad
3450 1681 3638 1738 disci-

271 1753 438 1829 δωρον
475 1757 742 1827 λέγοντας,
795 1759 882 1808 τὸν
1055 1754 1148 1809 διὰ
1190 1764 1369 1831 τιμὴν,
1421 1763 1508 1810 τὸν
1547 1755 1608 1811 δε
1657 1760 1794 1812 κατὰ
1821 1761 1876 1810 τὸ

1991 1763 2266 1834 pulcrum
2315 1767 2617 1840 solatium,
2681 1770 2906 1843 recipio
2945 1771 3060 1827 hos
3104 1774 3285 1842 atque
3327 1770 3632 1844 approbo.

267 1851 450 1912 αἲτιον,
495 1849 582 1897 τόν
627 1842 688 1897 δὲ
735 1841 829 1896 διὰ
873 1848 1209 1919 παραμυθίαν
1268 1856 1368 1898 τῶν
1422 1849 1689 1920 μαθητῶν,
1725 1843 1880 1918 δέχο-

270 1955 364 2006 μαι
400 1938 617 1994 τούτους
672 1940 766 1986 καὶ
822 1933 1132 2007 ἀσπάζομαι
1162 1953 1175 1966 ·
1235 1942 1321 1989 ναὶ
1355 1940 1458 2008 μὴν
1488 1935 1617 1988 ἀλλὰ
1644 1940 1879 1998 καὶτοὺς

269 2025 508 2086 εἰπόντας
561 2022 812 2098 εἰρῆσθαι
849 2031 1004 2075 τοῦτο
1050 2025 1194 2097 παρὰ
1239 2032 1332 2077 τοὺ
1379 2030 1573 2097 Κυρίου
1619 2025 1878 2099 οἰκονομι-

268 2121 392 2179 κῶς,
440 2116 562 2170 ἦτοι
615 2115 753 2164 κατὰ
799 2115 862 2166 τὸ
913 2111 1250 2185 ἀνθρώπινον,
1307 2109 1553 2170 δηλονότι
1602 2117 1735 2166 κατὰ
1784 2119 1878 2172 τὴν

267 2200 318 2252 ἐν
359 2201 504 2272 αὐτῷ
552 2209 772 2274 Χριστῷ
807 2202 1049 2259 παθητὴν
1095 2206 1184 2255 καὶ
1209 2207 1432 2262 κτιστὴν
1461 2206 1638 2276 φύσιν,
1669 2203 1789 2256 καθ’
1817 2203 1876 2261 ἣν

273 2296 366 2342 καὶ
395 2291 666 2344 πέπονθεν.

349 2379 418 2435 θ’.
487 2378 548 2431 ’0
601 2376 1078 2452 Ἀρκαδιουπόλεως
1131 2381 1268 2434 εἶπεν
1323 2402 1338 2418 ο
1392 2381 1574 2444 ὀπως
1624 2385 1713 2455 μὲν
1769 2382 1878 2434 εἶπε

281 2472 363 2534 τό,
427 2467 490 2520 ⁴Ο
549 2473 726 2542 Πατήρ
783 2489 882 2542 μου
939 2471 1131 2541 μείζων
1192 2474 1290 2543 μού
1359 2471 1522 2538 ἐστιν,
1581 2473 1608 2523 ὁ
1685 2474 1875 2545 Κύριος

277 2562 370 2608 καὶ
416 2562 545 2617 Θεὸς
589 2559 729 2629 ἡμῶν
775 2557 984 2620 Ἰησοῦς
1027 2564 1276 2632 χριστὸς,
1327 2559 1517 2623 ἐκεῖνος
1549 2557 1691 2614 οἶδεν
1721 2560 1878 2620 αὑτός

267 2647 298 2697 ὁ
339 2653 612 2717 γινώσκων
662 2653 750 2699 καὶ
793 2657 901 2708 πῶς
939 2647 1306 2720 ἑνηνθρώπησε
1347 2671 1361 2684 -
1401 2652 1632 2703 καθόσόν
1676 2645 1736 2702 δε
1786 2654 1878 2702 καὶ

263 2744 367 2787 τῶν
443 2737 793 2789 θεοπνεύστων
865 2737 1030 2809 ἁγίων
1107 2744 1343 2814 Πηίρὼν
1431 2741 1636 2812 ἑκάστῳ
1713 2741 1878 2813 χάρις

265 2823 590 2899 ἆπεμετρήθη
649 2828 866 2894 ἄνωθεν,
923 2830 984 2879 τό
1055 2829 1212 2902 ῥητόν
1285 2831 1597 2902 θεοκινήτῳς
1697 2830 1876 2905 ἡρμή-

263 2932 412 2966 νευσε
466 2931 482 2946 ·
555 2921 650 2967 καὶ
713 2916 831 2968 καθ’
893 2918 1048 2980 ὅσους
1109 2917 1170 2968 ἃν
1220 2923 1448 2992 τρόπους
1513 2920 1873 2991 ἡρμήνευσαν,

263 3001 455 3056 οὐδένα
527 3007 724 3056 τούτων
795 3005 911 3056 κατ’
968 3001 1157 3059 οὐδένα
1220 3007 1372 3078 λόγον
1435 3006 1793 3080 ἁποϐάλλομαι
1857 3024 1871 3038 ’

1989 1856 2238 1928 Insuper
2275 1863 2330 1913 et
2378 1875 2482 1915 eos
2531 1859 2636 1932 qui
2685 1865 2954 1928 censent,
2985 1861 3222 1917 dictum
3243 1860 3306 1917 id
3335 1877 3373 1918 a
3412 1861 3643 1918 Christo

1987 1944 2169 2000 fuisse
2199 1948 2589 2019 reconomice,
2616 1948 2678 2004 id
2707 1953 2814 2014 est,
2848 1950 3217 2020 humanitus,
3247 1955 3312 2007 ut
3341 1950 3641 2021 signiﬁca-

1986 2039 2072 2089 ret
2101 2036 2448 2106 passibilem
2478 2043 2862 2112 creatamque
2887 2045 3170 2098 naturam
3199 2056 3397 2108 suam,
3427 2041 3490 2098 in
3517 2055 3643 2114 qua

1985 2139 2196 2196 reapse
2221 2140 2440 2198 passus
2463 2131 2569 2184 est.

2056 2402 2110 2452 9.
2142 2395 2702 2469 Arcadiopolitanus
2733 2397 2815 2454 ait
2842 2413 2856 2452 :
2889 2399 3166 2465 Quonam
3198 2413 3380 2456 sensu
3403 2399 3635 2473 dixerit,

1984 2489 2172 2544 Pater
2198 2501 2362 2542 meus
2381 2489 2580 2558 major
2607 2503 2699 2545 me
2718 2493 2824 2558 est,
2853 2488 3142 2544 Dominus
3165 2492 3224 2545 et
3252 2491 3406 2545 Deus
3434 2493 3640 2546 noster

1983 2581 2150 2634 Jesus
2201 2577 2492 2644 Christus,
2562 2579 2690 2650 ipse
2746 2578 2874 2649 scit,
2931 2579 3037 2652 qui
3091 2579 3272 2636 etiam
3324 2579 3638 2653 quomodo

1983 2666 2176 2722 factus
2206 2665 2279 2722 sit
2305 2665 2701 2735 homo,novit.
2739 2667 2936 2724 Sancti
2977 2671 3178 2723 autem
3209 2669 3435 2738 Patres,
3458 2670 3640 2741 prout

1983 2755 2307 2826 unicuique
2329 2754 2520 2824 gratia
2549 2769 2806 2828 superne
2831 2755 2974 2812 data
3005 2755 3134 2825 fuit,
3156 2757 3241 2812 ita
3264 2755 3379 2813 hoc
3408 2756 3639 2814 dictum

1982 2844 2352 2916 interpretati
2404 2848 2543 2900 sunt
2591 2859 2604 2899 :
2655 2861 2916 2918 quarum
2972 2861 3115 2917 ergo
3163 2845 3637 2919 explicationum

1983 2933 2210 2989 nullam
2269 2932 2542 2989 excludo.
2613 2935 3036 2991 Verumtamen
3091 2934 3364 3007 plerique
3420 2949 3635 2992 omnes

1985 3024 2162 3079 etiam
2187 3023 2525 3078 secundum
2555 3022 2996 3080 humanitatem
3027 3024 3114 3080 sic
3137 3023 3406 3080 locutum
3436 3024 3636 3081 Domi-

264 3092 392 3145 ἀλλά
427 3095 618 3154 πάντες
667 3090 868 3166 σχεδὸν
922 3099 1011 3148 καὶ
1067 3098 1204 3148 κατὰ
1253 3100 1313 3148 τό
1355 3093 1672 3169 ἀνθρώπινόν
1711 3096 1873 3148 αὑτοῦ

1986 3128 2130 3168 num
2152 3111 2628 3181 afﬁrmavarunt,
2649 3128 2835 3185 quam
2855 3117 2910 3168 et
2929 3127 3041 3182 ego
3067 3111 3424 3168 sententiam
3439 3113 3636 3185 probo

264 3182 526 3254 εἰρηκίναι
581 3190 736 3234 τοῦτο
790 3179 930 3235 εἶπον
976 3187 1062 3236 τὸν
1125 3187 1314 3260 Κύριον
1363 3202 1376 3216 ·
1422 3190 1511 3237 καὶ
1561 3183 1874 3258 ἀσπάζομαι

259 3276 351 3322 καὶ
400 3279 557 3323 τοῦτο
601 3276 691 3338 καὶ
741 3268 1107 3345 ἀποδέχομαι.
1165 3273 1309 3327 Ἐπεὶ
1365 3270 1424 3327 δέ
1481 3272 1658 3347 βλέπω
1719 3273 1874 3326 αὑτὸν

259 3363 350 3413 ἕνα
377 3365 468 3414 sui
517 3364 608 3413 τὸν
651 3360 808 3413 αὐτόν
849 3365 974 3414 ὄντα
1017 3364 1154 3414 κατὰ
1189 3367 1284 3422 τὴν
1315 3364 1634 3426 ὑπόστασιν,
1676 3359 1775 3416 δὺο
1815 3360 1875 3416 δε

259 3452 398 3502 κατὰ
450 3454 548 3508 τὴν
597 3449 875 3524 ἑτερότητα
930 3449 978 3502 ἓν
1037 3451 1176 3522 αὐτῷ
1225 3448 1326 3504 δύο
1367 3455 1597 3524 φύσεων,
1639 3461 1875 3504 κατανοῶ

261 3541 423 3591 εἰπεῖν
491 3542 580 3592 τὸν
627 3542 816 3614 Κύριον
871 3541 1088 3612 μείζονα
1127 3540 1291 3594 αὑτοῦ
1345 3559 1432 3593 τον
1481 3545 1690 3614 Πατέρα
1739 3543 1875 3593 κατὰ

259 3634 354 3687 τὴν
411 3627 462 3680 ἐν
517 3627 658 3699 αὐτῷ
709 3633 930 3687 arta-riis
968 3637 1066 3692 τῆς
1104 3633 1299 3703 σαρκὸς
1339 3632 1518 3696 φύσιν,
1545 3631 1663 3683 καθ’
1694 3631 1756 3690 ἣν
1784 3636 1875 3683 καὶ

261 3719 539 3774 πέπονθεν,
618 3716 676 3770 ὀ
751 3723 949 3792 Παρίου
998 3719 1133 3772 εἶπεν
1166 3740 1180 3754 ·
1257 3719 1397 3774 Ἐπεὶ
1444 3721 1672 3795 εὑρίσκω
1730 3721 1875 3782 τινὰς

259 3817 362 3859 τῶν
440 3803 784 3859 διδασκάλων
845 3817 945 3868 τῆς
993 3807 1305 3870 Ἐκκλησίας
1357 3809 1726 3884 ἐρμηνεὺοντας
1791 3812 1869 3881 τὸ,

258 3903 302 3949 0
369 3901 551 3968 Πατήρ
605 3916 704 3968 μου
765 3898 956 3969 μείζων
1004 3900 1104 3970 μοὺ
1189 3897 1325 3966 ἐστι,
1391 3902 1527 3952 κατά
1588 3895 1876 3974 διαφόρους

259 3991 505 4060 τρόπους,
555 3991 642 4038 να).
699 3990 802 4058 μὴν
852 3991 943 4040 καὶ
994 3991 1132 4040 κατὰ
1191 3991 1251 4040 τὸ
1304 3987 1642 4064 ἀνθρώπινον,
1704 3988 1875 4041 ἀσπά-

261 4078 425 4148 ζομαι
483 4077 677 4136 πάντας
723 4090 738 4106 ⁸
803 4075 936 4148 λέγω
987 4073 1046 4130 δὲ
1097 4076 1412 4150 ἀνθρώπινον
1470 4084 1565 4138 τήν
1626 4077 1674 4130 ἄν
1729 4079 1872 4150 αὐτῷ

261 4169 435 4239 σάρκα
495 4166 558 4222 ἦν
607 4165 661 4228 ἐξ
711 4167 859 4237 ἡμῶν
922 4165 1293 4242 προσελάϐετο.
1359 4167 1419 4219 ⁸0
1485 4173 1872 4243 Προικοννήσου

260 4257 372 4309 εἶπε
410 4258 504 4326 μὶν
563 4262 801 4326 στοιχεῖν
856 4263 920 4328 τῇ
969 4261 1148 4330 γνώμῃ
1191 4265 1284 4312 τοῦ
1329 4257 1560 4315 Ἀθηνῶν
1615 4277 1629 4290 ο
1684 4255 1876 4330 ἀκροα-

263 4346 490 4416 σάμενος
533 4339 596 4396 δε
644 4352 740 4396 τῶν
796 4353 1017 4418 γνωμῶν
1063 4353 1165 4398 τῶν
1193 4347 1500 4418 ἁγιωτάτων
1528 4354 1874 4420 πατριαρχῶν

259 4431 570 4506 μεταϐαλὼν
627 4429 763 4486 εἶπεν
836 4433 1164 4506 ἀφίστασθαι
1215 4439 1304 4508 μεν
1369 4443 1464 4498 τῆς
1521 4441 1730 4509 γνώμης
1781 4441 1874 4487 τοῦ

259 4522 520 4590 Ἀθηνῶν,
579 4527 812 4596 στοιχεῖν
861 4520 924 4576 δε
969 4531 1084 4586 ταῖς
1130 4531 1361 4597 γνώμαις
1419 4533 1518 4577 τῶν
1574 4525 1875 4598 ἁγιωτάτων

260 4620 635 4688 πατριαρχῶν.
701 4613 760 4666 Ὀ
825 4612 1114 4690 Σηλυϐρίας
1154 4610 1289 4668 εἶπεν
1337 4631 1352 4645 ⁶
1408 4615 1768 4687 Ἐντυγχάνων
1810 4621 1872 4688 τῇ

258 4704 340 4766 εἰς
391 4707 474 4764 τό,
537 4702 598 4756 Ὀ
630 4708 809 4778 Πατήρ
864 4723 965 4777 μου
1028 4706 1220 4777 μείζων
1277 4707 1378 4778 μού
1425 4703 1584 4773 εστιν,
1635 4705 1881 4779 ἑρμηνεία

267 4800 362 4844 τοῦ
439 4792 592 4863 ἁγίου
675 4792 954 4867 Κυρίλλου,
1023 4797 1114 4845 καὶ
1179 4795 1432 4869 εὑρίσκων
1499 4793 1654 4846 αὐτόν
1727 4801 1879 4846 τοῦτο

270 4882 516 4952 λεγοντα,
561 4903 590 4931 ει
631 4887 744 4942 Πῶς
789 4901 944 4955 φησι,
985 4881 1116 4954 Ἐγὼ
1161 4888 1252 4936 καὶ
1290 4884 1318 4934 ὁ
1348 4886 1528 4958 Πατὴρ
1576 4884 1625 4935 ἒν
1663 4881 1813 4956 ἐσμεν
1863 4905 1879 4956 ;

259 4971 323 5045 τῇ
380 4973 489 5022 ἄνω
539 4974 640 5046 πρὸ
700 4970 900 5024 αἰώνων
952 4976 1191 5043 γεννήσει
1224 4988 1237 5003 ·
1287 4980 1399 5034 πῶς
1459 4971 1517 5037 ὀ
1551 4977 1731 5047 Πατήρ
1781 4992 1882 5046 μου

261 5060 460 5133 μείζων
512 5063 614 5133 μού
665 5059 781 5114 ἔστι
824 5069 936 5133 ;τῇ
995 5063 1138 5114 ιιεὶτω
1202 5061 1262 5114 ἔκ
1315 5062 1576 5136 Παρθένου
1623 5067 1882 5133 γεννήσει,

263 5159 475 5222 στοιχῶ
520 5158 586 5222 τῇ
638 5159 730 5203 τοῦ
763 5150 920 5222 ἁγίου
953 5145 1288 5224 διδασκαλίᾳ
1314 5169 1327 5182 ·
1375 5148 1767 5224 ἀποδεχόμενος
1797 5171 1887 5224 δια)⁵

261 5239 358 5298 τὰς
400 5247 504 5289 τῶν
566 5238 748 5314 ἑτέρων
807 5238 970 5310 ἁγίων
1029 5242 1200 5312 φωνάς
1257 5255 1270 5268 ·
1341 5242 1406 5301 ὡς
1468 5237 1522 5290 ἐκ
1583 5247 1674 5292 τοῦ
1726 5239 1886 5294 αὑτοῦ

261 5330 356 5378 καὶ
403 5325 512 5390 ἑνὸς
565 5331 861 5402 πνεύματος
919 5327 1307 5402 ἕκφωνηθείσας
1362 5345 1376 5358 ⁸
1420 5337 1548 5382 νοῶν
1603 5328 1656 5392 ἐξ
1709 5329 1886 5382 αὐτῶν

263 5421 360 5468 καὶ
409 5419 554 5470 κατὰ
602 5420 662 5470 τό
717 5417 768 5470 ἐν
822 5414 897 5492 τῷ
943 5416 1161 5495 Χριστῷ
1204 5417 1543 5496 ἀνθρώπινον,
1583 5421 1746 5490 ἤγουν
1793 5423 1890 5477 τὴν

357 5557 402 5596 ⁸⁵
423 5558 601 5621 Joan.
633 5573 741 5634 xx,
770 5560 859 5624 30.

1981 3202 2347 3274 recipioque.
2394 3200 2694 3266 Quoniam
2733 3217 2876 3258 vero
2913 3201 3090 3256 video
3155 3201 3452 3257 Christum
3502 3218 3633 3260 esse

1981 3307 2170 3346 unum
2220 3288 2557 3346 secundum
2596 3304 2944 3362 personam,
2976 3281 3281 3362 duplicem
3305 3293 3507 3348 autem
3539 3307 3635 3348 se-

1983 3379 2246 3434 sundum
2291 3379 2550 3433 duarum
2602 3377 2663 3433 in
2706 3393 2776 3434 eo
2817 3381 3171 3434 naturarum
3200 3379 3629 3448 diversitatem,

1981 3467 2258 3523 existimo
2287 3465 2512 3522 dictum
2556 3482 2592 3523 a
2621 3465 2876 3523 Domino
2925 3469 3181 3526 Patrem
3221 3470 3512 3540 majorem
3538 3484 3634 3526 se-

1981 3555 2250 3612 cundum
2289 3559 2553 3612 creatam
2599 3571 2774 3612 suam
2829 3560 3132 3624 naturam,
3179 3556 3242 3614 in
3282 3573 3406 3630 qua
3451 3558 3633 3616 etiam

1981 3663 2202 3719 passus
2231 3651 2340 3702 est.
2373 3645 2584 3701 Parius
2611 3645 2760 3702 dixit
2782 3646 2964 3713 :Quia
2983 3647 3289 3720 comperio
3305 3647 3631 3704 nonnullos

1983 3735 2254 3791 Ecclesiae
2286 3735 2560 3790 doctores
2589 3735 3008 3807 interpretatos
3027 3751 3161 3793 esse
3188 3735 3372 3793 verba
3401 3754 3417 3792 :
3448 3737 3636 3794 Pater

1981 3841 2144 3882 meus
2182 3827 2380 3895 major
2425 3840 2518 3881 me
2553 3831 2640 3882 est
2683 3825 2799 3882 alio
2847 3825 2998 3882 alios
3045 3825 3253 3898 modo,
3298 3829 3357 3882 et
3383 3826 3631 3899 quidem

1980 3915 2159 3971 etiam
2191 3914 2526 3970 secundum
2553 3915 3014 3984 humanitatem,
3045 3931 3158 3986 ego
3197 3930 3408 3971 omnes
3448 3915 3633 3971 laudo

1983 4005 2333 4061 sententias:
2367 4003 2502 4060 dico
2519 4009 2719 4060 autem
2739 4003 3202 4071 humanitatem,
3234 4018 3478 4060 carnem
3500 4003 3631 4072 ejus

1981 4111 2167 4168 quam
2199 4109 2271 4148 ex
2295 4092 2472 4148 nobis
2501 4092 2726 4148 ascivit.
2759 4091 3209 4148 Praeconnesius
3239 4091 3472 4147 dixerat
3500 4106 3630 4146 sec-

1981 4183 2091 4240 tari
2133 4199 2196 4238 se
2239 4181 2612 4238 Atheniensis
2669 4181 3025 4236 sententiam
3069 4187 3082 4230 t
3139 4195 3351 4236 verum
3409 4179 3630 4237 auditis

1980 4271 2494 4328 sanctissimorum
2513 4269 2987 4342 patriarcharum
2997 4268 3263 4340 judiciis,
3276 4268 3632 4342 resipiscens

1982 4361 2064 4417 ait
2088 4359 2366 4415 recedere
2397 4375 2458 4414 se
2499 4358 2577 4414 ab
2607 4357 2970 4425 Atheniensi,
2997 4359 3168 4430 sequi
3192 4374 3336 4415 vero
3374 4357 3632 4416 sanctis-

1982 4449 2167 4506 simus
2196 4447 2585 4521 patriarchas.
2620 4446 3013 4520 Selybriensis
3044 4447 3187 4505 dixit
3213 4465 3226 4504 :
3251 4449 3398 4504 Cum
3418 4447 3635 4504 verbo-

1983 4556 2120 4596 rum
2166 4539 2352 4596 Pater
2397 4553 2560 4594 meus
2596 4540 2797 4607 major
2844 4554 2937 4595 me
2973 4544 3057 4595 est
3087 4537 3634 4611 interpretationem

1985 4630 2236 4700 legerim
2313 4629 2505 4684 sancti
2561 4627 2781 4700 Cyrilli,
2851 4629 3368 4700 compererimque
3429 4628 3634 4700 ipsum

1988 4720 2283 4775 dicentem
2321 4735 2334 4774 :
2368 4719 2683 4784 Quomodo
2714 4718 2814 4775 ait.
2855 4720 2985 4789 Ego
3013 4724 3068 4776 et
3106 4720 3292 4775 Pater
3323 4734 3510 4774 unum
3539 4733 3634 4772 su-

1989 4811 2212 4866 mus“?
2239 4808 2513 4865 videlicet
2540 4807 2873 4866 secundum
2902 4813 3188 4865 aeternam
3226 4807 3625 4864 nativitatem.

1992 4899 2310 4966 Quomodo
2340 4899 2443 4956 ait.
2481 4897 2662 4955 Pater
2687 4913 2850 4954 meus
2886 4900 3083 4969 major
3118 4913 3210 4954 me
3238 4903 3324 4954 est
3347 4897 3376 4952 ?
3418 4895 3640 4954 scilicet

1993 4989 2327 5046 secundum
2356 4992 2692 5046 terrestrem
2723 5003 2795 5044 ex
2823 4987 3059 5059 Virgine
3088 4987 3460 5043 nativitatem
3501 5005 3515 5044 :
3547 5002 3636 5044 se-

1991 5095 2148 5153 quor
2172 5078 2360 5135 sancti
2389 5078 2499 5134 viri
2527 5077 2861 5134 doctrinam
2893 5093 2907 5144 ;
2945 5078 3028 5132 ita
3054 5081 3260 5132 tamen
3299 5081 3365 5132 ut
3405 5080 3643 5134 caetero-

1992 5185 2128 5225 rum
2159 5167 2485 5223 locutiones
2515 5166 2788 5240 probem,
2825 5171 3118 5238 tanquam
3145 5182 3218 5222 ex
3252 5165 3465 5222 eodem
3496 5181 3644 5222 uno-

1995 5275 2111 5332 que
2142 5257 2349 5330 spiritu
2388 5256 2684 5329 profectas
2717 5275 2730 5324 ;
2781 5273 2854 5312 ex
2906 5255 2998 5311 his
3037 5271 3425 5328 cognoscens,
3459 5255 3640 5310 etiam

1998 5346 2329 5403 secundum
2373 5345 2831 5414 humanitatem,
2872 5345 2934 5400 id
2983 5349 3069 5401 est
3120 5348 3381 5400 creatam
3426 5341 3643 5399 Christi

1998 5440 2297 5498 naturam,
2326 5434 2388 5491 in
2412 5449 2533 5507 qua
2562 5439 2618 5492 et
2646 5450 2862 5507 passus
2907 5449 3018 5507 pro
3064 5433 3238 5490 nobis
3267 5437 3377 5503 est,
3413 5430 3641 5488 dictum
