4152 6208
27 6111 56 6171 ιε

498 237 602 288 247
1831 236 2114 295 ΝΙΟΕΤίΕ
2153 239 2524 296 ΟΗΟΝῘΑΤᾹ]
3755 241 3864 298 248

498 357 681 424 fuisse
711 358 888 414 Pater
910 371 1073 414 meus
1116 359 1317 428 major
1356 375 1446 417 me
1489 366 1591 416 est.
1636 362 1945 418 Dercensis
1977 363 2143 434 dixit,

2274 363 2308 414 ἓν
2357 364 2498 437 αὐτῷ
2529 369 2749 424 κτιστὴν
2777 366 2955 438 φύσιν,
2995 362 3116 416 καθ’
3143 367 3204 422 ἥν
3233 368 3324 417 καὶ
3352 365 3572 418 πέπονθε
3610 361 3684 417 δι’
3704 367 3860 440 ἡμᾶς,

496 449 582 505 ire
638 463 702 503 se
748 445 1006 519 pedibus
1039 446 1099 502 in
1140 449 1494 506 sententiam
1527 451 1842 509 Cretensis.
1873 453 2152 509 Similiter

499 537 678 595 etiam
712 535 1119 592 Anchialensis
1149 535 1297 592 dixit
1328 555 1389 593 se
1415 555 1660 612 prorsus
1692 557 1828 597 cum
1862 542 2152 612 suffragio

499 625 790 684 Cretensis
806 624 1172 698 conspirare.

576 809 658 873 10,
687 803 1243 860 Reverendissimus
1272 809 1330 862 et
1357 822 1618 879 magnus
1645 825 1999 866 oeconomus
2030 809 2110 866 ait
2134 827 2149 865 :

497 893 670 950 Multa
695 893 940 966 quidem
963 891 1160 950 dicere
1190 895 1501 968 haberem,
1528 899 1928 971 quamobrem
1954 899 2151 954 existi-

497 999 660 1038 mem
689 984 915 1037 dictum
939 998 975 1039 a
1005 983 1257 1040 Domino
1290 988 1522 1042 Patrem
1549 989 1840 1059 majorem
1869 988 1948 1043 ob
1979 1004 2151 1044 suam

499 1073 676 1129 etiam
727 1072 1210 1142 humanitatem;
1263 1081 1575 1132 contentus
1619 1083 1819 1134 tamen
1870 1094 1972 1133 ero
2012 1093 2152 1150 apo-

501 1161 711 1218 stolico
735 1161 1042 1217 brevitatis
1065 1179 1250 1218 causa
1279 1161 1459 1221 eﬂ'ato
1487 1182 1561 1222 ex
1603 1183 1722 1222 uno
1757 1183 1974 1232 omnes,
2029 1177 2153 1222 tum

498 1253 604 1324 qui
644 1251 1004 1319 sanctiﬁcat,
1028 1257 1153 1305 tum
1193 1255 1591 1322 sanctz‘ﬁcalz’;
1630 1261 1806 1329 utque
1837 1255 1952 1311 hac
1993 1255 2155 1310 verbi

498 1355 619 1396 uno
651 1339 1162 1410 interpretatione,
1202 1341 1368 1411 quod
1408 1358 1626 1416 nempe
1657 1344 1997 1400 communis
2027 1360 2154 1400 om-

498 1429 668 1485 nium
709 1432 878 1483 Pater
917 1432 1004 1483 est
1049 1430 1223 1493 Deus,
1266 1435 1332 1485 ut
1361 1431 1546 1488 factor
1577 1439 1756 1505 atque
1788 1440 2019 1489 creator
2054 1451 2066 1500 ;
2099 1438 2159 1488 et

499 1519 745 1590 quidem
780 1517 956 1572 etiam
996 1517 1184 1589 ipsius
1230 1519 1456 1592 Christi,
1491 1527 1789 1594 quatenus
1819 1524 2003 1578 homo
2047 1528 2152 1577 est.

499 1606 766 1678 Nihilque
816 1605 1139 1672 absonum,
1187 1607 1234 1662 si
1277 1610 1611 1666 secundum
1665 1612 1824 1667 hanc
1863 1613 2157 1667 rationem

2263 453 2505 526 ἱερῆσθαι
2571 459 2626 508 τό
2682 455 2740 508 Ὀ
2799 459 2980 530 Πατὴρ
3022 473 3123 526 μου
3175 455 3367 527 μείζων
3433 457 3532 527 μού
3587 453 3747 522 ἐστιν,
3803 455 3862 509 ’0

2260 548 2448 616 Δέρειον
2476 544 2611 598 εἶπεν
2644 545 2862 598 ἔπεσθαι
2889 552 2949 616 τῇ
2978 549 3155 616 γνώμη
3183 551 3276 596 τοῦ
3319 548 3528 619 Κρήτης
3556 541 3605 596 ἐν
3641 550 3860 598 ἅπασιν·

2261 633 2447 705 ὁμοίως
2477 630 2534 686 δὲ
2561 639 2652 687 καί
2689 634 2714 686 ό
2753 632 3040 706 Ἀγχιάλου
3067 631 3174 686 εἷπε
3211 640 3274 706 τῇ
3316 639 3409 686 τοῦ
3441 636 3651 709 Κρήτης
3679 639 3860 708 γνώμῃ

2261 721 2310 773 ἄν
2340 729 2475 775 πᾶσι
2517 730 2769 796 στοιχεῖν.

2333 811 2382 882 ι’,
2445 810 2504 866 Ὀ
2572 811 2853 886 ὐπέρτιμος
2919 814 3010 863 καὶ
3101 815 3264 884 μέγας
3355 810 3619 885 οἰκονόμος
3691 813 3856 866 εἶπεν⁶

2262 902 2424 973 Εἶχον
2481 903 2570 974 μὲν
2640 900 2804 954 πολλὰ
2877 899 3034 953 εἰπεῖν
3096 901 3232 961 ὅπως
3285 907 3384 952 νοῶ
3451 900 3708 975 εἰρηκέναι
3775 903 3865 954 τὸν

2265 993 2452 1064 Κύριον
2510 991 2726 1061 μείζονα
2782 993 2868 1042 τὸν
2920 993 3128 1063 Πατέρα
3183 993 3272 1041 καὶ
3310 991 3448 1041 κατὰ
3483 993 3542 1042 τὸ
3603 989 3867 1064 ἀνθρώπι-

2261 1098 2344 1130 νον
2377 1099 2388 1111 ·
2421 1077 2684 1154 ἀρκοῦμαι
2722 1075 2780 1131 δὲ
2819 1087 2891 1149 τῷ
2941 1076 3269 1149 ἁποστολικῷ
3329 1079 3472 1152 ῥητῷ
3521 1074 3614 1132 διὰ
3655 1078 3870 1154 βραχυ-

2262 1167 2436 1239 λογίαν
2497 1177 2568 1238 τῷ
2631 1167 2793 1227 οὓτως
2841 1166 3061 1238 λέγοντι,
3126 1170 3191 1228 ὡς
3258 1167 3345 1228 Ἐξ
3409 1166 3516 1227 ἑνός
3575 1170 3776 1239 πάντες,
3840 1168 3869 1220 ὃ

2263 1276 2316 1308 τε
2367 1256 2596 1328 ἁγιάζων
2647 1261 2735 1308 καὶ
2776 1258 2824 1308 οἱ
2864 1255 3203 1328 ἁγιαζόμενοι
3245 1275 3258 1289 ο
3301 1260 3390 1308 καὶ
3435 1263 3506 1327 τῷ
3563 1256 3870 1331 ἑρμηνεύον-

2263 1365 2315 1398 τι
2372 1348 2430 1396 τό
2497 1344 2550 1407 ἑξ
2603 1344 2730 1408 ἑνός,
2789 1346 2868 1398 ὅτι
2924 1347 3091 1405 κοινὸς
3156 1345 3362 1397 πάντων
3409 1348 3579 1419 πατὴρ
3644 1344 3786 1398 ἐστιν
3842 1347 3870 1398 ὁ

2267 1437 2416 1501 Θεὸς,
2468 1437 2536 1496 ὡς
2597 1438 2817 1495 κτίστης
2874 1438 2964 1486 καὶ
3013 1430 3361 1507 δημιουργὸς,
3430 1439 3519 1487 καὶ
3575 1434 3735 1488 αὐτοῦ
3798 1431 3868 1494 δὴ

2267 1531 2358 1576 τοῦ
2407 1530 2643 1597 Χριστοῦ
2687 1519 2781 1574 διὰ
2830 1526 2887 1576 τό
2929 1520 3246 1595 ἀνθρώπινον
3308 1521 3487 1574 αὐτου.
3551 1529 3652 1576 Καὶ
3716 1520 3874 1577 οὐδὲν

2273 1612 2482 1673 ἀπεικός
2534 1611 2577 1663 εἰ
2615 1613 2751 1663 κατὰ
2804 1615 2890 1663 τὸν
2936 1611 3085 1683 λόγον
3134 1619 3315 1664 τοῦτον
3365 1611 3580 1684 μείζονα
3616 1615 3702 1664 τόν
3759 1620 3872 1666 Πα-

505 1695 804 1766 majorem
839 1699 1069 1749 Patrem
1100 1711 1161 1750 se
1198 1695 1444 1754 homine
1475 1700 1641 1756 dixit.
1671 1704 1922 1771 Magnus
1951 1703 2159 1756 Scevo-

2274 1706 2395 1775 τέρα
2432 1705 2606 1774 εἰρηκι
2660 1705 2749 1752 καὶ
2798 1703 2863 1760 ὡς
2915 1701 3205 1776 ἄνθρωπος.
3233 1699 3294 1753 Ὀ
3340 1704 3499 1773 μέγας
3553 1700 3876 1773 σκευοφύλαξ

501 1785 732 1858 phylax
755 1782 1236 1854 dixitszondum
1263 1787 1324 1842 in
1348 1790 1633 1859 apostolis
1656 1791 1836 1864 plena
1865 1792 2162 1863 firmaque

503 1878 630 1928 erat
659 1874 734 1928 de
769 1875 1073 1928 Servatore
1116 1873 1270 1930 ﬁdes
1311 1893 1325 1942 ;
1375 1885 1815 1952 proptereaque
1867 1881 2164 1950 majorem

503 1978 712 2017 curam
746 1960 1096 2033 postulabat
1120 1962 1340 2020 horum
1368 1966 1707 2035 inﬁrmitas,
1737 1985 1922 2040 quam
1945 1969 2165 2024 dit-inae

502 2051 708 2122 glorite
739 2049 1293 2124 magnitudinisque
1320 2054 1768 2113 demonstratio.
1805 2061 1996 2124 Quare
2028 2076 2165 2116 cum

501 2142 724 2197 Judzcis
759 2155 966 2212 parem
1001 2150 1119 2203 Deo
1149 2159 1209 2198 se
1236 2143 1428 2200 facere
1475 2146 1641 2202 visus
1673 2153 1781 2215 est,
1810 2148 2040 2221 lapides
2069 2150 2169 2205 ad‘

502 2248 710 2288 versus
749 2251 886 2292 eum
931 2237 1314 2293 sustulerunt.
1367 2236 1548 2308 Igitur
1594 2242 1657 2294 ut
1685 2239 1998 2310 paritatem
2030 2257 2167 2295 cum

507 2323 626 2377 Deo
662 2324 1060 2393 subtraheret,
1107 2325 1432 2382 exilitatem
1485 2343 1658 2382 suam
1712 2327 2166 2384 demissionem-

506 2426 625 2482 que
671 2418 726 2466 et
769 2414 1170 2472 humilitatem
1220 2419 1424 2487 aperte
1480 2431 1776 2479 asserens,
1827 2417 2170 2474 humanita-

507 2499 702 2571 tisque
735 2503 1052 2560 modulum
1099 2519 1222 2560 non
1261 2504 1608 2574 indignans,
1647 2510 2170 2579 congruentesque

508 2591 912 2647 extenuationi
944 2593 1274 2650 locutiones
1305 2609 1426 2648 non
1450 2593 1800 2666 repudians,
1825 2599 2168 2667 opportuno

509 2681 777 2750 tempore
804 2683 1096 2754 majorem
1115 2686 1344 2739 Patrem
1366 2683 1706 2756 appellavit,
1727 2689 2025 2755 quatenus
2042 2684 2169 2756 ipse

513 2768 667 2822 servi
707 2769 967 2827 formam
990 2774 1580 2844 acceperat.Magnus
1607 2771 1955 2828 saccllarius
1981 2772 2129 2828 dixit
2153 2789 2166 2826 :

516 2856 891 2925 Unigenitum
908 2859 1166 2916 Verbum
1193 2861 1290 2914 Dei
1317 2865 1371 2915 et
1400 2860 1608 2926 Patris,
1629 2876 1880 2932 prosper
1903 2865 2170 2915 nostram

511 2944 769 2999 salutem
831 2948 1232 3014 exinanitum,
1308 2953 1491 3020 atque
1553 2947 1634 3003 ad
1692 2948 2171 3003 incarnationem

513 3051 705 3107 usque
727 3036 1080 3105 demissum,
1108 3036 1190 3091 ait
1208 3035 1269 3090 in
1295 3035 1650 3107 Evangeliis,
1677 3037 1855 3092 Paler
1871 3051 2030 3092 meus
2051 3052 2171 3092 ma-

504 3130 609 3198 jor
635 3145 726 3184 me
751 3133 856 3192 est,
885 3124 1161 3181 videlicet
1189 3124 1368 3181 etiam
1395 3130 1643 3198 propter
1674 3125 2170 3193 incarnationem,

515 3233 584 3273 ac
633 3223 914 3274 naturam
979 3214 1317 3272 humanam
1363 3230 1550 3286 quam
1595 3215 1871 3271 comitem
1909 3213 2174 3271 habebat

513 3305 867 3380 passibilem
921 3307 1330 3377 ereatamque,
1385 3320 1525 3377 quae
1581 3320 1794 3376 reapse
1846 3319 2028 3376 passa
2067 3307 2172 3374 est.

515 3393 964 3467 Chartophylax
1002 3391 1152 3448 dixit
1193 3408 1206 3447 ε
1265 3392 1565 3457 Quoniam
1620 3393 1964 3462 unigenitus
1999 3392 2177 3448 Filius

515 3488 638 3543 Dei.
689 3486 835 3541 Patri
885 3482 1422 3540 consubstantialis
1452 3483 1802 3555 honoreque
1830 3499 1957 3555 par,
1989 3483 2178 3555 ρει-ίαν

514 3581 644 3631 ctus
665 3579 834 3638 Deus,
852 3575 1037 3629 homo
1059 3587 1302 3644 quoque
1323 3572 1620 3643 perfectus
1642 3577 1886 3644 propter
1904 3578 2173 3628 nostram

514 3664 768 3719 salutem
822 3663 1015 3718 lactus
1076 3667 1180 3734 est,
1219 3677 1388 3733 reque
1433 3677 1502 3715 ac
1545 3676 1654 3716 nos
1707 3661 1902 3716 carnis
1933 3662 2174 3730 sangui-

513 3753 728 3823 nisque
763 3754 1150 3827 participans,
1203 3751 1426 3807 idcirco
1475 3750 1769 3820 majorem
1805 3753 2034 3804 Patrem
2067 3765 2174 3821 ap-

512 3845 780 3916 pellavit,
807 3845 985 3900 etiam
1009 3839 1346 3899 secundum
1377 3845 1639 3894 creatam
1664 3842 1946 3894 naturam
1977 3854 2171 3907 suam,

512 3933 574 3988 in
603 3949 728 4006 qua
759 3938 814 3989 et
846 3948 1066 4006 passus
1093 3935 1206 3987 est.
1237 3927 1591 3984 Caustrisius
1617 3924 1766 3981 dixit
1812 3943 1824 3980 :
1873 3929 1992 3997 Ego
2021 3943 2171 3999 quo-

511 4038 629 4094 que
661 4023 800 4088 seio,
840 4023 990 4077 inter
1020 4017 1351 4089 exegcticas
1395 4020 1740 4073 sanctorum
1794 4015 2035 4070 Patrum
2077 4032 2173 4071 ex-

511 4112 863 4184 plicationes
882 4110 1040 4166 eﬁ'ati
1057 4109 1260 4181 hujus,
1277 4105 1600 4164 nonnullos
1618 4104 2172 4166 affirmare,dictum

511 4202 573 4258 id
626 4202 812 4254 fuisse
859 4199 1037 4256 etiam
1094 4198 1168 4253 de
1234 4195 1609 4252 humanitate
1670 4213 1683 4247 :
1734 4195 2172 4251 humanitatem

512 4294 712 4346 autem
743 4287 1008 4357 intelligo
1042 4292 1340 4358 quatenus
1399 4286 1580 4340 homo
1632 4283 1826 4339 factus
1873 4288 1981 4339 est.
2045 4287 2170 4340 lmo

511 4378 690 4434 etiam
740 4376 966 4431 dictum
1019 4374 1283 4444 intelligo
1337 4373 1670 4430 secundum
1713 4371 2170 4428 substantialem

508 4465 948 4541 physicamquc
992 4464 1283 4520 rationem
1347 4462 1744 4519 humanitatis
1774 4478 1909 4533 quae
1937 4461 1997 4517 in
2037 4462 2169 4534 ipso

509 4562 618 4622 est,
651 4557 821 4625 cujus
840 4558 1103 4610 creatam
1123 4552 1521 4609 substantiam
1544 4552 1914 4624 hypostaiicc
1945 4552 2170 4608 increa-

509 4649 581 4703 tae
616 4645 963 4700 substantiae
1005 4643 1236 4700 unitam
1274 4647 1328 4698 et
1370 4641 1713 4697 deiiicatam
1757 4639 1836 4696 ob
1863 4657 2165 4698 summam

507 4736 1011 4807 conjunctionem,
1047 4749 1167 4790 non
1198 4732 1511 4789 inconfusc
1545 4729 1739 4787 solum
1767 4734 1824 4786 et
1853 4729 2164 4787 inconver-

2273 1792 2407 1841 εἶπεν
2450 1805 2462 1817 ·
2507 1793 2666 1842 Οὔπω
2722 1790 2786 1841 τα
2861 1797 2958 1850 τῆς
3022 1789 3375 1865 πληροφορίας
3442 1797 3533 1852 τῆς
3595 1795 3715 1866 περὶ
3779 1798 3872 1843 τοῦ

2274 1886 2510 1952 Σωτῆρος
2560 1885 2663 1938 τοῖς
2712 1877 3017 1938 ἀποστόλοις
3075 1875 3134 1936 ἦν
3198 1877 3390 1951 βέϐαια
3421 1896 3434 1909 ·
3475 1884 3568 1931 καὶ
3598 1875 3693 1932 διὰ
3719 1887 3872 1934 τοῦτο

2275 1966 2504 2027 πλείονος
2566 1964 2842 2042 φροντίδος
2899 1967 3110 2029 ἠξιοῦτο
3163 1968 3193 2025 ἡ
3255 1970 3452 2020 τούτων
3519 1966 3776 2038 ἀσθένεια,
3838 1970 3866 2028 ἢ

2275 2058 2305 2114 ἡ
2365 2063 2459 2116 τῆς
2515 2058 2657 2115 θείας
2729 2053 2891 2119 δόξης
2963 2061 3052 2108 καὶ
3130 2055 3529 2128 μεγαλειότητος
3588 2053 3870 2118 ἀνάδειξις.

2274 2145 2398 2198 Ὀτε
2461 2153 2583 2217 γοῦν
2627 2146 2824 2198 ἰσόθεόν
2878 2147 3032 2197 αὐτόν
3095 2148 3144 2196 οἱ
3175 2141 3428 2198 Ἰουδαῖοι
3467 2145 3593 2207 ὅλως
3634 2144 3873 2217 ἐνόμισαν

2275 2233 2534 2306 λέγεσθαι,
2593 2233 2765 2294 λίθους
2821 2235 2952 2308 ἦραν
3006 2231 3083 2285 ἐπ’
3122 2232 3276 2285 αὐτόν
3308 2254 3321 2267 ·
3368 2231 3454 2286 διὸ
3503 2237 3562 2286 τὸ
3607 2231 3874 2305 ἀνθρωπό-

2277 2343 2432 2384 τητος
2473 2323 2568 2374 οὐκ
2614 2321 2883 2396 ἀτιμάζων
2930 2326 3137 2397 μέτρον,
3195 2326 3314 2384 τοὺς
3361 2331 3424 2394 τῇ
3476 2328 3687 2375 κενώσει
3750 2325 3876 2396 πρέ-

2276 2430 2467 2473 ποντας
2522 2411 2616 2463 οὐκ
2681 2409 3110 2483 ἀποπεμπόμενος
3155 2409 3360 2481 λόγους,
3403 2411 3450 2462 ἐν
3505 2418 3578 2480 τῷ
3637 2414 3882 2484 πρέποντι

2276 2508 2442 2574 καιρῷ
2485 2501 2698 2572 μείζονα
2756 2502 2865 2552 εἶπε
2911 2503 2997 2552 τόν
3044 2502 3268 2572 Πατέρα,
3329 2499 3419 2550 ἅτε
3459 2502 3662 2574 μορφὴν
3693 2495 3880 2551 δούλου

2278 2586 2464 2642 λαϐὼν.
2523 2587 2580 2640 ὐ
2638 2593 2802 2660 μέγας
2871 2587 3208 2660 σακελλάριος
3260 2588 3392 2640 εἶπεν
3422 2605 3435 2617 ·
3491 2586 3549 2640 '0
3599 2591 3880 2660 μονογενὴς

2282 2683 2452 2749 Λόγος
2503 2686 2595 2730 τοῦ
2640 2685 2774 2731 Θεοῦ
2823 2683 2912 2730 καὶ
2963 2681 3165 2750 Πατρός
3221 2683 3312 2730 καὶ
3352 2673 3444 2730 διὰ
3491 2682 3585 2736 τὴν
3632 2679 3880 2751 ἡμετέραν

2282 2772 2546 2839 σωτηρίαν
2598 2769 2830 2827 κενωθεὶς
2887 2771 2976 2818 καὶ
3041 2768 3141 2818 ὑπὸ
3206 2767 3446 2819 σύνθεσιν
3502 2764 3676 2830 ἐλθὼν,
3744 2762 3879 2818 εἶπεν

2279 2853 2328 2905 ἐν
2387 2855 2739 2926 Εὐαγγελίοις,
2809 2855 2866 2907 Ὀ
2922 2860 3103 2927 Πατήρ
3157 2875 3258 2927 μου
3306 2855 3496 2927 μείζων
3570 2857 3670 2928 μού
3744 2853 3876 2920 ἐστι,

2281 2949 2371 2995 καὶ
2429 2940 2523 2995 διὰ
2577 2949 2673 3002 τὴν
2732 2945 2991 3011 σύνθεσιν,
3044 2947 3204 3016 ἤγουν
3260 2941 3354 2996 διὰ
3415 2947 3472 2996 τό
3533 2948 3749 3018 φορέσαι
3785 2947 3878 3000 τήν

2282 3033 2610 3106 ἀνθρωπίνην
2667 3036 2822 3104 φύσιν
2883 3037 2978 3091 τὴν
3029 3034 3272 3092 παθητὴν
3331 3037 3421 3084 καὶ
3477 3037 3714 3099 κτιστην,
3765 3035 3880 3092 ητις

2282 3126 2372 3174 καὶ
2429 3122 2693 3174 πέπονθεν.
2761 3121 2819 3174 Ὀ
2886 3121 3228 3197 χαρτοφύλαξ
3281 3129 3438 3174 εἴπεν.
3497 3120 3635 3174 Ἐπεὶ
3699 3123 3726 3174 ὁ
3786 3139 3880 3194 μο-

2281 3217 2493 3283 νογενής
2545 3215 2664 3272 Υἱὸς
2712 3218 2802 3263 τοῦ
2855 3218 2988 3264 Θεοῦ
3042 3213 3066 3264 ό
3110 3212 3390 3284 ὁμοούσιος
3452 3219 3524 3282 τῷ
3583 3216 3753 3287 Πατρὶ
3789 3214 3878 3262 καὶ

2285 3303 2551 3374 ὁμότιμος,
2625 3303 2750 3361 Θεὸς
2821 3299 3008 3361 τέλειος
3061 3301 3150 3367 ὠν,
3225 3305 3314 3353 καὶ
3369 3301 3639 3374 ἄνθρωπος
3701 3306 3878 3373 γέγονε

2284 3390 2487 3460 τέλειος,
2543 3386 2638 3442 διὰ
2689 3394 2780 3448 τὴν
2846 3391 3098 3464 ἡμετέραν
3174 3395 3438 3462 σωτηρίαν
3504 3389 3876 3462 παραπλησίως

2285 3482 2410 3552 ἡμῖν
2473 3484 2757 3552 μετασχὼν
2825 3481 3038 3552 αἵματος
3109 3483 3198 3531 καὶ
3253 3483 3467 3551 σαρκός,
3517 3478 3733 3551 μείζονα
3795 3484 3878 3533 τὸν

2285 3574 2491 3646 Πατέρα
2546 3570 2680 3621 εἶπεν
2725 3569 2909 3620 ἑαυτοῦ
2947 3573 3037 3620 καὶ
3083 3569 3215 3620 κατὰ
3265 3572 3359 3626 τὴν
3399 3566 3447 3620 ἐν
3486 3568 3629 3639 αὐτῷ
3663 3573 3880 3628 κτιστήν

2285 3663 2460 3729 φύσιν,
2517 3659 2633 3711 καθ’
2684 3658 2744 3716 ἣν
2791 3663 2879 3710 καὶ
2928 3660 3196 3714 πέπονθεν.
3251 3666 3293 3708 Ο
3333 3663 3668 3730 κανστρίσιος
3697 3659 3832 3713 εἶπεν
3865 3676 3879 3690 ·

2285 3745 2426 3801 Οἶδα
2463 3751 2551 3820 μὲν
2599 3752 2689 3799 καὶ
2739 3747 2893 3809 αὐτὸς
2938 3745 2986 3798 ἓν
3024 3754 3138 3809 ταῖς
3170 3751 3404 3820 περὶτοῦ
3443 3749 3678 3798 τοιούτου
3713 3745 3881 3821 ῥητοῦ

2283 3837 2613 3909 ἐξηγητικαῖς
2669 3838 3055 3909 ὑπαγορεύσεσι
3108 3845 3208 3889 τῶν
3275 3835 3432 3907 ἁγίων
3477 3839 3737 3910 Πατέρων,
3787 3842 3878 3889 καὶ

2283 3930 2350 3990 ὡς
2402 3929 2669 4002 ἄνθρωπον
2731 3927 2988 3999 εἰρηκέναι
3044 3934 3197 3979 τοῦτο
3256 3929 3341 3978 τόν
3396 3927 3582 3998 Κύριον
3638 3924 3879 3998 λέγοντάς

2280 4037 2423 4080 τινας
2457 4038 2470 4050 ·
2507 4020 2640 4068 οὕτω
2691 4012 2750 4070 δὲ
2786 4024 2884 4068 νοῶ
2943 4019 3023 4083 τό,
3055 4019 3124 4078 ὡς
3173 4016 3463 4089 ἄνθρωπον.
3504 4017 3635 4068 καθὸ
3673 4019 3880 4088 γέγονεν

2279 4107 2543 4180 ἄνθρωπος
2604 4105 2663 4158 οὐ
2715 4109 2818 4178 μὴν
2883 4103 3011 4158 ἀλλά
3048 4110 3138 4158 καὶ
3180 4107 3316 4158 κατὰ
3351 4108 3437 4158 τὸν
3489 4101 3726 4164 ουσιὼδη
3791 4111 3884 4160 καὶ

2281 4199 2496 4268 φυσικόν
2556 4191 2796 4253 δηλονότι
2847 4193 2998 4266 λόγον
3058 4202 3150 4254 τῆς
3197 4193 3245 4245 ἕν
3279 4193 3420 4266 αὐτῷ
3469 4193 3881 4269 ἀνθρωπότητος,

2281 4286 2340 4345 ἧς
2400 4289 2458 4337 τό
2517 4287 2724 4337 κτιστόν
2787 4285 3154 4346 ὑποστατικῶς
3184 4285 3363 4337 mea
3409 4291 3484 4354 τῷ
3528 4283 3753 4356 ἀκτίστῳ
3791 4289 3883 4336 καὶ

2283 4377 2464 4427 θεωθὲν
2529 4373 2582 4438 ἐξ
2637 4375 2798 4450 οἰκρας
2859 4373 3105 4442 ἐνὼσεως,
3165 4373 3260 4426 οὐκ
3335 4371 3656 4445 ἁσυγχύτως
3727 4378 3880 4446 μόνον

2279 4469 2367 4518 καὶ
2423 4463 2808 4536 ἀμεταϐλήτους,
2881 4462 3010 4516 ἀλλὰ
3058 4459 3126 4522 δὴ
3184 4466 3276 4515 καὶ
3344 4459 3703 4530 ἀδιαστατως,
3780 4468 3882 4536 μιᾷ

2277 4557 2632 4628 προσκυνήσει
2685 4559 3054 4625 προσκυνεῖται
3105 4550 3154 4603 ἐν
3228 4559 3301 4622 τῷ
3342 4550 3572 4624 ἁκτίστῳ
3640 4556 3795 4624 Λόγῳ
3859 4568 3877 4583 ⁶

2275 4649 2366 4696 καὶ
2423 4651 2548 4704 Θεος
2602 4641 2785 4703 τέλειος
2823 4661 2954 4714 μετα
3017 4649 3114 4704 τῆς
3171 4640 3370 4702 οἰκείας
3423 4639 3670 4715 ἆτρεψίας
3726 4643 3878 4716 ὑπερ-

2276 4741 2414 4807 φυῶς
2452 4730 2565 4784 ἐστί
2595 4750 2649 4784 τε
2687 4736 2776 4784 καὶ
2803 4731 3132 4804 ὀνομάζεται.

505 4825 761 4894 tibiliter,
793 4841 1004 4882 verum
1035 4824 1217 4881 etiam
1269 4821 1678 4884 immobiliter,
1725 4819 1902 4876 unica
1943 4819 2342 4880 admiratione
2387 4836 2748 4878 veneramur
2791 4825 2847 4877 et
2895 4819 3150 4877 colimus
3195 4818 3257 4876 in
3294 4819 3561 4876 increato
3619 4818 3820 4877 Verbo
3857 4837 3874 4876 :

511 4916 787 4985 Deusqitc
817 4914 1114 4986 perfectus
1155 4913 1212 4970 in
1243 4911 1490 4986 propria
1521 4908 2080 4967 inconvertibilitate
2108 4910 2458 4969 mirabiliter
2479 4915 2566 4968 est
2587 4914 2644 4968 et
2671 4909 3040 4968 nominatur.

580 5007 662 5055 lt.
709 5002 1163 5059 ltcierendarius
1209 5002 1398 5059 dixit:
1457 5003 1603 5056 Cum
1633 4998 1737 5054 diu
1765 5015 1945 5072 super
1986 5015 2165 5056 evan-

501 5090 691 5160 gelico
723 5091 881 5145 dicto
909 5093 1093 5148 Pater
1118 5107 1280 5148 meus
1311 5092 1508 5159 major
1529 5105 1619 5145 me
1647 5094 1730 5144 est
1757 5089 2011 5161 quaestio
2041 5089 2163 5159 agi-

503 5185 742 5246 taretur,
786 5186 990 5236 utrum
1031 5181 1210 5236 etiam
1243 5179 1577 5236 secundum
1611 5179 1844 5235 Domini
1877 5178 2160 5236 divinita-

504 5277 620 5328 tem
654 5288 688 5326 a
719 5272 940 5326 sanctis
969 5271 1381 5327 sacerdotibus
1412 5270 1630 5327 nostris
1658 5269 1934 5342 divisque
1971 5273 2156 5326 Patri-

499 5360 616 5418 bus
663 5361 806 5415 illud
847 5361 1214 5416 intellectum
1267 5360 1485 5426 fuerit;
1529 5375 1789 5431 cumque
1836 5359 1962 5431 ejus
1996 5358 2157 5414 cffati

502 5467 746 5505 sensum
781 5450 1277 5510 considerassem.
1302 5455 1478 5523 prout
1503 5449 1577 5505 de
1599 5465 1668 5505 eo
1700 5449 2155 5520 pronuntiatum

500 5546 632 5598 est:
687 5541 878 5612 ili-que
921 5539 1130 5595 eodem
1175 5539 1504 5596 collocutus
1535 5555 1657 5596 non
1699 5537 1881 5595 semel
1909 5537 2154 5594 fuissem

2348 5000 2432 5055 ια’.
2491 5001 2548 5054 Ὀ
2599 4995 3024 5076 ραιφερενδάριος
3080 4995 3215 5052 εἶπεν
3263 5015 3278 5030 ⁸
3342 4997 3422 5052 Ἐν
3489 5007 3652 5074 καιρῷ
3717 5000 3877 5070 ἱκανῷ

2273 5099 2364 5150 τῆς
2428 5094 2545 5163 περὶ
2601 5096 2692 5142 τοῦ
2750 5087 3082 5161 εὖαγγελικοῦ
3141 5088 3303 5163 ῥητου
3369 5094 3484 5142 τοῦ.
3569 5087 3628 5140 Ὀ
3690 5092 3874 5163 Πατὴρ

2271 5199 2371 5252 μου
2429 5180 2619 5251 μείζων
2679 5181 2781 5250 μού
2833 5177 2966 5245 ἐστι,
3025 5181 3292 5251 γινομένης
3348 5177 3616 5238 ζητήσέως
3675 5177 3720 5229 εἰ
3784 5177 3878 5230 καὶ

2259 5271 2406 5321 ’κατὰ
2444 5272 2500 5321 τό
2560 5267 2607 5320 ἐν
2664 5276 2736 5338 τῷ
2797 5272 2974 5340 Κυρίῳ
3034 5266 3350 5341 ἀνθρώπινον
3389 5267 3536 5341 παρὰ
3563 5273 3666 5327 τοῖς
3703 5263 3874 5337 ὰγιοις

2267 5355 2633 5430 μυσταγωγοῖς
2700 5358 2844 5429 ἡμῶν
2883 5361 2973 5408 καὶ
3027 5357 3288 5430 θεοφόροις
3347 5357 3616 5429 Πατρασιν
3679 5353 3876 5418 ἐξείλη-

2267 5468 2414 5515 πται,
2457 5452 2546 5500 καὶ
2585 5453 2677 5504 τὴν
2739 5451 2858 5520 περὶ
2906 5449 3092 5499 τούτου
3153 5449 3346 5500 ἔννοιαν
3414 5444 3865 5518 ἀναλογιζόμενος,

2267 5540 2403 5598 ὅπως
2456 5540 2650 5611 ἔφησαν
2702 5540 2813 5611 περὶ
2867 5539 3080 5607 τούτου,
3129 5542 3218 5590 καὶ
3273 5533 3712 5610 διομιλησάμενος
3743 5531 3867 5588 δια-
