4152 6208
1596 273 1948 338 THESAURI
1978 277 2110 337 LIB.
2140 282 2275 341 XXV
2277 322 2293 339 .

3489 291 3609 347 250

240 410 416 480 φόρως
471 412 551 477 τῷ
603 400 880 477 ἁγιωτάτῳ
934 404 1081 478 ἡμῶν
1137 399 1366 479 δεσπότῃ
1422 409 1513 458 καὶ
1565 402 1849 475 οἰκουμενι-

1961 416 2097 459 cum
2119 404 2501 465 sanctissimo
2521 406 2774 465 Domino
2795 410 2853 464 et
2876 408 3250 466 oecumenico
3275 414 3485 469 nostro
3503 426 3608 487 pa-

239 503 317 567 κῷ
386 494 723 569 πατριάρχη,
767 492 1124 568 κατελαϐόμην
1173 498 1267 554 τήν
1333 492 1561 566 μεγάλην
1616 491 1848 562 ἀγιωσύυ

239 603 335 642 νην
370 581 539 635 αὐτοῦ
587 579 883 643 ἀκολούθως
932 589 1043 644 τοῖς
1090 581 1267 653 ἁγίοις
1304 584 1575 656 Πατριίσιν
1630 575 1849 652 dupun-

240 674 500 726 νεύουσαν
561 673 621 723 τὸ
686 670 846 746 ῥητόν
896 691 911 706 ο
965 675 1056 724 καὶ
1104 669 1303 745 ἔμμενω
1360 678 1425 744 τῇ
1480 677 1575 732 τῆς
1620 666 1850 742 μεγάλης

241 760 550 833 ἁγιωσύνης
635 759 799 813 αὐτοῦ
1185 759 1242 814 ὀ
1305 759 1851 833 ὑπομνηματοογροὶφος

242 846 387 905 εἶπεν
439 851 522 904 ὅτι
563 849 985 926 ’Δκροασοὶμινος
1034 858 1136 903 τῶν
1197 858 1415 924 γνωμῶν
1473 857 1575 902 τῶν
1621 846 1849 921 ἁγιωτά-

240 958 346 993 των
391 946 774 1015 πατριαρχῶν,
834 938 1026 1013 ἃπομαι
1088 941 1323 1001 ταύταις.
1396 938 1456 992 ὀ
1528 940 1849 1014 ἱερομνήμων

243 1026 387 1082 εἶπεν
416 1044 432 1059 ⁸
492 1027 723 1102 Ἐπομαι
762 1033 855 1081 καὶ
894 1028 1051 1089 αὐτὸς
1095 1036 1209 1091 ταῖς
1249 1034 1484 1102 γνώμαις
1532 1036 1633 1080 τῶν
1685 1025 1847 1097 ἁγιω-

240 1120 420 1171 τάτων
462 1126 832 1192 πατριαρχῶν.
890 1117 951 1170 Ὀ
1015 1116 1101 1171 ἰπὶ
1160 1126 1262 1170 τῶν
1325 1118 1553 1189 γονάτων
1601 1114 1709 1169 εἶπε
1758 1120 1848 1166 καὶ

243 1207 398 1269 αὐτὸς
452 1210 522 1260 τὰ
568 1207 703 1260 αὖτὰ
768 1206 952 1279 λέγειν.
1012 1206 1072 1260 Ὀ
1141 1203 1471 1268 διδάσκαλος
1527 1202 1661 1258 εἶπεν
1694 1225 1707 1238 ·
1764 1200 1849 1265 Εἷς

242 1298 395 1369 ἡμῶν
451 1294 568 1350 ἔστι
621 1291 949 1356 διδάσκαλος
1001 1299 1092 1349 καὶ
1138 1296 1450 1367 καθηγητὴς
1507 1295 1532 1347 ὀ
1574 1297 1845 1368 Χριστός·

243 1388 436 1438 τοῦτον
478 1385 723 1458 μαθητήν
773 1386 1062 1460 ὸρθόφρονα
1104 1390 1377 1457 γινώσκων
1423 1387 1511 1436 τὸν
1560 1381 1849 1455 ἁγιώτατον

242 1476 402 1547 ἡμῶν
461 1470 728 1533 δεσπότην
772 1479 865 1526 καὶ
911 1473 1263 1547 οἰκουμενικὸν
1315 1473 1676 1548 πατριάρχην,
1712 1490 1852 1525 στοι-

241 1571 333 1635 xi.
387 1571 451 1637 τῇ
511 1565 699 1619 τούτου
744 1568 952 1636 γνώμη.
1006 1561 1066 1615 '0
1120 1563 1531 1637 ὑπομιμνήσκων
1596 1558 1731 1615 εἶπεν
1788 1561 1853 1621 ὣς

244 1648 419 1716 Εἰδὼς
474 1659 714 1726 Χριστοῦ
757 1655 948 1728 χάριτι
989 1654 1076 1705 τὸν
1117 1650 1408 1724 ἁγιώτατον
1458 1652 1604 1724 ἡμῶν
1657 1645 1850 1703 δεσπό-

1960 491 2217 549 triarcha
2236 511 2250 550 :
2270 496 2549 565 cognovi.
2582 511 2869 568 magnam
2896 497 3274 556 sanctitatem
3297 500 3428 571 ejus
3449 499 3612 559 haud

1956 579 2124 637 aliter
2140 598 2329 655 quam
2353 592 2595 643 sanctos
2627 589 2827 642 Patres
2848 584 2910 643 id
2935 585 3180 643 eﬂatum
3213 587 3608 664 interpretari.

1955 672 2163 728 Maneo
2186 673 2366 743 igitur
2393 674 2456 731 in
2494 690 2732 746 magnas
2758 675 3090 735 sanctitatis
3127 677 3259 748 ejus
3288 678 3605 737 sententia.

1957 756 2069 824 Qui
2099 763 2191 816 est
2217 775 2254 817 a
2293 763 2741 820 commentariis
2761 761 2950 820 dixit:
2974 764 3204 838 Sequor
3232 781 3387 839 quas
3406 766 3610 825 audivi

1957 848 2282 906 sententias
2335 852 2856 911 sanctissimorum
2917 853 3425 926 patriarcharum.
3483 856 3610 913 Hie-

1955 951 2315 997 romnemon
2346 939 2529 998 dixit:
2563 943 2792 1014 Sequor
2838 949 2897 998 et
2922 958 3039 1012 ego
3078 943 3609 1002 sanctissimorum

1957 1025 2441 1097 patriarcharum
2470 1030 3084 1089 sententias.1\liuister
3104 1048 3140 1087 a
3156 1032 3413 1102 genibus
3432 1032 3602 1106 dixit,

1956 1131 2022 1171 se
2063 1131 2309 1190 quoque
2364 1120 2423 1174 in
2481 1119 2563 1198 id;
2595 1121 2960 1194 conspirare.
3018 1119 3357 1195 Praeceptor
3407 1123 3605 1181 dixit:

1959 1205 2122 1260 Unus
2152 1213 2241 1262 est
2267 1214 2599 1280 praeceptor
2628 1216 2829 1265 noster
2856 1216 2917 1267 et
2939 1215 3288 1267 antecessor
3301 1211 3601 1270 Christus:

1955 1292 2130 1364 cujus
2180 1310 2319 1352 cum
2351 1297 2621 1354 noverim
2650 1297 3055 1355 orthodoxum
3087 1314 3217 1355 esse
3245 1299 3610 1372 discipulum

1957 1382 2404 1441 sanctissimum
2437 1393 2713 1445 nostrum
2738 1386 3055 1443 dominum
3082 1392 3140 1445 et
3167 1389 3610 1459 mcumenicum

1957 1471 2387 1545 patriarcham,
2418 1475 2498 1531 ad
2513 1476 2696 1547 hujus
2726 1476 3088 1534 sententiam
3111 1477 3609 1535 accedo.Monitor

1957 1558 2143 1617 dixit:
2180 1563 2478 1628 Quoniam
2536 1563 2775 1623 favente
2831 1567 2950 1622 Deo
2998 1566 3449 1625 sanctissimum
3501 1582 3609 1625 no-

1958 1653 2148 1706 strum
2198 1652 2521 1711 Dominum
2559 1658 2718 1710 recte
2760 1653 3117 1712 sentientem
3147 1655 3307 1721 novi.
3348 1654 3608 1713 retinen-

242 1761 341 1801 την
368 1741 537 1817 ὀρθῶς
560 1748 873 1815 φρονοῦντα⁹
913 1746 1004 1793 καὶ
1052 1742 1190 1794 κατὰ
1235 1743 1333 1803 τὰς
1381 1735 1701 1816 παραδόσεις
1746 1747 1847 1791 τῶν

1961 1741 2200 1813 temque
2251 1740 2532 1799 divorum
2588 1744 2829 1801 Patrum
2888 1743 3259 1811 traditiones,
3296 1761 3521 1819 sequor
3550 1750 3609 1803 et

245 1832 403 1887 θείων
452 1835 725 1898 Harios»,
780 1830 974 1900 ἕπομαι
1015 1833 1108 1884 καὶ
1158 1829 1313 1893 αὐτὸς
1362 1836 1471 1892 τοίς
1520 1828 1646 1901 παρ’
1688 1827 1849 1881 αὐτοῦ

243 1916 566 1980 λαληθιῖσιν.
594 1922 674 1975 Τὰ
714 1918 852 1972 αῦτά
905 1922 1072 1993 τούτῳ
1127 1915 1236 1972 εἶπε
1280 1922 1377 1972 καὶ
1420 1919 1448 1971 6
1498 1925 1699 1993 πρῶτος
1748 1918 1853 1992 ἄρ-

246 2028 365 2083 χων
432 2016 537 2062 τῶν
600 2007 912 2067 ἐκκλησιῶν.
983 2006 1043 2062 Ὀ
1123 2011 1364 2083 μαϊστωρ
1436 2015 1538 2062 τῶν
1616 2007 1851 2081 ῥητόρων

250 2105 365 2151 εἰει
419 2113 435 2128 ⁶
495 2101 568 2152 Τὸ
636 2099 775 2151 κατὰ
849 2099 908 2150 τὸ
980 2094 1299 2172 ἀνθρώπινον
1374 2096 1637 2170 εἰρημένον
1709 2098 1854 2171 παρὰ

246 2193 352 2240 τῶν
443 2185 604 2258 ἁγίων
674 2190 767 2239 καὶ
843 2187 1096 2262 θεοφόρων
1162 2189 1435 2262 Πατὲρων,
1549 2185 1684 2238 οὕτω
1762 2203 1852 2257 μοι

251 2277 494 2329 νοεῖσθαι
553 2274 896 2334 κατείληπται
936 2295 950 2308 ·
985 2274 1057 2328 ἐνὶ
1249 2274 1407 2348 λόγῳ,
1453 2275 1531 2328 ὅτι
1585 2275 1613 2326 6
1672 2278 1850 2347 Πατήρ

263 2364 463 2437 ἔμεινεν
512 2362 562 2416 ἐν
598 2362 676 2427 οἷς
707 2360 768 2423 ἧν
796 2361 878 2418 ἀεί
905 2382 919 2397 ο
962 2366 989 2418 6
1030 2361 1089 2418 δὲ
1143 2366 1268 2428 Υἱὸς
1303 2368 1397 2423 την
1454 2363 1689 2417 ἑκούσιον
1727 2364 1852 2416 ὐπο-

262 2456 452 2524 μεένας
503 2456 713 2506 κένωσιν
766 2451 813 2505 ἄν
867 2461 931 2527 τῇ
991 2460 1085 2507 τοῦ
1126 2450 1317 2507 δούλου
1381 2460 1554 2529 μορφῇ
1608 2451 1799 2511 κατέϐη
1834 2472 1849 2486 θ

261 2537 425 2614 ἑτέρῳ
468 2535 524 2593 δ’
582 2540 648 2593 αὖ
698 2544 830 2594 κατά
883 2546 973 2594 τὸν
1024 2540 1140 2617 ὅρον
1195 2545 1285 2597 καὶ
1329 2540 1480 2614 λόγον
1543 2547 1641 2603 τῆς
1686 2559 1852 2615 προσ-

252 2626 548 2701 ὶηγθείσης
608 2629 747 2701 αὐτῷ
817 2628 1143 2705 ἀνθρωπίνης
1200 2638 1421 2692 κτιστῆς
1495 2634 1587 2682 καὶ
1660 2631 1854 2691 θνητῆς

246 2719 481 2789 φύσεως.
535 2724 595 2773 '0
648 2714 891 2793 διύτιρος
954 2718 1224 2794 ὅστιςεριος
1278 2716 1389 2772 εἶπε
1440 2724 1557 2780 ταῖς
1618 2723 1853 2792 γνώμαις

248 2815 354 2859 τῶν
378 2806 686 2879 ἆγιωτάτων
721 2816 1071 2882 πατριαρχῶν
1095 2815 1351 2881 στοιχεῖν.

323 2893 424 2969 ιβ’.
473 2896 534 2950 Ὀ
576 2895 870 2970 ἆγιὼτατος
922 2903 1070 2971 ἡμῶν
1108 2893 1373 2960 δεσπότης
1425 2900 1517 2950 καί
1566 2896 1851 2971 οἰκονμινιο

248 2988 337 3047 κὸς
368 2987 713 3062 πατριάρχης
759 2985 896 3040 εἶπεν
949 2987 1031 3040 ὅτι
1077 2987 1222 3060 Ἐμοὶ
1272 2981 1521 3041 δοκοῦσιν
1549 2987 1666 3039 ὅσοι
1711 2987 1852 3039 εἶπον

1954 1826 2089 1900 ipse
2112 1827 2449 1887 doctrinam
2469 1831 2620 1903 ejus.
2650 1835 2812 1889 Idem
2839 1831 2988 1889 dixit
3000 1832 3179 1890 etiam
3202 1834 3432 1905 primus
3448 1849 3603 1908 prea-

1956 1918 2191 1990 positus
2235 1919 2649 1977 ecclesiarum.
2708 1920 2984 1991 Magister
3037 1921 3345 1979 rhetorum
3400 1922 3603 1979 dixit:

1957 2005 2129 2074 Quod
2162 2008 2352 2065 sancti
2381 2008 2621 2081 divique
2652 2012 2849 2066 Patres
2879 2009 3102 2069 dictum
3122 2008 3264 2067 illud
3288 2009 3369 2068 ad
3394 2010 3612 2068 huma-

1960 2094 2205 2152 nitatem
2236 2097 2584 2167 retulerunt,
2615 2097 2673 2153 id
2697 2096 2845 2155 mihi
2872 2099 2956 2155 sic
2985 2098 3613 2169 intelligendumvide-

1960 2187 2088 2249 tur;
2139 2185 2357 2258 partim
2388 2185 2637 2258 quidem
2676 2188 2820 2259 quia
2868 2190 3036 2243 Pater
3080 2187 3142 2245 in
3205 2188 3332 2243 suis
3363 2187 3611 2245 dotibus

1961 2289 2203 2346 semper
2226 2274 2590 2347 permansit;
2624 2280 2685 2331 at
2723 2276 2901 2331 Filius
2932 2275 3333 2333 voluntariam
3358 2276 3605 2334 subiens

1959 2364 2427 2423 exinanitionem
2459 2365 2539 2422 ad
2566 2364 2724 2423 servi
2762 2365 3022 2423 formam
3069 2365 3382 2422 descendit
3417 2383 3432 2422 :
3471 2382 3610 2440 par-

1960 2453 2063 2509 tim
2097 2468 2238 2509 vero
2267 2454 2608 2510 secundum
2633 2454 3251 2527 circumscriptionem
3287 2454 3620 2513 rationem-

1956 2557 2077 2614 que
2107 2547 2435 2615 assumptas
2462 2541 2542 2600 ab
2572 2558 2644 2600 eo
2674 2543 2962 2600 humanae
2982 2547 3197 2601 creatm
3222 2542 3619 2617 mortalisque

1958 2634 2210 2687 naturas.
2239 2631 2550 2689 Secundus
2581 2631 2872 2689 Ostiarius
2902 2630 3052 2689 dixit
3090 2631 3615 2688 sanctissimorum

1957 2718 2436 2791 patriarcharum
2469 2720 2776 2777 sententiis
2807 2734 2935 2775 sese
2965 2719 3294 2778 adhaerere.

2034 2902 2118 2954 t2.
2139 2898 2565 2957 Sanctissimus
2588 2904 2791 2957 noster
2811 2898 3099 2958 dominus
3125 2905 3180 2957 et
3203 2900 3614 2959 mcumenicus

1962 2988 2305 3060 patriarcha
2331 2988 2518 3049 dixit:
2548 2988 2684 3047 Mihi
2724 2989 2959 3047 videtur
2998 2994 3297 3063 quotquot
3344 2991 3615 3063 episcopi

248 3074 350 3126 τῶν
403 3072 698 3151 ἀρχιερέων
756 3080 849 3128 καὶ
897 3083 996 3129 τῶν
1059 3073 1329 3151 ἀρχόντων
1390 3077 1522 3128 κατὰ
1558 3077 1617 3128 τὸ
1676 3073 1727 3127 ἓν
1778 3081 1850 3147 τῷ

1963 3092 2036 3134 ac
2065 3077 2371 3151 praepositi
2394 3077 2473 3134 de
2504 3076 2713 3134 Christi
2744 3078 3119 3137 humanitate
3149 3078 3308 3136 dicta
3336 3078 3610 3136 afﬁrma-

248 3169 469 3238 Χριστῷ
510 3161 834 3240 ἀνθρώπινον
908 3163 1152 3239 εἰρῆσθαι
1201 3168 1291 3232 τὸ,
1345 3162 1406 3217 ’0
1477 3167 1693 3239 Παρτήρ
1750 3182 1852 3237 μου

244 3252 444 3325 μείζων
616 3251 760 3307 ἔστιν
791 3273 805 3289 σ
846 3256 1011 3327 ἤγουν
1055 3255 1193 3307 κατὰ
1237 3257 1332 3314 τὴν
1389 3251 1438 3307 ἓν
1467 3252 1611 3325 αὐτῷ
1659 3250 1855 3330 ἀνθρω-

244 3345 404 3401 πίνην
461 3341 687 3403 κτιστήν
742 3344 921 3416 φύσιν,
982 3343 1101 3399 καθ’
1149 3342 1212 3403 ἣν
1256 3347 1348 3397 καὶ
1384 3344 1649 3410 πέπονθεν,
1691 3341 1854 3417 ὀρθῶς

247 3435 341 3484 καὶ
393 3428 782 3508 ἄπροσκόπτως
833 3436 926 3485 καὶ
972 3435 1106 3507 πρὸς
1167 3436 1263 3492 τήν
1338 3434 1592 3507 ἔρώτησιν
1643 3429 1855 3486 ἀποκοι-

245 3521 433 3574 νεσθαι
473 3540 489 3554 ο
521 3522 577 3574 οἵ
632 3516 695 3574 δι
734 3519 904 3583 ἄλλως
951 3520 1234 3598 εἰρηκότις,
1275 3521 1450 3596 ἀσαφῆ
1508 3522 1854 3594 ποιησάμινοι

246 3613 345 3669 τὴν
382 3607 693 3686 ἀπόκρισιν,
741 3613 833 3664 καὶ
884 3609 1079 3687 μᾶλλον
1114 3615 1243 3687 πρὸς
1296 3609 1546 3674 ἀλλήλους
1585 3614 1657 3685 μὴ
1710 3629 1852 3683 συμ-

249 3704 606 3771 φωνήσωτις,
664 3695 790 3753 οὐδε
841 3702 972 3775 πρὸς
1017 3704 1113 3762 την
1178 3698 1433 3776 ἒρὼτησιν
1484 3696 1707 3754 δοκοῦσί
1760 3717 1853 3773 μοι

250 3785 658 3864 ἆκοκρίνασθαι,
703 3788 765 3842 Ὀ
813 3788 1099 3862 ἁγιώτατος
1143 3791 1485 3865 πατριάρχης
1525 3787 1852 3850 Θεονπόλεως

247 3876 489 3951 μεγάλης
542 3876 875 3952 ’Δντιοχιίας
929 3874 1066 3933 εἶπεν
1112 3878 1356 3954 εἰρῆσθαι
1399 3881 1482 3947 τὸ,
1541 3876 1603 3932 Ὀ
1666 3881 1848 3953 Πατήρ

246 3985 351 4039 μου
402 3966 600 4041 μείζων
646 3971 749 4042 μού
791 3966 923 4038 εστι,
961 3970 1107 4043 παρὰ
1155 3975 1250 4022 τοῦ
1293 3974 1531 4043 Χριστοῦ
1576 3972 1671 4021 καὶ
1715 3968 1854 4021 κατὰ

246 4058 345 4115 τὴν
413 4055 827 4133 ἕνανθρὼπησιν,
894 4061 986 4112 καὶ
1043 4060 1104 4111 τὸ
1173 4059 1223 4112 ἰν
1289 4057 1431 4130 αὐτῷ
1493 4065 1567 4129 τῷ
1632 4063 1851 4132 Χριστῷ

246 4148 466 4200 κτιστόν
511 4165 570 4200 τε
620 4151 713 4200 καὶ
751 4147 1008 4206 παθητόν.
1056 4145 1118 4202 Ὅ
1167 4146 1461 4220 ἀγιώτατος
1508 4148 1850 4222 πατριάρχης

242 4233 618 4311 Ἱεροσολύμων
665 4231 801 4290 εἶπεν
825 4254 840 4270 ο
912 4234 1145 4311 Ἐφθασε
1203 4238 1265 4291 τό
1324 4243 1537 4310 Πνεῦμα
1585 4239 1649 4289 τὸ
1699 4236 1849 4309 ἅγιον

244 4326 303 4376 τὸ
346 4331 393 4378 Ο
433 4328 620 4400 Πατήρ
667 4343 768 4399 μου
806 4325 1002 4400 μείζων
1044 4328 1147 4400 μού
1202 4323 1366 4396 ἔστιν,
1409 4325 1725 4400 ἑρμηνεῦσαι
1756 4320 1852 4379 διὰ

250 4420 344 4467 τῶν
402 4415 569 4487 ἁγίων
641 4419 732 4469 καὶ
779 4415 1015 4490 μεγάλων
1065 4420 1352 4492 φωστήρων
1389 4423 1489 4479 τῆς
1533 4415 1850 4481 Ἐκκλησίας

250 4509 335 4559 καὶ
391 4513 499 4559 τῶν
547 4504 709 4571 ἁγίων
751 4509 838 4560 καὶ
898 4508 1045 4571 ἱερῶν
1098 4504 1334 4562 συνόδων
1371 4521 1391 4540 ⁸
1434 4503 1668 4571 δέχομαι
1724 4514 1849 4571 γοῦν

1961 4415 2107 4471 dum
2136 4428 2293 4487 quas
2321 4415 2424 4470 illa
2452 4415 2636 4469 verba
2658 4415 2958 4469 intellecta
2987 4415 3144 4468 sunt.
3160 4415 3459 4478 Quoniam
3472 4423 3608 4467 vero

1961 4503 2341 4563 afﬁrmarunt
2370 4504 2588 4571 Patres,
2619 4499 2848 4558 dictum
2888 4500 3006 4558 hoc
3050 4516 3090 4557 a
3136 4498 3370 4556 Christo
3421 4498 3608 4556 fuisse

242 4509 335 4559 καὶ
391 4513 499 4559 τῶν
547 4504 709 4579 ἁγίων
751 4509 838 4560 καὶ
898 4508 1045 4583 ἱερῶν
1098 4504 1334 4562 συνόδων
1371 4521 1391 4540 ⁸
1434 4503 1668 4581 δέχομαι
1724 4514 1849 4581 γοῦν

243 4596 422 4658 πάσας
472 4597 567 4658 τὰς
602 4591 837 4670 ἂδοχὰς
879 4595 1000 4652 καθ’
1037 4595 1101 4660 ἂς
1128 4597 1462 4672 ἡρμήνενσαν
1503 4596 1632 4651 αῦτό
1662 4609 1679 4629 ⁸
1721 4594 1852 4651 ἕπει-

245 4679 317 4743 δή
370 4683 651 4759 εἰρήκασιν
704 4687 786 4739 ὅτι
822 4687 889 4748 ὥς
943 4687 1072 4748 Θεὸς
1107 4685 1299 4751 τέλειος
1326 4690 1419 4741 καὶ
1464 4688 1533 4751 ὡς
1578 4686 1849 4762 ἄνθρωπος

240 4772 436 4839 τέλειος
493 4776 698 4850 εἴρηκεν
742 4775 771 4828 6
830 4773 991 4838 αὐτὸς
1043 4778 1281 4850 Χριστὸς
1307 4778 1367 4830 τὸ
1403 4777 1640 4831 τοιοῦτον
1666 4776 1847 4853 ῥητὸν,

244 4868 411 4936 ἦγον-ν
457 4865 531 4928 ὧς
585 4866 725 4938 ἔχων
784 4863 836 4919 ἓν
874 4864 1044 4938 ἐαυτῷ
1098 4869 1197 4926 τήν
1250 4869 1472 4927 κτιστήν
1536 4867 1694 4940 φύσιν
1758 4869 1850 4920 καὶ

243 4955 511 5027 παθητὴν,
558 4955 678 5010 καθ’
716 4953 778 5015 ἣν
815 4959 907 5010 καὶ
950 4956 1195 5024 πέπονθε,
1240 4954 1377 5030 λίνω
1430 4954 1524 5009 καὶ
1577 4953 1735 5020 αὐτὸς
1784 4956 1852 5009 τὰ

242 5042 380 5098 αὐτὰ
405 5046 501 5098 καὶ
528 5042 591 5098 οὗ
613 5040 845 5120 δύναμαι
876 5044 1169 5121 ἀρνείσθαι.

310 5130 402 5206 ιγ’.
474 5134 702 5190 ’Τούτων
784 5138 921 5189 οὕτω
1010 5135 1472 5210 γνωματενθὲντων
1541 5136 1686 5212 παρά
1746 5142 1847 5190 τῶν

240 5218 553 5294 ἁγιωτάτων
614 5231 985 5299 πατριαρχῶν,
1074 5224 1425 5298 ἠρωτήθησαν
1492 5222 1558 5278 ὀἱ
1634 5222 1848 5296 ἀσαφῶς

238 5314 699 5385 γνωματεύσαντες
762 5312 921 5367 εἰπεῖν
937 5357 955 5384 ,
1041 5313 1089 5367 εὶ
1158 5320 1273 5377 ταῖς
1355 5322 1458 5368 τῶν
1539 5315 1847 5388 ἄγιωτάτων

238 5417 593 5477 πατριαρχων
643 5407 882 5477 γνώμαις
937 5410 1276 5479 στοιχοῦσιν,
1318 5406 1417 5460 ιῖτε
1461 5408 1554 5459 καὶ
1598 5406 1695 5478 μή.
1743 5407 1846 5459 Καὶ

237 5489 435 5545 αὐτίκα
479 5492 507 5545 6
560 5493 752 5568 Μύρων
799 5488 908 5546 εἶπι
951 5495 1171 5557 ταύταις
1199 5499 1454 5567 στοιχιῖν.
1483 5491 1543 5547 ὀ
1588 5493 1842 5569 Κορίνθου

238 5574 347 5634 εἶπε
372 5587 467 5635 καὶ
514 5580 678 5644 αὐτὸς
709 5582 924 5646 ταύταις
975 5590 1234 5658 στοιχεῖν,
1277 5570 1419 5660 μηδι
1454 5583 1506 5637 ἓν
1551 5589 1619 5660 τῇ
1656 5586 1837 5660 γνώμῃ

1961 3170 2102 3223 runt
2126 3165 2347 3223 verba:
2380 3165 2559 3224 Pater
2594 3182 2759 3225 meus
2787 3171 2986 3239 major
3018 3182 3112 3224 me
3139 3173 3246 3234 est,
3288 3166 3350 3223 id
3396 3171 3487 3224 est
3528 3182 3617 3224 se-

1961 3252 2231 3311 cundum
2261 3253 2392 3325 ejus
2420 3259 2685 3311 creatam
2720 3258 3049 3312 humanam
3089 3259 3368 3315 naturam
3399 3254 3462 3311 in
3491 3270 3620 3328 qua

1961 3346 2019 3399 et
2043 3356 2265 3415 passus
2297 3345 2410 3409 est,
2436 3345 2595 3399 recte
2624 3346 2683 3399 et
2709 3341 3002 3400 inoffense
3045 3346 3226 3416 atque
3275 3342 3354 3399 ad
3395 3358 3617 3416 propo-

1962 3432 2145 3490 situm
2190 3430 2609 3505 respondisse:
2660 3432 2767 3507 qui
2825 3437 3028 3489 autem
3086 3432 3254 3490 aliter
3308 3432 3610 3499 dixerunt,

1960 3521 2220 3579 obscure
2247 3521 2641 3594 respondisse
2677 3520 2977 3592 videntur,
3028 3521 3152 3579 imo
3192 3521 3346 3578 inter
3382 3536 3446 3579 se
3497 3520 3617 3578 dis-

1960 3608 2176 3667 cordes
2207 3624 2404 3683 neque
2449 3608 2530 3666 ad
2566 3609 2944 3683 propositum
2976 3608 3385 3667 collineantes.
3435 3610 3617 3667 Sanc-

1964 3698 2229 3756 tissimus
2278 3697 2623 3771 patriarcha
2652 3698 2819 3756 urbis
2866 3698 2969 3756 Dei
3017 3713 3256 3770 magnae
3286 3696 3614 3756 Antiochia

1959 3788 2295 3859 ait,dictum
2316 3786 2501 3845 fuisse
2512 3789 2700 3846 Pater
2713 3803 2878 3847 meus
2896 3790 3097 3861 major
3109 3803 3202 3846 me
3220 3793 3306 3846 est
3328 3803 3365 3845 a
3378 3786 3610 3847 Christo

1958 3877 2142 3937 etiam
2171 3877 2509 3934 secundum
2548 3878 3028 3936 incarnationem
3067 3881 3453 3950 creatamque
3480 3877 3612 3949 ejus

1958 3971 2239 4024 naturam
2269 3982 2341 4024 ac
2387 3965 2764 4040 passibilem.
2814 3965 3244 4024 Sanctissimus
3271 3964 3613 4036 patriarcha

1959 4055 2536 4128 Hierosolymitanus
2556 4054 2727 4112 dixit:
2749 4057 2776 4112 J
2781 4070 2878 4111 am
2895 4058 3140 4112 sanctus
3154 4053 3406 4126 Spiritus
3425 4050 3613 4109 verba

1959 4146 2154 4204 Pater
2171 4160 2337 4202 meus
2353 4146 2555 4216 major
2567 4159 2660 4202 me
2679 4150 2764 4201 est
2779 4143 3101 4217 explicavit
3110 4157 3218 4216 per
3229 4144 3467 4199 sanctos
3489 4156 3613 4198 ma-

1961 4248 2242 4307 gnosque
2272 4230 2710 4291 illuininatores
2752 4232 3048 4305 Ecclesiae,
3083 4235 3618 4305 sacrosanctasque

1961 4324 2256 4399 synodos.
2287 4322 2533 4396 Recipio
2558 4322 2739 4393 igitur
2753 4326 3002 4379 cunctas
3035 4320 3382 4380 traditiones
3410 4334 3617 4378 secun-

1959 4413 2107 4471 dum
2136 4428 2293 4487 quas
2321 4412 2424 4470 illa
2452 4411 2636 4469 verba
2658 4409 2958 4469 intellecta
2987 4415 3144 4468 sunt.
3160 4409 3459 4478 Quoniam
3472 4423 3613 4467 vero

1958 4599 2087 4653 tum
2118 4598 2419 4668 quatenus
2446 4607 2627 4649 verus
2649 4591 2804 4649 Deus
2821 4594 2930 4656 est,
2958 4595 3087 4649 tum
3107 4589 3283 4648 etiam
3312 4593 3611 4663 quatenus

1961 4699 2137 4742 verus
2177 4682 2388 4759 homo,
2435 4680 2543 4756 qui
2588 4695 2810 4755 nempe
2839 4683 3104 4737 creatam
3136 4676 3608 4753 passibilemque

1957 4777 2241 4831 naturam
2270 4770 2476 4841 habet,
2505 4770 2570 4828 in
2597 4784 2724 4844 qua
2773 4768 2956 4826 etiam
3002 4782 3226 4841 passus
3254 4769 3385 4834 est;
3416 4763 3514 4821 aio
3541 4762 3607 4823 id

1958 4863 2158 4938 ipsum
2182 4877 2296 4935 ego
2323 4874 2590 4936 quoque,
2617 4875 2817 4935 neque
2834 4857 3071 4917 inﬁcias
3098 4857 3182 4915 ire
3209 4869 3390 4930 queo.

2033 5136 2117 5191 t3.
2152 5133 2477 5205 Postquam
2505 5125 2601 5187 has
2629 5127 2939 5186 sententia:
2987 5140 3025 5184 a
3062 5122 3466 5185 sanctissimis
3504 5137 3614 5199 pa-

1956 5220 2232 5279 triarchis
2287 5218 2459 5278 dictae
2513 5218 2776 5289 fuerunt,
2830 5214 3181 5287 interrogati
3238 5218 3381 5271 sunt
3415 5213 3458 5271 ii
3507 5212 3616 5287 qui

1957 5312 2337 5371 subobscure
2377 5308 2732 5367 sententiam
2752 5306 3049 5377 dixerant,
3077 5311 3283 5363 utrum
3321 5303 3401 5362 ad
3437 5318 3610 5361 sanc-

1955 5402 2325 5461 tissimorum
2350 5398 2582 5473 judicia
2609 5396 2985 5468 accederent,
3011 5410 3221 5454 necne.
3259 5394 3610 5467 Primusque

1952 5490 2234 5567 Myrensis
2284 5489 2435 5547 dixit
2479 5487 2840 5546 consentire.
2913 5484 3256 5545 Corinthius
3319 5481 3468 5540 dixit
3542 5496 3607 5536 se

1950 5578 2303 5658 quoquehis
2323 5576 2866 5653 sutfragart,neque
2883 5573 3253 5639 contrarium
3263 5570 3604 5647 quidquam
