4152 6208
530 291 635 348 254
1864 292 2134 351 meum
2170 288 2549 350 canimus
3774 274 3881 352 τεο

534 416 595 471 in
638 432 747 472 sua
790 417 1083 473 sententia
1133 418 1483 491 protulisse;
1529 420 1753 492 quippe
1801 417 1904 490 qui
1955 416 2174 493 dixerat

2243 415 2451 470 iuﬁroz)
2515 417 2699 482 αὑταῖς
2748 418 3066 479 ἐναντιωθείς
3120 434 3136 450 ·
3197 419 3266 479 ὡς
3312 416 3464 469 εἰπὼν
3526 415 3574 468 ἐν
3624 417 3754 488 αὐτῇ
3818 419 3883 468 τὰ

536 506 835 562 Christum
884 508 1196 579 passiones
1237 508 1363 563 sine
1412 514 1659 580 peccato
1698 506 2089 564 oeconomiae.
2122 502 2176 558 id

2290 508 2431 563 πάθη
2498 511 2561 559 τὰ
2621 505 2917 565 ariam”:
2993 508 3349 579 οἰκονομικῶς,
3422 509 3588 559 εἷτουν
3661 504 3879 573 ἀληθῶς,

536 599 623 650 est
652 610 808 663 vere,
862 597 1178 668 recepisse.
1217 599 1593 653 Atheniensis
1633 598 1780 653 dixit
1836 612 1897 651 se
1941 609 2176 667 quoque

2289 597 2377 645 τὸν
2422 600 2652 670 Χριστὸν
2707 593 3116 658 καταδέξασθαι.
3165 594 3222 647 Ὀ
3281 594 3511 651 Ἀθηνῶν
3575 599 3665 647 καὶ
3731 594 3885 657 αὐτὸς

535 683 1053 741 sanctissimorum
1096 686 1570 757 patriarcharum
1624 686 1947 741 sententias
1990 681 2175 755 sequi.

2290 691 2406 746 ταῖς
2473 692 2705 759 γνώμαις
2784 695 2881 738 τῶν
2966 685 3266 758 ἁγιωτάτων
3349 692 3694 760 πατριαρχῶν
3778 681 3885 737 εἷπε

537 772 813 829 Similiter
882 776 1258 839 Larissensis,
1311 775 1687 843 Rhodiensis,
1765 772 2177 845 Philippensis,

2293 781 2546 844 στοιχεῖν.
2579 773 2638 828 Ὀ
2672 780 2949 850 Λαρίσσης
2996 773 3105 827 εἷπε
3148 778 3235 826 καὶ
3288 772 3443 835 αύτός
3482 774 3698 826 ἔπεσθαι
3752 776 3884 826 ταύ-

536 861 781 918 easdem
813 863 1026 918 sectari
1056 864 1508 920 conﬁrmarunt.
1532 864 1949 936 Neopatrensis
1982 866 2176 916 autem

2290 880 2421 921 ταις·
2465 862 2686 935 Ὁμοίως
2736 868 2828 916 καὶ
2880 865 2906 914 ὁ
2955 860 3137 916 Ῥόδου
3187 865 3406 923 ταύταις
3456 862 3564 915 εἷπε
3620 869 3881 933 στοιχεῖν.

536 950 683 1007 dixit
704 956 1008 1022 postremo
1038 954 1341 1009 sententize
1365 970 1489 1009 sua;
1512 953 1804 1008 vocabulo
1833 952 2054 1007 addere
2096 964 2176 1015 se,

2294 955 2395 1002 Καὶ
2452 953 2477 1002 ὁ
2539 953 2803 1005 Φιλίππων
2861 957 2950 1004 καὶ
3010 952 3169 1013 αὐτὸς
3217 948 3324 1005 εἶπε
3376 953 3594 1011 ταύταις
3643 952 3884 1008 ἕπεσθαι,

537 1048 844 1110 assumpta
877 1057 1059 1098 carne
1084 1050 1287 1099 creata
1320 1045 1727 1115 passibilique,
1753 1047 1813 1097 in
1841 1058 1958 1113 qua
1983 1047 2037 1096 et
2053 1055 2177 1108 pas-

2291 1039 2349 1091 Ὀ
2389 1038 2447 1093 δὲ
2496 1047 2633 1094 Νέων
2680 1050 2893 1117 Πατρῶν
2940 1044 3279 1117 προστιθέναι
3328 1038 3436 1093 εἷπε
3489 1048 3563 1112 τῷ
3608 1040 3886 1112 τελευταίῳ

536 1146 636 1184 sus
648 1138 750 1185 est.
777 1131 1043 1185 Enensis
1059 1131 1219 1186 dixit:
1243 1148 1304 1187 se
1325 1148 1569 1204 quoque
1588 1137 1719 1204 post
1740 1134 2043 1186 sententim
2061 1142 2176 1181 sum

2291 1130 2491 1203 ῥήματι
2573 1140 2668 1194 τῆς
2740 1138 2947 1205 γνώμης
3009 1131 3170 1184 αὐτοῦ
3241 1134 3393 1199 (39),
3480 1133 3655 1206 σάρκα
3716 1130 3888 1183 λαϐὼν

537 1218 741 1288 verba,
768 1226 831 1274 ut
854 1222 1291 1276 incarnationis
1304 1222 1479 1289 ﬁdem
1498 1223 1753 1291 faceret;
1775 1221 2035 1289 itemque
2053 1220 2177 1271 ante

2294 1225 2516 1278 κτιστην
2606 1226 2695 1273 καὶ
2777 1224 3051 1287 καθητὴν,
3131 1222 3251 1273 καθ’
3326 1220 3387 1278 ἢν
3466 1225 3557 1272 καὶ
3633 1222 3879 1274 πέπονθε.

542 1306 741 1363 verba.
778 1308 888 1363 hoc
926 1315 1122 1364 autem
1153 1311 1239 1365 sic
1267 1310 1501 1378 afﬁrmo
1533 1315 1598 1363 ut
1629 1316 1874 1365 exteras
1908 1321 2023 1361 non
2065 1319 2182 1360 res-

2296 1314 2397 1361 Καὶ
2454 1311 2479 1360 ὁ
2520 1313 2673 1363 Αἰνου
2733 1307 2792 1363 δὲ
2838 1315 2927 1363 καὶ
2969 1310 3125 1372 αὐτὸς
3186 1313 3316 1382 μετὰ
3362 1312 3421 1361 τὸ
3470 1307 3522 1361 ἓν
3576 1316 3640 1381 τῇ
3702 1316 3886 1381 γνώμη

536 1410 719 1464 puam
749 1402 1085 1453 sanctorum
1127 1399 1449 1467 opiniones,
1478 1396 1928 1470 supperaddere
1951 1401 2176 1450 senten-

2296 1398 2457 1449 αὑτοῦ
2534 1404 2889 1473 γεγραμμένον
2970 1402 3122 1469 (40),
3193 1403 3290 1466 τὸ,
3366 1400 3709 1471 πιστούμενος
3793 1403 3892 1456 τὴν

538 1483 632 1539 tias
675 1501 821 1549 suae,
854 1493 1058 1555 utpote
1086 1488 1190 1558 qui
1231 1502 1473 1543 carnem
1512 1491 1916 1555 assumpserat
1964 1490 2178 1539 morta-

2295 1486 2588 1559 οἰκονομίαν
2636 1502 2652 1519 ο
2720 1494 2809 1541 καὶ
2872 1493 2973 1561 πρὸ
3034 1496 3142 1544 τοῦ.
3225 1491 3375 1558 Λέγω
3441 1484 3502 1539 δὲ
3550 1495 3699 1540 τοῦτο
3760 1489 3894 1559 μετὰ

540 1574 652 1629 lem
680 1576 1157 1647 passibilemque,
1185 1580 1249 1631 in
1276 1593 1391 1647 qua
1419 1577 1691 1632 videlicet
1727 1582 1781 1631 et
1819 1590 2028 1644 passus
2079 1577 2180 1629 est.

2293 1581 2385 1627 καὶ
2441 1584 2542 1628 τῶν
2608 1577 2771 1629 ἄλλων
2827 1578 2894 1629 ὧν
2961 1578 3009 1629 οἱ
3064 1576 3209 1649 άγιοι
3263 1576 3496 1648 λέγουσι,
3552 1578 3894 1651 προστιθέναι

537 1664 853 1734 Cocyraaus
898 1665 1046 1720 dixit
1098 1664 1372 1721 recedere
1418 1682 1479 1720 se
1518 1680 1768 1738 prorsus
1818 1680 1852 1719 a
1896 1660 2177 1717 sententia

2297 1663 2404 1717 εἶπε
2469 1675 2532 1738 τῇ
2600 1673 2779 1739 γνώμῃ
2840 1667 3000 1719 αὐτοῦ
3066 1685 3149 1736 το,
3214 1669 3278 1727 ὡς
3343 1671 3432 1719 καὶ
3487 1668 3659 1739 σάρκα
3721 1665 3894 1718 λαϐὼν

539 1767 670 1819 sua,
703 1757 882 1824 atque
928 1754 1004 1808 ad
1036 1754 1166 1810 illas
1205 1754 1685 1826 patriarcharum
1733 1752 2037 1809 accedere.
2076 1752 2179 1805 Ma-

2253 1755 2487 1815 ςθνητὴν
2544 1761 2634 1807 καὶ
2703 1759 2966 1826 παθητὴν,
3026 1755 3153 1808 παθ’
3231 1755 3292 1813 ἢν
3359 1752 3498 1813 δῆτα
3554 1759 3644 1807 καὶ
3698 1759 3893 1807 πέπον-

540 1855 694 1909 gnus
724 1842 1129 1914 scevophylax
1151 1842 1550 1912 interrogatus
1580 1848 1636 1897 et
1660 1844 1812 1914 ipse,
1832 1844 2029 1895 utrum
2054 1853 2180 1894 san-

2300 1844 2399 1895 θεν.
2457 1843 2517 1896 '0
2569 1841 2629 1896 δέ
2675 1864 2735 1916 γε
2794 1849 3064 1921 Κερκύρων
3122 1844 3255 1897 εἶπεν
3305 1843 3628 1917 ἀφίστασθαι
3667 1842 3893 1895 καθόλου

539 1928 943 1985 ctissimorum
960 1931 1437 2003 patriarcharum
1462 1930 1764 1987 sententiis
1784 1930 2179 1995 asseutiretur,

2295 1940 2393 1983 τῶν
2447 1934 2570 2008 παρ’
2619 1934 2781 1985 αὐτοῦ
2834 1936 3299 2007 γνωματευθέντων
3335 1948 3348 1961 ’
3401 1934 3618 1986 ἔπεσθαι
3675 1928 3735 1985 δε
3776 1940 3897 1994 ταῖς

542 2017 624 2071 ait
671 2032 736 2074 se
768 2018 847 2072 ad
900 2025 1266 2089 postremam
1325 2020 1632 2074 sententiae
1690 2034 1812 2073 suae
1842 2017 2182 2082 dictionem,

2295 2027 2523 2093 γνώμαις
2583 2030 2683 2074 τῶν
2747 2032 3113 2098 πατριαρχὼν.
3181 2030 3240 2075 ’0
3320 2020 3479 2094 μίγας
3549 2020 3891 2094 σκευοφύλαξ,

540 2111 836 2177 quatenus
867 2109 991 2177 ipse
1033 2109 1191 2165 servi
1226 2110 1490 2178 formam
1546 2113 1874 2177 acceperat,
1932 2105 2180 2176 adjicere

2298 2107 2573 2183 ἐρωτηθεὶς
2620 2116 2712 2163 καὶ
2761 2112 2918 2172 αὐτὸς
2969 2112 3012 2164 εἰ
3054 2118 3170 2174 ταῖς
3221 2117 3456 2184 γνώμαις
3509 2119 3609 2163 τῶν
3657 2110 3894 2182 ἁγιωτά-

537 2194 727 2251 verba
751 2212 1105 2268 carnemque
1124 2198 1410 2254 visibilem
1432 2196 1907 2254 contrectabitem
1925 2199 2177 2251 creatam

2296 2218 2396 2250 των
2448 2209 2791 2275 πατριαρχῶν
2845 2202 3041 2270 ἕπεται,
3105 2199 3213 2254 εἶπε
3271 2202 3607 2273 προστιθέναι
3664 2203 3753 2272 μὲν
3802 2204 3896 2251 καὶ

539 2284 1050 2354 circumsm‘ptam
1076 2293 1131 2343 et
1154 2287 1499 2355 passibilem
1531 2291 1963 2354 assumpserat,
1982 2286 2041 2338 in
2070 2296 2179 2354 qua

2296 2296 2369 2358 τῷ
2399 2287 2671 2341 τελευταίὼ
2722 2291 2922 2364 ῥήματι
2986 2297 3081 2352 τῆς
3126 2296 3339 2362 γνώμης
3381 2288 3543 2341 αὑτοῦ
3600 2290 3710 2361 (41)
3763 2307 3894 2363 μορ-

540 2385 748 2441 reapse
767 2379 823 2428 et
846 2388 1061 2441 passus
1086 2375 1596 2446 est.Subdiditque
1627 2389 1690 2429 se
1706 2373 2180 2445 patriarcharum

2299 2382 2397 2447 φήν
2486 2375 2674 2431 δούλου
2749 2378 2938 2447 λαϐὼν,
3001 2384 3078 2445 τὸ,
3142 2384 3231 2431 καὶ
3306 2380 3479 2452 σάρκα
3546 2379 3738 2451 ὁρατήν
3804 2381 3897 2430 καὶ

539 2476 784 2532 quoque
835 2464 1142 2519 sententiis
1201 2464 1525 2519 adhaerere.
1592 2467 1837 2532 Magnus
1895 2463 2036 2516 item
2089 2476 2179 2515 sa-

2298 2465 2466 2524 ἀπτὴν
2532 2473 2622 2521 καὶ
2681 2472 2899 2527 κτιστὴν
2957 2474 3050 2520 καὶ
3119 2472 3480 2541 περιγραπτήν
3558 2472 3650 2519 καὶ
3712 2468 3895 2524 παθη-

539 2548 814 2604 cellarius
874 2552 956 2606 ait
1006 2553 1173 2624 sequi
1222 2568 1283 2607 se
1353 2553 1873 2607 sanctissimorum
1935 2549 2179 2621 patriar-

2297 2561 2411 2623 τὴν,
2479 2560 2596 2610 καθ’
2675 2559 2735 2616 ἢν
2804 2556 2946 2618 δῆτα
3013 2563 3104 2611 καὶ
3174 2559 3439 2612 πέπονθεν.
3498 2554 3624 2610 Εἶπε
3681 2554 3741 2609 δ⁴ε
3793 2562 3887 2609 καί

536 2637 790 2693 charum
810 2641 1153 2696 sententias.
1188 2642 1544 2697 Canstrisius
1582 2641 1729 2696 dixit
1752 2657 1814 2695 se
1846 2640 2060 2711 pariter
2081 2653 2176 2710 pa-

2295 2655 2408 2707 τοιῖς
2461 2657 2560 2699 τῶν
2632 2656 2973 2722 πατριαρχών
3049 2653 3284 2721 γνώμαις
3357 2654 3611 2719 στοιχεῖν.
3690 2650 3792 2699 Καὶ
3860 2647 3887 2697 ὁ

538 2726 930 2783 triarcharum
978 2729 1215 2797 iudiciis
1259 2730 1658 2802 acquiescere.
1704 2731 1970 2800 Denique
2004 2728 2178 2783 etiam

2295 2740 2457 2806 μέγας
2532 2735 2862 2810 σακελλάριος
2926 2742 3016 2789 καὶ
3078 2736 3233 2797 αὐτὸς
3300 2733 3434 2788 εἶπεν
3506 2735 3723 2787 ἕπεσθαι
3774 2742 3894 2797 ταῖς

539 2815 828 2886 magister
853 2818 1159 2873 rhetorum
1186 2835 1323 2873 cum
1364 2820 1575 2874 iisdem
1608 2819 1952 2890 conspirare
1994 2833 2053 2869 se
2083 2816 2179 2871 ait.

2293 2830 2526 2895 γνώμαις
2582 2832 2681 2876 τῶν
2745 2825 3044 2896 ἁγιωτάτων
3100 2833 3468 2898 πατριαρχῶν.
3544 2831 3588 2876 0
3635 2828 3891 2896 κανστρί-

540 2904 687 2958 Cum
736 2919 878 2973 ergo
925 2920 1137 2961 omnes
1191 2907 1656 2973 consensissent,
1712 2922 1823 2961 nec
1861 2905 2180 2977 quisquam

2297 2930 2407 2972 σιος
2438 2911 2544 2964 εἶπε
2581 2917 2671 2965 καὶ
2720 2912 2878 2974 αὐτὸς
2930 2920 3161 2986 στοιχεῖν
3207 2919 3326 2974 ταῖς
3365 2918 3599 2985 γνὼμαῖς
3649 2921 3747 2964 τῶν
3785 2932 3890 2964 πα-

539 2991 862 3062 ambiguus
913 2995 1043 3064 jam
1110 3001 1466 3067 superesset,
1528 2996 1682 3052 facta
1736 3000 1829 3050 est
1874 3011 1910 3049 a
1953 2992 2179 3049 cunctis

2293 3009 2584 3074 τριαρχῶν.
2614 3006 2714 3054 Καὶ
2744 3003 2770 3053 ὁ
2821 3004 3059 3077 μαίστωρ
3111 2999 3170 3054 δὲ
3226 3011 3324 3054 τῶν
3370 3003 3604 3078 ῥητόρων
3648 3007 3737 3055 καὶ
3787 3002 3890 3053 αύ-

538 3080 738 3136 fausta
775 3082 1151 3156 acclamatio,
1194 3100 1401 3141 mense
1453 3091 1509 3141 et
1564 3085 1887 3140 indictione
1946 3098 2178 3155 supras-

2253 3093 2375 3162 ἐτὸς
2437 3094 2655 3154 ταύταις
2728 3100 2965 3165 στοιχεῖν
3052 3094 3272 3165 εἴρηκεν,
3346 3091 3429 3153 Ὠς
3498 3089 3587 3144 οὖν
3669 3092 3893 3153 ἅπαντες

540 3170 762 3242 Gripus:
788 3186 949 3227 anno
972 3177 1130 3228 6674.
2293 3182 2649 3253 ὡμοφώνησαν
2716 3186 2807 3233 καὶ
2876 3178 3050 3243 οὐδεὶς
3121 3180 3399 3254 ὑπελείφθη
3459 3178 3748 3255 διχονοῶν,
3807 3185 3895 3252 γέ-

2292 3287 2409 3340 γονε
2445 3288 2535 3320 και
2586 3273 2727 3343 παρὰ
2781 3272 2986 3322 πάντων
3048 3272 3078 3328 ἡ
3132 3270 3361 3343 εὐφημία
3399 3274 3525 3342 μηνὶ
3582 3275 3672 3323 καὶ
3730 3265 3897 3321 ἰνδα-

2293 3365 2438 3409 τιῶνι
2466 3365 2571 3418 τοῖς
2600 3362 3085 3433 προφεγραμμίνοις
3110 3361 3258 3421 ἔτους
3289 3355 3474 3431 σχοδ’.

1105 3514 1310 3569 ACTIO
1366 3515 1617 3570 TERTIA

2922 3524 3155 3574 ΠΡΑΞῙΣ
3182 3518 3256 3576 Γ.

534 3633 754 3689 Mensis
775 3634 987 3689 Martii
1001 3635 1095 3690 die
1109 3638 1651 3707 sexta,indictionis
1671 3638 1825 3703 XIV,
1846 3638 1941 3694 die
1960 3641 2174 3708 prima.

2176 3684 2178 3693 ,
2360 3647 2500 3702 Μηνὶ
2529 3648 2748 3720 Μαρτίῳ
2780 3645 2924 3719 ἕκτη,
2953 3647 3121 3720 ἡμέρα
3151 3649 3330 3719 πρώτῃ
3376 3640 3699 3708 ἰνδιχτιῶνος
3720 3641 3816 3697 ιδ’·

606 3762 665 3816 1.
704 3759 1058 3816 Praesidente
1089 3777 1124 3816 a
1146 3764 1263 3817 Deo
1291 3768 1577 3818 coronato
1602 3763 2018 3835 potentissimo
2049 3781 2182 3821 san-

2360 3769 2428 3828 α’.
2482 3772 2879 3844 Προκαθημὲνου
2933 3778 3025 3824 τοῦ
3086 3772 3396 3825 θωστὲπτου
3461 3776 3744 3843 κρατίστου
3797 3774 3890 3823 καὶ

536 3851 751 3919 ctoque
785 3854 991 3904 nostro
1048 3864 1186 3919 rege
1244 3855 1301 3906 et
1354 3850 1715 3921 imperatore
1754 3851 2001 3907 domino
2058 3853 2176 3909 Ma-

2289 3858 2439 3931 ἁγίου
2479 3860 2509 3917 ἡ
2516 3868 2623 3930 μῶν
2647 3857 2904 3932 βασιλέως
2925 3866 3015 3913 καὶ
3045 3860 3419 3934 αὐτοκράτορος
3448 3866 3610 3933 κυροῠ
3636 3859 3885 3917 Μανουηλ

533 3936 709 3992 nuele
736 3938 1042 3994 Comneno
1070 3938 1128 3993 in
1158 3938 1371 3994 eodem
1416 3939 1645 4011 tropico
1684 3940 1985 4005 conclavi;
2027 3941 2173 3997 assi-

2287 3956 2379 4001 τοῦ
2411 3956 2678 4022 Κομνηνοῦ
2716 3948 2767 4002 ἐν
2796 3957 2855 4022 τῇ
2885 3950 3012 4022 αὐτῇ
3046 3952 3255 4023 ύπερῴα
3305 3956 3518 4022 τροπικῇ
3555 3966 3568 3978 ·
3604 3945 3881 4023 συνεδρια-

530 4026 812 4084 dentibus
840 4027 1081 4084 sublimi
1110 4029 1411 4099 majestati
1449 4030 1599 4100 ejus,
1651 4028 1904 4101 despota
1933 4030 2170 4086 amabili

2292 4041 2480 4100 ζόντων
2509 4047 2580 4109 τῷ
2610 4037 2761 4110 ίνθέῳ
2782 4041 2960 4113 κράτει
2998 4039 3160 4092 αὐτοῦ
3196 4046 3288 4092 τοῦ
3321 4036 3577 4092 δεσπότου
3608 4042 3701 4090 καὶ
3738 4056 3884 4113 περι-

530 4133 751 4188 genero
777 4123 997 4175 sanctae
1024 4119 1353 4191 majestatis
1383 4118 1434 4191 ej
1446 4135 1513 4174 us
1543 4118 1792 4175 domino
1813 4119 2170 4185 Alexio,san-

2287 4130 2520 4186 ποθήτου
2555 4126 2797 4202 γαμϐροῦ
2844 4136 2942 4192 τῆς
2977 4127 3129 4200 ἁγίας
3186 4128 3343 4181 αὐτου
3391 4126 3660 4199 βασιλείας
3723 4135 3885 4200 κυροῦ

531 4208 795 4263 ctissimo
827 4214 882 4264 et
928 4210 1299 4264 meumenico
1338 4209 1684 4281 patriarcha
1713 4210 1960 4265 domino
1982 4214 2171 4279 Luca;

2292 4215 2524 4280 Ἀλεξίου
2559 4233 2572 4246 ·
2605 4224 2698 4270 τοῦ
2730 4216 3022 4288 ἁγιωτάτου
3048 4223 3139 4271 καὶ
3168 4217 3525 4289 οἰκουμενικοῦ
3550 4218 3887 4291 πατριάρχου

531 4297 909 4352 sanctissimo
948 4298 1290 4368 patriarcha
1320 4298 1486 4353 urbis
1540 4299 1641 4355 Dei
1681 4315 1915 4370 magnae
1978 4300 2171 4356 Antio-

2287 4314 2449 4379 κυροῡ
2477 4310 2660 4360 Λουκᾶ
2691 4322 2704 4336 ⁶
2745 4313 2838 4358 τοῦ
2868 4306 3164 4378 ἁγιωτάτου
3195 4307 3534 4382 πατριάρχου
3556 4304 3883 4367 Θεουπόλεως

530 4383 678 4439 chiaa
726 4385 972 4439 domino
1004 4386 1370 4454 Athanasio;
1422 4388 1803 4445 sanctissimo
1836 4389 2170 4461 patriarcha

2287 4395 2517 4469 μεγάλης
2542 4395 2865 4467 Ἀντιοχείας
2891 4404 3053 4469 κυροῡ
3082 4396 3399 4450 ’Δθανασίον
3435 4412 3447 4426 ·
3493 4400 3585 4448 καὶ
3609 4403 3701 4448 τοῦ
3731 4393 3887 4466 ἁγιω-

530 4471 1075 4544 Hierosolymorum
1105 4474 1349 4531 domino
1412 4476 1783 4549 Nicephoro;
1838 4458 2170 4535 astantibus

2246 4472 2250 4507 ⁵
2286 4458 2445 4538 τάτου
2462 4458 2800 4561 πατριάρχου
2820 4458 3183 4558 Ἱεροσολύμων
3199 4493 3361 4558 κυρου
3382 4488 3710 4558 Νικηφόρουο
3733 4458 3886 4557 παρι-

527 4560 752 4632 potenti
780 4565 1108 4632 sanctoque
1162 4568 1367 4618 nostro
1399 4564 1522 4633 regi
1576 4564 1943 4621 amabilibus
1992 4582 2167 4640 nepo-

2288 4577 2551 4646 σταμίνων
2615 4582 2687 4645 τῷ
2745 4583 2977 4649 κραταιῷ
3026 4579 3116 4628 καὶ
3154 4574 3285 4647 ἁγίῳ
3334 4576 3479 4647 ἡμῶν
3524 4572 3737 4646 βασιλεῖ
3785 4581 3884 4626 τῶν

530 4649 687 4705 tibus
718 4649 767 4721 ej
780 4666 865 4717 us,
891 4649 1030 4705 filiis
1058 4649 1261 4724 inclyti
1290 4651 1487 4708 fratris
1520 4654 1856 4727 majestatis
1877 4672 2023 4719 suae,
2044 4672 2170 4728 por-

2284 4664 2644 4737 περιποθήτων
2670 4660 2890 4735 ἀνεψιῶν
2939 4664 3120 4736 αὐτοῦ,
3165 4671 3267 4717 τῶν
3311 4666 3435 4716 υἱῶν
3489 4670 3580 4716 τοῦ
3639 4658 3884 4734 ἀοιδίμου

529 4739 907 4813 phyrogeniti
939 4747 995 4796 et
1022 4740 1443 4799 sebastocratis
1476 4741 1710 4799 domini
1739 4744 2084 4813 Andronici,
2115 4746 2169 4802 id

2283 4749 2608 4827 αύταδίλφου
2646 4762 2740 4816 τῆς
2785 4754 2941 4825 ἁγίας
2992 4754 3153 4807 αὐτοῦ
3208 4751 3485 4827 βασιλείας
3531 4770 3882 4827 πορφυρογεν-

525 4836 614 4886 est
637 4830 1073 4901 protovestiaro
1096 4830 1344 4889 domino
1367 4834 1679 4900 Joanne,et
1699 4834 1947 4890 domino
1971 4835 2165 4893 Alexio

2281 4845 2438 4901 νήτου
2529 4847 2620 4895 καὶ
2702 4841 3179 4917 σεϐαστοκράτορος
3264 4850 3426 4917 κυροῦ
3507 4837 3842 4916 Ἀνδρονίκου
3869 4883 3884 4911 ,

531 4921 872 4987 Comnenis;
898 4921 1139 4977 amabili
1168 4922 1436 4995 patruele
1456 4924 1714 4996 potentis
1731 4925 2043 4997 sanctique
2061 4943 2171 4983 no-

2280 4938 2374 4985 τοῠ
2426 4950 2481 4985 τε
2534 4932 2976 5007 πρωτοσεϐαστοῦ
3042 4937 3133 4986 καὶ
3184 4931 3666 5008 πρωτοϐεστιαρίου
3720 4937 3884 5005 κυροῦ

533 5008 636 5063 stri
648 5011 803 5079 regis
825 5009 1074 5066 domino
1095 5012 1327 5068 Joanne
1354 5013 1661 5079 Duca,ﬁlio
1682 5013 1888 5086 inclyti
1909 5016 2171 5089 Porphy-

2284 5018 2543 5089 Ἰωάννου,
2606 5027 2696 5075 καὶ
2740 5028 2833 5075 τοῦ
2901 5029 3064 5097 κυροῦ
3121 5020 3354 5085 ’Δλεξίου
3403 5029 3506 5074 τῶν
3558 5026 3836 5093 Κομνηνῶν
3870 5040 3884 5053 ο

526 5098 779 5166 rogeniti
808 5103 864 5154 et
893 5101 1384 5159 sebastocratoris
1399 5102 1631 5158 domini
1652 5103 2166 5172 Andronici,ama-

2282 5117 2375 5163 τοῦ
2424 5112 2779 5184 περιποθήτου
2816 5107 3098 5185 ἕξαδελφου
3154 5118 3249 5164 τοῦ
3290 5118 3540 5186 κραταιοῦ
3592 5115 3683 5163 καὶ
3735 5109 3886 5183 ἁγίου

530 5184 665 5241 bilis
694 5187 892 5258 patrui
924 5195 1145 5245 sancta;
1163 5190 1495 5260 majestatis
1520 5191 1945 5263 ejus;amabili
1966 5210 2170 5252 conso-

2284 5199 2429 5272 ἡμῶν
2494 5197 2755 5273 βασιλέως
2824 5209 2991 5277 κυροῡ
3066 5200 3306 5254 Ἰωάννου
3375 5208 3466 5253 τοῦ
3524 5201 3714 5267 Δούκα,
3795 5205 3888 5253 τοῦ

533 5274 707 5366 brino
732 5277 990 5349 potentis
1009 5282 1067 5335 et
1085 5280 1277 5336 sancti
1297 5280 1486 5337 nostri
1506 5280 1666 5351 regis
1692 5281 1941 5338 domino
1955 5284 2173 5341 Andro-

2284 5288 2402 5341 υἱοῦ
2448 5297 2541 5343 τοῦ
2606 5286 2855 5366 ἀοιδίμου
2922 5295 3411 5366 πορφυρογεννήτου
3478 5293 3570 5342 καὶ
3632 5287 3890 5341 σεϐαστοο

527 5365 937 5439 nico,Caesaris
970 5368 1093 5427 ﬁlio
1122 5388 1140 5443 ;
1176 5369 1543 5427 amabilibus
1572 5371 1954 5429 consobrinis
1985 5374 2167 5433 sancti

2285 5379 2534 5454 κράτορος
2578 5365 2762 5455 κυροῦί
2806 5365 3147 5459 Ἀνδρονίκου
3199 5387 3294 5433 τοῦ
3342 5380 3696 5455 περιποθήτου
3747 5379 3888 5432 θείου

606 5512 724 5661 ἱὲἓί
752 5512 894 5660 ἓξὲξ
919 5515 1016 5644 ﬁt:

2358 5524 2472 5601 (ει)
2508 5523 2652 5598 Pas.
2674 5524 2766 5587 ω.
