4152 6208
243 323 345 379 253
1574 327 1659 385 TH
1669 319 1917 384 ESAURI

239 455 332 508 τῆς
377 447 542 518 ἁγίας
573 447 733 500 αὐτοῦ
765 447 1039 522 βασιλείας
1064 469 1077 482 ·
1113 458 1202 504 τοῦ
1246 455 1598 528 περιποθήτου
1639 450 1849 523 ἀνεψιοῦ
1880 453 1928 506 Α

234 544 328 588 τοῦ
356 545 626 611 κραταιοῦ
654 542 746 590 καὶ
785 539 941 610 ἁγίου
973 541 1115 612 ἡμῶν
1156 539 1411 612 βασιλέως
1448 549 1611 616 κυροῦ
1635 539 1848 614 Ἀ·νό¹ρο⁹

237 631 385 678 νίκου
418 645 521 678 του
551 630 668 679 υἱοῦ
687 635 779 680 ’ν’οῦ
813 633 1108 703 Καίσαρος
1139 637 1237 682 τῶν
1252 633 1612 704 περιποθήτων
1631 629 1850 700 ἀνεψιῶν

237 722 328 767 τοῦ
356 714 630 788 βασιλέως
649 719 795 789 ἡμῶν
816 726 911 770 τοῦ
949 719 1124 790 ἁγίου,
1156 727 1254 770 τῶν
1289 721 1734 791 Κοντοστεφάνων,
1759 724 1849 770 τοῦ

239 825 292 858 τε
320 811 521 878 κυρίου
553 806 790 860 Ἰωάννου
821 813 912 860 καὶ
941 817 1032 861 τοῦ
1070 817 1229 883 κυροῦ
1257 809 1488 872 Ἀλεξίου
1518 826 1530 839 °
1567 819 1667 861 τῶν
1706 828 1849 882 περιο

237 897 491 952 ποθὴτων
533 895 758 967 ἀναβιῶν
799 905 889 949 τοῦ
931 897 1186 970 βασιλέως
1232 901 1378 971 ἡμῶν
1421 906 1514 950 τοῦ
1553 898 1724 970 ἁγίου,
1753 907 1850 950 τῶν

239 987 364 1036 υἱῶν
389 993 498 1036 τοῦ
548 990 841 1060 μακαρίτου
899 989 1251 1061 περιποθήτου
1291 987 1530 1062 γαμϐροῦ
1583 996 1672 1048 τῆς
1697 987 1852 1058 ἁγίας

239 1075 402 1125 αὑτοῦ
437 1072 722 1146 βασιλείας
752 1083 845 1128 τοῦ
873 1075 1497 1150 πανσεϐαστοῦπερτάτου
1537 1085 1698 1152 κυροῦ
1729 1085 1855 1129 Θεο-

240 1159 416 1237 δώρου
443 1171 548 1216 τοῦ
582 1166 875 1233 Βατάτςου,
907 1174 1001 1218 τοῦ
1020 1185 1072 1218 τε
1100 1175 1267 1239 κυροῦ
1293 1163 1629 1240 Ἀνδρονίκου
1651 1171 1740 1218 καὶ
1761 1174 1852 1218 τοῦ

237 1261 400 1325 κυροῦ
431 1252 673 1315 Ἀλεξίου
695 1268 710 1281 ·
743 1262 834 1306 τοῦ
877 1257 1225 1328 περιποθήτου
1254 1252 1529 1328 ἕξαδέλφου
1562 1263 1652 1307 τοῦ
1690 1254 1851 1327 βασι-

238 1339 362 1400 λέως
389 1343 549 1413 ἡμῶν
578 1349 671 1394 τοῦ
714 1341 889 1414 ἁγίου,
933 1350 1093 1416 κυροῦ
1127 1345 1362 1396 Ἰωάννου
1404 1351 1494 1396 τοῦ
1543 1347 1711 1397 Δούκα
1761 1351 1851 1396 τοῦ

241 1432 357 1481 υἱοῦ
386 1437 490 1481 τοῦ
517 1427 767 1502 ἀοιδίμου
818 1435 1087 1506 Καίσαρος
1109 1441 1201 1485 τοῦ
1230 1439 1501 1509 Βρυεννίου
1525 1449 1538 1464 ⁸
1571 1440 1664 1485 τοῦ
1702 1452 1852 1507 περι-

241 1521 481 1576 ποθήτου
537 1517 822 1592 ἄξαόίλφου
874 1529 966 1574 τοῦ
1025 1521 1283 1594 βασιλέως
1335 1525 1481 1596 ἡμῶν
1524 1531 1616 1575 τοῦ
1675 1523 1847 1593 ἁγίου,

241 1618 403 1684 κυροῦ
437 1609 672 1672 Ἀλεξίου
703 1619 796 1662 τοῦ
827 1617 1068 1683 Κομηνοῦ
1116 1620 1209 1664 τοῦ
1248 1614 1364 1664 υἱοῦ
1393 1621 1484 1664 τοῦ
1524 1629 1851 1684 πανυπερσε-

243 1698 450 1751 ϐάστου
477 1720 492 1733 '
552 1708 653 1752 τῶν
711 1703 1071 1774 περιποθήτων
1131 1699 1420 1774 ίξαδέλφων
1459 1709 1550 1754 τοῦ
1593 1701 1854 1775 βασιλέως

247 1791 394 1860 ἡμῶν
421 1797 518 1841 τοῦ
541 1789 716 1860 ἁγίου,
743 1798 848 1842 τῶν
877 1792 1001 1842 υἱῶν
1030 1792 1380 1866 περιποθήτου
1415 1793 1546 1844 θείου
1577 1799 1668 1851 τῆς
1699 1790 1853 1861 ἁγίας
1882 1797 1922 1853 Β

251 1875 412 1928 αὐτοῦ
443 1875 720 1949 βασιλείας
740 1884 835 1929 τοῦ
871 1878 1496 1954 πανσεϐαστοῦπιρτάτου
1523 1885 1682 1953 κυροῦ
1713 1883 1850 1930 Κων-

259 1967 528 2017 οτάντίνου
584 1973 678 2017 τοῦ
708 1966 978 2037 Ἀτγίλου,
1027 1975 1119 2019 τοῦ
1175 1987 1229 2020 τε
1268 1975 1431 2041 κυροῦ
1458 1968 1715 2036 Ἰωαννου,
1759 1974 1851 2018 τοῦ

259 2063 420 2128 κυροῦ
449 2054 697 2126 Ἀλεξίου,
731 2063 824 2107 τοῦ
854 2056 1016 2128 κυροῦ
1045 2053 1399 2129 Ἀνδρονίκου,
1433 2061 1524 2108 καὶ
1552 2064 1642 2108 τοῦ
1689 2065 1850 2129 κυροῦ

261 2143 524 2197 Ἰσαακίου
546 2159 562 2173 ⁸
592 2152 683 2198 τοῦ
709 2144 1075 2198 πανσεϐάστου
1107 2144 1363 2199 σεϐαστοῦ
1388 2152 1477 2198 καὶ
1497 2145 1734 2222 γαμϐροῦ
1761 2155 1851 2198 τοῦ

265 2241 512 2304 κραταιοῦ
542 2239 631 2286 καὶ
661 2233 812 2306 ἁγίου
840 2237 870 2293 ἡ
878 2243 986 2306 μῶν
1015 2233 1271 2307 βασιλέως
1309 2243 1472 2308 κυροῦ
1499 2237 1734 2288 Ἰωάννου
1761 2243 1852 2288 τοῦ

274 2326 695 2385 Καντακονζηνοῦ
717 2340 730 2354 ·
760 2329 851 2375 105
895 2323 1258 2376 πανσεϐάστου
1310 2323 1565 2377 σεϐαστσύ
1603 2329 1693 2376 καὶ
1716 2345 1852 2396 γαμ-

281 2408 410 2484 ϐροῦ
435 2419 523 2463 τοῦ
576 2409 818 2483 βασιλέως
865 2413 1012 2484 ἡμῶν
1062 2419 1153 2465 τοῦ
1207 2413 1358 2485 ἁγίου
1395 2420 1556 2486 κυροῦ
1589 2419 1855 2466 K00501015-

281 2505 419 2550 τίνου
447 2507 536 2552 τοῦ
563 2503 724 2552 Δοὺκα
745 2522 756 2534 ·
788 2509 878 2552 τοῦ
910 2499 1270 2554 πανσεϐάστου
1301 2501 1556 2554 σεϐαστοῦ
1587 2507 1676 2554 καὶ
1714 2522 1854 2574 γαμ-

273 2585 403 2661 ϐροῦ
447 2597 538 2640 τοῦ
583 2598 828 2662 κραταιοῦ
879 2595 969 2642 καὶ
1007 2590 1157 2662 ἁγίου
1188 2593 1334 2662 ἡμῶν
1379 2590 1657 2663 βασιλέως,
1696 2599 1856 2663 κυροῦ

266 2675 450 2752 Ἰωσήρ
485 2685 575 2730 τοῦ
603 2685 902 2754 Βρυεννίου·
955 2687 1046 2731 τοῦ
1089 2679 1451 2734 πανσεϐάστου
1486 2679 1743 2734 σεϐαστοῦ
1769 2685 1857 2732 καὶ

261 2765 499 2839 γαμϐροῦ
528 2775 620 2820 τοῦ
654 2767 910 2842 βασιλέως
939 2771 1085 2842 ἡμῶν
1128 2777 1219 2822 τοῦ
1248 2773 1400 2842 ἁγίου
1431 2777 1590 2842 κυροῦ
1621 2770 1856 2823 Ἰωάννου

263 2863 353 2906 105
395 2854 761 2929 Ἀρεαντινοῦ·
818 2865 909 2910 τοῦ
965 2860 1328 2910 πανσεεῖάστου
1384 2857 1640 2911 σεϐαστοῦ
1696 2867 1857 2932 κυροῦ

261 2947 469 3007 Λέοντος
499 2954 591 2998 τοῦ
636 2950 936 3020 Καμὺτερος
957 2964 970 2976 ⁸
1002 2953 1094 2999 τοῦ
1134 2946 1494 3001 πανσεϐάστου
1534 2955 1697 3019 κυροῦ
1724 2947 1860 2999 Ἀλε-

261 3031 371 3094 ξίου
435 3042 530 3086 1'05
579 3041 782 3110 Βρανᾶ·
838 3043 928 3088 τοῦ
983 3035 1348 3088 πανσὶςάστου
1391 3035 1648 3089 σεϐαστοῦ
1695 3044 1858 3109 κυροῦ

259 3119 539 3176 Γουδελίου
564 3132 657 3176 τοῦ
684 3121 1007 3185 Τξικανδίλη
1034 3146 1046 3158 ο
1089 3132 1180 3177 τοῦ
1205 3124 1570 3177 πανσεϐάστου
1600 3125 1856 3177 σεϐαστοῦ
1885 3145 1927 3202 C

255 3220 418 3285 κυροῦ
474 3213 705 3276 Ἀλεξίου
753 3222 845 3265 τοῦ
897 3219 1189 3286 Κομνηνοῦ·
1253 3221 1341 3265 τοῦ
1381 3213 1740 3267 πανσεϐάστου
1773 3233 1857 3266 σε·

255 3300 460 3355 ϐαστοῦ
490 3307 579 3356 καὶ
606 3302 834 3374 μεγάλου
865 3303 1228 3377 ἐταιρειάρχου
1268 3311 1429 3377 κυροῦ
1470 3310 1509 3357 Γ
1512 3308 1728 3379 εωργίου
1767 3310 1859 3355 τοῦ

255 3391 648 3464 Παλαιολόγουυ
697 3400 790 3444 τοῦ
833 3391 1196 3446 πανσεϐάστου
1247 3391 1503 3445 σεϐαστοῦ
1555 3398 1646 3445 καὶ
1700 3392 1860 3444 αὐτα-

255 3475 451 3552 δᾶφου
501 3478 659 3532 αὐτοῦ
701 3488 864 3555 κυροῦ
914 3485 1306 3534 Κωνσταντίνου
1331 3497 1344 3510 ⁸
1377 3488 1467 3533 τοῦ
1494 3480 1858 3533 πανσεϐάστου

256 3568 525 3622 σεϐαστοῦ
543 3576 707 3643 κυροῦ
733 3567 962 3632 Ἀλεξίου
997 3577 1089 3621 τοῦ
1117 3568 1473 3641 Παλαιολόγου
1495 3591 1508 3604 ·
1555 3577 1645 3622 τοῦ
1675 3589 1837 3622 πανσε

255 3657 464 3712 ϐάστου
531 3657 790 3712 σεϐαστοῡ
856 3663 944 3710 καὶ
999 3658 1224 3732 μεγάλου
1284 3655 1640 3732 δρουγγαρίου
1698 3667 1861 3732 κυροῦ

257 3747 604 3824 Ἀνδρονίκου
651 3756 743 3801 τοῦ
803 3754 1122 3821 Καματηροῦ
1149 3770 1160 3781 ·
1214 3758 1306 3801 τοῦ
1368 3747 1730 3802 πανσεϐάστου
1773 3769 1860 3802 σε-

257 3837 464 3892 ϐαστοῦ
493 3845 656 3913 κυροῦ
687 3837 925 3890 Ἰωάννου
944 3845 1038 3888 τοῦ
1069 3839 1480 3909 Κοντοστεφάνου
1505 3858 1518 3870 ·
1550 3846 1640 3889 τοῦ
1669 3856 1860 3889 πανσε-

255 3926 460 3981 6άστου
495 3925 754 3979 σεϐαστοῦ
782 3930 872 3978 καὶ
925 3931 1342 4000 πρωτονοταρίου
1386 3933 1544 4000 κυροῦ
1593 3925 1862 3979 Βασιλείου

249 4028 343 4071 τοῦ
378 4023 703 4090 Καματηροῦ
720 4037 732 4049 ο
763 4023 854 4068 τοῦ
871 4013 1680 4091 πρωτονωϐελισσιμοῦπερτάτου
1702 4022 1864 4090 κυροῦ

253 4106 488 4180 Μιχαὴλ
507 4114 599 4158 τοῦ
618 4103 866 4176 Ἀγγέλου
885 4125 896 4136 ·
931 4111 1020 4156 τοῦ
1047 4103 1863 4180 πρωτονωϐελισσιμοῦπερτάτοῦ

252 4197 540 4270 λογοθέτου
560 4203 652 4248 τοῦ
689 4190 888 4269 δρόμου
924 4199 1014 4246 καὶ
1041 4193 1424 4269 όρφανοτρόφου
1455 4202 1616 4268 κυροῦ
1641 4192 1865 4266 Μιχαὴλ

253 4297 346 4339 τοῦ
375 4279 851 4358 ’Δγιοθεοδωρίτου
872 4304 886 4316 ο
919 4289 1011 4334 τοῦ
1048 4281 1862 4358 πρωτονωϐελισσιμοῦπερτάτου

255 4374 338 4430 ἐπὶ
371 4381 470 4426 τοῦ
502 4372 804 4426 Κανικλείου
826 4379 986 4446 κυροῦ
1009 4371 1246 4425 Ἰωάννου
1272 4379 1365 4424 τοῦ
1391 4367 1711 4446 Καματηροῦ
1727 4413 1739 4426 .
1772 4377 1864 4423 τοῦ

251 4463 835 4538 μιγαλεπιφανιστάτου
858 4469 1330 4535 πρωτοασηκρῆτις
1365 4469 1457 4514 τοῦ
1495 4459 1864 4536 Μακρεμϐολι-
1893 4501 1937 4557 D

254 4574 378 4608 105'
441 4571 536 4606 του
584 4550 1142 4625 πρωτονωϐελισσίμου
1196 4556 1285 4604 καὶ
1315 4549 1552 4624 ἐπάρχου
1593 4551 1862 4604 Βασιλείου

255 4651 350 4696 1'05
380 4647 730 4715 Καματηροῦο
763 4647 854 4692 τοῦ
899 4637 1460 4712 πρωτονωϐελισσίμου
1487 4638 1570 4693 ἐπὶ
1615 4649 1714 4692 τῶν
1746 4636 1866 4699 δεή-

259 4751 389 4784 σεων
421 4735 513 4782 καὶ
546 4729 769 4803 φύλακος
787 4728 1012 4801 Μιχαὴλ
1032 4732 1130 4780 τάῦ
1163 4735 1507 4806 Καματηρουο
1540 4737 1632 4783 τοῦ
1657 4748 1864 4805 πρωτο-

258 4821 647 4892 νωϐελισσίμου
679 4819 946 4872 ’Ῑσαακίου
971 4825 1062 4870 τοῦ
1094 4817 1432 4871 Ἀκολούθοψ
1480 4826 1573 4871 τοῦ
1619 4816 1862 4871 50:30.00-

260 4918 427 4984 σίμου
453 4915 545 4961 καὶ
571 4913 916 4984 πριμικηρίου
947 4915 1046 4960 τῶν
1068 4903 1451 4983 βαρδαριωτῶν
1471 4907 1742 4962 Βασιλιίου
1773 4903 1864 4960 τοῦ

257 4999 545 5076 τριψὺχου
567 5020 580 5032 -
614 5004 706 5050 105
729 4995 1144 5071 νωϐελλισσίμου
1187 5001 1279 5050 καὶ
1325 5002 1673 5072 κοιαίστωρος
1703 5002 1864 5072 Γεωρ-

257 5096 377 5162 γίου
407 5096 502 5140 τοῦ
527 5088 791 5159 Mor/702w:
810 5103 823 5117 '
856 5095 948 5139 τοῦ
995 5085 1572 5160 μεγαλεπιφανεστάτου
1595 5082 1865 5139 δικαιοδό-

1953 327 2084 385 LlB.
2130 331 2283 388 XXV.
3503 339 3610 393 254-

1959 455 2146 510 nostri
2171 457 2326 524 regis
2355 458 2882 530 Contostephanis,
2903 457 3152 514 domino
3181 460 3410 515 Joanne
3433 464 3491 515 et
3509 459 3614 515 do-

1959 544 2126 598 mino
2185 545 2433 611 Alexio;
2516 547 2878 603 amabilibus
2965 547 3343 604 consobrinis
3424 547 3613 603 sancti

1959 633 2147 688 nostri
2185 636 2368 702 regis,
2401 636 2541 691 ﬁliis
2569 635 2727 707 beati
2758 641 2813 691 et
2837 636 3116 691 amabilis
3155 637 3358 706 generi
3391 641 3614 693 sanctae

1959 721 2287 790 majestatis
2349 725 2518 794 ejus,
2567 724 2930 796 pansebasto
2982 724 3314 780 celsissimo
3365 725 3615 782 domino

1957 809 2267 866 Theodoro
2327 814 2604 878 Vatatze,
2663 818 2719 868 et
2779 813 3029 868 domino
3104 813 3447 870 Andronico
3482 857 3494 881 ,
3558 819 3614 870 et

1959 897 2208 955 domino
2269 901 2508 968 Alexio;
2560 901 2807 959 amabili
2861 903 3124 973 patruele
3172 903 3360 959 sancti
3421 891 3612 958 nostri

1957 987 2114 1058 regis
2153 988 2422 1046 domino
2457 993 2688 1047 Joanne
2738 993 2900 1046 Duca
2945 990 3068 1046 ﬁlio
3122 991 3325 1063 inclyti
3367 992 3613 1049 Cmsaris

1959 1077 2280 1148 Bryennii;
2331 1079 2578 1135 amabili
2637 1079 2903 1152 patruele
2963 1080 3148 1135 sancti
3207 1081 3392 1136 nostri
3431 1081 3610 1151 regis,

1959 1165 2208 1222 domino
2238 1166 2436 1224 Alexio
2469 1172 2774 1226 Comneno
2813 1169 2936 1224 ﬁlio
2975 1169 3324 1241 pansebasti
3364 1171 3614 1226 celsissi-

1959 1256 2089 1323 mi;
2147 1257 2512 1313 amabilibus
2581 1257 2950 1330 patruelibus
3017 1259 3207 1314 sancti
3272 1259 3460 1314 nostri
3525 1275 3613 1316 re-

1961 1344 2071 1414 gis,
2106 1344 2242 1400 ﬁliis
2275 1346 2556 1401 amabilis
2603 1348 2800 1418 patrui
2851 1351 3070 1403 sancta:
3098 1347 3428 1418 majestatis
3458 1348 3610 1419 ejus,

1959 1433 2305 1505 pansebasti
2357 1434 2664 1490 celsissimi
2713 1435 2943 1491 domini
2983 1437 3351 1491 Constantini
3382 1436 3609 1507 Angeli,

1959 1521 2209 1577 domino
2264 1525 2525 1590 Joanne,
2585 1524 2834 1579 domino
2894 1523 3122 1588 Alexio,
3179 1525 3428 1580 domino
3493 1530 3612 1580 An-

1959 1609 2232 1677 dronico,
2275 1617 2331 1666 et
2361 1613 2610 1668 domino
2643 1611 2908 1679 Isaacio;
2955 1614 3325 1685 pansebasto
3371 1613 3614 1669 sebasto

1960 1706 2018 1756 et
2046 1715 2264 1769 genero
2305 1702 2560 1774 potentis
2591 1703 2902 1774 sanctique
2943 1703 3128 1757 nostri
3173 1704 3327 1774 regis
3365 1703 3615 1759 domino

1957 1787 2189 1846 Joanne
2241 1792 2694 1859 Cantacuzeno;
2737 1791 3102 1863 pansebasto
3146 1791 3385 1848 sebasto
3425 1797 3481 1848 et
3519 1807 3616 1863 ge-

1957 1894 2103 1934 nero
2164 1880 2352 1934 sancti
2429 1881 2589 1951 regis
2648 1880 2839 1936 nostri
2903 1880 3153 1936 domino
3223 1882 3610 1938 Constantino

1959 1969 2168 2035 Duca;
2237 1969 2604 2039 pansebasto
2667 1969 2905 2025 sebasto
2973 1974 3029 2024 et
3093 1985 3314 2037 genero
3351 1970 3609 2041 potentis

1955 2056 2114 2130 regis
2176 2057 2362 2111 nostri
2416 2057 2664 2112 domino
2709 2057 2966 2128 Josepbo
3021 2057 3347 2130 Bryennio;
3391 2073 3608 2130 panse—

1956 2143 2131 2202 basto
2168 2145 2412 2202 sebasto
2451 2149 2507 2201 et
2555 2159 2775 2215 genero
2825 2145 3009 2201 sancti
3065 2147 3220 2218 regis
3281 2147 3468 2202 nostri
3505 2145 3611 2204 do-

1961 2234 2128 2289 mino
2200 2235 2429 2290 Joanne
2490 2233 2860 2301 Arbantino;
2937 2234 3303 2308 pansebasto
3365 2235 3613 2291 sebasto

1961 2322 2210 2379 domino
2279 2322 2472 2380 Leone
2539 2324 2893 2396 Camytere;
2946 2323 3314 2395 pansebasto
3374 2323 3615 2380 sebasto

1962 2409 2216 2468 domino
2248 2412 2451 2468 Alexio
2492 2415 2731 2480 Brana;
2803 2412 3172 2484 pansebasto
3218 2412 3462 2468 sebasto
3515 2413 3621 2468 do-

1963 2502 2129 2557 mino
2191 2501 2520 2574 Nicephoro
2563 2501 2902 2573 Bryennio;
2955 2500 3320 2574 pansebasto
3381 2501 3623 2558 sebasto

1963 2591 2213 2648 domino
2254 2591 2500 2647 Gudelio
2550 2590 2923 2660 Tzicandile;
2966 2587 3331 2663 pan’sebasto
3383 2589 3624 2646 sebasto

1965 2680 2214 2736 domino
2274 2680 2481 2736 Alexio
2547 2684 2854 2737 Comneno
2907 2697 2920 2734 ε
2972 2681 3338 2752 pansebasto
3383 2679 3622 2738 sebasto

1965 2774 2021 2827 et
2083 2785 2310 2839 magno
2369 2771 2762 2826 hetmriarcha
2809 2769 3057 2825 domino
3097 2769 3348 2841 Georgio
3401 2769 3622 2826 Palaeo-

1963 2858 2146 2928 logo;
2188 2859 2554 2930 pansebasto
2603 2861 2845 2914 sebasto
2895 2859 3072 2914 fratre
3139 2859 3271 2929 ejus
3331 2872 3621 2927 germano

1964 2949 2213 3004 domino
2245 2949 2634 3005 Constantino
2660 2966 2673 3014 ;
2705 2947 3074 3020 pansebasto
3101 2946 3340 3002 sebasto
3371 2946 3620 3001 domino

1964 3037 2168 3092 Alexio
2192 3035 2526 3106 Palmologo
2560 3054 2572 3100 ;
2606 3038 2980 3108 pansebasto
3032 3033 3270 3090 sebasto
3300 3040 3357 3089 et
3395 3049 3621 3104 magno

1965 3124 2295 3194 drungario
2357 3125 2606 3180 domino
2663 3123 3004 3179 Andronico
3067 3125 3422 3188 Camatero;
3474 3136 3622 3192 pan-

1966 3213 2205 3270 sebasto
2255 3212 2495 3268 sebasto
2541 3212 2791 3274 domino
2837 3211 3069 3266 Joanne
3091 3208 3618 3282 Contostephano;

1965 3302 2328 3374 pansebasto
2393 3300 2635 3358 sebasto
2684 3305 2741 3356 et
2781 3297 3192 3373 protonotario
3239 3298 3488 3354 domino
3521 3301 3623 3354 Ba-

1968 3390 2099 3446 silio
2153 3393 2509 3458 Camatero;
2557 3387 3112 3461 protonobilissimo
3153 3385 3480 3442 celsissimo
3519 3385 3624 3442 do-

1968 3479 2133 3538 mino
2172 3477 2450 3536 Michaele
2483 3477 2710 3546 Angela
2738 3493 2751 3543 ;
2791 3475 3344 3549 protonobilissimo
3368 3473 3625 3532 celcissi-

1967 3585 2069 3626 mo
2095 3568 2398 3638 logotheta
2456 3582 2671 3622 cursus
2731 3571 2788 3622 et
2833 3564 3332 3638 orphanotropho
3375 3563 3625 3622 domino

1967 3657 2243 3716 Michaele
2288 3655 2816 3729 Hagiotheodorita
2853 3674 2866 3724 ;
2908 3653 3464 3728 protonobilissimo
3511 3653 3624 3710 cel-

1967 3746 2206 3802 sissimo
2245 3744 2500 3801 Caniclei
2540 3744 2794 3815 praeside
2832 3743 3081 3800 domino
3131 3745 3359 3798 Joanne
3415 3744 3624 3798 Cama-

1969 3840 2137 3903 tero;
2169 3849 2394 3904 magno
2443 3840 2500 3890 et
2553 3833 2953 3890 illustrissimo
3002 3831 3462 3904 protoasecretis
3501 3833 3624 3887 Ma-

1969 3923 2322 3982 creinbolita
2354 3939 2367 3990 ;
2417 3922 2974 3996 protonobilissimo
3014 3925 3072 3976 et
3107 3921 3370 3993 eparcho
3411 3919 3621 3976 Basilio

1970 4015 2324 4081 Camatero;
2407 4009 2964 4084 protonobilissimo
3021 4025 3058 4066 a
3122 4007 3495 4080 supplicibus
3547 4006 3614 4062 li-

1969 4102 2142 4160 bellis
2195 4111 2252 4156 et
2301 4100 2553 4157 custode
2616 4098 2894 4155 Michaele
2939 4100 3298 4163 Camatero;
3339 4099 3624 4168 protono-

1968 4191 2261 4248 bilissimo
2300 4189 2531 4246 Isaacio
2576 4187 2908 4256 Acolutho;
2961 4185 3342 4243 nobilissimo
3388 4190 3446 4242 et
3503 4184 3622 4257 pri-

1969 4281 2214 4339 micerio
2263 4279 2746 4336 bardariotarum
2804 4275 3021 4333 Basilio
3081 4275 3458 4348 Tripsycho;
3515 4290 3622 4331 no-

1970 4369 2262 4428 bilissimo
2309 4374 2366 4425 et
2393 4373 2694 4441 quaestore
2733 4366 2985 4437 Georgio
3034 4368 3324 4433 Mangane
3353 4383 3366 4432 ;
3399 4379 3625 4434 magno

1971 4466 2029 4518 et
2069 4460 2469 4516 illustrissimo
2525 4455 2864 4513 dicaaodota
2911 4471 3110 4512 rerum
3157 4454 3626 4509 domesticarum

1971 4548 2280 4607 Theodoro
2335 4546 2712 4614 Pantechne;
2776 4542 3307 4616 protocuropalata
3374 4540 3625 4612 Georgio

1975 4639 2266 4712 Scylitze;
2339 4633 2870 4710 protocuropalata
2935 4640 2993 4690 et
3050 4633 3417 4706 judiciorum
3475 4646 3623 4702 prm-

1973 4727 2098 4784 side
2152 4730 2381 4784 Joanne
2431 4725 2764 4791 Carianita;
2803 4721 3172 4794 curopalatis
3227 4725 3282 4776 et
3315 4717 3624 4790 judicibus

1972 4817 2092 4873 Beli
2137 4822 2195 4872 et
2241 4813 2627 4888 hippodromi
2675 4811 3034 4884 praesidibus
3073 4808 3322 4876 Georgio
3361 4805 3626 4877 Splenia-

1971 4908 2061 4964 rio
2105 4909 2162 4962 et
2214 4903 2602 4961 Constantino
2656 4901 2924 4956 Mesarita
2951 4918 2969 4970 ;
3037 4896 3346 4969 judicibus
3399 4894 3517 4950 Beli
3565 4896 3625 4950 et.

1970 4993 2361 5070 hippodromi
2425 4989 2786 5064 praesidibus
2851 4988 3082 5045 Thoma
3145 4983 3503 5058 Hapluchire
3566 4987 3625 5042 et

1973 5089 2166 5144 Leone
2187 5081 2631 5140 Monasteriota.

259 5199 350 5232 του
440 5181 532 5230 καὶ
607 5175 692 5230 ἐπὶ
773 5184 873 5229 τῶν
952 5175 1223 5228 οἰκειακῶν
1291 5171 1569 5249 Θεοδώρου
1646 5182 1739 5228 τοῦ
1810 5181 2079 5250 Παντεχνῆ
2108 5195 2122 5210 '
2189 5181 2280 5226 105
2349 5167 2919 5247 πρωτοκουροπαλάτου
2987 5170 3242 5242 Γεωργίου
3310 5172 3405 5218 τοῦ
3487 5171 3623 5216 Σκυ-

255 5268 407 5333 λίτζη
444 5287 458 5300 ⁸
554 5274 649 5320 τοῦ
737 5265 1310 5341 πρωτοκουροπαλάτου
1378 5269 1468 5318 καὶ
1532 5265 1615 5318 ἐπὶ
1681 5273 1784 5318 τῶν
1863 5271 2084 5340 κρίσεων
2139 5264 2378 5318 Ἰωάννου
2446 5269 2540 5314 τοῦ
2627 5264 2938 5336 Καριανίτου
2968 5275 2980 5287 ·
3057 5265 3160 5309 τῶν
3225 5253 3625 5330 κουροπαλατῶν

259 5364 349 5412 καὶ
390 5365 584 5433 κριτῶν
637 5364 730 5410 τοῦ
774 5355 940 5416 Βήλου
998 5360 1088 5409 καὶ
1127 5355 1211 5409 ἐπὶ
1257 5351 1349 5409 τοῦ
1395 5351 1728 5433 ἱπποδρόμου
1777 5359 2034 5432 Γεωργίου
2083 5361 2176 5407 τοῦ
2232 5351 2599 5424 Σπληνιαρίου,
2653 5354 2743 5402 καὶ
2801 5351 3193 5403 Κωνσταντίνου
3254 5352 3346 5398 τοῦ
3393 5350 3624 5413 Μεσαρι-

261 5467 352 5501 του
377 5470 390 5481 ·
463 5455 564 5501 τῶν
609 5453 800 5521 κριτῶν
846 5453 937 5499 τοῦ
993 5444 1159 5507 Βήλου
1215 5450 1308 5500 καὶ
1364 5443 1450 5498 ἕπὶ
1525 5451 1618 5500 τοῦ
1677 5439 2008 5521 ἱπποδρόμου
2069 5447 2240 5518 Θωμᾶ
2281 5447 2372 5495 τοῦ
2431 5438 2804 5515 ’Δπλούχειρος
2847 5441 2938 5491 καὶ
2989 5439 3210 5499 Λέοντος
3261 5439 3356 5486 τοῦ
3410 5437 3626 5486 M00010-

259 5553 356 5615 τηρ
366 5539 540 5593 ιὼτου.
