4152 6208
513 274 621 327 255

518 483 814 541 Heracleae
873 485 1190 556 Michaele,
1242 488 1423 559 Cyzici
1476 488 1694 544 Basilio
1725 532 1739 556 ,
1807 483 2164 543 Nicomediae

519 571 818 638 Michaele,
870 579 1137 630 Amasene
1182 576 1397 641 Niceta,
1441 576 1731 633 Melitenes
1772 574 1989 641 Niceta,
2019 574 2168 628 Gan—

521 676 767 731 grornm
820 664 1091 732 Joanne,
1159 667 1459 737 Myrorum
1528 663 1985 735 Christophoro,
2056 664 2169 717 Co-

520 749 701 805 rinthi
767 750 1124 821 Theodoro,
1193 755 1557 811 Athenarum
1620 753 1903 824 Nicolao,
1954 750 2171 809 Mocesi

524 839 702 907 Luca,
756 841 935 895 Cretae
980 843 1230 905 Joanne,
1282 845 1664 916 Trapezuntis
1714 841 2014 905 Michaele,
2073 843 2171 896 La-

524 927 687 983 rissae
761 930 1033 994 Joanne,
1108 933 1587 1006 Philippopoleos
1667 932 1923 996 Basilio,
1983 929 2173 986 Rhodi

527 1017 738 1082 Leone,
759 1017 1163 1090 Philipporum
1197 1024 1445 1090 Joanne,
1467 1020 1973 1093 Hadrianopoleos
2004 1022 2175 1075 Geor-

528 1105 645 1175 gio,
712 1106 1011 1177 Mitylenes
1061 1110 1272 1179 Potho,
1337 1113 1765 1183 Neopatrarum
1834 1108 2171 1179 Euthymio,

528 1196 948 1252 Euchaitarum
1008 1200 1438 1266 Constantino,
1491 1199 1845 1256 Amastridis
1907 1201 2171 1259 Joanne.

524 1283 859 1339 Thebarum
927 1288 1178 1356 Joanne,
1225 1290 1531 1344 Serrarum
1610 1288 1968 1354 Theodoro,
2045 1286 2175 1359 ligni

526 1373 775 1435 Joanne,
843 1373 1079 1431 Dristrte
1148 1379 1359 1439 Leone,
1426 1380 1697 1448 Corcyrae
1763 1374 2175 1439 Constantino,

526 1460 721 1531 Abydi
756 1462 1054 1529 Michaele,
1102 1465 1457 1537 Methymna
1509 1465 1769 1529 Nicolao,
1804 1464 2177 1521 Lacedaemo-

526 1566 638 1605 mze
670 1551 891 1617 Niceta,
928 1553 1095 1609 Mileti
1155 1556 1369 1612 Niceta,
1408 1558 1698 1610 Maroneae
1747 1556 1963 1621 Niceta,
2005 1557 2178 1608 Arca-

528 1638 837 1710 diopoleos
869 1643 1278 1711 Constantino,
1312 1644 1467 1699 Parii
1506 1643 1765 1713 Nicolao,
1804 1641 2179 1698 Prceconnesi

1850 266 2121 327 NICET/E
2165 267 2537 329 CHONIAT/E

586 400 640 450 2.
704 395 1051 452 Astantibus
1117 398 1297 454 etiam
1369 398 1790 456 sacratissimis
1843 394 2239 467 episcopis,A

3767 270 3879 324 256

2348 394 2417 468 β’.
2471 406 2865 474 Περισταμενων
2922 399 3011 448 καὶ
3072 394 3358 467 ἱερωτάτων
3417 388 3725 465 ἀρχιερέων,
3781 398 3879 443 τοῦ

2274 490 2579 566 Ἡρακλείας
2606 492 2847 564 Μιχαὴλ,
2882 498 2974 543 τοῦ
3006 491 3237 553 Κυζίκου
3269 487 3557 559 Βασιλείου,
3589 494 3681 539 τοῦ
3720 493 3879 539 Νικο-

2278 600 2349 653 μη
2360 577 2392 633 ὃ
2398 585 2504 642 είας
2535 582 2770 655 Μιχαὴλ,
2799 589 2891 634 τοῦ
2910 580 3191 653 Ἀμασείας
3216 582 3442 639 Νικήτα,
3470 584 3560 629 τοῦ
3582 576 3842 634 Malim-ai,-
3857 596 3881 636 ς

2278 675 2505 737 Νικήτα,
2533 682 2626 724 του
2658 677 2904 746 Γαγγρὼν
2934 670 3190 734 Ἰωάννου,
3218 674 3310 719 τοῦ
3362 669 3551 738 Μύρων
3577 670 3881 738 Χριστοφό-

2277 776 2393 832 ρου,
2426 767 2516 811 τοῦ
2551 762 2801 833 Κορίνθου
2852 754 3150 832 Θεοδώρου,
3196 762 3287 807 τοῦ
3314 755 3543 812 Ἀθηνῶν
3590 753 3877 821 Νικολάου,

2281 855 2373 901 τοῦ
2405 855 2667 906 Μωκησοῡ
2695 855 2895 918 Λουκᾶ,
2928 855 3019 900 τοὺ
3047 851 3255 921 Κρήτης
3282 845 3538 915 Ἰωάννου,
3562 850 3651 896 τοῦ
3680 851 3884 919 Τραπε-

2285 936 2492 999 ζοῦντος
2528 938 2772 1011 Μιχαὴλ,
2819 945 2910 990 τοῦ
2955 941 3229 1011 Λαρίσσης
3266 934 3524 1001 Ἰωάννου,
3569 941 3660 985 τοῦ
3699 932 3883 987 Φιλιπ-

2284 1027 2573 1087 πουπόλεως
2600 1027 2886 1094 Βασιλείου,
2908 1035 2999 1079 τοῦ
3025 1022 3143 1079 Ῥόδ
3150 1045 3207 1077 ου
3230 1028 3469 1087 Λέοντος,
3500 1030 3590 1075 τοῦ
3613 1022 3882 1076 Φιλίππων

2289 1116 2541 1186 Ἰωάννου,
2573 1115 2663 1169 τοὺ
2696 1114 3170 1190 ⁹Αὸριανουπόλεως
3190 1119 3425 1176 Λέοντος,
3446 1120 3536 1165 τοῦ
3554 1111 3886 1188 Ἰεραπολεως

2286 1210 2565 1276 Γεωργίου,
2621 1213 2712 1258 του
2760 1204 3062 1266 Μιτυλήνης
3110 1206 3303 1271 Πόθου,
3355 1210 3447 1254 τοῦ
3498 1206 3637 1255 Νέων
3670 1209 3888 1274 Πατρῶν

2290 1293 2575 1365 Εὑθυμίου,
2607 1302 2697 1346 τοῦ
2728 1294 3001 1366 Εὑχαίτων
3036 1296 3447 1358 Κωνσταντίνου,
3476 1298 3568 1343 τοῦ
3598 1289 3891 1363 Ἀμιὶστρι·

2289 1379 2375 1443 do;
2426 1383 2681 1452 Ἰωάννου,
2737 1392 2828 1436 τοῦ
2883 1388 3141 1458 Δρίστρας
3180 1386 3413 1453 Λέοντος,
3467 1387 3561 1432 τοῦ
3621 1383 3892 1454 Κερκύρας

2290 1477 2700 1541 Κωνσταντίνου,
2730 1480 2819 1525 τοὺ
2840 1469 3003 1526 Ἀϐὑὸ
3007 1492 3065 1525 ου
3099 1470 3339 1544 Μιχαὴλ,
3370 1478 3461 1523 τοῦ
3490 1470 3764 1541 Μεθὺμνης
3784 1474 3891 1520 Νι·

2286 1559 2493 1631 κολάου,
2529 1568 2620 1613 τοὺ
2675 1558 3100 1633 Λακεδαιμονίοις
3128 1565 3352 1625 Νικήτα,
3383 1566 3473 1611 τοῦ
3525 1557 3761 1615 Μιλήτου
3792 1564 3891 1609 Νι-

2285 1660 2439 1719 κήτα,
2492 1657 2582 1700 τοὺ
2635 1655 2937 1721 Μαρωνείας
2982 1653 3207 1709 Νικήτα,
3257 1654 3347 1700 τοῦ
3400 1641 3889 1721 Ἀρκαδιουπόλεως

526 1728 772 1794 Isaacio,
807 1730 1081 1802 Selybriaz
1098 1733 1419 1804 Theodulo,
1451 1733 1611 1788 Derci
1636 1735 1886 1803 Joanne,
1908 1729 2176 1787 Anchiali

2289 1742 2699 1809 Κωνσταντίνου,
2749 1746 2839 1790 τοῦ
2888 1742 3086 1810 Παρίου
3134 1736 3413 1805 Νικολάου,
3446 1742 3537 1788 τοῦ
3570 1739 3888 1808 Προικοννή-

528 1816 850 1888 Stephano.

598 2069 652 2120 3.
693 2067 1042 2122 Astantibus
1090 2068 1269 2124 etiam
1304 2068 1401 2124 Dei
1440 2068 1871 2125 amantissimis
1909 2067 2172 2123 dominis

529 2156 882 2225 praepositis,
944 2158 1442 2214 revereudissimo
1488 2164 1542 2213 et
1596 2174 1819 2227 magno
1860 2172 2175 2213 oeconomo

529 2242 751 2312 Alexio,
786 2261 1010 2314 magno
1038 2247 1475 2319 scevophylace
1512 2250 1758 2310 Joanne,
1808 2262 2036 2315 magno
2085 2261 2177 2301 sa-

530 2332 769 2387 cellario
798 2335 1119 2406 Stephano,
1162 2335 1629 2407 chartophylace
1649 2337 1894 2395 Joanne.
1925 2334 2175 2391 canstri-

532 2421 621 2474 sio
654 2422 951 2490 Samuele,
983 2423 1386 2478 referendario
1415 2424 1711 2489 Michaele,
1737 2440 1772 2479 a
1814 2427 2179 2479 commenta~

530 2509 629 2563 riis
663 2511 1072 2577 Constantino,
1102 2512 1593 2567 hieromnemone
1616 2513 1882 2579 (iceram,
1908 2512 2179 2567 ministro

532 2612 567 2650 ο,
598 2596 850 2666 genibus
884 2601 1290 2655 Constantino.
1319 2601 1603 2671 magistro
1628 2608 1967 2656 sanctorum
1993 2602 2180 2654 Evan‘

532 2686 824 2756 geliorum
880 2689 1141 2756 Nicolao,
1194 2691 1485 2745 monitore
1518 2690 1931 2749 t‘onstantino.
1980 2698 2179 2761 proto-

528 2776 860 2848 praeposito
920 2776 1303 2832 ecclesiarum
1346 2778 1678 2841 Theodoro,
1716 2779 1998 2848 magistro
2026 2778 2181 2833 Basi-

530 2865 631 2931 lio,
660 2872 716 2921 et
747 2866 1015 2922 secundo
1041 2868 1280 2923 ostiario
1315 2870 1578 2939 Myrone.

604 3209 657 3264 4.
700 3206 972 3278 Majestas
1004 3223 1139 3264 mea
1170 3205 1587 3280 subscriptura
1617 3206 1713 3263 die
1745 3205 2014 3263 secunda
2034 3222 2180 3278 prte-

536 3297 723 3352 sentis
754 3297 934 3353 Martii
974 3296 1213 3352 decreto
1240 3297 1479 3352 condito
1510 3301 1565 3351 et
1592 3295 1743 3352 lecto
1798 3298 1947 3351 circa
2004 3295 2183 3351 inter-

534 3387 927 3458 pretationem
961 3385 1288 3456 evangelici
1338 3385 1477 3441 dicti
1512 3403 1523 3440 :
1557 3386 1734 3442 Pater
1782 3401 1943 3443 meus
1986 3387 2183 3456 major

535 3493 623 3533 me
652 3482 753 3547 est,
794 3476 979 3534 voluit
1024 3475 1522 3548 subscriptionem
1554 3490 1727 3531 suam
1767 3490 1887 3530 non
1921 3474 2048 3530 sine
2079 3473 2183 3530 ad-

535 3566 863 3621 ditamento
920 3580 1227 3638 peragere,
1292 3565 1459 3636 quod
1514 3563 1717 3636 palam
1776 3564 1996 3621 lectum
2052 3563 2180 3630 fuit,

537 3658 717 3724 atque
747 3654 828 3709 ita
853 3653 929 3708 ad
959 3653 1214 3708 litteram
1247 3669 1309 3707 se
1339 3652 1538 3709 habet.
1585 3654 1812 3724 Sequor
1859 3653 2182 3708 sententias

537 3741 1053 3797 sanctissimorum
1104 3741 1585 3813 patriarcharum
1613 3757 1919 3814 sacraeque
1948 3747 2002 3796 et
2027 3741 2183 3796 divae

540 3830 779 3903 synodi,
814 3831 1030 3902 aioque
1059 3830 1253 3903 ipsam
1287 3830 1521 3886 Domini
1557 3845 1821 3894 carnem,
1848 3831 1901 3886 vi
1927 3830 2183 3901 conjun-

538 3920 747 3977 ctionis
777 3920 967 3993 ipsius
1023 3920 1366 3986 exaltatam,
1394 3935 1699 3993 supraque
1728 3933 1973 3975 omnem
1999 3918 2186 3974 hono-

536 4027 663 4067 rem
695 4010 1047 4068 collocatam
1082 4011 1184 4083 (ita
1215 4015 1278 4067 ut
1329 4010 1443 4067 hoc
1475 4010 1693 4066 eximio
1722 4025 1881 4065 nexu
1909 4008 2187 4065 deiﬁcata

538 4104 633 4175 sit)
665 4103 1134 4169 immutabiliter,
1156 4101 1604 4169 invariabiliter,
1627 4100 1959 4169 inconfuse,
1984 4100 2185 4157 incon-

537 4192 899 4261 vertibiliter,
931 4192 1323 4265 hypostaticae
1356 4191 1793 4262 coniunctionis
1816 4191 2005 4263 gratia
2030 4189 2187 4245 inse-

537 4281 872 4354 parabilem
898 4282 1446 4355 indivisibilemque
1468 4289 1833 4344 manentem,
1850 4278 2029 4338 simul
2048 4295 2185 4336 cum

538 4376 884 4427 assumente
910 4370 1107 4442 ipsam
1139 4373 1257 4427 Deo
1288 4371 1501 4441 Verbo,
1548 4372 1675 4444 pari
1724 4372 1951 4428 honore
1992 4370 2103 4427 coli
2133 4373 2190 4426 et

2287 1845 2380 1877 σου
2414 1827 2703 1894 Ἰσαακίου,
2728 1834 2821 1878 τοῦ
2882 1825 3163 1900 Σηλυϐρίας
3216 1821 3531 1890 Θεοδοὺλου,
3573 1831 3663 1876 τοῦ
3692 1826 3886 1898 Δέρκου

2286 1914 2541 1981 Ἰωάννου,
2570 1920 2657 1967 καὶ
2687 1924 2775 1967 τοῦ
2810 1914 3097 1987 Ἀγχιάλου
3128 1916 3400 1986 Στεφάνου.

2354 2075 2425 2147 γ’.
2465 2080 2974 2149 Συμπαρισταμένων
3004 2080 3093 2127 καὶ
3126 2083 3226 2127 τῶν
3258 2073 3660 2147 θεοφιλεστάτων
3692 2068 3887 2124 δεσποο

2284 2173 2439 2217 τικῶν
2463 2164 2748 2239 ἀρχόντων,
2782 2172 2872 2217 τοῦ
2902 2166 3186 2240 ὑπερτίμου
3225 2168 3315 2216 καὶ
3352 2163 3577 2236 μεγάλου
3608 2160 3886 2232 οἰκονόμου

2285 2253 2538 2321 Ἀλεξίου,
2568 2262 2659 2306 τοῦ
2714 2253 2938 2326 μεγάλου
2979 2252 3361 2326 σκευοφὺλακος
3387 2253 3642 2319 Ἰωάννου,
3676 2258 3767 2301 τοῦ
3797 2268 3890 2321 με·

2285 2343 2447 2415 γάλου
2492 2343 2830 2419 σακελλαρίου
2864 2345 3137 2414 Στεφάνου,
3164 2350 3255 2395 τοῦ
3289 2340 3689 2415 χαρτοφὺλακος
3717 2338 3893 2391 Ἰωάν-

2287 2451 2396 2497 νου,
2452 2440 2544 2484 τοῦ
2583 2437 2926 2504 κανστρισίου
2975 2432 3251 2503 Σαμουὴλ,
3308 2439 3407 2483 τοώ
3456 2424 3891 2505 ῥαιφερενδαρίόυ

2288 2521 2529 2593 Μιχαὴλ,
2584 2529 2674 2573 τοῦ
2731 2522 3275 2593 ὑπομνηματογράφου
3329 2524 3745 2583 Κωνσταντίνου,
3798 2523 3891 2568 τοῦ

2291 2613 2655 2682 ἱερομνήμονος
2688 2616 2966 2685 Γεωργίου,
2999 2617 3090 2661 τοῦ
3117 2607 3196 2661 ἐπὶ
3225 2618 3325 2661 τῶν
3360 2611 3585 2680 γονάτων
3617 2613 3889 2660 Κώνσταν⁴

2288 2705 2451 2765 τίνου,
2484 2707 2572 2750 τοὺ
2604 2695 2935 2752 διδασκάλου
2959 2708 3058 2750 τῶν
3080 2698 3239 2769 ἁγίων
3259 2696 3585 2769 Εὑαγγελίων
3601 2694 3888 2763 Νικολάου,

2290 2797 2380 2840 τοῦ
2432 2791 2918 2860 ὑπομιμνήσκοντος
2979 2792 3393 2856 Κωνσταντίνου,
3425 2794 3517 2838 τοῦ
3553 2790 3757 2859 πρώτου
3790 2786 3888 2858 οἰρ-

2288 2896 2479 2950 χοντος
2518 2886 2615 2928 τῶν
2669 2876 2955 2931 ἐκκλησιῶν
3001 2874 3277 2951 Θεοδώρου
3324 2883 3416 2929 τοῦ
3458 2877 3757 2949 μαίστώρος
3786 2883 3889 2925 τῶν

2287 2969 2522 3043 ῥητόρων
2568 2967 2860 3037 Βασιλείου,
2893 2973 2982 3020 καὶ
3022 2974 3112 3019 τοῦ
3171 2963 3414 3039 δευτέρου
3455 2964 3725 3038 ὀστιαριου
3775 2966 3892 3016 Μύ-

2289 3076 2462 3129 ρωνος.

2365 3213 2409 3269 δ’
2441 3216 2498 3269 ἸΙ
2534 3213 2783 3289 βασιλεία
2806 3234 2924 3282 μου,
2949 3213 3209 3287 μέλλουσα
3233 3213 3540 3287 ὑπογράψαι
3568 3211 3615 3265 ἐν
3655 3221 3725 3283 τῷ
3754 3214 3893 3265 κατὰ

2292 3310 2385 3364 τὴν
2414 3302 2658 3381 δευτέραν
2688 3313 2781 3357 τοῦ
2807 3308 3062 3379 παρόντος
3089 3307 3327 3377 Μαρτίου
3362 3308 3521 3375 μηνὸς
3545 3307 3773 3375 γεγονότι
3799 3307 3893 3353 καὶ

2294 3394 2673 3467 ἀναγνωσθέντι
2706 3398 3034 3467 σημειώματι
3073 3393 3158 3445 ἐπὶ
3196 3400 3258 3465 τῇ
3293 3392 3534 3467 ἑρμηνείᾳ
3561 3400 3650 3445 τοῦ
3680 3391 3891 3462 εὑαγγε-

2290 3482 2439 3536 λικοὺ
2496 3484 2659 3558 ῥητοῦ
2703 3490 2817 3553 τοῦ,
2860 3481 2919 3533 Ὀ
2970 3486 3150 3557 Πατὴρ
3198 3501 3298 3554 μου
3348 3481 3538 3554 μείζων
3585 3485 3685 3553 μου
3730 3478 3892 3545 ἐστιν,

2292 3573 2515 3632 ἠθέλησε
2594 3576 2725 3644 μετά
2785 3572 3094 3647 προσθήκης
3157 3571 3490 3628 ποιήσασθαι
3548 3574 3640 3628 τὴν
3702 3568 3892 3621 οἰκείαν

2293 3664 2621 3735 ὑπογραφὴν,
2655 3660 2685 3719 ἢ
2742 3664 2831 3713 καὶ
2864 3659 3159 3733 ἀνεγνώσθη
3209 3659 3276 3720 εἰς
3306 3658 3547 3727 ἐπήκοον,
3576 3662 3781 3730 ἔχουσα
3808 3655 3893 3709 ἐπὶ

2290 3750 2468 3814 λέξεων
2528 3751 2718 3811 οὕτως’
2763 3757 2968 3823 Στοιχῶ
3015 3756 3126 3810 ταῖς
3176 3753 3403 3821 γνώμαις
3455 3756 3552 3801 τῶν
3590 3747 3890 3819 ἁγιωτάτων

2293 3847 2640 3913 πατριαρχῶν
2669 3843 2872 3899 καὶτῆς
2897 3839 3033 3912 ἱερᾶς
3057 3841 3147 3889 καὶ
3180 3838 3316 3897 θείας
3345 3831 3586 3901 συνόδου,
3618 3838 3703 3885 καὶ
3732 3832 3885 3904 λέγω,

2294 3931 2374 3981 ὃτι
2400 3929 2530 3986 αὑτη
2573 3928 2602 3985 ἡ
2635 3926 2769 4002 σὰρξ
2804 3933 2895 3979 τοῦ
2933 3930 3127 3999 Κυρίου
3160 3925 3213 3989 ἐξ
3263 3925 3423 3987 αὑτῆς
3452 3924 3672 3984 ἐνώσεως
3696 3923 3890 3994 ὑπερν-

2293 4018 2533 4090 ψωθείσα
2555 4020 2645 4068 καὶ
2693 4013 2934 4069 ἀνωτάτω
2965 4018 3143 4077 πάσης
3174 4023 3331 4088 τιμῆς
3359 4015 3714 4087 ὑπερκειμένη,
3748 4015 3811 4071 ὡς
3841 4010 3893 4073 ἐξ

2295 4108 2456 4179 ἄκρας
2498 4106 2718 4166 ἑνώσεως
2747 4106 2988 4179 ὁμόθετος
3025 4109 3292 4177 γενομένη,
3336 4101 3718 4176 ἀμεταϐλήτως,
3747 4099 3897 4152 ἀναλ-

2293 4195 2539 4263 λοιώτως,
2573 4193 2889 4267 ἀσυγχύτως
2917 4198 3007 4246 καὶ
3035 4192 3297 4269 ἀτρέπτως
3340 4188 3434 4246 διὰ
3462 4195 3555 4251 τὴν
3581 4190 3697 4243 καθ’
3729 4192 3893 4242 ὑπόσ-

2295 4305 2447 4339 τασιν
2478 4286 2677 4353 ἕνωσιν,
2701 4289 2788 4338 καὶ
2812 4283 3117 4358 ἀχώριστος
3140 4288 3230 4336 καὶ
3261 4279 3628 4342 ἀδιάσπαστος
3668 4284 3897 4354 μένουσα

2296 4382 2368 4447 τῷ
2399 4373 2801 4450 προσλαϐομένῳ
2846 4372 3005 4432 αὑτήν
3032 4380 3145 4444 Θεῷ
3176 4376 3351 4444 Λόγῳ,
3383 4370 3626 4433 ἰσοκλεὼς
3654 4368 3792 4440 αὑτῷ
3821 4387 3899 4420 τι-

540 4462 801 4528 adorari,
832 4461 1011 4518 unica
1064 4462 1433 4531 adoratione,
1465 4462 1749 4534 regioque
1790 4467 1845 4518 et
1873 4462 2077 4518 divino
2126 4460 2180 4517 in

2295 4472 2460 4538 μᾱται
2488 4469 2577 4517 καὶ
2601 4469 2971 4536 προσκυνεῖται
2999 4468 3098 4537 μιᾷ
3134 4466 3513 4539 προσκυνήσει’
3545 4464 3635 4513 καὶ
3670 4466 3773 4518 τοῖς
3800 4455 3898 4530 βα-

541 4550 691 4608 solio
714 4551 791 4608 ad
816 4551 998 4607 Patris
1019 4551 1327 4607 dexteram
1348 4550 1641 4618 residere;
1676 4554 1879 4623 utpote
1906 4567 2041 4625 quae
2065 4549 2186 4622 glo-

539 4642 729 4699 riosas
760 4640 1079 4699 divinitatis
1109 4640 1279 4697 dotes
1327 4640 1547 4713 adepta
1596 4645 1687 4697 est
1730 4640 1909 4696 salvis
1948 4645 2189 4698 natura-

538 4750 670 4791 rum
703 4731 1189 4808 proprietatibus.

611 4935 662 4987 3.
704 4932 1028 5004 Postquam
1075 4928 1253 5002 igitur
1282 4926 1594 5003 probabile
1643 4926 2039 4986 sanctissimis
2083 4944 2187 5003 pa-

540 5020 813 5076 triarchis
848 5036 1152 5093 sacrteque
1190 5024 1247 5076 et
1275 5019 1428 5075 divae
1458 5018 1695 5091 synodo
1733 5018 1931 5074 visum
1961 5022 2050 5074 est
2072 5018 2187 5076 hoc

543 5108 1044 5175 additamentum,
1100 5110 1198 5167 cui
1246 5113 1301 5167 et
1356 5110 1471 5183 ipsi
1516 5108 1959 5177 consonabant,
2008 5112 2187 5181 prout

539 5198 816 5271 ipsaemet
845 5201 1152 5257 sententiae
1205 5199 1619 5256 demonstrant
1656 5214 1789 5271 quae
1836 5198 1897 5253 in
1950 5196 2187 5254 decreto

544 5289 779 5361 scriptae
809 5294 949 5346 sunt
978 5289 1105 5358 (etsi
1131 5304 1254 5345 non
1278 5289 1360 5345 ita
1396 5289 1511 5345 late
1543 5288 1603 5344 in
1644 5287 1715 5344 iis
1760 5288 1874 5344 hac
1915 5303 2098 5361 super
2123 5303 2187 5345 re

542 5378 940 5450 perscriptum
980 5382 1092 5448 est,
1118 5378 1263 5450 quia
1291 5377 1364 5432 de
1412 5393 1485 5433 ea
1534 5377 1778 5433 minime
1808 5392 2005 5433 sermo
2036 5376 2184 5450 fuit),

543 5467 899 5541 subscripsit
929 5466 1218 5538 majestas
1262 5482 1398 5523 mea
1433 5483 1571 5523 cum
1594 5467 1709 5523 hoc
1736 5466 2177 5525 additamento.

544 5559 681 5617 Erat
704 5563 905 5616 autem
930 5555 1245 5614 rubricatis
1274 5555 1478 5614 litteris
1511 5556 1614 5614 sic.

2299 4555 2521 4616 σιλικοῖς
2544 4557 2632 4606 καὶ
2663 4555 2819 4615 θείοις
2871 4548 3250 4626 ἐγκαθίδρυται
3291 4552 3475 4613 θώκοις
3507 4549 3561 4603 ἐκ
3592 4546 3773 4611 δεξιῶν
3803 4554 3895 4599 τοῦ

2298 4648 2521 4719 Πατρός,
2550 4647 2615 4705 ὡς
2670 4645 2737 4696 τὰ
2789 4651 2883 4705 τῆς
2926 4644 3161 4702 θεότητος
3200 4641 3492 4714 αὐχήματα
3533 4637 3894 4694 καταπλουτή-

2300 4735 2461 4802 σασα,
2492 4735 2795 4807 σωζομένων
2827 4740 2925 4784 τῶν
2953 4728 3230 4791 ἰδίοτήτων
3259 4738 3357 4783 τῶν
3389 4732 3609 4803 φύσεων.

2370 4928 2421 4985 ε’.
2450 4927 2537 4992 Ὠς
2561 4930 2649 4984 οὖν
2671 4926 2861 5006 ἀρεστὴ
2884 4935 2993 4991 τοῖς
3018 4946 3071 4982 τε
3095 4927 3405 5001 ἁγιωτάτοις
3430 4924 3787 5001 πατριάρχαις
3807 4923 3899 4975 καὶ

2295 5025 2357 5091 τῇ
2395 5020 2505 5092 ἱερᾷ
2529 5023 2619 5071 καὶ
2648 5020 2760 5087 θείᾳ
2814 5014 3021 5091 συνόδῳ
3074 5013 3265 5087 ἔδοξεν,
3299 5018 3369 5078 ὡς
3398 5015 3531 5068 οὑτω
3578 5017 3667 5065 καὶ
3721 5010 3902 5072 αὑτοῖς

2297 5115 2566 5181 φρονοῦσι,
2596 5108 2767 5171 καθὼς
2784 5112 2875 5160 καὶ
2901 5105 3001 5161 ἀπὸ
3022 5115 3122 5161 τῶν
3146 5113 3362 5179 γνωμῶν
3390 5103 3556 5157 αὑτῶν
3578 5100 3899 5176 ἐμφαίνεται,

2293 5204 2393 5251 τῶν
2419 5194 2467 5250 ἓν
2497 5204 2569 5270 τῷ
2611 5195 2896 5256 δηλωθέντι
2924 5201 3255 5269 σημειώματι
3286 5193 3749 5269 ἀναγεγραμμένων
3780 5187 3900 5261 (κᾶν

2296 5291 2368 5363 μὴ
2400 5286 2714 5362 πλατύτερον
2733 5288 2799 5341 τὰ
2822 5290 2938 5361 περὶ
2962 5289 3148 5340 τούτου
3172 5284 3218 5339 ἐν
3251 5284 3432 5346 αὑταῖς
3460 5282 3680 5358 ἐγράφη,
3711 5277 3805 5333 διὰ
3842 5282 3900 5332 τὸ

2295 5374 2434 5451 μηδὲ
2462 5385 2694 5431 τοιοῦτον
2735 5376 2885 5450 λόγον
2917 5376 3281 5449 εἰσαχθῆναι),
3309 5374 3579 5446 ἀπεγράφη
3631 5373 3775 5446 παρὰ
3803 5376 3868 5428 τῆ
3879 5390 3899 5431 ς

2297 5465 2571 5541 βασιλείας
2600 5487 2699 5541 μου
2733 5468 2864 5540 μετὰ
2892 5471 2976 5519 καὶ
3018 5475 3113 5528 τῆς
3141 5468 3387 5526 τοιαύτης
3420 5464 3719 5539 προσθήκης
3740 5476 3752 5488 ⁵
3784 5456 3901 5530 εἶχε

2298 5552 2357 5610 δὲ
2384 5561 2474 5611 καὶ
2503 5553 2537 5612 δ
2544 5556 2576 5609 ι’
2607 5555 2833 5636 ἕρυθρών
2862 5557 3203 5632 γραμμάτων.
