4152 6208
1585 291 1942 353 THESAUII
1978 293 2112 352 LIB.
2151 297 2300 352 XXV.

3508 307 3618 365 262

328 427 394 479 '0
454 423 661 486 εὐτελὴς
721 422 1138 498 ἀρχιεπίσκοπος
1202 424 1392 495 Δέρκου
1452 421 1692 483 Ἰωάννης
1757 421 1866 496 ὁρί-

2045 421 2292 477 Humilis
2317 423 2808 498 archiepiscopus
2836 426 3001 481 Derci
3028 429 3288 485 Joannes
3318 429 3614 487 deﬁniens

262 535 366 576 σας
395 513 700 590 ὑπέγραψα.

330 605 396 658 ’0
455 604 664 667 ιΰτιλὴς
739 602 1159 676 ἁρχιιπίσκοπος
1207 601 1426 664 Γοτθίας
1475 601 1707 661 Ἰωάννης
1758 600 1867 673 ὀρί-

261 715 366 758 σας
395 693 699 768 ὑπέγραψα.

333 785 396 838 ’0
428 783 629 847 εὐτελὴς
681 781 1096 856 ἀρχιεπίσκοπος
1152 779 1442 854 Ἀγχιάλου
1471 782 1716 853 Στέφανος
1757 779 1865 853 ὁρί-

263 894 366 938 σας
389 873 698 947 ὑπέγραψα.

333 963 395 1016 Ὀ
475 961 678 1023 εὐτελὴς
766 959 1152 1034 μητροπολίτης
1222 963 1630 1033 Νεοκαισιιρείας
1701 960 1867 1011 Βασί-

258 1053 420 1121 λειος,
471 1050 855 1124 ἀπαιτούμενος
908 1049 1009 1102 ἀπὸ
1059 1056 1153 1102 τοῦ
1207 1053 1489 1122 προσόντος
1537 1044 1748 1101 δικαίου
1799 1054 1862 1119 τῇ

255 1143 511 1216 λαχούσῃ
563 1161 628 1214 με
675 1141 940 1214 ἁγιωτάτῃ
978 1139 1262 1212 Ἐκκλησία
1321 1141 1511 1192 ἄνωθεν
1546 1146 1638 1191 τοῦ
1677 1139 1866 1210 Μύρων

257 1232 596 1306 ὑπογράψαι,
645 1228 742 1284 διὰ
786 1234 845 1283 τὸ
903 1228 1300 1287 συντελεσθῆναι
1351 1233 1445 1281 καὶ
1500 1230 1868 1302 ὑπογραφῆναι

255 1327 346 1377 τὸν
399 1324 664 1376 θειότατον
708 1327 890 1373 τοῦτον
942 1324 1097 1392 τόμον
1145 1322 1246 1393 πρὸ
1297 1325 1392 1371 τοῦ
1435 1318 1867 1392 χειροτονηθῆναι

258 1432 344 1486 με,
376 1413 562 1486 ὁρίσας
597 1410 824 1463 ἐνταῦθα
860 1407 1163 1484 ὐπέγραψα.

328 1501 390 1554 '0
445 1499 653 1561 εὐτελὴς
705 1498 1098 1571 μητροπολίτης
1147 1498 1364 1552 Ἰκονίου
1411 1496 1652 1559 Ἰωάννης
1703 1495 1865 1548 ἀπαι-

257 1593 506 1662 τούμενος
551 1587 656 1641 ἀπὸ
696 1595 788 1640 τοῦ
824 1603 1114 1659 προσοντος
1143 1581 1354 1639 δικαίου
1405 1593 1468 1657 τῇ
1515 1584 1758 1657 λαχούσῃ
1805 1604 1868 1657 με

260 1679 534 1751 ἁγιωτάτῃ
593 1675 882 1748 Ἐκκλησία
933 1676 1126 1727 ἄνωθεν
1173 1682 1268 1728 τοῦ
1321 1676 1572 1748 Κορίνθου
1628 1675 1867 1748 ὑπογρά-

1973 507 2324 583 subscripsi.

2044 598 2295 655 Humilis
2350 601 2834 677 archiepiscopus
2891 604 3116 660 Gothiae
3166 608 3423 664 Joannes
3465 607 3615 666 deﬁ-

1970 687 2142 743 niens
2173 689 2521 762 subscripsi.

2046 778 2294 834 Humilis
2344 780 2828 854 archiepiscopus
2855 783 3124 841 Anchiali
3145 786 3480 860 Stephanus
3511 788 3616 846 de-

1973 864 2189 922 ﬁniens
2215 867 2558 942 subscripsi.

2047 956 2300 1014 Humilis
2345 960 2722 1033 metropolita
2752 964 3146 1020 Neocaesareaa
3195 966 3463 1035 Basilius,
3493 969 3616 1025 exi-

1975 1052 2149 1116 gente
2179 1048 2311 1117 jure
2366 1050 2766 1106 sanctissimae
2823 1051 3093 1108 Ecclesia:
3123 1069 3295 1122 mete,
3327 1060 3391 1112 ut
3445 1073 3620 1130 supe-

1971 1135 2096 1190 rius
2126 1145 2263 1192 ante
2292 1140 2623 1210 Myrensem
2656 1140 3116 1210 subscriberem,
3147 1144 3290 1215 quia
3319 1145 3415 1201 hic
3443 1162 3618 1203 vene-

1973 1224 2180 1280 rabilis
2210 1233 2409 1282 tomus
2468 1228 2777 1284 absolutus
2818 1229 2926 1286 fuit
2965 1231 3137 1303 eique
3186 1232 3612 1308 subscriptum,

1973 1318 2112 1368 ante
2168 1331 2354 1387 quam
2405 1331 2518 1384 ego
2582 1332 2967 1374 consecrarer
3010 1320 3348 1393 episcopus,
3396 1323 3617 1381 idcirco

1971 1403 2070 1459 hic
2089 1404 2383 1460 deﬁniens
2415 1405 2762 1478 subscripsi.

2047 1493 2300 1549 Humilis
2353 1495 2730 1567 metropolita
2782 1497 2959 1552 Iconii
3011 1497 3292 1571 Joannes,
3349 1501 3619 1573 exigente

1971 1583 2105 1654 jure
2137 1584 2528 1640 sanctissimae
2561 1584 2833 1641 Ecclesia:
2865 1602 3036 1656 meae,
3065 1592 3130 1642 ut
3175 1591 3452 1661 superius
3480 1595 3618 1647 ante

1977 1673 2346 1730 Corinthium
2397 1675 2861 1744 subscriberem,
2919 1676 3063 1748 quia
3111 1677 3209 1733 hic
3263 1680 3621 1737 venerabilis

258 1769 384 1839 ψαι,
439 1764 540 1820 διὰ
609 1768 668 1818 τὸ
736 1763 1134 1822 συντελεσθῆναι
1200 1768 1290 1818 καὶ
1355 1765 1719 1838 ὑπογραφῆναι
1779 1767 1866 1815 τὸν

1995 1778 2177 1819 :omus
2229 1763 2542 1820 absolutus
2597 1765 2708 1820 fuit.
2745 1766 2919 1838 eique
2973 1767 3400 1840 subscriptum,
3455 1774 3618 1825 ante-

263 1861 528 1912 θειὸτατον
564 1862 746 1908 τοῦτον
801 1857 964 1926 τόμον
1015 1857 1117 1928 πρὸ
1171 1860 1264 1906 τοῦ
1317 1854 1754 1926 χειροτονηθῆναί
1783 1871 1866 1925 με,

264 1943 448 2023 ὁρίδας
472 1944 702 1998 ἐνταῦθα
734 1941 1038 2018 ὑπέγραψα.

685 2052 690 2056 1
909 2089 1141 2140 ΠΡΑΞΙΣ
1182 2092 1217 2140 Δ
1235 2125 1248 2140 .

339 2216 415 2268 α’.
473 2216 653 2288 Ἐγγὺς
709 2211 772 2268 δε
824 2221 888 2287 τῇ
964 2214 1304 2286 Κυριωνύμου
1363 2211 1869 2287 παρεισελαυνούσης

272 2306 499 2379 ἡμέρας,
554 2303 669 2362 καθ’
733 2302 798 2362 ἣν
863 2305 930 2354 τὰ
988 2307 1108 2374 περὶ
1162 2307 1260 2363 τῆς
1311 2309 1418 2353 τῶν
1453 2301 1616 2373 ἁγίων
1665 2302 1868 2355 εἰκόνων

279 2391 690 2454 ἀναστηλώσιως
736 2390 810 2444 ἔπ’
880 2389 1195 2452 Ἐκκλησίας
1244 2387 1406 2443 συνοδ
1411 2391 1500 2442 ικὰ
1547 2385 1582 2444 δ
1587 2389 1870 2444 ιαλαλεῖσαι

281 2483 686 2556 συγγράμματα,
731 2485 818 2534 καὶ
873 2482 942 2532 τὰ
1012 2487 1108 2542 τῆς
1158 2475 1466 2554 ὀρθοδοξίας
1516 2478 1869 2548 ἀνακηρύττε-

272 2589 388 2640 ται,
446 2569 719 2624 ἐκτίθενται
788 2572 879 2643 μὶν
936 2568 1190 2641 κεφάλαια
1242 2572 1477 2642 τέτταρα,
1514 2576 1588 2639 τῷ
1637 2565 1684 2621 δ’
1675 2588 1696 2622 ε
1753 2587 1872 2622 συν-

265 2655 442 2730 οδικῷ
485 2657 674 2732 βιϐλίῳ
720 2658 1234 2731 ἄγκαταγράφονταιο
1283 2661 1373 2708 καὶ
1405 2657 1564 2709 αὐτοῦ
1615 2654 1674 2710 δι
1712 2656 1871 2730 βασι-

263 2747 394 2810 λέως
445 2750 506 2799 τὸ
563 2750 1001 2822 αὑτοκρατορικὸν
1064 2748 1398 2820 περιθεμένου
1459 2742 1727 2819 διάδημα,
1783 2751 1873 2799 καὶ

267 2845 380 2900 τοῖς
453 2837 769 2909 ἁγιωτάτοις
829 2838 1192 2910 πατριάρχαις
1268 2839 1352 2886 καὶ
1427 2843 1518 2886 τοῦ
1587 2838 1872 2910 ἱερωτάτων

267 2930 478 2980 πάντων
542 2925 830 3001 ἀρχιερέων
895 2932 1064 2997 χοροῦ
1109 2928 1204 2985 τὰς
1278 2925 1418 2998 ίιρὰς
1487 2924 1875 2985 συνεισελθοτος

266 3011 586 3087 κιγχλιδας,
644 3016 671 3065 ὁ
731 3015 1112 3084 συντεθιιμένος
1169 3017 1346 3086 τόμος,
1424 3016 1488 3073 ὡς
1546 3016 1768 3085 εἴρηται,
1809 3021 1870 3085 τῇ

1975 1868 2160 1926 quam
2185 1868 2296 1922 ego
2327 1869 2707 1910 consecrarer
2752 1854 3093 1928 episcopus,
3125 1856 3346 1913 idcirco
3391 1858 3487 1914 hic
3515 1858 3619 1914 de-

1974 1940 2190 1998 ﬁniens
2213 1942 2559 2016 subscripsi.

2520 2086 2727 2142 ACTIO
2769 2087 3078 2152 QUARTA.

2052 2217 2098 2266 l.
2134 2211 2674 2284 Appropinquante
2717 2212 3026 2269 Dominica
3063 2213 3178 2285 die,
3211 2230 3334 2286 qua
3373 2216 3621 2272 recitan~

1975 2305 2072 2358 tur
2118 2301 2356 2356 decreta
2407 2301 2696 2372 synodica
2751 2301 3231 2375 praedicaturque
3286 2304 3624 2362 orthodoxa

1978 2390 2270 2447 sententia
2321 2389 2416 2445 .de
2480 2394 2816 2446 restaurata
2885 2397 3228 2448 sanctarum
3287 2393 3623 2464 imaginum

1979 2479 2163 2547 cultu,
2209 2479 2517 2551 proposita
2583 2479 3125 2552 fuerunt-capitula
3161 2486 3422 2554 quatuor
3448 2497 3626 2555 syno-

1977 2569 2234 2640 dicoque
2265 2569 2321 2624 in
2345 2568 2499 2624 libro
2535 2569 2868 2642 prescripta
2894 2588 2906 2625 :
2940 2569 3195 2644 ipsoque
3215 2587 3352 2642 rege
3373 2573 3627 2644 impera-

1978 2659 2131 2716 toria
2159 2657 2435 2713 redimito
2466 2673 2710 2727 corona,
2751 2664 2805 2713 et
2836 2660 3232 2715 sanctissimis
3274 2660 3626 2733 patriarchis

1980 2748 2506 2818 sacratissimoque
2533 2750 2804 2802 omnium
2845 2748 3256 2820 episc0porum
3287 2755 3443 2806 coetu
3471 2751 3628 2806 intra

1981 2853 2184 2893 sacros
2237 2836 2539 2891 cancellos
2591 2854 2651 2891 se
2709 2837 3178 2908 recipientibus;
3233 2839 3624 2911 compositus,

1983 2926 2066 2981 uti
2098 2925 2322 2979 dictum
2355 2929 2462 2980 est.
2494 2929 2694 2979 tomus
2722 2925 2942 2980 invicta
2971 2925 3126 2995 regis
3158 2943 3342 2982 manu
3373 2926 3626 2991 delatus,

1981 3029 2163 3085 super
2187 3014 2439 3085 mystica
2461 3013 2805 3086 ccelestique
2836 3015 3077 3086 ponitur
3107 3031 3351 3070 mensa:
3389 3020 3445 3070 et
3484 3029 3627 3070 con-

269 3104 616 3179 ἀπροσμάχῳ
680 3105 870 3156 τούτου
928 3102 1142 3174 παλάμῃ
1221 3108 1512 3178 φερόμενος,
1579 3106 1724 3177 ποιρά
1784 3107 1873 3160 τὴν

1995 3104 2222 3158 cinnata
2255 3101 2520 3173 Capitula
2549 3117 2686 3157 cum
2738 3102 3212 3174 praecedentibus
3260 3102 3489 3174 scriptis
3520 3117 3628 3174 ap-

267 3198 540 3267 μυστικὴν
591 3198 687 3245 καὶ
731 3191 974 3266 οὐρανίαν
1015 3191 1311 3244 ἀνατίθεται
1353 3192 1634 3266 τράπεζαν·
1685 3196 1774 3244 καὶ
1811 3195 1877 3244 τά

268 3285 586 3337 συντιθέντα
668 3280 923 3354 κεφάλαια
985 3288 1096 3341 τοῖς
1166 3279 1527 3354 προλαϐόντως
1589 3279 1874 3353 ἐγγεγραμ-

266 3379 440 3446 μένοις
493 3377 960 3442 συνεκφὼνοῦνται,
1005 3375 1095 3422 καὶ
1153 3376 1260 3431 τοῖς
1313 3369 1619 3422 συνελθοῦσι
1681 3374 1875 3444 γνωρί-

269 3464 472 3525 ζονται·
503 3461 539 3513 ἆ
574 3466 666 3513 καὶ
693 3457 779 3512 ἐπὶ
806 3459 986 3522 λέξεων
1015 3463 1149 3512 οὕτω
1179 3456 1619 3531 διαλαμϐάνουσι.

343 3549 418 3606 Δ’.
453 3581 522 3591 -
670 3555 792 3612 Τοῖς
829 3554 902 3621 μὴ
945 3548 1110 3624 ὀρθῶς
1135 3551 1232 3610 τάς
1271 3555 1371 3600 τῶν
1401 3547 1566 3619 ἁγίων
1609 3543 1876 3600 διδασκά-

266 3641 370 3694 λων
435 3650 530 3701 τῆς
586 3647 679 3691 τοῦ
726 3646 862 3692 Θεοῦ
919 3637 1228 3698 Ἐκκλησίας
1287 3639 1428 3698 θείας
1480 3641 1648 3708 φωνὰς
1690 3635 1877 3709 ἔκλαμ-

267 3729 594 3802 8ανομένοις,
653 3732 744 3780 καὶ
794 3729 862 3779 τὰ
928 3734 1106 3798 σαφῶς
1160 3731 1249 3778 καὶ
1306 3722 1572 3798 ἀριδήλως
1620 3724 1670 3776 ἓν
1698 3725 1878 3788 αὐταῖς

271 3815 369 3871 διὰ
432 3827 528 3879 τῆς
619 3823 713 3868 τοῦ
749 3815 930 3886 ’ἁγίου
994 3817 1288 3887 Πνεῦματος
1350 3816 1571 3888 χάριτος
1637 3814 1878 3888 εἰρημένα

267 3909 678 3982 παριρμηνεύειν
711 3923 768 3958 τε
793 3908 884 3956 καὶ
939 3908 1297 3978 περιστρέφειν
1339 3907 1693 3977 πειρωμένοις,
1747 3901 1875 3955 ἀνά-

273 3999 430 4068 θεμα.

345 4084 416 4141 Β’.
439 4115 509 4124 -
546 4081 612 4154 γ’.
669 4089 777 4134 Τῶν
834 4077 1280 4155 παραδεχομένων
1335 4085 1430 4138 τὴν
1485 4088 1578 4132 τοῦ
1631 4079 1875 4138 ἀληθινοῦ

267 4181 408 4226 Θεοῦ
461 4175 553 4224 καὶ
596 4178 836 4246 Σωτῆρος
883 4172 1028 4242 ἡμῶν
1076 4170 1251 4227 Ἰησοῦ
1281 4175 1518 4243 Χριστοῦ
1547 4173 1711 4240 φωνὴν
1758 4174 1872 4236 τὴν,

263 4262 326 4314 Ὁ
377 4266 568 4335 Πατήρ
622 4279 722 4332 μου
779 4263 971 4331 μείζων
1009 4262 1110 4332 μοῦ
1163 4257 1298 4326 ἐστι,
1337 4257 1578 4329 λέγεσθαι
1629 4265 1723 4310 σῦν
1766 4264 1876 4318 ταῖς

264 4351 482 4412 λοιπαῖς
533 4350 825 4423 ἑρμηνείαις
889 4357 992 4401 τῶν
1054 4348 1235 4419 ἁγίων.
1293 4352 1552 4420 Πατίρων,
1602 4361 1690 4400 και
1743 4350 1876 4399 κατὰ

1983 3191 2322 3263 probantur
2389 3195 2876 3263 congregatoque
2947 3190 3122 3246 ccetui
3201 3192 3625 3264 praeleguntur,

1983 3291 2120 3352 quae
2151 3278 2525 3333 adamussim
2556 3279 2682 3334 haec
2709 3283 2898 3334 erant.

2057 3543 2098 3599 Ι.
2132 3573 2200 3582 —
2221 3547 2272 3598 2.
2306 3543 2381 3598 Iis
2410 3543 2514 3615 qui
2544 3543 2707 3598 haud
2736 3547 2892 3598 recte
2921 3548 3267 3598 sanctorum
3314 3543 3632 3600 doctorum

1988 3633 2263 3689 Ecclesia:
2319 3634 2418 3689 Dei
2477 3633 2850 3689 venerabiles
2895 3633 3226 3688 locutiones
3286 3633 3630 3706 excipiunt;

1985 3738 2242 3796 quasque
2275 3729 2477 3796 aperte
2522 3725 2954 3794 manifesteque
2979 3721 3058 3777 ibi
3105 3737 3210 3794 per
3239 3722 3430 3778 sancti
3457 3721 3637 3796 Spiri-

1985 3817 2081 3868 tus
2129 3814 2383 3882 grattiam
2433 3813 2592 3867 dicta
2634 3819 2794 3882 sunt,
2824 3828 3106 3884 perversa
3155 3811 3636 3884 interpretatione

1985 3903 2385 3974 pessumdare
2416 3901 2703 3972 nituntur,
2740 3901 3064 3958 anathema
3097 3901 3190 3956 sit.

2058 4084 2125 4136 ll.
2151 4113 2216 4122 ——
2251 4085 2302 4136 3.
2336 4083 2549 4135 Eorum
2586 4080 2688 4152 qui
2713 4079 2834 4133 veri
2865 4079 2966 4134 Dei
2991 4084 3048 4134 et
3076 4079 3404 4134 Servatoris
3448 4077 3637 4134 nostri

1983 4173 2121 4225 Jesu
2175 4169 2383 4224 Christi
2431 4168 2752 4222 dictionem
2787 4169 2960 4223 Pater
2997 4183 3157 4223 meus
3202 4170 3397 4237 major
3425 4183 3516 4223 me
3552 4173 3638 4223 est

1985 4258 2342 4324 intelligunt,
2371 4273 2510 4310 cum
2543 4256 2783 4328 reliquis
2815 4258 2911 4312 SS.
2943 4259 3178 4311 Patrum
3211 4255 3641 4328 interpretatio-

1985 4346 2185 4406 nibus,
2219 4346 2398 4400 etiam
2451 4345 2524 4399 de
2574 4345 2788 4400 Christi
2841 4344 3237 4415 humanitate,
3271 4346 3329 4400 in
3398 4360 3522 4417 qua
3582 4349 3640 4400 et

263 4448 360 4500 την
418 4441 470 4492 ἐν
537 4440 678 4509 αὐτῷ
745 4437 1127 4512 ἀνθρωπὸτητα
1188 4437 1307 4489 καθ’
1366 4437 1427 4495 ἣν
1479 4442 1569 4488 καὶ
1635 4438 1873 4504 πέπονθε,

1995 4451 2208 4507 passhs
2241 4438 2348 4502 est,
2372 4433 2542 4488 sicuti
2571 4433 2790 4488 diserte
2810 4433 2870 4488 in
2890 4433 3094 4489 multis
3123 4449 3158 4489 a
3191 4437 3307 4490 Deo
3333 4432 3640 4506 inspiratis

263 4534 444 4592 καθὼς
473 4525 773 4603 διαρρήδην
829 4526 880 4579 ἒν
930 4526 1136 4587 πολλοῖς
1190 4534 1290 4578 τῶν
1321 4529 1666 4578 θεοπνεύστων
1713 4526 1876 4596 λόγων

266 4623 446 4673 αὐτῶν
493 4621 545 4672 οἱ
589 4619 731 4689 ἅγιοι
774 4621 995 4691 Πατέρες
1025 4615 1510 4688 ἀνακηρύττουσιν·
1563 4617 1639 4667 ῖτι
1679 4611 1740 4667 δι’
1785 4620 1875 4667 καὶ

265 4712 519 4782 λεγόντων
573 4713 661 4760 τὸν
717 4707 873 4758 αὐτὸν
922 4709 1153 4780 Χριστὸν
1197 4707 1332 4757 κατὰ
1360 4708 1456 4762 τὴν
1495 4703 1680 4756 ἑαυτοῦ
1708 4707 1879 4777 σάρκα

269 4802 457 4855 παθεῖν
488 4797 674 4850 αἰωνία
709 4801 913 4868 μνήμη,

341 4890 412 4944 Γ.
447 4919 518 4929 -
552 4883 619 4942 δ’.
662 4892 784 4947 Τοῖς
828 4891 1008 4936 νοοῦσι
1057 4880 1145 4936 καὶ
1203 4885 1568 4955 φθεγγομένοις
1612 4887 1707 4939 τὴν
1753 4883 1876 4934 θέω-

270 4999 354 5032 σιν
402 4984 498 5030 τοῦ
557 4974 972 5050 προσ-λήμματος
1033 4973 1344 5044 μιτάμειψιν
1405 4980 1498 5033 τῆς
1553 4969 1876 5044 ἀνθρωπίνης

269 5073 476 5141 γύσιως
545 5065 613 5126 εἰς
679 5065 920 5120 θεὸτητα’
983 5067 1073 5114 καὶ
1149 5065 1220 5134 μὴ
1285 5067 1534 5133 φρονοῦσι
1600 5059 1652 5122 ἐξ
1717 5059 1879 5120 αὐτῆς

267 5155 520 5227 ἇνὼσεως,
580 5156 722 5214 θείας
761 5156 852 5225 μεν
900 5149 1047 5214 ἀξίας
1115 5155 1206 5202 καὶ
1263 5149 1664 5222 μεγαλειότητος
1701 5167 1877 5223 ,μετα-

269 5255 426 5319 σχεῖν
479 5248 542 5298 τὸ
591 5251 746 5316 σῶμα
781 5249 876 5294 τοῦ
935 5245 1149 5313 Κυρίου,
1196 5244 1285 5291 καὶ
1332 5239 1743 5312 προσκυνεῖσθαι
1783 5243 1880 5309 μιᾷ

269 5339 635 5410 προσκυνήσει
685 5331 736 5384 ἐν
773 5339 848 5402 τῷ
914 5328 1316 5404 προσλαϐομένῳ
1376 5327 1502 5380 αὐτὸ
1543 5335 1658 5397 Θεῷ
1705 5333 1876 5398 Λογῳ,

267 5433 362 5479 καὶ
421 5421 554 5478 εἶναι
601 5424 871 5496 ὁμότιμον,
910 5417 1186 5492 ὁμόδοξον,
1217 5419 1490 5480 ξωοποιόν,
1543 5415 1764 5476 ἰσοκλεὲς
1806 5425 1880 5486 τῷ

269 5525 386 5587 Θιῷ
416 5519 509 5566 καὶ
551 5516 720 5587 Πατρὶ
762 5515 852 5562 καὶ
897 5517 968 5581 τῷ
1013 5512 1251 5579 παναγίῳ
1289 5510 1566 5579 Πνεῦματι,
1619 5510 1706 5557 καὶ
1751 5507 1879 5578 ὁμο-

274 5606 474 5681 θρονον*
516 5605 586 5678 μὴ
641 5603 813 5675 μέντοι
853 5617 914 5672 γε
963 5599 1204 5672 γενέσθαι
1266 5598 1545 5669 ὁμοούσιον
1621 5602 1694 5664 τῷ
1743 5601 1877 5665 8:97a-

1989 4523 2370 4579 sermonibus
2425 4523 2548 4577 suis
2592 4524 2780 4577 sancti
2826 4523 3028 4578 Patres
3076 4523 3516 4594 depi‘mdicant;
3548 4523 3640 4578 in-

1988 4630 2170 4685 super
2197 4628 2404 4667 eorum
2430 4611 2534 4684 qui
2567 4611 2873 4667 afﬁrmant
2915 4612 3196 4668 eumdem
3228 4613 3530 4668 Christum
3577 4611 3640 4667 in

1987 4719 2097 4759 sua
2118 4717 2296 4757 carne
2327 4717 2535 4756 revera
2563 4701 2744 4756 fuisse
2775 4717 3025 4772 passum
3051 4719 3064 4770 ;
3097 4710 3319 4756 aeterna
3349 4700 3642 4757 memoria

1991 4793 2086 4848 sit.

2059 4881 2151 4935 ΙΙΙ.
2186 4882 2335 4933 -4.
2393 4878 2464 4932 lis
2525 4878 2630 4951 qui
2685 4877 3116 4934 incarnationis
3197 4877 3641 4934 deiﬁcationem

1987 4969 2330 5024 existimant
2360 4967 2649 5037 aiuntque
2679 4981 2808 5020 esse
2839 4966 3122 5020 humana;
3153 4971 3381 5021 natura:
3404 4965 3464 5021 in
3493 4965 3643 5021 divi-

1986 5058 2234 5113 nitatem
2284 5055 2777 5124 conversionem;
2827 5067 3022 5125 neque
3054 5053 3307 5109 credunt
3335 5054 3414 5110 ob
3445 5055 3641 5127 ipsam

1988 5145 2476 5216 conjunctionem
2510 5157 2724 5214 corpus
2764 5141 3007 5214 quidem
3041 5142 3274 5200 Domini
3303 5143 3513 5201 divina
3560 5144 3644 5199 di-

1989 5236 2213 5306 gnitate
2239 5241 2296 5290 et
2324 5232 2781 5288 honoriﬁcentia
2807 5231 2941 5299 frui,
2965 5232 3264 5306 unicaque
3291 5234 3643 5290 adoratione

1989 5324 2226 5380 adorari
2259 5325 2317 5378 in
2360 5325 2705 5378 assumente
2737 5319 2886 5376 illud
2939 5325 3055 5378 Deo
3111 5323 3338 5392 Verbo;
3368 5323 3643 5394 adeoque

1989 5430 2118 5469 esse
2140 5412 2320 5468 simul
2347 5410 2722 5479 honorabile,
2756 5409 3444 5482 gloriosum,viviﬁcum,
3481 5410 3640 5483 paris

1989 5520 2125 5559 cum
2157 5506 2274 5557 Deo
2297 5505 2464 5557 Patre
2491 5499 2994 5572 sanctissimoque
3027 5501 3246 5573 Spiritu
3277 5500 3540 5567 honoris,
3580 5500 3642 5554 in

1989 5593 2325 5668 eodemque
2382 5593 2602 5649 throno
2633 5589 2882 5658 sedere;
2940 5605 3064 5648 non
3120 5596 3322 5647 tamen
3380 5587 3641 5645 consub-
