4152 6208
503 272 607 328 263
1827 266 1869 319 N
1880 261 2099 319 ΙΟΕΤᾹΞ
2148 254 2539 313 ΒΗΟΝΙΑΤᾸΞ.
3751 256 3869 312 264

502 392 779 452 stantiale
810 396 945 457 Deo,
976 392 1056 449 ita
1093 396 1158 447 ut
1186 390 1467 463 physicas
1514 390 1597 446 rei
1649 392 1861 445 creatae
1888 385 2152 458 proprie-

2274 382 2331 440 ὣς
2390 378 2636 440 ἐκστῆναι
2688 390 2785 434 τῶν
2838 388 3070 455 φυσικῶν
3146 376 3419 438 ίδιοτὴτων
3475 384 3566 430 τοῦ
3617 387 3860 444 κτιστοῦ,

503 489 651 540 tales
709 484 965 549 amittat,
1008 495 1228 551 nempe
1270 478 1908 550 circumscriptionem,
1960 478 2015 529 et
2050 488 2156 527 ca:-

503 577 628 629 tera
648 588 783 644 quae
807 571 866 626 in
890 570 1100 625 Christi
1124 569 1395 624 humana
1425 573 1641 624 natura
1668 570 2024 629 cernuntur;
2054 559 2157 615 sed

507 665 723 734 putant
750 658 1188 715 humanitatem
1212 672 1562 712 conversam
1587 656 1769 711 fuisse
1798 655 1858 709 in
1887 650 2159 709 divinita-

505 749 577 807 tis
609 748 1041 814 substantiam;
1077 746 1157 802 ita
1190 750 1253 801 ut
1281 745 1420 801 hinc
1451 744 1817 801 concludant
1842 742 1939 798 vel
1967 740 2157 813 phan-

503 837 781 894 tasticam
811 836 993 891 fuisse
1024 840 1203 907 atque
1232 835 1396 891 haud
1427 850 1631 891 veram
1679 830 1911 889 Domini
1969 830 2158 886 incar-

506 927 815 984 nationem
842 930 899 981 et
925 924 1291 997 passionem,
1322 923 1419 979 vel
1450 922 1742 994 Unigeniti
1788 918 2160 977 divinitatem

506 1030 754 1087 passam
784 1012 971 1069 fuisse
998 1031 1011 1080 ;
1040 1011 1366 1068 anathema
1396 1011 1492 1067 sit.

579 1105 668 1158 1V.
697 1133 764 1141 —
810 1108 861 1156 5.
895 1104 1111 1156 Eorum
1150 1100 1254 1172 qui
1291 1099 1520 1168 dicunt,
1569 1113 1814 1155 carnem
1841 1095 2077 1159 Domini
2103 1094 2161 1151 vi

509 1189 951 1260 conjunctionis
986 1189 1175 1261 ipsius
1205 1188 1549 1255 exaltatam,
1583 1202 1889 1259 supraque
1917 1198 2163 1241 omnem

508 1280 802 1335 honorem
845 1278 1197 1335 collocatam
1231 1277 1336 1346 (ita
1376 1282 1439 1332 ut
1464 1278 1579 1334 hoc
1612 1276 1831 1333 eximio
1858 1290 2013 1331 nexu
2045 1273 2164 1329 dei-

510 1369 690 1424 ﬁcata
722 1368 815 1438 sit)
842 1366 1312 1432 immutabiliter,
1341 1365 1791 1434 invariabiliter,
1827 1362 2161 1429 iuconfuse,

510 1457 1058 1524 inconvertibiliter,
1085 1456 1476 1528 hypostaticee
1507 1454 1947 1527 conjunctionis
1973 1453 2166 1523 gratia

510 1547 1001 1619 inseparabilem,
1029 1545 1577 1618 indivisibilcmque
1606 1549 1953 1602 manentem
1985 1541 2166 1600 simul

514 1653 653 1693 cum
709 1640 1057 1692 assumente
1122 1636 1320 1707 ipsam
1377 1636 1495 1690 Deo
1541 1634 1753 1705 Verbo,
1787 1633 2165 1707 parihonore

2263 478 2353 521 τον
2383 479 2755 543 περιγραπτοῠ,
2787 476 2876 524 καὶ
2919 479 3016 522 τῶν
3055 469 3245 522 λοιπῶν
3284 476 3383 520 τῶν
3438 465 3486 519 ἐν
3539 474 3601 539 τῇ
3663 465 3868 541 ἀνθρω-

2266 562 2387 611 πεία
2449 562 2597 631 φύσει
2662 567 2753 612 τοῦ
2820 567 3055 634 Χριστοῦ
3124 559 3478 632 θεωρουμένων
3520 573 3534 587 ⁸
3617 574 3867 628 μεταμει-

2269 649 2459 720 φθῆναι
2512 645 2572 701 δὲ
2628 648 2701 712 εἰς
2745 654 2839 709 τήν
2902 651 3143 711 θεότητος
3197 647 3400 715 οὐσίαν,
3450 648 3518 707 ὡς
3572 644 3626 697 ἐκ
3673 648 3866 697 τούτου

2267 736 2492 809 εἰσάγειν
2553 738 2581 797 ἢ
2638 743 2897 812 φαντασίᾳ
2947 742 3037 791 καὶ
3089 737 3180 790 οὐκ
3216 735 3431 808 ἀληθείᾳ
3476 738 3737 809 γεγονέναι
3766 740 3867 794 τὴν

2268 824 2657 900 ἕνανθρωπησιν
2709 836 2799 880 τοῦ
2854 832 3046 903 Κυρίου
3106 829 3195 878 καὶ
3241 828 3308 879 τὰ
3347 827 3513 896 πάθη,
3542 826 3571 884 ἦ
3625 828 3718 883 τὴν
3768 831 3865 877 τοῦ

2268 923 2587 988 Μονογενοῦς
2619 919 2839 976 θεότητα
2868 919 3070 985 παθεῖν,
3098 914 3347 989 ἀνάθεμα.

2342 1094 2566 1151 Α’.-ε’.
2606 1102 2716 1148 Τῶν
2753 1094 2998 1167 λεγόντων
3046 1097 3127 1148 ὃτι
3178 1095 3207 1153 ἡ
3263 1094 3397 1167 σὰρξ
3440 1100 3532 1147 τοῦ
3565 1098 3758 1163 Κυρίου
3815 1092 3873 1156 ἐξ

2271 1185 2431 1247 αὐτῆς
2480 1187 2706 1247 ἓνὼσεως
2756 1184 3180 1258 ὑπερυψωθεῑσα,
3230 1188 3320 1236 καὶ
3370 1181 3640 1237 ἀνωτάτων
3689 1185 3874 1245 πάσης

2270 1281 2424 1347 τιμῆς
2473 1276 2831 1348 ὑπερκειμένη,
2889 1277 2954 1335 ὡς
3023 1272 3076 1337 ἐξ
3135 1275 3300 1349 ἄκρας
3375 1272 3600 1335 ἐνώσεως
3656 1274 3875 1345 ὁμόθεος

2271 1368 2536 1438 γενομένη,
2617 1363 2998 1437 ἀμεταϐλητως,
3095 1362 3465 1432 ἁναλλοιώτως,
3548 1360 3876 1435 ἀσυγχύτως

2272 1460 2362 1507 καὶ
2418 1453 2699 1529 ἀτρέπτως,
2748 1450 2840 1506 διὰ
2868 1458 2962 1511 τὴν
3014 1452 3130 1505 καθ’
3163 1454 3456 1505 ὑπόστασιν
3520 1454 3723 1523 ἕνωσιν,
3778 1470 3877 1504 και

2273 1543 2574 1618 ἁχώριστος
2624 1546 2716 1595 καὶ
2781 1537 3145 1602 ἀδιάσπαστος
3175 1545 3404 1614 μένουσα
3449 1547 3522 1611 τῷ
3577 1538 3873 1616 προσλαϐοι

2272 1639 2405 1706 μένῳ
2452 1635 2615 1691 αὐτὴν
2664 1636 2771 1691 Θεῷ
2814 1635 2987 1703 Λόγῳ,
3036 1630 3275 1691 ὶσοκλεῶς
3328 1630 3468 1701 αὐτῷ
3514 1634 3734 1702 τιμᾶται
3779 1633 3877 1681 καὶ

514 1725 629 1783 coli
692 1730 749 1780 et
813 1724 1073 1789 adorari,
1109 1724 1286 1779 unica
1358 1723 1727 1794 adoratione,
1794 1723 2081 1794 regioque
2109 1726 2165 1777 et

2274 1729 2642 1796 προσκυνεῖται
2687 1727 2786 1794 μιᾷ
2838 1725 3213 1793 προσκυνήσει,
3256 1724 3346 1772 καὶ
3389 1725 3499 1780 τοῖς
3566 1717 3877 1791 βασιλικοῖς

513 1813 717 1871 divino
744 1812 802 1868 in
823 1813 970 1869 solio
992 1812 1069 1867 ad
1095 1812 1281 1867 Patris
1305 1811 1614 1867 dexteram
1637 1812 1929 1877 residere;
1961 1815 2165 1882 utpote

514 1918 651 1974 quae
686 1901 1015 1957 Divinitatis
1059 1901 1228 1956 dotes
1263 1900 1554 1971 gloriosas
1591 1899 1809 1973 adepta
1839 1904 1947 1967 est,
1987 1898 2166 1954 salvis

511 1995 867 2047 naturarum
890 1989 1386 2062 proprietatibus:
1413 1988 1498 2043 sic
1519 1989 1868 2057 dicentium,
1889 1988 2164 2060 inquam,

513 2085 736 2135 aeterna
762 2078 1053 2135 memoria
1084 2078 1176 2134 sit.

582 2175 634 2224 6.
678 2172 809 2224 Haec
868 2168 1195 2240 quotannis
1253 2167 1467 2223 eadem
1535 2167 1631 2223 die
1663 2166 1972 2223 Dominica
2028 2181 2166 2221 cum

511 2264 690 2314 antea
746 2257 912 2312 dictis
969 2272 1098 2312 esse
1145 2255 1485 2328 proﬁtenda
1537 2255 1843 2312 decretum
1896 2259 2009 2312 est.
2041 2254 2167 2310 Imo

508 2361 673 2412 vero,
699 2361 836 2400 cum
862 2361 969 2415 per
998 2345 1054 2399 id
1084 2351 1320 2416 tempus
1350 2344 1728 2400 ordinandus
1755 2351 1909 2400 esset
1933 2346 2168 2400 Neocae-

514 2449 705 2488 sareze
738 2434 1082 2505 episcopus,
1116 2432 1193 2488 ad
1223 2437 1435 2488 cretera
1457 2449 1589 2504 quae
1613 2433 1691 2488 ob
1732 2432 2168 2504 explorandam

512 2521 734 2576 mentis
795 2521 1214 2576 orthodoxiam
1269 2520 1568 2591 descripta
1615 2527 1803 2588 erant,
1831 2521 1945 2576 hoc
1987 2521 2167 2576 etiam

512 2614 651 2666 tunc
679 2610 1041 2681 imperatum
1067 2616 1154 2665 est
1173 2610 1401 2664 recitari
1426 2610 1516 2664 his
1551 2610 1931 2666 adamussim
1951 2609 2163 2665 verbis.

590 2886 642 2935 7.
687 2878 875 2934 Etiam
928 2878 1261 2951 amplector
1316 2882 1373 2935 et
1437 2879 1721 2951 proﬁteor
1777 2896 1851 2938 ea
1912 2896 2049 2953 quae
2093 2880 2170 2936 de

516 2967 695 3023 effato
728 2966 1038 3023 Dominico
1068 2966 1124 3021 in
1148 2967 1370 3023 sanctis
1403 2968 1774 3040 Evangeliis:
1807 2970 1987 3025 Pater
2004 2984 2167 3025 meus

2272 1817 2362 1865 καὶ
2424 1813 2579 1872 θείοις
2605 1808 2980 1885 ἐγκαθίδρνται
3036 1812 3218 1870 θώκοις
3273 1808 3328 1861 ἐκ
3378 1804 3560 1871 δεξιῶν
3616 1814 3709 1860 τοῦ
3762 1814 3876 1861 Πα-

2273 1905 2412 1974 τρὸς,
2473 1904 2542 1961 ὡς
2600 1902 2664 1952 τὰ
2705 1908 2798 1961 τῆς
2868 1901 3103 1958 θεότητος
3159 1897 3453 1970 αὐχήματα
3506 1895 3877 1955 καταπλουτή-

2277 2010 2438 2055 σασα,
2490 1990 2792 2062 σωζομένων
2832 1998 2929 2041 τῶν
2970 1985 3244 2047 ἰδιοτὴτων
3286 1995 3385 2040 τῶν
3428 1989 3649 2059 φύσεων,
3680 1985 3874 2039 αἰωνια

2275 2081 2303 2137 ἡ
2338 2083 2537 2152 μνήμη.

2351 2166 2405 2229 ς’,
2435 2174 2614 2219 Ταῦτα
2666 2164 2732 2225 δὴ
2791 2171 2881 2219 καὶ
2929 2164 3153 2227 ἐτησίως
3180 2167 3315 2219 κατὰ
3369 2167 3563 2223 ταύτην
3615 2169 3708 2223 τὴν
3758 2184 3868 2216 κυ-

2274 2262 2529 2331 ριώννμον
2616 2257 3050 2328 συνεκφωνεῖσθαι
3121 2262 3226 2315 τοῖς
3302 2259 3650 2329 προγραφείσι
3719 2255 3874 2305 κεκύ-

2274 2365 2457 2420 ρωται·
2509 2345 2568 2397 οὗ
2616 2350 2769 2417 μόνον
2819 2340 2881 2397 δὲ
2934 2344 3061 2397 ἀλλὰ
3106 2349 3195 2396 καὶ
3241 2345 3386 2418 παρὰ
3436 2349 3528 2395 τοῦ
3582 2348 3879 2401 τηνικαῦτα

2274 2439 2391 2487 τότε
2440 2435 2877 2507 χειροτονηθῆναι
2949 2432 3212 2504 μέλλοντος
3270 2430 3553 2505 ἀρχιερέως
3601 2439 3695 2494 τῆς
3742 2437 3877 2483 Νεο-

2275 2526 2565 2596 καισαρέων
2640 2520 2851 2586 πόλεως,
2910 2528 3016 2581 τοίς
3074 2524 3216 2595 παρὰ
3280 2528 3373 2573 τοῦ
3435 2524 3678 2594 πρότερον
3743 2521 3877 2592 πρὸς

2276 2610 2558 2683 ἀσφάλειαν
2606 2617 2699 2662 τοῦ
2764 2609 2957 2662 ἑαυτῶν
3006 2615 3333 2683 φρονήματος
3383 2612 3722 2683 γραφομένοις
3778 2611 3877 2660 καὶ

2274 2707 2442 2752 ταῦτα
2498 2697 2971 2771 συνεξησφάλισται
3022 2702 3153 2773 πρὸς
3203 2701 3317 2759 ἔπος
3377 2698 3511 2751 οὕτω
3563 2693 3875 2770 διαλαμϐά-

2273 2809 2445 2842 νονταο

2350 2877 2413 2940 ζ’.
2444 2877 2557 2931 ’Ἐτι
2607 2878 3018 2950 κατασπάζομαι
3064 2881 3154 2930 καὶ
3200 2876 3430 2949 ὁμολογῶ
3480 2879 3546 2928 τὰ
3599 2879 3718 2946 περὶ
3772 2882 3872 2938 τῆς

2277 2966 2325 3019 ἐν
2373 2971 2481 3026 τοῖς
2541 2965 2708 3036 ἁγίοις
2760 2965 3090 3036 Εὐαγγε).ίοις
3144 2972 3462 3025 Δεσποτικῆς
3516 2971 3685 3036 φωνῆς
3749 2971 3872 3031 τῆς,

515 3059 714 3127 major
747 3071 838 3112 me
870 3062 955 3111 est
1013 3056 1231 3112 tradita
1261 3062 1399 3112 sunt
1424 3072 1461 3111 a
1489 3038 1713 3113 sanctis
1744 3057 2036 3129 Patribus,
2066 3057 2165 3113 de—

2274 3038 2333 3108 Ὀ
2382 3058 2562 3129 Πατήρ
2618 3074 2718 3126 μου
2775 3054 2966 3127 μείζων
3019 3056 3119 3126 μού
3178 3052 3309 3121 ἐστι,
3364 3054 3509 3125 παρά
3557 3060 3658 3105 τῶν
3706 3051 3874 3122 ἁγίων

515 3144 740 3201 clarata
771 3149 973 3200 autem
1003 3145 1064 3200 in
1117 3145 1394 3215 religioso
1426 3150 1610 3214 tomo,
1642 3146 1747 3219 qui
1799 3148 2169 3217 compositus

512 3240 601 3290 est
648 3239 798 3289 nutu
851 3233 1137 3289 divinitus
1190 3234 1463 3307 inspirati
1539 3234 1800 3305 potentis
1857 3236 2169 3307 sanctique

511 3322 699 3379 nostri
725 3323 882 3393 regis
913 3322 1406 3394 Porphyrogeniti
1437 3327 1493 3378 et
1522 3323 1901 3396 imperatoris
1940 3324 2169 3380 domini

512 3411 799 3467 Manuelis
827 3413 1113 3467 Comneni
1138 3428 1150 3465 :
1185 3426 1401 3484 nempe
1430 3411 1597 3482 quod
1621 3412 1984 3468 locutionem
2013 3413 2169 3468 hanc

512 3501 757 3574 protulit
815 3501 1104 3556 Dominus
1152 3504 1209 3555 et
1260 3503 1415 3555 Deus
1464 3507 1665 3556 noster
1691 3502 1867 3556 Jesus
1903 3502 2171 3558 Christus

516 3586 695 3640 etiam
731 3587 1067 3641 secundum
1103 3602 1273 3642 suam
1307 3594 1569 3644 creatam
1628 3589 2171 3662 circumscriptam-

517 3689 638 3745 que
670 3678 948 3729 naturam
981 3674 1037 3728 in
1070 3690 1191 3745 qua
1229 3679 1285 3730 et
1313 3692 1534 3747 passus
1564 3682 1671 3731 est.
1704 3677 1943 3748 Recipio
1970 3683 2170 3735 autem

518 3761 594 3815 de
624 3760 926 3816 locutione
957 3760 1070 3816 hac
1101 3765 1340 3817 caeteras
1398 3779 1642 3836 quoque
1688 3769 2033 3821 sanctorum
2066 3767 2172 3823 Pa-

522 3854 677 3905 trum
739 3849 1272 3922 interpretationes.
1306 3856 1498 3923 Atque
1533 3852 1662 3908 haec
1693 3869 1729 3909 a
1764 3854 1995 3909 cunctis
2036 3871 2174 3911 con-

518 3937 819 3996 secrandis
841 3938 1118 4010 deinceps
1144 3940 1447 4012 episcopis
1477 3940 1816 4012 proﬁtenda
1845 3957 1974 3999 esse
2001 3959 2174 4000 cons-

515 4028 752 4084 titutum
779 4033 888 4085 est.

584 4120 635 4171 8.
672 4117 766 4173 llis
789 4117 959 4183 actis,
990 4117 1171 4173 unius
1204 4118 1305 4173 Dei
1334 4117 1599 4175 Ecclesia
1624 4120 1687 4175 in
1714 4136 1904 4176 unum
1947 4136 2167 4194 corpus

509 4206 684 4261 rediit
739 4211 796 4261 et
845 4207 1010 4260 unita
1066 4211 1187 4264 est:
1237 4206 1719 4281 exclamavitque
1773 4226 1911 4265 cum
1942 4225 2168 4280 magno

511 4293 698 4349 Paulo
732 4311 744 4348 :
782 4293 1059 4348 Christus
1086 4301 1169 4349 est
1202 4310 1333 4363 pax
1362 4304 1591 4362 nostra,
1625 4300 1731 4369 qui
1746 4300 1890 4368 fecit
1912 4305 2170 4371 utraque

2278 3151 2519 3216 Πατερων
2575 3140 2943 3218 παραδοθέντα
2985 3148 3077 3195 καὶ
3130 3139 3566 3215 διατρανωθεντα,
3618 3143 3717 3194 ὑπὸ
3777 3149 3874 3193 τοῦ

2278 3232 2521 3293 εὐσεϐοῦς
2576 3236 2737 3304 τόμον
2797 3239 2892 3284 τοῦ
2963 3230 3248 3293 ἐκτεθέντος
3304 3234 3582 3303 θεοκινὴτῳ
3655 3233 3876 3303 νεύματι

2278 3330 2368 3375 τοῦ
2406 3328 2660 3395 κραταιοῦ
2701 3325 2791 3373 καὶ
2828 3320 2979 3391 ἁγίου
3022 3322 3167 3393 ἡμῶν
3212 3319 3468 3393 ﬁnalem;
3509 3327 3875 3395 Πορφυρογεν-

2277 3416 2429 3469 νήτου
2477 3414 2566 3461 καὶ
2604 3409 2982 3484 αὐτοκράτορος
3019 3416 3181 3481 κυροῦ
3232 3408 3480 3468 Μανουὴλ
3522 3416 3613 3461 τοῦ
3668 3414 3876 3481 Κομνη-

2277 3508 2387 3552 νοῦ·
2429 3502 2591 3570 ἤγουν
2629 3499 2707 3551 ὅτι
2735 3503 2830 3557 τὴν
2883 3502 3051 3571 φωνὴν
3081 3501 3275 3557 ταύτην
3333 3502 3535 3572 εἴρηται
3587 3499 3614 3550 ὁ
3683 3500 3876 3571 Κύριος

2278 3594 2368 3642 καὶ
2425 3591 2552 3650 Θεὸς
2599 3590 2744 3661 ἡμῶν
2793 3588 3001 3650 Ἰησοὺς
3052 3591 3298 3661 Χριστὸς,
3353 3592 3444 3639 καὶ
3491 3588 3629 3640 κατὰ
3678 3591 3769 3645 τὴν
3822 3584 3873 3638 έν

2278 3678 2420 3748 αὐτῷ
2464 3682 2683 3735 κτίστην
2730 3682 2819 3730 καὶ
2866 3681 3223 3751 περιγραπτήν
3280 3678 3451 3749 φύσιν,
3506 3674 3625 3728 καθ’
3674 3678 3735 3733 ἠν
3782 3679 3875 3728 καὶ

2278 3768 2514 3819 πέπονθε.
2557 3770 2790 3837 Δέχομαι
2821 3761 2879 3817 δὲ
2930 3770 3018 3817 καὶ
3049 3768 3140 3828 τάς
3168 3770 3287 3839 περὶ
3314 3772 3403 3818 τοῦ
3433 3767 3669 3818 τοιούτου
3706 3765 3872 3838 ῥητοὺ

2280 3855 2448 3928 ἑτέρας
2504 3854 2770 3927 ἑρμηνείας
2833 3862 2932 3905 τῶν
3001 3854 3161 3925 ἁγίων
3231 3857 3484 3927 Πατάρων.
3550 3852 3708 3927 Ἀπερ
3774 3857 3867 3904 καὶ

2278 3943 2453 4015 ἐφεξῆς
2510 3946 2559 3995 οἱ
2613 3944 3027 4017 χειροτονεῖσθαι
3085 3942 3343 4015 μέλλοντες
3388 3944 3565 4003 πάντες
3602 3939 3872 4015 ἀρχιεροῖς

2278 4034 2584 4105 ὡρίσθησαν
2611 4030 3015 4104 ἁσφαλίξεσθαι.

2349 4120 2412 4178 η’.
2453 4126 2632 4192 Γέγονε
2682 4129 2847 4172 ταυτα
2872 4141 2884 4153 ο
2943 4125 3032 4172 καὶ
3080 4122 3109 4179 ἡ
3161 4127 3252 4173 τοῦ
3291 4120 3396 4182 ἐνὸς
3425 4126 3560 4175 Θεοῦ
3588 4118 3877 4177 Ἐκκλησία

2276 4213 2406 4281 πρὸς
2453 4208 2500 4261 ἓν
2534 4213 2782 4279 συνήγετο
2840 4212 2929 4260 καὶ
2969 4214 3252 4267 συνήνωτο”
3305 4214 3396 4261 καὶ
3438 4210 3575 4261 κατὰ
3598 4212 3682 4261 τὸν
3710 4211 3875 4280 μέγαν

2280 4298 2495 4351 Παυλονο
2546 4304 2776 4371 Χριστος
2826 4295 2966 4349 ἔστιν
3028 4299 3058 4357 ἠ
3118 4297 3292 4370 εἰρήνη
3356 4300 3503 4371 ἡμῶν
3564 4299 3590 4350 ὀ
3645 4302 3878 4360 ποιήσας

512 4398 700 4436 unum
723 4382 790 4415 ³⁵·
818 4397 830 4445 ;
864 4385 921 4437 et
949 4397 1110 4449 eum,
1133 4382 1235 4453 qui
1266 4398 1438 4455 aeque
1466 4400 1535 4440 ac
1568 4386 1851 4441 Salomon
1871 4387 2165 4459 sapientia

2274 4388 2338 4438 τὰ
2399 4384 2662 4461 ἀμφότερα
2720 4385 2787 4450 ἓν,
2817 4383 3169 4458 ἀνακέκραγεο
3225 4390 3315 4438 καὶ
3382 4389 3471 4439 τὸν
3534 4388 3668 4439 κατὰ
3728 4383 3871 4437 Σολο-

510 4470 714 4527 infusa
768 4468 1056 4541 prteditus
1112 4476 1256 4535 erat,
1280 4472 1555 4543 apprime
1586 4473 1905 4544 pacificum
1937 4480 1993 4530 et
2032 4492 2165 4532 vere

515 4563 766 4616 unctum
796 4558 1027 4615 Domini
1059 4572 1259 4629 regem
1287 4560 1715 4629 magniﬁcavit.

1048 4790 1254 4848 ACTIO
1295 4791 1574 4857 QUINTA.

591 4926 638 4975 t.
682 4924 883 4993 Neque
912 4925 1114 4975 tamen
1138 4918 1373 4975 interim
1401 4918 1769 4975 dormitabat
1812 4920 1863 4976 is
1894 4921 1995 4993 qui
2022 4921 2168 4978 ziza-

512 5009 681 5064 nium
712 5009 771 5063 in
799 5008 1101 5077 religionis
1144 5008 1338 5064 tritico
1387 5023 1582 5063 serere
1635 5009 1920 5076 molitur;
1970 5025 2168 5082 neque

509 5112 691 5169 porro
712 5096 1059 5153 demoratus
1091 5101 1198 5159 est,
1232 5112 1429 5168 neque
1462 5096 1753 5153 malitiam
1782 5097 1886 5153 diu
1920 5098 2163 5155 distulit.

508 5185 613 5242 sed
639 5199 912 5240 rumores
942 5183 1157 5239 iterum
1189 5185 1602 5253 insonuerunt,
1637 5186 1737 5257 qui
1777 5193 2165 5257 persanatum

506 5290 701 5347 nuper
722 5272 1174 5328 Christianitatis
1205 5289 1423 5345 corpus
1449 5274 1790 5330 exulcerare
1822 5276 2161 5332 tentabant:

508 5366 831 5435 denuoque
863 5360 1349 5433 obloquebantur
1403 5362 1675 5434 quidam,
1735 5364 2043 5422 conditum
2078 5371 2163 5422 to-

588 5541 654 5585 δῦ·
681 5539 895 5611 Ephes.
927 5555 986 5611 ιι,
1024 5542 1109 5596 ti.

2272 4484 2451 4548 μώντα
2498 4479 2555 4527 τὸ
2602 4483 2693 4535 τῆς
2760 4479 3055 4549 φρονήσεως
3114 4477 3269 4547 χύμα
3349 4473 3724 4534 πλουτήσαντες
3779 4478 3873 4525 καί

2275 4564 2673 4636 εἰρηνικώτατον
2740 4561 2943 4624 ἀληθῶς
2989 4566 3074 4615 τὸν
3122 4566 3352 4638 Χριστὸν
3405 4568 3599 4637 Κυρίου
3649 4561 3874 4636 βασιλέα

2275 4652 2737 4727 προσεμεγάλυνεν.

2909 4800 3147 4849 ΠΡΛΞΙΣ
3176 4794 3244 4850 Ε’.

2348 4919 2410 4971 α’.
2472 4918 2628 4972 Ἀ).λὰ
2671 4922 2771 4995 γὰρ
2827 4920 2921 4973 οὐκ
2967 4917 3028 4979 ἧν
3081 4918 3281 4993 ἀμελεῖν
3328 4924 3416 4973 τὸν
3464 4922 3728 4998 ἄγρυπνον
3772 4931 3875 4975 τῶν

2277 5009 2523 5069 ζιζανίων
2557 5014 2753 5083 σπορέα
2799 5018 2870 5079 τῷ
2916 5018 3010 5071 τῆς
3058 5009 3316 5072 εὐσεϐείας
3363 5014 3493 5082 σίτῳ
3527 5009 3878 5065 ἇπιδουλευον-

2276 5116 2359 5149 τα”
2404 5102 2589 5149 οὔκουν
2621 5095 2735 5151 οὐδ’
2786 5097 3076 5164 ἀνεϐάλετο,
3123 5096 3248 5153 οὐδὲ
3273 5105 3360 5158 τὴν
3411 5104 3598 5152 κακίαν
3647 5099 3730 5154 ἐπὶ
3777 5121 3879 5174 μαι

2275 5190 2398 5261 κρον
2474 5188 2744 5259 ὑπερέθετο
2776 5202 2790 5218 ⁸
2871 5186 2978 5239 ἀλλ’
3038 5190 3486 5263 ὑποτονθορυσμοί
3541 5210 3671 5251 τινες
3721 5190 3878 5243 πάλιν

2276 5276 2657 5348 ἐπανηχουντο,
2708 5280 2764 5329 τὸ
2813 5276 3128 5330 συνουλωθεν
3167 5274 3274 5336 ἤδη
3332 5286 3425 5331 τοῦ
3477 5287 3576 5331 τῶν
3621 5286 3878 5353 Χριστω-

2274 5367 2443 5437 νύμων
2546 5373 2782 5443 σώματος
2866 5364 3150 5435 ἀναξαίνειν
3246 5366 3657 5449 ἀποπειρώμενοι
3688 5387 3701 5401 θ
3785 5374 3878 5432 καὶ
