4152 6208
544 302 651 357 26⁸1

1884 289 2164 349 ΝΙΟΕΤΛΕ
2204 292 2580 361 (ΞΗΟΝΙΔΤᾸΞ

3806 303 3913 363 268

542 422 838 495 gloriosas
859 422 1083 496 adepta
1101 424 1209 487 est,
1239 418 1421 477 salvis
1449 420 1802 475 naturarum
1830 416 2203 489 proprietati-

2313 417 2606 491 αὐχήματα
2625 420 2955 479 καταπλουτή
2966 440 3129 491 σασα,
3157 421 3460 494 σωζομένων
3485 429 3585 474 τῶν
3631 419 3911 484 ὶδιοτήτων

543 511 682 569 bus.

612 604 666 657 4.
712 599 1083 658 Sanctissimi
1113 602 1318 657 autem
1370 595 1560 653 nostri
1596 594 1825 651 domini
1851 595 2204 651 cacumenici

538 689 899 762 patriarchae
928 687 1223 745 sententia
1252 684 1387 743 talis
1413 684 1542 741 fuit.
1568 683 1703 740 Mihi
1733 683 2012 739 videntur
2033 688 2203 756 quot-

539 784 690 852 quot
713 778 985 851 episcopi
1036 792 1108 834 ac
1135 774 1441 850 praepositi
1472 774 1551 829 de
1579 773 1793 830 Christi
1830 772 2202 829 humanitate

539 868 699 924 dicta
727 866 1108 924 afﬁrmarunt
1148 864 1366 921 verba:
1391 864 1569 920 Pater
1591 878 1752 919 meus
1769 865 1967 932 major
1989 879 2078 917 me
2094 867 2198 931 est,

536 956 602 1012 id
626 961 713 1012 est
743 955 1081 1011 secundum
1107 954 1239 1025 ejus
1264 956 1531 1009 creatam
1556 951 1891 1008 humanam
1920 955 2203 1007 naturam

537 1046 602 1101 in
640 1062 763 1117 qua
797 1050 851 1100 et
877 1060 1097 1117 passus
1125 1048 1233 1113 est,
1266 1047 1424 1098 recte
1471 1045 1529 1096 et
1567 1039 1863 1095 inoffense
1915 1044 2093 1111 atque
2123 1038 2202 1094 ad

538 1134 917 1208 propositum
963 1131 1348 1205 respondisse
1384 1147 1396 1185 :
1430 1129 1536 1203 qui
1583 1133 1783 1184 autem
1840 1127 2008 1183 aliter
2036 1127 2201 1182 dixe-

537 1228 695 1291 runt,
718 1222 976 1278 obscure
1017 1218 1405 1293 respondisse
1458 1217 1756 1283 videntur,
1790 1216 1911 1271 imo
1951 1216 2102 1271 inter
2140 1231 2202 1270 se

539 1310 847 1370 discordes
864 1327 1061 1384 neque
1091 1310 1169 1365 ad
1200 1306 1578 1382 propositum
1620 1304 2027 1361 collineantes.
2062 1308 2203 1361 San-

540 1400 793 1457 ctissimi
829 1404 1031 1458 autem
1083 1396 1248 1454 urbis
1303 1394 1406 1451 Dei
1453 1408 1693 1464 magnae
1729 1393 2053 1449 Antiochiae
2098 1410 2203 1465 pa-

538 1489 833 1557 triarchae,
867 1490 996 1545 haec
1017 1486 1148 1542 fuit.
1175 1482 1601 1540 Sanctissimus
1644 1481 1988 1554 patriarcha
2037 1481 2202 1537 urbis

540 1579 644 1635 Dei
668 1595 908 1649 magnae
926 1575 1257 1632 Antiochia:
1280 1573 1378 1639 ait,
1404 1572 1630 1628 dictum
1653 1571 1835 1626 fuisse
1867 1588 1902 1627 a
1934 1572 2161 1627 Christo
2186 1588 2199 1625 :

539 1670 727 1724 Pater
752 1684 911 1723 meus
958 1668 1153 1732 maior
1173 1680 1262 1719 me
1305 1668 1411 1731 est,
1436 1661 1616 1717 etiam
1647 1659 1980 1715 secundum
2012 1662 2202 1716 incar-

2310 515 2410 559 τῶν
2442 510 2660 580 φύσεων.

2383 593 2450 651 δ.
2485 596 2543 649 Ἠ
2584 593 2644 650 δε
2682 606 2774 651 τοῦ
2841 598 3135 670 ἁγιωτάτου
3194 601 3339 671 ἡμῶν
3393 595 3655 653 δεσπότου
3701 606 3793 654 καὶ
3829 602 3912 654 οἰ-

2309 693 2615 756 κουμενικοῡ
2688 690 3022 762 πατριάρχου
3081 687 3241 748 οὓτως
3298 690 3441 758 (42)·
3472 690 3554 740 ότι
3613 689 3758 760 Ἐμοὶ
3824 688 3914 743 δο-

2309 781 2491 825 κοῦσιν
2531 775 2647 826 ὅσοι
2676 777 2817 827 εἶπον
2856 785 2955 828 τῶν
2997 775 3285 851 ἀρχιερέων
3345 782 3436 829 καὶ
3483 785 3583 828 τῶν
3640 776 3914 852 ἀρχόντων

2309 865 2445 914 κατὰ
2482 866 2540 914 τὸ
2593 862 2642 914 ἐν
2706 872 2779 935 τῷ
2835 872 3050 940 Χριστῷ
3100 864 3417 937 ἀνθρώπινον
3476 866 3719 939 εἰρῆσθαι
3748 872 3830 936 τό,
3854 867 3914 920 Ὀ

2310 958 2489 1027 Πατήρ
2551 973 2652 1024 μου
2704 955 2895 1026 μειξων
2962 958 3061 1027 μου
3120 954 3282 1017 ἐστιν,
3340 960 3499 1026 ἤγουν
3552 960 3685 1010 κατὰ
3733 963 3826 1016 τήν
3865 957 3917 1010 ἐν

2309 1043 2450 1112 αὐτῷ
2517 1041 2842 1115 ἀνθρωπίνην
2900 1050 3122 1103 κτιστήν
3188 1049 3361 1117 φύσιν,
3396 1047 3515 1098 καθ’
3557 1046 3616 1105 ἢν
3654 1053 3743 1100 καὶ
3815 1053 3916 1101 πέ-

2309 1133 2509 1197 πονθεν,
2561 1132 2728 1207 ὀρθῶς
2780 1140 2870 1187 καὶ
2928 1133 3304 1206 ἁπροσκόπτως
3352 1140 3441 1187 καὶ
3480 1139 3610 1207 πρὸς
3648 1142 3741 1194 τήν
3781 1135 3915 1211 ἐρω-

2308 1239 2462 1279 τησιν
2500 1219 2885 1295 ἀποκρίνασθαι
2934 1240 2945 1252 ·
2993 1226 3043 1275 οὶ
3083 1220 3142 1275 δε
3195 1224 3358 1285 ἄλλως
3399 1224 3683 1299 εἰρηκότες,
3729 1225 3908 1298 ἀσαφῆ

2307 1311 2651 1381 ποιησάμενοι
2686 1316 2778 1370 τήν
2819 1310 3117 1385 ἀπόκρισιν,
3168 1318 3258 1364 xui.
3314 1312 3504 1385 μᾶλλον
3560 1318 3691 1387 πρὸς
3754 1314 3913 1373 ἀλλή-

2307 1396 2423 1458 λους
2474 1403 2545 1471 μὴ
2617 1407 3076 1472 συμφωνήσαντος,
3140 1397 3264 1453 οὐδὲ
3330 1404 3456 1476 πρὸς
3508 1408 3602 1461 τήν
3656 1402 3911 1476 ἐρώτησιν

2310 1482 2533 1539 δοκοῦσι
2606 1507 2696 1559 μοι
2761 1487 3167 1563 ἀποκρίνασθαι.
3218 1490 3276 1541 Ἠ
3331 1486 3390 1542 δὲ
3454 1498 3547 1542 τοῦ
3614 1495 3910 1562 ἁγιωτάτου

2307 1578 2645 1651 πατριάρχου
2703 1579 3020 1640 Θεουπόλεως
3075 1579 3306 1651 μεγάλης
3346 1579 3669 1651 Ἀντιοχείας
3717 1580 3911 1643 οὕτως.

2308 1664 2366 1717 Ὀ
2458 1666 2739 1736 ἁγιώτατος
2828 1670 3168 1743 πατριάρχης
3261 1669 3588 1731 Θεόυπόλεως
3680 1671 3912 1742 μεγάλης

2458 1666 2739 1736 ἁγιώτατος
2828 1670 3168 1736 πατριάρχης
3261 1669 3588 1731 Θεόυπόλεως

538 1761 845 1813 nationem
858 1758 1242 1825 creatamque
1257 1767 1433 1806 suam
1456 1753 1737 1806 naturam
1760 1749 2199 1821 acpassibilem.

2314 1754 2636 1826 Ἀντιοχείας
2701 1753 2835 1807 εἶπεν
2886 1756 3128 1829 εἰρῆσθαι
3166 1762 3224 1808 τό
3257 1774 3268 1786 ·
3298 1756 3356 1809 Ὀ
3419 1763 3602 1832 Πατήρ
3669 1779 3767 1830 μου
3805 1765 3919 1832 μεί-

543 1844 911 1902 Sanctissimi
955 1842 1216 1914 denique
1246 1838 1796 1910 Hierosolymorum
1845 1838 2202 1909 patriarchae

540 1933 846 2006 ejusmodi
868 1931 1161 1987 sententia
1178 1928 1741 1984 fuit.Sanctissimus
1764 1927 2202 2000 Hierosolymo-

538 2038 676 2078 rum
706 2020 1049 2093 patriarcha
1068 2017 1406 2074 dixitzJam
1440 2020 1684 2072 sanctus
1716 2015 1968 2087 Spiritus
1988 2016 2197 2081 verba,

538 2112 725 2167 Pater
768 2125 931 2165 meus
970 2109 1171 2177 major
1207 2121 1299 2161 me
1339 2111 1443 2175 est,
1478 2102 1799 2175 explicavit
1826 2119 1933 2175 per
1964 2110 2201 2160 sanctos

540 2214 921 2271 magnosque
967 2196 1403 2253 illuminatores
1435 2191 1732 2257 Ecclesiae,
1764 2199 2203 2248 sacrosanctas-

540 2305 659 2362 que
692 2287 980 2359 synodos.
1017 2285 1259 2357 Recipio
1302 2284 1483 2353 igitur
1533 2289 1780 2339 cunctas
1828 2283 2195 2346 traditiones.

542 2377 877 2433 secundum
902 2391 1055 2448 quas
1083 2373 1185 2429 illa
1207 2371 1709 2428 verbaintellecta
1739 2373 2200 2435 sunt.0uoniam

539 2481 683 2521 vero
732 2463 1108 2520 afﬁrmarunt
1156 2463 1396 2523 Patres,
1450 2459 1676 2515 dictum
1729 2460 1845 2515 hoc
1887 2476 1923 2516 a
1972 2461 2199 2517 Christo

543 2554 728 2610 fuisse
760 2558 889 2609 tum
941 2556 1238 2624 quatenus
1290 2565 1467 2605 verus
1514 2551 1667 2604 Deus
1718 2554 1826 2616 est,
1859 2554 1987 2604 tum
2018 2550 2199 2605 etiam

543 2650 846 2717 quatenus
873 2657 1050 2697 verus
1086 2641 1293 2705 homo,
1334 2639 1438 2712 qui
1467 2653 1685 2710 nempe
1715 2644 1981 2694 creatam
2011 2638 2199 2711 passi-

546 2733 853 2804 bilemque
880 2734 1156 2786 naturam
1188 2727 1458 2796 habet,in
1484 2742 1606 2799 qua
1636 2726 1814 2781 etiam
1838 2742 2055 2798 passus
2086 2733 2196 2792 est,

545 2821 641 2877 aio
672 2820 732 2875 id
755 2820 956 2891 ipsum
999 2833 1112 2887 ego
1137 2831 1401 2889 quoque,
1434 2830 1629 2887 neque
1658 2814 1890 2870 inﬁcias
1910 2816 1993 2871 ire
2020 2832 2196 2888 queo.

546 2909 645 2965 His
672 2912 876 2964 autem
923 2906 1231 2962 sententiis
1275 2904 1577 2974 sigillatim
1630 2902 2039 2976 subscriptum
2060 2904 2196 2972 fuit;

546 3015 752 3071 eaeque
774 2997 942 3053 lectas
971 2994 1406 3052 suntaudiente
1434 2992 1815 3049 sanctissimo
1829 2994 2201 3049 (ecumenico

2313 1843 2414 1903 ζων
2470 1864 2570 1915 μου
2610 1848 2752 1916 παρὰ
2790 1853 2881 1897 τοῦ
2932 1852 3192 1919 Χριστοῦ,
3240 1851 3331 1898 καὶ
3366 1849 3500 1900 κατὰ
3536 1852 3631 1904 τὴν
3668 1846 3919 1923 ἐνανθρω-

2311 1950 2474 1988 πησιν
2531 1937 2620 1982 καὶ
2679 1938 2737 1984 το
2789 1930 2837 1983 ἐν
2899 1933 3041 2003 αὐτῷ
3078 1941 3149 2004 τῷ
3206 1941 3419 2005 Χριστῷ
3454 1939 3666 1987 κτιστόν
3714 1956 3768 1988 τε
3823 1942 3919 1989 καὶ

2309 2021 2561 2077 παθητόν.
2609 2020 2667 2072 Ἠ
2726 2016 2785 2073 δὲ
2823 2029 2916 2073 τοῦ
2968 2021 3260 2091 ἁγιωτάτου
3300 2025 3639 2097 πατριάρχου
3695 2024 3914 2099 Ἰεροσο-

2308 2106 2480 2179 λύμων
2537 2107 2702 2170 οὓτως
2734 2125 2747 2136 ⁶
2777 2108 2837 2161 Ὀ
2887 2109 3173 2180 ἁγιώτατος
3234 2112 3575 2185 πατριάρχης
3630 2110 3915 2187 Ἰεροσολύο

2308 2216 2416 2267 μων
2483 2201 2616 2249 εἱπεν
2652 2218 2663 2230 ο
2714 2201 2943 2267 Ἐφθασε
3004 2201 3062 2249 τό
3141 2205 3347 2267 Πνεῦμα
3408 2203 3465 2250 τό
3504 2201 3653 2267 ἆγιον
3705 2204 3763 2252 τό
3800 2222 3811 2233 ·
3850 2201 3911 2254 Ὀ

2310 2290 2488 2359 Πατήρ
2528 2304 2629 2357 μου
2686 2286 2875 2358 μείζων
2932 2289 3032 2358 μου
3083 2285 3245 2356 ἐστιν,
3302 2286 3615 2361 ἑρμηνεῦσαι
3673 2285 3765 2341 διὰ
3808 2298 3909 2340 τῶν

2306 2372 2463 2443 ἁγίων
2523 2379 2613 2424 καὶ
2663 2373 2894 2445 μεγάλων
2946 2379 3230 2448 φωστήρων
3280 2382 3375 2436 τῆς
3432 2375 3743 2438 Ἐκκλησίοις
3816 2383 3909 2430 καὶ

2305 2472 2405 2514 τῶν
2432 2462 2591 2533 ἁγίων
2646 2468 2736 2513 καὶ
2784 2465 2927 2535 ἱερῶν
2983 2459 3217 2514 συνόδων
3251 2479 3262 2491 ·
3300 2459 3532 2535 δέχομαι
3567 2474 3691 2536 γοῦν
3731 2469 3910 2529 πάσας

2305 2553 2399 2613 τὰς
2462 2547 2696 2622 ἐκδοχὰς
2758 2552 2875 2603 καθ’
2932 2551 2990 2612 ἃς
3045 2553 3378 2624 ἡρμήνευσαν
3439 2553 3588 2611 αὐτό.
3651 2554 3789 2608 Ἐπεὶ
3848 2552 3911 2608 δὲ

2306 2639 2577 2711 εἰρήκασιν
2617 2639 2698 2691 ὁτι
2752 2644 2841 2691 καὶ
2882 2644 2950 2702 ὡς
2998 2645 3124 2701 Θεὸς
3162 2640 3369 2707 τέλειος,
3401 2647 3491 2693 καὶ
3546 2646 3610 2704 ως
3639 2645 3913 2716 ἄνθρωπος

2306 2728 2493 2788 τέλειος
2535 2729 2734 2802 εἴρηκεν
2788 2730 2813 2780 6
2855 2730 3011 2791 αὐτὸς
3064 2734 3291 2801 Χριστός
3347 2733 3402 2781 τό
3460 2740 3690 2783 τοιοῦτον
3728 2734 3908 2807 ῥητόν,

2714 2196 2943 2269 ’Ἑφθασε
3004 2201 3062 2249 τό
3141 2205 3347 2270 Πνεῦμα
3408 2203 3465 2250 τό
3504 2200 3653 2271 ἅγιον
3705 2204 3763 2252 τό
3800 2222 3811 2233 ·

2308 2819 2469 2886 ἤγουν
2500 2817 2568 2878 ὡς
2598 2819 2733 2888 ἔχων
2763 2816 2812 2868 ἐν
2853 2817 3018 2887 ἐαυτῷ
3047 2821 3141 2874 τήν
3173 2823 3394 2875 κτιστήν
3416 2821 3569 2890 φύσιν
3608 2825 3698 2871 καὶ
3729 2824 3911 2880 παθη-

2309 2909 2402 2962 τήν
2442 2905 2557 2956 καθ’
2593 2904 2653 2963 ἢν
2679 2911 2767 2957 καὶ
2793 2908 3010 2958 πέπονθε
3042 2920 3056 2934 ⁸
3098 2905 3228 2978 λέγω
3268 2912 3357 2958 καὶ
3387 2907 3538 2967 αὐτὸς
3562 2914 3627 2960 τὰ
3663 2910 3797 2963 αὐτὰ
3820 2917 3913 2963 xui.

2309 2994 2368 3046 οὐ
2423 2991 2653 3066 δύναμαι
2701 2994 2969 3068 ἀρνεῖσθαι
3002 3011 3014 3023 '
3045 2996 3070 3047 6
3110 3001 3197 3047 xui
3245 2997 3540 3070 ὑπεγράφη,
3584 2998 3912 3071 υναγνωσθεν

550 3086 891 3143 Patriarcha
938 3084 1265 3155 divinaque
1323 3087 1379 3138 et
1441 3097 1617 3137 sacra
1668 3082 1927 3152 synodo,
1966 3097 2072 3154 per
2102 3081 2202 3137 Dei

2312 3082 2359 3135 ἐν
2398 3085 2602 3155 ἐπηκόῳ
2667 3092 2759 3136 τοὺ
2816 3083 3107 3156 ἁγιωτάτου
3165 3088 3251 3135 καὶ
3309 3084 3667 3159 οἰκουμενικοῡ
3724 3109 3915 3163 πατρι-

547 3175 1047 3233 amantissimum
1068 3188 1362 3243 magnum
1390 3170 1887 3244 scevophylacem
1912 3174 2205 3227 Joannem

548 3262 1244 3337 pantechnem.Denique
1263 3260 1567 3332 adjectum
1592 3265 1682 3315 est
1701 3259 2007 3315 decretum
2027 3277 2208 3332 syno-

552 3353 776 3417 dicum,
836 3352 1006 3425 cujus
1072 3349 1505 3407 continentiam
1572 3350 1636 3403 in
1700 3349 2208 3420 consequentibus

550 3442 791 3498 damus.

1142 3546 1348 3602 ACTIO
1391 3545 1629 3601 SEXTA.

554 3656 772 3709 Mensis
822 3652 1035 3709 Martii
1079 3652 1177 3707 die
1223 3653 1519 3719 vicesima,
1581 3649 1927 3705 indictionis
1972 3649 2211 3705 decima

1069 3744 1323 3811 quartae,
1353 3740 1448 3795 die
1470 3739 1695 3808 prima.

630 3856 675 3905 1.
720 3847 1081 3905 Ρτιεείάοιηθ
1115 3846 1493 3903 sanctissimo
1530 3849 1735 3901 nostro
1774 3845 2023 3901 domino
2047 3861 2210 3901 oscu-

554 3940 793 3996 menico
839 3936 1186 4011 patriarcha
1237 3935 1489 3992 domino
1545 3936 1701 3990 Luca
1742 3934 1804 3989 in
1855 3933 2211 3990 occidentali

555 4031 1026 4086 catechumeneo
1044 4044 1057 4093 ;
1077 4024 1529 4082 considentibus
1555 4023 1926 4087 Caesariensi,
1945 4023 2212 4079 Nicome-

555 4116 1161 4186 diensi,Melitenensi,
1186 4114 1535 4185 Cangrensi,
1563 4114 1906 4180 Larissensi,
1929 4113 2210 4180 Cretensi,

554 4207 1124 4279 Philippopolitano,
1150 4203 1546 4273 Euchaitensi,
1590 4201 1981 4274 Philippensi,
2015 4201 2214 4257 Hiera-

554 4296 844 4368 politano,
886 4294 1171 4362 Serrensi,
1223 4292 1538 4363 Abydeno,
1588 4291 1942 4358 Paronaxio,
1974 4290 2211 4356 Milesio,

556 4384 1104 4455 Arcadiopolitano,
1130 4382 1325 4450 Pario,
1351 4382 1796 4446 Praeconnesio,
1831 4380 2210 4452 Selybriensi,

554 4472 971 4536 Anchialensi;
1003 4469 1339 4527 astantibus
1395 4470 1659 4524 dominis
1707 4469 2081 4540 praepositis;
2116 4469 2213 4524 Dei

555 4561 1011 4619 amantissimus
1046 4574 1307 4628 magnus
1338 4557 1744 4629 scevophylax
1769 4560 2029 4613 Joannes
2060 4561 2213 4612 Pan-

555 4654 817 4720 technes,
841 4655 907 4706 ut
929 4665 993 4705 se
1024 4648 1191 4704 omni
1219 4646 1564 4719 suspicione
1582 4651 1886 4717 purgaret.
1915 4646 2085 4701 sicuti
2108 4661 2214 4717 pa-

552 4742 676 4798 lam
716 4744 776 4797 ﬁt
803 4756 869 4796 ex
890 4735 1415 4812 progredientibus
1442 4734 1661 4807 synodi
1692 4735 1962 4801 decretis,
1998 4734 2215 4790 sistens

556 4848 617 4888 se
664 4831 842 4887 hodie
888 4828 1030 4899 legit
1074 4843 1147 4884 ex
1191 4825 1391 4882 libello
1422 4824 1851 4881 continentiam
1873 4824 2022 4893 ejus.
2049 4824 2215 4879 Post-

552 4937 739 4991 quam
778 4919 956 4989 igitur
990 4919 1121 4974 hzec
1161 4917 1313 4972 lecta
1341 4920 1480 4971 sunt
1507 4914 1747 4986 publice
1778 4928 1982 4969 coram
2009 4918 2215 4969 nostra

555 5009 967 5065 mediocritate
1015 5022 1309 5078 sacraque
1363 5003 1601 5077 synodo
1629 5046 1643 5070 ,
1683 5003 1744 5057 in
1784 5003 1897 5058 hac
1928 5002 2216 5059 schedula

553 5113 775 5153 nomen
823 5112 1001 5151 suum
1046 5094 1416 5166 subscripsit,
1449 5107 1632 5164 seque
1667 5091 1833 5147 omni
1873 5091 2213 5163 suspicione

555 5184 854 5257 purgavit,
881 5185 962 5239 ita
994 5189 1059 5238 ut
1091 5184 1402 5255 superiora
1434 5181 1653 5253 synodi
1693 5181 1932 5236 decreta
1960 5180 2106 5236 nihil
2135 5179 2214 5236 ad

553 5277 753 5347 ipsum
788 5275 918 5345 jam
943 5272 1280 5328 attinerent.
1314 5270 1538 5326 Deinde
1569 5275 1879 5325 exaratum
1908 5269 1967 5324 in
2000 5269 2214 5324 eadem

557 5363 846 5421 schedula
864 5362 1153 5433 scriptum
1165 5359 1721 5431 hujusmodi,eique
1745 5375 1851 5431 per
1874 5357 2214 5430 complures

554 5454 681 5509 dies
705 5450 1196 5521 subscripserunt
1216 5448 1314 5504 alii
1333 5462 1579 5521 quoque
1600 5446 1889 5519 episcopi,
1904 5446 2048 5518 quia
2067 5461 2214 5502 non-

626 5578 736 5649 (42)
775 5574 917 5633 Vide
945 5573 1060 5631 col.
1081 5577 1205 5630 250.

2314 3172 2487 3246 ἁρχου
2541 3178 2629 3225 καὶ
2681 3182 2771 3234 τῆς
2831 3175 2970 3235 θείας
3020 3178 3108 3225 καὶ
3167 3175 3304 3245 ἱερᾶς
3356 3172 3579 3227 συνόδου
3641 3181 3783 3250 παρὰ
3820 3187 3915 3231 τοῦ

2318 3261 2707 3333 θεοφιλεστάτου
2768 3261 2992 3334 μεγάλου
3081 3261 3451 3333 σέευοφύλακος
3514 3264 3747 3318 Ἰωάννου
3821 3276 3915 3319 τοῦ

2316 3356 2611 3421 Παντεχνῆ.
2662 3349 2781 3401 Ἐπὶ
2846 3346 2905 3402 δε
2958 3352 3125 3420 τούτῳ
3164 3355 3252 3402 καὶ
3295 3356 3574 3426 σημείωμα
3634 3352 3914 3408 συνοδικὸν

2316 3437 2537 3505 ἕξετέθη,
2570 3445 2737 3489 ταῦτα
2772 3443 2861 3490 xui.
2900 3437 3025 3490 αὑτό
3050 3438 3223 3512 ῥητῶς
3254 3436 3288 3491 δ
3294 3443 3617 3515 ιηγούμενον.

2942 3548 3176 3598 ΠΡΛΞΙΣ
3220 3543 3287 3608 ς’.

2423 3656 2564 3708 Μηνὶ
2591 3656 2809 3724 Μαρτίῳ
2838 3650 2901 3716 κ’,
2934 3653 3103 3725 ἡμέρᾳ
3138 3657 3317 3727 πρώτη
3363 3650 3684 3718 ἰνδικτιῶνος
3712 3653 3799 3708 ιδ’.

2390 3846 2452 3901 α’.
2496 3848 2896 3921 Προκαθημένου
2962 3853 3056 3898 τοῦ
3103 3844 3397 3917 ἁγιωτάτου
3450 3851 3593 3921 ἡμῶν
3651 3846 3918 3903 δεσπότου

2317 3942 2408 3989 καὶ
2453 3936 2810 4009 οἰκουμενίκοῦ
2850 3955 3185 4010 πατριαρχου
3243 3946 3404 4010 κυροῦ
3470 3944 3648 3991 Λουκᾶ
3702 3942 3750 3990 ἓν
3806 3948 3921 4002 τοῖς

2320 4024 2556 4087 δυτικοίς
2659 4029 3120 4098 κατηχουμενείοις
3162 4042 3174 4055 °
3254 4023 3691 4100 συνεδριαζόντων
3734 4070 3747 4094 ,
3824 4038 3921 4081 τοῦ

2322 4119 2659 4188 Καισαρείας,
2718 4122 2808 4165 τοῦ
2873 4110 3253 4185 Νικομηδείας,
3309 4123 3401 4166 τοῦ
3455 4115 3768 4184 Μελιτηνῆς,
3827 4126 3923 4169 τοῦ

2322 4209 2587 4276 ram/796,6,
2615 4210 2709 4255 τοῦ
2748 4208 3049 4277 Λαρίσσης,
3080 4210 3171 4254 τοῦ
3214 4208 3443 4277 Κρήτης,
3481 4213 3573 4257 τοῦ
3629 4205 3922 4259 Φιλεππου-

2319 4292 2533 4353 πόλεως,
2574 4300 2665 4343 τοῦ
2732 4292 3026 4362 Εὖχαῖτων,
3067 4299 3159 4342 τοῦ
3216 4292 3501 4358 Φιλίππων,
3541 4302 3633 4346 τοῦ
3697 4295 3925 4370 Ἱεραπό-

2319 4381 2460 4449 λεως,
2512 4388 2603 4432 τοῦ
2670 4379 2897 4454 Σερρών,
2958 4387 3050 4431 τοῦ
3112 4377 3360 4447 Ἀϐύδου,
3414 4390 3507 4434 τοῦ
3574 4384 3918 4456 Παροναξίας,

2249 4446 2291 4500 D
2322 4479 2411 4522 τοῦ
2464 4470 2736 4535 Μιλήτου,
2797 4476 2888 4520 τοῦ
2952 4465 3431 4541 Ἀρκαδιουπόλεως
3463 4513 3476 4537 ,
3537 4478 3629 4523 τοῦ
3696 4479 3919 4545 Παρίου,

2321 4566 2412 4611 τοῦ
2467 4563 2875 4632 Προικόννησον,
2915 4564 3007 4608 τοῦ
3066 4557 3367 4630 Σηλυϐρίας,
3413 4564 3502 4611 καὶ
3556 4568 3646 4612 τοῦ
3698 4560 3926 4633 Ἀγχιά-

2320 4645 2409 4697 λου
2468 4667 2481 4679 ·
2540 4651 2938 4719 παρισταμένων
2988 4652 3079 4698 καὶ
3136 4642 3463 4699 δεσποτικῶν
3512 4648 3781 4721 ἀρχόντων
3831 4667 3845 4680 ⁸
3894 4653 3922 4703 6

2324 4734 2713 4807 θεοφιλέστατος
2781 4739 2939 4806 μέγας
2990 4735 3312 4806 σκευοφωαξ
3369 4736 3611 4799 Ἰωάννης
3658 4740 3683 4789 ό
3732 4746 3925 4791 Παντε-

2321 4829 2473 4894 χνής,
2516 4823 2695 4876 ἑαυτὸν
2748 4821 3082 4875 ἀπαλλάττων
3135 4826 3312 4885 πάσης
3364 4826 3614 4896 ὑποψίας,
3647 4829 3784 4880 καθὰ
3828 4824 3929 4885 δη-

2320 4911 2500 4963 λοῦται
2537 4920 2646 4972 τοῖς
2702 4912 2933 4985 προϐᾱσι
2987 4908 3283 4972 συνοδικοίς
3342 4921 3715 4987 σημειώμασι,
3748 4936 3928 4990 παρα-

2325 5003 2453 5060 στὰς
2490 5005 2584 5059 τήν
2641 5008 2885 5075 σήμερον,
2920 5000 3110 5072 ἀνέγνω
3151 5000 3251 5053 ἀπὸ
3302 5002 3595 5077 εἰληταρίου
3634 5007 3697 5056 τὰ
3748 5007 3933 5057 ὑποτε-

2320 5094 2549 5161 ταγμένα
2580 5105 2592 5118 ·
2627 5092 2691 5150 ὡς
2729 5090 2817 5141 οὖν
2876 5088 3066 5161 ἀνέγνω
3128 5097 3294 5142 ταῦτα
3345 5090 3431 5144 ἐπὶ
3483 5101 3657 5145 κοινοῦ
3712 5099 3801 5146 καὶ
3858 5092 3935 5146 ἐν-

2323 5183 2483 5229 ώπιον
2535 5186 2631 5240 τῆς
2667 5180 2812 5249 ἡμῶν
2852 5183 3193 5252 μετριότητος
3230 5185 3319 5233 καὶ
3368 5188 3463 5242 τῆς
3505 5184 3639 5254 ἱερᾶς
3680 5179 3935 5255 συνόδου,

2323 5266 2372 5318 ἐν
2437 5276 2510 5337 τῷ
2574 5269 2793 5337 τοιούτῳ
2855 5272 3064 5339 χαρτίῳ
3122 5269 3451 5342 ὑπέγραψεν,
3509 5270 3688 5325 ἑαυτὸν
3758 5276 3938 5335 πάσης

2324 5356 2554 5427 ὑποψίας
2609 5354 2910 5424 ἀπήλλαξεν,
2972 5355 3254 5429 ἀπρακτεῖν
3313 5358 3611 5431 ὀφειλόντων
3672 5362 3795 5413 ὅσον
3855 5358 3938 5415 ἐπ’

2324 5446 2466 5517 αὐτῷ
2512 5465 2601 5497 και
2656 5453 2756 5496 τῶν
2811 5436 3196 5519 προγεγονότων
3265 5444 3556 5523 συνοδικῶν
3622 5454 3936 5525 σημειωμά-
