  <div class='ocr_page' id='page_1' title='image "/cluster/home/n/w/nwhite01/storage/ocr_20150623/140/hvd.32044073502551/154.png"; bbox 0 0 4152 6208; ppageno 0'>
   <div class='ocr_carea' id='block_1_1' title="bbox 243 280 350 348">
    <p class='ocr_par' dir='ltr' id='par_1_1' title="bbox 243 280 350 348">
     <span class='ocr_line' id='line_1_1' title="bbox 243 280 350 348; baseline 0 -10"><span class='ocrx_word' id='word_1_1' title='bbox 243 280 350 348; x_wconf 67' lang='lat'><strong>269</strong></span> 
     </span>
    </p>
   </div>
   <div class='ocr_carea' id='block_1_2' title="bbox 1561 277 2315 336">
    <p class='ocr_par' dir='ltr' id='par_1_2' title="bbox 1561 277 2315 336">
     <span class='ocr_line' id='line_1_2' title="bbox 1561 277 2315 336; baseline 0 -2"><span class='ocrx_word' id='word_1_2' title='bbox 1561 278 1911 336; x_wconf 78' lang='lat' dir='ltr'><strong>THESAURI</strong></span> <span class='ocrx_word' id='word_1_3' title='bbox 1949 278 2082 336; x_wconf 82' lang='lat' dir='ltr'><strong>LIB.</strong></span> <span class='ocrx_word' id='word_1_4' title='bbox 2130 277 2315 334; x_wconf 82' lang='lat' dir='ltr'><strong>XXIV.</strong></span> 
     </span>
    </p>
   </div>
   <div class='ocr_carea' id='block_1_3' title="bbox 3516 281 3624 336">
    <p class='ocr_par' dir='ltr' id='par_1_3' title="bbox 3516 281 3624 336">
     <span class='ocr_line' id='line_1_3' title="bbox 3516 281 3624 336; baseline -0.009 0"><span class='ocrx_word' id='word_1_5' title='bbox 3516 281 3624 336; x_wconf 84' lang='lat'><strong>270</strong></span> 
     </span>
    </p>
   </div>
   <div class='ocr_carea' id='block_1_4' title="bbox 235 397 1859 475">
    <p class='ocr_par' dir='ltr' id='par_1_4' title="bbox 235 397 1855 475">
     <span class='ocr_line' id='line_1_4' title="bbox 235 397 1855 475; baseline 0.001 -22"><span class='ocrx_word' id='word_1_6' title='bbox 235 421 339 454; x_wconf 85' lang='grc' dir='ltr'><strong>των</strong></span> <span class='ocrx_word' id='word_1_7' title='bbox 365 401 484 471; x_wconf 75' lang='grc'><strong>(43)</strong></span> <span class='ocrx_word' id='word_1_8' title='bbox 512 398 643 462; x_wconf 81' lang='grc' dir='ltr'>Εἶτα</span> <span class='ocrx_word' id='word_1_9' title='bbox 671 399 1150 475; x_wconf 73' lang='grc' dir='ltr'>ἕγκατεστρωμίνον</span> <span class='ocrx_word' id='word_1_10' title='bbox 1190 397 1252 474; x_wconf 74' lang='grc' dir='ltr'><strong>ᾖν</strong></span> <span class='ocrx_word' id='word_1_11' title='bbox 1281 399 1332 454; x_wconf 73' lang='grc' dir='ltr'>ἄν</span> <span class='ocrx_word' id='word_1_12' title='bbox 1363 399 1503 472; x_wconf 80' lang='grc' dir='ltr'>αύτῷ</span> <span class='ocrx_word' id='word_1_13' title='bbox 1527 404 1588 453; x_wconf 86' lang='grc' dir='ltr'>τὸ</span> <span class='ocrx_word' id='word_1_14' title='bbox 1619 408 1855 454; x_wconf 83' lang='grc' dir='ltr'>τοιοῦτον</span> 
     </span>
    </p>
   </div>
   <div class='ocr_carea' id='block_1_5' title="bbox 1970 397 3624 475">
    <p class='ocr_par' dir='ltr' id='par_1_5' title="bbox 1970 397 3624 475">
     <span class='ocr_line' id='line_1_5' title="bbox 1970 397 3624 475; baseline 0.002 -20"><span class='ocrx_word' id='word_1_15' title='bbox 1970 400 2108 456; x_wconf 81' lang='lat' dir='ltr'>nulli</span> <span class='ocrx_word' id='word_1_16' title='bbox 2138 398 2495 457; x_wconf 81' lang='lat' dir='ltr'><strong>scandalum</strong></span> <span class='ocrx_word' id='word_1_17' title='bbox 2535 398 2610 456; x_wconf 92' lang='lat' dir='ltr'><strong>de</strong></span> <span class='ocrx_word' id='word_1_18' title='bbox 2652 397 2786 456; x_wconf 88' lang='lat' dir='ltr'><strong>aliis</strong></span> <span class='ocrx_word' id='word_1_19' title='bbox 2815 404 3236 474; x_wconf 83' lang='lat' dir='ltr'><strong>sumpserant;</strong></span> <span class='ocrx_word' id='word_1_20' title='bbox 3267 401 3374 475; x_wconf 87' lang='lat' dir='ltr'><strong>qui</strong></span> <span class='ocrx_word' id='word_1_21' title='bbox 3415 401 3624 460; x_wconf 89' lang='lat' dir='ltr'><strong>nolue-</strong></span> 
     </span>
    </p>
   </div>
   <div class='ocr_carea' id='block_1_6' title="bbox 236 486 1858 565">
    <p class='ocr_par' dir='ltr' id='par_1_6' title="bbox 236 486 1858 565">
     <span class='ocr_line' id='line_1_6' title="bbox 236 486 1858 565; baseline 0 -22"><span class='ocrx_word' id='word_1_22' title='bbox 236 493 520 564; x_wconf 58' lang='grc' dir='ltr'>ἔγγραφονο</span> <span class='ocrx_word' id='word_1_23' title='bbox 581 489 668 543; x_wconf 81' lang='grc' dir='ltr'><strong>ἐπὶ</strong></span> <span class='ocrx_word' id='word_1_24' title='bbox 719 486 778 542; x_wconf 58' lang='grc' dir='ltr'>δε</span> <span class='ocrx_word' id='word_1_25' title='bbox 838 498 914 561; x_wconf 84' lang='grc' dir='ltr'>τῷ</span> <span class='ocrx_word' id='word_1_26' title='bbox 972 495 1322 565; x_wconf 75' lang='grc' dir='ltr'>προγραφέντι</span> <span class='ocrx_word' id='word_1_27' title='bbox 1395 488 1657 563; x_wconf 74' lang='grc' dir='ltr'>ἐγγράφῳ,</span> <span class='ocrx_word' id='word_1_28' title='bbox 1720 492 1858 543; x_wconf 83' lang='grc' dir='ltr'>κατὰ</span> 
     </span>
    </p>
   </div>
   <div class='ocr_carea' id='block_1_7' title="bbox 239 576 1857 654">
    <p class='ocr_par' dir='ltr' id='par_1_7' title="bbox 239 576 1857 654">
     <span class='ocr_line' id='line_1_7' title="bbox 239 576 1857 654; baseline 0 -23"><span class='ocrx_word' id='word_1_29' title='bbox 239 576 528 654; x_wconf 80' lang='grc' dir='ltr'>διαφόρους</span> <span class='ocrx_word' id='word_1_30' title='bbox 591 580 788 652; x_wconf 79' lang='grc' dir='ltr'>ἡμέρας</span> <span class='ocrx_word' id='word_1_31' title='bbox 855 579 1163 652; x_wconf 73' lang='grc' dir='ltr'><strong>ὑπέγραψαν</strong></span> <span class='ocrx_word' id='word_1_32' title='bbox 1227 583 1317 632; x_wconf 80' lang='grc' dir='ltr'>καὶ</span> <span class='ocrx_word' id='word_1_33' title='bbox 1372 580 1537 652; x_wconf 82' lang='grc' dir='ltr'>ἕτεροι</span> <span class='ocrx_word' id='word_1_34' title='bbox 1589 576 1857 653; x_wconf 74' lang='grc' dir='ltr'><strong>ἀρχιερεῖς</strong></span> 
     </span>
    </p>
   </div>
   <div class='ocr_carea' id='block_1_8' title="bbox 240 660 1857 743">
    <p class='ocr_par' dir='ltr' id='par_1_8' title="bbox 240 660 1857 743">
     <span class='ocr_line' id='line_1_8' title="bbox 240 660 1857 743; baseline 0 -23"><span class='ocrx_word' id='word_1_35' title='bbox 240 664 338 720; x_wconf 77' lang='grc' dir='ltr'>διὰ</span> <span class='ocrx_word' id='word_1_36' title='bbox 367 672 428 720; x_wconf 85' lang='grc' dir='ltr'>τὸ</span> <span class='ocrx_word' id='word_1_37' title='bbox 471 663 927 728; x_wconf 73' lang='grc' dir='ltr'>σιανδαλισθῆναί</span> <span class='ocrx_word' id='word_1_38' title='bbox 977 687 1118 730; x_wconf 84' lang='grc' dir='ltr'>τινας</span> <span class='ocrx_word' id='word_1_39' title='bbox 1171 675 1272 719; x_wconf 88' lang='grc' dir='ltr'>τῶν</span> <span class='ocrx_word' id='word_1_40' title='bbox 1315 665 1601 743; x_wconf 83' lang='grc' dir='ltr'>ἀρχιερέων</span> <span class='ocrx_word' id='word_1_41' title='bbox 1646 672 1736 720; x_wconf 82' lang='grc' dir='ltr'>καὶ</span> <span class='ocrx_word' id='word_1_42' title='bbox 1777 660 1857 720; x_wconf 74' lang='grc' dir='ltr'><strong>ἐπ’</strong></span> 
     </span>
    </p>
   </div>
   <div class='ocr_carea' id='block_1_9' title="bbox 240 751 1858 828">
    <p class='ocr_par' dir='ltr' id='par_1_9' title="bbox 240 751 1858 828">
     <span class='ocr_line' id='line_1_9' title="bbox 240 751 1858 828; baseline 0 -20"><span class='ocrx_word' id='word_1_43' title='bbox 240 757 444 820; x_wconf 70' lang='grc' dir='ltr'>αὐτοῖς·</span> <span class='ocrx_word' id='word_1_44' title='bbox 473 761 564 809; x_wconf 78' lang='grc' dir='ltr'>καὶ</span> <span class='ocrx_word' id='word_1_45' title='bbox 595 755 753 810; x_wconf 72' lang='grc' dir='ltr'>θέλειν</span> <span class='ocrx_word' id='word_1_46' title='bbox 783 761 875 808; x_wconf 84' lang='grc' dir='ltr'>καὶ</span> <span class='ocrx_word' id='word_1_47' title='bbox 904 759 1118 818; x_wconf 82' lang='grc' dir='ltr'>τούτους</span> <span class='ocrx_word' id='word_1_48' title='bbox 1146 753 1313 828; x_wconf 72' lang='grc' dir='ltr'>μηδὲν</span> <span class='ocrx_word' id='word_1_49' title='bbox 1357 755 1592 826; x_wconf 74' lang='grc' dir='ltr'>ὑποψίας</span> <span class='ocrx_word' id='word_1_50' title='bbox 1631 751 1858 828; x_wconf 78' lang='grc' dir='ltr'>ἰνδαλμα</span> 
     </span>
    </p>
   </div>
   <div class='ocr_carea' id='block_1_10' title="bbox 237 842 1853 919">
    <p class='ocr_par' dir='ltr' id='par_1_10' title="bbox 237 842 1853 919">
     <span class='ocr_line' id='line_1_10' title="bbox 237 842 1853 919; baseline -0.001 -21"><span class='ocrx_word' id='word_1_51' title='bbox 237 846 358 898; x_wconf 87' lang='grc' dir='ltr'>κατ’</span> <span class='ocrx_word' id='word_1_52' title='bbox 415 847 610 912; x_wconf 77' lang='grc' dir='ltr'>αὐτῶν,</span> <span class='ocrx_word' id='word_1_53' title='bbox 662 844 786 919; x_wconf 87' lang='grc' dir='ltr'>παρ’</span> <span class='ocrx_word' id='word_1_54' title='bbox 845 842 1115 916; x_wconf 77' lang='grc' dir='ltr'>οἱῳδήτινι</span> <span class='ocrx_word' id='word_1_55' title='bbox 1165 846 1452 908; x_wconf 84' lang='grc' dir='ltr'>σώζεσθαι.</span> <span class='ocrx_word' id='word_1_56' title='bbox 1503 843 1670 896; x_wconf 76' lang='grc' dir='ltr'>οἱκαὶ</span> <span class='ocrx_word' id='word_1_57' title='bbox 1700 845 1853 903; x_wconf 79' lang='grc' dir='ltr'>ἦσαν·</span> 
     </span>
    </p>
   </div>
   <div class='ocr_carea' id='block_1_11' title="bbox 239 930 1856 1008">
    <p class='ocr_par' dir='ltr' id='par_1_11' title="bbox 239 930 1856 1008">
     <span class='ocr_line' id='line_1_11' title="bbox 239 930 1856 1008; baseline -0.001 -22"><span class='ocrx_word' id='word_1_58' title='bbox 239 936 267 986; x_wconf 89' lang='lat'><strong>6</strong></span> <span class='ocrx_word' id='word_1_59' title='bbox 296 937 494 1007; x_wconf 72' lang='grc' dir='ltr'>Μύρων</span> <span class='ocrx_word' id='word_1_60' title='bbox 523 937 903 1008; x_wconf 69' lang='grc' dir='ltr'>Χριποφόρος,</span> <span class='ocrx_word' id='word_1_61' title='bbox 937 935 963 986; x_wconf 97' lang='lat'><strong>6</strong></span> <span class='ocrx_word' id='word_1_62' title='bbox 1003 939 1284 1008; x_wconf 78' lang='grc' dir='ltr'><strong>Λαρίσσης</strong></span> <span class='ocrx_word' id='word_1_63' title='bbox 1319 933 1576 999; x_wconf 80' lang='grc' dir='ltr'><strong>Ἰωάννης,</strong></span> <span class='ocrx_word' id='word_1_64' title='bbox 1609 934 1635 984; x_wconf 90' lang='lat'><strong>6</strong></span> <span class='ocrx_word' id='word_1_65' title='bbox 1673 930 1856 986; x_wconf 78' lang='grc' dir='ltr'>Ῥόδου</span> 
     </span>
    </p>
   </div>
   <div class='ocr_carea' id='block_1_12' title="bbox 239 1019 1855 1096">
    <p class='ocr_par' dir='ltr' id='par_1_12' title="bbox 239 1019 1855 1096">
     <span class='ocr_line' id='line_1_12' title="bbox 239 1019 1855 1096; baseline -0.003 -18"><span class='ocrx_word' id='word_1_66' title='bbox 239 1029 408 1091; x_wconf 76' lang='grc' dir='ltr'>Λέων,</span> <span class='ocrx_word' id='word_1_67' title='bbox 471 1025 499 1076; x_wconf 87' lang='lat'><strong>6</strong></span> <span class='ocrx_word' id='word_1_68' title='bbox 565 1019 1039 1096; x_wconf 75' lang='grc' dir='ltr'>Ἀὃριανουπόλεως</span> <span class='ocrx_word' id='word_1_69' title='bbox 1103 1026 1272 1088; x_wconf 78' lang='grc' dir='ltr'>Λέων,</span> <span class='ocrx_word' id='word_1_70' title='bbox 1339 1023 1366 1074; x_wconf 91' lang='lat'><strong>6</strong></span> <span class='ocrx_word' id='word_1_71' title='bbox 1437 1026 1580 1076; x_wconf 82' lang='grc' dir='ltr'>Νέων</span> <span class='ocrx_word' id='word_1_72' title='bbox 1638 1028 1855 1094; x_wconf 86' lang='grc' dir='ltr'>Πατρῶν</span> 
     </span>
    </p>
   </div>
   <div class='ocr_carea' id='block_1_13' title="bbox 1959 489 3624 564">
    <p class='ocr_par' dir='ltr' id='par_1_13' title="bbox 1959 489 3624 564">
     <span class='ocr_line' id='line_1_13' title="bbox 1959 489 3624 564; baseline 0.002 -18"><span class='ocrx_word' id='word_1_73' title='bbox 1959 495 2101 546; x_wconf 92' lang='lat' dir='ltr'><strong>runt</strong></span> <span class='ocrx_word' id='word_1_74' title='bbox 2120 489 2300 546; x_wconf 84' lang='lat' dir='ltr'><strong>ullam</strong></span> <span class='ocrx_word' id='word_1_75' title='bbox 2332 489 2694 562; x_wconf 83' lang='lat' dir='ltr'><strong>suspicionis</strong></span> <span class='ocrx_word' id='word_1_76' title='bbox 2727 491 2988 563; x_wconf 85' lang='lat' dir='ltr'><strong>speciem</strong></span> <span class='ocrx_word' id='word_1_77' title='bbox 3018 490 3094 546; x_wconf 92' lang='lat' dir='ltr'><strong>de</strong></span> <span class='ocrx_word' id='word_1_78' title='bbox 3127 506 3191 546; x_wconf 92' lang='lat' dir='ltr'><strong>se</strong></span> <span class='ocrx_word' id='word_1_79' title='bbox 3222 491 3391 563; x_wconf 90' lang='lat' dir='ltr'><strong>apud</strong></span> <span class='ocrx_word' id='word_1_80' title='bbox 3415 508 3624 564; x_wconf 88' lang='lat' dir='ltr'><strong>quem-</strong></span> 
     </span>
    </p>
   </div>
   <div class='ocr_carea' id='block_1_14' title="bbox 1959 579 3628 651">
    <p class='ocr_par' dir='ltr' id='par_1_14' title="bbox 1959 579 3628 651">
     <span class='ocr_line' id='line_1_14' title="bbox 1959 579 3628 651; baseline 0.001 -16"><span class='ocrx_word' id='word_1_81' title='bbox 1959 579 2104 636; x_wconf 84' lang='lat' dir='ltr'><strong>libet</strong></span> <span class='ocrx_word' id='word_1_82' title='bbox 2132 593 2473 651; x_wconf 79' lang='lat' dir='ltr'><strong>superesse.</strong></span> <span class='ocrx_word' id='word_1_83' title='bbox 2530 581 2711 635; x_wconf 81' lang='lat' dir='ltr'><strong>Erant</strong></span> <span class='ocrx_word' id='word_1_84' title='bbox 2746 583 2950 635; x_wconf 89' lang='lat' dir='ltr'><strong>autem</strong></span> <span class='ocrx_word' id='word_1_85' title='bbox 2978 580 3079 636; x_wconf 90' lang='lat' dir='ltr'><strong>hi:</strong></span> <span class='ocrx_word' id='word_1_86' title='bbox 3125 582 3428 651; x_wconf 85' lang='lat' dir='ltr'><strong>Myrorum</strong></span> <span class='ocrx_word' id='word_1_87' title='bbox 3469 581 3628 637; x_wconf 85' lang='lat' dir='ltr'><strong>Chri-</strong></span> 
     </span>
    </p>
   </div>
   <div class='ocr_carea' id='block_1_15' title="bbox 1963 667 3623 740">
    <p class='ocr_par' dir='ltr' id='par_1_15' title="bbox 1963 667 3623 740">
     <span class='ocr_line' id='line_1_15' title="bbox 1963 667 3623 740; baseline 0.002 -18"><span class='ocrx_word' id='word_1_88' title='bbox 1963 669 2304 740; x_wconf 89' lang='lat' dir='ltr'><strong>stophorus,</strong></span> <span class='ocrx_word' id='word_1_89' title='bbox 2338 667 2581 724; x_wconf 81' lang='lat' dir='ltr'><strong>Larissae</strong></span> <span class='ocrx_word' id='word_1_90' title='bbox 2604 669 2889 738; x_wconf 80' lang='lat' dir='ltr'><strong>Joannes,</strong></span> <span class='ocrx_word' id='word_1_91' title='bbox 2916 667 3110 724; x_wconf 83' lang='lat' dir='ltr'>Rhodi</span> <span class='ocrx_word' id='word_1_92' title='bbox 3130 669 3270 737; x_wconf 89' lang='lat' dir='ltr'><strong>Leo,</strong></span> <span class='ocrx_word' id='word_1_93' title='bbox 3288 669 3623 726; x_wconf 85' lang='lat' dir='ltr'><strong>Hadriano-</strong></span> 
     </span>
    </p>
   </div>
   <div class='ocr_carea' id='block_1_16' title="bbox 1962 756 3626 829">
    <p class='ocr_par' dir='ltr' id='par_1_16' title="bbox 1962 756 3626 829">
     <span class='ocr_line' id='line_1_16' title="bbox 1962 756 3626 829; baseline 0.001 -17"><span class='ocrx_word' id='word_1_94' title='bbox 1962 757 2171 829; x_wconf 90' lang='lat' dir='ltr'><strong>poleos</strong></span> <span class='ocrx_word' id='word_1_95' title='bbox 2203 759 2334 827; x_wconf 85' lang='lat' dir='ltr'><strong>Leo,</strong></span> <span class='ocrx_word' id='word_1_96' title='bbox 2387 759 2824 828; x_wconf 86' lang='lat' dir='ltr'><strong>Neopatrarum</strong></span> <span class='ocrx_word' id='word_1_97' title='bbox 2871 756 3249 829; x_wconf 89' lang='lat' dir='ltr'><strong>Euthymius,</strong></span> <span class='ocrx_word' id='word_1_98' title='bbox 3285 757 3626 814; x_wconf 78' lang='lat' dir='ltr'><strong>Thebarum</strong></span> 
     </span>
    </p>
   </div>
   <div class='ocr_carea' id='block_1_17' title="bbox 1961 845 3627 919">
    <p class='ocr_par' dir='ltr' id='par_1_17' title="bbox 1961 845 3627 919">
     <span class='ocr_line' id='line_1_17' title="bbox 1961 845 3627 919; baseline 0.001 -19"><span class='ocrx_word' id='word_1_99' title='bbox 1961 846 2242 916; x_wconf 82' lang='lat' dir='ltr'><strong>Joannes,</strong></span> <span class='ocrx_word' id='word_1_100' title='bbox 2277 848 2570 901; x_wconf 84' lang='lat' dir='ltr'><strong>Maroneae</strong></span> <span class='ocrx_word' id='word_1_101' title='bbox 2618 845 2889 902; x_wconf 76' lang='lat' dir='ltr'><strong>Nicetes:</strong></span> <span class='ocrx_word' id='word_1_102' title='bbox 2927 845 3002 901; x_wconf 92' lang='lat' dir='ltr'><strong>de</strong></span> <span class='ocrx_word' id='word_1_103' title='bbox 3051 860 3316 918; x_wconf 88' lang='lat' dir='ltr'><strong>quorum</strong></span> <span class='ocrx_word' id='word_1_104' title='bbox 3362 846 3627 919; x_wconf 86' lang='lat' dir='ltr'><strong>singulo-</strong></span> 
     </span>
    </p>
   </div>
   <div class='ocr_carea' id='block_1_18' title="bbox 1963 933 3628 1008">
    <p class='ocr_par' dir='ltr' id='par_1_18' title="bbox 1963 933 3628 1008">
     <span class='ocr_line' id='line_1_18' title="bbox 1963 933 3628 1008; baseline 0.002 -19"><span class='ocrx_word' id='word_1_105' title='bbox 1963 950 2100 990; x_wconf 88' lang='lat' dir='ltr'><strong>rum</strong></span> <span class='ocrx_word' id='word_1_106' title='bbox 2131 933 2678 1006; x_wconf 86' lang='lat' dir='ltr'><strong>subscriptionibus</strong></span> <span class='ocrx_word' id='word_1_107' title='bbox 2723 933 2966 991; x_wconf 89' lang='lat' dir='ltr'><strong>condita</strong></span> <span class='ocrx_word' id='word_1_108' title='bbox 2994 939 3134 990; x_wconf 89' lang='lat' dir='ltr'><strong>sunt</strong></span> <span class='ocrx_word' id='word_1_109' title='bbox 3179 933 3419 992; x_wconf 89' lang='lat' dir='ltr'><strong>decreta</strong></span> <span class='ocrx_word' id='word_1_110' title='bbox 3445 951 3628 1008; x_wconf 89' lang='lat' dir='ltr'><strong>syno-</strong></span> 
     </span>
    </p>
   </div>
   <div class='ocr_carea' id='block_1_19' title="bbox 1965 1021 2671 1094">
    <p class='ocr_par' dir='ltr' id='par_1_19' title="bbox 1965 1021 2671 1094">
     <span class='ocr_line' id='line_1_19' title="bbox 1965 1021 2671 1094; baseline 0.003 -18"><span class='ocrx_word' id='word_1_111' title='bbox 1965 1022 2098 1078; x_wconf 86' lang='lat' dir='ltr'><strong>dica</strong></span> <span class='ocrx_word' id='word_1_112' title='bbox 2127 1022 2350 1079; x_wconf 90' lang='lat' dir='ltr'><strong>tenoris</strong></span> <span class='ocrx_word' id='word_1_113' title='bbox 2379 1021 2671 1094; x_wconf 87' lang='lat' dir='ltr'><strong>ejusdem.</strong></span> 
     </span>
    </p>
   </div>
   <div class='ocr_carea' id='block_1_20' title="bbox 239 1109 3626 1185">
    <p class='ocr_par' dir='ltr' id='par_1_20' title="bbox 239 1109 3626 1185">
     <span class='ocr_line' id='line_1_20' title="bbox 239 1109 3626 1185; baseline 0 -20"><span class='ocrx_word' id='word_1_114' title='bbox 239 1113 534 1184; x_wconf 80' lang='grc' dir='ltr'>Εύθύμιος,</span> <span class='ocrx_word' id='word_1_115' title='bbox 575 1113 601 1163; x_wconf 89' lang='lat'><strong>6</strong></span> <span class='ocrx_word' id='word_1_116' title='bbox 641 1109 830 1170; x_wconf 83' lang='grc' dir='ltr'>Θηϐῶν</span> <span class='ocrx_word' id='word_1_117' title='bbox 871 1112 1132 1178; x_wconf 76' lang='grc' dir='ltr'>Ἰωάννης,</span> <span class='ocrx_word' id='word_1_118' title='bbox 1206 1116 1298 1164; x_wconf 81' lang='grc' dir='ltr'>καὶ</span> <span class='ocrx_word' id='word_1_119' title='bbox 1335 1112 1361 1163; x_wconf 92' lang='lat'><strong>6</strong></span> <span class='ocrx_word' id='word_1_120' title='bbox 1399 1115 1698 1184; x_wconf 77' lang='grc' dir='ltr'>Μαρωνείας</span> <span class='ocrx_word' id='word_1_121' title='bbox 1722 1115 1976 1172; x_wconf 84' lang='grc' dir='ltr'>Νικήτας·</span> <span class='ocrx_word' id='word_1_122' title='bbox 2018 1112 2086 1163; x_wconf 85' lang='grc' dir='ltr'>ὧν</span> <span class='ocrx_word' id='word_1_123' title='bbox 2133 1110 2209 1183; x_wconf 78' lang='grc' dir='ltr'><strong>ἐφ’</strong></span> <span class='ocrx_word' id='word_1_124' title='bbox 2239 1111 2463 1164; x_wconf 76' lang='grc' dir='ltr'><strong>ἑκάστου</strong></span> <span class='ocrx_word' id='word_1_125' title='bbox 2499 1113 2774 1184; x_wconf 73' lang='grc' dir='ltr'>ύπογραφῆ</span> <span class='ocrx_word' id='word_1_126' title='bbox 2807 1116 2898 1164; x_wconf 82' lang='grc' dir='ltr'>καὶ</span> <span class='ocrx_word' id='word_1_127' title='bbox 2948 1115 3314 1185; x_wconf 83' lang='grc' dir='ltr'>σημείωματα,</span> <span class='ocrx_word' id='word_1_128' title='bbox 3367 1109 3626 1167; x_wconf 71' lang='grc' dir='ltr'>συνοδικά</span> 
     </span>
    </p>
   </div>
   <div class='ocr_carea' id='block_1_21' title="bbox 236 1196 1326 1274">
    <p class='ocr_par' dir='ltr' id='par_1_21' title="bbox 236 1196 1326 1274">
     <span class='ocr_line' id='line_1_21' title="bbox 236 1196 1326 1274; baseline 0.002 -22"><span class='ocrx_word' id='word_1_129' title='bbox 236 1199 542 1272; x_wconf 75' lang='grc' dir='ltr'>ἕξετίθεντο,</span> <span class='ocrx_word' id='word_1_130' title='bbox 573 1209 668 1262; x_wconf 79' lang='grc' dir='ltr'>τῆς</span> <span class='ocrx_word' id='word_1_131' title='bbox 697 1199 862 1261; x_wconf 73' lang='grc' dir='ltr'>αὐτῆς</span> <span class='ocrx_word' id='word_1_132' title='bbox 888 1201 1013 1253; x_wconf 83' lang='grc' dir='ltr'>ὄντα</span> <span class='ocrx_word' id='word_1_133' title='bbox 1037 1196 1326 1274; x_wconf 77' lang='grc' dir='ltr'>δυνάμεως.</span> 
     </span>
    </p>
   </div>
   <div class='ocr_carea' id='block_1_22' title="bbox 311 1301 1854 1380">
    <p class='ocr_par' dir='ltr' id='par_1_22' title="bbox 311 1301 1854 1380">
     <span class='ocr_line' id='line_1_22' title="bbox 311 1301 1854 1380; baseline -0.004 -18"><span class='ocrx_word' id='word_1_134' title='bbox 311 1307 363 1379; x_wconf 85' lang='grc' dir='ltr'><strong>β’</strong></span> <span class='ocrx_word' id='word_1_135' title='bbox 401 1309 547 1361; x_wconf 75' lang='grc' dir='ltr'><strong>Μετὰ</strong></span> <span class='ocrx_word' id='word_1_136' title='bbox 583 1303 644 1360; x_wconf 64' lang='grc' dir='ltr'><strong>δὲ</strong></span> <span class='ocrx_word' id='word_1_137' title='bbox 671 1313 840 1360; x_wconf 87' lang='grc' dir='ltr'>ταῦτα</span> <span class='ocrx_word' id='word_1_138' title='bbox 866 1312 957 1359; x_wconf 84' lang='grc' dir='ltr'>καὶ</span> <span class='ocrx_word' id='word_1_139' title='bbox 985 1308 1153 1380; x_wconf 84' lang='grc' dir='ltr'>ἓτερον</span> <span class='ocrx_word' id='word_1_140' title='bbox 1193 1305 1386 1380; x_wconf 76' lang='grc' dir='ltr'>προέϐη</span> <span class='ocrx_word' id='word_1_141' title='bbox 1429 1301 1706 1359; x_wconf 76' lang='grc' dir='ltr'>συνοδικόν</span> <span class='ocrx_word' id='word_1_142' title='bbox 1747 1325 1854 1364; x_wconf 85' lang='grc' dir='ltr'>ση-</span> 
     </span>
    </p>
   </div>
   <div class='ocr_carea' id='block_1_23' title="bbox 235 1395 1219 1470">
    <p class='ocr_par' dir='ltr' id='par_1_23' title="bbox 235 1395 1219 1470">
     <span class='ocr_line' id='line_1_23' title="bbox 235 1395 1219 1470; baseline -0.001 -22"><span class='ocrx_word' id='word_1_143' title='bbox 235 1401 463 1469; x_wconf 79' lang='grc' dir='ltr'>μείωμα,</span> <span class='ocrx_word' id='word_1_144' title='bbox 497 1395 701 1448; x_wconf 82' lang='grc' dir='ltr'>αύτολεὶ</span> <span class='ocrx_word' id='word_1_145' title='bbox 730 1396 930 1448; x_wconf 72' lang='grc' dir='ltr'>οὑτωσὶ</span> <span class='ocrx_word' id='word_1_146' title='bbox 952 1399 1219 1470; x_wconf 78' lang='grc' dir='ltr'>περιέχον,</span> 
     </span>
    </p>
   </div>
   <div class='ocr_carea' id='block_1_24' title="bbox 383 1539 1706 1618">
    <p class='ocr_par' dir='ltr' id='par_1_24' title="bbox 383 1539 1706 1618">
     <span class='ocr_line' id='line_1_24' title="bbox 383 1539 1706 1618; baseline 0.001 -21"><span class='ocrx_word' id='word_1_147' title='bbox 383 1551 528 1604; x_wconf 77' lang='grc' dir='ltr'>Μηνὶ</span> <span class='ocrx_word' id='word_1_148' title='bbox 554 1543 841 1618; x_wconf 79' lang='grc' dir='ltr'>Ἀπριλλίῳ</span> <span class='ocrx_word' id='word_1_149' title='bbox 881 1542 929 1608; x_wconf 80' lang='grc' dir='ltr'>ς’</span> <span class='ocrx_word' id='word_1_150' title='bbox 958 1546 1128 1618; x_wconf 77' lang='grc' dir='ltr'>ἡμέρᾳ</span> <span class='ocrx_word' id='word_1_151' title='bbox 1166 1539 1213 1596; x_wconf 75' lang='grc' dir='ltr'><strong>δ’</strong></span> <span class='ocrx_word' id='word_1_152' title='bbox 1254 1539 1579 1607; x_wconf 78' lang='grc' dir='ltr'>ἱνδικτιῶνος</span> <span class='ocrx_word' id='word_1_153' title='bbox 1614 1539 1706 1599; x_wconf 75' lang='grc' dir='ltr'><strong>ιδ’.</strong></span> 
     </span>
    </p>
   </div>
   <div class='ocr_carea' id='block_1_25' title="bbox 311 1655 1851 1733">
    <p class='ocr_par' dir='ltr' id='par_1_25' title="bbox 311 1655 1851 1733">
     <span class='ocr_line' id='line_1_25' title="bbox 311 1655 1851 1733; baseline -0.001 -20"><span class='ocrx_word' id='word_1_154' title='bbox 311 1662 722 1733; x_wconf 79' lang='grc' dir='ltr'>Προκαθημένου</span> <span class='ocrx_word' id='word_1_155' title='bbox 773 1665 954 1712; x_wconf 85' lang='grc' dir='ltr'>Λουκᾶ</span> <span class='ocrx_word' id='word_1_156' title='bbox 997 1665 1090 1710; x_wconf 87' lang='grc' dir='ltr'><strong>τοῦ</strong></span> <span class='ocrx_word' id='word_1_157' title='bbox 1141 1657 1437 1729; x_wconf 75' lang='grc' dir='ltr'>ἁγιωτάτου</span> <span class='ocrx_word' id='word_1_158' title='bbox 1476 1667 1621 1731; x_wconf 76' lang='grc' dir='ltr'>ημῶν</span> <span class='ocrx_word' id='word_1_159' title='bbox 1652 1655 1851 1711; x_wconf 78' lang='grc' dir='ltr'>δεσπό-</span> 
     </span>
    </p>
   </div>
   <div class='ocr_carea' id='block_1_26' title="bbox 237 1743 1853 1820">
    <p class='ocr_par' dir='ltr' id='par_1_26' title="bbox 237 1743 1853 1820">
     <span class='ocr_line' id='line_1_26' title="bbox 237 1743 1853 1820; baseline -0.004 -16"><span class='ocrx_word' id='word_1_160' title='bbox 237 1770 331 1804; x_wconf 87' lang='grc' dir='ltr'><strong>του</strong></span> <span class='ocrx_word' id='word_1_161' title='bbox 391 1755 484 1802; x_wconf 73' lang='grc' dir='ltr'>καὶ</span> <span class='ocrx_word' id='word_1_162' title='bbox 544 1749 908 1820; x_wconf 78' lang='grc' dir='ltr'>οἰκουμενικοῦ</span> <span class='ocrx_word' id='word_1_163' title='bbox 966 1749 1304 1820; x_wconf 78' lang='grc' dir='ltr'>πατριάρχου</span> <span class='ocrx_word' id='word_1_164' title='bbox 1373 1745 1422 1798; x_wconf 74' lang='grc' dir='ltr'>ἐν</span> <span class='ocrx_word' id='word_1_165' title='bbox 1486 1754 1597 1808; x_wconf 71' lang='grc' dir='ltr'>τοῖς</span> <span class='ocrx_word' id='word_1_166' title='bbox 1660 1743 1853 1809; x_wconf 81' lang='grc' dir='ltr'>δεξιοῖς</span> 
     </span>
    </p>
   </div>
   <div class='ocr_carea' id='block_1_27' title="bbox 241 1831 1851 1909">
    <p class='ocr_par' dir='ltr' id='par_1_27' title="bbox 241 1831 1851 1909">
     <span class='ocr_line' id='line_1_27' title="bbox 241 1831 1851 1909; baseline -0.002 -18"><span class='ocrx_word' id='word_1_167' title='bbox 241 1839 535 1902; x_wconf 60' lang='grc' dir='ltr'>ὼξιαοίς</span> <span class='ocrx_word' id='word_1_168' title='bbox 598 1841 1086 1908; x_wconf 63' lang='grc' dir='ltr'>κατηχουμενείοις</span> <span class='ocrx_word' id='word_1_169' title='bbox 1157 1831 1569 1909; x_wconf 69' lang='grc' dir='ltr'>πνεδριζοντων</span> <span class='ocrx_word' id='word_1_170' title='bbox 1633 1843 1698 1907; x_wconf 73' lang='grc' dir='ltr'><strong>τῇ</strong></span> <span class='ocrx_word' id='word_1_171' title='bbox 1765 1854 1851 1908; x_wconf 86' lang='grc' dir='ltr'>με·</span> 
     </span>
    </p>
   </div>
   <div class='ocr_carea' id='block_1_28' title="bbox 2035 1307 3623 1383">
    <p class='ocr_par' dir='ltr' id='par_1_28' title="bbox 2035 1307 3623 1383">
     <span class='ocr_line' id='line_1_28' title="bbox 2035 1307 3623 1383; baseline 0.003 -19"><span class='ocrx_word' id='word_1_172' title='bbox 2035 1313 2089 1364; x_wconf 85' lang='grc'><strong>2.</strong></span> <span class='ocrx_word' id='word_1_173' title='bbox 2131 1311 2268 1365; x_wconf 83' lang='lat' dir='ltr'><strong>Post</strong></span> <span class='ocrx_word' id='word_1_174' title='bbox 2285 1307 2414 1365; x_wconf 79' lang='lat' dir='ltr'><strong>haec</strong></span> <span class='ocrx_word' id='word_1_175' title='bbox 2434 1308 2601 1365; x_wconf 88' lang='lat' dir='ltr'><strong>aliud</strong></span> <span class='ocrx_word' id='word_1_176' title='bbox 2619 1324 2866 1382; x_wconf 90' lang='lat' dir='ltr'><strong>quoque</strong></span> <span class='ocrx_word' id='word_1_177' title='bbox 2889 1309 3114 1382; x_wconf 84' lang='lat' dir='ltr'><strong>prodiit</strong></span> <span class='ocrx_word' id='word_1_178' title='bbox 3139 1310 3500 1383; x_wconf 88' lang='lat' dir='ltr'><strong>synodicum</strong></span> <span class='ocrx_word' id='word_1_179' title='bbox 3520 1311 3623 1368; x_wconf 78' lang='lat' dir='ltr'><strong>de-</strong></span> 
     </span>
    </p>
   </div>
   <div class='ocr_carea' id='block_1_29' title="bbox 1965 1397 2634 1456">
    <p class='ocr_par' dir='ltr' id='par_1_29' title="bbox 1965 1397 2634 1456">
     <span class='ocr_line' id='line_1_29' title="bbox 1965 1397 2634 1456; baseline 0.001 -2"><span class='ocrx_word' id='word_1_180' title='bbox 1965 1402 2192 1454; x_wconf 90' lang='lat' dir='ltr'><strong>cretum</strong></span> <span class='ocrx_word' id='word_1_181' title='bbox 2213 1397 2378 1454; x_wconf 88' lang='lat' dir='ltr'><strong>hisce</strong></span> <span class='ocrx_word' id='word_1_182' title='bbox 2409 1397 2634 1456; x_wconf 85' lang='lat' dir='ltr'><strong>verbis.</strong></span> 
     </span>
    </p>
   </div>
   <div class='ocr_carea' id='block_1_30' title="bbox 1961 1487 3618 1561">
    <p class='ocr_par' dir='ltr' id='par_1_30' title="bbox 1961 1487 3618 1561">
     <span class='ocr_line' id='line_1_30' title="bbox 1961 1487 3618 1561; baseline 0.004 -19"><span class='ocrx_word' id='word_1_183' title='bbox 1961 1487 2183 1542; x_wconf 79' lang='lat' dir='ltr'><strong>Mensis</strong></span> <span class='ocrx_word' id='word_1_184' title='bbox 2234 1489 2468 1557; x_wconf 77' lang='lat' dir='ltr'><strong>Aprilis</strong></span> <span class='ocrx_word' id='word_1_185' title='bbox 2511 1489 2605 1543; x_wconf 79' lang='lat' dir='ltr'><strong>die</strong></span> <span class='ocrx_word' id='word_1_186' title='bbox 2637 1493 2824 1554; x_wconf 76' lang='lat' dir='ltr'><strong>sexta,</strong></span> <span class='ocrx_word' id='word_1_187' title='bbox 2865 1494 3090 1561; x_wconf 83' lang='lat' dir='ltr'><strong>quarta</strong></span> <span class='ocrx_word' id='word_1_188' title='bbox 3127 1491 3470 1547; x_wconf 79' lang='lat' dir='ltr'><strong>indictioms</strong></span> <span class='ocrx_word' id='word_1_189' title='bbox 3517 1490 3618 1548; x_wconf 83' lang='lat' dir='ltr'><strong>de-</strong></span> 
     </span>
    </p>
   </div>
   <div class='ocr_carea' id='block_1_31' title="bbox 2566 1580 3016 1648">
    <p class='ocr_par' dir='ltr' id='par_1_31' title="bbox 2566 1580 3016 1648">
     <span class='ocr_line' id='line_1_31' title="bbox 2566 1580 3016 1648; baseline 0.004 -16"><span class='ocrx_word' id='word_1_190' title='bbox 2566 1580 2732 1632; x_wconf 73' lang='lat' dir='ltr'><strong>cimae</strong></span> <span class='ocrx_word' id='word_1_191' title='bbox 2759 1584 3016 1648; x_wconf 74' lang='lat' dir='ltr'><strong>quartae.</strong></span> 
     </span>
    </p>
   </div>
   <div class='ocr_carea' id='block_1_32' title="bbox 2033 1664 3622 1724">
    <p class='ocr_par' dir='ltr' id='par_1_32' title="bbox 2033 1664 3622 1724">
     <span class='ocr_line' id='line_1_32' title="bbox 2033 1664 3622 1724; baseline 0.003 -5"><span class='ocrx_word' id='word_1_192' title='bbox 2033 1664 2388 1720; x_wconf 70' lang='lat' dir='ltr'><strong>Praesidente</strong></span> <span class='ocrx_word' id='word_1_193' title='bbox 2422 1666 2578 1722; x_wconf 87' lang='lat' dir='ltr'><strong>Luca</strong></span> <span class='ocrx_word' id='word_1_194' title='bbox 2611 1665 2994 1722; x_wconf 88' lang='lat' dir='ltr'><strong>sanctissimo</strong></span> <span class='ocrx_word' id='word_1_195' title='bbox 3039 1670 3248 1724; x_wconf 89' lang='lat' dir='ltr'><strong>nostro</strong></span> <span class='ocrx_word' id='word_1_196' title='bbox 3275 1667 3525 1724; x_wconf 89' lang='lat' dir='ltr'><strong>domino</strong></span> <span class='ocrx_word' id='word_1_197' title='bbox 3562 1671 3622 1724; x_wconf 88' lang='lat' dir='ltr'><strong>et</strong></span> 
     </span>
    </p>
   </div>
   <div class='ocr_carea' id='block_1_33' title="bbox 1961 1753 3621 1826">
    <p class='ocr_par' dir='ltr' id='par_1_33' title="bbox 1961 1753 3621 1826">
     <span class='ocr_line' id='line_1_33' title="bbox 1961 1753 3621 1826; baseline 0.002 -17"><span class='ocrx_word' id='word_1_198' title='bbox 1961 1753 2333 1810; x_wconf 70' lang='lat' dir='ltr'><strong>mcumenico</strong></span> <span class='ocrx_word' id='word_1_199' title='bbox 2359 1753 2702 1826; x_wconf 83' lang='lat' dir='ltr'><strong>patriarcha</strong></span> <span class='ocrx_word' id='word_1_200' title='bbox 2726 1755 2787 1809; x_wconf 91' lang='lat' dir='ltr'><strong>in</strong></span> <span class='ocrx_word' id='word_1_201' title='bbox 2817 1753 3028 1811; x_wconf 81' lang='lat' dir='ltr'><strong>dextro</strong></span> <span class='ocrx_word' id='word_1_202' title='bbox 3049 1755 3324 1813; x_wconf 78' lang='lat' dir='ltr'><strong>alexiano</strong></span> <span class='ocrx_word' id='word_1_203' title='bbox 3343 1756 3621 1813; x_wconf 85' lang='lat' dir='ltr'><strong>catechu-</strong></span> 
     </span>
    </p>
   </div>
   <div class='ocr_carea' id='block_1_34' title="bbox 1961 1841 3618 1916">
    <p class='ocr_par' dir='ltr' id='par_1_34' title="bbox 1961 1841 3618 1916">
     <span class='ocr_line' id='line_1_34' title="bbox 1961 1841 3618 1916; baseline 0.001 -19"><span class='ocrx_word' id='word_1_204' title='bbox 1961 1857 2174 1898; x_wconf 90' lang='lat' dir='ltr'><strong>meneo</strong></span> <span class='ocrx_word' id='word_1_205' title='bbox 2201 1860 2214 1908; x_wconf 87' lang='lat'><strong>;</strong></span> <span class='ocrx_word' id='word_1_206' title='bbox 2243 1841 2697 1898; x_wconf 84' lang='lat' dir='ltr'><strong>considentibus</strong></span> <span class='ocrx_word' id='word_1_207' title='bbox 2719 1858 2858 1897; x_wconf 90' lang='lat' dir='ltr'><strong>cum</strong></span> <span class='ocrx_word' id='word_1_208' title='bbox 2889 1859 3118 1912; x_wconf 81' lang='lat' dir='ltr'><strong>magna</strong></span> <span class='ocrx_word' id='word_1_209' title='bbox 3147 1845 3460 1901; x_wconf 86' lang='lat' dir='ltr'><strong>sanctitate</strong></span> <span class='ocrx_word' id='word_1_210' title='bbox 3487 1845 3538 1916; x_wconf 91' lang='lat' dir='ltr'><strong>ej</strong></span> <span class='ocrx_word' id='word_1_211' title='bbox 3550 1860 3618 1900; x_wconf 89' lang='lat' dir='ltr'><strong>us</strong></span> 
     </span>
    </p>
   </div>
   <div class='ocr_carea' id='block_1_35' title="bbox 239 1906 1859 2001">
    <p class='ocr_par' dir='ltr' id='par_1_35' title="bbox 239 1923 1848 2001">
     <span class='ocr_line' id='line_1_35' title="bbox 239 1923 1848 2001; baseline -0.003 -20"><span class='ocrx_word' id='word_1_212' title='bbox 239 1929 374 2001; x_wconf 70' lang='grc' dir='ltr'>γάλη</span> <span class='ocrx_word' id='word_1_213' title='bbox 433 1929 708 1999; x_wconf 68' lang='grc' dir='ltr'>ἁγιωσύνῃ</span> <span class='ocrx_word' id='word_1_214' title='bbox 775 1926 938 1980; x_wconf 75' lang='grc' dir='ltr'>αὐτοῦ</span> <span class='ocrx_word' id='word_1_215' title='bbox 1014 1928 1301 1998; x_wconf 84' lang='grc' dir='ltr'>ίερωτάτων</span> <span class='ocrx_word' id='word_1_216' title='bbox 1367 1923 1654 1999; x_wconf 75' lang='grc' dir='ltr'>ἀρχιερέων</span> <span class='ocrx_word' id='word_1_217' title='bbox 1679 1968 1695 1993; x_wconf 87' lang='grc'><strong>,</strong></span> <span class='ocrx_word' id='word_1_218' title='bbox 1756 1933 1848 1976; x_wconf 86' lang='grc' dir='ltr'><strong>τοῦ</strong></span> 
     </span>
    </p>
   </div>
   <div class='ocr_carea' id='block_1_36' title="bbox 1970 1906 3615 2001">
    <p class='ocr_par' dir='ltr' id='par_1_36' title="bbox 1970 1929 3615 2001">
     <span class='ocr_line' id='line_1_36' title="bbox 1970 1929 3615 2001; baseline 0.001 -16"><span class='ocrx_word' id='word_1_219' title='bbox 1970 1929 2382 1986; x_wconf 73' lang='lat' dir='ltr'><strong>sacratissimis</strong></span> <span class='ocrx_word' id='word_1_220' title='bbox 2411 1929 2729 2001; x_wconf 87' lang='lat' dir='ltr'><strong>episcopis,</strong></span> <span class='ocrx_word' id='word_1_221' title='bbox 2755 1929 3123 2000; x_wconf 61' lang='lat' dir='ltr'><strong>Caesariensi,</strong></span> <span class='ocrx_word' id='word_1_222' title='bbox 3156 1931 3615 2000; x_wconf 89' lang='lat' dir='ltr'><strong>Nicomediensi,</strong></span> 
     </span>
    </p>
   </div>
   <div class='ocr_carea' id='block_1_37' title="bbox 243 2011 1852 2092">
    <p class='ocr_par' dir='ltr' id='par_1_37' title="bbox 243 2011 1852 2092">
     <span class='ocr_line' id='line_1_37' title="bbox 243 2011 1852 2092; baseline -0.004 -18"><span class='ocrx_word' id='word_1_223' title='bbox 243 2021 586 2092; x_wconf 66' lang='grc' dir='ltr'>Καισαρείας,</span> <span class='ocrx_word' id='word_1_224' title='bbox 638 2023 731 2068; x_wconf 82' lang='grc' dir='ltr'><strong>τοῦ</strong></span> <span class='ocrx_word' id='word_1_225' title='bbox 782 2011 1157 2086; x_wconf 84' lang='grc' dir='ltr'>Νικομηδείας,</span> <span class='ocrx_word' id='word_1_226' title='bbox 1205 2021 1296 2066; x_wconf 86' lang='grc' dir='ltr'><strong>τοῦ</strong></span> <span class='ocrx_word' id='word_1_227' title='bbox 1345 2018 1580 2083; x_wconf 87' lang='grc' dir='ltr'>Νικαίος,</span> <span class='ocrx_word' id='word_1_228' title='bbox 1611 2021 1702 2066; x_wconf 87' lang='grc' dir='ltr'><strong>τοῦ</strong></span> <span class='ocrx_word' id='word_1_229' title='bbox 1749 2021 1852 2067; x_wconf 73' lang='lat' dir='ltr'><strong>Mc-</strong></span> 
     </span>
    </p>
   </div>
   <div class='ocr_carea' id='block_1_38' title="bbox 237 2103 1845 2179">
    <p class='ocr_par' dir='ltr' id='par_1_38' title="bbox 237 2103 1845 2179">
     <span class='ocr_line' id='line_1_38' title="bbox 237 2103 1845 2179; baseline -0.003 -20"><span class='ocrx_word' id='word_1_230' title='bbox 237 2107 474 2173; x_wconf 77' lang='grc' dir='ltr'>λιτηνῆς,</span> <span class='ocrx_word' id='word_1_231' title='bbox 534 2113 630 2158; x_wconf 87' lang='grc' dir='ltr'><strong>τοῦ</strong></span> <span class='ocrx_word' id='word_1_232' title='bbox 687 2111 958 2179; x_wconf 70' lang='grc' dir='ltr'>Γαγγρῶν,</span> <span class='ocrx_word' id='word_1_233' title='bbox 1021 2111 1116 2156; x_wconf 89' lang='grc' dir='ltr'><strong>τοῦ</strong></span> <span class='ocrx_word' id='word_1_234' title='bbox 1184 2107 1403 2178; x_wconf 76' lang='grc' dir='ltr'>Καρίας,</span> <span class='ocrx_word' id='word_1_235' title='bbox 1465 2110 1558 2155; x_wconf 87' lang='grc' dir='ltr'><strong>τοῦ</strong></span> <span class='ocrx_word' id='word_1_236' title='bbox 1607 2103 1845 2168; x_wconf 77' lang='grc' dir='ltr'>Ἰκονίου,</span> 
     </span>
    </p>
   </div>
   <div class='ocr_carea' id='block_1_39' title="bbox 241 2195 1852 2269">
    <p class='ocr_par' dir='ltr' id='par_1_39' title="bbox 241 2195 1852 2269">
     <span class='ocr_line' id='line_1_39' title="bbox 241 2195 1852 2269; baseline -0.003 -21"><span class='ocrx_word' id='word_1_237' title='bbox 241 2204 335 2248; x_wconf 85' lang='grc' dir='ltr'><strong>τοῦ</strong></span> <span class='ocrx_word' id='word_1_238' title='bbox 361 2197 642 2269; x_wconf 75' lang='grc' dir='ltr'>Κορίνθου,</span> <span class='ocrx_word' id='word_1_239' title='bbox 671 2201 765 2246; x_wconf 86' lang='grc' dir='ltr'><strong>τοῦ</strong></span> <span class='ocrx_word' id='word_1_240' title='bbox 811 2199 1102 2259; x_wconf 77' lang='grc' dir='ltr'>Μωκησοῦ,</span> <span class='ocrx_word' id='word_1_241' title='bbox 1156 2199 1250 2244; x_wconf 89' lang='grc' dir='ltr'><strong>τοῦ</strong></span> <span class='ocrx_word' id='word_1_242' title='bbox 1295 2196 1525 2267; x_wconf 77' lang='grc' dir='ltr'>Κρήτης,</span> <span class='ocrx_word' id='word_1_243' title='bbox 1573 2195 1666 2246; x_wconf 77' lang='grc' dir='ltr'><strong>τοῦ</strong></span> <span class='ocrx_word' id='word_1_244' title='bbox 1708 2198 1852 2264; x_wconf 86' lang='grc' dir='ltr'>Τρα-</span> 
     </span>
    </p>
   </div>
   <div class='ocr_carea' id='block_1_40' title="bbox 247 2279 1852 2354">
    <p class='ocr_par' dir='ltr' id='par_1_40' title="bbox 247 2279 1852 2354">
     <span class='ocr_line' id='line_1_40' title="bbox 247 2279 1852 2354; baseline -0.003 -18"><span class='ocrx_word' id='word_1_245' title='bbox 247 2285 552 2348; x_wconf 82' lang='grc' dir='ltr'>πεζοῦντος,</span> <span class='ocrx_word' id='word_1_246' title='bbox 596 2286 687 2335; x_wconf 79' lang='grc' dir='ltr'><strong>τοῦ</strong></span> <span class='ocrx_word' id='word_1_247' title='bbox 736 2280 1021 2350; x_wconf 68' lang='grc' dir='ltr'>Φιλίππων,</span> <span class='ocrx_word' id='word_1_248' title='bbox 1077 2287 1170 2333; x_wconf 86' lang='grc' dir='ltr'><strong>τοῦ</strong></span> <span class='ocrx_word' id='word_1_249' title='bbox 1221 2279 1568 2354; x_wconf 83' lang='grc' dir='ltr'>Ἰεραπόλεως,</span> <span class='ocrx_word' id='word_1_250' title='bbox 1612 2287 1705 2332; x_wconf 76' lang='grc' dir='ltr'><strong>τοῦ</strong></span> <span class='ocrx_word' id='word_1_251' title='bbox 1751 2285 1852 2333; x_wconf 85' lang='grc' dir='ltr'><strong>Μι-</strong></span> 
     </span>
    </p>
   </div>
   <div class='ocr_carea' id='block_1_41' title="bbox 251 2367 1851 2443">
    <p class='ocr_par' dir='ltr' id='par_1_41' title="bbox 251 2367 1851 2443">
     <span class='ocr_line' id='line_1_41' title="bbox 251 2367 1851 2443; baseline -0.002 -19"><span class='ocrx_word' id='word_1_252' title='bbox 251 2371 502 2439; x_wconf 74' lang='grc' dir='ltr'>τυλήνης,</span> <span class='ocrx_word' id='word_1_253' title='bbox 558 2379 650 2423; x_wconf 85' lang='grc' dir='ltr'><strong>τοῦ</strong></span> <span class='ocrx_word' id='word_1_254' title='bbox 709 2369 910 2436; x_wconf 80' lang='grc' dir='ltr'>Θηϐῶν,</span> <span class='ocrx_word' id='word_1_255' title='bbox 975 2376 1070 2422; x_wconf 88' lang='grc' dir='ltr'><strong>τοῦ</strong></span> <span class='ocrx_word' id='word_1_256' title='bbox 1134 2367 1326 2443; x_wconf 81' lang='grc' dir='ltr'><strong>Σεῤῥῶν</strong></span> <span class='ocrx_word' id='word_1_257' title='bbox 1353 2410 1365 2434; x_wconf 89' lang='grc'><strong>,</strong></span> <span class='ocrx_word' id='word_1_258' title='bbox 1426 2376 1520 2421; x_wconf 89' lang='grc' dir='ltr'><strong>τοῦ</strong></span> <span class='ocrx_word' id='word_1_259' title='bbox 1576 2373 1851 2443; x_wconf 82' lang='grc' dir='ltr'>Δρίστρας,</span> 
     </span>
    </p>
   </div>
   <div class='ocr_carea' id='block_1_42' title="bbox 251 2455 1856 2534">
    <p class='ocr_par' dir='ltr' id='par_1_42' title="bbox 251 2455 1856 2534">
     <span class='ocr_line' id='line_1_42' title="bbox 251 2455 1856 2534; baseline -0.002 -20"><span class='ocrx_word' id='word_1_260' title='bbox 251 2469 350 2516; x_wconf 88' lang='grc' dir='ltr'><strong>τοῦ</strong></span> <span class='ocrx_word' id='word_1_261' title='bbox 411 2463 692 2534; x_wconf 74' lang='grc' dir='ltr'>Κερκύρας,</span> <span class='ocrx_word' id='word_1_262' title='bbox 743 2467 833 2513; x_wconf 85' lang='grc' dir='ltr'><strong>τοῦ</strong></span> <span class='ocrx_word' id='word_1_263' title='bbox 893 2455 1146 2527; x_wconf 76' lang='grc' dir='ltr'>Ἀϐύδου,</span> <span class='ocrx_word' id='word_1_264' title='bbox 1195 2466 1286 2511; x_wconf 87' lang='grc' dir='ltr'><strong>τοῦ</strong></span> <span class='ocrx_word' id='word_1_265' title='bbox 1337 2457 1595 2525; x_wconf 80' lang='grc' dir='ltr'>Μιλήτου,</span> <span class='ocrx_word' id='word_1_266' title='bbox 1624 2466 1716 2511; x_wconf 89' lang='grc' dir='ltr'><strong>τοῦ</strong></span> <span class='ocrx_word' id='word_1_267' title='bbox 1745 2465 1856 2511; x_wconf 76' lang='lat' dir='ltr'><strong>Ma-</strong></span> 
     </span>
    </p>
   </div>
   <div class='ocr_carea' id='block_1_43' title="bbox 242 2547 1854 2626">
    <p class='ocr_par' dir='ltr' id='par_1_43' title="bbox 242 2547 1854 2626">
     <span class='ocr_line' id='line_1_43' title="bbox 242 2547 1854 2626; baseline -0.002 -22"><span class='ocrx_word' id='word_1_268' title='bbox 242 2555 503 2626; x_wconf 79' lang='grc' dir='ltr'>ρωνείας,</span> <span class='ocrx_word' id='word_1_269' title='bbox 557 2559 648 2602; x_wconf 86' lang='grc' dir='ltr'><strong>τοῦ</strong></span> <span class='ocrx_word' id='word_1_270' title='bbox 690 2555 910 2622; x_wconf 87' lang='grc' dir='ltr'>Παρίου,</span> <span class='ocrx_word' id='word_1_271' title='bbox 977 2557 1070 2601; x_wconf 89' lang='grc' dir='ltr'><strong>τοῦ</strong></span> <span class='ocrx_word' id='word_1_272' title='bbox 1135 2547 1444 2622; x_wconf 81' lang='grc' dir='ltr'>Σηλυϐρίας,</span> <span class='ocrx_word' id='word_1_273' title='bbox 1518 2555 1612 2600; x_wconf 81' lang='grc' dir='ltr'><strong>τοῦ</strong></span> <span class='ocrx_word' id='word_1_274' title='bbox 1672 2553 1854 2618; x_wconf 84' lang='grc' dir='ltr'>Νίκης,</span> 
     </span>
    </p>
   </div>
   <div class='ocr_carea' id='block_1_44' title="bbox 240 2639 1857 2714">
    <p class='ocr_par' dir='ltr' id='par_1_44' title="bbox 240 2639 1857 2714">
     <span class='ocr_line' id='line_1_44' title="bbox 240 2639 1857 2714; baseline -0.002 -20"><span class='ocrx_word' id='word_1_275' title='bbox 240 2648 474 2695; x_wconf 74' lang='grc' dir='ltr'>καὶτοῦ</span> <span class='ocrx_word' id='word_1_276' title='bbox 533 2641 844 2714; x_wconf 69' lang='grc' dir='ltr'>Ἀγχιάλου·</span> <span class='ocrx_word' id='word_1_277' title='bbox 911 2644 1310 2714; x_wconf 80' lang='grc' dir='ltr'>παρισταμένων</span> <span class='ocrx_word' id='word_1_278' title='bbox 1375 2644 1466 2690; x_wconf 84' lang='grc' dir='ltr'>καὶ</span> <span class='ocrx_word' id='word_1_279' title='bbox 1530 2639 1857 2711; x_wconf 83' lang='grc' dir='ltr'>θεοφιλεστά-</span> 
     </span>
    </p>
   </div>
   <div class='ocr_carea' id='block_1_45' title="bbox 239 2723 1857 2803">
    <p class='ocr_par' dir='ltr' id='par_1_45' title="bbox 239 2723 1857 2803">
     <span class='ocr_line' id='line_1_45' title="bbox 239 2723 1857 2803; baseline -0.003 -20"><span class='ocrx_word' id='word_1_280' title='bbox 239 2749 343 2783; x_wconf 79' lang='grc' dir='ltr'><strong>των</strong></span> <span class='ocrx_word' id='word_1_281' title='bbox 413 2726 741 2782; x_wconf 81' lang='grc' dir='ltr'>δεσποτικῶν</span> <span class='ocrx_word' id='word_1_282' title='bbox 803 2727 1090 2803; x_wconf 75' lang='grc' dir='ltr'>αρχοντων·</span> <span class='ocrx_word' id='word_1_283' title='bbox 1153 2728 1180 2780; x_wconf 87' lang='lat'><strong>6</strong></span> <span class='ocrx_word' id='word_1_284' title='bbox 1239 2726 1628 2799; x_wconf 75' lang='grc' dir='ltr'>θεοφιλέστατος</span> <span class='ocrx_word' id='word_1_285' title='bbox 1667 2723 1857 2778; x_wconf 75' lang='grc' dir='ltr'>διάκο-</span> 
     </span>
    </p>
   </div>
   <div class='ocr_carea' id='block_1_46' title="bbox 242 2815 1860 2893">
    <p class='ocr_par' dir='ltr' id='par_1_46' title="bbox 242 2815 1860 2893">
     <span class='ocr_line' id='line_1_46' title="bbox 242 2815 1860 2893; baseline -0.002 -22"><span class='ocrx_word' id='word_1_286' title='bbox 242 2838 332 2881; x_wconf 84' lang='grc' dir='ltr'><strong>νος</strong></span> <span class='ocrx_word' id='word_1_287' title='bbox 376 2824 467 2870; x_wconf 78' lang='grc' dir='ltr'>καὶ</span> <span class='ocrx_word' id='word_1_288' title='bbox 513 2823 856 2893; x_wconf 85' lang='grc' dir='ltr'>κανστρίσιος</span> <span class='ocrx_word' id='word_1_289' title='bbox 921 2825 1016 2878; x_wconf 85' lang='grc' dir='ltr'>τῆς</span> <span class='ocrx_word' id='word_1_290' title='bbox 1068 2815 1362 2888; x_wconf 70' lang='grc' dir='ltr'>ἁγιωτάτης</span> <span class='ocrx_word' id='word_1_291' title='bbox 1408 2823 1501 2868; x_wconf 89' lang='grc' dir='ltr'><strong>τοῦ</strong></span> <span class='ocrx_word' id='word_1_292' title='bbox 1539 2822 1674 2868; x_wconf 86' lang='grc' dir='ltr'>Θεοῦ</span> <span class='ocrx_word' id='word_1_293' title='bbox 1703 2816 1860 2888; x_wconf 73' lang='grc' dir='ltr'>μεγά-</span> 
     </span>
    </p>
   </div>
   <div class='ocr_carea' id='block_1_47' title="bbox 244 2903 1860 2979">
    <p class='ocr_par' dir='ltr' id='par_1_47' title="bbox 244 2903 1860 2979">
     <span class='ocr_line' id='line_1_47' title="bbox 244 2903 1860 2979; baseline -0.002 -19"><span class='ocrx_word' id='word_1_294' title='bbox 244 2908 342 2970; x_wconf 86' lang='grc' dir='ltr'><strong>λης</strong></span> <span class='ocrx_word' id='word_1_295' title='bbox 422 2907 707 2968; x_wconf 76' lang='grc' dir='ltr'>ἕκκλησίας</span> <span class='ocrx_word' id='word_1_296' title='bbox 783 2904 1046 2979; x_wconf 78' lang='grc' dir='ltr'>Σαμουὴλ,</span> <span class='ocrx_word' id='word_1_297' title='bbox 1120 2907 1294 2966; x_wconf 84' lang='grc' dir='ltr'>πάσης</span> <span class='ocrx_word' id='word_1_298' title='bbox 1390 2903 1616 2975; x_wconf 73' lang='grc' dir='ltr'>ὑποψίας</span> <span class='ocrx_word' id='word_1_299' title='bbox 1679 2904 1860 2958; x_wconf 79' lang='grc' dir='ltr'>ἑαυτὸν</span> 
     </span>
    </p>
   </div>
   <div class='ocr_carea' id='block_1_48' title="bbox 249 2993 1864 3068">
    <p class='ocr_par' dir='ltr' id='par_1_48' title="bbox 249 2993 1864 3068">
     <span class='ocr_line' id='line_1_48' title="bbox 249 2993 1864 3068; baseline -0.003 -19"><span class='ocrx_word' id='word_1_300' title='bbox 249 2997 611 3067; x_wconf 69' lang='grc' dir='ltr'>ἀπαλλάττων,</span> <span class='ocrx_word' id='word_1_301' title='bbox 652 2998 790 3048; x_wconf 79' lang='grc' dir='ltr'>κατὰ</span> <span class='ocrx_word' id='word_1_302' title='bbox 823 2999 916 3054; x_wconf 81' lang='grc' dir='ltr'><strong>την</strong></span> <span class='ocrx_word' id='word_1_303' title='bbox 944 2996 1192 3068; x_wconf 83' lang='grc' dir='ltr'>τετάρτην</span> <span class='ocrx_word' id='word_1_304' title='bbox 1223 3002 1314 3046; x_wconf 84' lang='grc' dir='ltr'><strong>τοῦ</strong></span> <span class='ocrx_word' id='word_1_305' title='bbox 1359 2997 1611 3068; x_wconf 84' lang='grc' dir='ltr'>παρόντος</span> <span class='ocrx_word' id='word_1_306' title='bbox 1651 2993 1864 3066; x_wconf 81' lang='grc' dir='ltr'>Ἀπριλ-</span> 
     </span>
    </p>
   </div>
   <div class='ocr_carea' id='block_1_49' title="bbox 247 3078 1862 3158">
    <p class='ocr_par' dir='ltr' id='par_1_49' title="bbox 247 3078 1862 3158">
     <span class='ocr_line' id='line_1_49' title="bbox 247 3078 1862 3158; baseline -0.003 -20"><span class='ocrx_word' id='word_1_307' title='bbox 247 3085 362 3138; x_wconf 85' lang='grc' dir='ltr'>λίου</span> <span class='ocrx_word' id='word_1_308' title='bbox 405 3088 574 3158; x_wconf 84' lang='grc' dir='ltr'>μηνὸς</span> <span class='ocrx_word' id='word_1_309' title='bbox 623 3083 709 3137; x_wconf 75' lang='grc' dir='ltr'><strong>ἐπὶ</strong></span> <span class='ocrx_word' id='word_1_310' title='bbox 749 3091 843 3136; x_wconf 87' lang='grc' dir='ltr'><strong>τοῦ</strong></span> <span class='ocrx_word' id='word_1_311' title='bbox 911 3087 1074 3155; x_wconf 72' lang='grc' dir='ltr'>μέσου</span> <span class='ocrx_word' id='word_1_312' title='bbox 1124 3085 1266 3150; x_wconf 84' lang='grc' dir='ltr'>στὰς,</span> <span class='ocrx_word' id='word_1_313' title='bbox 1323 3087 1415 3134; x_wconf 81' lang='grc' dir='ltr'>καὶ</span> <span class='ocrx_word' id='word_1_314' title='bbox 1481 3085 1538 3134; x_wconf 86' lang='grc' dir='ltr'>τὸ</span> <span class='ocrx_word' id='word_1_315' title='bbox 1597 3078 1862 3156; x_wconf 77' lang='grc' dir='ltr'>διαφόρως</span> 
     </span>
    </p>
   </div>
   <div class='ocr_carea' id='block_1_50' title="bbox 249 3169 1863 3248">
    <p class='ocr_par' dir='ltr' id='par_1_50' title="bbox 249 3169 1863 3248">
     <span class='ocr_line' id='line_1_50' title="bbox 249 3169 1863 3248; baseline -0.002 -23"><span class='ocrx_word' id='word_1_316' title='bbox 249 3177 393 3248; x_wconf 74' lang='grc' dir='ltr'>παρά</span> <span class='ocrx_word' id='word_1_317' title='bbox 456 3193 611 3226; x_wconf 79' lang='grc' dir='ltr'>τινων</span> <span class='ocrx_word' id='word_1_318' title='bbox 679 3175 965 3246; x_wconf 85' lang='grc' dir='ltr'>ίιρωτάτων</span> <span class='ocrx_word' id='word_1_319' title='bbox 1040 3169 1325 3246; x_wconf 67' lang='grc' dir='ltr'>ἀρχιερέων</span> <span class='ocrx_word' id='word_1_320' title='bbox 1399 3175 1490 3223; x_wconf 84' lang='grc' dir='ltr'>καὶ</span> <span class='ocrx_word' id='word_1_321' title='bbox 1558 3169 1863 3242; x_wconf 83' lang='grc' dir='ltr'>θεοφλεστά-</span> 
     </span>
    </p>
   </div>
   <div class='ocr_carea' id='block_1_51' title="bbox 244 3258 1861 3336">
    <p class='ocr_par' dir='ltr' id='par_1_51' title="bbox 244 3258 1861 3336">
     <span class='ocr_line' id='line_1_51' title="bbox 244 3258 1861 3336; baseline -0.002 -21"><span class='ocrx_word' id='word_1_322' title='bbox 244 3283 346 3316; x_wconf 80' lang='grc' dir='ltr'><strong>των</strong></span> <span class='ocrx_word' id='word_1_323' title='bbox 411 3261 688 3336; x_wconf 74' lang='grc' dir='ltr'>ἀρχόντων</span> <span class='ocrx_word' id='word_1_324' title='bbox 775 3260 1102 3331; x_wconf 62' lang='grc' dir='ltr'>ἀναγνωσθῆ</span> <span class='ocrx_word' id='word_1_325' title='bbox 1185 3265 1274 3312; x_wconf 78' lang='grc' dir='ltr'>καὶ</span> <span class='ocrx_word' id='word_1_326' title='bbox 1351 3260 1648 3334; x_wconf 70' lang='grc' dir='ltr'>ύπογραφὲν</span> <span class='ocrx_word' id='word_1_327' title='bbox 1726 3258 1861 3319; x_wconf 88' lang='grc' dir='ltr'>είλη-</span> 
     </span>
    </p>
   </div>
   <div class='ocr_carea' id='block_1_52' title="bbox 245 3347 1858 3426">
    <p class='ocr_par' dir='ltr' id='par_1_52' title="bbox 245 3347 1858 3426">
     <span class='ocr_line' id='line_1_52' title="bbox 245 3347 1858 3426; baseline -0.001 -23"><span class='ocrx_word' id='word_1_328' title='bbox 245 3354 428 3424; x_wconf 84' lang='grc' dir='ltr'>τάριον</span> <span class='ocrx_word' id='word_1_329' title='bbox 485 3350 586 3404; x_wconf 78' lang='grc' dir='ltr'><strong>ἀνὰ</strong></span> <span class='ocrx_word' id='word_1_330' title='bbox 649 3358 835 3426; x_wconf 84' lang='grc' dir='ltr'>χεῖρας</span> <span class='ocrx_word' id='word_1_331' title='bbox 893 3347 1086 3417; x_wconf 71' lang='grc' dir='ltr'>λαϐὼν,</span> <span class='ocrx_word' id='word_1_332' title='bbox 1151 3348 1218 3410; x_wconf 85' lang='grc' dir='ltr'><strong>εἰς</strong></span> <span class='ocrx_word' id='word_1_333' title='bbox 1283 3347 1503 3406; x_wconf 75' lang='grc' dir='ltr'>ἐπήκοον</span> <span class='ocrx_word' id='word_1_334' title='bbox 1566 3355 1655 3400; x_wconf 88' lang='grc' dir='ltr'><strong>τοῦ</strong></span> <span class='ocrx_word' id='word_1_335' title='bbox 1723 3350 1858 3422; x_wconf 84' lang='grc' dir='ltr'>ἱεροῦ</span> 
     </span>
    </p>
   </div>
   <div class='ocr_carea' id='block_1_53' title="bbox 245 3436 1859 3514">
    <p class='ocr_par' dir='ltr' id='par_1_53' title="bbox 245 3436 1859 3514">
     <span class='ocr_line' id='line_1_53' title="bbox 455 3436 1850 3456; baseline -0.004 0"><span class='ocrx_word' id='word_1_336' title='bbox 455 3446 466 3456; x_wconf 84' lang='grc'><strong>,</strong></span> <span class='ocrx_word' id='word_1_337' title='bbox 587 3439 600 3454; x_wconf 85' lang='lat'><strong>.</strong></span> <span class='ocrx_word' id='word_1_338' title='bbox 653 3443 664 3456; x_wconf 83' lang='lat'><strong>.</strong></span> <span class='ocrx_word' id='word_1_339' title='bbox 865 3441 876 3454; x_wconf 81' lang='lat'><strong>.</strong></span> <span class='ocrx_word' id='word_1_340' title='bbox 952 3436 963 3454; x_wconf 67' lang='grc' dir='ltr'><strong>ν</strong></span> <span class='ocrx_word' id='word_1_341' title='bbox 1079 3437 1092 3454; x_wconf 83' lang='grc'><strong>,</strong></span> <span class='ocrx_word' id='word_1_342' title='bbox 1144 3445 1162 3454; x_wconf 84' lang='grc'><strong>-</strong></span> <span class='ocrx_word' id='word_1_343' title='bbox 1475 3440 1486 3452; x_wconf 94' lang='lat'><strong>.</strong></span> <span class='ocrx_word' id='word_1_344' title='bbox 1701 3439 1712 3452; x_wconf 89' lang='lat'><strong>.</strong></span> <span class='ocrx_word' id='word_1_345' title='bbox 1841 3442 1850 3454; x_wconf 89' lang='lat'><strong>.</strong></span> 
     </span>
     <span class='ocr_line' id='line_1_54' title="bbox 245 3437 1859 3514; baseline -0.002 -21"><span class='ocrx_word' id='word_1_346' title='bbox 245 3437 528 3514; x_wconf 70' lang='grc' dir='ltr'>συνεδριου</span> <span class='ocrx_word' id='word_1_347' title='bbox 578 3459 770 3510; x_wconf 75' lang='grc' dir='ltr'>ανεγνω</span> <span class='ocrx_word' id='word_1_348' title='bbox 823 3459 890 3491; x_wconf 87' lang='grc' dir='ltr'><strong>τα</strong></span> <span class='ocrx_word' id='word_1_349' title='bbox 944 3455 993 3490; x_wconf 82' lang='grc' dir='ltr'><strong>εν</strong></span> <span class='ocrx_word' id='word_1_350' title='bbox 1029 3456 1172 3490; x_wconf 87' lang='grc' dir='ltr'>αυτω</span> <span class='ocrx_word' id='word_1_351' title='bbox 1217 3455 1551 3513; x_wconf 74' lang='grc' dir='ltr'>γεγραμμενα</span> <span class='ocrx_word' id='word_1_352' title='bbox 1592 3455 1726 3508; x_wconf 85' lang='grc' dir='ltr'>μετα</span> <span class='ocrx_word' id='word_1_353' title='bbox 1769 3457 1859 3490; x_wconf 88' lang='grc' dir='ltr'><strong>και</strong></span> 
     </span>
    </p>
   </div>
   <div class='ocr_carea' id='block_1_54' title="bbox 1957 2017 3613 2090">
    <p class='ocr_par' dir='ltr' id='par_1_54' title="bbox 1957 2017 3613 2090">
     <span class='ocr_line' id='line_1_55' title="bbox 1957 2017 3613 2090; baseline 0.001 -16"><span class='ocrx_word' id='word_1_354' title='bbox 1957 2019 2216 2085; x_wconf 63' lang='lat' dir='ltr'><strong>Niceno,</strong></span> <span class='ocrx_word' id='word_1_355' title='bbox 2246 2017 2629 2088; x_wconf 87' lang='lat' dir='ltr'><strong>Melitenensi,</strong></span> <span class='ocrx_word' id='word_1_356' title='bbox 2668 2019 3019 2090; x_wconf 81' lang='lat' dir='ltr'><strong>Gangrensi,</strong></span> <span class='ocrx_word' id='word_1_357' title='bbox 3054 2019 3248 2089; x_wconf 90' lang='lat' dir='ltr'><strong>Cario,</strong></span> <span class='ocrx_word' id='word_1_358' title='bbox 3298 2019 3613 2089; x_wconf 88' lang='lat' dir='ltr'><strong>lconiensi,</strong></span> 
     </span>
    </p>
   </div>
   <div class='ocr_carea' id='block_1_55' title="bbox 1960 2105 3618 2180">
    <p class='ocr_par' dir='ltr' id='par_1_55' title="bbox 1960 2105 3618 2180">
     <span class='ocr_line' id='line_1_56' title="bbox 1960 2105 3618 2180; baseline 0.001 -17"><span class='ocrx_word' id='word_1_359' title='bbox 1960 2106 2283 2172; x_wconf 89' lang='lat' dir='ltr'><strong>Corinthio,</strong></span> <span class='ocrx_word' id='word_1_360' title='bbox 2334 2105 2653 2168; x_wconf 86' lang='lat' dir='ltr'><strong>Mocesino,</strong></span> <span class='ocrx_word' id='word_1_361' title='bbox 2698 2106 2980 2178; x_wconf 87' lang='lat' dir='ltr'><strong>Cretensi,</strong></span> <span class='ocrx_word' id='word_1_362' title='bbox 3034 2106 3446 2180; x_wconf 87' lang='lat' dir='ltr'><strong>Trapezuntio,</strong></span> <span class='ocrx_word' id='word_1_363' title='bbox 3490 2107 3618 2164; x_wconf 82' lang='lat' dir='ltr'><strong>Phi-</strong></span> 
     </span>
    </p>
   </div>
   <div class='ocr_carea' id='block_1_56' title="bbox 1957 2194 3616 2267">
    <p class='ocr_par' dir='ltr' id='par_1_56' title="bbox 1957 2194 3616 2267">
     <span class='ocr_line' id='line_1_57' title="bbox 1957 2194 3616 2267; baseline 0.001 -15"><span class='ocrx_word' id='word_1_364' title='bbox 1957 2194 2236 2267; x_wconf 90' lang='lat' dir='ltr'><strong>lippensi,</strong></span> <span class='ocrx_word' id='word_1_365' title='bbox 2267 2194 2732 2266; x_wconf 86' lang='lat' dir='ltr'><strong>Hierapolitano,</strong></span> <span class='ocrx_word' id='word_1_366' title='bbox 2760 2194 3113 2266; x_wconf 68' lang='lat' dir='ltr'><strong>Mitylenaao,</strong></span> <span class='ocrx_word' id='word_1_367' title='bbox 3145 2195 3454 2265; x_wconf 87' lang='lat' dir='ltr'><strong>Thebano,</strong></span> <span class='ocrx_word' id='word_1_368' title='bbox 3489 2199 3616 2254; x_wconf 88' lang='lat' dir='ltr'><strong>Ser-</strong></span> 
     </span>
    </p>
   </div>
   <div class='ocr_carea' id='block_1_57' title="bbox 1959 2283 3616 2356">
    <p class='ocr_par' dir='ltr' id='par_1_57' title="bbox 1959 2283 3616 2356">
     <span class='ocr_line' id='line_1_58' title="bbox 1959 2283 3616 2356; baseline 0.001 -16"><span class='ocrx_word' id='word_1_369' title='bbox 1959 2284 2138 2350; x_wconf 92' lang='lat' dir='ltr'><strong>rensi,</strong></span> <span class='ocrx_word' id='word_1_370' title='bbox 2165 2283 2497 2351; x_wconf 87' lang='lat' dir='ltr'><strong>Dristrensi,</strong></span> <span class='ocrx_word' id='word_1_371' title='bbox 2523 2283 2856 2356; x_wconf 62' lang='lat' dir='ltr'><strong>Corcyreo,</strong></span> <span class='ocrx_word' id='word_1_372' title='bbox 2889 2283 3204 2355; x_wconf 82' lang='lat' dir='ltr'><strong>Abydeno,</strong></span> <span class='ocrx_word' id='word_1_373' title='bbox 3231 2285 3470 2354; x_wconf 75' lang='lat' dir='ltr'><strong>Milesio,</strong></span> <span class='ocrx_word' id='word_1_374' title='bbox 3485 2287 3616 2342; x_wconf 88' lang='lat' dir='ltr'><strong>Ma-</strong></span> 
     </span>
    </p>
   </div>
   <div class='ocr_carea' id='block_1_58' title="bbox 1960 2371 3614 2444">
    <p class='ocr_par' dir='ltr' id='par_1_58' title="bbox 1960 2371 3614 2444">
     <span class='ocr_line' id='line_1_59' title="bbox 1960 2371 3614 2444; baseline 0.001 -16"><span class='ocrx_word' id='word_1_375' title='bbox 1960 2372 2258 2441; x_wconf 86' lang='lat' dir='ltr'><strong>roneensi,</strong></span> <span class='ocrx_word' id='word_1_376' title='bbox 2288 2371 2480 2441; x_wconf 87' lang='lat' dir='ltr'><strong>Pario,</strong></span> <span class='ocrx_word' id='word_1_377' title='bbox 2516 2371 2900 2444; x_wconf 87' lang='lat' dir='ltr'><strong>Selybriensi,</strong></span> <span class='ocrx_word' id='word_1_378' title='bbox 2919 2373 3568 2437; x_wconf 83' lang='lat' dir='ltr'><strong>Nicensi,Anchialensi</strong></span> <span class='ocrx_word' id='word_1_379' title='bbox 3598 2393 3614 2444; x_wconf 89' lang='lat'><strong>;</strong></span> 
     </span>
    </p>
   </div>
   <div class='ocr_carea' id='block_1_59' title="bbox 1963 2461 3616 2536">
    <p class='ocr_par' dir='ltr' id='par_1_59' title="bbox 1963 2461 3616 2536">
     <span class='ocr_line' id='line_1_60' title="bbox 1963 2461 3616 2536; baseline 0.002 -18"><span class='ocrx_word' id='word_1_380' title='bbox 1963 2461 2300 2518; x_wconf 85' lang='lat' dir='ltr'><strong>astantibus</strong></span> <span class='ocrx_word' id='word_1_381' title='bbox 2327 2461 2430 2517; x_wconf 91' lang='lat' dir='ltr'><strong>Dei</strong></span> <span class='ocrx_word' id='word_1_382' title='bbox 2473 2461 2903 2518; x_wconf 87' lang='lat' dir='ltr'><strong>amantissimis</strong></span> <span class='ocrx_word' id='word_1_383' title='bbox 2945 2461 3212 2519; x_wconf 89' lang='lat' dir='ltr'><strong>dominis</strong></span> <span class='ocrx_word' id='word_1_384' title='bbox 3239 2464 3616 2536; x_wconf 66' lang='lat' dir='ltr'><strong>praepositis;</strong></span> 
     </span>
    </p>
   </div>
   <div class='ocr_carea' id='block_1_60' title="bbox 1964 2550 3620 2611">
    <p class='ocr_par' dir='ltr' id='par_1_60' title="bbox 1964 2550 3620 2611">
     <span class='ocr_line' id='line_1_61' title="bbox 1964 2550 3620 2611; baseline 0.001 -5"><span class='ocrx_word' id='word_1_385' title='bbox 1964 2551 2066 2608; x_wconf 92' lang='lat' dir='ltr'><strong>Dei</strong></span> <span class='ocrx_word' id='word_1_386' title='bbox 2095 2551 2550 2608; x_wconf 88' lang='lat' dir='ltr'><strong>amantissimus</strong></span> <span class='ocrx_word' id='word_1_387' title='bbox 2578 2550 2875 2608; x_wconf 88' lang='lat' dir='ltr'><strong>diaconus</strong></span> <span class='ocrx_word' id='word_1_388' title='bbox 2899 2556 2958 2608; x_wconf 87' lang='lat' dir='ltr'><strong>et</strong></span> <span class='ocrx_word' id='word_1_389' title='bbox 2983 2553 3338 2608; x_wconf 89' lang='lat' dir='ltr'><strong>canstrisius</strong></span> <span class='ocrx_word' id='word_1_390' title='bbox 3367 2554 3620 2611; x_wconf 87' lang='lat' dir='ltr'><strong>sanctis-</strong></span> 
     </span>
    </p>
   </div>
   <div class='ocr_carea' id='block_1_61' title="bbox 1964 2639 3620 2717">
    <p class='ocr_par' dir='ltr' id='par_1_61' title="bbox 1964 2639 3620 2717">
     <span class='ocr_line' id='line_1_62' title="bbox 1964 2639 3620 2717; baseline 0.002 -21"><span class='ocrx_word' id='word_1_391' title='bbox 1964 2641 2132 2697; x_wconf 65' lang='lat' dir='ltr'><strong>sima:</strong></span> <span class='ocrx_word' id='word_1_392' title='bbox 2171 2641 2270 2696; x_wconf 91' lang='lat' dir='ltr'><strong>Dei</strong></span> <span class='ocrx_word' id='word_1_393' title='bbox 2317 2656 2556 2710; x_wconf 69' lang='lat' dir='ltr'><strong>magnai</strong></span> <span class='ocrx_word' id='word_1_394' title='bbox 2609 2639 2880 2697; x_wconf 64' lang='lat' dir='ltr'><strong>Ecclesiae</strong></span> <span class='ocrx_word' id='word_1_395' title='bbox 2927 2641 3188 2711; x_wconf 90' lang='lat' dir='ltr'><strong>Samuel,</strong></span> <span class='ocrx_word' id='word_1_396' title='bbox 3232 2641 3400 2698; x_wconf 91' lang='lat' dir='ltr'><strong>omni</strong></span> <span class='ocrx_word' id='word_1_397' title='bbox 3427 2643 3620 2717; x_wconf 88' lang='lat' dir='ltr'><strong>suspi-</strong></span> 
     </span>
    </p>
   </div>
   <div class='ocr_carea' id='block_1_62' title="bbox 1965 2729 3624 2805">
    <p class='ocr_par' dir='ltr' id='par_1_62' title="bbox 1965 2729 3624 2805">
     <span class='ocr_line' id='line_1_63' title="bbox 1965 2729 3624 2805; baseline 0.001 -19"><span class='ocrx_word' id='word_1_398' title='bbox 1965 2730 2136 2786; x_wconf 89' lang='lat' dir='ltr'><strong>cione</strong></span> <span class='ocrx_word' id='word_1_399' title='bbox 2166 2734 2354 2786; x_wconf 88' lang='lat' dir='ltr'><strong>semet</strong></span> <span class='ocrx_word' id='word_1_400' title='bbox 2371 2729 2657 2797; x_wconf 89' lang='lat' dir='ltr'><strong>liberans,</strong></span> <span class='ocrx_word' id='word_1_401' title='bbox 2685 2733 2903 2802; x_wconf 84' lang='lat' dir='ltr'><strong>quarta</strong></span> <span class='ocrx_word' id='word_1_402' title='bbox 2930 2730 3027 2786; x_wconf 92' lang='lat' dir='ltr'><strong>die</strong></span> <span class='ocrx_word' id='word_1_403' title='bbox 3065 2731 3379 2804; x_wconf 78' lang='lat' dir='ltr'><strong>praesentis</strong></span> <span class='ocrx_word' id='word_1_404' title='bbox 3407 2731 3624 2805; x_wconf 82' lang='lat' dir='ltr'><strong>Aprilis</strong></span> 
     </span>
    </p>
   </div>
   <div class='ocr_carea' id='block_1_63' title="bbox 1965 2819 3625 2891">
    <p class='ocr_par' dir='ltr' id='par_1_63' title="bbox 1965 2819 3625 2891">
     <span class='ocr_line' id='line_1_64' title="bbox 1965 2819 3625 2891; baseline 0.001 -16"><span class='ocrx_word' id='word_1_405' title='bbox 1965 2819 2028 2875; x_wconf 91' lang='lat' dir='ltr'><strong>in</strong></span> <span class='ocrx_word' id='word_1_406' title='bbox 2056 2819 2259 2875; x_wconf 91' lang='lat' dir='ltr'><strong>medio</strong></span> <span class='ocrx_word' id='word_1_407' title='bbox 2274 2819 2626 2886; x_wconf 84' lang='lat' dir='ltr'><strong>consistens,</strong></span> <span class='ocrx_word' id='word_1_408' title='bbox 2653 2824 2712 2874; x_wconf 88' lang='lat' dir='ltr'><strong>et</strong></span> <span class='ocrx_word' id='word_1_409' title='bbox 2723 2819 2854 2890; x_wconf 90' lang='lat' dir='ltr'><strong>jam</strong></span> <span class='ocrx_word' id='word_1_410' title='bbox 2884 2819 3287 2891; x_wconf 87' lang='lat' dir='ltr'><strong>multipliciter</strong></span> <span class='ocrx_word' id='word_1_411' title='bbox 3310 2835 3346 2876; x_wconf 93' lang='lat' dir='ltr'><strong>a</strong></span> <span class='ocrx_word' id='word_1_412' title='bbox 3369 2821 3625 2878; x_wconf 87' lang='lat' dir='ltr'><strong>nonnul-</strong></span> 
     </span>
    </p>
   </div>
   <div class='ocr_carea' id='block_1_64' title="bbox 1966 2907 3622 2980">
    <p class='ocr_par' dir='ltr' id='par_1_64' title="bbox 1966 2907 3622 2980">
     <span class='ocr_line' id='line_1_65' title="bbox 1966 2907 3622 2980; baseline 0 -16"><span class='ocrx_word' id='word_1_413' title='bbox 1966 2908 2039 2964; x_wconf 89' lang='lat' dir='ltr'><strong>lis</strong></span> <span class='ocrx_word' id='word_1_414' title='bbox 2083 2907 2506 2964; x_wconf 87' lang='lat' dir='ltr'><strong>sacratissimis</strong></span> <span class='ocrx_word' id='word_1_415' title='bbox 2550 2907 2852 2980; x_wconf 90' lang='lat' dir='ltr'><strong>episcopis</strong></span> <span class='ocrx_word' id='word_1_416' title='bbox 2921 2908 3142 2980; x_wconf 89' lang='lat' dir='ltr'><strong>Deique</strong></span> <span class='ocrx_word' id='word_1_417' title='bbox 3189 2909 3622 2965; x_wconf 87' lang='lat' dir='ltr'><strong>amantissimis</strong></span> 
     </span>
    </p>
   </div>
   <div class='ocr_carea' id='block_1_65' title="bbox 1967 2995 3625 3070">
    <p class='ocr_par' dir='ltr' id='par_1_65' title="bbox 1967 2995 3625 3070">
     <span class='ocr_line' id='line_1_66' title="bbox 1967 2995 3625 3070; baseline 0.002 -19"><span class='ocrx_word' id='word_1_418' title='bbox 1967 2996 2307 3069; x_wconf 67' lang='lat' dir='ltr'><strong>preepositis</strong></span> <span class='ocrx_word' id='word_1_419' title='bbox 2354 2995 2577 3053; x_wconf 83' lang='lat' dir='ltr'><strong>lectum</strong></span> <span class='ocrx_word' id='word_1_420' title='bbox 2624 3000 2682 3052; x_wconf 86' lang='lat' dir='ltr'><strong>et</strong></span> <span class='ocrx_word' id='word_1_421' title='bbox 2733 2995 3140 3067; x_wconf 85' lang='lat' dir='ltr'><strong>subscriptum</strong></span> <span class='ocrx_word' id='word_1_422' title='bbox 3190 2995 3461 3053; x_wconf 89' lang='lat' dir='ltr'><strong>libellum</strong></span> <span class='ocrx_word' id='word_1_423' title='bbox 3505 3013 3625 3070; x_wconf 66' lang='lat' dir='ltr'><strong>pra</strong></span> 
     </span>
    </p>
   </div>
   <div class='ocr_carea' id='block_1_66' title="bbox 1970 3083 3626 3156">
    <p class='ocr_par' dir='ltr' id='par_1_66' title="bbox 1970 3083 3626 3156">
     <span class='ocr_line' id='line_1_67' title="bbox 1970 3083 3626 3156; baseline 0.001 -16"><span class='ocrx_word' id='word_1_424' title='bbox 1970 3084 2252 3140; x_wconf 90' lang='lat' dir='ltr'><strong>manibus</strong></span> <span class='ocrx_word' id='word_1_425' title='bbox 2305 3089 2533 3151; x_wconf 90' lang='lat' dir='ltr'><strong>tenens,</strong></span> <span class='ocrx_word' id='word_1_426' title='bbox 2585 3083 2867 3140; x_wconf 90' lang='lat' dir='ltr'><strong>audiente</strong></span> <span class='ocrx_word' id='word_1_427' title='bbox 2920 3099 3091 3140; x_wconf 89' lang='lat' dir='ltr'><strong>sacro</strong></span> <span class='ocrx_word' id='word_1_428' title='bbox 3144 3083 3430 3155; x_wconf 86' lang='lat' dir='ltr'><strong>synedrio</strong></span> <span class='ocrx_word' id='word_1_429' title='bbox 3483 3085 3626 3156; x_wconf 81' lang='lat' dir='ltr'><strong>legit</strong></span> 
     </span>
    </p>
   </div>
   <div class='ocr_carea' id='block_1_67' title="bbox 1968 3171 3625 3247">
    <p class='ocr_par' dir='ltr' id='par_1_67' title="bbox 1968 3171 3625 3247">
     <span class='ocr_line' id='line_1_68' title="bbox 1968 3171 3625 3247; baseline 0 -17"><span class='ocrx_word' id='word_1_430' title='bbox 1968 3173 2397 3230; x_wconf 89' lang='lat' dir='ltr'><strong>continentiam</strong></span> <span class='ocrx_word' id='word_1_431' title='bbox 2445 3174 2594 3244; x_wconf 88' lang='lat' dir='ltr'><strong>ejus,</strong></span> <span class='ocrx_word' id='word_1_432' title='bbox 2655 3173 2922 3245; x_wconf 87' lang='lat' dir='ltr'><strong>itemque</strong></span> <span class='ocrx_word' id='word_1_433' title='bbox 2980 3171 3464 3230; x_wconf 87' lang='lat' dir='ltr'><strong>additamentum</strong></span> <span class='ocrx_word' id='word_1_434' title='bbox 3508 3174 3625 3247; x_wconf 89' lang='lat' dir='ltr'><strong>ipsi</strong></span> 
     </span>
    </p>
   </div>
   <div class='ocr_carea' id='block_1_68' title="bbox 1969 3261 3626 3334">
    <p class='ocr_par' dir='ltr' id='par_1_68' title="bbox 1969 3261 3626 3334">
     <span class='ocr_line' id='line_1_69' title="bbox 1969 3261 3626 3334; baseline 0.001 -17"><span class='ocrx_word' id='word_1_435' title='bbox 1969 3263 2330 3318; x_wconf 88' lang='lat' dir='ltr'><strong>subnexum.</strong></span> <span class='ocrx_word' id='word_1_436' title='bbox 2365 3263 2562 3318; x_wconf 89' lang='lat' dir='ltr'><strong>Causa</strong></span> <span class='ocrx_word' id='word_1_437' title='bbox 2601 3261 2734 3332; x_wconf 88' lang='lat' dir='ltr'><strong>ejus</strong></span> <span class='ocrx_word' id='word_1_438' title='bbox 2774 3261 2860 3316; x_wconf 91' lang='lat' dir='ltr'><strong>rei</strong></span> <span class='ocrx_word' id='word_1_439' title='bbox 2919 3261 3134 3329; x_wconf 86' lang='lat' dir='ltr'><strong>fuerat,</strong></span> <span class='ocrx_word' id='word_1_440' title='bbox 3185 3263 3353 3334; x_wconf 92' lang='lat' dir='ltr'><strong>quod</strong></span> <span class='ocrx_word' id='word_1_441' title='bbox 3383 3262 3626 3320; x_wconf 87' lang='lat' dir='ltr'><strong>inventa</strong></span> 
     </span>
    </p>
   </div>
   <div class='ocr_carea' id='block_1_69' title="bbox 1968 3349 3621 3422">
    <p class='ocr_par' dir='ltr' id='par_1_69' title="bbox 1968 3349 3621 3422">
     <span class='ocr_line' id='line_1_70' title="bbox 1968 3349 3621 3422; baseline 0 -14"><span class='ocrx_word' id='word_1_442' title='bbox 1968 3351 2176 3408; x_wconf 88' lang='lat' dir='ltr'><strong>charta</strong></span> <span class='ocrx_word' id='word_1_443' title='bbox 2211 3350 2404 3408; x_wconf 85' lang='lat' dir='ltr'><strong>fuerat</strong></span> <span class='ocrx_word' id='word_1_444' title='bbox 2444 3365 2518 3405; x_wconf 89' lang='lat' dir='ltr'><strong>ea</strong></span> <span class='ocrx_word' id='word_1_445' title='bbox 2570 3350 2885 3406; x_wconf 88' lang='lat' dir='ltr'><strong>continens</strong></span> <span class='ocrx_word' id='word_1_446' title='bbox 2935 3366 3072 3422; x_wconf 66' lang='lat' dir='ltr'><strong>quae</strong></span> <span class='ocrx_word' id='word_1_447' title='bbox 3101 3349 3163 3406; x_wconf 91' lang='lat' dir='ltr'><strong>in</strong></span> <span class='ocrx_word' id='word_1_448' title='bbox 3206 3350 3621 3408; x_wconf 80' lang='lat' dir='ltr'><strong>additamenta</strong></span> 
     </span>
    </p>
   </div>
   <div class='ocr_carea' id='block_1_70' title="bbox 1969 3437 3186 3512">
    <p class='ocr_par' dir='ltr' id='par_1_70' title="bbox 1969 3437 3186 3512">
     <span class='ocr_line' id='line_1_71' title="bbox 1969 3437 3186 3512; baseline -0.002 -16"><span class='ocrx_word' id='word_1_449' title='bbox 1969 3439 2516 3512; x_wconf 83' lang='lat' dir='ltr'><strong>perscribebantur,</strong></span> <span class='ocrx_word' id='word_1_450' title='bbox 2549 3439 2644 3494; x_wconf 90' lang='lat' dir='ltr'><strong>his</strong></span> <span class='ocrx_word' id='word_1_451' title='bbox 2672 3437 2947 3495; x_wconf 82' lang='lat' dir='ltr'><strong>videlicet</strong></span> <span class='ocrx_word' id='word_1_452' title='bbox 2963 3437 3186 3494; x_wconf 81' lang='lat' dir='ltr'><strong>verbis.</strong></span> 
     </span>
    </p>
   </div>
   <div class='ocr_carea' id='block_1_71' title="bbox 242 3523 3622 3605">
    <p class='ocr_par' dir='ltr' id='par_1_71' title="bbox 242 3523 3622 3605">
     <span class='ocr_line' id='line_1_72' title="bbox 242 3523 3622 3605; baseline -0.003 -16"><span class='ocrx_word' id='word_1_453' title='bbox 242 3532 580 3605; x_wconf 75' lang='grc' dir='ltr'>προσθήκης,</span> <span class='ocrx_word' id='word_1_454' title='bbox 609 3529 984 3601; x_wconf 77' lang='grc' dir='ltr'>προστεθείσης</span> <span class='ocrx_word' id='word_1_455' title='bbox 1008 3526 1168 3597; x_wconf 76' lang='grc' dir='ltr'>αὐτῷ,</span> <span class='ocrx_word' id='word_1_456' title='bbox 1194 3523 1289 3579; x_wconf 79' lang='grc' dir='ltr'><strong>διὰ</strong></span> <span class='ocrx_word' id='word_1_457' title='bbox 1316 3529 1374 3578; x_wconf 84' lang='grc' dir='ltr'>τὸ</span> <span class='ocrx_word' id='word_1_458' title='bbox 1414 3526 1685 3600; x_wconf 74' lang='grc' dir='ltr'>εὑρεθῆναι</span> <span class='ocrx_word' id='word_1_459' title='bbox 1720 3527 1930 3601; x_wconf 72' lang='grc' dir='ltr'>χάρτην</span> <span class='ocrx_word' id='word_1_460' title='bbox 1949 3536 2170 3581; x_wconf 88' lang='grc' dir='ltr'>τοιαῦτα</span> <span class='ocrx_word' id='word_1_461' title='bbox 2200 3525 2623 3601; x_wconf 79' lang='grc' dir='ltr'>διαλαμϐάνοντα</span> <span class='ocrx_word' id='word_1_462' title='bbox 2651 3528 2737 3580; x_wconf 82' lang='grc' dir='ltr'>οἷα</span> <span class='ocrx_word' id='word_1_463' title='bbox 2774 3529 2802 3586; x_wconf 68' lang='grc' dir='ltr'>ἡ</span> <span class='ocrx_word' id='word_1_464' title='bbox 2839 3529 3119 3604; x_wconf 74' lang='grc' dir='ltr'>προσθήκη</span> <span class='ocrx_word' id='word_1_465' title='bbox 3150 3536 3430 3604; x_wconf 81' lang='grc' dir='ltr'>περιεῖχεν·</span> <span class='ocrx_word' id='word_1_466' title='bbox 3469 3531 3501 3589; x_wconf 76' lang='grc' dir='ltr'><strong><em>ἦ</em></strong></span> <span class='ocrx_word' id='word_1_467' title='bbox 3529 3535 3622 3584; x_wconf 73' lang='grc' dir='ltr'>καὶ</span> 
     </span>
    </p>
   </div>
   <div class='ocr_carea' id='block_1_72' title="bbox 244 3616 879 3680">
    <p class='ocr_par' dir='ltr' id='par_1_72' title="bbox 244 3616 879 3680">
     <span class='ocr_line' id='line_1_73' title="bbox 244 3616 879 3680; baseline -0.002 -9"><span class='ocrx_word' id='word_1_468' title='bbox 244 3616 384 3671; x_wconf 72' lang='grc' dir='ltr'>εἶπεν</span> <span class='ocrx_word' id='word_1_469' title='bbox 408 3617 496 3670; x_wconf 76' lang='grc' dir='ltr'><strong>ἐπὶ</strong></span> <span class='ocrx_word' id='word_1_470' title='bbox 517 3616 696 3680; x_wconf 78' lang='grc' dir='ltr'>λέξεων</span> <span class='ocrx_word' id='word_1_471' title='bbox 719 3617 879 3671; x_wconf 78' lang='grc' dir='ltr'>οὕτω.</span> 
     </span>
    </p>
   </div>
   <div class='ocr_carea' id='block_1_73' title="bbox 315 3701 1858 3780">
    <p class='ocr_par' dir='ltr' id='par_1_73' title="bbox 315 3701 1858 3780">
     <span class='ocr_line' id='line_1_74' title="bbox 315 3701 1858 3780; baseline -0.004 -19"><span class='ocrx_word' id='word_1_472' title='bbox 315 3705 387 3778; x_wconf 73' lang='lat'><strong>7&#39;.</strong></span> <span class='ocrx_word' id='word_1_473' title='bbox 430 3708 572 3760; x_wconf 75' lang='grc' dir='ltr'>Ἐπεὶ</span> <span class='ocrx_word' id='word_1_474' title='bbox 611 3702 671 3758; x_wconf 61' lang='grc' dir='ltr'><strong>δὴ</strong></span> <span class='ocrx_word' id='word_1_475' title='bbox 717 3711 808 3758; x_wconf 78' lang='grc' dir='ltr'>καὶ</span> <span class='ocrx_word' id='word_1_476' title='bbox 855 3709 1074 3780; x_wconf 87' lang='grc' dir='ltr'>χαρτίον</span> <span class='ocrx_word' id='word_1_477' title='bbox 1120 3701 1421 3776; x_wconf 74' lang='grc' dir='ltr'>ἆνεφανίσθη</span> <span class='ocrx_word' id='word_1_478' title='bbox 1458 3704 1582 3776; x_wconf 79' lang='grc' dir='ltr'>ἕχον</span> <span class='ocrx_word' id='word_1_479' title='bbox 1621 3703 1781 3764; x_wconf 77' lang='grc' dir='ltr'>οὕτως</span> <span class='ocrx_word' id='word_1_480' title='bbox 1809 3702 1858 3755; x_wconf 81' lang='grc' dir='ltr'>ἐν</span> 
     </span>
    </p>
   </div>
   <div class='ocr_carea' id='block_1_74' title="bbox 245 3790 1860 3868">
    <p class='ocr_par' dir='ltr' id='par_1_74' title="bbox 245 3790 1860 3868">
     <span class='ocr_line' id='line_1_75' title="bbox 245 3790 1860 3868; baseline -0.003 -20"><span class='ocrx_word' id='word_1_481' title='bbox 245 3801 586 3868; x_wconf 82' lang='grc' dir='ltr'>καταρχαῖς·</span> <span class='ocrx_word' id='word_1_482' title='bbox 672 3794 810 3848; x_wconf 85' lang='grc' dir='ltr'>Ἐκεῖ</span> <span class='ocrx_word' id='word_1_483' title='bbox 887 3790 1181 3846; x_wconf 78' lang='grc' dir='ltr'>ίδιιλίασαν</span> <span class='ocrx_word' id='word_1_484' title='bbox 1257 3791 1412 3866; x_wconf 77' lang='grc' dir='ltr'>φόϐον</span> <span class='ocrx_word' id='word_1_485' title='bbox 1499 3793 1559 3845; x_wconf 83' lang='grc' dir='ltr'>οὗ</span> <span class='ocrx_word' id='word_1_486' title='bbox 1632 3792 1727 3844; x_wconf 82' lang='grc' dir='ltr'><strong>ούκ</strong></span> <span class='ocrx_word' id='word_1_487' title='bbox 1796 3792 1860 3850; x_wconf 80' lang='grc' dir='ltr'>ἦν</span> 
     </span>
    </p>
   </div>
   <div class='ocr_carea' id='block_1_75' title="bbox 249 3879 1857 3958">
    <p class='ocr_par' dir='ltr' id='par_1_75' title="bbox 249 3879 1857 3958">
     <span class='ocr_line' id='line_1_76' title="bbox 249 3879 1857 3958; baseline -0.004 -20"><span class='ocrx_word' id='word_1_488' title='bbox 249 3884 431 3957; x_wconf 76' lang='grc' dir='ltr'>φόϐος,</span> <span class='ocrx_word' id='word_1_489' title='bbox 488 3883 537 3936; x_wconf 71' lang='grc' dir='ltr'>ἂν</span> <span class='ocrx_word' id='word_1_490' title='bbox 583 3889 879 3958; x_wconf 71' lang='grc' dir='ltr'>προσόταις</span> <span class='ocrx_word' id='word_1_491' title='bbox 929 3887 1206 3956; x_wconf 73' lang='grc' dir='ltr'>Προφήτης</span> <span class='ocrx_word' id='word_1_492' title='bbox 1257 3882 1369 3954; x_wconf 83' lang='grc' dir='ltr'>οἶμα</span> <span class='ocrx_word' id='word_1_493' title='bbox 1430 3886 1522 3934; x_wconf 83' lang='grc' dir='ltr'>καὶ</span> <span class='ocrx_word' id='word_1_494' title='bbox 1591 3879 1857 3953; x_wconf 76' lang='grc' dir='ltr'>βασιλεὺς,</span> 
     </span>
    </p>
   </div>
   <div class='ocr_carea' id='block_1_76' title="bbox 251 3966 1860 4046">
    <p class='ocr_par' dir='ltr' id='par_1_76' title="bbox 251 3966 1860 4046">
     <span class='ocr_line' id='line_1_77' title="bbox 251 3966 1860 4046; baseline -0.002 -20"><span class='ocrx_word' id='word_1_495' title='bbox 251 3977 414 4046; x_wconf 73' lang='grc' dir='ltr'>ἔφησέ</span> <span class='ocrx_word' id='word_1_496' title='bbox 477 3993 579 4026; x_wconf 83' lang='grc' dir='ltr'><strong>που</strong></span> <span class='ocrx_word' id='word_1_497' title='bbox 644 3973 852 4044; x_wconf 73' lang='grc' dir='ltr'>ψάλλων</span> <span class='ocrx_word' id='word_1_498' title='bbox 914 3971 962 4024; x_wconf 81' lang='grc' dir='ltr'>ἐν</span> <span class='ocrx_word' id='word_1_499' title='bbox 1017 3974 1291 4044; x_wconf 89' lang='grc' dir='ltr'>πνεύματι,</span> <span class='ocrx_word' id='word_1_500' title='bbox 1357 3973 1741 4044; x_wconf 88' lang='grc' dir='ltr'>παρατούμενον</span> <span class='ocrx_word' id='word_1_501' title='bbox 1800 3966 1860 4022; x_wconf 70' lang='grc' dir='ltr'>δε</span> 
     </span>
    </p>
   </div>
   <div class='ocr_carea' id='block_1_77' title="bbox 249 4059 1859 4132">
    <p class='ocr_par' dir='ltr' id='par_1_77' title="bbox 249 4059 1859 4132">
     <span class='ocr_line' id='line_1_78' title="bbox 249 4059 1859 4132; baseline -0.005 -16"><span class='ocrx_word' id='word_1_502' title='bbox 249 4066 394 4116; x_wconf 84' lang='grc' dir='ltr'>κατὰ</span> <span class='ocrx_word' id='word_1_503' title='bbox 443 4081 504 4116; x_wconf 83' lang='grc' dir='ltr'><strong>το</strong></span> <span class='ocrx_word' id='word_1_504' title='bbox 553 4062 690 4124; x_wconf 71' lang='grc' dir='ltr'>τέλος</span> <span class='ocrx_word' id='word_1_505' title='bbox 736 4060 785 4114; x_wconf 73' lang='grc' dir='ltr'>ἐν</span> <span class='ocrx_word' id='word_1_506' title='bbox 831 4064 1053 4121; x_wconf 79' lang='grc' dir='ltr'>τούτοις·</span> <span class='ocrx_word' id='word_1_507' title='bbox 1105 4061 1149 4113; x_wconf 81' lang='grc' dir='ltr'>εἰ</span> <span class='ocrx_word' id='word_1_508' title='bbox 1191 4069 1317 4132; x_wconf 73' lang='grc' dir='ltr'>γοῦν</span> <span class='ocrx_word' id='word_1_509' title='bbox 1374 4059 1648 4132; x_wconf 83' lang='grc' dir='ltr'>ἁπερέχειν</span> <span class='ocrx_word' id='word_1_510' title='bbox 1701 4062 1859 4129; x_wconf 90' lang='grc' dir='ltr'>φασίν</span> 
     </span>
    </p>
   </div>
   <div class='ocr_carea' id='block_1_78' title="bbox 250 4148 1862 4224">
    <p class='ocr_par' dir='ltr' id='par_1_78' title="bbox 250 4148 1862 4224">
     <span class='ocr_line' id='line_1_79' title="bbox 250 4148 1862 4224; baseline -0.004 -19"><span class='ocrx_word' id='word_1_511' title='bbox 250 4157 307 4205; x_wconf 77' lang='grc' dir='ltr'>αἱ</span> <span class='ocrx_word' id='word_1_512' title='bbox 353 4156 560 4224; x_wconf 78' lang='grc' dir='ltr'>Γραφαὶ</span> <span class='ocrx_word' id='word_1_513' title='bbox 600 4159 693 4203; x_wconf 86' lang='grc' dir='ltr'><strong>τοῦ</strong></span> <span class='ocrx_word' id='word_1_514' title='bbox 744 4156 980 4222; x_wconf 80' lang='grc' dir='ltr'>Χριστοῦ</span> <span class='ocrx_word' id='word_1_515' title='bbox 1035 4153 1123 4201; x_wconf 86' lang='grc' dir='ltr'>τὸν</span> <span class='ocrx_word' id='word_1_516' title='bbox 1174 4153 1379 4223; x_wconf 83' lang='grc' dir='ltr'>Πατέρα</span> <span class='ocrx_word' id='word_1_517' title='bbox 1408 4151 1534 4214; x_wconf 71' lang='grc'><strong>(44),</strong></span> <span class='ocrx_word' id='word_1_518' title='bbox 1573 4148 1704 4198; x_wconf 86' lang='grc' dir='ltr'>καθὸ</span> <span class='ocrx_word' id='word_1_519' title='bbox 1735 4150 1862 4206; x_wconf 80' lang='grc' dir='ltr'>τέως</span> 
     </span>
    </p>
   </div>
   <div class='ocr_carea' id='block_1_79' title="bbox 251 4234 1859 4312">
    <p class='ocr_par' dir='ltr' id='par_1_79' title="bbox 251 4234 1859 4312">
     <span class='ocr_line' id='line_1_80' title="bbox 251 4234 1859 4312; baseline -0.005 -18"><span class='ocrx_word' id='word_1_520' title='bbox 251 4243 407 4304; x_wconf 73' lang='grc' dir='ltr'>οὗτος</span> <span class='ocrx_word' id='word_1_521' title='bbox 463 4241 557 4292; x_wconf 75' lang='grc' dir='ltr'>οὐκ</span> <span class='ocrx_word' id='word_1_522' title='bbox 600 4238 991 4312; x_wconf 77' lang='grc' dir='ltr'>ἐνηνθρώπησεν</span> <span class='ocrx_word' id='word_1_523' title='bbox 1025 4280 1039 4306; x_wconf 89' lang='grc'><strong>,</strong></span> <span class='ocrx_word' id='word_1_524' title='bbox 1095 4234 1246 4290; x_wconf 70' lang='grc' dir='ltr'>οὐδὲν</span> <span class='ocrx_word' id='word_1_525' title='bbox 1300 4239 1475 4289; x_wconf 83' lang='grc' dir='ltr'>καινὸν</span> <span class='ocrx_word' id='word_1_526' title='bbox 1539 4236 1584 4288; x_wconf 83' lang='grc' dir='ltr'>εἰ</span> <span class='ocrx_word' id='word_1_527' title='bbox 1638 4240 1728 4287; x_wconf 88' lang='grc' dir='ltr'>καὶ</span> <span class='ocrx_word' id='word_1_528' title='bbox 1800 4237 1859 4286; x_wconf 87' lang='grc' dir='ltr'>τὸ</span> 
     </span>
    </p>
   </div>
   <div class='ocr_carea' id='block_1_80' title="bbox 251 4322 1863 4406">
    <p class='ocr_par' dir='ltr' id='par_1_80' title="bbox 251 4322 1863 4404">
     <span class='ocr_line' id='line_1_81' title="bbox 251 4322 1863 4404; baseline -0.005 -21"><span class='ocrx_word' id='word_1_529' title='bbox 251 4332 436 4404; x_wconf 75' lang='grc' dir='ltr'>μεῖζον</span> <span class='ocrx_word' id='word_1_530' title='bbox 491 4332 631 4400; x_wconf 84' lang='grc' dir='ltr'>ἔχειν</span> <span class='ocrx_word' id='word_1_531' title='bbox 677 4337 768 4380; x_wconf 86' lang='grc' dir='ltr'><strong>τοῦ</strong></span> <span class='ocrx_word' id='word_1_532' title='bbox 833 4326 883 4378; x_wconf 77' lang='grc' dir='ltr'>ἕν</span> <span class='ocrx_word' id='word_1_533' title='bbox 939 4327 1080 4398; x_wconf 83' lang='grc' dir='ltr'>αύτῳ</span> <span class='ocrx_word' id='word_1_534' title='bbox 1133 4325 1454 4399; x_wconf 78' lang='grc' dir='ltr'>ἀνθρωπίνου</span> <span class='ocrx_word' id='word_1_535' title='bbox 1522 4322 1863 4384; x_wconf 76' lang='grc' dir='ltr'>διανοητικῶς</span> 
     </span>
    </p>
   </div>
   <div class='ocr_carea' id='block_1_81' title="bbox 252 4409 1862 4493">
    <p class='ocr_par' dir='ltr' id='par_1_81' title="bbox 252 4409 1862 4493">
     <span class='ocr_line' id='line_1_82' title="bbox 252 4409 1862 4493; baseline -0.006 -21"><span class='ocrx_word' id='word_1_536' title='bbox 252 4421 688 4493; x_wconf 64' lang='grc' dir='ltr'>φαπασθὴσεταί</span> <span class='ocrx_word' id='word_1_537' title='bbox 712 4435 826 4469; x_wconf 89' lang='grc' dir='ltr'>τισι</span> <span class='ocrx_word' id='word_1_538' title='bbox 857 4422 947 4468; x_wconf 84' lang='grc' dir='ltr'>καὶ</span> <span class='ocrx_word' id='word_1_539' title='bbox 983 4414 1296 4490; x_wconf 80' lang='grc' dir='ltr'>ρηθὴσεται.</span> <span class='ocrx_word' id='word_1_540' title='bbox 1339 4413 1498 4466; x_wconf 81' lang='grc' dir='ltr'>Ὠστε</span> <span class='ocrx_word' id='word_1_541' title='bbox 1539 4409 1598 4466; x_wconf 74' lang='grc' dir='ltr'><strong>δὲ</strong></span> <span class='ocrx_word' id='word_1_542' title='bbox 1635 4418 1725 4466; x_wconf 87' lang='grc' dir='ltr'>καὶ</span> <span class='ocrx_word' id='word_1_543' title='bbox 1757 4418 1862 4472; x_wconf 87' lang='grc' dir='ltr'>τοῖς</span> 
     </span>
    </p>
   </div>
   <div class='ocr_carea' id='block_1_82' title="bbox 252 4498 1863 4583">
    <p class='ocr_par' dir='ltr' id='par_1_82' title="bbox 252 4498 1863 4583">
     <span class='ocr_line' id='line_1_83' title="bbox 252 4498 1863 4583; baseline -0.006 -22"><span class='ocrx_word' id='word_1_544' title='bbox 252 4512 403 4583; x_wconf 77' lang='grc' dir='ltr'>παρὰ</span> <span class='ocrx_word' id='word_1_545' title='bbox 448 4515 550 4559; x_wconf 83' lang='grc' dir='ltr'>τῶν</span> <span class='ocrx_word' id='word_1_546' title='bbox 597 4506 758 4576; x_wconf 68' lang='grc' dir='ltr'>ἁγίων</span> <span class='ocrx_word' id='word_1_547' title='bbox 807 4504 1044 4577; x_wconf 80' lang='grc' dir='ltr'>ῥηθεῖσιν</span> <span class='ocrx_word' id='word_1_548' title='bbox 1092 4504 1365 4575; x_wconf 79' lang='grc' dir='ltr'>ὁμοφώνως</span> <span class='ocrx_word' id='word_1_549' title='bbox 1430 4505 1622 4574; x_wconf 78' lang='grc' dir='ltr'>ἔχοντα</span> <span class='ocrx_word' id='word_1_550' title='bbox 1694 4498 1863 4563; x_wconf 76' lang='grc' dir='ltr'>δεῖξαι</span> 
     </span>
    </p>
   </div>
   <div class='ocr_carea' id='block_1_83' title="bbox 252 4590 1864 4666">
    <p class='ocr_par' dir='ltr' id='par_1_83' title="bbox 252 4590 1864 4666">
     <span class='ocr_line' id='line_1_84' title="bbox 252 4590 1864 4666; baseline -0.006 -17"><span class='ocrx_word' id='word_1_551' title='bbox 252 4605 431 4650; x_wconf 74' lang='grc' dir='ltr'>ταῦτα</span> <span class='ocrx_word' id='word_1_552' title='bbox 480 4598 546 4647; x_wconf 79' lang='grc' dir='ltr'>τὰ</span> <span class='ocrx_word' id='word_1_553' title='bbox 609 4590 920 4666; x_wconf 71' lang='grc' dir='ltr'>δεδογμένα,</span> <span class='ocrx_word' id='word_1_554' title='bbox 988 4595 1114 4665; x_wconf 79' lang='grc' dir='ltr'>ἡμῖν</span> <span class='ocrx_word' id='word_1_555' title='bbox 1163 4591 1448 4664; x_wconf 64' lang='grc' dir='ltr'>λεγέτωσαν</span> <span class='ocrx_word' id='word_1_556' title='bbox 1525 4591 1689 4657; x_wconf 78' lang='grc' dir='ltr'>οὗτοι,</span> <span class='ocrx_word' id='word_1_557' title='bbox 1774 4593 1864 4641; x_wconf 84' lang='grc' dir='ltr'>καὶ</span> 
     </span>
    </p>
   </div>
   <div class='ocr_carea' id='block_1_84' title="bbox 255 4679 1867 4759">
    <p class='ocr_par' dir='ltr' id='par_1_84' title="bbox 255 4679 1867 4759">
     <span class='ocr_line' id='line_1_85' title="bbox 255 4679 1867 4759; baseline -0.005 -21"><span class='ocrx_word' id='word_1_558' title='bbox 255 4689 412 4759; x_wconf 74' lang='grc' dir='ltr'>ἡμεῖς</span> <span class='ocrx_word' id='word_1_559' title='bbox 464 4689 819 4754; x_wconf 78' lang='grc' dir='ltr'>σιωπήσομεν·</span> <span class='ocrx_word' id='word_1_560' title='bbox 875 4683 926 4734; x_wconf 74' lang='grc' dir='ltr'>ἐν</span> <span class='ocrx_word' id='word_1_561' title='bbox 985 4679 1043 4735; x_wconf 67' lang='grc' dir='ltr'><strong>δὲ</strong></span> <span class='ocrx_word' id='word_1_562' title='bbox 1088 4690 1162 4754; x_wconf 85' lang='grc' dir='ltr'>τῷ</span> <span class='ocrx_word' id='word_1_563' title='bbox 1210 4684 1431 4752; x_wconf 79' lang='grc' dir='ltr'>τοιούτῳ</span> <span class='ocrx_word' id='word_1_564' title='bbox 1493 4683 1670 4754; x_wconf 80' lang='grc' dir='ltr'>χάρτη</span> <span class='ocrx_word' id='word_1_565' title='bbox 1737 4680 1867 4752; x_wconf 84' lang='grc' dir='ltr'>μετά</span> 
     </span>
    </p>
   </div>
   <div class='ocr_carea' id='block_1_85' title="bbox 256 4764 1866 4844">
    <p class='ocr_par' dir='ltr' id='par_1_85' title="bbox 256 4764 1866 4844">
     <span class='ocr_line' id='line_1_86' title="bbox 256 4764 1866 4844; baseline -0.005 -18"><span class='ocrx_word' id='word_1_566' title='bbox 256 4781 350 4828; x_wconf 83' lang='grc' dir='ltr'>καὶ</span> <span class='ocrx_word' id='word_1_567' title='bbox 415 4773 583 4826; x_wconf 63' lang='grc' dir='ltr'>ἄλλων</span> <span class='ocrx_word' id='word_1_568' title='bbox 637 4781 788 4824; x_wconf 79' lang='grc' dir='ltr'>τινῶν</span> <span class='ocrx_word' id='word_1_569' title='bbox 871 4771 1290 4844; x_wconf 77' lang='grc' dir='ltr'>ἀπεμφαινόντων</span> <span class='ocrx_word' id='word_1_570' title='bbox 1381 4773 1473 4821; x_wconf 83' lang='grc' dir='ltr'>καὶ</span> <span class='ocrx_word' id='word_1_571' title='bbox 1565 4764 1866 4841; x_wconf 78' lang='grc' dir='ltr'>ἀπᾳδὸντων</span> 
     </span>
    </p>
   </div>
   <div class='ocr_carea' id='block_1_86' title="bbox 258 4857 1868 4939">
    <p class='ocr_par' dir='ltr' id='par_1_86' title="bbox 258 4857 1868 4939">
     <span class='ocr_line' id='line_1_87' title="bbox 258 4857 1868 4939; baseline -0.004 -23"><span class='ocrx_word' id='word_1_572' title='bbox 258 4868 391 4939; x_wconf 79' lang='grc' dir='ltr'>πρὸς</span> <span class='ocrx_word' id='word_1_573' title='bbox 448 4866 518 4916; x_wconf 77' lang='grc' dir='ltr'>τὰ</span> <span class='ocrx_word' id='word_1_574' title='bbox 561 4867 657 4922; x_wconf 79' lang='grc' dir='ltr'><strong>της</strong></span> <span class='ocrx_word' id='word_1_575' title='bbox 708 4862 862 4933; x_wconf 66' lang='grc' dir='ltr'>ἁγίας</span> <span class='ocrx_word' id='word_1_576' title='bbox 917 4869 1009 4914; x_wconf 81' lang='grc' dir='ltr'><strong>τοῦ</strong></span> <span class='ocrx_word' id='word_1_577' title='bbox 1049 4869 1184 4915; x_wconf 88' lang='grc' dir='ltr'>Θεοῦ</span> <span class='ocrx_word' id='word_1_578' title='bbox 1213 4859 1495 4920; x_wconf 87' lang='grc' dir='ltr'>καθολικῆς</span> <span class='ocrx_word' id='word_1_579' title='bbox 1523 4863 1613 4911; x_wconf 80' lang='grc' dir='ltr'>καὶ</span> <span class='ocrx_word' id='word_1_580' title='bbox 1641 4857 1868 4910; x_wconf 78' lang='grc' dir='ltr'>ἀποστο-</span> 
     </span>
    </p>
   </div>
   <div class='ocr_carea' id='block_1_87' title="bbox 256 4946 1870 5026">
    <p class='ocr_par' dir='ltr' id='par_1_87' title="bbox 256 4946 1870 5026">
     <span class='ocr_line' id='line_1_88' title="bbox 256 4946 1870 5026; baseline -0.005 -20"><span class='ocrx_word' id='word_1_581' title='bbox 256 4953 407 5013; x_wconf 80' lang='grc' dir='ltr'>λικῆς</span> <span class='ocrx_word' id='word_1_582' title='bbox 472 4951 787 5011; x_wconf 84' lang='grc' dir='ltr'>Ἐκκλησίας</span> <span class='ocrx_word' id='word_1_583' title='bbox 846 4950 1106 5026; x_wconf 83' lang='grc' dir='ltr'>ὀρθότατα</span> <span class='ocrx_word' id='word_1_584' title='bbox 1169 4946 1414 5022; x_wconf 73' lang='grc' dir='ltr'>δόγματα</span> <span class='ocrx_word' id='word_1_585' title='bbox 1446 4991 1460 5016; x_wconf 90' lang='grc'><strong>,</strong></span> <span class='ocrx_word' id='word_1_586' title='bbox 1547 4953 1638 5000; x_wconf 85' lang='grc' dir='ltr'><strong>καὶ</strong></span> <span class='ocrx_word' id='word_1_587' title='bbox 1701 4953 1870 4998; x_wconf 90' lang='grc' dir='ltr'>ταῦτα</span> 
     </span>
    </p>
   </div>
   <div class='ocr_carea' id='block_1_88' title="bbox 257 5035 1868 5114">
    <p class='ocr_par' dir='ltr' id='par_1_88' title="bbox 257 5035 1868 5114">
     <span class='ocr_line' id='line_1_89' title="bbox 257 5035 1868 5114; baseline -0.006 -20"><span class='ocrx_word' id='word_1_588' title='bbox 257 5041 654 5114; x_wconf 67' lang='grc' dir='ltr'>ἐμπεριέχεταιο</span> <span class='ocrx_word' id='word_1_589' title='bbox 721 5038 880 5112; x_wconf 72' lang='grc' dir='ltr'>ἐῶμεν</span> <span class='ocrx_word' id='word_1_590' title='bbox 942 5041 1046 5112; x_wconf 68' lang='grc' dir='ltr'><strong>γὰρ</strong></span> <span class='ocrx_word' id='word_1_591' title='bbox 1105 5037 1270 5110; x_wconf 68' lang='grc' dir='ltr'>λέγειν</span> <span class='ocrx_word' id='word_1_592' title='bbox 1355 5035 1704 5110; x_wconf 81' lang='grc' dir='ltr'>Ἀμφιλοχίου</span> <span class='ocrx_word' id='word_1_593' title='bbox 1775 5037 1868 5086; x_wconf 82' lang='grc' dir='ltr'>καὶ</span> 
     </span>
    </p>
   </div>
   <div class='ocr_carea' id='block_1_89' title="bbox 335 5252 818 5317">
    <p class='ocr_par' dir='ltr' id='par_1_89' title="bbox 335 5252 818 5317">
     <span class='ocr_line' id='line_1_90' title="bbox 335 5252 818 5317; baseline -0.008 -6"><span class='ocrx_word' id='word_1_594' title='bbox 335 5255 384 5290; x_wconf 74' lang='grc'><strong>³⁸</strong></span> <span class='ocrx_word' id='word_1_595' title='bbox 421 5252 577 5310; x_wconf 86' lang='lat' dir='ltr'><strong>Psal.</strong></span> <span class='ocrx_word' id='word_1_596' title='bbox 609 5268 733 5317; x_wconf 81' lang='lat' dir='ltr'><strong>xm,</strong></span> <span class='ocrx_word' id='word_1_597' title='bbox 767 5256 818 5308; x_wconf 84' lang='lat'><strong>5.</strong></span> 
     </span>
    </p>
   </div>
   <div class='ocr_carea' id='block_1_90' title="bbox 335 5445 923 5520">
    <p class='ocr_par' dir='ltr' id='par_1_90' title="bbox 335 5445 923 5520">
     <span class='ocr_line' id='line_1_91' title="bbox 335 5445 923 5520; baseline -0.009 -14"><span class='ocrx_word' id='word_1_598' title='bbox 335 5448 451 5520; x_wconf 76' lang='grc'><strong>(43)</strong></span> <span class='ocrx_word' id='word_1_599' title='bbox 489 5446 645 5520; x_wconf 81' lang='lat' dir='ltr'><strong>Vide</strong></span> <span class='ocrx_word' id='word_1_600' title='bbox 659 5445 771 5503; x_wconf 92' lang='lat' dir='ltr'><strong>col.</strong></span> <span class='ocrx_word' id='word_1_601' title='bbox 797 5450 923 5502; x_wconf 79' lang='lat'><strong>262.</strong></span> 
     </span>
    </p>
   </div>
   <div class='ocr_carea' id='block_1_91' title="bbox 337 5516 1870 5590">
    <p class='ocr_par' dir='ltr' id='par_1_91' title="bbox 337 5516 1870 5590">
     <span class='ocr_line' id='line_1_92' title="bbox 337 5516 1870 5590; baseline -0.004 -14"><span class='ocrx_word' id='word_1_602' title='bbox 337 5516 454 5590; x_wconf 71' lang='grc'><strong>(44)</strong></span> <span class='ocrx_word' id='word_1_603' title='bbox 494 5518 810 5590; x_wconf 78' lang='lat' dir='ltr'><strong>Nimirum,</strong></span> <span class='ocrx_word' id='word_1_604' title='bbox 829 5523 897 5573; x_wconf 90' lang='lat' dir='ltr'><strong>ut</strong></span> <span class='ocrx_word' id='word_1_605' title='bbox 913 5516 1189 5574; x_wconf 87' lang='lat' dir='ltr'><strong>nonnulli</strong></span> <span class='ocrx_word' id='word_1_606' title='bbox 1217 5516 1537 5590; x_wconf 80' lang='lat' dir='ltr'><strong>explicant,</strong></span> <span class='ocrx_word' id='word_1_607' title='bbox 1567 5517 1870 5590; x_wconf 80' lang='lat' dir='ltr'><strong>quatenus</strong></span> 
     </span>
    </p>
   </div>
   <div class='ocr_carea' id='block_1_92' title="bbox 261 5586 1872 5662">
    <p class='ocr_par' dir='ltr' id='par_1_92' title="bbox 261 5586 1872 5662">
     <span class='ocr_line' id='line_1_93' title="bbox 261 5586 1872 5662; baseline -0.004 -13"><span class='ocrx_word' id='word_1_608' title='bbox 261 5586 480 5649; x_wconf 72' lang='lat' dir='ltr'><strong>aucto:</strong></span> <span class='ocrx_word' id='word_1_609' title='bbox 496 5595 594 5649; x_wconf 82' lang='lat' dir='ltr'><strong>est</strong></span> <span class='ocrx_word' id='word_1_610' title='bbox 609 5587 737 5648; x_wconf 81' lang='lat' dir='ltr'><strong>Filii</strong></span> <span class='ocrx_word' id='word_1_611' title='bbox 752 5591 1025 5658; x_wconf 81' lang='lat' dir='ltr'><strong>Pater,ut</strong></span> <span class='ocrx_word' id='word_1_612' title='bbox 1049 5590 1114 5646; x_wconf 89' lang='lat' dir='ltr'><strong>in</strong></span> <span class='ocrx_word' id='word_1_613' title='bbox 1140 5586 1621 5662; x_wconf 73' lang='lat' dir='ltr'><strong>praecedentibus</strong></span> <span class='ocrx_word' id='word_1_614' title='bbox 1641 5586 1872 5644; x_wconf 86' lang='lat' dir='ltr'><strong>dictum</strong></span> 
     </span>
    </p>
   </div>
   <div class='ocr_carea' id='block_1_93' title="bbox 2040 3705 3623 3780">
    <p class='ocr_par' dir='ltr' id='par_1_93' title="bbox 2040 3705 3623 3780">
     <span class='ocr_line' id='line_1_94' title="bbox 2040 3705 3623 3780; baseline 0.003 -18"><span class='ocrx_word' id='word_1_615' title='bbox 2040 3711 2093 3763; x_wconf 88' lang='lat'><strong>3.</strong></span> <span class='ocrx_word' id='word_1_616' title='bbox 2116 3705 2411 3773; x_wconf 85' lang='lat' dir='ltr'><strong>Quoniam</strong></span> <span class='ocrx_word' id='word_1_617' title='bbox 2435 3705 2726 3764; x_wconf 87' lang='lat' dir='ltr'><strong>schedula</strong></span> <span class='ocrx_word' id='word_1_618' title='bbox 2754 3706 3056 3780; x_wconf 86' lang='lat' dir='ltr'><strong>apparuit,</strong></span> <span class='ocrx_word' id='word_1_619' title='bbox 3075 3707 3250 3778; x_wconf 89' lang='lat' dir='ltr'><strong>cujus</strong></span> <span class='ocrx_word' id='word_1_620' title='bbox 3275 3707 3509 3765; x_wconf 90' lang='lat' dir='ltr'><strong>initium</strong></span> <span class='ocrx_word' id='word_1_621' title='bbox 3529 3713 3623 3766; x_wconf 88' lang='lat' dir='ltr'><strong>est</strong></span> 
     </span>
    </p>
   </div>
   <div class='ocr_carea' id='block_1_94' title="bbox 1969 3795 3617 3866">
    <p class='ocr_par' dir='ltr' id='par_1_94' title="bbox 1969 3795 3617 3866">
     <span class='ocr_line' id='line_1_95' title="bbox 1969 3795 3617 3866; baseline 0.001 -14"><span class='ocrx_word' id='word_1_622' title='bbox 1969 3795 2120 3852; x_wconf 80' lang='lat' dir='ltr'><strong>hoc:</strong></span> <span class='ocrx_word' id='word_1_623' title='bbox 2155 3797 2248 3851; x_wconf 77' lang='lat' dir='ltr'><strong>Ibi</strong></span> <span class='ocrx_word' id='word_1_624' title='bbox 2269 3802 2644 3866; x_wconf 75' lang='lat' dir='ltr'><strong>ez&#39;paverunt</strong></span> <span class='ocrx_word' id='word_1_625' title='bbox 2673 3797 2887 3853; x_wconf 82' lang='lat' dir='ltr'><strong>timore</strong></span> <span class='ocrx_word' id='word_1_626' title='bbox 2915 3797 3020 3852; x_wconf 79' lang='lat' dir='ltr'><strong>ubi</strong></span> <span class='ocrx_word' id='word_1_627' title='bbox 3043 3812 3164 3852; x_wconf 79' lang='lat' dir='ltr'><strong>non</strong></span> <span class='ocrx_word' id='word_1_628' title='bbox 3189 3803 3325 3853; x_wconf 85' lang='lat' dir='ltr'><strong>erat</strong></span> <span class='ocrx_word' id='word_1_629' title='bbox 3345 3799 3524 3854; x_wconf 78' lang='lat' dir='ltr'><strong>timor</strong></span> <span class='ocrx_word' id='word_1_630' title='bbox 3547 3799 3617 3866; x_wconf 77' lang='grc' dir='ltr'><strong>⁸ο,</strong></span> 
     </span>
    </p>
   </div>
   <div class='ocr_carea' id='block_1_95' title="bbox 1968 3884 3618 3956">
    <p class='ocr_par' dir='ltr' id='par_1_95' title="bbox 1968 3884 3618 3956">
     <span class='ocr_line' id='line_1_96' title="bbox 1968 3884 3618 3956; baseline 0.001 -17"><span class='ocrx_word' id='word_1_631' title='bbox 1968 3885 2268 3956; x_wconf 89' lang='lat' dir='ltr'><strong>Propheta</strong></span> <span class='ocrx_word' id='word_1_632' title='bbox 2295 3901 2574 3941; x_wconf 88' lang='lat' dir='ltr'><strong>summus</strong></span> <span class='ocrx_word' id='word_1_633' title='bbox 2592 3884 2876 3956; x_wconf 90' lang='lat' dir='ltr'><strong>idemque</strong></span> <span class='ocrx_word' id='word_1_634' title='bbox 2905 3900 3010 3940; x_wconf 79' lang='lat' dir='ltr'><strong>rex</strong></span> <span class='ocrx_word' id='word_1_635' title='bbox 3039 3884 3364 3956; x_wconf 87' lang='lat' dir='ltr'><strong>inspiratus</strong></span> <span class='ocrx_word' id='word_1_636' title='bbox 3386 3885 3535 3941; x_wconf 83' lang='lat' dir='ltr'><strong>dixit</strong></span> <span class='ocrx_word' id='word_1_637' title='bbox 3555 3885 3618 3941; x_wconf 90' lang='lat' dir='ltr'><strong>in</strong></span> 
     </span>
    </p>
   </div>
   <div class='ocr_carea' id='block_1_96' title="bbox 1967 3973 3613 4047">
    <p class='ocr_par' dir='ltr' id='par_1_96' title="bbox 1967 3973 3613 4047">
     <span class='ocr_line' id='line_1_97' title="bbox 1967 3973 3613 4047; baseline 0.001 -19"><span class='ocrx_word' id='word_1_638' title='bbox 1967 3973 2224 4040; x_wconf 90' lang='lat' dir='ltr'><strong>Psalmo,</strong></span> <span class='ocrx_word' id='word_1_639' title='bbox 2255 3973 2318 4029; x_wconf 92' lang='lat' dir='ltr'><strong>id</strong></span> <span class='ocrx_word' id='word_1_640' title='bbox 2361 3974 2527 4047; x_wconf 88' lang='lat' dir='ltr'><strong>quod</strong></span> <span class='ocrx_word' id='word_1_641' title='bbox 2574 3973 2758 4030; x_wconf 92' lang='lat' dir='ltr'><strong>modo</strong></span> <span class='ocrx_word' id='word_1_642' title='bbox 2789 3973 2868 4029; x_wconf 92' lang='lat' dir='ltr'><strong>ad</strong></span> <span class='ocrx_word' id='word_1_643' title='bbox 2896 3973 3119 4028; x_wconf 83' lang='lat' dir='ltr'><strong>exitum</strong></span> <span class='ocrx_word' id='word_1_644' title='bbox 3149 3973 3474 4029; x_wconf 90' lang='lat' dir='ltr'><strong>deductum</strong></span> <span class='ocrx_word' id='word_1_645' title='bbox 3503 3978 3613 4031; x_wconf 91' lang='lat' dir='ltr'><strong>est.</strong></span> 
     </span>
    </p>
   </div>
   <div class='ocr_carea' id='block_1_97' title="bbox 1968 4062 3619 4133">
    <p class='ocr_par' dir='ltr' id='par_1_97' title="bbox 1968 4062 3619 4133">
     <span class='ocr_line' id='line_1_98' title="bbox 1968 4062 3619 4133; baseline 0 -15"><span class='ocrx_word' id='word_1_646' title='bbox 1968 4063 2197 4119; x_wconf 87' lang='lat' dir='ltr'><strong>Etenim</strong></span> <span class='ocrx_word' id='word_1_647' title='bbox 2227 4063 2276 4120; x_wconf 89' lang='lat' dir='ltr'><strong>si</strong></span> <span class='ocrx_word' id='word_1_648' title='bbox 2301 4064 2536 4120; x_wconf 87' lang='lat' dir='ltr'><strong>Patrem</strong></span> <span class='ocrx_word' id='word_1_649' title='bbox 2579 4062 2871 4119; x_wconf 84' lang='lat' dir='ltr'><strong>extollunt</strong></span> <span class='ocrx_word' id='word_1_650' title='bbox 2907 4077 3094 4133; x_wconf 86' lang='lat' dir='ltr'><strong>supra</strong></span> <span class='ocrx_word' id='word_1_651' title='bbox 3139 4063 3438 4118; x_wconf 85' lang='lat' dir='ltr'><strong>Christum</strong></span> <span class='ocrx_word' id='word_1_652' title='bbox 3472 4063 3619 4120; x_wconf 88' lang='lat' dir='ltr'><strong>Scri-</strong></span> 
     </span>
    </p>
   </div>
   <div class='ocr_carea' id='block_1_98' title="bbox 1968 4151 3622 4224">
    <p class='ocr_par' dir='ltr' id='par_1_98' title="bbox 1968 4151 3622 4224">
     <span class='ocr_line' id='line_1_99' title="bbox 1968 4151 3622 4224; baseline 0.001 -18"><span class='ocrx_word' id='word_1_653' title='bbox 1968 4157 2181 4222; x_wconf 83' lang='lat' dir='ltr'><strong>pturae,</strong></span> <span class='ocrx_word' id='word_1_654' title='bbox 2208 4167 2330 4224; x_wconf 92' lang='lat' dir='ltr'><strong>quo</strong></span> <span class='ocrx_word' id='word_1_655' title='bbox 2355 4156 2626 4223; x_wconf 91' lang='lat' dir='ltr'><strong>tempore</strong></span> <span class='ocrx_word' id='word_1_656' title='bbox 2654 4151 2930 4206; x_wconf 90' lang='lat' dir='ltr'><strong>nondum</strong></span> <span class='ocrx_word' id='word_1_657' title='bbox 2967 4157 3208 4206; x_wconf 90' lang='lat' dir='ltr'><strong>venerat</strong></span> <span class='ocrx_word' id='word_1_658' title='bbox 3239 4151 3318 4207; x_wconf 89' lang='lat' dir='ltr'><strong>ad</strong></span> <span class='ocrx_word' id='word_1_659' title='bbox 3346 4151 3622 4209; x_wconf 72' lang='lat' dir='ltr'><strong>incarna~</strong></span> 
     </span>
    </p>
   </div>
   <div class='ocr_carea' id='block_1_99' title="bbox 1968 4239 3619 4313">
    <p class='ocr_par' dir='ltr' id='par_1_99' title="bbox 1968 4239 3619 4313">
     <span class='ocr_line' id='line_1_100' title="bbox 1968 4239 3619 4313; baseline 0.001 -17"><span class='ocrx_word' id='word_1_660' title='bbox 1968 4240 2217 4304; x_wconf 89' lang='lat' dir='ltr'><strong>tionem,</strong></span> <span class='ocrx_word' id='word_1_661' title='bbox 2247 4240 2329 4296; x_wconf 94' lang='lat' dir='ltr'><strong>nil</strong></span> <span class='ocrx_word' id='word_1_662' title='bbox 2355 4239 2621 4313; x_wconf 86' lang='lat' dir='ltr'><strong>profecto</strong></span> <span class='ocrx_word' id='word_1_663' title='bbox 2661 4239 2801 4296; x_wconf 83' lang='lat' dir='ltr'><strong>novi</strong></span> <span class='ocrx_word' id='word_1_664' title='bbox 2843 4244 2952 4307; x_wconf 85' lang='lat' dir='ltr'><strong>est,</strong></span> <span class='ocrx_word' id='word_1_665' title='bbox 2997 4240 3166 4313; x_wconf 92' lang='lat' dir='ltr'><strong>quod</strong></span> <span class='ocrx_word' id='word_1_666' title='bbox 3195 4241 3488 4312; x_wconf 88' lang='lat' dir='ltr'><strong>majorem</strong></span> <span class='ocrx_word' id='word_1_667' title='bbox 3519 4242 3619 4298; x_wconf 88' lang='lat' dir='ltr'><strong>Pa-</strong></span> 
     </span>
    </p>
   </div>
   <div class='ocr_carea' id='block_1_100' title="bbox 1970 4328 3621 4401">
    <p class='ocr_par' dir='ltr' id='par_1_100' title="bbox 1970 4328 3621 4401">
     <span class='ocr_line' id='line_1_101' title="bbox 1970 4328 3621 4401; baseline 0.001 -15"><span class='ocrx_word' id='word_1_668' title='bbox 1970 4329 2504 4386; x_wconf 88' lang='lat' dir='ltr'><strong>tremhumanitate</strong></span> <span class='ocrx_word' id='word_1_669' title='bbox 2525 4329 2736 4385; x_wconf 86' lang='lat' dir='ltr'><strong>Christi</strong></span> <span class='ocrx_word' id='word_1_670' title='bbox 2757 4328 3008 4401; x_wconf 89' lang='lat' dir='ltr'><strong>quidam</strong></span> <span class='ocrx_word' id='word_1_671' title='bbox 3029 4345 3192 4384; x_wconf 90' lang='lat' dir='ltr'><strong>nunc</strong></span> <span class='ocrx_word' id='word_1_672' title='bbox 3212 4329 3621 4400; x_wconf 80' lang='lat' dir='ltr'><strong>imaginantur</strong></span> 
     </span>
    </p>
   </div>
   <div class='ocr_carea' id='block_1_101' title="bbox 1969 4418 3621 4491">
    <p class='ocr_par' dir='ltr' id='par_1_101' title="bbox 1969 4418 3621 4491">
     <span class='ocr_line' id='line_1_102' title="bbox 1969 4418 3621 4491; baseline 0.002 -17"><span class='ocrx_word' id='word_1_673' title='bbox 1969 4423 2150 4491; x_wconf 89' lang='lat' dir='ltr'><strong>atque</strong></span> <span class='ocrx_word' id='word_1_674' title='bbox 2179 4418 2504 4474; x_wconf 83' lang='lat' dir='ltr'><strong>afﬁrmant.</strong></span> <span class='ocrx_word' id='word_1_675' title='bbox 2549 4421 2975 4475; x_wconf 88' lang='lat' dir='ltr'><strong>Verumtamen</strong></span> <span class='ocrx_word' id='word_1_676' title='bbox 3003 4419 3099 4474; x_wconf 88' lang='lat' dir='ltr'><strong>isti</strong></span> <span class='ocrx_word' id='word_1_677' title='bbox 3149 4419 3197 4474; x_wconf 88' lang='lat' dir='ltr'><strong>si</strong></span> <span class='ocrx_word' id='word_1_678' title='bbox 3251 4425 3403 4475; x_wconf 91' lang='lat' dir='ltr'><strong>certe</strong></span> <span class='ocrx_word' id='word_1_679' title='bbox 3445 4420 3621 4477; x_wconf 87' lang='lat' dir='ltr'><strong>nobis</strong></span> 
     </span>
    </p>
   </div>
   <div class='ocr_carea' id='block_1_102' title="bbox 1970 4505 3622 4583">
    <p class='ocr_par' dir='ltr' id='par_1_102' title="bbox 1970 4505 3622 4583">
     <span class='ocr_line' id='line_1_103' title="bbox 1970 4505 3622 4583; baseline 0.001 -19"><span class='ocrx_word' id='word_1_680' title='bbox 1970 4505 2469 4564; x_wconf 89' lang='lat' dir='ltr'><strong>demonstrabunt</strong></span> <span class='ocrx_word' id='word_1_681' title='bbox 2507 4507 2665 4564; x_wconf 87' lang='lat' dir='ltr'><strong>dicta</strong></span> <span class='ocrx_word' id='word_1_682' title='bbox 2689 4523 2799 4563; x_wconf 90' lang='lat' dir='ltr'><strong>sua</strong></span> <span class='ocrx_word' id='word_1_683' title='bbox 2827 4525 2963 4563; x_wconf 90' lang='lat' dir='ltr'><strong>cum</strong></span> <span class='ocrx_word' id='word_1_684' title='bbox 3003 4512 3352 4564; x_wconf 88' lang='lat' dir='ltr'><strong>sanctorum</strong></span> <span class='ocrx_word' id='word_1_685' title='bbox 3377 4525 3622 4583; x_wconf 84' lang='lat' dir='ltr'><strong>quoque</strong></span> 
     </span>
    </p>
   </div>
   <div class='ocr_carea' id='block_1_103' title="bbox 1974 4597 3622 4671">
    <p class='ocr_par' dir='ltr' id='par_1_103' title="bbox 1974 4597 3622 4671">
     <span class='ocr_line' id='line_1_104' title="bbox 1974 4597 3622 4671; baseline 0 -17"><span class='ocrx_word' id='word_1_686' title='bbox 1974 4599 2280 4656; x_wconf 89' lang='lat' dir='ltr'><strong>sententiis</strong></span> <span class='ocrx_word' id='word_1_687' title='bbox 2306 4599 2672 4671; x_wconf 89' lang='lat' dir='ltr'><strong>conspirare,</strong></span> <span class='ocrx_word' id='word_1_688' title='bbox 2695 4604 2824 4654; x_wconf 90' lang='lat' dir='ltr'><strong>tum</strong></span> <span class='ocrx_word' id='word_1_689' title='bbox 2845 4597 3091 4654; x_wconf 88' lang='lat' dir='ltr'><strong>demum</strong></span> <span class='ocrx_word' id='word_1_690' title='bbox 3120 4598 3420 4654; x_wconf 88' lang='lat' dir='ltr'><strong>silentium</strong></span> <span class='ocrx_word' id='word_1_691' title='bbox 3447 4599 3622 4656; x_wconf 90' lang='lat' dir='ltr'><strong>nobis</strong></span> 
     </span>
    </p>
   </div>
   <div class='ocr_carea' id='block_1_104' title="bbox 1973 4685 3624 4760">
    <p class='ocr_par' dir='ltr' id='par_1_104' title="bbox 1973 4685 3624 4760">
     <span class='ocr_line' id='line_1_105' title="bbox 1973 4685 3624 4760; baseline -0.001 -16"><span class='ocrx_word' id='word_1_692' title='bbox 1973 4688 2302 4760; x_wconf 89' lang='lat' dir='ltr'><strong>imponent.</strong></span> <span class='ocrx_word' id='word_1_693' title='bbox 2333 4691 2398 4742; x_wconf 91' lang='lat' dir='ltr'><strong>In</strong></span> <span class='ocrx_word' id='word_1_694' title='bbox 2427 4687 2639 4742; x_wconf 81' lang='lat' dir='ltr'><strong>eadem</strong></span> <span class='ocrx_word' id='word_1_695' title='bbox 2671 4692 2870 4742; x_wconf 90' lang='lat' dir='ltr'><strong>autem</strong></span> <span class='ocrx_word' id='word_1_696' title='bbox 2903 4685 3210 4748; x_wconf 88' lang='lat' dir='ltr'><strong>schedula,</strong></span> <span class='ocrx_word' id='word_1_697' title='bbox 3255 4691 3469 4758; x_wconf 57' lang='lat' dir='ltr'><strong>praeter</strong></span> <span class='ocrx_word' id='word_1_698' title='bbox 3505 4687 3624 4742; x_wconf 88' lang='lat' dir='ltr'><strong>alia</strong></span> 
     </span>
    </p>
   </div>
   <div class='ocr_carea' id='block_1_105' title="bbox 1974 4774 3625 4850">
    <p class='ocr_par' dir='ltr' id='par_1_105' title="bbox 1974 4774 3625 4850">
     <span class='ocr_line' id='line_1_106' title="bbox 1974 4774 3625 4850; baseline -0.002 -17"><span class='ocrx_word' id='word_1_699' title='bbox 1974 4778 2257 4850; x_wconf 77' lang='lat' dir='ltr'><strong>quaedam</strong></span> <span class='ocrx_word' id='word_1_700' title='bbox 2287 4777 2673 4832; x_wconf 86' lang='lat' dir='ltr'><strong>abhorrentia</strong></span> <span class='ocrx_word' id='word_1_701' title='bbox 2701 4781 2757 4830; x_wconf 92' lang='lat' dir='ltr'><strong>et</strong></span> <span class='ocrx_word' id='word_1_702' title='bbox 2785 4774 3030 4830; x_wconf 89' lang='lat' dir='ltr'><strong>dissona</strong></span> <span class='ocrx_word' id='word_1_703' title='bbox 3060 4791 3095 4830; x_wconf 91' lang='lat' dir='ltr'><strong>a</strong></span> <span class='ocrx_word' id='word_1_704' title='bbox 3137 4781 3358 4830; x_wconf 71' lang='lat' dir='ltr'><strong>sanctae</strong></span> <span class='ocrx_word' id='word_1_705' title='bbox 3389 4775 3491 4831; x_wconf 91' lang='lat' dir='ltr'><strong>Dei</strong></span> <span class='ocrx_word' id='word_1_706' title='bbox 3520 4791 3625 4830; x_wconf 88' lang='lat' dir='ltr'><strong>ca-</strong></span> 
     </span>
    </p>
   </div>
   <div class='ocr_carea' id='block_1_106' title="bbox 1975 4863 3624 4938">
    <p class='ocr_par' dir='ltr' id='par_1_106' title="bbox 1975 4863 3624 4938">
     <span class='ocr_line' id='line_1_107' title="bbox 1975 4863 3624 4938; baseline 0 -15"><span class='ocrx_word' id='word_1_707' title='bbox 1975 4866 2208 4924; x_wconf 66' lang='lat' dir='ltr'><strong>tholicas</strong></span> <span class='ocrx_word' id='word_1_708' title='bbox 2233 4872 2290 4923; x_wconf 90' lang='lat' dir='ltr'><strong>et</strong></span> <span class='ocrx_word' id='word_1_709' title='bbox 2321 4864 2661 4938; x_wconf 63' lang='lat' dir='ltr'><strong>apostolicae</strong></span> <span class='ocrx_word' id='word_1_710' title='bbox 2701 4863 2976 4920; x_wconf 82' lang='lat' dir='ltr'><strong>Ecclesiae</strong></span> <span class='ocrx_word' id='word_1_711' title='bbox 3004 4865 3347 4920; x_wconf 91' lang='lat' dir='ltr'><strong>rectissimis</strong></span> <span class='ocrx_word' id='word_1_712' title='bbox 3372 4865 3624 4936; x_wconf 79' lang='lat' dir='ltr'><strong>dogma-</strong></span> 
     </span>
    </p>
   </div>
   <div class='ocr_carea' id='block_1_107' title="bbox 1902 4952 3628 5042">
    <p class='ocr_par' dir='ltr' id='par_1_107' title="bbox 1902 4952 3628 5042">
     <span class='ocr_line' id='line_1_108' title="bbox 1902 4952 3628 5042; baseline 0 -31"><span class='ocrx_word' id='word_1_713' title='bbox 1902 4991 1944 5042; x_wconf 80' lang='lat' dir='ltr'><strong>D</strong></span> <span class='ocrx_word' id='word_1_714' title='bbox 1976 4956 2155 5024; x_wconf 89' lang='lat' dir='ltr'><strong>tibus,</strong></span> <span class='ocrx_word' id='word_1_715' title='bbox 2176 4955 2306 5011; x_wconf 59' lang='lat' dir='ltr'><strong>haec</strong></span> <span class='ocrx_word' id='word_1_716' title='bbox 2329 4969 2575 5026; x_wconf 89' lang='lat' dir='ltr'><strong>quoque</strong></span> <span class='ocrx_word' id='word_1_717' title='bbox 2604 4952 3277 5042; x_wconf 11' lang='lat' dir='ltr'><strong>continebantur.‘Mitto</strong></span> <span class='ocrx_word' id='word_1_718' title='bbox 3305 4955 3464 5010; x_wconf 84' lang='lat' dir='ltr'><strong>enim</strong></span> <span class='ocrx_word' id='word_1_719' title='bbox 3491 4959 3628 5012; x_wconf 85' lang='lat' dir='ltr'><strong>Am-</strong></span> 
     </span>
    </p>
   </div>
   <div class='ocr_carea' id='block_1_108' title="bbox 1976 5040 3628 5117">
    <p class='ocr_par' dir='ltr' id='par_1_108' title="bbox 1976 5040 3628 5117">
     <span class='ocr_line' id='line_1_109' title="bbox 1976 5040 3628 5117; baseline 0 -17"><span class='ocrx_word' id='word_1_720' title='bbox 1976 5044 2369 5117; x_wconf 87' lang='lat' dir='ltr'><strong>philochium,</strong></span> <span class='ocrx_word' id='word_1_721' title='bbox 2382 5041 2790 5110; x_wconf 79' lang='lat' dir='ltr'><strong>Ambrosium,</strong></span> <span class='ocrx_word' id='word_1_722' title='bbox 2811 5040 3080 5113; x_wconf 91' lang='lat' dir='ltr'><strong>aliosque</strong></span> <span class='ocrx_word' id='word_1_723' title='bbox 3101 5040 3265 5097; x_wconf 86' lang='lat' dir='ltr'><strong>haud</strong></span> <span class='ocrx_word' id='word_1_724' title='bbox 3286 5057 3516 5114; x_wconf 87' lang='lat' dir='ltr'><strong>paucos</strong></span> <span class='ocrx_word' id='word_1_725' title='bbox 3539 5043 3628 5100; x_wconf 81' lang='lat' dir='ltr'><strong>in-</strong></span> 
     </span>
    </p>
   </div>
   <div class='ocr_carea' id='block_1_109' title="bbox 1978 5434 3629 5511">
    <p class='ocr_par' dir='ltr' id='par_1_109' title="bbox 1978 5434 3629 5511">
     <span class='ocr_line' id='line_1_110' title="bbox 1978 5434 3629 5511; baseline -0.004 -15"><span class='ocrx_word' id='word_1_726' title='bbox 1978 5439 2106 5506; x_wconf 88' lang='lat' dir='ltr'><strong>fuit;</strong></span> <span class='ocrx_word' id='word_1_727' title='bbox 2133 5455 2269 5511; x_wconf 78' lang='lat' dir='ltr'><strong>quae</strong></span> <span class='ocrx_word' id='word_1_728' title='bbox 2299 5441 2499 5511; x_wconf 80' lang='lat' dir='ltr'><strong>tamen</strong></span> <span class='ocrx_word' id='word_1_729' title='bbox 2525 5436 2800 5511; x_wconf 84' lang='lat' dir='ltr'><strong>resnihil</strong></span> <span class='ocrx_word' id='word_1_730' title='bbox 2823 5436 2964 5494; x_wconf 90' lang='lat' dir='ltr'>Filio</span> <span class='ocrx_word' id='word_1_731' title='bbox 3000 5434 3276 5509; x_wconf 87' lang='lat' dir='ltr'><strong>detrahit,</strong></span> <span class='ocrx_word' id='word_1_732' title='bbox 3309 5451 3507 5508; x_wconf 90' lang='lat' dir='ltr'><strong>neque</strong></span> <span class='ocrx_word' id='word_1_733' title='bbox 3537 5435 3629 5490; x_wconf 76' lang='lat' dir='ltr'><strong>in—</strong></span> 
     </span>
    </p>
   </div>
   <div class='ocr_carea' id='block_1_110' title="bbox 1979 5509 2775 5568">
    <p class='ocr_par' dir='ltr' id='par_1_110' title="bbox 1979 5509 2775 5568">
     <span class='ocr_line' id='line_1_111' title="bbox 1979 5509 2775 5568; baseline -0.005 0"><span class='ocrx_word' id='word_1_734' title='bbox 1979 5509 2257 5568; x_wconf 76' lang='lat' dir='ltr'><strong>feriorem</strong></span> <span class='ocrx_word' id='word_1_735' title='bbox 2280 5509 2438 5566; x_wconf 89' lang='lat' dir='ltr'><strong>Patri</strong></span> <span class='ocrx_word' id='word_1_736' title='bbox 2455 5509 2775 5566; x_wconf 87' lang='lat' dir='ltr'><strong>constituit.</strong></span> 
     </span>
    </p>
   </div>
  </div>
