4152 6208
493 330 593 387 271

1815 326 1859 380 Ν
1866 320 2080 382 ΙΟΕΤᾹΞ
2121 316 2501 381 ΟΗΟΝῙΑΤίΕ

3767 326 3873 401 272

499 453 756 526 spiratos
787 451 964 523 viros,
991 465 1252 524 quorum
1305 448 1407 506 alii
1454 448 1740 507 audacter
1781 446 1856 504 de
1898 448 2015 504 hoc
2043 448 2152 504 do-

2267 447 2585 523 Ἀμϐροσίου
2641 450 2729 501 καὶ
2790 447 2969 524 ἐτέρων
3034 442 3125 504 οόκ
3188 446 3373 524 ὀλίγων
3437 460 3871 532 πνευματοφόρων

499 548 698 611 gmate
728 540 913 597 locuti
960 543 1117 606 sunt,
1163 543 1461 611 quantum
1491 542 1646 595 certe
1683 538 1816 610 ipsa
1843 537 2030 593 verba
2058 553 2151 593 so-

499 636 647 686 nant
674 649 685 683 :
716 630 814 685 alii
838 630 1037 701 ipsum
1066 633 1269 699 aperte
1301 643 1423 700 prae
1455 644 1517 683 se
1547 627 1827 683 tulerunt.
1863 630 1928 683 Et
1958 626 2150 683 infra:

501 724 685 777 Mente
712 719 957 791 quidem
994 717 1311 785 Christum,
1347 720 1527 789 prout
1553 717 1737 773 homo
1766 721 1874 783 est,
1916 731 2156 788 separa-

504 810 607 865 tim
637 807 988 876 imaginari;
1018 806 1295 878 atqueita
1322 806 1615 877 majorem
1646 806 1778 877 ipso
1804 808 2035 861 Patrem
2057 821 2156 861 co-

505 899 721 967 gitare;
756 902 934 969 atque
982 897 1140 952 hanc
1186 895 1562 965 schedulam,
1611 900 1908 969 quatenus
1937 895 2158 951 scilicet

505 992 719 1059 praeter
737 984 1137 1042 orthodoxam
1162 985 1440 1056 pietatem
1463 984 1758 1057 loquitur;
1786 990 1843 1039 et
1865 984 1992 1040 haec
2022 983 2158 1056 ipsa

508 1075 727 1131 sanctis
757 1073 1034 1129 Patribus
1066 1073 1287 1128 nostris
1308 1072 1492 1129 verba
1512 1072 1831 1143 injuriosa;
1851 1078 1908 1129 et
1932 1071 2158 1128 contin-

510 1180 647 1235 gere
683 1162 796 1218 sibi
830 1162 1170 1218 distinctam
1208 1160 1389 1216 veluti
1418 1160 1627 1217 Christi
1668 1160 2104 1217 humanitatem
2137 1178 2155 1228 ;

510 1259 690 1325 atque
738 1252 818 1308 ita
856 1252 1151 1321 majorem
1200 1250 1336 1323 ipso
1384 1250 1617 1306 Patrem
1658 1250 1971 1319 judicare;
2005 1250 2154 1315 haec,

509 1343 782 1414 inquam,
808 1340 1129 1396 manifesto
1160 1338 1414 1409 subjicio
1446 1338 1851 1406 anathemati;
1898 1340 2160 1411 itemque

513 1446 653 1486 eum
692 1429 798 1501 qui
836 1429 918 1484 sic
965 1429 1168 1484 credat
1196 1428 1290 1484 vel
1338 1426 1582 1494 scribat,
1613 1426 1704 1483 vel
1732 1428 2060 1500 scripturus
2086 1427 2162 1482 sit

514 1524 618 1575 aut
664 1519 1016 1586 crediturus,
1052 1516 1327 1589 quisquis
1366 1515 1460 1583 sit,
1504 1514 1625 1571 sive
1671 1531 1783 1587 ego
1840 1516 1959 1573 sive
2005 1516 2159 1574 alius

513 1609 835 1684 quispiam.

584 1794 636 1847 4.
690 1794 1015 1863 Postquam
1062 1786 1240 1858 igitur
1280 1784 1406 1841 haec
1434 1784 1594 1855 legit,
1639 1790 1697 1843 et
1725 1801 1931 1842 coram
1958 1788 2165 1841 nostra
2194 1817 2234 1872 Β

511 1881 960 1947 mediocritate,
1010 1891 1303 1949 sacraque
1350 1874 1697 1932 considente
1748 1874 2112 1931 fraternitate
2145 1915 2161 1944 ,

508 1969 649 2026 huic
689 1968 887 2025 libello
936 1966 1328 2038 subscripsit;
1372 1963 1681 2020 decretum
1707 1967 1796 2019 est
1819 1963 1998 2020 hodie
2028 1963 2162 2035 qui-

509 2059 649 2115 dem
675 2059 897 2132 ipsum,
928 2057 1022 2113 his
1055 2054 1330 2129 peractis,
1358 2069 1606 2127 pergere
1627 2068 1806 2125 porro
1838 2057 1897 2109 et
1918 2052 2164 2109 ulterius

506 2148 822 2220 praegredi,
854 2146 1026 2203 sicuti
1056 2150 1113 2201 et
1156 2144 1304 2201 alios
1334 2142 1439 2216 qui
1475 2142 1700 2199 caeteris
1729 2141 1944 2198 libellis
1989 2141 2163 2197 subs-

506 2238 858 2310 cripserant,
905 2234 1252 2307 versarique
1293 2232 1612 2291 nobiscum
1653 2236 1711 2288 et
1753 2230 1953 2287 ofﬁcio
1991 2229 2164 2300 fungi

504 2343 644 2383 cum
666 2331 872 2382 nostra
896 2324 1310 2383 mediocritate
1337 2326 1393 2378 et
1420 2339 1494 2378 cu
1510 2339 1555 2377 .n
1590 2327 1801 2393 sancta
1835 2321 2163 2394 divinaque

506 2416 763 2487 synodo.
791 2415 993 2470 Visum
1015 2414 1263 2485 insuper
1287 2416 1396 2477 est,
1414 2416 1628 2483 printer
1653 2409 1938 2482 capitula,
1968 2425 2162 2481 nuper

505 2506 850 2571 constituta,
870 2502 1163 2574 synodico
1188 2507 1373 2571 tomo,
1398 2501 1503 2573 qui
1530 2501 1589 2556 in
1617 2499 1986 2556 orthodoxiaa
2008 2499 2159 2555 festo

504 2592 601 2648 die
628 2591 919 2662 legendus
950 2595 1125 2657 esset,
1156 2590 1285 2646 haec
1316 2605 1446 2645 esse
1476 2588 1835 2660 adjicienda.
1857 2617 1929 2630 —
1958 2588 2029 2643 Iis
2053 2587 2158 2661 qui

501 2685 796 2753 respuunt
834 2684 1180 2736 sanctorum
1227 2682 1468 2735 Patrum
1495 2678 1851 2746 locutiones,
1892 2693 2028 2749 quae
2076 2677 2157 2733 ad

500 2775 798 2826 rectorum
833 2768 1106 2824 Ecclesia:
1129 2768 1224 2824 Dei
1253 2767 1610 2836 dogmatum
1632 2766 2155 2823 conﬁrmationem

502 2857 676 2913 dictae
710 2861 870 2925 sunt,
900 2855 1234 2925 Athanasii,
1266 2854 1485 2927 Cyrilli,
1513 2853 1827 2922 Ambrosii,
1847 2853 2155 2926 Amphilo-

501 2946 639 3014 chii,
669 2945 944 3018 inspirati
991 2961 1028 3001 a
1072 2947 1191 3002 Deo
1222 2944 1438 3000 Leonis
1484 2947 1658 3017 Papa:
1689 2943 1897 3000 veteris
1927 2946 2151 3012 Romae,

501 3035 917 3107 aliorumque;
948 3049 1059 3090 nec
1102 3049 1225 3090 non
1263 3033 1722 3105 repudiantibus
1757 3032 2153 3089 (ecumenica-

2265 534 2486 612 ἀνδρῶν·
2547 538 2615 590 ὼν
2667 540 2716 591 οἱ
2770 542 2861 612 μεν
2907 540 3143 616 τολμηρὰ
3189 548 3308 617 περὶ
3354 551 3447 597 τοῦ
3504 549 3741 599 τοιούτου
3783 544 3871 599 δό-

2262 647 2464 700 γματος
2527 625 2904 700 ἀπεφθέγξαντο
2938 671 2953 698 ,
3020 632 3141 683 όσον
3205 635 3342 685 κατὰ
3405 637 3463 686 τὸ
3529 643 3627 687 τῶν
3690 634 3870 698 λέξεων

2263 721 2566 791 πρόχειρον·
2607 716 2657 770 οἱ
2719 715 2778 771 δὲ
2822 723 2911 772 καὶ
2960 719 3195 793 ἐνέφηναν
3232 730 3405 780 τοῦτο.
3443 728 3543 776 Καὶ
3572 728 3867 798 κατωτέρω⁸

2265 813 2604 881 Σκιαγραγεῑν
2649 811 2820 879 μέντοι
2875 816 2946 879 τῷ
2995 817 3065 880 νῷ
3117 813 3175 861 τὸ
3222 814 3359 863 κατὰ
3405 816 3638 887 Χριστόν
3669 812 3870 888 ἀνθρώ-

2265 913 2431 961 πινον,
2489 900 2579 947 καὶ
2627 898 2758 948 οὕτω
2821 900 3037 968 μείζονα
3100 917 3185 950 τον
3249 904 3455 975 Πατέρα
3517 897 3866 954 δίοτνοεῖσθαι⁹

2264 987 2473 1037 καὶτὸν
2520 992 2753 1037 τοιοῦτον
2805 987 3033 1060 χάρτην,
3093 989 3296 1041 καθόσα
3345 985 3554 1048 δηλαδὴ
3592 993 3739 1065 παρὰ
3780 994 3871 1043 τὸν

2267 1072 2418 1146 ὀρθόν
2477 1082 2571 1135 τῆς
2634 1073 2896 1137 εύσεϐείας
2952 1072 3173 1139 διέξεισι
3223 1076 3395 1149 λογον,
3448 1084 3537 1131 καὶ
3607 1079 3742 1131 αύτὰ
3795 1076 3866 1137 δὴ

2266 1170 2435 1214 ταῦτα
2490 1164 2556 1215 τὰ
2605 1167 2725 1237 περὶ
2775 1172 2875 1215 τῶν
2927 1163 3088 1236 ἁγίων
3148 1170 3388 1239 Πατέρων
3430 1169 3575 1239 ἡμῶν
3614 1166 3873 1241 ἀπόφημα

2265 1250 2498 1325 ῥήματα,
2560 1256 2649 1303 xui
2709 1255 2767 1304 τό
2825 1256 3269 1329 σκιαγραφεῑσθαι
3323 1258 3382 1307 τό
3425 1258 3563 1308 κατὰ
3603 1260 3691 1308 τόν
3731 1264 3871 1331 Χρι-

2271 1344 2392 1393 στὸν
2446 1339 2780 1415 ἁνθρωπινον,
2847 1348 2937 1396 καὶ
2998 1344 3130 1396 ούτω
3207 1348 3424 1417 μείζονα
3484 1348 3572 1398 τόν
3661 1350 3871 1422 Πατέρα

2268 1434 2455 1484 τούτου
2514 1426 2857 1499 διανοεῖσθαι,
2922 1431 3142 1507 λαμπρῶ
3187 1433 3565 1487 καθυποϐείλλω
3611 1443 3684 1507 τῷ
3738 1433 3870 1488 ἁνα-

2273 1521 2457 1593 θέματι
2503 1520 2637 1591 (45)⁶
2686 1524 2776 1572 xui
2820 1523 2907 1573 τόν
2945 1529 3113 1574 ταῦτα
3142 1531 3426 1597 φρονοῦντα
3461 1529 3549 1577 καὶ
3579 1526 3871 1599 γράφοντα,

2272 1613 2371 1662 εἴτε
2398 1610 2519 1662 ποτε
2547 1609 2820 1684 γράψοντα
2845 1613 2873 1669 ἦ
2918 1616 3261 1685 ςινρονιῇσοντα²
3290 1613 3466 1676 ὁποῖος
3513 1613 3574 1665 ἂν
3630 1618 3721 1667 καὶ
3766 1617 3871 1682 εἴη,

2274 1701 2373 1751 εἴτε
2409 1696 2507 1767 ἐγὼ
2533 1701 2632 1751 εἴτε
2661 1699 2851 1775 ἔτερος.

2345 1784 2411 1841 δ’.
2442 1795 2525 1849 Ὠς
2571 1784 2659 1840 οὖν
2714 1786 2902 1860 ἀνέγνω
2949 1796 3118 1842 ταῦτα
3161 1794 3251 1843 καὶ
3289 1789 3369 1844 ἐπ’
3418 1789 3534 1863 ὄψει
3581 1799 3677 1853 τῆς
3726 1792 3875 1864 ἡμῶν

2269 1880 2607 1951 μετριότητος
2653 1881 2743 1930 καὶ
2794 1885 2885 1938 τῆς
2940 1875 3390 1955 συνεδριαζούσης
3446 1882 3584 1953 ἱερᾶς
3648 1876 3876 1953 ἁδελφό-

2270 1985 2427 2027 τητος
2478 1965 2527 2019 έν
2574 1975 2646 2038 τῷ
2695 1970 2912 2039 τοιούτῳ
2969 1967 3244 2043 εἰληταρίῳ
3294 1969 3610 2044 ὑπέγραψεν,
3668 1971 3872 2043 ὡρίσθη

2270 2059 2365 2114 τὴν
2421 2060 2645 2129 σήμερον
2697 2056 2850 2109 αύτόν
2906 2060 2996 2129 μὲν
3058 2056 3350 2121 ἀκολούθως
3410 2064 3722 2133 προκόπτειν
3781 2062 3874 2112 καὶ

2272 2140 2570 2218 προοδεύειν
2619 2143 2703 2198 ἐπὶ
2754 2148 2819 2198 τὰ
2873 2148 3162 2220 ἔμπροσθεν
3208 2149 3382 2222 ὧσπερ
3448 2152 3538 2200 καὶ
3590 2150 3710 2210 τοὺς
3765 2145 3875 2199 λοι-

2272 2236 2401 2295 πούς
2426 2237 2541 2295 τούς
2583 2232 2631 2286 έν
2672 2242 2777 2295 τοῖς
2833 2234 3023 2310 ἑτέροις
3071 2235 3384 2311 εἰληταρίοις
3438 2235 3866 2309 ὑπογράψανταςο

2271 2326 2361 2375 καὶ
2417 2331 2479 2396 τῇ
2547 2325 2691 2396 ἡμῶν
2754 2326 3107 2397 συνέρχεσθαι
3151 2330 3241 2377 καὶ
3310 2323 3719 2400 συλλειτουργεῖν
3779 2343 3869 2397 με-

2268 2416 2524 2486 τριότητι,
2568 2415 2665 2465 παὶ
2716 2420 2778 2485 τῇ
2841 2415 2953 2487 ἱερᾲ
2999 2418 3088 2466 καὶ
3144 2415 3257 2486 θείᾳ
3305 2410 3531 2485 συνόδῳ·
3570 2415 3868 2489 προστεθῆ-

2265 2520 2351 2552 ναι
2416 2497 2476 2553 δι
2532 2506 2622 2554 καὶ
2673 2507 2778 2562 τόίς
2842 2504 3067 2574 ἔναγχος
3131 2501 3375 2555 ἕντεθείσι
3439 2502 3730 2575 κεφαλαίοις
3793 2509 3867 2574 τῷ

2266 2593 2402 2642 κατὰ
2454 2596 2543 2648 τὴν
2610 2591 2789 2666 ἑορτὴν
2874 2599 2968 2654 τῆς
3053 2589 3357 2656 ὀρθοὸοξίας
3429 2591 3868 2665 ἀναγνωσκομένῳ

2269 2675 2532 2751 πνοὸικῷ
2594 2684 2681 2732 καὶ
2735 2688 2924 2739 ταῦτα.
2982 2713 3051 2722 -
3092 2688 3214 2743 Τοῖς
3279 2679 3713 2754 ἁποϐαλλομένοις
3770 2683 3869 2743 τὰς

2263 2778 2362 2821 τῶν
2410 2769 2571 2841 ἁγίων
2625 2774 2864 2844 Πατέρων
2922 2773 3110 2843 φωνὰς,
3164 2775 3260 2834 τὴς
3318 2770 3403 2823 ἐπὶ
3455 2772 3711 2823 συστάσει
3765 2778 3866 2822 τῶν

2263 2858 2427 2931 ὀρθῶν
2484 2866 2578 2920 τῆς
2630 2866 2722 2911 τοῦ
2767 2867 2901 2911 Θεοῦ
2960 2858 3254 2922 Εκκλησίας
3309 2856 3587 2932 δογμάτων
3642 2857 3868 2932 Experiri;-

2265 2949 2463 3015 θείσας,
2528 2947 2864 3016 Ἀθανασίόυ,
2936 2948 3210 3023 Κυρίλλου,
3268 2946 3607 3023 ’Λμϐροσίου,
3677 2947 3868 3020 Ἀμφῖ-

2259 3036 2468 3108 λοχίου,
2522 3044 2615 3089 τοῦ
2664 3039 2914 3112 θεηγόρου
2971 3042 3191 3100 Λένοτος
3231 3040 3421 3091 πάππα
3465 3045 3560 3099 τῆς
3587 3035 3871 3113 πρεσϐυτέ-

499 3140 637 3181 rum
662 3122 1037 3196 synodorum
1067 3128 1260 3192 actus,
1305 3127 1558 3196 quartae,
1590 3122 1861 3196 inquam,
1889 3126 1946 3179 et
1974 3127 2153 3179 sextae

2267 3146 2351 3199 ρας
2404 3125 2625 3199 Ῥώμης,
2692 3132 2781 3179 καὶ
2836 3136 2936 3179 τῶν
2992 3126 3202 3180 λοιπῶν·
3264 3128 3339 3180 ἔτι
3394 3123 3454 3180 δι
3509 3132 3600 3179 xui
3645 3128 3711 3179 τά
3769 3135 3868 3179 τῶν

2296 3215 2308 3225 .
2571 3224 2589 3229 -,
2804 3211 2859 3229 ,ε
3238 3218 3247 3229 .
3393 3224 3413 3229 _
3611 3216 3622 3229 .
3859 3219 3868 3229 .

501 3215 825 3272 anathema
853 3213 945 3270 sit.

573 3397 624 3449 ὅ.
668 3393 769 3449 His
798 3392 1105 3459 omnibus,
1141 3397 1434 3465 tanquam
1464 3390 1674 3448 domui
1713 3408 1896 3465 super
1923 3395 2156 3465 petram

500 3482 784 3548 fundatae,
813 3481 1287 3553 pulcherrimum
1309 3486 1532 3537 tectum
1563 3482 1830 3549 accessit,
1853 3496 2039 3554 quam
2058 3496 2159 3553 pe-

503 3574 659 3627 tram
700 3585 831 3625 esse
866 3570 1166 3624 Christum
1210 3585 1471 3639 magnus
1521 3569 1737 3625 Paulus
1778 3569 2072 3635 docuit“;
2104 3573 2163 3626 et

505 3662 801 3727 tanquam
832 3656 983 3711 fonti
1001 3656 1422 3712 orthodoxiam
1448 3672 1674 3728 aquam
1699 3657 1971 3714 fundenti
2007 3658 2162 3728 sigil-

506 3745 631 3799 lum
667 3760 905 3799 sacrum
929 3749 986 3799 et
1016 3744 1366 3814 genuinum;
1390 3744 1650 3816 denique
1673 3750 1964 3817 tanquam
1989 3747 2163 3802 horto

507 3833 748 3903 lignum
777 3834 913 3889 vitm
937 3832 1182 3889 habenti
1205 3837 1376 3904 porta
1404 3833 1890 3905 inexpugnabilis
1917 3837 2168 3891 accessit

510 3923 913 3996 potentissimi
939 3922 1250 3994 sanctique
1278 3922 1469 3978 nostri
1498 3924 1653 3993 regis
1683 3924 1964 3996 edictum,
1999 3924 2167 3997 quod

511 4013 595 4069 ita
620 4028 682 4069 se
720 4012 921 4069 habet.

587 4107 638 4159 6.
679 4100 909 4159 Manuel
935 4100 998 4156 in
1030 4101 1257 4159 Christo
1275 4104 1393 4160 Deo
1418 4101 1611 4160 fidelis
1637 4118 1742 4159 rex
1762 4102 2167 4176 Porphyroge-

513 4191 695 4262 nitus,
725 4194 834 4246 etc.

2261 3215 2624 3288 οἰκουριενικῶν
2694 3211 2929 3268 συνόδων
2997 3218 3278 3290 πρακτικὰ,
3351 3224 3443 3277 τῆς
3505 3216 3751 3290 τετάρτης
3813 3219 3870 3267 τέ

2262 3324 2397 3378 φημι
2433 3310 2524 3357 καὶ
2573 3312 2668 3366 τῆς
2726 3307 2879 3367 ἕκτης
2936 3309 3008 3377 μὴ
3046 3305 3555 3377 κατασπαζοριένοις,
3614 3303 3865 3377 ἀνάθεμα.

2334 3412 2373 3448 ε.
2442 3395 2647 3446 Τούτων
2711 3391 2971 3461 ἁπάντων,
3028 3396 3094 3455 ὡς
3154 3397 3244 3466 μὲν
3306 3393 3475 3454 οἰκίας
3525 3392 3609 3446 ἐπὶ
3651 3397 3744 3451 τὴν
3781 3396 3868 3445 πέμ

2261 3502 2385 3557 τραν
2414 3481 2843 3555 τεθεμελιωμένης
2868 3482 3327 3557 περικαλλέστατος
3360 3485 3559 3558 ὄροφος,
3588 3484 3652 3542 ἣν
3678 3486 3868 3556 πέτραν

2268 3570 2397 3624 εἶναι
2450 3590 2537 3624 τον
2586 3576 2813 3646 Χριστόν
2860 3574 2885 3623 ό
2936 3576 3096 3644 μέγας
3156 3572 3354 3633 Παῦλος
3400 3569 3659 3635 ἐδίδαξεν*
3702 3574 3771 3634 ὡς
3810 3568 3870 3625 δι

2268 3669 2441 3733 πηγῆς
2478 3664 2536 3713 τὸ
2566 3670 2656 3721 τῆς
2705 3660 2962 3723 εὐσεϐείας
3012 3658 3156 3736 ὕδωρ
3202 3657 3585 3725 ἀναδιδούσης,
3646 3666 3870 3735 σφραγίς

2274 3752 2383 3824 ἱερὰ
2421 3756 2511 3803 καὶ
2558 3748 2847 3812 ἁνόθευτος·
2891 3752 2960 3812 ὡς
2999 3746 3059 3803 δι
3105 3755 3276 3809 κήπου
3313 3754 3369 3803 τὸ
3408 3760 3507 3813 τῆς
3544 3754 3679 3814 ζωῆς
3722 3750 3870 3813 ξύλον

2272 3842 2489 3910 ἔχοντος
2565 3838 2700 3896 πύλη
2781 3837 3217 3910 ἀκαταριάχητος,
3293 3842 3350 3891 τὸ
3422 3846 3512 3891 τοῦ
3585 3856 3870 3911 κρατιστου

2274 3929 2418 4000 ἡμῶν
2442 3932 2532 3979 xui
2572 3926 2724 3998 ἁγίου
2766 3926 3024 4000 βασιλέως
3071 3932 3275 3999 γέγονεν
3326 3924 3549 3997 ἶδικτον,
3596 3926 3758 3987 οὕτως
3787 3925 3870 3978 ἐπ’

2275 4016 2442 4069 αὐτῶν
2477 4012 2831 4087 διαξαμϐάνον
2858 4025 2958 4068 τῶν
2983 4016 3180 4080 λέξεων.

2348 4090 2411 4166 ‘7’.
2446 4105 2692 4163 Μανουὴλ
2718 4104 2765 4157 έν
2798 4113 3013 4178 Χριστῷ
3040 4114 3111 4178 τῷ
3151 4114 3265 4178 Θεῷ
3294 4108 3479 4167 πιστὸς
3523 4102 3773 4178 βασιλεὺς
3816 4122 3873 4162 x.

2274 4213 2322 4249 τ.
2353 4194 2401 4251 λ.

593 4314 917 4387 (Manuelz's
946 4316 1201 4372 edictum
1215 4318 1349 4388 jam
1378 4318 1670 4376 edidimus
1701 4319 1763 4375 in
1795 4325 1948 4376 tomo
1969 4325 2169 4392 nostro
2202 4319 2543 4388 CXXXIII,
2560 4335 2693 4377 cum
2722 4321 2865 4378 aliis
2898 4320 3159 4392 ejusdem
3188 4320 3569 4392 imperatoris
3596 4319 3803 4377 consti-

1796 4390 2124 4447 tutionibus
2139 4393 2592 4456 ecclesiasticis).

591 4511 730 4566 Erat
754 4516 953 4567 autem
986 4511 1100 4567 hoc
1127 4511 1640 4583 religiosissimum
1668 4513 1928 4570 edictum
1972 4514 2167 4573 subsi-

2344 4517 2437 4571 Ἣν
2470 4513 2528 4570 δὲ
2568 4520 2625 4570 τὸ
2662 4525 2891 4571 τοιοῦτον
2944 4516 3311 4572 εὐσεϐέστατον
3357 4512 3562 4570 ῖδικτον
3614 4517 3873 4575 ύποσεση-

522 4605 772 4672 gnatum
802 4601 999 4657 rubris
1028 4600 1235 4657 litteris
1264 4618 1451 4659 manu
1490 4604 1731 4676 propria
1768 4605 2161 4677 potentissimi

2273 4612 2534 4681 μασμένον
2590 4615 2649 4680 τῇ
2706 4608 2997 4681 αύτοχείρω
3043 4607 3412 4684 έρυθρογράφῳ
3460 4608 3733 4682 ὑπογραφῇ
3781 4614 3873 4658 τοῦ

522 4699 579 4748 et
605 4691 797 4747 sancti
838 4692 1023 4748 nostri
1066 4692 1464 4764 imperatoris,
1510 4709 1716 4750 mense
1763 4694 1968 4766 Aprili,
2019 4696 2171 4753 indi-

521 4782 719 4839 ctione
748 4783 897 4849 XlV;
932 4780 1245 4855 sigilloque
1276 4799 1459 4841 aureo
1488 4783 1810 4841 munitum.

1067 4982 1273 5040 ACTIO
1316 4984 1627 5041 SEPTIMA.

596 5085 652 5140 1.
694 5085 836 5143 Post
861 5087 975 5144 hoc
1003 5088 1224 5145 lectum
1253 5090 1593 5147 venerabile
1621 5090 1884 5149 edictum
1914 5091 2164 5165 regium,

523 5174 747 5247 prodiit
770 5177 1132 5247 synodicum
1162 5178 1467 5236 decretum
1496 5179 1696 5236 verbis
1725 5179 1818 5236 his
1847 5198 1860 5237 :

596 5467 638 5505 ετ
683 5467 705 5523 I
746 5470 877 5540 Cor,
906 5483 958 5537 x,
982 5470 1035 5526 4.

597 5668 709 5743 (45)
750 5665 1031 5730 Videlicet
1055 5665 1135 5727 ob
1162 5670 1394 5727 metum
1423 5667 1754 5731 Nestoriani
1778 5667 2014 5728 erroris.

2274 4705 2554 4774 κρατίστου
2604 4703 2690 4751 καὶ
2745 4698 2896 4771 ἁγίου
2944 4701 3089 4772 ἡμῶν
3129 4697 3509 4773 αύτοκρᾶιτορος
3555 4701 3689 4751 κατὰ
3735 4705 3877 4770 μῆνα

2276 4787 2575 4861 Ἀπριλλίου
2611 4784 2912 4841 ἰνδικτιώνα
2940 4785 3035 4859 ιδ’,
3083 4792 3173 4841 xui
3219 4797 3401 4862 χρυσῆ
3452 4783 3724 4861 σφραγῖδα
3761 4786 3873 4840 ἑπι-

2278 4882 2568 4953 φερόμενον.

2911 4992 3144 5043 ΠΡΑΞῘΣ
3168 4986 3240 5044 Ζ’.

2347 5093 2410 5150 α’,
2486 5099 2590 5147 Τοῦ
2632 5091 2693 5148 δὲ
2730 5099 2964 5149 τοιού-ὀυ
3006 5095 3290 5169 βασιλικοῦ
3335 5098 3426 5146 xui
3485 5094 3622 5145 θείου
3671 5087 3880 5144 ἰδίκτου

2277 5182 2707 5255 ἀναγνωσθέντος,
2734 5189 3012 5259 σημείωμα
3034 5182 3226 5259 προέϐη
3262 5178 3561 5247 συνοδικόν,
3590 5176 3695 5234 τοίδ
3700 5198 3720 5233 ε
3743 5181 3883 5232 κατὰ

2277 5273 2424 5349 ῥῆμα
2449 5269 2694 5336 διεῦξιόν·
