4152 6208
262 289 376 344 277

1668 283 2018 352 THESAURI
2064 297 2173 354 LIB
2186 343 2200 356 .
2245 299 2401 356 XXV.

3533 305 3641 365 278

253 409 378 463 ἀλλ’
405 414 450 463 εῖ
473 429 553 471 τις
581 407 779 483 ἀγαθὸς
809 416 901 464 καὶ
954 417 1210 488 σωτήριος
1267 419 1357 467 καὶ
1400 417 1533 486 πρὸς
1583 413 1862 489 οἰκοδομὴι

1981 421 2346 480 Ecclesiastes
2371 424 2533 481 dicta
2562 425 2812 482 minime
2852 441 3061 485 secum
3107 429 3396 502 reputans
3436 443 3639 488 sacra-

252 499 488 574 ἑταίρων
511 504 602 552 καὶ
643 498 994 574 0111011391511:-
1021 508 1201 555 Ταῦτα
1227 510 1320 555 τοῦ
1368 503 1783 562 Ἐκκλησιαστοῦ
1808 509 1874 558 τὰ

247 589 483 663 ῥήματα
502 593 574 662 μή
607 591 744 641 κατὰ
771 608 892 642 νουν
917 592 1122 663 θέμενος
1139 593 1165 643 0
1189 595 1466 665 ἱερώτατος
1485 595 1873 668 μητροπολίτης

247 682 494 740 Νικαίας
524 683 792 750 Γεὼργιος,
826 676 944 750 μηδ
947 684 970 732 '1
996 687 1088 732 τοῦ
1109 683 1280 755 Σιρὰχ
1300 681 1451 754 λόγον
1471 682 1870 756 ἕνωτισάμενος,

247 767 634 840 ὑποτιθέμενον
653 771 742 819 τὸν
762 769 853 840 μὶν
877 765 1057 821 εἰδότα
1078 769 1247 824 λαλεῖν
1269 777 1359 824 καὶ
1373 771 1839 846 παρρησιάζεσθαι
1855 795 1869 808 '

245 860 346 908 τόν
377 853 440 909 δὲ
470 861 543 928 μὴ
567 852 751 908 εἰδότα
769 859 970 910 τιθέναι
989 862 1082 916 τήν
1103 867 1265 933 χεῖρα
1283 862 1367 912 ίπὶ
1394 865 1638 933 στόματι,
1663 861 1874 926 ἀνοίξας

242 947 310 997 τὸ
345 949 528 1017 στόμα
553 943 661 1016 οὐχ
691 944 898 998 εἵλκυσε
937 955 1118 1020 πρῶτα
1144 955 1349 1021 πνεῦμα
1380 969 1393 982 '
1434 954 1527 1002 καὶ
1565 950 1702 1002 οὕτω
1740 953 1874 1024 μετὰ

244 1039 350 1086 τοῦ
381 1036 696 1106 πνεύματος,
729 1034 984 1109 ὴρεύξατο
1012 1038 1078 1087 τὰ
1107 1045 1199 1089 τοῦ
1237 1040 1544 1110 πνεύματος,
1574 1037 1682 1090 ἀλλ’
1709 1037 1870 1092 ἀσυν-

245 1129 505 1197 τηρήτως
529 1127 816 1197 προήνεγκε
839 1144 853 1158 ο
905 1127 1073 1185 καθὼς
1104 1122 1260 1184 δηλοῖ
1286 1129 1346 1178 τὸ
1388 1129 1525 1179 κατὰ
1565 1132 1663 1186 τὴν
1717 1128 1871 1186 ἕκτην

247 1219 350 1264 τοῦ
383 1212 726 1287 παρελθόντος
747 1212 1051 1286 Ἀπριλλίου
1073 1218 1232 1286 μηνὸς
1247 1223 1342 1277 τῆς
1369 1213 1660 1277 ἐνεστώσης
1679 1235 1871 1269 τεσσα-

246 1297 681 1374 ρεσκαιδεκάτης
706 1299 1057 1374 ἐπινεμήσεως
1088 1301 1288 1355 ἐκτεθεν
1333 1300 1610 1356 συνοδικόν
1640 1309 1868 1376 σημείω-

249 1409 334 1462 μα
354 1409 370 1423 '
398 1388 578 1461 ἀμέλει
595 1409 678 1442 ὀι
697 1395 787 1442 καὶ
812 1393 951 1443 κατὰ
964 1395 1023 1442 τὸ
1045 1399 1276 1444 τοιοῦτον
1299 1388 1578 1444 συνοδικὸν
1593 1398 1871 1466 σημείωμα

249 1483 376 1531 τότε
401 1475 674 1552 καταδίκῃ
701 1477 952 1551 ἐνομίσθη
979 1477 1109 1532 εἶναι
1133 1481 1439 1542 ὑπεύθυνος,

327 1647 398 1719 γ’.
431 1645 590 1700 Ὀθεν
615 1651 706 1699 καὶ
742 1651 875 1721 πρὸς
921 1651 1018 1706 τὴν
1056 1646 1424 1711 ἅνεξάντλητον
1451 1657 1544 1701 τοῦ
1573 1647 1740 1711 ἕλέους
1767 1669 1867 1708 πη·

249 1740 380 1808 γῆν..
398 1735 595 1808 μᾶλλον
617 1733 678 1788 δε
711 1735 1036 1810 θαρρούντως
1068 1737 1244 1807 εἰπεῖν,
1268 1745 1364 1799 τῆς
1404 1740 1737 1810 συμπαθείας
1773 1744 1866 1797 τὴν
1897 1771 1930 1810 ﬁ

251 1824 516 1891 ἄϐυσσον,
547 1828 634 1877 τόν
666 1827 915 1896 θεοστεφῆ
949 1830 1320 1898 κραταιότατον
1349 1826 1498 1896 ἅγιον
1529 1828 1675 1898 ἡμῶν
1704 1826 1864 1880 αὐτο-

251 1917 488 1988 κράτορα
516 1916 878 1984 καταπέφευγε
903 1934 916 1946 ·
949 1918 1037 1965 11011
1070 1915 1276 1986 θερμοῖς
1295 1920 1388 1973 τὴν
1411 1913 1671 1986 φίλοικτον
1703 1915 1864 1968 αὐτοῦ

253 2009 343 2056 καὶ
369 2005 513 2055 θείαν
540 2001 731 2073 ψυχὴν
751 2006 880 2076 πρὸς
907 1999 1078 2054 οἶκτον
1104 2001 1441 2064 ἐξεκαλέσατο
1469 1999 1731 2078 δάκρυσιν
1757 2024 1771 2038 ·
1794 2005 1864 2066 ὡς

255 2098 344 2144 καὶ
373 2097 594 2164 μήνυμα
624 2093 757 2142 θεῖον
783 2094 1150 2162 προσκυνητόν
1175 2090 1364 2144 ἐκεῖθεν
1394 2095 1526 2166 πρὸς
1572 2097 1666 2150 την
1717 2094 1864 2164 ἡμῶν

262 2185 592 2252 μητριότητα
615 2185 705 2232 καὶ
728 2184 824 2238 τὴν
849 2182 988 2253 ἱερὰν
1026 2182 1461 2252 καταπεμφθῆναι
1503 2177 1744 2249 σύνοδον,
1768 2177 1863 2233 διὰ

261 2277 353 2321 τοῦ
377 2269 952 2341 μεταλεπιφανεστάτου
972 2269 1543 2343 πρωτοκουροπαλάτου
1574 2277 1665 2322 τοῦ
1699 2268 1860 2342 βασι-

266 2358 418 2410 λικού
444 2368 799 2434 γραμματικού
823 2366 986 2432 κυροῡ
1019 2364 1277 2434 Γεωρφίου
1318 2366 1410 2410 τοῦ
1439 2359 1697 2420 Σκυλίτζη
1724 2381 1736 2394 ·
1766 2379 1857 2412 κα-

273 2450 377 2508 θὼς
402 2451 465 2498 τὸ
500 2450 635 2500 κατὰ
682 2452 769 2506 τὴν
815 2443 884 2500 ιδ’
934 2455 1028 2500 τοῦ
1078 2443 1508 2520 παραδραμόντος
1558 2447 1857 2522 Ἀπριλλίου

263 2542 438 2609 μηνός
461 2545 557 2596 τῆς
580 2532 1146 2608 τεσσαρεσκαιδεκάτης
1179 2533 1504 2598 ίνδικτιώνος
1548 2535 1742 2590 ἐκτεθὲν
1773 2536 1858 2590 ἐπὶ

257 2633 321 2697 τῇ
350 2632 448 2676 τοῦ
477 2628 707 2676 τοιούτου
740 2623 1023 2697 βασιλικοῦ
1057 2629 1146 2676 καί
1199 2627 1336 2678 θείου
1383 2629 1688 2698 μηνύματος
1729 2629 1859 2701 πρὸς

251 2717 393 2786 ἡμᾶς
446 2710 483 2765 δ
485 2716 865 2788 ιαπορθμεύσει
928 2710 1207 2766 συνοδικόν
1251 2719 1529 2787 σημείωμα
1585 2721 1847 2790 παριστᾷ.

248 2802 370 2855 Ὀτι
407 2811 538 2873 γοῦν
566 2807 656 2854 καὶ
689 2808 914 2877 σήμερον
943 2804 1098 2855 πάλιν
1125 2800 1160 2856 δ
1166 2806 1220 2854 101
1248 2810 1339 2855 τοῦ
1386 2803 1543 2856 αὐτοῦ
1571 2801 1856 2876 βασιλίκοῡ

247 2900 628 2965 γραμματικοῦ
660 2890 917 2966 ἀνηγγέλη
951 2900 1014 2964 τῇ
1048 2895 1076 2951 ἡ
1085 2901 1196 2964 μῶν
1217 2899 1517 2966 μετριότητι
1542 2899 1631 2945 καί
1652 2901 1714 2966 τῇ
1745 2895 1858 2968 ἱερᾲ

247 2987 338 3033 καὶ
369 2983 486 3052 θείᾳ
520 2977 730 3052 συνόδῳ
766 2984 834 3042 ὡς
859 2981 916 3032 οὐ
947 2991 1370 3054 προστακτικῶς,
1401 2981 1509 3034 ἀλλ’
1549 2985 1618 3043 ὡς
1648 2981 1696 3033 ἐν
1727 2980 1858 3035 εῖδει

251 3069 559 3142 συμϐουλῆς
587 3071 614 3122 ὁ
646 3071 926 3143 κράτιστος
959 3073 1108 3143 ἡμῶν
1128 3071 1278 3141 ἅγιος
1306 3069 1550 3142 βασιλεὺς
1571 3071 1859 3145 φιλανθρω-

245 3178 462 3231 πότερον
492 3155 804 3216 διατεθῆναι
837 3164 955 3234 περὶ
999 3163 1086 3211 τὸν
1125 3165 1345 3220 Νικαίας
1388 3161 1512 3231 ἡμῖν
1544 3161 1853 3226 ὑποτίθησι,

246 3247 382 3305 πλὴν
423 3256 527 3300 τῶν
557 3252 782 3299 κανόνων
811 3248 1136 3319 σωζομένων,
1181 3250 1210 3306 ἡ
1243 3252 1517 3322 μετριότης
1567 3251 1712 3321 ἡμῶν
1761 3267 1856 3300 συ-

247 3339 391 3409 νάμα
417 3344 482 3408 τῇ
518 3338 633 3409 ἱερᾲ
659 3333 993 3408 ἀδελφότητι,
1027 3335 1444 3408 ἀναγνωσθέντος
1472 3345 1564 3389 τοῦ
1602 3340 1736 3389 κατὰ
1761 3342 1857 3396 τὴν

250 3425 296 3489 ς’
329 3434 423 3478 τοῦ
443 3425 790 3501 παρελθόντος
824 3424 1121 3499 Ἀπριλλίου
1151 3429 1313 3497 μηνὸς
1341 3434 1439 3488 τῆς
1469 3425 1756 3489 ἐνεστώσης
1788 3424 1857 3478 ιδ’

251 3510 584 3576 ἰνδικτιὼνος
628 3519 898 3584 γεγονότος
949 3510 1230 3566 συνοδικοῦ
1283 3520 1669 3587 σημειώματος,
1721 3513 1769 3566 έν

247 3607 342 3654 καὶ
405 3599 675 3675 καταδίκη
726 3604 1013 3663 ὑπεύθυνος
1058 3605 1084 3654 0
1129 3607 1354 3664 Νικαίας
1403 3600 1535 3655 εἶναι
1583 3602 1852 3675 ἐνομίσθη,

254 3694 595 3750 σκοπηθῆναι
624 3688 734 3744 δεῖν
773 3694 922 3761 ἔγνω,
972 3693 1127 3744 ὁποία
1171 3711 1253 3754 τις
1298 3701 1370 3762 τῷ
1417 3697 1645 3754 Νικαίας
1674 3691 1728 3743 ἐκ
1753 3701 1854 3743 τῶν

249 3786 478 3833 κανόνων
504 3777 767 3837 καταδίκη
797 3779 1044 3852 ἐπάγεται
1067 3803 1080 3815 ο
1113 3789 1264 3834 τοῦτο
1284 3785 1383 3854 ’γὰρ
1412 3778 1472 3839 ἦν
1495 3785 1552 3832 τό
1584 3783 1660 3832 ἔτι
1686 3780 1854 3832 λειπό-

249 3890 425 3941 μενον,
457 3874 516 3922 τό
547 3876 639 3922 καί
665 3875 758 3928 τὴν
787 3875 1042 3927 ποιότητα
1060 3879 1154 3931 τῆς
1179 3869 1497 3942 ἐπαγομένης
1527 3870 1668 3940 αὐτῷ
1699 3889 1856 3922 κατα-

252 3957 414 4019 δίκης
447 3955 870 4029 ὃιαγνωσθῆναι·
907 3960 988 4010 ὅτι
1015 3967 1140 4029 γοὺν
1175 3959 1232 4010 οὐ
1260 3961 1568 4032 καθαίρεσις
1594 3960 1723 4010 εἶναι
1749 3954 1854 4009 διε-

248 4050 464 4120 γιὼσθη
497 4051 662 4117 τούτῳ
687 4051 746 4099 τό
777 4051 1057 4119 ἐπιτίμιον,
1091 4046 1365 4122 ἀφορισμῷ
1382 4056 1563 4099 τοῦτον
1583 4046 1852 4119 ἀλειτουρ-

248 4141 452 4206 γησίας
481 4134 566 4188 ἐπὶ
598 4132 771 4207 διιτίᾳ
813 4135 1082 4202 ὑπέϐαλλε,
1115 4139 1246 4208 πρὸς
1283 4141 1340 4188 τό
1377 4136 1853 4210 φιλανθρωπότερον

249 4223 614 4280 ἁπονεύσασα,
641 4223 760 4277 Ὀτι
788 4221 847 4276 δε
876 4223 1079 4287 πολλοῖς
1110 4225 1196 4277 ἐπὶ
1236 4223 1450 4286 πολλαῖς
1496 4232 1612 4286 ταῖς
1641 4226 1802 4297 ὥραις
1828 4226 1853 4275 ό

246 4319 500 4378 Νικαίας,
526 4317 661 4365 κατὰ
687 4321 788 4384 γῆς
819 4313 1000 4365 ἑαυτὸν
1027 4313 1210 4388 ῥίψας,
1242 4318 1300 4365 τό
1335 4317 1469 4389 ἱερὸν
1489 4321 1600 4374 τοῖς
1622 4310 1855 4385 δάκρυσι

246 4400 569 4475 κατέϐρεχεν
599 4398 811 4472 ἔδαφος,
835 4405 926 4452 καὶ
959 4406 1282 4474 σκεναγμους
1312 4401 1366 4454 ἐκ
1407 4400 1608 4475 βάθους
1637 4400 1853 4472 ἀνέπεμ-

245 4511 361 4556 πεν,
396 4492 470 4552 ὡς
499 4496 591 4541 καὶ
622 4493 832 4562 σύμπαν
864 4489 931 4550 εἰς
964 4487 1134 4542 οἶκτον
1163 4494 1220 4542 τό
1253 4493 1384 4563 ἱερὸν
1417 4487 1688 4565 συνέδριον
1719 4510 1852 4565 προ-
1891 4478 1932 4531 D

245 4580 601 4647 2011000100011,
651 4584 742 4631 καὶ
790 4586 1110 4650 συγκινῆσαι
1153 4581 1351 4641 πάντας
1403 4580 1476 4641 εἰς
1525 4575 1754 4653 δάκρυα,
1783 4581 1856 4640 ὡς

245 4665 403 4720 οὐδὲν
427 4669 582 4724 ἧττον
609 4670 802 4720 ἐκείνου
830 4666 1145 4741 παρακαλεῖν
1175 4667 1248 4729 εἰς
1277 4667 1411 4720 ἔλεον
1441 4673 1534 4728 τὴν
1583 4671 1610 4728 ἡ
1619 4677 1728 4741 μῶν
1758 4688 1854 4740 με-

245 4763 526 4831 τριότητα,
560 4757 588 4814 ἠ
618 4761 893 4829 μετριότης
925 4757 1067 4827 ἡμων
1090 4759 1298 4828 συνάμα
1320 4764 1381 4828 τῇ
1411 4759 1523 4828 ἱερᾴ
1541 4755 1856 4830 ἀδελφότητι

247 4845 322 4906 εἰς
347 4846 440 4897 ἕνα
467 4850 559 4896 καὶ
586 4850 740 4916 μόνον
771 4845 1004 4895 ἐνιαυτόν
1034 4847 1101 4896 τὰ
1136 4853 1228 4904 τῆς
1257 4842 1686 4918 ἀλειτουργησίας
1715 4845 1856 4915 αὐτῷ

247 4938 526 5005 περιέστη,
555 4930 640 4984 ἐπὶ
669 4939 920 4984 τοσοῦτον
951 4931 1092 5002 αὐτῷ
1122 4937 1212 4983 καὶ
1240 4936 1332 4990 την
1384 4931 1467 4984 ἐπὶ
1512 4940 1627 4994 ταῖς
1664 4933 1857 5005 ψήφοις

250 5022 554 5075 συνέλευσιν
597 5019 978 5076 ἀποκλείσασα.
1010 5020 1094 5082 Ὠς
1141 5017 1228 5072 οὖν
1273 5021 1331 5072 οὐ
1382 5026 1536 5094 μόνον
1587 5026 1856 5090 κανονικὴ,

250 5110 383 5163 ἀλλὰ
407 5116 499 5163 καὶ
531 5110 888 5185 φιλάνθρωπος
919 5112 948 5168 ἡ
991 5113 1206 5168 τοιαύτη
1257 5116 1420 5163 πᾶσιν
1469 5107 1640 5173 ἔδοξεν
1690 5109 1858 5164 ἐπιτί-

249 5220 442 5272 μησις,
475 5196 700 5256 ἐπεδόθη
742 5199 882 5268 αὐτῷ
910 5199 1189 5257 αἰτήσαντι
1214 5204 1303 5250 καὶ
1327 5219 1384 5251 το
1423 5203 1568 5272 παρὰ
1598 5196 1860 5274 διαφόρων

249 5291 552 5362 {arri/9019111
600 5287 894 5359 εἰλητάριον
946 5309 958 5320 ·
1014 5293 1104 5340 καὶ
1152 5287 1421 5362 ὑπέγραψε
1469 5294 1558 5340 καὶ
1607 5288 1761 5352 αὐτὸς
1810 5289 1859 5340 έν

252 5377 399 5448 αὖτῲ
413 5421 426 5432 .

323 5593 370 5626 ⁴⁰
413 5591 588 5648 Eccli.
631 5605 693 5660 v,
731 5591 812 5644 14.

1895 1781 1938 1834 Β

1981 510 2245 567 tissimus
2272 512 2479 568 Nicaeae
2511 515 2893 586 metropolita
2923 517 3246 587 Georgius;
3275 521 3333 574 et
3368 533 3445 575 ne
3477 519 3638 577 Sira-

1981 601 2132 656 cidis
2161 602 2410 674 quidem
2441 603 2648 660 audito
2676 606 2928 675 monito,
2960 607 3271 664 suadentis
3300 614 3365 665 ut
3395 610 3639 683 sapiens

1979 689 2146 762 loqui
2167 691 2410 762 audeat,
2441 693 2730 767 insipiens
2759 701 2965 753 autem
2996 713 3178 771 super
3205 714 3274 755 os
3293 705 3483 772 ponat
3510 716 3640 758 ma-

1981 795 2129 836 num
2163 797 2338 837 suam
2369 783 2417 818 ‘0
2445 801 2459 851 ;
2498 783 2550 838 is
2579 783 2780 854 igitur,
2810 785 3078 844 resoluto
3108 802 3232 856 ore,
3263 787 3430 846 haud
3460 795 3638 848 antea

1982 871 2276 927 contraxit
2307 871 2623 944 spiritum;
2657 879 2837 946 atque
2867 875 2951 932 ita
2976 891 3116 932 cum
3161 877 3376 949 spiritu
3405 883 3636 937 eructa-

1981 958 2064 1015 vit
2090 975 2228 1031 quas
2265 965 2436 1018 erant
2487 962 2757 1035 spiritus,
2799 963 2908 1020 sed
2954 965 3397 1023 inconsiderate
3425 968 3634 1040 profu-

1979 1047 2103 1116 dit;
2132 1048 2304 1105 sicuti
2335 1051 2540 1121 palam
2565 1050 2632 1108 ﬁt
2659 1051 2720 1107 in
2752 1053 3048 1124 synodico
3076 1054 3316 1112 decreto
3348 1059 3517 1114 sexta
3537 1056 3634 1113 die

1980 1137 2259 1208 praeteriti
2289 1137 2503 1210 Aprilis
2529 1139 2758 1196 mensis
2802 1141 3043 1198 condito
3087 1143 3401 1214 prtesentis
3442 1143 3634 1201 indic-

1979 1225 2156 1281 tionis
2181 1233 2410 1298 quartae
2449 1228 2738 1298 decimae;
2779 1245 2902 1302 quo
2944 1231 3162 1302 synodi
3202 1231 3443 1290 decreto
3489 1249 3632 1290 reus

1977 1327 2294 1387 pcenaeque
2326 1315 2627 1372 obnoxius
2649 1317 2957 1388 judicatus
2985 1323 3093 1376 est.

2045 1649 2102 1701 3.
2161 1645 2572 1711 Quamobrem
2619 1647 2701 1704 ad
2737 1647 3162 1706 inexhaustum
3203 1649 3627 1708 misericordias

1974 1733 2226 1804 fontem,
2256 1735 2380 1791 imo
2409 1740 2474 1791 ut
2498 1736 2897 1793 conﬁdentius
2927 1737 3149 1808 dicam,
3177 1739 3257 1795 ad
3294 1738 3626 1796 clementius

1973 1820 2287 1892 abyssum,
2316 1822 2379 1880 id
2410 1829 2497 1879 est
2527 1823 2605 1880 ad
2636 1829 2993 1882 coronatum
3019 1841 3056 1882 a
3076 1829 3196 1882 Deo
3224 1826 3626 1886 fortissimum

1974 1914 2374 1982 sanctumque
2399 1916 2676 1967 nostrum
2701 1913 3126 1984 imperatorem
3169 1914 3474 1986 confugit;
3515 1913 3628 1972 fer.

1971 1997 2246 2070 vidisque
2273 1999 2476 2054 mitem
2509 2001 2640 2070 ejus
2667 2001 2996 2074 divumque
3025 2002 3301 2058 animum
3331 2003 3414 2060 ad
3443 2002 3624 2059 mise-

1969 2085 2290 2142 ricordiam
2322 2087 2648 2144 commovit
2676 2087 2960 2161 lacrymis
2983 2107 2998 2144 :
3025 2089 3108 2146 ita
3140 2093 3200 2146 ut
3229 2089 3440 2145 divum
3469 2105 3621 2162 quo-

1971 2191 2088 2247 que
2117 2176 2532 2232 venerandum
2561 2177 2919 2250 rescriptum
2947 2177 3029 2234 ad
3070 2183 3342 2235 nostram
3389 2177 3621 2234 medio-

1971 2265 2235 2320 critatem
2267 2265 2407 2320 inde
2435 2265 2688 2321 missum
2714 2264 3263 2340 fueritsacramque
3289 2267 3618 2340 synodum,

1969 2368 2076 2425 per
2098 2367 2387 2421 magnum
2414 2358 2595 2426 atque
2620 2354 3094 2412 illustrissimum
3117 2355 3619 2428 protocuropala-

1969 2446 2094 2497 tam
2155 2442 2390 2510 regium
2443 2442 2707 2498 scribam
2753 2442 3074 2500 dominum
3121 2444 3440 2516 Georgium
3481 2445 3622 2516 Scy-

1970 2531 2179 2596 litzen;
2213 2531 2384 2608 sicuti
2412 2536 2692 2588 narratur
2719 2533 2779 2587 in
2817 2531 3112 2604 synodico
3156 2532 3420 2600 decreto,
3451 2530 3622 2605 quod

1967 2619 2063 2676 die
2099 2623 2162 2675 14
2183 2620 2457 2692 ρι’ωιθνὶιὶ
2487 2619 2701 2692 Aprilis
2738 2621 2985 2690 mensis,
3007 2621 3321 2693 praesentis
3369 2621 3620 2678 decima)

1967 2715 2198 2781 quarta:
2227 2709 2591 2776 indictionis,
2624 2709 2704 2766 ob
2733 2709 2914 2781 hujus
2943 2710 3091 2782 regii
3116 2710 3320 2784 diique
3347 2709 3622 2782 rescripti

1966 2799 2044 2854 ad
2075 2814 2188 2854 nos
2217 2799 2571 2855 missionem
2593 2797 2903 2855 conditum
2927 2798 3059 2855 fuit.
3095 2801 3246 2866 Quia
3273 2815 3417 2856 vero
3439 2798 3620 2856 hodie

1965 2903 2208 2959 quoque
2263 2904 2368 2960 per
2407 2888 2690 2943 eumdem
2731 2887 2962 2958 regium
3006 2889 3268 2945 scribam
3307 2887 3509 2944 denuo
3549 2887 3622 2943 si-

1965 2975 2274 3045 gniﬁcavit
2303 2975 2697 3032 mediocritati
2743 2981 2965 3032 nostras
3009 2992 3316 3050 sacraeque
3360 2980 3416 3033 et
3462 2975 3620 3032 divas

1965 3065 2223 3136 synodo,
2258 3081 2381 3120 non
2425 3065 2776 3136 imperative
2818 3065 3066 3137 quidem
3112 3065 3219 3121 sed
3264 3064 3440 3138 quasi
3483 3079 3621 3122 sua-

1965 3153 2135 3224 dens,
2192 3155 2720 3226 prmstantissimus
2771 3158 2974 3210 noster
3003 3159 3370 3228 sanctusque
3398 3168 3524 3220 rex,
3555 3157 3622 3209 ut

1967 3241 2316 3298 clementius
2341 3258 2485 3312 erga
2511 3242 2818 3298 Nicaanum
2841 3247 3081 3298 nosmet
3102 3257 3406 3312 geramus,
3437 3239 3620 3298 salvis

1967 3341 2172 3386 tamen
2203 3331 2563 3400 cauonibus,
2590 3329 2976 3388 mediocritas
3026 3335 3234 3388 nostra
3275 3346 3418 3387 cum
3445 3345 3621 3387 sacra

1965 3420 2348 3486 fraternitate,
2394 3424 2529 3492 post
2586 3419 2807 3475 lectum
2857 3419 3218 3492 synodicum
3264 3418 3385 3475 diei
3437 3422 3620 3474 sexta

1966 3508 2244 3582 praeteriti
2269 3508 2485 3580 Aprilis
2519 3509 2745 3566 mensis
2765 3509 3086 3581 praesentis
3115 3508 3365 3565 decimae
3389 3511 3620 3580 quarm

1965 3599 2328 3664 indictionis,
2351 3599 2661 3654 decretum
2684 3614 2808 3670 quo
2829 3613 3024 3674 pmuae
3050 3598 3353 3655 obnoxius
3379 3597 3618 3670 judica-

1965 3693 2062 3744 tus
2091 3687 2365 3744 Nicwnus
2392 3687 2502 3744 fuit
2526 3706 2538 3756 ;
2569 3688 2966 3760 quaerendum
2994 3687 3242 3753 censuit,
3279 3701 3622 3760 quemnam

1965 3777 2321 3832 canonicam
2352 3782 2677 3832 mereretur
2709 3777 2981 3833 Nicaenus
3029 3792 3310 3850 poenam;
3355 3776 3419 3832 id
3459 3775 3622 3832 enim

1965 3865 2380 3921 deﬁniendum
2407 3871 2738 3937 supererat,
2783 3881 3005 3938 nempe
3042 3870 3108 3921 ut
3151 3864 3226 3920 de
3277 3862 3622 3936 inﬂigenda:

1965 3969 2160 4026 paenae
2187 3954 2474 4024 qualitate
2494 3953 2795 4025 judicium
2823 3955 3096 4010 ferretur.
3142 3956 3412 4026 Cumque
3437 3966 3623 4022 poena

1965 4043 2258 4098 canonica
2283 4059 2405 4098 non
2445 4050 2602 4098 esset
2647 4047 2957 4116 comperta
3004 4042 3329 4114 depositio,
3377 4041 3619 4097 Nicaano

1965 4147 2072 4202 per
2100 4131 2414 4187 biennium
2442 4131 2772 4187 ministerio
2798 4131 3120 4198 interdixit,
3153 4129 3482 4186 clementiae
3521 4143 3618 4184 ra-

1964 4221 2124 4276 tione
2149 4220 2374 4276 habita.
2403 4220 2550 4274 Cum
2582 4225 2785 4275 autem
2817 4219 2898 4276 ad
2930 4217 3274 4290 complures
3319 4216 3505 4274 horas
3529 4215 3620 4273 Ni-

1965 4325 2174 4365 camus
2202 4309 2371 4364 humi
2416 4313 2640 4364 stratus
2690 4323 2930 4364 sacrum
2973 4307 3288 4380 permultis
3332 4305 3620 4378 lacrymis

1965 4400 2380 4474 pavimentum
2434 4398 2676 4468 rigaret,
2724 4397 2986 4470 suspiria
3034 4395 3338 4469 profundo
3379 4399 3619 4468 pectore

1965 4490 2226 4554 mittens,
2259 4487 2339 4543 ita
2361 4491 2423 4542 ut
2449 4486 2526 4542 ad
2567 4486 3046 4543 misericordiam
3094 4484 3444 4558 synedrium
3488 4483 3620 4539 uni-

1963 4592 2206 4632 versum
2270 4576 2470 4645 cieret,
2535 4575 2960 4650 lacrymasque
3036 4574 3265 4631 cunctis
3328 4572 3616 4642 eliceret;

1964 4672 2358 4738 nostramque
2388 4664 2542 4721 adeo
2586 4665 3062 4722 mediocritatem
3111 4663 3191 4721 ad
3238 4662 3620 4720 clementiam

1964 4770 2136 4827 aeque
2162 4759 2608 4822 commoveret;
2640 4759 2868 4822 nostra,
2915 4754 3191 4826 inquam,
3237 4749 3620 4808 mediocritas

1966 4860 2104 4900 cum
2132 4859 2302 4899 sacra
2343 4842 2704 4898 fraternitate
2732 4857 2854 4898 uno
2883 4839 3308 4898 tantummodo
3338 4853 3499 4896 anno
3529 4837 3622 4894 Ni-

1967 4949 2203 4988 caauum
2248 4930 2578 4986 ministerio
2625 4929 2952 5002 prohibuit,
3000 4930 3266 5002 itemque
3319 4925 3621 4998 suffragiis

1967 5020 2380 5077 conventiciis.
2415 5019 2560 5084 Quae
2610 5035 2749 5074 cum
2796 5034 2981 5091 ptena
3026 5033 3148 5074 non
3203 5016 3400 5074 solum
3443 5032 3624 5074 cano-

1967 5112 2104 5166 nica
2157 5125 2369 5164 verum
2427 5108 2608 5164 etiam
2662 5107 2824 5164 mitis
2873 5107 3156 5164 omnibus
3220 5106 3352 5163 visa
3410 5110 3619 5174 esset;

1969 5199 2225 5256 traditus
2258 5198 2375 5270 ipsi
2406 5213 2653 5270 quoque
2689 5196 2913 5270 petenti
2949 5196 3188 5253 libellus
3223 5195 3337 5252 fuit
3377 5212 3415 5251 a
3461 5211 3626 5251 com»

1969 5287 2246 5363 pluribus
2305 5287 2437 5358 jam
2495 5285 2904 5358 subscriptus,
2980 5285 3299 5359 eidemque
3378 5286 3437 5339 et
3494 5282 3623 5357 ipse

1973 5376 2302 5449 suscripsit.
