4152 6208
507 259 615 324 9.79

1844 257 2114 318 NICETIE
2159 255 2527 317 CHONIATIE

3755 261 3863 318 280

576 393 634 448 4.
662 392 830 447 Hunc
858 389 1013 446 Deus
1044 387 1228 445 ﬁnem
1280 386 1700 461 suprascriptis
1741 384 1923 442 rebus
1964 386 2142 458 impo-

2340 381 2407 437 όν.
2438 390 2682 438 Τοιοῦτον
2714 372 2842 446 Θεὸς
2862 384 2919 437 τό
2958 387 3113 462 πέρας
3141 390 3249 448 τοῖς
3293 386 3614 461 προτεθεῖσιν
3649 385 3865 458 ἐπήνεγ-

510 480 671 549 suit;
704 480 787 536 sic
824 494 1052 549 magna
1094 475 1365 533 Ecclesiae
1412 482 1739 549 tempestas
1779 474 1986 532 sedata
2016 479 2104 530 est
2135 490 2149 542 ;

510 569 597 625 sic
621 568 769 639 regii
799 567 1014 640 sceptri
1039 566 1261 636 dignus
1297 565 1659 631 moderator,
1707 564 1785 621 ab
1828 562 2153 620 universali

508 657 910 729 gubernatore
937 659 1057 712 Deo
1085 656 1383 729 impulsus
1429 661 1610 728 atque
1650 655 1927 725 directus,
1976 652 2154 710 tradi-

507 752 598 804 tos
649 746 761 802 sibi
810 746 1086 802 subditos
1138 745 1470 811 custodivit,
1528 760 1827 817 nemoque
1881 742 2149 803 omnino.

503 836 698 910 periit,
730 851 910 891 nemo
937 836 997 891 in
1031 834 1399 908 profundum
1443 833 1703 890 haeretici
1746 832 1943 888 cordis
1987 847 2153 887 mare

503 926 810 998 projectus
836 924 945 980 fuit
973 942 986 994 ;
1017 924 1141 979 imo
1180 923 1415 980 lucente
1459 922 1623 980 velut
1680 922 1976 995 speculari
2023 920 2152 977 face

504 1013 668 1070 ducti
694 1014 772 1070 ad
808 1018 982 1069 rectae
1023 1011 1164 1067 tidei
1213 1017 1453 1084 portum
1495 1011 1693 1068 cuncti
1736 1014 2148 1083 pervenerant.

507 1106 598 1161 Sic
622 1120 785 1159 nunc
814 1106 996 1159 etiam
1032 1102 1129 1158 Dei
1169 1101 1490 1174 sapientia,
1541 1100 1848 1157 novellum
1896 1099 2150 1155 alterum

503 1193 615 1248 sibi
639 1191 1051 1249 habitaculum
1082 1192 1144 1247 in
1181 1191 1297 1247 hoc
1336 1206 1475 1260 rege
1515 1190 1854 1259 aediﬁcavit,
1898 1194 2151 1261 septem-

500 1282 637 1355 plici
669 1281 854 1337 divini
886 1282 1135 1353 Spiritus
1164 1296 1414 1337 munere
1444 1285 1797 1336 exornatum
1825 1297 1837 1334 :
1889 1294 2149 1351 cumque

498 1374 667 1427 Patre
695 1370 1045 1436 adveniens,
1077 1370 1454 1425 mansionem
1482 1369 1594 1424 sibi
1622 1371 1684 1424 in
1705 1384 1775 1424 eo
1827 1368 2038 1437 effecit,
2084 1372 2151 1424 ut

495 1461 559 1517 in
583 1460 900 1531 Evangelio
927 1459 1316 1531 promittitur:
1346 1464 1402 1513 et
1422 1458 1682 1514 scientiae
1706 1458 1923 1530 poculo
1952 1457 2149 1512 eidem

496 1550 735 1613 tradito,
765 1548 993 1603 cunctis
1024 1546 1162 1601 inde
1190 1547 1430 1602 haurire
1459 1545 1869 1601 insatiabiliter
1900 1561 2149 1601 conces-

498 1637 607 1706 sit;
631 1653 753 1708 qua
778 1635 970 1706 gratia
998 1651 1213 1707 reapse
1243 1635 1473 1708 repleti,
1504 1650 1661 1691 verae
1696 1634 1823 1689 vitis
1868 1633 2145 1707 palmites

2260 492 2343 526 κεν
2373 493 2385 507 ·
2415 472 2576 535 οὕτως
2606 476 2635 532 ἡ
2670 473 2868 546 μεγάλη
2900 474 3030 535 ξάλη
3075 483 3168 536 τῆς
3207 474 3515 537 Ἐκκλησίας
3544 474 3863 547 ἐγκατεστό-

2260 582 2443 638 ρεσται
2466 584 2478 597 ·
2513 564 2675 625 οὕτως
2701 565 2725 615 ό
2760 572 2859 616 τῶν
2882 562 3172 636 βασιλικῶν
3193 570 3472 640 σκήπτρων
3487 566 3863 638 οἰακοστρόφος

2262 650 2492 720 ἕπάξιος,
2515 660 2587 722 τῷ
2610 660 2701 705 τοῦ
2729 656 2921 715 παντὸς
2958 652 3245 726 κυϐερνήτῃ
3275 659 3381 725 Θεῷ
3425 657 3720 726 κινούμενος
3768 658 3861 706 καὶ

2262 742 2703 814 οἰκονομούμενος,
2731 741 2850 804 τούς
2879 742 3016 812 αὐτῷ
3067 739 3379 814 δεδομένους
3417 748 3505 796 καὶ
3536 741 3861 816 ἀρχομένους

2263 828 2493 903 ἐφύλαξε,
2510 837 2599 884 καὶ
2625 828 2799 894 οὐδεὶς
2823 839 2920 884 τῶν
2942 832 3144 884 πάντων
3170 830 3401 887 ἀπώλετο
3425 852 3439 867 ο
3472 829 3597 885 οὔδε
3614 832 3685 894 εἰς
3708 831 3853 904 βάθη

2260 917 2487 993 καρδίας
2516 918 2814 994 ἑτεροδόξου
2851 920 3121 983 θαλάσσης
3145 920 3458 997 ἀπέρριπται
3486 944 3498 956 ·
3521 920 3704 983 ἀλλ’ὡς
3723 925 3858 996 πύρ-

2258 1031 2336 1082 γῳ
2367 1018 2749 1084 φρυκτωροῠντι
2778 1012 2943 1081 τούτῳ
2973 1007 3423 1083 καθοδηγούμενοι
3451 1018 3559 1074 τοῖς
3579 1020 3672 1073 τῆς
3703 1011 3855 1084 ὀρθο⁶

2261 1098 2458 1159 σεϐείας
2482 1098 2658 1171 λιμέσι
2683 1100 2870 1160 πάντες
2899 1098 3406 1173 ἐγκαθωρμίσθησαν
3432 1121 3445 1133 ·
3483 1101 3618 1152 οὕτω
3646 1104 3736 1152 καὶ
3762 1108 3850 1152 νῦν

2259 1193 2289 1246 ἡ
2323 1196 2415 1240 τού
2445 1196 2579 1240 Θεοῦ
2611 1192 2771 1261 σοφία
2797 1193 3087 1260 καινότερον
3114 1192 3281 1264 ἕτερον
3313 1194 3501 1264 τρόπον
3532 1187 3670 1241 οἷκον
3693 1189 3847 1262 ἑαυτῇ

2258 1281 2343 1329 τόν
2367 1276 2594 1350 βασιλέα
2620 1285 2800 1330 τοῦτον
2833 1274 3208 1349 ἀνῳκοδόμησε
3233 1300 3245 1312 ’
3278 1286 3385 1341 τοῖς
3418 1275 3720 1341 ἑπταὸικοῖς
3755 1286 3851 1331 τοῦ

2260 1366 2396 1419 θείου
2429 1369 2723 1438 Πνεύματος
2752 1370 3143 1437 πεπυκασμένον
3188 1370 3496 1441 χαρίσμασι
3520 1388 3533 1400 ·
3583 1371 3673 1419 καὶ
3720 1369 3856 1439 μετὰ

2256 1462 2347 1508 τού
2379 1458 2577 1529 Πατρός
2604 1454 2825 1507 ἐλθοῦσα
2849 1459 2940 1512 τήν
2966 1460 3125 1527 μονὴν
3170 1453 3216 1506 ἓν
3263 1455 3401 1526 αύτῷ
3428 1460 3673 1526 ποιεῖται,
3718 1459 3854 1509 κατά

2255 1548 2343 1602 τὴν
2375 1543 2423 1596 ἐν
2451 1543 2782 1615 Εύαγγελίοις
2820 1545 3115 1615 ὑπόσχεσιν
3146 1565 3159 1577 ·
3203 1550 3293 1597 καὶ
3340 1548 3429 1596 τὸν
3471 1552 3565 1605 τῆς
3610 1550 3853 1616 γνώσεως

2255 1642 2494 1708 κρατῆρα
2531 1636 2697 1704 τούτῳ
2740 1637 3049 1707 χειρίσασα,
3098 1638 3259 1685 πᾶσιν
3310 1631 3580 1685 ἀπαντλείν
3618 1638 3852 1686 ἀκένωτα

498 1727 695 1781 cuncti
735 1730 1071 1790 evaserunt,
1123 1726 1183 1779 in
1231 1724 1347 1780 hac
1410 1723 1683 1779 videlicet
1727 1729 2037 1779 manentes
2089 1728 2142 1779 et

2258 1718 2482 1777 δίδωσιν
2507 1743 2519 1756 ·
2550 1723 2609 1774 οὗ
2639 1728 2727 1774 καὶ
2755 1725 2975 1794 χάριτος
3013 1721 3255 1794 κλήματα
3278 1730 3370 1783 τῆς
3414 1720 3655 1782 ἀληθινῆς
3686 1720 3849 1794 ἀμπίο

494 1813 941 1883 fructiﬁcautes,
974 1814 1302 1886 vinumque
1332 1813 1727 1884 propinantes
1753 1811 1920 1884 quod
1948 1812 2143 1867 ortho-

496 1903 657 1958 doxa
688 1902 870 1960 corda
898 1902 1178 1957 laetiﬁcat.
1213 1905 1341 1957 Haec
1370 1906 1458 1957 est
1484 1901 1767 1957 nimirum
1818 1901 2143 1973 praeterito-

492 2006 626 2048 rum
658 1991 1039 2062 imperatoris
1078 1991 1425 2046 meritorum
1463 1991 1735 2055 coronis;
1768 1990 1882 2046 hoc
1930 1995 2018 2046 est
2057 1990 2143 2045 in-

493 2080 995 2151 comparabilium
1026 2084 1390 2151 tropaeorum
1412 2080 1542 2150 ejus
1594 2079 1830 2134 culmen
1859 2098 1871 2146 ;
1900 2080 2028 2135 have
2058 2083 2145 2136 est

488 2170 829 2225 futurorum
858 2168 1129 2239 ejusdem
1152 2169 1559 2224 maximorum
1580 2168 1914 2224 facinorum
1941 2170 2138 2226 arrha.

492 2260 583 2316 Sic
617 2261 767 2313 Deus
797 2257 1154 2313 imitatorem
1191 2274 1367 2313 suum
1399 2272 1624 2327 regem,
1647 2263 1711 2313 ut
1741 2273 1877 2312 cum
1918 2274 2141 2329 magno

486 2348 744 2405 Jeremia
804 2346 1146 2419 loquamur,
1210 2346 1386 2418 quasi
1453 2347 1747 2401 munitam
1810 2346 2022 2402 urbem
2078 2348 2140 2403 in

488 2453 668 2493 omne
701 2442 936 2508 tempus
964 2435 1187 2506 statuit,
1223 2440 1279 2490 et
1307 2435 1479 2506 quasi
1509 2434 1785 2490 columen
1828 2435 2023 2491 cuncti
2053 2452 2139 2491 re-

488 2526 841 2596 gnatoribus
866 2531 1034 2580 terrae
1085 2530 1264 2597 atque
1311 2524 1681 2597 potentibus,
1720 2530 1777 2580 et
1822 2525 2139 2580 sacerdoti-

484 2616 618 2683 bus,
649 2620 827 2687 atque
858 2613 1085 2687 populo
1117 2613 1301 2669 orbis.
1331 2615 1523 2679 Quare
1555 2614 1735 2669 etiam
1768 2628 1838 2669 ea
1884 2630 2020 2686 quae
2052 2631 2139 2670 se-

484 2708 754 2777 quuntur
809 2702 912 2771 ibi,
955 2701 1324 2757 conﬁdenter
1386 2701 1716 2773 praedicare
1766 2701 1937 2767 licet;
1986 2718 2136 2757 nun-

483 2809 669 2866 quam
700 2792 920 2848 scilicet
957 2792 1082 2847 fore
1114 2795 1175 2847 ut
1203 2792 1489 2847 adversus
1534 2808 1673 2847 eum
1707 2792 1905 2864 quivis
1951 2792 2137 2847 hostis

483 2882 824 2953 praevaleat,
856 2881 1000 2954 quia
1032 2881 1318 2936 Dominus
1348 2897 1484 2935 cum
1511 2880 1641 2953 ipso
1687 2886 1791 2936 est.
1842 2880 1985 2937 Huic
2026 2881 2136 2951 igi-

485 2978 578 3027 tur
605 2971 869 3027 maximo
900 2970 1245 3042 imperatori
1274 2976 1481 3025 nostro
1513 2972 1640 3043 (qui
1690 2970 1751 3025 in
1780 2986 1851 3026 eo
1895 2986 2137 3042 quoque

485 3061 939 3116 similitudinem
971 3075 1107 3114 cum
1133 3062 1251 3115 Deo
1282 3064 1497 3127 servat,
1520 3058 1683 3131 quod
1712 3059 1874 3114 aliud
1902 3058 2131 3114 nullum
2165 3084 2207 3141 α

484 3166 555 3205 ex
584 3150 812 3206 usitatis
837 3164 1057 3205 nomen
1105 3153 1209 3219 est,
1261 3149 1673 3221 prrerogativis
1716 3150 1844 3218 ejus
1894 3149 2130 3220 mentis,

486 3241 692 3308 animi,
750 3253 993 3305 manus,
1040 3242 1221 3309 atque
1286 3239 1619 3309 prudentire
1658 3238 2135 3305 convenientius)

482 3346 663 3385 nemo
695 3345 943 3400 prorsus
966 3327 1199 3383 debitas
1230 3327 1446 3383 referre
1478 3328 1698 3398 gratias
1725 3329 2134 3400 poterit.Atta-

483 3435 622 3473 men
655 3418 858 3473 effusis
914 3434 987 3472 ex
1034 3417 1156 3472 imo
1200 3417 1378 3472 corde
1425 3417 1704 3489 precibus
1753 3418 1949 3472 cuncti
1996 3416 2135 3472 huic

484 3509 760 3562 favemus
789 3512 967 3578 atque
1014 3506 1398 3577 plaudimus:
1448 3511 1504 3561 et
1544 3522 1682 3560 cum
1728 3522 1866 3575 rege
1914 3506 2134 3561 Davide

485 3597 782 3664 canimus,
806 3598 991 3650 Ponat
1024 3597 1175 3649 Deus
1210 3596 1493 3651 thronum
1527 3596 1655 3665 ejus
1693 3596 1843 3651 sicut
1867 3595 1994 3651 dies
2020 3612 2134 3651 cce-

477 3683 539 3752 li,
576 3688 755 3752 atque
794 3682 855 3736 in
905 3683 1339 3753 sempiternum
1378 3689 1675 3755 praeparet
1721 3699 1926 3739 semen
1979 3685 2131 3755 ejus,

483 3786 819 3842 omnesque
847 3770 1046 3825 cordis
1070 3772 1197 3841 ejus
1220 3771 1530 3842 petitiones
1563 3772 2130 3842 compleatgcunctae

482 3864 686 3930 gentes
718 3860 977 3915 serviant
999 3859 1049 3914 ei
1077 3877 1088 3925 ;
1122 3865 1179 3915 et
1207 3860 1477 3929 ejusdem
1502 3860 1726 3914 fructus
1751 3878 1933 3932 supra
1969 3862 2131 3917 Liba-

478 3964 629 4006 num
694 3949 1002 4013 exaltetur,
1046 3954 1101 4004 et
1147 3965 1250 4004 rex
1301 3964 1618 4021 nunquam
1664 3949 1949 4022 appellari
1981 3950 2130 4006 desi-

477 4043 620 4095 nat:
657 4040 849 4096 donec
901 4054 973 4096 ex
1033 4038 1149 4094 hoc
1198 4038 1473 4105 terrestri,
1525 4044 1661 4111 post
1718 4038 1932 4108 longos
1989 4040 2129 4096 solis

479 4129 804 4200 anfractus,
852 4130 931 4186 ad
978 4129 1212 4186 caeleste
1265 4128 1602 4186 immortale
1658 4143 1913 4199 regnum
1966 4146 2128 4186 com-

472 4218 707 4288 migret.

2254 1810 2342 1862 λου
2368 1813 2545 1871 πάντες
2572 1811 2876 1883 εὑρέθησαν,
2921 1808 2969 1861 ἐν
3016 1813 3178 1882 ταύτῃ
3225 1814 3468 1882 μείναντα
3517 1806 3850 1884 καρποδοτή-

2257 1918 2437 1966 σαντα,
2470 1904 2559 1951 καὶ
2584 1904 2670 1951 τόν
2699 1902 2791 1961 τὰς
2816 1894 3130 1973 όρθοὸόξους
3155 1895 3380 1971 καρδίας
3402 1898 3734 1973 εὐφραίνοντα
3754 1907 3849 1959 τῆς

2255 1988 2514 2051 εὐσεϐείας
2544 1985 2676 2041 οἶνον
2707 1989 3013 2060 πηγάζοντα
3032 2010 3044 2021 ·
3074 1996 3225 2041 τούτο
3256 1996 3355 2040 τῶν
3376 1986 3733 2061 προλαϐόντων
3748 2008 3847 2040 κα-

2250 2080 2594 2152 τορθωμάτων
2656 2074 2746 2130 τού
2810 2078 3188 2150 αὐτοκράτορος
3226 2078 3442 2152 οἰριστον
3509 2076 3843 2151 ἀκροθίνιον·

2252 2175 2403 2219 τούτο
2469 2176 2568 2219 τῶν
2639 2165 3006 2241 ἀπαραμίλλων
3074 2167 3232 2218 αὑτοῦ
3289 2170 3549 2239 τροπαίων
3602 2165 3845 2237 μελιστον

2253 2255 2657 2329 ἑγκαλλὼπισμα
2682 2278 2692 2290 ·
2722 2264 2871 2309 τοῦτο
2895 2255 3178 2328 μελλόντων
3207 2255 3460 2327 μειζόνων
3486 2254 3847 2329 μεγαλουργη-

2250 2347 2425 2418 μάτων
2457 2344 2709 2417 ἐχέγγυον
2744 2367 2755 2379 ·
2791 2346 2925 2397 οὕτω
2956 2348 3082 2405 Θεὸς
3107 2347 3193 2397 τὸν
3228 2343 3387 2396 αὐτοῦ
3417 2348 3651 2416 μιμητὴν
3683 2343 3843 2417 βασι-

2248 2435 2354 2506 λέα,
2388 2438 2521 2488 κατα
2545 2440 2631 2487 τόν
2659 2440 2821 2508 μέγαν
2850 2436 3096 2509 Ἰερεμίαν
3129 2435 3303 2500 εἰπεῖν,
3338 2438 3407 2496 ὡς
3443 2434 3589 2486 πόλιν
3640 2433 3843 2509 ὀχυρὰν

2250 2523 2297 2576 ἐν
2324 2529 2479 2577 παντὶ
2502 2534 2668 2597 καιρῷ
2699 2527 2894 2577 τέθεικε
2922 2546 2934 2558 ο
2969 2529 3057 2576 καὶ
3081 2526 3152 2585 ὡς
3185 2522 3368 2575 στύλον
3398 2525 3566 2575 ἅπασι
3596 2531 3701 2583 τοῖς
3720 2542 3846 2597 κρα-

2247 2622 2399 2667 τούσι
2428 2623 2522 2675 τῆς
2550 2622 2613 2685 γῆ
2627 2636 2666 2679 ς,
2701 2619 2789 2666 καὶ
2814 2621 2923 2675 τοῖς
2961 2616 3216 2686 ἄρχουσι,
3250 2616 3340 2664 καὶ
3381 2618 3485 2673 τοῖς
3534 2614 3724 2684 ἱερεῦσι
3749 2617 3841 2664 καὶ

2246 2710 2318 2773 τῷ
2347 2702 2451 2773 λαῷ
2482 2711 2572 2763 τῆς
2596 2711 2691 2774 γῆς
2722 2725 2735 2737 σ
2768 2706 2832 2763 ὡς
2880 2704 3103 2755 ἐντεῦθεν
3146 2701 3468 2776 θαρρούντως
3511 2706 3598 2753 καὶ
3628 2704 3692 2753 τὰ
3722 2701 3842 2764 ἑξῆς

2247 2791 2661 2865 ἀναφθέγγεσθαι
2694 2814 2706 2826 ο
2745 2791 2804 2844 ού
2828 2796 2897 2864 μὴ
2933 2788 3189 2844 δύνωνται
3218 2794 3344 2865 πρὸς
3375 2791 3528 2842 αὐτὸν
3572 2794 3757 2853 πάντες
3789 2794 3839 2843 οἱ

2247 2880 2585 2954 ἀντικείμενοι
2610 2903 2621 2915 -
2658 2877 2797 2933 διότι
2827 2884 3014 2955 Κύριος
3044 2881 3153 2953 μετ’
3185 2880 3346 2932 αὐτοῦ
3367 2878 3527 2933 ἐστιν.
3551 2886 3741 2933 Τοῦτον
3765 2877 3833 2940 δὴ

2246 2974 2331 3023 τόν
2380 2976 2623 3044 μέγιστον
2671 2974 2813 3043 ἡμῶν
2858 2971 3218 3045 αὐτοκράτορα
3264 2974 3351 3022 τόν
3399 2968 3494 3021 κάν
3532 2973 3698 3041 τούτῳ
3742 2975 3836 3029 τὴν

2246 3064 2369 3134 πρὸς
2400 3064 2527 3113 Θεὸν
2560 3060 2824 3136 ἐμφέρειαν
2852 3060 3105 3131 σώζοντα,
3138 3062 3218 3112 ὅτι
3247 3056 3413 3132 μηδὲν
3446 3058 3557 3111 ἐστι
3587 3063 3754 3111 κοινόν
3784 3080 3836 3112 τι

2245 3150 2737 3223 προσαρμοζόμενον
2768 3153 2927 3221 ὄνομα
2957 3150 3069 3219 (46)
3095 3155 3203 3210 τοίς
3234 3150 3370 3200 κατά
3402 3154 3519 3199 νοῦν
3545 3147 3834 3219 καὶψυχὴν

2245 3243 2335 3290 καὶ
2365 3247 2522 3313 χεῖρα
2550 3244 2641 3290 καὶ
2676 3241 2879 3291 σύνεσιν
2912 3238 3071 3290 αύτου
3109 3242 3521 3312 προτερήμασιν,
3555 3238 3705 3311 ἑτέρῳ
3746 3241 3835 3308 μεν

2246 3324 2419 3379 οὐδενὶ
2449 3331 2648 3388 πάντως
2674 3327 2981 3400 ἀμείϐεσθαι
3010 3330 3184 3400 τρόπῳ
3214 3335 3313 3378 τῶν
3343 3346 3423 3389 τις
3467 3326 3704 3379 ἁπάντων
3735 3322 3836 3379 δυ-

2245 3421 2455 3474 νήσεται
2486 3438 2498 3450 ⁶
2533 3414 2713 3488 εὐχαῖς
2746 3413 2805 3469 δὲ
2838 3417 3126 3489 ξύμπαντες
3158 3412 3458 3488 ἐγκαρδίοις
3486 3420 3575 3467 καὶ
3617 3415 3836 3487 υτγγλι-

2244 3507 2453 3577 χόμεθα
2482 3512 2571 3558 καὶ
2599 3502 2732 3557 συνὸ
2738 3506 3009 3578 εξιούμεθα
3032 3527 3044 3539 ·
3078 3507 3208 3577 μετά
3237 3510 3407 3557 τοίνυν
3451 3513 3542 3557 τοῦ
3585 3504 3837 3578 βασιλέως

2245 3592 2431 3663 Δαϐὶὸ,
2467 3601 2593 3653 Θείη
2630 3600 2835 3667 Κύριος,
2862 3592 3078 3667 ᾄδομεν,
3106 3598 3191 3647 τόν
3221 3596 3395 3667 θρόνον
3437 3595 3597 3647 αὐτού
3646 3598 3715 3655 ὡς
3743 3597 3838 3657 τὰς

2243 3683 2440 3757 ἡμέρας
2469 3691 2558 3736 τοῦ
2588 3684 2806 3757 ούρανοῦ
2838 3704 2850 3717 ·
2882 3689 2970 3735 καὶ
2997 3684 3067 3745 εἰς
3098 3684 3262 3735 αἰῶνα
3291 3684 3567 3755 ἑτοιμάσαι
3588 3687 3646 3735 τό
3681 3689 3836 3756 σπέρ-

2242 3794 2317 3845 μα
2347 3773 2503 3826 αύτού
2535 3794 2547 3806 ·
2577 3779 2665 3825 καὶ
2690 3773 2966 3847 πληρῶσαι
2994 3776 3162 3825 πάντα
3191 3776 3255 3824 τὰ
3285 3781 3379 3835 τῆς
3418 3773 3577 3824 αύτού
3606 3771 3834 3845 καρδίας

2242 3863 2506 3935 αἰτήματα
2531 3884 2541 3896 ·
2574 3867 2664 3914 καὶ
2696 3865 2863 3914 πάντα
2892 3866 2955 3914 τα
2982 3864 3097 3918 ἔθνη
3133 3857 3507 3914 δουλεύσουσιν
3529 3861 3669 3930 αὐτῷ
3695 3882 3706 3894 ·
3736 3867 3825 3913 καὶ

2241 3954 2266 4004 ό
2296 3955 2492 4024 καρπός
2524 3952 2682 4003 αὐτοῦ
2707 3952 3016 4025 ὑπεραρθείη
3050 3952 3175 4025 ὑπὲρ
3203 3955 3289 4002 τόν
3310 3949 3523 4003 Λίϐανον
3543 3970 3554 3982 ·
3580 3954 3668 4000 καὶ
3689 3948 3825 4009 τέλος

2238 4051 2330 4102 τῆς
2360 4040 2644 4113 βασιλικῆς
2675 4045 3039 4113 προσωνυμίας
3064 4042 3229 4109 τούτῳ
3275 4044 3346 4111 μὴ
3373 4043 3570 4110 γένοιτο
3604 4058 3616 4070 ·
3650 4036 3704 4089 ἐκ
3734 4046 3825 4099 τῆς

2238 4130 2462 4203 ἐπιγείου
2492 4133 2681 4190 ταύτης
2712 4132 2841 4201 μετὰ
2870 4133 3103 4203 μακρούς
3132 4129 3279 4187 ἡλίου
3311 4127 3550 4195 κύκλους,
3598 4127 3678 4181 ἐπὶ
3731 4132 3825 4188 τὴν

2237 4221 2284 4274 ἐν
2315 4221 2550 4294 ούρανοις
2573 4218 2889 4272 ἀκατάλυτον
2919 4218 3192 4293 βασιλείαν
3216 4224 3680 4292 μεταχωρήσαντι.

1497 4395 1845 4466 Sequuntur
1881 4399 2342 4468 subscriptiones
2375 4397 2792 4469 autographa).

537 4569 787 4626 Humilis
831 4569 1167 4626 monachus
1218 4571 1405 4625 Lucas
1456 4569 1839 4627 miseratione
1883 4572 1982 4628 Dei
2030 4588 2117 4629 ar-
2154 4573 2198 4627 D

464 4660 882 4733 chiepiscopus
914 4659 1515 4731 Constantinopoleos
1545 4674 1717 4714 novre
1750 4664 1971 4716 Romae.

534 4750 786 4807 Humilis
841 4749 1333 4822 archiepiscopus
1388 4749 1789 4821 metropoleos
1833 4753 2116 4809 Ctesareae

461 4841 863 4913 Cappadociae
895 4838 1251 4912 Stephanus.

531 4931 930 4985 Sanctissimae
962 4928 1361 5000 metropoleos
1388 4927 1600 5000 Ephesi
1624 4928 2111 5003 archiepiscopus

454 5015 698 5070 humilis
722 5018 904 5073 Nilus.

528 5104 775 5160 Humilis
805 5106 1186 5177 metropolita
1217 5105 1507 5161 Heracleae
1541 5105 1803 5161 Michael.

522 5195 778 5250 Humilis
810 5196 1193 5267 metropolita
1227 5197 1397 5252 Cizici
1431 5195 1696 5251 Basilius.

522 5283 769 5339 Humilis
801 5284 1186 5357 metrOpolita
1212 5286 1571 5341 Nicomediae
1600 5285 1861 5342 Michael.

519 5374 773 5429 Humilis
797 5374 1177 5446 metropolita
1207 5374 1414 5431 Nicaeae
1442 5376 1748 5445 Georgius.

2296 4573 2353 4625 '0
2379 4578 2611 4635 ταπεινὸς
2638 4576 2875 4647 μόναχός
2901 4579 3103 4635 Λουκᾶς
3118 4578 3205 4625 καὶ
3232 4573 3351 4645 ἐλέῳ
3374 4581 3508 4627 Θεου
3541 4573 3819 4648 ἀρχιεπίσ-

2222 4682 2379 4724 κοπος
2410 4663 2993 4726 Κωνσταντινουπόλεως
3024 4667 3141 4724 νέας
3169 4663 3387 4736 Ῥώμης.

2292 4752 2349 4804 Ὀ
2382 4753 2587 4816 εὐτελὴς
2613 4753 3027 4826 ἀρχιεπίσκοπος
3075 4762 3135 4812 τῆ
3148 4773 3169 4815 ς
3209 4751 3571 4828 μητροπόλεως
3615 4758 3813 4806 Καισαρ

2217 4847 2361 4917 ρείας
2394 4839 2775 4904 Καππαδοκίας
2803 4848 3063 4915 Στέφανος.

2288 4932 2345 4985 Ὀ
2374 4940 2470 4993 τῆς
2501 4932 2792 5003 ἁγιωτάτης
2822 4931 3181 5007 μητροπόλεως
3222 4931 3437 5003 Ἐφέσου
3464 4933 3813 5007 ἁρχιεπίσκο-

2215 5041 2304 5082 πος
2325 5026 2558 5082 ταπεινὸς
2585 5028 2622 5073 Ν
2636 5021 2707 5073 ῖλο
2719 5042 2758 5083 ς.

2280 5112 2338 5163 Ὀ
2370 5111 2568 5173 εὐτελὴς
2597 5111 2985 5184 μητροπολίτης
3007 5109 3311 5185 Ἡρακλείας
3350 5110 3593 5182 Μιχαὴλ.

2278 5199 2336 5253 Ὀ
2368 5201 2570 5261 εὐτελὴς
2591 5200 2968 5275 μητροπολίτης
3003 5201 3234 5262 Κυζίκου
3267 5199 3555 5273 βασίλειος.

2277 5289 2336 5342 '0
2366 5290 2567 5351 εὐτελὴς
2597 5289 2981 5365 μητροπολίτης
3010 5286 3370 5362 Νικομηὸείας
3396 5287 3634 5361 Μιχαὴλ.

2276 5378 2333 5431 Ὀ
2367 5378 2574 5443 εὐτελὴς
2599 5379 2981 5454 μητροπολίτης
3012 5383 3238 5441 Νικαίας
3269 5384 3545 5451 Γεωργιος.

514 5553 627 5628 (46)
656 5553 1014 5613 Emmanuel
1045 5552 1381 5626 signiﬁcare
1408 5554 1567 5613 Deus
1597 5554 1900 5613 nobiscum
1931 5570 2111 5613 nemo
2139 5554 2401 5628 ignorat.

4135 256 4137 339 l
