4152 6208
497 303 606 362 283
1772 304 2046 361 CODICIS
2082 296 2363 361 MEDICEI
2404 296 2581 357 XXIV.
3738 311 3850 364 284

499 429 958 486 Manichaeorum
980 430 1261 486 haeresim
1286 428 1620 501 amplexus,
1634 443 1872 485 crucem
1892 444 2139 486 venera-

2208 454 2225 485 L
2252 430 2428 497 Λίζιξ,
2470 431 2540 498 ὃς,
2586 432 2651 483 τὰ
2688 436 2999 503 Μανιχαίων
3030 436 3311 504 φρονήσας,
3362 433 3449 483 τὸν
3486 434 3848 505 προσκυνητόν

498 518 681 576 bilem
715 520 1023 576 stultitiam
1055 519 1378 575 arbitratus
1418 522 1509 576 est
1541 534 1694 585 esse,
1726 518 1915 574 Deum
1948 524 2004 573 et
2034 521 2138 575 Do-

2255 522 2477 592 σταυρὸν
2516 538 2715 593 μωριαν
2746 520 2941 589 ἡγετίο,
2967 524 3054 572 καὶ
3089 524 3175 571 τὸν
3204 523 3392 593 Κύριον
3422 524 3511 572 καὶ
3542 523 3670 573 Θεὸν
3700 522 3729 578 η
3737 529 3848 592 μῶν

501 609 735 665 minuni
756 616 1027 666 nostrum
1054 612 1258 665 Jesum
1282 608 1577 664 Christum
1596 614 1932 664 creaturam
1958 609 2141 665 nomi-

2252 608 2459 664 Ἰησοῦν
2490 610 2716 680 Χριστὸν
2748 607 3013 680 ὀνομάζων
3042 614 3261 681 κτίσμα,
3293 613 3387 667 τὴν
3408 611 3664 681 πάναγνον
3685 608 3849 661 αὐτοῦ

500 708 707 766 nando
732 700 1232 761 etsanctissimam
1257 699 1388 769 ejus
1408 702 1659 754 matrem
1679 699 1993 770 Deiparam
2014 713 2140 754 esse

2252 701 2453 770 μητέρα
2504 700 2755 749 Θεοτὸκον
2813 696 2907 748 οὐκ
2963 694 3118 767 ἴλέγε·
3178 695 3326 768 ίγελα
3365 694 3425 749 δὲ
3481 702 3612 771 πρὸς
3652 701 3852 758 τούτοις

500 795 801 866 negando.
842 790 1005 847 Idem
1037 787 1461 861 mysteriorum
1510 787 1955 844 tremendorum
1986 802 2140 842 com-

2252 791 2341 837 καί
2367 790 2462 843 τὴν
2498 793 2599 837 τῶν
2637 793 2862 861 φρικτῶν
2900 790 2990 837 καί
3022 788 3168 838 θείων
3193 791 3499 860 μυστηρίων
3538 785 3847 862 ρετάληψιν,

500 884 850 939 munionem
882 877 1081 944 irrisit,
1114 882 1173 933 et
1215 886 1353 931 cum
1387 874 1649 930 asseclas
1674 875 1995 930 invenisset
2022 890 2140 929 non

2254 874 2460 927 Πολλῶν
2493 870 2552 927 δὲ
2584 874 2724 944 αὐτῷ
2753 878 2843 927 καί
2886 874 3050 926 ἄλλων
3098 873 3580 942 ἀκολουθησάντων,
3621 876 3852 928 ἐντεῦθεν

500 987 747 1045 paucos,
783 968 1176 1024 Lizicinorum
1205 969 1367 1020 secta
1412 963 1701 1033 originem
1743 962 1883 1018 inde
1940 962 2137 1018 traxit.

2251 966 2282 1021 ἡ
2312 972 2408 1016 τῶν
2450 963 2728 1035 λεγομένων
2781 964 3100 1025 Λιζικιανῶν
3124 965 3321 1040 αἵρεσις
3369 968 3610 1023 συνέστη.
3655 971 3852 1017 Τοῦτον

503 1065 669 1117 Hunc
695 1060 889 1114 virum
919 1061 1163 1112 sanctus
1192 1052 1519 1111 Methodius
1548 1052 1626 1109 ad
1654 1052 1837 1108 ﬁdem
1865 1051 2143 1107 orthodo-

2250 1054 2470 1105 τοίνυνὸ
2514 1054 2658 1123 ἅγιος
2711 1048 2966 1113 Μεθόδιος
3002 1056 3189 1113 πείσας
3228 1054 3545 1125 μεταθέσθαι
3587 1055 3714 1125 πρὸς
3755 1052 3850 1111 τῆν

502 1168 640 1207 xam
673 1165 810 1204 cum
835 1144 1195 1213 reduxisset,
1226 1143 1288 1198 id
1318 1141 1508 1199 effecit
1533 1147 1597 1197 ut
1624 1141 1721 1197 alii
1745 1157 1989 1213 quoque
2014 1141 2142 1213 ejus

2253 1138 2529 1215 ὁρθόδοξον
2584 1145 2779 1207 πίστιν,
2830 1145 3098 1193 συνέπεισε
3147 1138 3205 1193 δί
3252 1148 3413 1194 αυτοῦ
3461 1161 3550 1193 και
3600 1146 3720 1203 τοὺς
3765 1140 3855 1193 αλ-

502 1240 851 1311 exemplum
881 1239 1288 1307 sequerentur.
1322 1235 1437 1288 Hos
1464 1231 1561 1287 die
1608 1232 1811 1303 aliquo
1860 1231 2008 1285 festo
2055 1246 2142 1285 so-

2250 1230 2368 1292 λους
2399 1248 2411 1259 '
2446 1250 2535 1281 και
2564 1231 2970 1302 παρασκευάσας
3009 1229 3057 1281 ἐν
3096 1229 3337 1303 ἐπισήμῳ
3366 1231 3534 1305 ἡμέρα
3563 1229 3851 1305 θριαμϐεῦ-

500 1329 775 1385 lemniter
804 1341 975 1383 sacro
1000 1327 1301 1393 unguente
1323 1321 1621 1377 delibutas
1645 1326 1701 1375 et
1719 1318 1992 1375 candidis
2015 1335 2140 1374 ves-

2253 1340 2344 1373 σαι
2373 1321 2465 1378 την
2497 1322 2685 1371 οἰκείαν
2728 1322 2945 1393 αἵρεσιν,
2990 1325 3192 1391 χρίσας
3246 1339 3299 1372 τε
3350 1323 3498 1394 μύρῳ
3553 1320 3706 1391 ἁγίῳ,
3758 1325 3850 1371 καὶ

502 1418 664 1474 tibus
691 1421 939 1471 ornatos
971 1418 1294 1486 postquam
1332 1411 1492 1466 faces
1520 1409 1580 1465 in
1621 1424 1830 1465 eorum
1864 1408 2142 1464 manibus

2249 1408 2450 1468 λευκοῖς
2494 1414 2775 1480 κοσμήσας
2824 1406 3145 1479 ἐμφωτείοις,
3184 1405 3468 1481 λαμπάδας
3527 1412 3850 1481 κατέχοντας

498 1508 813 1581 posuisset,
837 1504 1312 1561 orthodoxorum
1344 1502 1527 1557 choro
1556 1498 1901 1555 immiscuit.

1425 1517 1527 1557 oro
1556 1498 1901 1555 immiscuit.
2250 1500 2361 1559 τοῖς
2393 1494 2691 1572 ὀρθοδόξοις
2731 1501 3065 1555 συνέστησεν.

512 1823 3847 1847 _____________________.____________________—__—_

1056 2129 1683 2228 RECENSIO
1770 2126 2248 2224 CODICIS
2313 2125 2848 2221 MEDICEI
2912 2124 3288 2234 XXIV,

2004 2344 2203 2398 PLUT.
2258 2341 2346 2395 IX.

1048 2526 1151 2594 (Ex
1180 2527 1329 2592 Aug.
1363 2522 1553 2579 Mariae
1586 2519 1855 2576 Bandinii
1884 2518 2170 2575 fasciculo
2192 2535 2388 2575 rerum
2421 2521 2780 2575 Graecarum.
2810 2517 3114 2574 Florentiae
3137 2517 3318 2586 1763).

2135 2682 2219 2698 ⁸-

571 2842 839 2897 Continet
869 2841 969 2897 hic
1007 2840 1194 2896 codex
1219 2840 1429 2897 Nicetae
1458 2840 1760 2897 Choniatte
1788 2841 2145 2896 Thesaurum
2177 2840 2523 2896 orthodoxa:
2546 2839 2739 2905 Fidei,
2769 2839 2826 2893 in
2858 2837 3045 2893 libros
3094 2840 3278 2902 XXVII
3319 2839 3641 2909 digestum,
3671 2853 3858 2911 quem

498 2930 625 3001 ipse
656 2930 715 2985 in
747 2930 1001 2999 gratiam
1032 2930 1232 2996 amici,
1260 2930 1364 3002 qui
1386 2935 1561 3002 capta
1590 2946 1626 2985 a
1658 2930 1874 2985 Latinis
1907 2928 2657 3001 Constantinopoli,solum
2679 2934 2903 2983 vertere
2934 2942 3136 2983 secum
3159 2932 3402 2983 coactus
3433 2927 3644 2991 fuerat,
3675 2928 3735 2983 in
3756 2942 3856 2983 ex-

499 3018 629 3074 silio
650 3019 1021 3090 conscripsit,
1046 3018 1151 3074 ubi
1172 3025 1307 3091 post
1328 3019 1665 3092 expositam
1693 3018 2016 3074 salutarem
2038 3017 2397 3085 doctrinam,
2417 3033 2595 3073 omne
2612 3032 2801 3086 genus
2821 3018 3118 3072 haeresum
3136 3022 3555 3089 sectarumque
3575 3015 3654 3072 ad
3678 3031 3854 3070 suam

498 3123 689 3180 usque
724 3113 961 3163 aetatem
992 3108 1389 3181 persequitur,
1422 3111 1479 3164 et
1509 3106 1866 3164 testimoniis
1906 3112 2175 3161 veterum
2207 3104 2476 3160 Ecclesiae
2507 3104 2845 3173 doctorum,
2875 3104 2969 3159 vel
2998 3104 3257 3177 propriis
3287 3104 3662 3174 argumentis
3690 3102 3857 3159 refel-

493 3196 576 3253 lit.
612 3198 758 3252 Cum
788 3211 930 3252 vero
960 3200 1151 3252 totum
1176 3196 1291 3252 hoc
1321 3213 1475 3269 cpus
1500 3203 1743 3269 propter
1767 3195 1989 3251 molem
2020 3195 2311 3250 hactenus
2340 3192 2558 3260 lucem,
2579 3210 2765 3265 quam
2796 3200 3075 3262 meretur,
3108 3193 3274 3249 haud
3299 3193 3534 3261 viderit,
3564 3193 3855 3266 quoniam

496 3285 618 3341 duo
651 3284 822 3341 facile
869 3284 1181 3342 volumina
1235 3286 1298 3342 in
1328 3284 1470 3342 folio
1510 3285 1855 3358 compleret,
1886 3285 2178 3341 librorum
2226 3289 2602 3353 argumenta,
2634 3299 2897 3355 quorum
2924 3282 3102 3338 index
3134 3282 3463 3354 praecurrit,
3506 3298 3578 3338 ac
3626 3281 3853 3355 primas

498 3376 653 3431 duas
679 3374 905 3430 codicis
936 3375 1193 3448 paginas
1224 3381 1506 3448 occupat.
1526 3376 1820 3447 subjicere
1851 3374 2092 3431 animus
2118 3377 2245 3428 erat
2272 3390 2284 3437 ;
2317 3372 2421 3427 sed
2445 3387 2584 3426 cum
2600 3372 2729 3442 jam
2760 3369 2994 3444 prolata
3024 3370 3261 3437 fuerint,
3289 3376 3346 3427 et
3368 3386 3405 3426 a
3436 3370 3749 3426 Fabric.B.
3783 3370 3850 3425 G.

495 3471 535 3518 t.
572 3465 661 3528 VI,
685 3481 742 3534 p.
779 3466 885 3521 420
913 3480 1087 3536 seqq.
1120 3468 1179 3519 et
1218 3480 1255 3519 a
1281 3463 1735 3520 Montefalconio
1782 3466 2081 3534 Palwogr.
2115 3463 2301 3517 Graec.
2356 3477 2419 3531 p.
2463 3465 2561 3515 327
2595 3477 2785 3532 seqq,
2814 3476 2925 3515 nos
2964 3460 3032 3515 iis
3059 3459 3321 3529 omissis,
3351 3476 3485 3533 quae
3514 3474 3653 3515 cum
3685 3458 3857 3515 dictis

496 3550 861 3605 editionibus
893 3550 1259 3606 concordare
1286 3552 1718 3622 comperimus,
1752 3556 2174 3622 argumentum
2207 3548 2631 3605 tantummodo
2657 3549 2788 3604 libri
2817 3550 2906 3618 IV,
2947 3550 3111 3622 quod
3139 3549 3514 3623 aliquantum
3548 3553 3626 3605 ab
3653 3549 3721 3604 iis
3750 3546 3856 3603 dif-

498 3637 631 3701 fert,
665 3638 1046 3708 proferimus,
1078 3639 1244 3711 quod
1269 3640 1350 3694 ita
1372 3639 1587 3694 habet:

568 3732 734 3797 Τομος
786 3731 1045 3801 τέταρτος.
1106 3736 1171 3781 Εν
1211 3732 1375 3799 τούτῳ
1423 3735 1619 3779 κεῖνται
1652 3735 1819 3779 πᾶσαι
1872 3728 2169 3794 αίπαλαιαξ
2232 3729 2456 3800 αἱρέσεις
2510 3729 2563 3777 αἱ
2620 3726 2957 3799 ὰναφανεῐσαι
3005 3731 3169 3800 μέχρι
3220 3736 3310 3789 τῆς
3342 3728 3543 3799 Ἀρείου
3592 3730 3850 3799 αἱρέσεως.

497 3816 727 3886 Ἐγράφη
766 3810 823 3868 δὲ
853 3823 1032 3888 πρώτη
1066 3818 1095 3874 ἡ
1130 3824 1222 3867 του
1262 3820 1503 3886 Σίμωνος,
1555 3820 1645 3867 καὶ
1678 3817 1704 3872 ἡ
1749 3810 1827 3867 ἐπ’
1882 3815 2021 3886 αὐτῷ
2067 3814 2395 3890 ἀντίρρησις,
2431 3813 2477 3867 ἐν
2584 3810 2834 3872 δηλοῦται
2881 3819 2969 3868 καί
2997 3815 3134 3878 ὅπως
3163 3816 3188 3869 ὀ
3238 3817 3404 3890 Σίμων
3431 3826 3597 3876 κακῶς
3621 3812 3854 3889 ἐξέρρηξε

495 3909 590 3961 την
619 3905 804 3975 ψυχήν
834 3926 847 3938 ·
883 3902 1103 3977 δευτέρα
1132 3907 1161 3961 η
1197 3911 1295 3954 τῶν
1320 3902 1642 3954 Νικολάίτών
1667 3925 1679 3935 ·
1722 3908 1869 3977 τρίτη
1902 3907 1931 3961 η
1962 3912 2061 3955 τῶν
2103 3907 2557 3978 Καρποκράτηνών
2588 3926 2600 3936 ·
2634 3906 2853 3977 τετάρτη
2888 3906 2917 3962 ἠ
2959 3913 3052 3956 τοῦ
3082 3904 3404 3971 Βαλεντίνου,
3446 3904 3492 3956 ἐν
3582 3904 3851 3976 εἰρήκαμεν

496 4000 579 4045 καὶ
614 4001 729 4068 περὶ
767 4002 861 4055 τῆς
893 3997 1030 4054 θείας
1070 3992 1525 4067 ἐνανθρωπὴσεως·
1561 3996 1768 4065 πέμπτη
1802 3994 1832 4051 ἡ
1863 3999 1955 4044 ὀὒ
1986 3992 2305 4064 Πτολεμαίου
2340 4009 2352 4020 ·
2388 3995 2505 4050 ἕκτη
2541 4015 2569 4051 η
2600 4000 2692 4045 τοῦ
2722 3992 2939 4066 Μάρκου
2973 4013 2985 4027 ·
3019 3990 3215 4066 ἑϐδόμη
3249 3996 3279 4052 η
3314 4004 3412 4046 τῶν
3441 3988 3850 4065 Ἀσκοὸρουγων

496 4085 614 4135 ἔνθα
657 4088 745 4134 καὶ
789 4087 907 4156 περὶ
943 4090 1037 4142 τῆς
1077 4089 1275 4142 σκηνῆς
1306 4089 1395 4133 τοῦ
1425 4087 1714 4156 μαρτυρίου
1748 4086 1835 4133 καὶ
1875 4081 2005 4133 οῐλλα
2044 4085 2157 4134 τινὰ
2194 4092 2286 4134 τοῦ
2324 4084 2550 4135 παλαιοῦ
2607 4089 2763 4155 νόμου
2807 4083 3088 4158 ἐρρέθησαν
3124 4103 3135 4114 ·
3176 4082 3339 4155 ὀγδόη
3382 4087 3411 4143 η
3460 4093 3549 4136 τοῦ
3589 4082 3850 4158 Καλοϐάρ-

498 4192 591 4224 σου
627 4189 637 4201 ·
682 4172 860 4228 ἐννάτη
921 4172 950 4227 η
984 4177 1083 4221 τῶν
1114 4170 1363 4242 Ὀφιτώυ,
1394 4173 1442 4222 ἐν
1532 4176 1759 4244 καὶπερὶ
1785 4179 1897 4238 του,
1938 4179 2047 4232 πῶς
2086 4171 2275 4231 ἐκλήθη
2310 4193 2550 4246 φρονιμος
2580 4177 2605 4225 0
2631 4174 2764 4245 ὄφις,
2795 4179 2884 4226 καὶ
2914 4179 3031 4245 περὶ
3062 4178 3280 4235 αἰώνων,
3312 4179 3402 4226 καί
3434 4179 3662 4248 περὶτοῦ
3694 4180 3855 4245 φντού

494 4269 590 4319 τῆς
619 4267 879 4329 γνώσεως,
909 4264 998 4310 καὶ
1026 4267 1118 4321 τῆς
1142 4258 1242 4311 ἀπὸ
1268 4268 1359 4312 του
1390 4257 1718 4333 παραδείσου
1746 4260 1959 4323 ἔκϐολῆς
1989 4269 2079 4315 τοῦ
2110 4258 2283 4334 Ἀδάμ
2311 4279 2325 4294 ’
2352 4256 2544 4319 δεκάτη
2571 4268 2600 4320 η
2630 4272 2721 4315 τοῦ
2750 4260 3099 4335 ΙΙροὸίκου,ὅς
3126 4267 3299 4324 κοινὰς
3332 4268 3461 4315 εἰναι
3487 4266 3582 4323 τὰς
3608 4270 3857 4333 ’γυναῖκας

494 4344 787 4420 παρεδίδου
829 4346 1121 4409 ἀκολούθως
1159 4357 1230 4419 τῷ
1271 4349 1525 4404 Πλάτωνι.
1563 4347 1841 4408 Ἐνὸεκάτη
1886 4353 1914 4408 ἡ
1956 4361 2054 4402 τῶν
2088 4359 2287 4404 Καῑνών
2322 4369 2333 4381 ⁸
2372 4348 2647 4408 δωδεκάτη
2694 4354 2723 4406 ἡ
2771 4362 2869 4403 τῶν
2902 4354 3162 4408 Σηθιανών
3197 4368 3209 4379 ·
3237 4347 3631 4426 τρισκαὸεκάτη
3680 4354 3708 4408 ὴ
3759 4359 3855 4401 τῶν

500 4436 852 4507 Ἀρχοντικών
889 4452 900 4464 ·
942 4434 1493 4509 τεσσαρεσκαιδεκάτη
1538 4442 1567 4495 ἡ
1601 4446 1692 4489 τοῦ
1736 4443 1989 4512 Κέροωνος
2018 4444 2108 4491 καὶ
2146 4445 2468 4513 Μαρκίωνος,
2501 4438 2549 4491 ἐν
2660 4446 2751 4491 καὶ
2779 4445 2897 4514 περὶ
2928 4448 3019 4501 τῆς
3049 4440 3190 4501 ὑλης.
3226 4436 3673 4495 Πεντεκαιδεκάτη
3707 4443 3736 4496 ὴ
3766 4445 3856 4489 τοῦ

495 4531 789 4575 Λουκιανου
823 4541 835 4552 ’
871 4521 1215 4587 ἐξκαιδεκάτη
1247 4530 1277 4581 ὴ
1303 4532 1394 4576 τοῦ
1426 4525 1642 4583 Ἀπελλῆ
1682 4546 1694 4559 ι
1724 4522 2145 4585 ἑπτακαιδεκάτη
2180 4531 2209 4585 ἡ
2230 4537 2317 4580 τοὺ
2349 4527 2659 4602 Σεϐηριανου
2694 4546 2706 4557 ·
2743 4526 3175 4585 ωκτάκαιδεκὰτη
3211 4532 3239 4586 ἠ
3274 4536 3366 4580 τοῦ
3387 4535 3645 4580 Τατιανου
3670 4541 3685 4553 “
3711 4525 3856 4578 ἐννα-

493 4610 780 4671 καιὸεκάτη
810 4618 840 4671 ὴ
869 4622 968 4664 τῶν
999 4613 1387 4688 Ἐγκρατητὼψ
1426 4613 1636 4671 εἰκοσιὴ
1680 4619 1709 4672 ἠ
1754 4623 1851 4666 τῶν
1888 4614 2347 4687 Ἀσκοδρουγιτών
2381 4639 2393 4651 ·
2426 4618 2634 4676 εἰκοστὴ
2669 4623 2848 4689 πρώτη
2881 4623 2911 4675 η
2940 4626 3039 4668 τῶν
3069 4617 3414 4670 Κυντιλιανών
3448 4622 3538 4669 καὶ
3581 4614 3855 4690 ΙΙρισκιλι-

495 4712 624 4755 ανών
652 4707 739 4754 καί
770 4703 1124 4767 ΙΙεπουξιτών,
1149 4708 1239 4754 καὶ
1273 4703 1645 4775 Ἀρτοτυριτών
1688 4719 1700 4730 ’
1736 4702 1943 4762 εἰκοστὴ
1970 4700 2189 4777 δευτέρα
2220 4710 2249 4763 ὴ
2286 4714 2382 4758 τών
2412 4703 3081 4779 Τεσσαρεσκαιδεκοιτιτών⁹
3125 4704 3172 4757 ἐν
3269 4709 3359 4756 καί
3402 4710 3523 4777 περὶ
3560 4713 3660 4756 τῶν
3707 4705 3854 4756 θείων

493 4798 797 4865 μυστηρίων
821 4808 833 4821 ⁸
855 4794 1065 4850 εἰκοστὴ
1097 4796 1244 4865 τρίτη
1275 4796 1303 4849 η
1338 4800 1437 4842 τῶν
1467 4791 1721 4863 ἈλογωΨ
1741 4792 1947 4849 εἰκοστὴ
1979 4797 2194 4866 τετάρτη
2224 4802 2253 4852 ἦ
2283 4790 2727 4866 τώνἈδαμιανών
2746 4814 2757 4826 ο
2776 4795 2982 4851 εἰκοστή
3015 4796 3225 4866 πέμπτη
3260 4798 3288 4851 ἡ
3326 4802 3427 4845 τῶν
3455 4792 3737 4864 Σαιυιψαίων
3768 4794 3857 4842 καὶ

491 4882 819 4946 Ἐλκεσαίων,
849 4879 897 4932 ἐν
983 4886 1070 4933 καὶ
1098 4887 1218 4956 περὶ
1244 4889 1340 4954 τῇς
1382 4888 1695 4953 σαρκώσεως
1723 4887 1815 4931 τοῦ
1846 4886 2019 4950 Λόγου
2056 4898 2067 4909 ·
2103 4887 2310 4940 εἰκοστὴ
2348 4886 2467 4940 ἕκτη
2502 4888 2531 4941 η
2556 4892 2652 4935 τών
2677 4877 3056 4951 Θεοδοτιανῶν,
3085 4880 3132 4932 ἐν
3215 4885 3523 4943 καίτο,πώς
3543 4884 3755 4938 νοεῖται,
3781 4888 3853 4950 τῷ

495 4964 552 5018 δὲ
584 4968 649 5027 εἰς
694 4976 750 5019 το
804 4974 1012 5041 Πνεῦμα
1051 4967 1494 5041 βλασφημήσαντι
1548 4969 1642 5019 οὶκ
1691 4966 2006 5039 ἀφεθήσεται
2040 4984 2051 4996 ·
2095 4970 2299 5027 εἰκοστή
2346 4967 2541 5041 ἑϐδόμη
2576 4972 2603 5028 ὴ
2652 4980 2744 5022 τοῦ
2799 4975 3005 5028 Νοητου
3036 4975 3126 5021 καί
3167 4977 3259 5021 τοῦ
3308 4968 3594 5021 Ναϐάτου·
3640 4970 3851 5025 εἰκοστὴ

498 5053 663 5126 ὀγὸοη
701 5058 727 5113 ὴ
764 5066 855 5109 τοῦ
887 5058 1165 5109 Σαϐελλίου
1202 5077 1214 5088 ·
1260 5058 1469 5116 εἰκοστὴ
1504 5056 1678 5114 ἕννάτη
1710 5058 1737 5115 ἡ
1768 5064 1861 5108 του
1881 5057 2181 5129 Μαρκέλλου
2226 5100 2238 5112 .
2271 5062 2556 5131 τριακοστὴ
2590 5058 2629 5108 ώ
2660 5062 2758 5109 τὼν
2790 5057 3100 5115 Οὖαλησίων
3128 5076 3139 5088 ·
3181 5062 3469 5132 τριακοστή
3496 5063 3676 5130 πρώτη
3711 5057 3740 5115 η
3765 5063 3857 5108 τοῦ

495 5142 804 5217 Ὠριγένους,
830 5143 877 5196 ἕν
971 5152 1061 5198 καί
1103 5144 1348 5221 διάφοροι
1374 5144 1525 5209 δοξαι
1544 5145 1837 5203 Ἑλληνικαί
1864 5152 1983 5218 περί
2020 5146 2230 5219 ψυχῆς,
2257 5151 2347 5197 καί
2376 5146 2619 5221 ἑρμηνεία
2660 5154 2751 5198 τοῦ
2801 5147 3152 5199 άποστολικόὗ
3179 5146 3367 5221 ῥητοῦ,
3399 5148 3425 5199 ὅ
3465 5166 3644 5219 φησιν,
3673 5145 3860 5198 Ἐκάσ-

492 5255 583 5287 του
625 5239 683 5287 τὸ
716 5238 859 5307 ἔργον
882 5237 1057 5288 ὁποῖὸν
1091 5236 1203 5289 ἐστι
1233 5241 1291 5288 τὸ
1312 5243 1424 5309 πῦρ
1458 5232 1759 5307 δοκιμάσει.
1789 5259 1815 5285 ››
1841 5241 2139 5310 Τριακοστὴ
2185 5232 2402 5309 δευτέρα
2431 5236 2457 5292 ἡ
2494 5235 2704 5288 Παύλου
2736 5243 2826 5287 τοῦ
2867 5240 3209 5308 Σαμοσατέως
3238 5258 3249 5269 ·
3284 5240 3574 5310 τριακοστὴ
3628 5252 3780 5309 τριτη
3823 5235 3854 5291 ὴ

492 5332 589 5378 τῶν
628 5329 938 5395 Μανιχαίων
981 5328 1070 5375 καί
1104 5324 1425 5397 Κουϐρίκων,
1467 5323 1515 5376 ἐν
1637 5330 1725 5376 καί
1759 5323 2011 5394 ἐξήγησις
2038 5333 2129 5377 τοῦ
2164 5323 2510 5376 ἀποστολικού
2540 5325 2702 5398 ῥητοῦ
2732 5323 2985 5394 λέγοντος,
3033 5332 3060 5374 ‹‹
3100 5325 3183 5376 Ἐν
3238 5327 3529 5398 ὁμοιώματι
3578 5321 3857 5397 ἀνθρώπου

491 5420 710 5487 φανῆναι
734 5416 817 5464 τὸν
850 5415 1059 5485 Κύριον,
1100 5418 1189 5464 καί
1222 5417 1464 5485 σχήματι
1486 5416 1756 5488 εὑρεθῆναι
1788 5420 1851 5474 ώς
1898 5415 2168 5487 ἄνθρωπον
2213 5434 2225 5446 ’
2271 5436 2298 5464 ››
2348 5418 2637 5486 τριακοστὴ
2678 5416 2900 5486 τετάρτη
2942 5416 2972 5472 ἡ
3033 5421 3134 5465 τῶν
3188 5421 3484 5488 Ἶερατικῶν
3519 5429 3530 5443 ·
3563 5416 3854 5485 τριακοστή

490 5506 697 5574 πέμπτη
750 5508 778 5560 η
820 5509 920 5553 τῶν
978 5499 1393 5578 Κόλλυριὸιανῶν
1452 5524 1465 5535 ·
1507 5509 1792 5578 τριακοστὴ
1850 5506 1970 5561 ἕκτη
2030 5503 2059 5561 ἠ
2119 5510 2218 5555 τῶν
2269 5501 2678 5572 Μασσαλιανών,
2740 5501 2789 5553 ἐν
2890 5506 3112 5557 καὶτὰ
3155 5503 3409 5575 κεφάλαια
3463 5510 3561 5563 τῆς
3608 5503 3861 5575 αἱρέσεως

490 5590 658 5643 αὐτῶν
711 5590 1104 5661 ἀνατάττονται,
1159 5596 1250 5643 καί
1299 5587 1543 5667 διάφοροι
1592 5590 1908 5645 κατἠοὖτῶν
1956 5590 2286 5667 ἀντιρρήσεις
2342 5612 2355 5624 ·
2396 5594 2683 5664 τριακοστὴ
2745 5587 2944 5662 ἑϐδόμη
3003 5591 3033 5648 ἠ
3091 5598 3192 5643 τῶν
3248 5593 3608 5665 Κηρινθιανῶν
3665 5604 3680 5620 ⁸
3722 5608 3866 5663 τρια-
