4152 6208
275 0 440 14 '—

229 313 340 369 235
1730 311 2097 376 RECENSIO.
3492 327 3599 388 286

223 441 398 495 κοστή
461 433 629 508 ὀγδόη
671 439 705 498 ἡ
755 443 856 490 τῶν
909 436 1149 490 Ἰκετῶν·
1199 439 1483 511 τριακοστή
1531 435 1711 498 ἓννάτη
1769 442 1801 499 ἡ
1855 449 1955 493 τῶν
2011 447 2376 518 Γνωσιμάχων
2402 463 2419 478 ο
2471 451 2870 520 τεσσαρακοστὴ
2929 449 2960 506 ἠ
3015 455 3116 500 τῶν
3181 451 3550 524 Θνητοψύχων
3581 476 3596 488 -

221 531 678 598 τεσσαρασκοστὴ
727 532 912 602 πρώτη
965 529 996 584 ἡ
1052 533 1152 578 τῶν
1206 525 1612 600 Χριστολυτῶν·
1672 537 2068 604 τεσσαρακοστή
2119 527 2339 610 δευτέρα
2392 537 2423 594 ἡ
2482 543 2582 588 τῶν
2642 537 3006 611 Ἐθνοφρόνων,
3056 535 3106 589 ἓν
3233 544 3324 592 καὶ
3372 538 3603 615 διάφορα

225 620 348 686 περὶ
397 613 795 689 ἀστρονομίας·
852 617 1253 689 τεσσαρακοστή
1311 620 1461 689 τρίτη
1511 618 1541 675 ἠ
1594 625 1692 670 τῶν
1751 627 2188 692 Παρερμηνευτῶν
2219 644 2232 655 ο
2288 629 2685 698 τεσσαρακοστὴ
2738 627 2955 698 τετάρτη
3007 627 3038 684 ἠ
3102 634 3203 678 τῶν
3259 599 3598 688 Μελιτιανσέιν.

225 706 305 760 Ex
338 711 714 773 argumento
743 721 888 761 vero
917 704 1054 760 libri
1083 706 1212 761 XXV
1241 704 1460 761 desunt
1488 706 1548 761 in
1576 712 1788 764 nostro
1817 727 1829 764 ι

1994 727 2021 766 e
2052 711 2261 768 ultima
2289 713 2492 783 verba,
2527 714 2702 786 Ἠμεῑς
2729 717 2831 789 γὰρ
2861 723 3044 781 ταῦτα,
3075 735 3127 770 κ.
3159 715 3207 772 λ.

297 791 575 848 Iudicem
623 799 1120 863 argumentorum
1171 794 1446 866 sequitur
1491 795 1800 868 inscriptio

1994 815 2019 852 s
2067 800 2288 870 operis,
2335 800 2454 856 hoc
2503 807 2728 872 pacto:
2782 802 3008 874 Συλλογὴ
3063 811 3164 855 τῶν
3215 804 3341 856 ὅλων
3399 803 3598 878 σχεδὸν

223 877 397 944 δοξῶν
439 887 536 934 καὶ
575 885 843 957 αἱρέσεων,
889 887 979 935 καὶ
1023 884 1232 954 ἱστορία
1278 891 1378 934 τῶν
1427 881 1777 938 ἁποτεκόντων
1825 887 1988 949 αὐτὰς
2032 885 2236 961 ἀνδρῶν
2267 910 2278 922 -
2327 892 2403 942 ἔτι
2442 888 2501 944 δε
2553 897 2641 943 καὶ
2687 889 3014 966 ἁντιρῥήσεις
3063 891 3142 944 ἐπ’
3189 893 3346 954 ἕνίαις
3380 877 3596 964 τούτων,

222 976 312 1022 καὶ
362 970 610 1042 μάλιστα
659 979 771 1032 ταῖς
824 970 1162 1043 παλαιτέραις
1193 989 1205 1002 ’
1263 976 1353 1024 καὶ
1409 973 1553 1046 ἔτερα
1615 992 1731 1026 τινα
1789 981 2041 1048 χρήσιμα
2105 984 2214 1040 τοῖς
2281 978 2560 1049 εὐσεϐέσι,
2625 983 2914 1039 πονηθέντα
2976 983 3122 1053 παρὰ
3184 989 3277 1034 τοῦ
3340 982 3598 1036 σεϐαστοῦ

221 1065 440 1119 Natta:
483 1068 576 1112 τοῦ
617 1062 909 1125 Χωνιάτου,
938 1068 1030 1112 τοῦ
1080 1056 1138 1112 δὲ
1175 1065 1448 1133 γεγονότος
1484 1070 1664 1136 κριτοῦ
1713 1071 1807 1115 τοῦ
1840 1063 2024 1130 Βήλου,
2067 1063 2152 1117 ἐπὶ
2182 1075 2282 1117 τῶν
2331 1071 2550 1140 κρίσεων
2582 1070 2786 1142 ἐφόρου,
2821 1075 3028 1140 γενικοῦ
3057 1068 3140 1122 ἐπὶ
3177 1076 3270 1122 τοῦ
3315 1069 3598 1143 βασιλικοῦ

221 1156 482 1212 κοιτῶνος
515 1149 618 1220 (1),
658 1151 835 1201 ἔπειτα
877 1145 938 1201 δὲ
983 1143 1073 1202 καὶ
1102 1149 1327 1224 μεγάλου
1370 1149 1642 1221 λογοθέτου
1685 1159 1786 1203 τῶν

1994 1161 2103 1222 τῶν.
2141 1155 2427 1210 Collectio
2471 1158 2735 1212 omnium
2765 1158 2895 1227 fere
2933 1159 3278 1226 opinionum
3310 1163 3366 1214 et
3413 1157 3598 1218 haere-

223 1253 412 1304 seum,
453 1244 510 1293 et
541 1237 797 1294 historia
823 1238 1130 1294 hominum
1160 1239 1261 1310 qui
1290 1239 1432 1294 illas
1468 1239 1862 1295 instituerunt
1885 1263 1905 1309 ,-
1930 1243 2177 1310 insuper
2202 1244 2703 1318 contradirtiones
2732 1246 3018 1302 adversus
3047 1247 3337 1316 quasdam
3367 1262 3597 1316 earum,

227 1332 281 1382 et
325 1327 603 1400 maxime
646 1327 1050 1396 antiquiores;
1075 1331 1134 1382 et
1167 1327 1294 1382 alia
1341 1327 1615 1397 quaedam
1647 1330 1764 1397 piis
1811 1330 2141 1386 hominibus
2187 1333 2378 1397 utilia,
2409 1332 2718 1389 elaborata
2761 1349 2798 1390 a
2837 1334 3416 1402 venerabiliNicela
3446 1337 3598 1393 Cho-

229 1417 420 1476 niata.
460 1415 642 1472 electo
662 1413 877 1484 judice
904 1415 1058 1478 Beli,
1081 1415 1458 1485 judiciorum
1489 1407 1730 1484 ephoro,
1759 1433 1829 1472 ac
1857 1420 2131 1487 generali
2158 1422 2484 1487 imperiam
2510 1422 2643 1489 ﬁsci
2663 1423 2976 1491 praefecto,
3008 1423 3222 1479 deinde
3251 1437 3386 1479 vero
3417 1425 3596 1480 etiam

230 1517 457 1572 magno
493 1507 858 1560 secretorum
909 1504 1214 1574 logollzeta
1243 1503 1343 1574 (2).
1387 1504 1610 1559 Deinde
1640 1507 1829 1560 Prooer

1994 1531 2020 1574 ι,
2050 1507 2222 1577 cujus
2263 1509 2522 1575 initium,
2549 1525 2609 1581 p.
2643 1514 2673 1566 3
2703 1527 2716 1564 :
2747 1518 2861 1580 Θεῷ
2903 1515 2993 1562 καὶ
3038 1511 3319 1584 θεοφιλέσιν
3369 1509 3598 1585 ἀνδράσι

226 1611 307 1653 τις
354 1590 417 1642 ἂν
474 1589 598 1653 ἀξία
646 1597 966 1666 κροσαγωγὴ
1010 1597 1208 1663 γένοιτο
1231 1609 1246 1659 ;
1273 1592 1332 1644 Ὀ
1361 1596 1453 1664 μὲν
1482 1596 1582 1666 γὰρ
1621 1597 1678 1646 τό
1729 1591 2011 1667 ἀκρότατον
2053 1597 2119 1646 ὧν
2161 1595 2398 1647 ἁπάντων
2428 1607 2527 1648 τῶν
2581 1596 2762 1670 ἕφετῶν
2809 1595 3023 1660 οὐδενός
3058 1606 3160 1651 τῶν
3198 1603 3353 1652 ὄντων
3386 1603 3598 1672 ἐφίεται.

229 1680 426 1736 Finis:
475 1678 660 1742 ’Ὀπως
693 1685 818 1752 μίαν
864 1677 1134 1732 ἀνελίττων
1177 1679 1358 1752 βίϐλον
1405 1690 1478 1752 τῷ
1524 1678 1790 1734 πολυειδεῖ
1831 1691 1922 1735 τοῦ
1973 1687 2379 1759 συγγράμματος
2422 1690 2638 1761 χαίρῃς,
2688 1685 2788 1737 κάκ
2827 1689 3013 1739 τούτου
3058 1686 3268 1762 ἐρανίζη
3319 1691 3601 1742 πανάκειαν

229 1776 336 1830 τοῖς
385 1768 642 1840 ὀλεθρίοις
674 1766 966 1840 ἀντίμαχον
1019 1765 1282 1841 δόγμασιν
1308 1791 1320 1802 ·
1363 1772 1498 1822 ἔνθεν
1528 1790 1610 1822 τοι
1648 1775 1735 1822 καὶ
1777 1791 1829 1824 τό

2001 1793 2090 1838 ειν,
2121 1771 2322 1826 ἐνθένδε
2369 1775 2612 1849 ἄρξομαι.
2659 1777 2802 1830 Tum
2842 1774 2993 1832 liber
3040 1775 3270 1847 primus
3301 1792 3440 1850 pag.
3475 1783 3504 1834 3
3537 1777 3601 1846 b,

229 1857 345 1912 inc.
391 1853 573 1928 Ἀδὰμ
618 1865 821 1930 πρῶτος
871 1856 1118 1920 πλασθεὶς
1159 1857 1261 1910 ἀπὸ
1299 1863 1395 1929 γῆς
1425 1860 1525 1910 ὑπό
1570 1867 1726 1925 Θεοῦ,
1754 1864 1845 1912 καὶ
1885 1859 2052 1913 λαϐὼν
2093 1864 2149 1912 τό
2201 1861 2455 1932 ζωογόνον
2503 1864 2788 1935 ἐμφύσημα
2837 1864 2994 1934 ἔσχεν
3024 1861 3078 1914 ἐκ
3116 1870 3244 1935 μιᾶς
3289 1872 3390 1916 τῶν
3439 1867 3601 1918 αὑτοῦ

233 1945 464 2019 πλευρῶν
495 1950 630 1999 Εῦαν
670 1946 836 2017 ἐαυτῷ
875 1947 1058 2019 ὁμοίαν
1083 1967 1096 1979 ·
1147 1945 1354 2019 βιώσας
1396 1944 1456 2000 δε
1487 1944 1664 2020 Ἀδὰμ
1702 1951 1789 2007 ἔτη
1837 1949 2114 2002 ἐννακόσια
2156 1953 2455 2023 τριάκοντα,
2495 1955 2767 2022 γεγέννηκε
2807 1952 2936 2003 Κάὶν
2978 1955 3110 2022 μετὰ
3157 1951 3457 2027 παράϐασιν
3504 1961 3599 2015 τῆς

235 2033 454 2100 ἐντολῆς,
478 2041 569 2087 καὶ
593 2040 690 2092 τὴν
716 2033 771 2086 ἐκ
810 2043 902 2086 τοῦ
941 2031 1266 2108 παραδείσου
1308 2034 1627 2108 ἀπόπεμψιν.
1661 2036 1830 2092 Liber
1859 2036 2105 2092 ultimus
2135 2037 2261 2092 des.
2295 2038 2356 2092 *Α
2387 2035 2456 2097 δὴ
2488 2049 2658 2090 πάντα
2695 2038 2948 2112 ἐμώρανεν
2989 2041 3018 2096 ἡ
3053 2048 3146 2100 τῆς
3172 2047 3299 2112 μιᾶς
3343 2043 3556 2099 θεότητο
3576 2061 3598 2102 ς

237 2122 283 2173 ἓν
315 2130 487 2197 τρισὶν
516 2126 846 2176 ὑποστάσεσι
879 2120 1103 2196 δύναμις
1132 2132 1192 2197 τῇ
1226 2129 1415 2199 χάριτι
1445 2132 1533 2178 καὶ
1564 2126 1819 2184 ἁπλότητι
1843 2135 1936 2178 τοῦ
1968 2126 2302 2198 εῦαγγελικόῦ
2334 2131 2688 2202 κηρύγματος.

306 2216 372 2276 ll,
403 2229 458 2284 p.
492 2217 616 2285 362,
659 2214 721 2281 b,
763 2215 975 2292 Nicette
1016 2215 1388 2270 Thesaurum
1439 2216 1658 2288 excipit
1706 2232 1844 2287 pars
1883 2215 2178 2287 posterior
2228 2215 2618 2270 Historiarum
2667 2216 2817 2288 ejus,
2846 2215 2908 2270 in
2941 2215 3126 2272 libros
3175 2215 3331 2272 duos
3377 2216 3598 2288 divisa,

245 2317 377 2374 qua
414 2319 547 2358 cum
591 2301 669 2358 ab
709 2299 1071 2358 editionibus
1101 2319 1221 2358 non
1257 2304 1441 2359 modo
1487 2293 1691 2376 quoad
1736 2305 2027 2360 librorum
2053 2303 2519 2370 distinctionem,
2553 2303 2660 2358 sed
2707 2304 2888 2360 etiam
2918 2295 2978 2360 in
3018 2304 3244 2376 phrasi,
3276 2305 3422 2360 etin
3452 2305 3598 2378 ipsis

253 2405 491 2463 quoque
526 2390 722 2460 rebus,
755 2390 912 2447 libro
959 2392 1287 2464 praesertim
1321 2394 1669 2466 posteriore,
1714 2393 2028 2464 discrepet,
2059 2391 2248 2461 digna
2293 2392 2561 2464 proiecto
2607 2397 2760 2448 esset
2788 2408 2946 2464 quae,
2980 2393 3030 2448 si
3074 2408 3238 2448 nova
3285 2400 3602 2466 pararetur

255 2477 430 2548 hujus
478 2479 766 2552 scriptoris
809 2479 1010 2546 editio,
1042 2497 1181 2536 cum
1211 2481 1384 2538 editis
1425 2482 1813 2538 conferretur.

1994 2479 2129 2536 :edit
2158 2480 2391 2536 titulus:
2422 2481 2676 2535 Ἐνταῦθα
2705 2483 2734 2540 ἡ
2766 2481 2958 2542 ἅλωσις
2988 2490 3080 2542 τῆς
3123 2481 3339 2549 πόλεως,
3367 2487 3457 2534 καί
3484 2503 3602 2536 τινα

251 2575 350 2618 τῶν
375 2571 503 2640 μετὰ
532 2577 687 2619 ταῦτα
719 2568 1047 2648 συμϐάντων.
1071 2571 1186 2626 Hic
1217 2572 1539 2639 captivitas
1565 2571 1754 2638 urbis,
1786 2583 1829 2626 et

1994 2571 2144 2624 rdam
2171 2585 2247 2626 ea:
2273 2571 2342 2626 iis
2367 2586 2498 2640 qua?
2525 2575 2730 2639 postea
2759 2571 3134 2626 acciderunt.
3170 2569 3341 2626 Liber
3369 2573 3602 2643 primus

241 2656 443 2728 incipit
473 2673 508 2712 a
545 2673 680 2729 cap.
719 2661 752 2714 8
795 2657 898 2713 lib.
933 2675 990 2714 ιιι
1041 2657 1226 2714 Alexii
1256 2659 1567 2723 Comueni,
1603 2659 1742 2716 edit.
1790 2662 1829 2714 P

2014 2674 2152 2730 pag.
2196 2660 2318 2723 345,
2355 2660 2573 2714 Genev.
2610 2673 2670 2728 p.
2716 2661 2838 2727 582,
2873 2673 2910 2713 a
2952 2656 3187 2713 verbis:
3235 2657 3392 2711 Ἀλλά
3436 2663 3603 2734 μέχρι

237 2748 326 2816 μὲν
373 2741 436 2802 δή
487 2749 682 2798 τούτων
730 2742 980 2820 εὖὸρομος
1009 2749 1133 2820 ἡμῖν
1172 2749 1198 2798 ό
1235 2747 1406 2819 λόγος,
1439 2751 1527 2798 καὶ
1553 2744 1646 2802 διὰ
1674 2747 1812 2808 λείας
1853 2752 2014 2822 φέρων
2045 2742 2195 2800 ὁδοῦ.
2236 2748 2365 2800 Des.
2394 2755 2492 2798 τῶν
2534 2741 2584 2798 δ’
2620 2745 2911 2804 ὴλπικότων
2951 2744 3036 2798 ἐπὶ
3069 2748 3258 2820 Κύριον
3287 2754 3350 2819 τῇ
3382 2744 3602 2820 παιδείᾳ

238 2831 531 2908 σύνδρομος
561 2837 590 2893 η
628 2836 958 2908 παράκλησίς
987 2855 1041 2888 τε
1070 2841 1160 2888 καὶ
1191 2835 1563 2897 ἐπανάκλησις,
1608 2835 1778 2891 Liber
1810 2853 1829 2890 ε

1994 2834 2117 2890 .dus
2147 2849 2288 2906 pag.
2331 2838 2433 2889 372
2477 2835 2680 2905 incipit
2723 2850 2760 2890 a
2807 2833 3007 2891 verbis
3047 2833 3258 2906 capitis
3288 2835 3467 2906 primi
3495 2833 3597 2892 lib.

234 2921 305 2976 de
338 2922 888 2996 Constantinopolis
922 2930 1079 2980 statu
1115 2924 1256 2979 edit.
1285 2925 1467 2980 Paris.
1501 2939 1638 2996 pag.
1675 2929 1800 2980 377.

1995 2939 2050 2977 V.
2076 2938 2216 2994 pag.
2249 2925 2373 2989 634,
2399 2922 2682 2978 nimirum
2709 2939 2722 2976 ἒ
2751 2919 2880 2994 Εἶχε
2924 2927 3014 2994 μὲν
3045 2923 3180 2974 οὕτω
3224 2932 3408 2985 ταῦτα,
3439 2929 3527 2976 καὶ
3567 2923 3595 2982 ἠ

236 3017 628 3064 Κωνσταντίνου
659 3011 958 3073 καλλίπολις
986 3017 1043 3065 τό
1073 3019 1242 3065 κοινόν
1282 3013 1520 3065 ἁπάντων
1561 3012 1712 3064 ἐθνῶν
1753 3011 2053 3084 ἐνυρῦφημά
2099 3031 2152 3063 τε
2182 3018 2272 3064 καὶ
2300 3011 2648 3087 περιλάλημα,
2681 3033 2732 3067 κ.
2764 3011 2813 3068 λ.
2857 3015 2990 3068 Des.
3033 3011 3127 3072 ⁸ος
3156 3017 3246 3064 καὶ
3276 3008 3482 3064 δίκαιον
3522 3009 3600 3063 ἐπ’

235 3097 444 3153 ἀσπίδα
471 3105 564 3153 καὶ
597 3098 911 3174 βασιλίσκον
943 3098 1208 3155 δείκνυσιν
1249 3100 1591 3171 ἐπιϐαίνοντα,
1627 3107 1716 3154 καὶ
1748 3101 1927 3153 λέοντα
1955 3105 2356 3152 καταπατοῦντα
2402 3105 2492 3152 καὶ
2537 3095 2818 3174 δράκοντα.
2859 3099 2967 3155 Ubi
3011 3099 3350 3156 notandum
3382 3115 3454 3154 ex
3483 3099 3600 3156 hoc

229 3190 562 3262 posteriore
603 3190 752 3246 libro
795 3191 1199 3260 fragmentum
1247 3191 1386 3246 satis
1415 3190 1688 3259 longum,
1720 3190 1779 3244 in
1819 3205 1942 3261 quo
1966 3189 2041 3244 de
2071 3188 2236 3243 urbis
2285 3187 2640 3260 direptione,
2669 3193 2727 3242 et
2753 3187 2830 3242 de
2868 3191 3056 3242 status
3087 3203 3157 3242 ac
3188 3187 3598 3242 monumentis

228 3279 362 3351 post
389 3281 644 3351 captam
674 3289 782 3352 per
826 3279 1064 3335 Latinos
1093 3279 1318 3336 CPolim
1363 3279 1586 3335 eversis
1626 3285 1683 3334 et
1723 3277 1996 3334 conﬂatis
2027 3277 2244 3346 agitur,
2267 3281 2472 3347 utpote
2506 3275 2673 3348 quod
2710 3277 2772 3331 in
2796 3274 3105 3347 impressis
3132 3273 3530 3341 desideratur,
3562 3290 3600 3331 a

229 3368 506 3425 Fabricio
535 3367 741 3424 referri
770 3368 886 3425 loc.
917 3367 1018 3426 cit.
1051 3383 1087 3422 θ.
1117 3381 1257 3439 pag.
1291 3357 1395 3424 405
1426 3367 1505 3423 ad
1535 3381 1597 3440 p.
1629 3368 1753 3422 418.

292 3457 570 3513 Tandem
623 3469 734 3528 pro
778 3457 1146 3514 recensionis
1186 3455 1368 3528 hujus
1412 3456 1716 3524 coronide,
1749 3469 1887 3510 cum
1929 3452 2234 3510 Fabricius
2281 3452 2320 3508 l.
2363 3469 2416 3509 c.
2457 3467 2604 3526 pag.
2660 3456 2783 3509 435.
2828 3451 3092 3508 Iudicem
3147 3452 3530 3524 scriptorum,
3564 3467 3602 3508 a

225 3546 430 3602 Niceta
477 3545 767 3601 Choniata
813 3545 874 3600 in
921 3545 1173 3601 Historia
1217 3545 1540 3617 Byzantina
1581 3545 1963 3600 laudatorum
2011 3542 2311 3607 exhibeat,
2350 3557 2464 3598 nos
2507 3557 2750 3614 quoque
2789 3539 2947 3597 illius
2995 3541 3340 3613 exemplum
3389 3541 3596 3608 secuti,

225 3633 418 3690 alium
452 3635 559 3692 SS.
597 3636 835 3690 Patrum
861 3639 920 3690 et
945 3633 1202 3689 aliorum
1241 3637 1556 3689 auctorum
1605 3631 1970 3701 catalogum,
1997 3647 2260 3703 quorum
2290 3631 2353 3686 in
2383 3630 2660 3701 ejusdem
2687 3631 2900 3686 Nicetis
2923 3630 3228 3686 Thesauro
3260 3628 3602 3686 referuntur

224 3721 355 3778 loca
383 3728 576 3794 atque
607 3723 938 3786 sententiae,
966 3722 1028 3777 in
1059 3721 1328 3777 medium
1359 3720 1624 3793 proferre
1649 3719 1976 3788 voluimus,
1996 3719 2101 3792 qui
2133 3734 2392 3792 sequens
2422 3723 2548 3775 est:

289 3811 559 3881 Agatho.
590 3827 651 3884 p.
685 3815 810 3868 343.

289 3899 656 3958 Ambrosius
703 3899 931 3956 Mediol.
965 3914 1108 3972 pag.
1154 3903 1280 3968 233,
1319 3899 1388 3954 b.
1436 3899 1559 3954 343.
1612 3898 1700 3950 Ἐκ
1742 3905 1829 3950 τοῦ

1994 3919 2028 3950 νυ
2073 3905 2166 3951 τοῦ
2207 3897 2358 3950 κατὰ’
2407 3895 2810 3969 Απολλιναρίου,
2853 3912 2914 3969 p.
2965 3901 3065 3953 178
3112 3895 3175 3952 b.
3224 3895 3313 3948 Ἐκ
3348 3901 3412 3954 τῆ
3472 3898 3599 3969 πρόδ

227 3993 511 4064 Γρατιοινόν
540 3992 624 4040 τόν
657 3986 900 4060 βασιλέα.
933 3987 1082 4043 Ibid.
3251 4039 3253 4042 .

287 4076 753 4150 Amphilochius
795 4075 1122 4132 Iconiensis
1150 4076 1240 4128 Ἐκ
1280 4085 1372 4136 τῆς
1409 4078 1536 4150 πρὸς
1564 4074 1822 4128 Σελεύκιον

1994 4074 2146 4146 τολῆς,
2185 4090 2245 4147 p.
2279 4079 2380 4130 178
2406 4071 2468 4129 b.
2507 4073 2596 4126 Ἐκ
2635 4081 2727 4124 τοῦ
2756 4075 2893 4138 κατὰ
2930 4071 3207 4146 Ἀρειανῶν
3245 4070 3422 4141 λόγου,
3453 4086 3595 4143 pag,

225 4168 341 4222 340.
372 4169 472 4220 Ἐκ
501 4174 593 4226 τῆς
623 4165 832 4238 ὁμιλίας
870 4165 938 4226 εἰς
966 4169 1044 4233 τὸ,
1079 4187 1106 4215 α
1134 4164 1193 4217 Ὀ
1219 4165 1527 4226 ἀποστείλας
1555 4184 1618 4237 με
1645 4170 1820 4236 Πατὴρ
1847 4165 2037 4236 μείζων
2076 4167 2176 4235 μου
2200 4162 2361 4216 ἐστιν.
2397 4185 2426 4210 ››
2457 4162 2600 4230 Pag.
2631 4159 2765 4236 ead.
2791 4159 2852 4215 b.

289 4255 654 4312 Anastasius
683 4254 906 4310 Sinaita
935 4254 984 4306 ἐν
1015 4261 1111 4314 τῆς
1138 4252 1322 4326 βίϐλου
1345 4263 1440 4314 τῆς
1471 4253 1744 4326 λεγομένης
1767 4253 1825 4304 ’0

1994 4259 2019 4319 ἱ,
2057 4266 2119 4324 p.
2156 4251 2253 4306 177
2284 4249 2346 4314 b,
2381 4253 2498 4319 178,
2534 4252 2632 4304 188
2662 4248 2724 4315 b,
2757 4252 2860 4305 233
2880 4248 2942 4304 b.
2977 4247 3066 4301 Ἐκ
3093 4255 3194 4300 τῶν
3227 4245 3280 4308 ις’
3308 4244 3596 4320 κεφαλαίων

224 4351 316 4396 τῶν
354 4347 500 4396 κατὰ
539 4349 911 4415 Μονοφυσιτὼν
951 4345 1008 4394 τό
1052 4340 1116 4410 ζ’,
1148 4359 1206 4414 p.
1240 4343 1338 4397 341
1374 4337 1433 4397 b.

292 4433 573 4488 Andreas
603 4431 897 4488 Cretensis
925 4429 979 4482 ἐκ
1009 4440 1102 4483 τοῦ
1139 4430 1292 4501 λόγου
1324 4439 1415 4482 τοῦ
1441 4431 1508 4490 εἰς
1535 4435 1627 4488 τὴν
1670 4436 1825 4502 Baio?

1998 4444 2063 4500 p.
2099 4430 2223 4482 330.

292 4520 663 4578 Athanasius
704 4525 844 4591 pag.
895 4517 998 4575 342
1046 4520 1106 4586 b,
1157 4523 1258 4576 34¢
1308 4517 1369 4575 b.
1417 4519 1505 4581 Ei;
1544 4523 1622 4589 τὸ,
1666 4540 1693 4568 ‹‹
1739 4519 1829 4570 Οὐε

2023 4514 2084 4576 ἦν
2130 4519 2274 4582 Υἱὸς,
2319 4537 2347 4566 >>
2401 4529 2542 4588 pag.
2593 4518 2691 4571 105
2735 4511 2794 4570 b.
2850 4517 2990 4568 Κατὰ
3048 4521 3146 4566 τῶν
3191 4515 3499 4586 εἰσαγόντων
3536 4515 3596 4566 τό

227 4612 554 4682 όμοιούσιον,
583 4623 722 4682 pag.
764 4613 859 4665 107
906 4607 967 4664 b.
996 4608 1086 4663 Ἐκ
1127 4617 1220 4661 τοῦ
1263 4614 1380 4682 περὶ
1411 4612 1638 4670 πίστεως
1683 4607 1829 4679 λόγοι

1994 4621 2034 4678 ζ.
2068 4603 2173 4660 178
2218 4604 2278 4660 b.
2313 4610 2544 4679 Χρήσεις
2590 4605 2727 4656 κατὰ
2778 4608 3177 4675 Θεοπασχιτῶν,
3208 4619 3348 4675 pag.
3387 4605 3484 4657 187
3531 4600 3594 4656 b.

230 4703 364 4771 Πρός
413 4703 542 4760 τοῦς
586 4697 842 4769 λέγοντας,
871 4695 1096 4750 Ἔπαθεν
1135 4699 1160 4748 ὁ
1201 4700 1330 4758 Θεὸς
1375 4697 1444 4757 ὡς
1473 4695 1669 4761 ἤθελεν,
1700 4709 1840 4767 pag.
1879 4697 1998 4750 188.
2045 4695 2134 4746 Ἐκ
2170 4699 2262 4745 τοῦ
2313 4697 2427 4765 περὶ
2469 4701 2566 4755 τῆς
2595 4693 3030 4765 ἕνανθρωπήσεως
3068 4690 3243 4762 λόγον,
3274 4703 3420 4761 pag.
3458 4693 3589 4744 332.

226 4787 309 4840 Ἐκ
357 4795 458 4849 τῆς
490 4787 737 4860 ἐρμηνίας
779 4793 873 4846 τῆς
901 4785 974 4847 εἰς
1003 4789 1062 4837 τὸ
1097 4784 1376 4858 βασιλικὸν
1425 4787 1721 4858 ἱεράτευμα,
1753 4797 1894 4856 pag.
1923 4787 2046 4839 333.
2076 4781 2164 4836 Ἐκ
2201 4785 2293 4834 τοῦ
2339 4778 2672 4833 διαλεκτικοῦ
2718 4779 2895 4851 λόγου,
2931 4779 2984 4832 ὃν
3033 4779 3314 4836 ἐποιήσατο
3353 4780 3478 4852 πρὸς
3508 4779 3595 4828 τόν

229 4876 457 4951 ⁴Ἄρειον,
490 4891 635 4948 pag.
661 4879 791 4931 340.

291 4963 690 5036 Augustinus,
719 4977 783 5036 p.
823 4965 920 5019 341
953 4962 1012 5018 b.
1044 4964 1140 5033 (3).
2405 5015 2410 5020 .

292 5053 553 5110 Basilius
599 5055 867 5124 Magnus,
913 5067 1054 5124 pag.
1110 5055 1210 5109 104
1258 5051 1318 5122 b,
1374 5055 1472 5108 107
1509 5051 1572 5121 b,
1612 5055 1734 5119 108,
1777 5055 1829 5106 ti

1994 5051 2071 5106 30.
2115 5049 2207 5101 Ἐκ
2252 5054 2347 5108 τῆς
2389 5049 2518 5120 πρός
2557 5045 2842 5117 Γρηγόριον
2895 5046 2982 5095 τὸν
3031 5038 3250 5122 ἀδελφόν
3293 5039 3596 5111 ἐπιστολῆς,

224 5158 363 5214 pag.
397 5147 458 5198 11
493 5141 558 5206 b,
589 5145 712 5197 240.
755 5141 844 5204 Εἰς
871 5145 950 5213 τὸ,
977 5163 1006 5190 ‹‹
1039 5140 1147 5194 Ἀεὶ
1179 5142 1205 5193 ό
1237 5145 1367 5204 Θεὸς
1413 5146 1615 5216 Πατὴρ,
1649 5155 1791 5213 pag.
1824 5161 1829 5172 ι

1994 5159 2022 5192 ι.
2066 5137 2155 5192 Ἐκ
2180 5143 2271 5196 τῆς
2307 5137 2435 5208 πρὸς
2477 5132 2838 5194 Σωζοπολίτας
2879 5129 3180 5192 ἐπιστολῆς,
3213 5145 3355 5204 pag.
3403 5135 3502 5188 178
3533 5131 3594 5187 b.

1995 5361 2336 5433 Baluziana,
2383 5369 2446 5421 ut
2490 5363 2692 5420 videre
2735 5369 2823 5420 est
2868 5362 2930 5420 in
2969 5360 3377 5434 Palmograph.
3413 5362 3596 5416 Graec.

1994 5437 2451 5495 MontisfalcOnii
2481 5435 2602 5492 loc.
2643 5436 2738 5491 cit.

2066 5510 2142 5582 (3)
2183 5513 2232 5582 Α
2262 5507 2669 5582 ωυΙιὶεᾲτθιτο
2699 5503 2954 5582 saeculis
2996 5519 3120 5560 non
3167 5517 3367 5576 pauca
3396 5503 3453 5558 S.
3483 5505 3573 5556 Au

1993 5577 2217 5652 gustini
2245 5594 2432 5652 opera
2460 5580 2664 5636 Graeco.
2690 5577 2855 5634 fuere
2877 5591 3070 5642 versa.
3512 5615 3516 5618 .
3559 5599 3590 5638 η

295 5375 396 5446 (1λ
416 5377 626 5427 Χοιτὼν
666 5369 832 5446 apud
886 5373 1125 5446 Graecos
1152 5372 1330 5446 medii
1367 5377 1456 5446 et“
1477 5370 1666 5446 infimi
1697 5370 1830 5446 aevi,

226 5441 336 5515 pro
365 5443 537 5510 ﬁsco,
571 5458 678 5498 seu
708 5441 914 5515 'domo
937 5443 1130 5498 aerarii
1169 5443 1491 5515 imperialis
1522 5441 1830 5515 accipitur.

296 5517 550 5596 (31911.9
591 5513 864 5596 eiusde?
912 5512 1506 5596 ςιρεπιεβιθέηρὲαηίξι
1534 5512 1834 5596 satiant!"

227 5581 592 5656 inBiblioth.
610 5581 784 5656 Regis
801 5581 1202 5644 Christiani“.
1219 5589 1274 5642 et
1292 5581 1456 5642 aliud
1475 5583 1540 5639 in
1556 5581 1828 5640 Biblioth.

4115 4305 4117 4326 1

4116 4359 4117 4384 1

4116 4425 4117 4452 1

4116 4519 4117 4538 1

4115 4635 4117 4668 1

4115 4721 4117 4748 1

4115 4771 4117 4802 1

4116 4881 4117 4902 1

4115 4957 4117 4996 1

4115 5161 4117 5248 1

4115 5259 4117 5298 1
