4152 6208
530 270 636 327 231
718 222 721 225 6
1774 264 1775 267 ‘
1819 262 2092 322 comas
2127 260 2407 321 mmmam
2442 261 2599 321 xxnv
3788 267 3899 323 288

530 393 619 448 Ἐκ
654 398 747 448 τοῦ
787 392 915 469 πρὸς
942 390 1191 465 Εὐνόμιον
1227 393 1437 464 πρώτου
1478 389 1657 462 λόγου,
1687 403 1832 464 pag.
1858 388 1982 446 234.
2020 387 2112 442 Ἐκ
2159 394 2251 442 τοῦ
2284 389 2422 441 κατὰ
2447 388 2653 465 Ἀρείου
2692 386 2870 461 λόγου,
2899 386 3049 445 ibid.
3080 387 3210 443 Ἀπὸ
3245 394 3346 442 τῶν
3386 389 3517 464 πρὸς
3544 388 3899 463 Ἀμφιλὸχιον

523 486 611 537 τὸν
638 483 854 538 Ἰκονίου
892 482 1172 555 τριάκοντα
1199 479 1511 554 κεγαλαίων,
1544 494 1687 553 pag.
1719 480 1824 535 245
1870 478 1937 536 b.
1980 478 2068 533 Ἐκ
2096 484 2187 539 τῆς
2217 477 2290 541 εἰς
2331 480 2419 531 τὸν
2460 482 2733 552 προφήτην
2762 477 2983 532 Ἡσαΐαν
3021 476 3338 552 ἕξηγήσεως,
3367 493 3511 553 pag.
3539 482 3645 537 330
3688 478 3757 537 b.
3805 479 3899 534 Ἐκ

528 582 619 635 τῆς
648 572 833 645 εὐχῆς,
864 573 928 635 ἧς
964 573 995 631 ἠ
1030 570 1198 646 ἁρχὴ,
1223 567 1411 633 Οὐδεὶς
1441 570 1602 639 ἄξιος,
1629 590 1680 623 κ.
1714 570 1788 639 λ.,
1821 584 1960 644 pag.
1998 572 2127 628 332.
2164 566 2256 630 Εἰς
2280 569 2359 637 τὸ,
2387 588 2417 617 ι(
2451 567 2583 639 Ἐγὼ
2621 566 2729 639 εἰμι
2757 569 2788 627 ἠ
2831 566 3080 641 ἄμπελος,
3117 590 3144 618 ››
3174 582 3315 641 pag.
3347 570 3471 625 344.
3503 590 3532 619 ν

601 680 845 735 Cosmas
866 676 1281 751 Indopleustes
1311 675 1367 731 ἑκ
1392 683 1485 731 τοῦ
1507 678 1579 741 εἰς
1605 680 1691 731 τὸν
1723 676 1971 751 ψαλτῆρα
1994 678 2243 750 προιμίου
2265 672 2608 747 ἐξηγουμένου
2630 675 2699 737 ὡς
2729 671 2779 727 έν
2802 669 3022 747 παρόδῳ
3050 676 3130 741 τὸ,
3151 697 3179 725 (ι
3203 676 3496 747 Ηγάπησας
3521 670 3890 744 δικαιοσύνην,

526 771 617 820 καὶ
649 766 908 841 ἐμίσησας
939 765 1175 840 ἀνομίαν,
1210 788 1238 817 ››
1271 770 1362 820 καὶ
1392 770 1459 820 τὰ
1488 766 1571 831 ἐξῆ
1585 787 1625 834 ς,
1654 781 1796 841 pag.
1828 769 1957 823 333.

598 873 844 947 Cyrillus
872 873 1330 941 Alexandrinus,
1358 889 1498 947 pag.
1538 877 1656 939 105,
1694 877 1793 929 106
1836 888 1894 941 a,
1929 875 2029 928 106
2057 870 2123 942 b,
2157 872 2238 927 1οτ

2250 875 2255 897 '
2299 884 2356 934 a,
2398 867 2497 924 107
2523 866 2586 934 b,
2625 870 2722 926 109
2758 867 2822 939 b,
2858 870 2956 925 147
3000 868 3064 936 1),
3103 871 3201 926 190
3239 867 3307 925 b.
3340 868 3431 922 Ἐκ
3468 876 3558 923 τοῦ
3604 868 3784 942 λόγου,
3826 869 3890 923 οῦ

526 965 557 1022 ἡ
613 961 896 1038 έπιγραφῆ,
958 960 1251 1027 Ἀπόδειξις
1308 960 1405 1016 διὰ
1459 970 1558 1016 τῶν
1614 961 1848 1036 ἀρχῆθεν
1895 965 2243 1035 γεγενημένων
2302 960 2448 1011 θείων
2499 965 2765 1033 χρησμῶν
2827 965 2934 1019 τοῖς
2990 960 3286 1020 θεσπεσίοις
3341 960 3699 1034 πατριάρχαις
3762 964 3889 1034 περὶ

523 1059 612 1112 τῆς
665 1049 921 1124 ἀμείψεως
969 1056 1061 1104 καὶ
1117 1052 1438 1125 μεταθίσεως
1488 1058 1590 1104 τῶν
1638 1046 1909 1103 Ἰουδαίων
1960 1054 2050 1102 καὶ
2095 1055 2197 1102 τῶν
2237 1046 2410 1118 έθνῶν,
2472 1061 2615 1119 pag.
2674 1049 2759 1103 18.
2822 1048 2960 1120 Πρὸς
3014 1050 3130 1109 τοὺς
3179 1046 3436 1119 λέγοντας,
3493 1048 3573 1100 ὅτι
3624 1048 3707 1109 Εἰς
3744 1056 3891 1123 τρεῖς

527 1141 672 1201 θεοὺς
718 1143 1045 1213 πιστεύομεν.
1102 1142 1161 1196 Ρ.
1219 1138 1357 1197 ead.
1405 1138 1465 1195 b.
1525 1141 1672 1193 Κατὰ
1735 1147 1833 1192 τῶν
1891 1138 2202 1210 εἰσαγόντων
2258 1139 2318 1190 τό
2378 1134 2586 1188 ἔλαττον
2642 1144 2715 1207 τῷ
2764 1137 2870 1207 Υὲῷ
2933 1134 2987 1189 ἐκ
3042 1143 3135 1189 τοῦ
3188 1140 3276 1189 τὸν
3336 1139 3569 1211 Χριστὸν
3614 1136 3776 1209 λέγειν
3836 1137 3888 1190 ἐν

522 1227 877 1299 Εῦαγγελίοις,
931 1228 1041 1282 «'0
1096 1233 1276 1304 Πατήρ
1316 1248 1418 1302 μου
1461 1228 1653 1302 μείζων
1700 1230 1801 1301 μού
1848 1226 2010 1296 ἔστιν,
2054 1248 2083 1277 ››
2128 1242 2266 1299 pag.
2302 1227 2422 1280 108.
2458 1227 2582 1297 Περὶ
2629 1232 2721 1285 τῆς
2767 1233 3034 1299 προκοπῆς
3081 1232 3174 1278 τοῦ
3212 1232 3467 1301 Χριστοῦ,
3500 1240 3641 1298 pag.
3684 1230 3779 1282 111
3817 1225 3885 1284 b.

521 1316 612 1368 Ἐκ
676 1325 775 1369 τῶν
818 1320 952 1371 κατὰ
996 1326 1097 1371 τῶν
1141 1319 1601 1391 Πνευματομάχων
1652 1316 2027 1392 ἁντιῤῥητικὼν
2068 1314 2273 1387 λόγων,
2314 1329 2454 1387 pag.
2510 1315 2610 1371 123
2668 1313 2729 1384 b,
2788 1317 2910 1381 124,
2970 1317 3092 1384 125,
3149 1316 3269 1371 126.
3328 1314 3449 1368 Ὀτι
3502 1318 3528 1368 ό
3589 1320 3885 1388 Μονογενῆς

520 1408 637 1467 Υἱός
690 1414 778 1459 τοῦ
829 1415 963 1460 Θεοῦ
1015 1406 1419 1482 ἕνανθρωπήσας
1468 1407 1655 1479 ψυχὴν
1710 1409 1841 1480 μετὰ
1891 1411 2127 1479 σώματος
2187 1402 2444 1470 ἁνελαϐεν,
2497 1424 2526 1453 n
2581 1417 2721 1476 pag.
2778 1406 2872 1460 131
2931 1403 2989 1460 b.
3042 1407 3188 1457 Κατὰ
3241 1411 3600 1480 Νεστοριανῶν
3660 1404 3715 1458 ἑκ
3779 1414 3885 1458 τῶν

522 1495 753 1567 σχολίων
800 1505 899 1548 τῶν
938 1500 1057 1572 περὶ
1111 1497 1332 1557 ἐνὼσεως
1383 1505 1483 1549 τῶν
1533 1493 1631 1549 δύο
1681 1499 1880 1569 φύσεων
1931 1502 2023 1547 τοῦ
2080 1499 2337 1569 Χριστοῦ,
2383 1506 2521 1564 pag.
2574 1493 2672 1548 133
2717 1491 2778 1548 b.
2837 1491 2921 1546 Ἐκ
2960 1501 3053 1554 τῆς
3103 1496 3232 1567 πρὸς
3287 1494 3528 1546 Ἃκάκιον
3578 1492 3881 1564 ἐπιστολῆς,

517 1597 659 1653 pag.
720 1585 844 1654 134,
901 1589 1000 1641 135
1047 1584 1107 1641 b.
1156 1585 1243 1640 Ἐκ
1287 1594 1378 1647 τῆς
1429 1585 1638 1657 ὁμιλίας
1686 1593 1776 1646 τῆς
1827 1588 1947 1660 περὶ
1996 1583 2099 1645 ἑνὸς
2149 1584 2295 1645 Υἱοῦ,
2344 1596 2485 1654 pag.
2538 1584 2640 1638 134
2693 1579 2757 1648 b,
2818 1585 2935 1637 135.
2990 1582 3079 1636 Ἐκ
3131 1589 3221 1635 τοῦ
3274 1587 3393 1657 περὶ
3444 1581 3882 1659 ένανθρωπῆσεως

522 1670 701 1744 λόγου,
749 1689 812 1745 p.
862 1674 962 1729 135
1016 1673 1078 1729 b.
1126 1673 1218 1729 Ἐκ
1263 1681 1353 1727 τοῦ
1411 1677 1546 1726 κατὰ
1590 1680 1775 1727 πεῦσιν
1818 1678 1907 1725 καὶ
1953 1670 2233 1747 ἀπόκρισιν
2281 1670 2460 1743 λόγου,
2509 1685 2653 1743 pag.
2707 1673 2826 1741 136,
2874 1675 2973 1727 137
3020 1670 3082 1737 Ι),
3138 1675 3237 1728 138
3279 1670 3341 1727 b.
3393 1672 3480 1726 Ἐκ
3526 1679 3621 1735 τῆς
3662 1678 3880 1745 πρώτης

518 1760 724 1829 ὁμιλίας
771 1769 886 1829 τῆς,
939 1762 1060 1815 Ὀτι
1112 1762 1170 1815 οῦ
1235 1767 1344 1836 χρὴ
1405 1762 1566 1834 λέγειν
1624 1764 1891 1838 ἄνθρωπον
1943 1763 2203 1835 θεοφόρον,
2255 1757 2382 1810 ἀλλὰ
2441 1760 2570 1811 Θεὸν
2623 1755 3110 1833 ένανθρωπῆσαντα,
3161 1774 3300 1832 pag.
3364 1763 3464 1817 140
3515 1760 3577 1817 b.
3635 1760 3721 1815 Ἐκ
3777 1770 3879 1825 τῆς

518 1852 650 1923 πρὸς
698 1854 978 1923 Νεστόριον
1024 1849 1316 1920 ἐπιστολῆς,
1357 1865 1499 1923 pag.
1548 1853 1669 1906 141.
1718 1850 1806 1903 Ἐκ
1857 1858 1951 1913 τῆς
2004 1848 2208 1922 ὁμιλίας
2252 1855 2363 1917 τῆς,
2404 1845 2525 1899 ’Ὀτι
2574 1847 2639 1908 εἷς
2688 1850 2878 1922 Κύριος
2924 1847 3127 1909 Ἰησοῦς
3168 1852 3420 1923 Χριστός,
3466 1864 3610 1922 pag.
3661 1852 3756 1906 141
3804 1848 3872 1907 b.

517 1935 606 1988 Ἐκ
662 1946 753 1990 τοῦ
808 1942 937 2013 πρὸς
993 1943 1088 1997 τὴν
1150 1938 1523 1997 εὐσεϐεστάτην
1577 1935 1840 2012 βασιλίδα
1901 1942 2358 2014 προσφωνητικοῦ,
2419 1948 2563 2007 pag.
2630 1938 2723 1990 141
2786 1935 2845 1990 b.
2903 1937 2990 1988 Ἐκ
3042 1943 3133 1988 τοῦ
3196 1935 3352 2009 λόγου
3417 1944 3509 1990 τοῦ
3563 1941 3695 2011 πρὸς
3747 1942 3875 2001 τοὺς

516 2025 919 2099 πρεσϐυτέρους,
975 2030 1065 2079 καὶ
1118 2024 1414 2094 διακόνους,
1466 2032 1555 2080 καὶ
1607 2030 1891 2100 μοναχοῦς,
1940 2040 2083 2099 pag.
2137 2029 2256 2092 142,
2309 2025 2434 2091 143,
2487 2026 2585 2079 146
2623 2021 2685 2079 b.
2742 2023 2831 2075 Ἐκ
2878 2031 2969 2077 τοῦ
3018 2025 3084 2086 εἰς
3134 2027 3229 2088 τὰς
3285 2022 3564 2089 δεσποίνας
3615 2046 3873 2101 προσφω-

513 2122 747 2184 νητικοῦ,
807 2131 952 2188 pag.
1010 2120 1127 2173 143.
1184 2116 1272 2170 Ἐκ
1320 2136 1411 2170 του
1473 2118 1621 2170 ἕκτου
1672 2114 2122 2189 ἁναθεματισμου,
2178 2113 2326 2170 ibid.
2385 2113 2474 2165 Ἐκ
2512 2132 2603 2165 του
2651 2109 2877 2186 ἑϐδόμου
2932 2117 3380 2189 αναθεματισμου,
3425 2116 3573 2173 ibid.
3627 2116 3717 2169 Ἐκ
3770 2126 3871 2181 τῆς

512 2206 644 2276 πρὸς
701 2206 977 2258 Σούκενσον
1034 2205 1333 2274 ἐπιστολῆς,
1393 2220 1534 2278 pag.
1596 2208 1716 2261 179.
1777 2205 1863 2259 Ἐκ
1915 2225 2007 2258 του
2067 2208 2198 2278 πρὸς
2256 2198 2612 2277 Ἀλεξανδρεῖς
2671 2222 3103 2276 προσφωνητικου
3167 2204 3356 2277 λόγον,
3410 2205 3555 2261 ibid.
3620 2207 3709 2258 Ἐκ
3771 2215 3874 2270 τῆς

514 2291 779 2365 ἑρμηνείας
830 2301 924 2357 τῆς
952 2298 1083 2367 πρὸς
1124 2294 1395 2370 Ἐκραίους
1446 2293 1738 2362 ἕπιστολῆς,
1784 2293 1931 2351 ibid.
1982 2294 2071 2348 Ἐκ
2117 2302 2217 2346 τῶν
2253 2295 2390 2345 κατὰ
2430 2296 2739 2367 Νεστορίου,
2782 2307 2922 2365 pag.
2974 2296 3069 2349 188
3117 2293 3179 2349 b.
3227 2295 3314 2347 Ἐκ
3354 2314 3443 2347 του
3496 2298 3631 2347 κατὰ
3665 2298 3871 2370 Ἀρεια-

509 2388 607 2431 νῶν
654 2384 898 2455 τετάρτου
946 2382 1124 2453 λόγου,
1174 2398 1317 2455 pag.
1364 2386 1491 2451 204,
1537 2384 1628 2436 Ἐκ
1675 2403 1766 2435 του
1818 2387 1998 2458 τρίτου
2040 2382 2248 2456 βιϐλίου
2292 2389 2391 2435 τῶν
2436 2383 2573 2433 κατὰ
2618 2380 2900 2435 Ἰουλιανου
2940 2378 3237 2455 δογμάτων,
3270 2382 3416 2439 ibid.
3450 2385 3541 2437 Ἐκ
3571 2392 3667 2447 τῆς
3707 2385 3873 2458 ἑρμη-

511 2473 648 2532 νείας
679 2468 887 2541 βιϐλίου
915 2467 1130 2541 ὀγδόου,
1165 2486 1306 2542 pag.
1335 2470 1470 2527 ead.
1505 2471 1565 2526 b.
1598 2476 1734 2547 Πρός
1764 2473 2001 2544 Ἑρμείαν
2030 2477 2148 2546 περὶ
2176 2478 2269 2531 τῆς
2294 2471 2444 2542 ἁγίας
2472 2467 2702 2545 Τριάδος
2729 2474 2864 2524 κατὰ
2892 2490 3075 2525 πευσιν
3104 2477 3194 2525 καὶ
3236 2469 3534 2548 ἀπόκρισιν,
3565 2489 3707 2548 pag.
3736 2478 3869 2532 233.

512 2556 600 2610 Ἐκ
647 2566 743 2621 τῆς
778 2562 904 2634 πρὸς
934 2559 1243 2618 Ἐπίκτητον
1283 2558 1581 2625 ἐπιστολῆς,
1617 2576 1759 2632 pag.
1791 2563 1913 2616 234.
1951 2560 2036 2614 Ἐκ
2074 2580 2165 2612 του
2218 2564 2345 2635 πρός
2385 2555 2672 2613 Θεοδόσιον
2724 2580 3178 2633 προσφωνητικου,
3210 2561 3356 2617 ibid.
3390 2563 3476 2623 Εἰς
3514 2567 3571 2616 τὸ
3609 2569 3869 2636 μυστικόν

515 2640 743 2715 δεῖπνον,
773 2660 917 2718 pag.
948 2649 1052 2703 332
1082 2646 1144 2703 b.
1177 2646 1267 2700 Ἐκ
1305 2654 1404 2700 τῶν
1438 2646 1508 2719 ιβ’
1536 2647 1819 2720 κεφαλαίων
1854 2655 1953 2701 τῶν
1991 2651 2126 2701 κατὰ

2224 2645 2527 2722 εοδωρῆτου,
2560 2647 2709 2705 ibid.
2740 2649 2869 2703 Ἀπό
2899 2669 2990 2703 του
3021 2654 3150 2724 πρὸς
3189 2648 3471 2724 βασιλίδας
3500 2652 3674 2724 λόγου,
3716 2653 3864 2710 ibid.

509 2736 566 2789 et
592 2748 732 2806 pag.
764 2738 867 2791 340
896 2733 958 2790 b.
989 2735 1117 2789 Ἀπὸ
1158 2744 1258 2788 τῶν
1282 2740 1401 2811 περὶ
1446 2736 1682 2799 ὑπακοῆς
1707 2756 1796 2790 του
1829 2744 2083 2810 Χριστοῦ,
2116 2752 2149 2810 p

2225 2754 2257 2806 ζ.
2300 2741 2402 2794 332
2430 2737 2491 2793 b.
2527 2740 2616 2792 Ἐκ
2653 2757 2744 2791 του
2778 2738 2842 2800 εὶς
2886 2742 2951 2793 τὰ
2982 2742 3110 2792 Βάῑα
3146 2739 3325 2812 λόγου,
3355 2755 3495 2814 pag.
3536 2743 3641 2798 340
3666 2742 3728 2799 b.
3772 2744 3865 2796 Ἐκ

513 2840 607 2875 του
634 2820 678 2874 α’
709 2822 919 2897 βιϐλίου
950 2832 1050 2878 τῶν
1095 2833 1413 2901 Θησαυρών,
1447 2823 1495 2878 έν
1525 2843 1616 2878 100
1650 2824 1714 2878 ια’
1744 2824 2041 2899 κεφαλαίου,
2075 2842 2215 2900 pag.
2246 2826 2372 2883 342.
2399 2827 2531 2881 Ἀπὸ
2560 2845 2653 2880 του
2700 2826 2740 2882 θ’
2778 2827 2936 2901 λόγου
2974 2838 3068 2893 τῆς
3099 2828 3147 2883 ἐν
3187 2834 3443 2904 πνεύματι
3484 2829 3726 2907 λατρείας
3763 2829 3864 2887 δύο

507 2925 651 2984 pag.
684 2912 817 2969 ead-
845 2912 907 2970 b.

579 3018 830 3091 Cyrillus
885 3019 1463 3095 Hierosolymitanus
1527 3019 1627 3076 ἁπὸ
1688 3041 1780 3076 του
1834 3022 1906 3086 εἰς
1954 3026 2047 3082 την
2096 3023 2219 3078 ’Υπα

2213 3026 2419 3082 ιπαντὴν
2463 3022 2655 3097 λόγου,
2705 3024 2765 3078 οὗ
2818 3027 2847 3086 ἠ
2911 3024 3096 3103 ἁρχὴ,
3163 3034 3325 3104 Χαῖρε
3391 3024 3637 3105 σφόδρα,
3689 3049 3740 3086 κ.
3806 3028 3853 3087 λ.

505 3121 649 3180 pag.
677 3112 779 3166 322
800 3108 859 3165 b.

576 3214 897 3286 Dionysius
935 3218 1297 3291 Areopagita
1341 3220 1396 3271 ἑκ
1425 3238 1518 3272 του
1550 3215 1795 3294 δευτέρου
1825 3219 2103 3294 κεγαλαίου
2134 3239 2216 3273 του

2220 3224 2367 3296 νπερὶ
2392 3222 2654 3295 ἠνωμένου
2693 3227 2781 3276 καὶ
2811 3219 3230 3298 διακεκριμένον,
3256 3240 3396 3295 pag.
3429 3230 3513 3283 11,
3548 3226 3635 3281 Ἐκ
3665 3246 3755 3280 του
3786 3231 3860 3300 ιγ’

504 3302 783 3375 κεφαλαίου
814 3325 906 3358 του
941 3311 1059 3380 περὶ
1101 3326 1193 3360 του
1224 3307 1415 3361 τελείου
1445 3311 1533 3361 καὶ
1559 3308 1685 3372 ἑνός,
1716 3324 1854 3381 pag.
1888 3310 2023 3366 ead.
2058 3309 2120 3366 b.
2154 3314 2279 3385 Περὶ
2321 3317 2476 3379 Θεοδ,
2507 3326 2649 3384 pag.
2681 3313 2767 3368 15.
2811 3314 2900 3366 Ἐκ
2940 3333 3031 3367 τον
3061 3320 3268 3389 πρώτου
3297 3314 3576 3388 κεφαλαίου
3620 3324 3715 3379 τῆς
3741 3324 3861 3390 περὶ

505 3392 650 3444 θείων
673 3392 957 3467 ὀνομάτων,
985 3410 1125 3469 pag.
1161 3400 1228 3453 59
1255 3396 1324 3454 b.
1363 3396 1452 3451 Ἐκ
1477 3405 1573 3458 τῆς
1593 3401 1726 3472 πρὸς
1755 3402 1908 3451 Γάῑον
1936 3401 2022 3452 τὸν
2050 3400 2367 3474 θεραπευτὴν
2393 3399 2689 3473 ἐπιστολῆς,
2712 3401 2858 3460 ibid.
2891 3405 2982 3456 Ἐκ
3012 3412 3111 3457 τῶν
3143 3404 3447 3477 θεολογικὼν
3480 3412 3859 3479 στοιχειώσεων

501 3498 593 3533 του
619 3480 772 3554 ἁγίου
805 3482 1073 3558 Ἰεροθέου,
1096 3499 1239 3558 pag.
1267 3488 1351 3542 40.

567 3594 670 3639 T00
715 3587 871 3660 ἁγίου
904 3589 1129 3664 Ἐφραὶμ
1176 3590 1601 3665 ἁρχιεπισκόπου
1636 3592 1980 3666 Ἀντιοχείας,
2014 3592 2067 3658 ἐξ
2108 3595 2171 3659 ἧς
2219 3597 2503 3654 ἱποιήσατο
2543 3594 2830 3670 ἀπολογίας
2865 3599 2992 3674 ὑπερ
3035 3608 3132 3664 τῆς
3173 3598 3221 3653 έν
3261 3598 3514 3661 Χαλκηδό
3549 3622 3567 3655 ι
3609 3599 3857 3672 συνόδου,

499 3678 589 3726 καὶ
618 3693 710 3727 του
741 3679 903 3747 τόμον
932 3695 1024 3729 του
1057 3677 1208 3748 ἁγίου
1240 3683 1478 3745 Λέοντος,
1503 3695 1647 3753 pag.
1679 3684 1785 3738 207
1814 3682 1874 3738 b.
3934 3688 3938 3692 1

571 3780 904 3839 Eustratius
959 3782 1667 3856 metropolita-Nicaenus
1713 3786 1813 3840 ἁπό
1862 3807 1953 3841 του
2005 3788 2161 3862 λόγου

2214 3810 2306 3845 του
2353 3796 2484 3868 πρός
2527 3793 2844 3869 Γροσολάνον
2892 3795 3174 3851 ἐπίσκοπον
3221 3795 3543 3852 Μεδιολόνων
3596 3820 3713 3870 περι
3762 3808 3854 3863 τῆς

496 3888 589 3922 του
622 3867 774 3943 ἁγίου
808 3874 1105 3945 Πνεῦματος
1153 3871 1525 3946 ἐκπορεύσεως,
1553 3889 1695 3945 pag.
1727 3878 1853 3931 266.
1886 3876 1974 3929 Ἐκ
1999 3882 2091 3931 τόυ
2136 3880 2295 3934 αὐτου
2338 3867 2469 3955 1196;
2513 3867 2667 3935 αῦτὸν
2699 3883 2978 3939 ὶπίσκοπον
3020 3883 3138 3939 M16
3143 3887 3351 3940 ιολάνων
3392 3886 3626 3962 δευτέρου
3659 3867 3847 3961 λόγου,

495 3973 641 4049 pag.
686 3963 791 4017 268
839 3959 898 4016 b.
938 3963 1028 4049 Ἐκ
1073 3980 1163 4014 του
1209 3961 1370 4014 αῦτου
1420 3961 1591 4036 ἐτέρου
1637 3962 1812 4036 λόγου,
1844 3980 1987 4038 pag.
2016 3969 2118 4023 273
2165 3967 2228 4027 b.
2268 3976 2364 4023 T00
2412 3971 2571 4025 αὐτου
2619 3973 2873 4045 κεφάλαια
2917 3974 3298 4049 ἕπιστημονικὰ
3348 3974 3420 4029 δι’
3467 3959 3544 4029 ὧν
3580 3959 3848 4030 δείκνυται

497 4044 754 4102 ἀδύνατον
794 4048 925 4103 εἶναι
965 4048 1020 4103 ἐκ
1057 4069 1150 4103 του
1184 4054 1389 4125 Πατρός
1426 4056 1517 4105 καὶ
1545 4071 1636 4105 του
1684 4055 1807 4106 Υἱου
1845 4056 1904 4107 τό
1950 4060 2159 4130 Πνευμα
2183 4060 2241 4110 16
2270 4060 2417 4132 ἅγιον
2466 4059 2855 4137 ἐκπορεύεσθαι,
2883 4079 3025 4137 pag.
3056 4070 3180 4121 275.
3224 4066 3311 4119 Ἐκ
3337 4086 3428 4120 του
3458 4063 3699 4142 δευτέρου
3729 4074 3847 4142 περὶ

495 4145 595 4189 τῶν
624 4138 862 4210 Ἀξύμων
891 4138 1068 4211 λόγου,
1098 4153 1236 4212 pag.
1264 4143 1365 4197 333
1395 4140 1456 4197 b.

568 4243 834 4315 Εὐθυμίοῦ
861 4252 1099 4317 μοναχοῦ
1138 4245 1431 4319 Ζιγαϐηνοῦ
1475 4252 1609 4303 κατά
1655 4258 1756 4302 τῶν
1785 4259 1880 4314 τῆς
1916 4250 2139 4315 παλαιᾶς
2165 4251 2386 4327 Ῥώμης,
2413 4256 2530 4313 ῆτοι
2579 4255 2804 4327 Ἰταλῶν,
2836 4257 3089 4330 κεφάλαια
3134 4259 3206 4334 ιβ’
3232 4258 3513 4331 δηλοῦντα,
3545 4263 3611 4325 ὡς
3652 4262 3745 4317 οῦκ
3788 4261 3842 4317 ἔκ

494 4338 587 4384 τοῦ
626 4333 751 4384 Υίου
780 4331 1112 4408 ἐκπορεύεται
1148 4339 1207 4388 τό
1248 4343 1456 4410 Πνευμα
1484 4341 1542 4390 τό
1572 4340 1741 4410 οἶγιον,
1767 4354 1908 4413 pag.
1932 4344 2056 4399 206.

566 4439 885 4508 Gregorius
914 4440 1316 4499 Nazianzenus
1359 4442 1414 4497 ἔκ
1444 4463 1535 4498 του
1564 4450 1680 4520 περὶ
1727 4448 1849 4499 Υίου
1879 4452 2085 4520 πρώτου
2115 4448 2206 4523 λόγ

2201 4469 2291 4515 νου,
2328 4466 2468 4525 pag.
2504 4453 2589 4519 12,
2630 4453 2749 4523 105,
2789 4457 2888 4511 108
2925 4455 2988 4523 b,
3021 4460 3140 4527 109,
3172 4458 3298 4517 342.
3330 4458 3417 4514 Ἐκ
3450 4467 3542 4514 τοῦ
3574 4466 3693 4537 περὶ
3719 4463 3841 4515 Υίοῦ

496 4523 740 4621 δευτέρου
769 4528 949 4601 λόγου,
979 4545 1121 4604 pag.
1153 4532 1223 4588 40
1247 4531 1310 4602 b,
1340 4533 1439 4590 106
1478 4532 1540 4601 b,
1574 4538 1669 4590 109
1708 4534 1771 4604 b,
1802 4539 1922 4598 110,
1955 4537 2057 4594 178
2087 4537 2149 4604 b,
2186 4542 2304 4611 190,
2331 4523 2459 4597 340.
2491 4540 2579 4595 Ἐκ
2607 4560 2697 4595 του
2723 4542 2879 4615 λόγου
2907 4564 2999 4598 του
3028 4523 3148 4620 1:191.
3174 4543 3436 4621 δόγματος
3463 4554 3553 4601 καὶ
3581 4523 3843 4603 καταστά-

496 4635 625 4680 σεως
670 4616 984 4691 ἐπισκόπων,
1029 4635 1171 4693 pag.
1214 4622 1303 4677 12.
1350 4621 1437 4675 Ἐκ
1482 4641 1571 4675 του
1609 4622 1765 4695 λόγου
1809 4644 1900 4678 του
1938 4630 2064 4700 πρὸς
2111 4629 2425 4700 Ἀρειανοὺς,
2464 4635 2553 4684 καὶ
2590 4630 2657 4692 εἰς
2692 4631 2893 4704 ἑαυτὸν,
2943 4616 3101 4707 ρᾶς.⁷
3136 4637 3202 4692 12
3349 4639 3442 4692 Ἐκ
3485 4658 3578 4691 του
3616 4639 3841 4712 μεγάλου

492 4704 895 4781 ἁπολογητικοῦ,
936 4725 1077 4783 pag.
1114 4713 1203 4768 16.
1232 4710 1322 4765 Ἐκ
1360 4731 1451 4765 του
1490 4711 1645 4785 λόγου
1672 4732 1763 4766 του
1803 4713 1874 4776 εἰς
1916 4718 1983 4767 τὰ
2009 4720 2132 4788 γενέ(

2200 4737 2263 4784 ια,
2291 4734 2433 4791 pag.
2469 4722 2559 4775 40.
2590 4720 2680 4773 Ἐκ
2723 4740 2811 4774 του
2847 4722 2917 4784 εἰς
2946 4704 3206 4778 ⁷τὸιλιιῶτα
3232 4725 3407 4798 λόγου,
3440 4743 3580 4800 pag.
3777 4728 3840 4785 b.

488 4795 579 4850 Ἐκ
625 4817 715 4851 του
749 4801 882 4873 πρὸς
920 4796 1205 4858 κληδόνιον
1246 4798 1491 4875 δευτέρου
1537 4801 1715 4874 λόγου,
1748 4801 1893 4859 ibid.
1924 4803 2012 4857 Ἐκ
2041 4825 2132 4858 του
2163 4805 2234 4869 εἰς
2264 4810 2321 4859 τό
2363 4809 2564 4880 Πάσχα
2603 4804 2846 4882 δευτέρου
2884 4810 3061 4883 λόγου,
3101 4812 3247 4870 ibid.
3290 4795 3506 4870 Ἐκντόυ
3528 4795 3704 4890 ⁷λογον
3751 4836 3842 4871 του

488 4905 868 4961 προτρεπτικου
907 4888 979 4952 εἰς
1007 4893 1065 4942 τὸ
1107 4888 1409 4964 βάπτισμα,
1438 4890 1585 4947 ibid.
1622 4891 1708 4945 Ἐκ
1732 4911 1826 4945 του
1855 4892 2010 4966 λόγοῦ
2044 4914 2136 4948 του
2167 4894 2239 4959 εἰς
2262 4900 2356 4954 τῆν
2401 4904 2501 4949 τῶν
2528 4896 2600 4972 ρν’
2630 4895 2926 4953 ἐπισκόπων
2950 4908 3264 4977 παρουσίαν,
3296 4920 3436 4978 pag.
3471 4908 3592 4964 107.
3621 4888 3723 4962 νἘκ
3751 4927 3843 4961 του

486 4972 645 5045 λόγου
683 4995 774 5030 του
803 4983 922 5052 περὶ
948 4976 1319 5070 ἁκαταλῆπτου
1347 4985 1632 5053 γεννήσεως
1659 5000 1750 5034 του
1780 4984 1905 5035 Υἱου
1935 4988 2025 5037 καί
2055 4992 2210 5054 Θεοῦ,
2241 5001 2382 5059 pag.
2416 4986 2543 5043 108.
2582 4992 2705 5063 Περὶ
2736 5008 2827 5041 του
2867 4972 3360 5066 ἁγίουγηνεῦματός,
3384 4972 3532 5070 pag.
3567 5000 3687 5065 121,
3724 4999 3843 5066 122,
3952 5026 3955 5029 ν

486 5063 609 5119 123.
641 5063 728 5117 Ἐκ
764 5084 854 5118 του
880 5069 1008 5140 πρὸς
1036 5064 1322 5126 Κληδόνιον
1352 5073 1561 5143 πρώτου
1593 5074 1770 5142 λόγου,
1797 5085 1939 5144 pag.
1968 5073 2071 5129 127
2100 5074 2162 5130 b.
2192 5078 2313 5133 128.

556 5158 1238 5266 GragoriuS‘Nyssenus,
1277 5190 1420 5249 pag.
1466 5179 1567 5233 105
1609 5176 1670 5234 b.
1715 5183 1841 5254 Περὶ
1879 5188 1975 5266 τῆς
2008 5181 2147 5242 θείας
2194 5219 2196 5228 ς

2203 5179 2631 5257 ἰνανθρωπήσεως
2677 5183 2731 5239 ἐκ
2762 5205 2853 5241 του
2892 5206 3260 5261 κατηχητικου
3303 5190 3483 5264 λόγου,
3515 5207 3656 5266 pag.
3687 5196 3758 5252 40
3782 5193 3843 5251 b.

484 5260 609 5316 246.
652 5258 871 5359 ’Ex.10-0
900 5259 1057 5359 λόγου
1086 5281 1182 5359 100
1221 5266 1353 5339 πρὸς
1384 5263 1630 5359 Θεόφιλον
1658 5263 2083 5359 δΑλεξανδρείας,
2106 5286 2249 5345 pag.
2293 5274 2416 5331 129.
2444 5276 2535 5329 Ἐκ
2573 5295 2664 5330 του
2691 5280 2822 5354 πρὸς
2849 5258 3241 5353 Ἀπολλίνάριον
3271 5258 3637 5359 ὼτὲῥρῄτῖκοῖι
3664 5283 3846 5357 λόγου,

481 5364 622 5421 pag.
653 5348 892 5495 82d.bb.
936 5353 1057 5421 130,
1095 5352 1213 5424 131,
1261 5356 1381 5409 179.
1421 5352 1507 5408 Ἐκ
1538 5374 1628 5409 του
1658 5356 1814 5430 λόγου
1860 5376 1955 5411 του
1993 5365 2113 5434 περὶ
2143 5361 2386 5426 θεότητος
2424 5363 2549 5418 Υἰου
2580 5370 2671 5421 καὶ
2701 5348 2854 5440 ἁγίου
2894 5348 3214 5443 Πνεῦματος,
3244 5374 3335 5425 καὶ
3366 5348 3438 5434 εἰς
3468 5375 3554 5425 160
3584 5348 3845 5447 ’Δϐρὰἁμ,

481 5452 621 5495 θεια-
654 5442 684 5494 3
731 5443 749 5495 1
830 5479 846 5495 .

480 5452 621 5511 pag.
654 5441 749 5495 341
783 5441 846 5495 b.

552 5548 739 5610 Ηίστις
792 5543 1221 5622 ἁποκαλυγθείσα
1271 5556 1345 5625 τῷ
1403 5549 1537 5627 ἁγίῳ
1586 5558 1857 5632 Γρηγορίῳ
1907 5564 1982 5632 τῷ
2038 5564 2467 5635 Θαυματονργῷ,
2525 5562 2591 5625 ὥς
2646 5559 2695 5617 ἓν
2756 5558 3002 5637 διδαχῆς
3056 5572 3154 5630 τῆς
3203 5566 3485 5645 ῦπεραγίας
3536 5572 3802 5625 Θεοτόκον
3825 5604 3846 5630 .
