4152 6208
1529 493 1690 534 ειιιεΑ
1728 493 1938 534 INITIUM
1977 493 2189 536 SBCULI
2225 494 2323 536 XIII

1371 715 2479 864 GRXECORUM

225 1039 440 1222 AD
519 1038 1556 1224 INNOCENTIUM
1611 1043 1784 1224 Ill
1851 1042 2768 1227 PONTIFICEM
2834 1043 3602 1230 ROMANUM

1581 1399 2279 1523 EPISTOLA

560 1611 852 1667 SCRIPTA
892 1611 1080 1693 posr.
1103 1612 1376 1669 CAPTAM
1413 1616 1460 1667 Α
1500 1613 1861 1739 LATINI???

1973 1614 2523 1742 ngg‘éTlNOPOLIM,
2563 1616 2930 1672 REGNANTE
2970 1617 3270 1674 HENRICO

986 1861 1093 1930 (Ex
1116 1861 1287 1916 Joan.
1323 1862 1492 1934 Bapt.
1521 1859 1784 1917 Cotelerii
1811 1863 2070 1918 Monum.
2106 1860 2258 1918 Eccl.
2294 1863 2531 1930 Graecas,
2568 1867 2712 1919 tom.
2742 1863 2857 1934 Ill).

316 2233 568 2298 Δέσποτα,
637 2230 682 2282 εἰ
738 2235 813 2303 μὴ
865 2236 959 2289 τὴν
1001 2239 1093 2284 τοῦ
1142 2231 1406 2306 μέλλοντος
1460 2235 1597 2286 θείου
1642 2232 1849 2286 Σαϐϐά-

2031 2232 2300 2300 Domine,
2348 2232 2466 2288 nisi
2501 2233 2809 2312 sciremus
2865 2238 3220 2306 prensantem
3265 2235 3450 2292 vitam
3475 2252 3609 2293 esse

254 2337 349 2369 του
403 2324 748 2393 Παραπευήν
805 2325 901 2377 τὴν
952 2329 1224 2395 παροῦσαν
1290 2323 1429 2383 ζωὴν
1481 2323 1852 2396 ἐγινώσκομεν,

263 2410 443 2478 γοερὰν
537 2407 596 2458 ἂν
668 2407 945 2481 ἐπλέξαμεν
1014 2415 1144 2486 πρὸς
1241 2432 1299 2464 σε
1365 2411 1688 2486 τραγῳδίαν,
1763 2421 1852 2468 καὶ

268 2495 467 2569 θρήνοις
520 2505 726 2569 μακροῖς
764 2505 859 2549 τοῦ
923 2503 1035 2551 νέου
1100 2499 1228 2553 λαοῦ
1275 2507 1369 2561 τὴν
1441 2504 1634 2556 ἅλωσιν
1707 2501 1854 2556 ὠδυ-

258 2585 480 2656 ράμεθα.
545 2584 678 2638 Ἐπεὶ
731 2582 792 2638 δὲ
856 2587 1024 2650 καλῶς
1075 2588 1471 2664 ἐπιστεύσαμεν,
1522 2596 1589 2654 ὡς
1637 2596 1855 2645 πάντοτε

254 2678 542 2746 συμπαρὼν
596 2675 723 2746 ἡμῖν
766 2675 792 2726 ὁ
839 2680 1086 2749 Χριστὸς,
1136 2683 1230 2737 τὴν
1270 2682 1501 2752 φθαρτὸν
1540 2683 1686 2754 ἡμῶν
1723 2685 1854 2734 ταύ-

247 2780 340 2818 την
401 2762 541 2822 ζωὴν
597 2767 728 2836 πρὸς
777 2764 870 2823 τὴν
930 2767 1194 2840 ἄφθαρτον
1254 2767 1448 2827 ἐκείνην
1514 2770 1856 2842 μεταπλάττει

248 2855 340 2902 καὶ
394 2855 686 2924 κρείττονα,
739 2849 856 2906 ἰδοὺ
909 2855 1302 2929 συντριϐόμενοι
1364 2855 1457 2910 διὰ
1520 2864 1613 2917 τὴν
1671 2859 1739 2921 εἰς
1796 2863 1855 2911 τὸ

248 2947 484 3012 κρεῖττον
551 2940 842 2993 ὰνάπλασιν
909 2950 1166 3018 χαίρομεν
1200 2967 1212 2978 ·
1293 2947 1706 3022 εὐχαριστοῦμεν
1798 2945 1858 3002 δὲ

245 3032 338 3079 καὶ
419 3026 564 3098 αύτῷ
636 3035 711 3098 τῷ
774 3030 888 3101 μεθ’
963 3033 1127 3104 ἡμῶν,
1197 3038 1287 3086 καὶ
1343 3034 1495 3086 πάλιν
1553 3037 1679 3109 ὑπὲρ
1711 3038 1856 3108 ἡμῶν

246 3118 436 3169 παθεῖν
511 3116 726 3188 ἂομένῳ
782 3126 1031 3192 Χριστῷ·
1096 3121 1156 3174 οῦ
1220 3125 1322 3196 γὰρ
1382 3124 1655 3197 ἁρπαγμὸν
1715 3127 1854 3196 ἡγη-

249 3224 386 3258 σατο
413 3209 474 3256 τὸ
514 3209 924 3278 προσκυνεῖσθαι
975 3212 1070 3262 ἶσα
1105 3219 1178 3282 τῷ
1217 3219 1332 3282 Θεῷ
1363 3217 1453 3266 καὶ
1486 3218 1682 3287 Πατρί·
1727 3213 1857 3266 ἀλλὰ

247 3298 342 3346 καὶ
423 3293 582 3346 πάλιν
648 3294 773 3347 ἑκὼν
837 3294 1130 3371 παρεδόθη,
1191 3305 1281 3353 καὶ
1354 3305 1447 3352 σὺν
1513 3304 1637 3374 ἡμῖν
1703 3301 1859 3364 ἁλοὺς

249 3382 546 3441 ἑσκυλεύθη
627 3389 718 3436 καὶ
799 3383 1074 3458 ἀπηνέχθη
1147 3394 1236 3442 καὶ
1309 3387 1601 3466 παρεδόθη,
1660 3397 1749 3444 καὶ
1801 3394 1858 3442 τὸ

253 3482 418 3546 σῶμα
461 3473 622 3526 αύτοῦ
677 3481 768 3528 καὶ
806 3480 863 3528 τὸ
925 3479 1057 3550 αἷμα
1108 3483 1242 3552 πρὸς
1286 3485 1380 3538 τὴν
1421 3490 1521 3552 γῆν
1575 3485 1732 3534 πεσὸν
1771 3485 1860 3533 καὶ

1959 2323 2140 2381 futuri
2178 2321 2365 2378 divini
2406 2321 2650 2379 Sabbati
2680 2325 3066 2389 Parasceven,
3096 2323 3418 2395 lugubrem
3442 2325 3522 2380 ad
3551 2330 3611 2381 te

1959 2410 2318 2483 tragcediam
2335 2411 2895 2476 concinnassemus,
2908 2411 3225 2486 longisque
3236 2412 3612 2470 lamentatio-

1960 2500 2143 2558 nibus
2158 2500 2297 2555 novi
2322 2498 2530 2573 populi
2554 2497 2958 2571 captivitatem
2981 2498 3448 2557 deﬂevissemus.
3463 2499 3614 2566 Quia

1961 2607 2104 2647 vero
2141 2589 2295 2646 bene
2330 2587 2714 2644 credidimus.
2758 2587 3076 2658 Christum,
3109 2589 3212 2662 qui
3242 2590 3418 2646 nobis
3461 2605 3614 2646 sem-

1962 2697 2069 2754 per
2109 2678 2363 2748 adsistit,
2412 2676 2727 2733 mortalem
2784 2677 2942 2734 hanc
2993 2683 3264 2735 nostram
3309 2679 3496 2736 vitam
3533 2678 3614 2736 ad

1963 2766 2363 2824 immortalem
2389 2765 2553 2821 illam
2578 2770 2636 2821 et
2654 2766 3129 2838 praastantiorem
3156 2767 3612 2835 transformare;

1963 2873 2100 2913 ecce
2147 2855 2403 2920 contriti,
2457 2859 2702 2928 propter
2745 2855 3233 2912 reformationem
3276 2857 3339 2914 in
3377 2857 3644 2924 melius,‘

1963 2946 2274 3012 laetamur;
2325 2943 2431 3000 sed
2460 2947 2518 2999 et
2559 2945 2796 3014 agimus
2827 2945 3048 3015 gratias
3087 2945 3200 3017 ipsi
3232 2945 3478 3014 Christo,
3509 2945 3616 3018 qui

1963 3034 2280 3092 nobiscum
2332 3038 2442 3096 est,
2488 3032 2826 3104 iterumque
2876 3047 2987 3104 pro
3035 3033 3211 3089 nobis
3238 3033 3362 3104 pati
3407 3031 3610 3088 voluit.

1966 3127 2094 3181 Non
2117 3123 2276 3178 enim
2303 3121 2582 3193 rapinam
2603 3120 2925 3178 arbitratus
2946 3126 3034 3177 est
3049 3121 3288 3178 adorari
3307 3120 3618 3192 aequaliter

1965 3228 2105 3268 cum
2136 3211 2254 3266 Deo
2284 3216 2342 3266 et
2367 3211 2571 3275 Patre;
2615 3225 2822 3264 verum
2857 3209 3072 3264 iterum
3111 3214 3324 3281 sponte
3363 3209 3616 3266 traditus

1966 3307 2085 3370 est;
2118 3303 2174 3356 et
2202 3298 2524 3355 nobiscum
2557 3298 3096 3370 captus,spoliatus
3125 3303 3214 3356 est
3240 3301 3279 3366 ¹,
3314 3297 3615 3355 abductus

1965 3407 2038 3448 ac
2093 3385 2388 3463 proditus,
2429 3385 2738 3459 ipsiusque
2786 3403 3005 3460 corpus
3055 3391 3113 3444 et
3149 3387 3507 3458 sanguinem
3556 3387 3619 3442 in

1967 3483 2186 3535 terram
2219 3476 2566 3547 dejecerunt
2590 3491 2662 3531 ac
2689 3473 3048 3544 effuderunt,
3087 3480 3268 3549 atque
3301 3474 3618 3531 conculca-

248 3563 316 3637 ῥυ
375 3566 427 3615 ἓν
465 3561 720 3631 ἐπατήθη,
766 3568 856 3617 καὶ
893 3565 1062 3620 πάντα
1107 3569 1390 3641 ὑπέμεινεν,
1450 3572 1532 3622 ἵνα
1604 3575 1722 3632 τοὺς
1764 3567 1861 3622 δύο

1975 3570 2211 3634 verunt;
2243 3579 2479 3621 necnon
2509 3568 2726 3620 cuncta
2755 3563 3054 3631 sustinuit,
3087 3567 3153 3620 ut
3179 3561 3334 3620 duos
3361 3562 3622 3636 populos

252 3649 471 3724 συνάψῃ
548 3651 724 3719 λαοὺς,
780 3651 1084 3719 ἀποκτείνας
1131 3661 1225 3715 τὴν
1277 3660 1547 3732 ἓχθραν,ἣ
1577 3658 1768 3732 μᾶλλον
1801 3662 1860 3711 τὸ

251 3740 328 3801 εἰς
377 3736 476 3792 δύο
522 3742 745 3812 σχισθεν
812 3741 969 3796 αὐτοῦ
1046 3753 1216 3819 σῶμα,
1278 3747 1440 3821 ἑνώσῃ
1499 3747 1650 3800 πάλιν
1677 3747 1748 3808 εἰς
1777 3748 1858 3800 ἓν·

253 3852 284 3879 «
338 3833 432 3890 Τίς
499 3833 678 3902 σοφὸς,
753 3836 843 3884 καὶ
912 3833 1123 3905 φυλάξει
1172 3842 1359 3888 ταῦτα.
1429 3841 1516 3897 Τίς
1583 3839 1776 3904 ἱκανός,
1833 3859 1861 3886 ››

249 3922 346 3998 καὶ
419 3921 516 3976 τὴν
566 3918 635 3980 εἰς
699 3921 838 3993 ἡμᾶς
911 3923 1234 3995 θαυμάσεται
1293 3927 1431 3978 θείαν
1493 3927 1861 3998 προμήθειαν;

253 3993 522 4060 Ἐντεῦθεν
562 4009 687 4080 ἡμῖν
755 4010 918 4081 γλυκύ
992 4016 1051 4064 τὸ
1115 4013 1326 4082 ἁλῶναι,
1384 4012 1491 4074 ἡδὺ
1545 4020 1604 4068 τὸ
1659 4017 1861 4080 παθεῖν,

254 4102 350 4148 καὶ
407 4101 469 4148 τὸ
520 4097 1017 4170 αἰχμαλωτισθῆναι
1057 4103 1198 4176 φίλον
1237 4111 1326 4156 καὶ
1364 4108 1569 4179 χάριεν.
1614 4113 1730 4167 Πῶς
1763 4107 1864 4176 γὰρ

257 4185 534 4258 ἐμέλλομεν
585 4194 692 4249 τοῖς
747 4185 989 4262 ἀδελφοῖς
1059 4195 1204 4266 ἡμῶν
1267 4193 1536 4262 ένωθῆναι,
1603 4194 1675 4255 οἷς
1745 4189 1868 4245 οὐδὲ

258 4274 662 4347 προσομιλῆσαι
730 4281 853 4350 πρὶν
927 4279 1292 4352 ἠνεσχόμεθα;
1373 4281 1526 4335 Ἀλλὰ
1597 4279 1742 4334 δεινὰ
1804 4283 1869 4333 τὰ

261 4363 335 4425 εἰς
398 4367 536 4436 ἡμᾶς
591 4371 878 4436 γεγονότα;
937 4374 1041 4421 Ναὶ
1086 4371 1222 4422 πάνυ
1262 4367 1428 4440 δεινὰ,
1495 4375 1563 4432 ὡς
1627 4381 1726 4423 τῶν
1759 4378 1868 4423 Λα-

261 4459 415 4505 τίνων
485 4456 577 4526 μὶν
622 4456 713 4517 τὰς
769 4455 955 4528 ψυχὰς
1001 4457 1352 4531 λυμηνάμενοι,
1386 4469 1485 4513 τῶν
1527 4457 1584 4513 δὲ
1607 4460 1868 4532 Ῥωμαίων

263 4545 332 4594 τὰ
399 4549 640 4616 σώματα.
708 4544 847 4603 Πλὴν
891 4547 917 4597 ὁ
947 4547 1263 4620 παρακύψας
1295 4548 1364 4611 εἰς
1407 4551 1474 4601 τὰ
1513 4551 1624 4602 θεῖα
1665 4553 1870 4621 μυστή-

261 4651 358 4705 ρια
404 4631 590 4702 ὄψεται
615 4636 680 4684 τὰ
707 4639 939 4708 κρίμα-α
975 4643 1068 4687 τοῦ
1101 4645 1256 4703 Θεοῦ,
1290 4635 1576 4711 ἀμέτρητον
1615 4637 1868 4689 ἄϐυσσον.

263 4719 456 4773 Πολλοὶ
508 4724 844 4795 πατριάρχαι
915 4729 1005 4777 καὶ
1062 4724 1299 4799 βασιλεῖς
1349 4726 1680 4798 ἐπεθύμησαν
1744 4721 1873 4778 ἰδεῖν

260 4815 357 4867 τὴν
381 4813 580 4883 ἡμέραν
607 4815 822 4879 ταύτην,
859 4813 984 4866 ἀλλὰ
1014 4819 1108 4872 τὴν
1137 4819 1300 4890 χάριν
1330 4819 1523 4874 ταύτην
1553 4816 1644 4868 ούκ
1674 4814 1870 4868 ἔλαϐον.

1971 3658 2368 3720 connecteret,
2414 3651 2774 3708 interﬁciens
2819 3652 3160 3709 inimicitias
3189 3654 3233 3720 ²,
3271 3668 3378 3709 seu
3421 3651 3623 3725 potius

1971 3759 2190 3816 corpus
2222 3758 2400 3798 suum
2430 3742 2491 3797 in
2520 3740 2644 3798 duo
2670 3741 2929 3797 scissum
2951 3757 3157 3798 rursus
3177 3741 3238 3798 in
3259 3757 3450 3797 unum
3479 3755 3622 3797 con-

1967 3833 2245 3905 jungeret
2273 3836 2330 3888 et
2357 3830 2690 3888 adunaret:
2723 3853 2752 3881 «
2787 3830 2931 3896 Quis
2962 3831 3226 3903 sapiens,
3259 3835 3316 3888 et
3335 3829 3630 3887 custodiet

1972 3923 2196 3980 haec“?
2253 3920 2395 3988 Quis
2443 3919 2696 3975 idoneus
2719 3921 2761 3987 ‘,
2811 3942 2840 3970 »
2893 3925 2949 3974 et
2990 3919 3259 3975 divinam
3317 3933 3461 3988 erga
3512 3933 3626 3974 nos

1973 4010 2410 4084 providentiam
2441 4008 2835 4065 admirabitur
2853 4010 2880 4064 ?
2909 4007 3132 4062 Dehinc
3152 4006 3327 4062 nobis
3350 4005 3524 4061 dulce
3539 4009 3630 4061 est

1976 4106 2186 4171 captos
2239 4098 2444 4164 fuisse,
2489 4112 2669 4152 suave
2723 4095 2871 4167 pati,
2919 4095 2982 4150 in
3026 4093 3433 4165 captivitatem
3487 4091 3630 4148 duci

1975 4203 2186 4245 carum
2230 4191 2289 4242 et
2337 4189 2594 4257 gratum.
2629 4185 2759 4249 Quo
2791 4183 2950 4239 enim
2977 4181 3160 4239 modo
3187 4198 3324 4238 cum
3347 4179 3628 4238 fratribus

1976 4275 2198 4332 nostris
2250 4273 2536 4329 unionem
2575 4271 2947 4340 fecissemus,
2991 4286 3132 4327 cum
3179 4269 3402 4344 quibus
3429 4285 3506 4325 ne
3533 4267 3631 4324 vel

1978 4364 2236 4436 colloqui
2259 4369 2437 4419 antea
2456 4360 2942 4417 sustinebamus?
2964 4360 3077 4418 Sed
3103 4359 3311 4431 gravia
3333 4363 3474 4415 sunt
3491 4371 3630 4430 quae

1979 4454 2272 4510 adversus
2295 4467 2405 4507 nos
2437 4455 2572 4506 acta
2600 4449 2763 4506 fuere
2781 4449 2808 4505 ‘I
2837 4449 3104 4506 Profecto
3120 4448 3298 4522 plane
3324 4449 3633 4519 gravia,ut

1980 4559 2116 4617 quae
2141 4541 2482 4597 Latinorum
2503 4539 2749 4612 quidem
2780 4539 3461 4606 animas,Romanorum
3489 4548 3634 4590 vero

1982 4650 2089 4690 seu
2119 4635 2459 4689 Graecorum
2511 4645 2767 4702 corpora
2805 4627 3238 4686 labefactarint.
3284 4629 3500 4683 Verum
3530 4623 3636 4697 qui

1983 4725 2043 4778 in
2093 4721 2301 4777 divina
2356 4724 2583 4776 secreta
2623 4717 3063 4791 introspexerit,
3109 4714 3338 4788 judicia
3373 4713 3495 4782 Dei,
3521 4713 3634 4767 ima-

1983 4825 2258 4866 mensam
2285 4807 2580 4880 abyssum
2610 4810 3041 4878 conspecturus
3070 4808 3178 4860 est.
3206 4801 3363 4858 Multi
3389 4799 3637 4874 patriar-

263 4903 357 4970 Σύ,
398 4894 656 4967 δέσποτα,
697 4903 826 4973 μετὰ
851 4902 1038 4964 πολλὰς
1073 4908 1246 4975 γενεὰς
1277 4905 1506 4968 ἠξιώθης
1547 4907 1745 4966 ταύτης
1780 4911 1861 4962 τῆι

1985 4899 2113 4955 chaa
2144 4904 2201 4954 et
2231 4897 2620 4970 imperatores
2650 4895 2811 4950 diem
2848 4894 3010 4949 hunc
3039 4892 3239 4948 videre
3259 4889 3637 4946 desiderave-

264 4991 512 5062 χάριτος,
540 4989 839 5049 ἑνῶσαιτην
865 4992 1148 5051 Ἀνατολὴν
1175 4999 1264 5046 καὶ
1298 4999 1390 5051 τὴν
1423 4997 1601 5056 Δύσιν,
1630 4997 1720 5045 καὶ
1745 4991 1874 5044 ἀπὸ·

268 5079 458 5140 στολος
527 5077 963 5154 τρισκαιδέκατος
1027 5085 1270 5154 γενέσθαι
1339 5088 1429 5135 καὶ
1503 5082 1872 5156 ὀνομάζεσθαι.

1983 4994 2142 5054 runt,
2186 4986 2292 5042 sed
2339 5001 2474 5041 eam
2533 4983 2787 5056 gratiam
2835 4997 2957 5038 non
2997 4985 3136 5038 sunt
3173 4979 3498 5036 consecuti.
3529 4981 3636 5048 Tu,

1985 5079 2249 5144 domine,
2315 5081 2453 5150 post
2515 5073 2736 5131 multas
2807 5072 3223 5144 generationes
3276 5069 3392 5126 hac
3446 5069 3640 5141 gratia

263 5167 490 5238 dignus
521 5167 766 5224 habitus
822 5185 908 5239 es,
969 5177 1035 5227 ut
1068 5171 1367 5229 Orientem
1405 5187 1476 5226 ac
1526 5169 1908 5227 Occidentem
1963 5169 2158 5235 unias,
2216 5171 2275 5223 et
2337 5165 2610 5222 decimus
2659 5163 2864 5220 tertius
2911 5160 3222 5234 apostolus
3277 5159 3389 5218 ﬁas
3425 5175 3496 5217 ac
3525 5174 3637 5216 no-

266 5258 539 5314 mineris.

343 5343 512 5409 οἶδας
574 5345 652 5419 δὲ,
699 5353 838 5422 τίμιε
891 5347 1145 5419 δέσποτα,
1207 5354 1266 5403 τὸ
1331 5352 1475 5425 παρὰ
1535 5355 1670 5402 Θεοῦ
1726 5345 1874 5400 δοθὶν

267 5444 384 5498 τοῖς
464 5435 758 5509 ἀνθρώποις
828 5446 1084 5513 φρόνημα,
1138 5445 1228 5493 καὶ
1297 5441 1376 5492 ὅτι
1425 5437 1770 5510 βουλομένων,
1816 5435 1875 5488 ού

349 5574 370 5608 ⁸
409 5570 667 5643 Philipp.
701 5585 763 5638 ιι,
794 5572 847 5626 6.
924 5570 948 5604 ³
985 5566 1199 5640 Ephes.
1228 5580 1290 5634 ιι,
1323 5565 1521 5634 15,16.

1598 5561 1621 5596 ⁸
1655 5559 1808 5618 Psal.
1832 5575 1940 5628 CVI,
1976 5561 2069 5616 43.

2054 5343 2215 5402 Nosti
2262 5346 2485 5404 autem.
2537 5339 2892 5397 honorande
2948 5337 3216 5408 domine,
3247 5336 3383 5410 quis
3427 5351 3640 5392 sensus

1983 5432 2334 5491 hominibus
2359 5447 2396 5487 a
2417 5433 2536 5486 Deo
2551 5431 2730 5487 datus
2752 5428 2944 5499 fuerit,
2977 5427 3264 5500 quodque
3289 5423 3636 5490 volentium,

2144 5558 2168 5594 ὀ
2206 5559 2251 5613 ιι
2281 5557 2412 5614 Cor.
2434 5570 2497 5624 ιι,
2522 5558 2608 5610 16.
