4152 6208
505 270 610 327 295

508 482 803 537 mentum.
838 479 957 533 Hoc
976 475 1137 533 enim
1167 475 1217 530 si
1250 474 1333 532 ita
1361 490 1484 531 non
1524 478 1697 546 esset,
1718 474 1887 548 ipsos
1916 487 2160 547 quoque

507 568 746 625 Judaeos
765 565 1133 637 baptizarem
1142 580 1212 620 us
1229 564 1464 621 invitos.
1481 563 1819 633 Quiaigitur
1837 563 1897 619 in
1914 562 2163 632 dogma-

509 657 670 715 tibus
701 670 946 728 poenam
972 654 1220 726 quidem
1233 654 1565 723 irrogareet
1584 668 1796 724 cogere
1826 650 2160 708 absurdum

510 752 617 818 est,
682 744 1036 802 facillimum
1086 743 1334 817 quippe,
1393 759 1463 800 ac
1502 742 1759 816 potentis
1801 740 2159 813 cujuslibet;

507 834 870 910 persuadere
909 838 1133 897 autem,
1172 833 1531 904 dogmatum
1561 832 1866 906 principiis
1915 828 2160 899 utendo,

453 982 463 989 ,
508 924 655 983 boni
685 923 795 981 viri
832 927 921 979 est
949 927 1006 979 et
1035 921 1283 979 colentis
1306 923 1649 992 veritatem;
1679 920 2052 978 electurusne
2076 935 2160 988 es,

508 1013 773 1081 domine,
822 1011 999 1068 nobis
1054 1011 1177 1067 vim
1239 1010 1472 1084 absque
1526 1013 1801 1068 examine
1852 1007 2161 1077 adhibere,

506 1109 801 1175 tanquam
851 1100 1044 1157 brutis
1099 1100 1527 1167 animantibus,
1584 1105 1649 1156 ut
1704 1102 2023 1168 mutemur,
2083 1110 2163 1153 an

506 1193 707 1266 potius
744 1204 1053 1246 sermones
1106 1195 1343 1246 nostros
1390 1188 1723 1259 admittere,
1764 1194 1821 1246 et
1868 1188 2163 1246 rationem

508 1282 959 1351 orationemque
988 1277 1165 1335 nobis
1193 1278 1505 1352 impertiri,
1536 1294 1658 1350 quo
1687 1278 2031 1334 divinarum
2068 1296 2162 1337 re-

508 1386 644 1427 rum
694 1367 912 1424 veritas
962 1366 1338 1439 expendatur
1397 1371 1456 1423 et
1520 1372 1939 1438 cognoscatur.
2008 1369 2163 1426 Scito

509 1472 796 1529 namque,
822 1472 859 1512 a
887 1456 1063 1512 nobis
1079 1454 1375 1528 posterius
1401 1455 1647 1527 probari
1671 1460 1728 1512 et
1764 1457 1975 1529 quaeri,
1997 1458 2163 1529 quod

506 1545 588 1601 illi
605 1544 891 1601 divinitus
917 1543 1133 1600 tradito
1153 1543 1336 1599 verbo
1366 1543 1853 1614 obtemperemus
1887 1561 1901 1600 :
1940 1567 1961 1596 ι
1998 1549 2166 1603 Scru-

508 1634 719 1691 tamini
761 1633 1150 1706 Scripturas“.
1178 1654 1205 1683 »
1245 1635 1351 1688 Per
1370 1632 1713 1689 violentiam
1745 1639 1946 1690 autem
1983 1651 2164 1693 nemo

1984 257 2385 317 GRECORUM

508 403 632 448 non
662 385 1044 461 tyrannicam
1080 384 1204 442 vim
1242 399 1567 459 passorum
1599 384 1674 441 sit
1702 381 1935 457 pietatis
1963 398 2158 441 sacra-

2271 380 2687 456 τυραννουμένῶν
2755 382 2815 433 τὸ
2896 387 2987 443 τῆς
3061 380 3317 445 εὐσεϐείας

3762 259 3870 319 296

3403 386 3715 460 μυστήριον.
3806 385 3872 440 Εἰ

2267 473 2369 544 γάρ
2436 474 2507 545 μή
2570 477 2738 541 τοῦτο,
2808 474 2899 524 καὶ
2966 470 3155 535 αύτούς
3232 475 3353 536 τοῦς
3427 473 3698 547 Ἐϐραίους
3761 475 3870 547 ούχ

2270 560 2475 621 ἑκόντας
2531 558 2591 612 ἂν
2644 558 3017 633 ἐϐαπτίσαμεν.
3106 560 3247 615 Ἐπεὶ
3313 570 3587 637 τοιγαροῦν
3653 567 3711 616 τό
3775 568 3868 636 μὲν

2271 648 2511 722 ἐπιτιμᾷν
2559 652 2608 702 ἐν
2658 657 2767 712 τοῖς
2834 646 3067 723 δόγμασι
3126 656 3215 702 καὶ
3285 651 3568 724 βιάζεσθαι
3625 655 3816 706 ἄτοπον
3847 667 3865 683 ⁶

2268 739 2458 813 ῥᾷστον
2478 740 2577 813 γὰρ
2609 742 2698 791 καὶ
2728 746 2820 790 τοῦ
2852 735 3138 809 δυναμένου
3181 745 3370 802 παντός
3392 761 3404 774 ·
3464 744 3522 793 τὸ
3573 737 3633 794 δὲ
3674 743 3869 794 πείθειν

2269 834 2536 902 χρώμενον
2574 836 2688 890 ταῖς
2740 836 2837 881 τῶν
2892 825 3171 901 δογμάτων
3210 827 3407 903 ἀρχαῖς
3450 827 3638 904 ἀνδρὸς
3667 830 3870 903 ἀγαθοῦ

2269 922 2360 970 καὶ
2418 916 2649 978 σέϐοντος
2689 921 2781 976 τήν
2825 916 3099 976 ἀλήθειαν·
3157 924 3369 992 πότερον
3416 918 3568 987 ἕλοιο,
3610 917 3867 991 δέσποτα,

2269 1008 2329 1057 τό
2397 1003 2686 1078 βιάζεσθαι
2747 1007 2883 1078 ἡμᾶς
2937 1005 3305 1073 ἀνεξετάστως,
3367 1010 3435 1070 ὡς
3496 1008 3683 1081 ἄλογα,
3740 1012 3869 1084 πρὸς

2270 1096 2566 1167 μετάθεσιν,
2616 1096 2645 1154 ἢ
2700 1091 3095 1170 προσδέξασθαι
3161 1100 3275 1158 τοὺς
3338 1099 3617 1171 ἡμετέρους
3680 1096 3870 1171 λόγους

2270 1188 2360 1237 καὶ
2401 1180 2717 1257 μεταδοῦναι
2787 1183 2936 1256 λόγον
3013 1184 3159 1257 ἡμῖν,
3226 1188 3295 1247 ὡς
3334 1188 3700 1259 γυμνασθῆναι
3777 1193 3871 1239 καὶ

2270 1274 2571 1344 γνωσθῆναι
2640 1277 2734 1331 τήν
2797 1281 2893 1326 τῶν
2959 1274 3104 1325 θείων
3142 1277 3498 1349 ⁴πραγμάτων
3573 1274 3863 1343 ἀλήθειαν;

2271 1361 2413 1415 Ἰσθι
2480 1365 2580 1434 γὰρ
2635 1364 2717 1413 ότι
2768 1364 2828 1413 τὸ
2883 1365 2973 1433 μεν
3022 1358 3258 1436 δεύτερον
3299 1362 3600 1437 ἐπαινοῦμεν
3638 1369 3728 1416 καὶ
3773 1364 3869 1425 ζη-

2271 1459 2477 1524 τοῦμεν,
2535 1458 2608 1522 τῷ
2654 1448 3023 1525 θεοπαραδότῳ
3080 1455 3188 1505 ἔπει
3248 1455 3561 1525 πειθόμενοι,
3620 1454 3820 1527 λέγοντι
3854 1472 3867 1487 °

2275 1563 2303 1590 ιι
2371 1539 2635 1616 Ἐρευνᾱτι
2696 1541 2787 1600 τὰς
2836 1543 3078 1615 Γραφάςο
3139 1562 3166 1589 ››
3232 1548 3293 1613 τῇ
3361 1540 3459 1614 βία
3516 1538 3574 1595 δε
3610 1539 3781 1603 οὐδεὶς
3820 1541 3875 1605 ἐξ

2274 1630 2418 1702 ήμῶν
2466 1628 2690 1691 ἀλωτός·
2758 1626 2884 1680 ἀλλά
2929 1631 3115 1691 πάντες
3170 1629 3234 1690 ὡς
3287 1629 3414 1704 ύπερ
3467 1638 3701 1706 Χριστοῦ
3758 1651 3875 1682 κιν-

506 1728 781 1780 nostrum
810 1722 946 1795 capi
972 1727 1199 1794 potest;
1249 1721 1357 1778 sed
1386 1722 1583 1778 cuncti
1608 1722 1783 1794 quasi
1805 1737 1913 1795 pro
1936 1724 2158 1782 Christo

2276 1715 2611 1791 δυνεύσομεν.
2664 1718 2893 1791 Οὶόμεθα
2940 1714 2999 1770 δὲ
3050 1724 3139 1771 καὶ
3181 1718 3297 1771 λίαν
3344 1719 3630 1792 εὐστόχως,
3666 1720 3747 1773 ὅτι
3785 1724 3877 1772 καὶ

506 1810 1004 1885 periclitabimur.
1028 1814 1204 1867 Porro
1222 1811 1638 1867 existimamus
1654 1810 1988 1869 admodum
2010 1814 2165 1871 veri-

509 1900 797 1967 similiter,
829 1900 1104 1972 spiritum
1154 1899 1464 1972 sapientite
1506 1904 1622 1955 tuae
1644 1900 1777 1971 jure
1804 1903 2016 1959 merito
2053 1919 2167 1959 nos

507 2006 580 2047 ea
632 1990 695 2045 in
750 2006 813 2045 re
863 1988 1275 2045 laudaturum.
1306 1987 1648 2044 Laudabilis
1695 1990 1855 2047 enim
1900 1997 1992 2048 est
2027 1993 2165 2066 qui-

506 2084 768 2151 cumque
797 2077 877 2135 ad
906 2078 1266 2150 synodicum
1291 2076 1609 2148 judicium,
1652 2078 1934 2153 illincque
1959 2096 2165 2153 proce-

505 2166 745 2224 dentem
781 2166 1141 2224 sententiam
1165 2165 1449 2239 appellat.

579 2258 783 2329 Itaque
813 2254 1312 2328 quandoquidem
1338 2256 1625 2327 exiguum
1650 2255 2031 2315 interstitium
2064 2261 2166 2318 La-

508 2344 663 2401 tinos
715 2344 870 2400 inter
913 2348 970 2400 et
1022 2347 1255 2401 Graecos
1311 2348 1422 2415 est,
1454 2344 1623 2417 quod
1672 2345 1850 2402 unius
1892 2347 2164 2405 Ecclesia:

506 2432 959 2489 continuitatem
974 2430 1169 2500 solvit,
1194 2436 1385 2487 statue
1398 2433 1590 2505 synod
1602 2450 1702 2489 um
1729 2436 2164 2494 mcumenicam

506 2520 880 2593 congregari,
932 2524 991 2576 et
1046 2521 1381 2592 majestatis
1433 2527 1546 2577 tum
1602 2523 1858 2579 vicarios
1924 2526 2158 2594 mittito,

505 2609 729 2681 ﬁatque
776 2607 1167 2681 colloquium,
1194 2608 1591 2683 omniumque
1647 2618 2162 2672 controversorum

506 2697 741 2755 solutio.
772 2699 832 2755 Si
869 2702 935 2753 tu
963 2713 1226 2771 quoque,
1267 2697 1441 2769 juxta
1496 2715 1789 2771 magnum
1818 2703 2158 2775 apostolum

505 2786 761 2843 Paulum
802 2788 844 2853 ⁶,
906 2787 1009 2843 Dei
1056 2787 1237 2842 fueris
1281 2786 1543 2859 adjutor,
1600 2792 1866 2862 prompti
1924 2809 2155 2858 sumus,

505 2875 770 2940 domine,
784 2889 896 2931 nos
924 2891 1168 2948 quoque
1182 2892 1217 2932 a
1234 2873 1477 2932 dicecesi
1503 2879 2161 2953 Constantinopolitana

503 2964 829 3032 discedere,
879 2969 1060 3037 atque
1116 2964 1541 3035 migrationem
1592 2967 1651 3022 in
1711 2968 2007 3027 Orientem
2064 2972 2161 3028 vel

505 3052 884 3142 Occidentem
916 3052 1240 3125 suscipere.
1282 3053 1396 3110 Sed
1425 3060 1483 3110 et
1517 3059 1809 3128 putamus
1841 3057 2157 3116 dominum
2188 3087 2228 3142 α

501 3140 723 3199 habere
744 3142 1167 3214 imperatorem
1193 3146 1465 3198 nostrum
1510 3142 1803 3208 Sirerrim.
1835 3152 2015 3220 atque
2045 3148 2159 3206 sub

504 3232 636 3303 ejus
666 3230 885 3287 umbra
904 3231 1120 3301 vivere,
1155 3231 1430 3287 mercede
1462 3233 1703 3297 servire,
1733 3250 1912 3305 agros
1941 3237 2158 3305 colere,

501 3334 770 3393 pascere,
790 3335 956 3377 mare
980 3319 1305 3391 navigare:
1342 3320 1577 3394 absque
1601 3323 1776 3379 nobis
1807 3332 2009 3382 autem
2036 3343 2159 3384 non

501 3407 849 3481 implebitur
878 3424 1039 3477 area,
1071 3424 1268 3481 neque
1316 3410 1595 3479 torcular,
1654 3427 1776 3468 non
1813 3415 2160 3472 comedetur

503 3498 700 3570 panis,
750 3513 874 3554 non
925 3513 1089 3567 caro,
1141 3513 1263 3553 non
1306 3499 1509 3570 piscis,
1538 3515 1657 3556 non
1690 3501 1854 3571 olus;
1914 3505 2016 3561 sed
2047 3522 2159 3562 ncc

506 3585 690 3642 stabit
717 3586 836 3642 vita
858 3590 915 3641 et
951 3588 1327 3643 conversatio
1352 3587 1642 3644 humana.
1672 3592 1736 3645 Et
1756 3590 1885 3646 haec
1909 3594 2157 3665 quidem

504 3673 888 3729 elaboramus
920 3673 1204 3730 fratribus
1248 3676 1465 3730 nostris
1501 3677 1737 3745 Latinis,
1761 3684 1940 3751 atque
1961 3682 2158 3739 confe-

502 3761 715 3828 rimus,
756 3776 827 3817 ex
869 3760 1148 3817 deteriori
1178 3762 1312 3818 vitae
1342 3768 1562 3819 nostrae
1599 3767 1892 3838 portione,
1920 3772 2157 3827 mortali

502 3848 790 3906 nimirum
812 3848 913 3907 illa
929 3854 986 3907 et
1011 3848 1431 3919 dissolvenda;
1465 3853 1742 3925 cupimus
1763 3861 1962 3913 autem
1974 3859 2156 3916 etiam

498 3938 674 4011 juxta
698 3937 994 4012 potiorem
1021 3939 1234 3995 eadem
1262 3940 1497 4011 sentire,
1543 3948 1664 3999 tum
1709 3945 1980 4017 quandiu
2016 3948 2158 4005 vivi-

500 4042 659 4099 mus,
720 4034 847 4085 tum
895 4034 1031 4101 post
1071 4034 1350 4099 mortem,
1407 4035 1471 4087 ut
1520 4032 1621 4104 qui
1664 4034 1939 4091 membra
1967 4037 2155 4094 simus

500 4118 681 4176 unius
730 4118 996 4191 corporis
1052 4118 1410 4176 immortalis
1468 4137 1481 4177 :
1542 4122 1798 4196 ideoque
1836 4126 2155 4183 scribimus

499 4203 767 4279 quotidie
821 4207 900 4262 ad
960 4207 1367 4265 Occidentales
1424 4225 1524 4281 per
1578 4214 1885 4281 regionem
1940 4216 2152 4273 fratres

498 4299 764 4361 nostros,
793 4295 1240 4351 comministros
1261 4302 1317 4353 et
1338 4299 1746 4372 coepiscopos,
1769 4309 2012 4375 paratos
2027 4321 2153 4361 esse

500 4382 581 4440 ad
633 4382 1219 4455 Constantinopolim
1272 4390 1609 4443 convenire.
1659 4390 1811 4454 Quin
1863 4393 2042 4449 etiam
2091 4394 2152 4449 in

498 4484 887 4544 quacumque
944 4471 1250 4543 provincia
1299 4475 1512 4545 positis
1559 4479 2049 4549 suggerimus,ut
2089 4482 2151 4538 in

496 4557 700 4616 locum
720 4558 1135 4615 defunctorum
1168 4561 1542 4631 pontificum,
1584 4563 1726 4620 alios
1758 4565 1931 4637 juxta
1968 4586 2148 4627 cano-

496 4660 647 4705 num
674 4647 1021 4721 praescripta
1047 4647 1324 4705 ordinent
1349 4665 1363 4715 ;
1397 4651 1779 4725 maximeque
1811 4672 1934 4728 prae
1964 4659 2152 4715 omni~

495 4736 635 4807 bus,
653 4737 713 4794 in
740 4736 887 4794 urbe
914 4736 1100 4808 regia.
1118 4738 1357 4809 Oportet
1376 4738 1537 4796 enim
1552 4748 1798 4799 cunctos
1818 4746 1881 4801 in
1912 4748 2148 4819 synodo

495 4827 829 4896 considere,
857 4830 985 4884 tum
1013 4831 1289 4883 nostrum
1319 4828 1744 4903 patriarcham,
1783 4838 1909 4891 tum
1933 4844 2147 4894 metro-

494 4914 728 4986 politas,
759 4914 1028 4988 aliosque
1072 4914 1407 4988 pontiﬁces,
1437 4917 1705 4993 nihilque
1734 4924 2013 4982 mutilum
2039 4928 2148 4984 im-

494 5002 948 5076 perfectumque
974 5004 1224 5061 inveniri
1250 5005 1417 5079 apud
1444 5022 1576 5066 nos.

564 5180 728 5251 Opus
757 5181 956 5236 autem
985 5177 1163 5237 nobis
1190 5185 1279 5238 est
1307 5184 1486 5243 etiam
1527 5192 1664 5246 ante
1709 5190 2011 5264 synodum
2043 5210 2144 5267 pa-

492 5267 751 5325 triarcha
797 5267 1070 5340 ejusdem
1125 5273 1428 5330 sententiae
1472 5292 1543 5333 ac
1590 5280 1774 5350 vocis,
1801 5281 1906 5355 qui
1931 5282 2144 5342 doceat

562 5392 584 5428 ⁸
615 5391 788 5450 Joan.
815 5408 876 5463 v,
903 5394 991 5450 39.
1035 5394 1055 5429 δ
1085 5395 1107 5448 l
1139 5395 1266 5452 Cor.
1291 5412 1371 5470 ιιι,
1402 5404 1458 5457 9.

550 5515 1459 5610 ,(1)Ξὲὲῥξξίν·,ἓίὶ¹“ίὲ)ξξὲυϐἱβρ.ἥζδ›
1484 5530 1588 5584 δαί
1608 5528 1873 5610 epeia.
1901 5538 2135 5610 Σιρερῆν,

487 5587 625 5650 Sire
645 5587 879 5663 He'n'ry.
928 5587 1034 5651 Est
1070 5590 1234 5654 enim
1256 5587 1458 5672 ’Ὲρῥῆξ
1487 5614 1594 5658 seu
1627 5587 2134 5683 'Epia'cﬁleni‘ieus;

2272 1810 2329 1860 τὸ
2384 1815 2586 1880 πνεῦμα
2638 1814 2730 1868 τῆς
2783 1815 2878 1868 σῆς
2918 1811 3103 1879 σοφίας
3142 1803 3361 1870 δικαίως
3409 1806 3495 1861 ἐπὶ
3523 1811 3706 1861 τούτου
3736 1809 3879 1881 ἡμᾶς

2274 1895 2617 1950 ἐπαινέσεται.
2679 1894 2971 1957 Ἐπαινετός
3017 1898 3119 1969 γὰρ
3181 1896 3314 1959 άπας
3352 1898 3378 1948 ὁ
3438 1895 3727 1956 συνοδικήν
3758 1895 3879 1949 ἐπι-

2272 1986 2584 2059 καλούμενος
2612 1989 2785 2061 κρίσιν
2824 1990 2913 2037 xui
2934 1990 3027 2044 τήν
3057 1984 3244 2040 ἐκεῖθεν
3266 1982 3575 2059 διάγνωσιν.

2341 2256 2525 2305 Τοίνυν
2569 2249 2676 2305 ἐπεὶ
2726 2254 2910 2327 μικρόν
2961 2247 3072 2304 ἐστι
3125 2251 3185 2305 τὸ
3234 2250 3428 2325 μεταξύ
3476 2259 3575 2305 τῶν
3635 2253 3872 2307 Λατίνων

2271 2333 2360 2395 xui
2426 2350 2525 2394 τῶν
2614 2340 2876 2413 Ῥωμαίων
2931 2345 3271 2414 μεταίχμιον,
3338 2340 3365 2394 ὃ
3444 2339 3553 2394 λύει
3623 2345 3716 2400 τήν
3773 2349 3872 2405 τῆς

2270 2437 2395 2503 μιᾶς
2456 2429 2768 2491 Ἐκκλησίας
2818 2434 3115 2502 συνέχειαν,
3172 2431 3385 2490 θέλησον
3433 2427 3652 2484 σύνοδον
3689 2430 3872 2483 οἰκου-

2270 2525 2481 2593 μενικήν
2549 2518 2911 2592 ἀθροισθῆναι,
2966 2518 3320 2583 ἐξαποστελεῐς
3386 2516 3445 2573 δε
3508 2522 3871 2595 τοποτηρητάς

2269 2619 2359 2671 τῆς
2427 2618 2522 2671 σῆς
2548 2608 2967 2682 μεγαλειότητος,
3016 2614 3106 2663 xui
3158 2608 3454 2680 λαληθήτω,
3520 2614 3609 2662 καὶ
3658 2609 3870 2668 λυθήτω

2268 2705 2369 2752 πᾶν
2415 2703 2473 2751 τὸ
2528 2698 3028 2772 ἀμφισϐητούμενον.
3092 2698 3208 2752 Ἐἀν
3263 2702 3371 2760 εἴης
3409 2703 3499 2751 καὶ
3547 2698 3703 2760 αὐτὸς
3742 2718 3869 2751 συν-

2268 2792 2411 2863 εργός
2468 2796 2621 2859 Θεοῦ,
2681 2790 2815 2841 κατά
2881 2787 3080 2840 Παῦλον
3163 2790 3249 2841 τὸν
3327 2792 3486 2861 μέγαν
3559 2786 3868 2855 ἀπόστολον,

2268 2880 2494 2951 εὐχερῶς
2556 2879 2765 2948 ἔχομεν,
2829 2872 3082 2945 δέσποτα,
3140 2881 3230 2928 καὶ
3302 2876 3451 2929 αὐτοὶ
3516 2874 3714 2952 ἀπᾶραι
3774 2883 3872 2937 τῆς

2269 2964 2578 3027 διοικήσεως
2639 2964 3242 3037 Κωνσταντινουπόλεως,
3272 2972 3361 3018 καὶ
3412 2971 3676 3037 μετοικίαν
3734 2983 3871 3018 στα-

2266 3054 2417 3115 λῆναι
2455 3058 2585 3128 πρός
2640 3058 2733 3112 τήν
2773 3051 3044 3124 ἀνατολήν,
3106 3054 3134 3112 ἦ
3200 3058 3294 3112 τήν
3363 3050 3539 3109 δύσιν,
3595 3052 3747 3106 Ἀλλά
3810 3072 3874 3125 γε

2269 3144 2482 3218 οἰόμεθα
2524 3143 2772 3201 αὐθέντην
2842 3145 2983 3214 ἔχειν
3058 3145 3144 3195 τόν
3210 3140 3436 3215 βασιλέα
3477 3145 3623 3215 ήμῶν
3690 3141 3871 3217 Σιρρε-

2266 3240 2349 3309 ρὶν
2376 3235 2474 3306 (1),
2511 3237 2599 3285 καὶ
2644 3234 2743 3284 ὑπὸ
2806 3236 2898 3291 τήν
2950 3234 3102 3284 σκιὰν
3149 3234 3334 3284 τούτου
3372 3232 3487 3305 ζῇν,
3520 3237 3611 3284 καὶ
3638 3233 3869 3289 θητεύειν

2267 3329 2357 3376 καὶ
2398 3329 2659 3394 γηπονείν,
2700 3326 2790 3373 καὶ
2849 3325 3161 3392 ποιμαίνειν,
3219 3325 3307 3372 καὶ
3352 3320 3517 3373 πλέειν
3563 3319 3866 3373 θάλασσαν·

2267 3418 2438 3488 χωρὶς
2498 3408 2556 3465 δε
2608 3414 2752 3483 ήμῶν
2810 3410 2867 3463 ού
2920 3410 3323 3485 πληρωθήσεται
3369 3408 3524 3476 άλως,
3562 3405 3686 3461 οὐδὲ
3712 3408 3869 3471 ληνὸς

2268 3499 2391 3556 οὐδε
2450 3500 2785 3576 βρωθήσεται
2834 3502 3005 3573 οῖρτος,
3064 3500 3122 3551 ού
3161 3504 3329 3575 κρέας,
3383 3499 3476 3552 οῦκ
3526 3499 3700 3572 ἰχθύς,
3741 3494 3868 3551 ούδὶ

2265 3592 2493 3663 λάχανον
2527 3612 2539 3625 ·
2610 3590 2718 3642 αλλ’
2793 3585 2916 3642 ούδε
2964 3588 3254 3662 ἀνθρωπίνη
3310 3589 3417 3650 ζωή
3487 3592 3576 3640 καὶ
3633 3587 3870 3640 πολιτεία

2270 3683 2611 3739 σταθήσεται.
2666 3684 2766 3733 Καὶ
2821 3686 2988 3731 ταῦτα
3028 3683 3203 3750 μέντοι
3258 3686 3508 3750 πονοῦμεν
3560 3685 3668 3740 τοῖς
3716 3673 3868 3729 ἀδελ-

2269 3778 2380 3843 φοῖς
2437 3771 2581 3844 ἡμῶν
2637 3776 2745 3831 τοῖς
2809 3772 3069 3833 Λατίνοις,
3126 3771 3215 3819 καὶ
3272 3769 3680 3839 συγκομίζομεν,
3730 3769 3870 3819 κατά

2267 3864 2324 3912 τὸ
2372 3867 2552 3933 χεῖρον
2618 3866 2712 3918 τῆς
2779 3856 2919 3919 ζωῆς
2982 3858 3126 3927 ἡμῶν
3184 3860 3356 3928 μέρος,
3405 3858 3465 3907 τὸ
3529 3857 3709 3912 θνητὸν
3775 3860 3869 3907 καὶ

2265 3947 2504 4021 λυόμενον
2538 3965 2553 3981 ⁸
2610 3946 2839 4018 ἐθέλομεν
2907 3942 2965 3998 δὲ
3014 3949 3104 3996 καὶ
3159 3948 3295 3996 κατὰ
3350 3947 3407 3996 τὸ
3454 3952 3681 4018 κρεῖττον
3739 3945 3867 4016 ὁμο-

2268 4046 2523 4109 φρονῆσαι
2580 4041 2669 4088 καὶ
2717 4036 2924 4103 ζῶντες,
2990 4039 3080 4086 xui
3132 4036 3262 4105 μετά
3334 4034 3565 4101 θάνατον,
3614 4034 3683 4093 ὡς
3730 4031 3860 4105 μελη

2269 4133 2510 4199 σώματος
2571 4125 2678 4187 ἑνός
2730 4123 2988 4176 ἀθανάτου
3028 4124 3415 4194 τυγχάνοντες·
3469 4126 3559 4174 καὶ
3598 4117 3690 4173 διὰ
3708 4129 3865 4174 τοῦτο

2264 4218 2523 4291 γράφομεν
2571 4215 2898 4271 καθεκάστην
2958 4216 3048 4263 καὶ
3104 4214 3236 4285 πρὸς
3284 4215 3532 4273 Δυτικούς
3559 4219 3654 4271 τῆς
3681 4215 3865 4286 χώρας

2266 4302 2518 4377 ἀδελφούς
2574 4305 2720 4376 ἡμῶν
2776 4306 2866 4354 καὶ
2929 4300 3355 4374 συλλειτουργούς
3392 4304 3481 4351 xui
3543 4302 3861 4352 συνεπισκό-

2262 4413 2411 4459 πους,
2481 4393 2713 4465 ἑτοίμους
2770 4389 2897 4443 εἶναι
2948 4389 3202 4442 συνελθεῖν
3246 4389 3312 4450 εἰς
3371 4390 3859 4441 Κωνσταντινούπο-

2259 4482 2355 4535 λιν.
2420 4481 2575 4536 Ἀλλὰ
2644 4486 2734 4533 καὶ
2790 4488 2895 4539 τοῖς
2950 4480 3085 4530 κατά
3146 4483 3318 4530 πᾶσαν
3363 4474 3623 4552 ἐπαρχίαν
3682 4477 3858 4529 ύποτι-

2262 4575 2461 4646 θέαμεν,
2518 4570 2630 4624 ἀντὶ
2680 4578 2778 4622 τῶν
2837 4568 3248 4625 τελευτησάντων
3291 4564 3599 4641 ἀρχιερέων,
3656 4565 3855 4639 ἐτέρους

2256 4668 2630 4738 χειροτονῆσαι
2680 4666 2958 4719 κανονικῶς
2989 4672 3001 4685 ·
3064 4661 3154 4709 καὶ
3201 4654 3437 4728 μάλιστά
3488 4673 3548 4725 γε
3584 4658 3682 4729 πρὸ
3728 4656 3854 4707 πάν-

2255 4772 2354 4805 των
2430 4750 2500 4811 εἰς
2576 4753 2669 4807 τὴν
2720 4755 2818 4801 τὼν
2881 4745 3073 4799 πόλεων
3132 4743 3539 4817 βασιλεύουσαν.
3608 4750 3691 4796 Δεῖ
3746 4744 3848 4815 γὰρ

2253 4844 2437 4900 πάντος
2475 4840 2522 4891 ἐν
2571 4846 2630 4910 τῇ
2669 4833 2874 4908 συνόδῳ
2914 4831 3292 4904 συνεδριάζειν,
3348 4837 3437 4886 καὶ
3471 4836 3557 4885 τὸν
3610 4834 3853 4906 ἡμέτερον

2254 4930 2615 5003 πάτριάρχην,
2662 4927 2899 4987 καὶτοὺς
2938 4921 3343 4997 μητροπολίτας,
3388 4925 3476 4973 καὶ
3509 4923 3631 4983 τούς
3667 4918 3857 4982 ἄλλους

2256 5017 2538 5093 ἀρχιερεῖς,
2568 5020 2657 5068 καὶ
2695 5009 2861 5088 μηδὲν
2892 5014 3016 5085 ἡμῖν
3048 5010 3243 5072 ἐλλιπὲς
3266 5012 3552 5083 εὑρεθῆναι.

2322 5200 2487 5271 Χρεία
2537 5191 2595 5248 δὲ
2646 5195 2769 5266 ἡμῖν
2818 5194 2905 5244 καὶ
2956 5191 3056 5267 πρὸ
3088 5196 3182 5251 τῆς
3221 5184 3447 5241 συνόδου
3489 5187 3855 5262 όμογνώμονος

2248 5288 2585 5362 πατριάρχου
2664 5288 2755 5336 καὶ
2808 5282 3097 5355 ὁμόφωνον,
3168 5274 3481 5342 διδάξαντος
3533 5279 3601 5331 τὰ
3648 5278 3847 5337 συνήθη

2248 5537 2501 5604 Erricus,
2532 5533 2824 5604 Herricus,
2852 5531 3077 5592 Ericus.
3109 5532 3319 5606 Γέρικος
3346 5531 3411 5590 in
3437 5530 3596 5589 Hist.
3624 5527 3844 5591 consil.

2244 5612 2540 5682 Florent.,
2560 5624 2623 5682 p.
2645 5610 2735 5673 20,
2765 5609 2856 5664 40.
