4152 6208
210 301 321 360 297

1376 293 1589 362 Ειιιετ.
1628 302 1726 360 ΑΙ)
1774 294 2250 363 ῙΝΝΟΟΕΝΤΙΠΜ
2297 302 2393 364 ΙΙΙ.

3454 308 3564 368 298

202 432 293 480 καὶ
336 421 759 499 μεταδώσοντος,
815 430 908 481 καὶ
967 424 1352 503 ὑποδεξαμένου
1404 430 1498 490 τὰς
1554 429 1808 502 ἡμετέρας

1931 432 2206 487 :onsueta
2233 428 2996 505 etimpertiat,nostrasque
3022 431 3313 506 suscipiat
3336 433 3571 491 confes-

204 516 527 592 ἑξαγορείας.
580 519 675 570 Διά
730 524 900 572 ταῦτα
952 520 1055 593 γὰρ
1121 523 1211 572 καὶ
1272 519 1345 580 εἰς
1399 523 1493 578 τὴν
1549 519 1807 592 Ἰερουσα-

200 604 325 677 λὴμ,
383 611 476 658 καὶ
531 605 597 667 εἰς
663 610 759 666 την
817 606 1163 681 Ἀντιόχειαν,
1237 608 1339 668 ἐνὸς
1408 608 1572 683 ρηγός
1641 611 1803 677 ὄντος,

201 691 298 747 δύο
349 691 491 753 ἦσαν
548 693 838 771 ἀρχὶερεῖς,
896 703 986 750 καὶ
1029 697 1103 760 εἰς
1178 700 1299 759 τοὺς
1351 696 1659 771 Ῥωμαίους,
1717 700 1807 748 καὶ

199 783 271 844 εἰς
299 788 429 846 τούς
481 790 758 851 Λατίνους,
812 788 1128 859 ὁμογνώμων
1177 787 1352 849 αὐτοῖς
1397 792 1486 840 καὶ
1539 786 1807 860 ὁμόγλωτ-

198 892 307 942 τος,
375 873 558 935 αὐτοῖς
602 874 758 927 πάλιν
824 877 1019 949 ὅμοιος.
1086 872 1227 929 οοδξ
1288 879 1388 951 γὰρ
1448 873 1509 935 ἧν
1576 878 1804 949 θεμιτόν,

200 958 273 1014 δι’
336 962 601 1035 ἑρμηνέως
659 966 793 1038 πρὸς
858 965 1238 1040 ἑτερόγλωσσον
1293 966 1636 1039 πατριάρχην
1696 964 1801 1029 ἑξοο

194 1050 544 1123 μολογεῑσθαι
580 1071 699 1105 τινα
725 1056 793 1107 τὰ
838 1056 1054 1127 κρύφια,
1110 1055 1208 1107 κοῖν
1258 1058 1383 1118 ἴσως
1436 1060 1527 1107 καὶ
1567 1055 1803 1127 ὁμογνω-

194 1143 407 1213 μοσύνη
465 1151 657 1218 παρῆν.
740 1148 854 1218 Χρή
922 1151 1201 1218 τοιγαροῦν
1274 1152 1441 1197 ταῦτα
1495 1148 1661 1219 μέχρι
1714 1151 1809 1206 τῆς

196 1229 426 1291 ὶνὼσεως
489 1236 579 1284 καὶ
640 1231 707 1294 εἰς
762 1235 897 1305 ἡμᾶς
954 1232 1309 1305 φυλαχθῆναι.
1371 1232 1636 1307 Ἐθίλομεν
1704 1234 1805 1305 γὰρ

195 1326 284 1374 καί
314 1320 592 1395 εὐχόμεθα
636 1328 732 1381 τὴν
790 1323 982 1376 οἰκείαν
1031 1324 1300 1377 αύθεντίαν
1344 1328 1486 1397 ἔχειν
1537 1324 1690 1378 πάλιν
1742 1326 1810 1377 τὰ

197 1408 533 1463 ἀποστολαά
559 1416 650 1463 καὶ
699 1409 958 1466 συνοδικά
1006 1418 1096 1466 καὶ
1146 1411 1403 1487 βασιλικά
1468 1418 1556 1467 καὶ
1612 1415 1803 1487 νομικά

198 1494 567 1573 διατάγματα,
635 1501 757 1553 ὅσον
809 1505 927 1564 τούς
978 1510 1071 1564 τῆς
1122 1501 1380 1575 ἔπαρχίας
1433 1502 1655 1563 ἑκάστης
1707 1502 1806 1576 ἆρ-

196 1596 408 1663 χιερείς
460 1592 605 1663 παρὰ
675 1598 767 1643 τοῦ
845 1596 1053 1667 πρώτον
1128 1600 1220 1653 τῆς
1303 1592 1468 1655 αὐτῆς
1545 1590 1810 1668 ἄπαρχίας

198 1675 510 1750 ἐκλέγεσθαι
583 1684 676 1732 καὶ
750 1683 1170 1757 χειροτονεῖσθαι
1235 1678 1637 1737 διακελεύονται.
1711 1683 1807 1737 Δί·-

1918 518 2135 575 siones.
2170 522 2499 592 Eapropter
2518 534 2783 593 namque
2813 520 3243 596 Hierosolymis
3272 527 3329 580 et
3361 523 3567 582 Antio-

1917 606 2087 675 chim,
2128 624 2267 664 cum
2308 624 2468 664 unus
2506 624 2610 665 rex
2648 613 2823 680 esset,
2856 609 2980 668 duo
3027 617 3195 669 erant
3226 612 3567 687 pontiﬁces.

1918 698 2199 767 Romaeis,
2262 698 2431 762 alter,
2482 698 2631 755 alter
2682 700 2925 770 Latinis,
2965 701 3240 773 ejusdem
3290 719 3430 760 cum
3494 702 3568 760 iis

1916 786 2216 859 Opinionis
2259 792 2315 843 et
2360 787 2604 859 linguae,
2650 789 2971 863 adhucque
3012 791 3157 864 ipsis
3209 792 3565 852 consimilis.

1918 877 2119 948 Neque
2144 876 2306 933 enim
2346 876 2435 934 fas
2465 884 2556 934 est
2587 884 2653 935 ut
2694 879 2998 953 quispiam
3028 896 3136 953 per
3176 880 3566 956 interpretem

1917 964 2151 1022 occulta
2211 966 2563 1024 confiteatur
2612 968 2967 1042 patriarchae
3013 969 3257 1027 alterius
3318 972 3563 1044 linguae,

1916 1054 2198 1128 quamvis
2253 1055 2456 1113 forsan
2507 1057 2937 1116 sententiarum
2992 1075 3325 1118 consensus
3383 1061 3565 1123 adsit.

1920 1144 2163 1216 Oportet
2202 1143 2384 1217 igitur
2411 1144 2541 1202 haec
2578 1161 2770 1220 usque
2824 1146 2904 1204 ad
2941 1147 3228 1207 unionem
3271 1165 3415 1223 erga
3451 1166 3566 1210 nos

1918 1229 2227 1289 observari
2248 1234 2820 1308 quoque.Volumus
2843 1236 3138 1311 siquidem
3168 1242 3224 1295 et
3254 1243 3562 1314 optamus,

1917 1326 1983 1377 ut
2022 1321 2236 1379 iterum
2277 1340 2390 1380 sua
2445 1324 2796 1382 auctoritate
2839 1327 3145 1399 potiantur
3192 1330 3562 1403 apostolicae,

1918 1410 2249 1481 synodica,
2266 1412 2698 1487 imperatorum
2718 1413 3047 1490 legumque
3072 1418 3559 1490 constitutiones,

1916 1506 2216 1571 quatenus
2229 1503 2584 1576 praecipiunt
2598 1502 2869 1577 uniuscuj
2882 1522 3070 1580 usque
3080 1507 3405 1580 provinciae
3416 1524 3565 1584 pon-

1917 1589 2103 1646 titices
2132 1607 2169 1648 a
2216 1594 2411 1665 primo
2437 1593 2711 1666 ejusdem
2739 1594 3068 1669 provincia:
3098 1596 3237 1668 eligi
3265 1602 3447 1672 atque
3474 1614 3568 1657 or-

1917 1677 2133 1736 dinari.
2184 1680 2449 1739 Petimus
2481 1682 2664 1740 etiam
2717 1699 2753 1739 a
2788 1687 2891 1741 tua
2930 1686 3260 1759 pontiﬁcali
3285 1685 3566 1760 magum.

200 1769 441 1840 τούμεθα
501 1764 560 1822 δι
622 1774 715 1823 καὶ
786 1773 843 1823 τὸ
924 1774 1014 1823 σόν
1092 1769 1467 1845 ἀρχιερατικόν
1541 1770 1809 1845 μεγαλεῖον

1931 1769 2131 1841 :entia,
2180 1774 2244 1828 ut
2294 1787 2564 1845 praesens
2614 1772 2917 1831 tenuitatis
2965 1779 3183 1831 nostra:
3221 1776 3567 1849 epistolium

204 1853 611 1928 προσδέξασθαι
661 1861 721 1911 τὸ
762 1862 927 1934 παρόν
982 1868 1077 1922 τῆς
1124 1862 1270 1933 ἡμῶν
1338 1860 1591 1925 εὐτελείας
1638 1880 1805 1936 γραμ-

205 1947 415 2017 μάτιον,
456 1952 550 2000 καὶ
601 1947 818 2007 θελῆσαι
866 1946 1084 2002 σύνοδον
1129 1949 1492 2023 οἰκουμενικην
1540 1953 1810 2023 συναχθῆ-

210 2054 310 2101 ναι,
375 2037 514 2089 ὥστε
566 2032 964 2108 διαγνωσθῆναι
1014 2042 1109 2096 την
1171 2047 1272 2091 τῶν
1325 2040 1467 2093 θείων
1532 2037 1809 2114 δογματων

209 2120 483 2183 ἀληθειαν.
550 2122 832 2179 Ἀδύνατον
886 2129 988 2203 γὰρ
1047 2126 1313 2187 ἀληθεύειν
1368 2130 1522 2201 ἄμφω
1563 2133 1627 2182 τὰ
1678 2134 1807 2204 μέρη

212 2217 347 2266 κατά
422 2218 481 2268 τὸ
550 2220 791 2290 γρόνημα
847 2235 861 2251 ο

222 2307 593 2377 Γεωμετρικαῖς
690 2308 793 2382 γὰρ
898 2304 1147 2380 ἀνάγκαις
1255 2304 1327 2369 εἷς
1438 2308 1814 2382 ἀκροφωνιαῖος

225 2391 392 2462 λίθος,
450 2391 693 2457 συνδέτης
744 2404 847 2448 τῶν
908 2395 1141 2468 πλαγίων
1198 2398 1514 2470 εὑρίσκεται,
1568 2404 1659 2451 καὶ
1714 2403 1817 2472 μία

230 2478 373 2533 ἐστὶν
438 2484 467 2540 ἡ
519 2482 637 2556 ὀρθὴ
704 2489 892 2555 γωνία,
945 2490 1017 2558 μὴ
1072 2482 1482 2561 παραδεχομένη
1560 2493 1692 2560 μήτε
1757 2491 1815 2540 τό

220 2574 402 2642 μεῖζον
450 2577 582 2643 μήτε
624 2576 680 2626 τό
737 2573 964 2630 ΰιαττον.
1015 2576 1367 2651 Ἐκτραπεῖσα
1418 2580 1507 2649 μὲν
1545 2579 1647 2652 γὰρ
1688 2580 1818 2651 πρὸς

218 2663 276 2710 τό
337 2661 540 2732 μεῖζον,
600 2665 749 2715 ἔσται
816 2660 1032 2735 ἀμϐλεῖα
1067 2681 1080 2695 ·
1156 2669 1285 2738 πρὸς
1356 2662 1415 2718 δε
1471 2669 1530 2719 τό
1587 2666 1814 2736 ἔλαττον,

217 2748 363 2800 ἔσται
384 2747 526 2810 ὀξεῖα
552 2766 567 2781 ⁸
611 2749 805 2809 ἑκάστη
839 2747 873 2802 δ
877 2754 899 2803 ε
924 2754 1141 2821 τούτων,
1174 2750 1440 2825 ἀόριστος.

943 2218 1025 2269 ὅτι
1086 2213 1226 2291 μηδὲ
1299 2216 1567 2286 τάναντία,
1623 2222 1810 2275 ταυτά.

285 2837 426 2891 Ἐπεὶ
489 2836 550 2891 δε
616 2841 641 2891 ὀ
701 2840 1074 2915 θεοπρόϐλητος
1135 2846 1225 2894 καὶ
1278 2841 1615 2917 φιλόχριστος
1671 2844 1818 2916 ημῶν

213 2923 463 2997 βασιλεύς
512 2929 729 2982 ὑπέθετο
777 2931 924 3002 ἡμῖν,
977 2935 1071 2988 τὴν
1137 2929 1426 2990 ἀνήκουσαν
1472 2937 1629 3005 τιμὴν
1678 2932 1822 3005 εύμε-

208 3024 301 3077 νὼς
328 3025 648 3091 προσνεῖμαι
700 3027 773 3089 τῷ
810 3018 932 3089 ὕψει
974 3039 1090 3090 σου,
1149 3016 1448 3093 ᾑδέσθημεν
1502 3029 1595 3084 τῆς
1635 3024 1822 3096 ἡμερό-

1919 1858 2217 1930 admittat,
2248 1860 2504 1933 velitque
2535 1861 2841 1935 synodum
2872 1863 3213 1934 generalem
3244 1865 3399 1937 cogi,
3443 1876 3567 1940 quo

1918 1948 2260 2005 divinorum
2291 1949 2649 2020 dogmatum
2708 1950 2929 2007 veritas
2995 1952 3378 2022 dijudicetur.
3420 1956 3568 2011 Cum

1917 2037 2046 2093 fieri
2066 2043 2325 2110 nequeat
2347 2043 2665 2111 utramque
2684 2044 2916 2111 partem
2935 2040 2999 2096 in
3023 2056 3167 2096 vera
3187 2057 3319 2097 esse
3335 2046 3569 2100 sentens

1920 2126 2034 2193 tia;
2057 2126 2349 2198 quoniam
2370 2142 2506 2200 quae
2533 2127 2832 2184 contraria
2854 2133 3013 2196 sunt,
3030 2144 3153 2185 non
3171 2134 3310 2186 sunt
3328 2130 3564 2188 eadem.

1922 2213 2288 2271 Geometrica
2318 2214 2474 2271 enim
2518 2215 2871 2273 necessitate
2897 2230 3055 2272 unus
3078 2216 3381 2277 invenitur
3413 2217 3570 2293 lapis

1920 2303 2080 2359 imus
2131 2302 2467 2374 angularis,
2499 2303 2888 2378 obliquorum
2929 2320 3257 2373 connexor,
3290 2322 3572 2381 unusque

1924 2393 2153 2449 exsistit
2178 2396 2378 2449 rectus
2410 2393 2697 2464 angulus,
2729 2393 2835 2466 qui
2889 2409 3089 2466 neque
3136 2396 3336 2467 majus
3375 2411 3574 2469 neque

1925 2483 2128 2539 minus
2165 2482 2440 2539 admittit.
2471 2482 2781 2556 Siquidem
2807 2482 2870 2538 in
2902 2483 3104 2556 majus
3145 2489 3434 2553 mutatus,
3466 2487 3578 2542 erit

1926 2571 2204 2641 obtusus,
2250 2571 2310 2627 in
2365 2573 2565 2628 minus
2613 2587 2777 2643 vero,
2828 2577 3074 2645 acutus;
3125 2574 3577 2647 atquehorum

1926 2664 2178 2733 uterque
2198 2659 2564 2717 indeﬁnitus.

2002 2840 2290 2895 Caeterum
2321 2839 2613 2912 quoniam
2656 2853 2694 2894 a
2741 2841 2861 2896 Deo
2913 2843 3229 2913 promotus
3276 2844 3334 2898 et
3362 2834 3582 2898 Christi

1932 2928 2237 2985 studiosus
2260 2928 2588 3001 imperator
2612 2933 2818 2985 noster
2834 2931 3117 3002 priecepit
3146 2929 3417 2996 nobis,ut
3436 2944 3579 2986 cons

1930 3017 2269 3074 venientem
2300 3018 2593 3074 honorem
2624 3017 2965 3075 celsitudini
3005 3024 3122 3074 tua:
3159 3018 3450 3075 benevole
3479 3018 3582 3074 tri.

209 3123 358 3166 τητος
420 3105 583 3158 αὐτοῦ
630 3111 689 3159 τό
734 3106 1021 3181 ἐπίταγμα,
1073 3114 1162 3161 καὶ
1226 3111 1601 3183 κατετιθέμεθα
1666 3116 1819 3183 τιμήν

1931 3107 2217 3170 buamus,
2256 3106 2487 3163 reveriti
2522 3121 2734 3162 sumus
2765 3105 3095 3162 clementiae
3125 3110 3254 3177 ejus
3292 3106 3578 3177 edictum,

211 3214 291 3248 σοι
345 3203 547 3268 νεῖμαι,
603 3192 856 3263 δέσποτα,
909 3202 1229 3271 πρέπουσαν,
1289 3201 1407 3260 ἣτις
1463 3198 1605 3253 ἐστὶν
1666 3200 1820 3273 εὐφη-

206 3292 321 3356 μία,
392 3292 515 3346 ταῖς
579 3282 882 3358 βασιλικαῖς
950 3287 1219 3360 εὐφημίαις
1288 3288 1589 3363 ἰσόρροπος,
1656 3292 1817 3353 οὕτως

209 3372 291 3426 ἐπὶ
345 3374 532 3437 λέξεως
571 3378 777 3446 ἔχουσα
819 3396 832 3409 ο
884 3397 911 3425 ‹‹
968 3375 1268 3429 Ἰνοκεντίον
1318 3374 1580 3431 δεσπότου
1630 3380 1823 3433 πάππα

209 3471 305 3524 τῆς
364 3462 725 3536 πρεσϐυτέρας
792 3463 1007 3537 Ῥώμης,
1074 3465 1239 3518 πολλὰ
1298 3469 1363 3519 τὰ
1415 3470 1523 3527 ἔτη·
1581 3488 1609 3517 ››
1680 3467 1823 3540 ὀφεί-

210 3549 385 3603 λουσα
450 3550 695 3622 λέγεσθαι
770 3554 893 3626 παρ’
963 3555 1109 3626 ἡμῶν
1168 3558 1297 3627 μετὰ
1371 3560 1462 3614 την
1533 3556 1826 3609 τελευταίαν

212 3643 382 3713 εὐχήν
452 3650 555 3693 τῶν
637 3643 914 3710 σννάξεων,
983 3648 1175 3719 μέχρις
1228 3644 1288 3697 ἂν
1362 3650 1421 3698 τὸ
1506 3654 1714 3720 Πνεῦμα
1768 3650 1827 3699 τὸ

209 3730 361 3802 ἅγιον
431 3728 652 3784 σύνοδον
724 3736 1015 3806 συναγάγῃ,
1077 3740 1167 3787 καὶ
1228 3741 1631 3809 μνσταγωγὴση
1708 3737 1828 3808 ἡμῖν

210 3828 303 3872 τοῦ
366 3816 637 3892 δόγματος
697 3825 790 3879 τὴν
848 3820 1133 3895 ἀκρίϐειαν.
1194 3829 1318 3877 Τότε
1383 3828 1485 3898 γαρ
1535 3833 1703 3898 γυμνῇ
1763 3833 1823 3898 τῇ

210 3908 411 3981 κεφαλῇ
467 3907 552 3961 ἐπὶ
604 3908 856 3981 ἄμϐωνος,
909 3916 999 3964 καὶ
1043 3910 1118 3964 ἔπ’
1171 3909 1334 3974 αὐτῆς
1400 3921 1496 3974 τῆς
1545 3913 1823 3986 ἀναφορᾶς,

208 3996 268 4050 ού
326 4003 487 4071 μόνον
542 4001 714 4071 ἡμεῖς,
777 3998 884 4051 ἀλλ’
968 4000 1211 4064 Αἰθίοπες
1288 4001 1398 4074 ἆμα
1454 4006 1544 4054 καὶ
1613 4001 1823 4070 Λίϐυες,

213 4087 505 4157 Αἰγύπτιοί
567 4105 622 4138 τε
687 4093 775 4139 καὶ
838 4090 1013 4162 Σύροι,
1069 4089 1275 4157 Ῥὡσοι,
1328 4090 1554 4158 Ἀλανοὶ,
1619 4092 1822 4159 Γότθοι,

212 4174 445 4248 Ἴϐηρες,
499 4180 590 4228 καὶ
618 4179 786 4229 πάντα
826 4179 892 4229 τὰ
930 4180 1045 4236 ἔθνη
1085 4181 1151 4231 τὰ
1197 4186 1306 4240 τοῖς
1364 4176 1628 4252 δόγμασιν
1679 4181 1825 4252 ἡμῶν

214 4266 559 4337 ὑποκείμενα,
616 4268 672 4317 τὸ
728 4270 819 4319 σόν
872 4265 1288 4341 ἀνακηρύξουσιν
1346 4271 1525 4341 ὄνομα,
1584 4273 1673 4320 καὶ
1726 4272 1826 4343 πρό

213 4374 271 4425 γε
328 4356 558 4425 πάντων,
620 4358 774 4416 αύτὸς
829 4357 855 4407 ό
920 4360 1150 4431 Χριστός
1200 4365 1315 4420 ταῖς
1374 4357 1552 4430 ἁγίαίς
1621 4355 1827 4431 βίϐλοις

216 4442 343 4518 ἐγγρ
436 4462 549 4496 εται

216 4534 505 4604 ποθοῦμεν,
565 4530 674 4584 ἀλλ’
741 4535 1049 4597 ἡττηθέντες
1106 4538 1175 4596 ὡς
1235 4540 1344 4607 χρή
1419 4537 1822 4611 χαρησόμεθαθ

220 4626 379 4693 μόνον
435 4622 481 4673 εἰ
534 4625 628 4680 την
683 4623 878 4697 ἡμέραν
938 4622 1299 4698 ἀθροίσαιμεν.
1360 4624 1418 4677 Ὀ
1484 4629 1584 4700 γὰρ
1655 4624 1703 4678 ἐν
1765 4634 1827 4700 τῇ

220 4714 470 4784 παρούσῃ
515 4713 621 4783 ζωῇ
671 4711 765 4764 ούκ
798 4711 1033 4786 ἀσφαλὴς
1088 4712 1135 4767 ἓν
1185 4722 1291 4776 τοῖς
1343 4711 1604 4789 δόγμασιν
1634 4718 1834 4770 οἴσεται

224 4800 392 4851 θανὼν
439 4803 537 4857 την
586 4800 799 4873 ζημίαν,
847 4810 950 4878 πῦρ
1019 4808 1109 4856 καὶ
1160 4808 1343 4866 σκότος
1417 4804 1832 4879 κληρονομήσας,

224 4886 339 4940 ἀνθ’
392 4888 463 4939 ὧν
532 4891 589 4940 τὸ
656 4898 760 4961 φῶς
832 4890 925 4943 οὐκ
982 4891 1250 4967 ἐγνώρισε.
1319 4896 1523 4953 Ταύτην
1576 4897 1666 4968 μὲν
1745 4892 1835 4947 οὖν

224 4978 375 5050 ἡμεῖς
429 4980 528 5034 την
577 4976 772 5050 ζημίαν
813 4983 1207 5055 προῦποθίντες,
1258 4988 1348 5035 καὶ
1397 4981 1693 5045 ἐλεήσαντες
1743 4986 1839 5046 τὰς

220 5067 420 5128 πολλὰς
516 5063 791 5141 μμριαδας
874 5079 974 5122 τῶν
1064 5069 1424 5145 ἀπολλυμένων
1506 5070 1790 5148 ἀνθρώπων
1817 5116 1833 5143 ,

223 5156 496 5231 γράφομεν
550 5152 600 5207 ἓν
648 5156 783 5229 ἁγίῳ
850 5160 1113 5231 Πνεύματι
1190 5157 1654 5234 ἐπιφωνηματικώς
1710 5165 1840 5236 πρὸς

226 5250 317 5303 τήν
363 5250 465 5304 σην
525 5244 783 5318 ἀγιότητα
838 5267 851 5282 ·
908 5248 991 5301 ἶνα
1044 5251 1236 5322 τάχιον
1291 5256 1575 5326 φροντίσῃς
1623 5247 1843 5305 σύνοδον

231 5334 607 5407 οἱκονμενικὴν
673 5337 1042 5409 ἀθροισθῆναι,
1107 5342 1238 5414 πρὸς
1304 5344 1362 5392 τό
1429 5343 1688 5414 συμφέρον
1744 5348 1845 5393 τῶν

236 5430 594 5498 Χριστιανῶν,
651 5431 741 5479 καὶ
799 5431 1058 5503 σωτηρίαν
1119 5434 1211 5491 τῆς
1283 5428 1434 5503 ἁγίας
1484 5428 1668 5503 ψυχῆς
1728 5444 1842 5488 σου.

531 5614 787 5680 Panem
830 5620 935 5682 Gn.
974 5614 1129 5684 CXL.

1934 3195 2429 3252 etconstituimus
2458 3193 2584 3265 tibi,
2618 3193 2882 3258 domine,
2915 3210 3255 3265 congruum
3285 3195 3581 3252 honorem

1935 3284 2293 3356 deferre,qui
2323 3290 2415 3339 est
2442 3282 2708 3339 laudatio
2722 3287 2780 3339 et
2801 3283 3160 3340 acclamatio
3182 3284 3583 3357 imperatoriis

1935 3374 2216 3432 laudibus
2246 3372 2908 3446 acclamationibusque
2927 3372 3201 3445 aequalis,
3224 3374 3307 3430 ita
3328 3373 3408 3430 ad
3451 3389 3583 3431 ver-

1932 3464 2125 3520 bum:
2160 3486 2189 3514 «
2236 3461 2563 3519 Innocentii
2609 3461 2842 3518 domini
2884 3477 3062 3534 papas
3102 3462 3317 3519 veteris
3356 3466 3583 3533 Romae,

1942 3552 2161 3609 multos
2192 3567 2386 3607 annos
2410 3570 2423 3618 ;
2450 3574 2477 3602 ››
2509 3567 2644 3623 quae
2674 3568 2711 3606 a
2738 3551 2915 3607 nobis
2944 3551 3195 3623 proferri
3212 3551 3588 3626 debeatpost

1938 3642 2210 3698 ultimam
2251 3640 2633 3697 collectarum
2681 3640 3051 3710 orationem;
3089 3641 3286 3697 donec
3336 3642 3588 3714 Spiritus

1939 3738 2216 3788 sanctum
2271 3731 2589 3786 concilium
2656 3730 2935 3800 coegerit,
2990 3746 3224 3804 nosque
3288 3731 3368 3788 ad
3433 3730 3589 3787 sacri

1939 3820 2241 3891 dogmatis
2297 3820 2626 3892 perfectam
2680 3819 2915 3875 duxerit
2971 3820 3397 3890 cognitionem.
3425 3823 3587 3875 Tunc

1938 3909 2098 3966 enim
2124 3910 2289 3965 nudo
2312 3909 2605 3981 capite,ex
2630 3908 2911 3974 ambone,
2940 3910 3094 3964 inter
3121 3910 3318 3988 ipsam
3346 3924 3586 3964 sacram

1937 3997 2328 4065 oblationem,
2369 4011 2492 4051 non
2523 3995 2721 4051 solum
2762 4011 2896 4066 nos,
2939 3995 3045 4051 sed
3074 3995 3375 4068 Aithiopes
3407 3994 3589 4051 simul

1937 4103 2008 4143 ac
2041 4086 2270 4158 Libyes,
2296 4084 2560 4156 Egyptii
2602 4088 2659 4139 et
2688 4084 2839 4155 Syri,
2894 4083 3086 4150 Russi,
3131 4082 3323 4151 Alani,
3370 4081 3586 4150 Gotthi,

1938 4175 2109 4244 lberi,
2137 4189 2471 4246 omnesque
2495 4177 2701 4242 gentes
2728 4188 2866 4245 quae
2894 4170 3180 4228 doctrinae
3208 4177 3429 4230 nostrae
3453 4171 3591 4227 sub-

1932 4263 2239 4335 jiciuntur,
2253 4266 2420 4318 tuum
2445 4276 2669 4316 nomen
2683 4260 3175 4333 proclamabunt;
3198 4276 3434 4318 necnon
3453 4264 3589 4317 ante

1939 4356 2187 4409 cunctos
2214 4351 2343 4422 ipse
2373 4349 2642 4407 Christus
2669 4349 2894 4405 sanctis
2918 4347 3083 4405 libris
3114 4349 3437 4416 inscribct;
3486 4349 3593 4423 qui

607 4462 622 4476 ·
675 4444 732 4505 ὃς
791 4449 867 4503 εἰη
917 4448 1119 4521 μάρτυς
1168 4447 1315 4519 ἡμῖν,
1369 4449 1449 4500 ὅτι
1506 4446 1566 4499 ού
1612 4452 1819 4506 νικῆσαι

1938 4441 2113 4498 nobis
2143 4441 2309 4498 testis
2341 4439 2434 4508 sit,
2460 4437 2629 4512 quod
2665 4438 2903 4494 vincere
2941 4453 3063 4493 non
3106 4439 3454 4508 gestiamus,
3484 4437 3593 4494 sed

1939 4535 2120 4604 prout
2164 4532 2401 4602 oportet
2437 4528 2596 4595 victi,
2648 4526 2915 4598 gavisuri
2973 4527 3203 4598 simus;
3255 4526 3592 4585 dummodo

1941 4620 2137 4677 lucem
2164 4617 2683 4691 conspexerimus.
2706 4618 2855 4672 Nam
2877 4615 2982 4689 qui
3003 4615 3061 4671 in
3088 4615 3271 4672 hacce
3301 4616 3423 4673 vita
3449 4630 3595 4686 erga

1943 4710 2235 4780 dogmata
2263 4712 2476 4765 cautus
2513 4710 2799 4778 tutusque
2850 4720 2975 4761 non
3021 4710 3131 4768 est,
3180 4704 3477 4760 damnum
3532 4703 3595 4759 in

1945 4804 2136 4856 morte
2182 4798 2347 4864 feret,
2396 4795 2598 4867 ignem
2632 4811 2703 4852 ac
2747 4794 3029 4852 tenebras
3075 4794 3137 4849 in
3183 4792 3591 4849 haereditatem

1945 4891 2329 4962 accepturus,
2374 4902 2484 4959 pro
2540 4901 2612 4941 eo
2653 4883 2816 4957 quod
2849 4883 3055 4940 lumen
3089 4898 3213 4939 non
3260 4882 3596 4953 agnoverit.

1946 4981 2068 5036 Hoc
2117 4994 2230 5035 nos
2275 4976 2454 5049 igitur
2491 4973 2719 5032 damno
2763 4971 3231 5047 praesupposito,
3285 4972 3600 5047 multaque

1946 5067 2269 5126 hominum
2324 5064 2704 5138 pereuntium
2751 5062 2911 5119 dena
2943 5061 3130 5119 millia
3178 5062 3464 5131 miserati,
3522 5061 3602 5120 ad

1950 5158 2326 5217 sanctitatem
2354 5162 2519 5213 tuam
2554 5156 2614 5210 in
2647 5160 2855 5211 sancto
2882 5153 3103 5226 Spiritu
3131 5169 3272 5211 cum
3298 5154 3604 5210 exclama-

1951 5250 2112 5306 tione
2159 5247 2508 5314 scribimus;
2569 5250 2634 5302 ut
2679 5244 2856 5301 citius
2906 5244 3242 5301 universale
3281 5244 3603 5302 concilium

1955 5337 2309 5410 congregari
2367 5352 2562 5398 cures,
2617 5334 2697 5391 ad
2753 5332 3066 5391 utilitatem
3110 5333 3602 5396 Christianorum,

1961 5433 2308 5501 sanctasque
2334 5425 2551 5484 animae
2577 5428 2693 5482 tuae
2724 5422 2998 5493 salutem.

3255 5620 3328 5678 ‘10
