2076 3104
280 166 1965 207 agnuam-sb

947 252 1039 284 Almo
1061 260 1181 296 nomm
1201 260 1314 284 mccxx

369 354 947 496 MIGHAEL
1028 356 1858 455 ACOMINATUS

553 680 1037 735 ATHENIENSIS
1080 679 1694 735 ARGHIEPISCOPUS

1005 869 1243 911 NOTITIA.

667 970 860 999 IICHAELIS
877 970 1064 999 ACOMINATI
1081 970 1162 1005 VITA,
1176 969 1242 997 RES
1261 969 1389 1005 GESTE,
1404 967 1547 997 SCRIPTA
1555 969 1575 995 ’.

317 1143 440 1173 Graecia
453 1150 509 1180 per
527 1143 662 1171 medium
676 1150 774 1171 avum
785 1142 912 1171 historia
926 1141 1057 1171 tenebris
1071 1141 1181 1170 obruta
1195 1141 1300 1170 tandiu
1314 1142 1378 1177 fuit,
1399 1141 1496 1170 donec
1515 1140 1560 1168 vir
1583 1140 1636 1168 cel.
1653 1138 1825 1174 Ducangius
1843 1136 1966 1166 decimo

282 1188 410 1224 septimo
425 1187 545 1223 saeculo,
565 1188 652 1223 isque
665 1187 725 1215 fere
739 1187 832 1222 solus,
846 1186 949 1215 lumen
964 1187 990 1214 ei
1003 1186 1127 1223 aliquod
1138 1187 1267 1223 aspersit
1283 1195 1289 1217 ;
1307 1186 1481 1214 novissimis
1500 1187 1601 1213 autem
1622 1183 1809 1220 temporibus
1824 1181 1964 1211 Villema-

281 1232 333 1268 nii,
350 1231 568 1267 Fallmereyeri,
585 1231 697 1266 'l‘afelii,
713 1231 903 1264 Zinkeisenii,
925 1231 1182 1267 Paparrhigopuli.
1201 1234 1229 1258 et
1248 1231 1412 1267 praesertim
1432 1229 1585 1265 Buchonii,
1607 1229 1707 1264 ejusce
1724 1227 1840 1263 generis
1855 1225 1964 1254 studiis

281 1278 467 1313 praematura
480 1277 576 1304 morte
591 1276 694 1312 erepti,
709 1275 812 1303 utilem
827 1283 952 1311 operam
963 1277 1086 1311 experta
1096 1278 1150 1303 est.
1167 1275 1213 1303 Sic
1223 1275 1314 1310 igitur
1323 1277 1441 1303 noctem
1455 1274 1519 1302 dies
1533 1274 1658 1313 excepit,
1673 1275 1702 1301 et
1717 1280 1817 1309 operae
1832 1271 1964 1308 pretium
2011 1301 2014 1303 _

281 1321 337 1349 erit
349 1320 387 1349 de
397 1320 468 1348 viris
482 1320 604 1355 ingenio
623 1323 676 1348 aut
699 1320 805 1348 virtute
831 1320 920 1348 claris
950 1320 1134 1347 mentionem
1157 1319 1262 1353 facere,
1282 1322 1431 1355 quantum
1454 1326 1508 1354 per
1526 1324 1698 1346 coaevorum
1724 1316 1898 1345 testimonia
1915 1314 1967 1342 vel

282 1365 367 1393 aliter
377 1364 486 1393 licebit.
504 1364 605 1393 Melius
618 1364 698 1392 enim
713 1364 751 1392 de
771 1362 875 1400 populi
888 1364 1015 1399 alicujus
1031 1363 1142 1396 indole,
1158 1364 1279 1398 ingenio
1294 1363 1515 1398 judicabimus,
1533 1362 1585 1390 ubi
1608 1362 1698 1389 unius
1723 1369 1836 1396 mores,
1852 1359 1966 1395 agendi

282 1409 431 1438 rationem
446 1411 515 1437 ante
530 1408 634 1437 oculos
644 1409 803 1436 habemus.
820 1409 964 1441 Quocirca
980 1416 1078 1444 operte
1092 1408 1220 1444 pretium
1235 1417 1283 1436 me
1294 1408 1444 1436 facturum
1461 1407 1598 1439 arbitror,
1616 1406 1641 1434 si
1652 1406 1690 1434 de
1705 1405 1965 1434 nobilissimorum

283 1453 385 1489 aliquo
399 1453 491 1481 medii
511 1452 566 1481 aevi
576 1454 749 1481 Graecorum
763 1452 855 1480 verba.
868 1452 978 1487 fecero,
991 1451 1086 1488 probe
1097 1460 1210 1487 gnarus
1222 1453 1315 1480 hocce
1330 1460 1432 1480 meum
1445 1451 1626 1487 opusculum
1640 1453 1803 1484 tantorum,
1819 1456 1898 1486 quos
1911 1456 1965 1477 no-

282 1498 406 1531 minavi,
423 1498 557 1526 virorum
572 1497 748 1526 auctoritate
767 1497 892 1525 minime
905 1497 1033 1532 dignum
1049 1504 1126 1525 esse.
1149 1499 1181 1524 ln
1204 1505 1266 1533 quo
1292 1499 1393 1525 tamen
1413 1496 1443 1524 id
1459 1496 1534 1524 mihi
1554 1503 1677 1523 assumo
1696 1495 1806 1528 dicere,
1829 1493 1966 1522 libellum

282 1542 555 1579 quemlith
569 1541 734 1570 cultoribus
757 1541 878 1575 offerro,
902 1541 1001 1577 majus
1028 1541 1143 1577 aliquid
1158 1541 1360 1577 praestiturum
1380 1540 1481 1573 fuisse,
1505 1540 1530 1567 si
1550 1540 1581 1568 in
1597 1539 1781 1567 bibliotheca
1795 1537 1968 1566 Florentius.

284 1594 321 1616 ac
335 1585 495 1616 Parisiensi
507 1585 626 1615 codices
642 1585 795 1614 Michaelis
811 1585 962 1614 Choniatae
978 1586 1201 1622 manuscriptos
1213 1585 1309 1613 oculis
1325 1585 1452 1613 lustrare
1465 1584 1537 1612 mihi
1550 1584 1732 1619 contigisset.
1744 1582 1802 1611 Sed
1815 1585 1878 1611 tum
1889 1584 1966 1610 tem-

284 1631 369 1668 poris
384 1633 450 1665 (cur
468 1631 549 1659 enim
563 1631 663 1659 dicere
677 1630 855 1658 erubescam
867 1629 952 1666 quod
961 1629 1035 1658 mihi
1046 1637 1116 1658 cum
1127 1630 1195 1658 viris
1213 1629 1399 1658 doctioribus
1414 1636 1575 1657 commune
1590 1629 1644 1656 fuit
1657 1629 1682 1664 ‘2)
1697 1628 1789 1663 hujus
1812 1625 1968 1663 scriptoris

284 1683 325 1704 ne
341 1682 455 1704 nomen
466 1675 591 1711 quidem
601 1681 757 1703 noveram.

322 1720 436 1749 Nostris
450 1719 575 1755 quidem
590 1719 777 1755 temporibus
791 1718 929 1753 Tafelius,
946 1718 1022 1754 prof.
1039 1719 1240 1747 universitatis
1255 1718 1392 1753 Tubing.,
1407 1718 1579 1754 reipublicae:
1593 1716 1739 1745 litterariae
1762 1715 1882 1752 egregie
1895 1721 1968 1744 con-

285 1765 379 1793 suluit
392 1771 484 1801 opere
493 1764 542 1792 cui
551 1764 655 1792 titulus
673 1772 680 1791 :
697 1764 872 1792 Dissertatio
885 1764 921 1791 de
940 1763 1146 1792 Thessalonica
1160 1764 1282 1798 ejusque
1304 1771 1388 1799 agro,
1404 1771 1499 1799 quam
1517 1763 1549 1790 in
1567 1769 1658 1790 usum
1674 1761 1874 1790 convertimus
1894 1767 1967 1788 nos-

286 1811 378 1845 trum,
394 1811 429 1836 ut
440 1811 469 1837 et
478 1809 567 1845 plura.
581 1808 640 1836 alia
649 1815 718 1844 qum
733 1807 793 1835 huc
808 1810 945 1843 spectant
960 1815 1065 1843 opera.

478 1890 497 1921 δ
508 1887 532 1916 Ι.
552 1887 643 1916 Varia
655 1887 856 1921 Athenarum,
871 1887 1000 1916 durante
1009 1888 1106 1916 medio
1122 1895 1194 1922 aevo,
1207 1888 1336 1923 fortuna
1350 1895 1443 1923 usque
1450 1887 1491 1916 ad
1504 1888 1596 1922 ﬁnem
1608 1887 1713 1915 saeculi
1724 1894 1773 1914 xu.

324 1954 446 1994 Athenae
462 1954 606 1991 Cecropia
622 1953 738 1989 civitas,
757 1961 852 1989 quam
879 1953 1010 1981 Theseus
1031 1953 1132 1981 Atticae
1155 1951 1357 1988 metropolim,
1386 1951 1479 1980 Solon
1505 1951 1586 1979 orbis
1610 1950 1726 1987 antiqui
1747 1948 1969 1985 legislatricem,

287 1998 501 2029 Themistocles
513 1998 645 2027 marium
661 1998 832 2027 Graecorum
851 1997 1009 2025 dominam
1025 1997 1255 2029 constituerant;
1270 2004 1337 2032 quae
1351 2004 1387 2024 ex
1408 1996 1501 2024 ruinis
1516 2004 1592 2032 quas
1608 2004 1626 2024 a
1644 1995 1723 2024 bello
1741 1994 1857 2023 Persico
1872 1996 1972 2021 traxe-

291 2046 350 2079 rat,
362 2043 481 2073 Periclis
491 2046 520 2073 et
532 2042 685 2072 sociorum
695 2050 789 2079 opera
804 2041 991 2078 splendidior
1005 2043 1223 2075 resurrexerat;
1235 2041 1320 2076 cujus
1330 2040 1464 2068 favorem
1477 2043 1546 2077 post
1559 2040 1703 2077 Lysandri
1718 2047 1752 2068 ac
1766 2036 1895 2074 Philippi
1910 2037 1975 2066 vic-

287 2090 362 2119 toris
380 2091 519 2126 tempora
538 2095 670 2124 magnus
689 2087 781 2124 hujus
805 2087 885 2115 ﬁlius
905 2084 1021 2115 ambire
1048 2094 1109 2114 non
1132 2085 1303 2118 erubuerat,
1324 2092 1419 2121 quam
1434 2085 1613 2121 posteriores
1626 2093 1642 2112 e
1656 2083 1828 2113 Macedonia
1842 2081 1971 2115 domini,

290 2140 385 2171 quam
399 2125 550 2162 Ptolemaei
561 2132 696 2161 libertate
711 2131 789 2160 ultro
800 2131 904 2160 oblata
914 2134 943 2159 et
955 2130 1120 2167 splendidis
1135 2129 1267 2157 aedificiis
1282 2129 1491 2163 honorabant;
1505 2130 1592 2164 cujus
1603 2129 1722 2156 civibus
1739 2125 1973 2156 contumacibus

291 2170 398 2206 consul
412 2177 499 2206 Rom.
515 2177 620 2211 victor,
633 2179 766 2213 paternae
781 2175 884 2211 gloriae
899 2175 1003 2203 habita
1021 2175 1146 2207 ratione,
1163 2174 1282 2202 veniam
1295 2173 1406 2207 dabat;
1423 2174 1471 2201 cui
1496 2173 1666 2201 Hadrianus
1685 2176 1714 2201 et
1727 2171 1862 2200 Julianus
1876 2170 1973 2207 impe-

291 2223 417 2254 ratores,
432 2224 558 2257 uterque
569 2220 690 2248 Athenis
706 2220 862 2253 educatus,
879 2227 1024 2255 magnam
1038 2219 1168 2255 pristinae
1179 2219 1280 2254 gloriae
1293 2221 1408 2255 partem
1424 2219 1616 2247 restituerant
1630 2226 1716 2254 :quaa
1726 2225 1817 2254 porro
1833 2215 1968 2245 Gallieno

290 2267 448 2302 regnante,
460 2265 594 2301 Dexippo
605 2264 693 2295 duce,
709 2264 874 2292 Gothorum
889 2264 1076 2291 invasionem
1090 2263 1249 2300 repulerat,
1263 2266 1292 2291 et
1308 2271 1375 2299 quae
1391 2262 1497 2291 Alarici
1518 2265 1651 2299 tempore
1666 2262 1815 2290 classibus
1833 2259 1973 2297 Byzanti-

292 2310 340 2340 nis
355 2310 552 2339 commodum
565 2309 735 2345 praebuerat
747 2308 909 2344 refugium,
926 2316 993 2342 quae
1010 2307 1157 2336 solidioris
1171 2308 1311 2336 doctrti
1331 2309 1359 2335 et
1375 2315 1495 2335 morum
1506 2307 1663 2343 puriorum
1675 2306 1771 2341 gloria
1784 2305 1862 2334 inter
1877 2303 1971 2333 urbes

294 2355 419 2385 Orientis
435 2353 599 2388 refulserat,
615 2353 712 2382 donec
725 2353 910 2381 Justinianus
920 2352 1171 2389 philosophorum
1186 2352 1304 2380 scholas
1321 2351 1420 2380 claudi
1433 2351 1523 2387 jussit
1532 2351 1563 2379 in
1576 2351 1705 2379 Palladis
1715 2350 1974 2387 urbequae,paga-

291 2401 392 2430 nismo
405 2398 523 2429 imbuta
538 2406 573 2427 ac
580 2397 817 2433 nutrita,diutlus
828 2405 922 2434 quam
937 2399 1051 2425 caeteras
1066 2397 1186 2425 Graeciaa
1198 2397 1286 2424 urbes
1301 2395 1516 2424 Christianismi
1529 2395 1783 2424 introductoribus
1791 2393 1906 2422 restitit:
1912 2391 1973 2422 illa;

293 2444 418 2474 Athena:
430 2445 563 2482 antiquae
576 2451 645 2481 qua
656 2451 710 2479 per
716 2442 820 2478 viginti
829 2441 938 2470 sacula
952 2441 983 2469 in
992 2441 1077 2470 varia
1083 2440 1212 2476 fortuna,
1221 2441 1245 2469 si
1256 2448 1317 2469 non
1329 2441 1496 2477 potentiam
1502 2439 1830 2475 aclibertatem,saltem
1838 2434 1974 2467 indolem

293 2489 505 2527 particularem
512 2491 540 2517 et
546 2488 675 2516 nationis
683 2487 776 2515 robur
782 2487 994 2519 servaveranLJ
998 2485 1139 2514 ustiniani
1145 2485 1265 2514 illustris
1272 2488 1406 2522 tempore
1413 2485 1569 2513 Slavorum
1575 2484 1653 2513 ferro
1661 2493 1676 2513 e
1681 2488 1689 2512 t
1694 2485 1764 2520 igne
1771 2483 1885 2520 ubique
1891 2490 1976 2519 grus-

294 2530 858 2562 Santiuminvasionibusoccubuerant.
867 2533 901 2559 At
907 2530 1041 2568 quidem,
1047 2533 1078 2558 ut
1086 2532 1242 2558 Persarum
1249 2533 1393 2567 tempore,
1402 2532 1470 2558 ante
1478 2530 1547 2558 1000
1552 2537 1661 2562 annos,
1669 2529 1864 2557 Athenienses
1869 2531 1977 2556 contra

293 2576 426 2606 hostium
445 2577 577 2606 furorem
591 2577 622 2605 in
635 2576 732 2605 vicina
750 2575 899 2604 Salamine
910 2574 1008 2603 insula
1022 2575 1172 2610 refugium
1183 2574 1369 2611 quaerebant,
1377 2574 1431 2602 sed
1445 2574 1528 2603 vario
1545 2574 1745 2602 eventu.’l‘um
1756 2573 1836 2601 enim
1852 2574 1883 2601 in
1896 2571 1978 2601 mari

330 2655 342 2665 “
360 2653 507 2682 Michaelis
522 2653 689 2681 Acominati
700 2653 790 2681 vitam
805 2655 834 2681 et
845 2660 893 2681 res
907 2655 1009 2687 gestas
1025 2652 1143 2686 egregie
1158 2651 1315 2679 illustravit
1326 2651 1449 2686 ejusque
1463 2650 1575 2687 scripta
1584 2649 1780 2687 recensuitD'
1793 2647 1884 2677 Adolf
1895 2647 1979 2676 Ellis-

295 2698 351 2720 sen
364 2690 396 2718 in
410 2689 486 2718 libro
499 2689 644 2723 Gottingae
665 2696 746 2717 anno
759 2689 826 2716 1846
847 2686 1006 2716 vernaculo
1017 2695 1155 2715 sermone
1169 2688 1250 2715 edito
1265 2687 1313 2715 cui
1332 2686 1450 2715 titulum
1463 2686 1546 2723 fecit:
1560 2686 1689 2723 Michael
1698 2686 1898 2723 Alioij
1914 2690 1978 2723 νρη

296 2726 412 2757 (Iliona.
427 2720 670 2759 Erzbz‘schof'von
682 2725 792 2753 Athen.
813 2724 1020 2753 Nachrichten
1032 2723 1103 2751 iiber
1118 2724 1180 2751 sein
1191 2723 1296 2759 rLeben
1312 2723 1467 2759 undiseinc
1480 2722 1645 2756 Schriften,
1657 2722 1714 2759 ῃιὶι
1731 2720 1979 2759 Βείίπῖουησ-

296 2755 428 2793 ιειιιενή,
442 2761 543 2789 soweit
556 2755 596 2787 sic
612 2760 741 2788 bekannt
752 2760 833 2791 siml.
851 2761 890 2787 im
907 2759 1047 2794 Original
1058 2759 1122 2786 und
1134 2759 1165 2786 in
1177 2758 1335 2786 deutscher
1356 2755 1572 2794 chrsetzung,
1589 2759 1636 2794 ein
1651 2755 1772 2791 Beitrag
1792 2764 1846 2784 παν
1858 2755 1978 2794 politis-

295 2799 367 2826 chen
384 2790 446 2825 una
461 2795 669 2824 literarischen
686 2790 860 2824 Geschichte
873 2790 980 2823 Athens
995 2795 1034 2822 im
1048 2795 1237 2822 Mittetatter.
1246 2795 1272 2821 Is
1287 2796 1334 2822 est
1344 2793 1413 2822 fons
1430 2800 1503 2821 sane
1519 2790 1689 2821 uberrimus
1699 2800 1736 2820 ex
1745 2790 1807 2828 quo
1818 2790 1978 2828 sequentia

295 2833 452 2864 Latinitate
459 2832 575 2861 donata
593 2831 625 2860 in
637 2839 727 2860 usum
739 2834 876 2860 nostrum
886 2830 1102 2860 derivavimus.
