4152 6208
207 308 311 361 301
1270 294 1574 356 MICHAEL
1611 298 1847 357 ACOMl]

1938 294 2089 360 TUS.
2120 335 2181 345 —
2216 306 2493 361 NOTITIA
3473 312 3576 365 302

197 427 409 484 vicino
452 414 789 497 victoriam,
840 424 1129 483 libertatis
1159 426 1217 479 et
1246 422 1441 480 cultus
1469 424 1843 497 praecipuam
1891 442 2143 484 causam
2172 428 2357 495 vidit;
2393 434 2606 501 postea
2631 434 2837 484 autem
2867 426 3088 497 exigua
3115 426 3331 486 eadem
3376 430 3579 489 insula.

198 534 307 590 per
335 517 821 589 quadringentos
842 531 1037 571 annos
1062 513 1249 570 exsilii
1270 513 1471 569 locum
1502 512 1707 581 dabat,
1724 530 1831 586 per
1856 531 2010 587 quos
2039 522 2321 573 custodes
2339 518 2648 590 Acropolis
2678 517 2982 589 Byzantini
3010 533 3133 573 non
3157 518 3579 590 impediebant

201 606 421 664 Slavos
440 623 564 680 quo
594 606 796 661 minus
827 605 1080 661 Atticam
1111 604 1171 658 in
1208 601 1536 671 desertum,
1568 603 1831 659 Athenas
1863 609 2065 660 autem
2095 606 2157 661 in
2204 606 2590 662 desolationis
2624 605 3143 662 abominationem
3194 609 3575 665 mutaverint.

198 701 308 751 Am
318 695 572 767 pelaciaa
601 711 848 768 quoque
882 691 1201 751 Salaminis
1230 693 1289 748 in
1319 692 1465 748 urbe
1487 692 1634 747 dum
1663 698 2041 749 morarentur
2068 695 2479 757 Atheuienses,
2502 711 2600 751 res
2626 695 3023 765 gravissimas
3045 696 3209 766 passi
3240 701 3406 752 sunt:
3427 698 3578 754 iram

198 784 616 856 imperatoris,
638 782 777 839 dein
799 780 1328 853 anathema,quod
1360 797 1479 836 una
1502 797 1641 836 cum
1664 782 1845 850 ΑΞρωὶ
1878 782 2062 837 maris
2089 783 2297 838 insulis
2328 784 2791 856 imperatoribus
2822 784 3098 839 Isauricas
3125 784 3344 840 domus
3374 789 3579 843 Icono-

201 872 414 928 clastis
436 874 711 929 resistere
741 872 876 929 ausi
909 871 1163 927 fuerant.
1200 873 1325 926 Huc
1355 870 1587 927 accedit
1614 869 1781 942 quod
1813 870 2064 939 morbis,
2097 872 2275 940 fame,
2300 872 2527 944 piratis,
2547 872 2790 943 ignibus
2825 872 3253 939 subterraneis,
3280 875 3384 946 qui
3415 891 3578 931 cam-

201 977 313 1032 pos
342 961 416 1016 in
436 963 629 1017 Attica
657 967 817 1017 terra
844 959 1002 1016 fmde
1032 959 1373 1029 vastabant,
1400 958 1623 1015 mirum
1652 959 1714 1014 in
1739 959 1992 1015 modum
2020 967 2392 1017 vexarentur.
2415 965 2548 1018 Post
2574 961 2679 1017 ubi
2709 961 2986 1018 exsulum
3007 961 3461 1020 Athenienisum
3491 981 3579 1021 re-

197 1050 413 1123 liquiae
438 1067 579 1106 cum
627 1051 756 1109 aliis
783 1050 1021 1122 imperii
1043 1048 1273 1106 colonis
1303 1050 1563 1122 patriam
1592 1048 1895 1104 desertam
1932 1055 2285 1121 repeterent,
2310 1067 2498 1107 novas
2523 1066 2555 1106 e
2581 1052 2772 1107 ruinis
2814 1051 3035 1107 domus
3061 1052 3394 1118 excitaturi,
3424 1069 3576 1124 pau-

201 1139 349 1194 citas
378 1154 597 1194 eorum
622 1139 837 1195 urbem
862 1137 1061 1210 qualis
1086 1142 1143 1193 et
1170 1142 1402 1209 quanta
1424 1135 1616 1191 fuerat
1637 1137 1797 1191 circa
1822 1137 2162 1210 Acropolim
2192 1139 2503 1195 restituere
2534 1155 2659 1196 non
2688 1139 2893 1196 valuit.
2925 1139 3320 1196 Athenienses
3358 1141 3438 1197 ad
3466 1158 3580 1197 sua

202 1228 534 1284 redeuntes
559 1230 725 1299 (saec.
763 1231 803 1283 Χ
827 1233 886 1283 et
914 1227 1156 1282 ineunte
1184 1227 1271 1297 Xl)
1295 1226 1450 1281 dura
1476 1240 1514 1280 a
1544 1225 1817 1295 Bulgaris
1837 1226 2183 1298 rapacibus,
2216 1229 2468 1284 Atticam
2494 1228 2619 1284 imo
2640 1233 2831 1285 totam
2863 1228 3151 1285 Graeciam
3177 1228 3333 1285 ferro
3363 1234 3420 1285 et
3439 1230 3578 1299 igne

205 1318 621 1386 vastantibus,
676 1318 945 1389 perpessi
983 1321 1142 1371 sunt.
1189 1317 1270 1371 Ea
1300 1319 1656 1387 tempestate
1699 1330 1897 1370 annus
1949 1319 2081 1373 1019
2129 1317 2191 1373 in
2220 1317 2554 1373 Annalibus
2590 1318 2791 1373 Atticis
2820 1317 3257 1390 aliquantisper
3305 1318 3577 1390 refulget,

206 1420 330 1478 quo
365 1406 625 1463 Basilius
654 1406 699 1461 ll
744 1407 1091 1477 imperator,
1138 1402 1578 1479 Βουλγοφοκτόνος
1618 1403 2102 1475 cognominatus,
2149 1405 2462 1462 debellatis
2510 1405 2591 1462 ad
2616 1406 2940 1463 Achridam
2981 1406 3277 1473 hostibus,
3311 1408 3577 1480 Deiparaa

208 1496 479 1551 ecclesia
508 1496 755 1551 Athenis
785 1495 950 1551 dona
969 1493 1462 1567 splendidissima
1485 1491 1701 1548 obtulit
1731 1495 1831 1564 (1).

283 1588 543 1641 Umrum
565 1599 717 1654 gens
741 1583 1224 1657 septentrionalis
1271 1598 1432 1655 quas,
1464 1582 1857 1638 Constantino
1906 1583 1961 1635 Χ
1988 1585 2170 1648 Duca,
2212 1598 2374 1640 anno
2413 1587 2427 1632 Ι
2438 1583 2565 1653 065,
2592 1583 3005 1641 Macedoniam
3037 1588 3095 1639 et
3122 1584 3410 1641 Graeciam
3449 1601 3580 1658 sep-

212 1679 389 1730 tentr.
444 1673 687 1743 invasit,
735 1679 939 1729 utrum
971 1673 1221 1728 Atticam
1265 1670 1558 1743 p0pulata
1605 1670 1698 1735 sit,
1750 1670 1915 1742 apud
1969 1672 2059 1725 Jo.
2116 1671 2408 1742 Scylitzen
2451 1674 2669 1745 Curop.
2702 1674 2892 1729 altum
2923 1672 3247 1729 silentium.
3301 1676 3439 1730 Utut
3468 1680 3576 1747 est,

212 1762 587 1817 Athenarum
626 1761 1024 1833 municipium
1050 1760 1444 1832 Byzantinum
1472 1774 1528 1814 xx
1554 1764 1611 1814 et
1638 1774 1719 1813 xu
1748 1758 1981 1814 saeculis
2014 1759 2241 1815 tristem
2268 1760 2484 1817 faciem
2515 1762 2848 1833 praebuisse
2874 1766 2930 1818 et
2958 1763 3191 1833 majore
3219 1763 3353 1833 jure
3390 1779 3581 1835 quam

216 1850 455 1906 Arcadii
484 1857 756 1922 tempore
787 1847 958 1923 δέρμα
992 1849 1155 1902 πάλαι
1191 1852 1316 1901 ποτὲ
1355 1849 1491 1909 ζώου
1521 1852 1851 1920 praesentas

1951 1848 2199 1905 videtur.
2227 1850 2354 1905 Vid.
2400 1853 2612 1922 Synes.
2640 1844 2734 1925 ep.
2770 1853 2894 1909 135.
2923 1852 3005 1908 Cf.
3038 1852 3399 1923 Zygomalas
3428 1858 3485 1909 et
3509 1856 3578 1911 Μ.

219 1940 407 1997 Crusii
440 1941 922 1996 TmoGrzma.

290 2028 485 2084 Vellus
510 2044 763 2085 aureum
792 2029 900 2099 (ita
945 2028 1106 2083 enim
1135 2027 1400 2083 Athenas
1422 2026 1922 2099 appellitaverim)
1950 2042 2074 2098 quo
2101 2031 2370 2099 tempore
2397 2029 2746 2099 Crucigeris,
2778 2045 2938 2086 novo
2965 2034 3452 2100 Argonautarum
3484 2045 3583 2101 ge-

222 2117 368 2183 neri,
388 2118 786 2174 succumbere
815 2116 1153 2185 videbatur,
1174 2116 1448 2188 dynastis
1473 2115 1809 2186 Byzantinis
1839 2130 1961 2171 non
1986 2117 2442 2183 restituendum,
2467 2117 2592 2173 imo
2614 2118 3018 2175 barbarorum
3045 2120 3405 2175 Asianorum
3425 2119 3581 2176 ferro

226 2207 649 2276 subigendum,
681 2208 744 2263 in
766 2208 902 2279 ipsa
925 2207 1295 2262 Athenarum
1326 2205 1475 2261 urbe
1500 2205 1698 2259 virum
1728 2204 1978 2260 obvium
2005 2204 2303 2261 habemus
2332 2206 2458 2278 qui,
2501 2206 2636 2263 licet
2656 2206 3014 2278 alienigena,
3050 2207 3203 2263 adeo
3230 2206 3307 2263 de
3336 2208 3582 2264 Athenis

233 2298 467 2362 meruit,
498 2302 563 2351 ut
585 2299 731 2352 inter
768 2295 955 2352 medii
1004 2295 1115 2350 aevi
1154 2295 1545 2351 Athenienses
1574 2296 1914 2350 memoratu
1942 2292 2185 2364 dignos,
2217 2309 2341 2350 una
2366 2310 2506 2351 cum
2536 2294 2703 2352 Irene
2740 2296 3139 2368 imperatrice,
3168 2311 3306 2369 quae
3349 2300 3406 2353 et
3447 2296 3583 2369 ipsa

240 2390 482 2439 externa
499 2385 812 2445 Ἀτζαῑωλῶν
841 2383 1073 2440 familia
1095 2382 1373 2449 oriunda,
1396 2383 1772 2454 praecipuum
1791 2381 1994 2438 locum
2015 2397 2315 2455 occupare
2335 2384 2556 2454 dignus
2583 2385 2695 2451 sit;
2724 2385 2801 2441 de
2846 2384 3128 2442 Michaele
3159 2386 3447 2445 Choniate
3482 2401 3580 2441 ar-

239 2471 618 2546 chiepiscopo
637 2473 955 2546 loquimur.

711 2572 738 2643 §
764 2574 832 2626 ll.
868 2572 1176 2628 Michaelis
1205 2573 1450 2642 ejusque
1465 2570 1686 2639 fratris
1707 2571 1972 2639 pueritia
2028 2569 2250 2627 Chonis
2290 2577 2346 2627 et
2377 2572 2906 2643 Constantinopoli
2932 2578 3090 2629 acta.

294 2658 818 2721 Quemadmodum
843 2658 1057 2714 fratres
1087 2658 1330 2715 Michael
1376 2664 1435 2714 et
1476 2658 1711 2714 Nicetas
1742 2658 2079 2714 Acominati
2111 2659 2261 2715 dum
2298 2659 2587 2717 vivebant
2633 2666 2846 2717 mutua
2891 2661 3129 2732 pietate,
3181 2660 3381 2734 qualis
3436 2661 3589 2718 inter

221 2747 579 2816 magistrum
601 2754 658 2803 et
685 2747 1049 2819 discipulum
1075 2762 1205 2803 esse
1235 2746 1516 2814 debebat,
1544 2750 1600 2802 et
1623 2744 2005 2801 intellectuali
2035 2748 2399 2804 commercio
2414 2748 2608 2819 juncti
2637 2754 2827 2819 erant,
2860 2750 2942 2806 ita
2966 2748 3112 2806 alter
3137 2749 3378 2806 alterius
3402 2750 3589 2806 vitam

220 2841 277 2892 et
295 2838 496 2894 studia
524 2838 586 2893 in
624 2837 819 2895 lucem
842 2835 1079 2893 edendo
1104 2837 1220 2893 hoc
1245 2852 1406 2892 novo
1436 2835 1679 2892 vinculo
1710 2834 1858 2890 uniti
1882 2834 2184 2906 videntur,
2218 2842 2282 2893 ut
2308 2837 2370 2893 in
2390 2838 2506 2895 hoc
2535 2843 2743 2895 nostro
2768 2842 3024 2895 tractatu
3049 2838 3123 2895 de
3150 2838 3431 2895 Michaele
3462 2853 3588 2894 non

217 2927 520 2997 possimus
551 2927 765 2982 Nicetis
786 2926 967 2982 vitam
1005 2925 1237 2981 silentio
1258 2924 1574 2998 praeterire,
1604 2925 1827 2998 quippe
1857 2924 1963 2996 qui
1984 2925 2045 2981 in
2084 2941 2267 2998 opere
2293 2927 2368 2983 de
2397 2927 2579 2983 rebus
2609 2943 2746 2999 quae
2775 2932 2911 2999 post
2957 2927 3167 2999 Cpolin
3198 2943 3307 2998 per
3349 2926 3589 2983 Latinos

218 3020 457 3087 captam
488 3019 819 3070 evenerunt
845 3014 1039 3069 fratris
1065 3028 1205 3070 cum
1256 3014 1470 3069 merita
1497 3012 1677 3070 laude
1712 3016 2080 3075 mentionem
2122 3013 2282 3083 facit,
2333 3015 2439 3088 qui
2465 3016 2595 3087 ipse
2624 3020 2927 3088 superstes
2955 3014 3203 3071 fratrem
3236 3014 3589 3071 defunctum

213 3104 274 3159 in
300 3100 672 3172 biographia
702 3106 759 3157 et
786 3101 1082 3173 panegyri
1109 3100 1329 3157 debitis
1370 3101 1578 3170 elogiis
1607 3101 1950 3163 honoravit.

281 3187 533 3245 Michael
555 3191 944 3244 Acominatus
970 3190 1132 3245 circa
1159 3187 1699 3260 quadragesimum
1731 3194 1934 3249 saeculi
1954 3206 2035 3248 xu
2061 3204 2314 3261 annum,
2340 3190 2509 3247 initio
2539 3191 2711 3262 regni
2731 3190 3017 3248 Manuelis
3038 3190 3329 3249 Comneni
3366 3189 3588 3247 Chonis

212 3278 305 3335 vel
328 3276 604 3335 Colossis
626 3276 903 3349 Phrygias
934 3277 1080 3333 urbe
1104 3284 1285 3333 natus
1334 3283 1443 3344 est,
1475 3293 1661 3349 quam
1692 3280 1872 3338 frater
1895 3284 2025 3355 ejus
2054 3280 2286 3336 Nicetas
2324 3280 2504 3351 (Hist.
2537 3278 2634 3336 ed.
2667 3282 2796 3335 Par.
2828 3294 2889 3350 p.
2922 3279 3042 3351 115)
3072 3277 3295 3351 opibus
3341 3277 3588 3333 divitem

206 3373 264 3424 et
288 3366 651 3423 hominibus
679 3366 1053 3438 frequentem
1084 3368 1400 3435 vocat(3').
1429 3369 1595 3423 Patre
1626 3370 1911 3428 eumdem
1939 3384 2119 3427 usum
2141 3367 2328 3423 fuisse
2369 3366 2679 3439 opulento,
2703 3366 2848 3422 nulli
2871 3366 3242 3424 dubitamus.
3284 3367 3397 3432 Qui
3427 3368 3589 3422 enim

209 3456 372 3513 ﬁlios
416 3455 769 3528 Byzantium
810 3456 872 3511 in
902 3457 1132 3512 artibus
1162 3455 1510 3512 liberalibus
1541 3457 1622 3513 ibi
1655 3459 1916 3517 misisset
1960 3457 2361 3516 educandos?
2411 3471 2535 3528 qua
2586 3456 2727 3513 dein
2757 3456 2989 3512 ratione
3017 3456 3201 3512 iidem
3240 3455 3318 3512 ad
3351 3453 3590 3528 imperii

207 3546 541 3616 dignitates
568 3543 683 3599 nisi
709 3544 964 3616 pecunia
1009 3545 1164 3601 ante
1195 3546 1569 3617 corruptibili
1588 3546 1752 3610 data,
1778 3550 1967 3605 evecti
1997 3546 2309 3603 fuissent?
2335 3543 2652 3601 Atﬂnitatis
2680 3544 2952 3617 quodam
2974 3544 3295 3617 splendore
3338 3559 3465 3600 non
3494 3558 3590 3599 ca-

206 3640 485 3703 ruerunt,
514 3632 814 3705 siquidem
862 3634 1094 3689 Nicetas
1131 3633 1418 3690 clericum
1446 3634 1715 3707 aliquem
1746 3637 2114 3702 Choniatem,
2147 3634 2323 3706 cujus
2364 3633 2598 3691 Manuel
2645 3634 2971 3706 imperator
3012 3633 3219 3690 utilem
3244 3648 3496 3706 operam
3528 3632 3591 3688 in

206 3723 375 3781 bello
402 3731 616 3780 contra
628 3725 849 3781 Turcos
868 3730 1149 3797 expertus
1171 3731 1281 3790 est,
1306 3727 1738 3783 consobrinum
1758 3727 2021 3801 appellat
2042 3730 2101 3781 et
2118 3724 2287 3780 urbis
2315 3722 2778 3795 metropolitano
2798 3728 2967 3796 patre
2995 3722 3291 3796 spirituali
3312 3738 3460 3779 usus
3478 3725 3591 3778 est.

278 3818 492 3870 Pauca
535 3819 771 3869 tantum
794 3812 871 3869 de
907 3814 1149 3869 ineunte
1180 3814 1475 3870 Michaelis
1504 3820 1677 3871 aetate
1697 3822 2006 3890 comperta
2023 3814 2343 3884 habemus,
2368 3827 2561 3886 eaque
2589 3812 2651 3867 in
2678 3812 2809 3869 sola
2836 3813 3254 3885 parentatione
3300 3812 3364 3867 in
3389 3810 3589 3867 fratris

204 3903 481 3959 defuncti
512 3903 871 3959 memoriam
894 3902 1055 3958 dicta
1073 3903 1290 3979 hacin
1320 3903 1509 3959 verba
1537 3905 1811 3976 exposita
1841 3919 1852 3957 :
1890 3927 1917 3955 ‹‹
1952 3907 2117 3960 Pater
2148 3918 2339 3973 meus,
2364 3901 2471 3974 qui
2496 3900 2723 3957 litteras
2749 3916 2874 3957 non
2905 3901 3107 3956 minus
3127 3915 3319 3973 quam
3364 3899 3587 3955 liberos

200 4009 349 4049 suos
377 3992 607 4063 diligeb
620 3998 691 4060 it,
732 4007 829 4048 me
858 3990 1379 4047 adolescentulum
1404 3992 1511 4064 qui
1549 3993 1611 4048 in
1642 3994 2042 4062 grammatica
2067 3998 2122 4048 et
2152 3991 2390 4064 poetica
2420 3991 2566 4045 satis
2594 3995 2916 4061 provectus
2951 4005 3139 4057 eram,
3181 4004 3254 4044 ex
3284 3988 3420 4044 Asia
3470 3987 3589 4059 By-

197 4085 473 4139 zantium
498 4080 837 4137 traductum
868 4080 1087 4137 artium
1138 4080 1486 4136 liberalium
1518 4086 1576 4137 et
1613 4082 2013 4155 philosophia:
2040 4079 2344 4150 magistris
2371 4078 2811 4134 instituendum
2840 4078 3110 4134 tradidit.
3141 4099 3168 4126 »
3202 4077 3429 4131 Horum
3461 4089 3587 4130 ma-

200 4174 535 4241 gistrorum
579 4172 640 4225 in
688 4186 943 4226 numero
971 4173 1233 4225 Joannes
1286 4175 1344 4226 et
1381 4170 1550 4226 Isaac
1603 4174 1819 4227 Tzetzae
1852 4172 2109 4237 fuerunt,
2141 4183 2404 4241 quorum
2454 4166 2576 4221 vita
2622 4164 2685 4221 in
2745 4168 3047 4222 1130-1160
3084 4164 3310 4220 incidit.
3345 4161 3590 4220 Michael

202 4261 473 4316 Nicetam
501 4259 746 4315 fratrem
786 4267 1042 4331 utroque
1070 4265 1324 4330 parente
1349 4264 1669 4330 κασίγηντον
1696 4275 2053 4331 germanum
2086 4257 2199 4312 sibi
2238 4270 2578 4312 novennem
2610 4269 2681 4311 ea
2706 4254 2837 4324 lege
2869 4254 3155 4309 traditum
3194 4269 3232 4309 a
3260 4257 3430 4325 patre
3458 4267 3588 4307 esse

205 4350 354 4405 dicit
378 4354 443 4405 ut
474 4349 798 4416 nutritoris,
832 4349 1204 4415 institutoris,
1232 4350 1357 4404 imo
1405 4350 1590 4420 patris
1634 4349 1768 4405 loco
1793 4351 1847 4405 ei
1872 4353 2047 4405 esset.
2076 4346 2320 4404 Michael
2368 4346 2496 4417 ipse
2527 4342 2787 4399 afﬁrmat
2834 4359 2974 4399 cum
3007 4342 3237 4413 majore
3283 4358 3369 4408 se,
3402 4357 3589 4413 quam

207 4439 456 4496 fratrem
487 4437 678 4503 decet,
704 4439 941 4511 pietate.
964 4438 1178 4510 triplex
1215 4437 1365 4493 illud
1393 4438 1661 4494 ofﬁcium
1693 4438 2051 4512 explevisse.
2092 4435 2326 4492 Pietatis
2360 4440 2417 4490 et
2444 4433 2633 4490 animi
2666 4433 2817 4503 grati
2848 4438 3152 4488 certamen
3184 4432 3339 4487 inter
3377 4431 3589 4486 fratres

207 4527 642 4600 intercedebat,
672 4529 756 4585 ita
781 4532 984 4585 tamen
1014 4533 1079 4583 ut
1118 4527 1362 4584 Michael
1392 4528 1655 4600 archiep.
1680 4528 1895 4584 Athen.
1922 4527 2115 4583 factus
2139 4541 2249 4597 pro
2291 4522 2589 4579 modestia
2615 4537 2727 4578 sua
2750 4536 2811 4576 se
2842 4521 3006 4577 fratri
3038 4522 3116 4576 ad
3149 4519 3474 4576 altissimas
3502 4517 3590 4573 di-

212 4620 479 4690 gnitates
510 4623 715 4674 evecto
746 4617 1076 4674 multorum
1106 4617 1167 4672 in
1200 4631 1265 4671 se
1296 4614 1651 4671 coliatorum
1680 4616 2112 4672 beneﬁciorum
2149 4613 2481 4669 debitorem
2514 4612 2779 4667 evasisse
2824 4615 3077 4666 asserat.
3112 4612 3210 4664 Est
3256 4608 3437 4663 etiam
3488 4607 3592 4665 ubi

210 4706 464 4766 Michael
480 4704 649 4762 fratri
678 4705 883 4779 quoad
907 4706 1134 4776 ingenii
1162 4706 1356 4776 dotes,
1389 4721 1451 4760 se
1480 4704 1821 4761 inferiorem
1869 4704 2106 4769 fatetur,
2144 4702 2250 4758 ubi
2278 4701 2354 4757 de
2381 4700 2811 4757 communibus
2859 4700 3131 4770 ipsorum
3166 4696 3379 4752 siudiis
3424 4709 3590 4749 men-

212 4799 440 4853 tionem
471 4795 629 4851 facit.
672 4799 824 4851 Dum
853 4796 1013 4851 enim
1052 4796 1181 4866 ipse
1207 4794 1287 4850 ad
1314 4796 1605 4867 μαθήματα
1629 4796 1903 4851 animum
1925 4792 2276 4859 attenderet,
2310 4791 2572 4847 Nicetam
2602 4788 2742 4844 inde
2772 4804 2809 4843 a
2832 4804 3021 4860 puero
3047 4802 3252 4842 rerum
3284 4785 3588 4854 majorum

209 4885 625 4943 exercitationi
652 4899 725 4941 ac
754 4884 966 4940 studiis
991 4884 1266 4940 deditum
1292 4899 1361 4940 eo
1386 4884 1749 4955 pervenisse,
1778 4888 1843 4940 ut
1866 4881 2175 4939 audaciori
2203 4881 2411 4937 volatu
2440 4880 2502 4935 in
2526 4878 2804 4948 regiones
2825 4885 2927 4929 τῶν
2955 4878 3296 4950 Θιωρημάτων
3318 4873 3590 4930 evolave-

208 4976 304 5046 rit,
336 4974 401 5031 id
427 4979 543 5043 est,
569 4973 815 5046 proprio
836 4978 1029 5029 marte
1059 4971 1387 5029 meditatus
1416 4972 1510 5029 sit.

276 5072 359 5143 (1)
412 5076 518 5124 Καὶ
562 5068 612 5122 ἐν
655 5069 895 5130 Ἀθήναις
938 5074 1201 5143 γενόμεηος
1257 5075 1347 5122 καὶ
1398 5073 1464 5122 τὰ
1518 5078 1609 5130 τῆς
1675 5074 1825 5131 νίκης

1990 5069 2078 5143 ,(2)
2107 5064 2731 5143 Chonarumnomini
2784 5067 2995 5143 postea
3038 5058 3590 5143 Colossarumﬂsub:

210 5131 614 5215 ni‘za'pwrripta
677 5149 738 5213 τῇ
817 5131 1083 5215 ϐεστ-’όκῳἈ
1124 5137 1272 5215 ὃορς,
1353 5146 1443 5193 καὶ
1520 5143 1824 5215 ἀναθήμασι

1950 5131 2205 5215 stitutum
2226 5154 2367 5215 esse
2397 5136 2565 5215 urbis
2595 5131 3041 5215 Phrygiaque;
3064 5134 3399 5215 praesertim
3426 5131 3590 5215 Pauli

208 5203 421 5276 ποῖλὸῖς
492 5203 753 5287 lanugini;
829 5218 919 5265 καὶ
1001 5203 1307 5265 πίολυτελέσι
1382 5217 1661 5283 κοσμήσας
1688 5203 1699 5213 ’
1736 5214 1823 5262 τὸν

1950 5210 2008 5287 id
2022 5208 2480 5287 _C_hristianos_ej
2492 5224 2558 5287 us
2586 5203 2841 5287 civitatis
2866 5203 3123 5287 epistola
3137 5203 3427 5285 innotuit,
3444 5209 3590 5287 citra

209 5291 354 5353 νάὀν,
407 5274 745 5357 ίῦπζέσῖτρὲφειὲ
808 5303 883 5357 si,
964 5274 1526 5357 Ιςωνσταντινούπολιῦ.
1606 5284 1820 5354 Georg.

1948 5280 2186 5357 iubium
2235 5286 2342 5357 est.
2402 5274 2477 5357 in
2519 5277 2709 5357 lesico
2764 5274 2934 5357 Mich'.
2979 5277 3151 5357 Pselli
3182 5274 3588 5357 geographiae

212 5348 383 5414 Cedr.
419 5355 520 5411 ed.
553 5348 682 5411 Par.
712 5371 771 5425 p.
806 5348 932 5410 717.
965 5356 1278 5425 Templum
1312 5355 1604 5419 Minervae,
1632 5348 1826 5409 Erich-

1949 5352 2097 5424 quod
2153 5355 2208 5406 P.
2244 5349 2514 5425 Morellus
2567 5350 2728 5413 citat,
2778 5348 3403 5425 ΙθξζὶωυςλΚολοσᾳαι,
3446 5348 3589 5425 noli;

212 5371 383 5414 Geor.
419 5371 520 5411 ea.
553 5371 682 5411 Par.
761 5398 771 5408 .
806 5371 932 5410 vn.
974 5371 1100 5411 rem
1152 5371 1278 5409 ium
1314 5371 1604 5419 Minervae,
1632 5371 1826 5409 ancu-

212 5429 403 5486 thonii
436 5426 672 5492 matris,
704 5371 1042 5483 Parthenon
1071 5371 1220 5481 ilihd
1256 5427 1317 5481 in
1365 5428 1422 5482 S.
1449 5426 1700 5495 Virginis
1754 5440 1824 5479 ac

1950 5371 2097 5424 [uoa
2153 5371 2208 5406 ι’.
2244 5371 2514 5407 :uoreuus
2567 5371 2728 5413 cum,
2778 5371 3078 5418 tegimus:
3120 5371 3403 5411 λοωστῖαι,
3446 5371 3590 5405 nam;

1950 5428 2178 5497 Ppu'liatg,
2212 5426 2265 5475 αἱ
2295 5431 2382 5473 νῦν
2398 5421 2684 5497 ⁸λςγιρμλνοιιΔ
2720 5428 2913 5497 Χςῦναι,
2948 5420 3267 5497 εξᾼΝίίξΘὶᾶδ
3294 5417 3590 5497 ipse-dicit

215 5502 490 5574 Deiparae
547 5490 869 5574 ecclesiam
923 5502 1377 5574 estlrnutatum,
1431 5490 1579 5574 utet
1619 5497 1822 5551 Thesei
1930 5490 1989 5550 in
2037 5490 2339 5574 Thesauro
2376 5490 2799 5574 ﬁdeiorthoct.
2828 5508 2927 5574 ‘lV,
2979 5490 3206 5574 @2311;
3247 5490 3507 5574 atlas-J19;
3540 5490 3588 5572 si:

216 5559 514 5646 templum
545 5569 816 5646 ecclesia:
850 5568 1045 5646 sancti
1086 5568 1319 5640 Georgii
1361 5559 1466 5641 qui
1493 5567 1823 5626 draconem

1952 5570 2150 5646 'gi‘zrpo;
2172 5569 2289 5626 τοὺς
2311 5569 2607 5640 πατριώτας
2632 5582 2722 5636 μοι
2754 5562 3036 5622 Κολοσσείς
3059 5559 3337 5631 Ἐπιστολῇ
3367 5559 3592 5627 θεολογεῖ

213 5637 538 5713 interemit,
558 5638 767 5697 locum
793 5639 991 5697 cessit.
1249 5637 1266 5640 ⁷
1378 5637 1401 5641 ⁷
1932 5637 2051 5692 κέλ.
