4152 6208
541 253 645 309 303
1393 248 1701 308 MICHAEL
1738 248 2187 307 ACOMINATUS
2235 248 2671 307 ATHENARUM
2719 246 3047 308 ARCHIEP.
3796 244 3902 307 304

614 377 743 442 Quo
770 375 1039 446 tempore
1066 372 1300 429 Nicetas
1339 372 1789 449 ὑπογραμματέως
1838 372 2121 447 βασιλικοῦ
2150 374 2254 430 titu

2261 372 2319 431 lo
2374 377 2477 431 aut
2524 372 2636 429 sub
2681 372 2946 431 Manuele
2978 374 3286 430 Comneno
3334 368 3471 424 ante
3515 382 3570 425 a.
3599 368 3761 439 1180,
3792 374 3901 429 aut

540 463 741 521 Alexio
774 462 819 519 ll
849 466 1156 534 regnante,
1191 477 1381 535 usque
1430 462 1508 518 ad
1534 479 1590 520 a.
1631 463 1767 519 1183
1795 462 1873 519 ad
1902 478 2103 520 rerum
2134 462 2713 521 administrationem
2755 462 3021 531 accessit,
3078 457 3182 516 ubi
3234 460 3444 531 postea
3474 456 3553 514 ad
3583 459 3891 517 maximos

539 553 801 609 honores
831 556 1147 624 provectus
1193 556 1300 623 est,
1336 550 1626 615 Michaeli,
1660 552 1863 608 minus
1916 568 2208 626 prospera
2257 569 2371 609 uso
2413 552 2673 620 fortuna,
2713 551 3201 624 archiepiscOpus
3244 547 3667 605 tantummodo
3721 548 3903 606 Athe-

538 658 756 698 narum
808 647 869 697 ut
898 642 1065 697 fieret
1091 642 1357 711 contigit.
1396 642 1509 699 Sed
1559 647 1622 699 ut
1649 642 1913 699 nominis
1965 644 2134 700 Attici
2165 642 2419 713 gloriam
2450 646 2895 715 praetereamus,
2930 636 3424 711 archiepiscopus
3456 635 3834 694 Atheniensis
3864 654 3900 695 e

536 747 787 786 numero
815 731 1257 802 prmcipuorum
1309 731 1447 786 inde
1475 748 1511 787 a
1543 747 1601 787 1x
1641 732 1860 789 saeculo
1890 733 2489 805 metropolitanorum
2533 730 2810 786 diazcesis
2867 728 3077 801 lllyrim
3118 730 3264 797 erat,
3313 728 3371 781 et
3398 723 3607 781 decem
3642 726 3898 799 quidem

536 819 800 893 episcopi
824 819 1068 875 Aulonis
1098 818 1157 874 in
1186 819 1463 889 Phocide,
1497 821 1717 878 Daulize
1744 826 1799 878 et
1839 823 2119 878 Coroneae
2148 822 2209 877 in
2255 820 2497 889 Bmotia,
2531 818 2682 886 Orei,
2712 818 2934 891 Euripi,
2971 814 3257 882 Porthmi,
3290 813 3526 886 Carysti
3553 814 3615 870 in
3644 815 3894 887 Euboea,

535 915 591 964 et
619 909 953 965 insularum
987 909 1170 981 Scyri,
1204 910 1388 967 Andri
1418 914 1475 967 et
1500 912 1661 984 Syrte
1692 911 1744 967 ei
1776 914 1840 967 ut
1866 909 2233 983 suifraganei
2257 908 2508 981 subjecti
2537 910 2728 965 erant.
2759 907 2868 980 (Cf.
2918 908 2990 963 Le
3022 904 3230 973 Quien,
3276 903 3483 960 Oriens
3509 903 3897 963 Christianus

536 1000 601 1065 II,
622 1014 682 1071 p.
718 998 817 1054 167
836 1000 1009 1071 sqq).

532 1105 559 1176 §
589 1105 679 1161 Ill.
702 1106 967 1162 Michael
988 1106 1360 1163 Athenarum
1376 1106 2086 1179 archiep.—Byzantium
2114 1123 2315 1164 rerum
2344 1112 2564 1163 statum
2587 1111 2929 1177 permutat;
2951 1106 3148 1177 legum
3164 1119 3275 1176 per
3298 1104 3593 1164 Graeciam
3623 1101 3895 1161 abolitio.

602 1213 863 1281 Michael,
887 1214 936 1269 si
958 1214 1173 1270 asserit
1204 1230 1265 1270 se
1297 1229 1403 1287 per
1435 1214 1673 1285 triginta
1702 1231 1896 1272 annos
1928 1231 2177 1272 munere
2203 1212 2558 1271 sacerdotali
2579 1214 2852 1270 functum
2883 1228 3037 1280 esse,
3066 1211 3181 1268 sub
3211 1211 3393 1269 ﬁnem
3427 1211 3611 1284 (1175)
3641 1227 3775 1268 stne.
3809 1221 3901 1266 xu

534 1302 648 1358 sub
697 1302 1017 1359 Charitone
1060 1303 1407 1375 patriarcha
1456 1320 1680 1360 munus
1738 1305 1941 1362 iniisse
1989 1304 2240 1360 videtur-
2293 1304 2514 1359 Casim.
2554 1302 2824 1359 Oudinus
2864 1304 3201 1369 (Comment.
3253 1302 3323 1359 de
3360 1304 3642 1371 scriptor.
3675 1301 3884 1359 eccles.

528 1408 589 1463 p.
624 1393 760 1448 ’1536
788 1398 844 1448 et
866 1392 1030 1463 1712)
1059 1392 1213 1448 duos
1245 1392 1304 1447 in
1354 1409 1433 1448 xu
1463 1393 1683 1449 saeculo
1712 1394 2124 1466 metropolitas
2157 1393 2570 1462 Athenienses,
2603 1392 2901 1449 Michaelis
2932 1392 3179 1449 nomine
3221 1391 3568 1463 designatos
3597 1393 3903 1449 memorat

527 1497 789 1553 quorum
819 1482 1081 1553 priorem
1112 1498 1273 1538 anno
1324 1484 1462 1539 1170
1491 1483 1780 1552 assignat,
1816 1487 1873 1537 et
1900 1482 2096 1537 Const-
2130 1484 2421 1541 Manassis
2475 1488 2531 1539 et
2566 1483 2865 1541 Simeonis
2895 1483 3305 1555 Metaphrastae
3357 1488 3899 1556 contemporaneos

526 1570 703 1638 facit;
731 1586 853 1643 quo
884 1586 1080 1626 errore
1110 1570 1407 1626 Harlesius
1433 1586 1677 1644 quoque
1696 1571 2085 1640 obstringitur
2114 1573 2387 1642 (Fabricii
2407 1574 2571 1630 Bibl.
2603 1576 2707 1630 Gr.
2733 1574 2828 1629 ed.
2859 1589 3001 1629 nov.
3034 1576 3119 1640 ΧΙ,
3153 1588 3213 1646 p.
3247 1574 3371 1640 188,
3404 1577 3581 1639 not.),
3614 1571 3898 1646 quamvis

524 1672 713 1731 opera
739 1660 816 1715 ab
849 1659 1083 1715 Oudino
1114 1659 1330 1730 majori
1359 1660 1621 1716 Michaeli
1649 1660 1951 1727 attributa,
1974 1664 2182 1717 nostro
2210 1662 2478 1719 Michaeli
2516 1663 2892 1732 Acominato,
2913 1662 3097 1735 idque
3117 1663 3271 1732 jure,
3304 1661 3565 1719 ascribit.
3600 1663 3758 1718 Inter
3778 1661 3895 1717 ista

525 1764 713 1820 opera
736 1750 1070 1805 orationem
1098 1748 1290 1805 habes
1346 1748 1593 1805 Athenis
1644 1749 1914 1806 muneris
1959 1749 2084 1805 initi
2116 1750 2213 1807 die
2261 1750 2557 1817 habitam,
2589 1756 2645 1806 et
2672 1751 2844 1822 cujus
2870 1750 3056 1807 verba
3087 1750 3523 1807 introductoria
3554 1749 3685 1806 sola
3727 1748 3896 1822 apud

525 1837 883 1893 Bandinium
928 1840 1123 1907 (Epist
1155 1839 1227 1893 de
1256 1837 1553 1895 llic/caele
1581 1839 1979 1909 Aeominato),
2012 1842 2110 1891 Τὸν
2140 1860 2165 1911 ρ

2280 1836 2347 1898 δὴ
2381 1844 2739 1913 προσήκοντα,
2771 1845 2828 1896 et
2858 1839 3067 1896 ultima
3095 1857 3107 1895 :
3141 1838 3251 1892 Ἵνα
3276 1843 3364 1892 καὶ
3412 1839 3562 1893 αὐτοὶ
3603 1843 3724 1901 ναὸς
3758 1845 3894 1891 Θεοῦ

526 1930 697 1998 εἴημεν
720 1924 767 1978 ἐν
796 1926 935 1997 αὐτῷ
961 1934 1199 2000 Χριστῷ,
1234 1931 1368 1995 etc.,
1401 1926 1677 1997 legimus.
1712 1927 1954 1984 Michael
1984 1926 2118 1983 licet
2143 1928 2392 2001 antiquo
2424 1945 2590 1985 more
2630 1929 2941 1997 educatus,
2968 1929 3032 1985 in
3059 1928 3173 1985 ista
3196 1928 3403 2001 phrasi
3423 1928 3629 1984 divina
3659 1932 3724 1984 ut
3752 1932 3811 1984 et
3834 1928 3897 1983 in

523 2017 752 2070 caeteris
776 2014 1061 2071 omnibus
1086 2031 1222 2087 quae
1257 2015 1482 2087 scripta
1527 2015 1784 2088 reliquit,
1816 2016 2241 2073 orthodoxiam
2271 2034 2343 2074 ex
2399 2018 2591 2075 oculis
2622 2034 2746 2074 non
2778 2018 3011 2085 amittit,
3045 2034 3182 2090 quae
3212 2017 3595 2089 καλοκαγαθίας
3632 2016 3896 2089 antiqua:

519 2102 654 2161 loco
687 2104 871 2160 Graeci
896 2103 1218 2174 cujuslibet
1242 2120 1590 2177 supremam
1618 2104 1865 2162 laudem
1894 2106 2217 2162 constituit.
2249 2108 2474 2174 Quodsi
2498 2108 2844 2165 Michaelem
2870 2112 3147 2165 nostrum
3182 2108 3387 2165 Atticis
3418 2107 3775 2164 innutritum
3803 2122 3898 2163 ar-

520 2192 682 2249 tibus
707 2198 764 2249 et
791 2192 999 2249 litteris
1030 2193 1275 2250 Athenis
1306 2208 1440 2265 quae
1472 2192 1732 2266 templis,
1766 2194 1978 2250 statuis
2004 2195 2424 2265 abundabant,
2458 2197 2696 2253 Periclei
2716 2197 2830 2254 sevi
2859 2201 3256 2254 monumenta
3283 2196 3679 2270 inspirabant,
3709 2195 3894 2268 idem,

520 2298 645 2354 qua
687 2282 1058 2339 Christianus
1091 2298 1163 2339 ac
1193 2282 1496 2351 sacerdos,
1537 2281 1725 2339 divini
1753 2285 1928 2355 quasi
1958 2284 2492 2341 aetheristﬂamina
2533 2284 2973 2357 experiebatur.
3007 2288 3153 2341 Ante
3184 2299 3323 2340 eum
3356 2284 3419 2341 D.
3466 2283 3686 2340 Paulus
3726 2282 3900 2340 Athe-

522 2373 835 2429 niensibus
866 2373 927 2429 in
959 2381 1277 2446 Areopago
1308 2389 1543 2446 pacem,
1573 2378 1630 2429 et
1666 2374 1727 2429 in
1758 2374 1982 2447 templo
2005 2374 2106 2431 Dei
2134 2374 2420 2443 incogniti
2452 2376 2639 2430 Deum
2668 2373 2727 2429 in
2762 2373 2994 2431 Christo
3024 2373 3476 2430 manifestatum
3506 2373 3898 2429 annuntiave-

522 2465 653 2526 rat;
686 2466 741 2517 et
768 2460 994 2517 ibidem
1028 2462 1351 2535 Dionysius
1382 2462 1745 2533 Areopagita
1774 2462 2005 2534 primus
2038 2462 2359 2535 episcopus
2392 2468 2781 2527 memoratur,
2814 2462 2975 2518 idem
3005 2466 3237 2534 martyr
3256 2465 3512 2525 Graecus,
3540 2478 3724 2534 quem
3768 2460 3897 2517 Gal-

522 2548 607 2606 lia
634 2566 877 2623 quoque
909 2550 1255 2623 apostolum
1296 2555 1352 2607 et
1382 2556 1709 2622 patronum
1741 2567 1921 2607 suum
1950 2557 2234 2608 venerata
2254 2555 2340 2607 est
2364 2567 2435 2608 eo
2468 2557 2754 2624 tempore,
2786 2568 2909 2624 quo
2934 2551 3065 2624 ipsa
3090 2550 3228 2607 novi
3258 2551 3555 2623 Evangelii
3586 2550 3896 2623 apostolos

525 2655 632 2712 per
656 2656 911 2705 omnem
923 2640 1153 2703 orbem,
1177 2640 1506 2712 praesertim
1536 2640 1597 2695 in
1623 2656 1759 2696 eam
1788 2641 2095 2711 regionem
2125 2641 2341 2709 emisit,
2363 2640 2524 2698 unde
2554 2646 2768 2713 praeter
2789 2640 3317 2698 Christianismum
3344 2639 3704 2714 perantiqua
3722 2638 3900 2696 liber-

528 2728 663 2784 tatis
695 2728 877 2783 civilis
909 2728 1147 2784 traditio
1173 2727 1226 2783 ei
1254 2732 1520 2799 venerat,
1558 2728 1619 2783 in
1652 2727 1942 2785 Graeciam
1979 2729 2113 2786 dico
2142 2732 2240 2799 (1).

600 2818 845 2873 Michael
872 2818 1134 2873 Athenas
1161 2833 1366 2873 sacras
1391 2817 1661 2873 oratione
1691 2818 1951 2875 celebrat
1978 2818 2039 2873 in
2072 2818 2392 2876 Leonidem
2422 2824 2753 2893 martyrem
2785 2824 2842 2876 et
2872 2819 3068 2876 socios
3098 2818 3303 2876 habita
3328 2837 3341 2883 ;
3369 2817 3590 2875 heroici
3620 2817 3897 2889 ejusdem

530 2907 779 2963 civitatis
800 2907 932 2975 aevi,
954 2906 1015 2963 in
1039 2906 1395 2963 allocutione
1426 2906 1503 2961 ad
1529 2911 1845 2978 praetorem
1879 2908 2239 2964 Demetrium
2263 2909 2604 2976 Drimetem,
2637 2909 2899 2966 Athenas
2930 2909 3236 2979 reducem,
3258 2908 3531 2964 meminit
3555 2924 3567 2962 :
3591 2911 3688 2960 Τὸν
3715 2911 3904 2965 Θησέα

531 3002 686 3069 φασὶν
709 2994 914 3052 ἐκεῖνον.
943 2996 1231 3052 Eustathii
1254 3000 1466 3068 postea
1510 2996 1943 3069 archiepiscopi
1970 2997 2344 3067 Thessalon.,
2374 2998 2711 3071 interpretis
2738 2998 2844 3054 cel.
2892 2998 3229 3055 carminum
3283 2998 3542 3064 Homeri,
3570 3012 3693 3070 quo
3722 2996 3903 3053 fami-

528 3086 846 3142 liarissime
873 3085 1166 3154 utebatur,
1194 3102 1357 3141 mors
1408 3086 1796 3157 profanarum
1838 3102 2009 3159 teque
2048 3103 2118 3144 ac
2165 3088 2633 3145 Christianarum
2677 3089 3139 3145 meditationum
3186 3105 3399 3145 ansam
3441 3087 3733 3160 praebuit;
3769 3087 3904 3158 ejus

532 3176 894 3232 memoriam
923 3175 1192 3232 oratione
1244 3174 1481 3231 funebri
1507 3175 1845 3245 honoravit,
1875 3176 2049 3247 cujus
2094 3176 2172 3232 ini

2268 3194 2330 3234 m
2359 3195 2372 3233 :
2400 3177 2471 3231 ’Ὠ
2500 3182 2716 3250 στυγνός
2746 3180 2889 3242 αἰὼν,
2932 3177 2971 3230 ὦ
2997 3178 3204 3251 τλήμων
3237 3178 3386 3250 ἡμεῖς
3424 3179 3589 3249 γενεά,
3625 3176 3762 3233 ﬁnis
3807 3181 3901 3229 καὶ

535 3264 879 3337 λατρεύοντες.
911 3268 1120 3322 Paucae
1145 3265 1238 3320 hae
1265 3280 1444 3321 voces
1473 3263 1549 3319 de
1581 3266 1883 3321 monodiae
1913 3264 2101 3337 pretio
2150 3271 2407 3324 statuere
2440 3284 2561 3325 non
2593 3268 2946 3340 permittunt
2972 3284 2987 3334 ;
3017 3272 3079 3323 at
3113 3268 3299 3323 hocce
3324 3266 3618 3323 saeculum
3648 3271 3704 3322 et
3751 3280 3907 3322 nos-

534 3359 692 3411 trum
716 3371 905 3425 genus
936 3370 1219 3411 accusare
1248 3353 1445 3411 licebit
1474 3353 1871 3424 negligentiae,
1895 3355 1991 3411 cui
2021 3354 2185 3411 solus
2214 3357 2467 3413 Tafelius
2493 3357 2830 3413 remedium
2858 3357 3220 3430 apportavit,
3253 3357 3356 3430 qui
3382 3357 3444 3412 in
3472 3355 3905 3413 Dissertatione

534 3445 623 3501 De
654 3445 1079 3501 Thessalonica
1104 3447 1350 3514 ejusque
1378 3459 1528 3514 agro
1558 3443 1739 3499 etiam
1771 3443 2112 3500 Monodiam
2133 3445 2194 3501 in
2228 3446 2602 3503 Eustathium
2628 3446 2851 3518 publici
2878 3446 3030 3517 juris
3066 3445 3220 3501 fecit.

609 3534 899 3590 Eustathii
924 3533 1266 3589 Thessalon.
1300 3549 1463 3589 mors
1492 3533 1568 3604 (a.
1596 3534 1757 3603 1198)
1779 3548 1882 3588 sex
1911 3536 2087 3589 annis
2113 3536 2533 3606 catastrophen
2560 3536 2896 3601 antecessit,
2929 3551 3065 3607 quas
3097 3533 3361 3591 Michaeli
3386 3533 3769 3591 occasionem
3790 3533 3903 3590 de-

538 3622 626 3679 dit
662 3622 1017 3678 ostendendi
1046 3638 1107 3676 se
1139 3637 1261 3678 non
1287 3622 1483 3677 solum
1510 3622 1743 3677 bonum
1790 3623 1993 3678 ovium
2044 3629 2349 3694 pastorem
2375 3625 2542 3696 pacis
2593 3631 2859 3697 tempore
2892 3640 3045 3692 esse,
3078 3623 3183 3681 sed
3209 3625 3335 3697 qui,
3360 3629 3611 3693 urgente
3640 3624 3901 3679 necessio

540 3716 681 3781 tate,
711 3711 924 3782 lupum
965 3709 1307 3778 Argolicum
1338 3710 1567 3765 fortiter
1595 3726 1631 3765 a
1657 3725 1835 3781 grege
1859 3711 2125 3782 repellat,
2152 3712 2287 3768 licet
2316 3730 2456 3769 mox
2487 3714 2625 3769 feris
2654 3713 3127 3771 occidentalibus
3160 3713 3369 3770 cedere
3408 3718 3652 3769 coactus
3699 3712 3899 3769 fuerit.

613 3804 807 3872 Atque
854 3798 970 3853 hoc
1016 3797 1263 3869 quidem
1300 3796 1435 3853 loco
1475 3796 1802 3853 dicendum
1851 3804 1943 3854 est
1984 3801 2087 3870 qui
2130 3800 2307 3857 fuerit
2352 3803 2846 3858 Acominatorum
2898 3818 3095 3859 sermo
3122 3803 3285 3873 justo
3315 3801 3510 3872 magis
3541 3800 3907 3873 metaphori-

543 3906 648 3947 cus
679 3892 773 3961 (2).
802 3888 983 3959 Cujus
1012 3888 1099 3943 rei
1146 3891 1212 3944 ut
1236 3887 1529 3958 majorem
1581 3886 1764 3942 ﬁdem
1794 3887 2108 3959 faciamus,
2142 3890 2353 3947 Nicetes
2383 3893 2571 3948 verba
2601 3892 2823 3964 quibus
2849 3892 2909 3948 in
2935 3891 3242 3947 Michaelis
3292 3892 3488 3947 fratris
3521 3891 3648 3946 Vita
3694 3890 3902 3955 utitur,

541 3985 905 4053 repetamus,
938 3977 1392 4049 usurpationem
1440 3981 1620 4033 antea
1651 3983 2057 4033 memorantes
2087 3978 2319 4050 imperii
2346 3981 2656 4052 Byzantini
2686 3997 2793 4054 per
2839 3981 3111 4037 Alexium
3166 3984 3236 4036 lll
3278 3980 3569 4049 Angelum
3600 3984 3675 4045 (a.
3714 3983 3904 4044 1195),

542 4086 729 4143 quam
757 4073 890 4125 octo
922 4068 1096 4124 annis
1117 4072 1327 4140 postea
1354 4066 1652 4139 expeditio
1683 4066 1962 4123 Italorum
1994 4066 2415 4141 Gallorumque
2449 4069 3007 4143 Constantinopolin
3036 4086 3265 4133 versus,
3300 4073 3356 4126 et
3379 4073 3513 4141 post
3537 4067 3909 4137 redintegra-

542 4161 768 4215 tionem
791 4158 1003 4213 lsaacii
1032 4158 1233 4213 caecati
1263 4172 1401 4211 cum
1428 4156 1549 4211 tilio
1571 4156 1700 4226 ejus
1727 4155 1929 4211 Alexio
1958 4157 2552 4231 lVimpotentemque
2580 4160 2758 4216 Alexii
2792 4163 2831 4215 V
2854 4163 3029 4216 Ducas
3053 4159 3374 4231 Murzuphli
3403 4157 3906 4229 dominationem,

546 4247 814 4302 secunda
843 4247 1038 4318 Cpolis
1086 4245 1453 4317 expugnatio
1482 4261 1588 4317 per
1618 4246 1881 4300 Francos
1916 4249 2001 4313 (l2
2057 4251 2163 4318 Ap.
2212 4248 2369 4312 1201)
2397 4253 2453 4304 et
2490 4249 2723 4322 imperii
2766 4248 2954 4305 Latini
3006 4248 3280 4305 fundatio
3312 4252 3517 4304 secuta
3545 4251 3651 4303 est.
3689 4245 3908 4303 Nicetes

545 4337 830 4392 Acomina
843 4335 879 4390 ti
912 4335 1178 4390 Historire
1208 4333 1341 4389 libri
1371 4350 1409 4389 v
1434 4334 1624 4390 ultimi
1652 4336 1937 4405 (xvu-xxi)
1965 4339 2022 4390 et
2043 4338 2093 4393 J.
2120 4336 2513 4393 Villharduini
2535 4337 2795 4394 Annales
2830 4338 3046 4395 Gallice
3076 4337 3401 4410 conscripti
3433 4352 3721 4407 magnam
3748 4335 3910 4392 circa

548 4439 648 4480 eas
675 4440 770 4479 res
804 4422 1217 4478 auctoritatem
1243 4422 1487 4479 habent.
1516 4424 1745 4478 Nicetas
1788 4424 2036 4495 quidem
2060 4441 2252 4497 usque
2280 4427 2357 4483 ad
2388 4444 2442 4483 a.
2476 4431 2611 4483 1206
2641 4427 3039 4500 progreditur,
3088 4427 3367 4499 quamvis
3394 4427 3455 4482 in
3483 4427 3604 4481 fine
3649 4424 3785 4481 libri
3802 4438 3910 4479 xxx

548 4513 711 4570 dicat
745 4531 758 4568 :
784 4512 894 4565 Οὐκ
924 4511 983 4563 ἆν
1032 4512 1263 4584 ᾲσαὶμην
1287 4515 1354 4564 τὰ
1399 4512 1676 4586 βαρϐάρων
1708 4512 1885 4577 αὐτὸς,
1920 4510 2033 4565 οὐδ’
2058 4513 2273 4588 ἐσοίμην
2300 4514 2658 4589 παραπέμπων
2690 4524 2799 4579 τοῖς
2837 4519 3012 4569 ἔπειτα
3057 4516 3272 4591 πράξεις
3315 4515 3617 4587 πολεμικὰς,
3643 4513 3690 4565 ἐν
3730 4514 3807 4574 αἷς
3825 4518 3902 4586 μὴ

547 4612 761 4655 νικῶσιν
786 4601 1044 4663 Ἕλληνες.
1070 4603 1135 4653 Οἱ
1164 4603 1264 4675 γὰρ
1294 4598 1555 4673 βάρϐαροι
1593 4604 1726 4653 κατὰ
1757 4604 1841 4654 τὸν
1869 4601 2213 4674 ἐμπρήσαντα
2240 4608 2326 4657 τὸν
2366 4604 2414 4657 ἐν
2442 4604 2636 4679 Ἐφέσῳ
2658 4609 2776 4658 ναὸν
2806 4615 2897 4666 τῆς
2929 4602 3239 4679 Ἀρτέμιδος
3279 4605 3614 4678 οἰχέσθωσαν
3642 4604 3819 4655 οἷῑστοι
3849 4621 3908 4656 τε

546 4698 637 4747 καὶ
663 4695 909 4757 ἄπυστοι,
939 4687 1079 4766 μηδὲ
1106 4695 1476 4767 προσρήματος
1499 4697 1623 4763 γοῦν
1645 4710 1799 4762 τινος,
1832 4691 1915 4766 ὑφ’
1938 4694 2081 4764 ἡμῶν
2106 4692 2417 4769 ἀξιούμενοι,
2443 4696 2535 4757 ἕως
2565 4696 2624 4748 οὗ
2653 4694 2900 4771 παρέλθοι
2929 4697 2958 4754 ἠ
2987 4693 3176 4768 ἀνομία
3205 4693 3335 4747 κάπὶ
3360 4699 3472 4756 τοῖς
3501 4689 3707 4755 δούλοις
3741 4691 3907 4746 αὐτοῦ

622 4876 701 4947 (1)
744 4876 964 4954 Contra
1006 4868 1879 4954 Gregoriumluronu‘Bedam
1910 4875 1975 4953 .ct
2016 4888 2200 4954 quos-
2307 4874 2808 4954 Prgfalionead
2858 4874 3194 4954 Historiam
3248 4872 3353 4954 ubi
3392 4873 3657 4954 maxime
3688 4875 3908 4954 monet

548 4941 693 5018 dam
725 4947 873 5018 alios
904 4941 1572 5018 Dionysium‘Gallicum
1599 4941 2056 5018 abgAtheniensi
2084 4945 2201 5000 dis-
2308 4941 2520 5002 nullibi
2550 4947 2745 5018 magis
2779 4962 2975 5018 quam
3002 4946 3099 5002 hic
3125 4945 3393 5001 claritate
3440 4950 3498 5001 et
3520 4944 3912 5018 _simplicitate

548 5017 948 5089 tinguendum
970 5021 1025 5071 et
1043 5012 1210 5089 tertio
1237 5014 1484 5069 demum
1506 5018 1645 5089 post
1667 5012 1965 5070 Christum
1990 5020 2201 5089 natum
2308 5033 2463 5089 opus
2496 5012 2829 5073 esseflndé
2858 5033 3065 5073 versus
3114 5022 3433 5089 sequentes
3461 5015 3541 5072 ad
3570 5012 3913 5089 marginem

552 5088 773 5160 steculo
805 5087 1250 5160 accensendum
1290 5102 1419 5160 esse
1448 5086 2201 5160 arbitrantes,auctoritati
2309 5086 2709 5160 cod.Fugger.
2741 5088 2946 5160 scripti
2971 5092 3027 5146 et
3056 5105 3092 5146 a
3122 5086 3331 5145 wolﬁo
3362 5087 3702 5146 Alexandro
3733 5086 3915 5143 Chara

550 5159 693 5216 Sim.
729 5158 1145 5232 Metaphrastm
1175 5163 1229 5213 et
1256 5156 1423 5232 Mich.
1448 5154 1904 5232 _Syn_geli,_ab_b.
1936 5157 2200 5214 Hilduini
2308 5154 2615 5232 tophylaci
2644 5154 2917 5232 attributi
2942 5177 2955 5214 :

549 5227 1243 5304 etmultorum_virorum
1268 5228 1398 5283 sine
1429 5227 1616 5304 dubio
1643 5227 2117 5304 orthodoxorum
2145 5235 2189 5286 et

1899 5244 2117 5304 :xorum
2145 5234 2203 5286 et
2375 5227 2392 5232 ’
2458 5227 2468 5232 ’
2523 5231 2633 5283 Οὐκ
2654 5228 2780 5284 οἶδα
2805 5236 2855 5283 τί
2888 5234 2988 5304 φῇς
3017 5227 3221 5295 ἓνθάδε,
3248 5231 3539 5304 Χωξειοίτξα,

546 5300 883 5381 doctorum
917 5299 1806 5381 obtemperamustqui‘unum
1843 5300 2186 5381 Dionysium

2016 5300 2199 5381 {sium
2520 5306 2677 5381 Σοφὸν
2697 5305 2756 5356 τὸ
2786 5299 2940 5381 σαρξᾷ
2973 5305 3288 5381 augt-190292?»
3321 5299 3448 5381 εἶναι
3478 5301 3656 5381 λέγεις,

547 5323 863 5356 uocwrum
917 5323 1569 5379 ouwmpuramus,_qu1
1619 5323 1806 5353 unum
1843 5323 2187 5381 wouysnum

547 5376 907 5442 agnoscunt.
961 5374 1317 5449 Persuasum
1367 5385 1528 5449 enim
1578 5368 1883 5449 habemus
1931 5372 2187 5449 criticam

2031 5323 2199 5357 sxum
2520 5323 2677 5375 ιοφον
2697 5323 2756 5356 το
2786 5323 2939 5428 auge;
2973 5323 3074 5374 συγ
3113 5323 3288 5375 ραφων
3321 5323 3448 5355 srvat
3479 5323 3657 5371 Αεσγης,

2031 5372 2199 5449 ἰἱϐᾶῑῐξ
2422 5445 2475 5449 __
2520 5371 2649 5449 Εἶτα
2672 5381 2848 5449 χπιφώ
2897 5395 2922 5433 η
2956 5382 3046 5427 καὶ
3074 5323 3402 5449 βαραθρώδη
3437 5374 3671 5449 γραφείς.

545 5440 735 5530 quam
766 5441 1349 5530 vocan‘thistoricam
1379 5440 1458 5499 ad
1486 5445 1630 5498 Acta
1659 5445 2001 5499 sanctorum
2030 5443 2199 5501 haud
2410 5445 2644 5530 lyesct'o,
2669 5440 3157 5530 .Choniatahquid
3176 5440 3379 5530 dicere
3406 5440 3576 5530 velis.

545 5513 802 5588 impune
829 5513 1151 5588 applicari._
1329 5585 1366 5588 __
1438 5584 1447 5588 _
1579 5584 1593 5588 _
1769 5585 1779 5588 _
1857 5586 1865 5588 _
2139 5587 2145 5588 ί
2410 5513 2706 5588 Dictionis
2731 5513 3157 5576 claritudinem
3180 5519 3461 5575 virtutem
3491 5516 3667 5572 dicis.

613 5584 692 5662 (‘2)
743 5584 960 5647 Nice'tée
1007 5584 1258 5660 quidem
1310 5584 1491 5646 dictio
1538 5584 1976 5647 obscurissima
2013 5589 2102 5647 est
2132 5587 2196 5647 in
2411 5587 2490 5647 Et
2517 5590 2678 5649 nihil
2704 5596 2768 5649 tu
2793 5592 2917 5664 ipse
2936 5591 3057 5649 nisi
3076 5605 3191 5663 per
3211 5589 3519 5663 ampullas
3546 5584 3877 5659 componis.
