4152 6208
221 378 332 430 105
1758 358 2036 417 NOTITIA
3490 368 3594 422 360

220 483 283 533 τὸ
316 487 469 534 Θεῖον
497 491 984 556 Rep-«inaequat.
1007 487 1181 548 Absit
1212 491 1276 544 ut
1303 501 1411 558 ego
1439 499 1533 544 res
1553 489 1750 557 gestas
1781 485 1860 546 Bc

1957 499 2206 544 ararum
2233 485 2566 558 decantem,
2595 491 2702 544 aut
2736 501 2805 545 ea
2837 487 2990 545 bella
3012 488 3310 545 memoriae
3329 495 3593 559 postero-

223 585 365 627 rum
383 569 663 640 prodam,
693 572 758 626 in
783 581 997 643 quibus
1021 594 1139 637 non
1168 578 1418 636 vincunt
1440 575 1646 633 Graeci.
1674 574 1798 632 Ima
1826 575 1940 642 illi,
1985 580 2052 631 ut
2079 576 2129 632 is
2157 577 2263 648 qui
2285 576 2561 646 Ephesia:
2594 578 2806 636 Dianae
2835 579 3124 648 templum
3154 579 3432 649 incendit,
3488 596 3594 649 pe-

223 663 403 716 reant
429 659 623 730 ignoti
646 664 701 716 et
731 659 999 728 obscuri;
1027 681 1128 722 nec
1151 668 1279 723 ulla
1309 665 1482 723 verba
1507 664 1826 738 quisquam
1855 669 2125 721 nostrum
2155 680 2250 720 eos
2271 665 2574 736 dignetur,
2602 667 2790 723 donec
2840 668 3148 723 transierit
3199 669 3490 740 iniquitas
3539 673 3593 725 et

224 749 388 805 Deus
407 763 609 806 servos
633 763 772 804 suos
801 749 1121 806 Clementer
1149 756 1498 827 respexerit.
1523 754 1755 812 Nicetas
1793 752 1986 813 fusius
2016 753 2195 812 refert
2219 770 2290 810 ea
2323 770 2460 827 quae
2488 755 2619 827 ipse
2643 760 2778 828 post
2822 762 3066 829 captam
3117 756 3324 829 Cpolin
3370 772 3593 828 passus

227 837 326 905 sit,
361 853 436 894 ac
461 842 763 894 memorat
783 853 847 894 se
873 838 1166 910 virginem
1197 843 1530 912 quamdam
1559 841 1853 900 ebarbari
1873 841 2128 913 alicujus
2151 842 2458 909 manibus,
2506 843 2837 901 asserendo
2867 860 3004 902 eam
3035 844 3148 900 sibi
3171 850 3425 917 nuptam
3463 861 3594 906 esse

228 927 548 1001 eripuisse,
571 931 878 1000 repetente
900 927 1056 985 idem
1093 927 1373 986 Michaele
1405 930 1501 1003 (t),
1534 947 1660 989 non
1693 931 1821 988 sine
1849 931 2131 989 laudibus
2157 933 2316 1003 justo
2338 932 2692 1005 majoribus,
2729 932 3028 1006 siquidem
3056 933 3302 991 fratrem
3359 935 3593 994 Herculi

229 1020 286 1074 et
309 1016 556 1082 Theseo,
584 1015 958 1084 Abrahamo,
989 1019 1196 1075 Isaaco
1227 1033 1298 1074 ac
1329 1017 1486 1084 Levi,
1515 1017 1797 1090 Simeoni,
1831 1019 2039 1080 Davidi
2065 1036 2134 1078 ac
2164 1019 2389 1078 Danieli
2409 1021 2724 1096 prmponit,
2748 1022 2871 1080 imo
2910 1038 3051 1080 cum
3081 1021 3309 1080 Christo
3341 1038 3587 1098 compa-

226 1109 342 1178 rat,
373 1107 480 1180 qui
499 1121 612 1181 pro
635 1106 914 1174 Ecclesia,
944 1122 1170 1180 sponsa
1200 1123 1334 1174 sua,
1357 1110 1632 1164 mortuus
1655 1110 1762 1164 est.

295 1247 529 1306 Nicetes
558 1253 887 1322 postquam
915 1248 990 1305 de
1020 1247 1202 1305 rebus
1232 1247 1663 1306 abominandis
1683 1263 1946 1320 quarum
1975 1253 2155 1324 capta
2176 1251 2372 1324 Cpolis
2401 1255 2564 1310 testis
2617 1253 2748 1324 fuit,
2788 1254 3003 1327 retulit,
3053 1255 3128 1312 de
3171 1255 3504 1329 provinciis
3554 1272 3592 1314 a

231 1337 452 1395 Latinis
487 1338 852 1410 expugnatis
901 1354 972 1395 ac
1000 1337 1155 1395 inter
1183 1337 1368 1396 duces
1400 1337 1694 1395 exercitus
1724 1337 2055 1396 distributis
2109 1341 2396 1414 loquitur.
2441 1344 2584 1398 Dein
2624 1343 2703 1399 ad
2747 1359 3002 1413 regnum
3058 1345 3590 1402 Thessalonicense

228 1425 536 1484 Bonifacio
560 1427 1066 1484 Monteferratensi
1097 1429 1147 1498 (6
1185 1432 1392 1490 Μὸντης
1423 1429 1868 1501 ψιράντηςμαρκέ.

1955 1450 1974 1492 ς
2011 1433 2334 1504 Βονιφάτιος)
2365 1432 2478 1488 sub
2519 1432 2966 1490 conditionibus
2997 1433 3159 1490 feudi
3187 1435 3492 1503 traditum,
3536 1439 3592 1493 et

226 1531 298 1573 ea
322 1531 462 1590 quas
487 1515 620 1588 ipse
649 1523 863 1573 contra
880 1517 1164 1576 Graeciam
1197 1522 1452 1574 conatus
1479 1521 1568 1573 est
1607 1515 1799 1572 facere
1825 1519 2120 1589 procedit.
2164 1521 2251 1576 lbi
2279 1522 2460 1587 enim,
2489 1521 2670 1578 rebus
2698 1523 2826 1593 jam
2852 1523 3088 1579 dudum
3111 1524 3366 1581 turbatis
3401 1524 3593 1596 adjuti

225 1605 286 1662 in
306 1604 429 1660 fine
449 1604 620 1674 regni
651 1604 838 1662 Alexii
864 1606 933 1662 IlI
962 1605 1021 1662 in
1041 1605 1244 1663 multis
1266 1604 1519 1662 urbibus
1549 1608 1937 1677 usurpatores
1969 1609 2152 1666 Graeci
2181 1616 2566 1666 surrexerant
2595 1613 2699 1684 qui
2730 1616 2938 1669 contra
2960 1615 3214 1668 Francos
3238 1628 3360 1670 non
3391 1615 3593 1670 minus

222 1693 610 1768 pertinaciter
629 1709 822 1767 quam
853 1699 1060 1752 contra
1087 1695 1514 1768 imperatorem
1538 1696 1806 1750 Graecum
1836 1692 2171 1754 libertatem
2207 1716 2382 1755 suam
2413 1699 2840 1757 defendebant.
2864 1703 2950 1756 Ex
2971 1701 3064 1757 his
3097 1701 3154 1757 in
3183 1701 3396 1757 IEtolia
3425 1706 3482 1758 et
3528 1702 3592 1758 in

225 1783 406 1855 Epiro
445 1782 693 1839 australi
727 1783 889 1840 circa
917 1783 1228 1856 Nicopolin
1250 1787 1308 1840 et
1344 1783 1746 1856 Epidamnum
1777 1783 2000 1840 nothus
2030 1787 2246 1860 aliquis
2275 1803 2344 1844 ex
2373 1788 2599 1845 familia
2631 1791 2891 1845 Ducaena
2935 1790 3228 1846 oriundus
3257 1789 3588 1861 regnabat;

228 1870 356 1928 dux
386 1873 628 1928 Grecus
658 1871 913 1946 quidam
938 1873 999 1930 in
1039 1873 1304 1945 Dolopia:
1331 1873 1638 1929 montibus
1663 1887 1676 1936 ;
1700 1871 1761 1927 in
1784 1873 2073 1932 Messenia
2095 1876 2316 1932 Theod.
2347 1877 2692 1933 Melissenus
2725 1893 2756 1932 e
2804 1882 2979 1947 gente
3011 1880 3458 1935 Comnenorum
3483 1897 3496 1946 ;
3530 1878 3592 1934 in

224 1961 486 2018 Laconia
521 1963 681 2018 Leon
712 1962 1104 2020 Chamaretus
1137 1979 1262 2020 non
1287 1963 1490 2019 minus
1523 1959 1829 2035 tyrannica
1853 1979 2042 2036 quam
2073 1964 2253 2020 Nabis
2274 1964 2402 2036 ipse
2429 1981 2440 2019 :
2473 1965 2534 2020 in
2573 1966 2852 2035 Argolide
2883 1969 2939 2022 et
2979 1966 3242 2022 Corinthi
3302 1969 3414 2022 Leo
3447 1967 3591 2035 Sgu-

222 2064 328 2106 rus
357 2050 662 2108 saeviebat.
697 2052 886 2123 Hujus
915 2068 1054 2109 cum
1084 2052 1550 2109 Atheniensibus
1581 2052 1696 2110 sub
1723 2053 1892 2112 Mich.
1918 2053 2290 2120 Acominato,
2313 2057 2371 2109 et
2400 2069 2538 2108 cum
2567 2054 2804 2109 Francis
2845 2053 2959 2110 sub
2989 2055 3339 2110 marchione
3371 2057 3592 2109 Monte-

221 2135 540 2197 ferratensi
555 2155 799 2214 pugnas
826 2141 1094 2200 Nicetam
1120 2141 1312 2198 fusius
1335 2145 1682 2200 narrantem
1709 2144 1853 2200 hinc
1873 2141 2012 2200 inde
2037 2143 2478 2200 introducimus
2506 2143 2712 2214 (Hist.,
2743 2143 2838 2200 ed.
2871 2145 3054 2216 Paris,
3081 2160 3147 2218 p.
3181 2148 3282 2202 390
3305 2144 3477 2220 sqq.)

591 2319 622 2387 §
656 2319 708 2374 4.
747 2317 1011 2376 Michael
1051 2334 1185 2376 cum
1223 2319 1420 2377 Leone
1455 2321 1654 2392 Sguro
1694 2326 1997 2378 certamen
2036 2321 2170 2392 init,
2207 2321 2410 2391 fratre
2439 2321 2624 2392 ipsius
2662 2321 2874 2379 Niceta
2914 2321 3230 2392 referente.

321 2521 355 2550 «
395 2498 512 2554 Leo
538 2497 768 2567 Sgurus,
799 2498 1054 2572 Nauplio
1085 2504 1273 2569 ortus,
1305 2499 1660 2574 aliquandiu
1685 2499 1745 2556 vi
1769 2501 1964 2570 magis
1992 2514 2182 2571 quam
2214 2498 2516 2556 voluntate
2545 2499 2934 2573 popularium
2965 2500 3372 2574 principatum
3401 2501 3593 2558 tenuit

235 2613 260 2641 α
306 2605 344 2646 a
365 2590 536 2662 patre
558 2591 918 2660 susceptum,
943 2588 1021 2644 ad
1040 2589 1216 2660 cujus
1237 2589 1634 2646 imitationem
1672 2604 1796 2647 non
1828 2589 1958 2645 sine
1990 2588 2285 2658 sanguine
2305 2589 2639 2663 imperavit.
2678 2589 2790 2646 Sed
2825 2589 3178 2646 confusione
3218 2605 3417 2645 rerum
3453 2607 3589 2646 auc-

221 2699 253 2729 α
297 2681 417 2746 tus,
449 2680 505 2731 et
536 2674 889 2732 turbulentis
907 2677 1307 2750 temporibus,
1344 2683 1407 2734 ut
1433 2681 1720 2734 torrentes
1746 2677 2042 2733 imbribus
2074 2681 2130 2733 et
2150 2677 2492 2734 turbinibus
2525 2678 2726 2746 undae,
2754 2671 3139 2750 tu'mefactus,
3173 2694 3205 2734 e
3239 2694 3422 2752 parvo
3452 2693 3591 2735 ma-

219 2789 250 2818 u
291 2780 453 2837 gnus
472 2765 713 2820 exstitit.
736 2769 926 2836 Argos
956 2765 1120 2837 dolo,
1142 2766 1487 2822 Corinthum
1542 2765 1858 2822 latrocinio
1882 2767 2068 2838 cepit:
2094 2771 2148 2822 et
2174 2767 2516 2836 grassando
2548 2766 2808 2823 subinde
2829 2783 3186 2840 progressus
3218 2768 3386 2840 ipsas
3415 2768 3589 2824 Athe-

223 2877 246 2907 ι
290 2871 403 2912 nas
425 2869 567 2910 cum
596 2852 828 2910 bellicis
851 2855 1107 2911 navibus
1138 2860 1195 2911 et
1225 2855 1485 2911 exercitu
1517 2870 1622 2928 per
1660 2855 1952 2910 Isthmum
2000 2854 2275 2912 traducto
2307 2863 2397 2911 est
2441 2856 2707 2925 adortus,
2741 2872 2812 2912 ea
2842 2871 2949 2928 spe
2981 2872 3044 2912 se
3073 2857 3226 2912 arcis
3264 2856 3437 2912 facile
3475 2873 3589 2928 po-

222 2967 253 2995 α
291 2944 566 3009 titurum,
601 2947 709 2999 aut
737 2943 1032 3000 machinis
1061 2943 1339 3000 adductis
1362 2943 1600 2999 imbelle
1623 2943 1971 3016 prtesidium
2004 2943 2176 3000 facile
2204 2943 2563 3000 territurum.
2593 2947 2885 3001 Craterum
2907 2960 2979 3000 ea
3009 2944 3279 3015 agitabat
3300 2945 3505 3000 animo
3535 2949 3592 3000 et

223 3056 252 3085 (ι
291 3033 516 3090 frustra
544 3032 904 3103 conabatur,
926 3049 1063 3106 quae
1093 3033 1172 3090 ad
1201 3033 1428 3089 exitum
1453 3032 1704 3105 perduci
1729 3048 1852 3088 non
1884 3036 2180 3104 poterant.
2215 3035 2364 3089 Nam
2395 3033 2763 3089 Athenarum
2788 3049 3064 3089 summus
3090 3037 3297 3105 pastor
3346 3032 3590 3088 Michael

226 3145 254 3173 α
297 3121 644 3189 Choniates,
676 3121 860 3179 frater
879 3138 1051 3179 meus
1081 3124 1279 3194 (meus
1301 3123 1584 3194 inquam:
1615 3138 1759 3178 nam
1787 3121 1954 3177 laudi
1985 3122 2133 3176 mihi
2163 3121 2320 3178 duco
2353 3123 2776 3192 cognationem
2800 3123 2949 3193 ejus,
2975 3128 3032 3178 et
3056 3123 3108 3178 ei
3148 3138 3244 3176 me
3293 3121 3588 3190 sanguine

225 3233 253 3261 α
292 3211 717 3283 propinquum
755 3226 886 3267 esse
915 3211 1172 3283 gaudeo,
1205 3210 1341 3267 licet
1369 3225 1407 3266 a
1433 3212 1650 3267 virtute
1689 3215 1744 3266 et
1773 3209 2116 3282 eloquentia
2142 3211 2271 3281 ejus
2305 3211 2792 3281 remotissimus),
2827 3227 2965 3266 cum
3003 3210 3095 3265 sui
3138 3211 3405 3266 muneris
3455 3225 3588 3264 esse

224 3323 254 3352 α
291 3299 652 3369 intelligeret
671 3299 921 3356 consilio
948 3300 1302 3373 etprecibus
1331 3315 1457 3356 rem
1483 3299 1791 3372 publicam
1813 3299 2044 3369 juvare,
2079 3299 2249 3368 Sguri
2283 3299 2490 3355 castris
2520 3299 2685 3367 visis,
2718 3300 2814 3371 pie
2845 3315 2982 3354 cum
3008 3315 3078 3354 eo
3101 3314 3278 3368 agere
3309 3298 3584 3367 instituit,

221 3410 250 3440 σε
297 3404 379 3445 an
408 3389 747 3457 hominem,
774 3389 1240 3461 prmserﬁmnon
1262 3389 1535 3459 ignotum
1564 3388 1672 3444 sed
1698 3403 1857 3460 saepe
1879 3387 2261 3455 collocutum,
2286 3404 2568 3444 amovere
2611 3392 2834 3460 posset.
2890 3391 3094 3461 Itaque
3143 3404 3216 3442 ex
3255 3386 3404 3442 urbe
3453 3393 3587 3442 tan-

220 3502 251 3530 κ
291 3495 488 3552 quam
519 3477 826 3550 superiore
863 3478 995 3534 loco
1037 3478 1405 3534 monitorum
1460 3478 1708 3550 sagittas
1735 3476 2086 3548 ejaculatur,
2119 3481 2176 3532 et
2227 3477 2515 3550 pastorali
2553 3476 2744 3532 funda
2791 3476 2998 3532 divina
3037 3476 3222 3532 verba
3247 3475 3416 3549 jacit.
3473 3475 3586 3531 Ali-

219 3591 250 3620 α
293 3567 552 3642 quando
579 3568 761 3622 etiam
794 3567 1204 3640 spiritualibus
1226 3567 1404 3622 minis
1448 3571 1743 3639 tanquam
1797 3564 2084 3622 arietibus
2126 3567 2398 3622 animum
2436 3566 2592 3622 illius
2625 3570 2886 3622 sternere
2925 3565 3197 3621 instituit.
3253 3566 3381 3621 Non
3428 3564 3591 3620 enim

219 3680 249 3708 κ
290 3659 510 3714 decere
550 3673 690 3712 eum
716 3657 823 3729 qui
852 3656 1226 3714 Christianus
1250 3656 1323 3712 sit
1351 3660 1409 3712 et
1431 3655 1586 3712 inter
1633 3656 1940 3711 Romanos
1965 3670 2190 3710 nomen
2222 3672 2398 3711 suum
2430 3655 2799 3728 proﬁteatur,
2851 3658 3157 3711 Romanos
3202 3654 3359 3710 bello
3387 3659 3588 3725 petere

217 3769 246 3796 α
287 3747 412 3803 nisi
442 3745 597 3802 forte
623 3745 764 3802 solis
785 3745 960 3802 labiis
986 3746 1385 3802 Christianum
1407 3750 1569 3816 agat,
1593 3749 1655 3800 ut
1679 3748 1736 3800 et
1751 3749 1914 3800 veste
1942 3748 1998 3799 et
2026 3742 2233 3814 lingua
2253 3745 2546 3802 duntaxat
2567 3748 2925 3811 Romanum,
2960 3744 3138 3800 corde
3168 3759 3305 3800 vero
3331 3760 3366 3800 a
3396 3743 3588 3799 Chris-

216 3858 246 3885 α
289 3836 472 3892 tianis
504 3836 580 3890 sit
607 3834 1067 3891 remotissimus.
1101 3836 1293 3902 Quam
1320 3849 1462 3890 vero
1494 3849 1744 3890 causam
1775 3832 2000 3890 habeat
2025 3834 2422 3904 oppugnandi
2453 3834 2765 3890 Athenas?
2795 3849 2940 3890 nam
2971 3833 3201 3904 Argivis
3241 3833 3320 3889 ob
3375 3832 3584 3888 vicini-

215 3947 246 3974 κ
289 3929 478 3981 tatem
501 3928 706 3996 posset
736 3923 985 3980 forsitan
1015 3923 1245 3997 aliquid
1277 3921 1512 3979 crimini
1542 3922 1708 3988 dare,
1741 3937 1863 3994 quo
1893 3920 2136 3977 illorum
2167 3924 2530 3995 expugnatio
2571 3928 2909 3992 excusetur,
2951 3920 3471 3995 quemadmodum
3528 3925 3586 3975 et

216 4036 246 4063 ει
288 4012 613 4071 Corinthiis
639 4027 833 4085 nuper
856 4013 1294 4086 archiepiscopi
1325 4027 1534 4067 eorum
1560 4010 1802 4067 crebras
1829 4009 2080 4066 insidias
2130 4011 2432 4082 objecerit,
2471 4013 2631 4068 unde
2667 4016 3005 4068 Romanum
3063 4011 3387 4066 exercitum
3432 4012 3583 4064 Nau-

219 4125 250 4152 α
289 4103 486 4176 plium
517 4117 830 4158 accurrere
855 4107 910 4159 et
929 4117 1116 4158 naves
1146 4101 1390 4158 hostiles
1421 4100 1721 4174 appellere
1735 4115 2054 4172 nunquam
2081 4103 2387 4171 recusarit,
2417 4107 2470 4157 et
2508 4102 2802 4158 suavitate
2856 4100 3143 4156 orationis
3195 4099 3327 4170 ejus
3385 4097 3581 4167 magis

217 4213 246 4240 κ
287 4191 596 4248 afﬁciatur
614 4207 802 4264 quam
825 4190 1018 4248 mellis
1047 4190 1389 4259 dulcedine,
1409 4205 1600 4263 eaque
1626 4205 1862 4262 semper
1882 4188 1997 4244 frui
2018 4189 2245 4260 cupiat,
2273 4190 2368 4246 hic
2397 4206 2540 4246 vero
2578 4191 2778 4262 ipsum
2808 4189 2871 4244 in
2915 4187 3315 4260 spiritualium
3368 4185 3582 4241 libero-

215 4303 246 4332 α
283 4296 430 4337 rum
459 4295 784 4337 numerum
807 4279 1092 4336 retulerit.
1121 4283 1202 4335 Ac
1228 4277 1580 4350 hujusmodi
1611 4277 1798 4333 armis
1822 4293 1970 4333 usus
2001 4277 2243 4334 Michael
2272 4279 2635 4352 precabatur
2669 4282 2733 4333 ut
2785 4277 2927 4333 inde
2967 4276 3290 4333 rec’ederet.
3351 4278 3578 4348 Sgurus

213 4391 244 4419 ιε
283 4386 432 4427 vero
455 4385 579 4426 non
605 4369 1058 4426 dissimulanter
1078 4368 1462 4443 praetendens
1498 4382 1561 4423 se
1593 4366 1715 4422 vim
1747 4382 1926 4440 posse
1949 4365 2165 4434 facere,
2199 4371 2256 4423 et
2283 4372 2558 4440 tempora
2587 4365 2801 4422 intueri
2845 4365 3068 4436 jubens
3098 4381 3235 4437 qum
3293 4380 3404 4437 pro
3444 4364 3577 4420 viri-

210 4479 240 4507 κ
281 4459 404 4515 bus
434 4473 742 4532 quemque
773 4474 947 4531 agere
971 4460 1305 4524 monerent,
1339 4471 1480 4512 cum
1509 4456 1782 4511 omnium
1802 4455 2044 4510 urbium
2057 4456 2336 4530 princeps
2365 4454 3224 4526 afflictissimaesset,denique
3238 4453 3583 4526 postulabat

211 4570 240 4600 ε
279 4555 347 4605 ut
371 4547 628 4622 quidam
660 4547 1012 4604 adolescens
1045 4546 1124 4604 ad
1151 4561 1361 4602 necem
1388 4544 1502 4602 sibi
1529 4543 1867 4601 dederetur.
1911 4545 2100 4609 Quem
2131 4545 2241 4600 etsi
2265 4545 2418 4600 alius
2443 4543 2659 4618 aliquis
2687 4543 2869 4600 etiam
2898 4558 3024 4599 non
3066 4542 3290 4614 petenti
3318 4542 3581 4598 libentis-

209 4663 240 4691 α
284 4640 443 4695 sime
497 4636 843 4705 dedidisset,
894 4640 958 4693 nt
1002 4651 1208 4692 semen
1241 4635 1540 4708 uniquum
1573 4639 1629 4689 et
1675 4632 1877 4689 multis
1904 4636 2210 4688 auctorem
2233 4633 2521 4695 interitus,
2551 4633 2819 4706 pessima
2867 4647 3126 4704 quaeque
3183 4636 3239 4687 et
3294 4647 3482 4686 manu
3525 4636 3582 4686 et

215 4753 237 4780 ι
283 4727 544 4786 consilio
575 4731 785 4782 contra
811 4725 1065 4799 patriam
1091 4725 1424 4780 machinari
1458 4722 1720 4791 solitum,
1751 4722 1846 4778 ille
1868 4726 2143 4795 apertum
2175 4722 2379 4794 patriai
2404 4726 2844 4794 persecutorem
2877 4723 2932 4775 et
2977 4719 3300 4791 spiritualis
3329 4719 3576 4774 nutricis

217 4843 236 4870 ι
283 4816 570 4876 Ecclesiae
603 4815 950 4872 violatorem
981 4823 1036 4870 et
1064 4814 1496 4877 insidiatorem,
1517 4812 1690 4882 cujus
1712 4811 2004 4868 violentos
2035 4816 2286 4866 conatus
2318 4811 2537 4882 saepius
2559 4816 2614 4865 et
2639 4810 2766 4881 ipse
2795 4812 3075 4879 expertus
3102 4813 3248 4874 erat,
3281 4807 3340 4861 in
3367 4822 3576 4862 eorum

212 4932 241 4959 α
284 4922 548 4966 numero
577 4904 793 4961 habuit
815 4921 971 4978 quos
991 4903 1335 4974 evangelica
1363 4901 1654 4971 diligeret,
1686 4901 2081 4972 neglectoque
2110 4901 2299 4968 Sguro
2327 4898 2660 4971 supplicem
2693 4895 2978 4951 defendit.
3014 4894 3128 4951 Sed
3167 4898 3305 4949 cum
3339 4895 3578 4952 leonem

211 5021 240 5048 κ
283 4998 458 5055 illum
482 4994 861 5068 sapientibus
891 4993 1054 5050 hisce
1085 4992 1327 5049 monitis
1351 4989 1589 5062 placare
1617 5004 1737 5046 non
1771 4994 1992 5062 posset,
2027 4987 2336 5060 aspidisin
2381 5004 2611 5043 morem
2647 4986 2798 5042 ultro
2847 4999 3023 5040 aures
3081 4984 3463 5040 obturantem
3523 4989 3580 5040 et

215 5113 244 5139 κ
285 5087 488 5145 omnis
521 5085 756 5156 generis
789 5083 903 5140 tela
933 5083 993 5138 in
1024 5099 1225 5140 arcem
1256 5079 1696 5150 conjicientem,
1722 5083 1895 5134 orato
1927 5080 2043 5132 Deo
2096 5081 2159 5130 ut
2205 5078 2264 5132 in
2316 5076 2613 5132 nefarium
2644 5073 2954 5130 hominem
2988 5077 3043 5127 et
3082 5073 3576 5128 subnascentium

211 5199 238 5226 ιι
285 5173 596 5231 malorum
635 5178 941 5228 auctorem
973 5171 1208 5226 cladem
1239 5183 1485 5224 omnem
1518 5171 1904 5231 converteret,
1937 5164 2250 5220 machinas
2271 5171 2321 5220 et
2345 5165 2472 5238 ipse
2501 5165 2560 5219 in
2593 5160 2898 5219 moenibus
2920 5160 3200 5233 disponit,
3234 5161 3581 5234 ibidemque

214 5287 242 5313 α
285 5261 632 5333 sagittarios
657 5268 715 5316 et
735 5260 1062 5317 funditores
1086 5259 1357 5316 collocat.
1383 5259 1531 5312 Nam
1553 5255 1700 5328 quid
1722 5255 1816 5310 ille
1847 5254 1922 5310 ad
1951 5253 2396 5326 propulsandos
2421 5253 2623 5310 hostes
2650 5266 2772 5307 non
2800 5249 3112 5319 effecisset,
3139 5249 3226 5308 vir
3254 5252 3421 5307 omni
3441 5251 3582 5306 doc-

212 5377 242 5404 α
285 5345 444 5410 trina
465 5367 783 5407 sacrarum
804 5356 862 5408 et
880 5350 1274 5424 profanarum
1305 5346 1633 5402 litterarum
1653 5343 1980 5417 perpolitus
2013 5357 2375 5414 summaque
2403 5341 2689 5398 facundia
2718 5343 2970 5394 ornatus
2993 5341 3019 5395 Τ
3049 5340 3152 5412 qui
3194 5340 3245 5396 si
3276 5339 3578 5403 voluisset,

211 5465 242 5493 κ
283 5443 410 5514 igni
439 5442 655 5516 pluere
687 5454 869 5512 super
894 5439 1241 5498 temerarios
1267 5438 1372 5494 aut
1401 5432 1726 5490 crabrones
1747 5433 1807 5489 in
1832 5432 2158 5489 exercitum
2189 5431 2482 5490 immitere
2504 5430 2820 5504 potuisset,
2865 5433 2970 5486 aut
3023 5428 3253 5502 aliquid
3291 5428 3461 5486 aliud
3495 5427 3580 5482 eis

285 5621 366 5696 (1)
405 5619 471 5677 In
496 5617 811 5686 Monodia,
833 5616 1006 5688 infra,
1029 5615 1142 5676 col.
1175 5621 1299 5674 373.
