4152 6208
556 295 658 349 307
1435 295 1741 351 MICHAEL
1779 295 2228 355 ACOMINATUS
2270 300 2698 357 ATHENARUM
2737 305 3039 361 ARCHIEP
3606 294 3609 295 ν
3804 328 3911 383 303

556 438 584 465 ‹‹
626 418 1031 489 perniciosum
1071 417 1354 474 divinitus
1384 419 1723 491 impetrare.
1758 422 1961 493 Neque
1987 422 2147 477 enim
2180 428 2491 480 cunctatus
2535 432 2691 482 esset
2733 431 2905 495 Deus,
2962 433 3010 487 si
3061 451 3280 493 manus
3317 440 3411 497 ille
3448 436 3758 501 sustil-‘oset
3798 432 3907 483 aut

555 527 584 555 «
624 506 788 563 labia
808 507 885 561 ad
912 507 1355 563 invocationem
1380 510 1646 565 numinis
1669 510 2023 582 aperuisset.
2054 510 2165 565 Sed
2198 526 2232 566 a
2253 513 2348 568 tali
2381 513 2469 568 vel
2503 516 2881 586 cogitatione,
2916 522 3140 579 nedum
3172 524 3348 586 facto,
3374 534 3511 573 eum
3558 516 3811 572 abduxit
3852 516 3905 571 is

555 613 586 647 ‹
624 596 728 667 qui
758 595 880 650 ﬁlio
912 596 1154 651 tonitrui
1175 598 1572 669 compescuit,
1600 614 1674 653 ne
1714 598 1915 667 ignem
1938 600 2086 654 coelo
2118 600 2415 669 elicerent,
2438 619 2577 659 cum
2636 605 2858 664 diceret
2893 626 2905 664 :
2964 634 2990 658 «
3019 617 3105 666 An
3159 608 3398 663 nescitis
3436 606 3608 677 cujus
3661 605 3905 678 spiritus

556 704 585 732 κ
624 684 748 738 sitis
768 684 797 738 ἶ)
828 706 855 733 ››

626 794 653 820 ι(
698 776 924 842 Sgurus
963 777 1191 838 autem,
1222 775 1545 848 desperata
1570 775 1835 845 victoria,
1874 777 2204 833 adversarii
2232 778 2379 836 aciei
2406 781 2773 840 instruendae
2823 790 2943 841 tam
2978 782 3172 853 periti,
3202 787 3327 838 tam
3376 783 3598 848 diserti,
3658 786 3782 838 tam
3812 783 3904 838 in-

558 880 579 910 ι
626 861 1023 931 comparabili
1052 862 1269 918 virtute
1290 863 1546 935 prediti,
1580 869 1637 919 et
1659 865 1819 920 irrita
1849 866 2299 938 oppugnatione
2329 870 2737 942 rupiumarcis
2762 870 3077 937 intellecta,
3108 871 3258 927 iram
3291 889 3463 927 suam
3513 877 3722 928 contra
3763 886 3903 927 eam

558 972 577 998 α
619 949 832 1004 urbem
860 951 1207 1006 exstimulat
1228 954 1399 1023 cujus
1426 968 1627 1007 arcem
1659 969 2007 1026 expugnare
2038 971 2159 1010 non
2180 960 2430 1027 poterat,
2463 958 2629 1013 villas
2667 958 2949 1023 incendit,
3010 974 3221 1028 greges
3282 964 3674 1032 armentaque
3721 961 3900 1033 rapit.

553 1060 582 1086 «
624 1042 840 1111 Etpost
866 1040 992 1094 dies
1017 1040 1247 1113 aliquot
1276 1041 1469 1098 soluta
1498 1041 1815 1098 obsidione
1844 1043 2079 1098 Thebas
2108 1050 2421 1113 oppugnat
2448 1062 2460 1108 ;
2484 1043 2704 1116 quibus
2721 1046 2918 1113 primo
2949 1047 3175 1120 impetu
3202 1049 3410 1120 captis,
3460 1049 3706 1104 ulterius
3756 1064 3903 1104 con-

548 1150 577 1178 «
617 1128 822 1197 tendit,
856 1144 926 1183 ac
954 1130 1365 1202 Thermopylis
1391 1133 1684 1201 superatis
1709 1147 1813 1201 per
1843 1132 2045 1187 OEtam
2069 1135 2336 1184 montem
2363 1131 2788 1189 descendendo
2824 1136 3065 1190 Larissae
3095 1153 3231 1191 cum
3280 1138 3486 1192 Alexio
3539 1138 3905 1209 imperatore

550 1238 577 1265 ‹‹
621 1233 686 1272 se
712 1218 1040 1288 conjungit.
1068 1222 1118 1277 Is
1155 1220 1316 1275 enim
1349 1236 1383 1275 a
1405 1219 1975 1292 septentrionalibus
1999 1218 2283 1275 lateribus
2310 1219 2556 1275 avulsus
2580 1227 2633 1279 et
2660 1222 2803 1278 urbe
2826 1224 3202 1295 imperatrice
3236 1242 3532 1283 excussus
3554 1228 3611 1282 in
3638 1226 3905 1282 Thessa-

551 1328 578 1356 κ
620 1306 732 1362 lica
760 1309 978 1378 Tempe
1004 1313 1374 1380 pervenerat.
1408 1309 1488 1363 Ac
1508 1308 1696 1365 ﬁliam
1727 1308 1883 1363 illius
1920 1307 2243 1363 Eudociam
2280 1323 2527 1364 uxorem
2561 1310 2744 1375 ducit,
2777 1329 2913 1384 qs:
2944 1314 3109 1383 prius
3168 1315 3472 1385 Stephano
3501 1314 3904 1377 Triballorum

547 1417 575 1445 «
617 1395 759 1451 duci
786 1402 998 1467 nupta,
1020 1397 1099 1452 ab
1129 1412 1319 1470 eoque
1336 1397 1654 1470 repudiata
1691 1401 1745 1453 et
1780 1397 2129 1469 Byzantium
2176 1411 2438 1457 reversa,
2460 1403 2600 1469 post
2636 1406 2874 1472 captam
2936 1402 3146 1459 urbem
3207 1409 3264 1458 et
3319 1403 3642 1468 desertam,
3694 1402 3909 1459 Alexio

553 1506 572 1534 ι
620 1486 794 1540 Βιιοεθ
821 1490 1223 1556 cognomento
1256 1487 1559 1553 Murzutlo,
1586 1486 1691 1558 qui
1718 1489 2055 1542 Romanum
2093 1484 2413 1556 imperium
2453 1492 2789 1557 postremus
2815 1490 3050 1554 invasit,
3078 1498 3386 1562 nupserat.
3425 1490 3539 1547 Sed
3567 1506 3645 1546 ne
3676 1491 3725 1547 is
3773 1492 3906 1562 qui-

547 1595 575 1621 «
617 1574 756 1630 dem
777 1574 940 1630 illam
968 1580 1046 1631 ad
1069 1580 1433 1631 senectutem
1464 1592 1653 1647 usque
1681 1574 1888 1630 tenuit.
1911 1577 2059 1630 Nam
2082 1573 2356 1629 Eudociae
2388 1580 2552 1644 pater
2575 1574 2831 1643 Alexius,
2858 1577 3023 1632 haud
3055 1577 3178 1632 scio
3197 1595 3315 1650 qua
3345 1595 3406 1633 re
3426 1578 3743 1650 impulsus,
3762 1578 3908 1641 dolo

551 1684 572 1712 ‹
618 1678 757 1717 eum
782 1664 1288 1735 comprehensum
1319 1663 1650 1720 luminibus
1674 1662 1927 1731 orbavit,
1951 1678 2080 1717 erro
2116 1663 2314 1717 erroni
2344 1662 2786 1727 infestissimus,
2820 1674 2876 1721 et
2905 1667 3158 1739 imperio
3185 1668 3453 1738 dejectus
3509 1668 3689 1723 simili
3743 1668 3902 1731 calae

547 1769 574 1799 ‹‹
618 1752 821 1806 mitate
860 1752 1201 1809 conﬂictato
1227 1752 1700 1809 inimicissimus.
1727 1755 1927 1824 Neque
1960 1751 2149 1807 multo
2182 1757 2317 1823 post
2348 1752 2807 1809 exceecationem
2832 1770 2868 1809 a
2893 1755 3111 1817 Latinis
3167 1757 3645 1827 comprehensus
3698 1758 3895 1819 Ducas

545 1859 574 1889 «
614 1839 968 1911 Byzantium
996 1842 1317 1906 reducitur,
1342 1847 1401 1898 et
1430 1841 1509 1897 ob
1535 1840 1852 1897 dominum
1878 1846 1936 1896 et
1954 1842 2379 1911 imperatorem
2413 1857 2592 1896 suum
2614 1843 3119 1915 comprehensum
3152 1850 3208 1900 et
3253 1844 3473 1917 laqueo
3516 1850 3789 1901 enectum
3836 1845 3901 1907 in

549 1949 570 1975 ι
611 1928 910 1996 judicium
936 1929 1255 1998 adductus,
1288 1945 1397 2000 pro
1427 1930 1519 1984 sui
1548 1929 1898 1984 defensione
1924 1928 2137 1998 attulit,
2166 1928 2334 1984 illum
2365 1932 2572 2000 patria:
2595 1931 2959 2001 proditorem
2983 1933 3277 1993 exstitisse
3308 1939 3365 1989 et
3392 1933 3609 2003 dignas
3632 1949 3744 1991 suo
3769 1949 3899 1997 sce-.

543 2034 573 2067 ‹
610 2014 731 2070 lere
780 2016 1018 2072 dedisse
1045 2033 1273 2090 paenas.
1309 2020 1509 2090 Neque
1536 2033 1599 2072 se
1637 2033 1828 2077 unum
1860 2017 1920 2073 id
1946 2016 2177 2079 fecisse,
2213 2016 2317 2072 sed
2365 2022 2421 2072 et
2453 2018 2713 2090 reliquos
2743 2020 2900 2075 illius
2930 2027 3239 2091 cognatos.
3287 2024 3503 2083 Verum
3542 2021 3644 2085 illi,
3694 2025 3901 2093 spreta

546 2124 567 2152 ι
614 2103 744 2173 ejus
780 2106 1069 2175 oratione,
1092 2110 1148 2161 et
1175 2106 1245 2161 iis
1266 2122 1403 2179 quae
1430 2105 1762 2177 adjungere
1790 2105 2070 2177 cupiebat
2100 2105 2275 2177 plane
2303 2106 2651 2177 repudiatis,
2676 2108 2888 2179 capitis
2919 2109 3227 2164 hominem
3266 2109 3694 2178 condemnant,
3729 2124 3893 2173 novo

543 2213 571 2240 ‹‹
612 2196 669 2247 et
693 2193 1120 2250 violentissimo
1153 2194 1431 2265 supplicii
1458 2210 1696 2264 genere.
1728 2198 1875 2250 Nam
1911 2195 1972 2249 in
2018 2193 2373 2249 altissimam
2405 2194 2772 2264 columnam,
2802 2212 2939 2267 quae
2992 2196 3053 2251 in
3108 2199 3297 2252 Tauro
3344 2202 3479 2261 stat,
3533 2197 3891 2268 perductum

541 2302 570 2329 ‹‹
612 2283 1004 2354 praecipitant.
1038 2288 1090 2339 ls
1120 2299 1262 2339 vero
1302 2282 1733 2356 aliquandiuin
1755 2283 1942 2355 pedes
1972 2283 2370 2355 descendens,
2401 2283 2619 2339 deinde
2650 2284 2710 2338 in
2755 2290 2938 2354 caput
2989 2284 3316 2345 subversus
3355 2290 3411 2341 et
3461 2284 3629 2345 humi
3687 2284 3894 2339 allisus

540 2387 572 2421 ‹
613 2370 1030 2427 miserabiliter
1058 2372 1299 2427 interiit.
1326 2374 1551 2441 Sgurus
1582 2377 1782 2427 autem
1805 2372 1986 2426 ducta
2014 2371 2289 2441 Eudocia,
2324 2371 2669 2426 marchione
2700 2372 2760 2425 in
2788 2371 3075 2427 Graeciam
3099 2374 3437 2439 transituro,
3463 2379 3527 2428 ut
3544 2372 3727 2445 paulo
3755 2378 3892 2427 ante

541 2478 571 2509 «
611 2459 754 2527 dixi,
784 2461 1326 2534 Thermopylarum
1358 2462 1669 2531 angustias
1699 2466 1754 2519 et
1785 2460 1974 2517 altum
2006 2464 2274 2515 montem
2310 2460 2392 2516 eis
2419 2460 2852 2526 imminentem,
2885 2466 3218 2533 caateraque
3275 2460 3408 2517 loca
3460 2477 3597 2533 qua:
3658 2460 3892 2521 Graeciaa

541 2567 570 2595 «
611 2547 841 2605 aditum
869 2549 1293 2611 intercludant,
1335 2554 1612 2607 accurate
1631 2548 2026 2606 custodiebat.
2071 2551 2286 2604 Verum
2316 2547 2709 2603 nihilominus
2734 2547 2828 2603 ille
2858 2548 2928 2603 iis
2967 2548 3115 2604 locis
3145 2548 3423 2606 facillime
3448 2550 3669 2622 potitus
3700 2554 3787 2605 est
3813 2548 3894 2607 ob

546 2658 567 2687 ‹
611 2645 960 2695 nostrorum
982 2640 1290 2709 ignaviam
1317 2655 1389 2696 ac
1418 2639 1746 2708 degeneres
1776 2638 2168 2711 abjectosque
2200 2638 2457 2703 animos,
2482 2635 2738 2691 subinde
2770 2638 3133 2711 potentiores
3162 2637 3355 2693 colere
3386 2637 3749 2703 volentium;
3805 2637 3896 2693 id-

544 2748 565 2774 ι
609 2742 727 2799 que
749 2744 888 2784 cum
920 2745 1041 2785 non
1071 2745 1361 2800 magnum
1410 2728 1734 2785 adduceret
1777 2728 2097 2783 exercitum
2144 2742 2254 2783 nec
2305 2727 2456 2781 inter
2488 2740 2549 2780 se
2575 2725 3067 2790 consentientem,
3110 2726 3215 2782 sed
3265 2725 3565 2803 plerisque
3596 2726 3656 2781 in
3686 2724 3893 2797 rebus,

549 2837 569 2862 ι
614 2816 841 2888 quippe
872 2833 944 2872 ex
975 2818 1176 2875 multis
1208 2817 1461 2874 urbibus
1492 2817 1828 2883 collectum,
1852 2815 2261 2871 dissidentem.
2297 2817 2361 2870 Et
2383 2830 2516 2869 cum
2549 2815 2746 2887 ipsam
2775 2814 3063 2870 Boeotiam
3116 2815 3441 2884 invaderet,
3500 2821 3622 2879 tam
3675 2814 3895 2897 cupide

537 2924 565 2952 κ
608 2909 918 2976 susceptus
948 2912 1237 2980 estquam
1269 2906 1593 2978 quisquam
1624 2905 1728 2977 qui
1756 2921 1825 2959 ex
1856 2904 2187 2976 longinqua
2215 2903 2570 2959 etdiuturna
2599 2904 3075 2974 peregrinatione
3107 2903 3359 2961 domum
3389 2908 3721 2969 revertitur.
3757 2906 3890 2958 Pro-

537 3014 567 3040 (ι
602 3007 841 3062 gressus
868 2995 1048 3051 etiam
1077 2995 1266 3051 Attica
1286 2995 1508 3064 potitur
1534 2999 1589 3050 et
1619 2993 1740 3049 arci
1772 2992 2117 3066 praesidium
2144 2992 2416 3064 imponit.
2448 2995 2595 3048 Cum
2617 2997 2816 3047 autem
2848 2992 3006 3047 idem
3032 2992 3539 3064 archiepiscopus,
3567 2998 3628 3048 ut
3654 2991 3889 3064 pridem

534 3102 562 3131 «
609 3083 888 3152 Sgurum,
911 3084 993 3140 ita
1014 3090 1227 3141 ettunc
1246 3084 1658 3140 marchionem
1680 3082 2034 3155 propulsare
2064 3089 2286 3153 posset,
2320 3089 2521 3138 tamen
2554 3087 2791 3153 tempus
2822 3097 2858 3136 a
2888 3081 3222 3137 resistendo
3253 3082 3521 3145 alienum
3546 3098 3677 3137 esse
3700 3087 3890 3149 ratus,

537 3193 565 3219 (ι
605 3173 828 3245 quippe
857 3174 1007 3229 urbe
1036 3173 1412 3245 imperatrice
1438 3177 1783 3245 expugnata
1804 3177 1999 3227 ettam
2018 3170 2414 3226 Orientalibus
2434 3186 2618 3241 quam
2649 3170 3130 3233 Occidentalibus
3159 3172 3479 3243 provinciis
3513 3172 3728 3233 Latinae
3752 3169 3894 3226 has-

540 3281 561 3307 ι
606 3264 679 3316 tte
719 3262 1003 3319 umbram
1030 3262 1453 3333 subeuntibus,
1489 3263 1632 3317 citra
1661 3260 2115 3316 dimicationem
2149 3258 2478 3314 munitione
2509 3259 2682 3314 cedit.
2718 3258 3029 3323 Postremo
3071 3259 3295 3316 Euboea
3337 3276 3602 3333 quoque.
3662 3259 3896 3315 omissa

534 3368 563 3398 ι(
604 3350 974 3421 defensione,
1006 3352 1313 3426 supplices
1344 3350 1422 3409 ad
1452 3350 1866 3407 marchionem
1897 3365 2114 3405 manus
2147 3347 2350 3415 tendit,
2383 3352 2439 3404 et
2468 3348 2753 3404 exercitui
2786 3348 2999 3421 Euripo
3031 3348 3404 3409 concitatiori
3432 3354 3679 3423 pontem
3706 3347 3891 3403 subs-

533 3460 564 3489 ιι
603 3442 778 3497 ternit
821 3459 835 3508 ;
902 3446 959 3498 et
1004 3442 1066 3498 in
1106 3442 1237 3514 ipso
1286 3440 1434 3496 freto
1502 3438 1809 3496 castellum
1864 3438 2251 3501 aediﬁcatum,
2310 3436 2371 3491 in
2410 3451 2603 3508 eoque
2658 3435 2966 3492 sedentem
3023 3437 3341 3495 exercitum
3393 3437 3598 3498 cernit,
3654 3452 3691 3493 a
3763 3452 3892 3509 quo

536 3550 565 3579 ι(
605 3529 927 3586 mutabiles
958 3530 1315 3587 insularium
1342 3528 1527 3586 animi
1549 3535 1605 3585 et
1630 3526 1848 3584 callida
1877 3525 2125 3582 consilia
2154 3542 2189 3582 a
2217 3524 2544 3581 defectione
2577 3531 3006 3581 coercerentur.
3044 3525 3157 3580 Sed
3170 3525 3315 3598 quid
3339 3542 3538 3591 meam
3555 3527 3893 3589 orationem

533 3639 563 3668 ‹‹
602 3618 843 3673 barbari
874 3623 1253 3675 antevertunt
1273 3622 1330 3673 et
1357 3617 1618 3673 historiae
1646 3632 1889 3671 cursum
1930 3620 2247 3685 occupant,
2304 3628 2413 3669 nec
2443 3613 2521 3669 ab
2570 3612 2689 3669 ullo
2720 3613 3063 3670 adversario
3110 3613 3521 3669 destinentur?
3576 3630 3718 3669 nam
3758 3614 3892 3669 haec

533 3724 562 3753 κ
605 3709 670 3760 ut
691 3704 904 3760 Thebis
928 3705 1193 3776 spoliatis
1220 3711 1276 3760 et
1302 3704 1546 3759 Athenis
1573 3704 1881 3773 occupatis
1914 3703 1973 3757 in
1999 3705 2287 3757 Eubmam
2316 3703 2672 3767 transierint,
2705 3703 2903 3759 adhuc
2934 3704 3107 3760 refert
3134 3722 3146 3759 :
3185 3703 3265 3758 illi
3297 3719 3458 3771 vero,
3490 3719 3612 3759 non
3636 3709 3699 3759 ut
3720 3702 3885 3775 pedi-

539 3815 561 3842 α
606 3798 712 3862 tes,
739 3792 845 3849 sed
864 3800 923 3850 ut
954 3795 1127 3850 aeriae
1158 3793 1454 3861 volucres,
1485 3792 1597 3848 alis
1629 3808 1812 3863 supra
1840 3792 2148 3847 historiam
2180 3792 2385 3855 evecti,
2409 3791 2486 3847 ad
2523 3791 2813 3847 Isthmum
2840 3791 3113 3855 tendunt,
3151 3792 3496 3863 oppositum
3536 3791 3618 3847 ibi
3676 3793 3892 3846 Roma-

535 3903 563 3931 «
604 3897 750 3938 num
782 3884 1106 3939 exercitum
1132 3882 1475 3954 proﬂigant,
1510 3881 1720 3936 urbem
1748 3881 1808 3935 in
1835 3880 2057 3935 Isthmo
2090 3880 2265 3935 sitam
2302 3879 2660 3951 locupletem
2704 3880 2845 3934 olim
2887 3879 3232 3936 Corinthum
3260 3883 3499 3936 intrant.
3518 3878 3681 3937 Unde
3696 3884 3890 3949 Argos

540 3994 561 4021 ι
606 3977 951 4040 transeunt;
989 3972 1305 4028 Laconiam
1328 3970 1638 4044 pervagati
1661 3971 1952 4041 impetum
1972 3968 2028 4023 in
2062 3967 2564 4024 Achiamtaciunt.
2602 3968 2743 4023 Inde
2764 3970 3095 4025 Metlionem
3127 3974 3373 4041 petunt;
3406 3968 3486 4024 ad
3512 3967 3714 4040 Pylum
3745 3970 3889 4023 Nes-

538 4084 560 4113 ι
606 4063 767 4125 toris.
796 4063 1053 4133 patriam
1080 4060 1467 4117 contendunt.
1499 4058 1589 4116 Ad
1615 4058 1910 4131 Alpheum
1937 4057 2115 4121 etiam
2146 4073 2491 4112 accessuros
2523 4056 2798 4126 arbitror,
2825 4075 2897 4114 ex
2934 4074 3125 4129 eoque
3156 4064 3331 4131 potos
3362 4064 3415 4114 et
3444 4058 3597 4115 lotos
3627 4062 3888 4113 veterem

532 4173 560 4200 «
595 4151 935 4222 jucundam
960 4149 1230 4206 fabulam
1260 4149 1590 4218 audituros,
1625 4147 1876 4204 ﬂuvium
1897 4162 2037 4202 eum
2066 4146 2365 4202 Arethusae
2382 4145 2557 4201 fontis
2575 4146 2770 4211 Siculi,
2795 4163 2975 4219 quem
2993 4147 3268 4207 [talorum
3285 4147 3388 4202 filii
3409 4147 3646 4214 bibunt,
3678 4161 3889 4201 amore

537 4261 565 4289 ‹‹
604 4240 1036 4312 liquescentem
1059 4238 1247 4295 vereri
1273 4254 1346 4294 ne
1376 4254 1499 4294 suae
1528 4253 1701 4309 aqua:
1732 4251 2045 4291 successus
2079 4234 2421 4291 Latinorum
2454 4241 2511 4289 et
2544 4252 2637 4291 res
2667 4252 2818 4308 quas
2833 4242 3040 4291 contra
3068 4234 3302 4291 Graecos
3320 4236 3609 4305 gesserint
3638 4235 3889 4306 inscrip-

534 4348 561 4376 ‹‹
603 4333 693 4383 tas
726 4327 803 4383 ad
830 4327 1153 4399 populares
1175 4342 1384 4382 eorum
1418 4326 1674 4397 perferre
1700 4328 1968 4394 cogatur.
2004 4326 2239 4391 Verum,
2264 4338 2299 4378 o
2323 4325 2519 4379 Graece
2552 4323 2729 4380 ﬂuvie
2752 4324 2993 4396 Aiphee,
3023 4324 3178 4381 latex
3212 4340 3317 4399 per
3348 4323 3723 4393 salsuginem
3752 4339 3889 4379 ma-

541 4439 564 4465 ι
606 4431 760 4471 nans
786 4415 1084 4488 potabilis,
1116 4432 1209 4472 res
1234 4415 1445 4472 auditu
1476 4415 1649 4479 mira,
1677 4413 1901 4469 amoris
1947 4412 2317 4482 incendium,
2368 4429 2509 4467 cave
2561 4416 2896 4469 Graecorum
2929 4415 3301 4470 calamitates
3357 4413 3565 4470 Siculis
3612 4412 3892 4469 barbaris

536 4526 565 4554 ‹‹
608 4504 882 4576 explices,
909 4510 1014 4561 aut
1040 4520 1479 4560 commemores
1509 4507 1772 4576 quantas
1802 4517 1895 4556 res
1926 4501 2247 4571 populares
2286 4517 2495 4557 eorum
2528 4508 2735 4558 contra
2763 4504 2991 4558 Graecos
3038 4502 3349 4573 gesserint,
3397 4518 3472 4558 ne
3501 4502 3733 4557 choreae
3768 4500 3889 4555 du-

536 4614 567 4643 «
606 4599 837 4659 cantur,
861 4608 935 4649 ne
959 4608 1202 4665 paeanes
1235 4596 1570 4655 cantentur,
1600 4606 1673 4644 ne
1697 4589 1896 4661 plures
1919 4588 2120 4644 hostes
2152 4588 2473 4660 appellant.
2501 4592 2807 4663 Paulisper
2829 4598 3133 4663 exspecta.
3174 4591 3362 4646 Multze
3378 4596 3518 4646 sunt
3541 4590 3675 4646 belli
3704 4590 3885 4658 vices;

537 4706 565 4733 ‹‹
607 4687 845 4740 tesserae
871 4682 1061 4738 instar
1089 4681 1415 4737 volvuntur
1438 4696 1534 4735 res
1562 4676 1929 4734 mortalium.
1960 4679 2124 4731 Nunc
2151 4678 2265 4743 his,
2298 4694 2457 4733 nunc
2483 4680 2597 4735 illis
2628 4680 2782 4735 favet
2810 4681 3086 4747 victoria;
3130 4696 3203 4734 ne
3256 4680 3595 4736 Alexandro
3640 4679 3885 4751 quidem

542 4794 563 4823 ‹
608 4771 803 4827 ferunt
825 4770 1031 4827 omnia
1062 4768 1428 4826 successisse
1459 4783 1532 4823 ex
1562 4764 1876 4832 sententia,
1904 4779 2011 4818 nec
2038 4765 2287 4821 Caesaris
2316 4767 2558 4824 fortuna
2589 4770 2777 4824 caruit
2806 4767 3259 4824 offensionibus.
3294 4771 3395 4824 Per
3419 4768 3619 4841 ipsam
3642 4767 3888 4822 Arethu~

538 4884 566 4911 ‹‹
607 4877 741 4919 sam
770 4866 824 4917 te
854 4859 1139 4917 obtestor.
1178 4881 1201 4911 ι

609 4953 731 5005 Huc
762 4966 953 5023 usque
971 4950 1221 5014 Nicetas,
1242 4964 1315 5003 ex
1344 4947 1516 5018 cujus
1545 4942 1883 5001 narratione
1916 4942 2154 4998 traditio
2184 4942 2258 5000 de
2290 4946 2633 5015 regionibus
2675 4948 2887 5003 Graecis
2921 4963 2955 5002 a
2987 4946 3206 5001 Latinis
3256 4946 3614 5018 expugnatis
3667 4961 3772 5017 per
3817 4945 3884 4999 41

534 5038 774 5094 iambos
802 5039 1099 5096 trimetros
1124 5041 1184 5094 in
1205 5037 1558 5094 chronicum
1589 5033 1902 5090 metricum
1931 5031 2007 5086 ab
2034 5033 2258 5099 Angelo
2290 5036 2435 5091 Maio
2471 5052 2568 5091 an.
2600 5040 2730 5091 1828
2771 5035 2997 5090 editum
3031 5036 3301 5105 transiit;
3336 5034 3735 5106 compositum
3786 5049 3891 5088 au-

534 5131 655 5182 tem
681 5126 1140 5184 estchronicum
1168 5126 1315 5183 illud
1350 5125 1429 5181 ad
1456 5119 2077 5197 Ephraim,monacho
2113 5123 2455 5193 Byzantino.
2489 5126 2591 5197 qui
2621 5123 3093 5197 Thermophylas
3117 5123 3176 5178 in
3220 5123 3617 5195 municipium
3676 5124 3887 5179 Atticae

537 5215 934 5281 convertit,,et
953 5220 1255 5270 certamen
1286 5212 1505 5269 ducem
1528 5210 1906 5283 Naupliotam
1932 5208 2084 5263 inter
2113 5216 2169 5265 et
2192 5212 2711 5286 archiepiscopum
2734 5213 3157 5269 Atheniensem
3208 5212 3270 5268 in
3327 5212 3513 5268 hocce
3551 5211 3897 5267 tetrasticho

537 5302 825 5360 absolvit:

605 5391 756 5453 Τέλος
784 5390 1184 5466 προσαρῥάσσει
1215 5386 1273 5444 δὲ
1296 5395 1386 5443 καὶ
1415 5396 1524 5450 ταῖς
1554 5389 1819 5448 Ἀθήναις

1798 5403 1819 5443 ς’
2313 5394 2614 5446 Postremo
2646 5389 2907 5445 Athenas
2948 5383 3113 5462 ipsas
3148 5390 3438 5445 adoritur.

606 5481 742 5534 Ἀλλ’
769 5479 1146 5553 ἀπθκρουσθεὶς
1175 5478 1547 5554 ἁρχιποιμένος
1575 5477 1746 5548 λόγοις

2312 5478 2421 5533 Sed
2445 5478 2719 5550 repulsus
2745 5479 3171 5549 sapientissimi
3194 5477 3472 5534 antistitis

602 5577 706 5624 Τοῦ
736 5571 1028 5622 Χωνειάτου
1055 5568 1278 5639 Μιχαὴλ
1302 5575 1395 5619 τοῦ
1424 5566 1713 5638 πανσόφου,

1673 5587 1713 5631 ι,
2307 5567 2605 5622 Michaelis
2638 5567 2940 5624 Choniatae
2956 5568 3313 5641 eloquentia,

606 5658 807 5719 Θήϐαις
833 5656 1031 5731 ἔφορμᾴ
1057 5662 1264 5730 ταχέώς
1302 5655 1634 5718 ἑπταπύλοις.

2304 5655 2537 5710 Thebas
2566 5654 2878 5711 confestim
2910 5657 3162 5712 Bomtias
3190 5654 3440 5712 invadit.

603 5736 846 5829 Brevqu
875 5745 1015 5804 dein
1033 5744 1109 5803 de
1137 5746 1345 5803 Atticm
1368 5748 1427 5804 et
1454 5744 1772 5819 regionum
1798 5739 2136 5798 vicinarum
2164 5742 2636 5826 expugnatione:
