4152 6208
266 231 384 286 309
963 221 972 224 ’
1810 223 2112 282 ΝΟΤΙΤΙΑ.
3531 231 3641 286 310

341 353 642 424 Μαρκέσιος
680 345 739 402 δὲ
767 352 862 408 τὴν
899 351 1149 402 Berenice;
1190 349 1414 420 φθάσας,

1387 369 1414 414 ς,
2062 346 2320 404 Marchio
2351 346 2639 408 Boeotiam
2665 347 2996 419 ingressus,
3024 419 3027 422 _

341 442 557 492 Ταυτην
581 441 946 507 παρεστήσατο
973 443 1084 498 ταῖς
1120 442 1484 509 στρατηγίαις

1072 456 1084 498 ;
1120 442 1484 509 στρατηγίαις*
2059 437 2255 494 Armis
2283 451 2420 492 eam
2440 435 2676 506 subegit
2699 454 2712 492 :

345 528 546 596 ΚρατΞῖ
579 527 773 598 προίῲν
804 524 1050 586 Ἀττικῆς
1078 528 1172 578 σὺν
1200 522 1414 596 Εὐϐοίᾳ.

2061 525 2310 582 Atticam
2343 541 2483 584 cum
2503 525 2730 592 Euboea
2760 542 2886 584 sua:
2913 525 3157 598 ditionis
3173 524 3335 586 fecit.

1060 643 1091 717 ἓ
1123 650 1188 701 ν.
1222 648 1365 715 Quae
1392 648 1648 705 Athenis
1676 653 1812 718 post
1845 647 2159 704 Michaelis
2185 654 2457 719 tempora
2483 649 2856 706 acciderunt.

346 753 552 810 Hiceta
583 755 826 809 auctore
851 753 1077 824 Sgurus
1095 758 1231 826 post
1249 753 1485 810 cladem
1517 755 1597 810 ad
1617 754 2052 828 Thermopylas
2084 757 2396 827 acceptam
2423 754 2916 812 Acrocorinthum
2939 770 3000 810 se
3023 754 3268 829 recepit,
3283 755 3389 812 ubi
3417 759 3485 812 ut
3511 755 3637 813 bel-

270 841 378 899 lua
400 842 465 898 in
495 846 672 898 antro
702 856 766 896 se
792 840 1049 909 abdidit,
1073 856 1412 914 corpusque
1437 847 1647 900 contra
1675 843 1912 900 Latinos
1942 842 2226 899 defendit.
2255 842 2516 898 Athenas
2545 843 2762 898 deinde
2793 844 2974 915 (unde
2997 842 3245 900 ﬂichael
3274 849 3635 911 excesserat,

274 935 336 988 et
351 931 528 1002 cujus
547 945 655 985 arx
683 945 722 986 a
741 929 947 986 multis
975 930 1344 986 Francorum
1371 931 1558 1004 copiis
1587 931 2061 1002 custodiebatur)
2091 938 2146 990 et
2177 933 2459 988 Boeotiam
2486 932 2838 1000 Bonifacius,
2871 947 2977 988 rex
2994 932 3450 1006 Thessalonicae,
3484 933 3638 990 emi-

271 1019 635 1076 nentissimo
672 1034 704 1073 e
726 1017 1082 1074 consiliariis
1111 1019 1260 1087 suis,
1293 1021 1489 1076 Ottoni
1519 1020 1594 1076 de
1614 1021 1785 1092 Rupe
1816 1021 2216 1090 gubernanda
2248 1020 2521 1088 tradidit;
2553 1021 2864 1094 utriusque
2911 1026 3115 1078 autem
3140 1021 3465 1094 provinciae
3487 1021 3641 1078 sicut

273 1108 514 1164 Euboeae
545 1110 605 1163 et
629 1106 968 1162 Bodonitzas
995 1107 1333 1164 dominium
1361 1107 1673 1164 Guillelmo
1701 1108 1777 1164 de
1808 1109 2162 1183 Champlitte
2193 1109 2389 1177 cessit,
2419 1109 2564 1183 quia
2585 1125 2657 1166 ex
2682 1110 2902 1167 Achaia
2937 1113 2994 1166 et
3022 1109 3179 1166 Elide
3205 1110 3516 1184 profectus
3539 1111 3640 1167 Pe-

266 1197 636 1269 loponesum
664 1195 994 1266 subjugare
1024 1201 1305 1267 coeperat.

271 1309 376 1358 Καὶ
407 1302 598 1374 ἐκεῖνος
632 1305 735 1376 γὰρ
767 1305 836 1364 ὡς
869 1303 1074 1374 εὐγενὴς
1101 1307 1191 1355 καὶ
1227 1304 1394 1379 ῥήγας
1414 1305 1543 1356 ὀποῦ
1573 1301 1715 1372 ἦτον,

1489 1312 1543 1356 oo
1573 1301 1715 1372 ἦτον,
1990 1304 2088 1362 Ille
2110 1310 2310 1362 autem
2338 1319 2731 1375 genererosus
2757 1308 2822 1360 ut
2849 1320 2954 1361 rex
2982 1309 3129 1372 erat,

265 1401 374 1448 Τοῦ
402 1391 566 1448 ἔδωκε
589 1399 680 1446 καὶ
712 1393 960 1468 ἔχάρισεν
985 1401 1080 1456 τῆς
1104 1395 1326 1453 Ἀθηνοῦ
1347 1399 1406 1447 τὸ
1433 1395 1670 1469 ὁμάτζιο.

1385 1399 1406 1447 ὁ
1433 1395 1670 1469 ὁμάτζιο.
1993 1394 2054 1448 In
2085 1393 2440 1464 homagium
2468 1391 2521 1448 ei
2549 1391 2714 1449 dedit
2733 1394 3025 1460 Athenas;

267 1488 445 1556 Μέγαν
473 1486 648 1558 Κύρην
678 1487 766 1535 τὸν
795 1483 989 1554 aqua,
1021 1483 1183 1545 οὕτως
1207 1487 1295 1535 τὸν
1325 1484 1598 1556 ὠνομάζαν

1989 1485 2060 1538 Ut
2078 1485 2327 1552 Magnus
2356 1481 2645 1538 Dominus
2675 1480 2894 1538 sultani
2924 1496 3146 1538 nomen
3177 1481 3424 1556 accepit,

271 1576 494 1626 ἐκεῖνον
516 1573 646 1624 ὀποῦ
679 1571 976 1624 αὐθέντευεν
1013 1571 1148 1624 tum
1175 1576 1270 1630 τὴν
1311 1572 1554 1632 Ἀθήνανο

1978 1571 2100 1636 'Qui
2129 1569 2229 1626 illo
2258 1575 2530 1642 tempore
2565 1569 2827 1626 Athenas
2859 1569 3110 1644 imperio
3131 1569 3317 1642 rexit;

269 1662 360 1716 Ἐκ
387 1671 488 1714 τῶν
523 1659 776 1719 Ἑλλήνων
806 1664 864 1712 τὸ
896 1664 1079 1732 εἳχασι
1118 1663 1175 1713 τὸ
1205 1663 1367 1734 ὄνομα
1402 1665 1502 1736 γὰρ
1535 1660 1712 1716 ἐκεῖνο.

1595 1662 1712 1716 sive.
1989 1661 2217 1715 Nomen
2243 1663 2446 1714 autem
2478 1673 2514 1714 a
2545 1658 2763 1715 Graecis
2796 1659 3056 1715 mutuati
3077 1663 3235 1716 sunt.

267 1751 540 1810 Ὡσαύτως
575 1752 676 1822 γὰρ
716 1755 808 1801 τοῦ
835 1745 997 1802 ἔδωκε
1025 1755 1145 1824 τρία
1183 1751 1411 1823 ὁμάτζια
1434 1758 1526 1802 τοῦ
1555 1750 1806 1824 Εὐρίπου,

1468 1758 1526 1802 οὗ
1555 1750 1806 1824 Εὐρίπου,
1989 1748 2135 1802 Item
2161 1748 2270 1804 tria
2289 1747 2577 1818 homagia
2608 1754 2790 1821 super
2819 1747 3108 1822 Euripum

269 1849 379 1902 Ta;
409 1835 757 1899 Πονδινίτζας
785 1833 978 1908 ἀλαδὴ,
1013 1829 1070 1890 τὸ
1101 1837 1385 1912 ἐκράτησεν
1416 1841 1441 1890 ὁ
1471 1839 1772 1910 Μαρκέζης,

2001 1839 2055 1892 Et
2085 1852 2267 1910 super
2296 1836 2711 1906 Bodonitzam,
2737 1839 3033 1894 concessit
3051 1837 3325 1895 marchio
3352 1835 3484 1910 lege
3504 1835 3641 1894 san-

269 1934 352 1983 Νὰ
411 1931 478 1982 τὰ
537 1935 825 2002 κρατοῦσιν
892 1925 982 1979 ἀπ’
1037 1928 1193 1980 αὐτὸν
1267 1933 1357 1980 καὶ
1411 1928 1628 1986 αὐθέντῃ
1685 1930 1748 1978 νὰ
1793 1929 1880 1978 τὸν

3053 1924 3242 2001 [ciens
3265 1931 3330 1984 ut
3356 1925 3568 1984 incolas
3651 1927 3653 1930 ‘

1673 2013 1876 2088 [ἔχουν.
1987 2016 2134 2070 Eum
2164 2029 2274 2087 pro
2303 2015 2552 2072 domino
2583 2031 2692 2070 suo
2719 2020 3131 2086 agnoscerent.

268 2114 314 2160 Ο
355 2107 606 2167 αὐθέντης
651 2101 710 2158 δέ
757 2113 857 2165 τῆς
906 2106 1126 2164 Ἀθηνοῡ
1178 2103 1280 2158 ἀπὸ
1329 2109 1676 2181 Βουργουνιάν
1732 2105 1878 2173 ἦτον,

1999 2102 2288 2159 Driundus
2331 2109 2533 2160 autem
2585 2107 2714 2160 erat
2753 2104 3122 2160 Athenarum
3154 2102 3523 2174 gubernator
3563 2117 3639 2167 ex

825 2219 830 2224 ο
1628 2193 1760 2264 [κτλ.
1805 2193 1877 2264 (1)

3032 2191 3424 2264 [Burgundia,
3451 2196 3563 2266 etc.

352 2302 446 2366 Ab
477 2301 684 2356 Ottone
711 2298 784 2355 de
816 2301 980 2372 Rupe
1013 2299 1202 2370 (Ὀθῶν
1220 2301 1304 2352 ντέ
1329 2298 1395 2352 λὰ
1422 2299 1652 2369 Ῥῶτξε),
1677 2298 1987 2368 Burgundi

1993 2313 2127 2366 one,
2149 2297 2518 2354 Athenarum
2543 2298 2948 2368 moderatore,
2970 2299 3146 2370 cujus
3174 2297 3380 2371 nepoti
3400 2313 3473 2370 ac
3501 2314 3631 2358 suc-

282 2389 510 2445 cessori
541 2388 864 2444 Ludovicus
886 2393 1153 2456 sanctus,
1182 2404 1284 2444 rex
1318 2389 1600 2454 Franciae,
1633 2387 1921 2462 principis
1954 2386 2189 2444 Achaia:
2217 2385 2572 2457 dignitatem
2603 2387 2922 2456 concessit,
2948 2386 2988 2444 i.
3007 2402 3058 2443 e.
3082 2401 3245 2444 anno
3280 2389 3434 2452 I205,
3453 2386 3638 2456 series

279 2477 498 2550 incipit
523 2476 846 2548 principum
879 2476 1248 2532 Francorum
1271 2477 1376 2550 qui
1407 2493 1512 2550 per
1543 2477 1836 2532 ducentos
1864 2475 2309 2554 quinquaginta
2341 2491 2536 2534 annos
2554 2475 2632 2532 ad
2667 2479 2800 2532 1453
2824 2491 3014 2550 usque
3044 2475 3309 2536 Athenas
3325 2474 3638 2550 regebant,

273 2581 405 2640 qua
435 2566 496 2620 in
524 2564 665 2619 urbe
699 2564 837 2628 inde
869 2580 906 2620 a
937 2564 1128 2620 Codro
1168 2570 1223 2621 et
1255 2565 1636 2621 Pisistratinis
1667 2581 1767 2620 rex
1813 2565 2013 2624 nullus
2043 2564 2299 2631 sederat,
2340 2570 2397 2622 et
2429 2564 2533 2621 ubi
2571 2565 2839 2638 quinque
2871 2564 3105 2622 saeculis
3128 2569 3271 2638 post
3295 2563 3465 2638 illum
3493 2565 3639 2624 Bur-

268 2652 673 2724 gundionem,
708 2653 876 2708 alteri
907 2653 1150 2708 cuidam
1182 2653 1401 2720 Ottoni,
1436 2653 1714 2709 Germani
1741 2653 2073 2726 sanguinis,
2100 2659 2470 2712 reservatum
2515 2656 2662 2721 erat,
2692 2657 2754 2710 ut
2783 2668 3073 2726 magnam
3121 2652 3361 2710 Graecia
3401 2657 3638 2728 partem

268 2758 414 2798 cum
439 2741 728 2812 dignitate
759 2745 815 2796 et
833 2741 1061 2796 honore
1089 2740 1208 2804 leni
1240 2748 1476 2814 sceptro
1499 2740 1838 2812 subjecerit.

343 2833 476 2888 Una
507 2847 648 2886 cum
676 2829 927 2885 domino
957 2828 1231 2885 saeculari
1261 2846 1454 2904 eoque
1494 2835 1854 2902 usurpatore
1877 2831 2269 2896 Athenarum,
2300 2829 2594 2889 Michaelis
2623 2830 2858 2904 expulsi
2878 2829 3080 2888 sedem
3114 2830 3380 2904 archiep.
3412 2833 3632 2892 Roma—

268 2934 410 2990 nus,
440 2919 691 2974 nomine
714 2915 1012 2972 Berardus
1039 2917 1378 2989 occupavit,
1404 2933 1586 2990 quem
1628 2933 1752 2973 non
1796 2918 1909 2974 nisi
1934 2934 2006 2974 ex
2032 2919 2298 2992 epistolis
2324 2936 2478 2992 quas
2506 2919 2887 2976 Innocentius
2916 2920 2988 2976 Ill
3019 2920 3126 2984 PP.
3154 2920 3207 2976 ei
3233 2917 3488 2992 scripsit,
3529 2935 3638 2976 no-

272 3008 494 3063 vimus.
521 3010 582 3062 In
609 3007 767 3063 notis
797 3021 952 3079 quas
975 3005 1167 3061 editor
1186 3006 1278 3062 Fr.
1311 3006 1667 3079 Bosquetius
1697 3005 1914 3078 adjecit
1936 3007 2056 3080 (ed.
2079 3007 2298 3075 Tolos.,
2321 3012 2446 3066 not.
2477 3024 2537 3081 p.
2563 3009 2614 3078 9)
2649 3007 2943 3084 Michaelis
2959 3007 3256 3066 Choniatae
3270 3007 3640 3082 mentionem

270 3095 414 3151 facit
441 3097 525 3151 ita
548 3093 894 3150 duriuscule
926 3093 1194 3150 scribens
1221 3111 1234 3146 :
1260 3117 1288 3144 «
1311 3095 1524 3150 Graecis
1555 3089 1762 3150 rerum’
1782 3093 2044 3150 dominis
2069 3096 2412 3152 Atheniensi
2439 3094 2709 3152 Ecclesiae
2743 3100 2996 3168 praeerat
3021 3093 3266 3164 Michael
3295 3093 3634 3166 Choniates,

269 3184 374 3256 qui
404 3184 597 3256 captis
627 3183 872 3239 Athenis
901 3199 937 3239 a
969 3182 1316 3238 marchione
1347 3182 1757 3239 Montisferrati
1781 3181 1928 3238 urbe
1949 3183 2144 3248 cessit,
2173 3189 2238 3240 ut
2265 3188 2468 3240 narrat
2496 3184 2627 3254 ejus
2655 3181 2837 3240 frater
2865 3183 3122 3254 Nicetas,
3149 3183 3253 3257 qui
3297 3197 3436 3240 eum
3460 3181 3642 3248 nobis

271 3273 486 3328 Graeca
528 3271 649 3340 ﬁde
686 3276 743 3327 et
770 3271 1030 3326 fraterno
1057 3269 1276 3327 affectu
1313 3277 1595 3327 sanctum
1639 3271 2012 3341 praedicat.»
2035 3271 2432 3328 Nihilominus
2471 3270 2632 3326 idem
2677 3270 2794 3327 alio
2819 3271 2882 3328 in
2912 3269 3067 3338 loco,
3099 3269 3264 3328 hunc
3294 3268 3641 3333 Michaelem

269 3376 412 3416 cum
445 3359 904 3432 archiepiscopo
957 3361 1227 3415 Romano
1257 3359 1624 3415 confundere
1654 3359 1908 3430 videtur,
1963 3359 2040 3416 ad
2084 3374 2266 3432 quem
2300 3359 2678 3416 Innocentius
2721 3359 2947 3416 litteras
2993 3359 3248 3434 scripsit.
3277 3361 3360 3416 Ex
3384 3359 3642 3420 istarum

270 3449 666 3522 epistolarum
697 3463 823 3503 una
853 3452 1030 3520 patet,
1055 3455 1124 3502 ut
1157 3447 1536 3503 Schlosserus
1564 3463 1810 3521 quoque
1840 3449 2018 3519 (Hist.
2051 3448 2244 3517 expeti
2266 3449 2509 3519 Crucig.
2545 3450 2610 3516 II,
2641 3462 2701 3520 p.
2728 3448 2820 3517 63)
2842 3446 3128 3518 declarat,
3153 3463 3190 3504 a
3211 3447 3431 3504 Latinis
3452 3463 3484 3504 e
3512 3443 3642 3522 pluo

267 3537 444 3595 ribus
464 3535 850 3604 diceeesibus,
883 3536 1244 3605 civitatibus,
1267 3543 1402 3605 etc.,
1426 3535 1709 3608 expulsos
1731 3535 1918 3593 fuisse
1946 3539 2181 3593 Graecos
2207 3537 2423 3592 eadem
2453 3535 2855 3606 inclementia,
2879 3551 3003 3609 qua
3020 3540 3238 3610 postea
3256 3552 3292 3593 a
3311 3534 3516 3592 Turcis
3537 3538 3642 3605 (2).

268 3626 491 3682 Videre
521 3626 701 3681 etiam
732 3641 764 3680 e
795 3623 1035 3680 duobus
1065 3623 1194 3680 aliis
1217 3623 1485 3698 epistolis
1513 3625 1727 3698 Papeae
1761 3624 1838 3680 ad
1859 3625 2122 3696 archiep.
2155 3623 2513 3688 Thebanum
2544 3624 2604 3698 (l.
2636 3642 2672 3697 1,
2697 3641 2790 3698 ep.
2831 3625 2955 3697 110)
2987 3629 3046 3681 et
3065 3623 3328 3697 archiep.
3353 3619 3641 3698 Amyclae-

269 3731 481 3772 ensem
509 3714 572 3786 (I.
605 3729 679 3779 iv,
714 3729 810 3786 ep.
840 3716 950 3783 98),
991 3713 1263 3770 Ottonem
1293 3712 1355 3768 in
1377 3712 1804 3769 certaminibus
1831 3713 2218 3770 saecularibus
2239 3718 2296 3770 et
2315 3713 2727 3770 ecclesiasticis
2747 3712 3073 3772 anathema
3100 3711 3447 3783 incurrisse,
3468 3712 3644 3784 cujus

271 3806 357 3860 rei
387 3810 704 3876 pertaesus,
746 3801 1038 3872 dignitate
1082 3800 1320 3868 abdica,
1373 3817 1536 3858 anno
1568 3803 1699 3857 i221
1751 3807 2032 3874 nepotem
2065 3802 2398 3859 Guidonem
2429 3801 2542 3858 sibi
2571 3801 2891 3859 succedere
2919 3800 3108 3858 voluit
3135 3805 3194 3858 et
3221 3801 3283 3858 in
3327 3799 3642 3858 Franciam

269 3908 556 3950 reversus
583 3898 690 3948 est.

1400 3982 1430 4048 §
1467 3981 1555 4035 Vl.
1598 3980 1913 4040 Michaelis
1929 3988 2196 4038 senectus
2219 3985 2272 4038 et
2301 3981 2516 4038 obitus.

341 4077 594 4140 Michael
618 4078 787 4134 exsul
810 4093 931 4136 non
962 4077 1164 4134 minus
1204 4077 1428 4149 tragice
1459 4092 1647 4150 quam
1671 4077 1902 4134 Nicetes
1923 4077 2172 4151 aulicus,
2205 4078 2386 4134 totius
2417 4077 2650 4150 imperii
2682 4079 3065 4142 Romaaorum
3083 4075 3490 4140 miserrimum
3519 4077 3640 4132 sta-

268 4175 421 4240 tum,
455 4167 656 4238 gregis
676 4167 1014 4224 custodiam
1044 4171 1314 4238 ereptam
1343 4171 1401 4221 et
1429 4165 1707 4224 exsilium
1737 4164 2014 4236 deplorat
2040 4166 2094 4235 (3
2100 4184 2156 4236 μ
2193 4165 2696 4222 «Lamentationis
2721 4164 2969 4238 copiosa
2999 4163 3147 4222 mihi
3187 4162 3440 4224 materia
3463 4161 3642 4222 adest

269 4265 402 4314 tum
429 4257 512 4312 ob
542 4271 928 4312 communem
960 4255 1362 4311 calamitatem
1389 4259 1515 4310 tum
1541 4260 1787 4326 propter
1814 4269 2013 4309 meam
2037 4255 2248 4325 ipsius,
2276 4258 2595 4326 eapropter
2618 4252 2785 4325 quod
2807 4253 3099 4326 templum
3115 4251 3364 4323 illustre,
3392 4249 3641 4322 opulen-

271 4351 428 4413 tum,
459 4345 614 4418 proh
638 4346 820 4402 Deum
845 4343 1283 4401 immortalem!
1318 4342 1486 4418 quod
1511 4343 1770 4414 majores
1795 4342 1983 4398 nostri
2002 4341 2267 4414 Deipsras
2298 4346 2742 4411 consecrarant,
2763 4341 2940 4413 cujus
2967 4340 3154 4402 altare
3173 4356 3325 4398 mea
3349 4338 3640 4398 custodite

271 4435 572 4494 creditum
599 4439 743 4502 erat,
769 4438 905 4490 ante
931 4433 1140 4488 oculos
1169 4449 1337 4488 meos
1363 4431 1441 4487 ab
1463 4431 1812 4487 hominibus
1834 4431 2136 4500 sacrilegis
2161 4429 2486 4504 spoliatum
2512 4435 2940 4503 vastatumque
2963 4435 3074 4488 est.
3108 4432 3240 4502 Ipse
3277 4433 3481 4500 autem
3503 4430 3644 4503 post

271 4523 520 4593 triginta
549 4537 743 4578 annos
773 4537 927 4594 quos
971 4521 1196 4578 ibidem
1245 4535 1618 4593 percgeram,
1655 4525 1718 4576 ut
1745 4525 1990 4575 truncus
2018 4519 2244 4585 aridus,
2277 4518 2521 4583 inutilis,
2565 4518 2626 4578 vi
2675 4523 2996 4586 ventorum
3034 4533 3066 4574 e
3097 4517 3360 4578 sacrario
3405 4515 3641 4574 Domini

271 4618 538 4686 ereptus,
570 4616 779 4667 contra
801 4611 984 4684 ripas,
1018 4616 1223 4666 contra
1255 4625 1456 4681 rupes,
1488 4609 1549 4664 in
1578 4609 1769 4666 imum
1802 4625 1967 4666 mare
1988 4609 2276 4680 abreptus
2299 4607 2394 4663 vix
2405 4608 2536 4678 jam
2552 4607 2710 4664 vivo.
2743 4609 2889 4664 Ecce
2917 4606 3130 4664 exsilio
3147 4606 3495 4672 damnatus,
3513 4603 3641 4672 sine

272 4699 639 4767 sacerdotio,
671 4700 800 4768 sine
825 4699 1116 4756 festorum
1148 4697 1545 4766 solemnitate,
1581 4698 1709 4754 sine
1738 4696 1906 4768 urbe,
1941 4697 2068 4754 sine
2098 4697 2346 4770 civibus,
2372 4695 2636 4752 bubonis
2667 4695 2858 4753 instar
2882 4695 2958 4753 de
2986 4695 3326 4767 calamitate
3364 4693 3640 4756 omnium

271 4798 331 4847 et
359 4791 422 4846 in
444 4805 518 4844 eo
544 4789 733 4862 ipsius
758 4788 1082 4844 infortunio
1123 4803 1328 4844 amare
1354 4785 1670 4842 lamentor.
1700 4808 1727 4836 »
1781 4789 1857 4842 Ex
1887 4786 2271 4858 inscriptione
2301 4800 2483 4858 porro
2513 4785 2864 4857 nonaginta,
2889 4800 3046 4858 quas
3070 4787 3261 4842 codex
3279 4781 3431 4842 Bibl.
3463 4783 3638 4838 Laur.

273 4883 568 4948 asservat,
598 4876 991 4950 epistolarum
1022 4876 1316 4944 videmus,
1348 4875 1609 4931 insulam
1633 4878 1792 4931 Ceon
1815 4890 1913 4946 pro

1998 4874 2182 4946 sfugio
2213 4889 2350 4928 eum
2380 4873 2663 4928 habuisse
2689 4889 2702 4928 :
2736 4880 2829 4925 τοῦ
2851 4872 3010 4925 αὐτοῦ
3031 4869 3303 4925 ὶπιστολαὶ
3331 4868 3389 4930 ἃς
3418 4867 3638 4942 ἔγραψεν

273 4972 379 5021 άπὸ
411 4976 509 5028 τῆς
531 4972 697 5025 νόσον
739 4975 830 5027 τῆς
862 4971 989 5020 Κέω·
1041 4964 1102 5021 Id
1133 4964 1300 5037 quod
1350 4969 1552 5020 tenore
1584 4963 1908 5036 epistolaru

2016 4961 2427 5029 conﬁrmatur,
2478 4960 2776 5032 siquidem
2807 4961 2870 5016 P.
2904 4959 3181 5016 Morellus
3210 4956 3641 5038 monasterium

275 5060 336 5115 S.
359 5056 676 5112 Prodromi
705 5056 766 5111 in
798 5056 914 5111 ista
937 5054 1137 5110 insula
1171 5059 1234 5108 ut
1261 5053 1500 5124 asylum
1535 5053 1665 5122 ejus
1695 5052 1997 5122 designat.

349 5145 478 5200 Hoc
506 5144 723 5200 inloco
753 5159 959 5200 senem
985 5141 1218 5198 exulem
1247 5140 1605 5196 annuntiata
1632 5139 1828 5196 fratris
1850 5155 2015 5195 mors
2043 5139 2266 5194 mirum
2291 5137 2354 5193 in
2385 5136 2637 5192 modum
2665 5136 2876 5194 afﬂixit
2895 5151 3080 5211 quem
3118 5135 3231 5193 sibi
3256 5135 3643 5209 superstitem

350 5271 433 5339 (1)
462 5267 666 5322 Βιϐλίον
714 5277 805 5328 τῆς
860 5285 1182 5338 κουγκεστας
1231 5285 1338 5339 νης-
1372 5264 1654 5339 Ῥωμανὶας
1704 5269 1794 5317 καὶ
1843 5281 1932 5315 τον

2040 5261 2364 5339 duodecim
2429 5261 2624 5339 Latini
2671 5261 3052 5339 abundantes
3088 5264 3278 5339 certas
3323 5257 3645 5339 habuerint

278 5331 566 5412 Μώρᾶίως,
587 5356 652 5412 p._
681 5344 769 5406 59,
801 5331 1189 5412 Ed._B'uchoAn.
1217 5337 1400 5412 Paris,
1426 5331 1592 5412 5835.
1667 5406 1682 5412 _
1797 5405 1808 5412 _
2042 5333 2700 5412 mansiones_.proprios
2723 5333 3084 5412 sacerdotes,
3098 5331 3320 5412 quibus
3338 5331 3584 5412 integras
3606 5345 3646 5386 a

377 5402 430 5470 ᾗ)
493 5402 825 5466 «V'Dilectus
881 5407 1042 5465 ﬁlius
1093 5410 1242 5465 'Otto
1294 5402 1394 5464 de‘
1424 5411 1601 5479 Roca,
1647 5405 1934 5479 dominus
2048 5403 2297 5479 Latinis_
2329 5402 2494 5459 laicis
2539 5402 2812 5460 'decimm
2852 5402 3293 5479 pqsolva'ntur,
3339 5402 3643 5479 instituere

281 5473 684 5548 Atheniensis,
713 5495 819 5552 per
859 5480 1082 5552 litteras
1109 5485 1373 5552 vestram
1421 5473 1593 5552 petiit
1617 5477 1936 5552 providen-
2045 5474 2354 5552 curaretis,
2375 5482 2532 5552 sete.
2567 5473 2873 5552 INNQCJII;
2899 5475 3092 5547 Epist.
3113 5473 3216 5532 lib.
3247 5489 3372 5542 xui,
3396 5488 3486 5552 ep.
3515 5473 3640 5537 418.

283 5553 429 5612 tiam
458 5546 798 5620 admoneri,
822 5551 960 5607 utin
989 5551 1197 5606 castris
1224 5551 1350 5605 suis
1379 5546 1442 5605 et
1462 5546 1691 5604 villis'in
1710 5549 1938 5620 quibus
2118 5547 2198 5618 (3)
2229 5546 2370 5601 Vide
2396 5546 2571 5615 infra,
2600 5547 2716 5602 col.
2747 5551 2870 5603 371.
2955 5546 2960 5547 ⁷
3433 5549 3440 5590 f
3476 5562 3481 5577 ι
3607 5553 3616 5570 ’
