4152 6208
478 225 578 283 an
1356 218 1661 280 MICHAEL
1699 217 2153 281 ACOMINATUS
2188 218 2619 279 ATHENARUM
2653 218 2971 282 ARCHIEP.
3742 195 3849 288 ω

479 348 607 407 fore
635 346 1111 407 desideraverat.
1137 343 1369 405 Nicetas
1398 344 1807 417 Acominatus,
1839 348 1979 419 post
2022 348 2263 420 captam
2293 344 2546 420 Cpolim.
2574 347 2643 403 ut
2667 360 2881 403 omnes
2911 345 2952 402 ii
2980 343 3087 420 qui
3117 344 3387 418 ingenio,
3416 346 3754 417 virtutibus,
3783 350 3848 406 in

477 438 740 513 patriam
773 452 981 496 amore
1010 435 1431 506 excelluerant,
1465 450 1605 492 cum
1631 449 1817 492 uxore
1842 440 1900 492 et
1923 434 2127 493 liberis
2155 435 2414 494 Nicmam
2445 434 2733 511 Bithynius
2764 450 2827 493 se
2854 435 3097 511 recepit,
3137 436 3241 494 ubi
3271 437 3436 508 apud
3464 435 3847 495 Theodorum

480 527 759 585 Lascarin
783 526 1209 600 imperatorem
1238 540 1363 582 non
1386 524 1591 581 minus
1622 540 1809 598 quam
1854 524 2016 598 apud
2050 526 2389 583 Comnenos
2429 525 2781 583 auctoritate
2806 526 3063 597 valebat,
3098 525 3160 583 id
3186 540 3424 597 semper
3450 540 3638 596 agens
3679 531 3747 583 ut
3771 528 3847 584 ci-

477 615 656 672 vibus
690 615 933 673 Bizantii
963 613 1277 671 exsulibus
1316 612 1540 672 auxilio
1568 628 1640 670 ac
1664 613 1970 686 praesidio,
2002 612 2169 673 fratri
2196 619 2399 672 autem
2426 615 2555 673 seni
2579 614 2771 672 exsuli
2796 614 3009 672 solatio
3033 612 3200 669 foret.
3230 613 3476 670 Michael
3503 614 3753 688 quidem
3780 616 3846 674 in

475 704 761 761 Monodia
803 705 1002 761 haecce
1032 702 1211 761 dicit:
1250 724 1278 755 α
1311 702 1469 760 Licet
1514 702 1727 777 procul
1757 720 1794 760 a
1834 720 1933 760 me
1984 703 2226 775 viveret,
2270 705 2501 776 quoties
2530 719 2668 762 eum
2700 703 2895 761 vivere
2925 716 2997 759 ac
3030 700 3226 759 valere
3257 702 3451 759 nuntii
3483 703 3844 773 attulissent,

475 793 653 868 quasi
681 808 843 851 novo
875 792 1090 866 spiritu
1117 792 1389 852 afﬂatum
1423 808 1521 850 me
1546 793 1800 850 sensi.Et
1828 798 1893 851 ut
1924 792 2113 850 David
2142 793 2360 851 animae
2403 809 2526 850 suae
2555 792 2825 851 solamen
2852 790 3099 865 reperiri
3127 805 3253 848 non
3282 806 3459 865 posse
3486 791 3645 860 dicit,
3677 794 3844 851 exhi-

473 866 656 941 larari
684 887 886 942 autem
910 882 1014 939 ubi
1030 882 1297 956 primum
1324 881 1428 940 Dei
1457 883 1749 941 memoria
1768 882 1884 957 ipsi
1912 883 1974 940 in
1993 887 2258 941 mentem
2287 883 2547 951 venerit;
2574 882 2657 939 ita
2678 896 2791 953 ego
2816 896 3061 956 quoque
3083 880 3187 938 ubi
3211 881 3603 955 prasentium
3629 898 3840 940 aerum-

475 986 699 1031 narum
732 972 1003 1046 pondere
1027 971 1399 1043 molestarer,
1431 972 1653 1029 mirum
1685 973 2091 1030 solamentum
2118 972 2278 1030 sensi
2305 971 2413 1030 ubi
2440 972 2686 1030 fratrem
2726 971 2922 1029 valere
2951 971 3178 1045 accepi.
3211 971 3715 1046 Quotiescumque
3737 972 3844 1029 ita-

474 1076 594 1134 que
621 1061 873 1135 epistola
898 1060 1162 1119 fraterna
1198 1076 1386 1118 manu
1425 1061 1663 1133 signata
1688 1060 2074 1134 efferebatur,
2098 1061 2302 1120 vultus
2332 1078 2403 1120 ac
2432 1062 2732 1119 sermonis
2763 1061 2896 1133 ejus
2926 1060 3133 1118 intime
3158 1076 3395 1118 memor
3417 1066 3598 1135 caput
3633 1065 3691 1119 et
3716 1078 3845 1120 ma-

476 1166 593 1208 nus
624 1155 871 1222 tangere
899 1156 956 1208 et
979 1150 1243 1208 osculari
1268 1151 1415 1208 mihi
1438 1149 1727 1221 videbar;
1758 1154 1817 1207 et
1843 1150 2144 1224 extemplo
2168 1157 2299 1209 atra
2326 1167 2474 1208 cura
2503 1166 2575 1207 ex
2600 1150 2805 1207 animo
2835 1149 3084 1207 excessit
3111 1154 3168 1206 et
3189 1149 3413 1221 gaudio
3446 1165 3608 1207 novo
3638 1150 3843 1208 locum

475 1239 659 1297 dedit.
698 1262 719 1290 ι
757 1243 889 1297 Haec
917 1255 1056 1296 cum
1080 1239 1294 1310 legeris
1321 1240 1548 1297 amoris
1576 1240 1698 1297 fere
1718 1239 1853 1313 plus
1873 1256 2062 1313 quam
2090 1239 2336 1298 fraterni
2377 1239 2735 1308 testimonia,
2753 1239 2882 1311 jam
2914 1254 3037 1296 non
3066 1237 3405 1305 miraberis,
3436 1239 3486 1295 si
3516 1239 3676 1296 idem
3698 1239 3845 1297 dicit

476 1343 540 1385 se
587 1328 810 1385 umbra
833 1328 1043 1385 mortis
1074 1328 1367 1399 obstringi
1414 1328 1495 1386 ob
1547 1329 2026 1400 gubernaculum
2056 1329 2111 1385 vi
2149 1330 2266 1403 ipsi
2294 1333 2567 1403 ereptum
2605 1335 2796 1386 morte
2843 1328 3043 1384 fratris
3085 1328 3319 1398 Nicetis,
3362 1328 3468 1401 qui
3498 1328 3765 1387 Michaeli
3787 1334 3846 1387 et

473 1418 685 1474 Joanni
720 1417 1097 1474 consobrinis
1126 1434 1299 1491 mque
1328 1417 1631 1475 ﬂebilibus
1655 1422 2035 1475 Romaaorum
2061 1418 2314 1492 imperio
2344 1418 2403 1474 in
2428 1422 2618 1474 morte
2641 1417 3011 1473 successerit.
3041 1439 3069 1468 ‹‹
3105 1416 3164 1473 Si
3193 1417 3341 1474 tanti
3365 1416 3476 1474 viri
3499 1416 3717 1487 obitus,
3743 1418 3845 1475 Mi-

476 1505 648 1563 chael
677 1506 901 1578 adjicit,
934 1510 1233 1579 Europam
1263 1511 1319 1564 et
1350 1506 1555 1564 Asiam
1583 1523 1754 1581 aequo
1782 1506 1990 1563 dolore
2017 1522 2089 1562 ac
2137 1506 2435 1565 desiderio
2460 1506 2695 1573 afﬂixit,
2749 1505 2905 1563 adeo
2953 1509 3019 1561 ut
3063 1510 3321 1562 mortem
3347 1511 3541 1574 tuam,
3569 1521 3606 1562 o
3636 1506 3845 1565 anima

475 1593 853 1663 charissima,
887 1596 1038 1652 ferre
1062 1610 1187 1652 non
1218 1596 1572 1660 sustineant,
1604 1596 1742 1669 quis
1774 1595 2018 1652 tandem
2063 1601 2410 1652 nostrarum
2454 1594 2865 1668 lacrymarum
2903 1589 2973 1650 ac
3014 1594 3347 1665 gemituum
3378 1594 3599 1651 modus
3627 1594 3784 1652 erit?
3812 1616 3842 1646 ιι

477 1682 756 1755 Sequitur
778 1683 854 1740 de
879 1684 1045 1740 luctu
1074 1685 1382 1741 communi
1409 1685 1602 1753 gentis
1642 1685 2135 1741 Acominatorum
2174 1701 2281 1758 per
2327 1688 2627 1758 Europam
2659 1688 2717 1741 et
2735 1684 2935 1740 Asiam
2962 1683 3395 1747 disseminatus,
3424 1683 3598 1755 cujus
3623 1683 3841 1742 indivi-

475 1770 580 1829 dui
609 1771 879 1829 defuncti
904 1772 1226 1846 splendore
1247 1773 1706 1838 illustrarentur,
1728 1777 1785 1829 et
1803 1772 1909 1847 qui
1937 1773 2069 1843 ejus
2099 1772 2389 1830 auxilium
2421 1772 2809 1829 multifariam
2850 1772 3082 1846 experti
3110 1775 3268 1829 sunt.
3304 1772 3595 1845 Deinceps
3624 1772 3700 1828 de
3728 1772 3844 1830 do-

473 1859 600 1917 lore
632 1860 825 1917 vidum
848 1860 1133 1935 loquitur,
1166 1866 1345 1934 nepte
1374 1861 1583 1932 magni
1610 1861 1893 1925 Belisarii,
1921 1877 2109 1935 quam
2140 1878 2389 1919 uxorem
2418 1861 2711 1918 ducturus
2737 1861 2988 1929 Nicetas,
3021 1862 3172 1917 sicut
3198 1861 3260 1917 in
3290 1860 3576 1920 omnibus
3608 1861 3843 1933 gravio-

473 1949 643 2004 ribus
671 1948 853 2005 rebus
880 1948 1081 2006 fratris
1116 1949 1433 2006 consilium
1463 1949 1824 2023 expetierat;
1854 1949 1929 2006 de
1948 1949 2112 2006 luctu
2130 1949 2458 2008 liberorum
2486 1956 2706 2008 tenerae
2731 1950 2941 2016 aetatis,
2974 1965 3006 2006 e
3034 1949 3258 2023 quibus
3286 1965 3442 2006 unus
3461 1950 3840 2007 errabundus

473 2036 853 2105 vagabatur;
878 2036 953 2092 de
988 2037 1237 2110 proprio
1265 2054 1376 2095 suo
1402 2038 1567 2094 luctu
1597 2043 1655 2094 ct
1679 2037 1861 2111 plaga
1884 2038 2311 2097 irremediabili
2342 2056 2527 2114 quam
2551 2039 2747 2097 fratris
2776 2055 2939 2097 mors
2969 2038 3187 2095 acerba
3209 2038 3444 2098 inﬂixit.
3464 2042 3595 2097 iam
3616 2038 3732 2096 sibi
3753 2039 3814 2097 la

474 2139 716 2198 crymas
747 2140 871 2197 prae
902 2124 1129 2182 doloris
1161 2125 1580 2196 magnitudine
1611 2126 1823 2183 deesse
1852 2127 2140 2199 queritur,
2174 2128 2337 2185 unde
2361 2129 2475 2187 sibi
2504 2129 2878 2185 calamitates
2916 2128 3051 2184 vitae
3091 2128 3324 2185 futuras
3354 2128 3526 2184 siccis
3546 2128 3736 2184 oculis
3758 2127 3839 2184 fe-

472 2213 695 2270 rendas
714 2212 859 2282 fore,
891 2213 1086 2270 donec
1114 2216 1246 2287 ipse
1272 2215 1332 2272 in
1358 2219 1591 2273 remoto
1627 2218 1797 2271 terrae
1825 2215 2048 2286 angulo
2079 2222 2182 2275 aut
2206 2217 2267 2274 in
2300 2218 2500 2276 medio
2524 2219 2675 2276 mari
2702 2217 3024 2290 projectus,
3057 2232 3241 2275 senex
3265 2217 3491 2288 juniori
3514 2215 3677 2274 fratri
3707 2233 3842 2273 suc-

474 2302 734 2359 cesserit.
764 2303 867 2359 Vir
896 2303 1030 2377 pius
1058 2320 1199 2361 cum
1222 2309 1396 2376 esset,
1432 2304 1554 2360 Deo
1580 2304 1695 2377 ipsi
1717 2303 1876 2362 diem
1903 2304 2068 2374 dicit,
2108 2306 2261 2363 adeo
2288 2305 2461 2363 dolor
2490 2311 2756 2363 mentem
2780 2312 3137 2363 occaecarat:
3171 2330 3199 2358 ‹‹
3230 2305 3407 2363 Dolor
3434 2306 3587 2364 adeo
3612 2321 3707 2362 me
3739 2306 3840 2362 sti-

475 2390 667 2448 mulat
694 2394 760 2448 ut
776 2407 954 2449 voces
979 2393 1282 2466 proferam
1321 2409 1458 2468 quas
1489 2393 1779 2465 impietati
1808 2409 1881 2450 ac
1910 2395 2230 2453 temeritati
2277 2396 2425 2454 forte
2454 2396 2784 2453 dabuntur.
2834 2396 2949 2451 Cur
2978 2395 3138 2452 enim
3184 2410 3297 2465 ego
3322 2411 3543 2453 canum
3581 2400 3761 2470 caput
3782 2400 3845 2453 et

474 2480 651 2538 annis
684 2481 902 2554 gravis,
926 2482 1132 2539 inutile
1163 2481 1409 2539 tandem
1436 2488 1605 2539 terrae
1636 2482 1876 2555 pondus
1908 2498 1977 2538 ac
2011 2484 2181 2540 ulcus
2212 2483 2434 2542 diutius
2463 2485 2524 2541 in
2554 2485 2670 2541 hoc
2698 2500 2937 2541 carcere
2967 2484 3223 2540 retineor
3243 2484 3271 2540 ?
3298 2507 3327 2535 »

547 2574 613 2627 In
637 2576 923 2643 promptu
943 2586 1065 2629 non
1091 2577 1182 2629 est
1228 2571 1427 2629 dicere
1457 2588 1580 2645 quo
1624 2587 1787 2629 anno
1835 2572 2079 2629 Michael
2107 2573 2352 2630 vinculis
2378 2573 2645 2645 corporis
2674 2572 2959 2631 liberatus
2989 2572 3348 2639 decesserit;
3368 2573 3500 2645 jam
3530 2573 3689 2629 enim
3718 2574 3843 2630 vita

476 2660 674 2719 otiosa
694 2661 754 2717 in
780 2663 1147 2719 monasterio
1177 2661 1570 2732 transigenda
1595 2661 1855 2731 graviter
1878 2661 2271 2720 incommoda
2297 2662 2410 2718 sub
2433 2661 2617 2718 tinem
2648 2678 2781 2717 esse
2806 2660 3084 2717 debebat.
3122 2664 3268 2717 Eum
3293 2667 3493 2717 tamen
3517 2678 3679 2719 anno
3700 2666 3841 2721 12t5

475 2750 539 2808 in
570 2750 722 2807 vivis
746 2751 929 2808 fuisse
960 2751 1211 2825 epistola
1239 2767 1426 2824 quam
1474 2751 1553 2807 ad
1601 2752 1929 2809 Manuelem
1982 2752 2388 2826 patriarcham
2418 2750 2581 2807 dedit
2623 2750 2883 2824 probare
2912 2750 3170 2808 videtur:
3205 2752 3283 2807 ad
3312 2750 3494 2807 alium
3532 2752 3841 2809 neminem

475 2839 639 2897 enim
670 2840 890 2913 scripta
914 2855 1042 2897 esse
1064 2846 1259 2913 potest
1277 2840 1391 2897 nisi
1412 2840 1489 2896 ad
1521 2839 1849 2897 Manuelem
1881 2841 2334 2915 Charitopulum
2367 2840 2465 2897 illo
2485 2840 2618 2913 ipso
2644 2855 2804 2896 anno
2834 2840 2912 2896 ad
2943 2840 3417 2912 patriarchatum
3444 2843 3835 2913 evectum.(V.

478 2930 554 2986 Le
580 2929 789 2995 Quien.
815 2930 1022 2987 Oriens
1055 2930 1278 2987 Christ.
1312 2935 1352 2987 t.
1384 2933 1425 3003 1,
1453 2946 1513 3003 p.
1544 2931 1691 3001 278).
1725 2932 1855 2985 Haec
1888 2930 2104 2988 eadem
2126 2929 2380 3004 epistola
2401 2934 2457 2986 et
2485 2929 2687 3002 plures
2714 2929 2845 2985 alia:
2872 2945 3027 3002 quas
3060 2930 3121 2985 in
3143 2931 3253 2986 Ceo
3278 2929 3474 2986 insula
3499 2929 3845 3003 composuit

475 3018 735 3093 probare
761 3023 1021 3093 possunt
1064 3020 1427 3089 Michaelem,
1457 3019 1741 3092 quamvis
1792 3019 2145 3087 solitarium,
2175 3024 2237 3075 ut
2277 3019 2404 3092 ipse
2451 3018 2697 3091 quidem
2743 3017 2885 3074 dicit
2931 3017 3321 3075 nihilominus
3347 3019 3460 3075 sub
3501 3019 3684 3075 ﬁnem
3709 3019 3842 3075 vitas

476 3110 985 3182 praestantissimis
1013 3109 1249 3183 imperii
1274 3110 1414 3166 viris
1456 3124 1565 3182 per
1604 3108 1828 3165 litteras
1849 3108 2063 3165 saltem
2091 3109 2480 3180 conjunctum
2508 3107 2712 3179 fuisse,
2736 3108 3059 3181 ipsumque
3092 3108 3392 3164 Lascarim
3419 3109 3843 3181 imperatorem

477 3197 541 3253 in
570 3198 701 3269 ejus
732 3198 1067 3256 amicorum
1099 3214 1354 3255 numero
1384 3198 1589 3254 fuisse.
1625 3197 1738 3254 Sed
1766 3213 1955 3272 quare
1989 3214 2109 3255 non
2140 3197 2458 3255 orthodoxi
2486 3197 2667 3269 hujus
2698 3201 2755 3253 et
2801 3197 2978 3252 amici
3026 3196 3311 3270 principis
3332 3196 3586 3255 domum
3614 3197 3847 3254 habita-

479 3285 606 3343 vit?
633 3288 745 3343 Cur
768 3303 893 3345 non
924 3288 1130 3344 Niciam
1160 3289 1360 3345 vivere
1380 3286 1593 3345 maluit
1619 3303 1805 3360 prope
1828 3287 2171 3360 Phrygiam,
2204 3286 2306 3343 ubi
2329 3287 2507 3343 frater
2526 3285 2947 3342 dilectissimus
2986 3302 3123 3341 cum
3152 3287 3274 3342 suis
3299 3286 3444 3343 vixit
3470 3291 3527 3342 et
3552 3286 3613 3343 in
3645 3285 3844 3344 medio

480 3376 706 3449 populo
731 3376 1085 3434 demortuus
1110 3384 1219 3448 est,
1253 3393 1442 3450 quam
1470 3376 1529 3433 in
1560 3378 1676 3432 Ceo
1707 3376 1906 3432 insula
1935 3383 2175 3449 petrosa
2203 3376 2383 3447 ΑΞεωὶ
2413 3376 2616 3439 maris,
2647 3374 3059 3448 hmreticisque
3091 3375 3322 3433 vicinus
3352 3374 3841 3442 occidentalibus,

482 3465 559 3521 de
590 3466 814 3538 quibus
867 3466 926 3523 in
953 3466 1206 3540 epistola
1247 3465 1324 3522 ad
1352 3466 1741 3538 Euthymium
1769 3465 1989 3538 scripta
2013 3466 2328 3539 queritur?
2360 3464 2445 3520 Ad
2472 3464 2630 3521 hanc
2671 3464 2722 3519 is
2751 3462 2870 3521 fere
2908 3464 3305 3538 quaestionem
3332 3464 3720 3538 respondebit
3741 3465 3849 3538 qui

482 3555 544 3611 in
575 3555 768 3627 patria
798 3554 1174 3627 Bacchylidis
1203 3570 1275 3611 ac
1306 3553 1629 3611 Simonidis
1679 3553 2018 3625 Hymettum
2050 3560 2106 3611 et
2135 3554 2452 3611 Brilessum
2496 3553 2611 3610 sub
2657 3568 2937 3610 auroram
2981 3560 3365 3609 coruscantes
3393 3552 3541 3609 vidit
3564 3571 3577 3620 ;
3600 3553 3705 3627 qui
3744 3553 3843 3614 Mi-

484 3642 754 3699 chaelem
785 3644 845 3698 in
885 3643 1093 3699 Thesei
1138 3643 1286 3700 urbe
1334 3658 1439 3716 per
1492 3641 1940 3713 generationem
1990 3643 2217 3716 pedum
2263 3642 2530 3716 Dionysii
2580 3647 2796 3715 Areop.
2830 3642 3112 3700 manibus
3141 3648 3414 3716 portasse
3457 3647 3511 3700 et
3540 3648 3845 3716 postremo

486 3731 736 3804 Dexippi
767 3729 1035 3800 gladium
1063 3748 1186 3789 non
1219 3730 1347 3787 sine
1374 3731 1563 3801 gloria
1585 3729 1890 3787 sirinxisse
1920 3730 2277 3788 meminerit.

484 3863 520 3926 §
559 3858 671 3919 νη.
713 3860 1094 3932 Scriptorum
1120 3859 1433 3917 Michaelis
1488 3858 1825 3929 catalogus,
1862 3857 1924 3912 in
1958 3854 2319 3912 bibliotheca
2343 3855 2700 3913 Florentina
2727 3856 3047 3912 semiudum
3084 3856 3485 3913 Bandinium.
3527 3857 3836 3927 Praefatio.

558 3985 789 4060 Scripta
818 4001 854 4042 a
880 3983 1153 4041 Michaele
1172 3998 1377 4057 opera,
1422 3997 1543 4039 non
1578 3981 1782 4037 minus
1807 3995 1993 4053 quam
2016 3994 2157 4035 ossa
2179 3978 2237 4035 in
2269 3978 2365 4035 Cci
2382 3979 2548 4054 ripis,
2578 3979 2638 4035 in
2663 3979 2995 4037 Occidentis
3010 3979 3383 4037 bibliothecis
3402 3980 3688 4057 oblivioni
3706 3981 3849 4037 data

485 4088 618 4132 esse
655 4074 1035 4131 videbantur.
1067 4074 1189 4129 Huc
1218 4087 1415 4144 usque
1444 4085 1568 4127 non
1597 4070 1712 4126 nisi
1760 4067 2102 4126 orationum
2153 4067 2296 4124 satis
2339 4068 2665 4125 multarum
2698 4071 3048 4136 summaria,
3082 4076 3388 4139 tractatus,
3418 4069 3702 4142 epistolaa,
3725 4086 3850 4126 car-

487 4164 654 4221 mina
682 4179 943 4238 quorum
974 4178 1167 4239 pauca
1196 4162 1400 4237 aliqua
1430 4162 1648 4232 Graece,
1683 4160 1806 4217 duo
1833 4157 2081 4215 maximi
2119 4156 2407 4214 momenti
2439 4159 2637 4215 Latine
2666 4162 2901 4215 tantum
2940 4174 2976 4216 a
3023 4158 3298 4216 Michaele
3330 4158 3613 4216 Choniata
3646 4175 3849 4232 super-

488 4257 647 4308 sunt.

557 4346 731 4396 Anno
765 4343 899 4397 £767
932 4340 1307 4396 bibliothecae
1331 4340 1743 4397 Laurentianus
1763 4355 1900 4412 quae
1930 4334 2234 4394 Florentiae
2256 4339 2366 4401 cst,
2399 4339 2619 4404 custos,
2643 4340 2709 4391 Α.
2728 4339 2800 4393 Μ.
2822 4336 3151 4392 Bandinius
3179 4335 3517 4393 Academia:
3544 4336 3849 4393 Parisiensi

487 4428 758 4486 libellum
792 4429 956 4485 misit
987 4428 1105 4484 sub
1132 4428 1303 4485 titulo
1328 4430 1610 4498 Epistola
1648 4428 1722 4484 de
1772 4426 2063 4483 Michaele
2108 4426 2463 4482 Acominato
2501 4428 2749 4497 ejusque
2777 4428 3039 4497 scriptis,
3073 4442 3257 4498 quem
3300 4442 3462 4482 anno
3490 4426 3760 4499 sequenti
3786 4428 3848 4481 in

487 4518 764 4589 catalogo
793 4517 1071 4575 codicum
1124 4520 1465 4574 Grecorum
1508 4515 1888 4573 bibliothecae
1936 4514 2348 4570 Laurentinum
2393 4515 2761 4586 reproduxit.
2809 4518 2924 4571 Nos
2957 4515 3299 4585 catalogum
3350 4514 3712 4572 collectionis
3756 4515 3849 4571 Mi-

489 4607 711 4666 chaelis
742 4609 1106 4680 scriptorum
1134 4605 1402 4675 integrae,
1436 4621 1697 4679 quorum
1730 4619 2036 4659 summum
2061 4603 2185 4673 jam
2214 4601 2686 4659 Montfaucouius
2714 4603 2774 4658 in
2808 4603 3181 4660 Bibliotheca
3202 4604 3691 4660 bibliothecarum
3715 4619 3845 4658 ma-

486 4703 963 4770 nuscriptorum,
988 4697 1029 4753 Ι.
1065 4713 1126 4770 p.
1159 4700 1260 4753 355
1286 4712 1456 4770 seqq.
1484 4694 1670 4764 dedit,
1712 4710 1743 4749 e
1776 4691 2147 4748 Dandiniano
2186 4689 2462 4761 catalogo
2484 4696 2835 4760 extractam,
2867 4691 3032 4748 nulla
3059 4691 3266 4748 habita
3296 4692 3598 4748 titulorum
3629 4693 3847 4748 latino-

485 4803 623 4846 rum
652 4788 904 4854 ratione,
949 4787 1195 4855 damus,
1226 4792 1283 4844 et
1332 4784 1603 4842 Bandinii
1629 4782 1989 4854 exemplum
2030 4779 2234 4848 secuti,
2268 4780 2463 4835 titulos
2496 4780 2731 4849 eodem,
2763 4797 2887 4854 quo
2907 4781 2965 4837 in
2990 4783 3195 4839 codice
3225 4780 3524 4853 leguntur,
3551 4782 3758 4838 ordine
3786 4782 3847 4836 in

486 4879 755 4935 medium
782 4877 1169 4951 proferimus,
1204 4876 1519 4950 prtemissa
1547 4871 1847 4944 Anonymi
1873 4870 1950 4925 ad
1983 4868 2277 4926 Michaelis
2298 4869 2589 4941 opuscula
2620 4870 2990 4936 Priefatione,
3025 4887 3211 4945 quam
3234 4887 3468 4945 primus
3494 4869 3678 4927 edidit
3709 4870 3849 4926 doc-

486 4967 757 5024 tissimus
784 4967 1037 5025 Taielius
1061 4968 1122 5023 in
1152 4964 1573 5023 Dissertatione
1594 4964 1682 5019 De
1708 4960 2134 5017 Thessalonica
2165 4960 2407 5029 ejusque
2427 4973 2598 5028 agro.

1365 5092 1405 5145 Ι.
1436 5104 1497 5162 p.
1537 5092 1584 5144 1.
1616 5087 1916 5161 Προοιωρία
1942 5087 2015 5144 εὶς
2038 5085 2132 5143 τὴν
2171 5090 2441 5160 παρούσαν
2473 5081 2655 5157 βίϐλον
2693 5092 2786 5138 τοῦ
2817 5128 2831 5142 .
2864 5126 2878 5141 .
2909 5126 2922 5142 .
2959 5127 2975 5146 .

857 5212 1016 5277 (Nihil
1041 5213 1308 5277 amplius;
1342 5211 1621 5275 scriptoris
1652 5222 1848 5259 nomen
1875 5207 1928 5256 in
1964 5206 2157 5258 lacuna
2182 5208 2467 5260 intercidit.
2519 5210 2601 5274 (V.
2634 5210 2796 5269 Tafel,
2832 5209 2868 5263 Ζ.
2903 5211 2962 5275 l.,
2990 5226 3049 5277 ι).
3082 5213 3173 5262 376
3202 5214 3259 5266 el
3290 5214 3474 5278 seqq.)

557 5329 829 5404 Φιλόλογος
866 5332 893 5382 ὁ
930 5336 1023 5382 τοῦ
1066 5327 1275 5403 βιϐλίου
1320 5325 1475 5382 τοῦδε
1525 5332 1719 5400 πατὴρ,
1771 5330 1861 5378 καὶ
1902 5327 2084 5397 σοφίας

2265 5323 2614 5382 Litterarum
2663 5330 2719 5384 et
2748 5326 2945 5384 omnis
2976 5328 3282 5402 sapientiae
3307 5344 3442 5385 verc
3474 5326 3708 5385 amicus
3737 5326 3848 5384 hu—

485 5424 708 5497 ἓραστής
766 5420 1026 5496 ἑκατέρας,
1075 5427 1173 5482 τῆς
1210 5421 1463 5494 ἡμετέρας
1521 5423 1655 5493 φημὶ
1694 5421 1784 5469 καὶ
1835 5424 1930 5476 τῆς
1990 5415 2080 5465 θύ-

2206 5413 2357 5477 iusce
2402 5412 2539 5471 libri
2580 5418 2791 5471 auctor
2837 5421 2945 5485 est,
2976 5416 3141 5491 quod
3178 5416 3365 5474 lector
3392 5415 3725 5474 benevolus
3772 5431 3846 5472 ex

481 5514 655 5591 ραθεν,
704 5514 775 5579 ὡς
820 5514 961 5567 εστιν
1000 5507 1087 5565 ἀπ’
1139 5507 1310 5564 αὐτῶν
1354 5517 1455 5563 τῶν
1508 5512 1902 5585 συγταμμάτων
1951 5512 2082 5580 γνῶ-

2201 5502 2324 5576 ipso
2354 5502 2579 5578 scripto
2597 5502 2771 5564 facile
2800 5504 3175 5581 dijudicabit.
3213 5505 3330 5564 Sed
3358 5505 3696 5579 longiorem
3723 5503 3841 5569 hac
