4152 6208
345 0 444 12 ν.-

345 23 458 48 ,μυ-τ

465 0 552 18 Γ

234 284 334 350 313

1749 273 2048 334 NOTITIA.

3471 276 3577 334 314

227 425 308 460 ναι
334 406 420 459 τόν
450 398 856 476 έντυγχοξνοντὰ.
901 399 1058 457 Ἀλλὰ
1083 406 1237 456 τοῦτο
1272 400 1364 476 μεν
1416 398 1510 455 οὐκ
1543 397 1606 454 ἃν
1649 395 1816 455 δέοιτο

1931 400 2006 458 de
2051 415 2116 458 re
2145 413 2488 458 sermonem
2526 400 2892 460 concinnare
2931 415 3131 477 operae
3172 414 3298 460 non
3326 401 3419 458 est
3443 414 3576 474 pre-

222 495 472 566 πλείονος,
496 493 661 567 οἶμαι,
692 491 872 565 λόγου,
899 489 1056 547 Exciso
1085 487 1146 546 δὲ
1183 490 1373 566 μᾶλλον
1396 487 1819 565 προδιοριστίον,

224 586 290 648 ὡς
315 592 414 637 τῶν
443 583 608 655 λόγων
645 583 769 636 ἔνιοι
805 580 898 656 μὲν
938 585 1039 654 πρὸ
1067 588 1158 643 τῆς
1199 581 1482 655 ἱερωσύνης
1523 579 1823 654 ἕγροίφησαν

227 676 270 745 (ὁ
299 681 498 748 πρῶτος
530 668 795 739 δηλονότι,
819 672 847 725 ό
874 673 997 745 πρὸς
1019 675 1136 734 τοὺς
1152 669 1493 746 αἰτιωμένους
1517 671 1566 742 (1
1570 671 1598 742 )
1619 673 1678 724 τό
1701 668 1822 744 ἀφι-

222 759 500 818 λένδεικτον
531 779 546 794 ο
574 766 665 815 καὶ
701 763 730 814 ό
768 762 914 832 ἓφεξῆ
927 783 968 828 ς,
989 764 1016 816 ό
1035 769 1127 817 τοῦ
1157 765 1451 840 μακαρίτου
1475 759 1820 834 ἀρχιεπισκό-

223 873 318 908 που
339 861 516 908 Χονῶν
535 850 956 926 ἕγκωμιαστικός
979 868 993 883 θ
1020 856 1112 906 καὶ
1133 853 1159 904 6
1179 851 1292 925 μετ’
1317 851 1534 921 αύτόν,ό
1557 869 1822 927 πατριαρ-

223 943 420 1016 χικός)·
454 943 504 994 οἱ
531 936 590 994 δε
613 939 788 995 λοιποὶ
802 942 991 1004 πάντες
1005 943 1138 1013 μετὰ
1165 945 1254 1001 τὴν
1284 943 1586 1016 ἱερωσύνην.
1615 944 1711 994 Καὶ
1741 935 1828 994 δεῖ

223 1037 291 1108 μὴ
318 1030 514 1106 ἀγνοεῖν
541 1038 695 1086 τοῦτο
724 1033 816 1084 τόν
843 1034 937 1085 σὺν
975 1029 1240 1106 έπιστήμη
1272 1037 1378 1093 τοῖς
1403 1030 1574 1104 λόγοις
1598 1027 1822 1093 ἰντευξό-

224 1141 362 1194 μενον
385 1127 475 1175 καὶ
504 1125 938 1195 συγγνωσόμενον
967 1128 1040 1193 τῷ
1069 1117 1246 1195 ἀνδρὶ,
1277 1120 1321 1175 εἰ
1357 1127 1446 1174 νῦν
1473 1123 1565 1193 μεν
1599 1123 1730 1193 πρός
1763 1121 1820 1173 τό

225 1218 572 1286 νεανικώτερον
613 1208 1056 1286 ἀποθρασύνεται,
1112 1214 1200 1265 καὶ
1260 1218 1370 1273 τοῖς
1428 1209 1483 1266 ἐκ
1542 1217 1820 1274 ποιητικῆς

228 1301 461 1376 ὀνόμασιν
491 1300 798 1374 ὡραίζεται,
817 1300 1094 1376 κουρίζων,
1119 1301 1185 1361 ὡς
1204 1301 1266 1352 οἷν
1303 1319 1384 1362 τις
1421 1301 1576 1367 εἴποι,
1609 1303 1700 1352 καὶ
1719 1299 1819 1354 ύπό

231 1391 524 1468 θερμότητος
560 1387 897 1464 ἐκφερόμενος
917 1409 930 1423 ·
976 1396 1059 1444 νῦν
1099 1385 1159 1444 δε
1182 1387 1464 1461 ύπανχμος
1495 1391 1725 1460 φαίνεται
1757 1387 1821 1442 τὰ

228 1478 393 1549 πολλὰ,
449 1483 538 1530 καὶ
589 1481 651 1530 τό
705 1476 950 1549 ἀγλευκες
996 1480 1432 1551 περιπτύσσεται·
1497 1477 1654 1530 Αἰτία
1716 1477 1817 1551 γὰρ

230 1567 282 1622 ού
315 1575 555 1623 τοσοῦτον
613 1569 643 1625 ἡ
696 1566 792 1625 ὕλη
837 1575 940 1623 τῶν
968 1567 1281 1634 ὑποθέσεων,
1314 1567 1436 1622 ὅσον
1473 1568 1504 1629 ἠ
1547 1573 1648 1622 τῶν
1688 1564 1818 1638 βίων

233 1654 459 1733 διαφρά.
509 1655 653 1714 Πλὴν
692 1661 783 1710 καὶ
821 1657 981 1717 ούτως
1039 1658 1068 1715 ἡ
1127 1658 1375 1730 ὁμοιότης
1431 1653 1668 1708 ἁπάντων
1702 1651 1819 1709 δια-

1929 492 2116 555 tium;
2147 490 2210 548 id
2248 506 2440 548 unum
2484 492 2822 549 notandum
2861 495 2968 564 est,
3017 491 3219 566 plures
3261 505 3403 548 eum
3445 505 3580 548 ora-

1929 582 2163 639 tionum
2193 596 2442 638 suarum
2459 585 2787 654 antequam
2813 581 3129 641 sacerdotii
3157 596 3383 638 munus
3412 579 3579 638 iniis-

1931 671 2038 735 set,
2071 669 2400 742 scripsisse,
2435 673 2493 727 et
2519 670 2778 744 primam
2805 671 3084 745 quidem:
3115 670 3206 728 Ad
3227 685 3332 730 eos
3359 669 3465 742 qui
3491 668 3581 726 in-

1930 755 2340 828 dignabantur
2357 758 2526 831 quod
2543 757 2750 816 lumen
2771 775 2953 816 suum
2982 759 3096 816 sub
3122 759 3325 816 modio
3341 759 3581 833 posuis-

1931 849 2049 913 set;
2071 846 2211 904 dein
2228 847 2562 906 orationem
2581 847 2985 906 laudatoriam
3009 851 3072 905 in
3091 848 3340 906 beatum
3357 847 3582 906 archie-

1929 935 2246 1008 piscopum
2279 936 2620 994 Chonarum
2633 955 2650 1009 ;
2683 936 2916 995 tertiam
2953 937 3215 1011 denique
3242 937 3305 993 in
3333 935 3582 1010 patriar-

1930 1023 2144 1093 cham;
2196 1029 2440 1084 caeteras
2471 1029 2672 1084 autem
2722 1042 2934 1085 omnes
2963 1031 3098 1100 post
3142 1026 3347 1084 initum
3381 1041 3578 1084 sacer-

1931 1113 2130 1170 dotale
2177 1129 2402 1170 munus
2462 1115 2650 1172 editas
2705 1115 2926 1184 fuisse;
2975 1131 3132 1188 quas
3187 1131 3326 1173 cum
3375 1113 3582 1186 legerit

1931 1204 2146 1277 aliquis
2184 1211 2382 1264 mente
2415 1205 2696 1273 candida,
2731 1205 2960 1264 auctori
2988 1205 3276 1276 ignoscet,
3305 1204 3412 1261 ubi
3439 1220 3579 1264 cum

1931 1294 2260 1350 temeritate
2281 1293 2554 1365 juvenili,
2595 1294 2862 1352 ﬂosculis
2892 1295 3143 1368 poeticis
3170 1293 3471 1367 pueriliter
3493 1293 3580 1352 in-

1929 1383 2128 1450 haeret,
2160 1389 2216 1440 et
2236 1383 2375 1442 alibi
2405 1390 2706 1444 oratorem
2736 1400 2798 1441 se
2819 1385 3053 1443 aridum
3071 1389 3128 1441 et
3151 1383 3385 1440 nudum
3407 1381 3576 1454 gerit;

1929 1473 2103 1544 cujus
2143 1472 2227 1529 rei
2274 1489 2461 1530 causa
2489 1489 2612 1530 non
2642 1473 3136 1530 dissertationum
3165 1473 3436 1545 materia,
3471 1470 3578 1528 sed

1927 1561 2264 1619 differentia
2318 1579 2620 1620 annorum
2675 1562 2962 1620 habenda
3013 1566 3122 1635 est,
3180 1561 3404 1635 quibus
3447 1560 3578 1617 illas

1926 1652 2284 1724 composuit.
2337 1653 2557 1708 Omnes
2603 1656 2807 1708 tamen
2838 1652 2923 1707 sic
2971 1666 3217 1724 quoque
3248 1647 3581 1706 similitudi-

233 1747 464 1818 φαίνεται,
486 1749 578 1797 καὶ
598 1750 693 1797 τόῦ
715 1743 879 1798 αὐτοῦ
907 1747 1103 1819 πατρὸς
1133 1751 1288 1818 φῦναι
1314 1746 1525 1804 τούτους
1547 1745 1816 1807 κάκεινους

1925 1756 2066 1796 nem
2088 1739 2355 1814 aliquam
2376 1756 2502 1814 pra:
2525 1757 2588 1797 se
2607 1741 2867 1798 ferentes
2891 1740 2970 1796 ab
2984 1740 3196 1796 eodem
3215 1755 3277 1796 se
3295 1739 3580 1812 scriptore

233 1839 508 1908 κατηγορεῖ.
559 1831 682 1886 Ἐτι
742 1831 947 1886 κάκεῖνο
1004 1835 1308 1908 προθεωρεῖν
1363 1829 1662 1906 ἀναγκαῖον,
1725 1835 1813 1898 ὡς,

235 1925 375 1982 ἡνίκα
507 1919 603 1994 ἦγε
622 1921 848 1994 σχολὴν,
870 1927 959 1975 καὶ
986 1927 1107 1996 περὶ
1132 1926 1317 1994 μόνους
1339 1918 1452 1994 εἶχε
1473 1925 1592 1984 τούς
1608 1920 1762 1993 λόγου
1773 1941 1813 1988 ς,

239 2009 510 2076 ἰπιδείξεως
558 2018 743 2087 χώραν
800 2007 918 2065 οὐδ’
967 2010 1050 2065 ἐπὶ
1111 2015 1403 2087 κοινοτέρου
1466 2009 1816 2086 ἁκροατηρίου

240 2101 550 2176 ἕθεατρίσατο
573 2122 587 2135 ·
617 2104 662 2154 εἰ
687 2121 742 2155 τι
771 2097 832 2154 δι
859 2099 1171 2170 ἕπονήσατο,
1201 2101 1321 2154 καθ’
1353 2101 1554 2165 ἑαυτὸν,
1585 2102 1612 2153 ὃ
1638 2120 1814 2174 φασιν,

242 2186 372 2243 ἄδων
397 2189 673 2250 ἐπονήσατο
701 2205 717 2219 ⁶
744 2197 900 2243 τοῦτο
932 2186 984 2243 δ’
1015 2193 1136 2243 ὅσον
1156 2189 1358 2243 κολούει
1395 2194 1489 2250 τὴν
1528 2189 1607 2242 ἐπὶ
1648 2188 1818 2266 λόγοις

248 2277 487 2354 ἂκρίϐειαν
514 2281 620 2352 ἅμα
647 2284 738 2333 καὶ
767 2278 1086 2352 φιλοτιμίαν,
1125 2282 1309 2332 ἴσασιν
1341 2281 1387 2333 οἱ
1429 2274 1646 2341 εἰδότες.
1677 2278 1818 2336 Ἐπεὶ

256 2363 311 2420 δε
336 2369 588 2442 ἱερωσύνης
615 2367 762 2428 ἐπέϐη
803 2372 895 2422 καὶ
926 2371 1066 2439 παρά
1101 2375 1192 2424 τού
1223 2367 1608 2440 ἕπαγγέλματος
1638 2371 1697 2421 τό
1725 2375 1817 2422 τοῦ

263 2454 413 2527 λέγειν
437 2463 517 2510 καὶ
553 2460 748 2531 γράφειν
785 2453 1064 2532 ἐνδόσιμον
1111 2455 1306 2526 ἴλαϐεν,
1347 2453 1464 2511 οὐδ’
1503 2457 1725 2516 ἐνταῦθα
1750 2459 1817 2510 τὰ

250 2552 336 2607 τῆς
361 2541 635 2612 ἐπιδείξεως
662 2543 769 2622 εἶχε
796 2545 1104 2622 προϐάλλειν
1125 2545 1491 2622 φιλοτιμότεραι
1514 2563 1526 2576 ·
1549 2553 1702 2600 τοῦτο
1723 2549 1813 2620 μὲν

242 2641 326 2696 τῆς
352 2636 609 2708 ἱερωσύνης
632 2636 690 2692 ού
721 2639 1176 2712 προσποιουμένης
1195 2632 1320 2689 ούδε
1339 2637 1431 2699 τὰς
1461 2633 1510 2688 ἓν
1539 2633 1675 2708 λόγῳ
1702 2634 1812 2689 ἐπι-

239 2718 426 2790 δείξεις,
454 2727 622 2799 ὧσπερ
650 2722 774 2783 οὐδὲ
793 2729 888 2789 τὰς
910 2724 958 2778 ἐν
985 2725 1138 2800 ἑτέρῳ
1168 2721 1528 2802 οἱῳδηποτοῡν
1549 2727 1812 2802 κατορθώ-

234 2833 368 2887 ματι,
393 2817 467 2868 ὅτι
492 2819 564 2890 μὴ
597 2821 690 2868 καὶ
720 2814 911 2891 μᾶλλον
932 2811 1158 2877 κηλῖδας
1185 2815 1509 2888 νομιζούσης
1526 2819 1618 2872 καὶ
1639 2834 1815 2888 μειρα-

232 2899 382 2964 κιωδη
423 2902 720 2979 ἀθύρματα,
770 2906 800 2964 ἦ
885 2900 1276 2977 σπουδάσματα
1329 2919 1344 2934 °
1414 2911 1566 2959 τοῦτο
1611 2900 1670 2958 δε
1713 2912 1811 2956 τῶν

242 2989 546 3066 ἀκροωμένων
598 2994 886 3072 Ἀθήνησιν
922 2993 1088 3048 οὐκέτ’
1147 2997 1303 3046 ὄντων
1343 2991 1660 3066 φιλομαθὼν,
1689 2989 1814 3049 οὐδε

236 3088 659 3155 προσεκκαιόντων
697 3088 792 3142 τὴν
843 3090 936 3137 τοῦ
972 3082 1128 3155 λόγου
1183 3085 1490 3157 θερμότητα,
1523 3082 1712 3156 μᾶλλον
1754 3080 1813 3136 δὲ
1844 3126 1884 3181 C

234 3175 485 3226 ποιούντων
515 3173 903 3241 ἕπιννστοὶζειν,
931 3174 1010 3235 οἷς
1038 3173 1309 3248 ὑπόκωφον
1348 3168 1697 3227 ἐνδείκνυνται
1719 3177 1812 3231 τὴν

235 3257 480 3329 ἀκρόασιν,
522 3262 613 3314 ἱνα
639 3266 710 3334 μὴ
743 3260 897 3334 λέγω,
929 3263 1010 3314 ὅτι
1047 3263 1150 3314 ὅσα
1195 3266 1284 3314 καὶ
1323 3261 1482 3335 λύρας
1512 3265 1644 3330 ὄνος,
1679 3264 1814 3314 κατὰ

228 3352 306 3407 τὴν
331 3356 636 3423 παροιμίαν,
661 3358 753 3403 τοῦ
773 3354 1022 3424 περισσόν
1053 3370 1104 3404 τι
1130 3349 1361 3423 λέγοντος
1395 3349 1810 3426 ἕπιστρὲφονταιυ

225 3435 280 3488 Ἠ
313 3457 368 3508 γε
400 3443 499 3510 μὴν
521 3438 763 3512 ἀσχολία
790 3442 960 3492 καὶτὸ
999 3440 1100 3492 ὑπὸ
1130 3441 1451 3515 πραγμάτων
1475 3437 1812 3492 ἀνθέλκεσθαι

226 3525 306 3578 ούκ
323 3525 503 3580 ἐώντων
543 3527 956 3602 ἐξακριϐοῦσθαι
986 3531 1050 3581 τὰ
1080 3535 1170 3582 τοῦ
1201 3528 1378 3600 λόγου,
1410 3528 1601 3601 μᾶλλον
1635 3524 1693 3584 δι
1722 3533 1811 3581 καὶ

226 3614 436 3686 πάρεργα
496 3613 964 3690 προσϐιαζομένων
1025 3615 1355 3688 λογίζεσθαι,
1423 3619 1598 3688 τρίτον
1638 3614 1692 3668 ὃν
1743 3623 1805 3689 τῇ

228 3701 584 3777 ἀπαριθμήσει,
609 3714 811 3780 πρῶτον
835 3715 898 3779 τῇ
933 3702 1154 3778 δυνάμει
1185 3709 1442 3778 φαίνεται.

283 3799 446 3848 Ταῦτα
466 3803 786 3848 συννοοῦντα
820 3798 906 3850 τόν
932 3794 1303 3868 ἐντευξόμενον,
1337 3798 1507 3868 χρεὼν
1538 3797 1610 3866 μὴ
1641 3793 1810 3868 βαρύν

225 3879 450 3954 λογιστὴν
487 3885 839 3953 καθέζεσθαι,
869 3883 1078 3956 ἀγάπης
1099 3880 1158 3936 δὲ
1188 3882 1395 3956 μᾶλλον,
1428 3882 1472 3936 εἰ
1495 3887 1567 3955 μὴ
1600 3885 1734 3936 πάνυ
1759 3902 1810 3935 τι

226 3978 302 4023 τοῦ
337 3971 578 4046 ἀκριϐοῦς
636 3975 703 4025 τὰ
739 3974 875 4026 οὕτω
913 3976 1239 4044 πεπονημένα
1295 3970 1636 4041 ἐκπέπτωκεν,
1703 3970 1810 4023 ἀλλ’

228 4061 346 4111 ἔστιν
389 4059 448 4114 οὗ
490 4068 712 4125 καὶτῆς
758 4067 947 4134 τέχνης
986 4061 1239 4134 ἐξέχεται,
1273 4065 1363 4114 καὶ
1406 4063 1499 4123 τὰς
1547 4058 1690 4124 ἰδέας
1720 4069 1812 4114 τού

227 4147 472 4203 πολιτικοῦ
509 4151 673 4223 λόγου
715 4155 1051 4226 συγκίρνησι,
1080 4157 1170 4203 καὶ
1200 4154 1317 4204 οὔτε
1354 4153 1411 4203 τὸ
1442 4151 1669 4225 καθαρόν
1700 4153 1813 4222 ἔχει

227 4245 558 4312 πεπατημένον
602 4245 694 4292 καὶ
725 4239 795 4303 εἰς
823 4235 1206 4311 χυδαιολογίαν
1236 4238 1679 4312 καταϐεϐλημένον
1698 4243 1814 4292 οὔτε

231 4327 280 4376 τό
313 4327 734 4400 περιϐεϐλημένον
767 4325 974 4402 σφόδρα
999 4333 1504 4401 περιηγκωνισμένον
1542 4332 1629 4380 καὶ
1657 4326 1814 4380 λαϐυ-

228 4413 470 4484 ρινθώδες,
512 4417 645 4470 ἀλλὰ
687 4422 777 4470 καὶ
827 4419 856 4476 η
899 4417 1141 4493 περιϐολὴ
1193 4413 1574 4492 διευκρίνηται,
1624 4421 1714 4470 καὶ
1755 4420 1811 4470 τό

1925 1836 2164 1888 exortas
2197 1847 2327 1887 esse
2359 1831 2504 1887 satis
2528 1831 2814 1887 clamant.
2842 1835 2902 1886 ln
2924 1846 3047 1904 quo
3073 1829 3130 1886 id
3160 1845 3405 1904 quoque
3424 1844 3579 1902 pree-

1923 1925 2134 1977 notare
2155 1921 2326 1992 juvat
2355 1920 2545 1993 quod,
2576 1921 2626 1976 si
2657 1920 2875 1976 decoro
2923 1935 3062 1975 cum
3101 1919 3221 1975 otio
3249 1918 3454 1975 litteris
3480 1933 3578 1975 so-

1923 2009 1996 2066 lis
2026 2009 2313 2079 studeret,
2340 2025 2463 2064 non
2493 2008 2831 2064 auditorum
2856 2007 3335 2064 benevolentiam
3375 2010 3576 2079 capta-

1924 2102 2030 2170 ret,
2053 2099 2116 2155 id
2133 2114 2322 2155 unum
2344 2113 2531 2169 agens
2552 2102 2616 2154 ut
2639 2097 2751 2154 sibi
2776 2097 2891 2170 ipsi
2921 2096 3365 2155 sufﬁceret.Hoo
3380 2110 3576 2168 quan-

1927 2191 2056 2249 tum
2086 2192 2303 2248 noceat
2349 2187 2516 2260 operi
2569 2185 2963 2257 conﬁciendo,
2997 2201 3198 2242 rerum
3227 2183 3582 2256 hujusmodi

1925 2275 2098 2350 periti
2127 2276 2316 2349 probe
2340 2278 2584 2333 norunt.
2611 2274 2724 2333 Sed
2752 2279 2888 2346 post
2905 2273 3309 2330 sacerdotium
3333 2287 3580 2346 quoque

1925 2364 2161 2435 initum,
2221 2364 2324 2421 ubi
2372 2362 2613 2420 dicendi
2660 2362 3037 2419 scribendive
3086 2361 3255 2418 locus
3300 2364 3444 2428 erat,
3487 2359 3580 2417 vir

1924 2470 2140 2532 parum
2203 2453 2560 2510 ambitiosus
2624 2452 2803 2523 longe
2845 2453 2924 2510 ab
2972 2451 3139 2509 omni
3178 2450 3578 2508 ostentatione

1926 2543 2135 2600 abfuit.
2167 2543 2285 2600 Nec
2321 2542 2576 2610 mirum;
2611 2541 2952 2600 sacerdotes
2991 2539 3150 2598 enim
3181 2539 3256 2596 de
3291 2537 3576 2612 operibus

1923 2648 1961 2689 a
2005 2648 2068 2688 se
2125 2633 2357 2705 scriptis
2403 2646 2526 2688 non
2568 2631 2764 2700 magis
2807 2645 2996 2702 quam
3026 2628 3102 2685 de
3130 2643 3492 2701 quacunque
3515 2642 3580 2684 re

1922 2722 2234 2779 mundana
2283 2722 2526 2797 spiritus
2580 2735 2816 2778 sumere
2861 2719 3032 2776 decet
3074 2735 3088 2786 ;
3144 2733 3277 2791 qua
3309 2717 3514 2776 omnia
3545 2731 3580 2772 e

1923 2815 2131 2868 contra
2175 2827 2285 2884 pro
2329 2809 2508 2881 nugis
2560 2826 2631 2867 ac
2675 2808 3020 2882 quisquiliis
3071 2805 3358 2864 habenda
3415 2809 3576 2864 sunt.

1923 2903 2046 2956 Huc
2075 2899 2232 2956 adde
2274 2900 2441 2973 quod
2472 2899 2862 2956 Athenienses
2903 2896 3090 2954 nostri
3119 2894 3432 2968 temporis,
3465 2909 3576 2950 au-

1921 2989 2125 3046 diendi
2152 3005 2370 3062 parum
2397 2988 2622 3062 cupidi,
2653 2991 2778 3043 arte
2799 2985 3053 3043 oratoris
3078 2983 3395 3044 difﬁculter
3425 2981 3578 3038 exci‘

1923 3083 2142 3141 tantur,
2185 3079 2308 3135 imo
2365 3079 2517 3134 inter
2566 3076 2920 3133 concionem
2969 3072 3314 3131 obdormire
3363 3069 3574 3138 solent,

1921 3174 1979 3225 et
2002 3169 2173 3241 parvi
2199 3167 2460 3240 pendere
2486 3183 2625 3222 eum
2655 3166 2758 3238 qui
2802 3165 3104 3235 egregiam
3151 3161 3418 3234 aliquam
3447 3175 3575 3215 rem

1920 3257 2182 3332 protulit,
2210 3274 2246 3314 a
2275 3273 2398 3330 qua
2423 3272 2544 3312 non
2576 3255 2776 3311 minus
2806 3269 2994 3327 quam
3023 3252 3228 3308 asinus
3258 3267 3294 3307 a
3319 3250 3452 3322 lyra
3473 3249 3578 3308 ab-

1919 3347 2180 3409 horrent.
2213 3346 2269 3404 δί
2301 3346 2537 3402 tertium
2567 3343 2703 3400 dein
2734 3342 3234 3414 impedimentum
3260 3337 3573 3396 admittere

1918 3435 2108 3502 voles,
2157 3438 2482 3505 memento,
2529 3432 2631 3489 otii
2663 3431 3027 3495 absentiam,
3057 3428 3434 3499 negotiorum
3473 3441 3570 3484 ur-

1921 3524 2182 3596 gentiam
2209 3524 2404 3580 facere
2421 3527 2485 3578 ut
2515 3523 2737 3594 stylum
2760 3525 2816 3577 et
2835 3519 3182 3587 dictionem,
3208 3516 3390 3573 rebus
3403 3513 3576 3590 parvi

1918 3614 2212 3670 momenti
2243 3612 2422 3668 nimis
2449 3613 2731 3680 intentus,
2757 3610 2961 3667 minus
2991 3623 3183 3664 cures.

1992 3791 2169 3864 Cujus
2208 3791 2294 3848 rei
2338 3805 2572 3846 memor
2608 3788 2794 3846 lector
2845 3801 2969 3844 non
2999 3784 3228 3856 rigidus
3267 3782 3458 3854 judex
3487 3797 3574 3838 se-

1919 3880 2102 3951 debit,
2149 3880 2259 3936 sed
2308 3878 2642 3949 indulgebit
2681 3877 2847 3950 operi
2893 3875 3094 3932 minus
3141 3871 3420 3945 expolita,
3470 3869 3574 3928 ubi

1921 3969 2062 4024 artis
2103 3968 2362 4039 vestigia
2407 3968 2612 4040 aliqua
2659 3967 2719 4021 in
2764 3963 3038 4034 vocibus,
3078 3961 3182 4016 ubi
3231 3959 3574 4016 orationum

1921 4063 2280 4114 ornamenta
2303 4072 2432 4136 non
2457 4054 2901 4112 contemnenda
2939 4047 3408 4121 comprehendet
3435 4060 3573 4101 cum

1921 4147 2184 4206 claritate
2205 4132 2558 4201 sufﬁciente.
2587 4141 2927 4213 Saepissime
2959 4138 3118 4194 enim
3151 4137 3339 4208 stylus
3368 4132 3446 4189 ad
3474 4148 3570 4187 su-

1920 4238 2102 4295 blime
2125 4251 2315 4308 usque
2343 4231 2608 4289 ascendit
2631 4229 2786 4287 ultra
2809 4244 2996 4302 quam
3016 4227 3107 4282 fas
3135 4231 3224 4282 est
3250 4229 3417 4281 etars
3438 4236 3571 4278 ora-

1921 4329 2072 4383 toria
2084 4322 2457 4399 permittit.ld
2479 4335 2724 4394 quoque
2748 4318 2910 4374 nullo
2926 4317 3108 4374 modo
3125 4331 3262 4372 cum
3283 4311 3574 4385 rituperio

1922 4413 2256 4470 notandum
2279 4416 2366 4467 est
2388 4409 2434 4465 si
2453 4413 2653 4465 orator
2669 4407 2726 4463 in
2750 4406 2998 4462 edendis
3011 4404 3230 4460 divinis
3244 4400 3575 4458 meditatio-

231 4506 367 4575 σαοές
394 4505 784 4580 περιϐέϐληται,
815 4511 904 4559 καὶ
935 4511 1152 4579 μετρίως
1193 4505 1476 4580 ἀμφότερα.
1516 4504 1814 4581 Ἰἰρμοο-ται

1925 4503 2104 4558 nibus
2127 4500 2552 4556 sublimitatem
2567 4495 2886 4564 atl‘ectat,id
2907 4493 3073 4568 quod
3093 4508 3203 4549 nec
3223 4489 3577 4581 ineloquen-

230 4588 279 4644 δι
304 4601 385 4646 καὶ
409 4593 508 4648 ἀπὸ
539 4604 642 4648 τῶν
671 4595 861 4648 λοιπῶν
893 4592 1064 4666 ἰδεῶν,
1094 4594 1142 4658 ές
1173 4597 1296 4649 ὅσον
1323 4595 1440 4659 ἐξῆν
1464 4612 1478 4625 ⁸
1511 4595 1740 4667 μάλιστα
1761 4591 1814 4647 δ’

231 4679 290 4742 εἰς
321 4686 530 4756 μέγεθος
570 4687 790 4758 αἴρεται,
830 4689 921 4736 καὶ
949 4683 1120 4748 πλέον,
1153 4688 1283 4757 ἤπερ
1333 4686 1359 4736 ό
1413 4691 1504 4736 τοῦ
1543 4682 1812 4736 πολιτικοῦ

232 4769 438 4832 θεσπίζει
474 4779 666 4826 κανών.
701 4777 801 4826 Καὶ
831 4773 890 4826 ού
916 4777 1080 4826 κακία
1111 4781 1265 4825 τοῦτο
1299 4769 1473 4830 δήπου
1501 4779 1592 4824 τοῦ
1631 4770 1808 4843 λόγου,

230 4857 297 4909 ὃτι
319 4857 452 4932 μηδὶ
480 4858 692 4934 σφόδρα
719 4859 1015 4934 βουλομένῳ
1037 4861 1145 4914 οἶόν
1177 4880 1229 4915 τε
1255 4860 1338 4928 ἣν,
1361 4863 1482 4914 ὅσον
1499 4859 1582 4913 ἐπὶ
1607 4867 1812 4934 σεμναῖς

231 4943 420 5012 ἐννοίαις
455 4955 528 5022 μη
576 4947 897 5022 διαίρεσθαι,
945 4951 1022 5012 αἶς
1061 4957 1208 5002 πᾶσα
1253 4953 1591 5022 χριστιανικὴ
1634 4947 1814 5021 ὁμιλία

229 5046 476 5108 κοσμεῖται
508 5055 520 5068 °
565 5040 624 5092 οὗ
663 5044 816 5112 μόνον
842 5037 890 5092 ἓν
929 5037 1320 5112 λογογραφίαις,
1355 5037 1458 5089 αλλ’
1492 5035 1598 5096 ἤδη
1641 5043 1730 5090 καὶ
1765 5035 1811 5089 ἐν

227 5132 278 5194 τῇ
307 5127 472 5189 απλώς
489 5134 733 5202 κοινωνίᾳ
758 5137 849 5181 τού
875 5128 1060 5200 λόγου.
1090 5126 1232 5180 Ὅσα
1259 5131 1384 5199 γὰρ,
1408 5133 1567 5198 φησιν
1710 5147 1808 5201 τωρ

226 5219 308 5275 τῆς
335 5214 662 5278 Ἐκκλησίας.
707 5219 887 5289 σεμνὰ,
923 5218 966 5269 εἰ
988 5235 1068 5278 τις
1108 5214 1261 5291 ἁρετή
1295 5219 1386 5266 καὶ
1413 5217 1558 5275 εἴτις
1587 5217 1808 5280 ἔπαινος,

224 5309 370 5356 ταῦτα
403 5311 493 5359 καὶ
522 5305 816 5378 λογίζεσθε.
868 5305 927 5360 Εἰ
979 5302 1040 5359 δε
1102 5308 1191 5357 καὶ
1231 5305 1363 5378 μετὰ
1401 5308 1494 5363 τὴν
1528 5305 1808 5380 ἱερωσύνην

1923 4594 2002 4650 tia
2031 4591 2384 4658 Christiana,
2407 4604 2517 4644 nec
2537 4588 2597 4643 in
2619 4586 2888 4642 oratione
2906 4582 3162 4656 pedestri
3182 4577 3572 4652 displicuerit.

1921 4685 2189 4754 Namque
2205 4677 2475 4735 Ecclesiae
2495 4691 2769 4732 summus
2790 4678 2990 4730 orator
3005 4672 3173 4727 dicit:
3190 4671 3576 4740 Quaecunque

1920 4770 2190 4843 pulchra.
2217 4768 2264 4823 si
2293 4782 2417 4839 qua
2439 4765 2641 4834 virtus,
2676 4763 2724 4819 si
2744 4778 2868 4835 qua
2906 4761 3040 4816 laus
3077 4757 3423 4830 disciplinae,
3445 4754 3574 4810 haec

1921 4859 2174 4929 cogitate
2201 4855 2496 4928 (Philipp.
2519 4856 2606 4921 ιν,
2631 4855 2704 4909 8ι.
2735 4851 2792 4906 Si
2818 4866 2960 4906 vero
2992 4852 3128 4921 post
3149 4859 3575 4903 munussacer-

1921 4947 2121 5004 dotale
2162 4946 2397 5012 initum,
2431 4941 2730 4998 orationes
2761 4937 3118 5007 elegantiam
3158 4932 3451 5007 poeticam
3482 4947 3576 4988 re-

1920 5035 2140 5100 dolent,
2189 5032 2414 5105 quippe
2445 5046 2582 5102 quie
2613 5027 2784 5084 aliter
2829 5023 3028 5098 politae
3060 5039 3188 5079 esse
3219 5021 3575 5094 nequibant,

1917 5139 2041 5180 non
2067 5127 2156 5178 est
2178 5122 2345 5193 quod
2375 5120 2660 5174 lectorum
2694 5115 2932 5171 veniam
2955 5118 3198 5186 expetas
3218 5110 3383 5166 haud
3409 5111 3574 5181 igno-

1915 5214 2178 5269 rantium
2210 5210 2637 5266 liodicrnarum
2677 5203 3186 5261 declamationum
3219 5201 3575 5257 bacchicum

1916 5303 2178 5359 furorem
2219 5316 2253 5358 ιι
2301 5297 2426 5355 sola
2483 5296 2744 5369 Calliope
2807 5292 3154 5364 oriundum,
3198 5294 3261 5347 ut
3292 5289 3566 5347 omittam

286 5591 358 5664 (1)
393 5594 457 5649 ln
487 5590 877 5672 inscriptione
904 5590 1089 5670 hujus
1120 5606 1208 5650 or.
1237 5589 1404 5674 apud
1435 5588 1644 5656 Band.
1672 5591 1810 5666 Πρὸς

1927 5609 1948 5666 ς
1977 5585 2306 5672 ἀχθομένους
2345 5579 2438 5648 διὰ
2474 5584 2532 5646 τὸ
2564 5574 2968 5662 ἁγιλένδεικτον.
