4152 6208
273 267 392 319 an
1826 265 2124 328 norma.
3544 272 3650 340 ais

267 388 334 456 (ι.
404 387 681 454 πολιτῶν),
748 391 838 439 καὶ
893 388 1140 461 παράπαν
1197 385 1564 459 ἀφαντωθῆναι
1620 385 1890 440 κινδυνεύ-

2015 403 2192 446 manu
2212 389 2537 445 auxiliante
2558 390 2829 464 spiritum
2862 395 3195 464 recuperat.
3225 395 3374 450 Nam
3395 408 3520 452 non
3538 393 3655 450 nisi

261 494 438 542 ουσα,
514 475 675 547 εἰμὴ
755 481 844 526 νῦν
908 474 1166 546 ἀνενέγκοι
1240 479 1428 548 μικρὸν
1493 481 1583 528 καὶ
1661 475 1893 539 συλλέξοι

2011 494 2140 535 cum
2171 494 2356 552 regno
2378 484 2726 536 renascente
2756 479 2889 552 ipsa
2919 480 3154 538 renasci
3182 498 3370 554 posse
3400 481 3651 538 videtur.

257 572 511 636 πνεῦμα,
565 566 708 637 παρὰ
772 571 862 624 τῆς
906 563 1289 638 μεγαλουργοῦς
1338 569 1429 616 καὶ
1477 561 1893 628 πλουτοδότιδος

262 651 747 726 ἀναλαμϐανομένη
822 649 1016 722 δεξιᾶς,
1079 659 1169 706 καὶ
1215 655 1348 726 μετά
1389 661 1485 714 τῆς
1541 662 1717 726 κοινῆς
1767 653 1892 706 ἀνα-

262 744 498 807 ζὼσεως
528 742 820 797 ἀπολαύσοι
845 749 934 796 καὶ
970 740 1110 804 ἰδίας
1139 742 1482 816 ἐμπνεῦσεως.

345 835 524 888 Hanc
544 832 883 905 panegyrin
907 831 1187 888 undecim
1211 832 1478 905 epistolae
1509 835 1864 906 sequuntur.

343 923 492 988 Χιν,
535 939 596 994 ρ.
643 925 734 978 73.
780 920 1084 992 Ἐπιταφίος
1112 921 1178 981 εἰς
1215 925 1302 972 τὸν
1333 927 1627 996 μακαρίτην
1668 917 2093 994 ἀρχιμανδρίτην
2132 929 2230 972 τῶν
2255 919 2304 972 ἐν
2339 921 2580 984 Ἀθήναις
2609 927 2974 1000 μοναστηρίων
3002 925 3179 992 κύριον
3209 929 3486 998 Νέοφυτον.
3513 927 3638 982 Inc.

263 1010 329 1062 Εἰ
360 1016 464 1062 καὶ
497 1010 732 1083 Σολομῶν
763 1012 854 1082 ἔφη
888 1029 988 1061 που
1019 1013 1384 1082 γνωματεῦων.
1412 1010 1536 1066 Fin.
1568 1009 1637 1062 Ἦ
1665 1015 1908 1085 πρότερον
1936 1009 2242 1082 ἱλεούμενος.

339 1099 494 1155 Post
522 1099 654 1155 haec
684 1098 874 1155 codex
895 1099 1225 1154 orationem
1249 1097 1565 1154 funebrem
1590 1098 1652 1154 in
1682 1098 2202 1171 archiepiscopum
2231 1099 2826 1157 Thessalonicensem
2855 1101 3226 1158 Eustathium
3254 1101 3512 1158 exhibet.
3530 1104 3646 1164 Sed

260 1204 342 1244 ne
364 1188 655 1245 ordinem
684 1189 1028 1259 temporum
1065 1187 1508 1259 perturbemus,
1543 1187 1828 1260 epistolas
1853 1203 1958 1243 sex
1981 1187 2058 1243 ad
2077 1187 2542 1246 illustrissimum
2564 1189 2731 1248 illum
2759 1189 3033 1246 Ecclesiae
3064 1191 3386 1248 antistitem
3417 1193 3644 1256 missas

260 1277 413 1334 huic
446 1277 586 1334 loco
605 1276 948 1346 inserimus.
980 1281 1140 1332 textu
1162 1278 1364 1332 Graeco
1392 1275 1682 1332 eTafellio
1715 1281 1962 1348 sumpto
1998 1277 2106 1349 (α).

343 1369 464 1438 XV,
497 1381 561 1439 ρ.
589 1368 682 1434 78,
711 1365 776 1421 δ.
802 1362 1052 1437 Μονῳδία
1081 1366 1153 1428 εἰς
1177 1369 1264 1418 τὸν
1291 1365 1581 1436 ἁγιώτατον
1604 1365 1995 1426 Θεσσαλονίκης
2013 1369 2168 1439 κῦρον
2202 1365 2507 1421 Εὑστςὶθιον.

337 1457 482 1524 XVI,
513 1471 577 1528 p.
607 1458 697 1510 86.
729 1454 1144 1527 Ὑπομνηστικὸν
1178 1456 1248 1516 εἰς
1273 1459 1361 1508 τὸν
1384 1453 1609 1528 βασιλέα
1633 1459 1750 1530 κύρ.
1777 1454 2002 1518 Ἀλεξιον
2027 1460 2112 1506 τὸν
2155 1461 2436 1527 Κομνηνόν.

339 1541 681 1602 Honendus
710 1544 820 1600 erit
847 1544 1032 1601 lector
1059 1549 1126 1600 ut
1158 1545 1344 1600 hocce
1368 1547 1658 1616 scriptum
1686 1545 1762 1600 ad
1796 1543 2068 1600 Alexium
2111 1547 2174 1598 Ill
2209 1544 2498 1612 Angelum
2544 1547 2965 1602 tantummodo
3004 1545 3237 1614 referat,
3270 1547 3374 1616 qui
3407 1550 3650 1604 auctore

269 1633 482 1690 Niceta
498 1633 682 1703 (Hist.
703 1647 765 1704 p.
793 1636 900 1689 295
934 1635 1016 1702 Β),
1051 1637 1378 1707 postquam
1410 1632 1654 1690 fratrem
1686 1647 1873 1704 regno
1902 1631 2239 1704 spoliasset,
2275 1632 2400 1687 sive
2416 1633 2688 1702 ejusdem
2722 1633 2882 1701 odio,
2917 1633 3043 1689 sive
3067 1635 3233 1707 quod
3256 1650 3477 1690 nomen
3508 1650 3650 1704 gen-

266 1724 370 1789 tis,
400 1738 541 1796 quaa
570 1738 678 1795 per
715 1737 912 1778 annos
949 1737 1138 1794 supra
1167 1728 1408 1779 centum
1447 1737 1784 1794 purpuram
1816 1725 2172 1792 gestaverat,
2233 1725 2290 1774 et
2330 1719 2488 1776 unde
2529 1722 2654 1792 ipse
2684 1737 2791 1793 per
2819 1728 3073 1778 matrem
3103 1711 3282 1778 tortus
3307 1729 3452 1794 erat,
3478 1723 3650 1778 nobi.

267 1810 388 1867 lius
418 1811 670 1875 ducens,
699 1811 987 1866 Comneni
1016 1825 1241 1866 nomen
1273 1811 1645 1884 adoptasset.
1678 1813 1746 1866 Ut
1769 1825 1980 1865 verum
2001 1808 2296 1866 dicamus.
2328 1809 2403 1863 de
2435 1808 2638 1865 Alexio
2661 1810 2894 1882 llimp.,
2917 1811 3021 1884 qui
3053 1826 3214 1867 anno
3245 1811 3379 1868 1183
3409 1817 3645 1870 sextum

273 1899 586 1955 decimum
619 1913 809 1969 agens
848 1914 1077 1954 annum
1124 1897 1470 1955 interfectus
1510 1903 1616 1968 est,
1675 1899 1790 1954 hoc
1833 1896 1963 1953 loco
2001 1896 2262 1964 cogitare
2316 1896 2481 1952 haud
2533 1896 2687 1966 licet,
2738 1899 2903 1970 quod
2948 1899 3099 1954 ordo
3157 1899 3640 1972 chronologicus,

270 2003 456 2060 quem
488 1986 732 2044 Michael
753 2003 1068 2059 nunquam
1087 2003 1210 2042 non
1241 1987 1520 2058 religiose
1551 1987 1828 2052 servavit,
1856 1985 2694 2055 ejusmodimonogrammate
2718 1986 3074 2042 turbaretur.
3101 1990 3181 2043 De
3205 1987 3409 2046 Alexio
3439 1993 3642 2044 autem

271 2078 319 2130 ν
341 2081 444 2132 aut
469 2077 537 2130 Vl
570 2090 767 2131 sermo
797 2091 938 2132 esse
962 2090 1084 2132 non
1124 2081 1340 2148 potest,
1373 2076 1518 2148 quia
1543 2091 1848 2148 nusquam
1865 2073 2152 2131 Comneni
2184 2089 2406 2129 nomen
2444 2079 2921 2146 assumpserunt,
2950 2075 3141 2146 gentis
3169 2076 3415 2132 nomine
3435 2075 3643 2145 Angeli

275 2169 340 2220 et
373 2167 547 2219 Duce
586 2163 881 2230 contenti;
913 2163 1038 2218 imo
1057 2178 1198 2218 vero
1227 2163 1420 2218 simile
1450 2167 1542 2218 est
1577 2163 1653 2218 de
1691 2161 1962 2234 ipsorum
1983 2177 2168 2234 regno
2197 2161 2362 2217 brevi
2384 2177 2577 2234 eoque
2603 2162 2988 2218 tumultuario
3016 2163 3404 2228 Athenienses
3425 2179 3644 2236 parum

281 2267 546 2308 curasse.
573 2253 706 2307 Pius
737 2256 943 2307 noster
964 2251 1475 2324 archiepiscopus,
1503 2267 1684 2324 quem
1706 2249 2166 2306 Atheniensibus
2188 2265 2224 2305 a
2249 2248 2430 2304 feroci
2453 2250 2643 2319 Sguro
2691 2249 2957 2305 obsessis
2985 2265 3415 2332 quamcunque
3441 2256 3649 2328 posset

295 2354 473 2410 opem
500 2354 610 2410 pro
637 2338 783 2394 virili
815 2343 985 2410 parte
1032 2339 1236 2396 tulisse
1266 2339 1554 2406 vidimus,
1605 2338 1721 2394 hoc
1769 2338 1900 2411 ipso
1953 2337 2177 2393 christo
2224 2336 2600 2393 demonstrat
2629 2352 2691 2393 se
2717 2353 2751 2392 a
2783 2337 2969 2392 sacris
3000 2337 3125 2400 suis
3155 2336 3646 2394 meditationibus

291 2441 418 2482 non
444 2427 658 2482 eumin
682 2427 926 2482 modum
951 2426 1312 2500 absorptum
1343 2427 1550 2496 fuisse,
1593 2433 1656 2482 ut
1699 2427 1922 2482 civium
1961 2441 2208 2480 suorum
2239 2425 2492 2480 salutem
2523 2441 2594 2480 ac
2615 2425 3071 2497 prosperitatem
3101 2441 3173 2490 ex
3201 2425 3393 2481 oculis
3426 2427 3647 2483 amise-

287 2513 388 2570 rit.
415 2513 584 2578 Quod
614 2513 931 2570 dictionem
989 2515 1252 2570 auctoris
1301 2515 1491 2570 nostri
1519 2515 1747 2583 attinet,
1779 2519 1836 2570 et
1877 2529 2064 2586 quam
2105 2513 2271 2585 justo
2315 2513 2688 2569 devoliorem
2715 2513 2932 2586 aliquis
2958 2513 3192 2579 dixerit,
3221 2515 3564 2570 memineris
3587 2509 3649 2586 in

281 2600 567 2656 omnibus
607 2617 741 2672 quas
797 2601 878 2657 ad
922 2602 1316 2674 imperatores
1356 2603 1704 2676 suppliciter
1767 2601 2184 2670 scriberentur,
2217 2616 2523 2656 summam
2569 2616 2810 2672 semper
2853 2599 3247 2657 humilitatem
3294 2602 3647 2675 requisitam

272 2685 482 2744 fuisse.
513 2687 580 2744 Id
609 2694 811 2745 autem
838 2688 1086 2746 minime
1117 2689 1350 2746 silentio
1376 2691 1486 2746 erit
1513 2690 1997 2763 praetereundum
2029 2689 2376 2746 Michaelem
2405 2705 2507 2745 ore
2549 2689 2857 2745 liberrimo
2883 2689 3309 2762 imperatorem
3333 2689 3408 2746 de
3437 2695 3648 2764 prasto-

273 2793 409 2832 rum
441 2792 514 2832 ae
545 2779 1011 2847 magistratuum
1041 2778 1545 2834 concussionibus
1577 2785 1634 2835 et
1661 2779 1838 2835 malis
1861 2777 2092 2834 artibus
2117 2777 2450 2844 monuisse,
2483 2777 2542 2834 id
2574 2777 2740 2851 quod
2764 2777 2984 2834 nostris
3003 2778 3251 2850 quidem
3275 2779 3647 2851 temporibus

267 2864 675 2936 iniquioribus
699 2871 858 2921 certe
888 2866 1137 2922 auribus
1158 2868 1556 2939 acciperetur.
1577 2867 1663 2922 Ad
1683 2867 1986 2939 politicam
2019 2867 2266 2939 quidem
2290 2867 2656 2922 Athenarum
2688 2865 2999 2922 historiam
3029 2865 3445 2923 illustrandam
3473 2866 3646 2923 libel-

265 2951 362 3008 lus
392 2968 666 3024 praesens
687 2954 829 3027 plus
857 2969 1042 3027 quam
1075 2955 1153 3010 ad
1181 2955 1468 3010 Eustathii
1498 2954 1844 3012 litterariam
1885 2954 2336 3012 dilucidandam
2379 2954 2784 3019 contribuerit,
2832 2955 3058 3027 quippe
3086 2970 3223 3026 qua:
3249 2954 3424 3009 nobis
3442 2971 3641 3010 mons-

265 3046 402 3108 trat,
435 3047 634 3098 certas
662 3043 908 3100 Athenis
938 3043 1351 3099 immunitates
1376 3043 1558 3098 fuisse
1582 3059 1705 3099 non
1746 3045 2118 3116 spernendas
2147 3059 2284 3116 quae
2310 3043 2365 3098 vi
2383 3048 2709 3115 praetorum
2743 3043 3087 3116 usurpativa
3108 3042 3332 3098 nefarie
3354 3041 3642 3099 laederen-

265 3133 379 3186 tur.
427 3129 715 3194 Dietionis
743 3130 960 3186 deinde
992 3130 1346 3188 Michaelicaa
1385 3131 1700 3188 barbaries
1753 3137 1810 3187 et
1847 3131 2184 3187 obscuritas
2212 3130 2569 3200 gravissima
2593 3131 2651 3186 in
2681 3129 2860 3186 aliam
2889 3129 3162 3200 linguam
3191 3129 3643 3188 traducentibus

259 3216 592 3280 obstacula
610 3219 906 3291 praebent.
940 3223 1101 3276 Hanc
1131 3219 1626 3292 scriptiunculam
1648 3221 1708 3276 in
1743 3220 1948 3276 codice
1989 3218 2384 3278 Laurentiano
2416 3218 2747 3274 octodecim
2777 3217 3040 3290 epistolae
3070 3223 3426 3290 sequuntur.

341 3306 507 3373 XVII,
538 3323 601 3379 p.
625 3310 716 3365 93.
745 3314 1116 3380 Προσφὼνημα
1146 3308 1214 3370 εἰς
1243 3313 1330 3360 τὸν
1359 3305 1772 3380 γυναικάιῖελφον
1824 3315 1917 3361 τοῦ
1953 3305 2212 3381 βασιλέως
2255 3307 2522 3361 Βασίλειον
2551 3311 2639 3360 τὸν
2679 3311 2964 3380 Κομνηνόν.
2999 3306 3120 3362 Inc.
3161 3309 3260 3360 Τὸν
3285 3306 3643 3380 μεγαλουργὸν

255 3393 552 3466 Ἠρακλῆν.
585 3395 711 3451 Fin.
743 3403 847 3457 Τῆς
876 3403 1130 3468 μετεώρου
1146 3395 1363 3468 λυχνίας
1383 3405 1482 3449 τῶν
1508 3395 1824 3470 ἀνακτόρων.

340 3483 533 3548 XVIII,
557 3499 618 3556 p.
647 3487 734 3554 98,
761 3484 824 3542 b.
858 3490 1226 3558 Προσφώνημα
1255 3481 1328 3546 εἰς
1354 3489 1443 3537 τὸν
1481 3489 1644 3558 μέγαν
1673 3488 1866 3538 Δούκαν
1896 3488 1980 3537 τὸν

2015 3489 2290 3559 Στρυφνόν.
2324 3484 2445 3540 Inc.
2481 3481 2630 3538 Ἐδιι
2655 3488 2746 3557 μὲν
2773 3481 3207 3557 διαμεμενηκέναι
3237 3481 3478 3544 Ἀθήνας.
3513 3482 3638 3538 Fin.

261 3576 372 3637 Καὶ
390 3577 526 3645 πρὸς
555 3577 671 3634 τοὺς
699 3572 866 3627 ἐκεῖσε
889 3573 1162 3645 γαληνίους
1181 3573 1390 3647 λιμένας
1420 3575 1846 3649 μεθορμίζοντος.
1871 3575 1901 3628 Ρ

1999 3579 2172 3628 θνεηια
2195 3573 2379 3643 huius
2400 3574 2786 3630 allocutionis
2816 3574 3138 3629 recentiori
3152 3587 3338 3628 manu
3361 3572 3639 3642 suppleta

255 3665 408 3716 sunt
434 3667 689 3730 propter
715 3664 894 3718 uni-us
911 3664 1056 3733 folii
1081 3663 1379 3732 defectum
1429 3669 1570 3720 ante
1584 3679 1728 3732 pay.
1767 3667 1886 3725 104,

1999 3663 2089 3729 ius
2111 3667 2433 3731 propterea
2455 3663 2657 3732 prima
2696 3661 2875 3718 verba
2903 3669 2966 3734 τῇ
3002 3659 3130 3730 δόξῃ
3153 3683 3166 3695 -
3200 3657 3560 3733 δεδοξασμένα
3581 3655 3639 3712 δὲ

257 3750 412 3821 ὅμως
437 3751 612 3802 πάντα
633 3749 747 3805 κτλ.
780 3767 896 3822 quo
919 3753 1263 3820 pertineant
1289 3754 1674 3822 ignoramus;
1703 3752 1920 3807 ultima
1952 3755 2149 3805 tamen
2179 3765 2299 3807 esse
2335 3752 2598 3820 alicujus
2630 3750 2914 3816 homiliae,
2946 3755 3112 3820 patet
3140 3765 3216 3808 ea:
3239 3750 3636 3822 conclusione,

259 3853 400 3909 qua:
427 3839 519 3893 ita
545 3839 724 3895 habet
758 3856 772 3892 :
795 3840 890 3892 Ὧν
917 3839 964 3892 ἂν
986 3839 1184 3912 μεθέξει
1212 3845 1302 3893 καὶ
1331 3841 1481 3911 ἠμείς
1510 3841 1832 3914 εῦρεθείημιν
1853 3835 1884 3890 δ
1893 3859 1899 3888 ι

1401 3847 1481 3900 ιείς
1510 3841 1832 3914 εῦρεθείημιν
1853 3835 1946 3890 διὰ
1976 3838 2153 3895 Ἰησοῦ
2178 3846 2436 3913 Χριστοῦ,
2459 3841 2570 3892 κτλ·
2601 3843 2829 3908 BANDIN,
2860 3856 2922 3911 p.
2953 3843 3041 3896 15.

337 3926 808 3991 Quatuordecim
842 3927 1108 3998 epistolae
1151 3943 1273 3984 non
1303 3928 1471 3998 parvi
1509 3927 1820 3992 momenti,
1866 3926 2167 3998 siquidem
2208 3945 2410 3985 rerum
2461 3929 2884 3997 maximarum,
2910 3943 3169 4000 quarum
3203 3926 3448 3983 Michael
3470 3924 3636 3981 testis

258 4013 396 4083 fuit,
429 4019 494 4070 ut
514 4015 1064 4088 Constantinopolis
1094 4021 1303 4088 captaa,
1331 4014 1470 4086 belli
1498 4020 1710 4072 contra
1739 4017 1994 4085 Sgurum
2017 4021 2078 4072 et
2103 4017 2340 4074 Latinos
2363 4017 2536 4086 gesti,
2565 4017 2822 4073 auctoris
2851 4015 3040 4071 exsilii
3067 4031 3260 4087 usque
3286 4015 3363 4072 ad
3385 4017 3638 4070 mortem

260 4101 467 4159 fratris
486 4101 854 4160 documenta
879 4104 1183 4160 exhibent.

333 4193 470 4260 XIX,
500 4207 562 4264 p.
599 4195 720 4257 “6,
752 4191 815 4247 h.
844 4189 1098 4246 Μονωδία
1144 4192 1217 4254 εἰς
1261 4196 1348 4244 τὸν
1380 4189 1600 4264 ἀδελφὸν
1632 4191 1792 4244 αὐτοῦ
1824 4195 2003 4266 κύριον
2041 4197 2277 4250 Νικήταν
2306 4195 2393 4243 τὸν
2431 4193 2728 4248 Χωνιοίτην.
2769 4191 2889 4247 Inc.
2921 4191 2993 4243 Ὠ
3031 4195 3260 4264 πονηρᾶς
3307 4187 3574 4261 ἀγγελίας,
3599 4187 3639 4239 ὦ

269 4286 464 4352 πικρᾶς
491 4277 753 4348 ἆκοῆςπες
783 4278 1054 4343 ἀδοκήτως
1079 4301 1171 4355 μοι
1203 4280 1556 4343 ἕπιπισοῦσης
1585 4278 1695 4334 ὦτα
1724 4284 1814 4354 μὲν
1846 4280 2046 4355 ἀθρόως
2081 4278 2527 4353 περιϐομϐηθέντα
2551 4278 2817 4352 ἀμφοτέρα
2838 4278 3052 4352 ﬁxum!
3104 4279 3152 4335 0
3179 4278 3460 4335 acerbum
3487 4293 3638 4333 nun—

262 4371 418 4424 tium
444 4385 520 4425 ac
545 4371 970 4440 tristissimum,
1005 4386 1121 4442 quo
1151 4386 1332 4428 aures
1361 4385 1506 4426 mea?
1535 4371 1688 4426 mire
1717 4376 2022 4426 resonant.

334 4458 622 4529 Superest
650 4457 780 4513 haec
809 4458 1000 4514 oratio
1023 4457 1291 4514 funebris
1320 4458 1382 4513 in
1423 4459 1698 4514 Latinum
1734 4457 1950 4514 tradita
1998 4473 2338 4514 sermonem
2372 4473 2408 4514 a
2447 4460 2617 4513 Petro
2643 4457 2922 4520 Morellio,
2955 4460 3014 4514 et
3036 4455 3252 4526 legitur
3274 4457 3334 4514 in
3372 4455 3644 4511 Historia

259 4560 471 4601 rerum
502 4546 568 4600 in
599 4545 840 4602 Oriente
862 4553 1193 4617 gestarum,
1228 4546 1504 4603 Francof.
1535 4549 1670 4604 1568
1701 4553 1756 4602 et
1777 4546 1840 4602 in
1867 4545 2241 4602 Bibliothecis
2274 4549 2376 4602 PP.
2405 4549 2540 4602 Post
2565 4545 2904 4604 Monodiam
2935 4548 3006 4601 78
3029 4544 3294 4618 epistolae
3314 4544 3592 4613 leguntur
3623 4560 3637 4598 :

335 4636 517 4706 XX,p.
543 4634 983 4709 164.Προθιωρία
1012 4634 1079 4696 εἰς
1107 4641 1230 4696 τοῦς
1249 4633 1352 4687 ἀπὸ
1373 4634 1561 4706 ψυχῆς
1581 4639 1671 4686 καὶ
1703 4640 1940 4708 σώματος
1958 4635 2166 4706 λόγους.
2202 4638 2314 4691 lnc.
2347 4639 2451 4694 Τὴν
2473 4642 2564 4687 τοῦ
2589 4633 2802 4706 λογικοῦ
2830 4639 3019 4710 μέρους
3044 4643 3134 4695 τῆς
3148 4632 3335 4705 ψυχῆς
3361 4629 3636 4705 διαφοράν.

264 4723 393 4782 Fin.
420 4730 602 4776 Ταῦτα
631 4720 738 4776 ἔδει
766 4725 1218 4799 προθεωρηθῆναι,
1250 4730 1340 4776 καὶ
1368 4720 1432 4783 δὴ
1463 4726 1898 4798 προτεθεὼρηται.

1995 4741 2025 4780 x
2069 4723 2461 4779 orat.animaa
2497 4739 2509 4776 :
2542 4722 2601 4776 Εἰ
2643 4725 2732 4795 μὲν
2776 4722 2899 4796 παρ’
2949 4722 3120 4783 αλλοις
3175 4721 3269 4773 οὐκ
3316 4717 3513 4772 εἰδόσιν
3556 4717 3635 4770 ἐπ’

262 4811 494 4887 ἀκριϐες,
530 4818 624 4870 τὴν
641 4813 756 4864 κατ’
787 4811 913 4884 ἐμοῦ
935 4809 1174 4888 ἐπήρειαν
1204 4821 1295 4864 τοῦ
1324 4813 1590 4884 συζυγοῦς
1617 4819 1730 4866 τότε
1762 4819 1902 4886 σώμο

1993 4834 2014 4869 ;.
2055 4813 2176 4868 Fin.
2212 4812 2288 4864 Δι’
2325 4813 2467 4883 ὑμῶν
2497 4811 2612 4870 κτλ,
2647 4840 2706 4851 -
2749 4811 2810 4864 Ρ.
2848 4813 2970 4866 169.
2995 4813 3075 4866 Ex
3113 4815 3264 4866 orat.
3313 4806 3582 4878 corporis
3619 4821 3633 4860 :

258 4901 434 4959 Ὀσην
447 4905 539 4974 μὲν
568 4899 665 4976 ῦϐρ
675 4922 718 4952 ιν
741 4906 834 4954 καὶ
862 4899 1129 4976 λοιδορίαν
1146 4905 1234 4954 καὶ
1251 4901 1405 4960 ὀλίκα
1427 4908 1723 4974 σκώμματα
1734 4902 1966 4976 ξυμφορή
1979 4920 2119 4953 σασα
2130 4903 2348 4972 κατέχεε
2357 4919 2458 4972 μου
2475 4900 2505 4957 ἡ
2530 4901 2687 4971 σεμνὴ
2706 4897 2884 4969 ψυχή.
2897 4898 3196 4969 ﬁmi/apo;
3207 4900 3295 4948 καὶ
3306 4897 3372 4947 τὰ
3383 4897 3637 4970 πρακτέα²

261 4995 352 5042 καὶ
379 4995 454 5063 μὴ
490 4987 830 5064 διορίζουσα.
862 5021 932 5030 —
962 4993 1021 5047 P.
1054 4994 1174 5045 176.
1205 4989 1265 5042 Ἥ
1299 4986 1572 5050 διαίτησις
1601 4997 1700 5041 τῶν
1723 4986 2008 5044 δικαστῶν.
2053 4989 2171 5044 lnc.
2205 4985 2520 5062 Ἐπειδὴπερ
2548 4989 2638 5038 καὶ
2663 4984 2961 5060 ἀμφοτέρων
2989 4989 3111 5048 τοὺς
3139 4984 3321 5057 λόγους
3342 4985 3640 5057 ἠκούσαμεν

262 5079 360 5132 ἀνὰ
389 5084 567 5152 μέρος.
603 5079 728 5135 Fin.
758 5079 846 5140 Εἰς
874 5083 968 5137 τὴν
998 5083 1188 5153 χώραν
1211 5085 1308 5130 τῶν
1336 5076 1536 5130 ἀσεϐῶν
1564 5076 1902 5150 ἀπενεχθῆνακ

943 5099 968 5130 ν
998 5083 1188 5153 χώραν
1211 5085 1308 5130 τῶν
1336 5076 1536 5130 ἀσεϐῶν
1564 5076 1916 5150 ἀπενεχθῆναι
1947 5077 1997 5130 ἐν
2018 5085 2235 5152 Χριστῷ
2269 5079 2447 5136 Ἰησοῦ
2472 5075 2581 5131 κτλ.

331 5169 569 5224 Prolixa
607 5168 738 5224 haec
768 5176 825 5224 et
853 5167 1121 5240 absurda
1168 5169 1617 5237 Prosopoprria,
1663 5183 1851 5239 quam
1894 5165 2188 5224 Morellius
2230 5165 2529 5234 nominat,
2579 5180 2702 5222 non
2735 5163 3079 5222 Michaelem
3100 5167 3408 5220 auctorem
3435 5161 3640 5226 habet,

259 5257 368 5314 sed
400 5257 756 5326 Gregorium
785 5255 1116 5323 Palamam,
1149 5255 1418 5327 archiep.
1457 5255 1747 5323 Thessal.,
1788 5255 1893 5327 qui
1933 5253 2096 5327 apud
2149 5253 2484 5310 Catholicos
2529 5257 2831 5309 Romanos
2869 5253 3170 5308 haereseos
3205 5254 3515 5324 promotor
3539 5265 3642 5305 au-

260 5345 490 5402 diebat:
511 5345 684 5402 Tales
707 5344 869 5401 enim
903 5344 1270 5410 Michaelem,
1308 5359 1513 5400 senem
1536 5344 1978 5414 calamitosum,
2029 5343 2090 5398 in
2147 5342 2353 5398 animo
2409 5342 2667 5414 pueriles
2719 5341 2896 5398 ludos
2950 5341 3208 5412 agitasse
3232 5339 3409 5412 longe
3439 5353 3476 5394 a
3499 5352 3640 5393 vero

261 5435 570 5492 abhorret.

335 5523 468 5594 XXI,
503 5538 569 5596 p.
615 5528 736 5579 177.
759 5529 863 5575 Τοῦ
885 5521 1046 5574 αὐτοῦ
1078 5517 1298 5594 σχέδος.
1331 5524 1447 5578 Inc.
1481 5520 1541 5574 Εἰ
1570 5525 1660 5574 καὶ
1700 5524 1773 5594 μὴ
1801 5524 1975 5595 χρόνιι

2009 5539 2025 5589 ;
2053 5517 2115 5579 ἦν
2137 5517 2185 5572 ἐν
2205 5527 2272 5592 γῇ
2308 5517 2610 5594 βαρϐάρων.
2643 5518 2812 5576 Adde
2841 5518 3039 5576 locum
3071 5515 3348 5575 mutilum
3378 5533 3391 5571 :
3426 5515 3637 5570 Οὑτωσὶ

261 5611 590 5684 εἰσεκώμασε
615 5619 678 5683 τῇ
714 5607 962 5684 βασιλίδι
981 5618 1080 5664 τῶν
1100 5610 1313 5678 πόλεων,
1339 5615 1426 5664 καὶ
1455 5612 1514 5664 τὸ
1548 5614 1775 5682 μήπω...

313 5699 378 5759 (ι)
403 5697 648 5748 ωομεν.
671 5698 844 5768 scripta
871 5697 993 5744 intra
1013 5697 1325 5756 colligemus:
1351 5695 1458 5743 ideo
1486 5697 1649 5742 titulos
1671 5695 1748 5741 hic
1770 5698 1954 5742 tantum
1971 5694 2269 5742 exhibemus.
2296 5695 2433 5740 Bnr'r.
2456 5697 2604 5742 Pan.
