4152 6208
216 264 330 323 321
1760 251 2062 322 ΝΟΤΙΤΙΑ.
3493 259 3602 333 θῇ

212 397 291 460 τῷ
328 387 621 462 Είρῃνικῷ.
641 416 715 431 -
734 394 818 461 Τῷ
846 388 1077 464 Εὐρίπου
1115 405 1233 462 κνρ.
1271 383 1550 463 Θεοδώρῳ.
1572 416 1642 429 -
1669 392 1753 460 Τῷ
1777 391 2046 465 κρατίστῳ
2084 407 2204 464 κνρ.
2231 385 2490 466 Θεοδώρῳ
2519 389 2590 464 τῷ
2621 392 2811 464 Δούκᾳ.
2837 419 2907 434 --
2925 397 3009 464 Τῷ
3045 391 3436 470 Βελισσαριώτῃ
3477 416 3596 472 κυρ.

210 476 468 550 ’ῐωάννῃο
490 509 563 521 --
588 485 672 550 Τῷ
695 476 884 539 Θηϐῶν
923 498 1043 553 κυρ.
1071 477 1306 550 Ἰωάννῃ.
1329 507 1398 518 -
1426 481 1511 548 Τῷ
1535 477 1928 542 Θεσσαλονίκης
1954 498 2075 554 κνρ.
2100 479 2331 555 Ἰωάννῃ.
2367 509 2434 522 -
2471 478 2555 554 Τῷ
2595 487 3043 558 παρακοιμωμένῳ
3076 483 3211 557 (10⁸)
3242 504 3361 560 κυρ.
3391 485 3596 562 Ἰωάννῃ

209 573 289 638 τῷ
321 568 530 626 ἠονοπό
566 569 734 639 (ντῳ).
767 599 837 609 -
873 573 959 639 Τῷ
979 566 1119 638 καλῷ
1149 573 1315 641 καιρῷ
1343 585 1463 640 κυρ.
1499 565 1731 642 Ἰωάννῃ.
1755 575 1922 640 -Τῷ
1949 571 2271 623 Ναυπάκτου
2308 589 2428 646 κυρ.
2459 570 2688 644 Ἰωάννῃ.
2712 604 2781 612 —
2810 578 2893 644 Τῷ
2921 575 3296 647 καθηγουμίνῳ
3331 583 3423 628 τοῦ
3445 575 3600 649 ἁγίου

212 658 482 709 Μελετίον
511 676 630 732 κνρ.
669 657 985 729 Ἰωστννικίῳ.
1011 688 1080 699 —
1102 663 1186 729 Τῷ
1225 657 1598 730 καθηγονμένῳ
1619 664 1716 720 τῆς
1745 677 1852 731 μον]

1959 660 2052 730 li)
2075 665 2166 711 τοῦ
2190 677 2318 718 κυνη
2344 658 2504 733 (yicta)
2529 668 2627 712 τῶν
2664 659 2975 734 φιλοσόφων.
3005 691 3074 703 —-
3105 667 3189 734 T93
3218 665 3599 738 καθηγουμένῳ

212 752 318 796 τῶν
359 743 528 816 ἁγίων
558 745 898 819 ὁμολογιτῶν.
927 777 996 786 -
1019 751 1103 817 Τῷ
1131 746 1506 817 καθηγουμένῳ
1534 753 1634 807 τῆς
1664 744 1955 821 σεϐασμίας
1991 757 2154 821 μονῆς
2173 757 2269 812 τῆς
2300 755 2678 825 Καισαριανῆς,
2707 781 2777 790 -
2803 756 2887 821 Τῷ
2909 755 3458 829 πανεντιμονπερτάτῳ
3481 755 3599 827 θείῳ

215 840 312 885 τοῦ
355 831 626 906 βασιλέως
655 838 1052 908 Κασταμονίτῃ.
1092 865 1160 876 —
1188 840 1272 906 Τῷ
1313 837 1574 907 Πηγονίτῃ
1605 853 1722 909 κυρ.
1761 843 2156 911 Κωνσταντίνῳ.
2186 844 2363 909 -Τῷ
2395 837 2768 911 θεοφιλεστάτῳ
2816 842 3091 914 σπαύαρίῳ
3130 840 3244 913 (l2)
3289 861 3406 918 κυρ.
3453 849 3600 897 Κων-

218 927 516 995 σταντίνῳ,
539 954 609 964 —-
653 930 737 996 Τῷ
777 922 863 978 ἐπὶ
886 932 983 985 τῆς
1009 924 1147 998 ἱερᾶς
1176 921 1430 985 σακέλλης
1469 922 1589 995 (13)
1616 943 1738 1000 κνρ.
1783 931 2154 1000 Κωνσταντίνῳ
2184 935 2257 998 τῷ
2299 932 2728 1001 Μεσοποταμίτῃ.
2757 959 2826 969 -
2855 933 2938 999 Τῷ
2966 927 3211 1004 λογοθέτῃ
3265 938 3356 984 τοῦ
3400 926 3602 1006 δρόμον

215 1030 341 1086 κνρ.
367 1017 760 1086 Κωνσταντίνῳ
787 1021 860 1086 τῷ
898 1017 1146 1088 Τορνίκῃ.
1171 1043 1240 1054 -
1276 1018 1360 1085 Τῷ
1393 1017 1606 1088 Κρήτης
1637 1011 1894 1089 ἀρχιερεῖ.
1925 1045 1995 1056 -
2022 1021 2106 1086 Τῷ
2148 1015 2360 1089 βασιλεῖ
2387 1023 2478 1078 τῆς
2508 1015 2784 1079 Ἀνατολῆς
2803 1025 2876 1090 τῷ
2907 1021 3194 1094 Λασκάριι.
3219 1050 3287 1060 ——
3305 1026 3390 1073 Τῶ
3427 1021 3604 1075 cimu-

215 1110 418 1174 μανικῷ
445 1104 759 1178 πατριάρχῃ
785 1121 909 1179 κνρ.
933 1107 1158 1174 Λεοντίῳ
1183 1101 1328 1175 (14).
1361 1131 1432 1146 —-
1459 1108 1544 1174 Τῷ
1576 1103 1848 1176 ὀσιωτάτῳ
1873 1111 2095 1178 μοναχῷ
2121 1123 2240 1179 κυρ.
2283 1111 2484 1177 Λονκᾷ.
2512 1138 2581 1147 -
2619 1111 2704 1178 Τῷ
2731 1103 3128 1180 ἀρχιμανδρίτῃ
3151 1127 3271 1183 κυρ.
3297 1114 3596 1182 Λουκιανῷ.

216 1221 290 1232 -
311 1195 404 1263 Τῷ
436 1193 818 1266 καθηγουμένῳ
848 1200 943 1254 τῆς
965 1200 1124 1265 μονῆς
1148 1199 1242 1245 τοῦ
1271 1186 1548 1246 στονδείον
1597 1211 1717 1268 acup.
1751 1199 2046 1265 Λουκιανῷ.
2079 1223 2142 1235 -—
2172 1201 2256 1267 Τῷ
2288 1194 2474 1254 Θηϐῶν
2523 1215 2641 1272 κυρ.
2680 1195 2952 1255 Μανονὴλ.
2985 1228 3056 1237 —
3083 1203 3167 1269 T93
3216 1196 3456 1270 σεϐαστῷ
3483 1218 3605 1276 κυρ.

218 1280 481 1340 Maroni)
509 1285 600 1334 τὸν
627 1279 827 1336 Talia.
867 1312 938 1322 —
973 1287 1058 1353 Τῷ
1089 1279 1303 1356 Βιριϐὁῃ
1331 1299 1452 1356 κυρ.
1487 1281 1756 1340 Mercuri).
1783 1313 1852 1324 -—

1989 1286 2294 1360 πατριάρχῃ
2336 1304 2457 1359 κυρ.
2489 1285 2757 1344 Μανονήλ.
2782 1316 2851 1328 -
2896 1291 2980 1357 Τῷ
3031 1288 3406 1359 πανοσιωτάτῳ
3433 1290 3604 1346 καθη·

219 1373 469 1442 Ὶονμένω
493 1379 588 1432 τῆς
621 1369 917 1444 σεϐασμίας
943 1377 1106 1444 μονῆς
1133 1378 1226 1424 τοῦ
1259 1367 1576 1446 Προδρόμου
1614 1390 1734 1446 κνρ.
1767 1377 2122 1446 Μαρτινιανῷ.
2149 1403 2219 1414 -—-
2261 1380 2344 1444 Τῷ
2384 1372 2721 1449 Αὖτωριιανῷ
2763 1394 2884 1449 κυρ.
2923 1377 3167 1448 Μιχαὴλ.
3195 1405 3264 1416 -
3291 1375 3606 1448 Τῷᾶνεψιῷ

221 1458 390 1512 αὑτοῦ
422 1479 545 1534 κνρ.
586 1459 834 1533 Μιχαήλ.
863 1489 936 1502 —
973 1462 1106 1536 Πρὸς
1126 1462 1216 1513 τὸν
1253 1457 1475 1534 ἀδελφὸν
1514 1460 1675 1514 αὐτοῦ
1700 1462 1879 1534 κύριον
1908 1467 2143 1522 Νικήταν
2163 1465 2252 1515 τὸν
2283 1463 2565 1520 Χονιάτῃν.
2596 1495 2663 1504 -
2683 1470 2767 1535 Τῷ
2792 1462 2986 1535 ἀνεψιῷ
3025 1463 3186 1516 αὐτοῦ
3223 1482 3342 1540 κνρ.
3374 1470 3603 1537 Νικήτᾳ.

225 1578 295 1588 -
315 1554 447 1609 Τοῖς
485 1545 713 1620 involaret;
742 1548 906 1602 αὐτου
943 1555 1016 1621 τῷ
1040 1567 1097 1603 τι
1125 1567 1246 1623 κυρ.
1285 1553 1497 1622 Νικὴτᾳ
1524 1553 1614 1603 καὶ
1641 1557 1713 1621 τῷ
1743 1569 1862 1625 κυρ.
1886 1550 2136 1625 Μιχαὴλ.
2154 1582 2219 1594 —
2248 1558 2332 1623 Τῷ
2364 1551 2577 1626 Βεριϐὁῃ
2609 1561 2750 1626 κνρῷ
2779 1557 3084 1626 Νικηφὸρῳ.
3107 1583 3175 1593 -
3204 1560 3287 1624 Τῷ
3318 1553 3606 1626 μεγαλυπι-

231 1643 384 1710 ρὸχῳ
411 1642 815 1712 πρωτονοταρίῳ
845 1643 934 1692 καὶ
981 1642 1233 1714 πραίτωρι
1262 1657 1382 1713 κυρ.
1415 1639 1656 1712 Νικολάῳ
1685 1648 1758 1712 τῷ
1784 1640 2068 1716 Τριψύχῳ.
2098 1673 2168 1682 -
2195 1645 2279 1712 Τῷ
2309 1641 2468 1715 ἰατρῷ
2515 1659 2632 1714 κνρ.
2679 1640 2918 1712 Νικολάῳ
2946 1649 3018 1712 τῷ
3051 1638 3384 1717 Καλοδούκῃ.
3416 1670 3484 1686 σ-
3519 1649 3604 1696 T93

235 1727 546 1800 Πιστοφίλῳ
587 1746 731 1802 κυρῳ
767 1727 1028 1800 Νικολάῳ.
1061 1758 1132 1769 —
1175 1731 1309 1804 Πρὸς
1338 1731 1426 1780 τὸν
1446 1733 1589 1782 Νέων
1620 1735 1836 1802 Πατρῶν
1875 1733 1964 1782 τὸν
1989 1734 2430 1802 Μεσοποταμίτην
2461 1734 2552 1782 καὶ
2593 1735 2938 1804 Kac-raptian
2965 1729 3258 1803 λεγόμενον.
3287 1761 3355 1772 --
3382 1737 3466 1804 T93
3507 1749 3606 1784 σοι·

230 1814 485 1892 κιλλαρὶῳ
506 1825 582 1888 τῷ
609 1816 834 1892 Inrupi}.
857 1847 927 1859 —
955 1823 1039 1890 Τῷ
1069 1814 1335 1890 ἔπισκόπῳ
1365 1818 1422 1892 pc
1448 1818 1774 1888 (superscr.
1807 1815 1843 1871 ὃ
1847 1839 1870 1883 ς

1967 1825 2000 1861 έ-
2037 1825 2121 1890 Τῷ
2146 1817 2354 1891 μεγάλῳ
2383 1815 2540 1873 δονκί
2564 1827 2635 1890 τῷ
2662 1826 2925 1893 Στρνφνῷ.
2948 1849 3016 1859 -
3053 1825 3137 1892 Τῷ
3159 1817 3477 1894 σακελλαρίῳ
3505 1827 3607 1894 τῷν

231 1902 474 1965 ’Δθῃνῶν
500 1913 575 1976 τῷ
615 1911 790 1977 Φωκᾷ.

235 2084 266 2152 §
307 2084 372 2141 Χ.
411 2083 560 2142 Atia
604 2079 921 2142 Michaelis
949 2084 1179 2156 scripta
1232 2098 1364 2158 quae
1414 2084 1480 2142 in
1531 2085 1924 2144 Bibliothecis
1979 2087 2300 2144 Oxoniensi
2331 2100 2402 2144 ac
2442 2086 2726 2145 Parisina
2777 2091 3188 2144 asservantur.
3241 2086 3498 2146 Carmen
3537 2085 3612 2146 de

1586 2175 1874 2234 Athenis.
1916 2176 2255 2234 Conclusio.

323 2315 462 2372 Post
484 2312 882 2388 Epistolarum
933 2315 1228 2375 Michaelis
1285 2315 1631 2388 catalogum
1657 2317 1986 2375 Bandinius
2014 2317 2068 2391 (§
2092 2320 2163 2374 44
2202 2317 2362 2392 sqq.)
2414 2317 2592 2390 plura
2631 2312 2708 2375 de
2737 2312 2927 2374 tribus
2955 2319 3126 2390 Greg.
3158 2317 3290 2375 Naz.
3319 2316 3606 2392 epistolis,

257 2406 388 2460 tum
414 2400 490 2460 de
514 2404 953 2478 Theophylacti,
987 2405 1385 2477 Bulgarorum
1427 2406 1881 2480 archiepiscopi,
1911 2407 2144 2481 scriptis
2183 2407 2244 2464 in
2274 2407 2424 2464 Bibl.
2457 2406 2712 2465 Florent.
2739 2408 3056 2465 asservatis
3091 2406 3152 2464 in
3183 2406 3450 2464 medium
3476 2423 3612 2480 pro-

261 2490 390 2560 fert,
416 2507 552 2565 quae
574 2489 742 2564 hujus
761 2493 880 2550 loci
909 2509 1033 2551 non
1075 2498 1234 2550 sunt.
1266 2497 1592 2552 Memoratu
1619 2500 1822 2552 autem
1847 2495 2034 2568 digna
2051 2494 2332 2554 videntur
2351 2495 2577 2569 aliquot
2598 2494 2894 2554 Michaelis
2925 2494 3167 2568 scripta,
3199 2509 3337 2568 quae
3369 2494 3518 2551 dum
3546 2495 3610 2551 in

255 2579 611 2638 Bibliotheca
656 2580 934 2642 Medicina
978 2583 1218 2651 desunt,
1244 2583 1307 2640 in
1336 2583 1666 2640 Oxoniensi
1706 2584 2004 2652 visuntur,
2039 2600 2158 2641 sec.
2189 2583 2544 2656 Catalogum
2573 2584 2706 2640 libr.
2753 2600 2900 2640 mss.
2933 2583 3163 2654 Anglice
3213 2588 3272 2640 et
3317 2582 3610 2640 Hiberniae

248 2668 458 2741 (Oxon.
506 2672 683 2742 i697),
704 2668 930 2744 quibus
963 2670 1109 2728 tituli
1137 2688 1151 2728 :
1189 2672 1514 2730 Catechcsis
1542 2675 1780 2743 prima;
1813 2674 2082 2732 Humilia
2107 2674 2180 2732 de
2199 2676 2500 2733 creatione
2525 2673 2800 2743 hominis,
2827 2679 2884 2730 et
2917 2672 3294 2732 Lamentatio
3317 2671 3615 2730 demortui

245 2759 560 2830 Adyeplu‘;
591 2759 809 2818 deinde
839 2761 902 2817 in
927 2760 1294 2820 Bibliotheca
1321 2761 1589 2819 Parisma
1628 2763 1946 2820 Tractatus
1976 2763 2049 2821 de
2086 2779 2283 2829 cruce,
2314 2780 2498 2837 quem
2521 2762 2825 2820 Fabricius
2852 2777 3172 2836 perperam
3198 2761 3260 2817 in
3289 2762 3613 2818 orationem

241 2848 630 2921 permutavit,
657 2855 715 2906 et
741 2850 846 2923 qui
875 2849 1124 2907 forsitan
1147 2850 1365 2907 rectius
1391 2866 1634 2908 carmen
1671 2851 2003 2909 iambicum
2048 2852 2124 2909 de
2149 2853 2408 2923 pristina
2449 2851 2616 2909 urbis
2635 2849 3014 2908 Athenarum
3049 2850 3344 2922 dignitate
3372 2864 3503 2907 esse
3527 2849 3614 2905 vi-

253 2937 454 3010 detur,
486 2937 774 3012 quodque
799 2939 1224 2997 Boissonadius
1253 2939 1314 2997 in
1344 2945 1508 2996 tomo
1541 2943 1582 2995 V
1612 2941 2057 2999 Anecdotorum
2085 2941 2308 3013 publici
2333 2941 2484 3013 juris
2509 2941 2667 2998 fecit.

310 3027 402 3084 0b
432 3025 678 3085 ultimos
710 3028 894 3100 hujus
920 3029 1204 3087 carminis
1241 3045 1450 3087 versus
1479 3044 1604 3086 non
1624 3029 1924 3087 immerito
1951 3029 2268 3088 exordium
2297 3029 2586 3102 longioris
2619 3027 2918 3102 poematis
2945 3025 3288 3102 suspiceris.
3319 3027 3388 3083 Ut
3411 3029 3476 3082 ut
3503 3029 3616 3098 est,

238 3122 398 3175 certe
431 3116 929 3176 lamentationem
949 3119 1087 3177 licet
1115 3118 1393 3176 mutilam
1420 3118 1613 3176 habes
1645 3119 1934 3193 scriptam
1959 3119 2033 3177 de
2067 3119 2438 3176 Athenarum
2462 3117 2628 3175 fatali
2657 3122 2814 3175 sorte
2842 3117 2921 3174 ab
2951 3116 3162 3173 ultimo
3191 3114 3454 3172 antistite
3484 3114 3616 3186 ejus

235 3205 437 3275 urbis,
459 3206 566 3280 qui
612 3207 865 3277 cantico,
915 3213 982 3266 ut
1027 3209 1110 3266 ita
1133 3207 1410 3278 dixerim,
1449 3206 1682 3266 olorino
1713 3208 1912 3266 fatum
1938 3209 2068 3281 ejus
2100 3208 2268 3266 urbis
2306 3207 2485 3264 fatale
2515 3207 2822 3264 memoriae
2852 3205 3139 3280 prodidit.
3179 3207 3378 3261 Restat
3397 3209 3464 3260 ut
3489 3218 3621 3260 car-

234 3313 386 3355 men
445 3297 685 3366 Morelli,
711 3296 898 3355 ﬁnem
941 3298 1109 3356 haud
1138 3296 1549 3370 spernendum
1601 3297 2008 3357 dissertationi
2049 3303 2269 3356 nostrae
2313 3297 2672 3370 imposituri,
2711 3294 3039 3353 lectoribus
3070 3297 3271 3351 mente
3325 3291 3622 3350 benevola

234 3388 324 3444 im
333 3386 670 3460 partiamur
702 3405 716 3444 :

239 3493 654 3567 Cecropidum
674 3495 895 3569 praesul
919 3496 1186 3567 Michael,
1214 3497 1363 3555 dum
1389 3495 1577 3555 tristia
1605 3496 1804 3556 fratris
2022 3493 2418 3564 Occidit,heul
2443 3497 2639 3552 tecum
2656 3487 3080 3563 tumulumque
3096 3486 3321 3545 subivit
3337 3484 3621 3544 eumdem

319 3585 543 3642 Nicetes
559 3586 828 3658 queritur
851 3587 1067 3646 funera
1095 3588 1420 3660 Choniatae,
2095 3585 2390 3659 Faedaque
2418 3581 2708 3640 successit
2738 3595 2850 3638 nec
2879 3595 3052 3636 mora
3070 3577 3403 3635 barbaries.

242 3677 498 3747 Cygnea
524 3679 773 3733 testatur
791 3682 896 3734 tua
914 3693 1055 3741 vox,
1077 3693 1114 3734 ο
1141 3680 1382 3746 Graecia,
1415 3693 1700 3751 quaenam
2026 3675 2138 3744 Qui
2163 3675 2325 3730 volet
2351 3688 2494 3743 ergo
2527 3677 2661 3728 tuas
2685 3682 3071 3741 cognoscere,
3113 3667 3354 3733 Graecia,
3376 3663 3552 3734 vires,

322 3763 565 3820 Viribus
597 3763 806 3836 effetis,
839 3781 978 3822 cum
1023 3782 1343 3839 morerere,
1377 3767 1506 3824 fuit.
2101 3766 2251 3821 Cum
2279 3761 2663 3834 Xenophonte
2688 3760 2849 3829 legat
2866 3758 3081 3814 funera
3105 3753 3448 3814 Choniatas:

247 3853 484 3910 Atticus
514 3853 613 3911 ille
641 3853 832 3926 lepos,
866 3855 1193 3929 Xenophon
1219 3872 1342 3929 quo
1374 3856 1598 3914 scilicet
1625 3855 1768 3914 olim
1804 3874 1806 3876 '
2029 3852 2131 3910 llle
2152 3858 2288 3910 tuas
2319 3866 2509 3908 cunas
2542 3849 2842 3908 nascentis
2861 3846 3112 3904 ﬂoribus
3132 3849 3328 3916 ornat,

323 3941 556 4000 Nobilis
585 3959 624 4000 a
650 3944 868 4000 teneris
896 3943 1110 4002 claruit
1133 3944 1497 4016 unguiculis,
2099 3942 2206 3999 Hic
2243 3947 2350 3999 tua
2378 3941 2642 3997 fraterno
2668 3937 2876 3995 funere
2897 3937 3024 3995 fata
3052 3933 3257 4006 gemit.

327 4122 490 4247 ςίοζὲ)
526 4123 1034 4247 Παρακᾟρώμενος.
1068 4121 1429 4194 praepositus
1481 4115 1742 4202 cubiculi
1777 4135 1790 4188 ;
1849 4135 1921 4176 ac

327 4207 448 4247 'lOl'l
497 4207 567 4247 us
601 4208 718 4247 sasc
783 4208 834 4247 1s
873 4192 1132 4247 dmmtas
1162 4197 1289 4247 erat
1330 4193 1623 4247 eunuchis
1657 4191 1919 4247 tributa:

2101 4117 2212 4187 (i3)
2230 4113 2288 4170 Ὀ
2310 4115 2394 4169 ἐπὶ
2423 4125 2518 4176 τῆς
2543 4113 2795 4176 σακέλλῃς
2816 4111 2979 4169 idem
3004 4109 3157 4166 valet
3177 4123 3247 4164 ac
3274 4102 3627 4188 castellc‘zptog.

2029 4187 2092 4245 Β.
2130 4206 2185 4247 D.
2227 4193 2318 4245 26.
2351 4185 2704 4244 Sacellarius
2744 4189 2871 4240 erat
2915 4179 3329 4239 ecclesiasticae
3361 4191 3627 4247 pecunias

253 4182 567 4263 prioribus
601 4182 1132 4263 stecuIis'dignitas
1162 4182 1289 4249 erat
1330 4193 1623 4248 eunuchis
1657 4182 1919 4263 tributa;
2029 4182 2205 4261 B.'p.'
2227 4193 2318 4245 26.
2351 4185 2704 4244 Sacellarius
2744 4189 2871 4263 erat
2915 4182 3329 4263 ecclesiasticae
3361 4182 3634 4263 pecunias

257 4247 549 4336 citremis
597 4247 743 4318 vero
786 4247 1445 4336 tempboribusidupIiCis
1494 4263 1604 4318 fuit
1647 4247 1917 4336 generis;
2031 4247 2271 4336 curator
2309 4263 2366 4314 et
2399 4263 2622 4336 custos.
2665 4253 2886 4336 Σακέλλη
2910 4253 3077 4336 enim
3109 4251 3234 4308 sive
3258 4247 3524 4336 σακὲᾒλιον
3550 4247 3638 4336 di-

260 4336 420 4392 alius
449 4334 611 4390 enim
643 4338 770 4390 erat
814 4323 1294 4400 π’τοιρόικοιμώμιενος⁸
1322 4354 1414 4388 τον
1461 4323 1725 4398 κοιτῶνος,
1759 4332 1900 4389 cubi

2031 4331 2278 4386 cebatur
2311 4327 2588 4400 sacculus
2617 4325 3020 4400 pecuniarius,
3053 4323 3114 4400 h_.
3147 4338 3199 4378 e.
3224 4323 3514 4400 aerarium
3544 4335 3635 4400 ec-

263 4385 958 4480 cfulari'us'i—mperatoris;
982 4385 1146 4480 situ;
1164 4385 1628 4480 ἐτάβοοέέιμώμενος
1650 4385 1744 4466 τῖς
1765 4385 1922 4477 '69.};
2031 4385 2400 4480 clesiz‘etquo
2423 4385 2820 4480 eleemosyme
2842 4385 3332 4480 asser'vabantur‘.
3458 4407 3526 4480 7p.
3618 4431 3631 4445 .

264 4462 448 4544 δὸνης,
478 4462 690 4532 annuli
712 4462 1021 4546 signato’rii
1053 4462 1272 4534 custos.
1299 4481 1358 4533 Β.
1395 4466 1404 4479 ’
1478 4462 1489 4477 ’
1613 4462 1628 4468 ⁷
1697 4462 1741 4466 η
1819 4462 1830 4477 ’
2053 4545 2065 4546 ί
2107 4473 2222 4544 (14)
2237 4462 2484 4546 'Séptem
2517 4462 2749 4546 ἓδηῖυῖη
2776 4483 3018 4546 menses
3049 4462 3637 4546 Ὠδίτίθῖιῖθδωθῲξῗ

337 4551 382 4619 (Ι
503 4551 648 4623 Μονῄ
708 4535 799 4623 est
853 4554 1234 4623 povaqrnpcov.
1363 4551 1452 4605 Du
1478 4549 1677 4618 Bange
1702 4545 1745 4606 1.
1776 4546 1822 4604 Ι.
1859 4562 1923 4620 p.

2032 4535 2175 4623 dem
2201 4535 2458 4623 obtihuit
2507 4537 3022 4623 Constantinopoli
3050 4535 3460 4623 ’ALeontiusua.‘
3475 4535 3631 4623 592,

265 4609 394 4680 949,
426 4609 501 4675 de
532 4609 920 4690 καθηγούμενος
941 4609 1189 4691 (Abbas,
1212 4620 1417 4687 Prior),
1441 4635 1502 4691 p.
1524 4609 1649 4674 475.

2034 4615 2230 4691 dictus
2257 4613 2684 4691 'l‘heotocistes.
2707 4609 2873 4691 quod
2894 4609 3314 4691 ρθιχθεοχόκογ,
3348 4609 3638 4691 quamsi-

339 4673 460 4763 (ἱρῇ
477 4673 812 4768 -μεπαθεεῃοέ,
843 4673 1506 4768 “assiduitas;
1533 4673 1618 4764 si
1639 4673 1799 4761 ωδ,
1839 4687 1925 4748 ει.

2035 4685 2100 4768 bi
2139 4673 2761 4768 apparuissedicebat
2774 4673 3112 4768 imperator
3137 4678 3230 4750 (ιε.
3254 4673 3454 4746 Ang.),
3485 4673 3632 4731 elec-

267 4750 448 4820 Go‘ari
487 4750 906 4836 1.1.p129;n.
947 4750 1036 4820 34".
1415 4750 1448 4762 '
1493 4750 1555 4764 "
1783 4750 1797 4761 '

1493 4750 1504 4761 '
1536 4750 1555 4764 '
1783 4750 1797 4761 '
2037 4764 2135 4816 tus
2164 4750 2391 4814 fuisset.
2417 4757 2474 4812 Β.
2498 4756 2606 4828 (Cf.
2631 4754 2812 4811 Nicet.
2835 4750 2960 4808 239.
2993 4750 3099 4822 C').

4119 783 4121 836 l

4119 845 4121 902 1

4119 1081 4121 1214 ἒ

4119 1337 4121 1394 ἶ

4119 1397 4121 1522 Ξ

4119 2779 4121 2808 1

4119 2819 4121 2852 ι

4120 2861 4121 2916 1
