4152 6208
504 295 607 362 323

503 473 795 483 -———.

965 629 2092 785 MICHAELIS

1378 287 1746 355 MICHAELIS
1784 288 2165 354 ACOMINATI
2203 290 2630 350 ATHENARUM
2668 289 2985 348 ARCHIEP.

3752 290 3860 345 324

801 455 1670 467 w,
1699 455 1728 456 ,,,
2119 455 2129 456 ,
2185 455 2676 459 wi,
2687 455 2820 457 mmo
2831 455 2844 456 γ
3253 455 3466 456 κκκῖῖ

2272 626 3420 780 ACOMINATI

1801 926 2566 1036 CHONIATAE

1267 1157 1818 1223 SANCTISSIMI
1873 1155 2413 1218 ATHENARUM
2461 1152 3100 1218 METROPOLIT/E

1997 1351 2399 1434 ORATIO

1585 1554 1840 1608 HABITA
1879 1553 1945 1605 ΙΝ
1988 1549 2101 1602 DIE
2142 1551 2354 1605 FESTO
2400 1549 2798 1606 PALMABUM.

1397 1729 1741 1803 (Combeﬁs.
1775 1725 2044 1782 Biblioth.
2073 1723 2435 1790 concionaL,
2458 1728 2604 1780 tom.
2630 1723 2720 1791 lll,
2745 1739 2806 1796 p.
2837 1724 2985 1794 417).

583 1965 1080 2022 Prseclarissimus
1109 1979 1322 2034 regum
1350 1961 1645 2033 propheta
1677 1957 1875 2019 David,
1911 1957 2165 2011 immen-
2195 1955 2242 2005 Α
2276 1953 2559 2008 comitatu
2589 1957 2820 2021 vectus,
2869 1952 3160 2007 adversus
3190 1950 3490 2006 infernum
3529 1948 3871 2004 velitatione

513 2069 646 2109 sam
680 2053 822 2109 solis
854 2050 1385 2125 pulchritudinem,
1441 2047 1927 2116 indefessamque
1966 2042 2167 2098 celeri-

511 2147 695 2197 tatem
743 2141 1073 2204 admirans,
1106 2144 1164 2194 et
1214 2140 1340 2210 ipse
1389 2137 1514 2192 ait:
1551 2139 1860 2205 Tanquam
1913 2148 2164 2202 sponsus

503 2233 832 2301 procedens
863 2231 935 2286 de
957 2229 1220 2284 thalamo
1251 2243 1355 2282 suo
1385 2243 1396 2280 :
1423 2225 1740 2282 exsultabit
1769 2229 1834 2278 ut
1872 2224 2043 2292 gigas
2083 2222 2163 2276 ad

508 2320 868 2376 currendum
897 2319 1054 2374 viam
1076 2331 1280 2371 suam:
1310 2322 1364 2371 et
1396 2329 1676 2370 occursus
1717 2315 1843 2380 ejus
1873 2325 2057 2382 usque
2082 2310 2164 2366 ad

510 2421 787 2461 summun
829 2406 983 2474 caeli,
1017 2418 1124 2458 nec
1155 2409 1240 2459 est
1280 2404 1383 2473 qui
1419 2416 1480 2457 se
1528 2399 1854 2456 abscondat
1887 2413 1924 2454 a
1963 2399 2163 2453 calore

510 2498 639 2564 ejus
663 2498 703 2548 ¹.
727 2495 967 2550 Miratus
991 2493 1216 2564 quippe
1238 2491 1324 2545 vir
1346 2489 1830 2562 sapientissimus
1861 2493 1968 2556 est,
1993 2487 2161 2540 sidus

508 2585 624 2639 hoc
656 2583 1018 2649 maximum,
1035 2586 1263 2652 quanta
1289 2579 1609 2650 praenitens
1633 2575 2074 2649 pulchritudine
2099 2575 2158 2629 in

510 2687 744 2728 morem
778 2670 985 2742 sponsi
1008 2671 1068 2724 in
1091 2667 1362 2724 orientali
1393 2667 1692 2722 horizonte
1714 2666 1921 2727 oritur,
1953 2665 2157 2734 gigan-

508 2767 724 2832 teaque
756 2760 1050 2815 celeritate
1082 2763 1262 2829 atque
1292 2757 1495 2828 vigore
1526 2756 1604 2811 ad
1627 2755 1997 2810 horizontem
2030 2768 2159 2824 per-

509 2849 724 2905 vadite
752 2849 1048 2904 diametro
1073 2846 1438 2918 oppositum,
1471 2844 1618 2900 nihil
1637 2844 1956 2899 obscurato
1984 2843 2159 2898 tantis

507 2938 621 2995 illis
643 2954 944 2994 annorum
963 2935 1374 2992 voluminibus
1404 2935 1595 3005 ipsius
1611 2933 1825 2988 decore
1842 2946 1913 2986 ac
1938 2931 2156 3003 specie,

509 3043 705 3099 neque
734 3028 788 3081 vi
816 3023 1240 3092 dissoluta,sed
1269 3023 1483 3079 eodem
1501 3037 1738 3093 semper
1753 3021 1936 3076 modo
1966 3020 2158 3076 exsul-

508 3121 654 3186 tare,
714 3129 1039 3186 rerumque
1098 3113 1543 3168 universitatem
1596 3111 1762 3166 nullo
1811 3110 2019 3166 labore
2069 3109 2156 3164 lu-

510 3211 724 3274 strare,
774 3219 884 3260 nec
915 3218 1038 3258 non
1075 3201 1238 3258 vitali
1283 3200 1732 3256 micantissimm
1770 3199 1922 3254 lucis
1957 3197 2158 3254 deﬂuo

2273 2048 2512 2105 functus
2539 2053 2658 2105 Rex
2687 2049 2912 2118 glorise,
2935 2049 3150 2103 inferni
3178 2048 3448 2120 proxime
3467 2046 3736 2119 praedam
3767 2062 3873 2116 ag-

2273 2151 2517 2206 gressus
2529 2137 3142 2209 est,primasqueinde
3155 2136 3578 2192 charissimum
3593 2137 3870 2190 Lazarum

2272 2227 2402 2281 tulit
2430 2226 2772 2282 manubias.
2810 2227 2991 2281 Unius
3022 2227 3188 2281 vocis
3208 2241 3357 2282 sono
3381 2225 3620 2296 tyranni
3649 2228 3872 2295 perter-

2269 2316 2386 2371 ruit
2408 2331 2794 2386 arces,exque
2816 2314 3028 2370 mediis
3052 2321 3268 2370 cuncta
3291 2314 3557 2370 vorantis
3584 2313 3718 2368 ferae
3742 2311 3845 2368 tau

2270 2403 2463 2469 cibus,
2493 2420 2669 2459 ovem
2702 2419 2877 2459 suam
2901 2402 3098 2458 bonus
3127 2403 3338 2459 Pastor
3361 2402 3630 2458 extraxit.
3665 2404 3785 2457 Sua
3805 2402 3865 2455 in

2269 2507 2454 2564 specu
2483 2498 2823 2564 correptum
2850 2493 3000 2548 latro
3034 2494 3321 2548 Lazarum
3352 2491 3690 2547 detinebat:
3724 2507 3866 2546 mox

2268 2587 2473 2637 tamen
2493 2581 2698 2637 audita
2720 2582 3027 2637 Dominica
3053 2597 3194 2637 voce
3220 2581 3544 2647 infremuit,
3579 2585 3756 2650 atque
3787 2579 3866 2634 ad

2268 2669 2417 2724 lucis
2467 2686 2678 2724 auram
2735 2669 3069 2725 redivivum
3101 2685 3404 2738 emergere
3447 2668 3692 2723 dimisit.
3734 2670 3864 2722 Non

2269 2759 2429 2813 enim
2451 2757 2541 2813 fas
2573 2763 2699 2814 erat
2735 2758 3079 2813 obdormire
3100 2758 3160 2813 in
3188 2763 3442 2813 mortem
3471 2757 3626 2812 velut
3655 2760 3867 2811 natum

2269 2862 2342 2902 ex
2363 2845 2631 2912 muliere,
2665 2847 2764 2901 sed
2797 2845 3126 2917 expergisci
3159 2847 3263 2916 qui
3293 2846 3407 2917 ipsi
3438 2846 3571 2900 vitae
3596 2844 3868 2900 charissi-

2267 2951 2407 2989 mus
2433 2937 2660 2990 esset.0
2691 2934 2948 3004 ingentis
2980 2934 3227 3003 virtutis,
3261 2933 3408 3005 quin
3439 2933 3564 2988 imo
3592 2931 3869 3003 omnipo-

2268 3028 2484 3079 tentem
2499 3038 2709 3078 vocem
2728 3023 2739 3076 !
2755 3038 2877 3094 qua
2891 3027 3075 3093 portae
3089 3022 3301 3078 mortis
3314 3029 3479 3077 metu
3497 3020 3869 3093 panduntur,

2265 3112 2601 3183 infernique
2617 3111 2908 3182 janitores
2930 3115 3172 3182 stupore
3202 3109 3612 3180 obriguerunt,
3633 3125 3701 3165 ac
3721 3125 3871 3181 qua-

2265 3199 2578 3255 triduanus
2607 3199 2822 3255 exsiliit
2871 3204 3173 3256 mortuus.
3207 3201 3350 3254 Vere
3405 3197 3639 3254 catulus
3675 3197 3871 3253 leonis

509 3293 778 3365 implere.
834 3291 986 3357 Quin
1039 3291 1219 3346 etiam
1254 3303 1366 3358 ego
1411 3289 1516 3360 qui
1562 3288 1761 3358 ipsum
1787 3287 2027 3357 justitiaa
2065 3301 2157 3341 so-
2187 3295 2233 3349 Β
2268 3289 2532 3347 Christus
2559 3291 2611 3355 ις
2637 3302 2920 3359 nuncque
2944 3286 3072 3343 solo
3093 3288 3292 3358 rugitu
3319 3286 3508 3342 feram
3539 3286 3822 3342 exterruit
3855 3303 3870 3340 :

439 3425 442 3428 .
510 3382 629 3438 lem
679 3381 996 3448 Christum,
1028 3385 1208 3452 atque
1261 3379 1524 3433 siderum
1579 3378 1968 3442 conditorem,
1999 3391 2160 3432 nova

506 3485 738 3542 pompa
783 3468 1214 3539 procedentem
1235 3466 1495 3533 videam,
1526 3465 1740 3520 eadem
1770 3479 1909 3519 cum
1940 3463 2158 3519 Davide

506 3565 574 3613 ut
594 3573 812 3613 canam
841 3555 1358 3625 adducor,nempe
1383 3555 1548 3625 quod
1569 3554 1695 3624 ipse
1723 3553 1931 3624 sponsi
1950 3552 2010 3607 in
2037 3568 2161 3607 mo-

503 3661 630 3700 rem
662 3643 997 3715 procedens
1031 3642 1105 3696 de
1136 3642 1402 3697 thalamo
1424 3657 1533 3696 suo
1559 3640 1863 3696 exsultarit
1897 3646 1960 3695 ut
1986 3641 2157 3712 gigas

505 3733 583 3788 ad
611 3729 971 3786 currendam
995 3730 1156 3785 viam
1179 3745 1374 3800 suam,
1391 3744 1497 3799 per
1525 3728 1787 3784 mediam
1806 3728 2158 3811 Jerusalem,

505 3819 765 3876 inauditi
798 3818 1031 3874 saeculis
1061 3817 1345 3873 omnibus
1368 3817 1655 3888 triumphi
1682 3833 1751 3872 ac
1800 3817 2161 3873 miraculum

504 3926 684 3966 omne
714 3907 1006 3964 vincentis
1037 3907 1234 3979 specie
1281 3911 1786 3978 extemporaneus
1819 3923 2032 3962 ovans.
2078 3913 2162 3963 Ac

503 3999 749 4073 quidem
783 3998 976 4053 exitus
1006 3997 1136 4067 ejus
1163 4012 1199 4052 a
1221 4011 1460 4050 summo
1492 3995 1670 4050 coelo:
1694 3995 1831 4050 inde
1863 3995 2160 4067 siquidem

502 4095 725 4146 nostrae
759 4087 968 4142 salutis
994 4101 1184 4142 causa
1212 4084 1362 4140 nihil
1389 4085 1523 4140 loco
1563 4085 1846 4154 dimotus,
1881 4084 2043 4140 viam
2073 4102 2161 4140 se-

501 4193 638 4233 care
668 4176 882 4247 coepit;
917 4182 974 4231 et
1019 4190 1304 4231 occursus
1362 4174 1491 4245 ejus
1545 4189 1736 4245 usque
1785 4173 1862 4228 ad
1891 4180 2159 4230 extrema

502 4265 656 4330 cceli,
711 4264 953 4318 intimas
994 4264 1218 4319 scilicet
1241 4262 1457 4318 inferni
1489 4268 1685 4334 partes
1712 4280 1724 4329 ;
1751 4262 1868 4318 illic
1892 4278 2157 4335 namque

500 4353 966 4424 dispensationis
1011 4369 1226 4408 cursus
1276 4353 1598 4407 terminum
1650 4351 1882 4419 habuit,
1929 4357 1989 4406 ut
2046 4369 2156 4408 nec

502 4443 734 4498 inferna
762 4441 862 4496 illa
898 4440 1032 4497 loca
1081 4441 1159 4496 ab
1208 4442 1337 4511 ejus
1378 4458 1440 4496 se
1482 4441 1679 4496 calore
1710 4440 2105 4497 absconderet
2138 4458 2150 4494 :

500 4530 760 4601 indeque
786 4545 994 4583 rursus
1024 4529 1184 4583 velut
1210 4529 1288 4582 ab
1319 4528 1644 4593 occidente,
1687 4529 2015 4583 matutinus
2053 4544 2150 4583 ex-

2267 3379 2383 3434 Leo
2432 3380 2586 3434 enim
2631 3377 2849 3446 rugiet,
2883 3377 3100 3448 inquit,
3135 3383 3190 3432 et
3239 3377 3370 3447 quis
3400 3392 3517 3432 non
3545 3376 3873 3444 pavebit‘?

2267 3465 2435 3521 Brevi
2465 3471 2667 3520 autem
2689 3464 2967 3536 postipse
2992 3479 3238 3536 quoque
3263 3463 3562 3520 recubans
3579 3463 3867 3518 dormiet:

2273 3560 2331 3610 at
2346 3554 2448 3609 ubi
2469 3560 2744 3609 conserto
2760 3552 2938 3608 veluti
2965 3553 3119 3624 pede
3137 3568 3276 3608 cum
3293 3559 3482 3608 morte
3501 3567 3871 3622 congressus

2269 3641 2462 3707 fuerit,
2477 3642 2715 3713 penitus
2744 3640 3111 3712 proﬂigabit.
3143 3643 3311 3696 Nunc
3339 3639 3588 3712 quidem
3615 3644 3873 3696 tremen-

2270 3734 2417 3785 dum
2447 3745 2518 3785 ac
2563 3730 2869 3799 ingentem
2910 3734 3106 3785 cetum
3156 3728 3284 3784 solo
3327 3728 3561 3784 eminus
3607 3727 3872 3784 clamore

2272 3818 2508 3887 subegit
2537 3837 2547 3876 :
2583 3834 2722 3874 mox
2769 3834 2906 3873 vero
2931 3821 3095 3874 .Iome
3125 3817 3188 3872 in
3235 3832 3467 3873 morem
3493 3817 3624 3887 ejus
3657 3821 3874 3889 sponte

2267 3907 2416 3962 rictu
2447 3907 2868 3962 absorbendus
2885 3912 2990 3972 est,
3007 3922 3130 3978 quo
3146 3906 3334 3978 ipsius
3354 3906 3626 3975 disrupto
3646 3910 3871 3972 ventre,

2270 4011 2425 4066 quos
2455 4012 2491 4050 a
2522 3995 2738 4050 saeculo
2770 3995 3074 4067 absorpsit
3103 4011 3315 4051 omnes
3358 3994 3676 4050 extraxerit
3695 3995 3737 4046 θ.
3767 3996 3876 4048 Ta-

2272 4085 2442 4140 metsi
2472 4090 2627 4140 terra
2655 4091 2799 4152 erat,
2823 4090 2881 4140 et
2908 4085 2970 4141 in
3001 4091 3218 4140 terram
3253 4085 3485 4140 abierat
3515 4086 3790 4147 Lazarus,
3811 4088 3878 4138 at

2268 4173 2532 4229 Christus
2561 4177 2689 4228 erat
2712 4174 2817 4244 qui
2842 4174 3149 4228 hominem
3181 4188 3212 4228 e
3243 4179 3395 4228 terra
3435 4171 3828 4227 condiderat"
3858 4188 3872 4240 ;

2266 4279 2337 4318 ex
2369 4279 2490 4335 quo
2537 4265 2716 4318 etiam
2748 4263 3030 4328 clamore,
3062 4263 3146 4318 uti
3172 4268 3228 4318 et
3280 4262 3599 4334 spiraculo,
3633 4265 3875 4318 mortuo

2265 4353 2478 4407 iterum
2526 4351 2814 4423 ﬁgmento
2846 4353 3117 4408 animam
3155 4350 3394 4407 refudit.
3448 4353 3580 4407 Jam
3620 4350 3870 4422 quidem

2263 4441 2505 4496 foetebat
2555 4441 2699 4495 tabo
2745 4440 3074 4496 resolutum
3133 4441 3395 4496 cadaver
3444 4445 3625 4511 atque
3672 4455 3876 4496 corru-

2261 4535 2468 4601 ptum;
2518 4535 2579 4584 at
2609 4529 2819 4585 Christi
2862 4546 2977 4584 vox
3025 4529 3157 4584 vitae
3214 4529 3298 4583 illi
3331 4528 3483 4584 odor
3513 4527 3640 4583 fuit.
3694 4526 3868 4591 Quod

501 4622 691 4686 ortus,
715 4617 929 4673 iisdem
960 4616 1089 4673 caeli
1118 4615 1363 4671 sedibus
1390 4615 1731 4672 restituitur.
1756 4617 1918 4670 Prius
1949 4622 2150 4672 tamen
2196 4638 2236 4692 ρ
2261 4618 2469 4672 mortis
2499 4619 2734 4672 vinctus
2775 4618 2988 4673 institis
3017 4617 3293 4672 astrictus
3323 4623 3466 4683 erat,
3500 4617 3684 4672 vetuit
3720 4601 3870 4670 nihi1

501 4724 688 4780 quam
709 4707 770 4762 in
791 4706 1092 4762 infernum
1115 4703 1488 4760 descendens
1504 4703 1656 4759 inter
1676 4709 1943 4760 mortuos
1961 4705 2154 4776 splen-

501 4797 660 4862 deat,
693 4797 962 4853 divinam
1009 4795 1344 4868 quamdam
1393 4794 1555 4849 velut
1592 4793 1878 4864 praemisit
1921 4809 2149 4857 vocem,

501 4901 573 4941 ea
629 4885 1103 4957 quatriduanum
1162 4899 1198 4938 a
1246 4881 1498 4938 mortuis
1558 4883 1924 4951 suscitans’,
1969 4899 2151 4954 quem

500 4989 690 5028 unum
721 4990 796 5029 ex
822 4974 1163 5028 animarum
1183 4971 1436 5027 extraxit
1451 4971 1668 5033 caveis,
1685 4970 1857 5040 cujus
1881 4971 2150 5039 victoria,

501 5077 729 5132 pompa
760 5062 934 5116 hodie
965 5060 1255 5132 procedit,
1284 5076 1354 5115 ac
1385 5064 1743 5130 praesentem
1783 5075 1854 5114 ex
1884 5065 2152 5131 tempore

498 5150 874 5220 triumphum
909 5149 1192 5218 instituit;
1217 5163 1436 5218 nempe
1473 5148 1664 5204 Sionis
1707 5151 1826 5202 Rex
1856 5147 1948 5202 ille
1980 5163 2151 5203 man-

500 5244 702 5294 suetus
725 5241 766 5303 ⁸,
801 5254 922 5294 non
967 5239 1162 5294 aureis
1219 5238 1479 5308 phaleris
1531 5238 1781 5293 instrato
1826 5254 2001 5309 equo,
2046 5256 2149 5294 seu

495 5328 647 5384 alias
679 5344 862 5383 curru
901 5342 1104 5392 aureo,
1151 5326 1259 5382 sed
1291 5326 1664 5397 pauperculo
1693 5326 1879 5382 asello
1906 5343 2176 5399 paupere

577 5506 592 5538 ¹
631 5503 786 5560 Psal.
819 5519 980 5569 xxm,
1014 5506 1044 5556 6
1075 5519 1242 5575 seqq.

1321 5504 1342 5536 ³
1383 5503 1554 5559 Joan.
1585 5521 1640 5576 ιι,
1669 5505 1756 5559 41.
1835 5505 1856 5538 ³
1887 5505 2059 5560 Zach.
2095 5522 2168 5576 IX,
2198 5510 2249 5562 9.
2328 5508 2350 5540 ⁸
2392 5509 2536 5562 Gen.
2573 5522 2721 5568 xux,
2753 5509 2803 5559 9.

2260 4706 2407 4778 quin
2439 4704 2616 4774 longe
2649 4705 3124 4777 progrederetur,
3157 4705 3407 4776 jubente
3433 4704 3651 4759 scilicet
3673 4699 3867 4757 Chris-

2261 4801 2318 4850 to
2352 4813 2364 4849 :
2423 4796 2565 4850 Veni
2611 4795 2781 4863 foras
2802 4795 2842 4864 ⁸,
2891 4795 2997 4865 qui
3027 4794 3228 4850 educit
3256 4795 3486 4849 vinctos
3520 4794 3582 4847 in
3638 4792 3870 4847 fortitu-

2260 4883 2397 4938 dine
2422 4901 2434 4950 ;
2469 4883 2736 4938 similiter
2766 4899 2868 4938 eos
2897 4883 3000 4955 qui
3022 4883 3296 4938 habitant
3315 4899 3375 4938 1n
3399 4881 3684 4954 sepulcris
3705 4883 3746 4934 ο.

2335 4972 2552 5028 Psallat
2575 4973 2703 5042 jam
2733 4975 2984 5028 Lazarus
3010 4990 3148 5029 cum
3175 4973 3391 5028 Davide
3421 4989 3433 5026 :
3476 4973 3614 5026 Non
3655 4971 3871 5025 dereli-

2261 5062 2725 5132 quistz'animam
2747 5077 2935 5117 meam
2978 5063 3042 5117 in
3075 5063 3333 5130 inferno,
3366 5075 3469 5116 nec
3495 5059 3714 5115 dedisti
3733 5073 3874 5114 san-

2261 5154 2417 5205 ctum
2441 5157 2607 5205 tuum
2632 5151 2830 5206 videre
2851 5154 3292 5220 corruptionem
3315 5152 3378 5215 ιο,
3394 5156 3468 5217 et,
3488 5150 3758 5218 Implesti
3778 5163 3873 5203 me

2262 5241 2473 5295 [milia
2495 5256 2625 5294 cum
2651 5242 2822 5295 vultu
2842 5251 2969 5295 tuo:
2993 5256 3113 5294 non
3131 5240 3292 5294 enim
3309 5239 3595 5294 oblivioni
3617 5237 3871 5292 traditus

2262 5345 2417 5391 sum,
2447 5328 2596 5384 sicut
2621 5336 2897 5385 mortuus
2930 5345 2966 5384 a
2991 5333 3169 5383 corde
3191 5329 3274 5398 “3
3310 5327 3416 5382 sed
3446 5332 3688 5382 mortuo
3721 5325 3869 5380 mihi

2882 5506 2902 5538 ⁵
2945 5507 3148 5559 Amos.
3183 5519 3266 5572 ui,
3307 5506 3362 5558 3.
3437 5502 3458 5535 ⁶
3494 5505 3665 5559 Joan.
3710 5517 3767 5569 ιι,
3814 5505 3866 5557 1.

501 5577 521 5611 ⁷
553 5577 698 5632 Gen.
728 5591 790 5645 ιι,
816 5581 868 5632 7.
948 5576 968 5610 ⁸
988 5575 1161 5633 Joan.
1191 5591 1250 5647 ιι,
1282 5578 1371 5632 44.
1449 5578 1470 5610 9
1492 5575 1651 5632 Psal.
1677 5592 1863 5641 uvm,
1893 5582 1944 5632 7.
2025 5578 2075 5614 ¹⁰
2101 5575 2201 5635 Psa

2284 5594 2336 5650 γ,
2374 5582 2456 5633 t0.
2538 5580 2579 5612 “
2613 5576 2765 5633 Psal.
2789 5593 2926 5640 xxx,
2961 5580 3042 5632 t3.
