4152 6208
211 362 328 417 323

1409 354 1698 420 HOMILIA
1726 356 1797 416 IN
1823 354 2059 415 RAMOS
2091 354 2469 421 PALMARUM

3536 366 3639 431 326

203 482 401 540 fecisti
429 483 737 541 mirabilia
767 486 835 539 ιι.
872 486 1027 543 Sane
1054 485 1299 560 quidem
1330 486 1645 559 complura
1675 472 1877 540 Chris-
1911 474 1960 534 Α
1994 478 2172 538 dibus
2192 491 2425 542 essent:
2450 486 2610 544 unde
2635 503 2834 562 neque
2863 488 2925 545 in
2946 490 3238 548 cci-lorum
3268 507 3525 563 regnum
3554 495 3643 553 in-

205 577 303 629 tus
331 571 619 628 exhibuit
643 572 975 643 magnifica
1002 590 1208 646 opera,
1249 575 1471 647 quibus
1497 590 1678 629 sensu
1699 570 1879 627 desti-

209 661 349 716 tutis
369 660 605 716 Judaeis
630 678 808 717 suam
834 661 1211 718 manifestam
1239 662 1367 719 ﬁeri
1389 660 1644 733 gloriam
1664 658 1878 727 voluit;
1935 673 1939 677 '

207 748 570 822 multosque
596 756 868 806 mortuos
896 752 1218 821 suscitavit,
1239 767 1457 824 nempe
1484 766 1723 807 servum
1746 763 1882 804 cen-

209 839 504 907 turionis,
526 838 639 895 lari
668 838 879 908 tiliam,
910 839 1108 896 viduae
1130 840 1377 896 unicum
1394 840 1607 896 ﬁlium.
1636 845 1717 895 Ac
1747 836 1879 909 qui-

208 926 353 983 dem
385 926 646 998 mortui,
673 928 906 998 audito,
931 929 1165 997 Puella,
1210 929 1472 999 surge",
1523 934 1601 999 et,
1626 926 1880 983 Adoles-

210 1032 369 1083 cens,
396 1016 518 1072 tibi
539 1018 693 1082 dico,
726 1019 989 1088 surge“,
1021 1017 1334 1073 confestim
1370 1017 1531 1073 dicto
1567 1016 1880 1074 audientes

208 1109 402 1173 erant,
434 1104 775 1178 lumenque
800 1105 1050 1161 redivivi
1081 1108 1438 1175 cernebant;
1470 1106 1531 1162 hi
1557 1110 1778 1175 autem,
1804 1118 1881 1159 ne

213 1193 298 1250 sic
332 1192 598 1266 quidem
628 1192 897 1250 videntes
934 1193 1240 1264 videbant,
1286 1210 1396 1251 nec
1428 1194 1741 1250 audientes
1771 1207 1882 1248 au-

212 1281 491 1339 diebant.
517 1282 746 1339 Idcirco
768 1283 949 1340 etiam
981 1283 1059 1338 ad
1090 1287 1426 1339 extremum
1468 1282 1667 1338 Lazari
1696 1281 1881 1337 susci-

215 1371 463 1430 tationis
488 1372 854 1445 opus,quod
884 1372 1143 1445 prodigii
1167 1372 1431 1429 novitate
1447 1377 1665 1428 cuncta
1684 1371 1883 1426 vince-

216 1465 326 1527 ret,
367 1476 485 1517 ceu
517 1461 691 1532 cujus
718 1461 809 1515 vis
838 1462 1035 1533 major
1073 1464 1246 1527 esset,
1287 1460 1625 1517 remedium
1650 1459 1880 1516 admo-

218 1548 326 1605 vit.
356 1550 519 1604 Nam
543 1548 678 1605 illos
710 1549 958 1622 quidem
998 1553 1270 1606 mortuos
1297 1550 1503 1606 statim
1534 1548 1877 1614 suscitavit;

217 1638 382 1695 hunc
409 1654 565 1695 vero
618 1654 759 1694 cum
806 1639 932 1708 iam
960 1639 1303 1711 putruisset,
1354 1640 1538 1712 inque
1586 1638 1883 1695 elementa

222 1726 446 1801 quibus
476 1732 761 1783 concreta
808 1728 1075 1800 corporis
1122 1727 1353 1784 fabrica
1386 1732 1531 1795 erat,
1564 1722 1880 1783 difﬂueret.

1989 570 2179 638 gressi
2233 579 2391 632 sunt.
2461 577 2640 632 Erant
2692 578 2852 634 enim
2924 593 3086 635 utres
3136 584 3369 638 veteres
3414 599 3485 640 ac
3531 601 3643 657 pu-

1989 661 2108 712 tres
2133 660 2202 729 ³⁸,
2227 676 2339 717 nec
2377 664 2581 733 gratiae
2620 665 2829 721 vinum
2863 670 3157 739 tanquam
3185 669 3347 737 novi,
3370 687 3442 729 ac
3467 672 3646 745 Spiri-

1989 749 2085 800 tus
2109 763 2387 819 capaces,
2411 757 2689 824 poterant
2719 770 2953 826 capere.
2984 756 3141 813 Proh
3167 757 3647 827 caecitatem,cal-

1988 834 2235 908 lumque
2259 839 2272 893 Ι
2295 839 2570 911 Cognovit
2601 842 2697 898 bos
2712 859 3106 913 possessorem
3127 863 3322 912 suum,
3351 854 3406 905 el
3436 852 3645 907 asinus

1982 938 2243 995 praisepe
2271 926 2502 984 domini
2522 932 2621 985 sui
2648 932 2731 999 ’5;
2765 932 2947 988 Israel
2978 938 3182 991 autem
3212 937 3434 1009 Regem
3463 954 3643 997 suum

1989 1026 2111 1068 non
2137 1018 2437 1085 cognovit,
2470 1018 2575 1074 sed
2616 1017 3027 1091 deprehensus
3083 1027 3172 1079 est
3197 1022 3353 1080 bove
3397 1024 3645 1083 demen-

1990 1100 2122 1167 tior,
2154 1107 2211 1159 et
2265 1104 2440 1162 asino
2489 1108 2806 1180 stupidior,
2850 1111 3272 1181 cognoscendo
3312 1114 3637 1172 Dominum

1991 1204 2170 1245 suum
2196 1209 2209 1260 ;
2238 1191 2420 1266 idque
2450 1210 2594 1250 cum
2615 1196 2873 1252 infantes
2913 1198 3164 1257 minime
3193 1200 3416 1258 bovem
3442 1202 3504 1258 in
3531 1203 3642 1259 lin-

1990 1292 2111 1347 gua
2139 1278 2376 1352 ferrent,
2396 1283 2500 1339 sed
2522 1283 2747 1355 Regem
2772 1286 2955 1343 asello
2984 1287 3644 1365 insidentem,pompa-e

1988 1382 2106 1437 que
2116 1366 2295 1423 hodie
2306 1372 2753 1443 procedentem,
2768 1390 2838 1430 ac
2858 1375 3026 1447 quod
3049 1377 3193 1432 olim
3208 1378 3488 1437 vaticinio
3508 1396 3644 1454 pro.

1988 1454 2181 1511 ditum
2202 1463 2377 1524 esset,
2400 1459 2769 1533 implentem,
2801 1463 3234 1535 praedicarent;
3259 1466 3502 1537 alligare
3534 1468 3645 1524 sci-

1986 1541 2123 1598 licet
2149 1544 2229 1600 ad
2246 1544 2432 1601 vitem
2452 1547 2687 1618 pullum
2709 1565 2889 1605 suum
2911 1552 2982 1620 ²⁶,
3004 1551 3173 1623 quod
3193 1560 3304 1622 est,
3322 1570 3550 1612 novum
3573 1571 3647 1612 ex

1989 1632 2267 1700 gentibus
2286 1635 2793 1709 populum,quem
2813 1639 3077 1695 necdum
3098 1642 3237 1713 quis
3254 1641 3404 1713 jugo
3420 1645 3649 1701 manci-

1987 1726 2180 1793 parat,
2204 1725 2282 1777 ad
2312 1724 2493 1780 vitem
2517 1741 2591 1780 ex
2620 1729 2878 1799 [Egypto
2894 1728 3256 1787 translatam
3278 1731 3560 1805 colligare
3572 1735 3647 1793 ’7.

225 1822 416 1890 Atque
460 1816 582 1873 ί]Πο
629 1815 880 1889 quidem
924 1816 1190 1873 defuncti
1224 1816 1493 1873 loculum
1548 1816 1756 1887 tetigit,
1811 1832 1882 1872 ac
1912 1824 1957 1878 Β
2065 1810 2400 1877 Enimvero,
2434 1828 2644 1870 eorum
2683 1831 2819 1887 quae
2873 1818 3161 1889 mysterio
3207 1820 3436 1891 insunt,
3472 1822 3648 1879 mira-

225 1905 441 1978 puellaa
474 1920 732 1961 manum
785 1905 1183 1978 apprehendit
1211 1906 1288 1962 ad
1330 1905 1516 1961 vitam
1546 1905 1891 1961 instaurans

229 1999 513 2051 contactu
568 1993 791 2050 viviﬁci
842 1994 1113 2067 corporis
1151 2012 1164 2049 :
1210 1993 1309 2049 hic
1353 1999 1555 2050 autem
1587 1992 1715 2050 sola
1742 2007 1891 2049 voce

231 2084 417 2139 vitam
459 2082 786 2154 reparavit,
836 2098 981 2139 voce
1028 2082 1340 2153 nimirum,
1370 2098 1560 2155 quam
1603 2082 1892 2137 Judaicus

233 2172 500 2245 populus
530 2186 655 2227 non
688 2170 941 2239 audivit,
974 2176 1039 2226 ut
1085 2187 1264 2243 quos,
1300 2171 1475 2242 juxta
1516 2168 1887 2237 Davidem“,

242 2276 407 2316 mors
434 2264 735 2333 pasceret;
770 2274 910 2332 quae
950 2259 1237 2315 nimirum
1276 2258 1439 2315 velut
1476 2275 1642 2329 oves,
1685 2274 1810 2332 qua
1851 2258 1891 2314 ii

249 2347 609 2405 laborabant
633 2347 912 2415 caecitate,
940 2348 999 2402 in
1029 2347 1262 2403 inferno
1292 2347 1457 2420 ipsos
1480 2352 1760 2421 poneret:
1786 2350 1893 2403 La-

258 2453 433 2492 zarus
458 2452 597 2492 vero
631 2442 916 2508 tanquam
946 2436 1076 2491 ovis
1106 2435 1343 2503 Christi,
1366 2441 1751 2492 revocantem
1782 2451 1891 2509 pa-

257 2525 432 2582 storis
463 2539 661 2581 vocem
680 2524 997 2581 confestim
1027 2524 1577 2597 sensit,infernique
1606 2523 1894 2580 barathro

248 2612 533 2669 dimissus
548 2614 624 2669 ad
653 2619 969 2670 vocantem
990 2612 1181 2669 rediit.
1209 2613 1503 2685 Quodque
1525 2615 1749 2669 Mosem
1765 2613 1895 2685 qui-

241 2701 381 2758 dem
430 2717 495 2757 se
545 2701 715 2770 scire,
764 2700 1089 2758 Dominum
1137 2707 1337 2757 autem
1374 2700 1603 2756 nescire
1634 2718 1697 2757 se
1720 2701 1896 2757 incir-

242 2807 314 2847 cu
327 2789 501 2846 mcisi
545 2789 981 2858 asserebant“,
1012 2789 1687 2861 manifestius-seipsum
1718 2789 1896 2845 hodie

244 2877 532 2948 ostendit,
558 2878 744 2934 libere
764 2877 1169 2949 triumphans,
1200 2879 1487 2950 regioque
1511 2878 1706 2949 magis
1735 2878 1897 2934 cultu

234 2967 577 3041 procedens
604 2983 620 3031 ;
650 2966 939 3023 lactentes
962 2966 1222 3039 denique
1251 2965 1509 3022 infantes
1535 2966 1895 3038 producens,

232 3058 334 3131 qui
361 3057 695 3113 Dominum
724 3071 903 3111 suum
944 3061 1295 3125 agnoscant,
1329 3069 1401 3110 ac
1430 3059 1609 3110 testes
1640 3054 1777 3124 sint,
1808 3054 1897 3127 ip-

1999 1897 2270 1954 culorum
2301 1900 2424 1955 vim
2453 1902 2886 1973 intelligamus;
2920 1905 3069 1977 quin
3108 1909 3307 1979 potius
3341 1908 3649 1966 celebrita-

1998 1986 2072 2040 tis
2102 1986 2394 2044 miracula
2418 1990 2479 2044 in
2508 1990 2685 2046 nobis
2715 1992 2832 2062 ipsi
2861 1993 3274 2050 exhibeamus.
3306 1996 3651 2055 Efﬁciamur

1998 2073 2204 2130 Lazari
2231 2076 2443 2132 Christi
2464 2078 2639 2134 amici
2665 2095 2678 2145 ;
2714 2095 2950 2136 sorores
2974 2081 3152 2138 nobis
3182 2084 3543 2156 sapientiam
3565 2089 3649 2142 at-

1998 2177 2117 2234 que
2146 2162 2428 2221 virtutem
2456 2165 2751 2222 faciamus
2776 2186 2789 2236 ;
2820 2183 2891 2224 ac
2916 2168 2965 2224 si
2995 2171 3246 2242 quando
3276 2170 3438 2229 velut
3456 2172 3649 2230 homi-

1999 2265 2106 2305 nes
2135 2250 2428 2309 inﬁrmari
2457 2255 2786 2327 contigerit,
2822 2273 2927 2313 seu
2958 2259 3140 2314 etiam
3167 2260 3229 2316 in
3259 2266 3516 2318 mortem
3545 2262 3650 2319 ob-

2000 2338 2281 2407 dormire,
2313 2340 2725 2416 fuerimusque
2754 2350 3045 2419 tanquam
3073 2348 3133 2403 in
3164 2364 3350 2422 specu
3377 2350 3651 2423 quadam

2000 2429 2063 2483 in
2092 2430 2375 2501 praesenti
2422 2431 2638 2503 sepulti
2686 2434 2929 2502 saeculo,
2969 2435 3179 2504 aderit,
3221 2438 3325 2510 qui
3378 2444 3467 2494 est
3505 2439 3650 2510 vita,

2002 2516 2637 2593 Christus,magnaque
2652 2537 2805 2578 evan
2812 2522 3139 2593 gelicorum
3151 2524 3653 2585 documentorum

2001 2623 2148 2662 voce
2178 2606 2503 2664 clamabit:
2541 2610 2743 2667 Venite
2758 2613 2930 2682 foras
2949 2613 2997 2647 "
3027 2629 3065 2669 a
3085 2614 3285 2670 saeculi
3306 2622 3497 2673 morte
3521 2635 3534 2686 ;
3566 2622 3653 2674 at-

2002 2712 2122 2768 que
2142 2701 2207 2752 ut
2224 2696 2341 2753 alio
2362 2697 2633 2771 quodam
2650 2701 2783 2757 loco
2803 2702 3424 2777 dicit,Surgiteeamus
3437 2706 3652 2778 hinc”,

2002 2800 2114 2840 nos
2150 2785 2291 2842 inde
2338 2789 2722 2860 transferens,
2756 2795 2937 2863 atque
2983 2807 3019 2847 a
3050 2792 3254 2849 saeculi
3284 2800 3475 2851 morte
3512 2795 3656 2851 edu-

2004 2888 2189 2941 cens;
2223 2888 2293 2930 ac
2319 2879 2519 2932 statim
2565 2893 2596 2932 e
2647 2879 2869 2934 saeculo
2922 2879 3323 2950 egrediemur,
3365 2882 3655 2957 nulloque

2002 2962 2359 3034 prohibente
2379 2964 2461 3021 ad
2484 2965 2671 3022 vitam
2700 2967 3130 3039 procedemus,
3163 2970 3402 3026 tametsi
3434 2972 3654 3028 institis

2004 3049 2379 3123 ligari,quod
2401 3054 2663 3111 maxime
2683 3070 2912 3111 novum
2941 3072 3012 3112 ac
3039 3056 3379 3113 inauditum
3402 3077 3415 3126 ;
3434 3074 3656 3132 nempe

246 3161 387 3201 sum
429 3144 757 3201 Dominum
806 3159 935 3199 esse
985 3144 1091 3216 qui
1141 3141 1399 3199 custodit
1425 3142 1710 3214 parvulos
1731 3144 1800 3212 ¹“¹,
1827 3159 1898 3200 ac
1927 3168 1968 3222 ρ
2007 3138 2187 3195 etiam
2217 3141 2415 3195 carnis
2465 3142 2720 3198 vinculis
2772 3144 3037 3199 astricti:
3068 3144 3146 3200 ab
3184 3160 3255 3201 eo
3284 3146 3443 3202 enim
3488 3146 3658 3220 quod

244 3249 435 3307 quem
465 3231 660 3289 David
680 3231 1043 3288 vaticinatus
1073 3236 1166 3287 est
1185 3230 1506 3304 perfecisse
1536 3230 1783 3287 laudem
1829 3248 1903 3288 ex

242 3338 346 3380 ore
406 3321 732 3379 infantium
786 3326 843 3377 et
888 3320 1336 3388 lactentium“;
1390 3319 1707 3377 Zacharias
1759 3337 1903 3379 vero

233 3411 441 3470 Sionis
476 3413 704 3481 Regem
732 3409 1033 3483 praedixit,
1055 3414 1444 3466 mansuetum
1470 3415 1527 3465 et
1547 3409 1899 3483 salvantem,

233 3516 303 3557 ac
349 3501 461 3574 qui
516 3498 707 3555 asello
753 3498 1009 3555 vehatur
1035 3500 1101 3553 ¹⁹.
1153 3501 1300 3555 Cum
1349 3498 1508 3553 enim
1568 3497 1791 3555 Scribaa
1848 3503 1907 3556 et

232 3588 529 3646 Pharisaei
556 3587 836 3645 velamen
888 3586 1056 3643 cordi
1091 3585 1446 3658 impositum
1477 3587 1549 3652 '0,
1581 3584 1731 3642 dum
1762 3602 1904 3658 pro-

234 3679 441 3752 phetae
461 3691 535 3733 ac
556 3678 747 3733 Moses
763 3674 1364 3747 leguntur,habeant,
1378 3689 1449 3730 ac
1461 3674 1692 3731 clavem
1719 3675 1907 3731 scien-

234 3768 334 3825 tiae
364 3771 643 3823 tenentes
673 3764 901 3821 nedum
932 3764 1046 3837 ipsi
1078 3779 1204 3820 non
1244 3763 1681 3833 ingrediantur.
1710 3765 1817 3820 sed
1850 3770 1908 3822 et

233 3855 481 3927 ingredi
499 3853 769 3911 volentes
796 3852 1159 3927 prohibeant
1177 3856 1249 3921 ",
1273 3852 1592 3910 infantium
1616 3868 1742 3922 ora,
1768 3869 1907 3927 quae

236 3945 313 4003 de
341 3944 581 4001 Christo
612 3947 772 4013 sunt,
799 3942 1098 3999 vaticiniis
1128 3939 1482 4014 promendis
1506 3940 1807 4009 laxantur,
1837 3958 1908 3999 ac

236 4032 471 4107 quibus
504 4032 726 4103 linguae
768 4047 915 4087 usus
957 4037 1234 4102 negatus,
1278 4030 1452 4104 pueri
1480 4029 1906 4099 balbutientes,

240 4123 695 4195 Scripturarum
712 4119 1420 4177 obscuradilucidissime
1434 4118 1761 4190 explanant
1776 4139 1789 4186 ;
1803 4114 1909 4176 do-

245 4217 512 4283 centque
558 4208 778 4265 surdos
819 4213 1124 4281 parentes,
1173 4224 1242 4265 ac
1284 4208 1389 4280 qui
1427 4223 1595 4263 more
1625 4208 1907 4280 aspidum

250 4315 436 4357 aures
483 4298 771 4355 obturant
798 4300 866 4353 ”.
902 4299 1063 4354 Docti
1097 4314 1133 4353 a
1163 4300 1284 4353 Deo
1309 4298 1499 4369 pueri,
1527 4302 1769 4370 sumpto
1801 4297 1910 4355 Da-

242 4388 449 4445 vidico
504 4387 810 4459 psalterio,
840 4386 1147 4459 lectisque,
1180 4402 1318 4459 quae
1369 4384 1486 4441 sint
1532 4391 1677 4457 apta
1729 4390 1908 4458 atque

2010 3232 2099 3283 est
2124 3227 2347 3284 vincire
2376 3229 2670 3297 animam,
2698 3232 2900 3289 Graeca
2929 3247 3077 3288 voce
3105 3228 3269 3305 δέμας
3314 3236 3411 3303 (ac
3453 3235 3499 3290 si
3532 3236 3657 3292 vin-

2011 3315 2213 3372 culum
2238 3316 2427 3389 dicas)
2454 3318 2826 3391 sapientibus
2852 3336 3073 3393 corpus
3119 3328 3530 3395 nuncupatur.
3565 3325 3658 3381 Ni-

2010 3402 2095 3460 hil
2113 3409 2317 3461 tamen
2342 3404 2489 3461 illud
2520 3412 2701 3477 vetat,
2741 3408 2890 3480 quin
2918 3408 3133 3465 mundi
3178 3410 3362 3481 hujus
3399 3416 3657 3469 mortem

2012 3491 2312 3549 afferentis
2329 3494 2768 3551 necessitudine
2784 3496 3323 3564 excedamus,dum
3339 3498 3536 3556 solum
3549 3501 3660 3557 Do-

2013 3581 2161 3637 mini
2212 3596 2425 3638 vocem
2466 3583 2861 3652 audierimus,
2906 3589 3087 3658 atque
3132 3585 3214 3643 ad
3262 3586 3464 3661 ipsum
3494 3593 3662 3647 extra

2013 3675 2214 3727 castra
2240 3686 2553 3741 exeamus,
2585 3671 2744 3729 velut
2770 3674 2877 3746 qui
2929 3680 3278 3731 manentem
3324 3675 3421 3733 hic
3464 3676 3664 3734 civita-

2012 3764 2156 3830 tem,
2187 3765 2253 3816 ut
2279 3760 2522 3816 divinus
2550 3762 2872 3834 Apostolus
2917 3762 3182 3837 loquitur
3198 3765 3266 3833 ³ο,
3294 3780 3418 3824 non
3441 3766 3669 3824 habea-

2013 3863 2173 3912 mus,
2195 3863 2306 3904 nec
2333 3849 2472 3905 vitae
2495 3850 2852 3922 reparandae
2882 3868 3053 3925 spem
3084 3852 3469 3925 abjiciamus,
3495 3854 3592 3911 vel
3615 3855 3667 3911 si

2013 3937 2226 3993 mundi
2245 3937 2493 3994 libidine
2514 3939 2904 4011 quatriduani
2918 3940 3196 3997 foetemus
3220 3960 3233 4010 ;
3252 3942 3359 4014 qui
3376 3942 3665 3999 nimirum

2015 4032 2276 4098 quatuor
2295 4032 2520 4099 aetates,
2535 4028 2874 4099 pueritiam,
2897 4028 3391 4100 adolescentiam,
3408 4030 3662 4099 virilem,

2015 4131 2086 4173 ac
2124 4120 2492 4171 senectutem
2521 4116 2739 4172 mortui
2764 4120 3090 4187 egerimus,
3135 4122 3317 4190 atque
3348 4118 3424 4175 ad
3466 4118 3665 4191 ipsam

2013 4203 2477 4261 dissolutionem
2527 4205 2871 4260 venerimus
2909 4223 2923 4261 :
2980 4206 3207 4279 quippe
3246 4206 3510 4264 Christus
3559 4206 3666 4281 qui

2014 4292 2233 4349 mortui
2257 4292 2377 4347 sint
2400 4290 2631 4348 delictis
2650 4292 2695 4328 ³¹
2726 4294 3017 4350 suscitare
3045 4294 3230 4351 novit.
3284 4295 3377 4351 Ad
3418 4295 3547 4353 hac
3572 4298 3668 4367 ju-

2014 4381 2199 4437 menti
2219 4379 2485 4436 indolem
2520 4379 2686 4453 apud
2709 4380 3077 4439 Salvatorem
3112 4383 3337 4440 Davide
3356 4388 3599 4441 auctore
3616 4384 3665 4420 ⁸³

245 4480 613 4547 congruant,
634 4475 764 4547 ejus
780 4476 1048 4540 canticis,
1080 4474 1276 4531 Solem
1292 4473 1538 4546 justitiae
1568 4472 1907 4546 aquilarum
1939 4514 1984 4570 Β
2013 4470 2361 4537 induamus,
2390 4474 2456 4525 ut
2484 4485 2712 4542 pompa
2735 4486 2846 4543 pro
2876 4471 3054 4528 nobis
3084 4472 3378 4529 adversus
3410 4478 3667 4530 mortem

242 4565 416 4621 visus
441 4565 722 4621 acumine
744 4564 899 4620 clare
921 4563 1315 4635 prospiciunt,
1336 4578 1408 4617 ac
1427 4561 1777 4635 parentibus
1797 4562 1901 4635 qui
1939 4558 1981 4570 ”
2018 4558 2443 4632 procedentem
2467 4560 2669 4631 ipsum
2700 4560 3015 4617 vehamus.
3043 4562 3393 4618 Sternamus
3420 4562 3471 4617 ei
3489 4562 3665 4619 vesti-

247 4659 429 4710 acute
458 4666 704 4708 cernere
750 4650 958 4718 nolint,
990 4666 1103 4707 nec
1142 4650 1355 4723 aquilae
1385 4650 1701 4722 juventute
1728 4665 1903 4707 reno-

244 4747 484 4807 ventur,
500 4740 608 4796 sed
623 4740 829 4796 litterae
848 4743 1145 4796 vetustate
1167 4740 1503 4809 caecutiant,
1523 4739 1902 4812 adaperiunt:

246 4831 571 4893 Hosanna,
610 4828 810 4895 aiunt;
852 4828 1211 4884 Benedictus
1240 4828 1347 4899 qui
1384 4829 1544 4884 venit
1575 4829 1639 4883 in
1668 4829 1907 4886 nomine

248 4920 516 4989 Domini,
558 4919 679 4975 Rea:
725 4919 919 4975 Israel
940 4918 1012 4973 ³⁵.
1039 4916 1153 4973 Vix
1192 4934 1317 4973 non
1343 4917 1532 4987 digito
1570 4921 1910 4974 monstrant

247 5008 553 5075 infantes,
612 5012 794 5080 atque
848 5006 1165 5080 predicant
1217 5006 1413 5063 Sionis
1478 5008 1699 5076 Regem
1755 5022 1905 5074 esse,

247 5102 648 5153 mansuetum
668 5095 838 5151 illum
865 5110 936 5151 ac
966 5094 1324 5151 salvantem.
1360 5094 1526 5151 Idem
1557 5094 1719 5150 enim
1748 5094 1908 5151 valet

246 5187 563 5253 Hosanna,
595 5202 684 5251 ac,
720 5187 931 5253 Salva,
966 5201 1183 5256 quaeso.
1220 5184 1390 5241 Haud
1418 5191 1620 5240 tamen
1653 5183 1910 5241 miracu-

246 5276 378 5333 lum
424 5277 489 5331 in
539 5290 759 5348 pueros
809 5276 1099 5331 convertit
1141 5274 1246 5347 qui
1284 5272 1691 5329 incircumcisi
1720 5272 1912 5329 cordi-

326 5437 374 5470 "
404 5433 564 5491 Psal.
593 5448 840 5499 Lxxxvn,
881 5436 962 5488 lt.

2010 4653 2234 4712 menta,
2264 4660 2486 4719 nempe
2529 4662 2772 4703 carnem
2822 4649 3056 4721 spiritui
3101 4649 3508 4721 subjicientes,
3557 4649 3667 4706 hu-

2012 4736 2323 4793 militatem
2340 4738 2699 4794 colamus.Si
2720 4738 2980 4793 necdum
2997 4737 3135 4793 licet
3148 4738 3209 4793 in
3229 4738 3473 4794 arbores
3492 4738 3667 4809 juxta

2016 4842 2314 4900 aquarum
2370 4827 2562 4883 exitus
2615 4829 2881 4883 consitas
2900 4828 2971 4893 '3,
3027 4833 3177 4900 puta
3218 4827 3508 4900 palmam,
3560 4832 3667 4884 aut

2015 4914 2259 4971 cedrum
2294 4914 2523 4985 Libani,
2550 4915 2674 4971 sive
2699 4914 2923 4971 olivam
2948 4915 3317 4972 fructiferam
3340 4915 3665 4987 (cujusmo-

2016 5004 2079 5060 di
2104 5003 2285 5060 arbor
2313 5003 2423 5060 Job
2473 5003 2571 5059 ille
2598 5004 2796 5075 justus
2844 5009 2991 5074 erat,
3037 5004 3385 5075 cujusmodi
3428 5004 3667 5061 divinus

2017 5090 2207 5148 David
2229 5091 2574 5149 adolescere
2609 5108 2624 5148 :
2656 5092 2753 5149 vel
2776 5108 2981 5149 ramos
3003 5108 3075 5150 ex
3093 5094 3315 5150 sanctis
3342 5092 3455 5149 illis
3486 5094 3666 5150 arbo-

2014 5179 2204 5248 ribus,
2234 5179 2524 5236 virtutum
2573 5180 2799 5237 scilicet
2826 5180 3109 5250 stolones,
3141 5181 3365 5255 quibus
3406 5181 3491 5238 illi
3542 5198 3668 5239 sca-

2018 5276 2207 5328 tentes
2252 5270 2696 5339 eluxuriabant,
2728 5270 3034 5341 tollamus,
3067 5271 3406 5346 plausuque
3428 5272 3667 5329 venien-

1044 5433 1088 5468 ¹³
1120 5431 1263 5490 Luc.
1308 5448 1440 5504 vui,
1471 5434 1557 5487 54.
1637 5432 1683 5466 ¹¹ι
1712 5432 1898 5504 Lucg

2030 5432 2115 5487 14.
2196 5430 2242 5465 ¹⁵
2285 5428 2441 5504 Psal.
2493 5446 2691 5497 vam,
2732 5436 2813 5489 t5.
2870 5432 3235 5504 V“_Joa_n.ix,
3269 5435 3358 5487 29.
3439 5430 3480 5504 ιζ’
3512 5430 3664 5504 Psal.

252 5521 397 5577 cnv,
425 5509 477 5561 6.
518 5574 521 5577 λ
560 5505 606 5539 η
638 5504 791 5577 Psal.
825 5520 945 5570 vui,
976 5506 1029 5560 3.
1096 5505 1156 5577 ἔμ’
1188 5502 1367 5561 Zach.
1413 5520 1486 5573 ix,
1528 5507 1586 5577 ρ.
1628 5504 1712 5577 ᾉ²θ
1741 5502 1788 5557 II
1838 5502 1898 5558 Ct

2022 5517 2102 5571 ιιι,
2124 5504 2240 5577 Δ,15ζ
2316 5502 2365 5577 ξι
2418 5502 2556 5557 Luc.
2589 5518 2649 5568 ιι,
2694 5505 2785 5577 52.
2813 5574 2834 5577 _
2860 5503 2909 5538 ²²
2948 5502 3102 5559 Psal.
3135 5507 3374 5577 “11,51
3429 5502 3479 5537 ³⁸
3506 5502 3667 5558 Psal.

251 5588 347 5645 cn,
378 5569 431 5633 ὃ.
508 5574 558 5611 ’⁸
590 5576 789 5647 Matth.
820 5590 896 5641 ιιι,
932 5569 1065 5647 17.
1094 5575 1144 5609 ’⁸
1176 5579 1291 5647 lsa.
1324 5590 1364 5643 ι,
1394 5580 1445 5629 5.
1474 5569 1481 5573 ν
1522 5575 1571 5609 ’⁸
1602 5575 1743 5647 Cen.
1770 5589 1898 5647 nux

2002 5577 2045 5631 ι.
2087 5569 2093 5571 ⁷
2122 5572 2166 5608 ³⁷
2204 5569 2358 5630 Psal.
2387 5586 2576 5644 me,
2604 5576 2656 5628 9.
2734 5573 2784 5608 ’³
2806 5574 2978 5631 Joan.
3004 5589 3073 5647 ιι,
3096 5577 3188 5631 44.
3249 5569 3313 5609 ’³⁸
3345 5574 3520 5632 Joan.
3550 5588 3666 5643 xw,

256 5654 346 5705 31.

428 5649 478 5683 ³ο
497 5646 678 5705 Hebr.
713 5662 836 5718 xm,
864 5650 950 5703 13.
1026 5646 1073 5681 ⁸¹
1107 5645 1417 5716 001038.11,
1451 5650 1536 5703 13.
1614 5645 1663 5681 ⁸⁸
1700 5644 1859 5703 Psal.
1891 5662 1930 5715 ι,
1960 5648 2019 5702 3.
