4152 6208
487 298 589 357 327

484 514 672 570 rimus
698 514 842 586 justi
880 513 1180 578 homines,
1221 528 1486 581 veraces,
1549 512 1673 568 sine
1717 509 1986 576 crimine,
2029 505 2129 562 Dei

486 603 761 669 cultores,
777 601 856 658 ab
877 602 1043 658 omni
1074 618 1136 659 re
1155 601 1317 658 mala
1345 618 1458 658 nos
1483 601 1871 667 abstinentes,
1896 598 1980 654 sic
1999 595 2129 652 Jobi

487 706 650 746 more
672 692 718 724 ³⁸
749 691 1024 763 perfectae
1057 691 1460 747 exstiterimus
1507 690 1772 760 arbores,
1823 687 1928 760 qui
1954 685 2128 741 nimi-

481 794 615 835 rum
635 783 696 835 ut
714 779 988 835 sublimis
1002 779 1409 852 frondosaque
1427 779 1629 852 palma
1643 777 1916 843 effloruit;
1931 775 2130 832 aiebat

484 867 644 922 enim
694 867 817 924 fore
860 872 924 924 ut
967 874 1304 925 senesceret
1347 873 1493 925 tetas
1525 884 1653 936 sua,
1686 867 1838 924 sicut
1883 871 2128 922 truncus

483 955 738 1027 palmae:
780 973 1110 1029 rursusque
1143 957 1366 1013 erimus
1405 957 1490 1013 uti
1537 956 1723 1013 David
1772 956 1930 1012 oliva
1976 954 2128 1009 fruc-

484 1045 652 1102 tifera
682 1045 750 1113 ³⁵,
781 1046 830 1101 si
851 1045 979 1116 ejus
1013 1046 1232 1118 pariter
1256 1045 1644 1113 fortitudinis,
1678 1061 1748 1101 ac
1781 1047 2127 1100 mansuetu-

483 1134 640 1189 dinis
672 1135 1049 1191 aemulatores
1076 1136 1383 1206 fuerimus,
1410 1152 1532 1208 quo
1563 1136 1650 1191 vir
1671 1134 1835 1191 cordi
1859 1134 2123 1206 placens,

485 1237 676 1294 exque
707 1223 833 1294 ejus
867 1225 1136 1280 moribus
1187 1241 1222 1280 a
1269 1228 1386 1280 Deo
1435 1225 1832 1280 inveniamur.
1867 1221 2034 1288 Quod
2080 1221 2127 1275 si

484 1318 691 1368 nostra
711 1313 956 1384 segnitie
984 1329 1106 1369 non
1136 1330 1460 1386 possumus
1484 1329 1727 1369 omnem
1749 1312 1986 1368 illorum
2013 1310 2125 1365 vir-

484 1404 671 1457 tutem
730 1401 972 1466 imitari,
1042 1403 1218 1458 flores
1276 1403 1430 1472 illos,
1497 1404 1798 1458 fructuum
1866 1401 2124 1473 copiam,

482 1491 857 1561 patientiam,
875 1491 1153 1547 laborum
1178 1491 1634 1560 certamina,vel
1657 1491 1894 1548 Davidis
1919 1490 2128 1546 saltem

483 1581 1028 1651 mansuetudinem,
1061 1587 1164 1637 aut
1192 1581 1554 1638 modestiam
1583 1581 1854 1638 colamus
1885 1582 1954 1649 ³⁸,
1983 1595 2130 1652 qua-

484 1672 656 1724 tenus
688 1670 870 1725 etiam
904 1686 967 1725 se
997 1686 1286 1738 vermem,
1319 1686 1444 1726 non
1492 1687 1629 1726 vero
1683 1671 1990 1726 hominem
2023 1685 2126 1741 ap-

481 1756 745 1829 pellabat
769 1759 835 1792 θε·
869 1774 880 1814 ε

481 1861 612 1902 cem
633 1847 888 1902 oderunt
909 1848 978 1913 37,
997 1848 1269 1903 animum
1293 1848 1436 1903 nihil
1457 1848 1813 1919 injuriarum
1829 1853 2124 1910 tenacem,

478 1931 803 2000 lenitatem,
835 1952 1170 2008 rursusque
1209 1937 1339 1993 Jobi
1377 1937 1437 1992 in
1473 1938 1900 1994 tentationibus
1938 1938 2124 1993 invic-

479 2027 605 2079 tam
631 2024 1054 2091 constantiam,
1086 2025 1338 2082 liberare
1361 2041 1690 2098 pauperem
1721 2027 1795 2083 de
1818 2043 2005 2083 manu
2024 2043 2128 2099 po-

478 2113 674 2180 tentis,
693 2113 989 2186 pupillum
1005 2115 1220 2186 juvare
1242 2115 1336 2171 cui
1357 2115 1508 2171 desit
1528 2117 1600 2171 ad
1604 2117 1766 2187 jutor
1787 2118 1855 2184 ³⁸,
1879 2116 2127 2172 induere

475 2199 788 2272 justitiam,
817 2217 887 2258 ac
919 2207 1208 2274 tanquam
1236 2202 1503 2274 diploide
1535 2220 1596 2259 se
1623 2205 1831 2259 vestire
1857 2205 2084 2275 judicio
2110 2221 2123 2271 ;

479 2290 723 2346 oculum
756 2306 883 2345 esse
937 2307 1258 2360 caecorum,
1291 2292 1647 2348 claudorum
1674 2293 1912 2364 pedem,
1962 2293 2125 2349 inva-

476 2377 734 2434 lidorum
764 2384 1019 2451 patrem.
1050 2383 1271 2436 Harum
1317 2381 1604 2436 virtutum
1650 2398 1834 2454 opera
1875 2382 1924 2436 si
1964 2383 2127 2438 exhi-

478 2465 810 2534 buerimus,
844 2483 914 2522 ex
949 2468 1272 2524 arboribus
1305 2486 1340 2524 a
1371 2473 1488 2526 Deo
1513 2471 1654 2525 satis
1681 2488 1882 2526 ramos
1912 2472 2127 2527 excidi-

479 2569 639 2622 mus,
673 2571 741 2611 ac
765 2555 1087 2611 Salvatoris
1120 2557 1312 2612 cultus
1335 2559 1732 2627 gestavimus.

549 2643 639 2698 Ad
669 2644 798 2699 haec
839 2660 950 2700 nos
993 2662 1029 2700 a
1086 2646 1259 2701 malis
1315 2647 1762 2703 abstineamus:
1807 2648 2126 2705 infantium

478 2731 920 2803 simplicitatem
968 2732 1289 2804 imitemur,
1327 2735 1538 2790 talium
1579 2738 1734 2792 enim
1764 2743 1845 2792 est
1877 2753 2126 2806 regnum

479 2821 763 2878 calorum
777 2823 843 2876 ³ο.
867 2823 947 2877 Ex
969 2819 1186 2878 horum
1217 2823 1396 2880 etiam
1414 2840 1512 2880 ore
1531 2841 1692 2880 nunc
1708 2829 1862 2881 Deus
1880 2826 2123 2882 laudem

476 2911 737 2982 perfecit.
775 2911 831 2967 Si
865 2912 1132 2967 Ecclesia:
1156 2913 1311 2968 ﬁlius
1333 2913 1747 2977 es,humiliare
1770 2918 1918 2971 sicut
1950 2915 2113 2972 abla-

477 3003 668 3056 ctatus
699 3016 880 3072 super
907 3005 1094 3057 matre
1135 3018 1244 3057 sua
1266 3003 1331 3056 ‘0.
1353 3003 1476 3059 Noli
1527 3003 1766 3059 malitiae
1800 3005 2023 3060 haerere
2056 3021 2125 3060 ac

1368 295 1734 356 MICHAELIS
1771 284 2155 353 ACOMINATI
2191 278 2632 348 ATHENARUM
2667 285 2994 350 ARCHIEP.

486 429 605 482 tem
631 424 1016 498 accipientes,
1060 423 1350 482 Salvatori
1396 423 1864 496 praetendamus.
1915 419 1972 476 Si
2010 418 2128 474 tue-
2157 418 2204 472 A
2245 416 2602 486 loquebatur
2653 418 2734 475 ad
2785 419 2983 476 eos“:

3785 293 3892 349 328

3030 430 3141 474 nec
3185 413 3341 472 velut
3389 413 3472 471 illi
3517 414 3600 471 dii
3652 431 3893 487 sumus,

2238 520 2432 578 neque
2458 506 2562 562 ﬁlii
2587 507 2816 564 Excelsi
2837 510 2918 575 ‘6;
2948 506 3052 563 sed
3085 504 3530 562 sicuthomines
3570 505 3889 573 morimur,

2239 599 2295 652 et
2329 597 2478 653 sicut
2534 614 2692 654 unus
2732 615 2762 655 e
2811 597 3187 671 principibus
3217 595 3510 652 cadimus.
3554 598 3712 651 Verae
3760 597 3894 653 haec

2237 686 2467 756 obiicis,
2501 703 2533 744 o
2558 689 2754 757 bone;
2789 705 2858 745 ac
2891 704 3001 744 nos
3033 687 3300 760 quidem,
3336 685 3548 758 inquit,
3594 685 3740 742 tales
3788 701 3892 742 su-

2237 791 2411 844 mus;
2462 782 2527 832 tu
2572 794 2709 834 vero
2757 777 2919 834 unde
2956 775 3128 833 nobis
3167 791 3360 831 novus
3397 779 3640 846 repente
3680 773 3892 832 Daniel

2237 871 2399 922 ortus
2430 870 2518 923 est
2541 867 2621 920 l'7?
2641 868 2778 934 Quis
2813 868 2919 924 tibi
2951 865 3394 940 presbyterium
3423 864 3609 930 dedit,
3641 870 3704 921 ut
3727 865 3889 937 judi-

2236 954 2402 1010 cibus
2429 955 2722 1026 judicium
2766 973 2982 1030 ponas,
3019 972 3088 1013 ac
3137 955 3439 1011 illumines
3482 953 3746 1025 oculum,
3781 953 3891 1026 qui

2237 1059 2364 1116 pes,
2390 1051 2490 1100 aut
2517 1061 2756 1114 manus,
2784 1045 2875 1102 vel
2915 1045 3077 1102 auris
3106 1044 3376 1113 exsistas,
3409 1048 3588 1115 atque
3628 1043 3753 1098 ovis
3786 1059 3892 1114 pa-

2237 1138 2455 1190 storem
2479 1151 2695 1207 pascas
2718 1151 2788 1191 ac
2812 1150 3008 1205 regas,
3037 1133 3385 1205 doctorique
3408 1131 3736 1205 discipulus
3753 1148 3891 1188 san-

2238 1222 2361 1279 cias
2382 1223 2408 1276 ?
2430 1239 2690 1294 quorum
2739 1223 2986 1280 leonum
3015 1239 3120 1279 ora
3150 1219 3455 1278 frenasti"
3477 1222 3504 1276 ?
3534 1222 3707 1292 cujus
3748 1221 3888 1277 dra-

2237 1311 2426 1375 conis,
2457 1311 2583 1366 sine
2617 1327 2763 1366 saxo
2803 1327 2873 1366 ac
2917 1311 3069 1366 fuste
3113 1311 3381 1366 medium
3430 1314 3698 1365 ventrem
3728 1307 3890 1364 diru-

2237 1400 2375 1471 pisti
2395 1403 2439 1436 ⁵⁹
2460 1401 2487 1456 ?
2510 1402 2795 1465 Quaenam
2818 1399 2924 1455 tibi
2941 1399 3274 1454 futurorum
3295 1397 3554 1453 revelata
3570 1396 3890 1470 mysteria?

2238 1489 2391 1544 Proh
2421 1489 2767 1553 caecitatem,
2795 1505 2919 1560 qua
2949 1488 3239 1544 festucam
3280 1488 3339 1542 in
3368 1486 3564 1542 fratris
3593 1487 3768 1542 oculo
3809 1487 3889 1542 vi-

2237 1579 2366 1645 des,
2400 1593 2510 1634 nec
2542 1578 2603 1633 in
2635 1583 2688 1634 te
2728 1578 3059 1634 maximam
3087 1577 3313 1632 trabem
3347 1576 3605 1632 advertis
3627 1575 3707 1630 50!
3756 1578 3888 1631 Non

2239 1683 2452 1723 sumus
2489 1666 2747 1736 Samuel,
2782 1682 2978 1738 neque
3016 1672 3241 1732 Aaron;
3295 1680 3490 1737 neque
3535 1665 3695 1720 enim
3735 1665 3889 1719 sicut

922 1758 1015 1814 vel
1043 1775 1240 1815 mores
1284 1760 1570 1832 paciﬁcos
1598 1776 1736 1815 cum
1761 1760 1856 1825 iis,
1889 1759 1991 1831 qui
2021 1774 2123 1831 pa-
2154 1768 2195 1824 Β
2233 1755 2313 1812 illi
2333 1756 2434 1812 Dei
2461 1755 2803 1811 testimonia
2828 1755 3298 1818 custodimus,et
3324 1752 3613 1809 mandata
3629 1752 3730 1808 Dei
3747 1769 3886 1825 qua:

2236 1844 2590 1901 deditnobis
2609 1862 2620 1896 :
2640 1860 2763 1901 non
2786 1849 2986 1900 tamen
3012 1849 3330 1916 pr0pterea
3346 1842 3450 1915 qui
3467 1857 3589 1898 non
3611 1857 3883 1914 spernas,

2236 1951 2342 1992 seu
2371 1935 2518 1990 alias
2541 1934 2797 2004 judices,
2819 1933 3247 2005 justiﬁcaberis
3273 1951 3284 2000 ;
3308 1936 3428 2003 aut,
3446 1931 3615 2004 quod
3641 1931 3888 1986 misera-

2234 2023 2477 2092 bilius,a
2495 2039 2680 2096 poena
2695 2023 2982 2078 immunis
2999 2022 3130 2086 eris,
3151 2021 3366 2094 partim
3387 2021 3638 2076 docente
3655 2020 3888 2075 Christo

2235 2119 2300 2169 ut
2345 2130 2478 2185 quae
2527 2113 2732 2168 dicunt
2782 2112 3125 2167 sacerdotes
3169 2109 3463 2182 sequaris,
3504 2124 3700 2181 neque
3748 2123 3886 2181 quae

2236 2201 2733 2272 aguntcuriosius
2753 2199 3020 2272 inquiras
3043 2201 3086 2233 5‘
3116 2214 3128 2264 ;
3155 2198 3376 2271 partim
3398 2203 3678 2254 monente
3701 2196 3885 2253 Paulo

2241 2295 2301 2346 ut
2321 2290 2656 2362 praepositis
2676 2289 2949 2354 obedias,
2965 2304 3032 2344 ac
3054 2287 3165 2343 illis
3193 2286 3502 2356 subjectus
3521 2287 3600 2341 sis
3621 2301 3634 2353 ;
3652 2285 3880 2358 quippe

2235 2381 2340 2451 qui
2362 2379 2605 2448 vigilent
2626 2383 2919 2450 tanquam
2950 2377 3245 2433 rationem
3279 2392 3389 2448 pro
3419 2375 3742 2433 animabus
3776 2390 3885 2430 no-

2238 2469 2374 2525 stris
2401 2469 2688 2524 reddituri
2707 2470 2774 2523 “.
2795 2467 2996 2536 Vides,
3021 2467 3227 2538 jussus
3249 2467 3375 2539 ipse
3397 2483 3531 2522 sum
3559 2471 3621 2522 ut
3647 2465 3886 2536 vigilem

2236 2574 2306 2614 ac
2331 2575 2464 2630 quae
2495 2563 2545 2612 te
2577 2556 3230 2628 spectant,diligentius
3255 2562 3504 2626 scruter,
3532 2555 3686 2611 velut
3709 2554 3888 2610 ratio-

2235 2662 2374 2702 nem
2415 2662 2523 2718 pro
2575 2652 2626 2701 te
2676 2645 3018 2701 redditurus
3053 2663 3065 2713 ;
3110 2660 3232 2701 non
3266 2645 3370 2701 tibi
3413 2650 3783 2717 praeceptum
3824 2649 3891 2700 ut

2235 2736 2479 2791 easdem
2502 2736 2561 2790 in
2584 2751 2681 2790 me
2704 2741 2902 2806 partes
2928 2734 3301 2806 exsequaris.
3325 2736 3471 2804 Lege
3486 2733 3629 2788 mihi
3642 2737 3889 2788 cautum

2239 2832 2299 2881 ut
2321 2825 2525 2897 populi
2556 2825 2786 2896 lepram
2808 2825 3150 2897 dispiciam,
3176 2840 3247 2879 ac
3269 2823 3375 2895 qui
3391 2824 3504 2879 hac
3537 2821 3888 2893 aegritudine

2234 2914 2466 2970 laboret
2494 2914 2588 2969 vel
2611 2914 2929 2983 mundum,
2951 2913 3044 2969 vel
3067 2912 3448 2968 immundum
3471 2912 3887 2984 pronuntiem:

2235 3020 2415 3076 parce
2434 3004 2613 3074 igitur
2637 3003 2932 3073 dignitati,
2956 3003 3129 3076 eique
3155 3002 3550 3058 reverentiam
3569 3000 3892 3072 habe,quee

477 3089 794 3160 superbire,
823 3091 1038 3146 nutrici
1065 3089 1123 3146 in
1143 3091 1352 3163 spiritu
1379 3091 1959 3158 adlizereﬂuorsum
1982 3111 2120 3151 cum
2163 3119 2201 3173 ρ
2239 3094 2532 3149 Aaronico
2559 3109 2629 3148 ac
2660 3091 2952 3148 Samuelis
2984 3091 3316 3146 sacerdotio
3349 3096 3528 3162 atque
3559 3090 3766 3146 ordine
3796 3104 3895 3144 ve-

476 3177 594 3234 Deo
625 3194 880 3250 pugnas,
899 3179 1001 3251 qui
1027 3179 1316 3234 adversus
1346 3181 1552 3236 Christi
1575 3197 1862 3253 sponsam
1893 3183 2131 3242 insania

475 3265 683 3322 feraris
702 3266 730 3321 ?
754 3268 1095 3324 Maledictio
1119 3272 1328 3325 matris
1351 3270 1504 3325 eruit
1525 3271 1928 3338 fundamenta
1953 3274 2129 3329 “.Sin

475 3360 679 3411 autem
697 3355 797 3411 illa
823 3356 1000 3412 etiam
1025 3356 1234 3412 Christi
1258 3373 1487 3429 sponsa
1509 3360 1678 3429 est,ej
1693 3376 1758 3414 us
1785 3360 2126 3418 maledictio

473 3444 620 3515 quid
651 3460 772 3502 non
803 3446 1156 3516 praestabit?
1193 3447 1320 3502 Noli
1359 3448 1462 3519 qui
1513 3463 1619 3519 per
1660 3448 1967 3518 baptisma
2015 3453 2114 3506 Dei

475 3532 632 3589 ﬁlius
663 3534 853 3590 factus
871 3550 954 3600 es,
986 3535 1044 3589 in
1069 3536 1268 3605 vipere
1284 3535 1469 3590 fetum
1489 3537 1948 3600 demutari,eam
1969 3556 2126 3595 mor-

476 3619 719 3678 dentem
751 3638 821 3677 ac
838 3620 1190 3678 exedentem
1208 3640 1340 3694 quae
1364 3631 1417 3678 te
1445 3625 1732 3695 spirituali
1758 3633 1928 3696 partu
1950 3630 2126 3685 enixa

477 3715 594 3771 est;
624 3725 818 3782 neque
850 3710 1119 3778 ingratus
1162 3712 1650 3782 deprehendaris,
1675 3715 1777 3785 qui
1819 3717 1982 3772 velut
2011 3719 2123 3774 asi-

474 3813 590 3854 nus
620 3797 771 3854 lacte
803 3798 1094 3853 distentus
1134 3799 1195 3854 in
1240 3799 1508 3855 altricem
1563 3801 1850 3858 calcitres.
1892 3807 2126 3862 Terreat

475 3886 800 3958 ﬂagellum,
820 3903 942 3959 quo
968 3888 1141 3960 plexo
1172 3889 1348 3944 hodie
1366 3889 2116 3964 Christus,contemptores,

475 3993 547 4033 ac
568 3978 666 4049 qui
685 3977 1075 4049 profanarent
1091 3977 1343 4033 domum
1363 3979 1672 4048 orationis,
1687 3981 1973 4036 credendo
1988 3983 2122 4038 abe-

474 4064 558 4136 git
575 4065 643 4123 ⁵³.
667 4067 898 4122 Terreat
925 4071 976 4122 te
998 4066 1318 4138 proditoris
1339 4068 1531 4133 restis,
1557 4084 1629 4124 ne
1652 4074 1707 4124 et
1737 4070 1862 4141 ipse
1889 4070 1949 4125 in
1983 4087 2116 4128 eam

471 4154 723 4222 incidas,
777 4157 880 4227 qui
926 4154 1118 4212 locelli
1162 4174 1346 4214 causa
1410 4159 1767 4228 magistrum
1830 4160 2117 4230 tradidit;

473 4259 619 4300 neve
649 4245 854 4299 nefarii
881 4261 1087 4300 eorum
1113 4247 1341 4302 consilii
1369 4248 1875 4318 sociuseﬁlciaris,
1895 4251 2120 4322 quibus

473 4349 611 4388 cum
645 4333 869 4402 Caipha
898 4338 952 4387 et
983 4335 1162 4389 Pilato
1188 4340 1492 4406 pastorem
1524 4345 1830 4408 percutere
1871 4355 1939 4394 ac
1972 4356 2113 4396 oves

473 4421 815 4491 dispergere
845 4423 1136 4478 convenit.
1167 4425 1459 4479 Hactenus
1494 4427 1652 4480 enim
1681 4428 1887 4482 omitto
1922 4429 2117 4483 dicere

472 4508 546 4564 de
575 4513 739 4575 Core,
773 4506 1026 4565 Datbam
1048 4515 1103 4566 et
1129 4511 1372 4574 Abiron,
1398 4529 1658 4584 quorum
1700 4516 1982 4572 seditiosa
2008 4517 2114 4572 ad-

470 4615 674 4654 versus
695 4603 994 4654 Aaronem
1016 4599 1211 4668 coitio,
1241 4600 1586 4658 dehiscente
1618 4608 1770 4659 terra
1803 4620 1872 4659 ac
1902 4605 2113 4660 absor-

471 4687 647 4745 bente
677 4689 943 4744 viventes
968 4704 1104 4744 cum
1132 4688 1434 4745 familiain
1465 4691 1764 4747 infernum
1784 4692 2031 4749 detrusit
2049 4695 2119 4752 ⁵³.

470 4775 588 4834 Nec
612 4777 742 4849 jam
770 4778 915 4834 mihi
970 4779 1261 4836 Samuelis
1292 4780 1399 4836 erit
1439 4781 1681 4844 mentio,
1736 4783 1909 4852 cujus
1941 4783 2122 4854 spreti

469 4861 752 4936 injuriam
778 4868 838 4923 in
854 4868 1117 4940 seipsum
1133 4871 1286 4924 Deus
1310 4869 1692 4942 recepit.Non
1715 4873 1891 4937 enim,
1906 4871 2120 4943 inquit,

471 4957 524 5010 te
553 4964 924 5027 spreverunt,
941 4959 1045 5014 sed
1068 4973 1158 5016 me
1177 4960 1243 5013 “.
1275 4962 1347 5014 At
1375 4974 1486 5014 nos
1508 4974 1705 5030 neque
1729 4959 1990 5026 Samuel,
2023 4977 2122 5017 ne-

469 5053 586 5112 que
613 5043 790 5115 Elias,
816 5061 1013 5118 neque
1032 5050 1227 5103 Aaron
1248 5063 1478 5118 sumus,
1495 5048 1597 5120 qui
1621 5048 1981 5105 invocabant
2001 5051 2114 5104 Do.

468 5131 717 5200 min-um,
759 5139 813 5189 et
841 5136 963 5203 ipse
988 5136 1345 5192 exaudiebat
1384 5151 1500 5207 eos,
1534 5139 1598 5192 in
1638 5137 1920 5194 columna
1946 5138 2120 5193 nubis

2241 3183 2565 3238 nerabilior
2596 3185 2866 3238 exsistat.
2916 3181 3265 3238 Serviebant
3319 3181 3400 3237 illi
3449 3181 3678 3237 umbra:
3731 3180 3894 3235 futu-

2240 3289 2467 3339 rorum,
2499 3288 2610 3327 nos
2649 3278 2849 3328 autem
2876 3271 3086 3327 Christi
3118 3271 3431 3326 sacerdotii
3473 3271 3749 3326 unctione
3789 3268 3896 3324 de-

2237 3360 2409 3416 libuti
2459 3378 2685 3417 sumus.
2724 3361 2864 3426 Quis
2912 3361 3129 3431 majori
3175 3361 3400 3431 Caipha
3441 3361 3893 3416 abominatione

2237 3451 2580 3518 habendus,
2614 3450 2718 3522 qui
2757 3449 3058 3505 Christum
3099 3449 3525 3505 condemnavit
3546 3450 3633 3504 53?
3667 3448 3760 3504 Ille
3795 3448 3887 3503 ni-

2237 3540 2562 3595 hilominus
2594 3539 2727 3595 talis
2759 3555 2867 3594 ceu
2906 3539 3175 3611 pontifex
3213 3539 3356 3594 anni
3385 3539 3540 3594 illius
3571 3537 3894 3610 prophetia

2236 3629 2524 3698 fungitur,
2559 3629 2833 3699 ceditque
2875 3627 3083 3696 lingua
3120 3628 3219 3683 illa
3263 3628 3500 3698 Spiritui
3561 3643 3880 3697 organum,

2236 3735 2372 3790 quae
2405 3719 2580 3773 morti
2633 3719 2932 3773 Christum
2966 3717 3212 3773 addixit.
3259 3718 3349 3774 Sic
3405 3719 3560 3772 Deus
3601 3717 3884 3772 sacerdo-

2238 3809 2382 3862 tium
2413 3808 2712 3862 honorare
2741 3806 2927 3873 novit,
2961 3811 3023 3862 ut
3072 3807 3202 3876 ejus
3233 3822 3420 3862 causa
3450 3807 3626 3861 etiam
3663 3806 3887 3877 Spiritu

2236 3894 2396 3951 afﬂet
2420 3895 2523 3966 qui
2554 3895 2720 3966 impii
2762 3901 2927 3949 sunt:
2981 3899 3042 3950 tu
3072 3910 3213 3950 vero
3263 3910 3401 3950 cum
3431 3900 3484 3950 te
3515 3894 3749 3950 deceret
3779 3909 3884 3949 sa-

2237 3983 2568 4039 cerdotium
2598 3983 2895 4051 vereri,ac
2926 3990 3143 4038 nostrae
3164 3983 3526 4055 propensius
3552 3981 3888 4038 inﬁrmitati

2232 4087 2519 4143 parcere;
2554 4087 2724 4126 secus
2773 4086 2914 4126 vero
2947 4071 3078 4141 ejus
3121 4072 3438 4126 occasione
3488 4087 3557 4126 ac
3596 4074 3889 4142 praetextu

2232 4162 2583 4216 inconcessa
2621 4161 2940 4232 praesumis
2980 4161 3217 4232 illisque
3255 4162 3454 4232 pueris
3486 4161 3887 4216 succenturia-

2231 4251 2329 4321 ris,
2361 4251 2462 4322 qui
2497 4251 2684 4305 Eliszei
2732 4250 2969 4306 calvum
3023 4256 3207 4321 caput
3239 4251 3710 4317 subsannarunt,
3745 4266 3888 4306 cum

2232 4341 3079 4412 nescirent,quotquantisque
3094 4340 3429 4412 caputillud
3442 4340 3618 4395 donis
3634 4339 3888 4411 Spiritus

2234 4430 2633 4486 ornaretur“.
2688 4428 2836 4484 Vide
2878 4429 3078 4497 igitur,
3112 4445 3185 4484 ne
3241 4434 3304 4484 tu
3346 4445 3588 4501 quoque
3622 4429 3886 4483 ferarum

2229 4519 2439 4592 praeda
2453 4518 2662 4586 factus,
2676 4517 2952 4573 docearis
2979 4518 3287 4590 prophetae
3306 4535 3427 4573 non
3446 4517 3887 4587 illudere,quod

2231 4608 2438 4677 glaber
2463 4608 2536 4662 sit
2582 4623 2652 4663 ac
2700 4607 2950 4679 depilis;
3001 4607 3299 4679 juvenum
3346 4607 3564 4664 scilicet
3602 4607 3886 4680 capillitio

2232 4713 2465 4767 carens,
2497 4696 2604 4753 sed
2634 4698 2904 4753 venerari
2926 4712 2997 4752 ac
3020 4696 3230 4767 colere,
3261 4698 3428 4770 quod
3457 4703 3672 4754 unctus
3705 4696 3884 4768 Spiri-

2234 4790 2329 4841 tus
2352 4791 2458 4852 est,
2485 4785 2650 4842 velut
2676 4787 2856 4842 etiam
2878 4791 3188 4856 unguento
3219 4786 3386 4858 quod
3414 4786 3475 4842 in
3497 4787 3746 4843 Aaronis
3789 4801 3890 4842 ca-

2231 4875 2373 4947 pite,
2401 4875 2463 4930 in
2485 4875 2893 4932 venerabilem
2924 4875 3086 4930 illam
3108 4874 3361 4931 barbam
3392 4875 3787 4931 descendit”.

2233 4963 2370 5018 Haec
2391 4979 2427 5018 a
2458 4979 2554 5019 me
2577 4968 2824 5034 paterne
2867 4979 2937 5019 ac
2962 4963 3297 5035 disciplinae
3329 4979 3512 5018 causa
3543 4962 3702 5017 dicta
3727 4962 3887 5027 sunt,

2232 5067 2355 5108 non
2367 5051 2845 5123 reprehendendi
2861 5057 2963 5108 aut
2977 5052 3300 5108 ulciscendi
3314 5052 3714 5107 libidine.Non
3727 5049 3892 5105 enim

2233 5143 2468 5197 tantum
2498 5139 2697 5197 valeat
2729 5141 2994 5198 fraterna
3021 5141 3264 5212 injuria,
3297 5146 3362 5197 ut
3402 5139 3614 5196 Christi
3652 5138 3892 5212 penitus

541 5289 589 5325 "
610 5290 722 5364 Job
749 5307 894 5364 xxxv,
930 5295 1013 5348 18.
1091 5292 1138 5329 ³⁸
1169 5294 1321 5352 Psal.
1364 5311 1436 5362 L1,
1466 5298 1548 5352 10.

1628 5296 1674 5332 ³⁸
1706 5294 1864 5354 Psal.
1891 5313 2158 5372 LXXXV/tit,
2206 5302 2264 5356 21
2304 5304 2467 5368 ;Act.
2493 5302 2739 5372 x1u,22;
2818 5301 2860 5337 ³⁷
2902 5301 3054 5359 Psal.
3083 5318 3232 5368 cxrx,
3266 5307 3319 5357 7.
3397 5298 3443 5337 ³³
3470 5299 3620 5358 Psal.
3654 5316 3801 5368 cxxx,
3833 5303 3891 5356 7.

469 5361 545 5397 ³⁸¹
573 5363 683 5418 Job
711 5361 888 5428 xxur,’
915 5369 994 5434 t2,
1030 5367 1112 5433 14,
1159 5370 1244 5422 lii.

1323 5368 1715 5442 φρυαᾳγιιι,
1753 5373 1835 5424 16.
1916 5371 1963 5404 ⁴⁰
1995 5371 2140 5427 Psal.

2235 5389 2355 5440 (xx,
2389 5379 2439 5427 2.
2521 5375 2559 5407 ⁸⁸
2589 5368 2764 5431 Eccli.
2803 5390 2882 5441 in,
2936 5379 3017 5429 11.
3100 5377 3428 5442 ⁵²ιιοειη.ιι,
3469 5378 3554 5428 15.
3641 5374 3689 5407 ⁴³
3712 5376 3891 5427 Num.

468 5445 584 5516 arvi,
617 5436 706 5492 33.
785 5437 831 5470 “
860 5438 1186 5516 [ﬁegznvuij
1210 5437 1278 5516 ’_7._
1344 5436 1390 5474 ‘3
1417 5439 1565 5516 Psal.
1595 5454 1900 5516 miramur},
1934 5447 1987 5509 6,
2018 5446 2070 5498 7.
2151 5443 2197 5480 ⁴⁶
2239 5436 2398 5501 Psal.
2431 5461 2620 5512 LXXXI,
2651 5450 2702 5502 6.
2781 5446 2823 5480 ‘7
2869 5436 3017 5502 Dan.
3050 5462 3168 5516 xm,
3204 5449 3258 5502 4.
3341 5447 3386 5480 ⁸⁸
3414 5436 3432 5502 ἰ
3464 5446 3608 5515 Reg.
3638 5459 3774 5512 xvu,
3797 5444 3890 5499 34.

469 5506 516 5540 ‘9
541 5508 689 5563 Dan.
723 5522 838 5574 xxv,
864 5509 955 5565 26.
1031 5509 1080 5543 ⁵ο
1124 5509 1322 5567 Matth.
1365 5526 1462 5584 vn,
1495 5513 1551 5570 3.
1629 5512 1674 5550 δι
1711 5506 1912 5570 Matth.
1963 5506 2097 5586 ΠΗ,
2137 5553 2140 5565 .

474 5579 564 5635 23.
641 5579 691 5616 ³⁵
713 5578 872 5639 Psal.
899 5594 1098 5655 cxxxu,
1127 5585 1180 5640 2.

2270 5517 2317 5553 ⁵³
2355 5517 2531 5575 Hebr.
2573 5506 2691 5586 xiii,
2738 5522 2821 5575 t7.
2899 5519 2947 5554 ³³
2974 5506 3272 5588 ιοᾶηίιι,
3305 5520 3393 5575 49.
3472 5517 3520 5553 ⁵³
3549 5506 3624 5573 ῑν
3655 5506 3795 5588 Reg.
3828 5526 3890 5586 ll,
