4152 6208
219 360 332 418 329
1719 359 2101 426 EPISTOLJEs
3489 391 3594 449 330

211 483 582 556 patientiam
632 479 941 560 explodet,
973 473 1194 560 quibus
1218 483 1388 543 nulla
1415 485 1533 546 alia
1550 486 1703 581 ratio
1733 504 1832 548 ea-
1864 493 1914 550 Α
1942 507 2074 581 cem
2109 491 2373 565 egissent
2412 485 2769 571 interpellat,
2800 497 2868 557 ut
2895 502 3116 560 cuncta
3142 508 3504 581 reconciliet,
3536 517 3596 572 et

210 588 355 630 rum
395 590 561 648 quas
608 591 774 633 nunc
829 577 1070 649 agimus
1118 575 1531 634 celebritatum
1562 578 1831 650 exsistat,
1941 579 2004 638 in
2024 596 2216 638 unum
2245 583 2582 641 concordiae
2620 586 2933 645 vinculum
2981 595 3204 662 cogat:
3261 597 3368 669 qui
3395 603 3454 658 et
3479 615 3594 660 nos

209 676 406 735 quam
435 663 624 735 longa
649 664 752 722 illa
783 666 992 723 Christi
1036 665 1348 724 tolerantia
1373 668 1554 740 atque
1591 666 1832 760 lenitas2
1940 669 2004 726 in
2029 685 2152 727 uno
2178 670 2387 744 spiritu
2415 688 2660 748 unoque
2695 675 2902 734 animo
2951 663 3414 758 coagmentans,
3441 688 3595 764 idip—

209 764 338 822 qua
369 751 607 810 nedum
655 753 903 826 patitur,
951 754 1179 829 fertque
1209 755 1599 828 impertubati
1644 751 1833 814 animi
1942 775 2078 816 sum
2107 777 2318 835 sapere
2347 767 2527 838 atque
2553 765 2754 823 dicere
2779 751 3115 828 secundum
3163 751 3460 836 Christum
3505 751 3595 838 in-

209 839 506 898 ﬁrmitate
538 843 892 916 turpissima
939 849 1132 918 sputa,
1166 844 1442 913 verbera,
1474 844 1704 921 alapas,
1731 861 1832 904 ve-
1941 847 2142 908 ducat.
2169 851 2287 925 Ipsi
2307 851 2498 926 gloria
2525 853 2588 912 in
2616 853 2841 915 saecula
2862 856 3242 920 saeculorum.
3269 867 3480 925 Amen.

207 942 350 984 rum
381 929 576 989 etiam
605 934 796 990 Deum
825 949 898 992 ac
928 933 1188 1003 Patrem,
1212 949 1324 1008 pro
1349 933 1421 992 iis
1455 935 1561 1010 qui
1596 935 1658 994 in
1701 951 1835 995 cru-

207 1115 2988 1151 Ἦ

948 1309 1825 1442 MICHAELIS
1932 1293 2871 1458 ACOMINATI

1614 1575 2198 1666 CHONIAT/E

712 1769 1066 1839 EPISTOLE
1101 1779 1196 1837 AD
1235 1777 1678 1837 EUSTATHIUM
1715 1775 2436 1849 THESSALONIGENSEM
2469 1778 3100 1858 ARCHIEPISCDPUM:

461 2057 538 2121 Χ.
569 2069 656 2137 Τῷ
679 2062 1092 2136 Θεσσαλονίκης,
1119 2061 1262 2138 κτερῷ
1287 2062 1585 2139 Εὖσταθίῳ.

1934 2068 1974 2124 ῐ.
2006 2067 2260 2129 Domino
2278 2071 2615 2147 Eustathio,
2650 2078 3090 2142 Thessatanices
3118 2066 3580 2164 archiepismpm

288 2170 452 2242 Ὤμοι
483 2171 629 2245 ἐγώι
678 2176 730 2226 τί
768 2175 1168 2236 ποτε’τοσοῦτος
1218 2170 1446 2248 ὑπιρῥύη
1487 2176 1696 2246 χρόνος,
1734 2176 1825 2226 καὶ

219 2267 448 2336 γράμμα
469 2272 561 2324 τῆς
591 2271 690 2325 σῆς
726 2263 823 2316 οὐκ
853 2261 1108 2337 ἐδεξάμην
1134 2263 1428 2336 ἁγιότητος,
1461 2269 1824 2338 μακαριώτατε

230 2346 486 2421 δέσποτα,
507 2352 567 2404 ἶν’
608 2352 832 2426 ἀκριϐῶς
859 2349 1078 2422 εἰδείην,
1100 2354 1234 2414 ὅπως
1262 2356 1489 2411 ἣνυσταί
1521 2373 1605 2406 σοι
1633 2355 1699 2406 τὰ
1727 2360 1821 2416 τῆς

236 2435 565 2512 ὁδοιπορίας,
590 2443 714 2503 ὅπως
742 2439 790 2505 ἐς
829 2447 927 2501 τὴν
957 2440 1378 2496 Θεσσαλονικέων
1434 2439 1622 2515 ἀφίκου
1647 2461 1661 2512 ;
1701 2448 1819 2502 Μή-

229 2529 352 2581 res"
373 2531 405 2588 ἡ
445 2535 828 2604 νυμφευσαμένη
860 2549 919 2584 σε
947 2530 1096 2593 πόλις
1125 2531 1256 2590 αὕτη
1284 2533 1420 2585 κατά
1447 2534 1539 2594 τὰς
1571 2529 1818 2605 βαρυζή-

227 2613 352 2679 ὶους
376 2625 476 2670 τῶν
499 2628 753 2690 γυναικῶν
782 2622 877 2673 οὐκ
918 2618 1158 2691 ἀνέχεται
1185 2619 1585 2693 ἐπιστρέφεσθαι
1612 2638 1670 2672 σε
1692 2623 1818 2696 πρός

213 2710 309 2765 τὴν
341 2713 739 2762 Κωνσταντίνοα
767 2713 864 2768 τὴν
915 2705 1195 2782 βασιλίδα,
1245 2711 1362 2762 οὔτε
1391 2713 1493 2782 μὴν
1539 2707 1816 2772 ἐπιστολὰς

212 2797 318 2848 οἷον
351 2795 679 2868 μηλοϐολείν,
724 2795 830 2850 ἀλλ’
865 2797 1029 2860 αὐτῆς
1052 2796 1166 2850 ὅλον
1199 2804 1348 2866 εῖναι,
1375 2801 1467 2850 καὶ
1490 2800 1660 2851 πάντα
1687 2795 1816 2870 τῇδε

209 2885 576 2960 χαρίζεσθαις
607 2885 678 2939 Ἦ
708 2894 864 2940 τοῦτο
903 2889 992 2960 μὶν
1030 2886 1160 2959 οὐχί
1183 2903 1197 2917 ⁶
1226 2890 1322 2940 οἴει
1348 2883 1427 2956 δὲ,
1451 2888 1624 2962 ὥσπερ
1653 2886 1816 2942 τᾶλλα

208 2981 298 3026 τοῦ
316 2979 582 3048 παρόντος
596 2975 803 3028 ἄπιστα
816 2983 1023 3050 καιροῦ,
1038 2977 1174 3028 οὕτω
1198 2981 1288 3029 καὶ
1308 2979 1366 3029 τὸ
1386 2979 1505 3050 περὶ
1528 2979 1585 3030 σε
1605 2975 1811 3050 φίλτρον

205 3062 298 3114 οὐκ
338 3059 592 3134 ἰμπεδεν,
619 3069 710 3117 καὶ
729 3068 873 3138 παρά
900 3073 1052 3118 τοῦτο
1080 3061 1194 3118 οὐδ’
1227 3064 1381 3126 αὐτὸς
1411 3063 1594 3126 ἐθέλεις
1624 3064 1812 3138 φυλατ-

202 3170 304 3204 τειν
337 3154 527 3226 θερμόν
554 3157 642 3206 τόν
673 3151 972 3228 ἀντέρωτας
1014 3153 1148 3207 Ἀλλ’
1179 3153 1274 3207 οὐκ
1301 3157 1415 3208 ἴστι
1435 3161 1604 3222 τοῦτο,
1638 3154 1698 3206 οὐ
1736 3155 1812 3227 μὰ

200 3245 294 3299 τήν
327 3247 430 3300 σήν
473 3244 614 3318 ἱεράν
643 3244 888 3316 κεφαλήν.
921 3243 1124 3298 Μᾶλλον
1153 3245 1245 3317 μὲν
1282 3240 1370 3296 οὖν
1398 3251 1486 3296 νῦν
1509 3245 1559 3296 οἱ
1595 3245 1811 3297 ποθοῦν-

196 3350 279 3394 τες
310 3330 466 3384 πλέον
506 3341 580 3404 τῷ
633 3335 776 3403 πόθῳ
808 3335 1087 3406 κάμνουσι,
1135 3335 1368 3406 παρόσον
1397 3340 1459 3406 τῇ
1519 3331 1810 3395 ἀποστάτες

2000 2175 2085 2232 Me
2109 2175 2394 2265 miserum
2423 2179 2436 2236 l
2468 2187 2766 2255 quantum
2793 2188 3032 2262 tempus
3059 2189 3339 2265 elapsum
3368 2198 3478 2261 est,
3511 2211 3586 2254 ex

1927 2274 2056 2355 quo
2071 2263 2388 2355 epistolam
2411 2285 2449 2326 a
2471 2272 2788 2330 sanctitate
2817 2278 2922 2332 tua
2944 2291 3067 2334 non
3091 2263 3460 2355 accepi,qua3
3484 2293 3584 2342 me

1927 2346 2003 2403 de
2039 2347 2248 2408 itinere
2278 2357 2382 2411 tuo
2412 2359 2470 2413 et
2497 2356 2560 2414 in
2590 2358 2804 2418 urbem
2835 2346 3287 2424 Thessalonices
3318 2346 3586 2428 adventu

1926 2437 2239 2497 certiorem
2276 2441 2516 2502 faceret.
2573 2446 2744 2507 Nunc
2799 2449 2950 2509 forte
3007 2453 3171 2524 urbs,
3217 2470 3428 2514 recens
3475 2457 3585 2516 tibi

1923 2529 2134 2599 nupta,
2166 2545 2336 2588 more
2369 2531 2737 2596 feminarum
2775 2555 2912 2614 quae
2937 2541 3236 2616 zelotypia
3263 2551 3580 2619 vexantur,

1922 2627 2048 2671 non
2077 2615 2184 2674 tibi
2213 2621 2500 2692 permittit
2521 2625 2729 2684 oculos
2769 2627 2833 2685 in
2882 2615 3254 2690 Constantini
3307 2615 3584 2707 reginam

1923 2710 2285 2776 convertere,
2316 2709 2543 2769 nedum
2564 2728 2751 2787 poma
2774 2715 2994 2776 favoris
3037 2721 3090 2777 ei
3119 2722 3350 2781 mittere
3375 2725 3430 2781 ei
3465 2725 3578 2783 soli

1919 2791 2096 2887 unice
2121 2793 2432 2887 deditum?
2451 2803 2660 2860 Nonne
2690 2809 2782 2862 est
2808 2806 2933 2864 ita?
2962 2811 3035 2866 At
3053 2809 3128 2867 de
3149 2813 3404 2883 perﬁdia
3431 2831 3578 2887 quea

1919 2879 2107 2950 ritur;
2157 2888 2212 2942 te
2263 2885 2464 2960 ipsum
2514 2890 2933 2954 inconstantiae
2973 2899 3036 2954 in
3066 2879 3274 2958 amore
3301 2879 3573 2963 accusat,

1919 2971 1983 3026 In
2033 2986 2155 3044 quo
2189 2973 2436 3048 fallitur,
2467 2993 2574 3052 per
2602 2997 2843 3040 sacrum
2872 2989 3044 3042 tuum
3073 2990 3292 3061 caput!
3345 2995 3574 3051 Interea

1919 3065 2121 3117 autem
2147 3063 2326 3120 amici
2347 3065 2432 3122 tui
2451 3065 2750 3127 desiderio
2763 3070 3074 3143 laborant;
3099 3091 3171 3132 ex
3191 3077 3384 3134 oculis
3409 3080 3571 3137 enim

1919 3147 2226 3208 sublatum
2278 3157 2332 3209 te
2382 3170 2739 3230 recuperare
2765 3162 3048 3231 gestiunt.
3083 3164 3176 3221 Sic
3204 3165 3314 3236 sol,
3355 3167 3440 3225 sic
3478 3185 3572 3228 sa-

1915 3237 2073 3296 nitas
2101 3244 2230 3297 tum
2259 3243 2527 3300 maximi'
2565 3248 2867 3321 penditur,
2894 3249 2999 3308 ubi
3026 3251 3221 3310 hiems
3247 3255 3424 3326 dura,
3465 3263 3573 3318 aut

1916 3326 2166 3419 morbus
2185 3334 2289 3386 aut
2304 3331 2470 3389 aliud
2491 3334 2721 3392 malum
2742 3339 3152 3415 quodcunque
3171 3343 3569 3419 irruperit.Sic

195 3420 348 3473 πλέον
376 3429 452 3491 τῷ
479 3423 626 3491 πόθῳ
656 3424 938 3493 κάμνουσι,
992 3425 1224 3495 παρόσον
1262 3431 1326 3494 τῇ
1361 3420 1654 3476 ἀποστάσει
1681 3442 1809 3496 μαν-

1920 3417 2306 3476 Athenienses
2363 3423 2667 3481 Socratem
2706 3426 3235 3490 calumniabantur
3269 3417 3568 3508 quamdiu

195 3513 469 3578 θοὲνουσιν,
497 3513 604 3564 οἷον
631 3515 834 3584 ἔχοντες
873 3510 1068 3583 ἀγαθόν
1100 3510 1370 3566 ἐλάνθανον
1418 3511 1629 3574 ἑαυτούς
1648 3531 1666 3548 ο
1700 3511 1807 3566 ἐπεὶ

192 3605 282 3652 καὶ
309 3599 506 3670 θαῖψις
534 3600 805 3671 ἡλίου,καὶ
829 3603 998 3673 ὑγεία,
1029 3605 1114 3654 καὶ
1145 3602 1284 3654 ἅπαν
1311 3599 1466 3654 καλὸν
1485 3605 1601 3655 τότε
1615 3600 1805 3675 μᾶλλον

193 3690 552 3761 θαυμάζεται,
577 3692 732 3749 ἡνίκα
762 3689 932 3764 βαρὺς
963 3689 1263 3763 ἐμπεσεῖται
1283 3697 1504 3764 χειμὼν,
1544 3696 1634 3744 καὶ
1654 3695 1805 3754 νόσος

193 3777 483 3853 εἰσφθαρῇ,
525 3784 615 3831 καὶ
645 3781 711 3831 τὰ
738 3789 834 3840 τῆς
863 3778 1092 3843 ἐναντίας
1131 3780 1258 3843 ὅλως
1283 3785 1598 3854 συστοιχίας
1638 3779 1804 3834 ἀντει-

195 3869 409 3939 σαχθῇ.
470 3867 623 3920 Οὕτω
680 3873 770 3921 καὶ
804 3868 1071 3926 Ἀθηναῖοι
1119 3871 1395 3943 Σωκράτην
1452 3873 1660 3941 ἔχοντες
1713 3873 1803 3942 μὲν

194 3955 536 4020 ἐϐάσκαινον,
567 3959 697 4028 μετὰ
723 3953 782 4010 δὲ
809 3961 904 4015 τὴν
939 3957 1127 4010 κύλικα
1162 3960 1228 4018 ὡς
1263 3962 1419 4030 σοφόν
1461 3957 1755 4032 ἐθαύμαζον
1786 3977 1800 3990 ·

195 4051 288 4098 καὶ
337 4047 465 4118 ὅπερ
489 4041 692 4118 ᾔδεσαν
731 4047 936 4118 ἔχοντες
965 4043 1179 4119 ἀγαθόν,
1223 4054 1377 4099 τοῦτο
1407 4045 1800 4121 ἀποϐαλόμενοι,

198 4133 427 4186 ἐπόθουν
458 4131 884 4206 ἀνακαλούμενοι.
912 4141 1012 4186 Σοῦ
1050 4131 1109 4187 δὲ
1136 4139 1226 4187 καὶ
1270 4139 1516 4210 πρότερον
1545 4141 1807 4210 περιειχό-

197 4224 357 4294 μεθα,
401 4226 493 4274 καὶ
549 4230 637 4274 νῦν
687 4225 763 4275 ἔτι
821 4222 1011 4295 μᾶλλον
1057 4225 1306 4281 ποθήσειν
1347 4221 1634 4297 ἐμέλλομεν.
1661 4224 1805 4278 Ἐπεὶ

197 4315 378 4361 τοίνυν
415 4312 556 4382 ἔχεις
584 4313 764 4382 μαθὼν
806 4315 898 4370 τὴν
939 4316 1058 4386 περὶ
1089 4315 1146 4365 σε
1172 4319 1260 4363 νῦν
1298 4309 1517 4365 ἐνταῦθα
1547 4307 1806 4379 διάθεσιν,

202 4397 493 4466 ἐπίστελλε,
528 4403 813 4472 σόφὼτατε.
863 4407 1044 4454 Φείσαι
1095 4399 1267 4474 κάμοῦ
1307 4397 1807 4476 διατεθρυλλημένου

199 4490 265 4539 τὰ
287 4485 398 4546 ἆ»τή
435 4490 580 4564 παρὰ
606 4497 706 4540 τῶν
732 4491 1121 4563 πυνθανομένων
1145 4493 1213 4544 τὰ
1236 4494 1352 4568 περὶ
1384 4497 1500 4547 σοῦ.
1524 4494 1805 4564 Διατηροίη

201 4595 260 4630 σε
289 4580 428 4640 Θεὸς
453 4577 826 4652 πολυχρόνιόν.

455 4682 525 4738 Β’.
552 4691 637 4754 Τῷ
665 4683 1025 4745 Θεσσαλονίκη
1038 4706 1078 4754 ς,
1101 4694 1243 4761 κνρῷ
1265 4686 1561 4760 Εὖσταθίῳ.

1915 3520 2056 3563 cum
2084 3506 2157 3564 iis
2185 3507 2462 3582 vivebat;
2496 3529 2730 3572 veneno
2766 3515 3059 3592 absorpto
3083 3506 3309 3581 mortui
3330 3525 3567 3600 sapien-

1913 3594 2061 3654 tiam
2086 3595 2149 3654 in
2195 3598 2415 3657 coelum
2440 3601 2749 3675 tollebant,
2780 3609 2838 3664 et
2864 3607 3064 3666 virum
3093 3615 3270 3670 antea
3295 3594 3568 3688 spretum

1912 3698 1986 3742 ex
2030 3685 2242 3744 intimo
2273 3689 2477 3746 animo
2523 3691 2863 3753 desiderare
2911 3713 3036 3756 non
3079 3685 3415 3762 cessarunt.
3447 3708 3567 3764 Nos

1912 3791 2156 3849 quoque
2186 3793 2456 3835 amorem
2494 3796 2618 3854 quo
2665 3786 2720 3840 te
2760 3800 2998 3860 semper
3027 3791 3290 3864 amplexi
3329 3811 3564 3866 sumus,

1910 3863 1973 3920 in
2002 3865 2179 3922 nobis
2194 3866 2417 3938 jugiter
2445 3884 2708 3928 crescere
2735 3875 3047 3934 sentimus.
3075 3863 3243 3938 Nunc
3270 3863 3568 3957 igitur,vir

1913 3955 2375 4027 sapientissime,
2417 3974 2557 4016 cum
2587 3965 2643 4018 te
2698 3961 2852 4019 adeo
2882 3963 3049 4037 diligi
3087 3967 3278 4040 vides,
3318 3955 3566 4029 tandem

1911 4041 2091 4098 nobis
2121 4045 2407 4105 rescribe.
2439 4049 2638 4121 Parce,
2672 4065 2902 4122 quaeso,
2951 4053 3201 4112 auribus
3231 4058 3383 4114 meis
3410 4075 3567 4134 quas

1914 4130 2420 4206 circumstrepunt
2482 4135 2776 4195 clamores
2834 4155 3045 4200 eorum
3107 4145 3213 4218 qui
3253 4130 3566 4220 quomodo

1913 4219 2615 4364 valeas’perscrutantur.
2648 4229 2805 4286 Deus
2833 4233 2888 4289 te
2911 4235 3189 4307 protegat
3213 4219 3323 4310 per
3342 4239 3566 4302 multos

1916 4323 2110 4364 annos

1916 4323 2110 4366 annos

1918 4681 1990 4740 Il.
2017 4683 2272 4744 Domino
2298 4685 3084 4769 Eustathio,archiepiscopo
3103 4696 3563 4766 Thessalonices'.

271 4786 562 4863 Εὐδαίμων
593 4792 739 4854 οὗτος
769 4792 917 4868 ἀνὴρ,
947 4797 1036 4847 καὶ
1067 4795 1112 4847 εἴ
1165 4811 1248 4856 τις
1304 4793 1472 4857 ἀλλος.
1515 4793 1684 4849 Πάλαι
1719 4796 1810 4868 μὲν

1989 4792 2348 4852 Fortunatus
2374 4795 2544 4855 hicce
2591 4799 2685 4856 vir
2739 4801 2895 4860 inter
2923 4820 3160 4866 omnes.
3197 4810 3365 4868 Prius
3405 4813 3568 4874 enim

202 4885 295 4941 τῆς
320 4883 452 4952 πρός
476 4884 572 4940 τὴν
600 4886 698 4939 σὴν
744 4882 1000 4953 ἁγίότητα
1049 4885 1320 4945 συνηθείας
1357 4886 1515 4956 ἔσχεν
1553 4883 1808 4958 εὐτυχῶς,

205 4975 476 5040 σοφώτατε
509 4965 746 5022 δέσποτα
777 4986 791 5001 ’
851 4967 964 5024 εἶτα
1017 4966 1068 5024 δ’
1107 4971 1192 5025 ἐπὶ
1229 4976 1419 5048 χρόνον
1450 4975 1566 5025 τινα
1602 4981 1694 5026 τοῦ
1723 4978 1814 5027 καὶ

202 5055 454 5129 ἀγγέλοις
511 5057 690 5122 αὐτοῖς
737 5055 1017 5134 αἰδεσίμου
1057 5068 1342 5135 προσώπου
1393 5059 1638 5132 διαστὰς,
1666 5065 1813 5126 αὖθις

199 5151 296 5205 τήν
364 5146 624 5218 αὐτο-,βίαν
674 5145 832 5202 τοῦδε
897 5153 1034 5204 κατὰ
1091 5152 1224 5204 θεῖον
1262 5151 1560 5225 ηὐτύχησε,
1605 5157 1813 5229 σκιερὰν

201 5232 254 5287 δ’
304 5237 409 5289 ὑπὸ
465 5241 653 5308 φηγόν,
697 5235 868 5291 ἀελίου
925 5241 1229 5314 φρύγοντος,
1270 5238 1550 5318 ὁδοιπόρος
1593 5239 1814 5318 ἔδραμεν

199 5327 268 5386 ὦς
309 5344 413 5388 τις.
445 5331 598 5399 Ἡμῖν
643 5322 704 5380 δε
742 5335 850 5389 τοῖς
880 5335 998 5404 περὶ
1042 5338 1135 5383 τοῦ
1192 5337 1288 5383 σοῦ
1312 5333 1478 5384 πόθου
1525 5333 1813 5404 κάμνουσιν

201 5407 484 5485 ἀμήχανον
530 5418 590 5467 τό
644 5411 836 5484 δεινὸν,
867 5417 956 5478 ἕως
989 5419 1015 5471 ό
1062 5418 1181 5472 καθ’
1225 5421 1366 5492 ἡμᾶς
1416 5423 1481 5472 σὺ
1531 5424 1687 5492 μόνος
1733 5421 1815 5483 ξέ-

201 5519 362 5576 φυρος
421 5507 520 5562 τὴν
570 5507 662 5577 μὲν
725 5509 824 5565 σὴν
862 5503 1253 5582 πανευδαίμονα
1283 5508 1674 5568 Θεσσαλονίκην
1705 5513 1814 5575 εἴης

204 5600 506 5667 περιηχῶν,
539 5593 682 5665 ἡμᾶς
729 5590 781 5646 δ’
821 5593 993 5648 οὐκέτι
1051 5598 1304 5670 ζωογόνον
1356 5601 1668 5674 περιπνέοις,
1721 5606 1812 5655 καὶ

201 5683 262 5736 τό
293 5681 492 5737 λυποῦν
545 5682 683 5736 ἅπαν
743 5680 1041 5758 ἀναψύχοις
1097 5690 1163 5752 ὡς
1204 5691 1472 5764 πρότερον.
1502 5685 1631 5746 Εἶτα
1667 5693 1810 5755 τινας

499 5774 750 5833 ΡΑτιιοι..
790 5775 894 5834 Gn.
933 5777 1083 5838 CXL.

1921 4881 1976 4938 ei
2026 4897 2166 4938 cum
2215 4885 2528 4944 sanctitate
2579 4891 2683 4946 tua
2728 4890 2927 4948 vivere
2956 4895 3221 4968 contigit,
3250 4913 3414 4958 nunc
3465 4919 3569 4962 au-

1921 4975 2040 5029 tem
2065 4977 2394 5046 postquam
2425 4976 2626 5033 vultus
2649 4977 2734 5034 tui
2776 4979 2926 5054 ipsis
2955 4985 3183 5055 angelis
3209 4991 3570 5052 venerabilis

1920 5065 2168 5134 aspectu
2185 5077 2294 5135 per
2312 5069 2553 5138 tempus
2576 5065 2824 5142 aliquod
2852 5071 3123 5144 privatus
3146 5075 3434 5150 fuisset,te
3455 5083 3574 5142 for-

1921 5155 2069 5210 tuna
2092 5153 2179 5209 sic
2203 5154 2459 5228 volente,
2475 5156 2677 5216 denuo
2703 5160 3034 5233 aspiciendi
3055 5168 3294 5240 copiam
3314 5173 3574 5248 adeptus

1923 5246 2028 5314 est,
2077 5247 2145 5300 ut
2169 5257 2279 5316 per
2311 5244 2538 5302 calores
2567 5248 2807 5306 aestivos
2834 5251 3030 5310 viator
3078 5255 3142 5313 in
3177 5257 3302 5331 fagi
3355 5244 3576 5326 umbra

1921 5331 2188 5405 quietem
2234 5333 2404 5407 petit.
2457 5338 2576 5394 Nos
2607 5342 2832 5429 autem,
2881 5341 2968 5400 tui
3017 5343 3310 5406 desiderio
3353 5357 3571 5429 vexati,

1922 5421 2246 5494 omnijam
2278 5423 2577 5483 solamine
2629 5428 2852 5501 privati
2901 5448 3132 5507 sumus,
3189 5452 3262 5495 ex
3315 5455 3435 5512 quo
3488 5421 3574 5516 tu,

1921 5525 2044 5584 quo
2069 5524 2196 5568 uno
2234 5513 2502 5588 zephyro
2533 5517 2977 5590 gaudebamus,
3008 5522 3288 5584 dilectam
3339 5513 3578 5590 habitas

1919 5601 2403 5677 Thessalonicen,
2433 5605 2584 5664 nihil
2595 5607 2728 5680 jam
2747 5609 2925 5668 nobis
2950 5613 3230 5685 aspirans
3246 5616 3574 5680 lenimenti.

1919 5690 2010 5750 Ad
2048 5707 2232 5768 quas,
2266 5695 2386 5755 nisi
2433 5694 2516 5758 ad
2565 5710 2702 5774 nos,
2753 5699 3200 5764 calamitatibus
3254 5721 3578 5783 oppressos

4085 4472 4119 4540 ἆ

4079 4547 4119 4826 :1

4105 5031 4119 5056 ’.1

3691 4 4017 48 ⁴ςνμη⁴ηςεςι
4108 4 4113 5 ⁷

3731 21 4111 132 ιιι.η,εηῦᾒὶ

3739 119 3750 130 ι
3795 141 3802 146 '
3951 115 4038 142 '-'_

3995 163 4004 170 -
4029 141 4100 186 93’-

3919 195 3924 198 .
4035 197 4066 220 1.,

3993 251 3998 258 .
4023 237 4090 290 'gu.

4047 295 4099 327 Ι,

4041 331 4050 342 ι
4077 334 4117 363 ,ι

4043 345 4111 399 Ἴ*

4035 417 4064 464 ..ι
4104 448 4107 455 λ

4057 591 4060 594 ,
4096 568 4117 591 I

4067 615 4090 630 εἰ

4045 650 4115 690 u-‘II-

4035 793 4103 838 πῖ.

4037 991 4072 1012 τ..

4092 1082 4111 1123 *ἐ

4045 1145 4086 1170 ’,Ιε

4063 1179 4117 1215 -ἷα

4063 1277 4080 1288 ο
4108 1298 4117 1303 ι

4081 1323 4104 1342 α

4083 1355 4102 1368 Π

4015 1447 4042 1460 .-

3909 1503 3920 1516 ρ
4035 1477 4062 1510 II
4109 1505 4112 1510 .

4069 1719 4110 1758 οὲ-

4059 1794 4117 1822 '1

3997 1951 4006 1974 Ι

4083 2233 4096 2258 ἐ

4051 2325 4113 2375 ἥ

4053 2373 4088 2386 .‹.

4073 2419 4092 2438 ³

4079 2451 4092 2468 ι

4069 2469 4104 2514 Ξ.

4047 2579 4056 2592 θ
4085 2587 4106 2600 .-

4079 2619 4100 2632 ,.

4073 2649 4080 2660 1

4081 2663 4102 2690 ἦ

4093 2695 4108 2732 ἲ

4083 2733 4100 2744 ιι..

4075 2769 4098 2794 1"
