4152 6208
90 0 105 35 Ι

88 38 105 191 ἓ

86 198 105 267 ιξ

82 288 105 393 ξ

80 402 93 517 ξ

3822 106 3835 119 ἱ

574 343 680 400 331
1452 340 1823 398 MICHAELIS
1859 337 2243 397 ACOMINATI
2277 340 2706 396 ATHENARUM
2743 338 3062 397 ARCHIEP.
3828 345 3939 401 332

573 465 764 523 verba
800 463 1004 537 aliqua
1033 462 1435 521 consolatorie.
1483 465 1753 521 miseris?
1782 466 1975 530 Quam
2030 464 2213 534 regio-

2328 464 2449 538 παρ’
2498 466 2637 536 ἡμᾶς
2697 467 2765 526 ὡς
2831 466 3323 539 ὑπερεκκαιομένους
3378 469 3522 539 ἡμῶν
3579 468 3605 518 ὁ
3653 470 3938 539 συμπαθὴς

573 571 739 624 nem,
766 554 883 610 nisi
908 558 1177 610 nostram
1209 553 1347 623 igne
1364 553 1697 623 ardentem,
1715 555 1911 623 magis
1940 558 2213 610 vexatam

2330 553 2477 606 ἐλεεῖν
2515 556 2746 626 ἔγραφες,
2802 554 2831 612 ἡ
2873 558 2989 605 τίνα
3052 558 3192 626 παρὰ
3231 559 3297 607 τὰ
3341 557 3458 607 καθ’
3498 558 3634 628 ἡμᾶς
3687 562 3935 629 πυρφόρα

572 644 817 715 ignibus
828 641 1151 714 appellaris
1164 657 1350 714 quam
1370 643 1832 699 Thessalonicen
1844 644 1873 699 ξ’
1899 643 2212 715 Liquefacti

2329 641 2523 703 ἐκάλεις
2579 642 2825 713 κλίματα,
2886 644 2954 702 ὡς
3006 651 3097 695 τοὺ
3155 647 3291 696 κατὰ
3355 645 3745 706 Θεσσαλονίκης
3792 666 3929 697 καυ-

571 748 684 789 nos
731 747 978 804 prorsus
1009 731 1197 786 nimio
1222 730 1439 801 calore,
1472 733 1533 788 in
1558 732 1816 788 cinerem
1854 732 2211 802 redigemur,

2328 727 2741 804 ματωὸἚστερα;
2801 730 2976 803 Ἡμεῖς
3034 752 3114 783 τοι
3179 732 3273 784 κᾶν
3347 731 3672 793 διατακέντες
3744 733 3930 791 έλὺθηο

570 820 819 894 quando
848 819 1115 891 epistolis
1156 820 1272 876 tuis
1302 820 1457 876 ultra
1492 822 1705 894 privati
1742 821 1985 877 erimus.
2020 822 2062 877 Ο
2121 836 2210 875 me

2328 840 2439 890 μεν,
2483 819 2577 870 κᾶν
2633 820 2703 881 εἰς
2754 824 2939 892 τέφραν
2991 822 3427 895 ἁπηθαλωθημεν,
3460 824 3502 875 εἰ
3547 828 3618 894 μὴ
3667 825 3926 897 γραμμά-

568 908 891 966 miserum!
927 908 1211 973 Quamvis
1250 910 1409 965 enim
1450 910 1713 965 Euxinus
1742 910 1990 965 boream
2015 910 2208 965 laetum

2327 927 2427 960 των
2486 912 2665 982 αὔραις
2704 908 2946 980 ἐζώγρεις
3000 909 3340 973 ἐκλείποντας.
3388 911 3459 963 Ὠ
3500 911 3631 983 μοιὶ
3675 918 3775 964 Καὶ
3817 914 3924 985 γὰρ

569 999 747 1055 mittit
782 1014 903 1071 quo
962 1002 1086 1053 tota
1130 999 1295 1069 regio
1346 998 1694 1068 refrigescit.
1725 999 1965 1054 animus
2015 1005 2209 1054 tamen

2329 998 2372 1050 εἰ
2420 997 2655 1069 λαμπρόν
2706 997 2993 1071 ἀπαρκτίαν
3047 1002 3072 1049 ό
3125 1000 3358 1061 Εὔξεινος
3414 1004 3646 1071 κατάγει,
3715 1005 3805 1051 καὶ
3860 1005 3922 1051 τὸ

567 1088 716 1145 mihi
744 1088 824 1143 ob
854 1087 1183 1143 sanctitatis
1232 1092 1348 1142 tuae
1401 1087 1738 1143 absentiam
1769 1090 1905 1156 igne
1934 1088 2207 1142 inexstin-

2327 1091 2570 1157 περιέχον
2631 1086 2940 1158 περιψύχει,
3001 1094 3105 1159 πῦρ
3183 1084 3232 1139 δ’
3291 1088 3412 1140 ἄλλο
3477 1090 3781 1160 ὑπονέμεται
3852 1093 3923 1140 τὰ

568 1176 779 1247 guibili
832 1176 1175 1231 devoratur.
1211 1175 1393 1233 Crede
1431 1176 1580 1232 mihi
1620 1195 1632 1231 :
1679 1177 1912 1248 quoties
1943 1177 2208 1231 animum

2328 1173 2605 1245 οπλάγχνα
2645 1176 2947 1249 θερμότερον
2999 1171 3092 1227 δια
3129 1179 3187 1227 τό
3246 1185 3340 1237 τῆς
3394 1177 3685 1248 ἁγιωσύνης
3717 1173 3921 1234 ἀπόδη-

565 1282 823 1323 mcerore
847 1280 1206 1337 oppressum
1234 1264 1502 1321 relaxare
1533 1266 1744 1337 CUpio;
1775 1266 2009 1337 quoties
2047 1265 2121 1320 de
2146 1265 2205 1321 iis

2325 1283 2439 1335 μον.
2487 1269 2571 1321 Μή
2604 1281 2693 1333 μοι
2725 1259 3055 1337 διαπιστηση
3072 1285 3114 1325 ς.
3153 1268 3337 1317 Εἵποτε
3368 1264 3653 1337 βουλοίμην
3692 1275 3921 1317 κενῶσαι

567 1371 704 1428 quae
734 1355 887 1410 inter
914 1353 1241 1423 legendum
1298 1354 1500 1409 minus
1543 1354 1699 1410 bene
1744 1353 2207 1425 comprehendo,

2323 1360 2415 1412 τῆς
2452 1351 2634 1421 ψυχῆς
2672 1355 2730 1402 τὸ
2786 1352 3121 1424 λυπούμενον,
3167 1350 3271 1411 ἤδη
3322 1358 3532 1425 γεγονός
3570 1355 3916 1427 ὑπεραντλῶν,

567 1461 707 1500 cum
736 1445 932 1500 amico
960 1442 1161 1514 aliquo
1190 1442 1353 1514 loqui
1383 1442 1539 1513 volo,
1561 1443 1789 1498 vicinos
1814 1442 2083 1514 quidem,
2107 1443 2207 1497 sed

2325 1442 2353 1499 ἦ
2409 1449 2507 1492 τῶν
2564 1439 2976 1512 ἀνεγνωσμένων,
3034 1444 3135 1493 ὅσα
3184 1448 3539 1515 προσίσταταί
3599 1463 3707 1515 μοι,
3784 1447 3920 1517 πρὸς

564 1533 788 1589 frustra
810 1547 1035 1605 quarro.
1072 1530 1225 1596 Quid
1254 1531 1477 1599 igitur?
1518 1530 1607 1585 Ad
1637 1546 1928 1600 magnum
1971 1531 2204 1588 Thessa-

2323 1532 2785 1601 έπισταηκώτερον
2835 1528 3289 1583 ἀνακοινωσασθαι
3354 1540 3490 1598 νοῦν,
3555 1534 3583 1590 ἦ
3654 1534 3917 1585 πυθέσθαι

563 1621 787 1676 lonices
814 1625 1119 1692 pastorem
1169 1618 1376 1674 oculos
1408 1624 1711 1681 converto,
1743 1625 1799 1673 et
1826 1622 2057 1674 Patrem
2090 1622 2203 1691 spi-

2320 1639 2389 1678 τι,
2436 1618 2463 1676 ἦ
2512 1617 3021 1689 ξυμϐουλεύσασθαι,
3062 1626 3151 1672 καὶ
3198 1617 3302 1672 ὧδε
3353 1620 3563 1673 κάκεῖσε
3610 1629 3670 1693 τῇ
3706 1618 3918 1693 διανοίᾳ

560 1708 855 1777 ritualem,
891 1706 1346 1772 consolatorem,
1377 1706 1802 1773 consiliarium,
1834 1706 1895 1761 in
1927 1707 2200 1762 omnibus

2318 1706 2748 1781 περικλεψάμενος
2778 1704 2964 1759 οὐδένα
3020 1709 3142 1781 όρώ,
3194 1718 3528 1784 παραχρῆμα
3583 1710 3630 1771 ἐς
3678 1713 3763 1761 τόν
3822 1715 3912 1780 μέ-

562 1796 975 1853 auxiliatorem
1024 1810 1162 1848 cum
1226 1793 1449 1849 ﬁducia
1499 1795 1740 1850 invoco.
1808 1796 1951 1849 llinc
2006 1796 2202 1851 fumus

2274 1816 2413 1866 ςγαν
2475 1804 2572 1846 των
2640 1795 3057 1847 Θεσσαλονικέων
3123 1803 3340 1869 ποιμένα
3406 1801 3505 1850 ὑπὸ
3559 1806 3651 1859 τῆς
3689 1804 3914 1870 ποίμνης

557 1886 892 1955 gemituum
941 1899 972 1937 e
1020 1888 1259 1953 pectore
1310 1882 1644 1938 ascendens
1677 1883 1878 1952 ignem
1909 1884 2067 1937 intus
2116 1900 2197 1939 ar-

2317 1884 2594 1956 ἀνάγομαι,
2627 1890 2715 1935 καὶ
2758 1889 2941 1935 στένων
2984 1884 3340 1958 ἀνακαλοῡμαι
3387 1892 3471 1938 τὸν
3530 1890 3665 1938 κατὰ
3708 1895 3914 1959 πνεῦμα

556 1975 799 2031 dentem
843 1976 1109 2037 accusat,
1138 1972 1242 2042 qui
1289 1971 1551 2043 epistolis
1601 1974 1716 2027 tuis
1771 1972 2196 2045 aliquantisper

2314 1979 2531 2047 πατέρα,
2574 1977 2661 2024 τόν
2720 1974 3043 2043 καθηγητὴν,
3080 1978 3163 2026 τόν
3214 1980 3532 2048 παρήγορον,
3588 1980 3671 2027 τόν
3713 1975 3910 2047 ἀγαθον

550 2061 789 2127 lenitur,
834 2074 1151 2130 nunquam
1202 2073 1345 2114 vero
1385 2059 1562 2131 plane
1619 2059 2030 2128 exstinguitur.
2084 2061 2190 2116 Has

2313 2062 2626 2134 σύμϐουλον,
2658 2065 2743 2113 τόν
2792 2064 2837 2121 ἐς
2867 2062 3020 2127 άπαν,
3056 2062 3131 2134 ἐφ’
3163 2065 3262 2133 ὅτῳ
3318 2065 3379 2114 άν
3421 2084 3500 2125 τις
3545 2061 3734 2129 δέοιτο,
3798 2068 3912 2116 ικα-

551 2151 836 2224 epistolas
904 2150 956 2203 si
1018 2148 1154 2221 quis
1213 2164 1287 2203 ex
1341 2149 1552 2205 ordine
1609 2154 2017 2221 componeret.
2072 2150 2191 2205 toti-

2309 2157 2552 2204 νωτατον.
2614 2156 2712 2202 Καὶ
2765 2148 2848 2201 ἐπὶ
2895 2153 3095 2211 τούτοις
3159 2161 3450 2223 στεναγμοῦ
3489 2156 3679 2214 καπνός
3712 2150 3767 2205 ἐκ
3806 2162 3909 2204 τῶν

550 2240 691 2295 dem
721 2237 945 2309 gradus
974 2241 1223 2292 strueret
1269 2252 1377 2307 per
1404 2252 1559 2308 quos
1614 2242 1679 2292 tu
1726 2253 1836 2293 nos
1863 2237 2190 2293 consolatu.

2312 2244 2529 2314 στέρνων
2599 2237 2947 2311 ἀναθρώσκων
3021 2245 3111 2290 καὶ
3175 2244 3232 2291 τό
3302 2242 3683 2313 ὑποτυφόμενον
3759 2239 3908 2294 ἔνδον

549 2345 653 2384 rus
685 2325 1048 2383 descendere
1090 2325 1395 2393 dignaris;
1428 2330 1509 2395 tu,
1552 2326 1824 2398 inquam,
1860 2328 1963 2398 qui
2012 2328 2189 2382 maxi-

2309 2329 2679 2399 ὑποσημαίνων
2728 2334 2829 2399 πὺρ
2864 2340 2877 2354 ’
2935 2328 3055 2398 ὅπερ
3111 2330 3180 2387 ὡς
3232 2324 3325 2380 διά
3377 2349 3524 2380 τινων
3580 2331 3909 2402 σϐεστηρίων

548 2432 683 2472 mas
709 2415 951 2470 virtutes
972 2413 1149 2468 omni
1182 2417 1449 2483 tempore
1488 2430 1763 2481 exerces;
1795 2416 2188 2487 quamobrem

2309 2417 2559 2490 ὁργάνων,
2625 2424 2723 2467 τῶν
2784 2423 2887 2467 σῶν
2942 2420 3284 2487 γραμμάτων,
3346 2418 3582 2490 ὑπολέγει
3646 2423 3755 2490 μὲν,
3798 2419 3914 2470 ἀλλ’

550 2504 599 2559 si
643 2518 769 2559 non
824 2500 1176 2570 angelorum
1216 2501 1399 2556 choro
1428 2504 1866 2569 annumeraris,
1898 2508 1957 2558 at
1986 2504 2190 2559 saltem

2306 2505 2364 2555 οὑ
2422 2510 2510 2556 καὶ
2576 2506 2822 2578 παράπαν
2882 2504 3279 2562 ἀποσϐέννυται.
3333 2506 3401 2558 Ὠ
3454 2509 3797 2579 γραμμάτων,
3874 2508 3912 2558 ἃ

549 2591 731 2666 paulo
783 2591 856 2646 iis
909 2589 1153 2644 inferior
1205 2589 1525 2645 habendus
1562 2607 1646 2658 es,
1686 2592 1912 2663 quippe
1951 2593 2051 2663 qui
2092 2609 2189 2665 per

2307 2591 2401 2645 διὰ
2454 2598 2510 2644 τὸ
2560 2601 2791 2664 συνεχῶς
2852 2592 2983 2644 ἄλλα
3048 2593 3125 2645 ἐπ’
3183 2594 3359 2657 ἄλλοις
3406 2596 3759 2669 ἁρμόττεσθαι
3815 2589 3915 2648 κοιἰ

547 2680 761 2737 eadem
801 2694 939 2734 cum
970 2677 1083 2732 illis
1129 2677 1354 2732 scalam
1403 2679 1678 2734 ascendis
1728 2697 1798 2735 ac
1850 2681 2187 2737 descendis.

2308 2684 2644 2734 συντίθεσθαι
2692 2678 2961 2753 βαθμίὸας
3003 2683 3095 2733 οὑκ
3154 2683 3404 2754 ἀκόμψως
3435 2687 3545 2742 θείη
3574 2705 3653 2747 τις
3704 2684 3785 2752 ἂν,
3830 2682 3908 2737 δι’

547 2772 667 2841 Ego
699 2773 908 2823 contra
930 2765 1005 2821 de
1034 2765 1215 2821 rebus
1243 2768 1391 2822 meis
1435 2768 1763 2840 desperans
1791 2770 2078 2824 timebam
2120 2786 2187 2826 ne

2305 2771 2372 2821 ὧν
2436 2774 2566 2843 πρὸς
2624 2772 2868 2840 χθονίους
2923 2773 3058 2842 ἡμᾶς
3117 2773 3351 2824 καθιέναι
3402 2783 3751 2845 προνοητικῶς
3809 2774 3908 2826 οὑκ

548 2874 621 2914 ex
658 2857 846 2914 oculis
876 2855 1261 2912 Providentiae
1308 2856 1630 2928 abriperer,
1672 2858 1917 2927 ignarus
1957 2864 2010 2913 te
2049 2859 2188 2913 mihi

2306 2856 2487 2925 ὀκνεῖς,
2520 2860 2546 2909 ό
2586 2862 2677 2919 τὰς
2735 2857 3034 2928 ἐπαγωγοὺς
3086 2868 3182 2910 τῶν
3223 2859 3413 2932 ἀρετῶν
3466 2862 3627 2914 πάλαι
3683 2868 3772 2914 καὶ
3813 2871 3904 2913 νυν

548 2948 829 3018 angelum
857 2945 1167 3001 custodem
1196 2945 1435 3001 ﬁdelem
1462 2946 1735 3002 additum
1765 2963 1920 3013 esse,
1949 2949 2049 3019 qui
2072 2964 2188 3003 non

2306 2946 2647 3020 ἀνερχόμῇοος
2680 2961 2693 2975 ⁸
2750 2949 2819 3007 ως
2857 2946 3100 3012 ἐντεῦθεν,
3136 2948 3179 2999 εἰ
3228 2955 3317 3001 xui.
3361 2955 3431 3021 μὴ
3485 2960 3556 3020 τῷ
3608 2961 3755 3023 χορῲ
3802 2960 3903 3003 τῶν

546 3042 803 3102 tantum,
863 3038 929 3090 ut
981 3034 1171 3106 prius,
1218 3050 1313 3089 res
1372 3050 1540 3091 meas
1597 3036 2075 3103 administrabat,
2134 3039 2186 3092 in

2305 3036 2530 3107 ἀγγέλων
2589 3035 2940 3099 ἐντάττεσθαι,
3006 3036 3126 3107 παρ’
3183 3036 3432 3108 ἀγγέλους
3491 3047 3616 3109 γοῦν
3675 3037 3827 3092 οὐδὲν
3866 3044 3898 3099 ἦ

546 3127 754 3183 litteris
804 3124 966 3180 viam
996 3123 1393 3191 monstrabat,
1439 3124 1647 3179 omnia
1675 3141 1812 3195 quae
1861 3125 1940 3180 ad
1968 3126 2186 3181 cultum

2265 3125 2489 3206 :ﬁpuzu
2544 3145 2594 3176 τι
2650 3124 2991 3176 ἐλαττοῦσθαι
3037 3130 3126 3176 καὶ⁹
3160 3130 3233 3193 σε,
3286 3128 3374 3178 ἁτε
3421 3133 3513 3185 τὴν
3566 3128 3726 3186 αὑτὴν
3776 3131 3905 3182 ἐκεί-

547 3214 890 3272 necessaria
914 3212 1362 3284 suppeditabat,
1393 3213 1615 3285 quibus
1654 3229 1810 3285 opus
1848 3220 1993 3269 erat.
2030 3216 2187 3271 Deni-

2305 3234 2406 3274 νοις
2471 3213 2811 3265 ἀναϐαίνοντα
2874 3220 2963 3265 xui.
3026 3213 3407 3268 καταϐαίνοντα
3478 3216 3727 3289 κλίμακα,
3770 3219 3907 3289 Ἐγὼ

548 3320 668 3378 que
722 3317 921 3375 neque
979 3301 1266 3373 temporis
1309 3316 1420 3357 nec
1480 3302 1653 3374 spatii
1708 3303 1936 3358 ratione
1990 3303 2188 3359 habita

2308 3300 2368 3356 δε
2397 3305 2422 3355 ό
2460 3300 2706 3362 δύσελπις
2748 3302 2825 3354 ἀεὶ
2872 3307 3017 3374 ᾤμην
3054 3312 3151 3354 τῶν
3183 3313 3272 3364 τῆς
3312 3310 3563 3376 Προνοίας
3598 3305 3907 3380 πανδερκών

550 3392 916 3451 desiderium
937 3391 1029 3446 sui
1051 3391 1114 3445 in
1134 3390 1310 3447 nobis
1342 3396 1614 3460 renovat,
1628 3392 1762 3447 libri
1782 3392 1970 3448 instar
1989 3392 2190 3448 divini.

2308 3392 2568 3465 ϐλεφάρων
2614 3394 2712 3453 ἔξω
2776 3411 2874 3443 που
2927 3398 3149 3459 πίπτειν,
3209 3393 3303 3445 οὑκ
3353 3392 3529 3463 εἰδὼς,
3587 3400 3655 3457 ὡς
3703 3396 3910 3468 ἀγγέλῳ

549 3483 655 3539 ubi
682 3481 935 3538 nomina
961 3483 1168 3534 nostra
1195 3479 1549 3536 referuntur.
1578 3480 2189 3537 Thessalonicensium

2309 3477 2497 3550 τοιῷδε
2539 3485 2904 3552 πεπίστευμαι,
3027 3484 3091 3533 τὰ
3128 3483 3243 3534 κατ’
3292 3483 3380 3554 ἐμὲ
3429 3486 3736 3555 θαυμασίως
3772 3487 3911 3538 οἰκο-

547 3570 756 3627 lumen
784 3568 939 3624 bene
969 3566 1084 3621 sibi
1112 3566 1336 3622 habeat
1379 3567 1680 3639 nobisque
1723 3584 1831 3639 per
1874 3574 2187 3626 nocturnas

2310 3577 2605 3641 νομοὺνται,
2655 3569 2766 3620 Οὑκ
2821 3569 3095 3642 ἀπέχρησε
3140 3575 3202 3623 τὰ
3254 3581 3348 3631 τῆς
3398 3578 3647 3647 προτέρας
3706 3594 3911 3647 προμη-

546 3659 731 3729 hujus
753 3656 883 3711 vitae
922 3670 1161 3726 pugnas
1186 3654 1384 3710 lucem
1415 3672 1591 3711 suam
1620 3656 1939 3729 impertiat.

2316 3661 2449 3718 θείας
2470 3658 2714 3730 φιλότιμα
2736 3675 2747 3687 ·
2782 3662 2838 3709 τό
2866 3664 2982 3730 περὶ
3014 3659 3195 3729 λόγους
3225 3669 3323 3731 φῶς
3342 3675 3356 3690 ⁹
3381 3664 3410 3719 η
3441 3661 3553 3714 κατ’
3575 3662 3716 3713 οἰκον
3746 3664 3913 3716 εἰσοί-

547 3766 685 3807 κισις
711 3760 726 3775 ⁸
755 3746 786 3803 ἡ
819 3745 950 3796 κατὰ
974 3750 1174 3814 πνεῦμα
1202 3742 1494 3804 εἰσποίησις
1522 3760 1535 3773 ⁸
1587 3746 1613 3795 ό
1645 3750 1920 3817 πορισμὸς,
1953 3748 2157 3799 ὁπόσων
2185 3744 2358 3807 ἐνδεὴς
2397 3747 2494 3818 ἐγὼ
2544 3748 2832 3819 ἅνθρωπος,
2870 3752 2980 3799 Οὑκ
3034 3747 3307 3821 ἀπέχρησε
3353 3758 3538 3819 ταῦτα,
3581 3750 3688 3802 ἀλλ’
3718 3756 3793 3804 ἔτι
3834 3760 3908 3826 μὴ

546 3842 746 3905 τοπικῷ
793 3833 823 3892 ἦ
850 3839 1085 3908 χρονικῷ
1117 3827 1447 3903 διαστήματι
1487 3828 1861 3905 διειργόμενος,
1890 3840 1984 3892 τὴν
2031 3838 2176 3907 ἡμῶν
2219 3835 2397 3888 θάλπει
2450 3841 2677 3906 μνήμην,
2706 3841 2795 3887 καὶ
2823 3844 2915 3896 τῆς
2939 3841 3056 3907 περὶ
3084 3839 3221 3907 ἡμᾶς
3267 3836 3583 3910 ἐπιστροφῆς
3631 3839 3913 3915 ἐμπορεύει

546 3923 798 3978 ἄσϐεστον
846 3924 1100 3993 ἕνανσμα,
1129 3919 1196 3972 Ὠ
1234 3928 1351 3982 νοῦς
1375 3917 1683 3993 πανδεχήςῙ
1712 3924 1751 3971 ὦ
1783 3918 1955 3983 διλτος
1978 3923 2159 3994 ψυχῆς
2185 3929 2443 3996 μνήμονος
2467 3922 2478 3976 !
2516 3922 2717 3995 βιϐλίον
2749 3923 2975 3995 ἀτεχνῶς
3006 3933 3161 3994 Θεοῦ,
3192 3925 3240 3977 ἐν
3269 3927 3307 3996 ᾧ
3333 3932 3510 3998 μυρίοι
3546 3932 3912 4003 γεγράμμεθα.

544 4013 701 4070 Ἀλλὰ
723 4010 1068 4087 διατηρηθείη
1095 4012 1154 4062 τὸ
1184 4018 1283 4061 τῶν
1315 4009 1735 4063 Θεσσαλονικέων
1766 4012 2163 4083 εὑφεγγέστατον
2194 4022 2297 4085 φῶς
2323 4013 2600 4078 ἄσϐεστον,
2629 4017 2697 4075 ὡς
2736 4016 2836 4066 ὑπό
2877 4015 3038 4083 λοιπῴ
3080 4018 3246 4086 τούτῳ
3292 4025 3477 4089 πυρσῷ
3502 4022 3636 4070 κατὰ
3682 4024 3773 4077 την
3814 4041 3914 4088 τοῦ

543 4105 666 4179 βίου
690 4106 1053 4174 νυκτομαχίαν
1077 4100 1421 4172 λαμπωμεθα.

539 4255 881 4313 II[.Domino
898 4249 1237 4318 Eustathio,
1253 4250 1697 4322 archiepiscopo
1727 4253 2179 4309 Thessalonica.

2017 4253 2185 4308 uices.
2529 4254 2602 4311 Γ.
2636 4261 2718 4326 Τῷ
2748 4252 3107 4311 Θεσσαλονίκη
3121 4274 3159 4326 ς,
3192 4262 3334 4328 κυρῷ
3364 4255 3657 4327 Εὑσταθίῳ.

610 4395 862 4451 Maxime
891 4397 945 4449 te
976 4392 1158 4448 eﬁ‘ero
1181 4392 1485 4457 laudibus,
1521 4394 1898 4450 sanctissime
1919 4394 2185 4459 domine,
2215 4435 2250 4488 Π

2215 4435 2260 4488 D
2365 4398 2585 4468 ’Υψὼσω
2646 4418 2723 4463 σε,
2781 4400 3010 4450 θειότατε
3060 4394 3310 4467 δέσποτα,
3370 4400 3451 4451 ὅτι
3499 4399 3749 4461 ὑπέλαϐές
3786 4422 3852 4473 με

534 4484 701 4559 quod
722 4498 818 4538 me
840 4481 1195 4537 sustinueris
1218 4482 1594 4537 vacillantem
1618 4483 1900 4537 manibus
1920 4498 1992 4537 ne
2014 4483 2161 4538 cade

2298 4489 2392 4538 εἴτε
2451 4492 2602 4539 τοῦτό
2665 4487 2775 4539 ἐστι
2836 4491 2893 4537 τὸ
2960 4485 3251 4551 ὑπολαϐεῖν,
3294 4492 3723 4559 περιτρεπόμενον
3780 4486 3893 4547 ἤδη

532 4590 683 4641 rem,
702 4576 807 4629 aut
834 4570 1075 4641 lapsum
1097 4569 1361 4635 elevasti,
1383 4570 1533 4625 sicut
1554 4571 1689 4641 quis
1712 4586 1967 4640 puerum
1999 4572 2172 4626 nandi

2296 4578 2411 4627 τινὰ
2445 4576 2693 4648 μεγάλαις
2747 4581 2935 4648 χερσὶν
2980 4571 3337 4636 ὑποδέξασθαι
3393 4581 3483 4627 xui.
3532 4575 3768 4649 ἀπεῖρξοιι
3800 4587 3897 4630 τοῦ

529 4663 631 4722 vix
669 4678 741 4719 ac
770 4676 845 4716 ne
882 4660 981 4715 vix
1010 4658 1255 4729 quidem
1279 4658 1531 4729 peritum
1563 4658 1845 4713 manibus
1877 4665 2169 4730 arreptum

2294 4672 2591 4735 πτώματος,
2645 4668 2745 4716 εἶτε
2810 4666 3158 4734 ὑποκουφίσαι
3213 4660 3643 4735 κάταὲυόμενον⁸
3714 4667 3783 4724 ὡς
3852 4671 3895 4718 εἷ

529 4768 709 4827 super
729 4764 922 4823 aquas
953 4747 1119 4815 tollit,
1151 4762 1226 4803 ne
1252 4746 1330 4803 ab
1370 4746 1549 4803 undis
1572 4746 1983 4803 absorbeatur.
2016 4751 2169 4821 Equi-

2294 4772 2373 4814 τις
2420 4753 2780 4806 ἀθαλάττωτον
2834 4750 3005 4805 παῖδα
3033 4756 3118 4804 καὶ
3170 4772 3259 4803 του
3303 4755 3565 4824 νήχεσθαι
3595 4752 3890 4827 ἀρτιμαθῆ,

524 4844 666 4900 dem
688 4842 738 4897 si
757 4856 831 4897 ex
856 4837 1140 4907 voragine
1169 4852 1366 4892 rerum
1395 4835 1805 4904 emergebam,
1852 4842 1915 4892 ut
1954 4854 2164 4910 aquai:

2290 4844 2383 4901 τὰς
2430 4850 2615 4915 χεῖρας
2654 4841 2942 4905 ὑπολαϐὼν,
2995 4843 3314 4915 μετεωρίζει,
3356 4847 3444 4892 καὶ
3503 4846 3596 4893 οὑκ
3653 4848 3751 4913 sum
3793 4849 3893 4895 πί-

524 4931 745 4989 salsam
765 4926 1275 5001 pusillanimitatis
1299 4925 1798 4992 biberem,littora
1813 4930 2013 4982 tamen
2046 4928 2164 4982 vita

2288 4950 2431 4983 πτειν
2506 4930 2806 5005 ὑπόϐρυχα.
2876 4929 3075 5002 Ἔγωγε
3146 4932 3245 5004 γάρ
3322 4927 3415 4981 κᾶν
3492 4932 3894 5003 ὰνατέτραμμαι

519 5019 719 5088 legere
764 5015 1031 5088 nequivi.
1070 5016 1152 5069 Tu
1189 5029 1334 5070 vero
1372 5013 1603 5070 bonum
1654 5014 1981 5087 pretiosum
2025 5015 2159 5071 cieli

2289 5015 2695 5080 σκοτοδινιάσας
2733 5018 2788 5070 ἐκ
2840 5026 2931 5079 τῆς
2985 5016 3213 5069 ἀστάτου
3276 5036 3373 5068 των
3428 5020 3747 5091 πραγμάτων
3802 5040 3893 5073 πε-

515 5112 613 5164 tus
666 5104 940 5173 missum,
980 5102 1192 5159 oculus
1236 5101 1447 5160 Christi
1488 5102 1858 5160 illuminator
1896 5104 2020 5173 ubi,
2051 5121 2155 5177 quc

2308 5107 2694 5181 ιιστροϐησεως,
2749 5106 2842 5159 κᾶν
2908 5103 3051 5181 ὕδωρ
3117 5106 3476 5177 ὀλιγοπιστίας
3533 5105 3728 5168 ἐξέπιον
3802 5108 3893 5160 αλ·
3934 5169 3948 5177 _

512 5198 580 5255 in
629 5199 784 5252 statu
826 5208 1024 5250 essem
1061 5206 1456 5260 cognoveras,
1500 5193 1815 5264 epistolam
1857 5194 2152 5265 porrexist

2282 5200 2465 5268 μυρόν,
2505 5198 2611 5268 οὐχ
2651 5198 2751 5257 οἷος
2810 5215 2862 5248 τε
2897 5196 2962 5246 ὧν
3021 5190 3144 5247 οὐδὲ
3199 5202 3316 5254 ταῖς
3373 5214 3463 5246 τον
3522 5194 3645 5266 βίον
3705 5194 3891 5258 ἀκταῖς

512 5286 872 5349 salutarem;
901 5286 959 5337 et
981 5280 1282 5353 extemplo
1308 5282 1413 5354 qui
1432 5281 1641 5354 lapsus
1659 5288 1787 5338 erat
1807 5283 2147 5351 erigebatur

2280 5283 2647 5357 ἐπινήχεσθαι.
2693 5283 2847 5338 Ἀλλὰ
2897 5287 2984 5351 σὺ,
3038 5280 3076 5334 ὦ
3128 5284 3259 5335 θεῖον
3317 5288 3406 5334 καὶ
3446 5286 3613 5334 κοινὸν
3663 5282 3888 5355 ἀγαθὸν,

512 5381 570 5433 et
607 5374 713 5447 qui
749 5370 930 5427 undis
969 5373 1203 5425 tantum
1259 5386 1384 5427 non
1438 5371 1765 5445 absorptus
1804 5378 1931 5429 erat
1966 5372 2152 5429 valida

2278 5371 2317 5425 ὦ
2375 5379 2644 5449 φωσφόρον
2705 5377 2849 5446 ἅμμα
2923 5380 3169 5447 Φριστον,
3228 5373 3292 5432 ὡς
3368 5368 3524 5439 εἶδες,
3602 5373 3671 5432 ὡς
3726 5375 3888 5444 ἔγνως

507 5481 699 5525 manu
734 5460 1118 5519 retinebatur.
1162 5464 1302 5515 inus
1331 5459 1576 5532 quidem
1618 5461 1819 5517 velum
1857 5477 1979 5517 non
2016 5462 2147 5533 vidi1

2275 5463 2435 5523 οὑτως
2507 5467 2718 5536 ἔχοντα,
2794 5465 2881 5515 οἶα
2942 5470 3102 5536 χεῖρα
3158 5466 3394 5533 γενναίαν
3454 5461 3608 5514 καλὸν
3660 5464 3887 5535 γράμμα

504 5553 671 5629 quod
702 5549 926 5623 Ulyssis
964 5563 1071 5621 per
1099 5562 1267 5604 mare
1306 5548 1589 5604 ﬂuctibus
1624 5549 1833 5621 jactati
1871 5550 2144 5607 membri:

2274 5553 2559 5624 ὑπωρεξας.
2619 5558 2719 5607 Καὶ
2778 5561 3119 5625 παραχρῆμα
3162 5552 3335 5626 ὀρθιος
3393 5552 3417 5601 ὁ
3461 5555 3686 5619 πίπτων,
3729 5556 3819 5605 xui.
3858 5554 3884 5605 ὁ

502 5655 837 5719 expansum
893 5637 1114 5695 mirum
1167 5636 1231 5692 in
1270 5636 1524 5696 modum
1563 5637 1986 5697 auxiliabatur.
2030 5641 2133 5713 Epi

2270 5661 2460 5717 μικρου
2520 5638 2751 5702 καταδὺς
2802 5650 2901 5694 τῶν
2932 5642 3176 5713 κυμάτων
3216 5644 3629 5714 κατωχρήσατο.
3685 5645 3788 5693 Καὶ
3825 5641 3885 5693 τὸ
