4152 6208
217 375 328 433 333
1733 368 1810 428 EF

1918 369 2096 430 'OLE
3477 381 3584 438 334

212 499 305 570 μὲν
345 493 648 569 κρήδεμνον
685 503 780 556 τῆς
833 489 996 557 Ἰνοῦς
1041 494 1135 547 οὐκ
1187 487 1334 562 οἶδα,
1385 493 1413 548 ὃ
1465 498 1519 548 τί
1574 514 1698 548 ποτε
1751 504 1810 567 τᾷ

1935 494 2087 552 stola
2115 494 2364 567 quidem
2394 497 2517 564 tua,
2539 511 2727 568 quam
2749 500 3040 572 tanquam
3059 501 3360 574 pectorale
3379 508 3582 575 gestas

211 586 442 659 τλήμονι
506 581 761 637 Ὀδυσσεῖ
853 590 1261 656 συνεισήνεγκεν,
1333 586 1418 637 ὅτε
1503 584 1829 656 θαλαττομο-

209 677 445 746 χθοῦντι
497 681 608 735 τοῖς
673 676 908 747 στέρνοις
963 673 1086 726 αὐτό
1141 675 1452 726 ὑπετείτετο.
1495 678 1564 726 Τό
1619 692 1679 744 γε
1725 677 1828 744 μὴν

213 769 304 816 σόν
333 765 587 836 γράμμα,
618 761 645 814 ὃ
692 765 742 815 ἐν
798 770 906 823 τοῖς
969 765 1195 834 στέρνοις
1241 767 1396 835 φέρω,
1450 765 1509 814 τὸ
1561 767 1663 814 πᾶν
1702 763 1828 832 ἡμῖν

209 856 380 904 καὶτὸ
413 851 538 904 ὅλον
565 858 664 912 τῆς
695 856 962 925 σωτηρίας
993 853 1271 925 εἷργασται
1305 871 1318 883 ο
1373 855 1464 902 καὶ
1502 847 1690 916 ταῦτα,
1745 851 1828 903 ὅτε

207 941 302 993 οὐκ
360 937 427 998 ἦν
481 945 610 1012 ἡμῖν
642 939 784 1000 ἐλπὶς
805 936 1018 991 τοιοῦδε
1046 939 1230 1005 καλοῦ,
1259 943 1320 991 τό
1373 937 1606 1010 ἄσχολον
1655 934 1825 990 εἰδόσι

207 1038 298 1090 τῆς
331 1039 433 1090 σῆς
491 1029 777 1099 ἁγιότητος
814 1045 828 1058 ⁶
887 1031 958 1090 ὡς
1009 1027 1200 1100 μᾶλλον
1253 1029 1315 1080 ἄν
1367 1027 1686 1100 ἐπεπείσμην
1737 1029 1824 1078 τόν

211 1119 532 1170 Αἰθιοπικὸν
570 1137 775 1170 τουτονι
813 1121 1359 1189 γραμματοκομιστὴν
1413 1117 1482 1178 εἰς
1531 1115 1825 1187 λενκοχρῶ-

207 1227 271 1260 τα
297 1207 641 1280 μεταϐαλεῖν,
697 1209 728 1266 ἦ
775 1209 996 1281 γράμμα
1039 1216 1132 1267 τῆς
1182 1209 1467 1280 ἱερωτάτης
1506 1225 1601 1258 σου
1640 1205 1824 1278 ψυχῆς

210 1299 340 1366 μετὰ
377 1304 574 1368 χεῖρας
617 1297 738 1369 ἄρτι
791 1295 964 1347 λαϐεῖν
995 1313 1009 1326 ο
1071 1295 1125 1346 ὃν
1178 1297 1314 1347 πάνυ
1364 1293 1700 1355 καταλλήλως
1756 1295 1823 1354 εἰς

211 1392 410 1445 Maio-iv
445 1382 686 1450 ἐξεδέξω,
724 1382 818 1438 διὰ
864 1388 920 1436 τό
973 1385 1076 1436 οἷον
1115 1384 1172 1436 ἐκ
1219 1389 1412 1457 γνόφου
1465 1385 1823 1457 κατέρχεσθαι

211 1473 323 1525 ὣον
361 1475 654 1545 ὑπόζοφον.
695 1473 829 1543 Ἐγὼ
870 1467 929 1524 δὲ
975 1477 1066 1524 καὶ
1105 1476 1162 1524 τό
1213 1472 1451 1544 ἑπόμενον
1510 1471 1821 1543 συλλογίζο-

211 1583 326 1634 μαι,
379 1565 467 1615 ὅτι
516 1568 606 1614 καὶ
661 1564 727 1621 ὡς
781 1560 836 1613 ἐκ
869 1569 1000 1614 Θεοῦ
1056 1560 1260 1622 πλάκας
1304 1565 1512 1634 κομίζει
1576 1562 1644 1613 τὰ
1679 1563 1822 1631 παρὰ

213 1660 306 1702 σοῦ
345 1654 662 1725 γράμματα.
709 1655 926 1707 Μήποτε
967 1645 1042 1720 δὲ,
1097 1646 1136 1700 ὦ
1201 1654 1456 1713 Δέσποτα,
1511 1654 1602 1700 καὶ
1672 1645 1819 1720 βάτῳ

209 1746 460 1812 καιομένη
524 1761 625 1792 που
677 1739 952 1812 ὀρειϐατῶν
996 1737 1350 1810 ἐντετύχηκεν,
1422 1735 1511 1790 εἶτ’
1542 1739 1637 1788 οὐκ
1667 1736 1819 1795 ἐνόη-

212 1849 294 1881 erat
319 1828 661 1901 ἀποστρέψαι
691 1829 786 1889 τὰς
840 1826 1008 1896 ὄψεις,
1043 1832 1131 1878 καὶ
1177 1830 1321 1900 παρά
1367 1827 1520 1878 τοῦτο
1550 1829 1608 1876 τό
1639 1845 1809 1897 προσ-
1853 1848 1890 1900 Β

211 1938 345 1969 ωπον
406 1915 833 1980 κατησϐόλωτος
888 1915 1026 1969 Ἀλλ’
1083 1917 1108 1967 6
1159 1919 1250 1988 μὲν
1306 1917 1396 1976 ἕως
1456 1914 1581 1990 ἡμῖν
1647 1935 1818 1989 γραμ-

211 2015 494 2082 ματοφορεῖ
557 2011 650 2058 καὶ
714 2009 903 2078 μηνύει
974 2006 1154 2066 λευκὰς
1215 2010 1333 2080 περὶ
1393 2007 1489 2058 σοῦ
1557 2004 1815 2077 ἀγγελίας,

210 2101 302 2148 καὶ
355 2101 421 2158 εἰς
467 2095 694 2169 ἄγγελον
750 2100 919 2167 φωτός
970 2101 1058 2147 καὶ
1114 2096 1313 2169 ἡμέρας
1371 2097 1480 2146 υἱόν
1530 2093 1814 2163 τετάξεται,

213 2185 308 2236 κᾶν
357 2181 668 2257 ἑπιδερμὶδι
719 2188 919 2258 σαρκός
985 2183 1229 2256 μελαίνης
1286 2184 1579 2244 σκιάζεται.
1637 2186 1704 2234 Σὺ
1759 2179 1818 2234 δὲ

221 2277 328 2333 εἴης
383 2271 462 2325 ἀεὶ
505 2279 791 2334 πίπτοντας
845 2271 940 2335 ἔξω
985 2279 1077 2323 τοῦ
1122 2271 1282 2322 καλοῦ
1335 2270 1604 2342 ἐπανάγων
1653 2267 1816 2322 διδα-

229 2361 492 2422 σκαλικῶς
545 2361 652 2433 ἅμα
691 2362 781 2413 καί
838 2369 1132 2434 πατρικῶς.
1199 2364 1270 2412 T6
1320 2358 1670 2432 ἐπιτείχισμα
1725 2366 1817 2411 τοῦ

233 2447 409 2503 δεινοῦ
463 2456 553 2502 καὶ
592 2448 842 2503 δυσκόλου
896 2455 1122 2522 γείτονος
1173 2453 1375 2520 τῳτέως
1415 2453 1504 2521 μὲν
1559 2448 1632 2511 εἰς
1676 2451 1816 2501 κενὸν

227 2542 436 2611 ἔσχασε
485 2545 574 2592 καὶ
641 2545 825 2613 μυρίαι
887 2548 1112 2613 κορῶναι
1195 2538 1336 2608 αὐτῷ
1413 2537 1814 2612 ἐπικρώζουσιν.

1936 582 2212 639 beneﬁca
2239 582 2349 639 fuit
2375 583 2435 637 in
2477 599 2574 639 me
2604 585 2916 660 salvando,
2949 589 3136 662 idque
3163 595 3432 665 tempore
3456 608 3581 665 quo

1935 678 2000 728 tu
2029 672 2277 728 minime
2301 671 2422 728 otio
2444 671 2823 732 abundabas.
2855 679 3169 735 Hominem
3199 696 3344 736 sane
3361 681 3581 738 Ethio-

1936 761 2138 832 picum
2161 775 2284 815 non
2309 760 2662 833 suspicabar
2675 763 2898 822 litteras
2919 767 3029 823 abs
3046 772 3101 824 te
3121 767 3298 824 nobis
3318 775 3575 842 portare;

1933 864 2118 921 quem
2144 865 2284 904 cum
2311 851 2510 921 Moyse
2528 855 3006 924 comparaverim
3028 856 3132 928 qui
3163 857 3314 913 facie
3337 858 3581 916 umbra-

1934 937 2064 993 tilis
2095 937 2354 994 tenebris
2385 939 2676 1010 prorupit,
2710 946 2768 996 et
2795 941 2847 997 si
2876 944 3113 1000 tabulas
3143 944 3384 1002 divinas
3422 949 3577 1019 Moy-

1934 1041 2048 1092 ses,
2077 1030 2212 1082 tuus
2233 1025 2517 1097 epistolas
2544 1027 2780 1085 divinas
2805 1033 3077 1102 portavit.
3094 1036 3246 1089 Num
3272 1035 3334 1089 in
3363 1035 3555 1092 monti

1931 1115 2047 1171 bus
2076 1130 2286 1170 errans
2307 1115 2528 1172 rubum
2568 1117 2716 1174 vidit
2747 1120 3055 1178 ardentem
3086 1122 3189 1194 qui
3220 1124 3346 1194 ejus
3375 1123 3578 1196 palpe-

1931 1204 2075 1260 bras
2091 1203 2425 1259 combussit
2441 1204 2468 1259 ?
2494 1208 2610 1260 Nos
2629 1221 2770 1261 eum
2785 1208 3122 1266 dummodo
3133 1211 3421 1282 epistolas
3442 1219 3576 1270 tuas

1931 1292 2102 1349 affert
2131 1307 2472 1364 prosperas,
2488 1292 2732 1349 luminis
2753 1297 3033 1353 nuntium
3061 1304 3117 1354 et
3136 1299 3249 1354 diei
3269 1298 3455 1356 ﬁlium
3479 1316 3577 1357 ve-

1929 1396 2233 1450 neramur,
2252 1380 2537 1436 licetcum
2570 1388 2703 1438 cute
2728 1384 3009 1456 nigra.Tu
3026 1391 3223 1442 autem
3245 1404 3426 1460 perge
3442 1405 3574 1446 suc-

1930 1465 2166 1526 currere
2196 1475 2261 1524 ut
2289 1474 2457 1540 pater
2481 1474 2538 1525 et
2584 1477 2916 1544 praeceptor
2945 1475 3230 1531 omnibus
3275 1477 3379 1548 qui
3417 1478 3576 1534 circa

1929 1559 2207 1614 virtutem
2235 1558 2297 1612 in
2327 1574 2524 1614 errore
2555 1559 3109 1631 deprehenduntur.
3137 1565 3308 1629 Quod
3343 1566 3575 1622 vicinus

1929 1648 2116 1703 hostis
2143 1650 2350 1702 contra
2368 1662 2479 1702 nos
2505 1651 3031 1719 propugnaculum
3063 1652 3281 1707 fecerat
3305 1652 3575 1710 dirutum

1929 1743 2036 1802 est,
2077 1735 2458 1806 graculorum
2506 1737 2924 1793 crocitantium
2967 1740 3336 1796 domicilium
3363 1743 3571 1798 evasit.

1931 1827 2171 1896 Opusne
2215 1829 2500 1894 praeterea
2548 1826 2710 1880 aliud
2759 1827 3111 1882 conﬁciatur
3165 1831 3396 1898 ignoro.
3453 1833 3575 1901 Ego

1927 1913 2173 1985 quidem
2200 1928 2403 1967 senem
2436 1913 2616 1968 istum
2644 1930 2716 1968 ex
2745 1916 2950 1970 animo
2996 1916 3390 1988 deplorabam
3442 1920 3570 1991 qui,

1926 2003 2165 2058 nescius
2191 2017 2253 2055 se
2282 2006 2538 2056 mortem
2583 2001 2696 2057 sibi
2737 2009 3064 2072 maturare,
3095 2011 3304 2062 contra
3337 2007 3568 2061 vicinos

1925 2090 2140 2146 domos
2169 2095 2455 2145 ventosas
2486 2095 2544 2145 et
2574 2091 2766 2146 aerias
2793 2097 3134 2148 construere
3156 2093 3398 2150 studuit.
3425 2096 3574 2151 Ora-

1926 2181 2148 2235 tionem
2179 2183 2348 2235 tuam
2375 2179 2450 2234 de
2472 2179 2702 2250 jejunio
2722 2180 2996 2236 nondum
3018 2183 3274 2252 gustavi,
3299 2189 3357 2239 et
3377 2187 3572 2240 Mono-

1926 2267 2091 2324 diam
2121 2267 2222 2322 vix
2273 2267 2570 2339 inchoavi,
2603 2269 2654 2323 ei
2687 2268 2865 2341 plane
2904 2269 3114 2324 similis
3163 2271 3267 2342 qui
3301 2271 3574 2329 tabulam

1925 2357 2102 2413 lautis
2129 2356 2280 2412 cibis
2324 2356 2626 2423 refertam,
2669 2357 3028 2430 priusquam
3056 2364 3302 2428 tangere
3353 2363 3574 2434 possis,

1924 2449 2193 2502 removet
2221 2449 2278 2502 et
2316 2445 2616 2518 hospitem
2653 2445 2826 2503 falsis
2859 2449 3015 2503 escis
3045 2446 3229 2518 illicit,
3267 2455 3574 2522 postremo

1927 2533 2165 2606 decipit.
2199 2536 2351 2590 Deus
2382 2539 2438 2590 te
2457 2534 2804 2607 longaevum
2834 2535 3082 2592 reddat!

216 2629 280 2682 Εἰ
307 2626 362 2681 δ’
390 2627 776 2686 ἐπιτεκτήναιτό
832 2649 883 2681 τι
925 2633 1016 2680 καὶ
1065 2630 1160 2688 ἔτι,
1194 2627 1288 2678 οὐκ
1333 2623 1474 2681 οἶδα.
1523 2625 1853 2687 Ἐταλάνισα,
1893 2627 1968 2696 μὰ
2005 2627 2098 2682 τὴν
2145 2627 2242 2681 σὴν
2288 2627 2491 2695 σοφίαν,
2519 2627 2576 2675 τὸ
2623 2627 2821 2676 σαπτὸν
2869 2629 3152 2698 γερόντιον,
3202 2627 3279 2687 οἷς
3306 2627 3379 2700 (τ)
3420 2647 3573 2703 σορο-

211 2725 397 2788 πηγεῖν
427 2718 591 2788 ἑαυτῷ
615 2718 913 2790 λαϐόμενον,
937 2713 1296 2788 ἐποικοδομεῖν
1321 2719 1454 2768 κατὰ
1483 2724 1582 2766 τῶν
1607 2717 1968 2787 γειτονούντων
1999 2711 2266 2766 ἐπεϐάλετο
2287 2715 2489 2786 μέγαρα
2532 2713 2809 2785 ἠνεμόεντα
2841 2711 3021 2784 ἄλλως,
3055 2715 3128 2774 οἷς
3159 2713 3401 2787 ἀνεμιαῖα
3425 2716 3576 2788 ἠλέγο

206 2807 445 2878 χθησαν,
475 2811 567 2858 καὶ
631 2809 701 2868 ὡς
727 2803 886 2878 αὖραι
920 2805 1137 2858 λυθέντα
1166 2801 1586 2876 διεφυσήθησαν.
1613 2811 1718 2856 Τοῦ
1769 2809 1888 2877 περὶ
1928 2805 2167 2861 νηστείας
2207 2799 2361 2872 λόγον
2407 2803 2550 2852 οὔπω
2597 2803 2904 2873 γεγεύμεθα,
2945 2810 3041 2863 τῆς
3088 2799 3147 2856 δὲ
3187 2801 3452 2874 μονῳδίας
3491 2825 3574 2858 το-

207 2903 413 2960 σοῦτον,
459 2897 582 2947 ὅσον
629 2896 674 2947 εἰ
701 2901 793 2947 καὶ
830 2897 1090 2969 τράπεζαν
1129 2895 1435 2967 παραφέρων
1467 2913 1561 2963 τις,
1594 2893 1734 2964 ὄψων
1787 2892 1983 2945 πολλῶν
2031 2895 2122 2942 καὶ
2161 2889 2330 2941 καλῶν
2369 2893 2651 2960 γέμουσαν,
2695 2893 2816 2962 πρὶν
2861 2890 2890 2946 ἦ
2937 2895 3026 2942 καὶ
3069 2899 3258 2964 χεῖρας
3287 2891 3568 2962 ἐπιϐαλεῖν,

200 2983 348 3044 εὐθὺς
379 2987 721 3056 ἧρπασε,τὸν
753 2980 1045 3055 δαιτυμόνα
1083 2981 1226 3054 ἀφεὶς
1251 2980 1610 3053 ἐπιχαίνοντα,
1657 2985 1748 3032 καὶ
1785 2986 1913 3054 μόνῃ
1941 2987 2002 3052 τῇ
2038 2979 2155 3050 ἅψει
2195 2977 2414 3052 ἀνιαρῶς
2459 2976 2906 3051 παραψαύσαντα.
2947 2984 3069 3036 Δοίη
3130 2997 3216 3032 σοι
3255 2982 3381 3041 Θεὸς
3428 2981 3569 3042 ζωὴν

197 3077 614 3145 μακροχρόνιον.

412 3179 484 3236 Δ’.
523 3183 662 3252 Πρός
691 3183 779 3230 τόν
808 3179 962 3231 αὐτὸν
991 3179 1146 3230 αὐτόν
1177 3177 1583 3238 Θεσσαλονίκης.

260 3286 317 3338 Ὀ
403 3283 440 3338 δ
447 3287 460 3305 ’
538 3283 604 3337 αὖ
671 3285 822 3338 πάλιν
890 3288 1138 3360 ἔμφορτος
1203 3284 1400 3337 πολλῶν
1479 3286 1801 3358 γραμμάτων

192 3384 423 3442 καπνοῦ,
484 3374 614 3447 τάχ’
673 3374 734 3426 ἆν
791 3379 922 3448 πρός
967 3378 1053 3426 τὸν
1113 3378 1658 3448 γραμματοκομιστὴν
1715 3376 1802 3425 τὸν

190 3470 436 3540 παρόντα
465 3464 797 3536 κομψεὺσαιο
831 3485 844 3496 ·
897 3469 988 3516 καὶ
1031 3461 1158 3536 ¹μάλ’
1212 3462 1433 3534 ἀληθῶς.
1485 3458 1652 3516 Οὐδὲν
1698 3465 1800 3535 γὰρ

191 3556 253 3604 τὰ
297 3555 540 3626 ἡμέτερα
586 3559 751 3603 ταῦτα
878 3555 1071 3610 καπνός
1103 3565 1118 3580 ⁸
1173 3554 1452 3623 τεκμήριον
1501 3554 1655 3622 μόνον
1710 3556 1801 3602 τοῦ

189 3642 312 3713 παρ’
380 3642 512 3713 ἡμῖν
589 3638 883 3701 ἀσϐέστονς
939 3641 1265 3692 ὺποκάεσθαι
1343 3641 1419 3690 ἔτι
1483 3642 1604 3701 τοὺς
1681 3641 1802 3698 σοὺς

192 3731 426 3804 θερμοὺς
458 3732 650 3802 ἔρωτας
672 3749 684 3761 ·
719 3731 786 3780 τὰ
829 3725 888 3780 δὲ
916 3747 973 3801 γε
1013 3727 1143 3780 ἀλλα
1173 3733 1243 3789 εὶς
1284 3726 1411 3800 ἀέρα
1457 3724 1802 3800 σκιδνάμενος

185 3825 274 3870 καὶ
305 3820 589 3890 λυόμενος.
623 3817 682 3870 Εἰ
721 3813 781 3869 δέ
817 3835 902 3869 σοι
953 3821 1042 3869 καὶ
1101 3816 1356 3889 φίλτατος,
1406 3818 1488 3868 ὅτι
1539 3824 1634 3877 τῆς
1662 3815 1798 3888 λόγῳ

188 3928 243 3960 σε
299 3907 639 3980 θρεψαμένης
694 3905 1044 3981 ἆποθρώσκει,
1101 3913 1254 3959 τούτο
1311 3906 1474 3977 λέγοις
1543 3909 1635 3979 μὲν
1706 3910 1798 3958 αὐ-

185 4001 272 4059 τός
313 4011 328 4023 ⁸
398 3994 655 4068 ἀκούομεν
711 3991 769 4047 δὲ
836 3998 998 4068 ἡμεῖς.
1057 3995 1198 4052 Πλὴν
1264 4003 1353 4048 καί
1405 3996 1536 4046 οὕτω
1581 4000 1790 4055 καπνός.

188 4091 287 4137 Καὶ
311 4087 470 4156 παρὰ
515 4091 689 4155 τοῦτο,
736 4082 902 4156 οἶμαι,
941 4089 1031 4136 καὶ
1061 4085 1086 4134 6
1117 4084 1348 4156 κομίζων
1377 4087 1644 4156 καπνηρὸς
1679 4082 1795 4145 ὅλος

183 4179 272 4226 καὶ
333 4176 472 4246 γρηὶ
522 4180 736 4242 καμινοί
777 4175 907 4233 ἶσος.
962 4171 1094 4244 Ἀλλ’
1125 4173 1151 4224 6
1203 4169 1415 4224 τοιόσδε
1462 4176 1552 4224 καὶ
1598 4173 1664 4223 ὧν
1703 4177 1794 4224 καὶ

187 4266 327 4318 ἥκων
386 4258 596 4314 ἐιθὼδε
643 4261 884 4324 στιλπνός
941 4263 1064 4334 ἡμῖν
1108 4263 1356 4319 ἐπανήκοι
1385 4293 1453 4300 -
1482 4268 1592 4320 πῶς
1633 4263 1792 4321 εἴποις

185 4384 253 4392 —-
282 4357 381 4404 καὶ
411 4347 547 4403 ἰδεῖν
587 4345 808 4416 ᾖδιστος
851 4355 940 4402 καὶ
967 4347 1185 4424 φαιδρὸς
1221 4350 1474 4423 λάμποντι
1506 4355 1788 4422 προσώπῳ,

1839 3176 1880 3230 C
1967 3176 2060 3230 IV.
2088 3174 2186 3229 Ad
2214 3173 2481 3228 eumdem
2520 3172 2958 3229 Thessalonices
2979 3174 3526 3246 archiepiscopum.

1983 3284 2129 3337 Ecce
2165 3280 2381 3335 iterum
2412 3278 2724 3334 hominem
2760 3293 2987 3350 vapore
3019 3280 3326 3352 epistolari
3353 3282 3564 3340 admo-

1911 3369 2058 3426 dum
2074 3372 2408 3438 oneratum,
2425 3367 2608 3436 dices,
2631 3365 3013 3424 tabellarium
3033 3375 3307 3425 nostrum
3325 3370 3561 3442 videns,

1911 3465 1970 3516 et
1991 3459 2158 3515 omni
2181 3458 2336 3528 jure.
2370 3455 2672 3528 Quidquid
2713 3457 2876 3512 enim
2915 3458 3233 3516 scribimus
3258 3476 3451 3535 vapor
3473 3462 3561 3518 ina

1910 3549 2043 3606 anis
2063 3552 2151 3604 est
2175 3546 2474 3620 simulque
2499 3545 2722 3602 amoris
2741 3547 2932 3603 nostri
2957 3547 3225 3604 ardentis
3241 3549 3556 3608 indicium.

1911 3639 2102 3704 Quem
2131 3637 2182 3692 si
2221 3652 2394 3692 amas
2436 3634 2580 3708 quia
2610 3651 2682 3691 ex
2711 3635 2860 3692 urbe
2891 3637 3160 3694 ascendit
3185 3654 3324 3712 quae
3352 3639 3561 3697 litteris

1911 3732 1963 3782 te
1993 3725 2210 3783 imbuit
2227 3723 2325 3780 dic
2349 3723 2528 3780 nobis
2553 3740 2569 3791 ;
2595 3723 2813 3796 volupe
2843 3725 3004 3781 enim
3032 3725 3211 3783 nobis
3240 3732 3347 3784 est.
3363 3731 3561 3802 Vapor

1907 3815 1970 3871 id
1998 3813 2162 3887 quod
2200 3829 2329 3869 esse
2352 3827 2475 3869 non
2513 3813 2748 3880 desinit,
2781 3829 2970 3886 quare
3003 3814 3182 3872 etiam
3203 3817 3309 3889 qui
3334 3823 3555 3890 portat,

1905 3903 2077 3974 niger
2097 3907 2186 3958 est
2210 3907 2275 3958 ut
2301 3901 2789 3959 atramentarius.
2815 3904 3124 3976 Utcunque
3147 3904 3209 3960 id
3239 3905 3332 3976 sit,
3363 3907 3556 3962 redux

1905 3991 2081 4048 nobis
2111 3990 2407 4047 candidus
2436 3991 2571 4046 visu
2608 4005 2678 4046 ac
2719 3989 3072 4062 splendidus
3115 3997 3365 4063 apparet
3394 3999 3554 4066 post-

1903 4097 2090 4153 quam
2121 4083 2177 4135 te
2207 4078 2356 4135 facie
2394 4077 2834 4149 contemplatus
2863 4083 2952 4134 est
2980 4079 3091 4134 abs
3121 4083 3298 4150 teque
3327 4081 3550 4152 episto-

1899 4168 2010 4225 lari
2029 4183 2182 4224 zona
2193 4167 2422 4222 cinctus
2445 4164 2641 4221 fuerit.
2669 4164 2758 4220 Ab
2778 4180 2848 4220 eo
2878 4165 3238 4222 sciscitando
3260 4170 3549 4226 sanctitas

1899 4265 2004 4314 tua
2033 4255 2344 4330 quomodo
2369 4270 2483 4310 nos
2511 4254 2627 4326 ipsi
2647 4253 2960 4312 valeamus
2981 4256 3326 4327 comperiet.
3353 4259 3550 4315 Domi-

1899 4363 2015 4404 nus
2039 4344 2320 4419 precibus
2342 4343 2460 4399 tuis
2490 4341 2788 4400 exauditis
2815 4343 3107 4416 propitius
3137 4344 3287 4402 mihi
3317 4348 3476 4403 estol

186 4439 240 4492 ἐκ
262 4449 362 4502 τῆς
391 4448 492 4500 σῆς
520 4435 556 4492 δ
559 4441 780 4498 ἠποῦθιν
819 4440 1208 4508 αὖτοπτήσεως,
1235 4444 1324 4491 καὶ
1353 4446 1445 4491 τοῦ
1474 4446 1662 4491 κεστοῦ
1687 4445 1786 4490 τῶν
1815 4436 2135 4515 γραμμάτων
2171 4453 2264 4486 σου
2291 4427 2759 4504 ἐπισχεδιάξοντος
2797 4431 2937 4503 αὐτῷ
2965 4435 3023 4482 τὸ
3063 4429 3286 4508 ἐπιχαρι
3318 4451 3330 4464 ⁸
3365 4435 3416 4496 ὃς
3463 4443 3553 4490 καὶ

187 4537 249 4602 τῇ
287 4537 355 4602 σῇ
393 4528 642 4602 ἁγιότητι
671 4525 824 4592 αὖθις
861 4527 1126 4601 ἀναγγελεὶ
1172 4531 1238 4581 τα
1278 4527 1396 4580 καθ’
1440 4529 1598 4601 ἡμᾶς,
1632 4529 1766 4587 ὅπως
1795 4529 2030 4598 ἔχουσιν,
2067 4521 2234 4583 ’Ἱλεως
2265 4527 2340 4579 εἴη
2365 4540 2456 4594 μοι
2503 4524 2652 4592 Θεὸς,
2698 4516 2794 4572 διὰ
2815 4529 2914 4572 τῶν
2944 4527 3045 4573 σῶν
3079 4523 3366 4596 ἱερωτάτων
3387 4526 3554 4578 ἑντεύ-

189 4617 333 4679 ξεων.

403 4740 482 4798 E'.
524 4748 610 4813 Τῷ
652 4741 1064 4813 Θεσσαλονίκης,
1105 4749 1248 4815 κυρῶ
1286 4740 1580 4814 Εὐσταθίῳ.

257 4849 554 4921 ’Δγιώτατε
633 4845 888 4920 δέσποτα,
977 4846 1101 4902 οἶδα
1176 4854 1266 4907 τὴν
1309 4847 1614 4922 ’ἱερωτάτην
1701 4866 1795 4899 σου

187 4937 377 5010 ’ρνχὴν
411 4943 514 4996 τήν
543 4938 708 4996 αὐτὴν
732 4933 916 5006 οὖσαν,
957 4939 1017 4991 οὐ
1048 4937 1238 5011 μᾶλλον
1277 4937 1326 4990 ἐν
1358 4945 1430 5008 τῷ
1473 4937 1796 5008 ἂναλλοιὼτῳ

184 5046 284 5078 των
329 5028 531 5080 λοιπῶν
583 5027 751 5080 καλῶν
795 5029 826 5086 ἦ
887 5036 950 5100 τῇ
1003 5032 1124 5102 περὶ
1174 5029 1313 5100 ἡμᾶς
1369 5024 1606 5080 διαθέσει
1651 5045 1745 5079 σου
1778 5042 1792 5054 ·

182 5113 394 5177 οὐδενὸς
440 5118 547 5190 γὰρ
593 5115 755 5168 καλοῦ
804 5121 1149 5190 μεταπίπτειν
1204 5118 1531 5189 μεμάθηκας,
1579 5114 1686 5167 ἀλλ’
1743 5112 1795 5176 ἐς

183 5205 560 5279 ακριϐἐστερον
617 5203 807 5276 μᾶλλον
863 5203 1166 5276 ἑγκάεσθαι.
1217 5209 1317 5258 Καὶ
1381 5206 1663 5278 γράμμασι
1705 5205 1796 5275 μεν

183 5291 336 5346 οὐδὲν
384 5295 416 5352 ἦ
463 5300 640 5366 μικρῷ
687 5297 970 5366 προσέχεις
1017 5289 1111 5346 διὰ
1147 5293 1321 5366 φιλίαν
1361 5296 1792 5367 χαραττομένοις,

185 5383 252 5444 εἰς
297 5383 496 5454 ψυχὴν
565 5377 627 5434 δε
677 5382 867 5454 μᾶλλον
911 5385 1246 5457 προκύπτεις,
1299 5383 1534 5434 κάκεῖθεν
1599 5377 1798 5452 λαμϐά-

184 5489 280 5532 νεις
310 5475 372 5523 τὸ
403 5480 507 5536 τῆς
564 5469 775 5541 ἀγάπης
830 5470 1105 5542 ἐχέγγυον.
1155 5467 1318 5535 Οἶδα,
1350 5472 1431 5522 ὃτι
1479 5475 1568 5520 νῦν
1609 5467 1796 5540 μᾶλλον

189 5560 222 5616 ἡ
295 5565 552 5634 πρότερον
619 5561 688 5610 τὰ
737 5559 851 5611 καθ’
905 5561 1048 5632 ἡμᾶς
1113 5559 1262 5621 ἐλεεῖς
1325 5561 1352 5612 6
1401 5557 1792 5631 φιλάνθρωπος·

184 5654 278 5702 καὶ
339 5648 498 5703 πλέον
563 5645 713 5700 ἐλεῶν
767 5651 1142 5724 προσπάσχεις
1199 5644 1509 5723 δριμύτερον
1537 5661 1551 5675 ⁸
1620 5649 1682 5698 τό
1739 5641 1800 5698 δε

1822 4741 1867 4796 D
1906 4738 2237 4794 V.Domz'no
2266 4736 2589 4792 Eustathio
2626 4734 3064 4791 Thessalom'ces
3083 4736 3551 4807 archiepiscopo.

1977 4842 2363 4900 Sanctissime
2379 4841 2642 4905 domine,
2656 4841 2843 4912 probe
2857 4840 3018 4912 novi,
3039 4841 3364 4898 candidam
3383 4846 3552 4900 tuam

1903 4933 2176 4989 animam
2200 4939 2332 4988 tum
2361 4931 2528 5004 quod
2556 4929 2791 4986 bonum
2815 4933 3161 5002 rectumque
3193 4934 3284 4986 est
3315 4947 3555 5006 semper

1904 5023 2096 5094 sequi,
2114 5036 2348 5093 nosque
2368 5019 2583 5076 eodem
2605 5034 2842 5090 semper
2862 5033 3068 5075 amore
3081 5020 3552 5092 amplecti.Nun-

1904 5126 2093 5183 quam
2145 5109 2222 5166 ab
2250 5109 2516 5166 honestis
2553 5107 2787 5164 artibus
2814 5107 3130 5176 recessisti,
3171 5109 3296 5165 imo
3343 5125 3554 5168 earum

1902 5199 2156 5270 vestigia
2185 5213 2425 5271 semper
2453 5197 2742 5270 pressisti.
2767 5197 3207 5254 Commercium
3237 5199 3554 5271 epistolare

1903 5288 2058 5345 inter
2088 5287 2317 5344 amicos
2346 5291 2400 5343 te
2429 5302 2649 5358 parum
2681 5290 2905 5350 movet,
2941 5286 3048 5358 qui
3087 5301 3161 5342 ex
3191 5287 3323 5344 sola
3351 5291 3557 5345 anima

1903 5377 2132 5434 amoris
2155 5376 2379 5448 pignus
2405 5380 2462 5431 et
2499 5374 2918 5431 certitudinem
2945 5375 3172 5431 hauris.
3215 5374 3282 5430 Id
3310 5392 3556 5449 quoque

1907 5467 2030 5524 scio
2050 5472 2106 5523 te
2131 5481 2242 5538 pro
2263 5465 2635 5521 humanitate
2655 5469 2760 5520 tua
2778 5480 2870 5520 res
2887 5469 3124 5521 nostras
3141 5465 3307 5520 cordi
3330 5465 3554 5522 habere

1907 5559 1966 5612 et
1991 5571 2104 5612 nos
2124 5570 2331 5611 amore
2356 5554 2641 5610 continuo
2670 5552 2950 5626 amplecti
2971 5569 3043 5609 ac
3067 5553 3291 5610 fovere.
3324 5554 3382 5610 Si
3412 5555 3552 5610 dein

1907 5647 2150 5701 amatus
2169 5641 2473 5714 redamas,
2499 5655 2611 5711 ego
2641 5639 2748 5697 tibi
2775 5639 2987 5698 similis
3031 5654 3158 5697 non
3185 5655 3358 5710 sum;
3388 5641 3556 5712 quod

4112 723 4113 744 1

4111 1505 4113 1578 1

4111 1599 4113 1634 1

4111 1637 4113 1682 1

4111 1691 4113 1706 1

4111 1713 4113 1728 |

4111 1737 4113 1750 1

4111 1821 4113 1844 1
