4152 6208
575 366 679 422 333
1451 356 1822 418 MICHAELIS
1850 352 2235 419 ACOMINATI
2262 360 2692 421 ATHENARUM
2714 363 3032 423 ARCHIEP.
3819 376 3924 432 336

576 492 738 548 enim
766 486 1075 562 publicani
1115 482 1363 551 faciunt,
1390 487 1702 559 quomodo
1731 502 1829 545 res
1858 486 2066 558 magni
2091 502 2209 546 mo-

2330 488 2680 563 ἀφθονώτερον
2731 493 2900 564 τρέφει
2950 494 3011 545 τὸ
3073 498 3164 552 τῆς
3214 480 3401 564 ψυχῆς
3459 482 3800 568 διακείμενον.
3862 498 3925 553 Εἰ

575 580 758 637 menti
791 593 924 636 esse
951 576 1169 651 poterit
1188 576 1217 632 ?
1242 579 1326 633 Me
1361 576 1707 633 amantibus
1736 593 1807 635 eo
1844 593 1967 651 quo
1997 592 2109 650 par
2133 584 2209 635 es1

2332 574 2392 631 δὲ
2418 581 2476 631 τὸ
2507 583 2578 643 μὴ
2612 577 2811 651 ἀγνοεῖν
2840 578 3176 653 ἀγαπώμενον
3231 578 3318 634 οἶδ
3322 600 3344 633 ε
3399 586 3589 636 τίκτειν
3637 584 3920 662 ἀντέρωτα,

577 669 765 729 animi
791 668 1012 725 affectu
1046 665 1365 724 sanitatem
1394 670 1453 723 et
1477 666 1923 738 longaevitatem
1950 672 2112 740 opto.

2330 674 2480 721 τοῦτο
2527 667 2659 720 ὀκνῶ
2701 670 2989 741 κομπάζειν
3043 671 3171 742 ἐγὼ,
3216 671 3295 724 ὅτι
3351 668 3492 744 μηδε
3548 675 3680 727 πάνυ
3737 680 3922 749 σεμνὸν

647 763 912 814 Praesens
940 754 1281 813 monachus
1314 754 1627 812 timidioris
1657 755 1874 813 indolis
1906 755 2086 813 frater
2133 760 2209 812 est

2328 761 2417 809 καὶ
2469 759 2527 809 τὸ
2572 759 2716 830 παρά
2765 757 3006 820 τελώναις
3054 760 3231 823 αὐτοῖς
3278 762 3722 837 κατορθούμενον·
3777 767 3927 818 ἐπεύ-

573 846 937 906 venerabilis
964 844 1249 903 Demetrii
1277 844 1672 917 Thessali,cui
1696 845 1917 903 auxilio
1937 850 2039 903 tuo
2064 861 2209 918 opus

2325 865 2498 919 χομαι
2542 842 2600 899 δὲ
2646 854 2719 899 τῶ
2777 845 3116 919 ἀγαπήσαντι
3161 850 3301 922 ἡμᾶς
3358 851 3423 912 ὡς
3480 851 3627 924 αἰτὶῳ
3679 857 3769 906 καὶ
3823 862 3921 915 τῆς

572 942 682 997 est.
730 939 981 995 Fruatur
1033 935 1216 1005 igitur
1278 934 1646 1006 benignitate
1682 939 1786 993 tua
1828 951 1901 993 ac
1951 935 2209 1009 paterni-

2328 932 2737 1007 ἀνταγαπησεως
2812 938 3042 1009 ὑγιεινὴν
3125 938 3264 999 ζωὴν
3337 943 3428 991 καὶ
3490 940 3796 1017 μακρόϐιον.
3862 950 3923 995 '0

570 1033 717 1088 tate.
744 1059 815 1070 —
835 1030 990 1084 Deus
1011 1024 1161 1084 mihi
1187 1024 1481 1100 propitius
1503 1028 1629 1083 esto
1662 1024 1742 1082 ob
1771 1040 1975 1083 sacras
2010 1039 2209 1098 preces

2329 1022 2541 1085 εὐλαϐὴς
2585 1024 2730 1088 οὗτος
2767 1029 3004 1099 μοναχός
3052 1022 3270 1095 ἀδελφός
3318 1026 3431 1081 ἐστι
3495 1037 3586 1082 τοῦ
3624 1035 3922 1105 μακαρίτου

571 1123 730 1177 tuas,
2331 1115 2593 1186 Δημτρίου
2647 1120 2739 1166 τοῦ
2790 1114 3073 1183 Θετταλοῦ,
3129 1120 3216 1167 καὶ
3264 1112 3435 1169 δεῖται
3477 1125 3571 1181 τῆς
3623 1126 3719 1182 σῆς
3772 1124 3924 1173 άντι-

572 1206 894 1279 ληψεωςνκη
918 1204 1292 1259 Ἀπολαυσάτω
1329 1211 1455 1278 γοῦν
1481 1211 1571 1265 τῆς
1597 1204 1692 1266 σής
1722 1202 2063 1277 ἀγαθὸτητος,
2096 1201 2170 1257 δι’
2192 1207 2253 1264 ἣν
2271 1220 2326 1255 τε
2359 1198 2500 1273 εἶχες
2530 1202 2601 1265 εἰς
2639 1201 2828 1255 ἐκεῖνον
2856 1209 3115 1280 πατρικὴν
3137 1200 3397 1273 διάθεσιν,
3429 1211 3518 1260 καὶ
3556 1203 3650 1261 διὰ
3677 1212 3771 1267 τὴν
3796 1211 3922 1282 ἠμε-

572 1212 894 1279 ληψεως“¹”’
918 1212 1292 1259 Ἀπολαυσάτω
1329 1212 1455 1278 γοῦν
1481 1212 1571 1265 τῆς
1597 1212 1692 1266 σης
1722 1212 2063 1277 ἁγαθὸτητος,
2096 1212 2170 1257 δι’
2192 1212 2253 1264 ἣν
2271 1220 2326 1255 τε
2359 1212 2500 1273 ειχες
2530 1220 2601 1265 εις
2639 1212 2828 1255 ἐκεῖνον
2856 1212 3115 1280 πατρικὴν
3137 1212 3397 1273 διάθεσιν,
3429 1212 3518 1260 καὶ
3556 1212 3650 1261 διὰ
3677 1212 3771 1267 τὴν
3796 1212 3922 1282 ἠμε-

572 1302 724 1370 τέραν
759 1294 996 1359 ἀξίωσιν.
1020 1292 1189 1356 Ἵλεώς
1209 1298 1286 1353 εἴη
1314 1312 1406 1367 μοι
1445 1296 1577 1355 Θεὸς
1606 1289 1641 1346 δ
1646 1296 1699 1346 ιὰ
1725 1302 1826 1346 τῶν
1855 1302 1957 1347 σῶν
1990 1295 2277 1369 ἱερωτάτων
2307 1291 2521 1363 εύχιῶν.
4140 1212 4145 1487 1

572 1420 926 1481 νΙ.1)οηιίηο
945 1419 1733 1487 Eustathio,Thessalonices
1750 1419 2213 1487 archiepiscopo.
2565 1413 2631 1479 ς’.
2653 1420 2736 1487 Τῷ
2769 1415 3177 1487 Θεσσαλονίκης,
3206 1426 3349 1487 κυρῷ
3378 1420 3673 1487 Εύσταθίῳ.

568 1420 661 1481 VI.
673 1420 926 1478 Domino
945 1419 1733 1489 Eustathio,Thessalonices
1750 1419 2209 1490 archiepiscopo.

2565 1413 2631 1479 ς’.
2653 1420 2736 1487 Τῷ
2769 1415 3177 1487 Θεσσαλονίκης,
3206 1426 3349 1494 κυρῶ
3378 1420 3673 1496 Εύσταθίῳ.

641 1532 861 1587 Tecum
890 1542 1025 1586 esse
1052 1526 1254 1598 velim,
1276 1526 1513 1584 domine
1537 1526 1961 1595 sacratissime,
1990 1526 2215 1584 luctus-

570 1634 690 1694 que
717 1617 898 1675 vestri
930 1617 1233 1691 particeps
1268 1631 1422 1685 esse,
1453 1620 1511 1673 et
1556 1616 1871 1674 concinere
1895 1632 2035 1673 cum
2064 1616 2209 1673 Jere«

2327 1605 2579 1680 δέσποτα,
2620 1616 2716 1686 μαὶ
2758 1613 3031 1675 ξυναυλίαν
3083 1617 3305 1689 θρηνεῖν,
3345 1623 3434 1671 καὶ
3485 1627 3577 1672 τοῦ
3622 1619 3920 1695 ὀλογυρμοῦ

569 1708 694 1766 mia
705 1710 807 1765 aut
822 1706 1002 1763 etiam
1016 1704 1311 1761 Ezechiele
1326 1704 1700 1779 nostro,quia
1710 1703 1854 1762 urbs
1866 1708 1969 1762 tua
1980 1704 2209 1777 eadem,

2324 1708 2581 1755 κοινωνεῖν
2607 1710 2679 1774 τῷ
2743 1698 2862 1755 καθ’
2907 1704 3045 1773 ἡμᾶς
3097 1704 3318 1780 Ἱερεμίᾳ
3372 1707 3461 1760 εἶτ’
3508 1708 3596 1761 οὖν
3646 1709 3919 1780 Ἰεζεκιὴλ,

566 1813 693 1871 qua
729 1795 873 1853 olim
894 1794 1101 1851 civitas
1132 1798 1361 1865 sancta,
1390 1792 1727 1851 calamitate
1756 1796 2066 1867 premitur.
2100 1793 2209 1850 Sed

2323 1790 2505 1843 καθότι
2529 1791 2895 1865 παραπλήσιον
2950 1792 3157 1857 ἐκείνοις
3212 1802 3323 1858 τοῖς
3360 1795 3522 1850 πάλαι
3572 1806 3663 1860 τῆς
3715 1799 3925 1872 αἰχμα-

567 1901 706 1941 cum
737 1883 854 1940 hoc
898 1881 1162 1939 maxime
1204 1886 1473 1955 tempore
1521 1883 1780 1954 separati
1823 1898 2053 1954 sumus,
2103 1882 2209 1939 has

2322 1876 2515 1941 λωσίας
2575 1888 2669 1942 τῆς
2737 1890 2834 1944 σῆς
2895 1882 3319 1957 παραπηλαυσας
3366 1885 3573 1947 πόλεως.
3643 1887 3783 1941 Ἐπεὶ
3856 1884 3925 1941 δε

565 1973 672 2029 tibi
702 1972 931 2029 litteras
980 1971 1177 2028 luctus
1201 1971 1324 2049 mei
1351 1974 1529 2027 testes
1558 1970 1751 2027 mitto.
1774 1971 1917 2037 Quae
1955 1971 2099 2028 urbs
2134 1970 2209 2028 ab

2324 1966 2523 2039 ἀνάγκη
2589 1965 2880 2038 διεστάναι,
2920 1973 3193 2047 γράμματι
3242 1978 3441 2046 τῳτίως
3496 1974 3813 2049 ἀφοσιοῦμαι
3856 1982 3922 2029 τὸ

563 2061 839 2119 hostibus
859 2064 1039 2133 capta
1059 2064 1147 2117 est
1171 2052 1182 2115 !
1212 2047 1410 2141 Prima
1426 2058 1863 2141 videlicetvpost
1881 2060 2141 2132 primam
2159 2063 2209 2116 et

2326 2058 2634 2129 συμπενθεῖν
2686 2062 2776 2111 καὶ
2821 2054 3158 2135 δακρύουσαν
3208 2068 3297 2115 καὶ
3339 2065 3365 2116 ὅ
3413 2083 3569 2136 φασιν
3614 2063 3919 2138 ἀχνυμένην

2414 1521 2627 1576 Ἢθελον
2700 1522 2853 1585 αὐτὸς
2933 1523 3284 1601 συμπαρεῖναι
3363 1548 3475 1599 σοι,
3556 1535 3925 1605 μακαριώτατε

562 2150 836 2207 omnium
868 2165 1007 2229 vere
1033 2148 1305 2219 reginam
1332 2136 1344 2203 ἓ
1368 2152 1666 2221 quantum
1703 2138 2084 2205 Romaaorum
2121 2148 2214 2205 in-

562 2241 894 2297 fortunium
925 2238 1015 2295 sol
1036 2239 1182 2295 vidit
1204 2239 1216 2294 !
1242 2238 1424 2310 Eheu,
1458 2237 2068 2295 armorumltalorum
2087 2238 2213 2296 vim

558 2330 966 2401 perniciosam
996 2329 1008 2383 Ξ
1040 2329 1196 2394 Quot
1220 2343 1407 2384 naves
1437 2342 1575 2384 cum
1614 2328 1762 2400 ipsis
1811 2328 2008 2385 nautis
2045 2343 2213 2384 mare

560 2417 827 2474 Siculum
856 2416 1203 2488 absorpsit!
1239 2417 1429 2481 Quam
1477 2415 1693 2472 urbem
1734 2415 2082 2472 inundavit!
2115 2419 2210 2472 Vae

556 2494 883 2561 Telchinis!
941 2504 1100 2561 Proh
1164 2503 1474 2571 invidiam,
1529 2519 1663 2577 quae
1713 2504 1880 2560 urbis
1925 2504 2210 2561 secundis

555 2593 739 2650 rebus
786 2592 1134 2650 adversaria
1173 2597 1332 2649 terra
1384 2592 1660 2665 marique
1709 2593 1882 2665 repit,
1930 2593 2211 2667 utrinque

556 2686 890 2757 proiectam
932 2681 1203 2737 funditus
1250 2681 1530 2753 perdidit.
1564 2668 1748 2752 Cujus
1791 2681 2031 2739 tandem
2064 2683 2210 2740 urbs

557 2775 771 2828 sancta
801 2770 1068 2827 criminis
1098 2785 1202 2827 rea
1225 2784 1425 2843 neque
1453 2770 1695 2842 patroni
1722 2769 1960 2840 urbani,
1988 2786 2100 2827 nec
2120 2787 2210 2828 ar-

554 2846 919 2933 chiepiscopi
947 2858 1325 2930 Venerabilis,
1354 2874 1465 2915 nec
1490 2858 1767 2916 omnium
1796 2858 2036 2932 piorum
2071 2875 2210 2933 sup-

552 2948 984 3023 plicationibus
1016 2948 1234 3005 salvari
1265 2948 1507 3021 potuit?
1535 2948 1672 3022 quis
1705 2949 1866 3006 enim
1895 2964 2005 3021 pro
2033 2950 2210 3005 Thes-

2319 2147 2515 2204 ταύτην
2562 2150 2748 2220 πέμπω
2789 2147 3071 2207 σκυτάλην.
3124 2149 3194 2201 Ὠ.
3232 2152 3317 2203 οῖα
3362 2150 3512 2215 πόλις
3552 2152 3700 2219 ἑάλω,
3732 2160 3919 2229 πρώτη

2321 2236 2454 2306 μετά
2494 2240 2587 2293 τὴν
2628 2242 2839 2311 πρώτην
2891 2242 2981 2291 καὶ
3009 2246 3114 2299 τοῖς
3165 2238 3379 2312 ἀγαθοῖς
3409 2241 3625 2295 ἀπασῶν
3664 2241 3923 2316 βασιλεύ-

2321 2323 2525 2379 ουσανῐ
2579 2327 2689 2377 οἷαν
2760 2324 3022 2399 Ῥωμαίων
3095 2331 3365 2402 συμφορὰν
3438 2326 3573 2384 εἶδεν
3639 2333 3665 2384 ὁ
3725 2331 3919 2394 ἣλιοςῑ

2322 2417 2418 2465 Φεῦ
2467 2411 2644 2470 ἡλίκον
2682 2416 2909 2487 ἴσχυσεν
2959 2416 3183 2476 Ἰταλικὴ
3245 2418 3417 2492 αἰχμή
3443 2419 3456 2476 ι
3487 2419 3645 2473 Ὅσον
3683 2421 3924 2482 Σικελική

2322 2498 2722 2576 ἀνερροίϐδησεν
2766 2506 3044 2577 ἄμπωτιςῑ
3097 2509 3209 2560 οῐαν
3268 2508 3414 2561 πόλιν
3470 2508 3755 2566 ἔπέκλυσεῐ
3817 2518 3925 2565 ψεῦ

2319 2599 2411 2644 τοῦ
2475 2594 2682 2664 φθόνου,
2752 2602 2843 2667 φεῦ
2898 2604 2997 2648 τῶν
3052 2596 3350 2669 Τελχίνωνῑ
3405 2601 3587 2661 Φθόνος
3626 2597 3688 2659 ἦν
3731 2603 3757 2653 ὁ
3805 2610 3928 2665 τοῖς

2320 2679 2536 2753 ἀγαθοῖς
2585 2680 2863 2754 βασκήνας
2913 2692 3001 2746 τῆς
3056 2685 3245 2747 πόλεως
3295 2702 3309 2717 ⁸
3365 2690 3549 2761 φθόνος
3613 2692 3750 2743 κατά
3813 2698 3925 2763 γῆν

2321 2772 2611 2843 στρατεύει,
2642 2776 2733 2824 καὶ
2784 2776 2919 2826 κατά
2964 2773 3220 2828 θάλατταν
3259 2776 3422 2851 ἕρπει,
3464 2783 3555 2831 καὶ
3600 2784 3693 2837 την
3753 2776 3927 2855 δορυ-

2320 2862 2638 2932 φορουμένην
2722 2862 2847 2934 παρ’
2926 2862 3174 2937 ἑκατέροιν
3264 2871 3541 2938 στοιχείων
3608 2867 3925 2945 ἑκατέρωθεν

2322 2949 2506 3021 πορθεῖ
2533 2952 2623 3001 καὶ
2668 2951 2934 3025 κατάκρας
2978 2957 3132 3027 αἱρεῖ.
3176 2956 3334 3026 Οἶμοι
3364 2954 3376 3010 ι
3408 2960 3459 3007 τί
3487 2964 3734 3009 τοσοῦτον
3766 2958 3925 3021 πολις

554 3027 819 3096 s‘alonice
843 3038 946 3111 pia
973 3042 1135 3104 vota,
1159 3037 1470 3094 communi
1490 3037 1753 3111 hospitio
1779 3053 1905 3094 non
1931 3036 2209 3094 fecisset?

2323 3037 2749 3110 πεπλημμέληκεν
2804 3039 3034 3107 εύσεϐης,
3092 3042 3174 3095 ἵνα
3222 3047 3312 3095 καὶ
3378 3047 3643 3120 μάρτυρος
3705 3046 3927 3100 πολιού-

552 3130 766 3185 Preces
796 3130 1017 3184 nostrae
1050 3141 1226 3182 vanae
1255 3125 1528 3197 fuerunt;
1559 3128 1717 3183 Deus
1745 3125 1904 3182 enim
1934 3127 2213 3183 amaritu-

553 3214 711 3273 dinis
755 3214 1005 3272 calicem
1035 3215 1323 3272 omnibus
1365 3214 1775 3272 hauriendum
1804 3215 2021 3272 obtulit
2051 3220 2109 3272 et
2136 3215 2213 3272 ci-

548 3305 793 3362 vitatem
814 3304 1185 3361 luxuriosam
1212 3303 1492 3377 perdidit.
1523 3305 1711 3370 Quem
1739 3319 2013 3377 unquam
2031 3305 2209 3361 Thes-

551 3394 818 3451 salonice
849 3397 953 3449 aut
984 3392 1264 3465 Byzantio
1286 3392 1709 3449 advenientem
1736 3393 1912 3450 autin
1933 3394 2210 3465 quemvis

551 3482 753 3539 locum
781 3481 1264 3553 proficiscentem
1310 3481 1571 3553 hospitio
1608 3497 1731 3537 non
1757 3481 2035 3553 excepit?
2072 3498 2208 3555 quae

551 3572 740 3626 instar
759 3568 959 3624 cordis
980 3568 1040 3624 in
1064 3568 1318 3640 imperio
1352 3568 1463 3625 sita
1486 3574 1611 3626 erat
1626 3569 1728 3625 uni
1750 3569 2030 3641 Byzantio
2050 3575 2211 3642 post-

552 3654 1074 3730 ponenda,multis
1104 3656 1166 3710 in
1188 3655 1373 3711 rebus
1405 3657 2029 3729 aequiparandamunc
2050 3673 2212 3714 com-

552 3745 725 3801 muni
751 3742 931 3816 plaga
960 3742 1263 3813 ﬂagellata
1282 3743 1460 3814 jacet.
1506 3747 1620 3800 Nec
1651 3745 1898 3811 mirum,
1930 3750 2006 3815 te,
2041 3761 2209 3801 sanc-

551 3833 801 3901 tissime,
823 3831 1169 3905 plusquam
1202 3836 1451 3888 caeteros
1482 3847 1845 3904 perpessum
1878 3848 2030 3889 esse.
2056 3835 2211 3889 Deus

554 3922 715 3979 enim
741 3921 846 3995 qui
884 3921 1160 3979 omnium
1187 3920 1340 3977 vires
1376 3921 1638 3991 metitur,
1676 3921 2065 3994 adaequatan
2090 3923 2211 3979 cui-

553 4028 671 4088 que
702 4027 857 4069 onus
906 4010 1182 4085 imponit,
1235 4014 1291 4067 et
1318 4010 1465 4066 dum
1499 4010 1732 4067 homini
1756 4010 2099 4068 eﬂeminato
2127 4011 2211 4068 nil

554 4106 794 4176 portare
820 4101 1042 4159 valenti
1070 4099 1281 4172 parcit,
1314 4099 1655 4156 fortissimis
1693 4100 2035 4174 quibusque
2063 4117 2211 4173 quo-

552 4208 688 4249 rum
735 4195 799 4247 tu
849 4206 1104 4247 numero
1161 4190 1554 4246 ascribendus
1601 4191 1838 4255 videris,
1878 4190 2203 4247 durissima

552 4278 840 4354 pericula,
872 4282 1081 4351 utpote
1113 4279 1407 4336 honorem
1439 4279 1580 4335 inde
1618 4281 2027 4337 consecuturis
2058 4280 2202 4337 obe-

2320 3143 2427 3198 χου
2486 3126 2709 3190 ἔντευξις
2758 3127 3047 3202 αἰσχυνθῇ,
3099 3136 3186 3183 καὶ
3242 3141 3403 3204 σοφοῦ
3457 3132 3738 3209 ἀρχιερέως
3792 3138 3931 3192 ὁσία

2321 3215 2480 3288 εὐχὴ,
2520 3217 2711 3289 μᾶλλον
2763 3216 2820 3271 δὲ
2860 3240 3062 3273 παντων
3128 3221 3347 3275 εὐσεϐῶν
3400 3220 3625 3296 δέησιςς
3668 3231 3761 3289 Τίς
3814 3230 3927 3304 γὰρ

2322 3304 2415 3357 ούκ
2469 3303 2635 3359 ἐδεῖτο
2676 3308 2803 3381 ύπερ
2847 3308 3240 3373 Θεσσαλονίκης
3280 3312 3581 3378 θεοκλυτῶν,
3622 3317 3692 3376 ὡς
3737 3303 3927 3378 κοινῆς

2319 3389 2572 3466 πατρίδος
2615 3399 2706 3447 καὶ
2753 3402 3087 3469 καταγωγίου
3140 3407 3351 3468 κοινοῦ;
3398 3400 3534 3453 Ἀλλ’
3582 3401 3926 3477 ἠλέγχθημεν

2321 3483 2491 3554 μάτην
2532 3482 2835 3556 εὐξάμενοι·
2873 3491 3005 3537 πᾶσι
3058 3490 3182 3561 γὰρ,
3233 3487 3399 3562 οἶμαι,
3452 3497 3671 3564 κερᾶσαι
3704 3499 3926 3567 πικρίας

2320 3576 2569 3644 ποτήριον
2600 3576 2731 3635 Θεὸς
2782 3570 3085 3644 ἐδικαίωσε,
3116 3582 3206 3629 καὶ
3257 3581 3402 3652 παρὰ
3438 3587 3590 3633 τοῦτο
3637 3584 3695 3633 τὸ
3748 3588 3927 3635 κοινὸν

2322 3658 2621 3734 ἐντρύφημα
2678 3659 2972 3736 προῦδωκε.
3027 3670 3153 3717 Τίνα
3201 3675 3300 3718 τῶν
3358 3669 3597 3721 οἷπάντων
3659 3670 3753 3723 οὐκ
3807 3668 3921 3725 ἐδε-

2321 3747 2495 3810 ξιοῦτο
2551 3751 2927 3821 Θεσσαλονίκη,
2988 3753 3046 3806 ἐκ
3094 3755 3379 3816 Βυζαντίου
3443 3759 3473 3817 ἦ
3534 3757 3578 3819 ἐς
3635 3760 3923 3820 Βυζάντιον

2320 3838 2349 3895 ἡ
2417 3836 2750 3898 ὁπουδήποτε
2802 3838 3199 3915 παροδεύοντα;
3257 3847 3359 3898 Οἷα
3425 3849 3526 3923 γάρ
3584 3868 3661 3910 τις
3715 3847 3926 3923 καρδία

2319 3933 2411 3986 τῆς
2454 3926 2744 4000 Ῥωμαῖκῆς
2789 3928 2961 4003 ἀρχῆς
3016 3937 3108 3991 τὴν
3170 3938 3335 4006 μέσην
3392 3936 3554 3997 αὐτῆς
3613 3938 3771 4011 ὓιαχε
3800 3947 3921 4011 χώ-

2319 4034 2433 4088 ραν,
2465 4021 2554 4069 καὶ
2592 4037 2727 4070 πάσι
2775 4023 2941 4072 κοινὸν
2984 4018 3174 4093 ἀγαθὸν
3217 4022 3434 4087 ἐξέκειτο
3462 4044 3475 4055 ·
3521 4032 3611 4079 καὶ
3658 4036 3719 4101 τῇ
3764 4036 3924 4082 Κων-

2324 4111 2617 4174 σταντίνου,
2650 4109 2752 4161 ὅσα
2800 4110 2988 4183 κεφαλῇ
3050 4117 3139 4165 καὶ
3177 4113 3319 4166 πόλει
3369 4123 3459 4167 τοῦ
3505 4119 3745 4191 κράτους,
3791 4120 3924 4192 '39:-

2322 4194 2574 4262 ζάνουσα,
2634 4206 2735 4249 τῶν
2792 4198 2982 4252 λοιπῶν
3044 4200 3247 4274 ἀγαθῶν
3299 4205 3637 4277 ἡμφισϐήτει.
3694 4207 3771 4260 Ού
3812 4213 3924 4284 γὰρ

2312 4283 2461 4337 πλέον
2516 4305 2568 4337 τι
2611 4285 2775 4359 λέγειν
2831 4289 2861 4346 ἡ
2913 4295 3030 4365 περὶ
3086 4297 3181 4350 τὴν
3210 4291 3597 4366 βασιλεύουσαν
3637 4293 3804 4359 αἰδώς
3836 4296 3927 4351 δί’

554 4369 723 4425 unda
746 4369 1050 4441 proponit.
1084 4368 1276 4427 Quare
1306 4368 1644 4424 absurdum
1672 4374 1829 4426 esset
1852 4370 2045 4427 virum
2066 4385 2204 4427 con-

2320 4369 2504 4426 δωσιν.
2538 4374 2653 4428 Ἐπὶ
2701 4386 2844 4451 κοινῇ
2896 4387 3042 4451 γοῦν,
3094 4384 3159 4443 ὡς
3197 4385 3341 4456 ἔφην,
3381 4386 3603 4457 μάστιγι
3635 4389 3692 4438 τὸ
3744 4393 3927 4442 κοινὸν

556 4456 735 4514 solari
760 4455 1021 4513 voluisse
1060 4455 1164 4527 qui
1205 4470 1317 4511 nos
1343 4456 1512 4528 ipsos
1563 4472 1809 4514 omnem
1844 4458 2201 4530 sapientiam

555 4547 784 4613 edocet,
812 4549 869 4602 et
885 4560 1069 4618 quem
1086 4547 1242 4600 Deus
1267 4559 1375 4616 per
1394 4544 1615 4601 multos
1640 4561 1833 4603 annos
1860 4548 2196 4605 conservet!

2313 4461 2442 4515 ἰάλω
2480 4464 2831 4538 παραμύθιον.
2864 4468 2925 4521 Εἰ
2971 4465 3031 4522 δὲ
3081 4470 3229 4524 πλέον
3285 4473 3463 4542 αὐτὸς,
3520 4475 3781 4547 ἁγιώτατε
3823 4484 3926 4532 καὶ

2311 4559 2573 4624 σοφώτατε
2614 4551 2863 4621 δέσποτα,
2894 4563 2984 4618 τῆς
3021 4564 3236 4633 πικρίας
3263 4559 3478 4632 ἐγεύσω,
3529 4568 3701 4618 καινὸν
3736 4562 3923 4623 οὐδέν.

556 4635 696 4691 Φιλεῐ
761 4636 862 4708 γὰρ
911 4636 969 4685 τὸ
1015 4639 1159 4685 Οεῖον
1211 4634 1302 4694 τὰς
1347 4628 1594 4706 δυνάμεις
1633 4642 1854 4708 μετρεῖν,
1895 4640 1984 4688 καὶ
2035 4645 2150 4699 ταῖς
2191 4634 2473 4712 δυνάμεσιν
2522 4641 2729 4715 ἐπάγειν
2776 4648 2835 4698 τὸ
2886 4645 3047 4721 βάρος
3101 4657 3197 4712 τῆς
3247 4656 3427 4725 πείρας
3493 4651 3760 4727 ἀνάλογον.
3815 4660 3927 4709 Καὶ

555 4728 727 4800 ὥσπερ
767 4727 855 4778 τὸν
911 4722 1141 4798 μαλακὸν
1170 4727 1260 4775 καὶ
1292 4719 1398 4775 οἷον
1428 4719 1593 4796 μηδὲν
1643 4728 1806 4799 φέρειν
1839 4721 1964 4777 οὐδὲ
2002 4728 2096 4785 τήν
2127 4725 2302 4801 ἀρχὴν
2337 4732 2561 4789 καθῆκεν
2593 4731 2662 4794 εἰς
2692 4730 2843 4787 οὐδὲν
2875 4719 3154 4811 δυσχερὲς,
3207 4741 3290 4793 ἵνα
3334 4719 3468 4817 πρὸς
3521 4751 3592 4814 τῷ
3645 4719 3812 4816 λβλαϐέν
3862 4764 3927 4799 τι

552 4813 802 4889 κερδᾶναι
827 4819 917 4867 καὶ
945 4821 1007 4887 τῇ
1031 4813 1165 4888 λύπη
1195 4815 1491 4886 καταποθῇ,
1523 4812 1657 4865 οὕτω
1698 4821 1768 4883 τῷ
1793 4819 2007 4887 γενναίῳ
2037 4818 2173 4869 κατά
2218 4819 2275 4869 σε
2304 4823 2393 4871 καὶ
2426 4823 2516 4878 τὴν
2545 4827 2726 4895 πεῖραν
2753 4830 2852 4875 τῶν
2883 4822 3182 4884 ἀϐουλήτων
3213 4832 3302 4881 καὶ
3352 4812 3476 4889 ύλην
3500 4812 3792 4895 ποιουωένῳ
3824 4833 3926 4886 εύ-

557 4901 892 4977 δοκιμὴσεως
924 4906 1229 4980 θερμοτέραν
1258 4908 1351 4964 τὴν
1389 4922 1533 4979 παρα
1568 4911 1668 4954 τῶν
1689 4899 1940 4956 κινδύνων
1962 4903 2208 4978 ἐπήνεγκε
2237 4909 2494 4982 πύρωσιν·
2536 4910 2902 4985 Ἀπειρὸκαλον
2934 4910 3021 4966 οὖν
3060 4912 3249 4987 τοιῷδε
3288 4914 3443 4993 ἀνδρὶ
3475 4890 3926 4997 παραμυθητικὸν

554 4990 898 5063 ἐπιστέλλειν,
930 4994 984 5048 ὃν
1004 4997 1189 5067 ἔχομεν
1221 4993 1369 5048 αύτοὶ
1392 4994 1568 5055 πάσης
1602 4991 1903 5067 φιλοσοφίας
1930 4990 2274 5069 διδάσκαλον,
2310 4995 2388 5052 ἀεὶ
2410 4998 2784 5074 φυλαττόμενον
2815 5005 2958 5076 παρὰ
2988 5012 3121 5059 Θεοῦ
3137 4990 3503 5083 πολυχρόνιον.
