4152 6208
175 284 298 341 337
1225 283 1547 342 MONODIA
1584 285 1655 343 IN
1692 283 2136 345 EUSTATHIUM
2171 284 2509 345 THESSAL.’
3451 289 3553 344 338

173 414 3554 439 mm

1526 558 2227 678 ΜΟΝΩΔΙΑ

815 802 992 892 ΕΙΣ
1048 804 1290 893 TON
1346 801 1810 893 ΛΓΙΩΤΑῚ

1926 808 2011 894 ΙΝ
2069 805 2956 898 ΘΕΣΣΑΛΟΝΙΚΗΣ

682 1017 1494 1196 ΚΥΡΟΝ
1667 1019 3074 1202 ΕΥΣΤΑΘΙΟΝ

1564 1461 2222 1574 MONODIA

1841 1659 1910 1704 IN

525 1783 1449 1870 SANCTISSIMUM
1503 1787 2492 1874 THESSALONICES
2549 1789 3241 1876 EPISCOPUM

646 2007 1650 2165 DOMINUM
1743 2012 3112 2171 EUSTATHIUM

288 2471 358 2526 ⁴Ω
395 2474 613 2545 στυγνὸς
633 2472 766 2545 αἰὼν,
795 2475 836 2527 ὦ
860 2475 1068 2550 τλήμων
1115 2477 1261 2550 ἡμεῖς
1289 2479 1434 2548 γενεά
1459 2477 1470 2532 !
1505 2477 1591 2531 οἶα
1615 2481 1804 2532 πεπόν-

1985 2480 2029 2536 0
2047 2479 2335 2536 saeculum
2351 2479 2735 2538 exsecrabile!
2755 2483 2798 2540 Ο
2818 2481 3217 2541 infortunatos
3235 2497 3350 2541 nos
3371 2482 3560 2557 ipsos!

220 2561 406 2636 θαμενέ
449 2570 566 2626 Πῶς
606 2562 989 2638 ἐκτραγῳδήσω
1035 2563 1314 2625 τηλικοῦδε
1355 2575 1519 2620 κακοῦ
1549 2569 1802 2641 μέγεθος;

209 2658 323 2713 Πῶς
370 2651 699 2727 ὁλοφύρωμαι
727 2672 740 2721 ;
785 2660 964 2730 Μέχρι
1004 2659 1105 2730 γὰρ
1144 2660 1281 2721 τινὸς
1314 2655 1514 2730 ἀφασίᾳ
1537 2661 1718 2711 πέσσω
1745 2661 1805 2711 τὸ

201 2741 360 2813 ἄλγος
402 2747 494 2794 καὶ
522 2751 710 2816 κωφοῖς
748 2740 1000 2820 δάκρυσι,
1044 2751 1208 2820 μέχρι
1256 2749 1394 2808 τινὸς
1447 2747 1806 2820 ύπομινυρίξω

204 2827 469 2905 θρηνῶδες
527 2831 643 2885 κατ’
696 2831 917 2906 ἱμαυτὸν
946 2855 959 2869 ο
1006 2837 1073 2887 τὰ
1117 2840 1208 2907 μεν
1249 2840 1433 2909 αἷφνης
1459 2835 1808 2909 ἐκπεπληγμέ-

198 2939 282 2981 νος
307 2923 376 2982 ὡς
405 2924 533 2994 ἤχῳ
560 2922 910 2999 σκληροτέρας
940 2922 1162 3000 βροντῆς
1179 2933 1250 2996 τῷ
1275 2920 1522 2998 ἀδοκήτῳ
1547 2933 1642 2986 τῆς
1673 2945 1808 2978 σκυ-

202 3011 418 3085 θρωπῆς
470 3009 656 3081 ἀκοῆς,
689 3013 719 3071 ἡ
770 3019 860 3066 καὶ
900 3015 969 3076 ὡς
999 3013 1294 3087 καταιϐάτῃ
1329 3013 1639 3088 βεϐλημένος
1672 3033 1808 3073 σκη-

199 3108 335 3170 πτῷ,
387 3105 479 3152 καὶ
525 3105 808 3175 στεναγμὸν
853 3107 1006 3176 μόνον
1051 3107 1248 3174 τῳτίως
1289 3106 1359 3165 ὡς
1403 3107 1595 3158 καπνὸν
1624 3101 1809 3176 ἀφιεὶς,

198 3196 296 3250 τῆς
350 3188 705 3263 ἐμπιπρὼσης
755 3187 948 3254 ὀδύνης
1003 3191 1214 3268 ἐναργὲς
1266 3197 1558 3266 σήμαντρον
1590 3213 1603 3228 ο
1655 3195 1723 3246 τά
1753 3189 1812 3246 δὲ

197 3285 272 3352 μή
321 3280 480 3332 θελων
533 3281 667 3334 οὕτω
711 3278 909 3357 ῥᾳδίως
965 3280 1234 3357 βαρυτάτῃ
1285 3285 1548 3336 πιστεύειν
1597 3281 1813 3354 ἀγγελίᾳ

200 3373 274 3433 ὡς
314 3370 595 3444 ἀϐουλήτῳ
645 3391 757 3446 μοι,
787 3371 1001 3426 ἐπιπολὺ
1035 3369 1085 3426 δ’
1128 3372 1354 3427 ἀπειθεῖν
1382 3377 1472 3426 καὶ
1515 3369 1812 3426 διαπιστειν

201 3463 272 3522 ὡς
335 3461 401 3513 ἂν
467 3465 636 3535 μάτην
703 3463 838 3516 οὕτω
900 3463 1090 3538 ῥεούσῃ
1159 3462 1373 3516 κάκεῖνα
1435 3462 1810 3537 λογοποιούονη,

1916 2570 2234 2637 Quomodo
2253 2571 2435 2641 hujus
2463 2571 2818 2630 calamitatis
2849 2573 3336 2646 magnitudinem
3364 2573 3568 2646 deplo-

1913 2671 2042 2714 rem
2063 2658 2090 2714 ⁸2
2117 2657 2280 2714 Unde
2308 2657 2498 2715 verba
2523 2658 2755 2716 luctum
2781 2661 2928 2718 satis
2956 2662 3236 2719 testantia
3267 2677 3512 2718 sumam
3537 2661 3566 2716 ‘I

1915 2747 2120 2818 Longo
2145 2762 2182 2803 a
2206 2751 2472 2820 tempore
2496 2748 2769 2806 dolorem
2798 2765 3004 2807 meum
3036 2750 3151 2808 edo
3171 2792 3186 2819 ,
3225 2751 3408 2808 mutis
3439 2756 3569 2808 tan-

1915 2840 2046 2893 tum
2068 2836 2352 2910 lacrymis
2369 2837 2595 2897 effusis.
2613 2839 2896 2896 Nuntium
2912 2840 3160 2912 quidem
3183 2840 3260 2897 de
3281 2839 3569 2896 Eustathii

1916 2931 2109 2983 morte
2145 2931 2414 2983 mentem
2453 2931 2519 2983 ut
2563 2927 2805 2995 tonitru,
2856 2933 2922 2985 ut
2958 2928 3212 2985 fulmina
3241 2928 3572 3000 improvisa

1919 3015 2229 3087 percussit,
2274 3030 2385 3071 nec
2427 3015 2593 3072 aliud
2639 3016 2754 3072 nisi
2798 3016 3058 3086 fumum,
3107 3015 3330 3074 doloris
3374 3016 3572 3072 intimi

1919 3119 2042 3176 quo
2077 3103 2591 3168 crucionindicem
2620 3106 2846 3162 emitto.
2880 3105 3081 3162 Primo
3107 3106 3358 3179 quidem
3386 3105 3572 3164 fidem

1919 3194 2005 3251 rei
2040 3209 2210 3250 novae
2246 3194 2470 3250 habere
2507 3210 2617 3250 nec
2655 3195 2824 3266 potui
2857 3210 2967 3251 nec
3003 3194 3188 3264 volui,
3220 3198 3282 3252 at
3309 3209 3419 3268 per
3445 3193 3604 3280 lonv.

1922 3298 2068 3354 gum
2086 3282 2774 3354 tempuslucidissimam
2795 3282 3030 3340 stellam
3048 3283 3124 3340 de
3156 3283 3309 3341 ccelo
3349 3282 3564 3355 delap-

1924 3387 2054 3428 sam
2101 3371 2476 3429 Eustathium
2521 3371 2796 3445 sepulcro
2834 3372 3145 3431 conditum
3183 3388 3319 3430 esse
3378 3372 3572 3429 incre~

1924 3462 2104 3518 dulus
2135 3478 2512 3536 acceperam.

200 3553 307 3605 ὅσα
330 3557 406 3625 μὴ
443 3555 590 3625 θέμις
613 3557 883 3628 προφέρειν
911 3557 1009 3606 εἴτε
1039 3555 1372 3627 προσίεσθαι·
1396 3551 1548 3616 Ἴσης
1568 3555 1670 3626 γὰρ
1703 3552 1923 3616 ἀτοπίας
1951 3557 2050 3606 εἴτε
2075 3558 2404 3626 καινοτομίας
2429 3552 2663 3626 ἐνόμιζον
2692 3555 3047 3608 πυνθάνεσθαι
3065 3558 3156 3609 καὶ
3183 3555 3445 3609 πιστεύειν
3472 3552 3566 3608 ἀσ-

198 3646 328 3718 τέρα
347 3645 470 3695 τινα
497 3639 909 3716 διαφάνέστατον
935 3642 1208 3717 οὐρανόθεν
1239 3649 1416 3716 χαμαὶ
1443 3649 1636 3711 πεσεῖν,
1672 3646 1760 3695 καὶ
1787 3645 1874 3696 τὸν
1905 3647 2066 3717 μέγαν
2098 3642 2386 3696 Εύσταθιον
2413 3639 2672 3696 ὗποδϋναι
2693 3652 2812 3716 γῆν.

275 3731 437 3784 Οὖτω
634 3728 722 3784 οὖν
775 3736 863 3784 καὶ
908 3727 1001 3784 διὰ
1044 3739 1214 3785 ταῦτα
1242 3729 1364 3794 αὖος
1396 3733 1546 3790 ἔστην
1577 3729 1626 3794 ἇς
1653 3728 1809 3806 δεῦρο

198 3827 292 3875 καὶ
343 3818 531 3888 έννεὸς,
581 3821 626 3874 εἰ
671 3825 762 3874 καὶ
811 3820 993 3892 ἀλλως,
1053 3825 1121 3883 ὡς
1177 3822 1320 3894 ἔφην,
1364 3819 1636 3882 ἀλαλήτοις
1688 3840 1812 3874 στε-

196 3919 426 3985 ναγμοῖς
493 3909 809 3984 ὶκοπτόμην,
882 3915 973 3964 καὶ
1039 3910 1512 3986 περιελιμναζόμην
1581 3910 1810 3986 ύποϐρο-

198 4009 351 4076 ⁸χίοις
431 3997 667 4076 δάκρυσι
735 4007 825 4054 καὶ
899 4004 1000 4075 πρὸ
1063 4021 1248 4076 καιρου
1325 4000 1653 4074 ϐιαζομένοις
1715 4005 1810 4060 τήν

203 4091 436 4166 ἱιρηξιν.
483 4097 593 4144 Νῦν
638 4086 698 4144 δε
740 4089 869 4143 ἀλλά
913 4096 1003 4144 καὶ
1028 4095 1334 4164 πέπεισμαι,
1370 4093 1434 4152 ὡς
1464 4090 1558 4143 οὐκ
1599 4090 1808 4164 ὤφελον,

203 4180 542 4253 ἁληθευούση
600 4187 662 4253 τῇ
708 4185 874 4253 πικρᾴ
921 4178 1159 4252 ἀγγελίᾳ,
1207 4184 1297 4232 καὶ
1351 4188 1460 4241 πῶς
1492 4183 1679 4253 μικρὸν
1721 4188 1812 4242 τῆς

205 4269 504 4334 ἐκπλήξεως
593 4267 870 4342 ἀνενεγκὼν
895 4311 910 4340 ,
1017 4272 1273 4323 ἔκπυστον
1358 4267 1631 4342 ἀνοιμώζω
1721 4273 1811 4323 καὶ

203 4365 412 4434 γοερὸν,
493 4363 586 4412 καὶ
661 4364 831 4432 φωνήν
897 4357 1086 4434 ἀφίημι
1160 4357 1410 4432 κλαυθμῷ
1485 4362 1803 4432 σύμμικτον.

205 4452 364 4522 Τάχα
416 4451 546 4522 γὰρ,
594 4449 732 4502 οὕτω
777 4455 871 4501 τοῦ
923 4448 1112 4521 ἄλγους
1151 4456 1213 4522 τῇ
1273 4451 1592 4523 γεγωνοτέρᾳ
1651 4466 1813 4522 προσ·

209 4540 536 4594 ακακλαύσει
609 4543 911 4611 κενουμένου
971 4537 1164 4613 θύραζε
1210 4541 1336 4614 πρὸς
1380 4536 1588 4614 βραχύ,
1637 4556 1815 4610 κουφι-

213 4636 340 4702 σμὸν
401 4648 524 4683 τινα
577 4635 670 4681 τοῦ
721 4625 1004 4690 λυποῦντος
1055 4628 1187 4701 εὕρω
1219 4644 1233 4660 ⁶
1296 4632 1384 4680 καὶ
1431 4626 1542 4699 ἅμα
1583 4633 1656 4697 τῷ
1703 4644 1814 4679 κει-

211 4725 344 4793 μένῳ
401 4721 602 4791 κόσμον
654 4715 838 4770 οἰκεῖον
897 4711 1162 4770 ἀποδώσω
1209 4722 1390 4769 τοῦτον
1455 4719 1546 4768 καὶ
1613 4711 1816 4768 δικαιό-

211 4829 360 4863 τατον
418 4807 647 4882 ὄφλημα.
699 4811 800 4860 Καί
853 4811 935 4860 τοί
981 4825 1042 4879 γε
1093 4805 1259 4869 ἄλλως
1313 4804 1390 4859 ἐπ’
1443 4803 1708 4879 ἀμφοτέρα
1749 4812 1810 4878 τῇ

210 4909 386 4974 γνώμη
456 4897 806 4973 ῥιπτάζομαι,
871 4892 1157 4970 διαπορῶν,
1220 4899 1448 4969 ποτέρως
1503 4893 1564 4947 ἂν
1621 4893 1812 4968 μᾶλλον

211 4989 503 5060 τηλικούτῳ
571 4988 730 5040 πάθει
794 4985 1093 5044 κατάλληλα
1157 4988 1434 5058 φαινοίμην
1497 4983 1812 5057 ἀφοσιούμε-

209 5099 287 5144 νος
335 5074 445 5152 ἀρα
499 5084 563 5150 τῇ
615 5077 743 5149 χθὶς
799 5073 991 5149 βαθείᾳ
1040 5082 1210 5148 σιωπῇ
1266 5079 1356 5127 καὶ
1417 5081 1524 5136 τοῖς
1590 5072 1810 5146 ἀφώνοις

1997 3731 2088 3788 Sic
2111 3731 2265 3788 inter
2291 3730 2596 3804 lacrymas
2620 3735 2678 3788 et
2692 3733 2950 3805 gemitus
2967 3733 3205 3790 haerens
3225 3747 3375 3790 voce
3399 3733 3579 3791 inter-

1924 3820 2094 3878 clusa
2129 3820 2249 3878 mei
2287 3837 2538 3894 compos
2576 3836 2700 3878 non
2754 3821 2861 3892 fui,
2901 3821 3006 3879 ubi
3045 3823 3327 3879 nuntium
3364 3837 3578 3880 verum

1925 3925 2074 3978 esse,
2107 3909 2261 3983 proh
2295 3909 2468 3968 dolor
2501 3910 2512 3966 !
2555 3915 2930 3984 compertum
2956 3911 3166 3969 habui.
3201 3911 3316 3968 Sed
3344 3915 3404 3967 et
3435 3927 3576 3967 cum

1924 4003 2198 4073 apertam
2251 3999 2654 4056 calamitatem
2693 4015 2816 4056 non
2865 4000 3065 4056 minus
3114 3999 3370 4072 plango;
3415 4015 3576 4056 nunc

1922 4103 2168 4162 quoqne
2190 4087 2477 4161 lacryma:
2510 4103 2722 4145 vocem
2761 4087 3114 4145 occludunt.
3154 4090 3436 4144 Attamen
3469 4087 3576 4144 ubi

1922 4179 2095 4236 dolor
2120 4194 2330 4236 vocem
2369 4193 2494 4235 non
2552 4177 2929 4250 impediverit
2984 4177 3292 4234 lenimenti
3342 4176 3575 4250 aliquid

1921 4266 2225 4337 invenero,
2273 4270 2333 4324 et
2387 4265 2583 4324 amico
2643 4265 2926 4322 defuncto
2969 4265 3240 4324 officium
3298 4264 3573 4323 debitum

1921 4354 2294 4428 persolvero.
2336 4353 2451 4410 Sed
2487 4353 2638 4427 quid
2685 4354 2932 4411 tandem
2971 4353 3249 4411 faciendo
3293 4352 3572 4412 dolorem

1921 4459 2127 4500 meum
2164 4442 2378 4500 melius
2403 4443 2789 4501 manifestare
2810 4443 3096 4502 videbor?
3121 4443 3573 4502 Obmutescam-

1922 4548 1998 4590 ne
2023 4537 2088 4590 ut
2104 4532 2233 4590 heri
2251 4548 2460 4590 eorum
2483 4532 2562 4590 ad
2590 4532 2780 4590 instar
2803 4532 2910 4606 qui
2937 4531 3273 4589 secundum
3297 4531 3572 4590 fabulam

1923 4639 2041 4698 prae
2061 4623 2248 4682 nimio
2263 4623 2469 4681 dolore
2492 4623 2555 4680 in
2575 4623 2822 4681 arbores
2840 4628 2946 4680 aut
2967 4639 3117 4682 saxa
3140 4622 3354 4680 mutati
3389 4626 3530 4680 sunt
3552 4639 3568 4691 ;

1926 4717 2028 4772 aut
2043 4728 2284 4785 gemam
2311 4712 2686 4786 fremamquc
2696 4716 2762 4769 ut
2783 4712 2989 4778 modo,
3019 4711 3099 4768 ad
3109 4710 3451 4784 exemplum
3464 4726 3570 4767 eo-

1923 4818 2060 4860 rum
2071 4801 2519 4876 quisecundum
2535 4801 2896 4876 Prophetam
2907 4801 3218 4874 planctum
3235 4798 3464 4856 faciunt
3474 4814 3569 4856 ve-

1922 4890 2348 4950 lutdraconum
2359 4934 2372 4959 ,
2386 4891 2681 4949 etluctum
2692 4890 2870 4964 quasi
2883 4889 3285 4947 struthionum
3296 4889 3324 4946 ?
3339 4889 3570 4945 Utrum-

1922 4997 2042 5057 que
2065 4981 2214 5039 mihi
2236 4997 2269 5039 θ
2292 4996 2357 5039 re
2375 4996 2513 5039 esse
2534 4979 2765 5039 videtur
2793 4979 2872 5037 ob
2894 4977 3377 5052 magnitudinem
3405 4976 3570 5038 cala-

1921 5071 2166 5130 mitatis.

211 5171 540 5241 στενάγμασι
589 5169 649 5220 τὸ
705 5163 1020 5240 ύπερϐάλλον
1072 5171 1162 5219 τοῦ
1211 5165 1408 5228 πάθους
1444 5159 1816 5238 παραδεικνὺς,
1857 5164 1921 5224 ὡς
1949 5164 2000 5215 οἰ
2027 5164 2172 5236 παρὰ
2192 5181 2302 5228 τοις
2329 5163 2514 5234 μύθοις
2539 5155 3012 5236 ἀποδενδρούμενοι
3038 5163 3130 5212 καὶ
3151 5157 3448 5233 λιθούμενοι
3475 5175 3489 5191 ⁸
3534 5161 3565 5220 ἦ

209 5257 398 5331 μᾶλλον
435 5255 739 5329 ὰνοιμὼζων
769 5259 858 5307 καὶ
890 5255 1080 5329 θρήνου
1109 5255 1392 5328 κατάρχων
1419 5258 1643 5327 σήμερον
1672 5255 1810 5306 κατά
1836 5254 1956 5314 τοὺς
1983 5255 2322 5324 ποιουμένους
2349 5253 2492 5326 παρὰ
2518 5259 2591 5323 τῷ
2615 5256 2856 5325 προφήτῃ
2887 5251 3103 5304 κοπετὸν
3138 5251 3207 5312 ὡς
3239 5245 3562 5323 δρακόντων,

209 5351 296 5400 καὶ
349 5347 536 5408 πένθος
587 5346 661 5408 ὡς
714 5345 1007 5418 θυγατέρων
1062 5347 1347 5420 σειρήνωνς
1403 5342 1576 5396 "Eam:
1623 5344 1726 5416 γὰρ
1784 5341 2039 5418 ἑκάτερον,
2092 5340 2187 5394 ούκ
2237 5341 2333 5406 ἔξω
2384 5344 2572 5396 πίπτον
2625 5347 2833 5417 καιροῦ,
2890 5327 3236 5416 παραμετρεῖν
3291 5357 3566 5416 συμφοράς

213 5438 444 5509 μέγεθος.

284 5533 384 5580 Φεῠ
437 5531 532 5580 τοῦ
598 5529 778 5576 κοινοῦ
841 5521 1096 5586 πάθουςι
1165 5529 1257 5596 φεῦ
1321 5529 1414 5578 τοῦ
1474 5524 1810 5594 παγκοσμίου

219 5619 702 5692 καοπραγὴματος
749 5610 763 5668 l
833 5608 925 5676 Εἷς
975 5611 1308 5668 ὑπολέλειπτο
1371 5609 1495 5686 βίον
1549 5609 1819 5686 λαμπτὴρ,

1998 5522 2094 5577 Vae
2120 5535 2442 5580 commune
2473 5519 2871 5578 infortunium
2899 5518 2912 5575 ι
2946 5534 3033 5577 vae
3068 5518 3308 5591 jactura
3344 5515 3579 5574 univer-

1929 5608 2097 5670 salis!
2134 5611 2262 5671 Una
2295 5612 2606 5684 supererat
2640 5608 2774 5669 vitae
2816 5606 3004 5675 stella,
3043 5606 3149 5667 fax
3189 5621 3317 5666 una
3346 5603 3576 5672 litteris,

4081 630 4084 736 |

4082 2211 4088 2220 ι

4085 2415 4092 2434 1

4081 2439 4086 2464 ε

4082 2559 4088 2568 ι

4083 2601 4088 2610 I

4089 2631 4098 2638 ο

4081 2717 4084 2724 ι

4082 2761 4086 2776 Ι

4082 2911 4094 2922 ι

4093 3061 4104 3078 ⁸.

4082 3129 4092 3136 ι

4087 3515 4098 3526 α

4082 3597 4088 3606 ι

4093 3665 4106 3680 II

4101 3777 4106 3788 ι

4101 3863 4108 3874 ι

4082 3937 4118 3960 ,ἐς

4081 4233 4108 4246 ἠ

4107 4323 4114 4334 ε

4101 4441 4110 4454 Ι

4105 4737 4114 4746 ο

4105 4911 4112 4918 ο

4105 4911 4129 5008 ἐ

4101 5011 4129 5320 1

4121 5549 4129 5673 Ξ
