4152 6208
559 199 665 258 339

556 339 748 380 unum
775 323 1072 380 luminare
1099 323 1333 390 mundi,
1356 337 1514 377 unus
1540 319 1631 377 sol
1656 319 1806 376 sacri
1837 320 2208 378 ordinis.Sed

556 428 652 469 res
666 428 742 468 ne
765 412 950 468 fando
971 413 1217 484 quidem
1234 411 1475 468 audita:
1505 409 1599 466 hic
1618 425 1858 482 quoque
1879 409 2205 466 exstinctus

559 506 667 573 est,
692 517 802 556 nos
823 501 884 556 in
911 504 1204 556 aeternum
1227 499 1507 555 deseruit.
1537 498 1918 564 Quomodo,o
1951 497 2060 566 sol,
2079 515 2208 554 sus-

556 589 788 646 tinuisti
818 589 1006 645 solem
1033 593 1373 644 terrestrem
1405 587 1665 659 amplius
1695 602 1818 643 non
1849 587 2072 657 videre,
2103 588 2209 660 qui

556 679 710 735 inter
753 677 1036 734 mortales
1073 677 1184 732 fuit
1217 676 1385 748 quod
1428 680 1493 732 tu
1528 675 1682 748 inter
1720 677 1922 732 astra?
1950 680 2020 732 At
2043 693 2208 732 nunc

557 767 686 820 atra
701 764 894 834 caligo
906 764 1184 820 universo
1198 763 1426 821 mundo
1447 761 1716 831 incubat,
1731 763 1988 819 tenebrae
2011 769 2067 820 et
2087 781 2206 821 nox

557 851 758 908 illunis
785 853 970 909 vitam
988 853 1397 925 persequitur;
1429 868 1539 908 nos
1561 858 1828 908 errantes
1850 852 2000 908 sicut
2019 869 2208 925 quon-

558 938 702 995 dam
743 940 1000 1012 Egyptii
1036 945 1342 1012 pastorem
1363 945 1634 1011 ereptum
1651 939 2068 996 desideramus
2103 941 2206 1012 qui

560 1029 852 1101 sapientia
875 1028 1184 1100 pastoritia
1207 1029 1360 1085 inter
1384 1044 1616 1092 omnes,
1659 1028 1812 1084 sicut
1835 1033 2039 1099 pastor
2057 1029 2209 1085 inter

557 1131 801 1189 pecora,
833 1117 1162 1189 eminebat;
1205 1133 1318 1174 nos
1368 1115 1767 1190 philosophiae
1794 1117 1973 1172 amici
2003 1133 2206 1185 regem

561 1205 967 1276 scientiarum,
999 1211 1310 1279 parentem
1340 1205 1696 1279 eloquentiae
1727 1205 2041 1260 deflemus.
2071 1208 2212 1261 .Iure

559 1294 720 1350 enim
751 1295 970 1366 majori
1001 1294 1342 1351 Eustathius
1370 1293 1447 1350 de
1488 1295 1736 1350 nomine
1774 1294 1938 1362 regio
1969 1293 2204 1363 gloriari

558 1387 794 1455 poterat
823 1399 1010 1456 quam
1039 1383 1307 1454 sophista
1331 1381 1427 1438 ille
1455 1382 1708 1449 Atticus;
1741 1381 2010 1454 synodus
2037 1397 2208 1438 sacra

557 1485 804 1543 quoque
831 1471 1075 1526 oculum
1111 1487 1291 1526 suum
1321 1474 1378 1527 et
1403 1485 1617 1526 vocem
1645 1470 1808 1526 illam
1840 1470 2050 1540 quaerit
2069 1485 2203 1542 quze

558 1558 742 1615 verba
771 1574 910 1630 rege
935 1559 1121 1630 digna
1147 1558 1326 1629 longe
1352 1557 1591 1631 lateque
1616 1558 2129 1630 pronuntiaverat.

1417 194 1790 254 MICHAELIS
1827 195 2215 252 ACOMINATI
2251 197 2684 253 ATHENARUM
2719 197 3046 254 ARCHIEP.

3813 197 3919 252 δ’ιο

2315 319 2383 381 εἷς
2442 320 2600 392 λόγου
2659 324 2882 394 πυρσὸς,
2945 321 2994 373 ἓν
3054 323 3254 392 κόσμου
3325 323 3464 392 μέγα
3527 326 3651 390 φῶς,
3689 316 3764 380 εἶς
3828 326 3920 379 τῆς

2313 410 2431 462 καθ’
2480 411 2618 482 ἡμᾶς
2673 412 2954 482 ἶερωσύνης
3008 409 3172 471 ἣλιος.
3243 413 3344 461 Καὶ
3407 416 3496 459 νῦν
3556 408 3620 476 (ὦ
3684 415 3780 468 τῆς
3827 417 3918 460 τοῦ

2313 502 2501 558 παντὸς
2551 501 2867 569 συγχύσεως
2909 498 2949 568 Ξ)
2996 501 3082 549 καὶ
3131 498 3280 558 οὗτος
3335 495 3491 567 (ἀλλὰ
3546 504 3658 556 πῶς
3709 495 3917 566 γλῶττα

2317 589 2555 662 θρασεῖα,
2604 591 2663 639 τὸ
2714 594 2960 639 τοσοῦτον
3017 586 3076 637 ἃν
3125 586 3370 658 φθέγξαιο
3396 584 3436 654 ;)
3496 582 3723 650 ἀπέσϐη,
3773 604 3914 658 παρ-

2313 680 2482 747 ῴχετο
2514 690 2526 702 ·
2600 679 2658 727 τὸ
2723 671 2945 748 φροῦδος
3009 677 3133 746 ἡμῖν
3196 681 3286 726 τοῦ
3346 673 3556 726 λοιπον.
3623 669 3746 724 Εἶτα
3809 681 3917 734 πῶς

2315 761 2536 835 ἆνέσχες
2567 763 2742 832 αύτός,
2793 764 2832 814 ὦ
2876 763 3006 828 ἧλιε,
3049 762 3212 816 οὐκέτ’
3266 761 3528 834 ὀψόμενος
3584 764 3668 813 τόν
3708 759 3916 813 ἀντανί-

2317 854 2520 923 σχοντά
2571 871 2652 904 σοι
2707 854 2864 924 γῆθεν
2915 851 3153 909 ἀνθὴλιον
3200 856 3291 903 καὶ
3333 850 3474 902 τοῦτ’
3524 854 3647 902 ὄντα
3670 857 3780 911 τοῖς
3809 851 3914 902 ὑπό

2316 943 2391 1006 σε,
2421 941 2542 1014 ὅπερ
2597 943 2662 992 σὺ
2711 948 2816 1001 τοῖς
2853 940 3060 1001 λοιποῖς
3109 937 3390 1015 ἀστράσιζ
3446 943 3609 1010 Ζόφος
3660 936 3746 990 οὖν
3787 937 3915 990 ἀκο-

2317 1033 2476 1100 σμίας
2523 1027 2836 1100 ἕπικέχυται
2879 1037 2951 1099 τῷ
2999 1034 3155 1080 παντὶ
3209 1025 3303 1082 διὰ
3354 1035 3540 1093 ταῦτα,
3578 1033 3668 1079 καὶ⁹
3725 1032 3916 1089 σκότος

2314 1115 2546 1189 ἀλαμπὲς
2596 1121 2684 1170 τὸν
2728 1119 2974 1190 ἡμέτερον
3028 1115 3144 1188 βίον
3200 1120 3450 1187 κατέσχε,
3501 1121 3590 1168 καὶ
3648 1135 3918 1189 συμφορας

2313 1205 2571 1280 ἄναστρος
2643 1205 2753 1268 νυξ·
2835 1211 2924 1257 καὶ
2990 1207 3060 1266 ὡς
3133 1206 3413 1275 Αἰγύπτιοι
3487 1208 3732 1278 πρότερον
3813 1206 3917 1256 ὑπὸ

2311 1293 2603 1365 ψηλαφητῷ
2662 1298 2829 1364 σκότῳ
2887 1294 3221 1364 πλαζόμενοι,
3266 1294 3523 1364 ποθοῦμεν
3583 1295 3631 1345 οἱ
3696 1313 3920 1365 ποιμαι-

2311 1399 2478 1443 νοντες
2531 1381 2749 1449 λογικῶς
2820 1386 2900 1434 τόν
2971 1380 3233 1454 ἐπιστήμη
3295 1391 3610 1454 ποιμαντικῇ
3677 1385 3920 1453 τοσούτῳ

2311 1473 2509 1529 πάντας
2573 1470 2940 1545 ὑπερϐαλόντα,
3002 1472 3103 1521 ὅσα
3174 1476 3262 1522 καὶ
3327 1474 3509 1542 νομεύς
3572 1468 3920 1543 βοσκήματα,

2313 1560 2361 1610 οὶ
2397 1564 2515 1632 περὶ
2553 1558 2733 1628 λόγους
2771 1562 2857 1610 τόν
2899 1557 3122 1631 βασιλέα
3160 1567 3258 1610 τῶν
3288 1558 3449 1629 λόγων
3478 1564 3568 1610 καὶ
3597 1564 3798 1633 πατέρα
3825 1567 3922 1620 τῆς

556 1647 869 1718 λογιότητος,
902 1651 1220 1721 Δικαιότερος
1247 1650 1347 1722 γὰρ
1380 1648 1406 1699 ὁ
1431 1651 1594 1719 μέγας
1614 1647 1902 1708 Εῦστάθιος
1931 1655 1993 1719 τῇ
2029 1645 2281 1719 βασιλείῳ
2310 1646 2495 1704 κλήσεῖ
2528 1649 2890 1718 σεμνύνεσθαι,
2927 1652 3059 1721 ἥπερ
3085 1656 3270 1708 εκεῑνος
3302 1649 3327 1698 6
3361 1647 3598 1708 Ἀττικός
3631 1653 3918 1718 σοφιστὴς,

558 1739 744 1789 καθότι
785 1740 875 1788 καὶ
921 1741 1014 1794 τὴν
1061 1740 1246 1808 σοφίαν
1277 1735 1423 1796 οὗτος
1453 1733 1646 1788 ἕκείνου
1674 1734 1806 1788 πολὺ
1835 1734 2222 1808 βασιλεύτερος.
2252 1741 2410 1792 Ζητεῑ
2432 1741 2522 1787 καὶ
2555 1731 2772 1796 σύνοδος
2805 1738 2914 1808 ἱερὰ
2943 1739 3030 1788 τὸν
3057 1735 3244 1798 ἑαυτῆς
3276 1732 3687 1808 διαφανέστατον
3716 1735 3918 1807 ὀφθαλ-

557 1828 674 1897 μὸν,
705 1830 794 1878 καὶ
817 1828 883 1878 τὰ
909 1825 1158 1898 βασίλεια
1183 1824 1558 1898 περιλαλοῦσαν
1587 1831 1752 1876 ταῦτα
1789 1828 1957 1895 φωνὴν
1986 1829 2075 1875 καὶ
2104 1827 2510 1897 περιαγνυμένην
2537 1831 2643 1885 τοῖς
2674 1829 2915 1896 πέρασιν,

631 1913 846 1970 Civitas
872 1913 1290 1969 Thessalonice
1315 1913 1442 1969 heri
1471 1911 1838 1988 felicissima,
1867 1912 2048 1968 hodie
2076 1927 2205 1984 per-
2238 1914 2277 1966 Β

556 2017 745 2073 quam
773 2000 1162 2067 infortunata,
1191 1999 1336 2074 quia
1371 2003 1538 2057 tanto
1568 1997 1691 2056 filio
1721 2001 1951 2073 privata
1979 2007 2207 2073 quanto

557 2105 697 2146 cum
719 2089 884 2146 luctu
924 2105 1240 2161 sponsum,
1272 2094 1577 2162 pastorem
1605 2089 1858 2151 bonum,
1878 2096 2203 2162 praecepto-

555 2193 686 2235 rem
743 2179 1096 2250 sapientem,
1153 2178 1532 2246 salvatorem,
1580 2178 1826 2247 genium
1871 2178 2204 2242 tutelarem,

555 2271 1062 2339 popugnatorem,
1121 2283 1244 2323 uno
1286 2266 1472 2323 verbo
1530 2266 1898 2332 columnam,
1949 2272 2013 2322 ut
2067 2282 2202 2322 cum

559 2356 818 2438 findaro
847 2355 1079 2427 loquar,
1118 2355 1517 2422 immobilem,
1549 2359 1606 2412 et
1636 2356 1682 2411 si
1713 2355 1858 2428 quid
1889 2356 2051 2412 aliud
2081 2355 2205 2411 lau-

561 2431 763 2502 dabile
789 2441 845 2501 et
867 2445 1130 2502 salutare
1148 2445 1395 2515 cogitari
1420 2449 1638 2518 potest,
1656 2449 1907 2518 quanto,
1930 2445 2202 2518 inquam,

559 2535 697 2610 cum
739 2527 896 2590 lectu
939 2533 1226 2607 reposcit!
1267 2533 1360 2590 Sic
1402 2533 1581 2604 igitur
1632 2529 1886 2590 maerore
1935 2534 2207 2590 confecta

556 2623 732 2696 quasi
765 2617 1034 2679 secunda
1054 2623 1183 2679 vice
1210 2627 1388 2695 capta
1418 2627 1472 2678 et
1500 2621 1806 2678 destructa
1837 2622 2003 2685 foret.
2036 2621 2205 2678 humi

551 2707 713 2784 jacet
741 2717 796 2768 et
819 2712 1032 2769 metuit
1068 2729 1144 2770 ne
1181 2713 1389 2785 pejora
1430 2712 1792 2784 experiatur.
1840 2712 2001 2768 Prius
2031 2729 2203 2768 nam-

557 2807 696 2875 que,
743 2795 902 2857 Italis
949 2806 1103 2856 terra
1145 2801 1417 2873 marique
1467 2799 1830 2855 irruentibus
1880 2817 1950 2856 ac
1997 2818 2203 2856 muros

555 2889 1022 2956 destruentibus,
1055 2906 1087 2946 e
1113 2891 1396 2946 manibus
1426 2890 1688 2946 hostium
1723 2895 1926 2962 erepta
1971 2889 2080 2946 fuit
2125 2889 2203 2946 ab

555 2971 864 3036 Eustathio
895 2984 1100 3036 nostro
1133 2979 1234 3052 qui
1264 2979 1551 3035 virtutum
1585 2995 1832 3034 suarum
1870 2979 2032 3037 fama
2051 2979 2204 3036 adeo

551 3059 757 3124 hostes
799 3069 964 3140 ipsos
1004 3069 1334 3125 commovit
1375 3074 1438 3124 ut
1486 3069 1719 3125 vultum
1768 3069 1897 3142 ejus
1939 3071 2204 3142 aspicere

553 3155 677 3211 non
708 3157 837 3213 ausi
865 3158 1003 3226 sint,
1028 3157 1153 3214 imo
1181 3158 1476 3214 exercitus
1501 3157 1668 3214 ferox
1695 3155 1770 3214 ad
1801 3159 1991 3230 ipsius
2018 3157 2203 3230 pedes

2384 1912 2450 1965 Ἦ
2511 1931 2569 1983 γε
2632 1917 2735 1984 μὴν
2791 1909 3054 1984 εὐδαίμων
3099 1914 3230 1982 χθὲς
3287 1909 3363 1965 δι’
3417 1911 3600 1974 ἐκεῖνος
3643 1912 3919 1966 Θεσσαλο-

2314 2005 2452 2066 νίκη,
2521 2001 2612 2052 καί
2661 2008 2749 2052 νῦν
2796 2001 2889 2052 ούκ
2941 1997 3187 2073 εὐδαίμον
3236 2000 3428 2054 ἐκείνου
3475 2007 3626 2075 χήρα
3692 2007 3920 2072 γεγωνό-

2314 2109 2456 2164 τερον
2487 2089 2811 2162 οἱμώξουσα,
2845 2095 3075 2164 παρόσον
3122 2095 3210 2142 καὶ
3237 2087 3583 2164 διαφερόντως
3612 2099 3710 2142 τῶν
3749 2090 3920 2142 ἄλλων

2313 2187 2405 2238 τῆς
2485 2185 2756 2251 συμφορᾶς

2313 2267 2428 2338 μεθ’
2491 2269 2626 2320 ὅσων
2713 2274 2803 2320 και
2881 2269 2999 2319 οἵων
3076 2277 3176 2319 τῶν
3256 2265 3500 2342 δακρύων
3585 2267 3922 2321 ἀνακαλεῖται

2847 2179 3060 2251 ᾔσθετο,
3137 2176 3222 2230 οἶα
3311 2179 3736 2253 κατολοφύρεται,
3823 2185 3922 2232 καὶ

2313 2359 2400 2406 τὸν
2456 2360 2642 2431 ὡραῖον
2700 2361 2940 2430 νυμφίον,
2990 2360 3081 2408 τόν
3120 2357 3274 2408 καλὸν
3327 2361 3566 2430 ποιμένα,
3615 2363 3700 2410 τόν
3753 2360 3923 2416 καθη-

2313 2448 2499 2516 γητὴν,
2561 2465 2646 2497 τον
2727 2450 2904 2516 σοφόν,
2969 2448 3055 2497 τὸν
3124 2453 3378 2520 σωτῆρα·
3450 2449 3537 2498 τόν
3606 2446 3922 2517 πολιοῦχον,

2313 2536 2399 2604 τόν
2453 2533 2698 2608 πρόϐολον
2741 2540 2831 2586 καὶ
2884 2539 3050 2594 κίονα,
3101 2538 3233 2587 κατὰ
3278 2531 3558 2608 Πίνδαρον,
3614 2535 3850 2610 ἀστραϐῆ
3907 2557 3919 2568 ·

2311 2627 2402 2674 καὶ
2445 2625 2488 2674 εἶ
2533 2643 2584 2674 τι
2635 2622 2756 2674 ἄλλο
2809 2621 3058 2696 ἐράσμιον
3111 2629 3201 2676 καὶ
3255 2629 3512 2698 σωτήριον
3561 2631 3778 2696 πρᾶγμα
3823 2631 3924 2676 καὶ

2313 2715 2489 2783 ὄνομα.
2531 2711 2681 2764 Οὕτω
2726 2707 2784 2763 δὲ
2813 2713 2916 2783 οῖρα
2947 2713 3133 2777 πενθεῖ,
3158 2719 3246 2764 καὶ
3272 2717 3396 2785 πρὸς
3422 2721 3511 2765 τοῦ
3543 2715 3754 2775 πένθους
3781 2711 3922 2766 απά-

2310 2820 2476 2870 γει-αι,
2531 2803 2598 2862 ὡς
2664 2800 2722 2851 ἂν
2791 2800 2833 2852 εἰ
2885 2803 3150 2875 κατάκρας
3211 2800 3359 2868 ἑάλω,
3417 2807 3507 2853 καὶ
3572 2810 3725 2854 τοῦτο
3784 2799 3918 2854 δεύ-

2311 2909 2452 2964 τερον
2509 2888 2891 2962 ἐκπεπόρθηται
2938 2911 2950 2922 ’
3005 2891 3033 2948 ἦ
3103 2895 3193 2942 καὶ
3262 2891 3616 2965 σχετλιώτερα
3678 2896 3920 2963 πάσχειν

2312 2981 2494 3035 οἴεται.
2565 2986 2771 3053 Πρῶτον
2829 2982 2917 3050 μεν
2983 2981 3108 3052 γὰρ,
3178 2979 3385 3032 Ἰταλῶν
3445 2978 3501 3031 ἐκ
3559 2987 3657 3051 γῆς
3699 2986 3790 3032 καὶ
3823 2981 3921 3032 θα·

2311 3068 2502 3128 λάττης
2557 3065 2996 3139 ἐπικωμασάντων
3065 3067 3193 3140 αύτῇ
3256 3073 3345 3121 καὶ
3408 3071 3765 3143 καθυπερτέρα
3821 3079 3922 3131 τῆς

2312 3155 2551 3212 ἁλώσεως
2607 3157 2789 3207 ἵστατο
2850 3164 2922 3228 τῷ
2971 3161 3283 3230 φρονήματι,
3325 3165 3415 3208 τοῦ
3449 3157 3736 3228 πολιούχου
3788 3162 3896 3210 ταὺ

553 3249 766 3316 sponte
805 3245 1210 3319 procubuerit.
1255 3251 1420 3304 Nunc
1462 3264 1606 3303 vero
1636 3247 1748 3304 hoc
1781 3252 1943 3303 tanto
1984 3263 2202 3320 propu-

2313 3263 2403 3306 της
2448 3243 2637 3296 ἐκεινου
2681 3249 2964 3318 περιόντος,
3017 3251 3105 3297 καὶ
3151 3245 3397 3304 πλείστην
3451 3247 3579 3303 ὅσην
3628 3253 3717 3298 καὶ
3775 3243 3922 3300 δυσ-

553 3334 812 3404 gnaculo
862 3334 1149 3391 destituta
1205 3336 1420 3392 misere
1480 3335 1650 3391 humi
1693 3335 1870 3406 jacet,
1919 3335 2092 3408 quasi
2151 3337 2202 3391 vi

551 3427 732 3494 capta
767 3423 946 3479 nullis
963 3423 1091 3494 jam
1124 3426 1418 3480 mmnibus
1456 3424 1843 3480 defendatur.

553 3509 822 3583 ἀγέρωχον
867 3513 1085 3584 στρατὸν
1131 3511 1497 3585 ῥιπτάςοντας.
1531 3521 1637 3564 Νῦν
1669 3509 1727 3565 δε
1753 3509 1960 3565 τοιοῦδε
1990 3511 2243 3586 προϐόλου
2274 3516 2638 3583 γεγυμνωμέη,
2675 3510 3057 3569 καταϐέϐληται
3087 3520 3148 3584 τῇ
3182 3519 3359 3586 γνώμη
3395 3517 3538 3586 παρά
3562 3523 3653 3566 τοῦ
3691 3516 3897 3576 πάθους

2313 3333 2636 3386 αντίϐλεπτον
2699 3341 2812 3394 ποῖς
2884 3333 3253 3410 πολιορκηταῖς
3332 3335 3748 3410 προϐαλλομένου
3823 3342 3920 3396 τὴν

2311 3422 2365 3475 ἐκ
2410 3431 2499 3483 τῆς
2552 3421 2730 3494 ἀρετὴς
2772 3417 2928 3484 αἰδώ,
2961 3429 3050 3474 καί
3090 3429 3242 3496 μόνον
3300 3423 3404 3496 ούχ
3459 3426 3558 3476 ὑπὸ
3611 3421 3782 3486 πόδας
3828 3431 3920 3478 τόν

553 3601 617 3657 ὡς
645 3606 733 3649 νῦν
759 3603 916 3660 ὅντως
946 3598 1422 3672 ἐκπεπελὶορκεκένη
1447 3608 1536 3652 καὶ
1559 3603 1726 3653 πάντα
1760 3607 2164 3676 περικεκαρμένη
2198 3597 2488 3676 κρήδεμνα.

625 3685 775 3750 Quid
791 3683 1036 3742 tandem
1059 3687 1299 3742 urbium
1327 3689 1532 3756 regina
1552 3690 1612 3744 iu
1637 3691 1749 3745 hoc
1777 3707 1975 3745 rerum
2002 3691 2206 3746 discri-

553 3773 716 3830 mine
745 3771 931 3830 facit?
959 3774 1267 3830 faciliusne
1293 3791 1371 3832 an
1403 3778 1619 3846 aegrius
1645 3777 2035 3834 infortunium
2065 3797 2202 3851 por-

553 3861 722 3932 tabit,
777 3863 870 3919 cui
932 3864 1276 3920 Eustathius
1324 3863 1616 3922 beneﬁcia
1677 3868 1739 3922 in
1798 3883 1935 3923 eum
1989 3869 2203 3925 collata

553 3949 725 4022 largo
791 3951 1006 4009 {reuere
1071 3957 1128 4007 et
1187 3969 1326 4009 cum
1397 3953 1546 4023 grati
1606 3957 1792 4011 animi
1849 3953 2202 4030 pignoribus

555 4039 858 4097 reddidit?
907 4042 1293 4114 Quaecunque
1337 4043 1494 4098 enim
1543 4043 1689 4099 dum
1737 4045 1796 4100 in
1838 4061 1908 4100 ea
1961 4047 2200 4113 viveret,

554 4129 856 4200 sapientiae
883 4131 1196 4186 thesauros
1216 4130 1605 4189 honestarum
1623 4134 1840 4190 artium
1857 4135 2201 4191 amantibus

551 4213 810 4287 benigne
860 4216 1107 4285 largitus
1139 4221 1254 4281 est;
1287 4218 1396 4274 fuit
1438 4221 1598 4276 enim
1646 4221 2002 4294 eloquentiae
2060 4239 2199 4296 pry-

553 4306 776 4370 tanem,
811 4304 1115 4374 sapientiae
1165 4305 1334 4361 focus
1367 4308 1743 4376 universalis,
1790 4310 2000 4366 hortus
2054 4309 2198 4366 nulli

551 4407 672 4448 non
723 4398 984 4472 apertus,
1021 4410 1164 4464 ager
1210 4395 1412 4452 fertilis
1462 4397 1574 4452 sub
1625 4399 1908 4470 auspiciis
1961 4399 2196 4468 divinis,

549 4479 902 4552 eloquentur
933 4480 1066 4537 fons
1098 4485 1402 4554 perennis.
1437 4484 1577 4540 Hinc
1607 4486 1802 4540 evenit
1857 4492 1921 4541 ut
1950 4485 2192 4557 dicipuli

548 4569 730 4638 gratis
760 4571 981 4626 metere
1018 4571 1200 4640 gratis
1245 4572 1484 4628 haurire
1524 4577 1767 4644 possent
1796 4590 1904 4628 nec
1935 4575 2195 4644 amplius

546 4659 762 4714 artium
804 4674 874 4715 ac
912 4659 1238 4716 litterarum
1291 4661 1670 4731 disciplinam
1731 4662 1974 4718 sitirent.
2029 4661 2192 4719 Brevi

545 4747 702 4803 enim
734 4752 1004 4822 tempore
1051 4749 1175 4805 sine
1205 4749 1528 4820 praeludiis,
1563 4749 1690 4804 sine
1724 4745 2188 4821 prolegomenis.

544 4837 670 4892 sine
697 4838 1124 4894 certaminibus
1150 4842 1253 4892 aut
1284 4837 1494 4892 studiis
1525 4835 1758 4910 praeviis
1805 4839 2190 4912 philosophia

542 4939 604 4978 se
634 4925 933 4980 imbutum
975 4926 1159 4981 sensit
1188 4925 1535 4997 quicunque
1565 4925 1732 4981 illum
1765 4927 1989 4993 adibat,
2013 4929 2187 5002 quasi

539 5026 609 5066 ex
637 5011 827 5083 ipsius
852 5013 1174 5068 Aristotelis
1197 5012 1403 5069 schola
1425 5014 1676 5070 exiisset.
1716 5017 2000 5080 Quamvis
2027 5017 2184 5073 enim

537 5102 778 5168 torpore
835 5099 1140 5169 profundo
1183 5101 1598 5170 languesceret
1643 5101 2022 5174 ignorantiae,
2083 5105 2180 5159 ubi

535 5187 796 5257 primum
842 5185 936 5240 ille
975 5187 1178 5242 cibum
1229 5189 1599 5258 spiritualem
1639 5191 1970 5252 obtulisset.
2013 5193 2184 5250 disci-

532 5273 708 5345 pulus
754 5273 928 5346 quasi
956 5290 992 5330 a
1032 5276 1207 5332 Musis
1265 5276 1410 5346 ipsis
1453 5279 1691 5334 afﬂatus
1733 5280 2024 5338 discessit.
2068 5285 2182 5340 Sed

529 5378 651 5418 non
699 5363 888 5418 amari
919 5369 982 5418 ut
1011 5363 1152 5420 folia
1178 5364 1332 5419 lauri
1395 5367 1556 5422 fuere
1607 5369 1830 5426 fructus
1868 5371 2047 5443 hujus
2093 5390 2180 5429 ar-

525 5450 690 5507 boris
714 5451 1189 5524 sapientiae;imo
1209 5453 1504 5511 dulciores
1534 5457 1682 5513 sicut
1703 5460 1955 5530 epistola
1991 5448 2176 5533 quam

2390 3690 2465 3742 ’Τί
2497 3685 2546 3741 δ’
2577 3691 2606 3747 ἡ
2640 3689 2828 3742 πόλεων
2862 3688 3078 3762 βασιλίς
3112 3706 3124 3754 ;
3169 3695 3387 3764 Πότερον
3431 3696 3737 3765 κουφότερον
3770 3693 3923 3744 ύποί-

2316 3796 2394 3828 σει
2449 3783 2540 3835 τὴν
2579 3783 2754 3837 κοινὴν
2813 3777 3170 3852 δυσπραγίαν,
3221 3780 3249 3836 ἦ
3310 3779 3470 3852 πολλῇ
3528 3777 3921 3856 ἐπαχθεστερον

2312 3863 2390 3927 οἷς
2431 3865 2831 3939 ἐλευθεριώτατα
2882 3873 2971 3918 καὶ
3025 3867 3282 3919 κάλλιστα
3327 3869 3456 3943 παρ’
3497 3863 3627 3941 αύτῇ
3694 3871 3922 3943 τεθραμο

2312 3959 2479 4027 μένος,
2521 3957 2589 4017 ὡς
2639 3953 2686 4006 ἐν
2736 3953 2988 4008 ἀποδόσει
3045 3961 3288 4029 τροφείων
3344 3961 3515 4018 πάσας
3552 3961 3786 4033 χάριτας
3834 3979 3923 4028 φι-

2309 4042 2526 4115 λοτίμως
2571 4041 2788 4106 ἐξέτισεν
2815 4062 2826 4074 ·
2879 4045 2982 4116 οὐχ
3023 4047 3156 4105 ὅπως
3196 4051 3394 4118 κόσμος
3440 4047 3598 4109 άξιως
3652 4047 3780 4119 αύτῇ
3818 4055 3915 4099 καὶ

2309 4131 2665 4206 λαμπρότατον
2715 4138 2978 4206 γινόμενος
3033 4135 3214 4206 ὄνομα,
3274 4131 3400 4186 ἀλλὰ
3455 4142 3564 4200 καὶ,
3619 4135 3672 4187 ὃν
3725 4131 3918 4210 ἱδρῶτι

2308 4222 2476 4291 πολλῷ
2509 4221 2807 4284 συνελέξαθο
2855 4223 2976 4297 παρ’
3027 4223 3156 4296 αὐτῇ
3211 4223 3428 4276 πλοῦτον
3477 4231 3680 4298 σοφίας,
3721 4229 3915 4277 τούτου

2307 4305 2622 4382 μεταδιδούς
2682 4311 2912 4383 ἀφθόνως
2962 4318 3094 4374 τοῖς
3129 4312 3437 4384 φιλοπόνοις,
3489 4313 3656 4366 κοινόν
3705 4335 3913 4388 πρυτα-

2305 4407 2434 4450 νεῖον
2485 4399 2660 4470 λόγου,
2703 4405 2790 4451 καί
2841 4405 3019 4472 σοφίας
3062 4399 3333 4472 πανδεχὴς
3382 4402 3547 4472 ἑστία,
3598 4409 3686 4454 καὶ
3745 4401 3916 4464 ἄλλως

2307 4487 2516 4540 Ἑλικὼν
2579 4494 2910 4560 προκείμενος
2969 4505 2981 4555 ;
3067 4495 3242 4550 Κῆπος
3334 4493 3430 4565 γὰρ
3509 4493 3569 4548 ἦν
3633 4491 3913 4553 οἷκλειστος

2309 4582 2511 4647 σοφίας,
2562 4597 2650 4628 και
2693 4577 2894 4652 πλήρης
2948 4576 3124 4649 ἀγρὸς,
3172 4579 3223 4629 ὃν
3282 4579 3528 4650 εύλόγησε
3579 4581 3761 4651 Κύριος
3810 4585 3910 4632 καὶ

2303 4670 2446 4734 πηγὴ
2512 4665 2674 4735 λόγων
2728 4665 3106 4739 ασφράγιστος.
3171 4673 3270 4720 Καὶ
3317 4676 3487 4740 παρῆν
3551 4676 3660 4728 τοῖς
3715 4663 3907 4738 μαθη-

2299 4762 2450 4804 τιὼσι
2504 4747 2787 4826 δρέπεσθαι
2840 4761 3052 4828 προῖκα,
3109 4761 3196 4806 καὶ
3257 4755 3526 4828 ἀρύεσθαι,
3583 4762 3904 4829 καὶκατεμ-

2297 4843 2587 4915 φορεῖσθαι,
2640 4848 2729 4894 καὶ
2773 4849 2942 4914 μεκέτι
2991 4849 3168 4901 πείνῆν
3231 4847 3259 4904 ἣ
3315 4842 3476 4916 δί-,ὺῇν
3520 4853 3612 4898 τοῦ
3669 4845 3907 4898 ἀκοῦσαι

2293 4929 2441 5000 λόγον
2495 4935 2732 5002 τεχνικόν
2782 4933 2872 4984 εἶτ’
2929 4932 3347 5006 ἐπιστημονικόν.
3417 4935 3497 4987 Ἐν
3548 4933 3746 5007 βραχεῖ
3792 4939 3905 5008 γὰρ

2291 5025 2488 5092 χρόνῳ,
2537 5026 2626 5072 καί
2679 5023 2798 5072 ὅσον
2849 5019 3122 5092 ἐγκυκλίου
3150 5020 3495 5094 προπαιδείας
3531 5025 3834 5093 γεύσασθαι
3869 5027 3901 5083 ἣ

2294 5116 2621 5178 συφιστικοίς
2671 5108 3007 5180 παλαίσμασι
3071 5112 3600 5184 προσγυμνάσασθαι,
3661 5111 3690 5169 ἦ
3759 5131 3901 5182 προ-

2292 5197 2456 5271 θύρων
2519 5195 2757 5256 ἐπιϐῆναι
2819 5199 3142 5271 φιλοσοφίας,
3198 5203 3242 5251 εἴ
3295 5219 3370 5260 τις
3427 5205 3699 5272 πεφοίτηκε
3763 5203 3903 5275 παρ’

2289 5285 2493 5354 ἐκεῖνον,
2562 5287 2708 5346 εὐθύς
2766 5289 2790 5338 6
2842 5292 2985 5362 παρά
3031 5297 3103 5358 τῷ
3167 5295 3468 5362 Σταγειρίτη
3526 5286 3902 5363 πεπαιδευμέ-

2285 5394 2370 5434 νος
2419 5374 2630 5448 ἑωρᾶτο,
2675 5381 2764 5427 καὶ
2813 5378 2837 5426 ό
2903 5381 3042 5451 παρά
3109 5386 3208 5429 τῶν
3264 5385 3485 5430 Μουσῶν
3551 5376 3901 5450 ἐμπνευσθεὶς

2291 5469 2379 5520 τήν
2440 5469 2676 5522 ποίησιν,
2754 5466 2812 5516 Εἰ
2879 5470 2980 5538 γὰρ
3045 5467 3130 5518 ὑπ’
3200 5465 3470 5542 ἀγροικίας
3527 5465 3685 5540 βαθεῖ
3737 5470 3898 5540 κάρῳ
