4152 6208
251 249 362 304 3H

1296 245 1617 304 MONODIA
1654 245 1726 303 IN
1763 247 2204 304 EUSTATHIUM
2239 246 2572 305 THESSAL.

3509 255 3617 310 342

244 368 531 432 καθεύδοι,
576 370 681 423 ἀλλ’
731 372 842 442 ἅμα
887 371 1035 443 μίκρ’
1073 370 1215 422 ἅττα.
1244 367 1534 441 ἐφωμίζετο
1571 371 1696 446 παρ’
1725 369 1838 423 ἐκεί-

1967 371 2231 428 Ezechiel
2259 385 2367 442 per
2396 372 2702 428 somnium
2733 371 2936 442 edidit.
2969 371 3075 428 Mel
3105 371 3267 428 enim
3308 375 3612 433 Eustathio

237 477 359 521 νου,
437 463 526 511 καὶ
599 467 937 533 παραχρῆμα
1000 454 1322 521 διυπνίζετο,
1391 466 1649 528 μουσικοῦ
1715 478 1854 520 τινος

233 548 490 618 κάτοχος
537 549 826 620 ἄσθματος.
886 547 1026 605 Πλὴν
1082 547 1176 598 οὐκ
1235 547 1464 619 ἒμπικρα
1511 543 1590 616 ἦν,
1663 547 1729 608 ὡς
1788 549 1856 600 τὰ

235 632 454 707 δάφνης
501 636 718 706 πέταλα,
783 639 849 688 τὰ
895 635 1240 708 ψωμιζόμενα
1291 634 1414 707 παρ’
1486 633 1700 705 ἐκείνου,
1756 645 1854 697 τῆς

231 733 340 775 τῶν
375 732 557 796 σοφῶν
597 722 952 797 ἐπιφυλλίδας,
993 729 1081 777 καὶ
1127 731 1213 775 νῦν
1257 723 1435 794 οἵμοιῑ
1464 729 1850 799 τετρυγημένης

233 815 476 866 θανάτου
525 822 680 886 τομῇ,
721 814 1053 885 γλυκάζοντα
1099 809 1158 865 δὲ
1205 811 1421 884 μᾶλλον,
1459 815 1524 872 ὡς
1571 815 1602 871 ἠ
1648 814 1853 886 κεφαλὶς

229 903 262 958 ἡ
353 899 669 977 βιϐρωμένη
751 911 824 974 τῷ
907 901 1153 963 Ἰεζεκιήλ
1224 910 1558 974 προφητικῶς
1618 902 1848 976 ὀνειρώτ-

226 1009 412 1046 τοντι.
461 991 683 1053 Μελιτος
725 995 828 1064 γὰρ
877 990 1170 1051 ἁπέσταζον
1222 992 1277 1042 αἱ
1324 998 1422 1042 τῶν
1473 989 1686 1062 ὁμιλιῶν
1745 992 1849 1044 E23-

231 1081 472 1132 σταθίου
529 1083 770 1154 χάριτες,
820 1084 888 1142 ὡς
941 1080 1174 1151 ἀτεχνῶς
1225 1078 1525 1154 ἁποῤῥῶγές
1576 1099 1706 1140 τινες
1763 1085 1844 1132 νέ-

227 1187 438 1242 κταρος
471 1190 484 1201 ο
554 1170 665 1222 ὅθεν
729 1175 820 1222 καὶ
887 1169 959 1231 εἰς
1018 1170 1177 1243 ἄκρον
1241 1167 1429 1238 ψυχῆς
1489 1167 1671 1239 μυελὸν
1737 1175 1848 1230 τοῖς

231 1259 534 1330 ἀκροαταῖς
586 1253 900 1328 εἰσδυόμενα
947 1260 1014 1309 τὰ
1066 1253 1399 1328 διδάγματα,
1457 1261 1548 1308 καὶ
1605 1258 1845 1330 ἄντικρυς

228 1343 554 1418 ἐγκαομενα,
624 1342 956 1417 διετηροῦντο
1019 1344 1312 1398 ἀνίκπλυτα
1375 1344 1537 1405 λήθης
1599 1346 1839 1418 ῥεύματι.

227 1438 299 1486 Τό
328 1438 442 1508 γὰρ
491 1431 656 1506 ἡδονῇ
711 1435 896 1506 ψυχῆς
937 1434 1315 1506 ἐκτυπούμενον
1371 1435 1596 1506 μάθημα
1645 1455 1842 1507 μηνμο⁴

225 1528 493 1598 νικωτέρᾳ
537 1520 702 1594 δέλτῳ
754 1528 929 1597 φρενὸς
980 1523 1372 1594 ἐγκολάπτεται,
1429 1526 1498 1583 ὡς
1547 1525 1730 1575 θᾶττον
1779 1523 1839 1577 ἄν

225 1609 527 1664 ὑπιδέσθαι
598 1617 690 1664 καὶ
756 1617 878 1686 περὶ
934 1616 1120 1665 τούτου
1167 1613 1214 1672 ,ὁ
1266 1616 1357 1663 καὶ
1407 1616 1525 1683 περὶ
1584 1620 1839 1683 σοφιστοῦ

221 1719 367 1760 τινος
419 1701 582 1753 πάλαι
637 1700 784 1772 λόγος
838 1697 1048 1776 διέρῥει,
1104 1704 1169 1762 ὡς
1223 1703 1327 1773 ἄρα
1368 1697 1699 1763 Χαλδαίκαίς
1724 1721 1838 1756 τισι

224 1795 580 1862 μαγγανείαις
659 1794 782 1850 τούς
863 1791 1111 1862 ὁμιλητάς
1191 1790 1464 1866 ἐργάζοιτο
1549 1796 1834 1864 μνήμονας.

1962 459 2190 529 lingua,
2213 459 2466 515 ﬂumina
2490 464 2729 517 nectare
2744 465 3014 517 saturata
3035 460 3362 518 distillabat
3385 480 3398 529 ;
3422 478 3613 534 quare

1963 553 2264 620 praecepta
2300 548 2430 617 ejus
2466 547 2528 603 in
2564 548 2844 604 intimum
2883 549 3282 621 penetrabant
3337 550 3612 608 animum

1961 651 2157 708 neque
2185 636 2307 692 ulla
2333 636 2390 692 vi
2418 636 2712 693 eradicari
2743 637 3042 693 valebant.
3110 638 3392 694 Omnium
3448 639 3611 697 enim

1959 729 2213 792 mentes,
2244 740 2397 797 quas
2425 723 2698 781 doctrina
2727 741 2798 782 ac
2817 725 3134 798 disciplina
3155 741 3264 782 sua
3285 727 3610 799 adimples—

1960 817 2065 880 set,
2118 812 2352 885 philtris
2399 812 2760 881 Chaldaicis,
2799 819 2867 870 ut
2911 814 2994 870 ita
3040 813 3262 881 dicam,
3315 814 3610 874 imbuisse

1956 901 2292 958 videbatur.
2339 904 2423 956 Tu
2454 901 2775 959 Castellum
2825 903 3177 970 Gratiarum,
3210 903 3472 960 artiﬁciis
3504 904 3606 975 ju-

1958 989 2163 1046 cundis
2204 989 2534 1062 discipulos
2577 990 2860 1061 docebas,
2907 995 2965 1048 et
3003 1007 3151 1048 voce
3176 996 3281 1048 tua
3329 991 3607 1050 Sirenum

1954 1095 2166 1135 vocem
2195 1083 2517 1150 superante
2545 1095 2617 1136 eo
2639 1079 2963 1152 perduxisti
2994 1085 3058 1136 ut
3076 1095 3214 1152 quae
3244 1081 3606 1138 anteafabu-

1953 1168 2068 1226 losa
2094 1167 2301 1223 habita
2328 1167 2583 1238 fuerant,
2611 1183 2773 1224 nunc
2799 1185 2909 1240 pro
2930 1169 3082 1226 veris
3125 1169 3432 1226 ducerent.
3457 1171 3606 1236 Quo-

1951 1261 2168 1316 factum
2185 1263 2270 1313 est
2296 1261 2359 1313 ut
2388 1257 2729 1316 felicissima
2767 1259 2918 1315 alios
2947 1259 3296 1316 instituendi
3317 1259 3604 1318 methodo

1952 1345 2147 1404 multis
2178 1345 2366 1400 multa
2395 1347 2960 1405 communicaveris.
3003 1350 3134 1405 Non
3190 1347 3350 1404 enim
3379 1347 3603 1405 librum

1949 1434 2192 1506 aliquod
2221 1451 2362 1491 cum
2391 1435 2524 1491 aliis
2576 1435 2785 1506 legens
2823 1452 2896 1494 ea
2947 1451 3086 1509 qum
3123 1437 3465 1494 necessario
3514 1437 3606 1494 in-

1947 1523 2328 1595 terpretanda
2373 1530 2690 1590 venerunt,
2747 1525 3097 1598 explicuisti,
3149 1526 3336 1596 locos,
3392 1526 3444 1582 si
3495 1529 3603 1598 qui

1949 1618 2118 1669 erant
2168 1612 2444 1669 difﬁciles
2516 1613 2925 1681 dilucidando,
2989 1614 3098 1671 sed
3151 1614 3272 1671 alia
3341 1615 3604 1686 plurima

1947 1706 2154 1767 sponte
2222 1701 2622 1758 immiscendo
2659 1718 2798 1775 qua;
2866 1703 2945 1758 ad
3008 1718 3138 1759 rem
3213 1702 3408 1760 facere
3433 1703 3601 1760 vide-

1944 1789 2186 1846 bantur.

223 1883 458 1950 Τοιούτῳ
529 1881 789 1953 φαρμάκῳ
849 1883 906 1932 τό
971 1887 1172 1952 μνῆμον
1235 1880 1307 1941 εἰς
1376 1878 1538 1953 βάθος
1602 1887 1712 1940 τοῖς
1774 1880 2039 1950 μαθηταῖς
2099 1878 2460 1954 ἐνεχάραττες,
2490 1877 2529 1930 ὦ
2597 1885 2837 1954 Χαρίτων
2895 1881 3112 1934 ἀπασῶν
3172 1881 3452 1956 ἀνάκτορον
3510 1887 3598 1952 σὺ,

225 1975 318 2020 καὶ
384 1969 607 2040 ’Ῑύγγων
660 1973 750 2020 καὶ
809 1973 1058 2042 Σειρήνων
1111 1968 1484 2044 ἐπαγωγὸτερι,
1534 1975 1624 2022 καὶ
1671 1969 1861 2020 πείθων
1908 1971 1973 2019 τὰ
2029 1972 2192 2042 μέχρι
2249 1975 2346 2020 σοῦ
2404 1970 2748 2040 μυθευόμενα,
2790 1972 2858 2030 ὡς
2913 1968 3080 2027 ἀληθῆ
3140 1977 3233 2022 τοῦ
3289 1969 3472 2024 λοιποῦ
3512 1991 3601 2024 πι-

232 2059 511 2110 στεύεσθαι
548 2079 560 2091 ο

621 2060 796 2130 ὥσπερ
861 2063 951 2110 καὶ
1015 2062 1072 2110 τό
1137 2059 1430 2132 πολυμαθὴς
1489 2065 1579 2112 καὶ
1639 2058 1836 2111 πολλῶν
1895 2056 2182 2129 ἐπιστῆμον
2245 2055 2560 2118 ἓναπετίθεις
2627 2061 2808 2129 σφίσιν
2873 2057 2923 2109 ἐν
2990 2062 3166 2130 χρόνῳ
3236 2058 3439 2133 βραχεῖ
3503 2055 3600 2112 διὰ

233 2155 335 2198 τῶν
387 2149 460 2207 ὡς
505 2147 750 2199 ἑκάστοτε
808 2147 1020 2219 ὁμιλιῶν
1071 2167 1166 2200 σου
1219 2157 1320 2200 τῶν
1393 2148 1830 2219 ἁποϐαπτομένων
1883 2146 1954 2208 εἰς
1995 2152 2170 2198 πᾶσαν
2235 2146 2450 2216 λογικὴν
2507 2142 2753 2217 μέθοδον.
2812 2146 2888 2198 Ού
2938 2145 3038 2220 γὰρ
3107 2153 3203 2207 τῆς
3263 2154 3443 2220 χεροῖν
3509 2145 3600 2219 βί-

241 2234 362 2288 ϐλου
421 2241 575 2307 μόνης
626 2241 710 2288 τὸν
765 2245 885 2288 νοῦν
940 2237 1294 2301 ἁνέπτυασσες
1335 2239 1384 2291 ἐν
1435 2245 1544 2299 ταῖς
1610 2240 1869 2309 ὁσημέραι
1932 2241 2396 2305 συναναγνώσεσιν,
2461 2238 2561 2286 εἴτε
2628 2236 2694 2286 τὰ
2759 2241 2851 2295 τῆς
2917 2234 3211 2309 ἑρμηνείας,
3271 2236 3315 2287 εἰ
3383 2237 3483 2288 ὑπό
3546 2254 3599 2287 τι

252 2323 558 2394 μελαίνοιτο,
631 2321 972 2388 διελεύκαινες
1022 2349 1034 2360 ο

259 2408 484 2485 δρομαίς
543 2422 638 2465 τῶν
690 2421 1034 2487 προκειμένων
1100 2417 1554 2490 φιλοτιμούμενος,

1111 2327 1239 2380 ἀλλὰ
1310 2348 1371 2400 γε
1445 2333 1534 2379 καὶ
1600 2336 1699 2378 τῶν
1774 2324 1937 2377 ἄλλων
2002 2323 2164 2375 πολλὰ
2230 2324 2519 2398 ξννεφόρεις
2583 2327 2932 2397 παραμιγνὺς,
2999 2323 3094 2376 οὐκ
3161 2324 3370 2399 ἐξώροις
3430 2343 3599 2399 παρα-

1641 2417 1786 2486 παρὰ
1852 2409 1912 2466 δὲ
1975 2421 2066 2473 τῆς
2133 2413 2345 2464 αὐτόθεν
2409 2415 2814 2487 προκυπτούσης
2881 2411 3114 2486 ἀφορμῆς
3183 2409 3465 2486 δεχόμενος
3537 2414 3597 2463 τό

258 2498 552 2572 ἐνδόσιμον,
595 2507 674 2555 καὶ
715 2509 808 2562 τὴν
846 2505 1172 2577 παρέκϐασιν
1201 2509 1261 2558 ού
1287 2510 1432 2578 παρὰ
1463 2509 1623 2579 θύραν
1656 2505 1734 2576 (τό
1763 2509 1856 2555 τοῦ
1881 2501 2059 2574 λόγου)
2090 2505 2416 2574 ποιούμενος,
2462 2504 2531 2562 ὡς
2560 2500 2620 2552 ἂν
2647 2501 2690 2554 εἰ
2718 2505 2810 2554 καὶ
2840 2506 3227 2577 παραφανέντος
3257 2506 3452 2574 ὄνυχος
3485 2501 3602 2563 ὅλος

250 2589 369 2641 λέων
393 2593 529 2642 κατά
555 2596 643 2648 τὴν
673 2598 955 2665 παροιμίαν
983 2591 1300 2668 διηρθρωτο.

317 2678 450 2732 Ἀλλ’
493 2679 586 2731 οὐκ
633 2679 855 2734 ἀκλαυτὶ
900 2688 1053 2734 ταυτὶ
1097 2679 1406 2754 διηγεῖσθαι
1451 2685 1558 2744 οἷός
1602 2687 1657 2734 τέ
1703 2680 1830 2752 εἰμι·

234 2772 422 2840 μικρὸν
463 2770 568 2842 γὰρ
616 2777 709 2820 τοῦ
748 2771 948 2832 πάθους
1000 2769 1287 2842 ἀνανήψας,
1347 2773 1386 2822 ὦ
1443 2776 1708 2845 παρόντες,
1765 2770 1836 2831 εἰς

236 2856 540 2930 ὀλοφύρσεις
621 2857 886 2932 καταῤῥέω
961 2861 1133 2912 πάλιν.

233 2944 424 2998 ἐκείνου
479 2949 568 2998 τόν
623 2945 811 2998 κύκλον
869 2945 1174 3023 ἀναπληρῶν
1241 2954 1332 3001 καὶ
1400 2949 1579 3020 αὐτὸς,
1646 2947 1834 3020 φιλοτιο

1221 2868 1332 2912 Τῶν
1410 2865 1513 2934 γαρ
1577 2860 1835 2932 ὁμιλητών

2017 2678 2154 2748 Sed,
2195 2695 2231 2734 o
2263 2678 2427 2734 chari
2457 2679 2654 2744 amici,
2688 2678 2858 2736 siccis
2899 2679 3016 2736 hoc
3039 2679 3228 2736 oculis
3241 2678 3458 2736 referre
3477 2694 3602 2736 non

1943 2767 2137 2837 valeo,
2178 2773 2235 2824 et
2259 2767 2321 2822 in
2348 2767 2666 2839 pristinum
2709 2783 3030 2825 mmrorem
3074 2783 3312 2841 semper
3341 2767 3598 2825 relabor.

1946 2857 2180 2916 Memini
2201 2857 2361 2913 enim
2394 2861 2622 2928 quanta
2645 2857 2928 2913 comitate
2947 2872 3060 2926 ego
3082 2857 3232 2931 ipse,
3254 2857 3361 2930 qui
3387 2858 3452 2913 in
3471 2857 3522 2929 ej
3533 2873 3602 2913 us

1948 2945 2384 3018 discipulorum
2410 2960 2666 3000 numero
2713 2960 2900 3012 eram,
2924 2951 3208 3018 exceptus
3254 2945 3334 3001 ab
3377 2961 3448 3002 eo
3483 2944 3601 3013 fui,

229 3039 446 3106 μότερον
490 3032 928 3108 ἔφιλοφρονούμην
976 3039 1099 3110 παρ’
1148 3039 1311 3108 αύτῷ,
1350 3044 1440 3090 καὶ
1469 3040 1569 3090 ύπό
1613 3046 1835 3111 κρατῆρι

1950 3039 2010 3090 ut
2072 3033 2320 3106 plenum
2378 3032 2685 3104 sapientiae
2741 3033 2988 3089 calicem
3041 3033 3442 3090 exhaurirem.
3511 3035 3599 3088 Me

233 3129 420 3195 σοφίας
469 3124 673 3194 μείζονι
707 3145 719 3156 ·
761 3128 925 3198 ταύτῃ
973 3132 1063 3178 καὶ
1112 3129 1142 3184 ἡ
1198 3129 1376 3199 μνήμη
1427 3130 1622 3179 τούτων
1673 3145 1836 3198 προσ-

230 3217 504 3270 πίπτουσα
555 3217 762 3286 στρέφει
808 3233 908 3286 μου
949 3220 1040 3272 τὴν
1087 3213 1334 3291 καρδὶαν,
1385 3220 1474 3268 καὶ
1518 3219 1576 3267 τό
1613 3214 1661 3266 ἐν
1705 3217 1832 3287 αὐτῇ

232 3300 613 3370 συμπιέζουσα
669 3297 801 3373 αἷμα
850 3302 919 3362 εἰς
968 3299 1176 3377 δάκρυα
1217 3302 1644 3377 προσαναθλίϐει,
1702 3307 1838 3355 κατὰ

232 3388 502 3462 θρόμϐους
578 3391 800 3461 αἳματος
874 3391 1255 3464 συλλειϐόμενα.
1345 3391 1486 3450 Πλὴν
1569 3392 1837 3467 πειρατέον

227 3483 320 3530 καὶ
389 3475 548 3538 αὖθις
605 3477 890 3550 ἀναφέρειν,
947 3486 1036 3532 καὶ
1087 3485 1155 3542 ὡς
1213 3480 1321 3544 ἐξον
1371 3480 1722 3552 ἀνακωχεύειν
1777 3483 1836 3532 τὸ

228 3563 490 3639 δάκρυον,
521 3568 605 3618 ἱνα
659 3572 730 3638 μὴ
776 3572 927 3638 μόνον
989 3568 1406 3642 ἀφοσιωσώμεθα
1460 3579 1532 3640 τῷ
1583 3566 1737 3643 ἀνδρὶ
1777 3575 1834 3622 τὸ

227 3655 693 3728 ἁπολοφύρασθαι,
752 3655 879 3708 ἀλλά
944 3664 1034 3710 καί
1108 3679 1157 3711 τι
1237 3668 1338 3711 τῶν
1409 3659 1601 3710 ἐκείνου
1658 3658 1830 3710 καλῶν

227 3747 651 3816 θαναμοισὼμιθα.
707 3750 820 3820 Χρὴ
877 3749 977 3818 γὰρ
1037 3747 1300 3800 κάνταῦθα
1353 3754 1560 3820 μνήμην
1617 3744 1828 3800 δικαίου

1948 3121 2268 3178 miserum!
2303 3121 2736 3176 Praeteritorum
2775 3126 3119 3193 temporum
3156 3120 3600 3177 reminiscentia

1947 3227 2046 3270 cor
2067 3215 2325 3280 occupat
2347 3218 2402 3264 et
2425 3208 2728 3280 lacrymas
2747 3224 2887 3264 cum
2906 3209 3199 3280 sanguine
3221 3208 3594 3276 miscet.Sed,

1949 3300 2100 3355 Mitte
2139 3299 2474 3368 lacrymari,
2520 3297 2669 3352 mihi
2698 3296 2812 3369 ipsi
2849 3297 3006 3366 dico,
3049 3302 3114 3354 ut
3163 3297 3361 3353 virum
3390 3296 3597 3353 defun-

1947 3393 2106 3443 ctum
2137 3401 2258 3442 non
2290 3385 2609 3454 lugeamus
2647 3389 2904 3454 tantum,
2943 3385 3051 3442 sed
3090 3385 3506 3442 admirationis
3543 3385 3598 3442 ei

1945 3476 2214 3532 debitum
2230 3473 2496 3529 ofﬁcium
2528 3473 2606 3529 ob
2635 3472 2830 3529 claras
2861 3474 2992 3545 ejus
3024 3475 3266 3530 virtutes
3291 3473 3597 3547 persolva-

1945 3581 2103 3621 mus.
2121 3566 2146 3618 J
2157 3569 2426 3618 ustorum
2447 3562 2606 3618 enim
2630 3562 2923 3618 memoria
2942 3563 3183 3620 modica
3203 3563 3381 3620 laude
3403 3579 3597 3636 eaque

1944 3652 2199 3724 simplici
2211 3657 2268 3706 et
2282 3654 2388 3706 rite
2409 3650 3044 3715 limitata,honorauda
3061 3653 3396 3709 estﬂusica
3409 3651 3593 3719 enim,

1942 3742 2196 3808 inluctu,
2220 3740 2552 3796 secundum
2570 3740 3286 3812 Sapientem,importuna
3308 3741 3593 3812 narratio,

220 3835 475 3905 γενέσθαι
505 3834 616 3905 μετ’
655 3833 917 3906 ἐγκωμίου
947 3842 1159 3910 μετρίου
1186 3841 1275 3888 καὶ
1304 3834 1338 3889 δ
1345 3836 1709 3908 ιαπλεκομένου
1739 3843 1845 3897 τοῖς
1867 3834 2075 3886 πένθεσι
2109 3851 2120 3863 '
2155 3834 2243 3880 καὶ
2273 3837 2426 3880 τοῦτο
2451 3828 2510 3880 ού
2541 3830 2672 3900 μετὰ
2698 3829 2900 3902 ῥυθμοῦ
2930 3829 3138 3902 κομψοῦ
3183 3849 3322 3892 τινος
3359 3830 3389 3889 ἦ
3420 3832 3596 3904 περιᾴ-

222 3921 414 3982 δοντος
435 3923 619 3996 ἔξωρα.
654 3930 898 3976 Μουσικα
921 3927 1020 3997 γὰρ
1053 3925 1102 3976 ἐν
1133 3927 1321 3991 πένθει,
1347 3928 1482 3977 κατὰ
1505 3930 1591 3978 τὸν
1623 3929 1798 3997 σοφόν,
1834 3921 2091 3992 διήγησις
2116 3919 2352 3991 οἱκαιρος.

291 4013 364 4064 ⁸0
416 4020 545 4083 γοῦν
588 4011 838 4084 ἂέγομεν,
899 4017 1063 4086 μικρὰ
1119 4017 1209 4086 μὲν
1265 4015 1376 4086 αἷμα
1433 4015 1691 4067 τελεῖσθαι
1737 4018 1829 4066 καὶ

222 4102 432 4174 μεγάλα
498 4105 767 4174 μυστήρια
830 4107 948 4164 τοὺς
1012 4104 1199 4165 αὐτοὺς
1245 4104 1339 4156 ούκ
1397 4100 1457 4161 ἦν
1514 4124 1637 4156 ποτε
1692 4107 1830 4176 θεμι-

220 4194 333 4250 τὸν,
369 4193 491 4242 οὔτε
539 4195 640 4261 μὴν
687 4195 924 4265 χορεύειν
969 4189 1358 4264 δᾳδουχιῐνλτε
1397 4197 1488 4244 καὶ
1533 4192 1830 4244 ἐποπτεύειν

223 4282 362 4330 κατὰ
413 4283 625 4332 ταυτόν.
683 4280 903 4352 Ἀμαθὲς
976 4285 1078 4354 γὰρ
1144 4287 1232 4333 καὶ
1294 4281 1542 4354 σφαλερὸν
1599 4278 1737 4333 οἶδεν
1795 4284 1824 4339 ἡ

2009 4011 2139 4064 Jam
2179 4005 2320 4062 alidi
2359 4005 2622 4060 diximus
2660 4010 2871 4062 contra
2907 4022 3188 4062 normam
3219 4021 3348 4062 esse
3374 4005 3594 4064 initiari

1939 4097 2018 4154 ad
2057 4110 2280 4164 magna
2313 4093 2491 4148 simul
2521 4098 2578 4148 et
2605 4109 2794 4164 parva
2831 4095 3156 4166 mysteria;
3178 4094 3309 4164 jam
3338 4093 3499 4150 enim
3529 4094 3592 4151 in

1938 4183 2259 4257 proverbio
2298 4188 2386 4237 est
2425 4181 2585 4238 stulti
2623 4198 2753 4237 esse
2790 4182 2853 4237 in
2889 4198 3036 4239 vase
3082 4182 3345 4255 pretioso
3400 4187 3594 4240 artem

1939 4274 2252 4344 iigulinam
2276 4272 2502 4326 discere
2527 4271 2695 4328 velle.
2727 4271 2850 4328 Sub
2878 4271 3070 4344 ipsius
3086 4278 3287 4328 autem
3310 4273 3592 4345 auspiciis

220 4371 494 4441 παροιμίᾳ
547 4371 606 4418 τό
653 4366 700 4418 ἐν
757 4371 896 4439 πίθῳ
953 4374 1046 4427 την
1113 4375 1386 4442 κεραμείαν
1451 4366 1826 4423 διδάσκεσθαι.

1950 4363 2044 4436 qui
2095 4366 2158 4416 ut
2195 4359 2474 4416 sacerdos
2514 4359 2774 4416 initiator
2813 4362 3120 4432 sapientiae
3174 4359 3462 4433 mysteria
3521 4378 3593 4418 ac

225 4457 363 4528 Παρ’
418 4454 598 4525 ἐκείνῳ
653 4452 703 4507 δ’
757 4457 878 4528 ὅμος
935 4460 1308 4531 ἱεροφαντούντι
1360 4461 1426 4509 τὰ
1477 4457 1696 4528 λογικῶν
1750 4477 1828 4510 τε-

227 4555 373 4614 χνων
432 4548 591 4614 ᾇογια
640 4544 750 4615 ἅμα
799 4549 866 4596 τὰ
922 4553 1143 4598 Μουσων
1197 4549 1462 4602 πεπάτηκέ
1513 4567 1589 4605 τις
1636 4550 1833 4618 προπύ-

227 4633 375 4690 λαια,
425 4637 518 4684 καὶ
567 4642 902 4708 παραχρῆμα
947 4640 1036 4686 καὶ
1092 4638 1158 4686 τὰ
1219 4644 1318 4686 τῶν
1365 4637 1660 4706 ἀνακτόρων
1707 4634 1833 4686 ἐπώ-

226 4741 412 4773 πτευε-ν
497 4717 693 4788 ἄδυτα,
771 4727 861 4773 καὶ
927 4730 1020 4782 τῆς
1083 4721 1281 4782 τελετῆς
1345 4719 1495 4775 οὐδὲν
1562 4719 1645 4790 ἦν,
1710 4724 1832 4797 ὅπερ

227 4809 534 4862 ὑπελείπετο
593 4812 759 4866 πάντη
809 4817 916 4872 τοίς
971 4810 1248 4862 νεοτελέσιν
1316 4809 1610 4884 ἀνέκφορον.
1681 4809 1834 4862 Ἀλλά

225 4917 303 4960 τις
354 4907 459 4949 τῶν
516 4903 805 4968 φοιτώντων
861 4895 1094 4950 πυκτίδα
1154 4904 1434 4957 ποιητικὴν
1493 4901 1592 4951 ὑπὸ
1665 4899 1833 4971 μάλην

229 4992 416 5061 φέρων,
498 4983 666 5038 ἐδεῖτο
735 4991 932 5060 μέτρων
1001 4990 1089 5058 μεν
1155 4992 1349 5058 νόμους
1415 4990 1683 5055 μυεῖσθαι,
1745 4993 1834 5040 καὶ

227 5077 467 5150 ῥυθμοὺς
535 5074 808 5147 ἁρμονίας,
862 5081 950 5125 καὶ
1012 5083 1103 5126 τοῦ
1174 5073 1362 5146 ἐτύμου
1424 5084 1524 5126 τῶν
1574 5076 1834 5148 ὀνομάτων

229 5162 542 5226 ἀνάπτυξιν,
615 5162 1063 5234 ψυχαγωγεῖσθαί
1136 5182 1190 5215 τε
1260 5164 1491 5237 πράξεων
1556 5163 1836 5236 ἀρχαιολο-

229 5255 496 5322 γουμένων
571 5253 900 5322 μυθεύμασιν
951 5267 963 5279 ⁸
1023 5249 1112 5304 εἷθ’
1181 5252 1463 5325 ὑπέστρεφε
1527 5255 1718 5304 τούτων
1783 5271 1837 5304 τε

234 5341 422 5411 θεωρὸς
480 5338 681 5400 ἐντελὴς
735 5345 825 5390 καὶ
870 5349 969 5390 τῶν
1027 5345 1429 5415 μυστικωτέρων
1482 5341 1539 5392 ού
1591 5344 1837 5413 παράπαν

231 5427 527 5489 ἀτελεστος.
585 5425 728 5480 Οὐδὲ
779 5431 878 5504 γὰρ
936 5425 1355 5491 διεσπουδάζετο
1403 5433 1452 5482 οἱ
1503 5433 1698 5482 τούτων
1744 5435 1837 5488 τὴν

234 5521 407 5589 ἔφεσιν
469 5517 779 5577 ἀποπλῆσαι
823 5523 975 5591 μόνον
1016 5527 1122 5580 τοῖς
1174 5523 1420 5591 μύσταις,
1460 5518 1590 5572 ἀλλά
1641 5538 1700 5589 γε
1750 5524 1839 5572 καὶ

1939 4450 2272 4507 rhetoricen
2311 4448 2585 4518 docebat,
2629 4449 2904 4522 discipuli
2942 4453 3244 4506 Musarum
3281 4451 3592 4523 propylaea

1939 4537 2449 4610 ingrediebantur,
2496 4537 2702 4610 palatii
2740 4539 3187 4596 sanctissimum
3227 4540 3593 4612 contempla-

1940 4630 2180 4692 bantur;
2213 4626 2378 4682 nulla
2400 4627 2562 4682 enim
2588 4628 2895 4698 provincia
2907 4628 3332 4700 mysteriorum
3348 4629 3594 4686 occlusa

1940 4723 2066 4772 erat
2094 4716 2436 4788 neophytis.
2458 4715 2645 4780 Quid?
2661 4716 2828 4788 quod
2840 4718 2891 4771 si
2904 4716 3338 4788 discipulorum
3370 4717 3590 4788 aliquis

1941 4805 2396 4861 versiﬁcationis
2427 4805 2781 4875 rhythmum
2821 4809 2877 4860 et
2905 4805 3291 4860 harmoniam
3321 4805 3590 4860 ediscere

1943 4895 2223 4965 cupiebat
2253 4899 2356 4948 aut
2371 4910 2588 4948 vocum
2608 4893 3061 4964 etymologiam,
3091 4893 3467 4949 Eustathium
3483 4893 3591 4950 ha-

1941 4983 2124 5038 bebat
2153 4983 2370 5038 ducem
2404 4982 2657 5054 peritum
2686 4984 2748 5038 in
2778 4981 3069 5037 docendis
3083 4982 3456 5054 antiquitatis
3472 4988 3592 5040 tra-

1943 5071 2270 5128 ditionibus
2328 5077 2384 5127 et
2441 5072 2502 5126 in
2559 5072 2727 5127 brevi
2782 5072 3072 5143 temporis
3133 5077 3442 5129 momento
3501 5089 3596 5129 so-

1943 5161 2232 5218 lutionem
2275 5161 2720 5233 problematum
2784 5159 3194 5220 desideratam
3259 5161 3590 5219 obtinebat.

1946 5252 2010 5306 Id
2041 5251 2199 5306 enim
2227 5251 2364 5305 fecit
2393 5255 2456 5306 ut
2493 5250 2968 5310 adolescentium
2991 5251 3202 5306 studiis
3235 5250 3495 5307 favendo
3516 5251 3596 5308 ad

1945 5356 2147 5396 rerum
2169 5339 2536 5396 multitudini
2553 5341 2926 5397 occultarum
2949 5342 3358 5412 cognitionem
3376 5341 3597 5411 januas

1947 5435 2257 5486 reseraret.
2303 5430 2787 5501 Quotusquisque
2825 5444 2950 5485 non
2996 5429 3170 5496 lacte,
3217 5427 3325 5484 sed
3374 5428 3598 5485 fortiori

1949 5517 2084 5574 cibo
2121 5522 2177 5574 et
2215 5518 2440 5588 ingenii
2479 5520 2818 5576 maturitate
2880 5523 3179 5578 saturatus
3216 5517 3358 5573 inde
3394 5515 3594 5574 rediit!

4123 1629 4125 1726 ῑ

4123 2237 4125 2350 4

4123 4193 4125 4336 ι

4123 5629 4125 5679 ι
