4152 6208
514 232 625 291 343

1395 222 1767 284 MICHAELIS
1802 216 2184 280 ACOMINATI
2220 214 2654 275 ATHENARUM
2688 212 3004 273 ARCHIEP.

3769 221 3877 276 344

519 354 639 415 Sed
650 348 889 427 majora
910 351 1504 411 memoremus.Multi
1517 348 1766 424 quidem
1787 346 1868 406 ad
1887 346 2170 421 eloqueua
2195 396 2199 406 ι

2289 346 2348 399 τὰ
2392 351 2492 397 τῶν
2539 342 2715 416 μύθων
2768 340 3225 417 παραπετάσματα
3272 338 3546 414 διασχεῖν,
3604 346 3695 397 καὶ
3752 339 3878 397 δού-

517 447 614 505 tiae
640 442 951 514 fastigium
970 456 1036 498 se
1051 444 1288 499 evectos
1305 438 1706 499 autumabant
1730 436 2169 511 atqueidoneos

519 534 603 595 ad
620 531 968 592 docendum
991 530 1140 589 alios
1156 529 1324 605 quod
1341 529 1456 604 ipsi
1477 529 1627 587 scire
1648 544 1712 585 se
1731 526 2049 602 putabant,
2067 526 2172 584 do-

516 637 631 681 nec
671 621 787 677 sub
826 619 1113 678 Eustathii
1159 618 1445 692 auspiciis
1492 620 1790 692 quantum
1828 616 2173 688 ignorarent

518 710 933 781 intelligerent.
974 708 1132 766 Multi
1169 708 1233 766 in
1273 708 1607 767 Gratiarum
1637 722 1703 764 se
1740 706 2027 779 mysteria
2061 704 2171 761 ini-

517 800 697 859 tiatos
737 797 1084 869 credebant,
1137 797 1331 856 donec
1376 798 1510 872 ipso
1556 799 1860 865 monente,
1908 808 2172 851 errorem

519 904 699 946 suum
724 890 1176 958 cognoscerent.
1190 886 1398 944 Plures
1408 886 1470 943 in
1483 884 2169 960 philosophiamaximo-

518 975 993 1053 pereprofecisse
1006 974 1723 1045 sibi,videbantur,donec
1751 986 1880 1029 sese
1906 988 2045 1029 cum
2071 970 2172 1030 illo

518 1068 649 1124 viro
679 1066 897 1123 artium
910 1080 980 1123 ac
994 1063 1328 1122 litterarum
1347 1063 1713 1137 peritissimo
1733 1078 1795 1119 se
1814 1061 2170 1119 conferrent.

520 1155 704 1227 Igitur
734 1158 1063 1227 postquam
1092 1152 1517 1225 cognovissent
1545 1168 1610 1209 se
1630 1151 1713 1207 nil
1730 1152 1899 1216 scire,
1931 1150 2011 1208 ad
2037 1151 2175 1223 ipsa

519 1243 867 1303 rudimenta
893 1242 1088 1300 redire
1132 1258 1256 1301 non
1291 1241 1734 1300 erubescebant
1768 1245 1827 1297 et
1861 1239 1924 1295 in
1964 1238 2176 1312 optimi

520 1332 797 1403 magistri
863 1331 1073 1389 schola
1105 1332 1235 1404 jam
1274 1334 1447 1389 (etate
1484 1329 1889 1404 provectiores
1927 1327 2177 1387 meliora

520 1421 739 1479 melius
770 1419 1103 1477 addiscere.
1140 1419 1433 1493 Equidem
1473 1419 1861 1477 alumnarum
1891 1417 2175 1475 omnibus

520 1510 688 1568 horis
711 1512 957 1567 domum
980 1509 1111 1580 ejus
1130 1508 1641 1582 frequentantium
1654 1508 1901 1579 agmina
1915 1513 2178 1564 contem-

520 1600 580 1674 pl
590 1599 773 1664 ando,
788 1597 1026 1656 Homeri
1037 1597 1113 1655 de
1126 1613 1313 1670 apum
1327 1597 1709 1654 examinibus
1732 1596 2033 1670 loquentis
2058 1611 2180 1652 me-

2278 454 2363 488 ναι
2415 433 2540 486 εἴσω
2590 436 2863 506 χωρῆσαι,
2916 434 3007 484 καί
3057 449 3106 484 τι
3163 437 3262 485 τῶν
3327 429 3536 493 πολλοῖς
3600 430 3879 505 ἀνεφικτων

2279 522 2596 578 ἐποπτεῦσαι
2661 522 2847 593 θέαμα.
2902 523 3069 574 Πόσοι
3131 523 3436 595 προσίοντες
3496 525 3678 581 νήπιοι
3736 520 3879 575 ἑλάν-

2280 614 2428 666 θανον
2504 608 2618 663 ἀντὶ
2666 608 2925 681 γάλακτος
2976 608 3331 685 στερροτέραις
3386 612 3707 684 μαθημάτων
3758 630 3878 685 τροο

2280 708 2400 773 φαῖς
2452 694 2849 771 ἔξανδρούμενοι
2914 698 2982 752 τὰ
3036 697 3362 775 αἰσθητήρια
3412 707 3504 754 τού
3568 708 3657 754 νοῦ
3722 698 3883 753 ἄπαν-

2279 792 2490 850 ἠκοντες
2523 803 2537 819 ⁸
2584 791 2674 841 καὶ
2724 789 2856 860 χθὲς
2907 788 2998 860 μεν
3039 793 3153 851 ταῖς
3209 787 3465 860 γλώτταις
3511 787 3886 861 ύποψελλίζονο

2279 897 2382 947 τες,
2446 880 2681 951 ἓντρανον
2740 872 2800 928 δε
2866 880 2957 929 καὶ
3012 878 3163 951 τορὸν
3224 879 3560 951 φθεγγόμενοι
3628 882 3885 952 σήμερον.

2279 970 2422 1021 Εἴπω
2468 968 2527 1021 τό
2576 968 2904 1039 καινότερον
2961 968 3120 1019 πόσοι
3166 971 3329 1041 μέχρι
3388 970 3575 1022 τούτου
3631 988 3887 1041 γραμμα-

2279 1059 2431 1115 τικήν
2482 1054 2813 1129 ἠκριϐῶσθαι
2877 1062 3125 1108 τοσοῦτον
3195 1060 3374 1127 ᾤοντο,
3444 1058 3509 1117 ὡς
3570 1055 3887 1129 ἐπαγγέλλε-

2284 1146 2409 1200 σθαι
2460 1150 2550 1198 καὶ
2603 1143 2779 1206 ἄλλοις
2834 1146 3184 1216 καθηγεῖσθαι
3231 1154 3328 1207 τῆς
3357 1149 3564 1218 τέχνης,
3590 1146 3679 1208 ἕως
3707 1145 3888 1219 ἐκείνῳ

2281 1239 2457 1289 κανόνι
2514 1238 2603 1287 καὶ
2644 1239 2765 1287 ποτὶ
2809 1235 3039 1308 σπάρτον
3090 1238 3219 1305 φασὶ
3270 1234 3411 1287 λίθον
3461 1236 3770 1310 παραθεῖναι
3819 1236 3889 1288 τὰ

2282 1322 2398 1377 καθ’
2444 1322 2659 1384 ἑαυτούς
2708 1324 2960 1394 ἔγνωσαν.
3010 1324 3174 1375 Πόσοι
3221 1328 3386 1398 μέχρι
3442 1327 3626 1377 τούτου
3672 1325 3889 1399 ῥητορι-

2282 1420 2396 1474 καίς
2459 1414 2654 1487 χάρισι
2725 1412 2861 1463 θύειν
2936 1409 3195 1484 ἐνόμιζον,
3271 1413 3363 1475 ἓως
3427 1420 3526 1465 τῶν
3584 1413 3886 1467 Εύσταθίου

2285 1508 2531 1576 Σειρήνων
2580 1503 2926 1575 ἠκροάσαντο.
2980 1506 3145 1555 Πόσοι
3195 1501 3500 1575 φιλοσοφίαν
3546 1508 3710 1575 μέχρι
3770 1505 3891 1556 τού-

2283 1610 2373 1644 του
2436 1590 2737 1665 πρεσϐεύειν
2798 1586 3033 1661 ἐδόκουν,
3094 1592 3185 1653 ἓως
3249 1594 3422 1663 ἐκεινῳ
3485 1600 3758 1664 τεχνοῦντι
3808 1596 3888 1646 τὲ-

521 1688 691 1755 mini,
724 1702 987 1760 quarum
1009 1686 1091 1744 ad
1112 1686 1303 1743 instar
1321 1686 1623 1743 innumeri
1644 1685 1915 1742 omnium
1936 1688 2178 1741 aetatum

2289 1699 2424 1753 χνας
2479 1684 2569 1733 καὶ
2633 1680 2807 1741 πάσας
2866 1678 3163 1752 ἐπιστήμας
3226 1678 3599 1753 ἕπιστημούντι
3662 1680 3895 1757 παρέϐαο

519 1776 798 1833 homines
819 1775 868 1847 ej
881 1791 951 1831 us
968 1773 1260 1832 audiendi
1278 1789 1464 1831 causa
1483 1773 1751 1847 quotidie
1773 1775 2181 1829 convenerunt

530 1865 612 1923 ad
642 1880 782 1920 eum
812 1863 918 1936 qui
945 1863 1180 1920 virtutis
1207 1877 1488 1920 normam
1502 1866 1558 1919 et
1576 1861 1817 1933 regulas
1840 1876 1963 1917 non
1991 1860 2178 1919 verbo

524 1951 969 2023 tantummodo,
1003 1951 1110 2007 sed
1135 1951 1383 2025 proprio
1422 1950 1699 2025 exemplo
1754 1949 1899 2007 dare
1946 1954 2175 2021 posset.

2283 1769 2388 1823 λον·
2430 1772 2500 1823 Τό
2543 1766 2594 1822 δ’
2650 1768 2871 1822 ἐντεῦθεν
2933 1773 3134 1840 γνόντες
3182 1769 3419 1840 ἑαυτούς,
3482 1769 3685 1825 κάκεῖνο
3749 1779 3896 1845 πρῶ-

2283 1879 2370 1912 τον
2425 1858 2591 1919 καλῶς
2642 1858 2975 1931 σοφιζόμενοι
3025 1862 3083 1911 τὸ
3151 1863 3270 1931 περὶ
3328 1858 3540 1928 ἑαυτῶν,
3608 1862 3678 1920 ὡς
3738 1855 3895 1912 οὐδὲν

2287 1946 2522 2016 εἰδότων,
2582 1944 2772 2002 εἰδέναι
2830 1956 3029 2020 σαφῶς,
3092 1952 3151 2002 τὸ
3218 1945 3349 2001 εἶναι
3411 1956 3505 2002 τοῦ
3569 1950 3773 2001 οἱεσθαι
3830 1953 3896 2002 τὸ

523 2040 701 2095 λοιπόν
766 2038 1191 2098 ἀντηλλάττοντο.
1258 2041 1433 2112 Ταύτῃ
1498 2058 1582 2092 τοι
1644 2043 1734 2091 καὶ
1802 2042 2131 2113 στρεφόμενοι
2192 2042 2283 2090 καὶ
2340 2039 2409 2101 ὡς
2465 2032 2653 2098 παῖδες
2718 2034 3025 2112 ἁρτιμαθείς
3083 2042 3361 2109 γινόμενοι,
3414 2038 3651 2109 ἠγάπων,
3706 2039 3735 2097 ἢ
3798 2044 3893 2089 νῦν

522 2138 651 2202 γοῦν
735 2128 1019 2203 ἀρχόμενοι
1098 2127 1224 2202 παρ’
1306 2127 1482 2201 ἔκιίνῳ
1559 2124 2008 2202 μεταδιδάσκοντι
2085 2129 2484 2200 μαθητεύοιντο,
2565 2130 2654 2178 καὶ
2718 2133 2916 2200 γηρῷεν
2995 2127 3359 2199 μανθάνοντες.
3429 2133 3555 2179 Ὀτε
3614 2132 3706 2179 xui
3762 2130 3890 2189 τοὺς

527 2219 606 2273 ἀεὶ
666 2227 1095 2294 προσφοιτῶντας
1154 2222 1245 2272 καὶ
1310 2216 1693 2291 ἁποφοιτῶντας
1760 2219 2023 2289 θεώμενος,
2084 2214 2176 2277 τῆς
2238 2214 2532 2288 Ὀμηρικής
2601 2213 3060 2287 ἀνεμιμνησκόμην
3122 2215 3333 2277 εἰκόνος·
3401 2214 3489 2276 Ὡς
3551 2216 3653 2288 γὰρ
3701 2219 3895 2287 πέτρης

526 2307 582 2360 ἐκ
664 2307 931 2382 γλαφυρῆς
998 2308 1115 2365 ἔθνη
1200 2305 1460 2379 μελισσῶν
1536 2305 1743 2373 ἔξεισιν,
1814 2305 1949 2358 οὕτω
2010 2309 2100 2358 καὶ
2164 2313 2236 2376 τῷ
2301 2304 2597 2357 Εύσταθίου
2663 2302 2945 2377 μελισσῶνι
3010 2308 3367 2379 προσίπταντο
3439 2309 3529 2357 καὶ
3596 2303 3890 2377 ἁφίπταντο

528 2392 790 2468 βοτρυδόν
839 2396 1097 2468 ὁσημέραι
1139 2394 1417 2467 φιλολόγων
1475 2400 1646 2467 σμήνη
1694 2399 1878 2468 μυρία,
1918 2399 2010 2447 καὶ
2057 2397 2102 2447 εἰ
2125 2412 2257 2455 τινες
2284 2393 2449 2456 ἄλλως
2480 2392 2666 2466 ἀρετῆς
2696 2413 2747 2445 τι
2778 2401 3160 2465 μετεποιοῦντο,
3190 2398 3280 2446 καὶ
3321 2395 3660 2468 ῥυθμίσοντος
3698 2412 3894 2469 προσε-

528 2480 724 2537 δέοντο.
757 2487 931 2556 Νόμος
958 2485 1060 2557 γὰρ
1093 2480 1154 2542 ἦν
1186 2482 1427 2556 ἔμψυχος
1458 2482 1656 2557 ἀρετῆς,
1690 2488 1780 2536 καὶ
1808 2488 2032 2556 μεγίστη
2064 2486 2187 2558 πρὸς
2208 2481 2394 2558 ἀρετήν
2418 2481 2770 2558 παράκλησις,
2804 2481 2861 2534 ού
2888 2486 3038 2553 μόνον
3061 2484 3422 2555 φθεγγόμενος,
3449 2482 3574 2536 ἀλλὰ
3611 2487 3699 2535 καὶ
3734 2487 3891 2556 μόνον

531 2570 865 2645 βλεπόμενος.

609 2661 651 2715 Ο
683 2660 939 2729 vultum,
971 2674 1007 2715 ο
1051 2662 1344 2717 staturam
1362 2660 1561 2731 magis
1605 2660 1969 2717 veerandam
1986 2676 2175 2733 quam

524 2746 784 2815 Periclis,
810 2761 999 2819 quam
1023 2748 1592 2820 Xenocratis,utpote
1620 2764 1757 2820 quae
1779 2763 2012 2803 morum
2034 2748 2178 2805 inte-

525 2835 801 2906 gritatem
830 2835 1028 2908 primo
1057 2835 1275 2892 intuitu
1300 2836 1622 2893 revelabat!
1648 2838 1690 2895 Ο
1714 2852 2022 2893 sermones
2036 2851 2177 2893 acu-

525 2927 618 2980 tos
660 2924 841 2981 simul
879 2928 936 2981 et
996 2929 1304 2993 venustos,
1344 2925 1572 2983 facetiis
1606 2943 1677 2983 ac
1715 2926 1892 2997 nugis
1955 2926 2181 2999 pariter

2363 2658 2431 2711 Ὢ.
2485 2664 2771 2734 προσώπου
2834 2659 3061 2732 σεμνούῑ
3108 2660 3148 2710 ὡ
3210 2660 3543 2733 εὐσχήμονος
3611 2666 3896 2733 σχήματος

2289 2752 2380 2801 καὶ
2466 2747 2774 2822 Περικλέους
2856 2753 2946 2801 καὶ
3037 2750 3381 2823 Ξενοκράτους
3459 2746 3894 2826 αἱδεσιμώτερον,

2290 2840 2427 2909 μόνῳ
2500 2845 2572 2908 τῷ
2644 2839 2914 2909 φαίνεσθαι
2987 2839 3397 2911 σωφρονίζοντος
3451 2842 3570 2901 τούς
3634 2840 3892 2914 ὁρῶντας,

2291 2929 2420 3001 πρός
2469 2930 2563 2985 τὴν
2607 2925 2727 2997 ὄψιν
2777 2925 3251 2999 μεταϐαλλομένους
3313 2932 3476 2987 αύτήν
3540 2933 3629 2980 καὶ
3692 2948 3894 2982 τυπου-

525 3011 753 3069 alienos
779 3029 852 3070 ac
877 3029 912 3070 ιι
940 3028 1137 3083 rigore
1166 3014 1458 3072 etduritie
1495 3015 1839 3085 verborum,
1890 3015 2013 3072 imo
2056 3015 2179 3071 sale

2289 3020 2474 3088 μένους
2521 3014 2571 3078 ἐς
2623 3018 2762 3074 ήθῶν
2816 3014 3212 3089 ἐπικόσμησινέ
3271 3016 3340 3070 Ὢ.
3395 3013 3665 3081 διαλέξεων
3696 3016 3898 3072 ἀποϐάς

523 3100 745 3167 divino,
775 3104 842 3157 ut
872 3102 1197 3174 Apostolus
1246 3104 1599 3175 praescribit,
1661 3102 1945 3159 suffusos!
2001 3106 2179 3160 Totos

527 3204 673 3245 sane
712 3189 839 3246 dies
870 3206 1011 3246 eum
1042 3190 1273 3262 audire,
1314 3192 1393 3250 ab
1433 3209 1504 3251 eo
1541 3193 1775 3249 discere
1808 3190 2080 3263 juvabat,
2123 3195 2182 3249 et

522 3278 731 3349 patriae
762 3278 973 3351 ipsius,
1002 3284 1068 3337 ut
1091 3280 1173 3337 illi
1202 3282 1367 3354 apud
1398 3282 1799 3355 Lotophagos,
1840 3281 2061 3338 oblitus
2092 3296 2183 3337 es-

527 3381 642 3423 ses.
674 3368 716 3432 Q
728 3383 815 3423 uae
843 3367 1068 3438 ingenii
1083 3370 1266 3436 acies,
1298 3386 1434 3443 quae
1458 3370 1518 3426 in
1538 3371 1824 3427 omnibus
1841 3369 2024 3426 rebus
2040 3385 2182 3442 pru-

534 3454 759 3522 dentia,
792 3472 930 3528 quae
953 3458 1293 3515 constantia
1338 3459 1524 3515 animi
1563 3459 1627 3516 in
1667 3459 1850 3516 rebus
1885 3458 2179 3530 adversis,

525 3558 663 3614 quae
689 3545 1009 3601 strenuitas
1037 3546 1098 3601 in
1131 3545 1401 3618 agendo!
1434 3547 1637 3614 Qualis
1667 3548 1803 3605 fons
1840 3548 2075 3604 virtutis
2128 3551 2185 3604 et

530 3632 841 3701 sapientiae
868 3632 930 3687 in
972 3633 1152 3688 unius
1187 3638 1377 3691 morte
1409 3636 1700 3693 exstincta
1734 3640 1824 3692 est
1851 3637 2023 3707 cujus
2055 3652 2181 3692 me-

528 3721 722 3776 moria
753 3735 821 3774 ac
846 3719 1212 3778 desiderium
1237 3724 1512 3780 omnium
1537 3724 1745 3781 oculos
1783 3724 2067 3795 lacrymis
2092 3741 2184 3780 re-

528 3809 669 3881 plet!
719 3807 858 3872 Quis
886 3808 1033 3864 mihi
1073 3809 1363 3880 linguam,
1404 3814 1539 3885 quis
1588 3813 1867 3869 virtutem
1902 3812 2186 3869 Eustathii

530 3897 700 3954 dabit
728 3903 792 3953 ut
821 3913 961 3953 eum
984 3913 1094 3971 pro
1116 3899 1405 3970 dignitate
1424 3901 1793 3958 collaudem?
1820 3902 1941 3957 sine
1964 3900 2186 3975 quibus

529 3987 800 4045 laudatio
826 4003 964 4045 mea
982 3988 1348 4062 vituperium
1374 4006 1503 4047 esse
1531 3991 1677 4047 mihi
1698 3991 1953 4048 videtur.

2288 3109 2551 3177 πτομένων
2604 3107 2694 3176 μὲν
2738 3106 2806 3165 εἰς
2856 3112 2996 3174 νοῦν,
3034 3102 3397 3169 παντοδαπαῖς
3457 3103 3515 3159 δε
3562 3106 3896 3179 σταζομίνων

2291 3193 2551 3268 χάρισινι
2602 3193 2671 3245 Ὢ
2716 3192 2879 3265 λόγων
2926 3192 3151 3261 ἕκεινων,
3183 3200 3315 3267 μήτε
3345 3194 3677 3269 βωμολόχοις
3708 3195 3897 3268 εὐτρα-

2290 3281 2493 3344 πελίαις
2565 3281 2936 3354 γελοιαζόντων
3001 3289 3398 3359 σκηνικώτερον,
3462 3290 3593 3357 μήτε
3644 3274 3898 3347 ἁηδιζόνξ

2291 3389 2392 3422 των
2454 3375 2840 3444 στρυφνότητος
2906 3369 3302 3443 ὀμφακιζούσης
3362 3371 3647 3445 βαρύτητι,
3702 3374 3896 3428 ύποσὲ-

2293 3479 2402 3532 μνῳ
2482 3456 2543 3512 δε
2616 3463 2937 3533 κεκραμένων
3018 3459 3351 3535 ἀστειοσύνη,
3438 3466 3529 3515 xui
3600 3464 3736 3514 κατὰ
3772 3466 3896 3529 ,τήν

2296 3547 2647 3606 αποστολικήν
2729 3550 3000 3608 ὑποθήκην
3076 3552 3193 3622 θείῳ
3258 3556 3662 3625 παρηρτυμένων
3719 3550 3895 3604 ἆλατι·

2295 3640 2364 3698 ὡς
2412 3641 2499 3690 τόν
2554 3636 2873 3712 ἀκροώμενον
2919 3634 3244 3713 διημερεύειν
3301 3639 3556 3713 ἀσμένως,
3612 3648 3712 3692 τῶν
3758 3644 3900 3692 οἶκοι

2294 3728 2431 3778 κατὰ
2492 3729 2613 3787 τοὺς
2659 3723 3086 3797 λωτοφαγούντας
3138 3726 3459 3800 λαθόμενονξ
3511 3727 3580 3780 Ὦ
3619 3731 3899 3803 σωφροσύ-

2295 3834 2388 3876 νης
2416 3812 2613 3886 ἄκραςι
2660 3815 2699 3865 ὦ
2744 3819 3040 3889 φρονήσεως
3077 3814 3341 3887 ἐντεχνοῡς
3373 3815 3384 3871 l
3433 3817 3472 3868 ὦ
3504 3816 3685 3889 ψυχῆς
3714 3816 3764 3869 ἐν
3789 3825 3901 3879 τοῖς

2297 3899 2489 3965 δεινοις
2540 3901 2817 3978 ἁτρέπτου,
2877 3908 2967 3956 καὶ
3026 3903 3344 3977 βεϐαιούσης
3401 3910 3494 3963 τήν
3552 3906 3737 3965 κλῆσιν
3790 3914 3901 3968 τοῖς

2288 3991 2624 4065 πράγμασινῙ
2667 3990 2828 4054 Ὀσος
2887 3990 3074 4066 ἁρετης
3127 3993 3371 4061 πλοῦτος,
3421 3996 3541 4047 ὅσον
3595 4001 3749 4066 χῦμα
3806 4014 3903 4047 σο-

533 4084 653 4149 φίας
685 4078 754 4129 ἑνὶ
784 4077 1169 4137 τετελευτηκότι
1199 4075 1353 4154 ἀνδρὶ
1381 4080 1782 4156 συναπέῤῥευσε,
1815 4085 2024 4154 μνήμην
2053 4079 2435 4134 κατελελοιπότι
2462 4086 2622 4153 μόνην
2644 4082 2789 4153 ἡμῖν,
2822 4085 2912 4132 καὶ
2941 4084 3000 4133 τὸ
3036 4080 3119 4135 ἐπι
3148 4091 3209 4156 τῇ
3246 4089 3421 4156 μνήμη
3449 4086 3624 4156 θαῦμα
3648 4088 3735 4135 καὶ
3765 4079 3900 4135 δάκ-

530 4187 651 4238 ρυον
678 4166 687 4219 !
730 4171 817 4227 Τίς
846 4169 906 4219 οἷν
933 4188 1023 4240 μοι
1058 4166 1177 4227 δοίη
1209 4168 1441 4240 γλῶτταν
1474 4171 1789 4233 Εύσταθίου,
1815 4176 1903 4224 καὶ
1934 4175 2028 4229 τήν
2060 4169 2242 4246 ἀρετήν
2266 4174 2356 4223 καὶ
2382 4169 2612 4242 γλῶτταν
2645 4170 2938 4223 Εύσταθίου
2967 4171 3307 4247 θαυμάσομαι
3337 4174 3457 4227 ὅσον
3480 4170 3663 4240 egw»;
3694 4172 3777 4233 Ὡς
3804 4181 3898 4225 νῦν

531 4275 589 4326 γε
611 4259 730 4313 τοὺς
761 4254 1000 4318 ἐπαίνους
1031 4260 1246 4321 τούτους
1276 4262 1373 4312 ἶσα
1402 4265 1491 4313 καὶ
1511 4260 1712 4333 ψόγους
1741 4258 2085 4334 αἷσχύνομαι.

604 4343 945 4398 Eustathius
962 4344 1092 4400 vitae
1112 4346 1509 4417 integerrimis
1542 4350 1817 4423 exemplo
1854 4355 1911 4407 et
1949 4365 2189 4407 summa

534 4430 826 4487 sermonis
841 4430 992 4487 inter
1007 4447 1217 4489 omnes
1235 4436 1629 4507 praefulgebat
1643 4455 1923 4509 ;magnus
1947 4439 2105 4495 enim
2127 4440 2189 4495 in

533 4524 787 4590 utroque
802 4519 1014 4589 fuit;ad
1027 4537 1208 4595 quem
1228 4527 1561 4598 comparati
1586 4542 1697 4583 nos
1726 4528 1943 4585 umbra
1957 4544 2188 4587 sumus.

534 4608 674 4674 Quis
689 4607 840 4663 alius
852 4610 1243 4681 praeterillum
1259 4613 1657 4687 philosophiae
1674 4631 1745 4671 ac
1762 4614 2072 4685 theologia;
2090 4632 2192 4674 an-

534 4697 697 4755 tistes
729 4713 906 4769 aequo
933 4697 1160 4757 lumine
1191 4700 1395 4759 fulsit?
1445 4702 1721 4760 Israelitis
1751 4703 1890 4761 olim
1906 4707 2060 4761 Deus
2084 4721 2193 4778 per

534 4786 693 4842 diem
725 4787 786 4842 in
808 4784 1091 4844 columna
1116 4789 1314 4857 nubis,
1352 4796 1407 4849 et
1429 4808 1536 4866 per
1556 4800 1794 4849 noctem
1824 4793 1885 4849 in
1910 4792 2192 4853 columna

534 4875 689 4945 ignis
716 4874 876 4932 viam
906 4878 1183 4936 ostendit:
1216 4882 1559 4938 Eustathius
1591 4898 1712 4938 non
1739 4881 1923 4941 altero
1946 4899 2192 4941 munere

537 4964 924 5034 fungebatur,
943 4982 1065 5039 qua
1084 4971 1663 5042 oratorignivomus,
1691 4988 1814 5044 qua
1834 4971 1959 5028 dux
1995 4973 2055 5028 in
2104 4990 2190 5030 se-

536 5050 684 5106 mita
698 5052 949 5125 virtutis,
966 5054 1452 5116 imohincorator
1472 5058 1805 5117 altisonans
1827 5060 1967 5118 inde
1995 5076 2190 5118 sacer-

536 5140 647 5196 dos
659 5154 847 5211 purus
859 5145 917 5198 et
936 5142 1224 5216 eloquens
1235 5148 1522 5205 omnibus
1534 5150 1871 5209 errantibus
1887 5155 1951 5207 ut
1965 5149 2190 5223 pharus

534 5227 696 5284 viam
710 5232 1230 5300 praemonstrabat:
1253 5237 1485 5308 quoties
1520 5238 1681 5295 enim
1711 5254 1820 5313 pro
1838 5254 2037 5296 rerum
2061 5253 2192 5310 gra-

535 5318 713 5374 vitate
738 5317 924 5376 verba
946 5318 1224 5380 facienda
1254 5331 1573 5401 erant,qua
1596 5329 1654 5385 vi
1674 5328 2046 5386 audientium
2068 5328 2191 5386 ani—

536 5422 670 5499 mos
706 5407 1010 5499 movebat,
1047 5409 1427 5473 adversarios
1462 5415 1627 5491 ipsos
1665 5418 2079 5499 convincebat,
2108 5417 2190 5476 ita

536 5495 861 5570 antiquitas
935 5502 1060 5561 tota
1113 5500 1216 5562 vix
1270 5505 1480 5565 similis
1530 5508 1782 5580 oratoris
1843 5495 2188 5593 exemplum

2369 4347 2526 4421 Ἀνήρ
2579 4350 2680 4421 γὰρ
2740 4346 2924 4411 ἕκείνος
2975 4354 3148 4422 μόνος,
3176 4352 3245 4413 ὡς
3302 4354 3480 4415 ἔοικεν,
3538 4349 3899 4425 ἀπαράμιλλον

2298 4436 2471 4498 ἄλλοις
2527 4433 2833 4501 ἀπεδείξατο
2884 4437 3022 4511 βίον,
3074 4444 3164 4492 xui
3218 4437 3321 4512 βίῳ
3360 4439 3591 4511 γλῶτταν
3636 4438 3900 4513 @902in-

2296 4525 2401 4596 λον,
2435 4530 2525 4579 καὶ
2563 4528 2669 4588 οἶός
2715 4547 2796 4580 τοι
2838 4528 2954 4580 κατ’
3001 4526 3263 4601 ἀμφότερα
3301 4533 3546 4582 πέπνυτο·
3580 4531 3628 4583 οἱ
3659 4525 3715 4581 δε
3747 4534 3899 4585 σκιαὶ

2298 4613 2569 4689 ἁίσσομεν.
2616 4615 2816 4689 Ἀμέλει
2872 4627 2962 4670 και
3030 4618 3099 4679 ὡς
3156 4618 3309 4691 ἄμφω
3366 4620 3497 4691 φάεα
3553 4617 3703 4685 καλὰ,
3772 4615 3897 4690 βίου

2298 4710 2388 4758 καὶ
2446 4704 2622 4777 λόγου,
2682 4704 3109 4780 προϐεϐλημένος,
3169 4710 3236 4770 ὡς
3295 4705 3378 4760 ἐπὶ
3429 4712 3691 4781 ’περιωπήν
3746 4703 3898 4759 δυοῖν

2298 4792 2577 4866 λυχνίαιν,
2662 4802 2971 4868 σοφιστικοῦ
3044 4800 3133 4849 καὶ
3215 4794 3589 4870 ἀρχιερατικοῦ
3670 4798 3853 4871 θρόνου
3883 4839 3900 4865 ,

2299 4884 2665 4957 μετεωρίζεται
2707 4900 2720 4916 ⁸
2775 4893 2848 4955 τῷ
2911 4888 3001 4957 μεν
3061 4882 3348 4955 ἕνιδρυθεὶς
3402 4905 3575 4960 μικρῳ
3626 4889 3900 4959 πρότερον,

2299 4981 2373 5044 τῷ
2419 4969 2470 5025 δ’
2516 4976 2753 5046 ὕστερον.
2807 4979 2907 5027 Καὶ
2949 4982 3041 5027 τοῦ
3088 4973 3313 5027 παλαιού
3368 4978 3459 5047 μεν
3507 4974 3722 5047 Ἰσραήλ
3782 4974 3901 5046 ἐρηο

2297 5062 2552 5135 μάζόντος
2598 5063 2798 5137 ἡμέρας
2845 5065 3020 5134 ἠγεῖτο
3081 5062 3261 5124 στῦλος
3315 5062 3536 5135 νίφέλης,
3590 5066 3773 5124 νυκτὸς
3838 5060 3904 5117 δὲ

2302 5150 2482 5212 στύλος
2524 5152 2725 5224 πυρός⁸
2778 5151 3071 5215 Εύστάθιος
3108 5148 3168 5205 δε
3214 5151 3307 5204 ούκ
3357 5150 3453 5204 ἀνα
3498 5156 3649 5226 μέρος
3694 5154 3899 5223 ἠγεῖτο,

2296 5248 2367 5299 πῆ
2418 5242 2509 5312 μὲν
2568 5242 2633 5301 ὡς
2676 5240 2851 5316 ῥήτωρ
2903 5245 3202 5317 περίπνους,
3251 5247 3323 5299 πῆ
3382 5237 3507 5303 δ’ὡς
3565 5248 3899 5313 πνευματικῷ

2300 5327 2403 5401 βίῳ
2476 5328 2792 5404 προλάμπων
2847 5330 3162 5403 (πνεύματος
3198 5330 3296 5404 γὰρ
3353 5328 3529 5402 νεφέλη
3589 5328 3895 5402 σύμϐολον).

2298 5415 2437 5469 Ἀλλ’
2485 5418 2569 5472 ὅτε
2629 5418 2917 5494 ῥητορικῶς
2973 5421 3053 5486 (τό
3112 5426 3205 5472 τοῦ
3269 5417 3447 5490 λόγου)
3518 5414 3592 5485 δι’
3667 5418 3899 5491 ἅρματος

2297 5508 2586 5582 ἤστραπτε,
2633 5512 2724 5563 xui
2766 5516 3127 5583 πνενματικῶς
3180 5505 3580 5583 προσεπελαμπι
3603 5522 3618 5539 ·
3670 5511 3759 5562 καὶ
3810 5508 3900 5562 ὅτε
