4152 6208
251 267 367 325 345

1317 260 1637 320 MONODIA
1672 261 1742 319 IN
1778 259 2220 321 EUSTATHIUM
2255 265 2585 326 THESSAL.

3513 277 3615 334 346

259 387 554 464 διηύοιαζεν
597 388 1002 464 ἀρχιερατικῶς,
1059 390 1148 444 καὶ
1185 388 1476 464 ῥητορικῶς
1530 384 1859 462 διεπύρσευε,

1976 387 2187 447 offerre
2217 391 2423 464 possit.
2459 391 2566 460 Qui
2594 390 2698 450 ubi
2727 407 2940 465 regum
2968 394 3253 468 praeclare
3289 395 3472 468 facta,
3515 403 3620 458 aut

253 485 355 534 καὶ
425 488 526 534 τῶν
603 479 721 533 κατ’
800 481 1067 556 ἀμφότερα
1142 478 1478 552 πλανωμένων
1560 478 1862 551 ἡγεμόνευεν

254 571 640 645 ἀμφοτέρωθεν·
699 567 786 632 Ὠς
823 571 926 644 γὰρ
975 571 1074 646 πρὸ
1134 575 1228 622 τοῦ
1285 566 1673 640 ἐπαγγέλματος
1723 565 1862 642 ἁπη-

254 665 397 712 τεῖτο
450 663 546 718 τὴν
598 662 1001 734 πομπικωτέραν
1049 665 1149 711 τῶν
1210 657 1372 730 λόγων
1420 652 1690 727 ἐπίδειξιν,
1752 661 1864 718 πῶς

251 748 318 800 ἄν
376 747 595 821 εἴποιμι,
673 749 816 810 ὅσοις
882 752 972 802 καὶ
1027 748 1154 809 οἰοις
1206 747 1478 824 ἐχειροῦτο
1532 748 1592 802 τὸ
1653 746 1864 818 θέατρον

255 838 502 905 πάθεσιν,
548 835 844 896 ἔκπληττων
890 838 1002 911 ἅμα
1045 841 1134 890 καὶ.
1183 835 1369 908 θέλγῶν
1425 838 1516 890 καὶ
1567 836 1864 909 συμπείθων

255 933 369 990 τοῖς
408 927 530 980 καθ’
562 925 760 995 ἐαυτὸν,
805 931 878 990 ὡς
903 922 1027 983 οὐδε
1069 927 1134 982 τὰ
1177 933 1278 980 τῶν
1306 923 1542 980 παλαιῶύ
1585 924 1690 999 ἄρα
1733 924 1865 976 θαύ-

257 1035 404 1089 ματα
469 1015 712 1083 καθάπαξ
774 1018 1065 1089 μεμύθευτο
1119 1031 1134 1083 ;
1190 1012 1343 1072 Δειδε
1403 1017 1495 1088 μεν
1567 1011 1669 1086 γάρ
1744 1010 1868 1070 κλέα

259 1102 526 1180 βασιλέων
611 1105 1002 1179 μεγαλουργῶν,
1069 1111 1160 1161 καὶ
1246 1103 1538 1181 ὑψιθρόνων
1611 1105 1866 1177 πατριάρ-

257 1201 396 1268 χῶν·
463 1196 531 1247 τὰ
577 1190 628 1247 δ’
681 1194 917 1270 έπέρῥεον
969 1196 1112 1252 ἔθνεα
1163 1203 1424 1268 σοφιστῶν
1478 1198 1568 1250 καὶ
1609 1199 1865 1250 παντοίων

259 1281 446 1357 ἑτέρων
542 1282 832 1356 ἀκροατῶν,
919 1287 988 1352 ὡς
1083 1287 1184 1338 ὑπὸ
1264 1285 1570 1359 κρουμάτων
1639 1281 1864 1356 Ὀρφέως

259 1371 530 1445 ἰλκόμενα.
582 1371 882 1439 Ἐξέπληττε
939 1369 991 1427 δ’
1063 1381 1130 1426 αὖ
1187 1375 1497 1448 ἀστράπτων
1543 1377 1634 1426 καὶ
1702 1370 1863 1446 βρον-

253 1469 356 1515 τῶν
386 1463 516 1534 ὑπὲρ
581 1466 668 1515 τὸν
725 1463 1067 1534 ξυγκυκῶντα
1105 1466 1229 1517 ποτε
1281 1467 1376 1522 την
1420 1458 1646 1517 Ἐλλάδα
1691 1458 1866 1534 δημη-

249 1555 409 1626 γορίᾳ
485 1549 763 1623 Περικλῆν,
847 1552 920 1613 οἷς
1014 1554 1321 1628 ὑπερεφώνει
1420 1556 1508 1610 τήν
1589 1553 1863 1626 ύπερτονον

249 1641 617 1712 Δημοσθένους
651 1645 772 1712 ἠχὼ
828 1646 920 1694 καὶ
970 1645 1055 1694 τὸν
1107 1640 1374 1716 ὑψηγόρον
1401 1641 1577 1714 ῥοῖζον
1625 1639 1863 1714 Ηολέμω-

247 1746 349 1794 νος,
405 1728 497 1780 καὶ
536 1729 612 1791 οἷς
652 1725 810 1781 οὐδέν
854 1749 906 1782 τι
966 1737 1064 1782 τῶν
1119 1731 1300 1782 κοινῶν
1367 1733 1605 1802 ἠνείχετο
1666 1733 1738 1802 μη
1807 1733 1865 1782 οὐ

247 1825 442 1880 καινῶς
499 1819 713 1894 φραζειν
761 1821 818 1872 εκ
861 1827 956 1880 τῆς
1001 1827 1093 1872 τοῦ
1149 1820 1359 1894 φράζειν
1405 1819 1597 1881 πολλῆς
1651 1838 1866 1894 περιου-

251 1912 372 1970 σίας
429 1911 521 1960 καὶ
587 1916 967 1983 καινοπρεποῦς
1023 1911 1267 1981 ἀφθονίας
1325 1913 1418 1962 καὶ
1479 1913 1864 1982 περιττότητος,

256 2002 352 2051 οὐκ
415 1997 676 2052 ἀλλόκοτα
750 2001 1154 2072 όνοματοθετῶν,
1243 1999 1273 2058 ἣ
1359 1998 1652 2075 μεταφέρων
1709 2000 1868 2053 άνασε

257 2107 514 2161 συρμενα,
574 2087 604 2148 ἣ
661 2087 1012 2162 παφλάσμάσι
1068 2085 1406 2162 διθυράμϐων
1477 2089 1867 2162 ἐκτραχυνόμε-

254 2196 364 2243 νος,
423 2181 453 2236 ἣ
541 2183 938 2252 παρακρημνοις
993 2176 1493 2254 έκτραχηλίζόμενος
1545 2175 1860 2252 δριμυτησι.

258 2265 450 2320 Ταῦτα
500 2269 601 2341 γὰρ
653 2275 751 2320 τῶν
789 2268 1080 2326 τηνικαῦτα
1133 2272 1482 2342 παρανομίαις
1532 2275 1624 2329 τῆς
1677 2272 1870 2341 τέχνης

276 2375 561 2427 χρωμενων
611 2355 1030 2430 πλημμελήματα
1085 2358 1136 2410 οἵ
1170 2365 1260 2411 τοῦ
1308 2361 1398 2430 μὲν
1447 2357 1667 2420 ἀληθοῦς
1704 2358 1870 2430 ὕψους

273 2452 382 2496 τῶν
433 2443 594 2515 λόγων
637 2449 722 2498 οὐκ
778 2445 1151 2520 ἐφικνούμενοι,
1214 2449 1297 2500 επὶ
1348 2450 1435 2500 τὸν
1483 2449 1726 2501 ὑπόκενον
1777 2453 1868 2501 καὶ

272 2529 660 2604 πομφολυγῶδη
745 2531 1172 2607 κενεμϐατοῦντες
1271 2539 1422 2606 όδγκον
1531 2535 1868 2590 κατέπιπτον.

266 2622 386 2675 εἶτα
436 2626 528 2680 τὴν
573 2623 891 2694 ἡνιοχοῦσαν
939 2623 1034 2677 οὐκ
1079 2622 1287 2696 ἔχοντες
1334 2623 1649 2696 ἐπιστήμην,
1700 2624 1870 2696 άλογι-

264 2729 406 2770 στως
451 2712 660 2782 ᾖγοντό,
691 2731 746 2766 τε
787 2717 878 2764 καὶ
927 2712 1178 2786 ἐφέροντο,
1232 2715 1355 2767 κειν*
1403 2715 1536 2784 ὄχεα
1562 2713 1676 2768 καθ’
1702 2713 1842 2787 Ὀμη

257 2817 347 2874 ρον
397 2804 714 2872 κροτέοντες,
765 2805 828 2856 Ei
881 2798 940 2856 δι
994 2807 1082 2856 καὶ
1121 2802 1338 2864 κάλλους
1389 2799 1480 2857 τοῦ
1529 2809 1645 2879 περὶ
1688 2803 1873 2876 λόγους

258 2885 552 2960 ἑρασθείεν,
607 2897 703 2944 τοῦ
765 2893 855 2962 μεν
913 2890 1073 2958 ὄντος,
1139 2895 1204 2953 ὡς
1259 2894 1284 2944 ὁ
1341 2891 1505 2957 Ἰξίῶν
1561 2901 1654 2954 τῆς
1709 2891 1874 2967 Ἤρας

255 2981 350 3029 καὶ
434 2986 528 3039 τῆς
611 2977 916 3043 Πηνελόπης
979 2983 1028 3033 οὶ
1093 2989 1400 3055 φνηστῆρες,
1467 2981 1868 3055 άπεσφάλλοντο·

258 3062 475 3120 εἰδωλον
545 3062 605 3121 δέ
661 3087 712 3120 τι
780 3068 1056 3142 ἀνεμώλιον
1119 3070 1149 3130 ἦ
1221 3067 1608 3142 θεραπαινίδιον
1651 3077 1868 3144 πορνικῇ
1905 3095 1945 3151 C

257 3164 573 3228 κομμωτικῇ
678 3153 1113 3232 διεσκευασμένον
1211 3167 1484 3234 πειρῶντες
1605 3159 1872 3213 ελάνθανον

261 3243 499 3306 ἑαυτούς.
546 3245 749 3321 Ὠσπερ
797 3252 908 3315 καὶ,
983 3250 1064 3302 ὅτε
1121 3247 1422 3322 βουληθεῖεν
1488 3248 1871 3313 ἐξαλλάττοντες

264 3334 466 3387 ἀλλοῖα
513 3355 648 3397 τινες
695 3339 986 3410 φαίνεσθαι,
1037 3339 1130 3392 τοῦ
1176 3343 1265 3413 μεν
1312 3343 1610 3415 καινοτέρου
1653 3341 1868 3415 τρόπου,

263 3428 356 3476 καὶ
401 3428 526 3478 ὅσον
579 3427 608 3484 ἦ
658 3435 849 3500 σχῆμα
894 3424 1017 3500 γοῦν
1055 3428 1085 3489 ἣ
1136 3431 1298 3501 ὄνομα
1344 3427 1399 3483 ἐκ
1435 3437 1526 3482 τοῦ
1565 3429 1872 3502 καθωμιλη‹

264 3517 422 3584 μένου
473 3513 547 3576 εἰς
599 3518 660 3567 τὸ
717 3514 1044 3591 ἁθικτότερον
1112 3520 1572 3592 μεθαρμόσασθαι,
1629 3515 1764 3580 εἶδες
1811 3517 1871 3570 ἂν

264 3607 389 3664 τοὺς
447 3600 647 3680 ἄνδρας
703 3602 818 3659 οὐδ’
875 3606 1027 3679 ἐγγὺς
1074 3610 1314 3675 ἣκοντας,
1364 3617 1456 3671 τῆς
1507 3617 1766 3670 ποητικῆς
1813 3605 1872 3662 δι

264 3697 423 3766 μόνον
480 3698 573 3752 τήν
627 3700 953 3769 τραχυτέραν
1013 3701 1400 3772 συμφοροὺντας
1458 3699 1704 3770 άμαξαις,
1799 3707 1871 3751 τῶ

263 3779 638 3853 καταλογάδην
734 3789 822 3837 καὶ
894 3786 1202 3859 πεζαιτέρῳ,
1271 3806 1361 3839 και
1434 3785 1538 3841 οἷον
1613 3787 1873 3860 ἐπίϐλημα

264 3872 543 3946 πορφὺρας
626 3877 841 3945 φαύγοις
924 3874 1323 3950 ἐπιῤῥίπτοντας
1397 3877 1604 3950 ῥάκεσί,
1680 3877 1869 3950 μᾶλλον

267 3957 328 4014 δῖε
393 3969 487 4021 τῆς
557 3959 746 4024 εθάδος
809 3968 896 4017 καὶ
951 3963 1194 4026 Ἕλληνος
1271 3965 1572 4039 ῥητορικῆς,
1653 3966 1866 4039 ἔκφυλον

263 4068 385 4102 τινα
448 4055 639 4108 σκευὴν
683 4058 1232 4126 μεταμπισχομένους,
1277 4053 1359 4106 ἐπὶ
1397 4063 1470 4125 τῷ
1523 4063 1662 4128 σφῶν
1701 4059 1869 4108 αὐτῶν

263 4139 360 4191 οὐκ
413 4141 732 4212 εὐσχήμονι,
788 4143 856 4203 ὡς
916 4147 1006 4194 καὶ
1062 4147 1151 4200 τὴν
1209 4147 1468 4218 Περσικὴν
1518 4149 1722 4217 στοχὴν
1777 4152 1870 4207 τῆς

267 4225 640 4291 Μακεδονικῆς
691 4250 819 4303 φασι
878 4228 1301 4304 μετενδύσασθαι
1360 4236 1446 4285 τὸν
1507 4231 1866 4307 ’Λγέξανδρονο

268 4321 362 4382 ἕως
410 4321 438 4372 ὁ
477 4319 633 4381 πολὺς
679 4325 774 4380 τὴν
818 4320 1050 4393 γλῶτταν
1099 4323 1391 4387 Εὐστάθιος
1442 4326 1746 4398 προστάτης
1784 4328 1870 4376 καὶ

1970 476 2291 536 illustrium
2310 481 2790 554 patriarcharum
2812 483 3065 555 gloriam
3087 483 3452 556 celebrabat,
3485 503 3618 546 om-

1970 567 2065 627 nis
2085 569 2318 639 generis
2337 570 2588 628 studiosi
2609 573 2786 648 quasi
2808 572 3064 646 Orphica
3079 573 3210 648 lyra
3233 574 3428 635 allecti
3447 577 3620 636 undi-

1970 672 2087 730 que
2116 657 2500 720 conﬂuebant
2523 660 2602 720 ad
2631 677 2790 730 eum,
2819 663 2991 736 cujus
3011 663 3073 720 in
3102 663 3276 722 labiis
3298 666 3525 724 tonitru
3549 682 3620 724 ac

1971 743 2199 802 fulmen
2220 746 2358 819 plus
2384 764 2568 822 quam
2592 750 2653 806 in
2680 750 2871 823 ipsius
2894 750 3133 808 Periclis
3155 752 3478 824 residebat,
3514 755 3621 833 qui

1973 834 2390 896 Demosthenis
2405 838 2525 896 vim
2545 843 2602 897 et
2622 839 2959 897 Polemonis
2983 843 3425 904 vehementiam
3447 859 3620 919 aeque

1974 923 2328 997 superabat;
2368 927 2474 1000 qui
2499 928 2761 1002 antiquis
2790 929 3118 988 novitatem
3147 931 3293 988 dare
3323 931 3617 1002 callebat;

1973 1013 2078 1086 qui
2100 1029 2479 1088 quascunque
2498 1015 2738 1076 dicebat
2771 1017 2956 1074 decus
3002 1020 3418 1078 conservando
3461 1037 3618 1082 novo

1973 1101 2176 1176 aliquo
2201 1104 2385 1162 modo
2414 1120 2484 1163 ao
2511 1106 2707 1163 colore
2737 1107 3091 1167 etformabat
3115 1109 3623 1184 obingeniiparti—

1974 1191 2192 1251 cularis
2215 1193 2672 1259 abundantiam,
2688 1212 2860 1270 aeque
2876 1196 3105 1255 alienus
3123 1197 3200 1256 ab
3222 1201 3620 1258 ostentatione

1973 1296 2044 1337 ac
2067 1281 2302 1348 duritie,
2324 1283 2478 1340 vitiis
2502 1300 2639 1358 quas
2668 1283 2995 1357 peculiaria
3025 1291 3163 1344 sunt
3187 1287 3259 1343 iis
3281 1288 3388 1360 qui
3408 1303 3618 1346 veram

1973 1371 2258 1428 orationis
2295 1371 2720 1430 sublimitatem
2753 1375 3044 1446 attingere
3073 1392 3197 1432 non
3234 1377 3501 1434 valentes
3539 1378 3621 1435 ad

1973 1459 2274 1532 ampullas
2295 1460 2686 1532 descendunt,
2713 1467 2768 1520 et
2786 1463 2999 1521 laxatis
3022 1465 3298 1537 habenis,
3332 1465 3618 1522 omnibus

1972 1547 2286 1616 fastidiosi,
2319 1551 2593 1607 curribus
2630 1552 2744 1608 illis
2774 1553 3058 1611 inanibus
3102 1555 3268 1627 apud
3293 1557 3618 1612 Homerum

1974 1637 2196 1694 similes
2208 1643 2442 1697 tantum
2455 1641 2763 1715 crepitant.
2782 1645 2852 1699 Ut
2865 1643 3024 1700 enim
3038 1644 3332 1700 sermonis
3344 1648 3623 1701 venusta-

1897 1744 1936 1798 Β
1975 1731 2092 1784 tem
2116 1733 2387 1786 amentet
2406 1731 2612 1800 magni
2635 1731 2878 1802 faciant,
2899 1732 3259 1805 peculiarem
3276 1737 3476 1790 tamen
3489 1733 3621 1804 ejus

1977 1832 2246 1874 amorem
2263 1832 2386 1874 non
2408 1819 2602 1888 magis
2623 1835 2810 1892 quam
2831 1821 2999 1876 Ixion
3019 1823 3318 1877 lunonem
3342 1825 3447 1878 aut
3468 1823 3622 1878 Pene

1972 1903 2176 1977 lopem
2204 1907 2370 1978 proci
2399 1907 2700 1978 attingunt
2731 1924 2878 1977 ;nec
2911 1909 3114 1966 vident
3141 1926 3201 1966 se
3231 1925 3269 1966 a
3298 1909 3622 1967 simulacro

1976 1993 2180 2066 aliquo
2209 1995 2304 2052 vel
2349 1995 2628 2052 lenocinii
2673 1997 2903 2054 artibus
2952 1997 3236 2070 deceptos
3265 2013 3414 2054 esse.
3439 2001 3621 2055 Fuere

1975 2083 2155 2141 etiam
2184 2084 2289 2158 qui
2308 2084 2570 2143 tironum
2590 2101 2757 2144 more
2778 2086 3072 2144 inusitatis
3092 2086 3288 2143 verbis
3326 2103 3397 2145 ac
3433 2088 3620 2159 tropis

1976 2175 2300 2240 uterentur,
2328 2189 2438 2230 nec
2458 2177 2660 2231 tamen
2687 2174 2857 2248 quod
2881 2175 3192 2232 tentabant
3215 2189 3326 2231 nec
3359 2174 3422 2232 in
3452 2174 3622 2246 pocsi

1976 2275 2088 2318 nec
2132 2277 2315 2335 prosa
2349 2262 2618 2320 oratione
2657 2263 2734 2320 ab
2772 2263 2844 2320 iis
2891 2267 3162 2333 tractata,
3207 2262 3312 2319 ubi
3347 2278 3622 2337 pannum

1975 2351 2194 2410 vilibus
2239 2352 2592 2425 corporibus
2639 2368 3012 2426 purpureum
3055 2351 3402 2418 assuebant,
3435 2367 3540 2408 nec
3559 2351 3624 2407 in

1977 2441 2272 2499 rhetorica
2308 2442 2712 2498 obtinuerunt.
2766 2445 2830 2498 In
2856 2443 2970 2499 hac
3013 2441 3173 2498 enim
3217 2440 3478 2513 proprias
3521 2439 3622 2496 vili

1977 2531 2186 2589 forma
2233 2537 2463 2589 vestem
2517 2547 2641 2588 non
2688 2531 3076 2588 vernaculam
3108 2529 3624 2602 circumimpone-

1981 2620 2132 2678 bant
2168 2621 2341 2692 (sicut
2385 2620 2721 2678 Alexander
2766 2620 3198 2694 paludamento
3243 2617 3625 2676 Macedonico

1979 2717 2208 2768 vestem
2246 2711 2542 2767 Persicam
2585 2709 3126 2784 superimposuisse
3163 2708 3390 2779 fertur),
3433 2708 3624 2764 donec

1980 2800 2323 2857 Eustathius
2355 2799 2580 2856 fortiter
2612 2799 2843 2856 orando
2891 2799 3032 2855 artis
3069 2798 3343 2856 oratoriae
3373 2797 3622 2870 sospita-

1982 2893 2073 2947 tor
2115 2890 2350 2957 exstitit,
2389 2905 2525 2962 quaa
2576 2892 2702 2944 tum
2750 2888 3016 2944 maxime
3053 2888 3115 2943 in
3155 2903 3226 2944 eo
3273 2891 3418 2952 erat,
3455 2890 3518 2943 ut
3552 2899 3626 2940 ex

1981 2978 2198 3034 artium
2225 2977 2407 3034 choro
2436 2977 2749 3045 deleretur,
2780 2991 2917 3049 quin
2945 2977 3260 3049 hucusque
3283 2975 3426 3031 artis
3456 2973 3624 3046 prin-

1981 3067 2138 3139 cipia
2161 3066 2436 3123 docendo
2458 3070 2515 3122 et
2532 3065 2610 3124 ad
2631 3065 3062 3138 exemplarium
3082 3065 3467 3138 antiquorum
3489 3061 3624 3118 imi-

1981 3157 2269 3214 tationem
2308 3156 2683 3212 exhortando
2728 3171 2830 3212 eos
2867 3156 2972 3228 qui
3020 3154 3344 3211 rhetorices
3385 3152 3623 3224 regulas

1979 3247 2390 3320 imprudenter
2407 3245 2808 3316 neglexerant,
2829 3244 2907 3302 ad
2927 3259 3153 3301 novum
3171 3243 3340 3300 brevi
3358 3247 3624 3315 tempore

1982 3337 2207 3393 cultum
2245 3335 2480 3390 reduxit
2521 3334 2650 3404 ejus
2692 3334 2833 3389 artis
2870 3349 2994 3407 qua
3033 3332 3366 3405 majoribus
3405 3331 3624 3388 nostris

1979 3425 2120 3484 nihil
2158 3424 2461 3497 antiquius
2499 3428 2643 3480 erat.
2686 3423 2995 3495 Ejusmodi
3032 3424 3211 3494 igitur
3249 3420 3528 3494 discipuli
3575 3419 3625 3476 si

1979 3516 2255 3589 proprias
2320 3513 2786 3571 declamationes
2837 3529 2976 3569 cum
3043 3512 3328 3569 Eustathii
3386 3509 3626 3583 scriptis

1980 3608 2420 3680 compararent,
2452 3618 2574 3660 non
2603 3601 2805 3658 videre
2829 3602 3161 3675 nequibant
3186 3602 3492 3673 ingentem
3531 3599 3625 3656 di-

1981 3696 2264 3751 stantiam
2285 3692 2480 3767 qualis
2505 3696 2594 3748 est
2624 3708 2798 3765 aquas
2830 3691 3165 3763 stagnantis
3196 3707 3233 3747 a
3254 3688 3494 3747 Pactole
3522 3689 3627 3762 qui

1973 3783 2246 3855 jucunde
2271 3799 2410 3839 cum
2439 3782 2687 3855 strepitu
2724 3797 2756 3837 e
2786 3796 3024 3837 summo
3056 3780 3279 3836 Libano
3310 3777 3625 3844 delabitur,

1979 3879 2045 3930 ut
2069 3891 2207 3929 cum
2235 3873 2552 3931 Salomone
2575 3871 2898 3944 loquamur
2928 3873 2941 3906 ι
2980 3889 2993 3938 ;
3028 3869 3110 3925 ita
3157 3868 3501 3940 quicunque
3532 3867 3623 3922 elo

1978 3964 2288 4036 quentiam
2344 3960 2605 4018 auctoris
2655 3961 2841 4016 nostri
2902 3958 3290 4030 sophisticam
3353 3960 3623 4022 censent,

1979 4053 2170 4126 iniqui
2199 4052 2590 4108 restimatores
2623 4049 2771 4105 mihi
2799 4048 3045 4120 quidem
3076 4051 3266 4103 erunt.
3299 4048 3426 4100 Non
3457 4044 3618 4099 enim

1979 4143 2132 4199 sicut
2151 4140 2498 4199 Macedones
2517 4139 2578 4194 in
2596 4137 2818 4210 Pyrrho
2837 4136 3073 4208 Epirota
3089 4133 3493 4190 Alexandrum
3511 4132 3625 4188 sibi

1979 4233 2280 4292 redditum
2324 4229 2648 4287 credebant
2688 4233 2930 4301 propter
2976 4225 3333 4282 celeritatem
3390 4225 3448 4279 in
3499 4239 3619 4296 pu-

1983 4321 2228 4393 gnando
2268 4325 2323 4376 et
2350 4320 2738 4376 stremitatem
2766 4332 3046 4384 morum;
3080 4316 3164 4372 sic
3194 4314 3271 4371 ab
3320 4311 3623 4370 Eustathio

271 4414 454 4486 σωτὴρ
516 4407 733 4482 ἀνεφάνη
801 4419 891 4472 τῆς
965 4415 1150 4483 τέχνης
1222 4409 1652 4482 κινδυνευούσης,
1729 4415 1868 4486 εἰπερ

1981 4411 2184 4482 imago
2212 4409 2458 4465 illustris
2498 4407 2753 4478 alicujus
2797 4406 3046 4462 oratoris
3097 4404 3176 4460 ob
3201 4402 3409 4462 oculos
3441 4418 3625 4476 pone-

269 4502 401 4552 ποτε
431 4500 739 4571 τηνικαῦτα,
772 4503 908 4553 κατὰ
971 4506 1064 4560 τὴν
1115 4501 1444 4562 Πλατωνικὴν
1503 4499 1753 4562 διαϐολὴν
1779 4511 1868 4556 τοῦ

269 4597 446 4662 χοροῦ
470 4598 571 4643 τῶν
611 4600 808 4664 τεχνῶν
839 4587 1246 4666 διηράφεσθαι,
1298 4597 1388 4644 καὶ
1426 4589 1567 4664 μηδὲ
1604 4592 1870 4645 πολιτικοῦ

273 4700 409 4742 τινος
464 4681 740 4736 καλεῖσθαι
799 4687 984 4758 μορίου
1041 4678 1274 4736 εἴδωλον.
1335 4681 1409 4734 Οὐ
1463 4682 1565 4756 γάρ
1623 4687 1870 4757 πρότερον

271 4770 460 4831 ἀνῆκεν
516 4771 836 4846 ἐπιστρέφων
891 4777 981 4824 καὶ
1036 4771 1467 4847 μεταῤῥυθμίζων
1538 4775 1711 4842 (τοῦτο
1777 4775 1868 4845 μὲν

268 4859 346 4926 οἷς
390 4863 718 4936 ἱθεμίστενεν
767 4864 870 4914 ἀπὸ
904 4870 1156 4932 τεχνικῶν
1201 4860 1410 4926 ἀξόνων⁹
1477 4871 1628 4915 τοῦτο
1673 4859 1750 4927 δὲ,
1794 4860 1872 4926 οἷς

1981 4501 2158 4559 batur
2181 4499 2555 4557 audientium
2583 4518 2596 4565 ;
2622 4498 2744 4553 imo
2773 4512 2892 4553 una
2918 4494 3204 4552 Eustathii
3226 4494 3426 4566 figura
3454 4492 3628 4567 quid-

1981 4591 2128 4665 quid
2152 4589 2680 4664 prmclarissimum
2697 4591 2784 4643 est
2807 4601 2878 4642 ac
2898 4590 3111 4658 typum
3142 4582 3467 4640 venustatis
3499 4597 3630 4638 ora-

1983 4682 2146 4740 torius
2194 4679 2567 4754 praeferebat,
2621 4681 2686 4733 ut
2741 4674 2951 4732 artifex
2992 4673 3209 4746 aliquis
3261 4688 3299 4728 a
3351 4670 3627 4744 pluribus

1981 4771 2221 4830 feminis
2251 4768 2418 4844 quod
2441 4782 2696 4841 quaeque
2725 4764 2926 4821 eximii
2973 4762 3285 4828 offerebat,
3324 4757 3623 4816 sumendo

1979 4863 2273 4935 picturam
2322 4857 2574 4915 confecit
2615 4856 2898 4911 omnibus
2943 4851 3211 4908 numeris
3259 4849 3626 4906 absolutam.

265 4952 686 5026 ὶπιστημονικῶς
760 4950 1040 5015 ἐξεπονεῖτο
1131 4955 1262 5026 πρὸς
1333 4955 1398 5004 τὰ
1480 4959 1576 5014 τῆς
1658 4952 1845 5024 τέχνης
1919 4952 2234 5031 ἀρχέτυπα),
2305 4948 2398 5009 ἕως
2459 4954 2579 5008 τοῦς
2636 4943 2796 5004 οὕτως
2884 4940 3090 5000 ἀτόπως
3159 4936 3618 5011 ἱκτετοπίσμὲνους

266 5043 552 5116 “Nam
615 5046 782 5116 νόμων
844 5043 1130 5116 ῥητορικῆς
1203 5042 1472 5112 ἐπανάγων
1545 5044 1680 5094 κατά
1743 5042 1952 5118 βραχὺ,
2018 5045 2147 5118 πρὸς
2210 5041 2276 5092 τα
2334 5044 2430 5098 τῆς
2501 5039 2694 5106 τέχνης
2761 5031 3002 5085 τελευτῶν
3068 5034 3335 5100 κατήγαγε
3399 5030 3622 5104 πάτρια.

261 5133 392 5187 ’Λτε
448 5137 540 5184 καὶ
588 5128 728 5185 οὗτοι
773 5139 1033 5193 ποιοῦντες
1093 5138 1146 5184 εὐ
1208 5129 1624 5201 ἐνεκαλύπτοντό,
1681 5137 1915 5206 παρόσον
1969 5135 2036 5186 τὰ
2092 5133 2182 5202 μὲν
2237 5124 2350 5179 κατ’
2405 5124 2591 5185 αὖτοὺς
2645 5120 2700 5174 ἐκ
2739 5121 3075 5196 παραθέσεως
3142 5113 3505 5181 έξουδενοῦντο
3564 5120 3630 5178 ὡς

259 5220 412 5295 ὕδωρ
445 5222 555 5282 εἰκῆ
589 5218 1040 5294 διαπορευόμενον,
1086 5223 1153 5274 τὰ
1182 5217 1234 5274 δ’
1277 5220 1568 5274 Εὖσταθίου
1608 5222 2116 5296 ὑπερεθαυμάζοντο,
2167 5219 2238 5278 ὡς
2275 5214 2504 5286 ἀτεχνῶς
2535 5211 2743 5265 ἐοικότα
2786 5214 3012 5285 χρυσίου
3058 5216 3278 5281 ποταμῷ
3324 5209 3493 5282 ῥέοντι
3541 5210 3632 5258 καὶ

256 5314 533 5390 ῥοιζοῦντε
579 5307 732 5364 δ’-
762 5311 1032 5364 ἀνεῖποιεν
1076 5341 1144 5352 --
1179 5309 1272 5364 ἁτό
1309 5318 1402 5364 τοῦ
1453 5309 1684 5364 Λιϐάνου
1731 5313 1868 5364 κατὰ
1895 5314 1954 5363 τό
2001 5308 2365 5380 Σολομὼντειον
2411 5298 2578 5376 ᾄσαα,
2635 5300 2750 5354 ὅσοι
2797 5302 2856 5352 τὸ
2906 5299 3108 5374 ῥεῖθρον
3154 5305 3253 5350 τῶν
3299 5303 3391 5348 τοῦ
3443 5291 3631 5367 ἀνδρὸς

263 5406 436 5476 λόγων
497 5402 567 5463 ὡς
652 5399 722 5463 εἰς
789 5405 963 5474 πηγὴν
1027 5397 1312 5477 ἀρχέγονον
1389 5403 1477 5453 τὸν
1553 5399 1740 5454 ἐκεῖθεν
1819 5399 2186 5472 έπωνυμοῡντα
2269 5398 2358 5449 καὶ
2441 5394 2624 5469 ῥέοντα
2706 5391 2981 5464 σοφιστήν,
3068 5390 3431 5461 ἠναφέρουσιν,
3534 5383 3630 5437 οὐκ

340 5549 358 5585 ¹
392 5547 569 5606 Cant.
599 5560 681 5617 iv,
721 5546 809 5606 15.
