4152 6208
506 190 614 246 347
1362 185 1728 244 MICHAELIS
1765 184 2142 241 ACOMINATI
2178 182 2621 243 ATHENARUM
2658 187 2985 245 ARCHIEP.
3735 195 3842 249 348

509 310 733 388 ἀκριϐῶς
770 320 917 386 οἴμαι
947 313 1362 388 φυλοκρινοῦντες
1407 315 1495 364 τὸν
1538 307 1709 383 ἄνδρα
1736 314 1825 360 καὶ
1866 304 2366 369 διακωδωνίζοντες.
2422 313 2497 361 Οὐ
2526 312 2650 385 γὰρ,
2701 316 2874 385 ὥσπερ
2926 314 2977 364 οἱ
3027 310 3318 377 Μακεδόνες
3362 320 3409 368 εν
3450 323 3526 386 τῷ
3554 316 3851 390 Ἠπειρώτῃ

508 402 696 477 Πύρρῳ
726 406 1007 476 μαχομένῳ
1061 401 1265 474 βλέπειν
1314 403 1470 472 ᾠοντο
1510 399 1628 470 ὄψιν
1675 403 1765 450 καὶ
1807 400 1976 470 τάχος
2028 394 2367 471 Ἀλεξάνδρου
2433 404 2523 451 καὶ
2575 404 2770 472 κίνημα
2815 406 2904 453 καὶ
2951 410 3047 462 τῆς
3104 405 3245 474 παρά
3288 409 3409 465 τοὺς
3453 408 3654 475 ἀγῶνας
3698 424 3857 477 φορας

509 490 700 544 ἐκείνου
730 495 881 553 σκιὰς
900 496 989 543 καὶ
1017 497 1317 564 μιμήματα,
1359 494 1493 541 οὕτω
1523 493 1611 540 καὶ
1641 492 1689 541 εν
1720 486 1792 559 τῴ
1823 486 2096 556 Εύσταθίῳ
2124 484 2531 558 λογογραφούντι
2557 496 2654 539 τῶν
2680 487 2761 541 ἐπὶ
2789 489 2958 559 λόγοις
2989 493 3377 563 ὀνομασθέντων
3408 496 3511 552 ενὸς
3550 494 3857 545 οὑτινοσοῦν

508 587 826 654 χαρακτῆρα
849 588 958 641 τοῖς
996 578 1278 653 ἀκροαταῖς
1308 578 1466 630 ἐποίει
1496 576 1870 650 φαντάζεσθαι.
1920 573 2050 625 ἀλλὰ
2094 582 2220 647 μίαν
2249 578 2338 646 μὲν
2380 572 2523 627 ἰδέαν
2550 577 2694 651 ὁρᾴν,
2727 578 2963 630 ἁπάντων
3014 576 3073 632 δε
3120 600 3415 653 κρατίστων
3463 581 3858 654 ἑκμεμαγμένην

507 671 572 720 τὰ
659 672 920 743 κράτιστα
1010 674 1095 722 καὶ
1187 665 1657 739 διαπεπονημένην
1733 665 1800 726 εἰς
1882 664 1932 717 ἓν
2003 684 2055 716 τι
2125 662 2277 734 λόγου
2351 662 2536 725 κάλλος
2625 665 2918 737 ἀμήχανον.
3008 670 3076 729 ῶς
3159 688 3248 720 και
3335 688 3416 731 τις

506 762 652 829 χειρὶ
727 767 824 809 τῶν
886 759 1003 811 καθ’
1067 758 1246 811 ἑαυτὸν
1311 757 1540 830 ἀρίστων
1602 764 1855 828 γοναικῶν
1921 753 2148 814 ἑκάστης
2223 750 2394 822 μελος,
2469 755 2654 805 καθότι
2719 763 2817 806 τῶν
2880 755 3071 807 λοιπῶν
3138 765 3344 832 περιῆν,
3410 757 3856 831 ἀπομιμούμενος,

3499 678 3597 721 τῶν
3684 679 3857 742 σοφῶν

508 846 680 898 εἰκόνα
716 847 1003 905 καλλίστην
1034 846 1278 921 ἔγραψεν.

582 970 1109 1035 Quemadmodum
1164 970 1344 1041 igitur
1394 970 1443 1025 is
1471 969 1575 1042 qui
1603 969 1849 1041 picturae
1880 964 2147 1039 pulchri-

2330 963 2419 1025 Ὧς
2473 973 2598 1036 γοῦν
2636 970 2681 1018 εἰ
2728 987 2804 1027 τις
2846 967 2945 1020 ἐκεῖ
2992 972 3124 1042 πρὸς
3175 974 3301 1041 μίαν
3350 972 3585 1028 ἡντινοῦν
3641 971 3755 1024 ὅλον
3794 976 3857 1025 τὸ

507 1059 778 1114 tudinem
804 1060 862 1114 in
891 1073 1012 1115 una
1041 1060 1170 1129 ejus
1199 1064 1366 1131 parte
1395 1060 1652 1132 positam
1675 1059 1914 1120 diceret,
1947 1069 2151 1126 perpeo

508 1163 641 1203 ram
665 1148 1043 1218 judicaretin
1094 1149 1381 1221 pingendi
1424 1154 1584 1215 arte;
1634 1148 1716 1203 ita
1753 1148 1867 1202 hoc
1906 1159 2151 1219 quoque

504 1235 640 1291 loco
663 1236 768 1308 qui
794 1239 1097 1306 egregium
1128 1242 1425 1293 oratorem
1457 1240 1637 1293 unius
1658 1240 1891 1292 tantum
1922 1234 2149 1289 virtutis

509 1325 699 1393 gratia
754 1341 890 1380 eum
946 1326 1212 1382 maximo
1262 1326 1464 1398 aliquo
1526 1331 1791 1381 veterum
1840 1330 2149 1379 oratorum

504 1419 822 1485 comparat
842 1413 997 1469 male
1018 1414 1351 1470 admodum
1373 1415 1447 1469 de
1468 1415 1600 1486 ipso
1620 1415 1749 1468 viro
1775 1410 2149 1483 judicaverit,

506 1506 571 1556 ut
590 1517 700 1556 nec
730 1502 917 1557 solem
936 1503 1230 1571 integrum
1248 1502 1712 1574 contemplando
1730 1502 1872 1557 satis
1892 1500 2151 1555 admira-

506 1595 666 1644 retur
699 1590 803 1661 qui
834 1606 969 1645 cum
990 1606 1063 1645 ex
1097 1607 1219 1647 uno
1254 1592 1425 1646 radio
1465 1590 1917 1646 mensuraverit.
1953 1587 2153 1644 Melius

507 1683 709 1733 autem
752 1678 968 1751 aliquis
1034 1686 1336 1735 auctorem
1386 1686 1655 1735 nostrum
1711 1678 2004 1749 judicaret
2048 1675 2155 1748 qui

504 1770 749 1837 poetam
778 1767 1071 1823 imitando
1094 1769 1198 1840 qui
1242 1767 1681 1838 Agamemnoni
1732 1766 1938 1822 oculos
1967 1766 2150 1831 Jovis,

507 1854 700 1910 Martis
729 1861 1040 1921 staturam,
1080 1860 1287 1928 pectus
1315 1856 1567 1929 Neptuni
1592 1855 1876 1921 attribuit,
1910 1854 2033 1926 qui,
2068 1855 2153 1909 in-

505 1957 710 2013 quam,
727 1959 865 1998 eum
878 1959 1061 2016 quem
1077 1945 1587 2008 nunclaudamus,
1604 1945 1742 1999 huic
1754 1949 2149 2015 compararet,

506 2030 724 2087 deinde
754 2032 853 2087 alii
893 2033 972 2087 ob
999 2032 1179 2089 aliam
1216 2033 1659 2098 virtutem,cum
1692 2033 1859 2089 tertio
1891 2032 2153 2104 denique

505 2119 587 2175 ob
608 2120 839 2176 tertiam
870 2121 1169 2184 virtutem,
1198 2126 1255 2177 et
1290 2122 1370 2177 ob
1401 2137 1535 2177 eam
1581 2137 1707 2177 rem
1752 2121 1925 2191 cujus
1968 2136 2154 2176 causa

506 2207 805 2279 perfectus
830 2225 961 2265 esse
983 2208 1358 2275 credebatur,
1390 2210 1467 2266 ad
1500 2210 1777 2265 ultimum
1811 2225 1947 2281 quae
1979 2208 2155 2265 fuerit

2260 1051 2444 1113 κὶλλος
2491 1062 2583 1112 τῆν
2642 1056 2835 1118 εἰκόνος
2890 1057 3093 1131 ἀνέφερε
3120 1056 3212 1110 διὰ
3252 1064 3344 1117 τὴν
3394 1063 3521 1132 πρὸς
3564 1063 3613 1112 ἓν
3654 1080 3703 1112 τι
3753 1069 3854 1113 τῶν

2259 1138 2457 1203 ἐκείνης
2515 1145 2780 1215 ὁμοίωσιν,
2845 1146 3041 1216 γελοῖος
3090 1148 3151 1198 ἄν
3224 1146 3395 1201 ἐδόκει
3452 1157 3546 1211 τῆς
3598 1155 3857 1223 ’γραφικῆς

2259 1234 2459 1302 κριτὴς,
2512 1236 2644 1283 οὕτω
2681 1232 2967 1304 κάνταῦθα,
3020 1236 3062 1287 εἰ
3115 1238 3185 1287 ἐνι
3223 1257 3282 1307 γε
3338 1246 3410 1309 τῷ
3464 1247 3565 1290 τῶν
3619 1238 3854 1292 παλαιῶν

2259 1320 2599 1390 προσεικάζει
2624 1323 2742 1374 καθ’
2772 1325 2819 1374 ἓν
2857 1343 2908 1374 τι
2961 1332 3060 1375 τῶν
3108 1334 3198 1377 τοῦ
3246 1325 3403 1397 λόγου
3447 1336 3612 1401 μερῶν
3658 1332 3745 1380 τὸν
3794 1329 3854 1391 ἐξ

2260 1408 2495 1461 ἁπάντων
2536 1412 2731 1483 ἄριστα
2784 1415 3130 1487 ἡρμοσμένον,
3187 1419 3292 1487 ούχ
3332 1417 3488 1488 ἑῶρκε
3529 1423 3615 1470 τόν
3664 1416 3855 1493 ἄνδρα,

2261 1505 2329 1559 ὡς
2377 1500 2520 1571 θέμις
2549 1503 2695 1573 όρᾲν,
2750 1505 2864 1554 οὔτε
2893 1508 2979 1554 τὸν
3032 1504 3174 1561 ἥλιον
3221 1505 3335 1557 ὃλον
3384 1504 3585 1578 βλὲ-έιας
3631 1510 3862 1580 ἐθούμα-

2263 1605 2347 1639 σεν
2397 1586 2564 1640 ἀκτῖνι
2608 1610 2974 1663 παραμετρῶν.
3030 1598 3228 1646 Γένοιτο
3280 1590 3416 1645 δ’ᾶν
3465 1601 3714 1659 εὶκαστης
3770 1607 3862 1650 τοῦ

2262 1674 2449 1750 ἀνδρὸς
2504 1679 2597 1730 οὐκ
2651 1678 2873 1743 ἀνάξιος,
2924 1687 2966 1733 εἰ
3026 1683 3206 1745 ζηλοίη
3261 1688 3347 1735 τόν
3404 1688 3560 1756 σοφὸν
3613 1694 3860 1746 ποιητήν⁸

2263 1772 2351 1818 καὶ
2426 1774 2497 1829 ῶς
2554 1767 2743 1830 ἐκεῖνος
2818 1774 2904 1821 τὸν
2972 1772 3329 1844 Ἀγαμέμνονα
3401 1775 3715 1847 ὑπογράφων
3769 1781 3863 1848 (ξιι-

2261 1874 2403 1927 ματα
2448 1859 2559 1927 μὶν,
2609 1863 2760 1929 φησὶ,
2811 1865 2899 1910 καὶ
2931 1860 3154 1931 κεφαλὴν
3209 1862 3370 1913 ἴκελον
3421 1868 3522 1928 Διὶ,
3598 1863 3746 1936 Ἀρεῖ
3804 1862 3865 1917 δὲ

2264 1944 2449 2013 ζώνην,
2492 1950 2678 2020 στέρνα
2704 1943 2763 1999 δὲ
2812 1946 3157 2014 Ποσειδάωνι,
3214 1954 3347 2003 οὕτω
3385 1956 3475 2003 καὶ
3545 1949 3696 2015 οὗτος
3738 1959 3866 2028 πρὸς

2262 2029 2414 2084 τόνδε
2474 2037 2562 2104 μεν
2631 2033 2960 2099 ἀντεξεταζος
3028 2044 3113 2090 τόν
3178 2047 3265 2090 νῦν
3322 2042 3681 2113 ἐπαινούμενον
3730 2063 3864 2095 κατα

2262 2118 2404 2187 τόδε,
2449 2126 2581 2196 πρὸς
2628 2122 2811 2177 ἐκεῖνον
2846 2122 2905 2177 δὲ
2946 2128 3060 2177 κατ’
3106 2127 3249 2197 ἄλλο,
3301 2132 3389 2180 καὶ
3437 2130 3556 2181 καθ’
3610 2133 3783 2204 ἔτερόν
3811 2152 3862 2184 τι

2262 2214 2387 2283 πρὸς
2430 2214 2594 2285 ἕτερον
2673 2218 2761 2265 καὶ
2813 2215 2930 2266 καθ’
2986 2215 3202 2267 ἕκαστον
3264 2225 3364 2268 τῶν
3409 2219 3600 2292 ἄκρων,
3659 2220 3781 2271 καθ’
3834 2220 3861 2271 ὀ

508 2297 797 2353 Eustathii
818 2297 1101 2369 perfectio
1120 2299 1401 2367 oratoria,
1435 2304 1811 2371 compertum
1842 2298 2150 2355 habueris.

2262 2308 2360 2351 τῶν
2411 2299 2599 2352 λοιπῶν
2646 2303 2806 2376 ἄκρος
2844 2299 3109 2356 ἐδέδοκτο·
3156 2311 3244 2358 καὶ
3291 2308 3420 2378 τάχ’
3476 2308 3536 2358 ἄν
3585 2312 3720 2359 οὕτω
3768 2315 3859 2368 τὴν

576 2566 706 2621 1am
728 2567 938 2638 paucis
955 2568 1359 2639 eloquentiam
1377 2568 1506 2637 ejus
1525 2568 1723 2625 verbis
1743 2566 2149 2636 designemus.

508 2654 638 2719 Qua
666 2655 941 2710 idearum
988 2656 1385 2727 abundantia,
1432 2672 1552 2729 qua
1587 2657 1832 2714 creandi
1871 2656 2151 2712 facultate

505 2741 854 2799 laetabatur!
907 2747 1029 2801 Vox
1078 2747 1207 2817 ejus
1249 2763 1436 2819 quam
1481 2763 1719 2813 sonora,
1767 2746 1924 2801 actio
1964 2760 2151 2817 quam

511 2831 729 2887 virilis!
781 2848 916 2904 quae
980 2833 1479 2891 lineamentorum
1532 2835 1954 2891 concinnitas!
2014 2849 2153 2905 quae

505 2937 726 2977 vocum
757 2923 818 2977 in
863 2922 998 2979 loco
1053 2924 1274 2981 idoneo
1326 2925 1781 2998 opportunitas!
1842 2938 1979 2996 quae
2031 2924 2152 2978 oris

506 3010 879 3068 rotunditas!
918 3013 1211 3085 Equidem
1256 3029 1490 3083 censeo,
1526 3014 1572 3069 si
1603 3014 1747 3086 quid
1790 3013 1849 3069 in
1882 3012 2153 3080 scientia,

509 3100 556 3154 si
593 3099 652 3155 in
693 3100 1035 3173 eloquentia
1065 3102 1275 3159 deesse
1323 3103 1611 3171 videatur,
1665 3102 2001 3158 auditorem
2051 3105 2155 3156 aut

508 3189 920 3245 muiulatorem
988 3192 1300 3263 sapientiae
1350 3198 1406 3248 et
1445 3192 1738 3248 sermonis
1788 3190 2153 3246 Eustathiani

507 3274 785 3332 deﬁcere.
828 3278 979 3333 Satis
1006 3279 1221 3351 cuique
1245 3280 1353 3334 erit
1377 3279 1628 3347 decoris,
1664 3279 1809 3334 satis
1849 3277 2154 3347 dignitatis

508 3363 612 3419 ubi
671 3367 935 3421 sermoni
977 3383 1089 3421 suo
1130 3368 1499 3423 Eustathiani
1542 3368 1768 3439 aliquid
1816 3367 2153 3421 immiscere

507 3458 807 3523 poterunt,
850 3457 1130 3525 quamvis
1167 3456 1469 3511 levidense
1509 3456 1701 3511 fuerit.
1744 3456 1839 3509 Sic
1881 3455 2153 3509 omnium

508 3540 707 3596 studia
724 3557 795 3595 ex
819 3558 889 3597 eo
904 3549 1192 3614 tanquam
1206 3544 1561 3616 eloquentiae
1574 3545 1688 3599 deo
1706 3542 2150 3614 dependebant.

2260 2395 2609 2461 παναρμόνιον
2668 2390 2993 2464 πολυφωνίαν
3066 2394 3357 2447 Εύσταθίου
3433 2398 3658 2449 ὁποσούν
3732 2400 3860 2451 ὑπο-

2258 2477 2403 2549 γροίψ
2412 2497 2576 2549 αιμεν.

2330 2568 2459 2638 Ἐγὼ
2501 2564 2549 2620 δ’
2586 2572 2669 2621 ἵνα
2716 2573 2801 2622 τὸν
2844 2576 2960 2644 περὶ
3008 2581 3107 2623 τῶν
3150 2572 3313 2643 λόγων
3364 2573 3513 2645 λόγον
3555 2575 3746 2627 συνέλω
3778 2579 3861 2647 (οὗ

2258 2658 2360 2727 γὰρ
2439 2655 2643 2728 ἐφὶησιν
2689 2659 2714 2709 ὁ
2773 2665 2954 2733 καιρός
3011 2659 3303 2731 insitiva)-
3335 2666 3453 2714 ὅσον
3484 2667 3574 2736 μὲν
3616 2668 3672 2715 τὸ
3704 2667 3859 2717 ἐνθυ-

2261 2749 2556 2816 μηματικὸν
2595 2745 2788 2799 ἐκείνου
2819 2754 2908 2800 καὶ
2949 2755 3160 2822 γόνιμον
3192 2750 3203 2803 !
3247 2754 3367 2813 ὅσος
3399 2749 3458 2804 δε
3496 2757 3520 2805 ὁ
3550 2757 3693 2814 τόνος
3728 2753 3739 2806 !
3774 2757 3862 2805 οἶα

2263 2829 2322 2885 δε
2369 2838 2398 2891 ἡ
2451 2837 2602 2908 φορὰ,
2656 2840 2736 2888 ὅτε
2788 2838 3092 2891 πνεύσειενὲ
3143 2839 3297 2897 ἡλίκη
3349 2838 3463 2899 δεή
3500 2838 3731 2903 δεινότης
3767 2849 3859 2895 καὶ

2262 2922 2291 2981 ἡ
2362 2925 2640 2995 ἀμήχανος
2696 2930 2805 2999 ῶρα
2875 2935 2946 2978 τῶ
3007 2928 3308 3001 στρογγύλῳ
3372 2934 3462 2982 καὶ
3527 2930 3713 3003 κομψῷ
3757 2941 3857 2983 τῶν

2260 3015 2377 3085 περὶ
2431 3016 2523 3070 τὴν
2573 3012 2842 3087 ἕρμηνειαν
2893 3014 3244 3088 ἐπιμειδιῶσα
3291 3022 3421 3090 μετὰ
3465 3027 3558 3081 τῆς
3592 3020 3860 3092 γλαφυρᾶς

2260 3109 2360 3151 τῶν
2414 3103 2685 3172 νοημάτων
2735 3105 2960 3177 χάριτος
3010 3103 3242 3158 ΞἘκεῖνο
3294 3111 3448 3178 φημί·
3506 3110 3592 3177 ὡς,
3641 3112 3686 3160 εἴ
3731 3128 3782 3160 τι
3822 3112 3854 3167 ἧ

2260 3193 2377 3260 περὶ
2405 3188 2557 3260 λόγου
2608 3194 2796 3260 τέχνην
2833 3198 3064 3250 ἡντινοῦν
3093 3186 3143 3252 ἦ
3174 3197 3470 3267 ἐπιστήμην
3518 3197 3690 3268 ὄφελός
3742 3196 3857 3249 ἐστι

2260 3286 2347 3328 νῦν
2395 3287 2464 3348 τῷ
2512 3279 2628 3331 καθ’
2682 3282 2815 3351 ἡμᾶς
2864 3281 2984 3353 βίω,
3034 3292 3134 3344 τῶς
3185 3286 3478 3337 Εύσταθίου
3537 3292 3720 3357 σοφίας
3764 3292 3858 3339 καὶ

2259 3375 2505 3437 περιττῆς
2547 3368 2785 3438 γλώττης
2838 3371 3088 3441 ὁμιλητὴς
3147 3375 3284 3424 εστιν
3337 3374 3365 3431 ἦ
3435 3379 3523 3425 καὶ
3596 3374 3854 3435 ζηλωτὴς.

2265 3456 2503 3528 Ἀπὸχρη
2553 3460 2653 3529 γὰρ
2706 3465 2865 3509 πᾶσιν
2906 3465 2969 3519 εὶς
3016 3460 3165 3531 λόγον
3216 3461 3729 3535 ὰπολαμπρύσματος
3766 3471 3859 3516 καὶ

2265 3551 2594 3616 σεμνώματος
2642 3545 2754 3598 ἀντὶ
2804 3558 2976 3599 ποσῶν
3027 3546 3198 3615 ἰδεῶν,
3247 3556 3290 3601 εὶ
3324 3556 3452 3623 πρὸς
3502 3554 3550 3603 ἓν
3579 3558 3638 3622 γέ
3675 3573 3725 3604 τι
3757 3562 3857 3604 τῶν

509 3626 662 3682 adeo
679 3629 943 3700 utquidq
953 3631 1047 3685 uid
1070 3632 1422 3701 profabatur
1435 3633 1595 3686 vocis
1612 3632 1825 3686 divinas
1841 3647 1908 3685 ac
1921 3646 2150 3685 normae

2262 3628 2411 3684 ἰδίων
2457 3632 2645 3685 ἐκείνου
2676 3642 2766 3687 καὶ
2827 3634 3078 3709 ἀμυδρῶς
3119 3646 3244 3708 γοῦν
3297 3638 3616 3713 ἀναφέροιτο,
3678 3644 3860 3703 Οὕτως

504 3715 639 3771 loco
662 3721 837 3778 esset,
862 3733 970 3772 nec
992 3718 1253 3775 absurde
1272 3720 1347 3775 de
1367 3720 1467 3776 illo
1491 3721 1999 3792 Pythagoreorum
2018 3719 2152 3791 [dic-

506 3809 603 3859 to:
637 3807 765 3877 Ipse
790 3805 1212 3877 dixit,cogites.

2261 3722 2396 3772 ἅπαν
2423 3726 2480 3773 τὸ
2512 3722 2808 3794 φιλολογουν
2831 3729 2895 3784 ῶς
2917 3728 2987 3787 εἰς
3023 3729 3132 3778 θεόν
3162 3747 3276 3778 τινα
3306 3728 3477 3797 λόγιον
3504 3728 3863 3803 ἐπέστραπταί

2266 3814 2463 3860 τουτονί
2529 3817 2616 3862 καὶ
2666 3815 2691 3863 ὅ
2740 3834 2789 3865 τι
2842 3815 2902 3865 ἂν
2957 3815 3249 3886 φθέγξοιτο,
3291 3823 3427 3888 φωνή
3481 3822 3561 3879 τίς
3589 3817 3697 3870 ἐστι
3747 3821 3862 3871 Θεία

504 3898 594 3946 καὶ
623 3895 811 3967 θεσμὸς
843 3902 1121 3967 τεχνογὶας
1174 3897 1387 3959 ἁπάσης
1416 3899 1860 3972 ύπερανεστηκὼς,
1891 3901 1981 3948 καὶ
2011 3900 2235 3950 κανόνων
2286 3904 2451 3950 κανῶν
2481 3905 2549 3972 μὴ
2595 3905 2915 3974 κινούμενος,
2961 3910 3050 3956 καὶ
3089 3908 3156 3967 ὡς
3206 3914 3312 3967 τοῖς
3368 3908 3749 3982 Πυθαγορικοῖς
3800 3914 3862 3960 τὸ

505 3984 671 4046 Αὐτὸς
694 3988 846 4058 ἔφατο
876 3985 1303 4060 προϐαλλόμενος.

575 4109 662 4165 Nil
707 4111 926 4166 mirum
959 4112 1136 4181 igitur
1158 4113 1205 4167 si
1231 4113 1366 4167 duae
1399 4116 1565 4168 terra:
1592 4115 1789 4183 partes
1816 4110 1996 4166 talem
2040 4109 2153 4165 vir-

505 4198 643 4252 tutis
666 4201 1087 4272 sapientimque
1123 4218 1321 4257 arcem
1351 4203 1461 4257 sibi
1486 4202 1808 4257 vindicant.
1834 4202 1969 4255 Jam
1992 4200 2150 4255 enim

504 4285 633 4340 haec
678 4292 879 4343 nostra
908 4291 1048 4343 urbs
1087 4308 1122 4346 a
1149 4292 1418 4361 pluribus
1445 4292 1557 4347 diis
1593 4292 1808 4347 dilecta
1840 4291 1945 4346 fuit
1974 4315 1988 4358 ;
2024 4291 2152 4361 jam

506 4374 585 4428 ob
617 4373 676 4428 id
703 4380 1003 4430 certamen
1028 4379 1308 4434 olivetum
1337 4387 1391 4434 et
1419 4381 1612 4435 Pmeei
1641 4381 2149 4452 amphitheatrum

504 4470 948 4533 nuncupantur.
999 4467 1167 4529 Quod
1205 4467 1364 4521 idem
1400 4468 1516 4522 fere
1560 4469 1718 4539 apud
1751 4485 1861 4523 nos
1905 4485 2148 4540 quoque

506 4550 775 4618 contigit.
814 4552 999 4620 Lyciae
1031 4560 1407 4623 caputsuum
1464 4560 1517 4609 te
1570 4556 1914 4622 vindicavit,
1976 4573 2011 4610 ο
2060 4557 2150 4611 vir

505 4639 762 4711 egregie.
780 4641 881 4711 qui
895 4641 1110 4696 animae
1127 4642 1384 4696 candore
1398 4658 1607 4697 omnes
1622 4660 1743 4698 eoae
1754 4660 1856 4697 vos
1873 4661 1897 4697 s
1909 4661 2141 4716 uperas;

505 4734 562 4785 te
588 4730 746 4785 enim
781 4729 1056 4785 Ecclesia;
1090 4730 1164 4785 ad
1203 4730 1411 4785 Christi
1442 4731 1629 4786 instar
1656 4733 1976 4787 antistitem
2001 4750 2147 4804 prae-

504 4818 701 4875 lucere
745 4820 1013 4889 decebat,
1069 4820 1169 4892 qui
1213 4820 1340 4890 jam
1386 4826 1563 4875 antea
1607 4821 1833 4890 justitia
1879 4828 1940 4876 ut
1989 4829 2148 4878 veste

507 4900 860 4965 sacerdotali
889 4910 1135 4965 indutus
1162 4926 1318 4967 eras.
1350 4942 1351 4945 η
1377 4910 1488 4965 Sed
1519 4916 1841 4981 antequam
1866 4911 2149 4982 epithala-

505 4992 694 5052 mium
719 4999 1083 5056 sacerdOtale
1100 5001 1470 5068 inchoasses,
1489 5000 1900 5057 Thessalonice
1914 5002 2146 5068 dilecta,

505 5087 811 5155 r'ecognita
842 5092 894 5141 et
918 5088 1149 5143 aemulae
1173 5088 1349 5143 talem
1375 5105 1663 5159 sponsum
1689 5090 1960 5145 invidens
1982 5093 2149 5146 vidu‘

2340 4111 2449 4163 Ούκ
2502 4114 2561 4164 ἄν
2593 4115 2679 4166 οὖν
2738 4117 3061 4190 θαυμάζοιμι
3110 4118 3305 4188 λοιπὸν,
3340 4124 3382 4171 εὶ
3430 4116 3609 4172 τοιοίδε
3644 4126 3731 4172 καὶ
3777 4122 3866 4173 οὗ·

2263 4221 2359 4262 τως
2423 4205 2607 4277 αρετῆς
2678 4210 2765 4256 καὶ
2831 4212 3011 4279 σοφίας
3066 4206 3343 4282 ἀκρόπολις
3412 4205 3560 4260 δυοῖν
3624 4214 3863 4282 ἠπείροιν

2266 4288 2590 4365 ἀμφηρευτος
2632 4300 2853 4365 γέγονεν·
2906 4298 2973 4355 ὡς
3021 4301 3109 4348 καὶ
3168 4299 3195 4354 ἡ
3253 4298 3371 4348 καθ’
3419 4300 3551 4371 ἡμᾶς
3584 4298 3712 4354 αὕτη
3757 4299 3859 4350 πό-

2262 4380 2338 4442 λις
2404 4385 2527 4442 θεοῖς
2587 4403 2695 4435 τισι
2754 4383 2981 4437 παιδικά
3047 4406 3168 4438 ποτε
3224 4391 3463 4458 γενέσθαι
3513 4390 3858 4460 μεμύθευται,

2261 4477 2349 4523 καὶ
2406 4471 2639 4543 σύμϐολα
2692 4482 2783 4535 τῆς
2812 4479 2926 4525 κατ’
2966 4478 3129 4549 ἔρωτα
3182 4482 3337 4548 φασιν
3397 4474 3567 4551 ἔριδος
3622 4482 3705 4528 τὸν
3758 4486 3851 4536 τῆς

2261 4560 2428 4621 Elatia;
2480 4562 2665 4631 Oed-Iov
2718 4568 2805 4613 καὶ
2861 4572 2950 4614 τοῦ
3008 4571 3258 4636 Πειραιῶς
3312 4570 3368 4617 τὸ
3442 4562 3711 4637 μηνοειδὲς
3764 4572 3856 4617 καὶ

2259 4654 2470 4722 νήνεμον
2512 4652 2705 4724 ροθιον·
2752 4655 2851 4702 Οἴα
2906 4656 3005 4726 γὰρ
3062 4659 3148 4704 καὶ
3180 4655 3207 4710 ἡ
3266 4674 3382 4729 περι
3435 4664 3587 4706 τοῦτο
3625 4674 3859 4705 καινοτο-

2259 4743 2374 4810 μία.
2422 4740 2801 4811 ’Ἐμνηστεύετο
2849 4745 2937 4811 μέν
2996 4761 3098 4803 σοι,
3155 4738 3192 4792 ὦ
3246 4742 3366 4795 καλὲ
3425 4747 3490 4794 τα
3546 4745 3715 4795 πάντα
3771 4747 3861 4794 καὶ

2258 4829 2430 4880 κάλλει
2459 4830 2639 4899 ψυχῆς
2693 4832 2847 4901 ωραῖε
2895 4834 2957 4880 σὺ
2992 4833 3135 4902 παρά
3190 4833 3385 4893 πάντας
3426 4838 3546 4894 τοὺς
3590 4840 3674 4883 νῦν
3706 4834 3849 4891 υἱοὺς

2258 4926 2356 4969 τῶν
2419 4918 2719 4991 ἀνθρώπων,
2784 4919 2811 4975 ἡ
2864 4925 2952 4977 τῆς
3011 4922 3208 4979 Λυκίας
3269 4920 3603 4994 μητρόπολις*
3649 4920 3731 4972 ὅτε
3770 4924 3864 4971 καὶ

2259 5013 2348 5065 τῆς
2416 5009 2721 5075 ίερωσύυης,
2793 5008 2860 5066 ὡς
2928 5006 3080 5058 ἄλλου
3122 5007 3280 5059 καλοῦ
3324 5012 3533 5073 παντὸς,
3584 5007 3734 5082 ἒκρῆν
3806 5027 3870 5061 σε

2392 5094 2675 5166 Ἐκκλὴσίᾳ
2741 5098 3050 5167 προκεῖσθαι
3132 5101 3261 5168 μετὰ
3342 5103 3570 5171 Χριστὸν
3656 5097 3869 5149 ἐκτυπέν

505 5190 603 5231 am
628 5175 931 5231 simulavit
951 5182 1009 5229 ut
1032 5192 1256 5247 sponso
1278 5179 1579 5248 potiretur.
1601 5185 1744 5233 Acre
1760 5180 1957 5252 itaque
1970 5186 2152 5235 certa-

2262 5181 2576 5257 ἀρχέτυπον,
2617 5188 2701 5235 τὸν
2749 5189 2836 5236 καὶ
2890 5189 2989 5258 προ
3043 5194 3133 5236 τού
3190 5194 3376 5258 σεμνοῦ
3434 5183 3702 5258 ποδήρους
3751 5191 3847 5242 τὴν

504 5280 641 5329 men
661 5264 811 5319 inter
836 5269 1149 5335 utramque
1176 5265 1493 5323 Ecclesiam
1517 5267 1752 5332 exarsit,
1772 5284 2024 5340 vereque
2042 5271 2148 5325 ali-

504 5459 859 5533 possessura
887 5442 1055 5499 foret.
1090 5445 1215 5499 Una
1249 5444 1407 5501 enim
1435 5445 1536 5501 tibi
1580 5446 1777 5503 studet
1810 5453 2013 5520 utpote
2043 5450 2151 5521 qui

2260 5272 2487 5324 καπόλου
2573 5270 2913 5331 δικαιοσύνην
3000 5270 3334 5347 ἐνδεδυμένον

504 5354 642 5427 quis
663 5353 875 5409 dixerit
900 5355 1193 5425 Europam
1213 5361 1390 5427 atque
1414 5357 1614 5412 Asiam
1659 5363 1916 5413 certasse
1941 5364 2071 5415 utra
2096 5366 2150 5415 te
2214 5354 2215 5357 “

3427 5277 3861 5348 ἱεροθρεπέστατα

2264 5367 2423 5436 Πρινὴ
2485 5358 2544 5413 δέ
2606 5357 2732 5413 ἆσαι
2797 5366 2882 5413 τόν
2937 5369 3285 5434 πνευματικὸν
3338 5367 3594 5435 ὑμέναιον,
3639 5366 3667 5415 ὖ
3707 5363 3867 5415 πολυ-

2260 5456 2475 5524 έραστος
2558 5455 2647 5502 καὶ
2717 5450 3064 5523 πολυμνήστη
3147 5452 3504 5511 Θεσσαλονίκη
3577 5454 3863 5523 αίσθομένη
