4152 6208
55 221 100 348 ί,

286 248 395 303 349
1317 245 1332 256 ”
1346 246 1658 304 MONODIA
1693 247 1762 301 IN
1793 247 1884 302 ΕΗ

1995 247 2233 304 ITHIUM
2268 246 2601 306 THESSAL.
3541 257 3649 312 350

288 377 379 422 τοῦ
433 373 728 441 γενομένου,
772 375 862 422 καὶ
900 373 970 432 ὡς
1008 368 1196 443 βαρεῖά
1251 387 1332 432 τις
1387 367 1660 431 ἀντίζηλος
1718 365 1885 422 δεινόν

1997 367 2143 426 olim
2172 370 2287 442 ipsi
2317 387 2580 443 sponsus
2606 389 2762 443 eras,
2794 379 2852 433 et
2883 391 3040 448 agre
3067 393 3315 450 prorsus
3347 378 3576 436 ferebat
3595 379 3642 436 si

279 459 642 530 ἡγησαμένη,
694 458 740 510 εἰ
793 455 1004 511 τοιοῦδε
1076 463 1298 531 νυμφίου
1354 459 1504 534 ἑτέρᾳ
1565 464 1893 532 παραχωρή-

285 567 415 611 σειε,
473 551 695 622 χηρεύει
759 567 816 599 τε
870 557 1206 621 παραχρῆμα
1256 550 1428 623 ὥσπερ
1477 545 1742 612 ἐπίτηδες,
1803 553 1894 600 καὶ

281 636 550 708 μεθέλκειν
597 643 843 710 πειρᾶται
893 642 1025 709 πρὸς
1080 637 1288 696 ἑαυτήν.
1363 641 1510 695 Δεινὴ
1571 633 1631 689 δέ
1669 656 1752 699 τις
1788 638 1894 710 οῐρα

281 729 398 800 ἔρις
426 726 560 783 αὕτη
619 733 735 778 ταίν
777 725 1110 784 Ἐκκλησίαιν
1159 724 1471 801 ἀμφοτέραιν
1505 747 1518 759 ·
1586 725 1776 778 ταύτὸν
1833 713 1893 777 δὲ

285 814 472 878 εἰπεῖν,
533 815 689 868 Ἀσία
739 820 831 868 καὶ
896 815 1118 886 Εὐρώπη
1177 814 1478 890 άνέῤῥωγεν.
1537 813 1596 867 Ἠ
1651 817 1742 886 μὲν
1790 817 1889 888 γὰρ

285 905 364 965 ὡς
412 899 523 962 ἤδη
575 913 876 976 μνηστῆρος
918 902 1080 977 ἀπρὶξ
1107 909 1405 977 περιείχετό
1451 922 1566 976 σου,
1617 907 1708 954 καὶ
1746 897 1893 954 δεινὰ

283 995 524 1063 πάσχειν
554 997 702 1064 ᾤετο,
761 996 902 1065 εἰπερ
951 992 1273 1064 ἕγγυηθείσοί
1313 1011 1420 1058 σοι,
1469 990 1635 1052 ἄλλως
1687 987 1747 1042 δε
1801 994 1891 1042 καὶ

283 1082 655 1155 ὑπερκειμένη,

283 1165 340 1236 εὖ
384 1173 658 1240 γεγονυίας
703 1171 1060 1244 ὑπεραίρουσα
1105 1173 1322 1244 προσέτι
1374 1165 1434 1221 δε
1481 1173 1570 1220 καὶ
1622 1175 1888 1241 πατρικῶν

280 1260 465 1331 μύρων
521 1257 800 1332 ἀπόζουσα
847 1255 1021 1324 ἣδιον,
1075 1255 1187 1311 εἶτα
1242 1257 1740 1332 παραγκωνισθείσα
1787 1274 1888 1307 κα-

281 1345 378 1398 λοῦ
429 1355 728 1421 μνηστῆρος
786 1337 1171 1419 διαζυγήσεται
1201 1365 1214 1377 ⁸
1262 1349 1292 1405 ἡ
1363 1343 1415 1398 δ’
1464 1341 1528 1398 αὖ
1567 1343 1742 1410 πάλιν,
1799 1343 1889 1395 ἅτε

280 1437 416 1508 μετά
446 1441 541 1494 τὴν
570 1433 836 1507 βασιλίδα
861 1437 1007 1490 πόλιν
1045 1443 1226 1510 πρώτη
1277 1433 1541 1508 δυσμόθεν
1585 1433 1890 1504 ἀνίσχουσα

283 1521 657 1597 πανευδαίμων
675 1569 689 1594 ,

732 1087 823 1134 καὶ
876 1084 1054 1144 πάσας
1110 1083 1202 1142 τὰς
1268 1079 1353 1153 ἀφ’
1418 1079 1567 1138 ἡλίου
1632 1077 1889 1130 ἀνατολῶν

774 1532 865 1578 καὶ
949 1523 1260 1598 ὀσφραδίοις
1338 1529 1681 1599 μαρτυρικοῖς
1741 1521 1887 1572 ἀντι-

2001 475 2227 531 sponsa
2268 466 2330 517 ut
2365 461 2576 528 fuerat,
2631 480 2701 520 ac
2740 472 3030 538 praterea
3068 465 3220 524 calo
3259 468 3529 525 orientali
3577 483 3646 524 ac

2000 549 2250 618 myrrha
2277 551 2600 606 vernacula
2630 553 2904 621 gaudens
2948 556 3116 612 alteri
3161 562 3645 628 postponeretur.

1998 635 2214 701 Altera,
2237 637 2570 694 secundum
2604 641 2814 698 urbem
2855 643 3229 715 imperialem
3263 645 3460 717 prima
3496 645 3648 701 inter

2000 725 2268 782 civitates
2311 726 2644 784 Occidentis
2673 735 2732 786 et
2760 733 3029 802 pretioso
3068 738 3403 805 martyrum
3435 749 3644 790 cruore

1999 813 2339 871 madefacta
2387 820 2441 871 te
2479 817 2722 888 privari,
2769 819 2870 876 tali
2909 824 3196 893 tantoque
3229 821 3360 877 viro
3393 821 3645 877 moleste

1997 900 2244 958 ferebat.
2293 905 2485 968 Quare
2535 905 2682 961 nihil
2724 907 3014 964 intactum
3061 924 3172 965 nec
3221 909 3477 965 dicendo
3534 925 3645 966 nec

1996 989 2234 1060 agendo
2271 990 2508 1063 reliquit
2531 992 2724 1050 donec
2753 1000 2856 1052 tua
2883 995 3050 1053 ﬁeret
3086 1012 3330 1070 sponsa.
3353 997 3645 1070 Equidem

1997 1085 2372 1150 compertum
2418 1081 2613 1138 habeo
2668 1099 2986 1157 nunquam
3026 1086 3151 1142 fore
3191 1091 3256 1142 ut
3283 1086 3512 1143 meliori
3541 1086 3644 1142 ad-

1991 1166 2312 1237 jungatur;
2362 1185 2678 1243 nunquam
2711 1173 2868 1229 enim
2916 1181 3060 1230 atas
3083 1175 3284 1230 futura
3311 1176 3510 1230 virum
3537 1174 3642 1231 tibi

1998 1255 2446 1314 similem’feret.
2486 1262 2551 1315 Ut
2591 1262 2750 1317 enim
2782 1262 2924 1318 olim
2963 1263 3368 1336 Philopamen
3399 1263 3644 1320 ultimus

1996 1345 2220 1414 ducum
2253 1349 2591 1404 Graecorum
2623 1351 2877 1422 insignis
2917 1352 3048 1418 fuit,
3071 1353 3154 1408 sic
3186 1358 3241 1409 te
3281 1352 3556 1408 ultimum
3580 1353 3642 1408 in

1995 1433 2221 1577 iihristo
2246 1435 2568 1492 antistitem
2592 1443 2827 1511 tempus
2859 1439 3023 1496 ferax
3053 1457 3254 1498 rerum
3286 1443 3562 1514 edaxque
3583 1441 3643 1497 in

2021 1537 2189 1576 ucem
2222 1525 2427 1577 edidit.

2021 1537 2189 1576 ucem
2222 1525 2427 1580 edidit.

283 1617 517 1666 πνέουσα
571 1615 665 1666 οὐκ
721 1615 1012 1687 ἀνασχετόν
1075 1617 1251 1686 ἡγεῖτο
1302 1613 1800 1688 παρευημερηθῆναι
1874 1614 1964 1661 καὶ
2043 1609 2406 1684 ἀποσφαλῆναι
2458 1611 2667 1668 τοιόνδε
2747 1621 2836 1670 καὶ
2901 1619 3065 1680 οὕτως
3136 1617 3392 1693 ἐρασμίου
3461 1617 3643 1672 καλοῦ.

283 1706 494 1755 Οὔκουν
524 1703 684 1762 ἀνῆκε
702 1703 929 1775 λέγουσα
957 1707 1129 1757 πάντα
1166 1709 1256 1756 καὶ
1280 1706 1606 1777 πράττουσα,
1631 1701 1726 1759 ἓως
1753 1707 1823 1769 τῷ
1853 1697 2102 1768 καλῷισοι
2122 1707 2344 1773 νυμφίῳ,
2377 1708 2465 1754 καὶ
2486 1705 2576 1775 οἵῳ
2598 1702 2803 1758 οὐδέπω
2829 1711 3096 1781 πρότερον,
3147 1708 3405 1780 ἣρμοστο,
3434 1708 3583 1778 οἶμαι
3625 1747 3639 1759 .

281 1791 479 1863 μᾶλλον
538 1788 599 1845 δι
650 1790 776 1846 οῖδα
825 1803 1020 1865 σαφῶς,
1071 1797 1136 1854 ὡς
1174 1789 1290 1845 οὐδ’
1339 1793 1556 1852 ἐσαῦθις
1604 1787 2002 1862 ἀρμοσθὴσεται
2061 1809 2205 1859 ποτε,
2263 1791 2344 1843 ὅτι
2398 1790 2529 1864 μηδ’
2580 1795 2606 1845 ό
2658 1794 2896 1866 ἐσόμενος
2947 1799 3159 1869 χρόνος,
3215 1798 3322 1857 οἷός
3363 1815 3416 1848 τε
3471 1798 3646 1848 ἔσεται

283 1887 453 1951 φῦσαι
475 1879 751 1956 ἀνθρώπου
780 1879 982 1936 τοιόνδε
1008 1891 1219 1956 χρῆμα,
1252 1883 1427 1934 ὁποῖον
1467 1882 1524 1932 σε
1543 1877 1832 1932 τελευταῖον
1857 1883 1953 1927 τῶν
1977 1879 2109 1934 κατά
2141 1884 2368 1942 Χριστὸν
2396 1879 2679 1956 ἀρχιερέων
2712 1893 2881 1955 σοφῶν
2935 1888 2999 1945 ὡς
3029 1883 3079 1936 ἐν
3101 1890 3244 1958 γήρᾳ
3275 1889 3364 1937 καὶ
3398 1884 3642 1954 ὀψίγονον

285 1972 452 2022 ἔτεκεν
508 1971 536 2022 ὀ
601 1971 778 2024 πάντα
820 1981 1005 2044 γεννῶν
1053 1976 1143 2024 καὶ
1213 1973 1430 2044 φθείρων
1463 1986 1476 1998 ⁸

284 2057 653 2131 Φιλοποίμενα.

1531 1969 1597 2027 ὡς
1659 1970 1751 2016 καὶ
1809 1971 1908 2015 τῶν
1963 1962 2266 2023 Ἑλληνικῶν
2325 1979 2628 2044 στρατηγῶν
2670 1973 2892 2024 ὕστατον
2941 1975 3114 2046 εῖρηκέ
3159 1993 3240 2034 τις
3275 1977 3364 2025 τὸν
3417 1972 3644 2045 ἀρχαῖον

354 2149 451 2209 Τίς
503 2150 628 2221 γὰρ,
696 2151 805 2212 οἶος
848 2154 934 2217 σὺ,
992 2158 1084 2203 τοῦ
1127 2149 1310 2202 λοιποῦ
1361 2147 1565 2220 ὑψηλὸς
1609 2150 1696 2199 τὸν
1746 2145 1882 2218 βίον,

2078 2145 2221 2209 Quis
2249 2147 2408 2203 enim
2460 2147 2611 2204 alius
2654 2154 2867 2220 prater
2907 2154 2962 2206 te
3012 2154 3288 2206 nascetur
3326 2165 3465 2208 cum
3513 2147 3645 2222 pari

285 2240 375 2288 τόν
441 2237 597 2307 λόγου
665 2243 939 2312 μετέωρος,
1001 2245 1095 2298 τὴν
1154 2240 1436 2314 ἱερωσύνην
1497 2238 1746 2310 αἰθέριος,
1800 2242 1890 2288 καὶ

289 2326 366 2386 ὣς
415 2325 500 2376 ἀπ’
535 2327 689 2380 αὑτοῦ
719 2336 811 2381 τοῦ
846 2331 1027 2403 θρόνου
1084 2337 1319 2403 Χριστοῦ
1371 2331 1683 2401 θεμιστεύων
1737 2328 1887 2378 ἄντι-

296 2433 450 2484 κρυς,
500 2417 618 2467 εἴπω
665 2413 820 2483 δ’ἆν,
866 2423 957 2470 καὶ
1011 2421 1082 2482 ὡς
1125 2418 1204 2470 ἐπ’
1253 2418 1419 2478 αὐτῆς
1466 2426 1560 2480 τῆς
1611 2415 1891 2488 ἀκρωρείας

296 2511 394 2554 τοῦ
443 2510 561 2556 Σινᾶ
614 2508 966 2579 χρηματίζων
1020 2507 1372 2579 λογιζόμενος,
1433 2508 1573 2568 ὅπως
1633 2504 1757 2577 βίου
1797 2508 1888 2576 μὲν

289 2599 385 2642 τοῦ
427 2595 559 2645 κατὰ
610 2598 668 2647 σε
704 2595 965 2667 προϐῆναι
1000 2606 1250 2671 περιωτῆ,
1295 2597 1324 2655 ἦ
1377 2595 1452 2650 ἐπ’
1496 2595 1651 2650 αὐτὸν
1708 2593 1890 2646 ἐλάσαι

285 2684 375 2732 τὸν
437 2680 653 2758 βατῆρα
714 2693 807 2737 τοῦ
849 2685 1024 2757 λόγου,
1065 2683 1182 2738 οὐδ’
1241 2686 1302 2737 ἆν
1367 2685 1439 2739 ἐνὶ
1481 2694 1580 2738 τῶν
1649 2684 1888 2736 ἁπάντων

284 2766 592 2840 έ⁹1⁸ίένοιτο;
659 2775 804 2828 Εῖσω
854 2771 913 2828 δὲ
962 2771 1116 2827 δῦναι
1177 2776 1388 2847 νεφέλης
1446 2784 1544 2826 τῶν
1600 2776 1743 2844 παρά
1804 2777 1888 2824 σοὶ

286 2861 585 2930 νοημάτων,
640 2867 730 2915 καὶ
760 2862 979 2934 λογικῶν
1009 2863 1236 2917 ἀκοῦσαι
1265 2861 1521 2937 μεθόδων,
1569 2859 1693 2915 οὐδὲ
1736 2869 1890 2914 τοῦτο

285 2955 710 3020 προστυχόντος,
752 2953 832 3004 ὃτι
862 2958 932 3026 μὴ
985 2961 1271 3008 Μωσαῐκοῦ
1307 2973 1444 3015 τινος
1493 2949 1554 3011 ἦν
1593 2947 1783 3026 ἀνδρὸς
1808 2972 1819 2984 ’
1863 2951 1888 3002 ὁ

289 3031 352 3088 δέ
371 3057 435 3107 γε
466 3041 761 3112 σύμμικτος
798 3049 888 3095 καὶ
935 3042 1093 3106 πολὺς
1129 3046 1272 3096 κάτω
1323 3062 1424 3096 που
1463 3047 1582 3114 περὶ
1626 3045 1688 3093 τὰ
1726 3042 1893 3114 κράσ-

286 3122 430 3178 πεδα
488 3136 583 3179 τοῦ
642 3133 794 3202 ὅρους
856 3133 1112 3200 εἱστήκει,
1200 3136 1363 3204 μόνης
1437 3138 1534 3192 τῆς
1613 3131 1891 3190 θεσπεσίας

288 3215 466 3284 ἠχοῦς
519 3215 805 3288 ἀγαπητῶς
852 3217 1192 3294 ἀκροώμενος.
1253 3220 1447 3273 Πολλοῦ
1489 3239 1547 3289 γε
1593 3217 1782 3290 μᾶλλον
1830 3213 1890 3270 δὲ

285 3310 381 3354 τοῦ
423 3310 611 3366 παντός
658 3304 764 3360 ἔδει
828 3314 924 3367 τὴν
975 3315 1071 3368 σῆν
1116 3312 1470 3383 καταθαρσείν
1530 3307 1751 3368 ἔντευξιν
1793 3309 1888 3363 θη-

283 3397 400 3464 ρίον
459 3395 755 3466 ὁτιποτοῡν,
815 3399 881 3458 ὡς
931 3397 1083 3470 ἐγγὺς
1147 3400 1389 3468 γενέσθαι
1438 3401 1511 3469 μή
1571 3399 1702 3468 μετὰ
1766 3414 1888 3468 φρι-

284 3501 386 3542 κης
415 3487 507 3534 καὶ
558 3480 822 3556 δείματος,
889 3491 987 3539 εἴτε
1033 3507 1113 3549 τις
1159 3486 1492 3559 φορολογικός
1541 3482 1602 3543 ἦν
1646 3485 1768 3538 λέων
1797 3489 1887 3536 καί
1919 3490 1958 3543 C

285 3572 486 3640 ἔγκατα
551 3576 720 3626 πάντα
792 3575 1092 3647 λαφύσσων,
1152 3580 1251 3628 εἶτε
1336 3572 1599 3636 δυνάστης
1665 3570 1887 3636 ἐνδαπός

285 3661 502 3732 ποικίλη
545 3669 769 3736 πονηρία
828 3668 1030 3725 στατὸς
1081 3668 1203 3718 ὼσεὶ
1250 3661 1536 3738 πάρδαλις,
1598 3667 1692 3715 εἶτε
1734 3662 1889 3722 λύκος

287 3748 468 3820 ἅρπαξ
541 3759 609 3820 τῷ
682 3757 909 3824 ποιμνίῶ
990 3751 1255 3826 ἐμπίπτων
1333 3758 1422 3805 καὶ
1496 3751 1885 3824 λυμαινόμενος.

290 3837 569 3908 Πεφόϐητο
598 3844 698 3915 γὰρ
757 3842 894 3892 ἅπαν
932 3850 1137 3894 τοιοῦτο
1195 3847 1284 3894 καὶ
1342 3845 1650 3916 περιίστατο
1697 3839 1889 3911 φυλατ-

289 3931 528 3998 τόμενον,
567 3935 640 4001 μη
691 3937 798 3991 τοῖς
845 3939 953 3991 σοῖς
1002 3930 1174 4002 λόγοις
1226 3933 1290 3990 ὡς
1340 3929 1500 3990 λίθοις
1558 3927 1888 4000 βεϐλήσεται.

292 4020 483 4068 Καίτοι
515 4036 566 4068 τι
618 4026 770 4070 τοῦτο
808 4021 872 4080 ὦς
927 4039 980 4071 τι
1035 4020 1335 4090 θαυμαστὸν
1387 4021 1612 4092 εἴρηται,
1670 4017 1751 4070 ὅτε
1802 4021 1891 4068 καὶ

291 4101 611 4177 βασιλεῦσιν
655 4111 835 4170 αὐτοῖς
885 4108 980 4160 οὐκ
1020 4104 1276 4161 ἀσπουδεὶ
1333 4115 1503 4180 παρῆν
1556 4105 1891 4176 ἐντυγχάνειν

292 4212 398 4254 σοι,
436 4200 524 4246 καὶ
570 4199 637 4257 ως
684 4204 794 4258 τοῖς
847 4197 1040 4265 ἄλλοις,
1082 4195 1138 4250 ἐκ
1174 4204 1265 4248 τοῦ
1305 4197 1641 4268 ὑπέρφρονος,
1685 4199 1777 4268 σὺν
1807 4198 1890 4244 αί-

288 4277 379 4333 δοῖ
418 4279 480 4335 δὲ
519 4283 708 4356 μᾶλλον
759 4290 847 4336 καὶ
894 4284 1179 4357 ὑποστολῆ,
1247 4286 1427 4335 ὁποίαν
1483 4291 1634 4354 σχῖεν
1685 4284 1746 4333 ἄν
1803 4287 1891 4334 καὶ

285 4373 529 4440 μαθηταὶ
570 4376 695 4444 πρὸς
735 4369 1097 4439 διδάσκαλοη
1152 4372 1332 4445 Ἀγιον
1386 4375 1474 4444 μὶν
1519 4372 1607 4422 οὖν
1660 4375 1746 4422 καὶ
1795 4389 1890 4442 φο-

285 4457 436 4532 ϐερόν
469 4458 759 4532 ἀνυμνουσι
800 4465 856 4513 τὸ
897 4467 1057 4534 ὄνομα
1103 4469 1236 4514 Θεοῦ
1290 4463 1338 4513 οἱ
1389 4459 1609 4532 ψαλμοὶ,
1641 4464 1730 4510 καὶ
1761 4461 1890 4510 Θεὸν

283 4548 446 4599 αὐτὸν
505 4549 564 4600 οξ)
619 4555 775 4622 μόνον
833 4571 954 4623 φως,
1021 4549 1150 4602 ἀλλὰ
1206 4554 1296 4602 καὶ
1361 4558 1464 4622 πυρ
1511 4548 1889 4600 καταναλίσκον

282 4633 484 4708 ᾄδουσι
518 4652 533 4666 ⁸
590 4645 681 4690 καὶ
733 4638 1120 4711 πολυόφθαλμοι
1172 4643 1422 4713 Σεραφειμ
1476 4636 1732 4708 βλέπουσι
1797 4640 1888 4707 μεν

281 4721 572 4787 διαπαντὸς
621 4731 806 4780 τούτου
868 4734 925 4779 τό
1012 4733 1291 4800 πρόσωπον
1348 4749 1360 4760 ·
1421 4726 1514 4778 οὐκ
1568 4724 1887 4796 ἀτενέστερον

1998 2248 2237 2290 morum
2255 2235 2560 2309 dignitate,
2577 2237 2802 2294 fulmen
2829 2238 3202 2312 eloquentia,
3225 2243 3446 2309 orator,
3455 2237 3645 2309 judex

2000 2328 2262 2388 sanctus,
2294 2328 2461 2381 utita
2487 2325 2710 2396 dicam,
2745 2329 2921 2400 quasi
2949 2343 2982 2383 e
3003 2327 3212 2384 Christi
3251 2327 3487 2397 throno,
3524 2330 3586 2382 ut
3613 2341 3645 2380 e

2000 2426 2240 2478 summo
2268 2413 2428 2470 Sinai
2455 2415 2699 2471 oracula
2725 2415 2986 2472 reddens
3004 2419 3030 2473 ?
3052 2417 3192 2482 Quis
3221 2421 3273 2473 te
3304 2416 3440 2471 vita
3471 2429 3643 2470 sanc—

1998 2499 2182 2568 titate,
2207 2502 2343 2573 quis
2367 2502 2720 2576 eloquentia
2762 2505 2819 2560 vi
2868 2521 3142 2578 unquam
3173 2505 3442 2577 aquabit
3465 2505 3494 2560 ‘I
3533 2504 3644 2559 Co-

1999 2587 2355 2657 gitationum
2385 2607 2566 2664 porro
2617 2599 2858 2650 tuarum
2927 2609 3172 2650 cursum
3221 2594 3413 2666 sequi,
3452 2597 3506 2648 te
3543 2591 3648 2648 do-

2000 2683 2232 2736 centem
2287 2681 2495 2738 audire
2531 2683 2742 2754 paucis
2794 2683 3130 2740 admodum
3170 2682 3448 2751 dabatur,
3493 2693 3648 2754 quos

1999 2767 2090 2822 vel
2117 2768 2191 2823 ad
2225 2771 2442 2826 montis
2482 2770 2716 2827 radices
2739 2772 2905 2828 vocis
2925 2771 3141 2828 divina
3171 2787 3390 2828 sonum
3439 2770 3647 2826 audire

1994 2854 2266 2925 juvabat.
2307 2859 2436 2923 Quo
2474 2860 2670 2927 magis
2712 2859 2891 2929 igitur
2919 2863 2974 2916 te
2998 2864 3291 2932 prasente
3319 2875 3500 2916 nemo
3525 2873 3647 2914 non

1998 2943 2424 3014 delectabatur,
2455 2947 2502 3002 si
2531 2947 2680 3003 forte
2702 2947 2931 3004 animal
2960 2964 3150 3020 rapax
3166 2946 3648 3020 apparebat,sive

1997 3030 2091 3087 leo
2122 3033 2481 3090 tributorum
2511 3041 2752 3092 exactor
2777 3035 3061 3092 intestina
3089 3040 3296 3092 nostra
3336 3035 3648 3090 devoratu-

1997 3136 2119 3189 rus,
2163 3120 2284 3176 sive
2328 3122 2623 3194 panthera
2650 3123 2974 3192 maculata,
3015 3123 3076 3178 id
3105 3129 3196 3178 est
3237 3122 3499 3195 dynasta
3543 3121 3623 3176 do

1999 3210 2306 3280 mesticus,
2341 3211 2465 3265 sive
2500 3211 2682 3282 lupus
2709 3212 3216 3282 gregisinimicus
3248 3219 3305 3268 et
3333 3210 3649 3267 insidiator

1998 3300 2372 3371 processerit.
2390 3300 2452 3354 Hi
2475 3315 2687 3355 omnes
2714 3301 2874 3356 enim
2904 3305 2956 3356 te
2979 3307 3269 3373 prasente
3295 3299 3647 3358 abscondito

1999 3387 2408 3444 consistebant
2432 3388 2585 3450 loco.
2618 3404 2693 3444 ne
2725 3389 2922 3443 verbis
2947 3389 3063 3445 tuis
3093 3390 3269 3461 quasi
3299 3388 3647 3444 totidemla-

1999 3475 2238 3549 pidibus
2277 3483 2680 3548 tangerentur.
2717 3477 2868 3542 Quid
2905 3476 3176 3536 mirum?
3223 3478 3519 3550 siquidem
3571 3491 3646 3531 ne

1997 3581 2166 3636 reges
2197 3567 2443 3638 quidem
2472 3565 2588 3638 ipsi
2614 3573 2668 3623 te
2707 3583 2914 3624 coram
2942 3567 3196 3624 immoto
3220 3567 3386 3623 vultu
3403 3580 3649 3638 aquave

1995 3660 2198 3712 mente
2215 3656 2480 3727 aspicere
2508 3657 2938 3720 sustinuerunt,
2964 3657 3104 3726 imo,
3125 3661 3189 3712 ut
3211 3655 3462 3719 alumni,
3490 3655 3649 3710 dicto

1999 3744 2310 3801 audientes
2335 3751 2390 3802 et
2416 3745 2724 3802 modestos
2748 3761 2812 3802 se
2842 3745 3150 3816 gerebant.
3193 3745 3406 3801 Psalmi
3427 3756 3649 3798 nomen

1999 3835 2100 3890 Dei
2132 3841 2196 3890 ut
2238 3840 2541 3896 sanctum.
2590 3839 2655 3891 ut
2683 3835 2910 3901 lumen,
2958 3833 3082 3890 imo
3140 3840 3203 3889 ut
3239 3834 3441 3902 ignem
3471 3831 3650 3887 devo-

1997 3929 2230 3980 rantem
2243 3922 2592 3996 pradicant.
2625 3923 2936 3995 Seraphim
2949 3922 3256 3978 multoculi
3275 3922 3502 3977 vultum
3521 3921 3650 3990 ejus

1998 4028 2120 4068 non
2159 4011 2400 4076 directe,
2441 4012 2544 4066 sed
2575 4029 2643 4066 ex
2681 4012 2930 4082 obliquo
2956 4017 3014 4068 et
3050 4011 3240 4066 oculis
3277 4008 3650 4079 semiapertis

1999 4106 2378 4168 continentur,
2411 4107 2468 4156 et
2506 4116 2721 4172 parum
2783 4101 2910 4155 alas
2960 4115 3102 4155 suas
3154 4097 3475 4169 explicant.
3515 4096 3648 4152 Pari

1999 4189 2184 4245 modo
2214 4189 2302 4244 sol
2324 4189 2417 4244 hic
2449 4188 2699 4244 visibilis
2723 4188 2794 4243 iis
2827 4194 3060 4243 tantum
3091 4192 3319 4242 astrum
3340 4183 3650 4256 jucundis-

2000 4281 2220 4334 simum
2253 4277 2482 4348 eritqui
2515 4277 2702 4330 radiis
2735 4277 2867 4347 ejus
2891 4276 3153 4331 fruentes
3179 4273 3443 4330 contenti
3489 4278 3646 4328 sunt.

1999 4369 2105 4434 Qui
2139 4372 2340 4422 autem
2363 4365 2538 4420 rectis
2567 4364 2715 4420 illud
2764 4364 2954 4420 oculis
2981 4363 3196 4420 intueri
3227 4379 3418 4418 ausus
3455 4361 3648 4428 fuerit,

1997 4455 2160 4511 haud
2193 4454 2438 4524 impune
2469 4458 2524 4508 et
2553 4469 2687 4508 cum
2714 4453 2980 4508 maximo
3003 4453 3164 4506 visus
3190 4452 3547 4508 detrimento
3569 4447 3650 4503 fe-

1998 4545 2158 4602 cerit.
2191 4544 2282 4599 Sic
2313 4542 2416 4598 tibi
2447 4557 2690 4614 quoque
2734 4558 2913 4598 nemo
2942 4543 3054 4597 nisi
3087 4541 3266 4614 plane
3295 4538 3650 4612 imprudens

1997 4641 2053 4692 et
2076 4635 2446 4697 temerarius,
2474 4633 2696 4704 tibiqui
2717 4632 2900 4687 solem
2921 4631 3193 4686 divinum
3210 4631 3433 4696 reddis,
3448 4627 3650 4684 inania

1995 4709 2252 4796 loquens
2280 4728 2384 4778 aut
2410 4722 2744 4792 incongrua
2775 4721 3001 4777 faciens
3035 4717 3646 4792 appropinquaverit:

279 4811 339 4867 δε
399 4815 866 4886 κατεμϐλέπουσιν,
915 4821 1032 4870 οὔτε
1097 4816 1210 4869 ὅλον
1254 4821 1341 4868 καὶ
1399 4815 1531 4875 θοις
1589 4813 1884 4866 ἀναπεπτα-

2000 4813 2224 4884 quicun
2252 4827 2346 4880 lue
2373 4811 2532 4866 enim
2561 4809 2670 4866 abs
2697 4815 2752 4865 te
2777 4805 3505 4881 reprehendebaturidem
3526 4803 3650 4874 pati

275 4909 451 4975 μένοις
499 4910 586 4956 καὶ
644 4910 891 4978 ᾆαμασιν,
941 4907 1024 4978 ὑφ’
1079 4909 1198 4960 ὅσον
1252 4908 1306 4957 αἱ
1361 4908 1626 4976 πτέρυγες,
1687 4905 1875 4963 αἵτινές

273 4999 400 5047 ποτέ
432 4995 564 5047 εἰσιν
597 4997 652 5046 αὶ
689 5001 940 5068 πτέρυγες
977 4992 1153 5061 αὗται,
1208 4993 1643 5067 παρεσταλμένοις
1696 4988 1754 5044 δὲ
1781 5011 1877 5043 πα-

268 5093 496 5156 ρορῶσι,
550 5088 641 5136 καὶ
696 5089 1100 5158 παρανοίγουσι.
1167 5090 1267 5136 Καὶ
1323 5085 1466 5144 ἣλιος
1537 5078 1596 5134 δὲ
1649 5080 1794 5140 οὗτος
1846 5081 1872 5131 ὁ

268 5172 552 5234 αἰσθητὸς,
605 5171 679 5232 οἷς
715 5191 806 5244 μεν
849 5171 1060 5246 ἀπόχρη
1102 5178 1267 5246 μόνων
1316 5170 1590 5223 ἀπολαύειν
1633 5167 1871 5233 ἀκτίνων,

268 5259 496 5326 ἣδιστός
554 5265 788 5338 ἀστέρων
841 5269 930 5316 καὶ
969 5261 1072 5315 οἷον
1128 5262 1404 5335 ὀφθαλμοῖς
1456 5261 1597 5314 ἐστιν
1659 5258 1824 5329 ὅψεως
1857 5279 1870 5291 ο

267 5355 428 5413 εἴτις
481 5349 542 5404 δὲ
607 5348 970 5426 ἀναιδέστερον
1021 5350 1335 5404 ἀντιϐλέπειν
1366 5350 1496 5422 αὐτῇ
1546 5357 1607 5421 τῇ
1668 5352 1874 5419 πηγαίᾳ

261 5450 361 5491 τῶν
420 5439 647 5492 ἀκτίνων
709 5445 904 5513 σφαίρᾳ
960 5439 1350 5512 φιλονεικήσειε,
1420 5440 1604 5490 θᾶττον
1661 5435 1721 5487 ἂν
1776 5437 1872 5506 ὑφ-

265 5529 363 5592 έξει
421 5527 588 5588 δίκην
645 5536 746 5590 τῆς
801 5526 1132 5602 ἀσυμμέτρου
1197 5534 1311 5591 ταῖς
1354 5531 1534 5600 κόραις
1590 5523 1870 5596 ἀντοφθαλ-

1986 4900 2434 4974 putabatquam
2449 4899 2497 4953 si
2515 4904 2675 4954 terra
2689 4904 2825 4953 ante
2846 4897 3026 4966 pedes
3037 4895 3420 4951 dehisceret.‘l
3439 4908 3475 4947 u
3487 4891 3648 4948 enim

1983 4987 2048 5048 in
2083 4988 2392 5046 tradendis
2431 4990 2730 5044 Musarum
2761 4985 2989 5041 artibus
3028 5000 3167 5040 vera
3206 4988 3262 5039 et
3299 4981 3574 5038 doctrina
3595 4985 3651 5036 et

1985 5078 2305 5151 disciplina
2332 5075 2621 5144 utebaris,
2669 5075 2839 5130 aliter
2862 5091 2931 5130 ac
2958 5074 3063 5130 ille
3093 5075 3188 5129 vir
3217 5076 3494 5128 strenuus
3523 5070 3645 5141 qui,

1984 5178 2132 5229 teste
2149 5167 2428 5230 Homero,
2449 5167 2744 5220 insontem
2762 5179 2996 5235 quoque
3009 5163 3203 5232 culpa:
3216 5160 3624 5217 accusarit.Ra
3637 5189 3650 5198 -

1983 5259 2142 5318 tione
2156 5256 2447 5321 item,non
2473 5253 2847 5332 vehementia
2860 5253 3035 5320 duce,
3051 5251 3314 5306 sontium
3327 5266 3395 5304 ac
3408 5261 3648 5303 reorum

1982 5347 2220 5404 animos
2261 5344 2505 5416 culpam
2553 5343 2966 5399 confitentium
3017 5347 3072 5397 et
3118 5338 3647 5414 reprehensionem

1979 5436 2114 5491 vita
2147 5433 2595 5489 admittentium
2626 5431 2703 5486 ad
2746 5430 3162 5502 paenitentiam
3207 5425 3635 5499 compellebas.

1986 5525 2081 5582 Sic
2113 5523 2337 5594 tibi,vir
2359 5521 2623 5577 maxime
2642 5519 3180 5586 venerande,casta
3206 5521 3490 5572 venustas
3503 5511 3647 5600 ade-
