  <div class='ocr_page' id='page_1' title='image "/cluster/home/n/w/nwhite01/storage/ocr_20150623/140/hvd.32044073502551/195.png"; bbox 0 0 4152 6208; ppageno 0'>
   <div class='ocr_carea' id='block_1_1' title="bbox 481 237 580 294">
    <p class='ocr_par' dir='ltr' id='par_1_1' title="bbox 481 237 580 294">
     <span class='ocr_line' id='line_1_1' title="bbox 481 237 580 294; baseline -0.04 0"><span class='ocrx_word' id='word_1_1' title='bbox 481 237 580 294; x_wconf 83' lang='grc'>351</span> 
     </span>
    </p>
   </div>
   <div class='ocr_carea' id='block_1_2' title="bbox 1345 223 2975 289">
    <p class='ocr_par' dir='ltr' id='par_1_2' title="bbox 1345 223 2975 289">
     <span class='ocr_line' id='line_1_2' title="bbox 1345 223 2975 289; baseline -0.004 0"><span class='ocrx_word' id='word_1_2' title='bbox 1345 229 1716 289; x_wconf 81' lang='lat' dir='ltr'>MICHAELIS</span> <span class='ocrx_word' id='word_1_3' title='bbox 1751 228 2131 287; x_wconf 75' lang='lat' dir='ltr'>ACOMINATI</span> <span class='ocrx_word' id='word_1_4' title='bbox 2168 224 2607 286; x_wconf 76' lang='lat' dir='ltr'>ATHENARUM</span> <span class='ocrx_word' id='word_1_5' title='bbox 2642 223 2975 284; x_wconf 80' lang='lat' dir='ltr'>ARCHIEP.</span> 
     </span>
    </p>
   </div>
   <div class='ocr_carea' id='block_1_3' title="bbox 3725 226 3835 281">
    <p class='ocr_par' dir='ltr' id='par_1_3' title="bbox 3725 226 3835 281">
     <span class='ocr_line' id='line_1_3' title="bbox 3725 226 3835 281; baseline 0 0"><span class='ocrx_word' id='word_1_6' title='bbox 3725 226 3835 281; x_wconf 78' lang='lat'>352</span> 
     </span>
    </p>
   </div>
   <div class='ocr_carea' id='block_1_4' title="bbox 479 352 2162 428">
    <p class='ocr_par' dir='ltr' id='par_1_4' title="bbox 479 354 2125 428">
     <span class='ocr_line' id='line_1_4' title="bbox 479 354 2125 428; baseline -0.003 -10"><span class='ocrx_word' id='word_1_7' title='bbox 479 362 590 428; x_wconf 87' lang='lat' dir='ltr'>rat,</span> <span class='ocrx_word' id='word_1_8' title='bbox 622 360 680 416; x_wconf 90' lang='lat' dir='ltr'>et</span> <span class='ocrx_word' id='word_1_9' title='bbox 700 357 1214 416; x_wconf 76' lang='lat' dir='ltr'>incantamentum</span> <span class='ocrx_word' id='word_1_10' title='bbox 1242 355 1640 415; x_wconf 85' lang='lat' dir='ltr'>honoriﬁcum</span> <span class='ocrx_word' id='word_1_11' title='bbox 1669 359 1724 413; x_wconf 90' lang='lat' dir='ltr'>te</span> <span class='ocrx_word' id='word_1_12' title='bbox 1751 358 1815 413; x_wconf 84' lang='lat' dir='ltr'>ut</span> <span class='ocrx_word' id='word_1_13' title='bbox 1844 354 2125 413; x_wconf 85' lang='lat' dir='ltr'>sanctita-</span> 
     </span>
    </p>
   </div>
   <div class='ocr_carea' id='block_1_5' title="bbox 2246 352 3833 428">
    <p class='ocr_par' dir='ltr' id='par_1_5' title="bbox 2246 352 3833 425">
     <span class='ocr_line' id='line_1_5' title="bbox 2246 352 3833 425; baseline -0.002 -19"><span class='ocrx_word' id='word_1_14' title='bbox 2246 357 2464 417; x_wconf 65' lang='grc' dir='ltr'>αήσεως.</span> <span class='ocrx_word' id='word_1_15' title='bbox 2518 352 2664 407; x_wconf 81' lang='grc' dir='ltr'>Κατὰ</span> <span class='ocrx_word' id='word_1_16' title='bbox 2698 353 2868 405; x_wconf 76' lang='grc' dir='ltr'>ταυτα</span> <span class='ocrx_word' id='word_1_17' title='bbox 2921 352 3012 404; x_wconf 88' lang='grc' dir='ltr'>καὶ</span> <span class='ocrx_word' id='word_1_18' title='bbox 3065 356 3163 404; x_wconf 86' lang='grc' dir='ltr'>τῶν</span> <span class='ocrx_word' id='word_1_19' title='bbox 3214 352 3535 425; x_wconf 78' lang='grc' dir='ltr'>προσιόντων</span> <span class='ocrx_word' id='word_1_20' title='bbox 3585 367 3692 416; x_wconf 90' lang='grc' dir='ltr'>σοι,</span> <span class='ocrx_word' id='word_1_21' title='bbox 3756 357 3833 422; x_wconf 81' lang='grc' dir='ltr'>τῷ</span> 
     </span>
    </p>
   </div>
   <div class='ocr_carea' id='block_1_6' title="bbox 482 444 2127 525">
    <p class='ocr_par' dir='ltr' id='par_1_6' title="bbox 482 444 2127 525">
     <span class='ocr_line' id='line_1_6' title="bbox 482 444 2127 525; baseline -0.004 -18"><span class='ocrx_word' id='word_1_22' title='bbox 482 449 556 507; x_wconf 90' lang='lat' dir='ltr'>tis</span> <span class='ocrx_word' id='word_1_23' title='bbox 575 446 1101 525; x_wconf 79' lang='lat' dir='ltr'>propugnaculum</span> <span class='ocrx_word' id='word_1_24' title='bbox 1120 445 1345 518; x_wconf 90' lang='lat' dir='ltr'>ubique</span> <span class='ocrx_word' id='word_1_25' title='bbox 1366 445 1838 520; x_wconf 88' lang='lat' dir='ltr'>sequebatur.’l‘u</span> <span class='ocrx_word' id='word_1_26' title='bbox 1849 444 2127 501; x_wconf 87' lang='lat' dir='ltr'>homines</span> 
     </span>
    </p>
   </div>
   <div class='ocr_carea' id='block_1_7' title="bbox 483 533 2130 613">
    <p class='ocr_par' dir='ltr' id='par_1_7' title="bbox 483 533 2130 613">
     <span class='ocr_line' id='line_1_7' title="bbox 483 533 2130 613; baseline -0.002 -20"><span class='ocrx_word' id='word_1_27' title='bbox 483 538 588 613; x_wconf 87' lang='lat' dir='ltr'>qui</span> <span class='ocrx_word' id='word_1_28' title='bbox 617 554 655 594; x_wconf 90' lang='lat' dir='ltr'>a</span> <span class='ocrx_word' id='word_1_29' title='bbox 674 536 966 610; x_wconf 82' lang='lat' dir='ltr'>principio</span> <span class='ocrx_word' id='word_1_30' title='bbox 997 535 1197 592; x_wconf 88' lang='lat' dir='ltr'>minus</span> <span class='ocrx_word' id='word_1_31' title='bbox 1220 539 1276 592; x_wconf 89' lang='lat' dir='ltr'>te</span> <span class='ocrx_word' id='word_1_32' title='bbox 1294 534 1461 607; x_wconf 80' lang='lat' dir='ltr'>digni</span> <span class='ocrx_word' id='word_1_33' title='bbox 1490 534 1870 605; x_wconf 73' lang='lat' dir='ltr'>videbantur,</span> <span class='ocrx_word' id='word_1_34' title='bbox 1883 533 2130 591; x_wconf 90' lang='lat' dir='ltr'>rationis</span> 
     </span>
    </p>
   </div>
   <div class='ocr_carea' id='block_1_8' title="bbox 484 618 2129 696">
    <p class='ocr_par' dir='ltr' id='par_1_8' title="bbox 484 618 2129 696">
     <span class='ocr_line' id='line_1_8' title="bbox 484 618 2129 696; baseline -0.005 -13"><span class='ocrx_word' id='word_1_35' title='bbox 484 630 543 683; x_wconf 91' lang='lat' dir='ltr'>et</span> <span class='ocrx_word' id='word_1_36' title='bbox 570 625 857 683; x_wconf 88' lang='lat' dir='ltr'>orationis</span> <span class='ocrx_word' id='word_1_37' title='bbox 887 623 1132 693; x_wconf 79' lang='lat' dir='ltr'>auxilio,</span> <span class='ocrx_word' id='word_1_38' title='bbox 1168 639 1239 681; x_wconf 90' lang='lat' dir='ltr'>ac</span> <span class='ocrx_word' id='word_1_39' title='bbox 1263 637 1707 696; x_wconf 84' lang='lat' dir='ltr'>nonnunquam</span> <span class='ocrx_word' id='word_1_40' title='bbox 1728 636 1902 695; x_wconf 65' lang='lat' dir='ltr'>aquae</span> <span class='ocrx_word' id='word_1_41' title='bbox 1918 618 2129 693; x_wconf 86' lang='lat' dir='ltr'>puriﬁ-</span> 
     </span>
    </p>
   </div>
   <div class='ocr_carea' id='block_1_9' title="bbox 484 709 2131 787">
    <p class='ocr_par' dir='ltr' id='par_1_9' title="bbox 484 709 2131 787">
     <span class='ocr_line' id='line_1_9' title="bbox 484 709 2131 787; baseline -0.002 -16"><span class='ocrx_word' id='word_1_42' title='bbox 484 714 722 773; x_wconf 78' lang='lat' dir='ltr'>catoriae</span> <span class='ocrx_word' id='word_1_43' title='bbox 739 729 852 787; x_wconf 89' lang='lat' dir='ltr'>ope</span> <span class='ocrx_word' id='word_1_44' title='bbox 868 713 948 775; x_wconf 86' lang='lat' dir='ltr'>ad</span> <span class='ocrx_word' id='word_1_45' title='bbox 969 712 1449 787; x_wconf 88' lang='lat' dir='ltr'>resipiscendum</span> <span class='ocrx_word' id='word_1_46' title='bbox 1466 710 1921 787; x_wconf 77' lang='lat' dir='ltr'>perduxistiJlle</span> <span class='ocrx_word' id='word_1_47' title='bbox 1943 709 2131 769; x_wconf 83' lang='lat' dir='ltr'>Clear-</span> 
     </span>
    </p>
   </div>
   <div class='ocr_carea' id='block_1_10' title="bbox 483 800 2126 876">
    <p class='ocr_par' dir='ltr' id='par_1_10' title="bbox 483 800 2126 876">
     <span class='ocr_line' id='line_1_10' title="bbox 483 800 2126 876; baseline -0.004 -15"><span class='ocrx_word' id='word_1_48' title='bbox 483 804 656 870; x_wconf 83' lang='lat' dir='ltr'>chus,</span> <span class='ocrx_word' id='word_1_49' title='bbox 689 805 841 859; x_wconf 88' lang='lat' dir='ltr'>Laco</span> <span class='ocrx_word' id='word_1_50' title='bbox 871 802 1134 875; x_wconf 86' lang='lat' dir='ltr'>natione,</span> <span class='ocrx_word' id='word_1_51' title='bbox 1155 803 1559 876; x_wconf 81' lang='lat' dir='ltr'>Xenophonte</span> <span class='ocrx_word' id='word_1_52' title='bbox 1588 805 1758 867; x_wconf 89' lang='lat' dir='ltr'>teste,</span> <span class='ocrx_word' id='word_1_53' title='bbox 1778 800 2126 870; x_wconf 88' lang='lat' dir='ltr'>vultutetro,</span> 
     </span>
    </p>
   </div>
   <div class='ocr_carea' id='block_1_11' title="bbox 483 890 2132 964">
    <p class='ocr_par' dir='ltr' id='par_1_11' title="bbox 483 890 2132 964">
     <span class='ocr_line' id='line_1_11' title="bbox 483 890 2132 964; baseline -0.004 -14"><span class='ocrx_word' id='word_1_54' title='bbox 483 907 668 950; x_wconf 87' lang='lat' dir='ltr'>rauca</span> <span class='ocrx_word' id='word_1_55' title='bbox 687 890 1022 948; x_wconf 86' lang='lat' dir='ltr'>admodum</span> <span class='ocrx_word' id='word_1_56' title='bbox 1039 907 1183 949; x_wconf 88' lang='lat' dir='ltr'>voce</span> <span class='ocrx_word' id='word_1_57' title='bbox 1200 890 1517 964; x_wconf 88' lang='lat' dir='ltr'>erat,quod</span> <span class='ocrx_word' id='word_1_58' title='bbox 1529 895 1730 947; x_wconf 90' lang='lat' dir='ltr'>tamen</span> <span class='ocrx_word' id='word_1_59' title='bbox 1742 902 2132 962; x_wconf 79' lang='lat' dir='ltr'>nequaquam</span> 
     </span>
    </p>
   </div>
   <div class='ocr_carea' id='block_1_12' title="bbox 485 976 2131 1053">
    <p class='ocr_par' dir='ltr' id='par_1_12' title="bbox 485 976 2131 1053">
     <span class='ocr_line' id='line_1_12' title="bbox 485 976 2131 1053; baseline -0.004 -15"><span class='ocrx_word' id='word_1_60' title='bbox 485 979 798 1038; x_wconf 85' lang='lat' dir='ltr'>obstaculo</span> <span class='ocrx_word' id='word_1_61' title='bbox 823 979 931 1037; x_wconf 87' lang='lat' dir='ltr'>fuit</span> <span class='ocrx_word' id='word_1_62' title='bbox 959 981 1108 1053; x_wconf 89' lang='lat' dir='ltr'>quin</span> <span class='ocrx_word' id='word_1_63' title='bbox 1129 978 1416 1039; x_wconf 87' lang='lat' dir='ltr'>militibus</span> <span class='ocrx_word' id='word_1_64' title='bbox 1461 979 1583 1036; x_wconf 83' lang='lat' dir='ltr'>suis</span> <span class='ocrx_word' id='word_1_65' title='bbox 1604 978 1663 1038; x_wconf 90' lang='lat' dir='ltr'>in</span> <span class='ocrx_word' id='word_1_66' title='bbox 1692 992 1900 1052; x_wconf 86' lang='lat' dir='ltr'>pugna</span> <span class='ocrx_word' id='word_1_67' title='bbox 1929 976 2131 1053; x_wconf 51' lang='lat' dir='ltr'>splen-7</span> 
     </span>
    </p>
   </div>
   <div class='ocr_carea' id='block_1_13' title="bbox 486 1067 2133 1143">
    <p class='ocr_par' dir='ltr' id='par_1_13' title="bbox 486 1067 2133 1143">
     <span class='ocr_line' id='line_1_13' title="bbox 486 1067 2133 1143; baseline -0.003 -17"><span class='ocrx_word' id='word_1_68' title='bbox 486 1068 665 1127; x_wconf 91' lang='lat' dir='ltr'>didus</span> <span class='ocrx_word' id='word_1_69' title='bbox 694 1068 1018 1143; x_wconf 82' lang='lat' dir='ltr'>hilarisque</span> <span class='ocrx_word' id='word_1_70' title='bbox 1046 1068 1482 1140; x_wconf 85' lang='lat' dir='ltr'>antesignanus</span> <span class='ocrx_word' id='word_1_71' title='bbox 1518 1067 1711 1125; x_wconf 81' lang='lat' dir='ltr'>fuerit.</span> <span class='ocrx_word' id='word_1_72' title='bbox 1742 1069 1865 1124; x_wconf 88' lang='lat' dir='ltr'>Tua</span> <span class='ocrx_word' id='word_1_73' title='bbox 1893 1080 2133 1122; x_wconf 90' lang='lat' dir='ltr'>morum</span> 
     </span>
    </p>
   </div>
   <div class='ocr_carea' id='block_1_14' title="bbox 484 1154 2134 1233">
    <p class='ocr_par' dir='ltr' id='par_1_14' title="bbox 484 1154 2134 1233">
     <span class='ocr_line' id='line_1_14' title="bbox 484 1154 2134 1233; baseline -0.003 -17"><span class='ocrx_word' id='word_1_74' title='bbox 484 1159 696 1217; x_wconf 84' lang='lat' dir='ltr'>lenitas</span> <span class='ocrx_word' id='word_1_75' title='bbox 720 1158 994 1229; x_wconf 91' lang='lat' dir='ltr'>jucundo</span> <span class='ocrx_word' id='word_1_76' title='bbox 1025 1174 1262 1233; x_wconf 86' lang='lat' dir='ltr'>semper</span> <span class='ocrx_word' id='word_1_77' title='bbox 1291 1162 1493 1216; x_wconf 88' lang='lat' dir='ltr'>tenore</span> <span class='ocrx_word' id='word_1_78' title='bbox 1514 1155 1964 1215; x_wconf 87' lang='lat' dir='ltr'>occurrentibus</span> <span class='ocrx_word' id='word_1_79' title='bbox 1992 1154 2134 1212; x_wconf 89' lang='lat' dir='ltr'>arri-</span> 
     </span>
    </p>
   </div>
   <div class='ocr_carea' id='block_1_15' title="bbox 487 1246 2133 1322">
    <p class='ocr_par' dir='ltr' id='par_1_15' title="bbox 487 1246 2133 1322">
     <span class='ocr_line' id='line_1_15' title="bbox 487 1246 2133 1322; baseline -0.002 -17"><span class='ocrx_word' id='word_1_80' title='bbox 487 1249 580 1315; x_wconf 88' lang='lat' dir='ltr'>sit,</span> <span class='ocrx_word' id='word_1_81' title='bbox 599 1248 783 1321; x_wconf 89' lang='lat' dir='ltr'>idque</span> <span class='ocrx_word' id='word_1_82' title='bbox 813 1253 941 1305; x_wconf 92' lang='lat' dir='ltr'>tum</span> <span class='ocrx_word' id='word_1_83' title='bbox 967 1265 1233 1322; x_wconf 88' lang='lat' dir='ltr'>quoque,</span> <span class='ocrx_word' id='word_1_84' title='bbox 1250 1248 1356 1305; x_wconf 90' lang='lat' dir='ltr'>ubi</span> <span class='ocrx_word' id='word_1_85' title='bbox 1381 1248 1546 1320; x_wconf 91' lang='lat' dir='ltr'>justa</span> <span class='ocrx_word' id='word_1_86' title='bbox 1568 1247 1655 1304; x_wconf 87' lang='lat' dir='ltr'>ira</span> <span class='ocrx_word' id='word_1_87' title='bbox 1670 1247 1733 1303; x_wconf 91' lang='lat' dir='ltr'>in</span> <span class='ocrx_word' id='word_1_88' title='bbox 1756 1246 1950 1303; x_wconf 89' lang='lat' dir='ltr'>malos</span> <span class='ocrx_word' id='word_1_89' title='bbox 1966 1259 2133 1302; x_wconf 85' lang='lat' dir='ltr'>exar-</span> 
     </span>
    </p>
   </div>
   <div class='ocr_carea' id='block_1_16' title="bbox 487 1334 2134 1410">
    <p class='ocr_par' dir='ltr' id='par_1_16' title="bbox 487 1334 2134 1410">
     <span class='ocr_line' id='line_1_16' title="bbox 487 1334 2134 1410; baseline -0.001 -15"><span class='ocrx_word' id='word_1_90' title='bbox 487 1338 948 1406; x_wconf 87' lang='lat' dir='ltr'>descebas.Quis</span> <span class='ocrx_word' id='word_1_91' title='bbox 967 1342 1169 1396; x_wconf 90' lang='lat' dir='ltr'>autem</span> <span class='ocrx_word' id='word_1_92' title='bbox 1190 1338 1300 1395; x_wconf 89' lang='lat' dir='ltr'>abs</span> <span class='ocrx_word' id='word_1_93' title='bbox 1316 1342 1371 1395; x_wconf 91' lang='lat' dir='ltr'>te</span> <span class='ocrx_word' id='word_1_94' title='bbox 1387 1338 1777 1410; x_wconf 86' lang='lat' dir='ltr'>vituperatus,</span> <span class='ocrx_word' id='word_1_95' title='bbox 1798 1334 2134 1393; x_wconf 91' lang='lat' dir='ltr'>dummodo</span> 
     </span>
    </p>
   </div>
   <div class='ocr_carea' id='block_1_17' title="bbox 486 1423 2132 1496">
    <p class='ocr_par' dir='ltr' id='par_1_17' title="bbox 486 1423 2132 1496">
     <span class='ocr_line' id='line_1_17' title="bbox 486 1423 2132 1496; baseline -0.003 -12"><span class='ocrx_word' id='word_1_96' title='bbox 486 1443 610 1484; x_wconf 92' lang='lat' dir='ltr'>non</span> <span class='ocrx_word' id='word_1_97' title='bbox 639 1444 778 1483; x_wconf 91' lang='lat' dir='ltr'>cum</span> <span class='ocrx_word' id='word_1_98' title='bbox 833 1428 1036 1485; x_wconf 87' lang='lat' dir='ltr'>anima</span> <span class='ocrx_word' id='word_1_99' title='bbox 1078 1427 1181 1484; x_wconf 86' lang='lat' dir='ltr'>vili</span> <span class='ocrx_word' id='word_1_100' title='bbox 1212 1430 1389 1496; x_wconf 89' lang='lat' dir='ltr'>esset,</span> <span class='ocrx_word' id='word_1_101' title='bbox 1421 1442 1546 1483; x_wconf 91' lang='lat' dir='ltr'>non</span> <span class='ocrx_word' id='word_1_102' title='bbox 1598 1429 1912 1482; x_wconf 90' lang='lat' dir='ltr'>contentus</span> <span class='ocrx_word' id='word_1_103' title='bbox 1939 1423 2132 1493; x_wconf 79' lang='lat' dir='ltr'>fuerit,</span> 
     </span>
    </p>
   </div>
   <div class='ocr_carea' id='block_1_18' title="bbox 485 1513 2134 1588">
    <p class='ocr_par' dir='ltr' id='par_1_18' title="bbox 485 1513 2134 1588">
     <span class='ocr_line' id='line_1_18' title="bbox 485 1513 2134 1588; baseline -0.002 -15"><span class='ocrx_word' id='word_1_104' title='bbox 485 1516 672 1573; x_wconf 89' lang='lat' dir='ltr'>verba</span> <span class='ocrx_word' id='word_1_105' title='bbox 692 1516 947 1573; x_wconf 88' lang='lat' dir='ltr'>audiens</span> <span class='ocrx_word' id='word_1_106' title='bbox 975 1516 1383 1574; x_wconf 85' lang='lat' dir='ltr'>consolatoria</span> <span class='ocrx_word' id='word_1_107' title='bbox 1406 1516 1603 1586; x_wconf 84' lang='lat' dir='ltr'>magis</span> <span class='ocrx_word' id='word_1_108' title='bbox 1634 1530 1820 1588; x_wconf 89' lang='lat' dir='ltr'>quam</span> <span class='ocrx_word' id='word_1_109' title='bbox 1839 1513 2134 1587; x_wconf 87' lang='lat' dir='ltr'>vitupera-</span> 
     </span>
    </p>
   </div>
   <div class='ocr_carea' id='block_1_19' title="bbox 486 1602 2136 1679">
    <p class='ocr_par' dir='ltr' id='par_1_19' title="bbox 486 1602 2136 1679">
     <span class='ocr_line' id='line_1_19' title="bbox 486 1602 2136 1679; baseline -0.002 -17"><span class='ocrx_word' id='word_1_110' title='bbox 486 1607 657 1671; x_wconf 89' lang='lat' dir='ltr'>toria,</span> <span class='ocrx_word' id='word_1_111' title='bbox 688 1621 859 1662; x_wconf 89' lang='lat' dir='ltr'>rosas</span> <span class='ocrx_word' id='word_1_112' title='bbox 885 1605 1022 1679; x_wconf 89' lang='lat' dir='ltr'>plus</span> <span class='ocrx_word' id='word_1_113' title='bbox 1050 1622 1238 1679; x_wconf 90' lang='lat' dir='ltr'>quam</span> <span class='ocrx_word' id='word_1_114' title='bbox 1266 1606 1469 1679; x_wconf 89' lang='lat' dir='ltr'>spinas</span> <span class='ocrx_word' id='word_1_115' title='bbox 1499 1622 1571 1662; x_wconf 91' lang='lat' dir='ltr'>ea</span> <span class='ocrx_word' id='word_1_116' title='bbox 1614 1603 2011 1661; x_wconf 59' lang='lat' dir='ltr'>aestimando?</span> <span class='ocrx_word' id='word_1_117' title='bbox 2043 1602 2136 1659; x_wconf 90' lang='lat' dir='ltr'>Sic</span> 
     </span>
    </p>
   </div>
   <div class='ocr_carea' id='block_1_20' title="bbox 2236 435 3838 515">
    <p class='ocr_par' dir='ltr' id='par_1_20' title="bbox 2236 435 3838 515">
     <span class='ocr_line' id='line_1_20' title="bbox 2236 435 3838 515; baseline -0.004 -18"><span class='ocrx_word' id='word_1_118' title='bbox 2236 444 2355 497; x_wconf 85' lang='grc' dir='ltr'>καθ’</span> <span class='ocrx_word' id='word_1_119' title='bbox 2397 444 2537 515; x_wconf 70' lang='grc' dir='ltr'>ἡμᾶς</span> <span class='ocrx_word' id='word_1_120' title='bbox 2576 437 2946 514; x_wconf 81' lang='grc' dir='ltr'>θεοειδεστάτῳ</span> <span class='ocrx_word' id='word_1_121' title='bbox 2984 440 3131 513; x_wconf 79' lang='grc' dir='ltr'>ἡλίῳ,</span> <span class='ocrx_word' id='word_1_122' title='bbox 3179 438 3274 493; x_wconf 82' lang='grc' dir='ltr'>οὑκ</span> <span class='ocrx_word' id='word_1_123' title='bbox 3310 436 3548 514; x_wconf 79' lang='grc' dir='ltr'>ἀνδρεῖος</span> <span class='ocrx_word' id='word_1_124' title='bbox 3595 435 3677 511; x_wconf 77' lang='grc' dir='ltr'>ἧν,</span> <span class='ocrx_word' id='word_1_125' title='bbox 3725 437 3838 492; x_wconf 78' lang='grc' dir='ltr'>ἀλλ’</span> 
     </span>
    </p>
   </div>
   <div class='ocr_carea' id='block_1_21' title="bbox 2236 524 3834 604">
    <p class='ocr_par' dir='ltr' id='par_1_21' title="bbox 2236 524 3834 604">
     <span class='ocr_line' id='line_1_21' title="bbox 2236 524 3834 604; baseline -0.003 -18"><span class='ocrx_word' id='word_1_126' title='bbox 2236 534 2393 594; x_wconf 80' lang='grc' dir='ltr'>ἄνους</span> <span class='ocrx_word' id='word_1_127' title='bbox 2424 534 2514 584; x_wconf 84' lang='grc' dir='ltr'>καὶ</span> <span class='ocrx_word' id='word_1_128' title='bbox 2577 529 2775 604; x_wconf 87' lang='grc' dir='ltr'>ἰταμὸς,</span> <span class='ocrx_word' id='word_1_129' title='bbox 2839 528 3052 603; x_wconf 76' lang='grc' dir='ltr'>ἀγνοῶν,</span> <span class='ocrx_word' id='word_1_130' title='bbox 3101 531 3219 583; x_wconf 86' lang='grc' dir='ltr'>ὅποι</span> <span class='ocrx_word' id='word_1_131' title='bbox 3273 531 3395 583; x_wconf 69' lang='grc' dir='ltr'>ποτε</span> <span class='ocrx_word' id='word_1_132' title='bbox 3450 524 3695 581; x_wconf 78' lang='grc' dir='ltr'>κινδύνου</span> <span class='ocrx_word' id='word_1_133' title='bbox 3738 532 3834 594; x_wconf 78' lang='grc' dir='ltr'>φέ-</span> 
     </span>
    </p>
   </div>
   <div class='ocr_carea' id='block_1_22' title="bbox 2236 617 3834 700">
    <p class='ocr_par' dir='ltr' id='par_1_22' title="bbox 2236 617 3834 700">
     <span class='ocr_line' id='line_1_22' title="bbox 2236 617 3834 700; baseline -0.004 -23"><span class='ocrx_word' id='word_1_134' title='bbox 2236 641 2404 700; x_wconf 89' lang='grc' dir='ltr'>ρεται,</span> <span class='ocrx_word' id='word_1_135' title='bbox 2434 622 2461 675; x_wconf 99' lang='lat'>6</span> <span class='ocrx_word' id='word_1_136' title='bbox 2491 625 2563 695; x_wconf 77' lang='grc' dir='ltr'>μὴ</span> <span class='ocrx_word' id='word_1_137' title='bbox 2616 622 2752 675; x_wconf 86' lang='grc' dir='ltr'>πάνυ</span> <span class='ocrx_word' id='word_1_138' title='bbox 2798 640 2851 673; x_wconf 91' lang='grc' dir='ltr'>τι</span> <span class='ocrx_word' id='word_1_139' title='bbox 2882 618 3105 683; x_wconf 73' lang='grc' dir='ltr'>εὐλαϐῶς</span> <span class='ocrx_word' id='word_1_140' title='bbox 3149 623 3381 693; x_wconf 87' lang='grc' dir='ltr'>προσιὼν</span> <span class='ocrx_word' id='word_1_141' title='bbox 3422 623 3519 673; x_wconf 88' lang='grc' dir='ltr'>παὶ</span> <span class='ocrx_word' id='word_1_142' title='bbox 3560 617 3834 692; x_wconf 83' lang='grc' dir='ltr'>πεφυλαγ-</span> 
     </span>
    </p>
   </div>
   <div class='ocr_carea' id='block_1_23' title="bbox 2238 706 3836 787">
    <p class='ocr_par' dir='ltr' id='par_1_23' title="bbox 2238 706 3836 787">
     <span class='ocr_line' id='line_1_23' title="bbox 2238 706 3836 787; baseline -0.004 -22"><span class='ocrx_word' id='word_1_143' title='bbox 2238 715 2407 787; x_wconf 82' lang='grc' dir='ltr'>μένος,</span> <span class='ocrx_word' id='word_1_144' title='bbox 2483 716 2660 784; x_wconf 78' lang='grc' dir='ltr'>μήπου</span> <span class='ocrx_word' id='word_1_145' title='bbox 2721 729 2774 763; x_wconf 93' lang='grc' dir='ltr'>τι</span> <span class='ocrx_word' id='word_1_146' title='bbox 2849 708 3050 783; x_wconf 71' lang='grc' dir='ltr'>ἐκμελὲς</span> <span class='ocrx_word' id='word_1_147' title='bbox 3105 708 3515 783; x_wconf 82' lang='grc' dir='ltr'>παραφέγξαιτο,</span> <span class='ocrx_word' id='word_1_148' title='bbox 3573 708 3603 774; x_wconf 73' lang='grc' dir='ltr'><strong>ᾖ</strong></span> <span class='ocrx_word' id='word_1_149' title='bbox 3664 706 3836 772; x_wconf 77' lang='grc' dir='ltr'>ἄλλως</span> 
     </span>
    </p>
   </div>
   <div class='ocr_carea' id='block_1_24' title="bbox 2239 796 3835 877">
    <p class='ocr_par' dir='ltr' id='par_1_24' title="bbox 2239 796 3835 877">
     <span class='ocr_line' id='line_1_24' title="bbox 2239 796 3835 877; baseline -0.001 -24"><span class='ocrx_word' id='word_1_150' title='bbox 2239 800 2698 877; x_wconf 83' lang='grc' dir='ltr'>ὑπαγροικίσαιτο.</span> <span class='ocrx_word' id='word_1_151' title='bbox 2766 802 2836 856; x_wconf 84' lang='grc' dir='ltr'>Τὸ</span> <span class='ocrx_word' id='word_1_152' title='bbox 2905 800 3006 874; x_wconf 82' lang='grc' dir='ltr'>γὰρ</span> <span class='ocrx_word' id='word_1_153' title='bbox 3075 796 3446 871; x_wconf 77' lang='grc' dir='ltr'>ἐπιτιμηθῆναι</span> <span class='ocrx_word' id='word_1_154' title='bbox 3518 798 3663 871; x_wconf 83' lang='grc' dir='ltr'>παρὰ</span> <span class='ocrx_word' id='word_1_155' title='bbox 3735 803 3835 851; x_wconf 78' lang='grc' dir='ltr'>σοῦ</span> 
     </span>
    </p>
   </div>
   <div class='ocr_carea' id='block_1_25' title="bbox 2237 882 3836 961">
    <p class='ocr_par' dir='ltr' id='par_1_25' title="bbox 2237 882 3836 961">
     <span class='ocr_line' id='line_1_25' title="bbox 2237 882 3836 961; baseline -0.001 -20"><span class='ocrx_word' id='word_1_156' title='bbox 2237 891 2353 943; x_wconf 81' lang='grc' dir='ltr'>ἴσον</span> <span class='ocrx_word' id='word_1_157' title='bbox 2411 885 2441 947; x_wconf 76' lang='grc' dir='ltr'>ἧ</span> <span class='ocrx_word' id='word_1_158' title='bbox 2492 896 2565 960; x_wconf 80' lang='grc' dir='ltr'>τῷ</span> <span class='ocrx_word' id='word_1_159' title='bbox 2622 907 2680 960; x_wconf 79' lang='grc' dir='ltr'>γε</span> <span class='ocrx_word' id='word_1_160' title='bbox 2742 890 3052 961; x_wconf 74' lang='grc' dir='ltr'>μαινομένῳ,</span> <span class='ocrx_word' id='word_1_161' title='bbox 3110 891 3199 940; x_wconf 77' lang='grc' dir='ltr'>καὶ</span> <span class='ocrx_word' id='word_1_162' title='bbox 3262 890 3351 946; x_wconf 75' lang='grc' dir='ltr'>τὴν</span> <span class='ocrx_word' id='word_1_163' title='bbox 3397 890 3497 959; x_wconf 76' lang='grc' dir='ltr'>γὴν</span> <span class='ocrx_word' id='word_1_164' title='bbox 3546 882 3836 945; x_wconf 71' lang='grc' dir='ltr'>διαστῆναι</span> 
     </span>
    </p>
   </div>
   <div class='ocr_carea' id='block_1_26' title="bbox 2240 974 3835 1052">
    <p class='ocr_par' dir='ltr' id='par_1_26' title="bbox 2240 974 3835 1052">
     <span class='ocr_line' id='line_1_26' title="bbox 2240 974 3835 1052; baseline -0.004 -19"><span class='ocrx_word' id='word_1_165' title='bbox 2240 980 2289 1033; x_wconf 80' lang='grc' dir='ltr'>οἱ</span> <span class='ocrx_word' id='word_1_166' title='bbox 2359 979 2541 1036; x_wconf 76' lang='grc' dir='ltr'>αὐτόν.</span> <span class='ocrx_word' id='word_1_167' title='bbox 2598 976 2674 1030; x_wconf 68' lang='lat' dir='ltr'>Oi}</span> <span class='ocrx_word' id='word_1_168' title='bbox 2724 978 2826 1052; x_wconf 76' lang='grc' dir='ltr'>γὰρ</span> <span class='ocrx_word' id='word_1_169' title='bbox 2879 976 3284 1050; x_wconf 68' lang='grc' dir='ltr'>ψυχαγωγῆσαι</span> <span class='ocrx_word' id='word_1_170' title='bbox 3338 980 3489 1049; x_wconf 91' lang='grc' dir='ltr'>μόνον</span> <span class='ocrx_word' id='word_1_171' title='bbox 3555 974 3835 1048; x_wconf 83' lang='grc' dir='ltr'>ἐμμοὺσως</span> 
     </span>
    </p>
   </div>
   <div class='ocr_carea' id='block_1_27' title="bbox 2241 1062 3835 1139">
    <p class='ocr_par' dir='ltr' id='par_1_27' title="bbox 2241 1062 3835 1139">
     <span class='ocr_line' id='line_1_27' title="bbox 2241 1062 3835 1139; baseline -0.001 -19"><span class='ocrx_word' id='word_1_172' title='bbox 2241 1065 2637 1139; x_wconf 85' lang='grc' dir='ltr'>ἐπαγωγότατος</span> <span class='ocrx_word' id='word_1_173' title='bbox 2682 1062 2826 1125; x_wconf 74' lang='grc' dir='ltr'>ἦσθα</span> <span class='ocrx_word' id='word_1_174' title='bbox 2862 1070 2951 1119; x_wconf 83' lang='grc' dir='ltr'>καὶ</span> <span class='ocrx_word' id='word_1_175' title='bbox 2994 1070 3365 1139; x_wconf 76' lang='grc' dir='ltr'>χαριέστατος,</span> <span class='ocrx_word' id='word_1_176' title='bbox 3407 1062 3537 1118; x_wconf 79' lang='grc' dir='ltr'>ἀλλὰ</span> <span class='ocrx_word' id='word_1_177' title='bbox 3584 1069 3673 1117; x_wconf 86' lang='grc' dir='ltr'>καὶ</span> <span class='ocrx_word' id='word_1_178' title='bbox 3719 1066 3835 1118; x_wconf 80' lang='grc' dir='ltr'>ἐπιο</span> 
     </span>
    </p>
   </div>
   <div class='ocr_carea' id='block_1_28' title="bbox 2240 1152 3833 1230">
    <p class='ocr_par' dir='ltr' id='par_1_28' title="bbox 2240 1152 3833 1230">
     <span class='ocr_line' id='line_1_28' title="bbox 2240 1152 3833 1230; baseline -0.003 -21"><span class='ocrx_word' id='word_1_179' title='bbox 2240 1155 2433 1219; x_wconf 80' lang='grc' dir='ltr'>πλῆξαι</span> <span class='ocrx_word' id='word_1_180' title='bbox 2488 1152 2835 1217; x_wconf 84' lang='grc' dir='ltr'>παιδευτικῶς</span> <span class='ocrx_word' id='word_1_181' title='bbox 2898 1153 3303 1230; x_wconf 83' lang='grc' dir='ltr'>ἐμϐριθέστατος</span> <span class='ocrx_word' id='word_1_182' title='bbox 3344 1171 3361 1189; x_wconf 77' lang='grc' dir='ltr'><strong><em>ο</em></strong></span> <span class='ocrx_word' id='word_1_183' title='bbox 3427 1154 3487 1207; x_wconf 79' lang='grc' dir='ltr'>οὑ</span> <span class='ocrx_word' id='word_1_184' title='bbox 3554 1155 3689 1206; x_wconf 82' lang='grc' dir='ltr'>κατὰ</span> <span class='ocrx_word' id='word_1_185' title='bbox 3744 1154 3833 1206; x_wconf 84' lang='grc' dir='ltr'>τὸν</span> 
     </span>
    </p>
   </div>
   <div class='ocr_carea' id='block_1_29' title="bbox 2239 1240 3835 1319">
    <p class='ocr_par' dir='ltr' id='par_1_29' title="bbox 2239 1240 3835 1319">
     <span class='ocr_line' id='line_1_29' title="bbox 2239 1240 3835 1319; baseline -0.001 -23"><span class='ocrx_word' id='word_1_186' title='bbox 2239 1244 2364 1319; x_wconf 82' lang='grc' dir='ltr'>παρ’</span> <span class='ocrx_word' id='word_1_187' title='bbox 2399 1243 2606 1318; x_wconf 75' lang='grc' dir='ltr'>Ὁμήρῳ</span> <span class='ocrx_word' id='word_1_188' title='bbox 2654 1240 2821 1298; x_wconf 86' lang='grc' dir='ltr'>δεινόν</span> <span class='ocrx_word' id='word_1_189' title='bbox 2867 1240 3059 1317; x_wconf 79' lang='grc' dir='ltr'>ἄνδρα,</span> <span class='ocrx_word' id='word_1_190' title='bbox 3109 1243 3159 1304; x_wconf 86' lang='grc' dir='ltr'>ὃς</span> <span class='ocrx_word' id='word_1_191' title='bbox 3209 1245 3355 1316; x_wconf 89' lang='grc' dir='ltr'>τάχα</span> <span class='ocrx_word' id='word_1_192' title='bbox 3399 1261 3505 1310; x_wconf 85' lang='grc' dir='ltr'>κεν,</span> <span class='ocrx_word' id='word_1_193' title='bbox 3549 1246 3700 1315; x_wconf 72' lang='grc' dir='ltr'>φησι,</span> <span class='ocrx_word' id='word_1_194' title='bbox 3741 1244 3835 1295; x_wconf 77' lang='grc' dir='ltr'>καὶ</span> 
     </span>
    </p>
   </div>
   <div class='ocr_carea' id='block_1_30' title="bbox 2242 1328 3835 1407">
    <p class='ocr_par' dir='ltr' id='par_1_30' title="bbox 2242 1328 3835 1407">
     <span class='ocr_line' id='line_1_30' title="bbox 2242 1328 3835 1407; baseline -0.003 -22"><span class='ocrx_word' id='word_1_195' title='bbox 2242 1331 2470 1387; x_wconf 81' lang='grc' dir='ltr'>ἀναίτιον</span> <span class='ocrx_word' id='word_1_196' title='bbox 2500 1333 2760 1405; x_wconf 78' lang='grc' dir='ltr'>αἰτιόῳτο.</span> <span class='ocrx_word' id='word_1_197' title='bbox 2792 1335 2862 1386; x_wconf 89' lang='grc' dir='ltr'>Τὸ</span> <span class='ocrx_word' id='word_1_198' title='bbox 2916 1335 3017 1407; x_wconf 81' lang='grc' dir='ltr'>γὰρ</span> <span class='ocrx_word' id='word_1_199' title='bbox 3064 1332 3255 1405; x_wconf 73' lang='grc' dir='ltr'>εὐλόγῳ</span> <span class='ocrx_word' id='word_1_200' title='bbox 3313 1336 3403 1386; x_wconf 81' lang='grc' dir='ltr'>καὶ</span> <span class='ocrx_word' id='word_1_201' title='bbox 3449 1335 3641 1405; x_wconf 81' lang='grc' dir='ltr'>καιρίῳ</span> <span class='ocrx_word' id='word_1_202' title='bbox 3680 1328 3835 1384; x_wconf 69' lang='grc' dir='ltr'>πλέον</span> 
     </span>
    </p>
   </div>
   <div class='ocr_carea' id='block_1_31' title="bbox 2240 1418 3839 1495">
    <p class='ocr_par' dir='ltr' id='par_1_31' title="bbox 2240 1418 3839 1495">
     <span class='ocr_line' id='line_1_31' title="bbox 2240 1418 3839 1495; baseline -0.006 -15"><span class='ocrx_word' id='word_1_203' title='bbox 2240 1422 2271 1481; x_wconf 75' lang='grc' dir='ltr'><strong>ἣ</strong></span> <span class='ocrx_word' id='word_1_204' title='bbox 2305 1429 2377 1493; x_wconf 85' lang='grc' dir='ltr'>τῷ</span> <span class='ocrx_word' id='word_1_205' title='bbox 2423 1418 2637 1495; x_wconf 83' lang='grc' dir='ltr'>σφοδρῷ</span> <span class='ocrx_word' id='word_1_206' title='bbox 2693 1420 2919 1495; x_wconf 80' lang='grc' dir='ltr'>βάλλων,</span> <span class='ocrx_word' id='word_1_207' title='bbox 2952 1419 3251 1495; x_wconf 84' lang='grc' dir='ltr'>ἐπέστρεφες</span> <span class='ocrx_word' id='word_1_208' title='bbox 3310 1423 3398 1473; x_wconf 83' lang='grc' dir='ltr'>τόν</span> <span class='ocrx_word' id='word_1_209' title='bbox 3452 1422 3714 1486; x_wconf 82' lang='grc' dir='ltr'>ὑπαίτιον,</span> <span class='ocrx_word' id='word_1_210' title='bbox 3764 1421 3839 1480; x_wconf 83' lang='grc' dir='ltr'>ὡς</span> 
     </span>
    </p>
   </div>
   <div class='ocr_carea' id='block_1_32' title="bbox 2243 1507 3837 1586">
    <p class='ocr_par' dir='ltr' id='par_1_32' title="bbox 2243 1507 3837 1586">
     <span class='ocr_line' id='line_1_32' title="bbox 2243 1507 3837 1586; baseline -0.003 -21"><span class='ocrx_word' id='word_1_211' title='bbox 2243 1507 2372 1586; x_wconf 83' lang='grc' dir='ltr'>μηδ’</span> <span class='ocrx_word' id='word_1_212' title='bbox 2439 1509 2499 1563; x_wconf 80' lang='grc' dir='ltr'>ἂν</span> <span class='ocrx_word' id='word_1_213' title='bbox 2579 1510 2733 1564; x_wconf 83' lang='grc' dir='ltr'>αὑτὸν</span> <span class='ocrx_word' id='word_1_214' title='bbox 2789 1514 2874 1564; x_wconf 89' lang='grc' dir='ltr'>τόν</span> <span class='ocrx_word' id='word_1_215' title='bbox 2940 1508 3308 1583; x_wconf 80' lang='grc' dir='ltr'>ἐπιτιμώμενον</span> <span class='ocrx_word' id='word_1_216' title='bbox 3370 1508 3719 1584; x_wconf 79' lang='grc' dir='ltr'>ἀπαρνεῖσθαι</span> <span class='ocrx_word' id='word_1_217' title='bbox 3779 1511 3837 1561; x_wconf 84' lang='grc' dir='ltr'>τὸ</span> 
     </span>
    </p>
   </div>
   <div class='ocr_carea' id='block_1_33' title="bbox 2244 1596 3842 1673">
    <p class='ocr_par' dir='ltr' id='par_1_33' title="bbox 2244 1596 3842 1673">
     <span class='ocr_line' id='line_1_33' title="bbox 2244 1596 3842 1673; baseline -0.003 -20"><span class='ocrx_word' id='word_1_218' title='bbox 2244 1604 2315 1673; x_wconf 77' lang='grc' dir='ltr'>μὴ</span> <span class='ocrx_word' id='word_1_219' title='bbox 2349 1599 2407 1653; x_wconf 85' lang='grc' dir='ltr'>οὑ</span> <span class='ocrx_word' id='word_1_220' title='bbox 2449 1596 2669 1662; x_wconf 85' lang='grc' dir='ltr'>δικαίως</span> <span class='ocrx_word' id='word_1_221' title='bbox 2727 1599 3048 1653; x_wconf 74' lang='grc' dir='ltr'>εὐθύνεσθαι.</span> <span class='ocrx_word' id='word_1_222' title='bbox 3114 1599 3294 1659; x_wconf 74' lang='grc' dir='ltr'>Οὕτως</span> <span class='ocrx_word' id='word_1_223' title='bbox 3342 1600 3371 1657; x_wconf 76' lang='grc' dir='ltr'>ἧ</span> <span class='ocrx_word' id='word_1_224' title='bbox 3412 1601 3464 1651; x_wconf 62' lang='grc' dir='ltr'>τε</span> <span class='ocrx_word' id='word_1_225' title='bbox 3515 1598 3842 1670; x_wconf 75' lang='grc' dir='ltr'>ἁγιοπρεπὴς</span> 
     </span>
    </p>
   </div>
   <div class='ocr_carea' id='block_1_34' title="bbox 486 1682 2162 1770">
    <p class='ocr_par' dir='ltr' id='par_1_34' title="bbox 486 1694 2138 1767">
     <span class='ocr_line' id='line_1_34' title="bbox 486 1694 2138 1767; baseline -0.001 -16"><span class='ocrx_word' id='word_1_226' title='bbox 486 1710 597 1751; x_wconf 88' lang='lat' dir='ltr'>nec</span> <span class='ocrx_word' id='word_1_227' title='bbox 627 1695 1034 1753; x_wconf 88' lang='lat' dir='ltr'>mansuetudo</span> <span class='ocrx_word' id='word_1_228' title='bbox 1062 1700 1168 1752; x_wconf 87' lang='lat' dir='ltr'>tua</span> <span class='ocrx_word' id='word_1_229' title='bbox 1198 1696 1324 1752; x_wconf 91' lang='lat' dir='ltr'>sine</span> <span class='ocrx_word' id='word_1_230' title='bbox 1364 1694 1573 1752; x_wconf 90' lang='lat' dir='ltr'>aculeo</span> <span class='ocrx_word' id='word_1_231' title='bbox 1617 1698 1762 1762; x_wconf 90' lang='lat' dir='ltr'>erat,</span> <span class='ocrx_word' id='word_1_232' title='bbox 1818 1709 1939 1767; x_wconf 91' lang='lat' dir='ltr'>quo</span> <span class='ocrx_word' id='word_1_233' title='bbox 1983 1708 2138 1766; x_wconf 89' lang='lat' dir='ltr'>opus</span> 
     </span>
    </p>
   </div>
   <div class='ocr_carea' id='block_1_35' title="bbox 2246 1682 3843 1770">
    <p class='ocr_par' dir='ltr' id='par_1_35' title="bbox 2246 1682 3843 1762">
     <span class='ocr_line' id='line_1_35' title="bbox 2246 1682 3843 1762; baseline -0.001 -22"><span class='ocrx_word' id='word_1_234' title='bbox 2246 1690 2408 1762; x_wconf 88' lang='grc' dir='ltr'>χάρις</span> <span class='ocrx_word' id='word_1_235' title='bbox 2439 1686 2710 1762; x_wconf 86' lang='grc' dir='ltr'>ἐπεμειδία</span> <span class='ocrx_word' id='word_1_236' title='bbox 2776 1707 2880 1758; x_wconf 93' lang='grc' dir='ltr'>σοι,</span> <span class='ocrx_word' id='word_1_237' title='bbox 2938 1693 3305 1762; x_wconf 80' lang='grc' dir='ltr'>μακαριώτατε</span> <span class='ocrx_word' id='word_1_238' title='bbox 3356 1682 3580 1758; x_wconf 76' lang='grc' dir='ltr'>ἀνδρῶν,</span> <span class='ocrx_word' id='word_1_239' title='bbox 3637 1690 3727 1739; x_wconf 81' lang='grc' dir='ltr'>καὶ</span> <span class='ocrx_word' id='word_1_240' title='bbox 3783 1689 3843 1738; x_wconf 87' lang='grc' dir='ltr'>τὸ</span> 
     </span>
    </p>
   </div>
   <div class='ocr_carea' id='block_1_36' title="bbox 486 1783 2137 1849">
    <p class='ocr_par' dir='ltr' id='par_1_36' title="bbox 486 1783 2137 1849">
     <span class='ocr_line' id='line_1_36' title="bbox 486 1783 2137 1849; baseline -0.001 -10"><span class='ocrx_word' id='word_1_241' title='bbox 486 1783 750 1840; x_wconf 86' lang='lat' dir='ltr'>habebat</span> <span class='ocrx_word' id='word_1_242' title='bbox 814 1783 893 1839; x_wconf 91' lang='lat' dir='ltr'>ad</span> <span class='ocrx_word' id='word_1_243' title='bbox 940 1785 1064 1841; x_wconf 88' lang='lat' dir='ltr'>vim</span> <span class='ocrx_word' id='word_1_244' title='bbox 1116 1783 1627 1841; x_wconf 87' lang='lat' dir='ltr'>admonitionibus</span> <span class='ocrx_word' id='word_1_245' title='bbox 1673 1783 1975 1849; x_wconf 88' lang='lat' dir='ltr'>dandam;</span> <span class='ocrx_word' id='word_1_246' title='bbox 2026 1797 2137 1838; x_wconf 90' lang='lat' dir='ltr'>nec</span> 
     </span>
    </p>
   </div>
   <div class='ocr_carea' id='block_1_37' title="bbox 488 1869 2142 1945">
    <p class='ocr_par' dir='ltr' id='par_1_37' title="bbox 488 1869 2142 1945">
     <span class='ocr_line' id='line_1_37' title="bbox 488 1869 2142 1945; baseline 0 -19"><span class='ocrx_word' id='word_1_247' title='bbox 488 1872 818 1928; x_wconf 85' lang='lat' dir='ltr'>acrimonia</span> <span class='ocrx_word' id='word_1_248' title='bbox 832 1873 1209 1943; x_wconf 88' lang='lat' dir='ltr'>jucunditate</span> <span class='ocrx_word' id='word_1_249' title='bbox 1230 1873 1473 1930; x_wconf 88' lang='lat' dir='ltr'>carebat</span> <span class='ocrx_word' id='word_1_250' title='bbox 1496 1890 1508 1928; x_wconf 89' lang='lat'><strong>:</strong></span> <span class='ocrx_word' id='word_1_251' title='bbox 1535 1876 1858 1945; x_wconf 90' lang='lat' dir='ltr'>utrumque</span> <span class='ocrx_word' id='word_1_252' title='bbox 1879 1870 2039 1927; x_wconf 91' lang='lat' dir='ltr'>enim</span> <span class='ocrx_word' id='word_1_253' title='bbox 2059 1869 2142 1926; x_wconf 85' lang='lat' dir='ltr'>fe-</span> 
     </span>
    </p>
   </div>
   <div class='ocr_carea' id='block_1_38' title="bbox 487 1959 2142 2033">
    <p class='ocr_par' dir='ltr' id='par_1_38' title="bbox 487 1959 2142 2033">
     <span class='ocr_line' id='line_1_38' title="bbox 487 1959 2142 2033; baseline -0.001 -17"><span class='ocrx_word' id='word_1_254' title='bbox 487 1960 772 2016; x_wconf 87' lang='lat' dir='ltr'>licissima</span> <span class='ocrx_word' id='word_1_255' title='bbox 801 1961 1053 2019; x_wconf 91' lang='lat' dir='ltr'>mistura</span> <span class='ocrx_word' id='word_1_256' title='bbox 1081 1962 1498 2019; x_wconf 87' lang='lat' dir='ltr'>consociatum</span> <span class='ocrx_word' id='word_1_257' title='bbox 1529 1966 1676 2018; x_wconf 89' lang='lat' dir='ltr'>erat.</span> <span class='ocrx_word' id='word_1_258' title='bbox 1696 1964 1779 2017; x_wconf 88' lang='lat' dir='ltr'>Tu</span> <span class='ocrx_word' id='word_1_259' title='bbox 1807 1961 1935 2032; x_wconf 91' lang='lat' dir='ltr'>ipse</span> <span class='ocrx_word' id='word_1_260' title='bbox 1953 1959 2142 2033; x_wconf 86' lang='lat' dir='ltr'>probe</span> 
     </span>
    </p>
   </div>
   <div class='ocr_carea' id='block_1_39' title="bbox 488 2048 2136 2123">
    <p class='ocr_par' dir='ltr' id='par_1_39' title="bbox 488 2048 2136 2123">
     <span class='ocr_line' id='line_1_39' title="bbox 488 2048 2136 2123; baseline -0.001 -19"><span class='ocrx_word' id='word_1_261' title='bbox 488 2048 645 2104; x_wconf 87' lang='lat' dir='ltr'>nosti</span> <span class='ocrx_word' id='word_1_262' title='bbox 665 2048 810 2104; x_wconf 88' lang='lat' dir='ltr'>nihil</span> <span class='ocrx_word' id='word_1_263' title='bbox 835 2064 1046 2106; x_wconf 89' lang='lat' dir='ltr'>eorum</span> <span class='ocrx_word' id='word_1_264' title='bbox 1075 2066 1213 2123; x_wconf 80' lang='lat' dir='ltr'>quae</span> <span class='ocrx_word' id='word_1_265' title='bbox 1243 2054 1349 2107; x_wconf 89' lang='lat' dir='ltr'>aut</span> <span class='ocrx_word' id='word_1_266' title='bbox 1377 2066 1517 2106; x_wconf 91' lang='lat' dir='ltr'>cum</span> <span class='ocrx_word' id='word_1_267' title='bbox 1547 2049 1767 2106; x_wconf 88' lang='lat' dir='ltr'>sudore</span> <span class='ocrx_word' id='word_1_268' title='bbox 1797 2048 2136 2120; x_wconf 86' lang='lat' dir='ltr'>elaborasti,</span> 
     </span>
    </p>
   </div>
   <div class='ocr_carea' id='block_1_40' title="bbox 491 2135 2143 2211">
    <p class='ocr_par' dir='ltr' id='par_1_40' title="bbox 491 2135 2143 2211">
     <span class='ocr_line' id='line_1_40' title="bbox 491 2135 2143 2211; baseline -0.001 -19"><span class='ocrx_word' id='word_1_269' title='bbox 491 2140 595 2193; x_wconf 90' lang='lat' dir='ltr'>aut</span> <span class='ocrx_word' id='word_1_270' title='bbox 630 2151 736 2209; x_wconf 88' lang='lat' dir='ltr'>per</span> <span class='ocrx_word' id='word_1_271' title='bbox 773 2136 989 2194; x_wconf 89' lang='lat' dir='ltr'>ludum</span> <span class='ocrx_word' id='word_1_272' title='bbox 1019 2138 1434 2211; x_wconf 88' lang='lat' dir='ltr'>composuisti,</span> <span class='ocrx_word' id='word_1_273' title='bbox 1479 2137 1812 2195; x_wconf 87' lang='lat' dir='ltr'>litterarum</span> <span class='ocrx_word' id='word_1_274' title='bbox 1843 2135 2143 2192; x_wconf 90' lang='lat' dir='ltr'>studiosos</span> 
     </span>
    </p>
   </div>
   <div class='ocr_carea' id='block_1_41' title="bbox 489 2222 2140 2299">
    <p class='ocr_par' dir='ltr' id='par_1_41' title="bbox 489 2222 2140 2299">
     <span class='ocr_line' id='line_1_41' title="bbox 489 2222 2140 2299; baseline 0.001 -20"><span class='ocrx_word' id='word_1_275' title='bbox 489 2224 716 2293; x_wconf 83' lang='lat' dir='ltr'>fugere,</span> <span class='ocrx_word' id='word_1_276' title='bbox 758 2225 1057 2299; x_wconf 87' lang='lat' dir='ltr'>siquidem</span> <span class='ocrx_word' id='word_1_277' title='bbox 1087 2242 1183 2284; x_wconf 89' lang='lat' dir='ltr'>res</span> <span class='ocrx_word' id='word_1_278' title='bbox 1224 2231 1342 2283; x_wconf 80' lang='lat' dir='ltr'>tuae</span> <span class='ocrx_word' id='word_1_279' title='bbox 1380 2227 1441 2282; x_wconf 92' lang='lat' dir='ltr'>in</span> <span class='ocrx_word' id='word_1_280' title='bbox 1489 2225 1619 2282; x_wconf 90' lang='lat' dir='ltr'>foro</span> <span class='ocrx_word' id='word_1_281' title='bbox 1649 2230 1707 2283; x_wconf 89' lang='lat' dir='ltr'>et</span> <span class='ocrx_word' id='word_1_282' title='bbox 1734 2225 1846 2282; x_wconf 88' lang='lat' dir='ltr'>viis</span> <span class='ocrx_word' id='word_1_283' title='bbox 1883 2222 2140 2299; x_wconf 89' lang='lat' dir='ltr'>publicis</span> 
     </span>
    </p>
   </div>
   <div class='ocr_carea' id='block_1_42' title="bbox 489 2312 1788 2387">
    <p class='ocr_par' dir='ltr' id='par_1_42' title="bbox 489 2312 1788 2387">
     <span class='ocr_line' id='line_1_42' title="bbox 489 2312 1788 2387; baseline 0.002 -20"><span class='ocrx_word' id='word_1_284' title='bbox 489 2312 674 2369; x_wconf 85' lang='lat' dir='ltr'>fando</span> <span class='ocrx_word' id='word_1_285' title='bbox 697 2314 958 2384; x_wconf 75' lang='lat' dir='ltr'>repetitae</span> <span class='ocrx_word' id='word_1_286' title='bbox 984 2315 1045 2370; x_wconf 93' lang='lat' dir='ltr'>in</span> <span class='ocrx_word' id='word_1_287' title='bbox 1075 2314 1466 2387; x_wconf 87' lang='lat' dir='ltr'>proverbium</span> <span class='ocrx_word' id='word_1_288' title='bbox 1493 2314 1788 2372; x_wconf 90' lang='lat' dir='ltr'>abierunt.</span> 
     </span>
    </p>
   </div>
   <div class='ocr_carea' id='block_1_43' title="bbox 2247 1771 3843 1852">
    <p class='ocr_par' dir='ltr' id='par_1_43' title="bbox 2247 1771 3843 1852">
     <span class='ocr_line' id='line_1_43' title="bbox 2247 1771 3843 1852; baseline -0.003 -21"><span class='ocrx_word' id='word_1_289' title='bbox 2247 1776 2457 1851; x_wconf 79' lang='grc' dir='ltr'>φοϐερόν</span> <span class='ocrx_word' id='word_1_290' title='bbox 2518 1779 2689 1852; x_wconf 83' lang='grc' dir='ltr'>ὥσπερ</span> <span class='ocrx_word' id='word_1_291' title='bbox 2742 1797 2795 1830; x_wconf 92' lang='grc' dir='ltr'>τι</span> <span class='ocrx_word' id='word_1_292' title='bbox 2842 1779 2972 1830; x_wconf 87' lang='grc' dir='ltr'>θεῖον</span> <span class='ocrx_word' id='word_1_293' title='bbox 3024 1777 3303 1849; x_wconf 70' lang='grc' dir='ltr'>ἁγιότητος</span> <span class='ocrx_word' id='word_1_294' title='bbox 3353 1780 3629 1851; x_wconf 83' lang='grc' dir='ltr'>παρείπετο</span> <span class='ocrx_word' id='word_1_295' title='bbox 3684 1771 3843 1850; x_wconf 76' lang='grc' dir='ltr'>δορυο</span> 
     </span>
    </p>
   </div>
   <div class='ocr_carea' id='block_1_44' title="bbox 2250 1866 3841 1941">
    <p class='ocr_par' dir='ltr' id='par_1_44' title="bbox 2250 1866 3841 1941">
     <span class='ocr_line' id='line_1_44' title="bbox 2250 1866 3841 1941; baseline -0.003 -21"><span class='ocrx_word' id='word_1_296' title='bbox 2250 1872 2507 1941; x_wconf 75' lang='grc' dir='ltr'>φόρημαο</span> <span class='ocrx_word' id='word_1_297' title='bbox 2568 1868 2636 1927; x_wconf 83' lang='grc' dir='ltr'>ὡς</span> <span class='ocrx_word' id='word_1_298' title='bbox 2695 1870 2817 1928; x_wconf 90' lang='grc' dir='ltr'>τοὺς</span> <span class='ocrx_word' id='word_1_299' title='bbox 2887 1866 3289 1940; x_wconf 77' lang='grc' dir='ltr'>ἐντευξομένους,</span> <span class='ocrx_word' id='word_1_300' title='bbox 3350 1867 3705 1939; x_wconf 73' lang='grc' dir='ltr'>ὑφορωμένους</span> <span class='ocrx_word' id='word_1_301' title='bbox 3768 1867 3841 1936; x_wconf 74' lang='grc' dir='ltr'>μὴ</span> 
     </span>
    </p>
   </div>
   <div class='ocr_carea' id='block_1_45' title="bbox 2249 1953 3846 2031">
    <p class='ocr_par' dir='ltr' id='par_1_45' title="bbox 2249 1953 3846 2031">
     <span class='ocr_line' id='line_1_45' title="bbox 2249 1953 3846 2031; baseline -0.002 -24"><span class='ocrx_word' id='word_1_302' title='bbox 2249 1964 2349 2007; x_wconf 88' lang='grc' dir='ltr'>τῶν</span> <span class='ocrx_word' id='word_1_303' title='bbox 2411 1963 2514 2008; x_wconf 89' lang='grc' dir='ltr'>σῶν</span> <span class='ocrx_word' id='word_1_304' title='bbox 2572 1960 2811 2031; x_wconf 80' lang='grc' dir='ltr'>χαρίτων</span> <span class='ocrx_word' id='word_1_305' title='bbox 2856 1953 3136 2022; x_wconf 76' lang='grc' dir='ltr'>ἐκπέσοιεν,</span> <span class='ocrx_word' id='word_1_306' title='bbox 3191 1956 3220 2015; x_wconf 76' lang='grc' dir='ltr'>ᾖ</span> <span class='ocrx_word' id='word_1_307' title='bbox 3274 1962 3387 2015; x_wconf 89' lang='grc' dir='ltr'>ταῖς</span> <span class='ocrx_word' id='word_1_308' title='bbox 3427 1961 3545 2017; x_wconf 86' lang='grc' dir='ltr'>σαῖς</span> <span class='ocrx_word' id='word_1_309' title='bbox 3593 1954 3846 2025; x_wconf 79' lang='grc' dir='ltr'>ἐπιτιμή-</span> 
     </span>
    </p>
   </div>
   <div class='ocr_carea' id='block_1_46' title="bbox 2253 2039 3843 2120">
    <p class='ocr_par' dir='ltr' id='par_1_46' title="bbox 2253 2039 3843 2120">
     <span class='ocr_line' id='line_1_46' title="bbox 2253 2039 3843 2120; baseline -0.003 -22"><span class='ocrx_word' id='word_1_310' title='bbox 2253 2064 2370 2098; x_wconf 90' lang='grc' dir='ltr'>σεσι</span> <span class='ocrx_word' id='word_1_311' title='bbox 2425 2048 2772 2120; x_wconf 80' lang='grc' dir='ltr'>περιπέσοιεν,</span> <span class='ocrx_word' id='word_1_312' title='bbox 2844 2046 3087 2117; x_wconf 74' lang='grc' dir='ltr'>συνάγειν</span> <span class='ocrx_word' id='word_1_313' title='bbox 3154 2045 3341 2117; x_wconf 74' lang='grc' dir='ltr'>εὐλόγῳ</span> <span class='ocrx_word' id='word_1_314' title='bbox 3399 2039 3505 2097; x_wconf 85' lang='grc' dir='ltr'>δέει</span> <span class='ocrx_word' id='word_1_315' title='bbox 3560 2046 3646 2095; x_wconf 86' lang='grc' dir='ltr'>τόν</span> <span class='ocrx_word' id='word_1_316' title='bbox 3704 2048 3843 2106; x_wconf 80' lang='grc' dir='ltr'>νοῦν,</span> 
     </span>
    </p>
   </div>
   <div class='ocr_carea' id='block_1_47' title="bbox 2248 2129 3843 2206">
    <p class='ocr_par' dir='ltr' id='par_1_47' title="bbox 2248 2129 3843 2206">
     <span class='ocr_line' id='line_1_47' title="bbox 2248 2129 3843 2206; baseline -0.002 -21"><span class='ocrx_word' id='word_1_317' title='bbox 2248 2138 2339 2186; x_wconf 83' lang='grc' dir='ltr'>καὶ</span> <span class='ocrx_word' id='word_1_318' title='bbox 2376 2136 2511 2186; x_wconf 84' lang='grc' dir='ltr'>κατὰ</span> <span class='ocrx_word' id='word_1_319' title='bbox 2559 2136 2677 2195; x_wconf 89' lang='grc' dir='ltr'>τοὺς</span> <span class='ocrx_word' id='word_1_320' title='bbox 2729 2133 3200 2206; x_wconf 76' lang='grc' dir='ltr'>τελεσθησομένους</span> <span class='ocrx_word' id='word_1_321' title='bbox 3245 2137 3395 2206; x_wconf 85' lang='grc' dir='ltr'>μόνον</span> <span class='ocrx_word' id='word_1_322' title='bbox 3463 2133 3521 2184; x_wconf 86' lang='grc' dir='ltr'>οὑ</span> <span class='ocrx_word' id='word_1_323' title='bbox 3567 2129 3843 2206; x_wconf 75' lang='grc' dir='ltr'>περιρραν-</span> 
     </span>
    </p>
   </div>
   <div class='ocr_carea' id='block_1_48' title="bbox 2248 2219 3842 2299">
    <p class='ocr_par' dir='ltr' id='par_1_48' title="bbox 2248 2219 3842 2299">
     <span class='ocr_line' id='line_1_48' title="bbox 2248 2219 3842 2299; baseline -0.004 -23"><span class='ocrx_word' id='word_1_324' title='bbox 2248 2227 2441 2299; x_wconf 85' lang='grc' dir='ltr'>τηρίων</span> <span class='ocrx_word' id='word_1_325' title='bbox 2509 2219 2719 2277; x_wconf 73' lang='grc' dir='ltr'>δεῖσθαι</span> <span class='ocrx_word' id='word_1_326' title='bbox 2769 2224 3101 2299; x_wconf 89' lang='grc' dir='ltr'>καθάρσεων.</span> <span class='ocrx_word' id='word_1_327' title='bbox 3167 2226 3269 2276; x_wconf 80' lang='grc' dir='ltr'>Καὶ</span> <span class='ocrx_word' id='word_1_328' title='bbox 3330 2221 3593 2296; x_wconf 80' lang='grc' dir='ltr'>Κλέαρχος</span> <span class='ocrx_word' id='word_1_329' title='bbox 3649 2222 3739 2293; x_wconf 71' lang='grc' dir='ltr'>μὲν</span> <span class='ocrx_word' id='word_1_330' title='bbox 3816 2219 3842 2271; x_wconf 88' lang='grc' dir='ltr'><strong><em>ὁ</em></strong></span> 
     </span>
    </p>
   </div>
   <div class='ocr_carea' id='block_1_49' title="bbox 2251 2312 3842 2388">
    <p class='ocr_par' dir='ltr' id='par_1_49' title="bbox 2251 2312 3842 2388">
     <span class='ocr_line' id='line_1_49' title="bbox 2251 2312 3842 2388; baseline -0.004 -21"><span class='ocrx_word' id='word_1_331' title='bbox 2251 2316 2575 2380; x_wconf 89' lang='grc' dir='ltr'>Λακωνικός,</span> <span class='ocrx_word' id='word_1_332' title='bbox 2638 2316 2706 2375; x_wconf 85' lang='grc' dir='ltr'>ὧς</span> <span class='ocrx_word' id='word_1_333' title='bbox 2763 2332 2863 2367; x_wconf 86' lang='grc' dir='ltr'>που</span> <span class='ocrx_word' id='word_1_334' title='bbox 2893 2317 3119 2386; x_wconf 81' lang='grc' dir='ltr'>Ξενοφῶν</span> <span class='ocrx_word' id='word_1_335' title='bbox 3162 2315 3425 2388; x_wconf 79' lang='grc' dir='ltr'>ἱστόρηκε,</span> <span class='ocrx_word' id='word_1_336' title='bbox 3476 2316 3562 2363; x_wconf 79' lang='grc' dir='ltr'>καὶ</span> <span class='ocrx_word' id='word_1_337' title='bbox 3619 2312 3842 2381; x_wconf 88' lang='grc' dir='ltr'>στυγνός</span> 
     </span>
    </p>
   </div>
   <div class='ocr_carea' id='block_1_50' title="bbox 496 2398 3843 2476">
    <p class='ocr_par' dir='ltr' id='par_1_50' title="bbox 496 2398 3843 2476">
     <span class='ocr_line' id='line_1_50' title="bbox 496 2398 3843 2476; baseline -0 -26"><span class='ocrx_word' id='word_1_338' title='bbox 496 2398 555 2458; x_wconf 74' lang='grc' dir='ltr'>ἦν</span> <span class='ocrx_word' id='word_1_339' title='bbox 583 2403 703 2474; x_wconf 75' lang='grc' dir='ltr'>όρᾲν</span> <span class='ocrx_word' id='word_1_340' title='bbox 730 2406 820 2454; x_wconf 79' lang='grc' dir='ltr'>καὶ</span> <span class='ocrx_word' id='word_1_341' title='bbox 848 2408 1053 2475; x_wconf 85' lang='grc' dir='ltr'>τραχὺς</span> <span class='ocrx_word' id='word_1_342' title='bbox 1090 2412 1153 2476; x_wconf 75' lang='grc' dir='ltr'>τῇ</span> <span class='ocrx_word' id='word_1_343' title='bbox 1211 2412 1346 2476; x_wconf 84' lang='grc' dir='ltr'>φωνῇ</span> <span class='ocrx_word' id='word_1_344' title='bbox 1387 2425 1400 2438; x_wconf 80' lang='lat'>&#39;</span> <span class='ocrx_word' id='word_1_345' title='bbox 1455 2403 1584 2457; x_wconf 76' lang='grc' dir='ltr'>ἀλλὰ</span> <span class='ocrx_word' id='word_1_346' title='bbox 1629 2408 1687 2457; x_wconf 88' lang='grc' dir='ltr'>τό</span> <span class='ocrx_word' id='word_1_347' title='bbox 1744 2410 1975 2456; x_wconf 79' lang='grc' dir='ltr'>τοιοῦτον</span> <span class='ocrx_word' id='word_1_348' title='bbox 2033 2404 2246 2472; x_wconf 83' lang='grc' dir='ltr'>στυγνόν</span> <span class='ocrx_word' id='word_1_349' title='bbox 2297 2400 2346 2454; x_wconf 86' lang='grc' dir='ltr'>ἐν</span> <span class='ocrx_word' id='word_1_350' title='bbox 2397 2409 2507 2465; x_wconf 85' lang='grc' dir='ltr'>τοῖς</span> <span class='ocrx_word' id='word_1_351' title='bbox 2568 2398 2777 2467; x_wconf 76' lang='grc' dir='ltr'>δεινοῖς,</span> <span class='ocrx_word' id='word_1_352' title='bbox 2834 2407 2985 2474; x_wconf 75' lang='grc' dir='ltr'>φησι,</span> <span class='ocrx_word' id='word_1_353' title='bbox 3046 2398 3268 2475; x_wconf 76' lang='grc' dir='ltr'>φαιδρὸν</span> <span class='ocrx_word' id='word_1_354' title='bbox 3324 2408 3431 2463; x_wconf 85' lang='grc' dir='ltr'>τοῖς</span> <span class='ocrx_word' id='word_1_355' title='bbox 3492 2404 3843 2473; x_wconf 83' lang='grc' dir='ltr'>στρατιώταις</span> 
     </span>
    </p>
   </div>
   <div class='ocr_carea' id='block_1_51' title="bbox 494 2487 3844 2566">
    <p class='ocr_par' dir='ltr' id='par_1_51' title="bbox 494 2487 3844 2566">
     <span class='ocr_line' id='line_1_51' title="bbox 494 2487 3844 2566; baseline 0 -28"><span class='ocrx_word' id='word_1_356' title='bbox 494 2488 738 2559; x_wconf 75' lang='grc' dir='ltr'>ἐφαίνετο.</span> <span class='ocrx_word' id='word_1_357' title='bbox 817 2498 913 2543; x_wconf 77' lang='grc' dir='ltr'>Σοῦ</span> <span class='ocrx_word' id='word_1_358' title='bbox 969 2489 1028 2544; x_wconf 67' lang='grc' dir='ltr'>δὲ</span> <span class='ocrx_word' id='word_1_359' title='bbox 1077 2497 1168 2544; x_wconf 81' lang='grc' dir='ltr'>καὶ</span> <span class='ocrx_word' id='word_1_360' title='bbox 1220 2496 1307 2544; x_wconf 88' lang='grc' dir='ltr'>τόν</span> <span class='ocrx_word' id='word_1_361' title='bbox 1363 2491 1441 2545; x_wconf 81' lang='grc' dir='ltr'>ἀεὶ</span> <span class='ocrx_word' id='word_1_362' title='bbox 1489 2496 1577 2566; x_wconf 73' lang='grc' dir='ltr'>μεν</span> <span class='ocrx_word' id='word_1_363' title='bbox 1630 2496 1819 2565; x_wconf 78' lang='grc' dir='ltr'>χρόνον</span> <span class='ocrx_word' id='word_1_364' title='bbox 1875 2494 2132 2565; x_wconf 84' lang='grc' dir='ltr'>ὁρωμένου</span> <span class='ocrx_word' id='word_1_365' title='bbox 2194 2495 2285 2543; x_wconf 83' lang='grc' dir='ltr'>καὶ</span> <span class='ocrx_word' id='word_1_366' title='bbox 2341 2493 2709 2564; x_wconf 70' lang='grc' dir='ltr'>φθεγγομένου,</span> <span class='ocrx_word' id='word_1_367' title='bbox 2762 2487 2984 2564; x_wconf 84' lang='grc' dir='ltr'>φαιδραὶ</span> <span class='ocrx_word' id='word_1_368' title='bbox 3048 2499 3159 2552; x_wconf 86' lang='grc' dir='ltr'>τοῖς</span> <span class='ocrx_word' id='word_1_369' title='bbox 3227 2488 3616 2566; x_wconf 76' lang='grc' dir='ltr'>προσομιλοῠσι</span> <span class='ocrx_word' id='word_1_370' title='bbox 3670 2505 3844 2561; x_wconf 82' lang='grc' dir='ltr'>προσ-</span> 
     </span>
    </p>
   </div>
   <div class='ocr_carea' id='block_1_52' title="bbox 494 2576 3840 2655">
    <p class='ocr_par' dir='ltr' id='par_1_52' title="bbox 494 2576 3840 2655">
     <span class='ocr_line' id='line_1_52' title="bbox 494 2576 3840 2655; baseline -0 -26"><span class='ocrx_word' id='word_1_371' title='bbox 494 2578 672 2648; x_wconf 75' lang='grc' dir='ltr'>εγέ).ων</span> <span class='ocrx_word' id='word_1_372' title='bbox 724 2580 777 2631; x_wconf 84' lang='grc' dir='ltr'>αἱ</span> <span class='ocrx_word' id='word_1_373' title='bbox 823 2582 1076 2653; x_wconf 84' lang='grc' dir='ltr'>χάριτες·</span> <span class='ocrx_word' id='word_1_374' title='bbox 1131 2577 1451 2653; x_wconf 78' lang='grc' dir='ltr'>διεφαίνοντο</span> <span class='ocrx_word' id='word_1_375' title='bbox 1505 2578 1564 2634; x_wconf 77' lang='grc' dir='ltr'>δε</span> <span class='ocrx_word' id='word_1_376' title='bbox 1634 2578 1783 2633; x_wconf 73' lang='grc' dir='ltr'>οὐδὲν</span> <span class='ocrx_word' id='word_1_377' title='bbox 1849 2582 2023 2647; x_wconf 77' lang='grc' dir='ltr'>ἧττον,</span> <span class='ocrx_word' id='word_1_378' title='bbox 2082 2584 2171 2632; x_wconf 82' lang='grc' dir='ltr'>καὶ</span> <span class='ocrx_word' id='word_1_379' title='bbox 2226 2582 2307 2632; x_wconf 84' lang='grc' dir='ltr'>ὅτε</span> <span class='ocrx_word' id='word_1_380' title='bbox 2362 2580 2503 2652; x_wconf 77' lang='grc' dir='ltr'>ζήλῳ</span> <span class='ocrx_word' id='word_1_381' title='bbox 2569 2576 2760 2652; x_wconf 86' lang='grc' dir='ltr'>δικαίῳ</span> <span class='ocrx_word' id='word_1_382' title='bbox 2816 2582 3222 2655; x_wconf 88' lang='grc' dir='ltr'>παρεθερμαίνου</span> <span class='ocrx_word' id='word_1_383' title='bbox 3279 2581 3412 2632; x_wconf 82' lang='grc' dir='ltr'>κατὰ</span> <span class='ocrx_word' id='word_1_384' title='bbox 3466 2587 3563 2631; x_wconf 88' lang='grc' dir='ltr'>τῶν</span> <span class='ocrx_word' id='word_1_385' title='bbox 3618 2577 3840 2651; x_wconf 82' lang='grc' dir='ltr'>μοχθη-</span> 
     </span>
    </p>
   </div>
   <div class='ocr_carea' id='block_1_53' title="bbox 493 2661 3846 2744">
    <p class='ocr_par' dir='ltr' id='par_1_53' title="bbox 493 2661 3846 2744">
     <span class='ocr_line' id='line_1_53' title="bbox 493 2661 3846 2744; baseline 0.002 -27"><span class='ocrx_word' id='word_1_386' title='bbox 493 2671 711 2738; x_wconf 82' lang='grc' dir='ltr'>ροτέρων</span> <span class='ocrx_word' id='word_1_387' title='bbox 772 2673 861 2720; x_wconf 84' lang='grc' dir='ltr'>καὶ</span> <span class='ocrx_word' id='word_1_388' title='bbox 924 2665 1175 2741; x_wconf 83' lang='grc' dir='ltr'>δεομένων</span> <span class='ocrx_word' id='word_1_389' title='bbox 1227 2674 1552 2744; x_wconf 85' lang='grc' dir='ltr'>τραχυτέρας</span> <span class='ocrx_word' id='word_1_390' title='bbox 1614 2677 1709 2730; x_wconf 80' lang='grc' dir='ltr'>τῆς</span> <span class='ocrx_word' id='word_1_391' title='bbox 1765 2667 2147 2742; x_wconf 77' lang='grc' dir='ltr'>ἐμϐριμήσεως.</span> <span class='ocrx_word' id='word_1_392' title='bbox 2201 2673 2301 2722; x_wconf 81' lang='grc' dir='ltr'>Καί</span> <span class='ocrx_word' id='word_1_393' title='bbox 2365 2671 2461 2721; x_wconf 74' lang='grc' dir='ltr'>πού</span> <span class='ocrx_word' id='word_1_394' title='bbox 2533 2688 2609 2730; x_wconf 89' lang='grc' dir='ltr'>τις</span> <span class='ocrx_word' id='word_1_395' title='bbox 2662 2668 3109 2742; x_wconf 83' lang='grc' dir='ltr'>ἐπιπληττόμενος,</span> <span class='ocrx_word' id='word_1_396' title='bbox 3178 2674 3249 2742; x_wconf 83' lang='grc' dir='ltr'>μὴ</span> <span class='ocrx_word' id='word_1_397' title='bbox 3314 2672 3450 2727; x_wconf 77' lang='grc' dir='ltr'>πηνυ</span> <span class='ocrx_word' id='word_1_398' title='bbox 3506 2687 3555 2720; x_wconf 84' lang='grc' dir='ltr'>τι</span> <span class='ocrx_word' id='word_1_399' title='bbox 3626 2661 3846 2726; x_wconf 73' lang='grc' dir='ltr'>συὼδης</span> 
     </span>
    </p>
   </div>
   <div class='ocr_carea' id='block_1_54' title="bbox 491 2752 3844 2828">
    <p class='ocr_par' dir='ltr' id='par_1_54' title="bbox 491 2752 3844 2828">
     <span class='ocr_line' id='line_1_54' title="bbox 491 2752 3844 2828; baseline -0.001 -20"><span class='ocrx_word' id='word_1_400' title='bbox 491 2759 557 2805; x_wconf 81' lang='grc' dir='ltr'>ὧν</span> <span class='ocrx_word' id='word_1_401' title='bbox 641 2759 732 2814; x_wconf 78' lang='grc' dir='ltr'>τὴν</span> <span class='ocrx_word' id='word_1_402' title='bbox 813 2756 1018 2828; x_wconf 68' lang='grc' dir='ltr'>ψυχὴν,</span> <span class='ocrx_word' id='word_1_403' title='bbox 1089 2759 1240 2817; x_wconf 80' lang='grc' dir='ltr'>ἧττον</span> <span class='ocrx_word' id='word_1_404' title='bbox 1307 2755 1477 2811; x_wconf 85' lang='grc' dir='ltr'>ἐδόκει</span> <span class='ocrx_word' id='word_1_405' title='bbox 1537 2755 1821 2811; x_wconf 84' lang='grc' dir='ltr'>δάκνεσθαι</span> <span class='ocrx_word' id='word_1_406' title='bbox 1894 2759 1922 2817; x_wconf 74' lang='grc' dir='ltr'><em>ἢ</em></span> <span class='ocrx_word' id='word_1_407' title='bbox 1979 2754 2225 2823; x_wconf 68' lang='grc' dir='ltr'>ἣδεσθαι,</span> <span class='ocrx_word' id='word_1_408' title='bbox 2305 2756 2545 2828; x_wconf 75' lang='grc' dir='ltr'>μέμψεων</span> <span class='ocrx_word' id='word_1_409' title='bbox 2604 2757 2866 2810; x_wconf 77' lang='grc' dir='ltr'>ἐπακούων</span> <span class='ocrx_word' id='word_1_410' title='bbox 2952 2758 3293 2828; x_wconf 82' lang='grc' dir='ltr'>γλυκυθὺμων</span> <span class='ocrx_word' id='word_1_411' title='bbox 3351 2757 3500 2811; x_wconf 80' lang='grc' dir='ltr'>πλέον</span> <span class='ocrx_word' id='word_1_412' title='bbox 3597 2752 3694 2808; x_wconf 84' lang='grc' dir='ltr'>διὰ</span> <span class='ocrx_word' id='word_1_413' title='bbox 3783 2757 3844 2806; x_wconf 84' lang='grc' dir='ltr'>τὸ</span> 
     </span>
    </p>
   </div>
   <div class='ocr_carea' id='block_1_55' title="bbox 495 2843 1757 2919">
    <p class='ocr_par' dir='ltr' id='par_1_55' title="bbox 495 2843 1757 2919">
     <span class='ocr_line' id='line_1_55' title="bbox 495 2843 1757 2919; baseline -0.01 -9"><span class='ocrx_word' id='word_1_414' title='bbox 495 2847 703 2915; x_wconf 63' lang='grc' dir='ltr'>εὔχαρι,</span> <span class='ocrx_word' id='word_1_415' title='bbox 763 2844 793 2902; x_wconf 71' lang='grc' dir='ltr'>ἢ</span> <span class='ocrx_word' id='word_1_416' title='bbox 848 2843 1153 2919; x_wconf 77' lang='grc' dir='ltr'>δακεθύμων</span> <span class='ocrx_word' id='word_1_417' title='bbox 1204 2844 1297 2900; x_wconf 77' lang='grc' dir='ltr'>διὰ</span> <span class='ocrx_word' id='word_1_418' title='bbox 1344 2850 1402 2901; x_wconf 89' lang='grc' dir='ltr'>τό</span> <span class='ocrx_word' id='word_1_419' title='bbox 1457 2846 1701 2919; x_wconf 83' lang='grc' dir='ltr'>ἐπίχολον</span> <span class='ocrx_word' id='word_1_420' title='bbox 1744 2864 1757 2878; x_wconf 83' lang='grc'><em>’</em></span> 
     </span>
    </p>
   </div>
   <div class='ocr_carea' id='block_1_56' title="bbox 2305 2756 3500 2831">
    <p class='ocr_par' dir='ltr' id='par_1_56' title="bbox 2305 2756 3500 2831">
     <span class='ocr_line' id='line_1_56' title="bbox 2305 2756 3500 2831; baseline -0.002 -21"><span class='ocrx_word' id='word_1_421' title='bbox 2305 2756 2545 2830; x_wconf 75' lang='grc' dir='ltr'>μέμψεων</span> <span class='ocrx_word' id='word_1_422' title='bbox 2604 2757 2866 2810; x_wconf 77' lang='grc' dir='ltr'>ἐπακούων</span> <span class='ocrx_word' id='word_1_423' title='bbox 2952 2758 3293 2831; x_wconf 82' lang='grc' dir='ltr'>γλυκυθὺμων</span> <span class='ocrx_word' id='word_1_424' title='bbox 3351 2757 3500 2811; x_wconf 80' lang='grc' dir='ltr'>πλέον</span> 
     </span>
    </p>
   </div>
   <div class='ocr_carea' id='block_1_57' title="bbox 1812 2843 3847 2922">
    <p class='ocr_par' dir='ltr' id='par_1_57' title="bbox 1812 2843 3847 2922">
     <span class='ocr_line' id='line_1_57' title="bbox 1812 2843 3847 2922; baseline -0.001 -24"><span class='ocrx_word' id='word_1_425' title='bbox 1812 2851 1900 2899; x_wconf 86' lang='grc' dir='ltr'>καὶ</span> <span class='ocrx_word' id='word_1_426' title='bbox 1958 2843 2139 2920; x_wconf 79' lang='grc' dir='ltr'>ῥόδοις</span> <span class='ocrx_word' id='word_1_427' title='bbox 2197 2852 2433 2921; x_wconf 85' lang='grc' dir='ltr'>χαρίτων</span> <span class='ocrx_word' id='word_1_428' title='bbox 2489 2851 2703 2900; x_wconf 84' lang='grc' dir='ltr'>πνέουσι</span> <span class='ocrx_word' id='word_1_429' title='bbox 2748 2848 3059 2917; x_wconf 84' lang='grc' dir='ltr'>πάττεσθαι,</span> <span class='ocrx_word' id='word_1_430' title='bbox 3117 2847 3147 2905; x_wconf 76' lang='grc' dir='ltr'>ἢ</span> <span class='ocrx_word' id='word_1_431' title='bbox 3201 2852 3425 2922; x_wconf 80' lang='grc' dir='ltr'>κέντροις</span> <span class='ocrx_word' id='word_1_432' title='bbox 3474 2844 3847 2917; x_wconf 79' lang='grc' dir='ltr'>ἐπιστρέφουσι</span> 
     </span>
    </p>
   </div>
   <div class='ocr_carea' id='block_1_58' title="bbox 496 2931 3847 3011">
    <p class='ocr_par' dir='ltr' id='par_1_58' title="bbox 496 2931 3847 3011">
     <span class='ocr_line' id='line_1_58' title="bbox 496 2931 3847 3011; baseline 0 -28"><span class='ocrx_word' id='word_1_433' title='bbox 496 2931 799 3004; x_wconf 77' lang='grc' dir='ltr'>βάλλεσθαι.</span> <span class='ocrx_word' id='word_1_434' title='bbox 829 2936 1004 2996; x_wconf 74' lang='grc' dir='ltr'>Οὕτως</span> <span class='ocrx_word' id='word_1_435' title='bbox 1033 2939 1150 2989; x_wconf 76' lang='grc' dir='ltr'>οὔτε</span> <span class='ocrx_word' id='word_1_436' title='bbox 1197 2940 1254 2989; x_wconf 87' lang='grc' dir='ltr'>τό</span> <span class='ocrx_word' id='word_1_437' title='bbox 1284 2940 1470 3011; x_wconf 84' lang='grc' dir='ltr'>χάριέν</span> <span class='ocrx_word' id='word_1_438' title='bbox 1514 2956 1608 2989; x_wconf 86' lang='grc' dir='ltr'>σου</span> <span class='ocrx_word' id='word_1_439' title='bbox 1639 2938 1882 3010; x_wconf 80' lang='grc' dir='ltr'>ἄκεντρον</span> <span class='ocrx_word' id='word_1_440' title='bbox 1922 2933 1982 2994; x_wconf 71' lang='grc' dir='ltr'>ἦν</span> <span class='ocrx_word' id='word_1_441' title='bbox 2015 2934 2291 3007; x_wconf 82' lang='grc' dir='ltr'>(ἀνειμένον</span> <span class='ocrx_word' id='word_1_442' title='bbox 2335 2938 2434 3011; x_wconf 82' lang='grc' dir='ltr'>γὰρ</span> <span class='ocrx_word' id='word_1_443' title='bbox 2480 2934 2541 2987; x_wconf 80' lang='grc' dir='ltr'>ἂν</span> <span class='ocrx_word' id='word_1_444' title='bbox 2573 2933 2653 3004; x_wconf 75' lang='grc' dir='ltr'>ἦν,</span> <span class='ocrx_word' id='word_1_445' title='bbox 2702 2941 2792 2989; x_wconf 82' lang='grc' dir='ltr'>καὶ</span> <span class='ocrx_word' id='word_1_446' title='bbox 2835 2941 2963 3010; x_wconf 87' lang='grc' dir='ltr'>πρὸς</span> <span class='ocrx_word' id='word_1_447' title='bbox 3004 2939 3273 2990; x_wconf 85' lang='grc' dir='ltr'>νουθεσίαν</span> <span class='ocrx_word' id='word_1_448' title='bbox 3325 2934 3686 3009; x_wconf 79' lang='grc' dir='ltr'>ἀμϐλύτερον),</span> <span class='ocrx_word' id='word_1_449' title='bbox 3728 2936 3847 2985; x_wconf 72' lang='grc' dir='ltr'>οὔτε</span> 
     </span>
    </p>
   </div>
   <div class='ocr_carea' id='block_1_59' title="bbox 495 3020 3848 3100">
    <p class='ocr_par' dir='ltr' id='par_1_59' title="bbox 495 3020 3848 3100">
     <span class='ocr_line' id='line_1_59' title="bbox 495 3020 3848 3100; baseline 0 -27"><span class='ocrx_word' id='word_1_450' title='bbox 495 3025 553 3073; x_wconf 87' lang='grc' dir='ltr'>τό</span> <span class='ocrx_word' id='word_1_451' title='bbox 618 3023 1022 3097; x_wconf 83' lang='grc' dir='ltr'>παροξυνόμενον</span> <span class='ocrx_word' id='word_1_452' title='bbox 1079 3026 1249 3099; x_wconf 79' lang='grc' dir='ltr'>ἄχαρι</span> <span class='ocrx_word' id='word_1_453' title='bbox 1304 3033 1375 3097; x_wconf 82' lang='grc' dir='ltr'>τῷ</span> <span class='ocrx_word' id='word_1_454' title='bbox 1430 3045 1603 3077; x_wconf 90' lang='grc' dir='ltr'>παντι·</span> <span class='ocrx_word' id='word_1_455' title='bbox 1658 3024 1929 3098; x_wconf 78' lang='grc' dir='ltr'>Ἑκάτερον</span> <span class='ocrx_word' id='word_1_456' title='bbox 1995 3021 2054 3077; x_wconf 69' lang='grc' dir='ltr'>δὲ</span> <span class='ocrx_word' id='word_1_457' title='bbox 2135 3020 2208 3077; x_wconf 76' lang='grc' dir='ltr'>δι’</span> <span class='ocrx_word' id='word_1_458' title='bbox 2267 3023 2507 3099; x_wconf 79' lang='grc' dir='ltr'>ἐκατέρου</span> <span class='ocrx_word' id='word_1_459' title='bbox 2582 3033 2911 3100; x_wconf 77' lang='grc' dir='ltr'>περιχωροὺν</span> <span class='ocrx_word' id='word_1_460' title='bbox 2984 3027 3176 3099; x_wconf 83' lang='grc' dir='ltr'>οἶριστα</span> <span class='ocrx_word' id='word_1_461' title='bbox 3255 3028 3566 3100; x_wconf 79' lang='grc' dir='ltr'>κεκραμένον</span> <span class='ocrx_word' id='word_1_462' title='bbox 3643 3021 3848 3095; x_wconf 80' lang='grc' dir='ltr'>ἐγκατε-</span> 
     </span>
    </p>
   </div>
   <div class='ocr_carea' id='block_1_60' title="bbox 494 3110 3849 3188">
    <p class='ocr_par' dir='ltr' id='par_1_60' title="bbox 494 3110 3849 3188">
     <span class='ocr_line' id='line_1_60' title="bbox 494 3110 3849 3188; baseline -0 -25"><span class='ocrx_word' id='word_1_463' title='bbox 494 3116 729 3182; x_wconf 76' lang='grc' dir='ltr'>μέμικτο.</span> <span class='ocrx_word' id='word_1_464' title='bbox 773 3114 973 3167; x_wconf 74' lang='grc' dir='ltr'>Οὑκοῡν</span> <span class='ocrx_word' id='word_1_465' title='bbox 1002 3118 1118 3167; x_wconf 86' lang='grc' dir='ltr'>τίνα</span> <span class='ocrx_word' id='word_1_466' title='bbox 1146 3122 1244 3167; x_wconf 87' lang='grc' dir='ltr'>τῶν</span> <span class='ocrx_word' id='word_1_467' title='bbox 1286 3122 1410 3183; x_wconf 87' lang='grc' dir='ltr'>σῶν,</span> <span class='ocrx_word' id='word_1_468' title='bbox 1444 3115 1535 3167; x_wconf 84' lang='grc' dir='ltr'>εἶθ’</span> <span class='ocrx_word' id='word_1_469' title='bbox 1573 3116 1673 3167; x_wconf 87' lang='grc' dir='ltr'>ὅσα</span> <span class='ocrx_word' id='word_1_470' title='bbox 1702 3110 2055 3174; x_wconf 78' lang='grc' dir='ltr'>σπουδάζοντί</span> <span class='ocrx_word' id='word_1_471' title='bbox 2086 3133 2171 3166; x_wconf 90' lang='grc' dir='ltr'>σοι</span> <span class='ocrx_word' id='word_1_472' title='bbox 2207 3118 2515 3181; x_wconf 88' lang='grc' dir='ltr'>πεπόνηται,</span> <span class='ocrx_word' id='word_1_473' title='bbox 2551 3118 2650 3167; x_wconf 80' lang='grc' dir='ltr'>εἴτε</span> <span class='ocrx_word' id='word_1_474' title='bbox 2682 3114 3001 3187; x_wconf 77' lang='grc' dir='ltr'>σχολάζοντι</span> <span class='ocrx_word' id='word_1_475' title='bbox 3056 3119 3342 3168; x_wconf 82' lang='grc' dir='ltr'>πέπαικται</span> <span class='ocrx_word' id='word_1_476' title='bbox 3388 3116 3701 3188; x_wconf 81' lang='grc' dir='ltr'>χαριέντως,</span> <span class='ocrx_word' id='word_1_477' title='bbox 3752 3110 3849 3164; x_wconf 82' lang='grc' dir='ltr'>οὑκ</span> 
     </span>
    </p>
   </div>
   <div class='ocr_carea' id='block_1_61' title="bbox 497 3200 3850 3279">
    <p class='ocr_par' dir='ltr' id='par_1_61' title="bbox 497 3200 3850 3279">
     <span class='ocr_line' id='line_1_61' title="bbox 497 3200 3850 3279; baseline 0.001 -29"><span class='ocrx_word' id='word_1_478' title='bbox 497 3200 591 3252; x_wconf 71' lang='grc' dir='ltr'>ἀνὰ</span> <span class='ocrx_word' id='word_1_479' title='bbox 613 3206 779 3274; x_wconf 83' lang='grc' dir='ltr'>στόμα</span> <span class='ocrx_word' id='word_1_480' title='bbox 806 3210 911 3266; x_wconf 89' lang='grc' dir='ltr'>τοῖς</span> <span class='ocrx_word' id='word_1_481' title='bbox 937 3203 1224 3276; x_wconf 75' lang='grc' dir='ltr'>φιλολόγοις</span> <span class='ocrx_word' id='word_1_482' title='bbox 1251 3209 1500 3279; x_wconf 82' lang='grc' dir='ltr'>φερόμενα</span> <span class='ocrx_word' id='word_1_483' title='bbox 1530 3201 1866 3278; x_wconf 74' lang='grc' dir='ltr'>περιᾴδονται</span> <span class='ocrx_word' id='word_1_484' title='bbox 1890 3220 1905 3272; x_wconf 87' lang='grc'><strong>;</strong></span> <span class='ocrx_word' id='word_1_485' title='bbox 1937 3210 2033 3255; x_wconf 84' lang='grc' dir='ltr'>Ὧν</span> <span class='ocrx_word' id='word_1_486' title='bbox 2056 3201 2149 3255; x_wconf 83' lang='grc' dir='ltr'>οὑκ</span> <span class='ocrx_word' id='word_1_487' title='bbox 2180 3201 2330 3275; x_wconf 85' lang='grc' dir='ltr'>ὀλίγα</span> <span class='ocrx_word' id='word_1_488' title='bbox 2350 3204 2478 3256; x_wconf 83' lang='grc' dir='ltr'>κάπὶ</span> <span class='ocrx_word' id='word_1_489' title='bbox 2499 3210 2610 3265; x_wconf 88' lang='grc' dir='ltr'>ταῖς</span> <span class='ocrx_word' id='word_1_490' title='bbox 2642 3202 2856 3277; x_wconf 79' lang='grc' dir='ltr'>ἀγοραῖς</span> <span class='ocrx_word' id='word_1_491' title='bbox 2882 3209 2972 3257; x_wconf 87' lang='grc' dir='ltr'>καί</span> <span class='ocrx_word' id='word_1_492' title='bbox 2998 3200 3231 3277; x_wconf 83' lang='grc' dir='ltr'>τριόδοις</span> <span class='ocrx_word' id='word_1_493' title='bbox 3260 3202 3488 3258; x_wconf 80' lang='grc' dir='ltr'>ἁκοὺσαι</span> <span class='ocrx_word' id='word_1_494' title='bbox 3543 3223 3623 3267; x_wconf 87' lang='grc' dir='ltr'>τις</span> <span class='ocrx_word' id='word_1_495' title='bbox 3665 3203 3735 3263; x_wconf 85' lang='grc' dir='ltr'>ὡς</span> <span class='ocrx_word' id='word_1_496' title='bbox 3780 3201 3850 3253; x_wconf 81' lang='grc' dir='ltr'>τὰ</span> 
     </span>
    </p>
   </div>
   <div class='ocr_carea' id='block_1_62' title="bbox 498 3289 1280 3368">
    <p class='ocr_par' dir='ltr' id='par_1_62' title="bbox 498 3289 1280 3368">
     <span class='ocr_line' id='line_1_62' title="bbox 498 3289 1280 3368; baseline 0.013 -29"><span class='ocrx_word' id='word_1_497' title='bbox 498 3289 833 3363; x_wconf 76' lang='grc' dir='ltr'>παροιμιώδη</span> <span class='ocrx_word' id='word_1_498' title='bbox 858 3293 1280 3368; x_wconf 83' lang='grc' dir='ltr'>περιλαλοὺμενα.</span> 
     </span>
    </p>
   </div>
   <div class='ocr_carea' id='block_1_63' title="bbox 569 3380 2216 3439">
    <p class='ocr_par' dir='ltr' id='par_1_63' title="bbox 569 3380 2216 3439">
     <span class='ocr_line' id='line_1_63' title="bbox 569 3380 2216 3439; baseline 0 -4"><span class='ocrx_word' id='word_1_499' title='bbox 569 3380 735 3436; x_wconf 85' lang='lat' dir='ltr'>Tanti</span> <span class='ocrx_word' id='word_1_500' title='bbox 782 3383 838 3437; x_wconf 91' lang='lat' dir='ltr'>et</span> <span class='ocrx_word' id='word_1_501' title='bbox 867 3385 990 3438; x_wconf 85' lang='lat' dir='ltr'>tam</span> <span class='ocrx_word' id='word_1_502' title='bbox 1037 3382 1185 3439; x_wconf 89' lang='lat' dir='ltr'>boni</span> <span class='ocrx_word' id='word_1_503' title='bbox 1214 3382 1326 3438; x_wconf 87' lang='lat' dir='ltr'>viri</span> <span class='ocrx_word' id='word_1_504' title='bbox 1368 3386 1625 3438; x_wconf 90' lang='lat' dir='ltr'>mortem</span> <span class='ocrx_word' id='word_1_505' title='bbox 1645 3380 1842 3438; x_wconf 89' lang='lat' dir='ltr'>luctus</span> <span class='ocrx_word' id='word_1_506' title='bbox 1870 3380 2145 3437; x_wconf 88' lang='lat' dir='ltr'>omnium</span> <span class='ocrx_word' id='word_1_507' title='bbox 2177 3381 2216 3436; x_wconf 91' lang='lat' dir='ltr'>C</span> 
     </span>
    </p>
   </div>
   <div class='ocr_carea' id='block_1_64' title="bbox 499 3466 2145 3542">
    <p class='ocr_par' dir='ltr' id='par_1_64' title="bbox 499 3466 2145 3542">
     <span class='ocr_line' id='line_1_64' title="bbox 499 3466 2145 3542; baseline 0.002 -21"><span class='ocrx_word' id='word_1_508' title='bbox 499 3466 715 3523; x_wconf 85' lang='lat' dir='ltr'>civium</span> <span class='ocrx_word' id='word_1_509' title='bbox 750 3475 957 3526; x_wconf 91' lang='lat' dir='ltr'>secuta</span> <span class='ocrx_word' id='word_1_510' title='bbox 1005 3474 1111 3537; x_wconf 91' lang='lat' dir='ltr'>est,</span> <span class='ocrx_word' id='word_1_511' title='bbox 1148 3470 1482 3542; x_wconf 62' lang='lat' dir='ltr'>praesertim</span> <span class='ocrx_word' id='word_1_512' title='bbox 1512 3470 1642 3541; x_wconf 91' lang='lat' dir='ltr'>ejus</span> <span class='ocrx_word' id='word_1_513' title='bbox 1691 3469 1855 3525; x_wconf 86' lang='lat' dir='ltr'>urbis</span> <span class='ocrx_word' id='word_1_514' title='bbox 1890 3485 2047 3541; x_wconf 74' lang='lat' dir='ltr'>quas,</span> <span class='ocrx_word' id='word_1_515' title='bbox 2080 3470 2145 3525; x_wconf 88' lang='lat' dir='ltr'>ut</span> 
     </span>
    </p>
   </div>
   <div class='ocr_carea' id='block_1_65' title="bbox 497 3557 2148 3630">
    <p class='ocr_par' dir='ltr' id='par_1_65' title="bbox 497 3557 2148 3630">
     <span class='ocr_line' id='line_1_65' title="bbox 497 3557 2148 3630; baseline 0.003 -21"><span class='ocrx_word' id='word_1_516' title='bbox 497 3571 650 3611; x_wconf 80' lang='lat' dir='ltr'>uxor</span> <span class='ocrx_word' id='word_1_517' title='bbox 670 3557 882 3613; x_wconf 88' lang='lat' dir='ltr'>marito</span> <span class='ocrx_word' id='word_1_518' title='bbox 900 3558 1320 3629; x_wconf 87' lang='lat' dir='ltr'>privata,luctu</span> <span class='ocrx_word' id='word_1_519' title='bbox 1334 3573 1625 3630; x_wconf 87' lang='lat' dir='ltr'>oppressa</span> <span class='ocrx_word' id='word_1_520' title='bbox 1644 3557 1813 3614; x_wconf 91' lang='lat' dir='ltr'>humi</span> <span class='ocrx_word' id='word_1_521' title='bbox 1827 3557 2011 3625; x_wconf 90' lang='lat' dir='ltr'>sedet,</span> <span class='ocrx_word' id='word_1_522' title='bbox 2025 3557 2148 3614; x_wconf 89' lang='lat' dir='ltr'>imo</span> 
     </span>
    </p>
   </div>
   <div class='ocr_carea' id='block_1_66' title="bbox 498 3645 2150 3719">
    <p class='ocr_par' dir='ltr' id='par_1_66' title="bbox 498 3645 2150 3719">
     <span class='ocr_line' id='line_1_66' title="bbox 498 3645 2150 3719; baseline 0.004 -22"><span class='ocrx_word' id='word_1_523' title='bbox 498 3659 676 3699; x_wconf 89' lang='lat' dir='ltr'>omne</span> <span class='ocrx_word' id='word_1_524' title='bbox 707 3645 977 3701; x_wconf 89' lang='lat' dir='ltr'>solamen</span> <span class='ocrx_word' id='word_1_525' title='bbox 1006 3662 1292 3702; x_wconf 89' lang='lat' dir='ltr'>recusans</span> <span class='ocrx_word' id='word_1_526' title='bbox 1319 3647 1379 3702; x_wconf 91' lang='lat' dir='ltr'>in</span> <span class='ocrx_word' id='word_1_527' title='bbox 1402 3647 1666 3702; x_wconf 84' lang='lat' dir='ltr'>defuncti</span> <span class='ocrx_word' id='word_1_528' title='bbox 1693 3646 1993 3703; x_wconf 88' lang='lat' dir='ltr'>tumulum</span> <span class='ocrx_word' id='word_1_529' title='bbox 2010 3662 2150 3719; x_wconf 89' lang='lat' dir='ltr'>pro-</span> 
     </span>
    </p>
   </div>
   <div class='ocr_carea' id='block_1_67' title="bbox 495 3732 2150 3808">
    <p class='ocr_par' dir='ltr' id='par_1_67' title="bbox 495 3732 2150 3808">
     <span class='ocr_line' id='line_1_67' title="bbox 495 3732 2150 3808; baseline 0.004 -23"><span class='ocrx_word' id='word_1_530' title='bbox 495 3732 654 3801; x_wconf 86' lang='lat' dir='ltr'>jecta</span> <span class='ocrx_word' id='word_1_531' title='bbox 678 3732 829 3789; x_wconf 85' lang='lat' dir='ltr'>adeo</span> <span class='ocrx_word' id='word_1_532' title='bbox 860 3734 1103 3790; x_wconf 66' lang='lat' dir='ltr'>maerori</span> <span class='ocrx_word' id='word_1_533' title='bbox 1133 3732 1403 3807; x_wconf 83' lang='lat' dir='ltr'>indulget</span> <span class='ocrx_word' id='word_1_534' title='bbox 1426 3740 1491 3791; x_wconf 91' lang='lat' dir='ltr'>ut</span> <span class='ocrx_word' id='word_1_535' title='bbox 1517 3734 1801 3808; x_wconf 73' lang='lat' dir='ltr'>lacrymm</span> <span class='ocrx_word' id='word_1_536' title='bbox 1838 3735 2026 3808; x_wconf 90' lang='lat' dir='ltr'>ipsius</span> <span class='ocrx_word' id='word_1_537' title='bbox 2055 3749 2150 3804; x_wconf 86' lang='lat' dir='ltr'>ge-</span> 
     </span>
    </p>
   </div>
   <div class='ocr_carea' id='block_1_68' title="bbox 498 3823 2148 3896">
    <p class='ocr_par' dir='ltr' id='par_1_68' title="bbox 498 3823 2148 3896">
     <span class='ocr_line' id='line_1_68' title="bbox 498 3823 2148 3896; baseline 0.002 -21"><span class='ocrx_word' id='word_1_538' title='bbox 498 3836 609 3875; x_wconf 89' lang='lat' dir='ltr'>nas</span> <span class='ocrx_word' id='word_1_539' title='bbox 656 3826 981 3892; x_wconf 83' lang='lat' dir='ltr'>permeent,</span> <span class='ocrx_word' id='word_1_540' title='bbox 1035 3826 1102 3879; x_wconf 91' lang='lat' dir='ltr'>ut</span> <span class='ocrx_word' id='word_1_541' title='bbox 1161 3838 1299 3879; x_wconf 90' lang='lat' dir='ltr'>cum</span> <span class='ocrx_word' id='word_1_542' title='bbox 1347 3823 1601 3879; x_wconf 85' lang='lat' dir='ltr'>Jeremia</span> <span class='ocrx_word' id='word_1_543' title='bbox 1656 3824 1870 3896; x_wconf 88' lang='lat' dir='ltr'>loquar</span> <span class='ocrx_word' id='word_1_544' title='bbox 1902 3826 1945 3880; x_wconf 78' lang='grc'>³.</span> <span class='ocrx_word' id='word_1_545' title='bbox 2012 3824 2148 3879; x_wconf 85' lang='lat' dir='ltr'>Jam</span> 
     </span>
    </p>
   </div>
   <div class='ocr_carea' id='block_1_69' title="bbox 501 3910 2149 3985">
    <p class='ocr_par' dir='ltr' id='par_1_69' title="bbox 501 3910 2149 3985">
     <span class='ocr_line' id='line_1_69' title="bbox 501 3910 2149 3985; baseline 0.002 -21"><span class='ocrx_word' id='word_1_546' title='bbox 501 3910 661 3965; x_wconf 86' lang='lat' dir='ltr'>enim</span> <span class='ocrx_word' id='word_1_547' title='bbox 703 3926 929 3968; x_wconf 88' lang='lat' dir='ltr'>corona</span> <span class='ocrx_word' id='word_1_548' title='bbox 949 3912 1027 3969; x_wconf 89' lang='lat' dir='ltr'>ab</span> <span class='ocrx_word' id='word_1_549' title='bbox 1059 3912 1190 3983; x_wconf 89' lang='lat' dir='ltr'>ejus</span> <span class='ocrx_word' id='word_1_550' title='bbox 1223 3914 1414 3985; x_wconf 89' lang='lat' dir='ltr'>capite</span> <span class='ocrx_word' id='word_1_551' title='bbox 1445 3912 1695 3984; x_wconf 88' lang='lat' dir='ltr'>delapsa</span> <span class='ocrx_word' id='word_1_552' title='bbox 1721 3916 1867 3981; x_wconf 85' lang='lat' dir='ltr'>erat,</span> <span class='ocrx_word' id='word_1_553' title='bbox 1914 3916 1970 3968; x_wconf 89' lang='lat' dir='ltr'>ct</span> <span class='ocrx_word' id='word_1_554' title='bbox 1997 3927 2149 3968; x_wconf 83' lang='lat' dir='ltr'>uxor</span> 
     </span>
    </p>
   </div>
   <div class='ocr_carea' id='block_1_70' title="bbox 498 3998 2149 4075">
    <p class='ocr_par' dir='ltr' id='par_1_70' title="bbox 498 3998 2149 4075">
     <span class='ocr_line' id='line_1_70' title="bbox 498 3998 2149 4075; baseline 0.002 -21"><span class='ocrx_word' id='word_1_555' title='bbox 498 3998 802 4057; x_wconf 89' lang='lat' dir='ltr'>inhumari</span> <span class='ocrx_word' id='word_1_556' title='bbox 839 4018 1026 4074; x_wconf 87' lang='lat' dir='ltr'>quam</span> <span class='ocrx_word' id='word_1_557' title='bbox 1057 4003 1315 4073; x_wconf 82' lang='lat' dir='ltr'>conjuge</span> <span class='ocrx_word' id='word_1_558' title='bbox 1343 4001 1563 4075; x_wconf 86' lang='lat' dir='ltr'>privari</span> <span class='ocrx_word' id='word_1_559' title='bbox 1596 4000 1899 4069; x_wconf 79' lang='lat' dir='ltr'>malebat;</span> <span class='ocrx_word' id='word_1_560' title='bbox 1932 4002 2055 4057; x_wconf 92' lang='lat' dir='ltr'>imo</span> <span class='ocrx_word' id='word_1_561' title='bbox 2096 4001 2149 4057; x_wconf 91' lang='lat' dir='ltr'>si</span> 
     </span>
    </p>
   </div>
   <div class='ocr_carea' id='block_1_71' title="bbox 495 4089 2143 4164">
    <p class='ocr_par' dir='ltr' id='par_1_71' title="bbox 495 4089 2143 4164">
     <span class='ocr_line' id='line_1_71' title="bbox 495 4089 2143 4164; baseline 0.001 -19"><span class='ocrx_word' id='word_1_562' title='bbox 495 4089 757 4157; x_wconf 82' lang='lat' dir='ltr'>daretur,</span> <span class='ocrx_word' id='word_1_563' title='bbox 792 4107 855 4148; x_wconf 90' lang='lat' dir='ltr'>se</span> <span class='ocrx_word' id='word_1_564' title='bbox 889 4092 1086 4164; x_wconf 88' lang='lat' dir='ltr'>ipsam</span> <span class='ocrx_word' id='word_1_565' title='bbox 1124 4092 1341 4148; x_wconf 89' lang='lat' dir='ltr'>marito</span> <span class='ocrx_word' id='word_1_566' title='bbox 1392 4090 1728 4147; x_wconf 81' lang='lat' dir='ltr'>sacriﬁcare</span> <span class='ocrx_word' id='word_1_567' title='bbox 1754 4094 1969 4162; x_wconf 82' lang='lat' dir='ltr'>parata</span> <span class='ocrx_word' id='word_1_568' title='bbox 1999 4095 2143 4156; x_wconf 87' lang='lat' dir='ltr'>erat,</span> 
     </span>
    </p>
   </div>
   <div class='ocr_carea' id='block_1_72' title="bbox 496 4180 2148 4254">
    <p class='ocr_par' dir='ltr' id='par_1_72' title="bbox 496 4180 2148 4254">
     <span class='ocr_line' id='line_1_72' title="bbox 496 4180 2148 4254; baseline 0.002 -20"><span class='ocrx_word' id='word_1_569' title='bbox 496 4185 559 4234; x_wconf 89' lang='lat' dir='ltr'>ut</span> <span class='ocrx_word' id='word_1_570' title='bbox 580 4180 744 4251; x_wconf 85' lang='lat' dir='ltr'>apud</span> <span class='ocrx_word' id='word_1_571' title='bbox 766 4182 1217 4254; x_wconf 81' lang='lat' dir='ltr'>Xenophontem</span> <span class='ocrx_word' id='word_1_572' title='bbox 1246 4180 1510 4238; x_wconf 89' lang='lat' dir='ltr'>Panthea</span> <span class='ocrx_word' id='word_1_573' title='bbox 1538 4196 1690 4238; x_wconf 82' lang='lat' dir='ltr'>uxor</span> <span class='ocrx_word' id='word_1_574' title='bbox 1718 4180 1919 4238; x_wconf 89' lang='lat' dir='ltr'>mariti</span> <span class='ocrx_word' id='word_1_575' title='bbox 1939 4195 2148 4239; x_wconf 85' lang='lat' dir='ltr'>aman-</span> 
     </span>
    </p>
   </div>
   <div class='ocr_carea' id='block_1_73' title="bbox 495 4267 747 4323">
    <p class='ocr_par' dir='ltr' id='par_1_73' title="bbox 495 4267 747 4323">
     <span class='ocr_line' id='line_1_73' title="bbox 495 4267 747 4323; baseline -0.012 0"><span class='ocrx_word' id='word_1_576' title='bbox 495 4267 747 4323; x_wconf 83' lang='lat' dir='ltr'>tissima.</span> 
     </span>
    </p>
   </div>
   <div class='ocr_carea' id='block_1_74' title="bbox 2325 3372 3848 3453">
    <p class='ocr_par' dir='ltr' id='par_1_74' title="bbox 2325 3372 3848 3453">
     <span class='ocr_line' id='line_1_74' title="bbox 2325 3372 3848 3453; baseline -0.005 -19"><span class='ocrx_word' id='word_1_577' title='bbox 2325 3379 2549 3443; x_wconf 84' lang='grc' dir='ltr'>Εἰκότως</span> <span class='ocrx_word' id='word_1_578' title='bbox 2597 3377 2684 3433; x_wconf 78' lang='grc' dir='ltr'>οὖν</span> <span class='ocrx_word' id='word_1_579' title='bbox 2724 3379 2807 3433; x_wconf 84' lang='grc' dir='ltr'>ἐπὶ</span> <span class='ocrx_word' id='word_1_580' title='bbox 2854 3383 3087 3453; x_wconf 80' lang='grc' dir='ltr'>τοσούτῳ</span> <span class='ocrx_word' id='word_1_581' title='bbox 3123 3386 3214 3435; x_wconf 86' lang='grc' dir='ltr'>καὶ</span> <span class='ocrx_word' id='word_1_582' title='bbox 3259 3382 3422 3443; x_wconf 77' lang='grc' dir='ltr'>οὕτως</span> <span class='ocrx_word' id='word_1_583' title='bbox 3450 3379 3633 3452; x_wconf 81' lang='grc' dir='ltr'>ἀγαθῷ</span> <span class='ocrx_word' id='word_1_584' title='bbox 3689 3372 3848 3449; x_wconf 79' lang='grc' dir='ltr'>ἀνδρὶ</span> 
     </span>
    </p>
   </div>
   <div class='ocr_carea' id='block_1_75' title="bbox 2252 3466 3847 3542">
    <p class='ocr_par' dir='ltr' id='par_1_75' title="bbox 2252 3466 3847 3542">
     <span class='ocr_line' id='line_1_75' title="bbox 2252 3466 3847 3542; baseline -0.002 -22"><span class='ocrx_word' id='word_1_585' title='bbox 2252 3474 2341 3522; x_wconf 87' lang='grc' dir='ltr'>καὶ</span> <span class='ocrx_word' id='word_1_586' title='bbox 2438 3469 2730 3542; x_wconf 86' lang='grc' dir='ltr'>κοινωφελεῖ</span> <span class='ocrx_word' id='word_1_587' title='bbox 2808 3471 3191 3529; x_wconf 75' lang='grc' dir='ltr'>τετελευτηκότι</span> <span class='ocrx_word' id='word_1_588' title='bbox 3264 3473 3432 3523; x_wconf 87' lang='grc' dir='ltr'>κοινὸν</span> <span class='ocrx_word' id='word_1_589' title='bbox 3510 3473 3600 3521; x_wconf 82' lang='grc' dir='ltr'>καὶ</span> <span class='ocrx_word' id='word_1_590' title='bbox 3667 3466 3847 3527; x_wconf 78' lang='grc' dir='ltr'>πένθος</span> 
     </span>
    </p>
   </div>
   <div class='ocr_carea' id='block_1_76' title="bbox 2255 3555 3846 3632">
    <p class='ocr_par' dir='ltr' id='par_1_76' title="bbox 2255 3555 3846 3632">
     <span class='ocr_line' id='line_1_76' title="bbox 2255 3555 3846 3632; baseline -0.003 -21"><span class='ocrx_word' id='word_1_591' title='bbox 2255 3560 2491 3612; x_wconf 79' lang='grc' dir='ltr'>ἁπάντων</span> <span class='ocrx_word' id='word_1_592' title='bbox 2536 3561 2811 3613; x_wconf 85' lang='grc' dir='ltr'>καθίκετο·</span> <span class='ocrx_word' id='word_1_593' title='bbox 2866 3558 3099 3632; x_wconf 85' lang='grc' dir='ltr'>μάλιστα</span> <span class='ocrx_word' id='word_1_594' title='bbox 3163 3556 3221 3613; x_wconf 68' lang='grc' dir='ltr'>δὲ</span> <span class='ocrx_word' id='word_1_595' title='bbox 3276 3568 3371 3622; x_wconf 74' lang='grc' dir='ltr'>τῆς</span> <span class='ocrx_word' id='word_1_596' title='bbox 3440 3555 3579 3611; x_wconf 79' lang='grc' dir='ltr'>ἴδιον</span> <span class='ocrx_word' id='word_1_597' title='bbox 3650 3555 3846 3628; x_wconf 76' lang='grc' dir='ltr'>ἀγαθὸν</span> 
     </span>
    </p>
   </div>
   <div class='ocr_carea' id='block_1_77' title="bbox 2252 3648 3848 3722">
    <p class='ocr_par' dir='ltr' id='par_1_77' title="bbox 2252 3648 3848 3722">
     <span class='ocr_line' id='line_1_77' title="bbox 2252 3648 3848 3722; baseline -0.003 -22"><span class='ocrx_word' id='word_1_598' title='bbox 2252 3648 2521 3720; x_wconf 78' lang='grc' dir='ltr'>λαχούσης</span> <span class='ocrx_word' id='word_1_599' title='bbox 2576 3648 2761 3703; x_wconf 85' lang='grc' dir='ltr'>ἐκεῖνον</span> <span class='ocrx_word' id='word_1_600' title='bbox 2818 3648 3028 3717; x_wconf 87' lang='grc' dir='ltr'>πόλεως,</span> <span class='ocrx_word' id='word_1_601' title='bbox 3098 3651 3127 3710; x_wconf 76' lang='grc' dir='ltr'>ἡ</span> <span class='ocrx_word' id='word_1_602' title='bbox 3196 3654 3286 3702; x_wconf 87' lang='grc' dir='ltr'>καὶ</span> <span class='ocrx_word' id='word_1_603' title='bbox 3354 3656 3463 3717; x_wconf 75' lang='grc' dir='ltr'>νῦν,</span> <span class='ocrx_word' id='word_1_604' title='bbox 3521 3650 3695 3722; x_wconf 82' lang='grc' dir='ltr'>ὥσπερ</span> <span class='ocrx_word' id='word_1_605' title='bbox 3764 3664 3848 3707; x_wconf 89' lang='grc' dir='ltr'>τις</span> 
     </span>
    </p>
   </div>
   <div class='ocr_carea' id='block_1_78' title="bbox 2252 3735 3841 3811">
    <p class='ocr_par' dir='ltr' id='par_1_78' title="bbox 2252 3735 3841 3811">
     <span class='ocr_line' id='line_1_78' title="bbox 2252 3735 3841 3811; baseline -0.003 -20"><span class='ocrx_word' id='word_1_606' title='bbox 2252 3743 2459 3809; x_wconf 80' lang='grc' dir='ltr'>γενναία</span> <span class='ocrx_word' id='word_1_607' title='bbox 2533 3743 2663 3810; x_wconf 86' lang='grc' dir='ltr'>γυνὴ</span> <span class='ocrx_word' id='word_1_608' title='bbox 2722 3740 3031 3811; x_wconf 85' lang='grc' dir='ltr'>παρθενικὸν</span> <span class='ocrx_word' id='word_1_609' title='bbox 3109 3739 3273 3801; x_wconf 72' lang='grc' dir='ltr'>αὐτῆς</span> <span class='ocrx_word' id='word_1_610' title='bbox 3333 3735 3503 3811; x_wconf 79' lang='grc' dir='ltr'>ἄνδρα</span> <span class='ocrx_word' id='word_1_611' title='bbox 3557 3738 3841 3805; x_wconf 80' lang='grc' dir='ltr'>πενθοῦσα,</span> 
     </span>
    </p>
   </div>
   <div class='ocr_carea' id='block_1_79' title="bbox 2253 3822 3847 3904">
    <p class='ocr_par' dir='ltr' id='par_1_79' title="bbox 2253 3822 3847 3904">
     <span class='ocr_line' id='line_1_79' title="bbox 2253 3822 3847 3904; baseline -0.001 -27"><span class='ocrx_word' id='word_1_612' title='bbox 2253 3828 2479 3884; x_wconf 87' lang='grc' dir='ltr'>κάθηται</span> <span class='ocrx_word' id='word_1_613' title='bbox 2537 3833 2736 3900; x_wconf 85' lang='grc' dir='ltr'>χαμαὶ,</span> <span class='ocrx_word' id='word_1_614' title='bbox 2789 3827 2976 3904; x_wconf 82' lang='grc' dir='ltr'>μᾶλλον</span> <span class='ocrx_word' id='word_1_615' title='bbox 3032 3825 3091 3881; x_wconf 76' lang='grc' dir='ltr'>δε</span> <span class='ocrx_word' id='word_1_616' title='bbox 3136 3833 3253 3904; x_wconf 81' lang='grc' dir='ltr'>περὶ</span> <span class='ocrx_word' id='word_1_617' title='bbox 3309 3832 3396 3881; x_wconf 88' lang='grc' dir='ltr'>τόν</span> <span class='ocrx_word' id='word_1_618' title='bbox 3449 3822 3847 3900; x_wconf 84' lang='grc' dir='ltr'>πολυδάκρυτον</span> 
     </span>
    </p>
   </div>
   <div class='ocr_carea' id='block_1_80' title="bbox 2252 3913 3847 3992">
    <p class='ocr_par' dir='ltr' id='par_1_80' title="bbox 2252 3913 3847 3992">
     <span class='ocr_line' id='line_1_80' title="bbox 2252 3913 3847 3992; baseline -0.001 -25"><span class='ocrx_word' id='word_1_619' title='bbox 2252 3917 2409 3988; x_wconf 86' lang='grc' dir='ltr'>τάφον</span> <span class='ocrx_word' id='word_1_620' title='bbox 2458 3913 2800 3990; x_wconf 82' lang='grc' dir='ltr'>κυλινδομένη</span> <span class='ocrx_word' id='word_1_621' title='bbox 2854 3917 3259 3992; x_wconf 81' lang='grc' dir='ltr'>κατολοφύρεται</span> <span class='ocrx_word' id='word_1_622' title='bbox 3321 3915 3694 3991; x_wconf 78' lang='grc' dir='ltr'>ἀραράκλητα·</span> <span class='ocrx_word' id='word_1_623' title='bbox 3752 3917 3847 3965; x_wconf 84' lang='grc' dir='ltr'>καὶ</span> 
     </span>
    </p>
   </div>
   <div class='ocr_carea' id='block_1_81' title="bbox 2253 4001 3850 4080">
    <p class='ocr_par' dir='ltr' id='par_1_81' title="bbox 2253 4001 3850 4080">
     <span class='ocr_line' id='line_1_81' title="bbox 2253 4001 3850 4080; baseline -0.001 -24"><span class='ocrx_word' id='word_1_624' title='bbox 2253 4006 2319 4057; x_wconf 82' lang='grc' dir='ltr'>τὰ</span> <span class='ocrx_word' id='word_1_625' title='bbox 2392 4001 2601 4077; x_wconf 85' lang='grc' dir='ltr'>δάκρυα</span> <span class='ocrx_word' id='word_1_626' title='bbox 2693 4006 2871 4074; x_wconf 81' lang='grc' dir='ltr'>αὑτῆς,</span> <span class='ocrx_word' id='word_1_627' title='bbox 2969 4010 3103 4059; x_wconf 83' lang='grc' dir='ltr'>εἴποι</span> <span class='ocrx_word' id='word_1_628' title='bbox 3196 4006 3256 4059; x_wconf 81' lang='grc' dir='ltr'>ἂν</span> <span class='ocrx_word' id='word_1_629' title='bbox 3337 4006 3581 4080; x_wconf 81' lang='grc' dir='ltr'>Ἱερεμίας</span> <span class='ocrx_word' id='word_1_630' title='bbox 3660 4022 3850 4055; x_wconf 83' lang='grc' dir='ltr'>κατοι-</span> 
     </span>
    </p>
   </div>
   <div class='ocr_carea' id='block_1_82' title="bbox 2252 4094 3848 4167">
    <p class='ocr_par' dir='ltr' id='par_1_82' title="bbox 2252 4094 3848 4167">
     <span class='ocr_line' id='line_1_82' title="bbox 2252 4094 3848 4167; baseline -0.002 -21"><span class='ocrx_word' id='word_1_631' title='bbox 2252 4098 2461 4167; x_wconf 82' lang='grc' dir='ltr'>κτείρων</span> <span class='ocrx_word' id='word_1_632' title='bbox 2519 4094 2677 4154; x_wconf 79' lang='grc' dir='ltr'>αὑτῆν</span> <span class='ocrx_word' id='word_1_633' title='bbox 2746 4098 2809 4156; x_wconf 84' lang='grc' dir='ltr'>ὡς</span> <span class='ocrx_word' id='word_1_634' title='bbox 2861 4100 2955 4155; x_wconf 71' lang='grc' dir='ltr'>τὴν</span> <span class='ocrx_word' id='word_1_635' title='bbox 3020 4096 3180 4149; x_wconf 85' lang='grc' dir='ltr'>πάλαι</span> <span class='ocrx_word' id='word_1_636' title='bbox 3233 4100 3379 4164; x_wconf 84' lang='grc' dir='ltr'>Σιὼν,</span> <span class='ocrx_word' id='word_1_637' title='bbox 3439 4094 3523 4149; x_wconf 84' lang='grc' dir='ltr'>ἐπὶ</span> <span class='ocrx_word' id='word_1_638' title='bbox 3590 4096 3848 4164; x_wconf 82' lang='grc' dir='ltr'>σιαγόνων</span> 
     </span>
    </p>
   </div>
   <div class='ocr_carea' id='block_1_83' title="bbox 2253 4181 3845 4258">
    <p class='ocr_par' dir='ltr' id='par_1_83' title="bbox 2253 4181 3845 4258">
     <span class='ocr_line' id='line_1_83' title="bbox 2253 4181 3845 4258; baseline -0.001 -24"><span class='ocrx_word' id='word_1_639' title='bbox 2253 4182 2433 4245; x_wconf 80' lang='grc' dir='ltr'>αὑτῆς.</span> <span class='ocrx_word' id='word_1_640' title='bbox 2482 4183 2670 4236; x_wconf 77' lang='grc' dir='ltr'>Ἔτεσε</span> <span class='ocrx_word' id='word_1_641' title='bbox 2717 4186 2815 4257; x_wconf 83' lang='grc' dir='ltr'>γὰρ</span> <span class='ocrx_word' id='word_1_642' title='bbox 2869 4186 2895 4237; x_wconf 87' lang='lat'>6</span> <span class='ocrx_word' id='word_1_643' title='bbox 2947 4190 3193 4258; x_wconf 75' lang='grc' dir='ltr'>στέφανος</span> <span class='ocrx_word' id='word_1_644' title='bbox 3243 4194 3338 4246; x_wconf 75' lang='grc' dir='ltr'>τῆς</span> <span class='ocrx_word' id='word_1_645' title='bbox 3375 4183 3599 4256; x_wconf 73' lang='grc' dir='ltr'>κεφαλῆς</span> <span class='ocrx_word' id='word_1_646' title='bbox 3657 4181 3845 4247; x_wconf 73' lang='grc' dir='ltr'>αὑτῆς,</span> 
     </span>
    </p>
   </div>
   <div class='ocr_carea' id='block_1_84' title="bbox 2251 4270 3844 4351">
    <p class='ocr_par' dir='ltr' id='par_1_84' title="bbox 2251 4270 3844 4351">
     <span class='ocr_line' id='line_1_84' title="bbox 2251 4270 3844 4351; baseline -0.002 -28"><span class='ocrx_word' id='word_1_647' title='bbox 2251 4274 2342 4324; x_wconf 88' lang='grc' dir='ltr'>καὶ</span> <span class='ocrx_word' id='word_1_648' title='bbox 2401 4276 2495 4330; x_wconf 79' lang='grc' dir='ltr'>τὴν</span> <span class='ocrx_word' id='word_1_649' title='bbox 2567 4272 2727 4331; x_wconf 72' lang='grc' dir='ltr'>αὐτὴν</span> <span class='ocrx_word' id='word_1_650' title='bbox 2788 4270 3045 4327; x_wconf 74' lang='grc' dir='ltr'>ὑποδῦναι</span> <span class='ocrx_word' id='word_1_651' title='bbox 3104 4283 3203 4347; x_wconf 77' lang='grc' dir='ltr'>γῆν</span> <span class='ocrx_word' id='word_1_652' title='bbox 3261 4276 3361 4351; x_wconf 88' lang='grc' dir='ltr'>πρὸ</span> <span class='ocrx_word' id='word_1_653' title='bbox 3416 4281 3507 4326; x_wconf 78' lang='grc' dir='ltr'>τοὺ</span> <span class='ocrx_word' id='word_1_654' title='bbox 3569 4276 3844 4346; x_wconf 85' lang='grc' dir='ltr'>περιεῖναι,</span> 
     </span>
    </p>
   </div>
   <div class='ocr_carea' id='block_1_85' title="bbox 2969 4006 3256 4059">
    <p class='ocr_par' dir='ltr' id='par_1_85' title="bbox 2969 4006 3256 4059">
     <span class='ocr_line' id='line_1_85' title="bbox 2969 4006 3256 4059; baseline -0.003 0"><span class='ocrx_word' id='word_1_655' title='bbox 2969 4010 3103 4059; x_wconf 83' lang='grc' dir='ltr'>εἴποι</span> <span class='ocrx_word' id='word_1_656' title='bbox 3196 4006 3256 4059; x_wconf 81' lang='grc' dir='ltr'>ἂν</span> 
     </span>
    </p>
   </div>
   <div class='ocr_carea' id='block_1_86' title="bbox 496 4355 3845 4437">
    <p class='ocr_par' dir='ltr' id='par_1_86' title="bbox 496 4355 3845 4437">
     <span class='ocr_line' id='line_1_86' title="bbox 496 4355 3845 4437; baseline 0.001 -30"><span class='ocrx_word' id='word_1_657' title='bbox 496 4362 808 4428; x_wconf 81' lang='grc' dir='ltr'>μονουμένης</span> <span class='ocrx_word' id='word_1_658' title='bbox 846 4356 1057 4424; x_wconf 76' lang='grc' dir='ltr'>ἐκείνου,</span> <span class='ocrx_word' id='word_1_659' title='bbox 1082 4360 1297 4411; x_wconf 86' lang='grc' dir='ltr'>τίθεται.</span> <span class='ocrx_word' id='word_1_660' title='bbox 1330 4358 1390 4411; x_wconf 85' lang='grc' dir='ltr'><strong>Εἰ</strong></span> <span class='ocrx_word' id='word_1_661' title='bbox 1418 4355 1467 4413; x_wconf 85' lang='grc' dir='ltr'>δ’</span> <span class='ocrx_word' id='word_1_662' title='bbox 1498 4358 1634 4426; x_wconf 82' lang='grc' dir='ltr'>ἐξῆν,</span> <span class='ocrx_word' id='word_1_663' title='bbox 1667 4359 1761 4412; x_wconf 79' lang='grc' dir='ltr'>κᾶν</span> <span class='ocrx_word' id='word_1_664' title='bbox 1793 4358 2069 4434; x_wconf 81' lang='grc' dir='ltr'>ἐπέσφαξεν</span> <span class='ocrx_word' id='word_1_665' title='bbox 2101 4359 2286 4421; x_wconf 81' lang='grc' dir='ltr'>ἑαυτὴν</span> <span class='ocrx_word' id='word_1_666' title='bbox 2311 4368 2383 4432; x_wconf 83' lang='grc' dir='ltr'>τῷ</span> <span class='ocrx_word' id='word_1_667' title='bbox 2406 4357 2579 4436; x_wconf 77' lang='grc' dir='ltr'>ἀνδρὶ,</span> <span class='ocrx_word' id='word_1_668' title='bbox 2608 4364 2677 4424; x_wconf 83' lang='grc' dir='ltr'>ὡς</span> <span class='ocrx_word' id='word_1_669' title='bbox 2715 4363 2744 4422; x_wconf 83' lang='grc' dir='ltr'><strong>ἠ</strong></span> <span class='ocrx_word' id='word_1_670' title='bbox 2778 4366 2920 4437; x_wconf 82' lang='grc' dir='ltr'>παρὰ</span> <span class='ocrx_word' id='word_1_671' title='bbox 2957 4371 3028 4436; x_wconf 75' lang='grc' dir='ltr'>τῷ</span> <span class='ocrx_word' id='word_1_672' title='bbox 3057 4366 3338 4437; x_wconf 86' lang='grc' dir='ltr'>Ξενοφῶντι</span> <span class='ocrx_word' id='word_1_673' title='bbox 3365 4361 3501 4422; x_wconf 80' lang='grc' dir='ltr'>καλὴ</span> <span class='ocrx_word' id='word_1_674' title='bbox 3535 4366 3625 4415; x_wconf 84' lang='grc' dir='ltr'>καὶ</span> <span class='ocrx_word' id='word_1_675' title='bbox 3664 4359 3845 4434; x_wconf 82' lang='grc' dir='ltr'>φίλαν-</span> 
     </span>
    </p>
   </div>
   <div class='ocr_carea' id='block_1_87' title="bbox 498 4441 894 4518">
    <p class='ocr_par' dir='ltr' id='par_1_87' title="bbox 498 4441 894 4518">
     <span class='ocr_line' id='line_1_87' title="bbox 498 4441 894 4518; baseline 0.013 -22"><span class='ocrx_word' id='word_1_676' title='bbox 498 4441 619 4518; x_wconf 84' lang='grc' dir='ltr'>δρος</span> <span class='ocrx_word' id='word_1_677' title='bbox 650 4446 894 4501; x_wconf 82' lang='grc' dir='ltr'>Πάνθεια.</span> 
     </span>
    </p>
   </div>
   <div class='ocr_carea' id='block_1_88' title="bbox 567 4532 2148 4608">
    <p class='ocr_par' dir='ltr' id='par_1_88' title="bbox 567 4532 2148 4608">
     <span class='ocr_line' id='line_1_88' title="bbox 567 4532 2148 4608; baseline 0.004 -21"><span class='ocrx_word' id='word_1_678' title='bbox 567 4535 699 4588; x_wconf 69' lang='lat' dir='ltr'>Haec</span> <span class='ocrx_word' id='word_1_679' title='bbox 734 4533 855 4590; x_wconf 86' lang='lat' dir='ltr'>fere</span> <span class='ocrx_word' id='word_1_680' title='bbox 874 4536 1073 4590; x_wconf 91' lang='lat' dir='ltr'>autem</span> <span class='ocrx_word' id='word_1_681' title='bbox 1089 4532 1302 4604; x_wconf 82' lang='lat' dir='ltr'>lugens</span> <span class='ocrx_word' id='word_1_682' title='bbox 1318 4549 1687 4608; x_wconf 87' lang='lat' dir='ltr'>gemensque</span> <span class='ocrx_word' id='word_1_683' title='bbox 1708 4535 1938 4593; x_wconf 85' lang='lat' dir='ltr'>dixerit:</span> <span class='ocrx_word' id='word_1_684' title='bbox 1960 4558 1987 4585; x_wconf 89' lang='grc'><strong>‹‹</strong></span> <span class='ocrx_word' id='word_1_685' title='bbox 2008 4537 2148 4601; x_wconf 84' lang='lat' dir='ltr'>Quis</span> 
     </span>
    </p>
   </div>
   <div class='ocr_carea' id='block_1_89' title="bbox 2331 4538 3843 4616">
    <p class='ocr_par' dir='ltr' id='par_1_89' title="bbox 2331 4538 3843 4616">
     <span class='ocr_line' id='line_1_89' title="bbox 2331 4538 3843 4616; baseline 0.001 -25"><span class='ocrx_word' id='word_1_686' title='bbox 2331 4538 2452 4612; x_wconf 81' lang='grc' dir='ltr'>Ἀγε</span> <span class='ocrx_word' id='word_1_687' title='bbox 2479 4544 2581 4613; x_wconf 73' lang='grc' dir='ltr'>μὴν</span> <span class='ocrx_word' id='word_1_688' title='bbox 2614 4539 2918 4616; x_wconf 78' lang='grc' dir='ltr'>ἐξάρχουσα</span> <span class='ocrx_word' id='word_1_689' title='bbox 2966 4549 3059 4595; x_wconf 82' lang='grc' dir='ltr'>τοῦ</span> <span class='ocrx_word' id='word_1_690' title='bbox 3109 4544 3297 4616; x_wconf 71' lang='grc' dir='ltr'>θρήνου</span> <span class='ocrx_word' id='word_1_691' title='bbox 3347 4547 3481 4597; x_wconf 77' lang='grc' dir='ltr'>εἴποι</span> <span class='ocrx_word' id='word_1_692' title='bbox 3510 4543 3573 4596; x_wconf 82' lang='grc' dir='ltr'>ἄν</span> <span class='ocrx_word' id='word_1_693' title='bbox 3614 4579 3627 4593; x_wconf 92' lang='grc'>.</span> <span class='ocrx_word' id='word_1_694' title='bbox 3686 4561 3707 4592; x_wconf 81' lang='grc' dir='ltr'>ε</span> <span class='ocrx_word' id='word_1_695' title='bbox 3750 4543 3843 4602; x_wconf 83' lang='grc' dir='ltr'>Τίς</span> 
     </span>
    </p>
   </div>
   <div class='ocr_carea' id='block_1_90' title="bbox 498 4622 2162 4726">
    <p class='ocr_par' dir='ltr' id='par_1_90' title="bbox 498 4622 2143 4697">
     <span class='ocr_line' id='line_1_90' title="bbox 498 4622 2143 4697; baseline 0.005 -22"><span class='ocrx_word' id='word_1_696' title='bbox 498 4622 623 4678; x_wconf 89' lang='lat' dir='ltr'>sine</span> <span class='ocrx_word' id='word_1_697' title='bbox 647 4622 871 4693; x_wconf 82' lang='lat' dir='ltr'>gemitu</span> <span class='ocrx_word' id='word_1_698' title='bbox 901 4623 1224 4696; x_wconf 89' lang='lat' dir='ltr'>profundo,</span> <span class='ocrx_word' id='word_1_699' title='bbox 1242 4624 1378 4696; x_wconf 90' lang='lat' dir='ltr'>quis</span> <span class='ocrx_word' id='word_1_700' title='bbox 1401 4624 1529 4680; x_wconf 90' lang='lat' dir='ltr'>sine</span> <span class='ocrx_word' id='word_1_701' title='bbox 1552 4624 1835 4697; x_wconf 86' lang='lat' dir='ltr'>lacrymis</span> <span class='ocrx_word' id='word_1_702' title='bbox 1866 4626 2143 4684; x_wconf 89' lang='lat' dir='ltr'>nuntium</span> 
     </span>
    </p>
   </div>
   <div class='ocr_carea' id='block_1_91' title="bbox 2246 4622 3843 4726">
    <p class='ocr_par' dir='ltr' id='par_1_91' title="bbox 2254 4629 3843 4708">
     <span class='ocr_line' id='line_1_91' title="bbox 2254 4629 3843 4708; baseline 0.001 -28"><span class='ocrx_word' id='word_1_703' title='bbox 2254 4629 2455 4682; x_wconf 82' lang='grc' dir='ltr'>ἁκούων</span> <span class='ocrx_word' id='word_1_704' title='bbox 2513 4629 2607 4682; x_wconf 87' lang='grc' dir='ltr'>οὑκ</span> <span class='ocrx_word' id='word_1_705' title='bbox 2650 4629 2710 4681; x_wconf 78' lang='grc' dir='ltr'>ἂν</span> <span class='ocrx_word' id='word_1_706' title='bbox 2758 4629 3081 4695; x_wconf 81' lang='grc' dir='ltr'>ἐπιστενάξοι</span> <span class='ocrx_word' id='word_1_707' title='bbox 3129 4631 3297 4708; x_wconf 83' lang='grc' dir='ltr'>βαρὺ,</span> <span class='ocrx_word' id='word_1_708' title='bbox 3359 4637 3447 4686; x_wconf 89' lang='grc' dir='ltr'>καί</span> <span class='ocrx_word' id='word_1_709' title='bbox 3492 4631 3843 4705; x_wconf 82' lang='grc' dir='ltr'>πολύκρουνον</span> 
     </span>
    </p>
   </div>
   <div class='ocr_carea' id='block_1_92' title="bbox 497 4712 2143 4786">
    <p class='ocr_par' dir='ltr' id='par_1_92' title="bbox 497 4712 2143 4786">
     <span class='ocr_line' id='line_1_92' title="bbox 497 4712 2143 4786; baseline 0.002 -19"><span class='ocrx_word' id='word_1_710' title='bbox 497 4712 745 4771; x_wconf 87' lang='lat' dir='ltr'>allatum</span> <span class='ocrx_word' id='word_1_711' title='bbox 768 4712 1203 4771; x_wconf 81' lang='lat' dir='ltr'>audiverit?Me</span> <span class='ocrx_word' id='word_1_712' title='bbox 1227 4712 1544 4770; x_wconf 86' lang='lat' dir='ltr'>miseram!</span> <span class='ocrx_word' id='word_1_713' title='bbox 1572 4714 1727 4770; x_wconf 85' lang='lat' dir='ltr'>Obiit</span> <span class='ocrx_word' id='word_1_714' title='bbox 1747 4718 1952 4786; x_wconf 88' lang='lat' dir='ltr'>pastor</span> <span class='ocrx_word' id='word_1_715' title='bbox 1981 4730 2143 4785; x_wconf 84' lang='lat' dir='ltr'>egre-</span> 
     </span>
    </p>
   </div>
   <div class='ocr_carea' id='block_1_93' title="bbox 498 4801 2143 4878">
    <p class='ocr_par' dir='ltr' id='par_1_93' title="bbox 498 4801 2143 4878">
     <span class='ocr_line' id='line_1_93' title="bbox 498 4801 2143 4878; baseline 0.002 -21"><span class='ocrx_word' id='word_1_716' title='bbox 498 4804 628 4873; x_wconf 87' lang='lat' dir='ltr'>gius</span> <span class='ocrx_word' id='word_1_717' title='bbox 655 4803 760 4875; x_wconf 89' lang='lat' dir='ltr'>qui</span> <span class='ocrx_word' id='word_1_718' title='bbox 792 4804 978 4860; x_wconf 83' lang='lat' dir='ltr'>vitam</span> <span class='ocrx_word' id='word_1_719' title='bbox 1017 4818 1124 4876; x_wconf 90' lang='lat' dir='ltr'>pro</span> <span class='ocrx_word' id='word_1_720' title='bbox 1169 4818 1267 4860; x_wconf 91' lang='lat' dir='ltr'>me</span> <span class='ocrx_word' id='word_1_721' title='bbox 1291 4801 1482 4870; x_wconf 84' lang='lat' dir='ltr'>dedit;</span> <span class='ocrx_word' id='word_1_722' title='bbox 1512 4801 1766 4859; x_wconf 90' lang='lat' dir='ltr'>decessit</span> <span class='ocrx_word' id='word_1_723' title='bbox 1790 4802 1875 4859; x_wconf 88' lang='lat' dir='ltr'>vir</span> <span class='ocrx_word' id='word_1_724' title='bbox 1904 4804 2143 4878; x_wconf 90' lang='lat' dir='ltr'>sapiens</span> 
     </span>
    </p>
   </div>
   <div class='ocr_carea' id='block_1_94' title="bbox 497 4890 2143 4963">
    <p class='ocr_par' dir='ltr' id='par_1_94' title="bbox 497 4890 2143 4963">
     <span class='ocr_line' id='line_1_94' title="bbox 497 4890 2143 4963; baseline 0.005 -20"><span class='ocrx_word' id='word_1_725' title='bbox 497 4892 601 4961; x_wconf 87' lang='lat' dir='ltr'>qui</span> <span class='ocrx_word' id='word_1_726' title='bbox 633 4891 994 4948; x_wconf 90' lang='lat' dir='ltr'>multimoda</span> <span class='ocrx_word' id='word_1_727' title='bbox 1017 4890 1227 4948; x_wconf 89' lang='lat' dir='ltr'>virtute</span> <span class='ocrx_word' id='word_1_728' title='bbox 1249 4890 1766 4957; x_wconf 86' lang='lat' dir='ltr'>valebat,antistes</span> <span class='ocrx_word' id='word_1_729' title='bbox 1795 4906 1987 4963; x_wconf 88' lang='lat' dir='ltr'>meus,</span> <span class='ocrx_word' id='word_1_730' title='bbox 2014 4909 2143 4951; x_wconf 90' lang='lat' dir='ltr'>ma-</span> 
     </span>
    </p>
   </div>
   <div class='ocr_carea' id='block_1_95' title="bbox 499 4978 2145 5051">
    <p class='ocr_par' dir='ltr' id='par_1_95' title="bbox 499 4978 2145 5051">
     <span class='ocr_line' id='line_1_95' title="bbox 499 4978 2145 5051; baseline 0.005 -20"><span class='ocrx_word' id='word_1_731' title='bbox 499 4992 652 5045; x_wconf 84' lang='lat' dir='ltr'>gnus</span> <span class='ocrx_word' id='word_1_732' title='bbox 701 4981 1061 5049; x_wconf 84' lang='lat' dir='ltr'>Eustathius,</span> <span class='ocrx_word' id='word_1_733' title='bbox 1088 4996 1314 5037; x_wconf 88' lang='lat' dir='ltr'>nomen</span> <span class='ocrx_word' id='word_1_734' title='bbox 1355 4978 1792 5051; x_wconf 89' lang='lat' dir='ltr'>venerandum,</span> <span class='ocrx_word' id='word_1_735' title='bbox 1838 4981 2145 5039; x_wconf 86' lang='lat' dir='ltr'>celeberri-</span> 
     </span>
    </p>
   </div>
   <div class='ocr_carea' id='block_1_96' title="bbox 498 5068 2145 5143">
    <p class='ocr_par' dir='ltr' id='par_1_96' title="bbox 498 5068 2145 5143">
     <span class='ocr_line' id='line_1_96' title="bbox 498 5068 2145 5143; baseline 0.003 -20"><span class='ocrx_word' id='word_1_736' title='bbox 498 5068 700 5123; x_wconf 88' lang='lat' dir='ltr'>mum!</span> <span class='ocrx_word' id='word_1_737' title='bbox 737 5070 820 5122; x_wconf 88' lang='lat' dir='ltr'>Me</span> <span class='ocrx_word' id='word_1_738' title='bbox 869 5069 1156 5125; x_wconf 87' lang='lat' dir='ltr'>miseram</span> <span class='ocrx_word' id='word_1_739' title='bbox 1211 5084 1347 5141; x_wconf 72' lang='lat' dir='ltr'>quae</span> <span class='ocrx_word' id='word_1_740' title='bbox 1405 5084 1702 5141; x_wconf 88' lang='lat' dir='ltr'>sponsum</span> <span class='ocrx_word' id='word_1_741' title='bbox 1749 5069 2003 5143; x_wconf 88' lang='lat' dir='ltr'>perdidi,</span> <span class='ocrx_word' id='word_1_742' title='bbox 2048 5069 2145 5128; x_wconf 90' lang='lat' dir='ltr'>cui</span> 
     </span>
    </p>
   </div>
   <div class='ocr_carea' id='block_1_97' title="bbox 497 5154 2145 5231">
    <p class='ocr_par' dir='ltr' id='par_1_97' title="bbox 497 5154 2145 5231">
     <span class='ocr_line' id='line_1_97' title="bbox 497 5154 2145 5231; baseline 0.004 -21"><span class='ocrx_word' id='word_1_743' title='bbox 497 5154 810 5227; x_wconf 89' lang='lat' dir='ltr'>quondam</span> <span class='ocrx_word' id='word_1_744' title='bbox 862 5155 1106 5213; x_wconf 88' lang='lat' dir='ltr'>feliciter</span> <span class='ocrx_word' id='word_1_745' title='bbox 1147 5162 1339 5229; x_wconf 88' lang='lat' dir='ltr'>nupta</span> <span class='ocrx_word' id='word_1_746' title='bbox 1383 5157 1485 5230; x_wconf 80' lang='lat' dir='ltr'>fui,</span> <span class='ocrx_word' id='word_1_747' title='bbox 1540 5161 1596 5214; x_wconf 89' lang='lat' dir='ltr'>et</span> <span class='ocrx_word' id='word_1_748' title='bbox 1642 5158 1745 5231; x_wconf 92' lang='lat' dir='ltr'>qui</span> <span class='ocrx_word' id='word_1_749' title='bbox 1794 5159 1941 5216; x_wconf 89' lang='lat' dir='ltr'>mihi</span> <span class='ocrx_word' id='word_1_750' title='bbox 1982 5176 2145 5217; x_wconf 87' lang='lat' dir='ltr'>nunc</span> 
     </span>
    </p>
   </div>
   <div class='ocr_carea' id='block_1_98' title="bbox 499 5244 2143 5319">
    <p class='ocr_par' dir='ltr' id='par_1_98' title="bbox 499 5244 2143 5319">
     <span class='ocr_line' id='line_1_98' title="bbox 499 5244 2143 5319; baseline 0.005 -20"><span class='ocrx_word' id='word_1_751' title='bbox 499 5250 691 5299; x_wconf 90' lang='lat' dir='ltr'>morte</span> <span class='ocrx_word' id='word_1_752' title='bbox 720 5248 958 5317; x_wconf 91' lang='lat' dir='ltr'>ereptus</span> <span class='ocrx_word' id='word_1_753' title='bbox 990 5250 1115 5313; x_wconf 90' lang='lat' dir='ltr'>est;</span> <span class='ocrx_word' id='word_1_754' title='bbox 1144 5244 1248 5317; x_wconf 89' lang='lat' dir='ltr'>qui</span> <span class='ocrx_word' id='word_1_755' title='bbox 1276 5261 1490 5319; x_wconf 89' lang='lat' dir='ltr'>nuper,</span> <span class='ocrx_word' id='word_1_756' title='bbox 1536 5251 1600 5304; x_wconf 91' lang='lat' dir='ltr'>ut</span> <span class='ocrx_word' id='word_1_757' title='bbox 1638 5262 1778 5305; x_wconf 89' lang='lat' dir='ltr'>cum</span> <span class='ocrx_word' id='word_1_758' title='bbox 1806 5248 2029 5306; x_wconf 88' lang='lat' dir='ltr'>Davide</span> <span class='ocrx_word' id='word_1_759' title='bbox 2060 5249 2143 5306; x_wconf 93' lang='lat' dir='ltr'>lo-</span> 
     </span>
    </p>
   </div>
   <div class='ocr_carea' id='block_1_99' title="bbox 500 5332 2145 5413">
    <p class='ocr_par' dir='ltr' id='par_1_99' title="bbox 500 5332 2145 5413">
     <span class='ocr_line' id='line_1_99' title="bbox 500 5332 2145 5413; baseline 0.005 -25"><span class='ocrx_word' id='word_1_760' title='bbox 500 5349 653 5406; x_wconf 87' lang='lat' dir='ltr'>quar</span> <span class='ocrx_word' id='word_1_761' title='bbox 675 5335 717 5400; x_wconf 73' lang='lat'>3,</span> <span class='ocrx_word' id='word_1_762' title='bbox 767 5332 1057 5391; x_wconf 89' lang='lat' dir='ltr'>vestiebat</span> <span class='ocrx_word' id='word_1_763' title='bbox 1097 5349 1195 5391; x_wconf 89' lang='lat' dir='ltr'>me</span> <span class='ocrx_word' id='word_1_764' title='bbox 1226 5337 1470 5394; x_wconf 91' lang='lat' dir='ltr'>coccino</span> <span class='ocrx_word' id='word_1_765' title='bbox 1498 5335 1561 5393; x_wconf 93' lang='lat' dir='ltr'>in</span> <span class='ocrx_word' id='word_1_766' title='bbox 1586 5336 1810 5395; x_wconf 87' lang='lat' dir='ltr'>deliciis</span> <span class='ocrx_word' id='word_1_767' title='bbox 1839 5343 1896 5397; x_wconf 90' lang='lat' dir='ltr'>et</span> <span class='ocrx_word' id='word_1_768' title='bbox 1918 5338 2145 5413; x_wconf 78' lang='lat' dir='ltr'>praebe~</span> 
     </span>
    </p>
   </div>
   <div class='ocr_carea' id='block_1_100' title="bbox 572 5512 1690 5587">
    <p class='ocr_par' dir='ltr' id='par_1_100' title="bbox 572 5512 1690 5587">
     <span class='ocr_line' id='line_1_100' title="bbox 572 5512 1690 5587; baseline 0.005 -18"><span class='ocrx_word' id='word_1_769' title='bbox 572 5514 593 5547; x_wconf 84' lang='grc'><strong><em>²</em></strong></span> <span class='ocrx_word' id='word_1_770' title='bbox 621 5514 835 5573; x_wconf 86' lang='lat' dir='ltr'>Jercm.</span> <span class='ocrx_word' id='word_1_771' title='bbox 860 5529 939 5584; x_wconf 79' lang='lat' dir='ltr'>ix,</span> <span class='ocrx_word' id='word_1_772' title='bbox 977 5516 1061 5574; x_wconf 81' lang='grc'>18.</span> <span class='ocrx_word' id='word_1_773' title='bbox 1178 5515 1201 5553; x_wconf 77' lang='grc'><strong>⁸</strong></span> <span class='ocrx_word' id='word_1_774' title='bbox 1231 5512 1387 5574; x_wconf 89' lang='lat' dir='ltr'>Psal.</span> <span class='ocrx_word' id='word_1_775' title='bbox 1418 5531 1572 5587; x_wconf 77' lang='lat' dir='ltr'>XLIV,</span> <span class='ocrx_word' id='word_1_776' title='bbox 1602 5519 1690 5575; x_wconf 81' lang='lat' dir='ltr'>to.</span> 
     </span>
    </p>
   </div>
   <div class='ocr_carea' id='block_1_101' title="bbox 2254 4714 3842 4794">
    <p class='ocr_par' dir='ltr' id='par_1_101' title="bbox 2254 4714 3842 4794">
     <span class='ocr_line' id='line_1_101' title="bbox 2254 4714 3842 4794; baseline 0.002 -24"><span class='ocrx_word' id='word_1_777' title='bbox 2254 4714 2558 4772; x_wconf 76' lang='grc' dir='ltr'>ἐπισπένδω.</span> <span class='ocrx_word' id='word_1_778' title='bbox 2612 4715 2872 4794; x_wconf 72' lang='grc' dir='ltr'>δάκρυονς</span> <span class='ocrx_word' id='word_1_779' title='bbox 2925 4720 3155 4774; x_wconf 87' lang='grc' dir='ltr'>Τάλαινα</span> <span class='ocrx_word' id='word_1_780' title='bbox 3217 4719 3316 4793; x_wconf 83' lang='grc' dir='ltr'>ἐγώ</span> <span class='ocrx_word' id='word_1_781' title='bbox 3349 4737 3362 4753; x_wconf 88' lang='grc'><strong>·</strong></span> <span class='ocrx_word' id='word_1_782' title='bbox 3422 4723 3628 4794; x_wconf 82' lang='grc' dir='ltr'>οἴχεταί</span> <span class='ocrx_word' id='word_1_783' title='bbox 3676 4739 3767 4793; x_wconf 89' lang='grc' dir='ltr'>μοι</span> <span class='ocrx_word' id='word_1_784' title='bbox 3813 4719 3842 4773; x_wconf 87' lang='lat'>6</span> 
     </span>
    </p>
   </div>
   <div class='ocr_carea' id='block_1_102' title="bbox 2252 4806 3842 4886">
    <p class='ocr_par' dir='ltr' id='par_1_102' title="bbox 2252 4806 3842 4886">
     <span class='ocr_line' id='line_1_102' title="bbox 2252 4806 3842 4886; baseline 0.001 -27"><span class='ocrx_word' id='word_1_785' title='bbox 2252 4806 2408 4870; x_wconf 88' lang='grc' dir='ltr'>καλὸς</span> <span class='ocrx_word' id='word_1_786' title='bbox 2467 4812 2691 4881; x_wconf 78' lang='grc' dir='ltr'>ποιμὴν,</span> <span class='ocrx_word' id='word_1_787' title='bbox 2760 4811 2786 4861; x_wconf 88' lang='lat'>6</span> <span class='ocrx_word' id='word_1_788' title='bbox 2853 4813 2946 4870; x_wconf 70' lang='grc' dir='ltr'>τὴν</span> <span class='ocrx_word' id='word_1_789' title='bbox 3016 4809 3202 4883; x_wconf 64' lang='grc' dir='ltr'>ψυχὴν</span> <span class='ocrx_word' id='word_1_790' title='bbox 3274 4811 3399 4886; x_wconf 67' lang='grc' dir='ltr'>ὑπὲρ</span> <span class='ocrx_word' id='word_1_791' title='bbox 3468 4808 3591 4883; x_wconf 78' lang='grc' dir='ltr'>ἐμοῦ</span> <span class='ocrx_word' id='word_1_792' title='bbox 3656 4809 3842 4871; x_wconf 83' lang='grc' dir='ltr'>τιθείς.</span> 
     </span>
    </p>
   </div>
   <div class='ocr_carea' id='block_1_103' title="bbox 2250 4896 3847 4973">
    <p class='ocr_par' dir='ltr' id='par_1_103' title="bbox 2250 4896 3847 4973">
     <span class='ocr_line' id='line_1_103' title="bbox 2250 4896 3847 4973; baseline 0.002 -26"><span class='ocrx_word' id='word_1_793' title='bbox 2250 4898 2474 4967; x_wconf 85' lang='grc' dir='ltr'>Οἵχεταί</span> <span class='ocrx_word' id='word_1_794' title='bbox 2502 4916 2592 4970; x_wconf 88' lang='grc' dir='ltr'>μοι</span> <span class='ocrx_word' id='word_1_795' title='bbox 2622 4898 2647 4949; x_wconf 90' lang='lat'>6</span> <span class='ocrx_word' id='word_1_796' title='bbox 2698 4902 2877 4972; x_wconf 86' lang='grc' dir='ltr'>σοφός,</span> <span class='ocrx_word' id='word_1_797' title='bbox 2909 4900 2935 4952; x_wconf 88' lang='grc' dir='ltr'><strong><em>ὁ</em></strong></span> <span class='ocrx_word' id='word_1_798' title='bbox 2991 4899 3152 4963; x_wconf 81' lang='grc' dir='ltr'>πολὺς</span> <span class='ocrx_word' id='word_1_799' title='bbox 3201 4904 3448 4953; x_wconf 86' lang='grc' dir='ltr'>παντοίαν</span> <span class='ocrx_word' id='word_1_800' title='bbox 3479 4898 3686 4973; x_wconf 75' lang='grc' dir='ltr'>ἀρετὴν,</span> <span class='ocrx_word' id='word_1_801' title='bbox 3725 4896 3847 4972; x_wconf 78' lang='grc' dir='ltr'>ἐμός</span> 
     </span>
    </p>
   </div>
   <div class='ocr_carea' id='block_1_104' title="bbox 2250 4982 3848 5061">
    <p class='ocr_par' dir='ltr' id='par_1_104' title="bbox 2250 4982 3848 5061">
     <span class='ocr_line' id='line_1_104' title="bbox 2250 4982 3848 5061; baseline 0.001 -24"><span class='ocrx_word' id='word_1_802' title='bbox 2250 4982 2566 5061; x_wconf 81' lang='grc' dir='ltr'>ἀρχιερεὺς,</span> <span class='ocrx_word' id='word_1_803' title='bbox 2633 4987 2659 5040; x_wconf 89' lang='grc' dir='ltr'>ό</span> <span class='ocrx_word' id='word_1_804' title='bbox 2726 4991 2889 5061; x_wconf 84' lang='grc' dir='ltr'>μέγας</span> <span class='ocrx_word' id='word_1_805' title='bbox 2942 4988 3249 5058; x_wconf 79' lang='grc' dir='ltr'>Εὑστάθιος,</span> <span class='ocrx_word' id='word_1_806' title='bbox 3307 4989 3491 5061; x_wconf 70' lang='grc' dir='ltr'>οἶμοιῐ</span> <span class='ocrx_word' id='word_1_807' title='bbox 3544 4992 3602 5041; x_wconf 83' lang='grc' dir='ltr'>τὸ</span> <span class='ocrx_word' id='word_1_808' title='bbox 3661 4991 3848 5061; x_wconf 84' lang='grc' dir='ltr'>σεμνόν</span> 
     </span>
    </p>
   </div>
   <div class='ocr_carea' id='block_1_105' title="bbox 2248 5073 3850 5153">
    <p class='ocr_par' dir='ltr' id='par_1_105' title="bbox 2248 5073 3850 5153">
     <span class='ocr_line' id='line_1_105' title="bbox 2248 5073 3850 5153; baseline 0.002 -27"><span class='ocrx_word' id='word_1_809' title='bbox 2248 5077 2335 5126; x_wconf 83' lang='grc' dir='ltr'>καὶ</span> <span class='ocrx_word' id='word_1_810' title='bbox 2380 5073 2735 5148; x_wconf 82' lang='grc' dir='ltr'>πολυύμνητον</span> <span class='ocrx_word' id='word_1_811' title='bbox 2797 5080 2978 5150; x_wconf 81' lang='grc' dir='ltr'>ὄνομα.</span> <span class='ocrx_word' id='word_1_812' title='bbox 3034 5076 3196 5153; x_wconf 81' lang='grc' dir='ltr'>’Ὡμοι</span> <span class='ocrx_word' id='word_1_813' title='bbox 3234 5086 3296 5152; x_wconf 73' lang='grc' dir='ltr'>τῇ</span> <span class='ocrx_word' id='word_1_814' title='bbox 3350 5075 3634 5149; x_wconf 72' lang='grc' dir='ltr'>δυστήνῳῐ</span> <span class='ocrx_word' id='word_1_815' title='bbox 3688 5084 3850 5151; x_wconf 80' lang='grc' dir='ltr'>φροῦ-</span> 
     </span>
    </p>
   </div>
   <div class='ocr_carea' id='block_1_106' title="bbox 2252 5158 3848 5241">
    <p class='ocr_par' dir='ltr' id='par_1_106' title="bbox 2252 5158 3848 5241">
     <span class='ocr_line' id='line_1_106' title="bbox 2252 5158 3848 5241; baseline 0.002 -26"><span class='ocrx_word' id='word_1_816' title='bbox 2252 5158 2340 5224; x_wconf 88' lang='grc' dir='ltr'>δος</span> <span class='ocrx_word' id='word_1_817' title='bbox 2369 5164 2395 5215; x_wconf 89' lang='lat'>6</span> <span class='ocrx_word' id='word_1_818' title='bbox 2442 5163 2592 5226; x_wconf 83' lang='grc' dir='ltr'>καλός</span> <span class='ocrx_word' id='word_1_819' title='bbox 2635 5170 2847 5238; x_wconf 83' lang='grc' dir='ltr'>νυμφίος</span> <span class='ocrx_word' id='word_1_820' title='bbox 2906 5166 3051 5239; x_wconf 79' lang='grc' dir='ltr'>ἐμοῦ,</span> <span class='ocrx_word' id='word_1_821' title='bbox 3100 5168 3139 5239; x_wconf 81' lang='grc' dir='ltr'>ᾧ</span> <span class='ocrx_word' id='word_1_822' title='bbox 3191 5166 3355 5221; x_wconf 87' lang='grc' dir='ltr'>πάλαι</span> <span class='ocrx_word' id='word_1_823' title='bbox 3393 5170 3483 5241; x_wconf 69' lang='grc' dir='ltr'>μὲν</span> <span class='ocrx_word' id='word_1_824' title='bbox 3524 5168 3625 5220; x_wconf 84' lang='grc' dir='ltr'>ὑπὸ</span> <span class='ocrx_word' id='word_1_825' title='bbox 3668 5185 3848 5241; x_wconf 85' lang='grc' dir='ltr'>νυμφα</span> 
     </span>
    </p>
   </div>
   <div class='ocr_carea' id='block_1_107' title="bbox 2249 5251 3846 5331">
    <p class='ocr_par' dir='ltr' id='par_1_107' title="bbox 2249 5251 3846 5331">
     <span class='ocr_line' id='line_1_107' title="bbox 2249 5251 3846 5331; baseline 0.003 -27"><span class='ocrx_word' id='word_1_826' title='bbox 2249 5259 2406 5325; x_wconf 82' lang='grc' dir='ltr'>γωγῷ</span> <span class='ocrx_word' id='word_1_827' title='bbox 2454 5262 2526 5326; x_wconf 80' lang='grc' dir='ltr'>τῷ</span> <span class='ocrx_word' id='word_1_828' title='bbox 2590 5257 2844 5328; x_wconf 79' lang='grc' dir='ltr'>πνεύματι</span> <span class='ocrx_word' id='word_1_829' title='bbox 2889 5255 3127 5329; x_wconf 73' lang='grc' dir='ltr'>εὐτυχῶς</span> <span class='ocrx_word' id='word_1_830' title='bbox 3175 5260 3468 5331; x_wconf 77' lang='grc' dir='ltr'>ἡρμοσμαι,</span> <span class='ocrx_word' id='word_1_831' title='bbox 3500 5264 3588 5309; x_wconf 83' lang='grc' dir='ltr'>νῦν</span> <span class='ocrx_word' id='word_1_832' title='bbox 3638 5251 3699 5309; x_wconf 70' lang='grc' dir='ltr'>δέ</span> <span class='ocrx_word' id='word_1_833' title='bbox 3745 5257 3846 5309; x_wconf 86' lang='grc' dir='ltr'>θα-</span> 
     </span>
    </p>
   </div>
   <div class='ocr_carea' id='block_1_108' title="bbox 2249 5338 3851 5420">
    <p class='ocr_par' dir='ltr' id='par_1_108' title="bbox 2249 5338 3851 5420">
     <span class='ocr_line' id='line_1_108' title="bbox 2249 5338 3851 5420; baseline 0.001 -25"><span class='ocrx_word' id='word_1_834' title='bbox 2249 5343 2385 5416; x_wconf 81' lang='grc' dir='ltr'>νάτῳ</span> <span class='ocrx_word' id='word_1_835' title='bbox 2460 5338 2769 5419; x_wconf 73' lang='grc' dir='ltr'>διέζευγμαι</span> <span class='ocrx_word' id='word_1_836' title='bbox 2832 5341 3246 5420; x_wconf 81' lang='grc' dir='ltr'>δυστυχέστατα</span> <span class='ocrx_word' id='word_1_837' title='bbox 3299 5366 3317 5384; x_wconf 80' lang='grc' dir='ltr'><strong><em>ο</em></strong></span> <span class='ocrx_word' id='word_1_838' title='bbox 3373 5347 3426 5410; x_wconf 85' lang='grc' dir='ltr'>ὃς</span> <span class='ocrx_word' id='word_1_839' title='bbox 3480 5348 3700 5419; x_wconf 83' lang='grc' dir='ltr'>ἔναγχος</span> <span class='ocrx_word' id='word_1_840' title='bbox 3755 5347 3851 5418; x_wconf 62' lang='grc' dir='ltr'>μὲν</span> 
     </span>
    </p>
   </div>
  </div>
