4152 6208
272 359 380 415 333

1311 355 1631 418 MONODIA
1670 357 1744 419 IN
1789 355 2227 422 EUSTATHIUM
2271 361 2600 425 THESSAL.

3532 369 3637 432 3⁸54

267 481 559 554 (χρησάτω
623 482 727 558 γάρ
784 501 876 557 μοι
905 486 996 538 καὶ
1045 480 1213 538 Δαυῒδ
1255 483 1310 538 ἐκ
1365 493 1465 538 τῶν
1517 485 1702 540 ἑαυτοῦ
1752 488 1876 564 θρή-

1988 487 2094 547 bat
2113 494 2471 548 ornamenta
2497 505 2681 548 aurea
2700 490 2880 548 cultui
2897 505 3058 557 meo,
3073 490 3139 548 id
3159 493 3250 551 est
3267 493 3639 553 orationibus

267 571 398 642 νων)
450 568 760 626 ἐνεδίδυσκέ
804 593 870 648 με
920 577 1155 628 κόκκινον
1210 579 1302 629 καὶ
1362 584 1602 652 χρυσοῦν
1657 582 1878 651 κόσμον,

269 662 390 721 τοὺς
429 660 816 736 πολυτιμήτους
874 665 1097 726 ἐκείνους
1165 668 1255 717 καὶ
1329 663 1597 742 λαμπρούς
1670 665 1876 739 λόγους·

269 756 366 800 νῦν
441 746 503 802 δὲ
571 759 868 814 σιωπῶντος
940 751 1398 827 ἀποκεκόσμημαι,
1489 759 1578 808 καὶ
1670 759 1881 829 ᾁοφνινα

269 836 675 911 περιϐέϐλημαι,
744 845 836 894 καὶ
901 842 988 895 οἶα
1066 841 1454 916 καταμελαίνειν
1537 841 1674 898 οἶδεν
1747 847 1877 919 ὑπερ

268 932 452 980 πᾶσαν
479 925 709 988 ἄσϐόλην
737 931 768 989 ἡ
797 927 1093 1003 λιγνυώδης
1129 936 1220 984 καὶ
1243 934 1487 1008 καπνηρὰ
1522 940 1618 996 τῆς
1657 938 1878 1009 χηρείας

268 1017 509 1088 κάμινος.
592 1021 678 1077 Μή
764 1018 1192 1091 εύαγγελισοὲσθω
1255 1039 1338 1083 τις
1411 1028 1475 1094 τῇ
1543 1020 1870 1097 πρεσϐυτάτῃ

265 1101 444 1176 Ῥώμη
511 1109 599 1159 τὸν
655 1107 950 1162 Εύσταθίου
1013 1112 1190 1184 μόρον,
1250 1105 1383 1182 μηδ’
1439 1108 1729 1182 ἀγγειλάτω
1765 1118 1877 1174 ταῖς

268 1192 362 1245 ὑπ’
413 1194 577 1254 αύτήν
626 1195 909 1260 Ἰταλικαῖς
967 1196 1172 1268 πόλεσι,
1217 1203 1417 1272 μήποτε
1473 1197 1772 1272 ἕφησθὼσιν
1827 1203 1876 1254 οἱ

267 1281 523 1348 ἀλαζόνες
585 1290 676 1340 καὶ
749 1289 1089 1362 ὑπερήφανοι,
1133 1292 1223 1342 καὶ
1261 1290 1356 1352 τὰς
1400 1287 1484 1342 ἕπὶ
1532 1285 1876 1364 δογματικοῖς

269 1372 614 1448 προϐλήμασι
700 1372 1034 1440 διαλεκτικὰς
1130 1376 1420 1453 προσϐολὰς
1511 1380 1871 1455 θαρσήσωσιν,

270 1461 332 1524 εὶς
370 1467 576 1536 τῳτέως
623 1462 1098 1542 ἀντιπεριίσταντο,
1129 1470 1188 1519 τὸ
1243 1474 1336 1530 τῆς
1393 1465 1586 1521 ἐκείνου
1642 1469 1874 1542 γλώττης

268 1553 488 1625 ἄμαχον
554 1554 890 1629 ὑφορώμενοι.
977 1559 1247 1610 Πίπτωκεν
1315 1555 1466 1632 ἀνὴρ,
1541 1558 1603 1610 οῦ
1671 1565 1773 1621 πᾶς
1847 1559 1874 1614 ὀ

265 1644 467 1714 κόσμος
506 1641 602 1695 ούκ
641 1640 704 1701 ἦν
759 1643 924 1707 ἄξιοςο
964 1647 1218 1717 πέπτωκε,
1263 1643 1380 1718 qm)!
1415 1647 1440 1698 ό
1482 1647 1756 1721 ύπανέχων
1785 1668 1869 1723 με,

263 1730 292 1781 ό
325 1733 491 1803 φέρων
541 1730 700 1802 ὑψοῦ.
743 1737 841 1786 Καὶ
890 1741 997 1795 πῶς
1051 1733 1145 1787 ούκ
1195 1730 1304 1793 ἤδη
1352 1743 1615 1810 πεσοῦμαι
1667 1733 1874 1793 δειλαία

1987 577 2508 651 splendidissimis.
2538 583 2705 637 Nunc
2734 584 2937 637 autem
2967 580 3072 637 ubi
3101 580 3248 650 silet,
3283 589 3638 642 ornamento

1988 671 2188 736 exuta,
2251 667 2436 740 nigris
2500 668 2713 726 induta
2747 668 3016 726 vestibus
3064 669 3280 727 incedo
3301 675 3359 729 et
3385 672 3639 745 caligine

1987 753 2288 812 viduitatis
2314 757 2481 813 omni
2519 756 2830 829 nigredine
2859 757 3082 817 atriori.
3111 758 3279 816 Absit
3302 764 3366 817 ut
3381 761 3518 833 quis
3540 776 3638 818 ve-

1984 845 2090 901 teri
2145 848 2343 902 Romae
2400 852 2504 904 aut
2560 848 2787 905 caeteris
2846 849 3023 907 Italiae
3069 849 3322 906 urbibus
3351 850 3638 908 Eustathii

1983 940 2240 993 mortem
2268 939 2335 993 ut
2371 935 2580 994 laetum
2611 937 2821 994 afferat
2844 939 3145 1010 nuntium,
3187 955 3262 996 ne
3301 941 3544 1013 superbi
3581 944 3640 997 et

1981 1022 2172 1081 invidi
2199 1024 2274 1081 de
2301 1024 2649 1083 calamitate
2691 1031 2899 1083 nostra
2927 1027 3231 1100 gaudeant
3259 1033 3316 1086 et
3356 1044 3517 1086 novo
3547 1044 3640 1085 ar-

1982 1110 2127 1169 dore
2155 1112 2297 1170 ﬁdei
2343 1114 2646 1187 quosdam
2682 1115 3111 1186 aggrediantur
3140 1115 3441 1184 articulos,
3471 1116 3638 1190 quod

1981 1200 2297 1275 hucusque
2326 1202 2521 1260 facere
2547 1203 2678 1261 ausi
2705 1219 2830 1260 non
2860 1208 3020 1276 sunt,
3039 1205 3328 1262 Eustathii
3357 1205 3639 1278 eloquen-

1983 1290 2126 1348 tiam
2150 1291 2450 1348 victricem
2478 1293 2772 1350 timentes.
2823 1293 2917 1350 Sic
2965 1293 3057 1350 vir
3085 1308 3117 1350 e
3169 1293 3318 1350 vivis
3367 1294 3634 1364 secessit,

1982 1397 2105 1452 quo
2129 1386 2287 1440 totus
2326 1399 2450 1440 non
2473 1383 2690 1456 dignus
2717 1388 2844 1441 erat
2864 1384 3150 1441 mundus.
3184 1385 3382 1441 Eheu!
3421 1384 3640 1442 occidit

1979 1471 2328 1545 praesidium
2358 1489 2584 1530 meum.
2615 1475 2681 1530 Et
2707 1473 3016 1547 quomodo
3048 1477 3285 1544 egomet
3308 1473 3490 1531 rebus
3535 1473 3638 1530 de.

1981 1561 2233 1634 speratis
2265 1562 2399 1635 ipsa
2432 1579 2556 1621 non
2587 1561 2806 1620 cadam
2825 1563 2854 1618 ‘I
2885 1562 3001 1620 Diri
3029 1563 3282 1636 posthac
3302 1563 3519 1620 ﬂuctus
3538 1578 3637 1620 me

1979 1652 2440 1724 propugnaculo
2484 1652 2783 1726 privatam
2813 1651 3139 1724 vexabunt,
3160 1652 3266 1726 qui
3298 1656 3474 1709 antea
3512 1668 3639 1709 sco-

1979 1739 2137 1812 pulis
2155 1739 2308 1798 allisi
2326 1741 2387 1798 in
2405 1757 2655 1816 spumas
2679 1741 2982 1798 abierant!
3008 1741 3179 1808 Quod
3198 1745 3436 1815 pratum
3455 1757 3640 1798 amo:-

262 1824 356 1872 καὶ
417 1819 580 1888 «ora,
643 1822 1070 1886 ῦποσπασθίντος
1133 1829 1227 1876 τοῦ
1302 1821 1708 1900 ύπερείδοντοςς
1783 1832 1871 1891 Τίς

1983 1843 2125 1886 num
2181 1845 2344 1886 mors
2396 1831 2666 1902 vastavit,
2701 1831 2868 1903 quod
2893 1829 3119 1887 bellum
3147 1829 3434 1899 Siculum,
3471 1829 3640 1904 quod

262 1907 357 1960 οὐκ
417 1907 690 1963 ἐπικλύσει
749 1926 813 1984 με
874 1909 1121 1984 φλοίσϐος
1192 1911 1464 1988 ὑϐριστὴς,
1547 1917 1635 1968 τόν
1707 1920 1869 1990 μέγαν

263 1995 694 2071 ἀποϐεϐλημένην
770 1999 1059 2074 προϐλῆτα,
1141 2006 1260 2076 περὶ
1334 2003 1388 2055 ὂν
1462 2004 1595 2066 ἅπας
1667 2003 1871 2060 κλύδων

264 2091 663 2162 προσαρασσων
729 2089 802 2152 εἰς
867 2089 1026 2164 ἀφρόν
1092 2087 1359 2160 διελύετο;
1401 2092 1472 2146 ’Ὠ
1507 2094 1612 2147 οἷον
1648 2094 1872 2169 λειμῶνα

262 2182 506 2252 χαρίτων
576 2180 794 2241 Θάνατος
863 2177 1274 2255 ἕπιστρατεύσας
1343 2178 1574 2256 ἐδῄωσεν
1649 2185 1709 2238 οὗ
1781 2191 1871 2240 καὶ

266 2265 528 2328 Σικελικός
583 2266 824 2340 πόλεμος,
875 2272 1062 2345 καίπερ
1140 2266 1454 2344 διαφθείρων
1534 2274 1705 2326 πάντα
1761 2276 1872 2328 θεῖοί

270 2370 328 2406 τε
391 2360 483 2408 καὶ
547 2355 845 2432 ἀνθρωπίνα
928 2360 1236 2433 πράγματα,
1295 2362 1360 2421 ὡς
1442 2358 1717 2433 ἄψαυστον
1781 2369 1871 2417 καὶ

284 2445 427 2517 ἱεροῦ
465 2463 594 2509 τινος
647 2445 838 2509 ἄλσους
886 2445 1161 2520 ὶφείσατοῑ
1215 2448 1283 2501 Ὦ.
1323 2450 1430 2504 οἷον
1473 2454 1635 2526 μύρον
1691 2458 1871 2527 σοφίας

277 2532 354 2595 εἰς
419 2530 584 2607 atatim
637 2535 995 2611 κατέρρευσεν,
1053 2538 1210 2613 οὗπερ
1275 2546 1348 2610 τῷ
1415 2551 1719 2618 μαρτυρικῷ
1769 2562 1870 2617 μου

269 2625 440 2695 τούτῳ
505 2629 970 2700 προσεπιπνέοντος
1014 2622 1237 2686 ἣδιστον
1294 2627 1366 2691 εἰς
1421 2625 1591 2702 ὀδμὴν
1654 2638 1755 2694 πᾶς
1791 2651 1870 2695 τις

264 2711 544 2784 φιλόκαλος
601 2713 771 2768 ἔθεενέ
812 2714 947 2786 Ἐγὼ
999 2711 1058 2768 δε
1108 2718 1244 2770 κατὰ
1272 2720 1367 2776 τὴν
1405 2716 1454 2770 ἐν
1492 2720 1700 2794 ἄσμασι
1736 2724 1871 2794 νύμ-

263 2820 366 2873 φην
408 2799 460 2853 ἓν
511 2804 696 2874 μύροις
743 2800 1114 2878 ἔπηριζόμην,
1152 2809 1240 2858 καὶ
1277 2808 1463 2882 μύροις
1515 2803 1740 2881 διπλοῖς,
1799 2818 1872 2882 τῷ

261 2907 317 2943 τε
377 2888 466 2963 ἆρ’
535 2893 770 2964 αἱμάτων
834 2902 1167 2967 μαρτυρικῶν
1232 2899 1318 2947 καὶ
1381 2904 1453 2968 τῷ
1525 2895 1579 2961 ἐξ
1641 2895 1872 2972 ἱδρώτων

266 2976 664 3053 ἀρχιερατικῶν
730 2977 1079 3055 ἁπατμίζοντι
1111 3003 1125 3016 ο
1201 2988 1292 3035 καὶ
1365 2993 1457 3045 τῆς
1522 2983 1610 3037 ἀπ’
1685 2984 1873 3060 ἀμφοῖν

267 3063 499 3129 εὐωδίας
549 3075 806 3143 Χριστοῦ,
838 3073 974 3123 κατὰ
1025 3070 1249 3140 Παῦλον,
1297 3074 1425 3145 χθὲς
1479 3075 1548 3134 εἰς
1574 3077 1664 3147 μὲν
1708 3075 1872 3149 ὀσμὴν

269 3155 647 3252 ἆισγραινόμην
675 3157 863 3252 ζωῆς,
902 3166 990 3212 νῦν
1056 3156 1116 3214 δὲ
1160 3160 1374 3236 ῥιγίστη
1450 3163 1671 3216 θανάτου
1730 3161 1868 3239 ὀδμῇ
1911 3195 1953 3252 C

269 3248 344 3309 εἰς
395 3250 617 3302 θάνατον
667 3247 1040 3324 ἀποπνίγομαι.
1093 3253 1216 3304 Οἶον
1266 3257 1436 3326 στόμα
1461 3256 1658 3330 χάρισι
1689 3253 1870 3331 βρύον,

266 3342 361 3390 καὶ
424 3337 724 3414 παρρησίας
779 3339 991 3412 εύλόγου
1049 3340 1276 3412 πέλεκυς,
1336 3342 1542 3397 ύστατα
1593 3349 1814 3418 μέμυκεν
1856 3346 1869 3404 i

270 3428 378 3478 Οἷα
441 3431 606 3501 χάρις
660 3427 875 3500 χειλέων
937 3433 1221 3503 μυρίπνους
1266 3434 1492 3504 κέχυται
1537 3436 1672 3486 κατὰ
1724 3433 1870 3506 γῆςι

271 3518 378 3568 Οἱα
427 3515 640 3587 γλῶττα
696 3521 984 3591 πυρίπνους
1037 3518 1373 3578 ἁπέσϐηκενῐ
1441 3521 1619 3581 Ἡλίκη
1684 3519 1869 3583 διέπτη

269 3605 460 3678 pavi!
529 3604 599 3658 Ὠ
664 3613 858 3680 σχῆμα
918 3611 1009 3659 καὶ
1070 3613 1370 3684 πρόσωπον,
1433 3611 1872 3685 αὖτοσεμνότητος

268 3693 509 3768 ἄγαλμα,
579 3694 846 3758 εὐλαϐείας
937 3695 1257 3772 ἀκρόπολιςῙ
1333 3698 1402 3752 ’Ὠ
1473 3705 1702 3774 ὄμματα,
1777 3709 1871 3765 τῆς

273 3781 422 3836 ἔνδον
480 3785 749 3857 σταθηρᾶς
785 3784 1010 3857 γαλήνης
1063 3787 1294 3859 ἄγγελοι,
1336 3787 1376 3840 ὣ
1417 3786 1599 3852 αἰδοῦς
1662 3791 1870 3864 λύχνοι,

271 3872 314 3921 ὦ
370 3875 703 3946 σοφροσύνης
763 3872 1004 3946 θάλαμοι,
1062 3881 1164 3927 ποῦ
1236 3894 1360 3928 ποτε
1433 3879 1686 3949 οἴχεσθε;
1729 3878 1873 3952 Δεῦρ’

269 3959 368 4030 ἴθι,
406 3959 687 4032 φιλοσοφία
714 3966 897 4032 σεμνή.
938 3961 1079 4037 Δεῦρ’
1119 3964 1216 4031 ῖθι,
1271 3960 1523 4036 χλιδῶσα
1570 3962 1645 4019 δι’
1687 3967 1875 4019 ἐκεῖνον

269 4050 556 4124 ῥητορική.
633 4053 964 4126 Παρομαρτει
1031 4056 1120 4104 καὶ
1189 4056 1276 4120 σύ,
1343 4061 1680 4128 γραμματικὴ
1747 4059 1878 4129 μετὰ

271 4146 470 4212 χοροῦ,
533 4139 654 4202 ὅσος
691 4137 981 4211 ἐγκύκλιος.
1045 4140 1195 4194 Καλῶ
1254 4145 1357 4216 γὰρ
1409 4145 1543 4217 ὑμᾶς
1573 4147 1638 4206 ὡς
1691 4148 1874 4218 σοφὰς,

271 4231 410 4280 κατὰ
461 4230 551 4280 τόν
599 4234 889 4304 προφήτην,
922 4234 1012 4282 καὶ
1044 4231 1331 4306 θρηνούσας
1380 4233 1409 4292 ἢ
1463 4235 1872 4308 συνορηνούσας,

271 4321 338 4378 ὡς
395 4320 843 4391 συγχηρευούσας
909 4317 1022 4392 ἐμοὶ
1073 4326 1296 4394 νυμφίου
1370 4331 1542 4376 κοινοῦ
1577 4345 1590 4358 ο
1667 4327 1746 4377 ὅτι
1803 4329 1873 4398 μὴ

272 4403 426 4459 δυοῖν
478 4403 724 4479 ἁδελφαῑν
783 4406 1099 4482 ἐπιστήμαιν
1151 4412 1286 4462 κατὰ
1342 4414 1428 4464 τὸν
1481 4415 1611 4466 θεῖον
1669 4413 1876 4484 Ἰακὼϐ,

272 4494 381 4547 ἀλλ’
449 4493 667 4548 ἁπασῶν
727 4496 1044 4560 ἁπαξαπλῶς
1104 4495 1166 4558 ἦν
1233 4498 1360 4576 ἀνὴρ
1411 4502 1436 4554 ὁ
1511 4499 1638 4577 ἀνὴρ
1670 4519 1684 4534 ⁸
1762 4499 1876 4556 οὐδ’

273 4586 451 4644 ἔθνους
504 4583 616 4646 ἐνὸς
674 4584 972 4660 φυλάρχους
1029 4583 1261 4659 δώδεκα,
1300 4598 1400 4641 τῶν
1463 4584 1514 4643 δ’
1576 4594 1877 4665 ἓκασταχοῦ

272 4681 369 4734 τῆς
446 4673 739 4746 Ῥωμαῖκῆς
806 4672 978 4750 ἀρχῆς
1056 4673 1254 4749 σχεδόν
1309 4677 1522 4731 ἁπασῶν
1594 4679 1878 4740 ἐκκλησιῶν

273 4765 540 4835 ἡγεμόνας
594 4760 669 4816 δι’
730 4764 886 4817 αὐτὸν
943 4764 1284 4824 ἐτεκνώσατο.
1355 4768 1515 4822 *Ωστε
1578 4777 1667 4824 καὶ
1704 4775 1882 4835 πάσας

1906 4551 1953 4608 D

271 4850 564 4914 ἐκκλησίας
612 4855 681 4914 ὡς
729 4850 975 4926 ὀρφανίας
1035 4861 1290 4932 προγόνου
1342 4866 1516 4911 κοινοῦ
1559 4860 1880 4933 κατὰλόγον

277 4941 591 5012 σνγκαλὲσω
647 4949 739 4993 τοῦ
791 4945 979 5016 θρήνου
1041 4948 1500 5020 συναπάρχεσθαι,
1541 4954 1628 5001 καὶ
1665 4954 1766 5025 πρό
1825 4967 1882 5022 γε

273 5037 462 5082 πασῶν
529 5033 623 5088 τήν
679 5030 1046 5104 πρεσϐυτάτην
1095 5033 1311 5087 ἁπασῶν
1367 5042 1588 5113 μητέρα,
1620 5042 1713 5097 τήν
1767 5043 1881 5091 νέαν

273 5125 426 5188 Σιὼν,
464 5121 539 5181 ὡς
602 5128 694 5172 τοῦ
749 5120 1052 5193 καλλίστου,
1083 5125 1137 5176 ὃν
1200 5125 1400 5197 ἠγάπα,
1437 5132 1684 5191 πεσόντος
1749 5130 1884 5181 κατὰ

272 5213 370 5266 τήν
432 5213 766 5284 προφητικήν
824 5209 1056 5271 ἀπειλήν.
1137 5213 1288 5266 Οὗτω
1341 5218 1443 5289 γὰρ
1507 5222 1882 5293 τραγικώτερον

274 5303 678 5372 περιστήσομαι
740 5299 926 5353 κύκλον
985 5301 1055 5364 εἰς
1103 5302 1376 5366 ξυναυλίαν
1444 5307 1654 5367 πένθους
1708 5313 1882 5359 κοινοῦ

272 5393 365 5442 καὶ
445 5394 696 5464 συμφορᾷ
771 5397 916 5464 κοινῇ
984 5396 1282 5466 πρέποντος.
1349 5393 1417 5447 Ἦ
1491 5413 1593 5447 που
1657 5398 1747 5447 καὶ
1819 5397 1884 5458 ὡς

272 5481 550 5551 Αἴγυπτος
588 5477 673 5532 ἐπὶ
710 5478 841 5533 πολὺ
884 5484 972 5535 τὸν
1021 5481 1210 5537 Ἰακὼϐ
1252 5491 1360 5548 τοῖς
1389 5487 1506 5558 περὶ
1543 5486 1632 5538 τὸν
1691 5484 1883 5558 Ἰωσήφ

347 5656 373 5736 ξ
413 5657 637 5716 Jerem.
664 5673 742 5730 Ix,
777 5663 867 5721 l7.

1980 1917 2184 1976 omnia
2209 1919 2412 1976 divina
2454 1923 2510 1975 et
2536 1919 2809 1976 humana
2843 1919 3097 1976 aedificia
3139 1918 3456 1990 destruxit,
3512 1924 3638 1976 tan-

1979 2022 2167 2080 quam
2203 2006 2409 2064 lucum
2438 2007 2554 2063 diis
2600 2023 2841 2064 sacrum
2879 2007 3168 2064 intactum
3209 2007 3466 2080 reliquit.
3500 2008 3636 2063 Jam

1977 2097 2307 2170 pretiosum
2330 2096 2636 2169 sepientiae
2653 2095 2998 2153 balsamum
3014 2095 3330 2169 profusum
3347 2101 3453 2166 est,
3470 2095 3635 2168 quod

1979 2185 2181 2243 odoris
2213 2185 2510 2243 suavitate
2540 2201 2753 2242 omnes
2779 2185 2883 2258 qui
2910 2199 3006 2241 res
3029 2187 3385 2258 praestantes
3429 2187 3638 2240 amant

1979 2273 2204 2346 allexit;
2259 2277 2318 2331 et
2368 2290 2440 2331 ex
2469 2277 2726 2346 utroque
2784 2288 2896 2344 ego
2925 2273 3052 2330 heri
3104 2273 3438 2329 secundum
3467 2270 3638 2328 Pauli

1978 2362 2161 2420 verba
2191 2362 2405 2421 Christi
2431 2362 2672 2420 dulcem
2705 2361 2956 2419 odorem
2989 2360 3128 2418 vita).
3169 2359 3442 2431 gustavi;
3473 2374 3638 2416 nunc

1981 2457 2180 2509 autem
2227 2451 2437 2508 mortis
2495 2449 2768 2508 horribili
2811 2449 2996 2507 odore
3051 2448 3334 2505 suffocor.
3377 2447 3526 2504 Cum
3566 2462 3638 2504 eo

1979 2541 2102 2598 vita
2125 2541 2409 2598 defuncto
2431 2556 2501 2597 os
2525 2541 2878 2612 gratiosum,
2906 2539 3374 2596 instrumentum
3398 2552 3639 2609 magnai

1978 2629 2288 2700 libertatis,
2316 2629 2488 2702 periit
2513 2629 2525 2684 !
2581 2627 2766 2686 Labia
2798 2627 3140 2684 balsamica
3165 2626 3638 2695 obmutuerunt;

1979 2718 2189 2790 lingua
2215 2719 2526 2792 ignivoma
2571 2717 2857 2775 exstincta
2897 2722 3009 2775 est.
3041 2717 3084 2774 0
3109 2716 3344 2773 vultum
3365 2714 3638 2786 archety-

1981 2823 2129 2880 pum
2160 2809 2396 2864 sunime
2429 2805 2867 2876 venerandum,
2899 2819 3222 2877 arcemque
3262 2803 3596 2877 prudentia:
3622 2800 3636 2858 ι

1983 2898 2026 2954 O
2053 2897 2258 2954 oculos
2284 2900 2604 2969 perpetuos
2633 2911 2790 2952 verae
2818 2893 3033 2951 laetitia:
3060 2892 3312 2964 indices,
3335 2892 3438 2965 qui
3468 2907 3638 2948 vere-

1982 2985 2289 3052 cundiam,
2312 2984 2415 3057 qui
2437 2983 2770 3040 castitatem
2789 2981 3316 3050 demonstrabatis,
3341 2979 3487 3051 quid
3509 2994 3641 3035 eva-

1983 3073 2187 3130 sistis?
2217 3072 2459 3139 Adesto,
2493 3071 2892 3144 Philosophia,
2931 3070 3158 3134 adesto,
3192 3067 3522 3132 Rhetorica,
3557 3065 3637 3122 ab

1983 3162 2286 3220 Eustathio
2302 3165 2612 3234 tantopere
2635 3159 2938 3233 promota!
2962 3157 3266 3215 Adesdum
3289 3161 3352 3213 tu
3371 3171 3636 3229 quoque,

1985 3251 2404 3320 Grammatica,
2435 3266 2573 3306 cum
2609 3247 2962 3305 satellitibus
3006 3246 3145 3304 tuis:
3178 3245 3640 3302 Lamentatrices

1980 3357 2090 3400 vos
2117 3347 2317 3398 statuo
2339 3339 2662 3412 sapientes,
2683 3336 3018 3394 secundum
3048 3336 3235 3394 verba
3261 3335 3573 3408 prophetas
3593 3337 3636 3403 ‘,

1982 3436 2066 3502 ut,
2105 3429 2305 3486 viduae
2345 3444 2485 3484 cum
2540 3427 2664 3483 sitis
2694 3431 2752 3482 et
2788 3426 2956 3498 ipsas,
2988 3439 3284 3495 magnum
3341 3438 3638 3496 sponsum

1982 3535 2221 3577 mecum
2247 3516 2566 3590 plangatis.
2601 3519 2729 3573 Non
2758 3514 2919 3570 enim
2945 3517 3184 3569 tantum
3220 3512 3301 3569 ad
3325 3512 3512 3569 instar
3550 3513 3642 3569 Ja-

1984 3608 2120 3666 cobi
2148 3606 2526 3680 patriarchae,
2559 3605 2839 3660 scientias
2879 3602 3151 3672 geminas
3197 3616 3418 3657 uxores
3464 3599 3643 3656 duce-

1984 3698 2108 3766 bat,
2132 3695 2237 3752 sed
2266 3695 2541 3752 omnium
2567 3710 2687 3750 una
2711 3693 2964 3750 maritus
2996 3696 3152 3759 erat;
3185 3706 3296 3746 nec
3331 3689 3510 3746 unius
3533 3705 3640 3762 po-

1984 3786 2112 3860 puli
2139 3786 2322 3842 duces
2342 3798 2597 3841 numero
2617 3783 2849 3849 decem,
2882 3781 2986 3837 sed
3009 3781 3285 3836 omnium
3309 3777 3642 3851 provincia-

1984 3893 2118 3934 rum
2152 3878 2560 3932 Romanarum
2591 3871 2776 3929 duces
2805 3870 3158 3943 procreavit.
3194 3871 3356 3923 Hanc
3387 3867 3468 3923 ob
3507 3882 3644 3924 cau-

1985 3981 2118 4022 sam
2131 3979 2339 4021 omnes
2351 3961 2618 4019 civitates
2639 3977 2752 4018 avo
2766 3958 3074 4016 communi
3086 3955 3331 4014 orbatas
3349 3955 3410 4010 in
3429 3955 3642 4027 spiritu

1985 4069 2253 4111 convoco
2295 4057 2362 4108 ut
2408 4050 2717 4124 planctum
2771 4063 3009 4103 mecum
3057 4045 3295 4112 ineant;
3356 4043 3462 4098 sed
3500 4047 3638 4099 ante

1985 4157 2195 4200 omnes
2215 4141 2488 4197 omnium
2511 4138 2751 4201 avitam,
2767 4150 2989 4190 novam
3012 4134 3272 4198 Sionem,
3296 4130 3470 4202 cujus
3489 4145 3641 4204 prae-

1987 4229 2390 4288 stantissimus
2451 4225 2613 4282 filius
2667 4224 3028 4294 (secundum
3075 4220 3387 4294 prophetas
3434 4219 3636 4289 verba)

1985 4335 2167 4392 quem
2198 4318 2372 4373 unice
2423 4313 2730 4384 diligebat,
2756 4311 3030 4368 decessit.
3078 4313 3163 4366 lta
3212 4309 3375 4366 enim
3421 4307 3643 4379 majori

1983 4408 2316 4480 lugentium
2345 4409 2584 4461 caterva
2615 4401 2868 4475 stipatus
2893 4416 3018 4471 ero,
3039 4398 3189 4456 utin
3217 4397 3526 4455 communi
3547 4414 3642 4455 ca-

1985 4497 2250 4554 lamitate
2280 4493 2578 4552 convenit.
2610 4486 3134 4557 Quemadmodum
3177 4487 3339 4544 enim
3378 4485 3644 4559 Egyptii

1987 4603 2127 4645 cum
2154 4583 2412 4656 Josepho
2456 4582 2710 4654 ejusque
2742 4578 2972 4635 familia
3001 4575 3295 4634 Iacobum
3325 4575 3432 4631 diu
3476 4575 3643 4644 luge-

1986 4677 2153 4748 bant,
2181 4676 2263 4731 ita
2287 4671 2457 4729 multi
2485 4669 2666 4726 exteri
2696 4685 2835 4725 cum
2875 4667 3133 4724 Romzeis
3165 4665 3354 4722 salem
3404 4669 3643 4736 aposto-

1985 4767 2168 4825 licum
2198 4769 2391 4832 terras,
2415 4760 2603 4818 solem
2644 4757 2909 4815 universi
2937 4754 3350 4825 evangelicum
3379 4753 3484 4824 qui
3503 4752 3644 4808 hinc

1987 4857 2129 4914 inde
2151 4851 2388 4910 virtutis
2411 4865 2482 4906 ac
2515 4846 2822 4920 sapientia:
2844 4844 3227 4917 splendorem
3251 4841 3522 4908 effundit,
3545 4839 3646 4897 de-

1991 4944 2211 5002 siderio
2242 4957 2352 4997 suo
2404 4939 2870 5012 prosequuntur.
2923 4933 3024 4988 Hic
3067 4931 3227 4987 enim
3268 4929 3360 4985 sol
3404 4944 3527 4986 non
3565 4929 3647 4986 ad

1989 5050 2087 5093 me
2109 5033 2325 5096 solum,
2347 5029 2454 5086 sed
2476 5041 2581 5100 per
2602 5024 2944 5080 universam
2959 5019 3182 5076 almam
3201 5023 3419 5076 terram
3441 5018 3647 5076 radios

1991 5139 2137 5180 suos
2165 5119 2382 5178 emisit.
2415 5119 2581 5172 Nunc
2603 5117 2829 5182 autem,
2856 5109 2963 5166 ubi
2989 5107 3331 5165 communis
3371 5107 3646 5164 omnium

1989 5215 2219 5286 pharus
2277 5205 2568 5266 exstincta
2608 5202 2786 5274 jacet,
2841 5197 3036 5269 caligo
3087 5212 3213 5254 non
3262 5197 3485 5264 brevis,
3537 5195 3646 5252 sed

1991 5303 2296 5371 diuturna,
2322 5297 2447 5354 imo
2468 5297 2691 5350 aeterna
2718 5288 2991 5347 tellurem
3012 5290 3292 5360 occupat,
3313 5291 3642 5358 postquam

1992 5391 2336 5466 sepulcrum
2383 5382 2549 5442 sidus
2615 5393 2944 5439 coruscans
2995 5375 3341 5466 devoravit.
3375 5377 3501 5466 Per‘
3531 5374 3644 5466 has

1991 5461 2295 5549 tenebras,
2341 5469 2706 5536 animalibus
2742 5466 3066 5543 rapacibus
3111 5478 3181 5524 ac
3207 5462 3441 5522 furibus
3479 5461 3644 5535 justo
