4152 6208
520 343 627 403 355

517 556 770 612 blicanis
818 561 876 612 et
920 555 1299 626 vectigalium
1332 550 1709 609 exactoribus
1745 548 1951 621 praeda
1977 548 2168 604 facilis

517 651 574 700 et
596 649 765 713 grata
796 660 919 711 ero,
950 660 1137 717 quam
1193 648 1398 715 pastor
1444 639 1717 710 egregius
1755 652 1877 693 non
1904 638 2166 709 amplius

517 732 795 800 custodit,
829 749 1095 805 curaque
1120 730 1459 801 particulari
1492 744 1563 785 ac
1592 726 1985 783 sollicitudine
2023 742 2166 798 pro-

519 822 808 894 sequitur.
848 824 1139 878 Somnum
1183 823 1345 878 enim
1374 825 1660 876 aeternum
1693 816 1915 873 dormit
1964 819 2166 872 Eusta-

516 912 674 967 thius
707 911 834 967 telis
858 918 1095 977 exutus,
1127 910 1349 983 quibus
1376 925 1487 965 nos
1511 911 1718 964 contra
1749 905 1940 961 malos
1963 904 2167 961 defen-

516 999 732 1067 debat;
765 1016 887 1072 qua
913 1006 1119 1072 pastor
1138 1000 1284 1056 alter
1311 997 1562 1055 Davides
1588 997 1609 1031 ⁵
1645 1000 1771 1051 erat
1809 994 1914 1065 qui
1959 1010 2165 1049 ursum

518 1104 589 1144 ac
636 1088 873 1144 leonem
904 1095 1229 1160 raptorem,
1264 1103 1376 1144 ove
1418 1102 1450 1142 e
1488 1084 1630 1153 gula
1677 1089 1900 1154 erepta,
1929 1082 2167 1149 occidit,

522 1199 544 1225 ι
582 1177 977 1249 sicutpastor,
1006 1182 1154 1233 teste
1185 1177 1488 1248 Scriptura
1516 1175 1558 1243 θ,
1591 1172 1665 1228 de
1695 1187 1797 1228 ore
1824 1171 2014 1226 leonis
2043 1171 2167 1226 duo

517 1280 691 1320 crura
716 1272 817 1320 aut
846 1271 1181 1321 extremum
1238 1262 1519 1321 auriculae
1548 1261 1718 1318 eruit.
1758 1281 1786 1309 »
1840 1265 1953 1315 Aut
2005 1259 2165 1315 enim

515 1353 596 1409 ad
640 1353 965 1410 Dominum
1014 1369 1222 1425 preces
1253 1351 1479 1417 effudit,
1512 1356 1617 1406 aut
1660 1364 1872 1419 regum
1927 1348 2165 1403 animos

516 1443 834 1514 permovit,
894 1447 951 1497 et
1002 1442 1165 1498 mala
1194 1442 1433 1498 fortuna
1478 1438 1739 1495 evanuit.
1799 1440 1964 1492 Nunc
2001 1451 2163 1502 vero,

516 1530 667 1602 proh
698 1530 902 1586 dolor!
936 1535 1259 1601 postquam
1286 1527 1470 1602 quieti
1492 1543 1553 1582 se
1582 1526 1832 1581 daturus
1864 1525 1925 1580 in
1949 1523 2166 1580 lectulo

515 1618 906 1682 recubuisset,
932 1634 1028 1673 me
1054 1618 1398 1684 insalutato,
1420 1615 1580 1670 diem
1610 1614 1756 1670 obiit
1788 1628 2161 1685 supremum.

516 1709 699 1761 Tanto
729 1707 852 1761 viro
882 1707 1193 1777 quomodo
1230 1706 1444 1761 misera
1476 1719 1588 1772 ego
1626 1709 1929 1775 superstes
1963 1716 2063 1757 ero
2084 1702 2111 1757 ‘I
2138 1724 2158 1751 ι

513 1796 719 1855 πάντως
822 1791 857 1846 δ
862 1794 1175 1865 ασμολόγοις

1375 333 1749 395 MICHAELIS
1788 330 2171 395 ACOMINATI
2209 334 2640 393 ATHENARUM
2674 332 3001 393 ARCHIEP.

520 464 854 532 amiciores,
879 481 1000 538 que
1028 481 1126 523 me
1156 464 1440 521 miseram
1469 459 1781 517 calamitas
1800 458 2031 515 manet!
2056 458 2167 515 Pu-

2284 459 2671 525 συνεπένθησεν,
2739 460 2873 512 οὕτω
2937 463 3029 511 καὶ
3110 466 3208 511 τῶν

1268 1793 1633 1866 βρωθήσομαι,
1702 1794 1771 1851 ὡς
1860 1790 2038 1862 ἑτοίμη
2116 1795 2205 1842 καὶ

3766 342 3876 396 356

3300 458 3628 533 ἐτεροφῦλων,
3690 462 3875 517 πολλοὶ

2273 546 2542 618 Ῥωμαίοις
2617 547 3050 621 συνολοφύρονται
3117 553 3342 615 τουτονὶ,
3403 552 3463 601 τό
3529 548 3874 604 ἀποστολικόν

2273 635 2401 695 οἰλας
2467 644 2557 695 τῆς
2631 644 2751 707 γῆς,
2827 642 2917 689 καὶ
2992 642 3193 710 κόσμου
3276 641 3471 699 παντός
3540 639 3875 711 εὐαγγελικόν

2276 724 2439 792 ἣλιον,
2503 731 2592 777 καὶ
2630 729 2697 787 ὡς
2747 726 2832 779 ἀπ’
2877 729 3041 799 οῖκρου
3097 734 3189 779 τοῦ
3244 727 3464 799 οὐρανοῦ
3516 724 3874 802 διικνούμενον

2274 816 2363 874 ἕως
2403 815 2565 888 ἄκρου
2610 823 2702 866 τοῦ
2753 815 2972 887 οὐρανοῦ
3023 821 3209 887 σοφίας
3258 821 3345 868 καὶ
3395 815 3582 888 ἀρετῆς
3619 819 3874 892 περιλάμ-

2272 902 2447 972 ψεσιν.
2500 902 2560 954 Εἰ
2605 905 2706 978 γὰρ
2746 908 2836 955 καὶ
2884 906 2951 966 ὡς
2991 902 3040 955 ἐν
3085 901 3256 975 δίσκῳ
3294 913 3365 976 τῷ
3429 907 3546 959 κατ’
3596 905 3683 978 ἐμὲ
3720 927 3872 982 περι-

2274 990 2405 1043 ϐόλω
2470 993 2860 1064 περιεγράφετο,
2930 992 3056 1045 ἀλλά
3118 996 3208 1053 τὰς
3290 992 3501 1057 ἀκτῖνας
3572 995 3624 1056 ἐς
3700 999 3877 1049 πάντα

2273 1078 2600 1153 πολυφόρϐου
2640 1084 2861 1153 πείρατα
2906 1086 3064 1151 γαίης
3109 1080 3341 1141 ἐξέτεινε.
3395 1087 3495 1135 Καὶ
3541 1091 3628 1135 νῦν
3672 1088 3874 1153 τούμοῦ

2273 1172 2364 1219 καὶ
2444 1174 2618 1219 κοινοῦ
2704 1167 3005 1242 λαμπτῆρος
3095 1168 3465 1236 ἐκλελοιπότος,
3544 1176 3726 1233 σκότος
3798 1182 3873 1245 τῷ

2272 1260 2429 1309 παντὶ
2495 1252 2863 1326 σχεδιάζεται,
2924 1257 3017 1308 οὐκ
3083 1257 3131 1309 ἐν
3169 1263 3335 1329 μορίῳ
3383 1264 3578 1329 χρόνου
3644 1259 3872 1334 βραχεῖ,

2274 1344 2381 1397 ἀλλ’
2429 1343 2475 1404 ἐς
2531 1348 2616 1395 τόν
2657 1343 2734 1396 ἀεὶ
2788 1350 2876 1397 καὶ
2914 1346 2985 1406 εἰς
3038 1348 3159 1398 ὅσον
3209 1348 3235 1397 ό
3295 1352 3541 1418 στυγερὸς
3591 1350 3736 1411 οὗτος
3775 1359 3870 1402 τοῦ

2272 1436 2435 1505 τάφου
2510 1432 2724 1504 λύχνος,
2790 1437 2856 1494 ὡς
2925 1433 3104 1506 λύχνῳ
3175 1431 3423 1507 μέδιμνος
3488 1435 3864 1510 ἀντιφράττων,

2273 1522 2694 1594 ἐπιπροσθησειν.
2764 1522 2887 1575 Ὑπὸ
2979 1520 3038 1577 δε
3120 1526 3260 1597 ζόφῳ
3347 1523 3556 1596 τοιῷδε,
3623 1528 3870 1593 κλέπταις

2272 1617 2362 1663 καὶ
2411 1613 2571 1683 θηρσὶ
2613 1615 2799 1673 νυκτός
2844 1616 3091 1684 ἀμείνονι,
3123 1618 3174 1664 τί
3218 1623 3317 1665 τῶν
3348 1611 3529 1667 δεινῶν
3572 1617 3601 1673 ἡ
3646 1619 3874 1689 σχετλία

2273 1700 2332 1752 οὗ
2424 1705 2734 1771 πείσομαι;
2837 1704 3047 1762 Πάντως
3136 1702 3434 1774 φορολόγοις
3508 1711 3811 1777 εκκείσομαι
3853 1731 3869 1743 ο

2274 1788 2445 1860 ἀγαθὴ
2530 1790 2677 1861 θήρα,
2764 1796 2854 1841 καὶ
2948 1798 3056 1851 τοῖς
3154 1790 3578 1864 ἀνθρωποφάγοις
3671 1799 3873 1858 τούτοις

519 1884 704 1955 θηρσὶν
779 1880 1013 1943 ἔκδοτος·
1094 1884 1282 1933 Οὐκέτι
1355 1884 1457 1953 γὰρ
1532 1880 1921 1954 ἐπαγρυπνὴσει
1987 1898 2078 1950 μοι
2143 1877 2330 1938 ἐκεῖνος
2395 1878 2421 1929 ό
2487 1882 2650 1949 μέγας
2711 1876 2833 1950 ἐμός
2897 1885 3113 1951 ποιμὴν,
3156 1885 3246 1932 καὶ
3306 1887 3517 1954 μυρίοις
3584 1880 3872 1959 διε-γρηγο-

513 1975 620 2040 ρὼς
695 1974 926 2041 ὄμμασιν
960 1989 973 2001 ·
1033 1970 1092 2022 οὐ
1143 1970 1353 2041 φυλάξει
1415 1972 1593 2028 νυκτός
1650 1972 1740 2019 καὶ
1801 1968 1913 2038 μεθ’
1979 1969 2173 2039 ἡμέραν
2212 1966 2289 2018 ἐπ’
2347 1964 2432 2037 ἐμὲ
2495 1965 2767 2037 φυλακὰς·
2835 1965 3080 2020 καθεύδει
3135 1973 3235 2042 γὰρ
3295 1971 3450 2022 ὕπνον
3526 1976 3678 2033 ὅντως
3736 1995 3874 2046 παγ-

514 2065 676 2131 κρατῆ
757 2063 846 2109 καὶ
922 2066 1013 2110 τοῦ
1091 2060 1343 2118 συνήθους
1398 2062 1734 2130 μακρότερον·
1812 2054 2039 2129 ἀτρεμης
2113 2051 2171 2107 δὲ
2247 2051 2497 2126 σφενδόνη
2574 2053 2735 2125 λόγων
2808 2054 3023 2121 ἐκείνου,
3099 2062 3188 2110 καὶ
3260 2059 3431 2111 οὐκέτι
3505 2060 3652 2132 φοϐεῖ
3710 2066 3872 2134 θηρία

514 2148 717 2219 πονηρὰ
791 2144 1082 2218 βάλλουσα.
1160 2146 1339 2207 Ἄλλος
1411 2148 1513 2218 γὰρ
1607 2142 1667 2202 ἦν
1742 2144 1889 2206 οὗτος
1964 2150 2051 2201 τὴν
2149 2146 2493 2215 ποιμαντικὴν
2590 2139 2758 2195 Δαυὶδ
2840 2145 3029 2216 οῖρκτον
3129 2149 3332 2199 τύπτων
3416 2153 3507 2201 καὶ
3577 2153 3867 2204 πατάσσων

518 2231 716 2299 λέοντα,
782 2238 952 2288 εἷποτε
1014 2234 1165 2287 λάϐοι
1238 2255 1291 2287 τι
1364 2243 1459 2296 τῆς
1532 2234 1647 2286 κατ’
1723 2232 1878 2285 αὐτὸν
1954 2231 2141 2303 ἀγελης
2179 2232 2357 2301 ἐπιὼν,
2424 2233 2545 2305 ὅπερ
2606 2236 2697 2283 καὶ
2756 2231 2948 2295 ἐξέσπα
3020 2241 3111 2286 τοῦ
3175 2239 3431 2307 στόματος
3462 2258 3473 2269 ·
3532 2260 3558 2287 ι(
3627 2241 3693 2300 ὡς
3748 2243 3867 2293 ὄτον

518 2320 781 2395 ἐκσπάση,
824 2326 1054 2395 φησὶν,ό
1116 2328 1307 2396 ποιμὴν
1349 2320 1447 2376 δύο
1505 2322 1683 2383 σκέλη,
1732 2323 1763 2380 ἡ
1823 2320 1971 2374 λοϐόν
2019 2322 2176 2374 ὠτίου
2216 2320 2271 2372 ἐκ
2311 2324 2570 2392 στόματος
2624 2319 2834 2381 λέοντος.
2870 2345 2897 2371 ››
2964 2322 3027 2375 Ἦ
3068 2326 3169 2397 γὰρ
3228 2323 3490 2387 ἀλαλητως
3554 2326 3675 2380 ἐϐόα
3733 2334 3865 2404 πρός

520 2414 730 2484 Κύριον,
799 2412 827 2469 ἦ
871 2410 1180 2483 βασιλεῦσιν
1255 2411 1539 2472 ἐπέστελλε,
1581 2416 1671 2462 καὶ
1743 2412 1988 2483 παραυτὰ
2030 2414 2086 2461 τὸ
2125 2410 2317 2461 λυποῦν
2356 2412 2529 2481 ὥσπερ
2585 2428 2636 2461 τι
2708 2414 2848 2482 νέφος
2921 2416 3238 2484 παρίπτατο.
3288 2420 3393 2465 Νῦν
3461 2411 3520 2467 δε
3580 2414 3709 2469 ἀλλὰ
3773 2423 3865 2470 καὶ

508 2500 534 2550 ό
598 2495 809 2551 τοιόσδε
874 2500 1012 2571 φεῦέ
1091 2503 1305 2573 ἡρπάγη
1368 2502 1567 2571 θανάτῳ
1626 2503 1809 2560 νυκτός
1870 2498 2190 2569 ἐπιπεσόντι,
2234 2500 2316 2551 ὅτε
2370 2501 2501 2572 πρὸς
2563 2496 2748 2570 βραχὺ
2815 2507 2923 2560 τοῖς
2987 2502 3345 2576 μεθημερινοῖς
3407 2505 3631 2575 μόχθοις
3692 2504 3865 2559 ἐπινυ-

510 2587 706 2649 στάξας
779 2588 1113 2646 κατακλιθείη
1183 2588 1266 2641 ἐπὶ
1335 2596 1631 2661 στρωμνὸς,
1697 2585 1822 2640 οὐδὲ
1884 2586 2122 2639 λοισθίου
2193 2582 2453 2658 μεταδούς
2543 2606 2634 2658 μοι
2714 2590 3168 2662 προσφθέγματος,
3256 2591 3353 2644 οὐκ
3410 2590 3714 2664 ἐπισκήψας
3797 2598 3865 2648 τὰ

507 2684 731 2743 ῦστατα,
821 2677 880 2729 οὐ
953 2680 1021 2729 τά
1092 2678 1332 2751 ἐξιτὴρια
1421 2677 1823 2749 συνταξάμενος.
1924 2672 2055 2729 Εἶτα
2138 2671 2344 2728 τοιοῦδε
2431 2671 2616 2749 ἀνδρὸς
2708 2675 3024 2745 ἐκπεσοῦσα,
3094 2677 3366 2731 ἐπιϐιῶναι
3440 2682 3469 2739 ἡ
3549 2679 3862 2755 δυσδαίμων

505 2762 749 2834 ἀνέξομαι
769 2784 787 2835 ;

579 2855 710 2908 Haec
759 2858 815 2908 et
867 2853 985 2911 alia
1024 2854 1376 2925 hujusmodi
1420 2870 1559 2910 cum
1606 2854 1833 2925 gemitu
1882 2853 2153 2909 clamans

2335 2850 2507 2905 Πολλά
2543 2850 2725 2907 τοιάδε
2778 2854 3136 2913 Θεσσαλονίκη
3193 2856 3440 2920 πολλάκις
3492 2857 3864 2931 ἀνοιμώζονσα

503 2939 916 2997 Thessalonice
938 2947 1245 2999 mortuum
1266 2942 1604 3015 deplorabit
1619 2948 1676 2998 et
1694 2944 1754 2998 in
1776 2958 1999 2998 vanum
2020 2958 2129 2998 evo

501 3029 663 3085 cabit
690 3048 704 3084 :
739 3046 979 3102 semper
1008 3032 1167 3087 enim
1200 3037 1323 3088 tam
1354 3032 1519 3088 chari
1557 3032 1790 3104 capitis,
1821 3031 2150 3103 praesertim

500 3117 652 3174 inter
677 3134 773 3174 res
817 3118 1127 3185 adversas,
1160 3136 1397 3177 memor
1425 3121 1550 3177 erit.
1592 3123 1674 3176 Tu
1712 3120 1982 3193 quidem,
2004 3120 2150 3177 bea-

500 3208 727 3265 tissime
746 3224 815 3264 ac
835 3210 1276 3281 sapientissime
1292 3211 1559 3278 antistes,
1573 3227 1710 3268 cum
1734 3228 1975 3267 summa
1992 3217 2150 3268 tran-

500 3296 788 3370 quillitate
816 3313 847 3353 e
872 3298 993 3354 vita
1022 3299 1344 3368 excessisti,
1366 3299 1531 3356 nullo
1550 3299 1788 3371 morbo,
1817 3300 1965 3356 nulli
1992 3301 2152 3356 curis

500 3386 874 3442 terrestribus
904 3394 1154 3445 vexatus
1185 3406 1199 3455 ;
1228 3404 1448 3460 corpus
1473 3390 1630 3444 enim
1664 3393 1953 3461 tanquam
1979 3389 2151 3445 indu-

499 3474 657 3529 sium
689 3475 817 3531 sine
870 3476 1057 3533 animi
1112 3476 1318 3533 dolore
1376 3478 1608 3533 exuisti.
1668 3478 1944 3550 Corporis
1988 3479 2150 3535 enim

494 3564 910 3620 membrorum
939 3566 1151 3622 rationi
1172 3573 1644 3623 consentaneum
1667 3566 1897 3636 gessisti
1917 3583 2148 3630 curam,

495 3656 560 3706 ut
589 3658 842 3708 mortem
894 3670 1079 3725 quam
1132 3656 1481 3726 longissime
1530 3656 2023 3728 procrastinares.
2082 3657 2151 3710 Ut

495 3738 656 3794 enim
685 3740 903 3809 globus
930 3758 1052 3800 uno
1078 3749 1311 3801 tantum
1334 3749 1559 3815 puncto
1576 3748 1743 3798 terrae
1771 3742 2148 3814 superﬁciem

494 3829 703 3898 tangit,
727 3829 810 3885 sic
837 3846 1082 3906 quoque
1104 3848 1323 3903 corpus
1347 3837 1514 3887 tuum
1543 3846 1726 3902 quam
1754 3830 2002 3887 minime
2023 3832 2146 3887 ani—

494 3931 660 3973 mam
719 3920 1147 3985 contrectabat,
1198 3933 1273 3973 ne
1330 3934 1438 3990 per
1476 3934 1763 3974 sensuum
1815 3918 2147 3990 voluptates

491 4004 785 4063 damnum
817 4008 1147 4063 inferretur.
1182 4010 1329 4062 Cum
1365 4008 1500 4062 dein
1536 4008 1595 4063 in
1615 4023 1897 4062 somnum
1928 4008 2031 4078 qui
2052 4024 2146 4063 cu-

491 4108 589 4150 ras
620 4094 1116 4160 solvitlabereris,
1149 4093 1341 4151 oculis
1364 4096 1853 4168 temporibusque
1881 4096 2144 4167 quietem

2262 2946 2352 2993 καὶ
2417 2944 2718 3010 κωκύουσα,
2768 2944 2991 3001 ποθήσει
3075 2948 3160 2997 τόν
3216 2946 3389 2999 οὐκέτι
3450 2952 3703 3020 παρόντα,
3770 2957 3863 3003 καὶ

2260 3032 2429 3101 μάτην
2496 3029 2887 3095 ἀνακαλέσεται,
2942 3037 3032 3084 και
3104 3034 3337 3105 μάλιστα
3397 3034 3446 3087 ἐν
3506 3044 3613 3098 τοῖς
3670 3034 3861 3102 δεινοῖς

2259 3126 2602 3193 μεμνήσεται.
2643 3125 2711 3175 Συ
2749 3123 2871 3195 γὰρ,
2922 3123 2962 3173 ὧ
3015 3132 3113 3174 τῶν
3169 3130 3378 3178 πώποτε
3424 3132 3703 3199 πανσόφων
3759 3128 3861 3203 ἀρ-

2258 3214 2478 3282 χιερέων
2525 3216 2965 3283 μακαριστότατε,
3022 3212 3243 3284 μετέϐης
3296 3211 3496 3268 ἐνθένδε
3550 3216 3711 3282 ἵλεως,
3767 3224 3861 3271 καὶ

2259 3300 2478 3372 ἄτρυτος
2560 3303 2749 3361 νόσοις,
2813 3305 2903 3350 καὶ
2992 3303 3166 3362 πάσης
3263 3304 3450 3364 θνητῆς
3534 3301 3860 3378 δυσχερείας

2261 3386 2669 3460 ἀπηλλαγμένος,
2729 3391 2795 3448 ὡς
2843 3394 3162 3460 χιτωνίσκον
3209 3388 3509 3454 ἐκδεδυκὼς
3557 3397 3616 3446 τό
3680 3402 3854 3467 σῶμα,

2258 3475 2347 3528 εἶτ’
2403 3473 2493 3529 οὖν
2559 3476 2890 3548 ἀποθέμενος,
2965 3478 3025 3530 οὗ
3101 3476 3202 3551 βίᾳ
3270 3480 3700 3554 περιπλεκομένου
3765 3488 3859 3537 καὶ

2258 3564 2619 3637 ἐπισπωμένου
2666 3563 3001 3639 ἀπερῥωγώς.
3041 3567 3210 3619 Πάλαι
3281 3571 3384 3639 γάρ
3443 3573 3532 3631 τὰς
3597 3576 3857 3643 σχετικὰς

2256 3651 2412 3707 τοῦδε
2468 3653 2743 3715 ἀντιλαϐὰς
2798 3654 3184 3725 ἐξαλυσκάζων,
3225 3655 3526 3719 ἀπεστάτεις
3589 3660 3855 3735 φιλοσόφῳ

2256 3741 2436 3815 μελέτη
2518 3744 2738 3794 θανάτου
2778 3757 2791 3770 ⁶
2861 3742 3149 3817 ἀκροθιγῶς
3223 3741 3283 3797 δὲ
3355 3747 3680 3819 παραψαύων
3761 3757 3856 3804 καὶ

2257 3829 2458 3902 βραχεῖ
2512 3827 2639 3882 ποδὶ
2677 3834 2767 3881 καὶ
2805 3834 2896 3901 οἴῳ
2941 3833 3001 3883 οἶν
3050 3851 3125 3892 τις
3172 3831 3223 3885 ἐν
3271 3831 3501 3906 ἐπιπέδῳ
3557 3834 3856 3909 ἐπιφανείας

2255 3917 2534 3990 ἐφάπτοιτο
2593 3926 2808 3993 σφαῖρα,
2850 3921 3081 3990 τοσούτῳ
3133 3926 3423 3996 περιέκεισο
3462 3925 3491 3982 ἦ
3537 3929 3856 3998 παρηρτησο

2253 4016 2428 4070 τοῦτο,
2486 4010 2591 4079 ὅσῳ
2630 4012 2702 4080 μὴ
2765 4008 3091 4079 ζημιοῦσθαι
3128 4013 3192 4061 τὰ
3229 4011 3354 4085 παρ’
3411 4012 3570 4065 αὑτοῦ
3618 4014 3856 4090 εἰσφερό-

2252 4116 2380 4168 μενα
2426 4104 2488 4168 τῇ
2541 4096 2695 4169 ψυχῇ
2751 4099 2948 4167 φυσικὰ
2986 4117 3039 4149 τε
3068 4103 3158 4150 καὶ
3193 4099 3445 4171 ὀργανικά
3482 4105 3613 4175 πρὸς
3664 4102 3854 4176 ἀρετὴν

491 4182 683 4238 dabas
712 4201 725 4250 ;
759 4182 898 4237 dein
927 4182 1124 4253 primo
1155 4199 1372 4241 somno
1403 4184 1676 4251 alterum,
1710 4200 1925 4241 somno
1962 4184 2142 4241 inter-

2258 4187 2680 4260 ὑπουργήματα·
2739 4188 2802 4243 ὡς
2861 4182 2944 4237 ἐπὶ
3002 4184 3269 4258 λυσιμελεῖ
3320 4184 3378 4240 δὲ
3427 4188 3569 4261 ὕπνῳ
3632 4190 3851 4244 ἀνακλι-

488 4273 666 4339 rupto
729 4283 1013 4324 somnum
1068 4270 1441 4342 diuturnum,
1499 4272 1667 4329 brevi
1713 4272 1983 4343 longum,
2022 4273 2142 4329 leni

488 4355 700 4411 durum
726 4354 1105 4426 substituisti,
1136 4363 1194 4414 et
1223 4360 1307 4415 sic
1334 4376 1619 4417 somnum
1654 4367 1997 4418 sanctorum
2038 4362 2141 4418 Dei

487 4443 818 4500 dormivisti
838 4444 942 4516 qui
973 4446 1228 4503 Domino
1259 4447 1474 4520 placet.
1506 4450 1713 4505 Manus
1756 4465 1879 4505 non
1920 4455 2139 4507 morta-

485 4531 573 4588 les
601 4531 811 4589 oculos
844 4537 979 4590 tuos
1029 4534 1395 4604 clauserunt,
1446 4542 1550 4593 aut
1590 4538 1868 4595 membra
1912 4544 2014 4595 tua
2040 4540 2137 4596 fri-

486 4634 629 4690 gore
661 4626 968 4679 contracta
991 4623 1051 4679 in
1100 4623 1253 4681 lecto
1281 4631 1702 4696 reposuerunt;
1736 4626 1842 4682 sed
1888 4643 2137 4684 somnus

485 4708 678 4767 dulcis
699 4716 879 4784 atque
906 4714 1243 4770 incantator
1268 4718 1322 4770 te
1342 4714 1602 4786 sopitum
1630 4719 1687 4770 et
1710 4715 1915 4773 animo
1932 4715 2134 4775 laetum

483 4813 591 4871 per
617 4801 995 4859 somniorum
1023 4807 1229 4875 portas
1266 4802 1347 4859 ad
1376 4808 1654 4871 mortem,
1684 4809 1809 4871 aut,
1846 4809 1911 4860 ut
1938 4806 2135 4862 verius

483 4887 783 4960 dicamus,
815 4906 888 4947 ex
927 4891 1045 4948 hoc
1072 4890 1376 4950 domicilio
1421 4891 1678 4948 terrestri
1722 4892 1784 4947 in
1830 4893 2134 4951 cmlestem

481 4973 648 5031 illam
690 4978 949 5047 patriam
1002 4980 1283 5044 traduxit,
1327 4978 1847 5052 quemadmodum
1899 4980 2134 5054 Ulysses

482 5068 619 5134 post
650 5064 845 5121 varios
871 5081 1049 5123 casus
1070 5083 1142 5123 ex
1171 5067 1370 5123 insula
1396 5082 1522 5123 non
1552 5083 1663 5123 sua
1692 5082 1907 5124 somno
1937 5069 2133 5142 sepul-

480 5158 578 5208 tus
607 5152 669 5208 in
702 5170 813 5211 sua
842 5155 1087 5226 appellit
1121 5156 1226 5213 ubi
1257 5157 1320 5212 in
1344 5155 1541 5212 lucem
1570 5156 1765 5213 editus
1791 5157 2005 5215 fuerat.
2035 5160 2131 5216 Ad

478 5239 684 5297 Jacobi
715 5240 877 5296 enim
905 5242 1261 5312 patriarcha:
1306 5241 1856 5316 exemplumfmitis
1881 5247 2131 5304 manda-

482 5328 553 5384 tis
606 5328 829 5398 quibus
883 5328 1040 5386 ﬁlios
1093 5330 1461 5397 instruebas,
1517 5332 1700 5405 pedes
1753 5338 1885 5391 tuos
1949 5351 2130 5408 super

476 5416 762 5474 lectulum
785 5418 1101 5490 collegisti,
1129 5425 1186 5477 et
1214 5420 1415 5477 obiisti
1436 5422 1487 5490 7;
1517 5426 1581 5478 tu
1612 5421 1869 5478 utJacob
1899 5423 2127 5481 scalam

550 5560 616 5615 ⁵1
645 5561 787 5632 Reg.
817 5577 951 5630 xvn,
981 5565 1069 5618 34.
1128 5565 1151 5599 θ
1174 5566 1358 5619 Amos
1377 5579 1457 5633 Ill,
1493 5567 1577 5620 l2.
1643 5566 1663 5600 7
1695 5566 1839 5623 Gen.
1858 5580 2016 5631 χιιι,
2035 5569 2123 5621 32.

2254 4276 2375 4343 θεὶς,
2429 4269 2667 4333 δέδωκας
2719 4273 2874 4323 ὕπνον
2928 4282 3037 4334 τοῖς
3086 4275 3369 4348 ὀφθαλμοῖς
3417 4283 3506 4330 καὶ
3557 4286 3663 4340 τοῖς
3727 4300 3850 4353 κρο-

2247 4368 2424 4437 τάφοις
2477 4362 2771 4415 ἀνάπαυσιν
2804 4379 2817 4391 ·
2870 4363 2961 4416 εἶτ’
3018 4362 3266 4427 ἐλελήθεις
3323 4366 3464 4439 ὕπνῳ
3518 4369 3673 4421 ὕπνον
3731 4369 3849 4422 ἐπι-

2248 4454 2505 4524 συνάψας,
2584 4460 2655 4521 τῷ
2732 4448 3124 4527 διακοπτομένῳ
3203 4460 3298 4514 τὴν
3363 4454 3674 4531 ἐγρήγορσιν
3755 4464 3845 4512 τόν

2246 4550 2443 4614 συνεχῆ
2486 4549 2559 4613 τῷ
2612 4539 2814 4616 βραχεῖ
2847 4545 2934 4593 τόν
2976 4547 3323 4614 μακρότατον,
3364 4550 3455 4597 καὶ
3511 4555 3585 4618 τῷ
3615 4546 3843 4622 ἀϐεϐαίῳ

2243 4637 2329 4685 τόν
2409 4630 2633 4704 χάλκεον
2666 4651 2678 4662 ·
2755 4634 2844 4681 καὶ
2926 4632 3087 4692 οὕτως
3150 4634 3400 4693 ῦπνώσεις
3474 4635 3545 4696 εἰς
3621 4637 3840 4689 θάνατον

2243 4724 2399 4774 ὁσίων
2448 4727 2582 4772 Θεοῦ
2620 4723 2711 4771 καὶ
2744 4726 2857 4789 Θεῷ
2906 4726 3235 4792 τιμιώτατον.
3292 4722 3367 4775 Οὐ
3422 4732 3594 4800 χεῖρες
3653 4727 3839 4784 θνηταὶ

2241 4809 2475 4863 καθεῖλον
2531 4814 2741 4880 ὄμματα
2794 4811 2882 4876 σὰ,
2938 4809 2967 4866 ἣ
3034 4809 3185 4881 μέλη,
3232 4808 3316 4863 ἐπὶ
3382 4810 3569 4884 λέχους
3632 4819 3841 4889 νεκρού-

2242 4918 2369 4972 μενα
2420 4898 2657 4970 ἣρμοσαν
2703 4914 2715 4926 ·
2786 4897 2950 4950 ὕπνου
3009 4893 3067 4950 δὲ
3132 4900 3428 4961 πανάπαλος
3485 4904 3675 4974 ἐπαφὴ,
3732 4912 3842 4967 τοῖς

2242 4987 2402 5060 φίλοις
2459 4986 2642 5046 ἑαυτῆς
2721 4985 3021 5060 θελγήτροις
3079 4986 3346 5041 εὐνάσασα
3410 4995 3499 5041 καὶ
3559 4990 3833 5052 κλινοπετῆ

2237 5078 2566 5151 ῥυθμισασα,
2622 5072 2890 5148 ἀτάραχον
2929 5078 3062 5127 οὕτω
3116 5081 3207 5129 καὶ
3248 5079 3443 5150 ἔποχον
3492 5079 3691 5153 όπνηλῇ
3741 5102 3840 5153 γα.

2237 5166 2357 5225 ληνη
2432 5169 2521 5216 καὶ
2582 5166 2648 5225 ὡς
2717 5160 2787 5215 δι’
2879 5163 3129 5238 ὀνειρείων
3219 5164 3392 5219 πυλῶν
3470 5166 3543 5229 εἰς
3619 5170 3836 5223 θάνατον

2240 5251 2591 5330 προῦπεμψεν,
2648 5252 2677 5311 ἡ
2739 5253 3175 5328 (προσφνέστερον
3224 5254 3402 5321 εἰπεῖν)
3467 5258 3537 5319 ὡς
3583 5256 3637 5321 ἐξ
3684 5258 3835 5313 ἀλλο-

2237 5337 2407 5397 δαπῆς
2454 5333 2621 5394 τῆσδε
2661 5343 2751 5396 τῆς
2797 5340 3076 5409 παροικίας
3132 5337 3203 5398 εἰς
3242 5343 3333 5397 τὴν
3376 5337 3538 5394 ἐκεῖσε
3594 5340 3835 5417 πατρίδα

2236 5428 2658 5505 διεπόρμθευσεν·
2719 5426 2789 5485 ὡς
2835 5430 2924 5477 καί
2962 5444 3040 5487 τις
3081 5427 3303 5500 ἡρωϊκὸς
3354 5432 3444 5479 καὶ
3495 5429 3832 5495 πολυπλανὴς
