4152 6208
43 5 82 142 ,ει

169 4 494 58 ’τζετζ-εἰροπ-
547 4 612 36 ~.-'
697 23 708 32 -

222 335 336 392 357
1077 407 1082 410 _
1276 331 1598 402 MONODIA
1645 340 1717 396 IN
1756 332 2198 402 EUSTATHIUM
2233 335 2562 401 THESSAL.
3488 349 3593 410 358

221 463 390 532 σοφός
432 458 488 522 ἐξ
525 457 794 531 ἀλλοτρίας
839 464 998 518 νήσου
1021 462 1165 536 παρὰ
1203 468 1266 532 τῇ
1311 465 1522 520 ποιήσει
1570 461 1838 517 καθεύδων

1956 481 2072 524 non
2101 483 2210 539 per
2233 483 2536 534 somnum,
2555 469 2660 525 sed
2689 484 2896 528 veram
2921 471 3141 541 vidisti,
3168 475 3342 546 cujus
3370 476 3596 546 gradus

219 549 296 612 εὶς
355 553 458 606 τὴν
525 546 861 620 ἐνεγκαμέδπν
939 557 1098 608 νῆσον
1163 553 1438 622 κομίζεται
1469 591 1481 604 .
1535 555 1680 604 Κατά
1735 557 1836 627 γὰρ

1956 557 2364 628 pertransiisti,
2399 573 2437 613 a
2465 558 2876 616 moderatione
2925 561 2986 617 in
3041 563 3222 619 rebus
3268 565 3595 623 mundanis

218 642 308 690 τὸν
381 639 662 690 Θεσπέσιον
747 639 934 690 Ἰακὼϐ
999 641 1069 699 ὡς
1142 643 1475 701 κατέπαυσας
1541 639 1838 694 ἐπιτάσσων

1956 650 2014 702 ut
2037 647 2432 703 fundamento
2464 662 2732 718 exorsus,
2778 651 3044 706 animam
3085 667 3123 707 a
3163 654 3594 724 cupiditatibus

1947 735 2230 804 liberans,
2261 736 2567 807 spirituale
2609 737 2921 794 instituens
2978 755 3251 812 regnum,
3284 759 3594 801 summum

1949 829 2151 880 autem
2195 824 2453 896 gradum
2501 825 2802 883 divinitati
2831 828 3193 897 attribuens;
3223 830 3474 902 scalam,
3502 833 3594 890 in-

1948 927 2156 984 quam,
2176 928 2282 984 per
2325 929 2513 985 quam
2533 915 2729 984 angeli
2749 917 3159 973 ascendebant
3195 925 3251 974 et
3269 920 3595 978 descende-

1947 1001 2118 1067 bant,
2150 1001 2309 1058 viam
2363 1002 2462 1058 tibi
2513 1008 2932 1073 monstrantes,
2958 1011 3015 1061 et
3065 1008 3456 1075 Eustathium,
3490 1012 3594 1084 qui

1949 1104 2056 1161 per
2080 1089 2492 1162 episcopatum
2523 1091 2603 1147 ad
2626 1093 3192 1165 contemplationem
3223 1105 3596 1170 praeparatus

1949 1183 2096 1245 erat,
2127 1194 2164 1234 a
2220 1179 2724 1251 contemplatione
2765 1198 2802 1237 a
2829 1183 2930 1238 Dei
2977 1183 3164 1255 ipsius
3218 1187 3590 1244 intuitionem

1949 1266 2462 1338 perducentes.Sic
2485 1283 2728 1340 quoque
2753 1269 2916 1325 scala
2934 1276 3071 1327 ante
3097 1271 3305 1328 oculos
3335 1280 3469 1332 tuos
3490 1291 3595 1348 po-

1949 1355 2061 1410 sita
2107 1355 2324 1410 coelum
2386 1356 2732 1427 attingebat,
2773 1364 2830 1413 et
2876 1359 2937 1415 in
2985 1362 3158 1432 cujus
3216 1364 3384 1434 apice
3436 1367 3593 1421 Deus

1947 1442 2284 1510 residebat;
2332 1458 2439 1512 per
2493 1459 2700 1515 quam,
2751 1447 2926 1502 nobis
2977 1448 3146 1504 humi
3199 1451 3433 1519 relictis,
3486 1469 3595 1526 per

1947 1530 2178 1586 medios
2208 1530 2476 1599 angelos,
2511 1531 2660 1586 deus
2697 1532 2891 1590 factus
2919 1535 3153 1607 ipse,ad
3173 1540 3360 1595 Deum
3391 1556 3596 1598 ascen-

1947 1618 2103 1676 disti.
2125 1624 2184 1674 et
2237 1623 2300 1673 ut
2346 1618 2654 1690 apostolus
2704 1620 2813 1676 iter
2852 1627 3020 1678 tuum
3071 1625 3396 1683 confecisse
3448 1629 3596 1684 mihi

1945 1707 2188 1762 videris.
2220 1709 2367 1762 Nam
2418 1707 2628 1779 procul
2655 1709 2864 1777 dubio,
2892 1711 3042 1766 sicut
3084 1716 3285 1770 Petrus
3311 1717 3594 1790 princeps

896 1793 1046 1844 Οὓτω
1102 1799 1192 1845 καὶ
1246 1795 1276 1851 η
1339 1797 1474 1846 κατὰ
1533 1799 1590 1847 0":
1649 1795 1838 1866 κλίμαξ

1956 1795 2456 1867 apostolorum,tu
2476 1813 2720 1868 quoque
2750 1799 2810 1854 in
2831 1814 3067 1856 carcere
3093 1801 3336 1859 duabus
3365 1805 3596 1862 vinctus

225 1879 515 1953 ἐστηρικτο
582 1882 676 1952 μὲν
713 1879 761 1931 ἐν
810 1889 872 1952 τῇ
905 1889 996 1952 γῆ,
1036 1887 1128 1939 τὴν
1179 1879 1239 1935 δὲ
1285 1883 1507 1954 κεφαλὴν
1546 1880 1686 1955 εἶχεν
1727 1883 1841 1956 ἀφι-

1956 1885 2193 1952 catenis,
2225 1900 2439 1940 somno
2469 1901 2540 1940 ac
2577 1901 2826 1957 corpore
2858 1888 3172 1956 tenebaris,
3214 1892 3320 1946 sed
3346 1894 3596 1963 angelus

229 1971 517 2040 κνουμένην
558 1969 632 2028 εὶς
675 1968 910 2042 οὐρανὸν,
960 1969 1035 2041 ἐφ’
1076 1967 1136 2033 ἧς
1202 1976 1290 2022 καὶ
1329 1973 1356 2023 ό
1397 1974 1586 2043 Κύριος
1625 1971 1839 2029 ἐπεστή-

1956 1973 2184 2028 Domini
2216 1978 2280 2027 ut
2303 1972 2469 2028 illum
2496 1975 2806 2045 quondam
2829 1980 3032 2045 noctu,
3065 1993 3226 2034 nunc
3251 1983 3305 2034 te
3349 1981 3510 2050 adiit,
3539 1988 3596 2037 et

1949 2060 2264 2116 confestim
2299 2066 2524 2116 catenas
2572 2061 2912 2117 ceciderunt
2955 2062 3030 2118 de
3074 2065 3328 2135 pedibus
3377 2069 3599 2134 tuis,et

1947 2149 2201 2205 vinculis
2221 2154 2535 2220 exemptus
2556 2164 2692 2204 eum
2714 2151 2819 2222 qui
2841 2151 3106 2207 animam
3138 2157 3306 2209 tuam
3328 2155 3598 2214 traduce-

1947 2237 2071 2302 bat,
2114 2237 2462 2309 sequebare.
2513 2239 2594 2294 Tu
2649 2253 2889 2309 quoque
2935 2239 3204 2306 fortasse,
3254 2247 3320 2298 ut
3371 2246 3595 2315 Petrus,

1948 2326 2242 2382 visionem
2271 2326 2476 2381 videre
2506 2325 2611 2382 tibi
2641 2326 3032 2396 videbaris,et
3059 2334 3260 2384 utrum
3282 2331 3361 2386 ab
3381 2334 3597 2402 angelo

1950 2413 2106 2470 facta
2141 2429 2282 2469 vera
2312 2419 2508 2469 essent
2562 2413 2904 2480 dubitabas,
2936 2414 3129 2471 donec
3185 2424 3358 2489 porta
3409 2419 3600 2478 ferrea

1951 2506 2161 2574 sponte
2190 2501 2517 2574 aperiretur
2543 2502 2685 2557 etin
2715 2501 2928 2558 urbem
2956 2503 3191 2574 egregie
3219 2505 3599 2565 obmunitam

1951 2606 2227 2662 egressus
2250 2590 2500 2652 videres,
2535 2590 2854 2646 Dominum
2901 2607 3040 2648 vere
3091 2594 3375 2665 angelum
3418 2612 3599 2654 suum

1953 2679 2186 2735 misisse
2241 2679 2346 2750 qui
2376 2684 2432 2734 te
2473 2687 2504 2733 e
2534 2681 2740 2736 mortis
2795 2679 3080 2736 manibus
3123 2683 3395 2753 eriperet.
3445 2687 3600 2752 Quin

1955 2767 2276 2824 Dominum
2299 2767 2497 2838 ipsum
2523 2767 2723 2823 media
2743 2774 2916 2826 nocte
2941 2770 3426 2842 expergefactum
3447 2790 3601 2831 zona

1953 2855 2286 2912 honestatis
2304 2859 2358 2910 te
2385 2855 2645 2910 cinctum
2659 2857 2974 2928 reperiisse
3004 2858 3600 2924 crediderim.Quam-

1955 2943 2042 2997 vis
2073 2942 2234 2997 enim
2264 2956 2483 3013 corpus
2517 2947 2688 2996 tuum
2716 2942 3023 3010 dormiret,
3055 2960 3226 3000 mens
3269 2951 3469 3003 tamen
3499 2953 3604 3006 tua.

1955 3030 2230 3101 vigilans,
2272 3035 2334 3085 ut
2355 3029 2610 3099 \irgines
2639 3030 2982 3101 prudentes,
3010 3031 3360 3104 lampadem
3389 3035 3600 3092 arden-

1470 3126 1563 3186 ἕως
1617 3135 1712 3186 τῆς
1770 3145 1847 3178 σι-
1878 3159 1918 3211 C
1957 3126 2076 3177 tem
2107 3121 2384 3211 ornabat.
2412 3121 2605 3185 Quare
2643 3119 2722 3211 ad
2751 3119 2994 3178 obviam
3045 3123 3278 3193 Sponso
3331 3125 3600 3182 eundum

236 3207 411 3285 δηρᾶς
472 3212 640 3274 πᾶλης
685 3213 992 3286 αὐτομάτως
1053 3213 1393 3286 ἀνοιχθείσης
1456 3233 1561 3282 σοι,
1613 3223 1707 3275 τῆς
1769 3233 1846 3286 φεο

1956 3211 2108 3266 hora
2129 3208 2320 3264 noctis
2347 3208 2766 3279 intempestiva
2788 3213 3032 3278 paratus
3052 3225 3207 3266 eras.

231 3306 435 3375 ρούσης
477 3304 550 3363 είς
585 3308 680 3360 την
756 3308 876 3365 τούς
952 3303 1211 3376 θεμελίους
1285 3307 1516 3376 ἔχουσαν
1590 3303 1738 3356 πόλιν
1811 3299 2038 3368 ἐξῆλθες,
2079 3301 2238 3358 ὅντως
2274 3301 2364 3348 καὶ
2440 3304 2633 3368 σαφῶς,
2672 3299 2842 3367 εγνῶς,
2883 3299 2964 3348 ὅτι
2999 3295 3206 3360 ἀληθῶς
3279 3298 3603 3361 έξαπέστειλε

237 3394 433 3462 Κύριος
486 3394 573 3442 τόν
635 3391 852 3462 ἄγγελον
918 3393 1114 3462 αὑτοῦ,
1157 3397 1246 3444 καὶ
1302 3392 1512 3454 ἐξείλετό
1567 3411 1624 3444 σε
1675 3390 1732 3443 ἐκ
1788 3397 1880 3442 τού
1938 3393 2179 3460 σώματος
2242 3393 2332 3438 τοῦ
2401 3387 2621 3438 Θανάτου
2677 3388 2857 3436 τούτου
2886 3423 2900 3435 .
2963 3385 3166 3439 Μᾶλλον
3232 3383 3292 3440 δε
3329 3389 3356 3439 ὁ
3413 3393 3604 3462 Κύριος

235 3478 394 3538 αὑτός
459 3483 631 3550 μέσης
686 3484 864 3540 νυκτός
920 3480 1098 3546 ἐλθὼν,
1140 3480 1463 3556 ἐγρηγορότα
1530 3501 1587 3534 σε
1647 3483 1747 3534 ὑπὸ
1802 3479 1980 3550 λύχνῳ
2047 3471 2359 3550 διακρίσεως
2402 3476 2657 3545 καιομένῳ
2689 3518 2706 3543 ,
2764 3479 2854 3526 καὶ
2922 3477 3230 3548 σωφροσύνῃ
3287 3481 3382 3535 τὴν
3438 3477 3604 3551 ὀσφὺν

235 3568 653 3639 περιεζωσμένον
693 3568 833 3642 εὗρεν
865 3611 879 3626 .
921 3570 980 3622 Εἰ
1016 3572 1118 3645 γὰρ
1177 3575 1266 3623 καὶ
1296 3579 1525 3642 φυσικῶς
1556 3565 1830 3628 ἐκάθευδες
1859 3610 1872 3634 ,
1916 3565 2026 3617 ἀλλ’
2060 3567 2086 3622 ἱ)
2128 3558 2330 3636 καρδία
2374 3581 2467 3614 σου
2498 3561 2662 3624 ἄλλως
2708 3562 2960 3637 ἠγρύπνει
2987 3605 3002 3641 ⁷
3045 3566 3180 3616 κατά
3204 3566 3293 3625 τὰς
3326 3571 3607 3640 φρονίμους

234 3659 530 3728 παρθένους
556 3656 814 3710 ἄσϐεστον
852 3663 944 3718 τὴν
972 3656 1230 3731 λαμπάδα
1257 3665 1583 3732 κοσμήσασα
1601 3701 1616 3716 .
1649 3661 1825 3728 Τούτῳ
1862 3659 2030 3707 τοίνυν
2061 3656 2151 3704 καὶ
2178 3659 2251 3722 τῷ
2290 3650 2429 3722 καλῲ
2455 3655 2660 3723 νυμφίῳ
2687 3649 2816 3725 ἀωρὶ
2843 3659 2936 3713 τῆς
2962 3655 3147 3714 νυκτὸς
3167 3651 3360 3707 ἐλθόντι
3390 3655 3607 3728 ἑτοίμως

235 3764 342 3802 απη
351 3765 445 3802 ντη
454 3765 558 3800 κεν.

1541 637 1838 694 ἐπιτάσσων

218 734 326 788 τοῖς
357 729 504 778 κατὰ
540 733 742 798 πνεῦμα
788 729 921 788 υἱοῖς
978 747 1074 780 σου
1101 773 1116 798 ,
1155 727 1342 803 ἐξάρας
1384 729 1468 784 ἐπὶ
1515 736 1608 790 τὴν
1664 731 1840 790 κλίνην

221 821 343 877 τούς
391 811 566 875 πόδας
615 814 872 877 ἐξέλιπες·
907 819 990 868 ὅτε
1045 822 1134 869 καὶ
1184 819 1344 890 ῦπαρ,
1398 818 1494 870 οὐκ
1550 824 1694 894 ὄναρ,
1723 821 1839 872 κατ’

219 905 383 956 αὐτὸν
448 905 648 978 ἐώρας,
690 905 744 955 ὃν
795 907 954 966 αὐτὸς
1007 905 1188 958 ἑαυτὸν
1246 903 1677 981 διεϐαθμίδωσας
1733 909 1841 962 κλί-

219 1014 369 1065 μακα
433 1008 451 1022 ⁸
501 995 572 1054 ὡς
644 990 886 1066 κρηπῖδα
956 998 1046 1066 μεν
1122 993 1406 1069 βαλόμενος
1478 995 1840 1056 πολιτευτικην

216 1084 670 1155 μετριοπάθειαν,
723 1090 785 1154 τῇ
845 1079 906 1135 δὲ
950 1086 1322 1158 μετριοπαθείᾳ
1378 1090 1472 1144 την
1519 1088 1840 1160 καθαρτικὴν

218 1167 785 1242 ἐποικοδομησάμενος
840 1169 1091 1225 ἀπάθειαν
1114 1215 1128 1241 ,
1163 1171 1246 1225 ἐπὶ
1273 1169 1332 1226 δε
1385 1182 1446 1246 τῇ
1482 1172 1707 1247 ἀπαθείᾳ
1747 1183 1840 1234 την

217 1261 400 1332 νοεράν
444 1257 734 1330 ἐνέργειαν,
767 1260 853 1312 ἐπὶ
911 1257 970 1312 δε
1016 1268 1078 1332 τῇ
1143 1267 1294 1335 νοερᾴ
1339 1260 1564 1334 ἐνεργείᾳ
1616 1267 1709 1320 την
1756 1261 1841 1315 ἐπὶ

219 1353 354 1398 πᾶσι
437 1344 646 1418 βάθραν
717 1352 813 1408 της
891 1349 1120 1409 θεώσεως
1151 1367 1162 1377 ·
1198 1348 1274 1420 ἐφ’
1336 1353 1398 1408 ἦν
1471 1354 1559 1401 καὶ
1630 1350 1836 1422 ἄγγελοι

217 1439 436 1496 πάντως
477 1433 742 1486 ἀνέϐαινον
794 1440 884 1487 καὶ
941 1435 1242 1488 κατέϐαινον
1273 1480 1286 1504 ,
1345 1433 1707 1500 ὁδοποιοῦντες
1753 1458 1840 1490 σοι

747 637 934 690 Ἰακὼϐ
999 641 1069 699 ὡς
1142 643 1475 701 κατέπαυσας

218 1527 311 1580 τήν
364 1519 563 1575 ἄνοδον
621 1529 709 1575 καὶ
771 1529 1156 1598 προπέμποντες
1209 1524 1415 1578 ἀνιόντα
1467 1526 1521 1578 ἐκ
1574 1531 1666 1600 μεν
1720 1547 1839 1580 συν-

221 1611 580 1684 αγελαστικοῦ
633 1617 722 1665 καὶ
790 1610 1086 1666 σπουδαίου
1150 1611 1343 1689 ἀνδρὸς
1387 1616 1454 1676 εἰς
1497 1617 1713 1690 θεωρίαν
1760 1636 1837 1670 κε-

221 1704 592 1776 καθαρμένον,
653 1701 710 1754 ἐκ
768 1699 826 1754 δε
891 1705 1153 1778 θεωρητοῦ
1205 1709 1330 1779 πρός
1395 1710 1602 1777 νοερόν,
1655 1706 1712 1758 ἐκ
1779 1703 1838 1759 δὲ

223 1800 402 1864 νοεροῦ
470 1796 600 1866 πρός
663 1797 790 1844 Θεὸν
834 1833 846 1846 .

229 2075 400 2130 ρικτο,
427 2057 498 2118 εἰς
540 2056 594 2108 ὃν
655 2056 867 2120 ἀνῆλθες
919 2057 975 2120 ἐξ
1011 2061 1156 2130 ἡμῶν
1195 2068 1293 2112 τῶν
1332 2065 1510 2132 χαμαὶ
1547 2059 1840 2134 ἐρχομένων

231 2141 326 2196 διὰ
365 2154 464 2206 τῆς
503 2144 781 2216 ἀναγωγῆς
834 2150 1028 2209 ταύτης
1084 2148 1369 2220 κλίμακος,
1414 2154 1543 2210 Θεὸς
1603 2149 1842 2221 ἀγγέλοις

235 2243 485 2286 κατιοῦσι
523 2241 614 2286 καὶ
657 2244 960 2287 συνανιούσι
1018 2233 1477 2312 δορυφορούμενος.
1519 2237 1734 2310 ἼΞχοιμ⁹
1779 2240 1840 2291 ἄν

237 2320 425 2390 3370:»,
450 2327 539 2374 καὶ
591 2326 657 2383 ὡς
721 2321 1076 2387 ἀποστολικώς
1142 2330 1228 2377 τόν
1293 2323 1489 2399 δρόμον
1546 2326 1831 2388 τετελεκας,

252 2409 454 2480 Ἀμέλει
478 2431 557 2462 τοι
590 2417 677 2464 καὶ
721 2414 788 2473 ὡς
827 2412 876 2464 ἐν
920 2413 1144 2486 φυλακῇ,
1177 2423 1250 2485 τῷ
1296 2413 1398 2488 βίῳ
1441 2413 1600 2486 τῷδε,
1631 2420 1720 2467 καὶ
1775 2419 1841 2466 σὺ

252 2501 392 2550 κατά
455 2503 538 2551 τὸν
604 2510 884 2576 κορυφαῖον
951 2508 1142 2576 Πέτρον
1208 2507 1557 2578 τηρούμενος,
1626 2499 1842 2556 ἐδέδεσο

245 2582 408 2639 δυσὶν
481 2588 760 2654 ἀλύσεσιν,
811 2589 953 2662 ύπνῳ
1027 2598 1115 2644 καὶ
1190 2589 1371 2664 δεσμῷ
1447 2601 1651 2664 φυσικῷ
1685 2613 1696 2625 ο
1734 2591 1840 2644 ἀλλ’

236 2674 428 2732 ἐπέστη
509 2696 594 2730 σοι
667 2679 882 2750 ἄγγελος
957 2686 1172 2752 Κυρίου,
1247 2683 1313 2741 ὡς
1385 2680 1556 2752 ἐκείνῳ
1631 2685 1844 2754 κειμένῳ

233 2769 442 2831 νυκτός,
485 2771 575 2818 καὶ
615 2776 951 2841 παραχρῆμα
1009 2767 1245 2830 ἐξεπεσον
1311 2767 1412 2822 ἀπὸ
1471 2777 1566 2821 σού
1624 2772 1675 2820 αἱ
1725 2769 1845 2821 ἀλύ-

234 2871 338 2913 σεις
381 2851 561 2920 αὗται,
603 2861 693 2908 καὶ
731 2864 826 2918 τῆς
878 2857 1110 2928 φυλακῆς
1148 2857 1312 2920 ἐξηεις
1363 2855 1564 2928 ἄδετος,
1599 2863 1689 2910 καὶ
1728 2859 1849 2915 ἠκό-

233 2938 442 3002 λούθεις
505 2947 674 3014 τούτῳ
747 2943 1160 3016 ψυχαγωγοῦντί
1237 2965 1311 3000 σε.
1354 2949 1513 3017 Τάχα
1583 2965 1683 2997 που
1758 2961 1848 3008 καὶ

235 3032 412 3105 ὅραμα
477 3033 594 3084 κατ’
649 3032 834 3086 ἐκεῖνον
885 3031 1082 3096 ἐδόκεις
1149 3033 1354 3107 βλέπειν
1412 3035 1744 3108 ἀμφιγνοῶν,
1805 3035 1850 3087 εἰ

236 3121 423 3182 ἀληθές
471 3122 585 3175 ἐστι
648 3127 705 3176 τὸ
770 3121 844 3176 δι’
897 3125 1057 3176 αὐτοῦ
1113 3130 1374 3198 γινόμενον
1410 3146 1422 3158 ο

2025 3828 2236 3886 jEtatis
2261 3843 2460 3884 aurem
2483 3831 2545 3883 tu
2566 3843 2771 3884 revera
2793 3834 3098 3901 superstes
3117 3845 3249 3888 esse
3278 3830 3606 3903 videris,et,

1955 3923 2023 3976 ut
2042 3924 2170 3975 tum
2221 3918 2424 3985 ﬁebat,
2457 3917 2618 3974 dulci
2666 3933 2882 3974 somno
2930 3918 3190 3975 irretitus
3217 3926 3491 3977 mortuus
3517 3939 3606 3989 es,

1958 4007 2081 4064 imo
2102 4010 2245 4078 post
2266 4005 2497 4062 obitum
2522 4004 2584 4060 in
2611 4003 2755 4073 biga
2784 4005 2984 4060 somni
3016 4020 3086 4060 ac
3113 4007 3322 4062 mortis
3349 4013 3556 4064 vectus
3574 4025 3610 4066 θ

1958 4095 2288 4150 viventium
2313 4098 2471 4148 terra
2491 4091 2798 4155 ferebaris,
2822 4096 2880 4147 et
2907 4106 3014 4162 per
3039 4097 3244 4163 portas
3280 4094 3412 4150 coeli
3440 4109 3611 4168 aper-

1960 4187 2051 4240 tas
2075 4183 2263 4248 laetus,
2295 4181 2498 4253 gloriae
2519 4179 3044 4252 archiepiscopalis
3065 4187 3226 4238 veste
3249 4181 3494 4240 indutus
3517 4186 3610 4243 in-

1959 4286 2226 4341 gressus,
2255 4269 2327 4324 iis
2356 4268 2578 4342 quibus
2633 4283 2808 4325 sacra
2861 4283 3149 4341 peragere
3169 4269 3609 4334 demandatum

1960 4365 2106 4429 erat,
2137 4356 2573 4415 accensebaris.
2598 4356 2683 4412 Ibi
2704 4371 2910 4413 coram
2930 4357 3196 4430 te,inque
3227 4362 3395 4416 tuum
3423 4360 3610 4420 hono-

1959 4465 2089 4506 rem
2143 4450 2387 4518 surgent
2436 4445 2540 4519 qui
2587 4445 2746 4502 circa
2781 4445 3082 4502 Aaronem
3141 4462 3214 4503 ac
3269 4449 3610 4510 Samuelem

1961 4553 2134 4594 sacra
2159 4536 2401 4597 faciunt,
2417 4549 2539 4590 non
2579 4539 2811 4590 tantum
2845 4533 2991 4607 quia
3026 4534 3180 4591 inter
3202 4536 3474 4594 Ecclesiae
3503 4555 3612 4596 an-

1960 4626 2168 4682 tistites
2205 4623 2426 4680 mirum
2446 4623 2506 4678 in
2537 4623 2789 4680 modum
2819 4623 3079 4693 excellis,
3105 4623 3212 4680 sed
3241 4625 3386 4698 quia
3410 4628 3615 4686 tunica

1961 4719 2065 4770 tua
2089 4713 2361 4786 pluribus
2382 4727 2571 4785 quam
2593 4711 2832 4768 illorum
2855 4712 3060 4768 tunica
3081 4712 3256 4768 malis
3283 4715 3520 4786 punicis
3539 4732 3612 4774 ac

1960 4800 2374 4860 tintinnabulis
2404 4802 2602 4857 aureis
2625 4800 2994 4856 interstincta
3012 4805 3158 4867 erat;
3177 4816 3363 4872 quam
3383 4801 3464 4860 ob
3481 4819 3612 4864 rem

1961 4898 2027 4950 ut
2056 4890 2360 4962 Evangelii
2388 4889 2744 4962 praedicator
2771 4894 2828 4945 et
2855 4894 2917 4944 ut
2943 4893 3144 4945 orator
3169 4888 3318 4960 legis
3337 4890 3613 4952 obscuras

1963 4979 2242 5056 symbola
2265 4977 2630 5049 fulgurando
2647 4976 2996 5050 superabas.
3019 4975 3109 5032 lbi
3125 4981 3187 5032 tu
3210 4977 3372 5035 viros
3390 4980 3616 5053 ingenii

1963 5087 2034 5128 ac
2072 5069 2257 5128 animi
2287 5067 2530 5125 dotibus
2558 5066 2994 5137 ornatissimos,
3026 5065 3358 5125 Clementes
3385 5085 3457 5127 ac
3477 5073 3613 5130 Dio-

1963 5160 2168 5233 nysios
2191 5157 2404 5215 obvios
2423 5156 2677 5214 habebis
2704 5155 2855 5212 etde
2881 5159 2934 5211 te
2965 5160 3031 5212 ut
3050 5154 3232 5213 fratre
3255 5159 3614 5230 gaudentes,

1964 5251 2067 5323 qui
2091 5248 2170 5306 ad
2193 5247 2465 5320 ipsorum
2487 5245 2848 5318 exemplum,
2863 5243 3316 5318 philosophiam
3347 5250 3616 5308 Graecam

1966 5337 2311 5397 Christianae
2340 5332 2761 5408 philosophiae,
2781 5349 3018 5390 servam
3047 5333 3393 5407 diligentem
3425 5337 3618 5396 domi-

1964 5443 2059 5483 nae
2086 5429 2308 5481 sanctae
2338 5422 2663 5494 subjecisti.
2691 5424 2766 5478 Te
2804 5421 3000 5478 Basilii
3031 5426 3088 5478 et
3117 5424 3382 5494 Gregorii
3403 5427 3615 5495 gratis-

1965 5515 2187 5571 simum
2214 5511 2516 5568 advenam
2537 5509 2923 5582 excipiunt,et
2947 5509 3199 5580 dignum
3221 5512 3325 5582 qui
3348 5513 3616 5568 coheres

1965 5603 2048 5660 sis
2070 5601 2346 5673 judicant
2379 5614 2519 5656 cum
2541 5597 2613 5654 iis
2646 5597 2753 5671 qui
2794 5597 2948 5654 sicut
2988 5601 3053 5674 tu
3100 5599 3470 5656 orationibus
3499 5600 3617 5656 exi-

311 3833 516 3894 Ὀντως
542 3842 634 3886 τοῦ
662 3834 822 3887 πάλαι
878 3843 1089 3908 χρυσοῦ
1128 3840 1302 3906 γένους
1331 3841 1510 3908 κόμμα
1548 3839 1614 3888 σὺ
1643 3835 1839 3887 λοιπόν·

243 3927 334 3972 καὶ
406 3925 552 3994 παρά
612 3930 764 3975 τοῦτο
821 3927 954 3976 κατά
1027 3927 1092 3975 τὰ
1163 3926 1358 3997 πάτρια
1409 3923 1600 3976 ἐκείνου
1673 3921 1845 3994 βιούς,

246 4012 386 4062 οὕτω
461 4018 552 4064 καὶ
626 4014 874 4074 τέθνηκας
947 4013 1164 4085 μαλακῷ
1241 4009 1569 4084 δεδμημένος
1666 4013 1845 4083 ύπνῳ·

247 4098 443 4171 μᾶλλον
489 4097 549 4152 δὲ
603 4101 858 4164 συζεύξας
913 4099 1176 4175 ξυνωρίδα
1225 4098 1430 4174 ἀδελφὼ
1488 4097 1847 4173 διδυμεύοντε,

247 4189 410 4240 ὕπνον
461 4194 552 4240 καὶ
629 4192 840 4242 θάνατον
869 4233 884 4258 ,
938 4190 1336 4265 ξυνωρικεύσω,
1395 4195 1484 4242 καὶ
1561 4188 1852 4251 ἐπετάσθης

247 4277 370 4329 εύθύ
421 4283 515 4328 τού
571 4285 752 4350 χώρου
791 4287 888 4330 τῶν
937 4279 1141 4340 ζώντων
1165 4324 1181 4349 ,
1222 4283 1311 4330 καὶ
1354 4286 1453 4330 τῶν
1492 4277 1711 4352 ούρανοῦ
1758 4297 1853 4330 πυ-
1877 4329 1918 4381 D

247 4364 262 4381 ς
289 4375 305 4380 -l
397 4364 410 4374 ~
625 4371 634 4379 .
1005 4372 1014 4381 .
1206 4368 1216 4379 .
1272 4365 1320 4381 ..ι
1574 4369 1584 4381 ι
1759 4365 1811 4381 ς.

245 4364 341 4417 λων
383 4364 731 4438 ἀνοιγομένων
783 4387 867 4419 σοι
913 4372 1115 4440 χαίρων
1176 4365 1419 4438 εἰσέδυς,
1462 4369 1598 4420 κατά
1665 4365 1852 4425 στολὴν

245 4453 633 4528 ἀρχιερατικῆς
698 4453 852 4518 δόξης
914 4457 1295 4529 ἠμφιεσμένος,
1347 4461 1436 4508 καὶ
1474 4463 1579 4515 τοῖς
1627 4453 1853 4528 ἀμφιποο

240 4548 509 4615 νουμὲνοις
581 4548 640 4595 τὸ
710 4543 875 4597 ἐκεῖσε
964 4547 1338 4620 θυσιαστήριον
1431 4545 1847 4619 προστιθέμενος.

243 4631 410 4684 Ἔνθα
473 4640 574 4684 τῶν
629 4635 721 4706 μὶν
790 4638 905 4708 περὶ
962 4637 1048 4684 τόν
1117 4634 1316 4708 Ἀαρὼν
1381 4637 1464 4685 καὶ
1523 4631 1764 4704 Σαμουὴλ
1825 4633 1851 4683 ό

246 4723 435 4782 θίασος
486 4721 869 4774 ύπανίστανταί
921 4741 1004 4774 σοι
1052 4743 1142 4774 και
1173 4719 1455 4797 προεδρίας
1505 4728 1854 4798 παραχωροῦ-

244 4829 350 4872 σιν,
387 4805 694 4882 αἰδούμενοι
745 4810 804 4862 ού
849 4816 1004 4883 μόνον
1053 4813 1117 4871 ὡς
1165 4813 1412 4885 ἱεραρχίᾳ
1453 4813 1734 4883 σεμνοτέρᾳ
1787 4817 1848 4882 τῇ

243 4900 379 4951 κατά
447 4901 680 4972 Χριστόν
734 4897 1117 4974 ἐπιπρέποντα,
1161 4898 1290 4952 ἀλλά
1335 4904 1424 4952 καὶ
1489 4901 1559 4960 ὡς
1617 4897 1852 4972 λαμπρο-

242 4992 416 5061 τέροις
457 4995 558 5038 τῶν
607 4987 730 5060 παρ’
789 4989 996 5050 ἐκείνοις
1047 4996 1266 5062 χρυσῶν
1326 4989 1553 5062 ῥοῖσκων
1608 4992 1698 5040 καὶ
1757 5007 1854 5037 κω.

244 5073 424 5128 δωνων
483 5075 825 5148 κυκλούμενον
851 5122 864 5144 ,
905 5078 979 5138 οἷς
1018 5077 1354 5150 εύαγγελικῶς
1409 5077 1518 5150 ἅμα
1565 5081 1654 5128 καὶ
1703 5076 1855 5150 ῥητο-

242 5173 406 5238 ρικῶς
445 5166 871 5240 ὑπερήστραπτές
924 5186 977 5220 τε
1030 5171 1120 5218 καὶ
1179 5164 1548 5241 ύπερεϐρόντας
1603 5166 1668 5216 τὰ
1720 5165 1856 5215 κατά

245 5258 331 5306 τόν
424 5254 688 5326 ὑπόζοφον
773 5259 925 5330 νόμον
999 5261 1088 5308 καὶ
1179 5255 1500 5328 ἰσχνόφωνον
1596 5250 1852 5325 σύμϐολα.

244 5349 356 5396 Τῶν
408 5339 462 5395 δ’
511 5342 562 5394 ἓν
615 5351 678 5415 τῇ
727 5346 918 5419 χάριτι
953 5344 1108 5397 πάλιν
1162 5345 1334 5417 ἄκρων
1365 5348 1453 5395 καὶ
1503 5345 1683 5414 σοφίας
1743 5359 1856 5393 στε-

686 5434 945 5507 ἱερατικὴν
1061 5432 1546 5507 ἐπικεκοσμηκότων
1643 5425 1854 5504 κίδαριν

247 5522 383 5573 ἔνθεν
441 5522 534 5592 μὲν
600 5520 881 5592 Κλήμεντες
950 5528 1039 5574 καὶ
1112 5526 1373 5574 Διονύσιοι
1446 5526 1857 5594 προσυπαντῶσι

247 5614 338 5661 καὶ
393 5627 493 5682 περ
502 5612 625 5662 ιπτύ
633 5615 848 5662 σσονταί
905 5631 962 5665 σε

247 5434 390 5506 φάνῳ
483 5437 544 5490 τὴ
554 5453 581 5481 ν

989 5655 1005 5680 ,
1069 5617 1348 5685 χαίροντες
1420 5617 1494 5680 τῷ
1547 5609 1707 5681 ὁμοίῳ
1767 5611 1857 5659 καὶ

4117 1249 4119 1354 1

4117 1377 4119 1420 4

4117 1525 4119 1548 l

4117 1569 4119 1596 |
