4152 6208
520 319 624 385 359

1382 324 1758 385 MICHAELIS
1792 309 2179 386 ACOMINATI
2216 312 2646 386 ATHENARUM
2682 323 3008 385 ARCHIEP.

3770 318 3880 380 360

518 450 654 508 miis
692 450 749 508 et
775 449 911 524 plus
952 465 1138 524 quam
1163 453 1459 525 argenteis
1485 451 1581 509 vel
1617 452 1814 510 aureis
1844 453 2165 511 Ecclesiam

2275 455 2411 507 κατὰ
2473 454 2642 506 ταυτα
2682 454 2863 525 σφίσιν
2922 447 3254 504 ύποκλίναντι
3309 448 3403 508 τὴν
3454 446 3676 506 Ἕλληνα
3730 447 3883 519 φιλο-

520 542 1087 598 condecoraverunt.
1120 542 1352 599 Phinea;
1391 559 1634 617 quoque
1691 542 2009 614 collegium
2039 543 2166 601 sine

520 631 657 687 odio
701 636 757 687 et
812 630 1038 687 invidia
1065 635 1122 688 te
1174 631 1253 688 ad
1308 631 1579 705 ipsorum
1632 638 1832 707 partes
1875 634 2168 705 trahunt;

518 720 705 792 probe
735 720 896 775 enim
926 720 1120 777 sciunt
1148 725 1202 778 te
1233 722 1312 778 ad
1342 722 1708 795 impietatem
1736 722 1939 795 lapsos
1966 722 2164 780 verbis

515 808 942 880 reprobatoriis
972 809 1171 866 acrius
1200 826 1385 884 quam
1410 811 1612 882 gladio
1638 812 2002 869 vulnerasse.
2019 813 2166 869 Tan-

519 897 659 953 dem
690 897 974 964 Christus,
1005 898 1261 956 verbum
1298 900 1519 969 vivum,
1553 900 1845 973 sapientia
1890 902 2165 959 omnium

520 987 791 1055 creatrix,
824 991 880 1044 te
910 1003 946 1044 a
975 987 1195 1045 dextris
1218 1005 1435 1063 propre
1452 990 1736 1047 thronum
1762 991 2168 1063 sistit,majus-

519 1093 637 1151 que
663 1077 968 1150 sapientia:
987 1078 1275 1152 poculum
1301 1080 1577 1153 offerens,
1606 1096 1827 1137 novam
1852 1082 1958 1138 tibi
1978 1082 2168 1155 potio-

518 1182 658 1223 nem
687 1166 987 1240 propinat,
1010 1184 1198 1241 quam
1247 1185 1387 1226 cum
1428 1170 1776 1227 hominibus
1804 1170 2079 1244 perfectis
2105 1170 2168 1226 in

519 1270 705 1325 regno
728 1261 979 1328 paterno
1010 1264 1251 1328 gustare
1283 1259 1361 1315 ab
1392 1258 1558 1315 omni
1609 1265 1877 1333 tempore
1907 1260 2169 1316 destina-

522 1349 646 1401 tum
677 1350 803 1402 erat
831 1362 843 1400 :
878 1365 909 1399 ‹
935 1347 1243 1404 Neminem
1274 1348 1434 1404 enim
1460 1348 1671 1419 diligit,
1698 1349 1979 1406 Salomon
2005 1348 2165 1416 dicit,

519 1433 633 1491 nisi
658 1451 797 1490 eum
827 1434 931 1508 qui
960 1450 1100 1492 cum
1140 1436 1435 1509 sapientia
1471 1437 1763 1494 habitat“.
1800 1461 1828 1489 »
1854 1441 1937 1495 Tu
1968 1444 2170 1497 autem

520 1524 624 1594 qui
647 1523 867 1595 jugiter
896 1539 1035 1579 cum
1073 1523 1177 1581 illa
1217 1540 1451 1595 manes,
1480 1525 1666 1582 solius
1712 1527 2018 1600 sapientia:
2046 1527 2170 1583 ille-

522 1612 715 1668 cebris
757 1611 1141 1683 detinebaris,
1163 1613 1286 1671 imo
1317 1630 1456 1671 cum
1494 1631 1566 1672 ea
1595 1618 1769 1689 quasi
1796 1632 1935 1672 cum
1984 1632 2170 1673 uxore

522 1700 875 1771 conjunctus
902 1700 954 1756 ei
982 1700 1251 1769 vivebas,
1281 1702 1332 1759 ei
1355 1707 1626 1759 mortuus
1655 1720 1740 1776 es,
1770 1709 1826 1761 et
1850 1719 2012 1761 nunc
2040 1704 2171 1777 qui-

2276 548 2460 617 σοφίαν
2512 550 2574 615 τῇ
2624 547 2968 616 Χριστιανικῇ
3011 541 3256 612 θεοσοφίᾳ
3292 542 3383 591 καὶ
3424 545 3580 610 σεμνῇ
3625 533 3878 609 δεσποίνῃ

2276 629 2572 686 σπουδαίαν
2656 632 2966 703 θεράπαιναν
3023 646 3038 662 '
3098 630 3232 681 ἔνθεν
3318 624 3377 680 δὲ
3442 625 3703 679 Βασίλειοι
3791 628 3886 676 καὶ

2274 726 2553 796 Γρηγόριοι
2609 716 2902 783 δεξιοῦνται
2933 737 3011 785 σε,
3057 722 3146 769 καὶ
3192 726 3290 769 τῶν
3342 716 3468 787 παρ’
3523 714 3703 775 αύτοῖς
3742 732 3884 785 συγ-

2272 810 2604 885 κληρονομεῖν
2660 806 2868 872 ἀξιοῦσι
2925 811 3093 881 μόνων
3127 849 3141 874 ,
3177 808 3250 867 οἷς
3315 807 3429 857 κατ’
3495 803 3719 866 ἐκείνους
3783 821 3884 856 πε-

2273 902 2521 975 ριέθηκας
2576 902 2772 971 κόσμον
2837 903 2899 970 τῇ
2971 895 3256 967 Ἐκκλησία
3319 893 3639 967 πολύτιμον,
3696 892 3886 965 λόγους

2272 988 2537 1063 λαμπρούς
2616 991 2707 1039 καὶ
2783 982 3044 1058 δόγμασιν
3138 982 3495 1056 εύαγγελικοῖς
3581 985 3886 1054 γεγανωμέ-

2272 1097 2392 1139 νους
2467 1079 2810 1149 θαυμασίως,
2870 1079 2961 1127 καὶ
3033 1075 3102 1136 ὡς
3157 1077 3199 1126 εἰ
3264 1092 3341 1133 τις
3405 1070 3610 1145 ἀργύρῳ
3675 1073 3887 1145 χρυσὸς

2276 1166 2559 1239 ἐπιχέοιτο.
2592 1164 2659 1218 Ἢ
2699 1184 2799 1217 που
2838 1168 2928 1216 καὶ
2973 1169 3079 1223 τοῖς
3134 1166 3253 1235 περὶ
3305 1164 3394 1213 τόν
3446 1159 3679 1222 ζηλωτὴν
3718 1162 3888 1219 Φινεὲς

2276 1256 2370 1309 ούκ
2416 1254 2588 1316 οἷςηλα
2623 1256 2689 1307 τὰ
2733 1253 2869 1305 κατὰ
2917 1254 2975 1305 σε
3023 1256 3113 1304 καὶ
3158 1249 3317 1311 ἄλλως
3364 1245 3634 1325 ἀδήριτα;
3679 1247 3889 1303 Ἀνθίλ-

2276 1363 2433 1397 κουσι
2480 1341 2539 1397 δε
2597 1361 2656 1395 σε
2692 1346 2781 1394 καὶ
2831 1338 2976 1394 οὗτοι
3009 1343 3139 1414 πρός
3180 1339 3391 1401 ἑαυτούς
3456 1342 3546 1392 καὶ
3598 1339 3891 1400 καθίζουσι

2276 1430 2538 1508 πάρεδρον
2571 1474 2585 1501 ,
2647 1427 2875 1497 εἰδότες,
2941 1433 3006 1491 ὡς
3066 1428 3267 1490 πλείους
3330 1428 3483 1490 αὐτὸς
3542 1430 3671 1504 ἤπερ
3740 1428 3891 1481 οὗτοι

2271 1527 2629 1598 παρανομίαις
2701 1519 2931 1594 ἑκφύλοις
3007 1519 3478 1592 συμφθειρομένους
3553 1513 3627 1570 δι’
3694 1516 3889 1590 ἀμφοῖν

2281 1615 2491 1675 ὦθησας
2519 1653 2533 1676 ,
2594 1615 2683 1663 καὶ
2742 1615 3027 1682 τομώτερον
3084 1609 3431 1681 σειρομάστου
3499 1610 3688 1667 παντός
3743 1606 3887 1679 ἐλεγέ

2278 1722 2403 1776 χοις
2433 1698 2713 1763 διήλασας.
2748 1699 2863 1752 Ἐπὶ
2911 1704 3044 1751 πᾶσι
3076 1700 3307 1769 Χριστός
3335 1733 3349 1763 ,
3391 1698 3418 1748 ό
3450 1699 3612 1768 Λόγος
3640 1734 3653 1762 ,
3697 1697 3723 1748 ό
3755 1696 3887 1762 ζῶν,

521 1788 661 1845 dem
682 1788 760 1845 ab
788 1788 1071 1845 omnibus
1100 1790 1369 1863 corporis
1394 1792 1651 1848 miseriis
1680 1792 2170 1863 liheratus,fontis

2279 1794 2309 1850 ἡ
2368 1791 2671 1863 αύτοσοφία,
2713 1791 2742 1847 ὴ
2802 1789 3004 1840 πάντων
3042 1790 3267 1857 γενέτις,
3309 1789 3399 1838 καὶ
3449 1786 3652 1837 πάντων
3700 1791 3890 1857 τεχνῖ-

523 1877 653 1948 ejus
685 1877 890 1933 aeterni
904 1878 1135 1948 justam
1165 1884 1398 1950 partem
1429 1895 1490 1935 es
1517 1886 1846 1938 assecutus.

2279 1900 2378 1951 τις,
2425 1879 2483 1932 ἑκ
2526 1875 2708 1941 δεξιῶν
2755 1880 2845 1929 καὶ
2883 1877 2952 1938 ὡς
2995 1874 3264 1946 ἐγγυτάτω
3312 1882 3411 1926 τῶν
3467 1873 3649 1934 ἑαυτῆς
3690 1875 3889 1946 θρόνων

522 1969 891 2040 παρεστήσατο
957 1985 1013 2019 σε
1074 1972 1163 2019 καὶ
1244 1968 1461 2040 μείζονα
1535 1974 1719 2042 σοφίας
1794 1972 1979 2029 ἵστησί
2044 1988 2128 2024 σοι
2198 1978 2472 2045 κρατῆρα,
2537 1971 2628 2020 καὶ
2708 1972 2799 2018 τοῦ
2882 1972 3062 2017 καινού
3143 1968 3379 2036 προπίνει
3464 1979 3550 2016 σοι
3630 1967 3887 2036 πόματος,

522 2056 643 2126 ὅπερ
684 2056 816 2126 μετά
856 2062 953 2106 τῶν
995 2054 1150 2117 ἀξίων
1189 2054 1238 2107 ἓν
1297 2064 1359 2129 τῇ
1420 2066 1646 2131 πατρικῇ
1713 2058 1958 2132 βασιλείᾳ
2015 2064 2175 2113 πίνειν
2242 2055 2487 2131 ἀψευδῶς
2529 2054 2840 2127 ἐπήγγελτο.
2886 2053 3045 2115 Αὐτός
3086 2072 3143 2106 σε
3194 2055 3292 2129 γὰρ
3341 2048 3493 2106 οὐδέν
3552 2050 3731 2124 ἀγαπᾷ
3758 2094 3771 2120 ,
3815 2051 3889 2114 ὣς

524 2161 654 2214 φησι
703 2141 973 2215 Σολομῶν,
1017 2144 1060 2195 εἰ
1115 2148 1186 2216 μὴ
1242 2147 1328 2197 τόν
1399 2151 1557 2218 σοφία
1613 2156 1994 2203 συνοικοῦντα.
2058 2155 2157 2202 Καὶ
2213 2153 2278 2201 σύ
2342 2145 2441 2213 δὲ,
2502 2152 2765 2220 παροικῶν
2832 2145 2906 2195 ἔτι
2967 2138 3159 2217 δεῦρο,
3192 2147 3350 2215 μόνου
3409 2141 3629 2204 κάλλους
3694 2147 3892 2214 σοφίας

522 2230 681 2292 ἑάλως
708 2272 721 2298 ,
764 2237 854 2284 καὶ
892 2236 1021 2305 μόνη
1066 2238 1225 2306 σοφία
1266 2240 1664 2310 προσετετήκεις
1712 2237 1861 2300 εύθύς
1910 2236 1965 2289 ἐκ
2019 2235 2248 2308 παιδός⁹
2301 2242 2391 2289 καὶ
2434 2232 2881 2295 συνδιαϐεϐίωκας
2931 2234 3090 2305 ταύτῃ
3133 2236 3223 2284 καὶ
3281 2229 3620 2303 ἐπανέψυξας,
3661 2236 3750 2284 καὶ
3793 2240 3890 2283 νῦν

522 2324 617 2378 τὴν
648 2316 821 2372 ἀίδιον
860 2324 1059 2383 ταύτης
1086 2327 1263 2394 πηγὴν
1293 2364 1307 2389 ,
1348 2324 1665 2383 κατάλληλον
1694 2324 1841 2389 λῆξιν
1865 2369 1879 2394 ,
1919 2326 2283 2403 κεκλήρωσαι,
2324 2334 2424 2378 τῶν
2469 2324 2691 2377 ἐνταῦθα
2728 2327 2848 2396 περὶ
2884 2324 2942 2374 τό
2986 2329 3137 2395 σῶμα
3160 2324 3251 2373 καὶ
3278 2319 3326 2373 ἐν
3366 2326 3570 2394 σώματι
3614 2316 3890 2374 δυσκόλων

8 1940 9 1973 ι

8 2374 10 2421 ι

8 2536 10 2583 ι

522 2410 843 2483 ύπεραρθείς.

595 2497 767 2560 Quod
798 2497 849 2552 si
883 2512 995 2553 nos
1026 2502 1331 2555 terrestres
1358 2500 1586 2559 incolas
1627 2503 1892 2576 respicis,
1917 2519 1955 2560 o
1990 2503 2173 2561 chara

524 2585 729 2641 anima
756 2591 821 2641 ut
851 2602 994 2642 sane
1023 2587 1204 2659 facis;
1241 2605 1361 2645 vox
1385 2592 1543 2647 enim
1576 2594 1832 2664 mystica
1856 2610 1968 2650 nos
1999 2594 2174 2651 docet

521 2673 637 2730 hoc
666 2674 984 2746 praemium
1009 2676 1410 2734 honoriﬁcum
1454 2695 1591 2736 esse
1632 2681 1827 2753 justis,
1860 2688 1924 2739 ut
1954 2688 2035 2751 tu,
2068 2687 2173 2739 aut

522 2762 742 2835 pignus
768 2763 1069 2820 bonorum
1121 2766 1581 2837 promissorum,
1615 2786 1751 2841 quae
1794 2771 2003 2828 oculus
2048 2788 2171 2828 non

521 2851 855 2917 vidit,auris
876 2868 997 2908 non
1020 2853 1249 2911 audivit
1276 2856 1334 2910 ef
1357 2873 1492 2929 quae
1521 2858 1581 2913 in
1602 2874 1705 2914 cor
1722 2859 1987 2916 hominis
2016 2876 2170 2917 nun-

2351 2500 2491 2555 Ἀλλ’
2534 2504 2578 2555 εἰ
2619 2518 2672 2554 τι
2722 2507 2821 2553 τῶν
2860 2497 3082 2553 ἐνταῦθα
3132 2504 3221 2553 καὶ
3265 2493 3352 2551 νῧν
3414 2496 3580 2551 κλύων
3636 2496 3895 2574 ἐπέστρα-

2280 2590 2399 2664 ψαι,
2441 2590 2481 2643 ὦ
2540 2595 2672 2663 σοφὴ
2714 2594 2803 2642 καὶ
2842 2589 2957 2662 φίλη
2997 2588 3175 2661 ψυχὴ,
3226 2591 3399 2662 ὥσπερ
3467 2590 3572 2664 ἄρα
3607 2593 3696 2642 καὶ
3763 2588 3891 2642 ἑπέ-

2283 2680 2517 2755 στραψαι
2588 2676 2754 2738 δήπου
2831 2681 3005 2750 (γέρας
3081 2680 3224 2751 γαρ,
3299 2680 3368 2739 ὡς
3436 2675 3484 2729 ἐν
3568 2676 3894 2752 ἀπορρήτοις

2280 2772 2600 2843 μανθάνομεν
2630 2811 2645 2839 ,
2705 2775 2859 2820 τούτο
2913 2775 3019 2829 τοῖς
3077 2768 3212 2819 κατὰ
3247 2769 3341 2834 σε,
3374 2763 3460 2819 εἶτ’
3505 2762 3593 2819 οὖν
3645 2766 3888 2841 ἀρραϐὼν

2280 2867 2379 2910 τῶν
2409 2857 2457 2910 ἐν
2497 2857 2820 2929 ἐπαγγελίαις
2872 2855 3077 2927 ἀγαθῶν
3101 2897 3115 2924 ,
3149 2864 3247 2907 τῶν
3285 2854 3395 2908 οὔθ’
3449 2857 3643 2928 ὁρατῶν
3695 2853 3890 2928 ὀφθαλο

520 2955 708 3011 quam
730 2940 1349 3004 descenderunt9,noli
1366 2946 1548 3002 hocce
1566 2946 1970 3019 lacrymarum
1994 2950 2170 3006 sacri-

2279 2956 2433 3021 μοῖς,
2486 2946 2593 2999 οὔτε
2642 2945 2911 2998 ἀκουστῶν
2950 2946 3123 3013 ὧσὶν,
3164 2944 3271 2997 οὔτ’
3331 2944 3622 3018 ἀνθρωπίνῃ
3684 2942 3891 3019 καρδίᾳ

522 3028 724 3083 ficium
762 3030 1088 3101 aspernari,
1119 3031 1284 3103 quod
1326 3033 1430 3089 tibi
1458 3037 1741 3106 quamvis
1772 3053 1952 3109 super
1972 3039 2171 3110 sepul-

522 3134 691 3174 crum
736 3123 905 3174 tuum
954 3134 1077 3175 non
1129 3120 1388 3178 effusum
1427 3125 1613 3180 otl‘ero
1638 3126 1827 3198 (quod
1858 3129 2172 3200 complecti

521 3207 947 3264 consolationis
1000 3226 1142 3280 ergo
1198 3227 1321 3267 non
1362 3213 1508 3268 mihi
1562 3215 1833 3286 datum);
1890 3218 2170 3290 quamvis

520 3297 643 3353 istae
696 3296 977 3368 lacrymae
1025 3298 1197 3355 melle
1254 3300 1507 3359 laudum
1555 3309 1793 3361 tuarum
1850 3322 1972 3362 non
2028 3308 2171 3362 satis

522 3388 775 3444 condita:
810 3388 1032 3443 sint.Tu
1062 3390 1466 3463 mihiquoque
1498 3395 1792 3461 guttulam
1825 3397 2027 3465 gratim
2058 3402 2170 3452 tuae

520 3477 893 3544 committas;
929 3477 1225 3546 ejusmodi
1259 3480 1418 3535 enim
1450 3481 1651 3537 ofﬁcia
1682 3485 2167 3553 prmstare,dum-

519 3565 702 3620 modo
728 3564 1065 3629 velis,nunc
1089 3566 1351 3621 maxime
1372 3570 1565 3638 magis
1581 3586 1765 3640 quam
1787 3578 1963 3628 antea
1979 3574 2166 3629 vales.

520 3655 647 3707 Non
673 3657 879 3722 postea
908 3652 1095 3708 oculis
1134 3669 1245 3708 nos
1275 3656 1637 3720 videbimus,
1664 3675 1784 3715 non
1816 3676 1921 3733 per
1948 3661 2170 3718 litteras

520 3738 1083 3806 confabulabimur;
1114 3740 1484 3799 immensum
1517 3747 1676 3801 enim
1708 3750 1971 3818 spatium
2019 3750 2170 3806 inter

520 3833 738 3885 terram
770 3835 826 3884 et
852 3828 1069 3884 coelum
1098 3830 1485 3902 sidereum,id
1507 3840 1595 3891 est
1618 3835 1768 3891 inter
1788 3853 1898 3893 nos
1920 3838 2167 3894 interce-

518 3918 634 3987 dit;
667 3922 931 3974 attamen
961 3935 1083 3975 non
1114 3919 1508 3993 desperamus
1538 3924 1663 3979 fore
1694 3933 1758 3981 ut
1803 3932 2000 3983 tecum
2048 3944 2169 3985 una

517 4008 851 4064 simus.lsta
868 4008 1114 4080 quidem
1136 4009 1520 4083 intercapedo
1546 4012 1723 4069 nobis
1752 4031 1995 4088 quoque
2013 4021 2168 4073 tran-

518 4096 790 4165 silienda,
812 4098 1090 4169 quamvis
1118 4104 1254 4171 post
1279 4104 1542 4173 tempus,
1575 4103 1697 4158 erit.
1735 4104 1847 4160 Sed
1874 4105 1995 4160 alia
2019 4105 2166 4162 mihi

516 4202 677 4241 nunc
702 4186 1086 4259 intercapedo
1116 4189 1176 4243 in
1217 4195 1480 4247 mentem
1513 4192 1672 4248 venit
1703 4193 1890 4250 multo
1917 4195 2165 4251 horribi-

514 4273 645 4340 lior,
674 4289 785 4329 nec
817 4275 1015 4331 minor
1043 4292 1229 4348 quam
1262 4278 1545 4336 distantia
1569 4282 1720 4338 inter
1750 4284 1948 4339 sinum
1980 4285 2163 4341 Abra-

2274 4284 2486 4345 ἐσαύθις
2553 4286 2863 4337 συνέσεσθαί
2921 4288 3005 4336 σοί
3075 4303 3197 4336 ποτε
3238 4305 3251 4317 ο

515 4361 683 4418 hami
709 4367 766 4417 et
790 4361 1006 4418 inferni
1035 4366 1351 4436 gurgitem,
1381 4373 1437 4423 et
1465 4369 1567 4424 ubi
1597 4370 1736 4427 hinc
1782 4372 1919 4428 inde
1968 4378 2164 4430 trans-

515 4453 599 4509 ire
648 4467 771 4508 non
814 4452 1008 4508 datur.
1031 4457 1114 4510 Tu
1143 4455 1388 4527 quidem
1440 4459 1503 4513 in
1540 4458 1856 4517 beatorum
1910 4479 2162 4521 numero

516 4541 789 4609 versaris,
820 4540 996 4597 nobis
1021 4547 1223 4598 autem
1266 4546 1526 4602 maxime
1557 4550 1949 4607 metuendum
1976 4558 2063 4609 est
2086 4570 2163 4611 ne

515 4636 581 4689 ut
613 4631 812 4688 divitis
840 4631 997 4687 illius
1026 4631 1085 4688 in
1117 4634 1398 4702 gehenna
1423 4636 1693 4694 ardentis
1720 4641 1862 4696 socii
1892 4642 1970 4697 ad
1996 4659 2160 4699 eam-

513 4721 653 4778 dem
683 4737 928 4795 pcenam
952 4721 1424 4780 condemnemur
1445 4729 1501 4782 et
1523 4726 1583 4781 in
1615 4732 1902 4786 aeternum
1933 4747 1969 4788 a
2002 4737 2053 4787 te
2075 4749 2163 4789 se-

512 4828 823 4885 paremur;
855 4827 990 4884 quae
1007 4812 1252 4885 quidem
1271 4817 1564 4886 separatio
1582 4833 1719 4873 cuni
1750 4835 2015 4890 praesens
2036 4826 2161 4879 tum

512 4902 711 4957 futura
772 4903 1043 4958 animum
1099 4919 1301 4959 meum
1342 4905 1694 4974 gravissime
1753 4910 1935 4980 angit.
1999 4913 2162 4968 Faxit

512 4993 666 5046 Deus
695 5007 803 5063 pro
843 4993 1249 5049 misericordia
1275 4999 1332 5051 et
1359 4996 1443 5051 tui
1473 4997 1666 5066 gratia
1711 5003 1773 5053 ut
1819 5002 2079 5072 Moysem
2105 5007 2161 5059 et

511 5080 836 5152 prophetas
855 5081 1175 5137 audiamus
1203 5082 1531 5155 Christique
1559 5084 1792 5141 Domini
1821 5089 2158 5147 testimonio

512 5167 828 5224 credamus
852 5169 957 5241 qui
986 5185 1023 5225 a
1046 5170 1299 5226 mortuis
1329 5175 1666 5240 resurrexit,
1700 5180 1757 5232 et
1778 5181 1842 5232 ut
1864 5178 2157 5235 sinceram

508 5257 805 5313 faciamus
824 5258 1238 5331 paenitentiam
1267 5276 1546 5332 agamus,
1570 5278 1645 5319 ne
1671 5268 1727 5321 et
1755 5266 1867 5338 ipsi
1893 5267 1951 5321 in
1975 5267 2159 5325 istum

508 5346 709 5403 locum
729 5348 1037 5403 tormentis
1055 5347 1425 5406 horrendum
1450 5350 1974 5423 detrudamur,sed
1995 5355 2158 5428 digni

507 5436 847 5495 habeamur
874 5436 981 5509 qui
1008 5441 1207 5495 tecum
1232 5439 1349 5497 Deo
1380 5442 1776 5515 omnipotenti
1820 5461 1992 5506 sacra
2020 5463 2158 5521 per-

579 5645 601 5683 ⁸
634 5648 771 5719 Sap.
806 5661 906 5718 vn,
938 5648 1028 5706 28.
1107 5645 1129 5685 ο
1166 5647 1343 5708 ICor.
1383 5665 1445 5723 ll,
1472 5652 1523 5708 9.

2279 3036 2661 3105 καταληπτῶν),
2707 3032 2890 3107 δέχοιο
2956 3030 3113 3091 τήνδε
3143 3034 3210 3085 ὧν
3258 3030 3463 3086 σπένδω
3516 3051 3599 3086 σοι
3639 3030 3888 3111 δακρύων

2280 3131 2434 3198 χοὴν,
2496 3125 2589 3177 ούκ
2664 3124 2746 3176 ἐπὶ
2797 3133 2867 3195 τῷ
2928 3122 3196 3195 πολυόλϐῳ
3251 3128 3339 3175 καὶ
3406 3123 3743 3195 πολυκλαύτῳ
3807 3133 3889 3196 σῷ

2279 3220 2571 3287 κεχυμένην
2634 3212 2815 3286 τύμϐῳ
2856 3213 2955 3283 (ὅτι
3024 3209 3164 3285 μηδὲ
3217 3213 3639 3286 περιπτύξασθαι
3702 3220 3888 3265 τοῦτον

2280 3308 2445 3357 ἔνεστί
2482 3324 2593 3377 μοι,
2646 3308 2735 3355 καὶ
2772 3322 2889 3354 τινα
2935 3301 3266 3376 παραψυχὴν
3324 3300 3509 3355 ἐκεῖθεν
3542 3301 3888 3372 ἀρύσασθαι),

2280 3398 2396 3445 οὔτε
2445 3393 2613 3463 πολλῷ
2686 3397 2775 3443 καὶ
2835 3393 2956 3443 ὅσον
3005 3390 3170 3465 ἐχρῆν
3227 3390 3495 3463 ἐγκωμίων
3538 3400 3639 3443 σῶν
3707 3410 3891 3466 κεκρα-

2280 3487 2440 3555 μένων
2494 3482 2661 3554 μέλιτι
2715 3498 2728 3510 ⁶
2776 3485 2864 3532 καὶ
2904 3499 2991 3535 μοι
3030 3488 3129 3531 τῶν
3171 3488 3274 3531 σῶν
3321 3484 3558 3554 χαρίτων
3611 3479 3892 3543 ἇνσάλαξον

2278 3573 2489 3624 όσονούν
2543 3570 2793 3641 ψέκασμα
2841 3586 2853 3599 ·
2898 3568 3006 3631 ἐξόν
3060 3571 3161 3643 γάρ
3204 3588 3287 3621 σοι
3328 3567 3620 3641 βουλομένῳ
3667 3574 3893 3643 χαρίζε-

2281 3663 2438 3730 σθαί,
2487 3665 2577 3712 καὶ
2641 3661 2804 3732 μείζω
2867 3654 2954 3709 νῦν
2994 3659 3023 3717 ἡ
3066 3663 3312 3733 πρότερον
3356 3695 3368 3708 .

2277 3750 2511 3822 ὀψόμεθα
2574 3751 2781 3821 θάτερον
2826 3755 2916 3800 τού
2963 3747 3162 3815 λοιπού,
3196 3751 3311 3799 οὔτε
3351 3755 3472 3818 γούν
3500 3792 3513 3815 ,
3548 3746 3887 3800 ἀντεπιστέλ-

3412 3659 3487 3710 Οὑ
3536 3664 3636 3731 γάρ
3704 3660 3889 3732 ἅτερος

2274 3838 2444 3901 λοντες
2518 3836 2786 3905 αλλήλοις,
2859 3842 2953 3895 την
3029 3834 3303 3909 ἁπόδημον
3378 3836 3581 3908 ὁμιλίαν
3668 3844 3887 3909 σοφισό-

2276 3930 2407 4001 μεθα
2434 3949 2447 3961 ·
2476 3929 2671 4000 χάσμα
2711 3930 2809 4000 γάρ
2850 3930 2986 3999 μέγα
3011 3970 3024 3994 ,
3052 3932 3142 3978 καὶ
3179 3928 3299 3978 ὅσον
3357 3931 3674 3998 μεταίχμιον
3723 3932 3882 3997 γαίης

2274 4038 2329 4071 τε
2391 4022 2481 4070 καὶ
2562 4018 2781 4092 ούρανοῦ
2862 4015 3225 4091 ἀστερόεντος,
3297 4014 3599 4091 ἐστήρικται
3681 4016 3879 4088 μεταξύ

2275 4109 2419 4179 ἡμῶν
2449 4126 2501 4159 τε
2540 4111 2628 4159 καί
2680 4112 2794 4158 σού.
2840 4111 2939 4158 Καὶ
2998 4107 3099 4157 εἰθε
3136 4111 3288 4178 μόνον
3330 4101 3389 4163 ἧν
3432 4113 3602 4172 τούτο,
3642 4111 3730 4157 καὶ
3777 4106 3878 4157 οὐκ

2273 4196 2333 4248 ἂν
2390 4203 2621 4269 κρεῖττον
2660 4199 2689 4254 ἦ
2734 4195 2846 4246 κατ’
2912 4191 3103 4247 ἐλπίδα
3165 4196 3415 4269 ἡμετέραν
3480 4191 3651 4247 ἐδόκει
3688 4198 3745 4246 τό
3784 4198 3875 4247 καὶ

3297 4286 3515 4358 περατόν
3580 4284 3680 4358 γάρ
3735 4282 3878 4335 ἐστιν

2271 4377 2416 4446 ἡμῶν
2476 4373 2769 4445 ἀναγκαίως
2806 4379 2958 4423 τοῦτο
2996 4374 3055 4424 τό
3112 4374 3304 4445 χάσμα
3329 4415 3342 4440 ,
3381 4376 3469 4423 καὶ
3509 4372 3628 4423 όσον
3667 4367 3878 4423 οὐδέπω

2269 4468 2360 4515 καὶ
2400 4463 2548 4515 αύτοὶ
2605 4466 2729 4534 πρὸς
2768 4464 2833 4514 τὰ
2870 4461 3053 4513 αὐτόθι
3100 4481 3197 4513 που
3254 4463 3454 4521 πάντως
3510 4456 3709 4513 ἐνθένδε
3758 4456 3881 4513 δια-

2273 4552 2568 4625 βησόμεθα.
2596 4559 2702 4604 Νύν
2744 4548 2802 4604 δὲ
2843 4547 3080 4626 δεύτερον
3121 4550 3198 4603 ἐπ’
3239 4550 3376 4621 αύτῴ
3428 4552 3623 4622 χάσμα
3676 4551 3877 4602 πυνθά-

2270 4662 2424 4715 νομαι
2510 4641 2639 4694 πολύ
2729 4639 3070 4714 φοϐερώτερον
3102 4681 3115 4706 ,
3194 4641 3377 4691 καθότι
3453 4644 3542 4690 καὶ
3619 4636 3881 4710 ἀποτομία

2272 4727 2597 4790 διαστάσεως
2671 4727 2932 4803 ἀπέρρωγε
3004 4727 3199 4780 πλείονι
3233 4770 3246 4795 ,
3322 4731 3411 4779 καὶ
3486 4728 3582 4783 ὅση
3660 4745 3742 4788 τις
3816 4727 3878 4779 ἄν

2268 4822 2467 4891 γένοιτο
2506 4820 2535 4876 ἡ
2586 4816 2685 4870 ἀπὸ
2739 4819 3043 4889 κευθμῶνων
3088 4812 3223 4885 ᾁδου
3287 4814 3332 4876 ἐς
3371 4814 3587 4875 κόλπους
3638 4814 3883 4889 ’Λϐραάμ

2271 4907 2493 4980 ἀγομένη
2565 4903 2843 4979 διάμετρος
2884 4926 2896 4939 ο
2938 4908 3007 4967 ὡς
3072 4901 3187 4956 ούδ’
3248 4904 3463 4977 ἑτέρωσε
3528 4912 3620 4956 τού
3692 4903 3880 4955 λοιποῦ

2271 4994 2557 5050 διαϐαίνειν
2615 4995 2799 5059 ἐξεῖναι
2857 5002 2961 5055 τοῖς
3016 4994 3137 5068 παρ’
3188 4994 3421 5070 ἑκάτερα.
3465 4990 3697 5045 Δεδιέναι
3751 5000 3882 5064 γοῦν

2268 5087 2433 5156 ἀξιον,
2474 5090 2569 5158 μὴ,
2606 5093 2699 5138 σού
2756 5103 2815 5156 γε
2871 5083 3233 5156 κατειληφότος
3292 5079 3397 5141 ἠδη
3450 5101 3542 5141 την
3594 5090 3693 5134 τῶν
3744 5084 3884 5134 κατά

2270 5178 2329 5229 σε
2365 5180 2634 5251 μακαρίων
2689 5181 2909 5247 χώραν,
2949 5174 3100 5245 ἡμεῖς
3147 5174 3213 5234 ὡς
3273 5168 3487 5244 ἀδελφοὶ
3532 5178 3623 5223 τοῦ
3681 5170 3730 5223 ἐν
3769 5167 3877 5244 ᾅδῃ

2269 5263 2686 5338 βασανιζομένου
2730 5264 2985 5317 πλουσίου
3026 5262 3098 5323 εἰς
3140 5265 3227 5313 τὸν
3283 5261 3438 5313 αύτόν
3495 5260 3669 5331 ἐκείνῳ
3723 5264 3881 5312 τόπον

2270 5352 2696 5427 ἀπαχθησόμεθα
2725 5396 2737 5420 ,
2792 5357 2881 5405 καὶ
2925 5357 3041 5404 τότε
3090 5347 3156 5409 δη
3203 5354 3317 5403 τότε
3354 5348 3559 5422 μεγάλῳ
3603 5353 3762 5411 ὄντως
3790 5353 3883 5401 καὶ

2268 5439 2495 5506 ούδόλως
2552 5451 2757 5522 περατῷ
2812 5439 3212 5512 διαστησάμεθα
3263 5440 3548 5512 χάσματι.
3599 5437 3752 5492 Οὒτω
3792 5443 3884 5492 καὶ
