4152 6208
170 264 274 317 361
1355 252 1676 309 MONODIA
1713 256 1783 310 IN
1824 257 1918 312 ΡΒ.

1972 257 2146 311 I‘REM
2189 257 2394 314 SUUM.
3471 263 3574 318 362

171 381 281 444 ᾔδη
351 386 574 456 παρόντι
617 387 711 441 τῆς
767 373 1100 438 διαστάσεως
1163 376 1552 449 ὑπεράχθομαι,
1616 383 1706 431 καὶ
1765 383 1823 432 τὸ
1857 387 1903 439 Α

1973 395 2188 450 gamus
2217 386 2274 437 et
2303 381 2363 436 in
2391 383 2841 438 sanctissimum
2862 383 2986 439 veri
3010 384 3382 442 tabernaculi
3403 402 3437 442 a
3461 386 3580 442 Deo

167 472 350 546 μέλλον
427 478 522 523 τοῦ
605 475 886 543 χωρισμοῦ
969 465 1116 518 πλέον
1181 464 1500 539 πεφόϐημαιο
1573 473 1695 526 Acin
1766 465 1826 522 δὲ

169 565 318 627 Θεὸς,
407 559 694 630 ἱλεούμενος
767 558 913 631 παρὰ
988 563 1104 622 σοῦ,
1177 553 1380 607 ἀκούειν
1445 559 1535 628 μὲν
1601 562 1825 619 Μωσέως

1931 469 2084 541 ipso,
2116 485 2239 525 non
2265 470 2342 526 ab
2373 471 2722 527 hominibus
2753 475 3032 530 exstructi
3061 474 3428 530 introeamus
3470 491 3588 548 pu-

1931 558 2263 631 riticaitque
2289 560 2578 616 sacriﬁcio
2609 562 2908 635 supplices
2940 567 3317 619 assistamus.

166 656 254 703 καὶ
334 658 438 702 τῶν
512 653 810 722 προφητῶν,
869 645 1143 697 πείθεσθαι
1212 640 1272 696 δὲ
1339 641 1802 721 διαμαρτυρομένου
1859 648 1985 719 ἡμῖν
2041 653 2130 699 καὶ
2188 658 2259 719 τῴ
2326 648 2382 702 ἐκ
2441 659 2630 726 νεκρῶν
2699 650 2980 704 ἀναστάντι
3043 649 3272 725 δεσπότῃ
3349 661 3584 727 Χριστῷ,

167 746 253 792 καὶ
333 742 578 811 γνησίως
654 741 934 809 μετανοεῖν·
1015 734 1097 785 ἵνα
1171 737 1244 804 μὴ
1315 739 1405 786 καὶ
1478 735 1625 787 αὐτοὶ
1705 741 1773 797 εἰς
1849 739 1969 798 τοὺς

2043 741 2231 800 τόπους
2307 737 2520 800 ἐκείνους
2601 749 2691 800 τῆς
2759 739 2992 813 βασάνου
3071 740 3393 811 ἀπέλθοιμίν.
3481 742 3588 795 ἀλλ’

168 829 518 901 ἀξιωθείημεν
594 829 686 878 σὺν
767 829 851 876 σοὶ
935 824 1091 875 θῦσαι
1166 828 1236 892 τῷ
1320 829 1435 894 Θεῷ
1517 826 1703 877 θυσίαν
1785 825 2040 892 αἰνέσεως,
2112 828 2178 888 εἰς
2243 833 2298 880 τὸ
2365 826 2630 903 ἐνδότερον
2691 831 2838 903 ἅγιον
2902 839 2992 893 τῆς
3067 830 3309 892 ἀληθινῆς
3371 842 3589 903 σκηνῆς,

165 920 224 978 ἦν
287 917 458 990 ἓπῃξε
523 918 714 990 Κύριος
776 917 867 965 καὶ
898 913 991 965 οὐκ
1056 913 1344 985 ἄνθρωπος,
1409 911 1676 982 εἰσιόντες,
1743 920 1834 966 καὶ
1894 925 1967 988 τῷ
2031 923 2137 970 ἐκεῖ
2197 929 2364 989 νοητῴ
2434 922 2661 994 θντηριῳ
2727 923 3086 995 καθαρώτερον
3151 919 3580 996 προσεδρεύοντες

163 1013 250 1059 καὶ
269 1008 648 1081 λατρεύοντες,

620 1221 1831 1412 MICHAELIS
1945 1225 3173 1417 ACOMINATI

1542 1544 2312 1658 CHONIATXE

526 1793 1329 1891 SANCTISSIMI
1420 1794 2248 1892 ATHENARUM
2331 1799 3282 1900 METROPOLITKE

1772 2027 2020 2069 MONODlA

621 2140 692 2193 IN
735 2139 1014 2193 FUNERE
1055 2138 1364 2208 FRATRIS,
1403 2137 1818 2194 JUDlClORUM
1857 2139 2110 2194 EPHORI
2151 2141 2774 2209 IMPERATORIOQUE
2816 2144 3161 2202 CUBlCULO

1082 2233 1489 2305 PllePOSlTI,
1559 2237 1618 2291 C.
1675 2236 1943 2292 NICETIE
2001 2237 2398 2310 CHONIAT/E,
2441 2240 2714 2297 ΗΑΒΙΤΑ·

193 2365 282 2418 Ex
322 2361 464 2418 edit.
494 2359 747 2418 Morellii.
783 2359 970 2418 Paris.
1001 2360 1155 2426 1580,
1187 2362 1270 2427 80,
1297 2362 1638 2416 —Grmcum
1665 2363 1892 2416 textum
1911 2365 2052 2432 post
2075 2361 2378 2435 impressa
2407 2365 2612 2422 Latina
2633 2366 2971 2423 invenimus
2997 2367 3059 2423 in
3085 2367 3409 2423 cod.Paris.
3447 2371 3603 2435 1234,

271 2449 481 2506 saeculi
504 2449 710 2506 decimi
743 2449 966 2522 quarti,
997 2449 1390 2521 bombycino,
1424 2448 1531 2504 sed
1559 2448 1792 2505 lacunis
1822 2449 2037 2506 misere
2066 2450 2311 2519 fmdato,
2344 2470 2498 2525 quas
2519 2455 2812 2512 Morellius
2837 2457 3128 2530 interpres
3161 2455 3538 2528 conjiciendo

1102 2537 1380 2610 explevit.
1423 2541 1625 2594 Exstat
1652 2537 1850 2610 qualis
1880 2539 2079 2612 qualis
2107 2541 2170 2597 in
2195 2542 2315 2598 ﬁne
2341 2543 2524 2616 hujus
2559 2546 2728 2617 tomi)

257 2792 304 2847 Ο
359 2789 784 2846 calamitosum
849 2788 1169 2844 nuntium!
1221 2803 1259 2844 o
1314 2788 1638 2844 adversum
1698 2787 1850 2843 infe-
1882 2789 1922 2842 Β
1965 2789 2087 2847 sive
2115 2791 2422 2864 lapideam
2449 2795 2885 2870 illam,quae(ut
2914 2797 2973 2853 in
3003 2797 3224 2854 fabulis
3275 2799 3380 2864 est)
3413 2799 3614 2852 mutas

189 2885 479 2952 stumque
525 2877 873 2934 rumorem!
927 2877 1027 2950 qui
1090 2876 1268 2932 simul
1319 2893 1390 2934 ac
1430 2877 1758 2949 improviso
1799 2881 1857 2932 et

189 2972 506 3041 insperato
573 2967 893 3023 hominum
963 2981 1240 3021 sermone
1304 2982 1470 3022 meas
1527 2966 1605 3022 ad
1677 2981 1856 3021 aures

189 3058 419 3115 allatus
441 3061 560 3122 est;
595 3055 707 3112 illae
740 3072 881 3112 mox
911 3059 1076 3112 tanto
1107 3062 1328 3111 terrore
1351 3056 1661 3111 concitata:
1693 3061 1853 3121 sunt,

190 3151 254 3203 ut
299 3145 457 3201 mihi
503 3143 696 3217 (quod
725 3143 1115 3200 delirantibus
1145 3147 1202 3200 et
1230 3147 1429 3200 mente
1477 3143 1667 3216 captis
1720 3159 1857 3199 usu—

189 3235 403 3292 venire
438 3233 611 3302 solet)
651 3234 864 3290 tinnire
888 3239 1070 3307 atque
1108 3233 1578 3302 circumsonare,
1619 3239 1857 3305 pectus-

190 3340 316 3398 que
363 3323 522 3379 adeo
563 3322 765 3395 ipsum
795 3337 1051 3379 maerore
1083 3321 1536 3389 contabescens,
1569 3337 1859 3378 mucrone

191 3415 316 3486 peti
341 3412 741 3484 transﬁgique
768 3410 1088 3468 videretur.
1123 3411 1288 3467 Unde
1336 3416 1610 3468 cruentas
1654 3411 1859 3482 hasce,

193 3503 442 3576 opinor,
455 3517 613 3574 quas
629 3499 947 3558 effundunt
961 3500 1116 3556 oculi
1130 3499 1435 3572 lacrymas
1455 3504 1862 3573 conceperunt

193 3591 471 3648 cruentis
543 3590 656 3646 illis
717 3591 898 3661 guttis
943 3589 1298 3662 persimiles,
1359 3605 1516 3662 quas
1555 3588 1860 3660 tragcediis

198 3680 581 3753 perappositi
629 3679 868 3736 scenica
919 3678 1100 3748 vulgo
1160 3683 1440 3735 venustas
1486 3677 1750 3748 efﬁngit:
1798 3681 1862 3734 ut

197 3771 431 3827 mirum
463 3769 559 3838 sit,
581 3770 727 3841 quin
755 3773 810 3825 et
839 3769 967 3842 ipse
989 3768 1378 3824 attonitorum
1413 3767 1651 3824 illorum
1698 3768 1860 3825 fana-

195 3861 590 3931 ticorumque
613 3873 770 3914 unus
794 3857 1011 3930 aliquis
1034 3856 1349 3926 evaserim,
1371 3858 1659 3930 omnique
1683 3873 1862 3913 sensu

202 3951 488 4023 privatus
526 3948 589 4004 in
643 3945 990 4004 columnam
1034 3946 1302 4019 aliquam
1343 3946 1714 4016 diriguerim.
1773 3945 1864 4002 Ad

204 4039 580 4096 hodieruum
611 4042 813 4093 tamen
838 4053 1026 4109 usque
1043 4035 1204 4092 diem
1221 4036 1280 4091 in
1311 4036 1584 4092 vivorum
1611 4051 1864 4091 numero

203 4144 560 4201 supersum,
593 4143 716 4182 non
758 4125 1006 4196 ignarus
1035 4131 1296 4198 quantas
1334 4124 1395 4180 in
1437 4125 1707 4181 miserias
1751 4125 1860 4180 sim

205 4219 557 4291 prolapsus,
579 4231 840 4290 quarum
861 4216 1198 4286 cognitione
1220 4219 1277 4270 et
1301 4214 1686 4282 conscientia,
1718 4229 1864 4288 que-

207 4307 382 4363 rulas
411 4307 524 4362 bas
548 4321 724 4362 voces
751 4309 807 4361 et
827 4304 1123 4376 singultus
1153 4303 1494 4375 reciprocos
1521 4303 1714 4359 elicio.

279 4396 817 4452 V’erumenimvero
854 4393 983 4450 ﬁeri
1012 4395 1226 4466 potest,
1249 4397 1314 4449 ut
1338 4392 1455 4448 hac
1497 4396 1622 4449 arte
1653 4407 1866 4464 poenas

210 4502 248 4542 τι
289 4502 391 4542 me
439 4484 657 4540 vindex
713 4485 945 4540 Numen
990 4483 1209 4552 exigat,
1252 4497 1328 4537 ne
1371 4481 1519 4536 forte
1559 4485 1757 4536 mente
1805 4479 1867 4536 in

213 4576 575 4631 universum
607 4578 840 4645 captus,
881 4577 936 4629 et
981 4571 1261 4627 sensibus
1300 4569 1571 4631 orbatus,
1603 4575 1869 4626 extremo

214 4665 335 4721 hoc
421 4663 717 4736 supplicio
785 4661 957 4717 siccis
1001 4659 1208 4727 oculis,
1263 4659 1530 4731 citraque
1599 4658 1868 4715 dolorem

215 4756 618 4825 constringar,
650 4753 759 4809 sed
787 4753 1020 4822 integra
1049 4755 1244 4807 mente
1273 4750 1579 4824 praeditus,
1612 4751 1871 4822 quaeque

215 4845 460 4902 dolores
520 4842 947 4917 persentiscere
991 4841 1206 4914 possit,
1261 4839 1456 4896 acrius
1498 4837 1638 4894 inde
1698 4838 1873 4894 vivus

213 4935 556 5006 vidensque
587 4931 872 4989 lanciner.
907 4929 1205 5003 quidquid
1231 4944 1374 4984 sane
1395 4927 1654 4984 tristium
1693 4942 1874 4983 sensu

215 5025 510 5096 privatur,
542 5021 605 5078 id
634 5019 884 5076 demum
930 5017 1154 5074 doloris
1185 5034 1396 5090 expers
1429 5033 1559 5072 esse
1589 5015 1872 5072 dicimus.

211 5120 282 5169 At
333 5128 448 5185 ego
498 5109 733 5168 etiamsi
785 5109 845 5165 in
878 5111 1141 5165 statuam
1173 5105 1442 5180 aliquam
1490 5110 1874 5174 transmuter,

285 5241 300 5274 ¹
344 5238 491 5294 Gen.
527 5253 648 5302 XIX,

276 5367 354 5438 (t)
396 5363 640 5421 Atludit
679 5360 760 5419 ad
777 5360 934 5417 illud
963 5359 1263 5428 Matt/LV,
1302 5363 1399 5415 t3:
1447 5358 1556 5412 Vos
1609 5357 1743 5412 estis
1783 5355 1880 5412 sal

216 5461 411 5526 (mae,
445 5458 558 5510 etc.

574 5575 804 5633 ΡΑι-ιιοι
845 5575 947 5631 Gn.
989 5571 1124 5632 CXI.

1946 2877 2208 2939 .distillat
2243 2881 2581 2956 lacrymas:
2609 2886 2734 2942 sive
2764 2885 2950 2951 illam,
2986 2886 3161 2955 cujus
3202 2886 3264 2940 in
3308 2885 3616 2956 Scriptura

1965 2971 2189 3024 mentio
2220 2970 2304 3039 ﬁt,
2337 2988 2595 3045 quzeque
2624 2973 2803 3042 vulgo
2834 2979 3032 3028 statua
3061 2973 3201 3028 salis
3231 2971 3570 3044 appellatur
3594 2971 3610 3004 ¹

1965 3059 2204 3125 (eodem
2250 3067 2406 3118 certe
2451 3078 2691 3118 mecum
2721 3063 3152 3134 communique
3189 3061 3456 3124 nomine,
3506 3058 3614 3134 qui

1965 3149 2113 3204 nihil
2180 3151 2345 3207 aliud
2391 3167 2519 3207 esse
2587 3152 2734 3225 mihi
2784 3151 3011 3220 videor,
3054 3131 3244 3223 quam
3293 3149 3382 3206 sal
3431 3131 3620 3205 insul:

1967 3254 2102 3293 sum
2129 3240 2226 3309 (-t),
2257 3238 2604 3312 idcircoque
2633 3239 2794 3296 foras
2821 3241 3178 3312 projectum,
3203 3243 3269 3294 ut
3305 3238 3384 3294 ab
3413 3237 3613 3294 homi-

1965 3325 2145 3383 nibus
2172 3328 2592 3399 conculcetur),
2628 3333 2832 3386 tamen
2856 3345 2932 3385 ne
2963 3329 3046 3384 sic
3082 3327 3328 3402 quidem
3361 3327 3616 3383 vindicis

1966 3415 2284 3472 Adrasteus
2308 3418 2585 3474 Nemesin
2606 3417 2820 3489 effugi;
2847 3418 3074 3492 quippe
3097 3416 3616 3489 quidiuturniores

1967 3520 2178 3576 poenas
2224 3505 2410 3571 luam,
2443 3507 2590 3562 dum
2621 3521 2860 3579 semper
2901 3507 3063 3564 idem
3092 3507 3355 3572 futurus,
3402 3505 3616 3560 infesto

1967 3591 2217 3650 numine
2275 3592 2504 3648 cunctis
2555 3592 2898 3649 illudendus
2954 3607 3227 3665 exponor
3275 3592 3371 3662 (2).
3431 3589 3617 3646 Altior

1967 3680 2148 3736 etiam
2192 3681 2380 3738 multo
2420 3682 2512 3739 vel
2556 3683 2727 3754 jecur
2771 3682 2850 3738 ad
2902 3682 3106 3755 ipsum
3144 3681 3316 3738 dolor
3341 3682 3616 3753 penetrat

1967 3770 2114 3826 dum
2203 3772 2477 3828 cominus
2561 3772 2956 3846 contemplor,
3029 3771 3226 3844 qualis
3312 3769 3616 3826 malorum

1969 3859 2262 3932 colophon
2310 3862 2554 3918 misellae
2605 3862 2824 3918 animae
2854 3861 3115 3926 insultet,
3155 3859 3354 3932 qualis
3402 3873 3594 3912 mrum

1968 3964 2182 4005 narum
2213 3950 2450 4007 coronis
2485 3950 2752 4022 pristinis
2783 3949 2957 4005 malis
3001 3950 3322 4013 accrescat,
3355 3945 3616 4016 denique

1971 4054 2157 4110 quam
2188 4040 2523 4111 perniciosa
2542 4038 2722 4095 rebus
2739 4039 2912 4103 meis,
2936 4035 3426 4108 infortunataque
3455 4049 3620 4088 sum-

1973 4143 2075 4182 ma
2095 4130 2435 4184 accesserit:
2452 4143 2584 4200 quas
2605 4127 2775 4197 mihi,
2792 4141 3024 4198 quaeso,
3039 4140 3221 4197 poena
3231 4123 3360 4194 jam
3375 4121 3619 4194 gravior

1972 4216 2222 4285 irrogari
2247 4217 2484 4288 potest?

2046 4303 2150 4359 Hei
2201 4305 2383 4360 mihi!
2437 4304 2786 4362 charissime
2847 4303 3047 4374 frater,
3080 4301 3178 4358 hei
3207 4301 3392 4358 mihi!
3434 4314 3622 4369 quam

1974 4392 2184 4466 procul
2209 4410 2245 4450 a
2273 4393 2448 4449 nobis
2486 4393 2732 4450 dissitus
2763 4394 2862 4448 es!
2901 4409 3024 4448 non
3049 4395 3280 4464 quanto
3311 4395 3465 4448 certe
3494 4389 3626 4447 heri

1975 4483 2270 4539 nudiusve
2340 4483 2544 4540 tertius
2600 4483 2813 4555 spatio,
2897 4481 3185 4537 nimirum
3260 4479 3462 4551 aliquo
3527 4477 3626 4534 illo

1978 4572 2306 4642 chasmate,
2330 4571 2496 4644 quod
2527 4571 2814 4627 Graeciam
2845 4576 2900 4626 et
2922 4569 3265 4642 Bithyniam
3297 4567 3627 4638 interjacet,

1980 4660 2086 4716 sed
2130 4660 2320 4717 multo
2364 4661 2620 4717 vastiore
2646 4665 2702 4716 et
2725 4659 3081 4716 remotiore:
3123 4663 3356 4730 quanto
3407 4655 3629 4710 scilicet

1983 4751 2166 4806 Orcus
2214 4766 2250 4806 a
2280 4750 2608 4806 viventium
2656 4749 2898 4818 regione
2929 4747 3309 4818 disjungitur.
3357 4747 3479 4799 Heu
3530 4758 3628 4798 me

1983 4838 2270 4894 miserum
2301 4839 2314 4894 Ξ
2346 4838 2514 4911 quod
2540 4838 2681 4893 hinc
2705 4837 2785 4892 ad
2806 4835 3213 4892 remotissima
3245 4831 3346 4888 illa
3382 4831 3518 4887 loca
3545 4831 3628 4886 sis

1985 4926 2306 4996 admissus,
2339 4943 2412 4982 ex
2449 4927 2671 5000 quibus
2699 4925 2865 4990 nulla
2912 4923 3141 4980 reditus
3193 4922 3271 4979 ad
3323 4936 3438 4977 nos
3493 4937 3633 4992 spes

1989 5014 2250 5085 effulget.
2293 5017 2469 5072 Omni
2495 5015 2673 5086 igitur
2703 5013 3102 5070 videndorum
3123 5012 3199 5068 de
3237 5015 3452 5068 cmtero
3482 5010 3633 5066 libe-

1984 5119 2190 5160 rorum
2234 5109 2496 5174 tuorum,
2535 5103 2631 5160 vel
2670 5103 2748 5160 ab
2789 5103 2939 5176 ipsis
2988 5101 3178 5159 videri
3241 5117 3370 5176 spe,
3423 5098 3632 5172 impri-

2055 5359 2133 5430 (2)
2172 5358 2269 5414 Ad
2295 5355 2456 5428 Tityi
2475 5355 2754 5427 fabulam
2779 5354 3024 5414 alludit.

4009 0 4080 20 ιν...

3985 25 4070 60 “5‘.

4049 63 4062 72 .

4007 99 4062 122 δι,

4039 123 4060 144 'I

4015 165 4064 198 -ὢ

4003 251 4070 274 ,1όῆ

4037 279 4066 312 ,ι

4035 319 4070 360 '.,_

4025 459 4030 472 1

4037 521 4090 558 ,Η

4031 613 4034 620 .
4071 591 4096 624 ’δ

4069 839 4080 848 .

4057 859 4098 888 ἵ.

4047 983 4076 998 δ.

4091 2277 4109 3002 )

4107 3307 4109 3358 1

4101 3657 4109 3720 1

4107 3777 4109 3904 1

4107 4457 4109 4524 1

4107 4703 4109 4794 1
