4152 6208
534 261 641 318 363

1395 238 1768 300 MICHAELIS
1806 230 2194 293 ACOMINATI
2230 230 2666 287 ATHENARUM
2705 228 3026 285 ARCHIEP.

3826 243 3934 297 364

536 386 779 459 misque
826 378 979 438 adeo
1017 373 1236 434 sororis
1279 367 1645 427 charissima;
1688 361 2047 421 interclusus
2093 374 2181 459 es,
2214 360 2261 413 Α
2292 356 2409 412 bus
2441 356 2664 459 coierit.
2693 357 2865 457 Quod
2894 358 2945 413 si
2970 358 3107 458 quis
3128 360 3359 436 utrique
3384 365 3440 420 in
3473 381 3802 421 commune
3831 380 3937 421 ca-

539 448 696 545 Quis.
728 476 844 532 hoc
885 468 1032 528 mihi
1057 465 1297 531 tribuat,
1327 464 1393 517 ut
1428 461 1621 515 morte
1663 469 1801 511 mea
1852 452 2034 545 vitam
2077 448 2184 505 tibi

535 540 928 631 redimammt
946 556 1164 613 scilicet
1182 551 1330 608 illud
1347 549 1549 623 ipsum
1570 547 1852 619 praestem
1868 540 2033 631 quod
2056 544 2184 594 tan-

538 670 718 730 opere
755 629 996 708 divinus
1040 644 1136 702 ille
1176 639 1431 730 Davides
1478 632 1835 730 expectabat
1855 629 2183 730 (3),.idque

535 721 601 804 in
664 740 964 800 Absalone
1001 734 1146 801 ﬁlio,
1191 731 1297 805 qui
1353 729 1415 784 in
1462 740 1602 782 eum
1652 722 1952 779 violentus
1977 721 2179 779 insur-

535 836 789 899 rexerat,
818 831 1068 902 ejusque
1086 825 1220 881 vitae
1246 819 1560 879 insidiatus
1586 820 1749 877 erat?

612 923 783 993 Quod
838 922 889 977 si
942 917 1038 974 ille
1094 914 1399 989 propriam
1457 913 1643 969 vitam
1668 908 2030 984 profundere
2058 919 2182 961 non

540 1005 1161 1079 detrectaverit,modo
1190 1004 1381 1059 filium
1410 1002 1681 1058 moribus
1708 1005 1829 1056 tam
1860 994 2185 1070 deploratis

540 1107 828 1164 infamem
855 1116 891 1156 a
920 1100 1110 1155 morte
1140 1097 1456 1161 assereret,
1485 1092 1590 1164 qui
1620 1106 1743 1147 non
1773 1093 1831 1145 et
1869 1089 1997 1160 ipse
2036 1084 2186 1141 votis

541 1193 826 1253 omnibus
854 1186 1100 1245 nomine
1120 1186 1221 1240 tuo
1246 1180 1461 1237 lubens
1486 1180 1674 1236 vitam
1699 1183 1891 1234 morte
1918 1190 2187 1232 commu-

540 1289 666 1341 tare
713 1277 1087 1354 percupiam,
1137 1287 1276 1328 cum
1321 1272 1651 1343 praesertim
1692 1266 1841 1325 mihi
1879 1266 1958 1321 sis
1988 1264 2189 1331 frater,

541 1372 936 1442 omniumque
1001 1363 1153 1420 adeo
1212 1360 1463 1417 fratrum
1529 1358 1709 1428 longe
1770 1356 2188 1415 charissimus,

541 1460 823 1537 quamvis
845 1457 893 1512 si
921 1452 1249 1524 disciplinae
1279 1450 1353 1504 sit
1382 1447 1663 1504 habenda
1690 1446 1862 1513 ratio,
1894 1462 1930 1500 a
1957 1460 2053 1500 me
2086 1458 2191 1515 per

539 1535 783 1611 alterius
840 1542 1161 1615 cujusdam
1223 1536 1568 1609 multiplicis
1621 1535 1863 1592 habitus
1897 1539 2189 1606 tempera-

539 1646 814 1701 mentum
846 1631 1196 1708 progenitus
1226 1626 1521 1683 videaris?
1541 1625 1736 1681 Ambo
1761 1624 2007 1697 quidem
2032 1630 2187 1679 certe

541 1750 615 1790 ex
669 1726 946 1797 ejusdem
992 1720 1179 1794 patris
1237 1716 1487 1785 semine,
1531 1716 1924 1787 ejusdemque
1979 1712 2188 1769 matris

540 1818 833 1891 sanguine
855 1816 1051 1871 ortum
1063 1806 1414 1866 habuimus:
1434 1809 1702 1877 natuque
1718 1803 1870 1862 adeo
1883 1803 2190 1860 maximus

540 1927 653 1983 ego
680 1902 1003 1965 nativitatis
1033 1899 1237 1955 limine
1268 1896 1488 1968 pedem
1517 1895 1681 1966 prior
1710 1893 1910 1983 extuli,
1944 1894 2048 1966 qui
2082 1892 2186 1949 uti-

537 1982 686 2058 nam
708 1993 903 2052 limini
920 2003 1165 2064 quoque
1178 1985 1387 2042 mortis
1408 1984 1572 2057 prior
1583 1982 1936 2049 intulissem,
1983 1983 2188 2055 sicque

538 2092 748 2149 fratres
791 2084 942 2141 alios
970 2084 1264 2152 tanquam
1293 2091 1367 2132 ex
1394 2072 1597 2131 multis
1626 2088 1787 2130 unus
1826 2072 2187 2130 subsecutus

538 2182 789 2238 fuissem
813 2174 826 2230 ι

613 2271 905 2329 Caeterum
929 2276 1070 2318 cum
1098 2261 1290 2331 pater,
1316 2255 1607 2311 librorum
1630 2254 1802 2324 juxta
1831 2254 2191 2311 liberorum-

543 2374 661 2434 que
704 2351 1181 2418 amantissimus,
1222 2363 1295 2403 ex
1341 2345 1479 2402 Asia
1532 2345 1878 2420 Byzantium
1921 2344 2193 2400 discendi

545 2446 737 2518 gratia
764 2439 1121 2501 adduxisset
1158 2451 1281 2508 quo
1313 2438 1578 2507 tempore
1620 2434 1952 2506 pubertatis
2000 2449 2195 2490 annos

549 2532 924 2604 attingebam
976 2524 1277 2595 magistris
1326 2524 1544 2580 artium
1590 2521 1949 2593 liberalium,
2013 2530 2067 2578 et
2113 2524 2195 2579 vi-

545 2622 724 2683 vendi
752 2614 1222 2689 praeceptoribus
1272 2613 1420 2684 (jam
1472 2612 1633 2668 enim
1676 2613 2060 2681 grmmatices
2094 2613 2197 2669 uti-

548 2716 743 2786 lisque
768 2689 1052 2765 versuum
1083 2701 1643 2774 componendorum
1682 2702 1953 2757 methodi
1985 2702 2199 2757 funda-

550 2805 757 2862 menta
795 2795 1085 2872 jeceram)
1130 2794 1191 2848 in
1245 2791 1629 2865 disciplinam
1676 2791 1937 2848 tradidit.
1988 2794 2201 2849 Postea

552 2907 694 2952 cum
740 2887 825 2945 ibi
870 2883 1072 2957 agenti
1121 2880 1380 2938 multum
1426 2881 1712 2953 temporis
1753 2880 2197 2951 interﬂuxisset,

550 2982 723 3040 illum
755 2989 1001 3051 quoque
1025 2971 1173 3029 mihi
1206 2985 1398 3027 annos
1432 2970 1510 3026 ad
1543 2984 1763 3026 novem
1789 2975 1999 3026 natum
2034 2976 2203 3044 pater

552 3072 620 3128 in
660 3082 848 3125 manu
898 3062 1084 3130 dedit,
1128 3060 1461 3117 obtestatus
1520 3063 1582 3115 ut
1623 3059 1899 3115 omnium
1942 3060 2201 3125 muneri,

554 3158 763 3234 patris,
785 3156 1058 3227 inquam,
1087 3148 1336 3217 alumni,
1366 3147 1684 3220 paedagogi
1718 3152 1775 3203 et
1799 3150 2203 3221 praeceptoris,

558 3249 623 3306 in
644 3242 1014 3305 instituendo
1036 3241 1213 3297 fratre
1234 3237 1490 3294 vicarius
1506 3237 1907 3293 succederem.
1937 3240 2206 3304 Quorum

561 3353 712 3395 sane
769 3332 1043 3391 omnium
1102 3328 1387 3397 officium,
1456 3327 1765 3399 pietatem,
1837 3327 2207 3396 diligentiam

560 3424 845 3500 praestiti:
882 3426 1063 3493 atque
1096 3419 1243 3474 dum
1288 3432 1502 3474 omnes
1541 3417 1603 3472 in
1653 3432 1863 3472 eorum
1900 3417 2118 3485 vultus,
2155 3422 2212 3475 et

561 3516 683 3573 oris
707 3512 973 3575 habitus,
1010 3524 1107 3564 me
1122 3521 1449 3577 compono,
1484 3510 1541 3561 et
1573 3504 1746 3577 plura
1780 3506 1959 3561 etiam
1988 3512 2210 3579 praesto

561 3618 749 3675 quam
782 3617 820 3656 a
851 3598 1030 3654 fratre
1081 3594 1384 3667 expectari
1411 3593 1660 3660 soleant,
1689 3593 1929 3650 illorum
1963 3595 2209 3653 tandem

561 3687 1011 3749 accessionibus
1032 3685 1108 3741 ad
1132 3698 1441 3739 summum
1463 3682 1695 3754 pietatis
1716 3683 1990 3741 fraternae
2007 3686 2211 3742 ofﬁcii-

559 3796 680 3856 que
731 3777 987 3849 gradum
1022 3771 1365 3838 conscendi,
1401 3787 1511 3827 nec
1553 3772 1892 3828 remissiore
1943 3775 2208 3832 vicissim

560 3870 760 3928 studio
794 3866 871 3924 ad
897 3862 1175 3921 eamdem
1210 3861 1307 3917 ille
1340 3860 1612 3916 fraternae
1646 3861 2076 3919 benevolentiae
2112 3881 2207 3921 ex-

556 3958 895 4018 cellentiam
919 3954 1124 4013 animo
1142 3950 1580 4017 connitebatur,
1613 3950 1941 4023 laboreque
1963 3962 2205 4009 conten-

554 4049 759 4115 debat,
822 4049 1226 4120 prteterquam
1289 4039 1455 4115 quod
1513 4038 1609 4096 ille
1672 4040 1767 4097 vel
1812 4040 1986 4111 longe
2032 4044 2205 4114 plura

549 4134 900 4210 perceperit,
955 4147 1141 4206 quam
1193 4128 1506 4187 contulerit
1552 4128 1863 4196 beneficia,
1918 4131 2203 4203 tantisper

551 4225 703 4280 dum
733 4222 894 4295 apud
918 4237 1028 4277 nos
1055 4219 1327 4276 moribus
1341 4220 1514 4291 juxta
1536 4218 2004 4292 liberalibusque
2028 4220 2197 4276 disci-

548 4312 729 4386 plinis
762 4310 1182 4367 informandus
1208 4313 1619 4364 conversatur.

621 4402 768 4457 Cum
813 4398 1078 4471 primum
1132 4412 1275 4452 vero
1305 4396 1548 4452 Athenae
1585 4412 1681 4452 me
1719 4413 1869 4453 meae
1902 4397 2192 4472 illumque

543 4506 669 4548 non
719 4490 872 4546 inter
934 4487 1234 4560 pedarios,
1289 4486 1395 4540 sed
1468 4486 1770 4556 primariae
1826 4489 2192 4545 auctoritatis

548 4595 724 4645 nros,
753 4575 1128 4650 imperatoris
1167 4574 1397 4645 excepit
1430 4573 1590 4641 aula,
1628 4574 1753 4629 sine
1787 4574 1908 4630 ulla
1934 4592 2104 4632 mora
2139 4583 2195 4634 et

539 4668 852 4727 confestim
896 4663 1260 4737 accipiendis
1307 4661 1831 4735 rependendisque
1885 4662 2193 4722 beneficiis

533 4759 689 4816 inter
746 4773 858 4814 nos
903 4759 1127 4813 certare
1160 4752 1465 4810 desiimus.
1500 4752 1682 4808 Nobis
1715 4752 1875 4808 enim
1904 4758 1959 4809 et
1990 4770 2102 4823 ego
2137 4761 2194 4813 et

534 4849 783 4905 Athenas
834 4847 1163 4903 multorum
1196 4859 1305 4899 nec
1350 4842 1930 4899 contemnendorum
1964 4842 2189 4900 benefi-

532 4937 763 4992 ciorum
798 4936 876 4992 ab
911 4936 1010 4992 illo
1044 4947 1462 5006 saepenumero
1503 4936 1921 5004 perceptorum
1967 4935 2188 4990 conscii

530 5041 778 5080 sumus:
803 5041 940 5080 cum
974 5031 1175 5081 tamen
1205 5039 1240 5079 a
1264 5022 1441 5078 nobis
1476 5021 1572 5079 ille
1607 5021 1700 5077 vel
1722 5019 1890 5077 nulla
1911 5025 2160 5079 omnino

526 5112 623 5170 vel
648 5112 983 5169 admodum
1018 5129 1215 5185 pauca
1241 5111 1501 5167 vicissim
1534 5113 1889 5184 perceperit.
2168 5088 2182 5114 ’

593 5201 1128 5257 Verumenimvero
1182 5206 1416 5257 tantum
1473 5200 1661 5266 abest,
1699 5206 1763 5256 ut
1798 5200 1880 5255 sic
1932 5200 2035 5257 illa
2063 5201 2185 5258 fra-

522 5291 674 5349 terni
709 5291 933 5347 amoris
987 5290 1177 5361 gratia
1211 5290 1513 5361 disiuncta
1570 5289 1765 5359 fuerit,
1808 5306 1947 5346 cum
2001 5293 2179 5347 etiam

520 5380 879 5439 arctioribus
916 5381 1194 5453 utrinque
1227 5380 1423 5450 nodis,
1459 5380 1781 5452 minusque
1814 5380 2179 5439 dissolubili-

2219 1687 2257 1740 Β

2293 463 2396 501 sus
2445 446 2713 502 infestior
2754 448 3130 504 interveniset
3184 454 3267 519 (ut
3307 455 3582 510 naturalis
3616 455 3725 511 illa
3769 470 3943 525 sym-

2293 536 2496 607 pathia
2522 537 2758 592 animos
2786 537 3104 594 hominum
3138 537 3278 596 laetis
3299 543 3653 609 exhilarare,
3693 547 3944 599 contra-

2290 642 2406 699 que
2442 625 2703 682 tristibus
2724 626 3064 684 exulcerare
3098 628 3275 701 solet),
3304 630 3476 688 facile
3499 633 3710 705 quivis
3749 648 3861 705 per
3884 647 3945 687 se

2289 716 2588 786 conjiciat,
2623 721 2854 788 quanto
2893 716 3070 772 nobis
3103 717 3241 774 inde
3272 736 3341 776 eo
3370 722 3760 793 potissimum
3796 726 3946 776 tem-

2289 820 2455 876 pore,
2499 820 2621 878 quo
2676 806 2827 862 inter
2876 813 3194 864 extraneos
3228 811 3547 875 constituti,
3602 811 3948 866 amicorum

2290 900 2764 969 caaterorumque
2830 895 3215 953 familiarium
3268 899 3710 956 necessitudine
3768 899 3948 955 inter-

2293 985 2709 1054 cludebamur,
2747 985 3062 1059 alienaque
3100 1003 3217 1060 ope
3267 988 3531 1045 destituti
3566 1004 3787 1062 operas
3835 988 3945 1045 solt

2294 1079 2536 1130 mutuas
2568 1075 2719 1130 inter
2750 1091 2863 1130 nos
2897 1076 3378 1144 conferebamus,
3412 1083 3590 1151 atque
3635 1080 3791 1135 inter
3817 1094 3947 1150 Ipsa

2295 1164 2625 1235 peregrinae
2680 1164 2942 1235 regionis
2992 1166 3405 1231 incommoda,
3464 1173 3673 1224 mutuo
3730 1168 3947 1224 solatio

2297 1251 2697 1326 dolorumque
2760 1253 3025 1312 fomento
3071 1255 3451 1326 levabamus,
3494 1263 3657 1313 tanto
3727 1257 3951 1314 scilicet

2300 1359 2503 1399 amore
2556 1343 2761 1415 patriae
2809 1343 3229 1417 desiderioque
3277 1347 3655 1415 tenebamur,
3710 1348 3771 1403 in
3829 1363 3950 1419 qua

2298 1448 2420 1489 non
2443 1433 2569 1488 sine
2601 1434 2767 1489 varia
2789 1433 3067 1489 laborum
3088 1434 3697 1511 lucubrationumque
3722 1437 3950 1492 vicissi-

2297 1522 2518 1587 tudine,
2553 1523 2770 1579 artium
2798 1523 3131 1580 liberalium
3155 1527 3559 1596 cognitionem
3581 1544 3948 1599 concepera-

2299 1629 2456 1679 mus,
2515 1629 2774 1685 quarum
2823 1615 3069 1684 argutiis
3117 1620 3174 1670 et
3235 1617 3618 1672 acuminibus
3704 1618 3951 1686 ingenia

2295 1707 2500 1758 nostra
2515 1702 2873 1759 meditantes
2895 1719 3374 1768 exercueramus,
3396 1722 3530 1762 cum
3555 1705 3843 1761 nimirum
3873 1705 3951 1761 ad

2296 1806 2400 1848 eos
2431 1806 2529 1848 me
2567 1792 2921 1861 conferrem,
2965 1793 3069 1865 qui
3120 1795 3423 1865 majorum
3471 1795 3738 1863 gentium
3769 1795 3952 1851 disci-

2296 1881 2490 1953 plinas
2513 1888 2565 1937 et
2593 1880 2961 1937 mathemata
2978 1884 3440 1953 pertractabant,
3465 1883 3557 1939 ille
3590 1900 3733 1940 vero
3760 1900 3799 1940 a
3826 1900 3949 1945 me.

2296 1976 2591 2045 quantum
2624 1970 2837 2026 tenella
2885 1972 3053 2043 pueri
3100 1971 3325 2029 ferebat
3365 1978 3533 2041 aetas,
3585 1991 3827 2046 semper
3871 1974 3950 2029 ab

2297 2062 2444 2136 ipsis
2474 2059 2853 2118 incunabulis
2907 2061 2985 2117 ad
3046 2061 3293 2119 meliora
3339 2079 3598 2136 quaeque
3658 2069 3715 2119 et
3757 2064 3952 2135 perfe-

2299 2151 2485 2208 ctiora
2557 2150 2934 2222 capessenda
2985 2151 3310 2215 institutus,
3366 2153 3428 2208 in
3481 2153 3595 2209 illis
3650 2153 3952 2225 paulatim

2300 2247 2689 2306 exerceretur,
2742 2239 2948 2311 sicque
2990 2241 3327 2312 proliceret,
3387 2247 3450 2297 ut
3499 2242 3743 2298 tandem
3788 2244 3955 2299 velut

2301 2330 2490 2387 enatis
2521 2336 2577 2385 et
2604 2329 3082 2385 coalescentibus
3114 2331 3327 2403 pennis
3376 2347 3483 2404 per
3512 2331 3680 2388 illum
3720 2331 3955 2404 dicipli-

2303 2435 2519 2476 narum
2559 2419 2788 2486 orbem,
2825 2424 2881 2474 et
2906 2418 2965 2473 in
2989 2419 3198 2491 primis
3223 2421 3626 2493 sophistarum
3654 2426 3952 2492 argutias,

2303 2509 2536 2567 alarum
2593 2507 2831 2563 levitate
2882 2507 3223 2580 subvectus,
3278 2511 3407 2580 jam
3438 2511 3721 2584 deinceps
3754 2512 3835 2567 ad
3885 2529 3957 2568 ea

2304 2615 2547 2673 quoque
2565 2598 2959 2662 theoremata,
2978 2615 3113 2670 quae
3137 2599 3500 2656 sublimioris
3514 2606 3570 2657 et
3586 2603 3957 2671 augustioris

2306 2686 2825 2760 contemplationis
2846 2687 3131 2758 indigent,
3160 2689 3474 2746 subvolare
3502 2697 3725 2763 posset.

2379 2777 2904 2833 Verumenimvero
2934 2794 3072 2834 cum
3093 2778 3221 2848 jam
3262 2785 3503 2851 sumpta
3533 2779 3683 2836 virili
3708 2787 3849 2852 toga
3876 2782 3957 2837 ad

2307 2870 2367 2926 id
2425 2867 2614 2923 aetatis
2661 2867 3042 2933 adolevisset,
3119 2884 3242 2942 quo
3306 2869 3553 2943 quidem
3627 2871 3701 2927 de
3751 2871 3957 2928 multis

2308 2959 2492 3030 hujus
2528 2957 2660 3013 vitae
2707 2956 2929 3012 semitis
2975 2973 3098 3014 una
3140 2958 3389 3015 omnino
3443 2958 3750 3030 seligenda
3801 2966 3956 3031 erat,

2309 3063 2497 3121 quam
2523 3045 2835 3111 insisteret,
2866 3052 2968 3102 aut
2996 3046 3421 3117 ingrederetur,
3458 3054 3595 3106 tunc
3645 3051 3957 3123 temporis,

2312 3136 2512 3206 (eheu,
2546 3135 2649 3208 qui
2681 3136 2850 3191 siccis
2876 3135 3064 3191 oculis
3092 3135 3421 3192 obductam
3460 3137 3799 3211 reipublicae
3845 3146 3963 3195 sta-

2314 3230 2431 3294 tus,
2461 3231 2601 3282 tunc
2640 3224 2909 3281 inaudita
2938 3226 3201 3281 novitate
3231 3225 3548 3299 immutati,
3578 3233 3635 3283 et
3672 3229 3853 3284 accisi
3887 3228 3965 3284 ci-

2316 3315 2595 3371 catricem
2652 3315 2927 3371 refricare
2984 3316 3253 3387 potero!)
3310 3322 3451 3372 tunc
3509 3318 3815 3389 temporis,
3880 3318 3967 3373 in-

2316 3420 2524 3477 quam,
2568 3404 2767 3475 prima
2814 3402 3044 3459 dissidii
3098 3404 3333 3460 occasio
3381 3405 3597 3460 exoriri
3654 3422 3805 3462 ausa
3857 3412 3967 3473 est,

2317 3509 2451 3566 quae
2480 3494 2728 3549 fratrum
2756 3508 2946 3548 unum
2978 3493 3259 3565 idemque
3309 3493 3688 3551 sentientium
3719 3496 3969 3565 conjun-

2318 3584 2573 3640 ctionem
2649 3583 2887 3639 diversa
2947 3583 3081 3639 vita:
3160 3584 3501 3639 conditione
3574 3584 3969 3655 disjungeret.

2316 3678 2508 3748 Atque
2529 3673 2675 3729 mihi
2700 3672 2947 3746 quidem
2977 3680 3181 3746 (quem
3213 3677 3488 3747 parentes
3521 3690 3557 3729 a
3587 3689 3798 3746 puero,
3838 3681 3970 3731 tan-

2315 3782 2501 3839 quam
2551 3765 2774 3821 sobolis
2807 3782 2931 3821 suee
2981 3765 3293 3837 primitias,
3345 3765 3498 3821 sacri
3551 3765 3754 3821 altaris
3798 3766 3970 3824 mini-

2315 3856 2490 3912 sterio
2522 3855 3052 3925 inauguraverant)
3086 3854 3209 3910 vita
3259 3854 3492 3927 privata
3522 3854 3613 3911 vel
3664 3855 3963 3927 imprimis

2315 3945 2639 4002 arridebat.
2672 3946 2876 4017 itaque
2914 3960 3097 4000 unam
3128 3945 3268 4018 petii
3302 3960 3337 4000 a
3361 3944 3632 4016 Domino,
3652 3950 3715 4000 ut
3751 3951 3962 4002 sancto

2313 4038 2443 4108 ejus
2486 4035 2707 4108 templo
2759 4036 3115 4108 praeficerer,
3168 4049 3277 4090 nec
3329 4033 3407 4091 ad
3437 4033 3666 4091 tantula
3693 4036 3957 4106 negotia,

2311 4126 2615 4198 quantulis
2651 4125 2968 4181 hominum
2999 4124 3216 4195 vulgus
3248 4123 3421 4180 obrui
3470 4122 3639 4189 solet,
3679 4126 3957 4181 animum

2309 4216 2690 4289 applicarem,
2725 4215 2831 4270 sed
2860 4214 3060 4287 potius
3090 4212 3288 4269 bonas
3313 4214 3493 4270 horas
3524 4214 3643 4270 otio
3673 4213 3955 4285 literario,

2226 4335 2267 4388 ο
2308 4306 2768 4379 evolvendisque
2797 4311 3065 4361 veterum
3104 4305 3339 4377 scriptis
3368 4320 3816 4361 consumerem.
3858 4305 3956 4361 Ille

2309 4413 2446 4453 vero
2469 4402 2796 4469 antequam
2823 4400 3051 4451 certum
3076 4395 3265 4451 ullum
3294 4394 3685 4459 scholasticae,
3717 4394 3957 4452 nudave

2306 4503 2511 4543 eorum
2543 4503 2680 4559 quae
2708 4491 2843 4540 sunt
2873 4485 3228 4556 cognitionis
3259 4490 3314 4541 et
3356 4484 3615 4540 scientiae
3646 4484 3958 4556 specimen

2304 4577 2587 4637 dedisset.
2632 4581 2821 4630 totum
2869 4590 2932 4629 se
2982 4575 3036 4629 in
3091 4591 3161 4630 eo
3193 4573 3329 4629 vitae
3361 4578 3516 4629 statu
3576 4578 3633 4629 et
3684 4573 3956 4629 instituto

2303 4666 2453 4722 ultro
2484 4664 2814 4732 collocavit,
2862 4665 3028 4738 quod
3058 4664 3135 4721 ad
3166 4664 3470 4720 humanas
3521 4662 3785 4720 actiones
3820 4680 3958 4736 pro-

2301 4755 2564 4828 pensius,
2604 4754 2947 4828 reipublicae
2988 4753 3332 4819 studiosius,
3375 4753 3634 4827 denique
3675 4750 3959 4823 pluribus

2301 4846 2637 4916 expositum
2678 4844 2834 4900 curis
2876 4852 2983 4910 est,
3029 4859 3215 4916 quam
3256 4842 3307 4897 ei
3342 4843 3446 4915 qui
3501 4841 3653 4899 serio
3692 4842 3959 4914 philoso-

2300 4935 2471 5007 phari
2528 4935 2678 5003 velit,
2731 4933 3026 5006 expediat.
3092 4935 3160 4989 Ut
3203 4938 3403 4988 autem
3449 4931 3613 5005 quod
3661 4932 3791 5005 ipse
3846 4933 3957 4989 sibi

2298 5024 2655 5095 subjecerat,
2702 5030 2881 5096 atque
2914 5023 3079 5096 apud
3109 5022 3383 5077 animum
3414 5039 3587 5077 suum
3625 5038 3963 5094 proposue-

2297 5119 2406 5179 rat,
2453 5113 2514 5170 in
2558 5113 2905 5168 melioribus
2957 5111 3259 5183 auspiciis,
3306 5112 3625 5182 magisque
3664 5126 3697 5165 e
3742 5127 3803 5165 re
3846 5128 3962 5168 sua

2297 5205 2663 5271 succederet,
2733 5204 3076 5259 cautionem
3132 5217 3376 5273 quoque
3452 5207 3508 5256 et
3575 5200 3959 5269 diligentiam

2296 5294 2588 5351 adhibuit.
2646 5297 2851 5365 Itaque
2889 5291 3234 5348 facultatem
3285 5296 3342 5346 et
3393 5291 3633 5363 ecpiam
3687 5289 3956 5355 dicendi,

2286 5383 2557 5455 jurisque
2590 5382 2777 5437 civilis
2805 5381 3121 5436 scientiam
3160 5384 3389 5452 quanta
3417 5378 3606 5451 potuit
3639 5379 3871 5449 agendi
3903 5384 3963 5435 et

587 5552 662 5621 (3)
705 5550 846 5618 Qui:
873 5549 1026 5606 mihi
1051 5550 1278 5607 tribuat
1312 5556 1377 5605 ut
1404 5565 1509 5621 ego
1539 5553 1767 5607 moriar
1792 5567 1906 5621 pro
1928 5557 2001 5621 te,
2034 5552 2300 5609 Absalon
2316 5552 2411 5623 ﬁli
2444 5554 2545 5623 mi,
2573 5552 2669 5621 ﬁli
2706 5552 2789 5607 mi
2817 5550 3126 5608 Absalon?
3158 5552 3200 5606 ll
3231 5550 3374 5620 Reg.
3416 5562 3565 5603 xvm.
