4152 6208
204 324 322 378 365

1406 311 1730 372 MONODIA
1763 313 1834 372 ΙΝ
1873 312 2195 373 FRATREM
2234 315 2443 375 SUUM.

3519 325 3623 382 366

198 441 529 512 cogitandi
576 438 1132 512 solertia,tanquam
1178 436 1565 510 perapposita
1602 452 1872 508 percom-
1901 441 1947 498 Α
1987 439 2152 512 (quia
2189 455 2285 496 res
2311 440 2655 499 domesticae
2675 441 2832 500 bene
2846 443 3241 518 disponendae
3272 450 3434 518 sunt,
3449 447 3625 520 isque

195 532 530 605 modaque
557 531 636 588 ad
659 529 1098 604 rempublicam
1129 527 1568 600 capessendam
1600 527 1874 586 subsidia

195 627 254 678 et
305 624 724 678 instrumenta
775 619 890 676 sibi
950 619 1346 690 comparavit.
1407 615 1713 689 Siquidem
1777 633 1872 674 me

193 717 587 784 prmeeptore
627 710 883 784 politicis
930 708 1259 781 disciplinis
1293 708 1354 763 in
1404 707 1870 780 sapientissimo-

191 818 334 858 rum
386 801 1012 872 doctissimorunique
1051 799 1315 854 virorum
1345 812 1568 854 corona
1598 797 1869 854 animum

190 890 472 948 excoluit
539 896 718 963 atque
781 888 1170 954 informavit;
1228 902 1340 942 nec
1361 887 1443 943 ita
1487 885 1675 942 multo
1734 891 1870 958 post

187 995 368 1050 vagas
395 980 810 1053 volubilisque
829 979 1085 1036 fortunae
1116 977 1246 1034 telis
1276 979 1587 1049 expositus
1612 981 1719 1034 est.

262 1073 408 1127 Haec
439 1072 739 1128 nimirum
769 1070 881 1128 fuit
922 1069 1052 1126 dira
1079 1069 1182 1126 illa
1207 1068 1529 1125 Andronici
1565 1067 1862 1140 tyrannis,

188 1175 329 1234 qum
359 1160 542 1218 velut
569 1160 796 1216 hedera
814 1159 1128 1232 multiplici
1155 1159 1527 1230 erraticoque
1547 1157 1726 1230 lapsu
1747 1173 1865 1213 ser-

190 1265 347 1321 pens
376 1249 504 1321 (sic
547 1251 709 1306 enim
753 1248 1091 1323 tyrannidis
1135 1249 1254 1304 vim
1299 1247 1623 1320 depingere
1669 1245 1865 1316 liceat)

190 1338 522 1396 claviculis
567 1340 714 1408 suis,
743 1339 925 1412 quasi
952 1338 1237 1395 manibus
1283 1337 1737 1393 herbescentem
1761 1336 1870 1392 im-

191 1430 340 1501 perii
400 1430 610 1486 nostri
667 1427 1028 1485 viriditatem
1091 1427 1428 1501 complexa,
1477 1428 1759 1499 repressit
1814 1429 1872 1482 et

191 1517 551 1576 suﬂ‘ocavit.
602 1517 792 1576 Simul
839 1533 909 1574 ac
955 1517 1116 1574 enim
1155 1523 1317 1572 certa
1345 1531 1485 1572 cum
1526 1515 1868 1588 reipublicae

189 1609 460 1682 pernicie
502 1609 564 1664 in
595 1609 758 1664 mdes
789 1611 1078 1680 augustas
1107 1607 1366 1680 irrepsit,
1411 1622 1535 1679 quo
1580 1606 1864 1662 nimirum

189 1705 471 1772 tempore
507 1699 692 1755 frater
725 1715 923 1766 meus,
943 1714 1013 1754 ex
1044 1698 1254 1754 scribis
1287 1703 1344 1754 et
1385 1697 1863 1754 amanuensibus

187 1789 592 1863 imperatoris
617 1803 773 1844 unus
797 1793 943 1854 erat,
995 1794 1124 1844 tum
1167 1787 1416 1844 demum
1464 1787 1678 1844 lethale
1699 1788 1860 1843 virus
1891 1791 1932 1845 Β

188 1877 420 1944 efﬂare,
482 1879 842 1951 majoreque
897 1877 1214 1934 hominum
1251 1877 1412 1943 odio,
1458 1893 1645 1950 quam
1711 1880 1862 1934 tetra

189 1968 308 2027 ulla
332 1969 716 2025 immanisve
751 1967 957 2024 bellua
998 1967 1274 2024 laborare
1325 1967 1518 2040 coepit.
1553 1969 1620 2024 Et
1649 1983 1861 2040 quem-

190 2058 542 2114 admodum
612 2057 798 2114 torvis
867 2057 1338 2131 truculentisque
1410 2057 1604 2113 leaena
1669 2073 1862 2130 nuper

193 2147 371 2205 enixa
415 2149 737 2206 venaticos
799 2163 977 2205 canes
1033 2148 1222 2204 oculis
1278 2148 1513 2204 obtueri
1556 2147 1724 2215 solet,
1778 2148 1861 2204 ita

195 2239 502 2312 tyrannis,
543 2239 801 2312 siquem
848 2238 1400 2310 interimperatoris
1435 2237 1660 2294 aulicos
1685 2242 1740 2294 et
1767 2237 1858 2296 fa-

198 2330 474 2386 miliares
489 2329 680 2386 ﬁdum
708 2334 764 2385 et
782 2329 1145 2385 industrium
1166 2329 1613 2402 deprehendere
1643 2329 1856 2402 potuit,

204 2436 351 2478 eum
383 2421 584 2477 statim
615 2424 961 2493 suspectum
995 2419 1240 2486 habere,
1271 2420 1558 2492 omnique
1588 2419 1664 2475 ad
1691 2419 1860 2476 illum

203 2509 424 2583 procul
483 2508 921 2565 extrudendum
983 2509 1205 2565 conniti
1271 2509 1476 2565 animo
1541 2514 1598 2565 et
1651 2509 1860 2566 labore

195 2599 566 2656 contendere
626 2598 822 2670 cmpit.
885 2597 1033 2654 Illud
1090 2613 1231 2654 vero
1302 2599 1506 2670 utique
1570 2598 1856 2670 praestitit,

189 2703 381 2760 quam
431 2687 854 2761 plurimosque
883 2686 1076 2760 potuit
1099 2702 1222 2742 uno
1251 2690 1308 2743 et
1335 2687 1548 2744 eodem
1583 2686 1859 2760 supplicii

188 2793 410 2850 genere
443 2777 746 2834 multavit.

255 2869 403 2936 Qum
432 2883 580 2924 cum
617 2883 887 2942 praesens
912 2866 1009 2923 ille
1039 2872 1462 2940 tyrannorum,
1507 2871 1610 2923 aut
1640 2867 1727 2938 (ut
1755 2881 1854 2938 ge-

187 2957 493 3015 neraliore
515 2956 707 3013 verbo
727 2958 886 3022 utar)
904 2956 1321 3030 improborum
1347 2971 1490 3012 osor
1504 2956 1849 3027 intueretur,

1983 529 2132 584 adeo
2163 545 2224 586 se
2254 530 2496 602 privatis
2539 531 2602 590 in
2628 532 2860 588 aedibus
2902 538 3195 607 tanquam
3244 551 3432 606 parva
3471 553 3625 610 qua-

1975 617 2123 678 .dam
2152 618 2462 691 republica
2492 636 2764 678 exercere
2785 622 2980 695 debet,
3015 625 3114 696 qui
3142 625 3221 681 ad
3245 641 3447 684 rerum
3487 643 3623 684 ma-

1973 707 2176 777 jorum
2199 709 2806 785 communiorumque
2837 712 3248 782 gubernacula
3268 714 3618 788 contendit),

1979 795 2054 850 de
2077 795 2304 853 familia
2327 813 2436 854 sua
2461 799 2878 858 constituenda
2905 802 3170 874 primum
3200 803 3484 874 cogitavit
3510 821 3622 860 nu-

1978 884 2113 958 ptiis
2159 902 2296 943 cum
2341 889 2664 958 singularis
2711 892 2968 964 exempli
3021 893 3244 950 femina
3283 895 3618 964 contractis,

1976 991 2232 1049 quaeque
2277 977 2378 1034 Dei
2413 980 2546 1050 Opt.
2577 982 2728 1038 Max.
2774 981 2936 1038 dono
2976 981 3280 1054 obtigisse,
3312 983 3469 1053 frugi
3517 984 3624 1041 do-

1974 1066 2360 1124 mesticarum
2413 1084 2698 1126 curarum
2753 1086 3006 1128 consors
3047 1071 3247 1130 futura
3297 1072 3624 1147 videretur,

1975 1159 2153 1227 atque
2183 1171 2255 1212 eo
2296 1157 2630 1229 prmsertim
2660 1159 2906 1216 nomine
2934 1160 2996 1216 in
3041 1177 3229 1217 manu
3260 1161 3366 1218 viri
3407 1177 3625 1220 conve-

1973 1245 2156 1309 nisse,
2197 1250 2262 1302 ut
2305 1247 2502 1302 carnis
2532 1247 2812 1321 utrinque
2857 1249 3306 1323 liberorumque
3344 1267 3620 1310 commu-

1980 1333 2081 1388 nio
2130 1333 2338 1401 coiret,
2375 1351 2511 1407 quae
2553 1335 2719 1392 nullo
2768 1339 3056 1410 temporis
3104 1355 3372 1412 unquam
3424 1343 3618 1398 tractu

1977 1422 2416 1492 dissolveretur,
2437 1431 2495 1482 et
2540 1426 2600 1481 id
2641 1441 2714 1482 ex
2750 1426 3103 1499 hujusmodi
3152 1429 3429 1487 convictu
3466 1446 3622 1503 prse-

1979 1517 2179 1582 staret,
2221 1528 2297 1568 ne
2341 1513 2452 1570 viri
2481 1513 2761 1570 medullae
2789 1515 2981 1572 ullum
3000 1517 3141 1574 inde
3165 1518 3624 1577 incommodum

1977 1606 2079 1658 aut
2095 1601 2517 1659 detrimentum
2529 1608 2830 1676 caperent,
2844 1606 3362 1677 quemadmodum
3377 1609 3624 1680 pulchre

1977 1691 2271 1762 Sapientis
2328 1690 2637 1764 ἁποφθέγμα
2685 1693 2899 1750 suadet
2925 1694 3028 1766 (4).
3083 1695 3256 1762 Quod
3301 1696 3500 1754 fratris
3539 1699 3627 1756 in-

1971 1781 2239 1836 stitutum
2262 1797 2402 1838 cum
2423 1782 2720 1856 plerisque
2745 1783 3124 1856 innotuisset,
3173 1786 3274 1858 qui
3319 1799 3625 1846 recensere

1970 1871 2218 1942 possim,
2251 1875 2398 1943 quot
2426 1871 2692 1943 primarii
2725 1871 3133 1930 adolescentes
3159 1874 3446 1934 afﬁnitate
3493 1892 3626 1936 sese

1967 1959 2285 2016 nobiscum
2299 1960 2601 2018 devincire
2619 1961 2975 2019 studuerunt
2988 1963 3154 2020 ?Non
3181 1965 3474 2024 tothercle
3487 1982 3624 2038 pro-

1967 2051 2020 2106 ci
2033 2049 2357 2106 temulento
2373 2051 2614 2121 agmine
2636 2050 3110 2108 comessabundi
3140 2052 3219 2108 ad
3233 2054 3620 2128 Penelopam,

1967 2144 2115 2214 quot
2151 2139 2228 2197 ad
2277 2139 2446 2196 illum
2487 2139 2857 2197 matrimonii
2904 2141 3297 2200 contrahendi
3337 2142 3623 2217 interpre-

1969 2235 2078 2300 tes,
2111 2233 2168 2286 et
2203 2231 2380 2303 quasi
2399 2234 2740 2303 proxeneta;
2770 2229 3192 2290 conﬂuebant:
3224 2247 3488 2305 quorum
3521 2233 3620 2292 alii

1966 2318 2248 2387 ﬁliarum,
2273 2319 2660 2376 aliisororum
2680 2319 2923 2393 nuptias
2949 2319 3374 2380 moliebantur.
3398 2323 3621 2393 Magni—

1967 2409 2084 2465 ﬁca
2113 2413 2171 2465 et
2198 2409 2459 2479 gloriosa
2501 2409 2896 2466 ostentatione
2922 2409 3022 2468 alii
3051 2409 3199 2468 alios
3219 2425 3504 2484 superare
3524 2428 3621 2469 co.

1965 2503 2201 2566 nantes,
2233 2504 2414 2571 atque
2443 2497 2622 2554 etiam
2650 2498 3063 2556 venditatione
3105 2497 3376 2572 quadam
3405 2515 3616 2560 eorum

1965 2587 2189 2660 quibus
2211 2587 2628 2660 unusquisque
2659 2587 2740 2643 ad
2783 2588 3026 2661 nuptias
3049 2587 3184 2645 illas
3204 2591 3291 2646 tot
3316 2589 3618 2650 nobilium

1965 2693 2290 2751 procorum
2355 2677 2512 2734 votis
2569 2680 2632 2733 et
2689 2677 3236 2736 concertationibus
3301 2680 3617 2753 expetitas,

1966 2769 2230 2824 maxime
2259 2766 2422 2836 eniti,
2475 2772 2532 2824 et
2558 2782 2776 2824 nervos
2806 2767 2996 2824 aetatis
3028 2766 3460 2841 industrieque
3491 2785 3616 2828 sum

1965 2857 2344 2927 contendere,
2359 2872 2568 2914 earum
2587 2857 2849 2930 denique
2879 2857 3076 2930 potiri,
3101 2873 3477 2930 composque
3488 2859 3618 2916 ﬁeri

1962 2953 2192 3021 posset.
2263 2947 2470 3018 Itaque
2537 2946 2636 3004 alii
2684 2945 2780 3002 vel
2838 2946 3093 3016 generis,
3151 2946 3248 3002 vel
3289 2948 3617 3016 formavel

185 3063 220 3103 ι
243 3053 517 3119 tyranno
550 3047 863 3103 communi
891 3046 1212 3103 hominum
1245 3045 1498 3115 gurgite,
1527 3050 1583 3102 et
1599 3045 1854 3102 immani
1883 3086 1924 3144 α
1961 3037 2144 3094 etiam
2176 3035 2490 3134 utriusque
2529 3035 2886 3144 praestantia
2913 3033 3251 3105 gloriando,
3407 3040 3617 3144 coptra

186 3135 472 3193 belluone
532 3135 838 3197 secedere.
888 3149 1076 3208 quam
1124 3133 1360 3190 libidini
1399 3134 1852 3206 crudelitatique

184 3225 334 3282 illius
355 3227 659 3282 inservire
689 3224 936 3292 maluit;
967 3224 1116 3281 illud
1141 3224 1389 3298 quidem
1410 3224 1702 3294 audaciae,
1737 3225 1851 3281 hoc

183 3331 321 3374 vero
373 3315 684 3388 impietati
714 3314 1042 3371 ascribens.
1099 3315 1302 3388 Itaque
1352 3314 1560 3386 procul
1603 3315 1680 3370 ab
1707 3317 1850 3372 Jove

186 3412 270 3473 (ut
296 3407 500 3476 aiunt)
523 3411 580 3461 et
605 3404 859 3462 fulmine
905 3404 1186 3462 recedere
1211 3405 1490 3461 decrevit.

254 3496 397 3552 Inde
419 3510 576 3563 ergo
601 3495 704 3551 ubi
723 3493 1044 3567 imperium
1083 3496 1145 3550 in
1177 3493 1555 3568 tyrannidem
1584 3509 1845 3562 versum,

187 3602 291 3642 nec
332 3585 614 3658 amplius
659 3584 763 3640 ulli
804 3590 1008 3658 patere
1057 3585 1222 3641 videt
1266 3585 1392 3658 (qui
1435 3585 1644 3641 saltem
1692 3601 1848 3641 verae

183 3675 496 3744 religionis
527 3675 844 3731 studiosus
883 3675 1000 3743 sit),
1031 3674 1355 3730 obﬁrmato
1388 3675 1593 3731 animo
1637 3681 1850 3733 contra

181 3765 408 3832 nititur,
455 3765 540 3821 ad
587 3761 974 3838 studiumque
1022 3765 1174 3835 juris
1207 3763 1392 3820 civilis
1423 3765 1844 3835 transfugiens,

181 3855 513 3927 imperium
569 3854 890 3926 tyrannide
919 3853 1324 3911 deformatum
1367 3855 1568 3926 legum
1601 3856 1844 3924 muscis,

181 3944 643 4017 Themidosque
693 3943 970 4000 sacrariis
1012 3948 1384 4000 commutat:
1435 3961 1693 4018 quaeque
1739 3945 1848 4001 fre-

182 4034 387 4105 quenti
430 4037 494 4089 et
547 4032 797 4088 assidua
837 4032 1090 4089 lectione
1125 4049 1196 4088 ex
1225 4033 1519 4090 librorum
1558 4033 1844 4090 chartulis

183 4135 516 4195 excerpere
566 4125 787 4194 potest,
851 4137 924 4179 ea
974 4122 1036 4178 in
1084 4123 1341 4195 pectoris
1388 4123 1478 4177 sui
1524 4123 1846 4196 pugillares

181 4212 747 4284 transcribit,atque
777 4211 928 4269 adeo
951 4211 1201 4268 tandem
1226 4213 1361 4268 viva
1386 4211 1587 4282 legum
1617 4212 1843 4279 tabula,

184 4302 556 4375 spiransque
589 4302 1060 4358 commentarius
1087 4301 1310 4358 evadit.
1354 4301 1575 4358 Deinde
1607 4301 1847 4360 sublata

183 4391 542 4462 tyrannide,
591 4390 965 4463 imperioque
1001 4391 1292 4456 redivivo,
1339 4390 1434 4446 ille
1483 4407 1728 4464 quoque
1763 4391 1842 4447 ad

184 4493 274 4535 res
301 4478 666 4552 augustaies
708 4479 1048 4550 obeundas,
1073 4480 1237 4536 velut
1257 4478 1626 4553 postliminio
1644 4495 1843 4537 rever-

183 4569 344 4626 titur.
376 4571 554 4641 Opus
591 4583 736 4625 sane
774 4571 941 4625 tanto
972 4569 1538 4639 commendabilius,
1573 4575 1636 4626 ut
1678 4569 1846 4642 quod

184 4657 477 4727 legitimis
517 4657 865 4731 reipublicae
902 4659 1194 4730 gradibus
1225 4659 1587 4728 succederet,
1619 4665 1847 4732 quanto

183 4749 486 4805 remotius
516 4747 801 4804 hesterna
845 4747 1165 4820 tyrannide
1195 4748 1528 4820 secessisse,
1544 4748 1635 4805 vel
1666 4749 1847 4807 etiam

187 4851 256 4892 ex
281 4837 596 4894 diametro
616 4851 989 4910 repugnasse
1008 4837 1349 4894 videbatur.

255 4926 429 4984 idem
461 4931 757 4999 praeterea
801 4927 918 4983 alio
959 4927 1317 4998 magistratu
1364 4933 1687 4985 exornatus
1737 4933 1846 4985 est.

184 5016 454 5073 Tametsi
494 5031 638 5071 vero
663 5016 725 5072 in
769 5016 1085 5072 Thraciam
1112 5031 1236 5072 non
1267 5016 1468 5073 statim
1497 5017 1720 5074 missus
1753 5019 1848 5086 sit,

187 5108 248 5161 ut
295 5104 388 5161 ibi
421 5103 668 5160 arcibus
691 5103 1056 5173 reﬁciendis,
1088 5105 1548 5179 civitatibusque
1583 5123 1853 5163 commu-

185 5193 436 5249 nlendis
467 5197 771 5264 praeesset,
803 5199 984 5266 atque
1015 5192 1169 5250 adeo
1197 5194 1541 5250 militarium
1570 5195 1853 5252 ordinum

184 5281 462 5338 delectus
493 5280 762 5346 haberet,
821 5282 883 5338 id
915 5284 1182 5340 muneris
1229 5289 1437 5340 tamen
1486 5285 1667 5357 paulo
1716 5291 1855 5358 post

187 5377 517 5427 exsecutus
559 5375 669 5426 est.
703 5374 994 5429 Caeterum
1021 5389 1144 5446 quo
1182 5376 1457 5447 tempore
1506 5373 1583 5430 de
1621 5376 1856 5432 ratione

189 5460 323 5518 vita
397 5461 740 5522 intituenda
794 5461 1044 5521 consilia
1089 5463 1412 5522 nobiscum
1465 5463 1616 5521 inire
1679 5467 1860 5538 coepit

1963 3125 2396 3184 sententiarum
2417 3123 2726 3196 gravitate,
2751 3125 3194 3195 verborumque
3214 3123 3608 3195 ponderibus,

1960 3221 2250 3288 tanquam
2300 3215 2362 3270 in
2418 3213 2730 3286 procinctu
2773 3228 2836 3268 se
2893 3212 3065 3268 tutati
3114 3215 3295 3270 sunt:
3354 3217 3420 3270 ut
3461 3213 3612 3274 mihi

1959 3307 2141 3363 frater
2159 3304 2446 3361 dubitans
2469 3308 2526 3359 et
2546 3302 2832 3360 haesitans
2849 3317 2973 3358 non
2989 3317 3244 3375 parvum
3263 3301 3442 3360 ofﬁcii
3455 3319 3611 3362 onus

1959 3393 2332 3469 imposuerit,
2363 3392 2511 3448 dum
2535 3391 2766 3464 judicio
2796 3406 2934 3448 meo
2963 3407 3311 3449 socerorum
3339 3392 3608 3452 delectus

1958 3483 2291 3548 committit,
2322 3497 2506 3554 seque
2529 3480 2626 3537 vel
2649 3479 2948 3552 imprimis
2989 3478 3414 3552 amplexurum
3443 3480 3606 3538 afﬁr-

1958 3576 2084 3628 mat
2127 3569 2425 3643 quidquid
2457 3584 2637 3642 super
2655 3585 2730 3628 ea
2753 3585 2817 3626 re
2870 3568 3020 3626 mihi
3066 3568 3373 3636 arrideret,
3413 3571 3605 3632 facto—

1953 3677 2072 3735 que
2102 3677 2258 3733 opus
2289 3675 2418 3716 esse
2442 3659 2757 3717 videretur.

2028 3753 2071 3809 0
2103 3751 2376 3807 animum
2405 3765 2544 3806 vere
2573 3749 2929 3821 fraternum,
2955 3750 3060 3822 qui
3081 3749 3230 3808 mihi
3251 3751 3464 3810 omnia
3491 3767 3605 3812 sua

1955 3840 2411 3897 commendaret
2437 3842 2496 3896 et
2523 3838 2929 3908 concrederet,
2961 3840 3258 3912 cujusque
3297 3840 3544 3899 consilia
3565 3857 3605 3899 a

1953 3946 2071 4002 me,
2139 3945 2263 3986 non
2310 3945 2482 3987 secus
2546 3933 2727 4001 atque
2772 3929 2851 3985 ab
2905 3927 3112 4002 aliquo
3159 3929 3429 4001 numine,
3479 3930 3603 3988 vim

1956 4035 2133 4076 suam
2179 4025 2235 4076 et
2279 4016 2560 4074 effectum
2598 4021 2880 4090 caperent
2913 4018 2925 4073 Ι
2968 4019 3096 4083 Quo
3151 4016 3393 4074 hercule
3437 4017 3600 4076 facto

1955 4108 2394 4167 evidentissima
2439 4107 2648 4180 patuit,
2712 4106 3023 4178 quomodo
3074 4122 3248 4162 meus
3293 4105 3412 4174 ille,
3474 4106 3600 4164 imo

1953 4196 2595 4255 bonarumlitterarum
2615 4195 2901 4252 alumnus
2925 4195 3003 4252 ad
3023 4195 3302 4252 virtutem
3345 4194 3598 4254 affectus

1955 4293 2149 4346 esset:
2181 4302 2304 4359 qua
2328 4285 2575 4359 quidem
2615 4285 2761 4342 nihil
2786 4301 2858 4341 ex
2889 4284 3174 4342 omnibus
3201 4301 3338 4358 quae
3377 4290 3514 4342 sunt
3537 4285 3602 4342 in

1953 4393 2154 4435 rerum
2175 4379 2391 4432 natura
2419 4374 2744 4447 antiquius,
2778 4378 2882 4431 aut
2903 4373 3319 4432 observatione
3357 4373 3603 4445 dignius

1957 4467 2380 4524 arbitraretur:
2422 4479 2547 4520 non
2596 4479 2766 4537 opes,
2807 4479 2932 4521 non
2976 4464 3186 4521 formas
3225 4465 3600 4536 dignitatem,

1956 4573 2081 4616 non
2119 4555 2351 4629 generis
2395 4553 2746 4621 claritatem,
2793 4569 2916 4610 non
2941 4553 3119 4610 fama;
3159 4553 3601 4611 celebritatem:

1959 4647 2194 4704 tametsi
2227 4661 2298 4702 ea
2327 4648 2499 4701 aetate
2525 4649 2701 4713 esset,
2734 4660 2871 4716 quae
2900 4642 3072 4700 facile
3095 4643 3446 4714 bujusmodi
3487 4643 3606 4700 for-

1957 4741 2112 4794 tuna;
2187 4732 2460 4790 ludibriis
2525 4736 2583 4788 et
2641 4731 2936 4789 illecebris
2997 4731 3208 4788 irretiri
3283 4731 3453 4798 solet,
3548 4735 3608 4788 et

1957 4839 2322 4896 coacescere,
2358 4822 2507 4879 dum
2533 4821 2612 4879 ad
2629 4822 2821 4879 avitas
2837 4823 2894 4878 et
2908 4819 3135 4893 patrias
3153 4835 3249 4877 res
3267 4818 3604 4890 augendas,

1958 4913 2401 4972 nobilitandum
2423 4926 2613 4983 genus
2642 4925 2984 4983 corpusque
3004 4908 3396 4966 reﬁciendum
3419 4912 3479 4965 et
3501 4924 3607 4966 cu.

1958 5004 2222 5062 randum
2255 4999 2667 5072 indulgentius
2698 5013 2886 5072 quam
2915 5013 3028 5070 per
3074 4997 3149 5054 sit
3191 5000 3251 5054 et
3279 4996 3606 5056 ferventius

1960 5091 2274 5150 incumbit.

2036 5180 2328 5240 Omnibus
2358 5179 2520 5236 enim
2548 5177 2772 5251 procis,
2801 5176 2997 5250 iisque
3023 5177 3355 5250 praesertim
3386 5177 3494 5252 qui
3511 5177 3611 5236 vel

1964 5285 2272 5328 summam
2329 5269 2536 5326 dotem
2587 5266 2854 5326 dicerent
2910 5270 2970 5324 et
3022 5267 3456 5339 promitterent,
3487 5281 3612 5324 non

1967 5361 2098 5418 sine
2126 5357 2313 5416 animi
2359 5356 2710 5414 excellentia
2735 5360 2791 5413 et
2837 5356 3183 5429 praestantia
3227 5355 3608 5430 posthabitis,

1965 5448 2286 5508 illustrium
2311 5446 2837 5506 Belissariotarum
2866 5444 3148 5519 probitati
3177 5449 3235 5502 et
3257 5444 3616 5515 ingenuitati

265 5587 351 5657 (4)
412 5589 586 5644 Prov.
639 5603 750 5644 xu:
792 5589 1018 5646 Mulier
1068 5591 1326 5662 diligens
1382 5605 1606 5650 corona
1642 5600 1728 5650 est
1784 5592 1916 5654 viro
1961 5607 2090 5666 suo,
2137 5595 2248 5650 etc.
2302 5591 2371 5648 Et
2425 5588 2600 5647 Eccli.
2649 5605 2827 5648 xxvi:
2862 5589 3074 5647 Gratia
3100 5587 3370 5646 mulieris
3390 5585 3617 5644 sedula:

201 5682 470 5743 delectat
489 5686 688 5743 virum
718 5675 912 5760 suum,
955 5691 1065 5746 etc.

4114 851 4115 876 ι

4113 967 4115 996 4

4113 1331 4115 1380 l

4113 1447 4115 1472 l

4113 1547 4115 1566 ι

4113 1603 4115 1626 Α

4113 1657 4115 1680 l
