4152 6208
572 286 675 339 367

1475 268 1843 327 MICHAEUS
1880 267 2263 324 ACOMINATI
2300 271 2726 327 ATHENARUM
2765 273 3086 330 ARCHIEP.

3810 284 3907 336 368

570 407 744 465 facile
762 407 1132 479 cessit,quos
1156 402 1314 458 idem
1332 394 1811 461 contubernium,
1841 393 2219 449 earumdem-
2245 397 2291 449 Α
2330 393 2518 450 multa
2546 394 2828 451 munifice
2872 400 2931 453 et
2975 397 3145 470 large
3201 401 3392 459 dantes
3412 402 3818 473 promerebant,
3859 410 3915 460 et

572 515 692 572 que
720 499 834 554 sub
864 495 1075 553 iisdem
1098 488 1397 559 magistris
1426 484 1642 542 artium
1667 483 1841 556 quasi
1869 482 2217 539 communio

572 593 631 645 et
658 587 910 643 societas
930 584 1009 641 ad
1021 576 1519 638 necessitudinem
1535 580 1804 631 nostram
1827 572 1924 644 adj
1936 576 2214 639 unxerat;

572 676 812 732 illorum
857 673 1016 730 enim
1054 683 1344 735 sororem,
1387 682 1519 737 quae
1563 663 1623 719 in
1663 663 1906 735 optimm
1954 660 2218 734 parentis

572 763 761 820 oculis
796 762 952 818 intra
986 757 1235 815 thalami
1265 755 1518 828 parietes
1543 756 1702 808 caste
1747 755 1802 806 et
1826 750 2041 824 pudice
2071 749 2216 805 edu-

573 857 709 909 cata
754 851 965 918 fuerat,
995 847 1165 903 duxit
1196 846 1372 900 frater
1403 842 1495 897 ille
1524 857 1711 907 meus,
1759 856 1939 912 quem
1973 838 2216 894 Belissa-

572 942 739 999 riotis
772 938 1142 996 simillimum
1164 950 1286 991 non
1315 939 1438 989 tam
1455 929 1835 987 necessitudo
1864 934 1920 985 et
1939 927 2216 996 afﬁnitas,

571 1047 761 1105 quam
804 1043 1045 1086 morum
1107 1021 1520 1081 convenientia
1549 1020 1844 1076 effecerat.
1903 1022 2105 1090 Itaque
2159 1020 2222 1072 ut

581 1120 787 1177 fratres
836 1116 1054 1175 animis
1096 1129 1217 1171 non
1259 1127 1431 1168 secus
1475 1114 1657 1182 atque
1702 1107 2056 1180 corporibus
2100 1121 2223 1162 una

573 1210 710 1265 unis
732 1209 793 1263 in
824 1205 1057 1262 aedibus
1082 1201 1455 1265 habitabant,
1482 1198 1692 1254 eadem
1715 1213 1783 1253 ex
1826 1212 2037 1252 mensa
2055 1195 2223 1251 cibos

575 1300 635 1355 in
656 1298 782 1353 dies
809 1293 1224 1368 capessebant,
1258 1289 1468 1347 iisdem
1499 1288 1852 1357 gaudentes,
1891 1285 2101 1340 iisdem
2136 1284 2221 1340 vi-

577 1388 783 1445 cissim
797 1383 1353 1449 commovebantur,
1384 1375 2064 1447 unaforum,templum,
2082 1389 2223 1430 con-

578 1477 779 1534 ciones
826 1472 1126 1546 publicas,
1168 1467 1461 1543 palatium
1510 1464 1794 1522 adibant:
1840 1463 1978 1520 inde
2017 1478 2223 1518 rursus

580 1583 704 1624 non
735 1563 972 1635 singuli,
1003 1561 1107 1616 sed
1147 1574 1256 1632 pro
1307 1572 1473 1613 more
1520 1554 1648 1611 bini
1686 1554 1936 1609 domum
1972 1559 2222 1608 reverte-

580 1658 820 1727 bantur,
858 1652 1175 1709 miriticum
1213 1664 1275 1704 se
1307 1647 1453 1703 alter
1481 1645 1647 1701 alteri
1686 1644 1964 1701 comitem
1996 1641 2222 1715 praebe-

2328 483 2491 539 velut
2513 485 2999 557 sumptuosiores
3019 490 3254 561 quidam
3288 491 3651 559 margaritarii
3672 492 3919 549 uniones

2326 571 2706 641 smaragdos,
2719 572 3344 650 lychnitasquemagno
3354 579 3534 650 pretio
3546 585 3924 650 comparatos

2327 659 2465 715 inde
2528 660 2782 716 domum
2846 665 3231 735 asportabant,
3285 666 3468 722 satius
3528 683 3656 721 esse
3693 666 3825 735 rati,
3880 668 3927 724 si

2327 749 2689 819 dignitatum
2718 754 3124 822 praerogativas
3151 753 3338 827 pretio
3362 754 3477 810 sibi
3499 762 3926 826 compararent,

2325 854 2513 911 quam
2541 839 2589 894 si
2620 838 2698 895 ab
2738 839 2852 895 illis
2894 841 3035 896 ultro
3071 848 3442 898 ornarentur.
3495 844 3757 906 Quorum
3790 849 3930 902 certe

2328 928 2697 997 singularem
2719 929 3114 1002 eximiamque
3135 931 3412 987 virtutem
3430 931 3811 1004 imperatores
3840 951 3929 991 ex-

2327 1017 2499 1091 perti,
2537 1016 2705 1090 quod
2744 1018 3029 1073 nimirum
3072 1018 3217 1074 lucri
3278 1019 3642 1092 privataeque
3692 1022 3931 1079 utilitatis

2329 1110 2676 1179 contemptu
2718 1106 3062 1175 Aristidem,
3128 1108 3516 1179 temperantia
3555 1108 3932 1182 Hippolytum,

2334 1196 2847 1267 Bellerophontem
2887 1200 2944 1251 et
2970 1197 3321 1267 Josephum,
3361 1198 3506 1266 juris
3546 1198 3795 1271 denique
3834 1200 3932 1255 ob-

2334 1285 2630 1342 servantia
2682 1286 2955 1353 Minoem,
3022 1285 3255 1356 judices
3322 1285 3565 1342 minime
3614 1290 3932 1357 nummarii,

2331 1374 2507 1447 longe
2538 1379 2980 1447 praeverterent,
3018 1374 3199 1430 rebus
3244 1374 3401 1444 illos,
3441 1375 3557 1431 suis
3594 1376 3753 1432 domi
3782 1376 3934 1433 foris-

2331 1479 2450 1537 que
2474 1462 2890 1536 praafecerunt,
2947 1462 3299 1519 mrariorum
3346 1462 3477 1529 illis,
3530 1464 3934 1523 thesaurorum-

2330 1570 2448 1627 que
2473 1556 2531 1608 et
2569 1551 2985 1608 cubiculorum
3015 1567 3264 1609 suorum
3293 1553 3511 1624 ianuas
3546 1554 3933 1626 patefecerunt,

2333 1643 2691 1701 charissima
2731 1658 2987 1716 quaeque
3018 1658 3143 1699 non
3172 1659 3347 1699 secus
3378 1648 3556 1716 atque
3594 1643 3937 1701 familiarissi~

578 1746 702 1815 bat,
751 1749 815 1800 ut
865 1743 993 1814 jam
1052 1736 1465 1795 aemulandum
1533 1733 1908 1804 cognationis
1977 1748 2110 1805 par,
2168 1734 2295 1794 etB
2337 1734 2449 1791 mis
2501 1732 3019 1800 concrediderunt;
3067 1732 3201 1789 illos
3261 1733 3523 1806 denique
3575 1733 3635 1789 in
3676 1739 3866 1806 aperta
3894 1739 3939 1790 et

580 1833 1103 1892 auctoramentum
1134 1823 1554 1883 beatissimum
1586 1822 1647 1878 in
1665 1838 1766 1878 ore
1795 1821 2068 1878 omnium
2098 1835 2225 1875 ver-

580 1926 827 1991 saretur,
881 1926 1062 1991 atque
1100 1916 1252 1973 adeo
1317 1913 1579 1970 maxime
1625 1911 1944 1984 perspicua
2005 1914 2226 1981 tempe-

578 2012 785 2071 rantiae
802 2007 1169 2080 exemplaria
1189 2004 1484 2062 audirent.
1508 2001 1787 2069 Quandiu
1805 2004 1959 2056 certe
1987 1999 2226 2055 cmlibes

578 2106 847 2175 egerunt,
864 2098 1063 2155 nobile
1076 2112 1186 2169 par
1197 2095 1446 2151 fratrum
1462 2094 1687 2165 passim
1705 2090 2022 2146 hominum
2038 2090 2225 2145 incre-

576 2194 679 2251 bre
688 2207 860 2248 scens
873 2190 1268 2262 pervagatum
1281 2188 1387 2252 est,
1401 2186 1803 2256 posteaquam
1817 2195 1958 2236 vero
1974 2180 2227 2236 honora-

576 2282 683 2339 bili
744 2276 1026 2336 connibio
1082 2275 1145 2330 in
1200 2272 1485 2329 omnibus
1539 2274 1597 2326 et
1658 2275 1787 2326 toro
1837 2268 2225 2326 immaculato

575 2368 768 2442 jugati
798 2371 958 2433 sunt,
1004 2368 1132 2420 tum
1173 2378 1316 2419 vero
1339 2360 1451 2417 illis
1492 2359 1690 2415 afﬁnis
1739 2358 1899 2414 idem
1942 2357 2046 2430 qui
2077 2356 2225 2413 mihi

576 2459 759 2515 frater
787 2456 916 2512 fuit.
949 2453 1017 2510 Hi
1054 2452 1155 2509 alii
1191 2452 1447 2508 aliorum
1488 2448 1766 2505 medullis
1797 2453 1856 2504 et
1897 2447 2224 2503 visceribus

578 2548 715 2607 imis
775 2545 934 2602 velut
993 2542 1410 2616 colliquefacti,
1471 2556 1665 2612 usque
1729 2538 1882 2595 adeo
1938 2539 2224 2593 inhaerere

576 2641 907 2711 coeperunt,
936 2639 1002 2691 ut
1021 2633 1216 2690 statim
1239 2631 1370 2688 illos
1399 2632 1457 2686 in
1488 2645 1670 2686 unam
1691 2644 1958 2684 massam
1985 2643 2221 2683 concre-

576 2734 670 2786 tos
701 2727 914 2783 coiisse
935 2723 1130 2798 quivis
1154 2723 1557 2777 aestimaturus
1600 2724 1778 2783 esset,
1810 2733 1945 2790 qum
1977 2716 2220 2789 quidem

577 2817 745 2874 nullo
793 2813 1080 2887 temporis
1124 2816 1311 2868 tractu
1343 2809 1540 2865 dirimi
1573 2813 1675 2863 aut
1705 2807 2044 2863 intersecari
2083 2822 2221 2879 pos-

579 2912 686 2976 set,
728 2922 800 2962 ea
835 2905 1222 2978 potissimum
1274 2900 1348 2955 de
1379 2915 1584 2967 causa,
1616 2897 1781 2969 quod
1829 2896 2221 2952 Belissariotze

578 2997 827 3071 quidem
858 3010 967 3067 pro
999 2992 1122 3048 suis
1170 2988 1559 3059 dignitatibus
1602 2988 1662 3043 in
1706 2986 1852 3042 urbe
1882 2986 2223 3057 reipublicae

581 3084 920 3143 commodis
971 3079 1366 3146 consulerent,
1403 3077 1583 3133 frater
1633 3080 1834 3131 autem
1885 3091 2056 3131 meus
2101 3091 2223 3130 non

578 3175 641 3231 in
670 3175 819 3231 urbe
850 3177 1106 3231 tantum.
1153 3169 1257 3224 sed
1294 3167 1474 3245 etiam
1494 3166 1553 3221 in
1589 3164 1928 3238 provincias
1953 3170 2009 3219 et
2030 3163 2225 3219 muni-

580 3264 757 3336 cipia,
790 3267 854 3318 ut
873 3262 1000 3333 jam
1041 3258 1180 3329 dixi,
1203 3257 1280 3313 ab
1311 3256 1441 3313 aliis
1459 3255 1709 3327 aliisque
1767 3253 2228 3327 imperatoribus

581 3355 826 3419 missus,
858 3366 1059 3406 rerum
1090 3362 1345 3403 summie
1373 3345 1623 3417 prtefuit.

653 3447 913 3514 Tempus
943 3437 1189 3511 quidem
1238 3440 1391 3491 certe
1438 3434 1755 3490 mutationi
1790 3449 2230 3507 usquequaque

585 3537 802 3603 patens
837 3534 896 3584 et
924 3526 1289 3598 expositum,
1316 3522 1778 3596 imperatoribus
1805 3524 1981 3579 etiam
2013 3539 2228 3596 super-

591 3617 829 3672 stitibus
901 3614 1152 3686 imperia
1226 3610 1466 3680 ademit,
1530 3626 1566 3664 a
1639 3610 2231 3683 Sceptuchorumque

589 3703 873 3761 manibus
889 3702 1141 3773 abrepta
1160 3704 1397 3771 sceptra
1417 3699 1492 3754 ad
1515 3697 1684 3767 alios,
1698 3698 1776 3754 ab
1800 3699 2014 3771 hisque
2031 3700 2232 3756 denuo

590 3795 672 3851 ad
706 3792 857 3850 alios
885 3791 1216 3849 transtulit:
1252 3789 1416 3845 fratri
1457 3793 1658 3844 autem
1708 3804 1845 3844 meo
1884 3789 2146 3846 honores
2177 3795 2235 3847 et

586 3882 977 3952 magistratus
1005 3880 1289 3937 continua
1308 3878 1740 3950 imperatorum
1762 3878 2060 3934 successio
2089 3878 2233 3935 inte-

588 3988 728 4043 gros
765 3970 1169 4042 illibatosque,
1211 3984 1322 4024 nec
1360 3966 1535 4023 ullius
1579 3966 2231 4023 successioneinterru-

586 4067 721 4134 ptos
760 4060 1160 4125 conservavit,
1211 4060 1334 4115 imo
1373 4073 1514 4113 vero
1563 4057 1665 4129 qui
1704 4056 2232 4130 subsequebantur

585 4151 1057 4224 praecedentibus
1117 4165 1259 4219 erga
1311 4148 1479 4204 illum
1539 4147 1953 4204 benevolentia
2008 4148 2230 4204 anteire

586 4239 762 4310 quasi
802 4237 1254 4299 contendentes,
1307 4237 1385 4291 ad
1439 4236 1722 4309 pristinos
1768 4236 1923 4293 illius
1969 4237 2229 4293 honores

586 4326 816 4399 aliquid
846 4327 1092 4398 insuper
1121 4326 1505 4396 adjiciebant,
1535 4326 1646 4382 viri
1686 4326 1971 4383 nimirum
2011 4328 2224 4383 virtute

585 4416 1099 4488 obstupescentes,
1127 4418 1482 4485 tantumque
1512 4429 1585 4470 ex
1613 4415 1865 4487 imperio
1895 4433 2004 4472 suo
2030 4417 2224 4472 immi-

582 4504 688 4560 nui
732 4503 1161 4571 existimantes,
1221 4507 1519 4575 quantum
1559 4502 1633 4559 de
1683 4504 2014 4561 honoribus
2070 4505 2225 4561 illius

577 4593 1057 4651 imminueretur.

651 4687 854 4758 Neque
874 4700 1016 4741 vero
1056 4682 1333 4752 vulgares
1356 4688 1587 4739 tantum
1613 4687 1670 4739 et
1706 4683 1921 4756 plebeii
1950 4684 2224 4742 homines

578 4774 823 4848 (quibus
872 4774 952 4832 ad
981 4774 1241 4830 honores
1282 4773 1380 4829 vix
1411 4772 1566 4829 ullus
1598 4778 1758 4845 patet
1817 4773 2036 4845 aditus,
2065 4793 2221 4849 quo-

573 4879 788 4922 rumve
861 4864 1176 4923 conatibus
1236 4865 1477 4922 fortuna
1535 4865 1767 4922 tenuior
1809 4870 1864 4921 et
1910 4865 2223 4924 obscurior

571 4953 812 5011 obstare
862 4956 1032 5027 solet)
1081 4956 1309 5029 palatia
1360 4955 1845 5028 frequentabant,
1903 4958 2221 5030 quantovis

569 5042 762 5114 pretio
801 5043 1095 5101 honorem
1136 5044 1215 5099 ab
1251 5045 1715 5117 imperatoribus
1758 5045 2025 5102 delatum
2070 5048 2220 5102 aesti-

566 5130 841 5195 mabant,
897 5133 1263 5206 publicaque
1309 5150 1433 5206 qua
1464 5140 1742 5208 poterant
1788 5140 1911 5192 arte
1942 5152 2214 5203 munera,

2333 1822 2654 1896 propatula
2686 1820 2855 1877 urbis
2884 1820 3408 1879 administratione
3432 1837 3682 1892 magnos
3704 1822 3939 1892 logothe-

2334 1918 2448 1978 tas,
2472 1911 2733 1984 ephoros
2755 1915 2811 1966 et
2829 1909 3191 1983 polyarchas
3221 1910 3710 1982 designaverunt.
3732 1910 3938 1967 illorum

2334 2002 2493 2058 enim
2524 2001 2758 2066 virtute,
2789 1999 2968 2056 veluti
2999 1999 3267 2072 quodam
3295 2016 3505 2072 regno,
3535 2001 3824 2057 civitatum
3854 2017 3938 2071 gu-

2333 2089 2663 2147 bernacula
2694 2089 2772 2145 ita
2807 2094 3266 2154 exornaverunt,
3301 2095 3368 2146 ut
3404 2106 3477 2145 ea
3506 2091 3699 2163 potius
3728 2089 3799 2146 ab
3825 2090 3935 2161 illis,

2333 2196 2521 2254 quam
2551 2178 2633 2235 illi
2665 2178 2742 2234 ab
2786 2178 2921 2233 ullis
2971 2194 3170 2234 rerum
3212 2178 3600 2252 publicarum
3624 2179 3938 2245 honoribus,

2333 2269 2596 2344 praemiis
2636 2274 2739 2326 aut
2765 2268 3105 2340 splendore.
3132 2274 3543 2339 Augustorum
3578 2268 3942 2325 muniﬁcentia

2334 2359 2563 2416 collatis
2590 2358 3049 2414 illustrarentur.
3083 2361 3206 2413 lmo
3246 2374 3411 2425 vero,
3438 2363 3504 2415 ut
3521 2358 3717 2415 dicam
3737 2359 3788 2414 id
3806 2358 3941 2430 quod

2331 2465 2427 2505 res
2467 2453 2573 2520 est,
2621 2447 2700 2503 ab
2731 2447 3013 2515 Augustis
3038 2447 3098 2501 in
3128 2446 3602 2504 clarissimorum
3644 2453 3941 2521 temporum

2335 2554 2586 2594 suorum
2625 2541 3007 2604 ornamenta,
3075 2535 3552 2610 reipublicaaque
3578 2537 3945 2608 gubernacula

2333 2645 2406 2684 ex
2429 2627 2629 2699 legum
2653 2625 2999 2699 praescripto
3026 2625 3408 2683 moderanda
3432 2627 3609 2700 quasi
3628 2641 3944 2682 communes

2331 2718 2581 2790 quidam
2605 2716 2951 2783 harmostre,
2973 2731 3288 2771 morumve
3309 2716 3607 2787 magistri,
3634 2716 3943 2775 creatisunt:

2333 2804 2675 2876 cujusmodi
2714 2803 3028 2876 quondam
3059 2804 3454 2873 magistratus
3487 2822 3629 2861 suos
3670 2805 3821 2861 nullo
3845 2820 3946 2859 non

2332 2896 2634 2951 honorum
2659 2893 2850 2963 gradu
2872 2909 3010 2949 cum
3032 2892 3299 2949 maxima
3320 2895 3419 2950 sui
3460 2895 3717 2951 nominis
3740 2893 3946 2950 celebri-

2333 2990 2450 3041 tate
2493 2982 2835 3056 perfunctos
2879 2981 3290 3039 vetustissima
3333 2983 3444 3040 illa
3491 2987 3678 3041 Roma
3711 2984 3942 3051 noverat,

2335 3071 2712 3145 quivicissim
2746 3071 2909 3126 urbis
2937 3071 3109 3143 illius,
3157 3087 3292 3144 quae
3322 3078 3681 3130 caeterarum
3709 3071 3945 3129 omnium

2337 3160 2508 3218 facile
2557 3161 2835 3233 princeps
2885 3166 3025 3216 tunc
3074 3161 3364 3233 temporis
3418 3164 3678 3221 floreret.
3725 3159 3946 3233 imperii-

2337 3269 2453 3325 que
2512 3255 2603 3307 sui
2652 3251 2801 3306 fines
2842 3250 3017 3321 longe
3062 3250 3299 3324 lateque
3341 3253 3748 3323 protenderet,
3797 3264 3946 3306 orna-

2338 3346 2541 3398 menta
2586 3341 2645 3396 in
2690 3356 3012 3396 commune
3066 3341 3245 3398 totius
3309 3341 3479 3398 orbis
3542 3344 3946 3404 ornamentum,

2337 3445 2847 3503 communemque
2880 3430 3163 3488 humanas
3214 3430 3519 3488 societatis
3564 3432 3849 3490 utilitatem
3871 3441 3945 3482 ce-

2338 3523 2478 3578 dere
2508 3521 2953 3577 arbitrarentur.

2413 3615 2480 3668 Ut
2526 3628 2653 3667 rem
2705 3609 2916 3683 paucis
2959 3610 3299 3683 expediam,
3339 3609 3514 3669 salva
3560 3611 3797 3684 quidem
3838 3608 3950 3661 sunt

2340 3700 2748 3774 prosperitatis
2766 3699 3048 3755 humanae
3060 3700 3544 3772 propugnacula,
3561 3701 3771 3757 Pharos
3781 3702 3948 3753 autem

2338 3797 2395 3847 et
2429 3796 2658 3863 portus,
2703 3805 2962 3863 quorum
3006 3788 3110 3846 illa
3160 3794 3297 3845 sunt
3331 3790 3717 3848 adminiculis
3746 3800 3949 3845 consero

2338 3887 2499 3949 vata,
2534 3879 2918 3950 naufragium
2947 3878 3123 3935 nobis
3144 3877 3388 3936 abstulit
3421 3885 3525 3950 (‘5).

2411 3970 2520 4037 Qui
2550 3975 2750 4025 tamen
2793 3969 2909 4024 hoc
2955 3967 3083 4024 fieri
3121 3972 3333 4041 potest,
3376 3974 3440 4025 ut
3479 3974 3779 4027 tantorum
3815 3965 3947 4020 viro-

2337 4075 2473 4115 rum
2504 4060 2746 4115 virtutes
2780 4064 2901 4114 tam
2928 4059 3249 4122 succincte,
3282 4058 3610 4132 verbisque
3642 4063 3757 4114 tam
3775 4050 3948 4128 paucis

2338 4150 2418 4205 ita
2464 4148 2860 4222 percurram?
2904 4152 2969 4203 ut
3022 4147 3282 4219 plurima
3319 4146 3558 4205 silentio
3606 4139 3948 4221 praeteream?

2336 4239 2553 4312 partim
2579 4237 2824 4310 quidem
2866 4237 3151 4293 confusus
3184 4252 3256 4292 ex
3287 4253 3379 4303 eo,
3419 4237 3591 4310 quod
3618 4236 3819 4294 affectu
3852 4229 3947 4285 sim

2336 4328 2669 4385 vehementi
2694 4331 2751 4383 et
2773 4328 3069 4383 concitato
3098 4327 3290 4396 magis
3316 4342 3503 4399 quam
3528 4327 3706 4385 bonis
3733 4323 3836 4381 illis
3863 4316 3949 4377 ad-

2336 4420 2519 4476 ducto
2546 4424 2602 4475 et
2631 4433 2939 4491 persuaso,
2971 4417 3193 4490 quibus
3233 4417 3368 4474 etin
3417 4418 3533 4474 vita
3571 4415 3785 4491 prmditi
3819 4416 3872 4467 et
3893 4408 3947 4465 in

2337 4516 2528 4566 morte
2558 4523 2682 4564 non
2730 4508 2856 4564 sine
2902 4522 3128 4576 magno
3161 4506 3366 4563 saeculi
3406 4510 3599 4565 nostri
3627 4502 3947 4563 detrimento

2334 4598 2549 4672 privati
2576 4599 2812 4654 fuerunt
2841 4614 2854 4651 :
2885 4598 3101 4669 partim
3133 4612 3271 4653 vero
3314 4597 3546 4653 cautius
3588 4590 3945 4671 prospiciens,

2334 4705 2407 4746 ne
2433 4691 2570 4762 quis
2602 4689 2759 4745 hanc
2788 4688 3127 4743 orationem
3150 4686 3450 4757 suggillet,
3475 4692 3539 4742 ut
3569 4701 3703 4760 quas
3725 4673 3944 4738 instituti

2333 4779 2669 4851 argumenti
2699 4778 2905 4840 oblita,
2931 4778 3223 4848 majorem
3254 4776 3535 4848 Thylaco,
3570 4782 3635 4834 ut
3661 4774 3719 4832 in
3739 4780 3945 4846 prover-

2331 4869 2433 4926 bio
2459 4874 2564 4938 est,
2604 4867 3010 4923 accessionem
3034 4866 3251 4923 fecerit.

2403 4956 2909 5029 Quandoquidem
2931 4970 3091 5012 nova
3122 4955 3282 5023 Sion,
3317 4971 3440 5012 non
3472 4971 3648 5012 secus
3673 4957 3839 5025 atque
3865 4958 3943 5000 ve-

2330 5054 2426 5105 tus
2450 5047 2570 5115 illa,
2594 5063 2630 5102 a
2661 5047 2783 5103 suis
2815 5049 2977 5102 tanto
3022 5045 3084 5101 in
3109 5060 3307 5101 rerum
3349 5044 3692 5101 discrimine
3711 5038 3940 5097 deserta,

2326 5137 2386 5194 in
2438 5136 2701 5193 hostium
2752 5149 2971 5191 manus
3001 5132 3227 5197 incidit,
3260 5136 3318 5189 et
3346 5132 3613 5190 funditus
3633 5142 3827 5188 eversa
3848 5124 3942 5180 est.

563 5219 727 5275 lucto
756 5218 979 5276 addicti
1005 5222 1384 5278 venabantur
1408 5241 1421 5291 ;
1450 5222 1555 5279 sed
1586 5223 1645 5279 hi
1675 5224 1856 5281 etiam
1886 5225 1960 5281 de
1989 5225 2214 5298 quibus

562 5306 711 5364 mihi
742 5324 940 5365 sermo
972 5313 1077 5376 est,
1104 5325 1224 5365 una
1250 5326 1387 5366 cum
1406 5312 1635 5368 virtutis
1656 5318 1709 5369 et
1732 5313 1968 5370 honesti
2002 5330 2211 5371 aman-

564 5396 722 5453 tibus
768 5396 871 5454 illo
918 5414 980 5455 se
1036 5397 1442 5470 conferebant,
1484 5400 1758 5475 beneque
1812 5403 1887 5458 de
1930 5407 2210 5475 Augustis

2325 5226 2629 5299 Quidquid
2651 5225 2828 5281 etiam
2852 5224 2911 5280 in
2929 5239 3001 5280 ea
3021 5221 3421 5296 supplementi
3449 5221 3560 5288 ,vel
3581 5219 3940 5299 latebrarum.

2322 5316 2417 5373 vel
2444 5297 2591 5372 levis
2623 5317 2913 5371 armatum
2932 5311 3244 5383 beneﬁcio,
3280 5326 3502 5367 manus
3546 5306 3783 5367 hostiles
3814 5297 3942 5398 sult-

2321 5406 2660 5477 terfugerat,
2693 5403 2953 5461 Nicaeam
2980 5401 3264 5475 Bithyniae
3307 5400 3684 5474 metropolim
3708 5403 3944 5454 commt-

636 5577 713 5650 (5)
734 5576 956 5637 Alludit
980 5577 1060 5637 ad
1080 5577 1228 5637 illud
1255 5578 1409 5652 Scip.
1442 5581 1667 5639 Nasicae
1701 5581 1867 5656 apud
1888 5583 1953 5641 Β.
1975 5587 2131 5657 Aug.
2162 5583 2240 5647 de
2269 5584 2439 5646 Civit.
2463 5584 2563 5642 Dei
2583 5583 2685 5641 lib.
2714 5600 2731 5640 ι
2761 5602 2773 5640 :
2806 5585 2987 5641 Stant
3014 5582 3254 5647 mwm’a,
3283 5588 3470 5637 ruunt
3502 5592 3713 5638 mores.
