4152 6208
76 20 161 213 l/

216 286 331 339 369

1405 288 1724 345 MONODIA
1762 290 1831 345 IN
1870 289 2198 348 FRATREM
2240 291 2450 350 SUUM.
3530 291 3636 344 370

210 408 435 477 gravii,
493 406 696 477 ibique
725 404 882 462 adeo
904 423 1064 464 nunc
1129 410 1425 481 exsulant,
1467 412 1571 485 qui
1596 413 1875 470 hesterno
1904 422 1954 477 Α
1995 432 2129 488 quae
2162 416 2413 473 civitatis
2442 418 2641 474 unitas
2692 418 2983 475 dissoluta
3034 414 3313 474 concidit!
3374 417 3638 486 quantus

206 494 310 550 die
342 495 694 552 concivium
753 513 1002 553 suorum
1054 498 1270 555 laetitiae
1313 501 1727 574 congratulati,
1772 503 1877 559 ho-

207 584 452 656 dierno,
477 589 636 661 proh
659 589 865 647 dolor!
891 588 1281 645 maerentibus
1306 591 1760 660 congemiscunt
1780 611 1791 647 :
1814 596 1878 648 ut

206 675 321 746 qui
351 676 552 733 beata:
574 685 753 736 antea
774 678 999 735 civitati
1020 683 1374 733 ornamento
1392 678 1662 747 fuerunt,
1696 680 1878 736 iidem

206 763 401 822 hodie
422 767 645 824 infelici
676 768 961 826 solatium
986 767 1257 824 afferant.
1291 768 1363 822 lis
1384 769 1546 825 enim
1577 769 1723 841 ipsis
1743 787 1879 843 quae

207 852 531 927 dicebant,
562 873 823 932 quaque
853 858 1108 931 sapienti
1136 860 1192 913 et
1221 874 1446 928 magno
1478 859 1681 915 animo
1711 859 1883 916 disci-

205 944 402 1017 plina:
425 950 634 1004 attenti
650 948 1057 1021 patiebantur,
1074 963 1196 1003 non
1215 963 1431 1020 parum
1451 948 1882 1005 consolationis

205 1033 816 1107 afferebant,ignavit
830 1053 949 1109 que
961 1037 1217 1109 pectoris
1241 1041 1297 1092 et
1310 1037 1632 1093 hebetioris
1656 1038 1880 1110 ingenii

205 1122 579 1180 hominibus
603 1141 727 1182 non
748 1141 974 1199 parvos
998 1124 1077 1181 ad
1096 1124 1505 1181 fortitudinem
1564 1142 1880 1199 capessen-

205 1212 367 1268 dam
395 1213 642 1270 aculeos
663 1214 1034 1286 adjiciebant
1059 1256 1075 1271 .

291 1304 500 1374 Itaque
539 1303 1067 1376 quemadmodum
1114 1303 1377 1359 Ezechiel
1426 1308 1477 1361 et
1532 1304 1738 1360 Daniel
1779 1320 1883 1360 eos

208 1391 328 1463 qui
352 1391 521 1464 apud
538 1392 912 1465 Babylonem
928 1394 1132 1449 animo
1152 1392 1884 1463 deﬁciebant,exclaman-

208 1483 311 1537 tes
332 1497 347 1536 :
370 1482 771 1538 Exaruernnt
788 1497 922 1539 ossa
942 1490 1171 1548 nostra,
1189 1498 1316 1551 spes
1345 1489 1553 1539 nostra
1565 1483 1885 1555 desperata

253 1569 446 1627 cilicet
474 1572 725 1627 evanuit
758 1577 775 1627 ι
807 1589 823 1625 :
848 1570 1301 1643 perapposisitis
1323 1570 1636 1643 colloquiis
1654 1587 1882 1628 recrea-

215 1657 375 1716 bant
404 1702 421 1727 ,
452 1658 733 1733 quandiu
760 1659 915 1716 vivis
947 1657 1061 1715 illis
1086 1659 1236 1726 frui,
1257 1659 1535 1732 quandiu
1566 1660 1887 1717 condolen-

224 1710 373 1716 η.-
404 1710 421 1727 ,
456 1710 733 1733 γη---
777 1710 913 1716 η---
947 1710 1058 1715 ___-
1086 1710 1236 1726 ____,
1263 1710 1535 1732 ,ππ--
1571 1710 1864 1717 --__-_-_

224 1752 312 1804 tes
342 1752 404 1805 et
442 1750 832 1805 consolantes
886 1748 1140 1822 experiri
1191 1748 1374 1816 licuit,
1421 1749 1648 1805 leviora
1674 1748 1888 1823 procul
1916 1710 1960 1767 Β

223 1836 416 1893 dubio
441 1837 702 1894 fortunae
743 1837 859 1894 tela
884 1837 1241 1907 sentiebant,
1267 1854 1379 1894 nec
1407 1838 1657 1895 omnino
1702 1854 1739 1894 a
1786 1854 1891 1911 pa-

223 1928 340 1983 tria
371 1943 435 1984 se
457 1944 571 1984 sua
592 1928 867 1984 exsulare
899 1926 1367 1998 arbitrabantur,
1395 1932 1463 1983 ut
1490 1927 1594 1999 qui
1611 1927 1888 2001 pulcher-

223 2018 385 2074 rima
409 2018 668 2074 civitatis
700 2035 823 2074 suae
840 2017 1115 2086 donaria,
1144 2018 1463 2091 capitaque
1490 2018 1639 2074 adeo
1661 2017 1886 2090 quibus

225 2106 583 2178 reipublicae
612 2105 972 2177 gubernatio
999 2106 1289 2174 innititur,
1326 2105 1506 2161 etiam
1528 2110 1656 2161 tum
1686 2110 1890 2162 osten-

228 2200 453 2252 tarent.
487 2198 618 2252 Non
649 2196 811 2251 enim
832 2211 904 2251 ex
934 2195 1258 2263 mmnibus,
1291 2195 1624 2268 quamlibet
1652 2196 1754 2252 illa
1784 2197 1889 2251 ho-

234 2284 476 2341 minum
509 2285 796 2341 manibus
823 2284 1051 2341 affabre
1100 2289 1343 2355 structa,
1388 2289 1493 2341 aut
1518 2285 1681 2341 tectis
1704 2284 1889 2340 subli-

241 2374 476 2439 mibus,
510 2380 608 2431 aut
629 2374 979 2447 porticibus,
1013 2379 1114 2430 aut
1132 2374 1258 2431 foro
1280 2379 1569 2431 exornata
1594 2375 1729 2442 sint,
1749 2391 1893 2431 vera

241 2464 505 2520 civitatis
524 2464 708 2520 forma
734 2463 1036 2537 dependet
1058 2468 1156 2529 (6);
1188 2464 1297 2520 sed
1324 2465 1726 2521 exhominum
1752 2480 1891 2537 pro-

235 2553 451 2618 bitate,
520 2553 851 2623 honestate,
911 2553 1236 2623 religione:
1296 2553 1520 2625 quibus
1549 2553 1893 2626 quicunque

233 2643 531 2715 praeditus
553 2646 658 2709 est,
686 2644 868 2700 etiam
900 2642 950 2698 si
971 2642 1085 2698 sub
1123 2658 1350 2715 quercu
1399 2646 1723 2715 pernoctet,
1772 2658 1894 2698 me-

233 2731 401 2789 lioris
427 2732 523 2789 ille
553 2738 784 2789 naturae
812 2732 1035 2805 hospes
1059 2730 1331 2804 efﬁcitur,
1372 2731 1608 2802 dignior
1632 2732 1891 2799 interim,

233 2838 420 2896 quem
447 2821 673 2877 civium
700 2837 954 2878 suorum
984 2822 1257 2894 catalogo
1283 2822 1569 2895 quaslibet
1602 2821 1750 2877 urbs
1798 2836 1894 2877 ac-

237 2916 505 2982 censeat,
528 2926 605 2967 ne
619 2911 820 2968 dicam
848 2910 1150 2967 mundum
1180 2910 1403 2984 ipsum,
1435 2916 1893 2983 quantusquan-

238 3005 336 3057 tus
368 3005 484 3065 est,
518 3002 685 3057 hisce
715 3001 989 3058 moribus
1016 2999 1216 3056 incola
1253 3016 1500 3073 prorsus
1550 2999 1891 3070 indignum.

306 3093 454 3157 Quae
475 3089 1271 3164 quidemjomnia,tanquam
1287 3089 1403 3162 piae
1418 3088 1670 3145 civitatis
1683 3088 1898 3144 funda-

237 3184 467 3244 menta,
495 3183 821 3252 praesentes
844 3178 925 3235 illi
955 3178 1045 3235 vel
1066 3179 1195 3235 solo
1209 3183 1359 3234 nutu
1373 3177 1809 3251 adimplebant,
1833 3180 1900 3235 ut

233 3285 502 3344 quorum
535 3269 755 3325 animis
782 3268 1127 3340 reipublicae
1164 3268 1318 3324 bene
1349 3268 1681 3323 constitutae
1703 3265 1898 3321 forma

236 3359 419 3415 altius
436 3359 738 3431 impressa
757 3362 930 3429 esset,
958 3372 1028 3414 ac
1052 3356 1101 3412 si
1122 3357 1391 3428 ejusdem
1406 3356 1568 3428 leges
1590 3355 1894 3421 animatae,

232 3447 678 3522 quoddamque
715 3446 878 3503 velut
931 3446 1265 3519 superstitis
1322 3444 1899 3517 Contantinopoleos

234 3536 769 3610 propugnaculum
799 3538 1427 3607 essent.Posteaquam
1450 3550 1589 3592 vero
1612 3550 1723 3606 par
1750 3532 1899 3589 illud

236 3626 496 3682 fratrum
522 3625 926 3683 sanctimoniae
941 3624 1105 3682 fama
1130 3624 1477 3694 celebrium,
1500 3624 1581 3681 ad
1597 3623 1900 3680 ccelestem

237 3715 407 3771 illam
438 3717 718 3788 rempub.
761 3715 971 3787 paucis
1004 3720 1141 3772 ante
1183 3714 1399 3770 diebus
1452 3717 1766 3770 evocatum
1790 3717 1898 3782 est,

240 3820 356 3860 nec
377 3805 462 3860 ita
491 3804 681 3861 multo
705 3809 845 3878 post
884 3804 1067 3861 frater
1093 3804 1189 3860 ille
1240 3820 1436 3875 meus,
1486 3802 1592 3876 qui
1639 3802 1901 3858 duorum

235 3892 390 3964 jugo
413 3895 621 3950 tertius
640 3893 1337 3966 accesserat,eodemque
1356 3908 1480 3965 quo
1503 3891 1585 3947 illi
1599 3890 1901 3947 senatorio

239 3997 497 4038 munere
524 3981 912 4053 fungebatur,
936 3998 1062 4038 una
1089 3996 1330 4054 quoque
1361 3997 1501 4037 cum
1536 3980 1649 4036 illis
1671 3996 1903 4036 assum-

244 4077 411 4147 ptus,
441 4072 766 4143 aeternique
793 4075 1034 4126 senatus
1056 4070 1194 4127 albo
1216 4071 1553 4142 adscriptus
1601 4074 1711 4137 est;
1760 4073 1904 4124 tunc

247 4176 387 4217 vero
444 4160 634 4216 nostri
690 4159 771 4215 illi
842 4159 1424 4231 Megalopolitani(7),
1482 4158 1588 4231 qui
1645 4157 1902 4213 Nicaeam

241 4250 816 4320 commigraverant,
842 4248 977 4305 illos
1030 4264 1066 4304 a
1112 4264 1175 4304 se
1221 4248 1516 4304 abductos
1565 4251 1900 4312 senserunt,

1988 505 2290 561 bonorum
2322 507 2599 563 cumulus
2621 508 2892 563 inversus
2914 507 3023 562 est!
3049 505 3292 578 qualem
3320 501 3636 575 probitatis

1988 595 2442 668 honestatisque
2469 597 2759 668 triplicem
2776 595 3212 666 funiculum(8),
3242 608 3364 648 non
3390 590 3638 647 calami-

1990 688 2180 741 tatum
2208 686 2500 758 quidem,j
2511 691 2651 744 uxta
2673 689 2912 760 sapiens
2942 685 3091 741 illud
3114 684 3423 756 ἀποφθεγμα
3440 681 3640 736 disru-

1989 774 2073 845 pit
2102 781 2508 847 emo-mazq,aut
2537 777 3053 833 circumstantium
3085 789 3338 830 casuum
3351 770 3637 827 violentia

1988 864 2249 931 divulsit,
2283 870 2342 921 at
2371 865 2499 922 sola
2526 882 2689 922 mors
2718 881 2964 922 auream
2995 864 3255 919 virorum
3282 861 3520 917 illorum
3536 874 3637 915 ca-

1990 958 2190 1010 tenam
2214 954 2570 1019 dissolvens,
2605 954 3025 1026 sigillatimque
3055 952 3380 1024 dissipans,
3424 948 3504 1005 ad
3545 947 3635 1003 ni-

1989 1042 2177 1099 hilum
2208 1045 2456 1100 tandem
2484 1044 2731 1115 redegit:
2778 1058 3039 1115 cumque
3069 1042 3223 1097 adeo
3251 1037 3640 1096 clementissi-

1990 1150 2126 1188 mus
2150 1133 2246 1188 ille
2274 1134 2385 1201 vir,
2419 1136 2805 1206 optimusque
2826 1132 3069 1189 Michael
3097 1130 3329 1203 primus
3358 1128 3480 1184 fato
3499 1141 3637 1183 con-

1991 1220 2284 1291 cessisset,
2320 1238 2393 1278 ex
2430 1222 2588 1276 facili
2642 1222 2744 1278 illa
2772 1226 2829 1277 et
2879 1220 3132 1292 simplici
3163 1218 3369 1275 anima
3398 1220 3635 1271 tantum

1991 1310 2301 1381 superfuit,
2316 1315 2612 1382 quantum
2634 1309 3132 1381 Megalopolitana
3144 1306 3382 1363 colonia
3412 1320 3553 1360 suos
3573 1305 3638 1360 in

1993 1415 2137 1454 usus
2165 1399 2447 1471 reposuit:
2480 1401 2728 1456 unicum
2756 1398 2992 1455 interim
3024 1397 3303 1453 dolorum
3332 1394 3637 1463 solatium,

1991 1486 2357 1559 locupletem
2385 1488 2554 1543 illum
2586 1487 2806 1543 scilicet
2826 1486 3291 1557 multiscumque
3340 1486 3637 1539 Joannem

1994 1576 2105 1632 sibi
2138 1591 2508 1648 proponens;
2539 1576 3010 1648 illum,inquam,
3033 1574 3138 1647 qui
3159 1572 3407 1630 consilio
3429 1576 3643 1642 etpru-

1996 1663 2196 1721 dentia
2246 1665 2508 1737 reliquos
2560 1663 2910 1721 antecellere
2962 1662 3143 1732 cives,
3174 1659 3643 1733 reipublicaeque

1997 1753 2151 1810 adeo
2168 1754 2391 1826 optime
2405 1754 2743 1810 constitutas
2764 1753 2966 1809 vivum
2979 1750 3287 1823 exemplar
3312 1748 3644 1805 dicebatur.

2069 1844 2284 1899 Verum
2303 1847 2702 1916 posteaquam
2723 1841 2934 1914 paucis
2961 1839 3277 1911 interjectis
3297 1838 3510 1894 diebus
3529 1836 3646 1892 hoc

1998 1948 2238 2005 quoque
2270 1932 2512 1988 fratrem
2535 1931 2854 1989 subsecuta
2885 1934 3093 1985 nostra
3147 1927 3387 1985 colonia
3434 1925 3647 1982 orbata

1998 2027 2108 2085 est,
2141 2026 2321 2095 atque
2327 2023 2493 2092 justa
2513 2020 2707 2076 funeri
2737 2020 2867 2091 ejus
2889 2017 3191 2092 persolvit,
3215 2016 3447 2072 Nicetas
3464 2014 3647 2069 frater

1998 2125 2169 2166 meus
2202 2114 2530 2183 supererat,
2560 2125 2743 2183 quem
2780 2108 2881 2164 illa
2919 2106 3294 2181 praedicaret,
3349 2108 3644 2175 tanquam

1999 2217 2160 2267 eum,
2179 2216 2302 2273 quo
2330 2199 2393 2257 in
2422 2215 2544 2255 uno
2575 2214 2786 2256 omnes
2808 2198 2995 2254 animi
3020 2196 3281 2252 duorum
3302 2192 3649 2267 praeceden-

2000 2292 2147 2349 tium
2168 2290 2337 2347 dotes
2365 2290 2789 2359 elucescerent,
2819 2289 2993 2360 cujus
3041 2286 3222 2343 etiam
3277 2299 3465 2340 causa
3522 2297 3647 2338 non

2000 2396 2254 2453 parvam
2284 2381 2489 2437 animo
2509 2378 3022 2452 exspectationem
3052 2377 3430 2446 conceperat.
3456 2373 3649 2438 Quem

2002 2470 2180 2527 simul
2211 2474 2393 2541 atque
2416 2468 2731 2538 naufragio
2759 2472 3136 2539 postremum
3168 2462 3391 2531 amisit,
3434 2462 3655 2516 immo-

2001 2560 2151 2616 dicis
2172 2559 2352 2615 hodie
2382 2558 2693 2614 doloribus
2724 2557 3027 2624 fatiscens,
3056 2560 3350 2625 tanquam
3372 2550 3653 2606 ﬂuctibus

2003 2647 2321 2712 adobruta,
2351 2646 2431 2703 ad
2460 2647 2773 2719 imumque
2804 2645 3085 2700 demersa
3114 2641 3417 2712 est.Hujus
3447 2638 3657 2694 audita

2004 2743 2215 2807 morte,
2244 2737 2359 2792 dici
2388 2752 2512 2793 non
2543 2740 2739 2808 potest
2765 2737 3027 2807 quantos
3051 2733 3112 2788 in
3138 2731 3334 2787 luctus
3382 2726 3656 2785 inciderit

2003 2828 2163 2898 Asia,
2191 2843 2500 2900 quamque
2529 2825 2794 2899 querulis
2823 2822 3100 2881 lamentis
3147 2818 3466 2893 queritanti
3504 2832 3656 2873 mce-

2009 2917 2153 2972 stior
2183 2919 2421 2989 Europa
2434 2913 2835 2988 responderit,
2864 2911 3045 2968 simul
3061 2916 3240 2982 atque
3260 2908 3334 2964 de
3352 2921 3646 2962 commun

1927 3031 1967 3089 ρ
2007 3007 2282 3063 omnium
2310 3005 2540 3062 damno
2570 3004 2783 3060 certior
2812 3002 2972 3059 facta
3000 3005 3108 3057 est.
3142 2997 3313 3063 Quod
3343 2996 3391 3051 si
3418 2995 3656 3089 utrique

2006 3094 2335 3152 continenti
2354 3089 2875 3149 velutuniversale
2904 3089 3095 3145 fatum
3136 3089 3366 3141 tantam
3418 3081 3656 3138 cladem

2006 3183 2350 3255 intulit(sive
2380 3182 2741 3254 probitatem
2773 3183 3028 3250 utraque
3058 3180 3223 3231 tuam
3246 3177 3383 3229 ante
3414 3174 3659 3244 experta

2007 3274 2221 3343 fuerat,
2244 3273 2369 3328 sive
2394 3286 2596 3327 rerum
2618 3275 2725 3326 ate
2754 3266 3039 3341 praeclare
3061 3268 3366 3334 gestarum
3385 3261 3552 3317 fama
3578 3259 3660 3316 ad

2008 3362 2361 3421 earumdem
2386 3376 2562 3417 aures
2586 3356 2978 3432 pervenerat),
3003 3357 3069 3411 ut
3088 3359 3211 3410 tam
3229 3367 3385 3423 aegre
3401 3353 3659 3406 mortem

2008 3459 2200 3521 tuam,
2229 3467 2268 3509 o
2320 3449 2679 3507 charissima
2720 3442 3392 3514 mihisanctissimaque
3430 3439 3658 3507 anima,

2011 3542 2268 3609 tulerint,
2302 3555 2484 3612 quem
2513 3554 2650 3608 nos,
2680 3550 2909 3610 quaeso,
2941 3531 3259 3605 gemitibus
3291 3535 3346 3587 et
3397 3527 3657 3602 querelis

2012 3631 2263 3689 modum
2292 3631 2601 3703 imponere
2625 3624 2951 3683 debemus?
2979 3622 3082 3696 qui
3102 3622 3152 3677 si
3173 3619 3659 3691 cujusmodicun-

2011 3740 2129 3795 que
2176 3721 2441 3786 habitus,
2474 3724 2577 3776 aut
2624 3714 3020 3789 cognationis,
3053 3717 3116 3770 ut
3141 3712 3272 3783 jam
3303 3711 3447 3777 dixi,
3505 3709 3657 3766 ratio

2010 3811 2309 3868 habeatur
2338 3810 2594 3883 (generis
2642 3808 2804 3864 enim
2854 3806 3024 3877 origo
3071 3802 3287 3859 eadem
3343 3799 3521 3857 nobis
3551 3803 3660 3868 est)

2013 3901 2345 3957 innumeris
2370 3898 2728 3956 aﬂlictamur
2750 3894 2978 3952 modis?
2990 3909 3121 3958 nos,
3140 3891 3412 3963 inquam,
3432 3888 3658 3961 quibus

2014 3994 2126 4047 ate
2155 3989 2493 4047 ofﬁciorum
2515 3987 2886 4043 inﬁnitorum
2917 3980 3195 4039 cumulus
3227 3978 3499 4045 accessit,
3522 3977 3658 4049 qui-

2012 4081 2129 4137 bus
2144 4086 2259 4137 tuaz
2274 4080 2501 4136 virtutis
2514 4074 2825 4147 ergonulla
2839 4089 2961 4131 non
2972 4070 3450 4143 honorisspecics
3464 4082 3661 4124 accre-

2013 4171 2117 4239 vit,
2146 4169 2249 4242 qui
2274 4184 2397 4225 non
2423 4169 2704 4237 exiguam
2727 4184 2798 4224 ex
2819 4168 3000 4224 rebus
3028 4172 3137 4224 ate
3167 4161 3453 4238 praeclare
3476 4157 3657 4228 gestis

2010 4261 2253 4317 laudem
2284 4264 2487 4316 nostro
2516 4259 2691 4332 quasi
2716 4259 2849 4330 jure
2879 4258 3055 4315 nobis
3086 4255 3498 4315 vendicamus,
3517 4263 3659 4304 cum

243 4344 391 4396 tunc
416 4355 542 4395 uno
563 4339 836 4395 omnium
857 4353 1157 4395 consensu
1186 4336 1383 4392 nudos
1405 4352 1487 4406 se,
1512 4336 1893 4409 pristinaaque

2012 4366 2173 4407 nunc
2202 4348 2447 4406 tandem
2478 4349 2605 4404 sine
2632 4348 2755 4404 ulla
2788 4364 2959 4404 mora
2989 4350 3047 4404 et
3075 4342 3389 4403 confestim
3433 4356 3546 4396 nos
3577 4336 3661 4393 tui

244 4429 458 4501 gloria
471 4430 843 4486 ornamentis
862 4427 1151 4501 spoliatos
1171 4429 1567 4498 agnoverunt:
1588 4430 1728 4482 tunc
1740 4424 1902 4481 deni-

242 4535 367 4593 que
397 4535 463 4575 se
491 4518 639 4575 nihil
664 4518 829 4575 aliud
849 4533 1036 4591 quam
1061 4517 1316 4574 miseros
1363 4514 1600 4573 exsules
1631 4519 1687 4571 et
1711 4518 1902 4570 extor-

242 4625 367 4676 res,
395 4613 579 4682 atque
607 4608 856 4665 omnino
877 4607 1112 4663 civitate
1133 4605 1338 4679 pulsos
1368 4605 1628 4675 ingenue
1640 4603 1903 4677 professi

246 4702 411 4752 sunt.
448 4696 856 4762 Quamobrem
887 4696 949 4751 in
971 4694 1169 4752 luctus
1216 4695 1396 4750 etiam
1427 4709 1597 4765 eaque
1649 4693 1901 4749 acerbos

244 4786 607 4853 inciderunt,
632 4795 813 4858 atque
830 4786 881 4841 si
909 4785 1040 4858 ipso
1072 4785 1132 4841 in
1161 4784 1446 4857 temporis
1487 4782 1738 4839 articulo
1764 4783 1904 4839 civi-

247 4884 340 4932 tas
372 4876 474 4933 illa
500 4876 812 4949 repentino
835 4874 1099 4931 hostium
1131 4874 1375 4930 incursu
1391 4872 1544 4928 victa
1575 4888 1903 4944 eversaque

247 4965 893 5023 corruisset.Eninvero
909 4980 1047 5020 cum
1066 4961 1548 5035 prmstississimis
1564 4961 1905 5034 quibusque

244 5056 433 5112 rebus
464 5054 722 5129 spoliata
748 5058 1071 5124 esset,cum
1100 5069 1210 5109 sua
1237 5051 1340 5109 illa
1359 5050 1652 5107 ditissima
1693 5052 1906 5109 agraria

244 5146 517 5202 hostium
528 5144 850 5217 direptioni
865 5145 1136 5218 exposita
1158 5142 1906 5216 vidisset,quantum,proh

246 5234 442 5305 dolor,
469 5234 818 5292 Christianae
838 5233 1072 5307 reipub,
1103 5231 1414 5289 vinculum
1439 5231 1769 5288 dissectum
1795 5233 1902 5289 est!

326 5383 340 5415 ¹
373 5380 582 5437 Ezech.
612 5394 834 5445 xxxvn,
868 5383 923 5435 ll

320 5510 401 5580 (ϐ)
454 5505 694 5567 Alludit
739 5506 820 5563 ad
850 5505 1442 5564 Lacedmmoniorum
1469 5503 1749 5578 rempub.
1774 5521 1908 5578 quae

249 5598 412 5670 viris,
439 5613 567 5659 non
597 5595 907 5657 manibus
934 5595 1299 5659 inniteretur.

2011 4439 2330 4514 splendore
2340 4436 2603 4495 nominis
2616 4436 2886 4510 privatos
2903 4437 3218 4493 videamus
3231 4434 3491 4504 (gentem
3509 4427 3660 4484 alias

2012 4528 2403 4602 multiplicem
2454 4531 2510 4583 et
2556 4526 2964 4599 proletariam,
3012 4538 3272 4598 quaeque
3302 4536 3410 4593 per
3446 4532 3659 4576 omnes

2011 4619 2163 4676 Asiae
2190 4622 2369 4690 atque
2400 4620 2644 4690 Europae
2673 4616 2947 4687 regiones
2977 4616 3155 4687 longe
3176 4613 3407 4684 lateque
3442 4606 3663 4664 diffun-

2013 4709 2189 4773 ditur,
2224 4712 2281 4764 et
2309 4706 2392 4763 tui
2416 4707 2679 4763 nominis
2704 4705 2974 4778 auspicio
3002 4702 3367 4770 nobilitatur)
3393 4713 3547 4771 quos
3578 4701 3660 4750 ta-

2014 4814 2153 4854 men
2175 4798 2289 4853 hoc
2305 4801 2573 4869 tempore
2593 4795 2876 4868 separari,
2902 4799 3005 4851 aut
3029 4792 3194 4849 domi
3214 4803 3509 4862 quemque
3532 4801 3658 4839 suae

2016 4902 2287 4945 seorsum
2318 4886 2520 4956 lugere
2546 4884 2791 4941 minime
2819 4882 3090 4951 decebat,
3126 4879 3231 4936 sed
3250 4880 3310 4933 in
3339 4891 3527 4932 unum
3547 4890 3658 4947 po-

2016 4978 2130 5033 tius
2154 4976 2355 5032 locum
2384 4980 2689 5042 coeuntes,
2739 4979 2918 5046 atque
2968 4970 3269 5026 tumulum
3329 4971 3500 5021 tuum
3553 4963 3662 5021 cir—

2016 5072 2405 5132 cumstantes,
2429 5081 2522 5120 me
2544 5064 2764 5119 misero
2785 5062 2979 5119 luctus
3000 5057 3347 5131 coryphzeo,
3364 5053 3662 5127 lugubris-

2017 5177 2134 5235 que
2165 5156 2375 5214 menius
2397 5157 2787 5226 praecentore,
2819 5150 3171 5209 tristissimis
3195 5145 3584 5205 concentibus
3607 5147 3665 5199 et

2016 5232 2296 5308 lamentis
2327 5243 2597 5300 dolorem
2619 5241 2819 5299 testari
2849 5239 3264 5309 conveniebat,
3286 5236 3385 5293 illo
3407 5250 3529 5292 non
3551 5232 3663 5289 mi—

2089 5393 2167 5466 (7)
2202 5386 2893 5459 Constantinopolitanos
2923 5383 3215 5454 intelligit.

2092 5520 2169 5589 t8)
2200 5517 2465 5574 Nicetam
2496 5518 2553 5571 et
2584 5511 2989 5571 Belissariotas
3020 5510 3175 5567 duos
3193 5505 3483 5577 intelligit.
