4152 6208
508 286 608 340 371

1393 284 1763 343 MlCHAELlS
1809 279 2180 342 ACOMINATI
2217 280 2652 343 ATHENARUM
2689 284 3012 341 ARCHIEP.

3836 287 3934 339 379

506 408 738 480 horem,
780 424 905 482 quo
949 408 1190 481 Iosephi
1234 408 1539 477 exercitus,
1571 424 1711 466 cum
1739 408 1959 466 Jacobo
1994 410 2154 481 justa
2184 413 2229 466 A
2268 411 2547 477 evadant,
2578 411 2707 467 haec
2738 413 2937 467 autem
2986 412 3195 464 contra
3224 413 3392 466 certo
3424 411 3544 467 ictu
3577 410 3783 466 inﬂicta
3835 402 3915 457 sit

508 497 890 571 persolveret,
924 502 1263 554 commotus
1308 498 1489 554 fuisse
1529 497 1728 555 fertur.
1760 497 1910 555 Nam
1942 500 1987 555 si
2040 501 2155 556 hoc

507 592 685 659 pacto
716 588 910 643 luctus
956 592 1192 644 nostros
1221 587 1869 657 instituissemus,’nihil
1911 590 2157 646 omnino

507 678 738 743 fuisset,
766 676 935 748 quod
960 676 1139 732 nobis
1160 676 1276 733 hac
1300 678 1362 733 in
1386 693 1449 735 re
1476 678 1735 735 defuisse
1763 680 1974 735 merito
2000 678 2159 752 quis-

507 782 696 839 quam
727 765 989 837 objicere
1019 767 1334 839 potuisset.

578 857 651 912 At
679 871 822 913 vero
853 872 993 912 cum
1033 872 1196 913 nunc
1236 857 1333 914 alii
1376 858 1455 914 ab
1485 858 1616 916 aliis
1648 859 1900 930 sejuncti
1948 860 2156 926 simus,

508 946 642 1018 conj
653 961 730 1001 ux
746 945 992 1019 quidem
1006 946 1193 1017 digna
1207 962 1344 1019 qua
1364 950 1561 1004 tecum
1579 948 1759 1019 vulgo
1779 949 2159 1005 decantatam

510 1034 763 1091 cornicis
791 1035 977 1091 vitam
1008 1036 1381 1107 transigeret,
1415 1036 1620 1110 aliquo
1658 1037 1720 1092 in
1750 1037 1995 1108 angulo,
2040 1053 2159 1093 me-

511 1125 733 1198 diaque
766 1124 935 1181 humi
965 1126 1492 1197 procumbentium
1530 1127 1789 1183 ﬁliorum
1835 1127 2073 1193 scilicet,
2106 1131 2162 1183 et

509 1214 809 1286 puberum
823 1213 1301 1287 etimpuberum,
1318 1231 1560 1283 corona,
1577 1215 1753 1288 pullis
1769 1216 2163 1273 indutavesti-

508 1302 626 1359 bus
675 1302 918 1373 sedens,
962 1309 1021 1360 et
1069 1305 1331 1377 seips‘am
1369 1305 1608 1371 marito,
1640 1311 1696 1362 et
1727 1305 1882 1362 ﬁlios
1915 1310 2163 1378 parente

510 1391 778 1461 orbatos,
810 1392 1035 1464 ejulatu
1074 1394 1399 1451 miserabili
1422 1394 1802 1452 lamentatur.
1836 1398 1914 1450 Ex
1960 1395 2164 1451 liberis

511 1485 714 1538 autem
744 1486 910 1539 atate
940 1484 1416 1555 provectioribus
1447 1483 1596 1541 alter
1626 1484 1774 1551 aliis,
1804 1483 2009 1540 nescio
2033 1485 2163 1556 qui~

509 1570 627 1627 bus
658 1586 863 1628 errans
894 1571 954 1627 in
1008 1571 1156 1628 locis
1187 1574 1401 1629 tacitus
1448 1572 1614 1645 apud
1661 1588 1723 1628 se
1752 1572 1915 1642 luget
1942 1588 2162 1645 queru-

512 1662 757 1734 lamque
790 1662 1162 1719 monauliam
1187 1663 1590 1735 prosequitur.
1623 1663 1944 1736 Propinqui
1993 1662 2160 1719 deni-

510 1766 628 1823 que
642 1749 739 1806 alii
760 1751 1314 1824 consanguineique
1334 1754 1630 1825 quotquot
1649 1752 1848 1808 Asiam
1871 1752 2157 1819 incolunt,

507 1839 781 1910 lugubris
806 1840 989 1911 hujus
1019 1841 1325 1911 tragadia
1358 1846 1549 1909 actus,
1574 1842 1653 1899 ad
1674 1857 1777 1899 eos
1796 1842 1901 1915 qui
1928 1842 1989 1897 in
2012 1844 2160 1899 Gra-

508 1928 605 1986 cia
632 1929 929 1999 habitant,
961 1930 1443 1988 transmiserunt.

581 2023 701 2093 Ego
713 2020 1083 2093 porrolonge
1108 2021 1557 2079 infelicissimus
1573 2025 1628 2079 et
1649 2022 2025 2079 miserrimus
2040 2021 2158 2080 fra-

506 2114 591 2168 ter
603 2112 880 2168 hesterno
904 2111 1153 2184 quidem
1175 2112 1641 2187 die,nudiusque
1659 2112 1864 2170 tertius
1888 2113 2157 2186 amplam

507 2200 750 2259 aliunde
779 2201 977 2258 luctus
1009 2202 1322 2259 materiam
1340 2207 1575 2271 nactus,
1603 2218 1744 2259 cum
1774 2219 1844 2259 ex
1882 2202 2156 2275 publicis,

505 2294 636 2347 tum
664 2292 915 2364 privatis
947 2291 1095 2347 meis
1118 2292 1311 2365 ipsius
1339 2293 1839 2363 incommodis(9)
1865 2311 1877 2349 :
1912 2310 1981 2349 eo
2012 2309 2160 2365 pra-

507 2380 713 2436 sertim
740 2380 1006 2445 nomine,
1041 2381 1209 2452 quod
1234 2382 1761 2453 opulentissimum
1781 2382 1953 2452 juxta
1983 2388 2039 2438 et
2069 2398 2160 2438 ce-

503 2467 890 2525 leberrimum
920 2468 1211 2540 templum
1238 2470 1591 2525 Atheniense
1640 2469 1829 2541 (illud,
1883 2473 2157 2543 inquam,

506 2562 712 2615 sancte
733 2558 1404 2629 domine,'augustissim
1416 2575 1515 2615 um
1539 2559 1852 2631 templum.
1878 2561 2043 2632 quod
2062 2560 2163 2616 Dei

507 2646 780 2704 Genitrici
820 2651 1235 2703 consecratum
1267 2651 1376 2714 est,
1410 2648 1629 2720 talique
1662 2648 1914 2720 praside
1935 2649 1994 2703 in
2028 2665 2162 2720 per-

505 2742 756 2811 petuum
817 2737 969 2808 eget)
1014 2736 1161 2792 mihi
1209 2737 1628 2801 commissum,
1674 2738 1965 2810 cujusque
2010 2739 2164 2795 adeo

508 2824 802 2900 spirituali
822 2825 993 2882 altari
1014 2838 1363 2899 praeessem,
1386 2827 1491 2882 ubi
1511 2842 1700 2899 quam
1716 2828 1977 2884 maxime
2000 2836 2164 2901 pote-

506 2932 638 2975 ram
661 2931 833 2972 sacro
850 2914 1181 2971 ministerio
1204 2914 1548 2972 exhibendo
1580 2916 1864 2973 assiduus
1894 2917 2163 2988 invigila-

2267 500 2574 573 animique
2596 514 2866 555 recessus
2896 498 3137 553 intimos
3170 503 3467 569 penetret:
3498 498 3575 553 vel
3598 494 3723 551 fieri
3771 490 3914 564 qui-

2266 589 2405 647 dem
2436 594 2650 662 potest,
2696 592 2761 644 ut
2799 589 3198 644 tentationum
3247 588 3440 645 fumus
3487 583 3919 655 indignatione

2267 680 2534 736 Numinis
2565 678 2914 743 ascenderit,
2946 677 3050 749 qui
3078 676 3337 733 futurum
3358 675 3708 733 incendium
3761 685 3919 743 pra-

2267 770 2583 837 nuntiaret,
2617 773 2673 824 et
2693 767 2935 824 crebras
2959 783 3032 823 ex
3080 765 3263 823 oculis
3302 766 3607 838 lacrymas
3648 761 3917 818 eliceret.

2266 863 2404 931 post
2430 873 2612 930 quem
2643 856 3034 913 aiﬂictionum
3062 855 3218 926 ignis
3243 856 3672 911 exardesceret.
3715 852 3920 915 Longe

2266 964 2409 1005 vero
2440 947 2752 1003 calidiores
2783 951 2839 1002 et
2866 945 3269 1001 diuturniores
3298 959 3447 1010 esse,
3470 957 3626 1015 quas
3652 939 3780 1010 jam
3811 936 3920 991 luo

2268 1052 2498 1110 panaS,
2529 1036 2656 1092 dies
2675 1036 3003 1091 hodiernus
3027 1033 3304 1099 ostendit,
3338 1046 3461 1105 quo
3504 1029 3751 1103 quidem
3791 1040 3920 1082 car-

2268 1127 2460 1184 bones
2492 1130 2859 1196 exarserunt,
2902 1125 3005 1197 qui
3054 1125 3199 1180 mihi
3256 1136 3574 1195 nunquam
3627 1114 3917 1187 restingui

2269 1223 2433 1274 auta
2476 1215 2671 1273 cordis
2716 1216 2833 1270 mei
2883 1214 3179 1285 sanguine
3234 1210 3623 1286 depascendo
3653 1205 3921 1263 cohiberi

2270 1321 2454 1380 posse
2483 1305 2779 1361 videntur.
2803 1307 2883 1359 Ex
2912 1320 3035 1376 quo
3066 1303 3283 1367 evenit,
3310 1300 3500 1357 utilla
3514 1313 3608 1355 me
3630 1297 3917 1367 lacryma

2270 1395 2657 1464 destituerint,
2689 1394 2810 1449 sive
2858 1392 3025 1465 quod
3076 1392 3341 1465 pristinis
3395 1389 3545 1446 meis
3602 1384 3772 1442 malis
3822 1398 3919 1439 ex-

2270 1486 2487 1543 hausta
2517 1485 2588 1540 sit
2613 1499 2772 1556 aqua
2802 1482 2922 1549 illa,
2941 1498 3077 1555 qua
3098 1497 3232 1538 meo
3263 1481 3337 1537 de
3355 1480 3548 1551 capite
3569 1472 3917 1540 distillabat,

2271 1574 2394 1630 sive
2423 1572 2589 1647 quod
2610 1574 2838 1642 majore
2867 1586 3030 1626 nunc
3053 1571 3167 1625 sim
3183 1573 3348 1625 metu
3372 1564 3709 1640 perculsus,
3735 1566 3917 1632 atque

2271 1664 2423 1722 adeo
2451 1678 2552 1719 cor
2581 1677 2786 1717 meum
2800 1660 2957 1716 mille
2980 1664 3155 1717 antea
3176 1658 3375 1715 modis
3395 1655 3763 1718 aﬂlictatum,
3788 1657 3919 1706 tan-

2271 1754 2408 1811 dem
2431 1753 2582 1809 sicut
2602 1752 2805 1807 fenum
2838 1751 3126 1814 aruit,nec
3158 1749 3217 1804 in
3249 1751 3557 1820 posterum
3586 1747 3789 1800 tantus
3810 1743 3920 1796 aut

2267 1844 2675 1916 lacrymarum
2699 1840 2881 1905 rivus,
2910 1844 3010 1896 aut
3037 1836 3384 1908 lugubrium
3414 1847 3759 1891 sermonum
3779 1828 3919 1885 fons

2269 1949 2343 1991 ex
2388 1931 2487 1988 illo
2537 1929 2824 1987 scaturire
2878 1929 3083 2001 possit,
3129 1930 3427 2001 quantum
3454 1918 3921 1997 perturbationis

2266 2022 2457 2096 ipsius
2503 2019 2856 2091 magnitudo
2884 2018 3151 2090 requirit,
3206 2021 3270 2072 ut
3318 2030 3442 2088 quo
3470 2012 3692 2070 doloris
3737 2008 3914 2077 illius,

2269 2128 2451 2186 quem
2484 2110 2689 2166 animo
2711 2109 2958 2180 concepi
2986 2106 3392 2177 meo,tandem
3414 2104 3601 2176 ejecto
3627 2099 3919 2174 pondere,

2270 2202 2455 2259 levior
2484 2206 2539 2256 et
2561 2197 2891 2271 expeditior
2913 2197 3191 2253 evadam.
3212 2197 3404 2261 Quare
3420 2194 3550 2264 jam
3572 2189 3719 2247 mihi
3743 2188 3919 2243 siccis

2269 2292 2478 2356 oculis,
2513 2288 2810 2360 mutisque
2838 2286 3198 2357 singultibus
3228 2282 3635 2347 intolerabilis,
3662 2280 3759 2335 hic
3778 2277 3921 2334 alio-

2269 2383 2374 2455 qui
2405 2380 2683 2437 dolorum
2714 2378 2866 2433 fetus
2916 2375 3261 2433 necessario
3308 2372 3654 2430 tolerandus
3686 2375 3794 2437 est,
3828 2368 3924 2423 cui

2270 2473 2450 2528 etiam
2478 2468 2857 2525 breviusculo
2879 2468 2994 2523 mis
3013 2465 3241 2522 arabilis
3270 2464 3455 2535 hujus
3482 2462 3638 2523 vita,
3682 2459 3731 2514 si
3759 2456 3927 2531 quod

2273 2576 2588 2633 superesse
2619 2559 2873 2626 videtur,
2898 2571 3150 2612 excurso
3177 2556 3393 2627 spatio,
3425 2550 3807 2613 commoriar,
3843 2552 3927 2603 at-

2272 2666 2387 2724 que
2433 2650 2634 2705 nescio
2665 2664 2851 2721 quam
2903 2647 3431 2703 subterraneorum
3477 2640 3924 2701 barathrorum,

2272 2740 2772 2811 marinorumque
2806 2739 3049 2793 sinuum
3094 2736 3153 2791 in
3197 2738 3429 2808 partem
3471 2730 3794 2804 projectus,
3836 2726 3927 2797 ja-

2272 2828 2424 2887 cebo
2450 2845 2463 2883 :
2528 2834 2707 2900 atque
2761 2826 2844 2883 ita
2873 2825 3060 2890 fratri,
3091 2825 3291 2881 senior
3312 2822 3553 2894 juniori,
3583 2818 3926 2889 decrepitus

2271 2920 2548 2994 perfecta
2604 2918 2793 2974 atatis
2840 2916 3163 2989 crudaque
3216 2911 3535 2970 senectutis
3574 2910 3722 2978 viro,
3780 2922 3926 2963 con-

504 3006 674 3077 bam,
704 3020 800 3062 me
816 3009 1128 3077 prasente,
1159 3004 1313 3076 proh
1333 3003 1525 3061 dolor!
1545 3009 1725 3078 atque
1749 3005 1843 3062 his
1873 3006 2065 3063 oculis
2082 3008 2165 3062 vi-
2195 3022 2235 3079 ρ
2270 3008 2508 3082 jungar.

509 3098 685 3155 dente
716 3113 753 3154 a
779 3094 1057 3165 nefangis
1083 3094 1393 3167 sacrilegis
1423 3094 1752 3169 expilatum
1776 3101 1833 3154 et
1858 3102 2164 3155 vastatum

510 3190 620 3245 est.
651 3189 773 3257 Ego
799 3189 999 3243 antem
1032 3184 1135 3256 qui
1164 3186 1300 3240 ante
1320 3185 1440 3240 tres
1471 3199 1771 3242 annorum
1796 3185 2061 3243 decadas
2085 3186 2170 3243 ibi

510 3278 677 3335 velut
704 3275 920 3333 insitus
961 3272 1215 3345 fueram,
1260 3288 1332 3329 ex
1362 3272 1503 3331 aula
1543 3275 1778 3332 Domini
1810 3277 2073 3346 avulsus,
2106 3272 2171 3333 ut

516 3367 711 3423 siccus
757 3362 1011 3438 quidam
1039 3368 1095 3420 et
1124 3378 1377 3435 prorsus
1406 3362 1631 3420 inutilis
1682 3369 1953 3433 truncus,
2004 3366 2173 3423 vehe-

514 3455 810 3513 mentiore
858 3451 1136 3526 procellae
1182 3452 1350 3523 ﬂatu,
1401 3467 1563 3509 nunc
1619 3453 1681 3509 in
1729 3452 1930 3511 littora
1988 3455 2172 3512 variis

515 3544 798 3602 ﬂuctibus
820 3541 1138 3608 adobruta,
1170 3541 1265 3597 vel
1290 3541 1681 3612 confragosos
1709 3542 1943 3616 aliquos
1960 3560 2175 3618 scopu-

517 3631 610 3688 los
640 3632 883 3704 ejectus,
916 3643 1080 3684 nunc
1106 3628 1165 3684 in
1191 3628 1544 3700 depressam
1566 3630 1901 3687 convallem
1922 3636 2175 3689 astuan-

522 3721 597 3777 tis
643 3719 830 3776 maris
876 3716 1280 3773 exundatione
1331 3722 1647 3789 protrusus
1688 3720 1930 3778 fuizhis
1956 3722 2176 3780 scilicet

522 3808 689 3868 exsul
736 3808 798 3865 in
848 3806 1013 3878 locis,
1053 3806 1180 3863 sine
1211 3805 1390 3879 clero,
1440 3807 1564 3864 sine
1590 3808 1714 3865 ulla
1741 3809 1974 3867 dierum
2003 3812 2175 3868 festo-

519 3917 655 3959 rum
677 3896 1036 3965 celebritate,
1060 3895 1189 3952 sine
1211 3895 1466 3967 civitate,
1494 3896 1751 3971 denique
1776 3899 2175 3957 mediastinus

521 3992 769 4049 deserta
819 3986 998 4043 ulula
1037 3985 1098 4043 in
1150 4001 1403 4055 morem,
1433 3985 1711 4057 lugubre,
1769 3988 1971 4046 nescio
2002 3990 2204 4062 quid,

524 4080 691 4156 apud
706 4095 803 4137 me
824 4078 1038 4135 tacitus
1064 4077 1139 4134 de
1164 4076 1411 4150 publica
1431 4080 1487 4134 et
1515 4077 1747 4150 privata
1761 4080 2021 4152 pernicie
2033 4096 2172 4153 que-

522 4173 684 4230 ritor.
717 4173 886 4228 Nunc
917 4173 1140 4236 autem,
1174 4168 1223 4223 si
1259 4167 1458 4225 luctus
1501 4168 1855 4240 hujusmodi
1883 4169 1959 4227 de
1993 4170 2173 4227 rebus

521 4260 770 4317 ulterius
817 4259 964 4314 mihi
1000 4257 1449 4331 protraliendus
1507 4272 1632 4315 non
1662 4258 1751 4331 sit,
1806 4259 1932 4317 sola
1963 4261 2172 4318 saltem

522 4347 817 4405 memoria
840 4360 1156 4418 nunquam
1185 4346 1435 4404 excidet.

596 4441 667 4494 At
717 4450 861 4492 vero
915 4434 1010 4490 ille
1068 4435 1406 4491 charissimi
1450 4437 1662 4508 capitis
1708 4437 1928 4507 obitus,
1959 4441 2064 4512 qui
2090 4444 2174 4498 tot

521 4526 671 4584 meis
687 4524 861 4581 malis
875 4523 1064 4579 instar
1079 4522 1329 4579 decima
1346 4526 1758 4596 Egyptiorum
1780 4526 2168 4599 plaga,nimi-

522 4630 658 4673 rum
704 4612 1246 4688 primogenitorum
1278 4612 1724 4685 internecionis,
1760 4618 2170 4687 accessit,om-

521 4721 661 4764 nem
684 4704 762 4763 ad
785 4718 847 4760 se
860 4702 1191 4777 planctum,
1217 4716 1395 4757 omne
1418 4701 1777 4773 lamentum,
1799 4705 2028 4761 nanias
2045 4722 2173 4763 om-

516 4813 647 4859 nes,
677 4810 890 4854 omnes
919 4792 1178 4865 denique
1204 4790 1505 4863 lacrymas
1551 4792 1810 4849 attraxit.
1845 4795 1976 4850 Hac
2008 4796 2169 4853 enim

515 4886 611 4943 ille
628 4886 732 4959 qui
750 4902 873 4942 sua
892 4880 1290 4954 indignationi
1306 4880 1493 4937 vitam
1509 4885 1830 4953 praparat,
1849 4885 2023 4955 quasi
2044 4901 2169 4943 ma.

516 4974 731 5031 nifesta
749 4976 1034 5049 quadam
1056 4973 1495 5029 tormentorum
1513 4972 1831 5042 gymnasia
1855 4973 2003 5030 mihi
2025 4991 2169 5048 pra~

511 5062 777 5120 tendisse
804 5062 1061 5127 videtur,
1090 5062 1206 5117 hoc
1233 5063 1435 5117 autem
1469 5064 1775 5119 certamen
1804 5062 2049 5136 iusuper
2073 5081 2169 5123 ac-

510 5152 875 5217 cumulasse,
906 5150 1244 5208 maximum
1271 5149 1521 5223 quidem
1550 5149 1695 5208 illud
1727 5157 1784 5210 et
1832 5169 2161 5225 summum,

507 5258 619 5301 nec
640 5241 887 5300 omnino
914 5240 1160 5314 periculi
1180 5254 1413 5311 expers.
1443 5241 1520 5296 Ex
1546 5255 1668 5314 quo
1698 5241 1783 5307 ﬁt,
1807 5247 1871 5300 ut
1900 5245 2163 5317 pristina

504 5332 620 5389 illa
650 5332 846 5405 plaga
876 5330 1059 5399 leves,
1113 5328 1559 5403 tuberculisque
1605 5348 1912 5390 summam
1964 5339 2162 5393 cutem

504 5421 910 5480 delibantibus
931 5418 1179 5483 similes,
1205 5422 1383 5491 atque
1403 5419 1554 5475 adeo
1576 5420 1744 5478 facile
1772 5422 2159 5481 medicabiles

572 5514 653 5585 (9)
728 5512 827 5568 Hic
894 5510 1131 5567 videtur
1197 5509 1451 5566 alterum
1506 5510 1738 5583 periodi
1813 5513 2156 5573 membrum

500 5603 737 5675 deesse,
768 5601 1050 5675 quamvis
1079 5600 1140 5656 in
1170 5599 1499 5672 exemplari
1521 5600 1686 5660 nulla
1712 5600 1933 5663 lacuna
1965 5604 2059 5662 sit.

2350 3101 2392 3155 Ο
2433 3096 2639 3155 divina
2676 3094 3071 3169 providentia,
3112 3108 3300 3167 quam
3338 3089 3560 3149 nullius
3606 3086 3925 3146 hominum

2277 3187 2573 3244 industria
2588 3187 3006 3259 conjecturave
3026 3183 3145 3241 ulla
3162 3183 3401 3257 assequi
3416 3184 3630 3255 potest,
3649 3194 3782 3252 qua
3798 3193 3929 3233 mo-

2281 3276 2373 3332 dis
2388 3274 2891 3332 inenarrabilibus
2908 3291 3003 3330 res
3019 3273 3256 3330 divinas
3270 3276 3326 3329 et
3340 3272 3641 3328 humanas
3652 3266 3930 3323 modera-

2281 3364 2382 3433 ris,
2416 3379 2551 3437 qua
2592 3380 2784 3433 mens,
2818 3379 3047 3437 quaso,
3080 3362 3246 3420 fatali
3271 3359 3641 3433 judiciorum
3688 3361 3932 3412 tuorum

2284 3454 2512 3527 abysso
2545 3469 2609 3511 se
2631 3453 2870 3510 credere
2896 3453 2955 3508 in
2982 3468 3174 3525 eaque
3199 3452 3408 3508 natare
3435 3444 3687 3505 audeat!
3720 3460 3931 3517 quam-

2282 3543 2428 3600 libet
2469 3541 2569 3599 illa
2598 3541 2999 3615 philosophia
3038 3538 3457 3597 addictissima
3484 3535 3704 3604 studio,
3734 3533 3932 3590 nodos

2284 3633 2631 3701 dissolvere,
2657 3632 3082 3705 implicataque
3104 3630 3401 3704 explicare
3421 3626 3657 3701 possit?
3688 3623 3937 3680 Differor

2284 3721 2566 3795 equidem
2589 3722 2811 3789 dolore,
2839 3721 2944 3794 qui
2970 3737 3067 3778 me
3083 3720 3166 3777 ita
3187 3718 3551 3784 exstimulat,
3570 3719 3635 3772 ut
3653 3715 3770 3771 tale
3790 3712 3936 3785 quid

2283 3812 2508 3886 profari
2534 3827 2739 3883 cogar,
2770 3828 2842 3869 ex
2900 3828 3023 3884 quo
3070 3810 3401 3885 periculum
3434 3811 3543 3877 est,
3580 3820 3658 3861 ne
3703 3801 3937 3860 temeri-

2284 3902 2418 3960 tatis
2460 3902 2607 3958 mihi
2644 3907 2789 3959 nota
2831 3902 3122 3959 inuratur.
3184 3899 3295 3966 Qui
3330 3897 3414 3969 ﬁt,
3448 3900 3514 3953 ut
3559 3908 3749 3952 canus
3798 3907 3929 3963 ego,

2282 3990 2507 4049 telluris
2544 3991 2749 4049 inutile
2780 3991 3021 4065 pondus
3050 3989 3186 4062 (10),
3218 3987 3325 4061 qui
3358 3986 3528 4058 gravi
3577 3983 3746 4041 senio
3794 3997 3933 4054 pre-

2281 4098 2433 4151 mor,
2469 4081 2737 4155 nihilque
2759 4098 2914 4151 sum,
2946 4079 3116 4155 quod
3140 4079 3326 4148 aiunt,
3364 4090 3552 4150 quam
3599 4073 3842 4139 vulnus,
3873 4071 3933 4127 in

2281 4169 2448 4245 quod
2464 4171 2671 4227 omnia
2682 4175 2910 4227 natura
2924 4170 3045 4226 fata
3057 4167 3491 4233 conﬂuxerunt,
3512 4162 3731 4220 diutius
3744 4159 3931 4234 capti-

2278 4277 2391 4317 vus
2413 4261 2527 4318 hoc
2556 4260 2616 4316 in
2642 4264 2877 4318 terreno
2898 4273 3133 4317 carcere
3163 4254 3497 4329 supersim?
3518 4250 3930 4327 spectaculum

2140 4360 2143 4363 '
2201 4348 2246 4404 D
2281 4354 2437 4407 certe
2461 4366 2573 4407 nec
2604 4351 2745 4407 satis
2773 4365 2975 4407 rerum
3009 4342 3381 4405 universitati
3407 4342 3788 4410 conveniens,
3819 4355 3931 4396 nec

2276 4440 2405 4513 jam
2452 4439 2568 4498 tale
2601 4439 2767 4513 quod
2801 4438 3002 4512 jubari
3044 4436 3185 4495 solis
3223 4433 3646 4508 exponendum
3690 4430 3783 4487 sit.
3834 4428 3931 4485 llle

2279 4547 2419 4589 vero
2456 4530 2561 4605 qui
2599 4529 2875 4586 nondum
2902 4527 3121 4603 pedem
3146 4525 3339 4583 limini
3367 4521 3682 4580 senectutis
3717 4517 3934 4575 intule-

2278 4626 2390 4687 rat,
2423 4620 2600 4690 longe
2644 4618 2882 4689 dignior
2922 4618 3027 4693 qui
3067 4616 3190 4675 vita
3218 4611 3590 4673 diuturniora
3619 4610 3929 4680 frueretur,

2279 4727 2350 4767 eo
2372 4710 2705 4784 prasertim
2726 4708 2993 4778 nomine,
3015 4706 3181 4782 quod
3204 4707 3405 4764 uxoris
3434 4708 3491 4763 et
3513 4701 3774 4762 ﬁliorum
3806 4715 3931 4757 non

2278 4814 2611 4873 paucorum
2671 4804 2956 4867 servator,
3011 4797 3344 4870 majoribus
3395 4798 3518 4855 suis
3558 4811 3668 4852 sua
3714 4793 3931 4849 virtute

2277 4887 2658 4960 precluxerat,
2682 4891 2863 4961 atque
2885 4887 3037 4945 adeo
3057 4886 3247 4945 multa
3262 4888 3325 4945 in
3344 4899 3728 4945 communem
3747 4880 3934 4939 totius

2277 4977 2439 5034 orbis
2466 4976 2776 5034 utilitatem
2805 4975 3156 5047 contulerat,
3188 4981 3481 5051 tanquam
3509 4976 3711 5047 gloria
3731 4969 3934 5045 splen-

2276 5066 2559 5141 dorisque
2589 5066 2707 5124 mei
2739 5082 2981 5139 corona,
3011 5068 3067 5123 et
3092 5066 3194 5139 qui
3226 5068 3306 5123 ad
3333 5066 3491 5124 hanc
3519 5080 3717 5123 meam
3744 5060 3933 5118 vitam

2276 5156 2694 5214 concinnitatis
2722 5156 2950 5230 aliquid
2970 5155 3030 5213 in
3059 5154 3187 5212 dies
3207 5153 3444 5213 afferret
3471 5172 3485 5213 :
3516 5153 3928 5226 ille,inquam,

2272 5245 2595 5304 immatura
2612 5250 2825 5313 morte,
2852 5244 3017 5320 quod
3039 5258 3134 5301 me
3156 5243 3235 5301 ad
3261 5244 3561 5302 insaniam
3581 5257 3771 5317 prope
3802 5239 3931 5297 adi-

2272 5336 2374 5407 git,
2398 5352 2522 5393 non
2543 5336 2669 5393 sine
2689 5336 2997 5393 communi
3013 5340 3397 5392 externorum
3418 5334 3932 5408 propinquorum-

2270 5442 2387 5498 que
2422 5428 2660 5499 jactura
2696 5429 3027 5499 prareptus
3080 5429 3187 5481 est.
3220 5424 3322 5481 illo
3354 5424 3516 5481 enim
3568 5437 3694 5480 non
3737 5425 3929 5478 exter-

2337 5514 2455 5588 (10)
2497 5514 2718 5573 Alludit
2766 5513 2844 5572 ad
2899 5512 3046 5571 illud
3088 5514 3373 5571 Homeri:
3442 5513 3694 5567 Ἐτώσῑον
3754 5511 3933 5583 ἄχθος

2268 5625 2460 5680 αρουρη
2472 5628 2511 5669 ς.
