4152 6208
163 311 297 366 373

1371 305 1690 364 ΜΟΝΟΒΙΛ
1727 305 1796 362 ΙΝ
1839 300 2159 360 FRATREM
2199 299 2404 357 SUUM.

3495 292 3606 350 3⁸74

163 446 409 487 norum
443 437 684 490 tantum
713 434 965 508 bonum,
991 435 1156 509 quod
1187 435 1259 491 de
1275 435 1438 507 justo
1462 432 1586 490 viro
1618 429 1846 503 sapien-
1878 428 1926 482 Α
1958 425 2083 482 sine
2113 424 2381 482 caedibus
2403 422 2756 490 innumeris,
2780 421 3081 494 totiusque
3097 418 3354 477 civitatis
3373 417 3606 475 excidio

163 525 266 576 tes
302 521 606 587 dictitant,
636 524 742 580 sed
774 531 1052 582 nostrum
1076 541 1320 598 quoque
1341 523 1674 596 repositum
1701 523 1846 576 erat.

253 610 370 666 Ubi
393 613 672 681 gentium
689 630 871 683 nunc,
895 629 1124 688 quasso,
1143 614 1391 684 degunt,
1406 613 1575 686 etqui
1589 609 1851 682 genuina

165 701 509 772 sanguinis
545 704 909 773 cognatione
929 705 1082 773 freti,
1121 710 1176 762 et
1197 704 1303 777 qui
1325 703 1605 760 eamdem
1625 698 1851 756 conﬁn-

169 795 401 862 gentes
440 790 526 848 ad
555 792 727 850 illum
755 795 1148 864 accedebant,
1193 794 1417 866 illoque
1449 789 1695 864 auspice
1716 803 1851 860 quae

166 879 257 935 ab
282 880 768 954 imperatoribus
793 884 1105 957 petierant,
1129 900 1200 941 ea
1237 883 1488 940 celerius
1509 882 1695 951 gratis
1715 893 1854 935 con-

167 971 396 1038 secuti,
419 973 673 1030 tandem
685 973 905 1032 hilares
917 974 1170 1032 domum
1185 989 1358 1031 suam
1379 970 1848 1036 revertebantur,

167 1064 234 1116 et
285 1061 526 1130 gratias
567 1063 758 1120 multo
798 1063 1106 1120 uberiores
1149 1063 1582 1120 beneﬁciorum
1621 1058 1852 1131 auspici

171 1165 380 1222 quam
393 1150 712 1209 collatorib
721 1169 789 1208 us
801 1153 1060 1224 agebant
1073 1155 1100 1210 ?
1116 1153 1356 1210 Illorum
1373 1157 1530 1209 certe
1543 1151 1746 1224 plures
1758 1147 1853 1204 vel

171 1239 370 1296 etiam
393 1239 548 1296 nulli
577 1241 698 1298 huc
727 1258 1000 1315 unquam
1030 1245 1091 1299 in
1122 1243 1390 1300 medium
1410 1242 1849 1314 processerunt.

253 1330 386 1385 Huc
415 1329 689 1387 ehodum
713 1347 927 1388 omnes
957 1333 1307 1394 concurrite,
1349 1331 1688 1402 eodemque
1731 1342 1853 1382 me-

178 1435 328 1474 cum
348 1419 524 1477 luctu
553 1421 790 1492 praediti
815 1427 1038 1479 nostras
1069 1423 1263 1494 gentis
1303 1420 1578 1478 encomia
1609 1418 1854 1491 plancti-

177 1505 301 1562 bus
319 1509 479 1563 meis
501 1508 924 1578 intermiscete,
951 1516 1013 1568 ut
1029 1512 1173 1582 justi
1201 1511 1383 1582 hujus
1413 1508 1525 1564 viri
1545 1505 1849 1563 memoriae

177 1596 400 1652 merita
427 1594 689 1654 laudum
718 1600 1019 1670 praeconia
1039 1600 1391 1670 tribuamus,
1417 1613 1528 1655 nec
1551 1595 1695 1652 solis
1715 1609 1851 1650 eam

177 1684 480 1757 lacrymis
510 1685 894 1744 decoremus.
927 1693 1140 1746 Neuter
1182 1689 1340 1746 enim
1380 1686 1601 1744 modus
1631 1685 1712 1740 ab
1741 1684 1850 1740 ho-

179 1781 364 1831 nesto
395 1791 506 1831 seu
535 1775 760 1834 decoro
807 1778 1038 1835 alienus
1081 1785 1190 1835 est.
1225 1777 1531 1852 Siquidem
1569 1775 1714 1848 justi
1741 1773 1853 1830 viri

181 1881 354 1922 mors
373 1863 687 1940 lacrymas
735 1873 1044 1941 provocat,
1088 1868 1386 1941 efﬁcitque
1423 1873 1490 1924 ut
1507 1865 1665 1924 illius
1694 1863 1852 1920 desi-

179 1953 354 2013 derio
392 1955 781 2016 laboremus:
809 1961 1166 2018 memoriam
1197 1964 1396 2018 autem
1420 1957 1704 2015 laudibus
1729 1971 1852 2012 non

181 2046 466 2104 excolere
503 2064 626 2106 non
655 2054 914 2122 possunt
955 2051 1017 2110 ii.
1057 2051 1161 2123 qui
1200 2049 1279 2107 ab
1316 2048 1418 2105 illo
1455 2063 1592 2121 quae
1619 2045 1854 2103 imiten-

185 2139 304 2202 tur,
335 2137 575 2194 virtutis
599 2140 878 2214 exempla
904 2145 1130 2214 petunt.

269 2225 383 2282 Ubi
407 2242 552 2284 vero
569 2244 734 2286 nunc
754 2230 901 2287 mihi
922 2230 1089 2300 virgo
1124 2229 1225 2286 illa
1247 2227 1417 2286 vultu
1442 2231 1562 2284 tam
1600 2225 1854 2294 liberali,

199 2316 306 2372 cui
331 2315 629 2374 barbarus
656 2319 868 2388 hostis,
901 2336 1038 2378 cum
1068 2320 1330 2393 primum
1359 2324 1565 2375 nostra
1609 2316 1860 2387 Megalo-

204 2405 373 2477 polis
393 2411 567 2478 capta
579 2413 682 2480 est,
694 2414 956 2484 utraptaa
968 2411 1099 2482 jam
1111 2415 1385 2483 stuprum
1411 2409 1683 2465 illaturus
1711 2411 1856 2474 erat,

205 2495 336 2552 nisi
366 2513 505 2554 acer
527 2498 619 2555 hic
647 2500 982 2558 honestatis
1011 2505 1069 2558 et
1097 2500 1396 2574 pudicitiae
1426 2503 1662 2556 amator
1685 2501 1752 2553 ut
1777 2497 1863 2552 vi-

199 2584 318 2655 dit,
372 2591 436 2643 ut
471 2589 744 2646 misertus
773 2591 905 2662 ejus
939 2589 1058 2647 esti
1099 2589 1203 2663 qui
1251 2591 1376 2646 sine
1414 2588 1541 2644 ulla
1581 2602 1754 2644 mora
1800 2586 1862 2642 in

195 2673 444 2732 hostem
465 2677 717 2750 irruens,
735 2679 971 2737 tametsi
989 2679 1267 2736 Phineem
1283 2679 1344 2734 in
1355 2677 1458 2734 illa
1481 2673 1866 2733 defendenda

192 2763 427 2822 imitari
468 2781 594 2824 non
621 2769 901 2841 potuerit,
943 2768 1274 2842 quamlibet
1324 2766 1538 2823 eodem
1585 2781 1708 2838 quo
1763 2763 1865 2820 illo

195 2853 374 2923 olim,
414 2861 614 2912 noster
653 2857 750 2913 hic
793 2874 1040 2932 quoque
1086 2858 1213 2916 zelo
1251 2858 1553 2928 ﬂagraret,
1602 2853 1867 2928 puellam

194 2945 422 3003 saltem
442 2946 558 3004 sibi
575 2947 920 3012 vindicavit,
948 2964 1200 3006 uxorem
1228 2947 1557 3020 legitimam
1583 2960 1715 3002 esse
1745 2943 1866 3000 cla-

193 3036 454 3108 mitans,
473 3053 660 3110 seque
675 3038 802 3097 ﬁda
821 3039 1081 3112 conjuge
1095 3038 1338 3112 privari,
1359 3043 1540 3110 atque
1555 3035 1692 3093 ideo
1711 3050 1872 3092 acer-

1958 519 2332 590 peregerunt.
2385 517 2578 580 Quare
2616 529 2740 570 non
2765 516 2905 569 sunt
2941 511 3024 568 illi
3062 527 3202 568 cum
3245 509 3360 566 hoc
3397 511 3606 565 nostro

1957 604 2322 670 conferendi,
2363 603 2468 674 qui
2493 602 2758 676 puellam
2781 602 3078 672 integram
3107 605 3165 656 et
3198 599 3451 656 illaasam
3480 596 3611 654 sola

1958 702 2194 752 certans
2214 693 2484 750 oratione
2501 694 2629 749 sine
2647 693 2812 750 caede
2829 697 3131 764 receptam
3152 688 3411 746 reduxit.
3436 686 3609 759 Equi-

1959 783 2098 840 dem
2121 783 2476 857 praeclarum
2492 783 2662 839 illum
2680 783 2920 840 fratrem
2937 796 3143 838 meum
3161 779 3224 836 in
3277 775 3609 834 Abrahami

1959 872 2151 929 ﬁlium
2190 877 2434 946 propter
2459 872 2646 929 ﬁdem
2675 871 3030 944 adoptatum
3053 869 3235 926 fuisse
3259 870 3419 925 certo
3443 865 3604 921 scio:

1958 963 2106 1034 quin
2136 967 2192 1019 et
2228 962 2344 1019 hoc
2373 961 2661 1019 audacter
2691 977 2762 1019 ac
2801 960 2985 1017 libere
3025 960 3222 1016 dicere
3266 971 3392 1014 non
3437 967 3603 1011 vere-

1958 1051 2088 1118 bor,
2155 1052 2432 1124 patribus
2490 1051 2605 1107 illis
2662 1049 3078 1107 Abrahamicis
3122 1051 3400 1104 nostrum
3446 1044 3606 1100 hunc

1958 1142 2147 1197 multo
2196 1141 2671 1214 praestantiorem
2727 1140 2950 1196 fuisse:
3019 1138 3401 1195 Abrahamus
3442 1133 3606 1190 enim

1959 1230 2222 1302 primum
2253 1231 2417 1303 apud
2458 1231 2852 1300 Pharaonem,
2884 1228 3100 1286 deinde
3125 1227 3290 1300 apud
3309 1223 3606 1281 Abimele-

1959 1320 2141 1376 chum
2171 1322 2379 1377 Saram
2427 1337 2601 1378 suam
2638 1336 2768 1378 esse
2799 1334 3086 1388 sororem,
3125 1333 3253 1374 non
3282 1315 3606 1386 conjugem

1959 1409 2263 1482 professus
2292 1414 2400 1478 est,
2441 1416 2507 1467 ut
2535 1415 2592 1467 et
2639 1411 2971 1468 Rebeccam
3011 1413 3270 1466 Isaacus.
3307 1406 3395 1462 Illi
3422 1403 3603 1461 nimi-

1959 1513 2095 1554 rum
2141 1499 2432 1557 terrefacti
2487 1501 2776 1572 conjuges
2832 1515 2974 1557 suas
3003 1499 3199 1555 dicere
3217 1496 3600 1564 verebantur,

1960 1603 2036 1644 ne
2084 1593 2329 1662 propter
2382 1589 2516 1648 illas
2567 1591 2916 1647 interirent:
2971 1589 3068 1646 hic
3115 1603 3258 1646 vero
3306 1587 3606 1656 virginem

1961 1679 2224 1734 necdum
2250 1679 2362 1734 sibi
2383 1680 2445 1736 in
2468 1681 2925 1739 matrimonium
2945 1678 3506 1746 collocatam,suam
3521 1679 3606 1733 ta-

1961 1783 2102 1824 men
2146 1784 2395 1826 uxorem
2439 1770 2815 1834 nominabat,
2865 1769 2946 1827 ad
2994 1785 3058 1826 se
3099 1767 3464 1834 retrahebat,
3495 1762 3609 1821 sibi

1961 1858 2346 1916 vindicabat:
2380 1861 2516 1917 vitae
2553 1877 2665 1934 pro
2684 1860 2786 1918 illa
2815 1860 3140 1918 discrimen
3177 1858 3402 1926 subire,
3441 1856 3492 1915 si
3514 1869 3611 1912 res

1959 1937 2210 2024 ital‘erat,
2260 1951 2739 2025 haudquaquam
2774 1952 3134 2010 detrectans.

2035 2039 2209 2107 Quod
2239 2041 2290 2098 si
2319 2043 2659 2099 Susannam
2703 2041 2910 2099 Daniel
2946 2058 2984 2100 a
3019 2041 3418 2099 violentorum
3448 2055 3610 2098 ama-

1964 2134 2163 2189 torum
2192 2135 2250 2188 et
2289 2131 2634 2205 iniquorum
2675 2131 2952 2203 judicum
2995 2131 3194 2188 furore
3243 2130 3517 2201 asseruit,
3551 2133 3616 2186 at

1966 2237 2076 2295 pro
2131 2221 2417 2278 tribunali
2462 2221 2628 2295 prius
2683 2220 2935 2293 sederat,
2991 2221 3237 2279 libidine
3286 2224 3616 2278 exctecatos

1963 2311 2198 2384 judices
2243 2327 2522 2369 seorsum
2543 2310 2898 2377 abduxerat,
2930 2316 3256 2386 utrumque
3285 2311 3618 2382 interroga-

1968 2408 2137 2460 verat
2157 2401 2597 2474 sigillatim,suo
2616 2401 3008 2476 ipsorumque
3033 2402 3262 2475 judicio
3292 2400 3616 2468 convictos,

1970 2498 2029 2549 et
2069 2492 2302 2565 capitis,
2333 2491 2678 2563 damnatos,
2717 2491 3021 2564 lapidibus
3052 2491 3344 2564 cooperiri
3361 2489 3625 2563 jusserat

1973 2587 2152 2654 atque
2171 2581 2286 2638 hoc
2307 2584 2482 2654 pacto
2501 2581 2791 2654 pudicam
2813 2580 2891 2637 ab
2910 2580 3122 2654 iniqua
3145 2579 3442 2638 sententia
3473 2577 3622 2636 libe-

1973 2684 2228 2737 raverat.
2261 2679 2493 2737 Deliciaa
2523 2685 2667 2739 vero
2714 2697 2882 2754 mese,
2931 2681 3018 2738 vir
3054 2680 3150 2738 hic
3175 2677 3484 2746 nimirum,
3515 2673 3625 2749 qui

1974 2774 2192 2828 natura
2209 2770 2291 2827 sic
2303 2775 2692 2845 comparatus
2714 2776 2858 2839 erat,
2883 2775 2948 2828 ut
2967 2787 3148 2827 nemo
3169 2773 3448 2827 nostrum
3466 2781 3546 2824 vo
3555 2763 3628 2822 tis

1979 2858 2266 2917 omnibus
2299 2860 2506 2919 similis
2525 2859 2608 2917 illi
2627 2861 2884 2918 evadere
2930 2876 3053 2917 non
3085 2863 3342 2932 expetat,
3387 2873 3512 2914 non
3537 2855 3632 2927 ju-

1981 2947 2214 3017 dicans,
2263 2954 2331 3005 ut
2367 2949 2592 3020 Daniel,
2623 2949 2729 3006 sed
2775 2949 3011 3006 hostem
3059 2947 3334 3004 adulterii
3383 2943 3632 3001 crimine

1983 3055 2298 3097 accersens
2332 3059 2344 3099 :
2388 3054 2514 3096 non
2536 3043 2939 3112 constupratte
2977 3037 3224 3094 fratrem
3278 3035 3534 3106 ﬁngens,
3567 3035 3637 3088 ut

195 3099 481 3183 bissimis
494 3099 1878 3202 aﬁlictarimodi'squeritans.embarumitaque
1905 3099 1947 3153 ο
1986 3129 2402 3196 Abrahamus;
2441 3143 2566 3185 non
2594 3128 2656 3184 id
2701 3099 3002 3195 mentitus,
3029 3124 3198 3200 quod
3225 3125 3289 3181 in
3315 3099 3635 3196 reprehen-

199 3217 527 3274 tenacitate
573 3235 870 3276 manuum
915 3221 1284 3293 prehensam
1334 3217 1677 3291 pancratice
1736 3230 1876 3271 cum
1988 3220 2222 3277 sionem
2270 3219 2570 3276 incurrere
2632 3217 2845 3274 merito
2893 3219 3116 3290 posset,
3163 3220 3229 3272 ut
3272 3217 3438 3271 Isaac
3479 3211 3630 3284 (lt):

201 3304 382 3362 hoste
403 3306 782 3377 colluctatus,
808 3309 981 3381 cujus
1001 3309 1269 3366 animum
1295 3323 1500 3364 amore
1521 3305 1755 3363 ebrium
1786 3303 1874 3360 fu-

203 3410 312 3452 ror
342 3395 640 3466 effer-arat,
668 3397 748 3456 ad
767 3414 831 3455 se
860 3399 1121 3466 retraxit,
1155 3414 1266 3456 nec
1295 3397 1461 3471 prius
1509 3393 1874 3468 conquievit,

205 3502 404 3558 quam
429 3503 468 3544 a
483 3487 726 3545 violenti
744 3487 932 3546 hostis
960 3489 1249 3547 manibus
1269 3488 1563 3560 virginem
1581 3488 1872 3558 ereptam,

203 3575 512 3646 virginem
543 3578 700 3650 patri
728 3578 1081 3635 restitueret.
1113 3578 1342 3635 Praesto
1364 3577 1438 3634 sit
1463 3592 1606 3632 vero
1628 3589 1788 3630 nunc
1816 3575 1874 3628 et

207 3665 338 3737 illa,
362 3671 429 3724 ut
447 3665 754 3735 lamentis,
777 3668 1124 3742 gemituque
1140 3674 1196 3725 et
1213 3667 1474 3724 femineo
1495 3664 1728 3722 ululatu
1745 3677 1869 3717 suae

207 3754 509 3814 libertatis
526 3757 827 3814 vindicem
843 3757 1199 3826 conclamat,
1217 3757 1728 3828 illum,inquam,a
1747 3766 1869 3824 quo

209 3851 478 3916 servata,
509 3862 622 3904 nec
655 3863 830 3904 secus
867 3864 906 3905 a
931 3853 1138 3922 stupro
1163 3847 1416 3904 liberata
1463 3848 1572 3915 est,
1599 3847 1778 3915 atque
1821 3840 1870 3895 si

207 3935 524 4007 pudicitiae
560 3937 694 4010 ejus
734 3937 1164 3995 conservandae
1196 3934 1639 4008 integritatique
1665 3936 1868 3989 custo-

207 4024 456 4083 diendae
483 4027 609 4097 jam
635 4026 780 4084 olim
809 4027 1128 4100 praefectus
1157 4027 1384 4084 fuisset.

283 4117 328 4172 Ο
347 4115 711 4188 praclarum
738 4116 975 4174 facinus
999 4116 1011 4172 ι
1036 4117 1253 4189 cuique
1275 4131 1350 4172 ex
1370 4113 1582 4188 priscis
1602 4111 1717 4169 illis
1736 4110 1867 4169 nul-

211 4203 345 4261 lum
375 4206 763 4278 respondeat.
805 4207 1006 4263 Fertur
1031 4205 1308 4263 Hercules
1330 4204 1646 4261 Hesionem
1678 4215 1868 4274 quon-

212 4292 365 4351 dam
393 4294 766 4366 liberavisse,
794 4311 934 4352 cum
953 4294 1168 4352 bellua;
1197 4293 1446 4352 marinae
1466 4293 1705 4364 objecta
1728 4289 1868 4346 fuis-

214 4388 308 4441 set
343 4400 359 4441 :
409 4384 622 4440 itidem
651 4389 708 4442 et
746 4361 996 4441 Perseus
1025 4382 1497 4441 Andromedam.
1547 4361 1621 4439 λι
1667 4379 1751 4438 illi
1771 4394 1864 4436 ar-
1893 4361 1940 4417 Ῑ)

215 4474 386 4540 meti,
433 4473 713 4547 ferroque
741 4473 992 4532 accincti
1017 4473 1254 4531 belluas
1296 4472 1564 4546 aggressi
1615 4474 1772 4542 sunt,
1809 4471 1866 4526 et

216 4562 486 4634 virgines
497 4562 743 4622 tandem
751 4562 1118 4621 matrimonii
1131 4561 1244 4619 sibi
1257 4577 1417 4620 nexu
1427 4561 1560 4632 conj
1573 4561 1870 4618 unxerunt

215 4653 321 4710 Hic
387 4658 594 4711 autem
632 4653 877 4712 inermis
919 4657 1220 4711 armatam
1296 4651 1564 4710 belluam
1624 4651 1863 4723 invasit,

219 4759 485 4818 eamque
517 4748 604 4801 tot
647 4743 1169 4802 mendaciunculis
1199 4743 1474 4816 aspersit,
1522 4745 1607 4800 tot
1639 4741 1868 4798 astutiis

217 4833 636 4906 circumvenit,
647 4833 738 4890 vir
747 4833 972 4907 alioqui
985 4833 1572 4906 verax,minimeque
1583 4830 1868 4888 mendax.

219 4929 284 4981 ut
303 4928 600 4981 intactam
620 4923 886 4998 puellam
913 4924 1069 4998 patri
1103 4922 1351 4980 tandem
1370 4921 1421 4994 ej
1432 4939 1501 4978 us
1529 4920 1868 4978 restituerit.

286 5017 587 5074 Cmterum
645 5014 887 5072 Simeon
927 5017 986 5071 et
1047 5013 1184 5071 Levi
1233 5028 1499 5070 sororem
1527 5010 1871 5084 raptoribus

215 5107 622 5168 extorserunt.
663 5107 723 5161 et
779 5104 911 5176 jam
961 5102 1251 5161 violatam
1299 5107 1356 5160 et
1393 5105 1871 5174 constupratam,

213 5195 401 5270 idque
430 5192 778 5252 certaminis
825 5193 950 5264 vix,
985 5209 1058 5251 ac
1109 5209 1186 5252 ne
1206 5193 1305 5250 vix
1331 5191 1578 5266 quidem
1609 5192 1735 5249 sine
1751 5207 1874 5248 cre-

217 5287 330 5342 bra
357 5283 421 5341 in
469 5282 800 5358 ancipitem
846 5297 1067 5357 gyrum
1135 5282 1727 5350 circumcursatione,
1764 5295 1875 5337 nec

289 5471 313 5504 ²
353 5467 580 5543 Ephes.
607 5480 668 5523 ν.
695 5468 805 5536 25;
837 5464 886 5521 lI
917 5466 1051 5524 Cor.
1071 5480 1128 5535 v,
1153 5467 1248 5536 15,
1275 5465 1298 5502 ⁸
1320 5465 1486 5522 Cant.
1510 5480 1548 5536 ι,
1572 5467 1626 5536 4,

1989 3310 2097 3366 sed
2124 3309 2374 3380 virginis
2406 3309 2737 3365 etiamnum
2787 3305 2914 3364 viro
2962 3304 3164 3362 crudae
3201 3303 3398 3360 virum
3446 3300 3636 3376 (quod

1986 3399 2315 3472 sapientius
2341 3398 2515 3471 juxta
2535 3413 2605 3454 ac
2626 3395 2848 3454 virilius
2870 3395 2998 3467 fuit)
3020 3410 3083 3451 se
3107 3389 3635 3463 dictitans,violen-

1985 3492 2111 3546 tum
2141 3487 2314 3544 illum
2343 3491 2647 3562 raptorem
2677 3483 2881 3542 fefellit
2909 3487 2965 3541 et
2993 3483 3229 3558 repulit.

2055 3579 2198 3635 Hinc
2212 3577 2602 3652 perspicuum
2616 3579 2704 3634 est
2715 3591 2786 3633 ea
2797 3591 2933 3648 quae
2947 3589 3110 3630 nunc
3122 3587 3404 3630 recenseo
3416 3567 3632 3645 priscis

1978 3667 2092 3725 illis
2110 3669 2288 3738 longe
2307 3667 2727 3740 praestantiora
2746 3681 2878 3722 esse
2899 3682 2911 3732 ;
2933 3663 3158 3738 quippe
3179 3679 3316 3737 quae
3333 3661 3634 3719 Christum

1977 3757 2307 3826 redoleant,
2357 3761 2537 3831 atque
2577 3757 2663 3813 ita
2703 3754 2881 3826 legali
2933 3753 3034 3810 illa
3071 3752 3301 3826 justitia
3327 3751 3506 3823 longe
3535 3765 3633 3805 ex-

1978 3847 2324 3905 cellentiora
2381 3847 2518 3904 sint.
2570 3843 3102 3913 Quemadmodum
3149 3842 3311 3900 enim
3364 3841 3632 3914 seipsum

1979 3939 2245 3995 Christus
2306 3935 2579 3993 Ecclesiae
2636 3935 2883 3991 nomine
2946 3932 3210 4003 tradidit,
3256 3947 3396 3988 cum
3426 3933 3629 3986 tamen

1979 4027 2179 4085 adhuc
2225 4024 2490 4083 Ecclesia
2547 4039 2854 4098 nusquam
2891 4026 3069 4088 esset,
3121 4019 3348 4077 nedum
3396 4017 3626 4076 Christo

1976 4117 2350 4191 desponsata
2427 4113 2650 4184 (adhuc
2722 4111 2882 4168 enim
2950 4113 3294 4184 peccatores
3360 4123 3625 4176 eramus,

1978 4223 2116 4264 cum
2159 4221 2270 4279 pro
2321 4203 2497 4261 nobis
2557 4206 2830 4259 mortuus
2883 4205 2974 4257 est
3030 4197 3318 4265 Christus,
3373 4199 3436 4252 ut
3469 4199 3627 4269 Apo-

1979 4295 2164 4352 stolus
2201 4295 2282 4350 ait
2310 4296 2391 4366 3);
2417 4293 2552 4367 ipsa
2579 4307 2822 4366 quoque
2851 4288 3197 4360 ignominiw
3221 4287 3333 4343 sibi
3357 4284 3622 4354 conscia,

1977 4404 2164 4463 quam
2209 4383 2512 4456 impietate
2553 4380 2805 4455 pristina
2831 4379 2943 4437 sibi
2981 4381 3392 4437 contraxerat:
3436 4375 3627 4448 Nigra

1977 4493 2128 4544 sum,
2159 4474 2354 4548 inquit
2390 4470 2631 4538 alicubi,
2675 4470 2834 4541 filiae
2864 4471 3198 4527 Jerusalem
3239 4468 3300 4536 3;
3333 4466 3414 4524 ita
3442 4464 3626 4522 etiam

1978 4567 2158 4624 frater
2187 4579 2361 4621 meus
2391 4577 2501 4635 pro
2545 4559 2664 4632 illa,
2715 4575 2902 4632 quam
2944 4557 3220 4614 nondum
3263 4554 3324 4612 in
3371 4568 3625 4612 uxorem

1977 4656 2250 4724 duxerat,
2281 4667 2392 4708 nec
2419 4647 2618 4706 adhuc
2641 4647 2888 4704 omnino
2913 4645 3202 4702 ducturus
3230 4647 3374 4724 erat,
3406 4656 3626 4715 parum

1979 4735 2170 4795 abfuit
2193 4733 2343 4807 quin
2370 4729 2555 4788 vitam
2589 4727 2998 4802 profunderet,
3034 4726 3181 4781 dum
3219 4723 3390 4780 certis
3424 4738 3488 4778 se
3525 4735 3628 4792 pe-

1975 4824 2180 4883 riculis
2229 4819 2451 4894 objicit,
2485 4824 2542 4875 et
2596 4819 2702 4890 qui
2733 4817 2927 4872 virum
2987 4813 3394 4878 simulaverat,
3435 4807 3625 4884 patris

1978 4929 2188 4973 revera
2209 4925 2457 4969 munere
2481 4903 2830 4982 perfunctus
2856 4909 2963 4972 est,
2994 4907 3173 4976 atque
3205 4900 3392 4975 patris
3412 4899 3473 4956 in
3502 4913 3627 4974 quo

1980 5003 2269 5064 naturalis
2299 5016 2441 5073 erga
2469 4997 2692 5055 liberos
2725 5011 2917 5066 amor,
2963 4992 3440 5066 eorumdemque
3472 4990 3631 5048 salu-

1982 5097 2054 5153 tis
2077 5090 2521 5169 propugnatio,
2574 5087 2765 5144 multo
2805 5084 3002 5155 magis
3042 5098 3230 5156 quam
3283 5083 3346 5138 in
3395 5098 3466 5140 eo
3522 5080 3633 5153 qui

1981 5185 2244 5261 puellam
2289 5181 2594 5254 genuerat,
2641 5175 3020 5234 elucesceret.
3065 5172 3166 5230 Ille
3214 5171 3512 5247 siquidem
3552 5170 3634 5226 vi-

1985 5275 2250 5335 ctoribus
2271 5269 2464 5340 cessit,
2486 5267 2751 5342 fugaque
2768 5264 3021 5323 salutem
3038 5263 3314 5339 quaesivit
3336 5280 3350 5321 :
3373 5261 3469 5321 hic
3495 5275 3635 5319 vero

291 5595 407 5666 (ti)
436 5597 506 5652 In
527 5591 739 5651 codice
769 5592 971 5650 Graeco
1001 5587 1134 5650 δαδ.
1171 5605 1284 5664 pro
1309 5590 1466 5646 ’σαὰκ
1489 5590 1648 5648 male
1678 5589 2065 5664 suppositum
2101 5581 2356 5642 videtur.
