4152 6208
278 305 393 358 37⁸7

1144 302 1239 357 ΑΙ)
1277 301 1582 360 ALEXIUM
1624 300 2012 361 COMNENUM
2047 303 2189 362 PRO
2224 302 2798 362 ATHENIENSIBUS.

3550 302 3655 357 378

282 424 533 481 aedibus
562 426 918 480 consecrata
957 438 1232 479 annuum
1255 424 1306 479 ei
1338 430 1545 481 sancto
1572 424 1793 482 festum
1822 425 1911 482 di-
1940 430 1987 483 A
2013 426 2297 484 audacter
2344 433 2401 484 et
2431 428 2612 484 libere
2655 444 2794 484 cum
2834 426 2964 483 aliis
2997 425 3073 482 de
3102 424 3318 492 causis,
3352 427 3480 480 tum
3511 423 3655 496 quia

281 513 492 582 cabat,
521 529 706 586 quem
739 511 942 567 ubivis
973 511 1241 582 gentium
1283 513 1396 569 coli
1433 513 1660 570 videret
1688 531 1701 569 :
1731 513 1813 570 ita
1843 520 1909 570 ut

284 619 366 659 ex
410 603 544 673 ejus
584 601 838 658 tentorio
877 601 1005 656 sine
1034 600 1477 658 intermissione
1505 619 1620 658 vox
1649 602 1903 659 exsulta-

285 692 475 748 tionis
505 695 564 748 et
602 690 832 758 salutis,
867 689 1131 763 justique
1177 690 1336 747 illius
1392 692 1502 748 viri
1550 691 1901 749 Psalterium

284 780 701 836 exaudiretur.

369 870 467 924 His
491 869 694 941 itaque
712 867 786 924 de
808 870 1009 926 causis
1027 869 1193 926 illum
1213 870 1293 926 ad
1313 869 1540 926 amicos
1556 870 1901 943 pervenisse

287 963 352 1014 et
389 959 452 1013 in
492 957 707 1014 eadem
744 957 847 1014 illa
881 959 1251 1031 sempiterna
1281 959 1554 1026 tentoria,
1575 960 1638 1015 in
1680 959 1901 1032 quibus

284 1046 376 1103 illi
405 1047 747 1121 quiescunt,
783 1048 1086 1105 invectum
1126 1048 1330 1119 fuisse,
1367 1055 1591 1107 aeterna
1619 1065 1758 1106 cum
1788 1050 1900 1106 illis

284 1135 666 1192 beatitudine
691 1136 828 1204 frui,
862 1136 1120 1210 denique
1147 1137 1280 1209 jam
1310 1153 1419 1211 pro
1447 1138 1623 1194 nobis
1653 1154 1898 1212 quoque

2013 515 2210 572 fratris
2240 517 2694 572 amantissimus
2725 520 2831 583 est,
2853 514 3219 572 intercedere
3244 516 3400 570 certo
3428 511 3657 577 scio,ut

2011 602 2108 660 ille
2145 604 2248 677 qui
2292 620 2414 660 non
2465 603 2632 660 aliter
2669 609 2848 676 atque
2882 605 3143 660 fusorius
3180 602 3355 674 ignis,
3394 599 3657 657 herbave

2011 694 2386 750 balneatoria
2414 694 2692 750 sordidos
2722 701 3032 766 expurgat,
3063 709 3175 749 nos
3203 707 3445 765 quoque
3467 693 3656 746 tenta-

2009 783 2274 840 tionibus
2303 783 2526 855 quibus
2551 783 2648 838 hic
2675 783 3011 852 objicimur,
3043 782 3204 838 velut
3231 781 3369 851 igne
3409 783 3465 835 et
3495 795 3658 850 aqua

2011 871 2225 944 expiet,
2249 871 2452 944 sicque
2478 871 2721 927 tandem
2752 887 2929 926 suum
2958 871 3018 927 in
3057 868 3431 939 refrigerium
3461 872 3654 924 trans-

2010 961 2210 1028 ducat,
2233 967 2291 1017 et
2311 961 2649 1032 justiﬁcatis
2670 977 2776 1034 per
2793 961 2977 1017 fidem
3008 959 3318 1021 concedat.
3349 963 3414 1014 ut
3441 957 3658 1014 eodem

2008 1051 2070 1106 in
2091 1050 2244 1117 loco,
2268 1055 2448 1122 atque
2472 1049 2815 1105 admirandi
2843 1049 2999 1106 illius
3028 1049 3260 1106 tentorii
3290 1046 3491 1103 aeterni
3521 1045 3654 1102 loco

2008 1138 2188 1194 simul
2228 1137 2656 1194 inhabitemus.

1327 1497 2619 1616 ΥΠΟΜΝΗΣΤΙΚΟΝ

1683 1738 1783 1786 ΕΙΣ
1820 1739 1955 1786 TON’
1995 1737 2272 1788 ΒΑΣΙΛΕΑ

617 1919 1204 2038 ΚΥΡΙΟΝ
1282 1910 1931 2040 ΑΛΕΞΙΟΡ

2060 1926 2354 2037 TON
2437 1923 3101 2038 KOMNHN
3109 1924 3334 2032 ON.

1397 2362 2503 2471 YPOMNESTICON

1661 2598 1755 2652 AD
1795 2595 2291 2653 IMPERATOREM

403 2791 1322 2932 DOMINUM
1425 2795 2324 2933 ALEXIUM
2426 2793 3556 2933 COMNENUM.

359 3267 660 3341 ’τολμῶντες
707 3273 756 3322 οἱ
800 3270 1000 3336 ἀνάξιοι
1055 3277 1146 3325 καὶ
1199 3272 1522 3336 πανευτιλεῖς
1577 3270 1758 3328 δοῦλοι
1795 3282 1891 3338 τῆς
1919 3276 1963 3330 Β

284 3365 547 3429 κραταιᾶς
596 3364 687 3411 καὶ
729 3359 882 3431 ἁγίας
927 3359 1198 3434 βασιλείας
1237 3381 1332 3415 σου
1382 3359 1622 3436 δεόμιτα,
1657 3360 1890 3418 δέσποτα

286 3447 436 3518 ἡμῶν
469 3447 607 3518 ἅγιε.

356 3539 429 3588 Τό
459 3537 580 3588 καθ’
609 3538 639 3595 ἠ
647 3543 744 3609 μᾶς
773 3540 911 3611 ὄριον
931 3547 1030 3593 τῶν
1064 3541 1310 3612 Ἀθηνῶν,
1345 3541 1507 3596 πάλαι
1543 3548 1635 3595 τοῦ
1657 3542 1888 3606 πλήθους

284 3631 386 3676 τῶν
437 3623 656 3678 ἐποίκων
704 3627 863 3680 αὐτοῦ
913 3625 1006 3682 διὰ
1066 3632 1159 3694 τὰς
1200 3629 1609 3694 ἁλλεπαλλὴλονς
1647 3631 1889 3708 ἐπηρείας

283 3711 647 3788 ἑκκενούμενον
674 3717 773 3788 ἀεὶ,
804 3725 891 3770 νῦν
921 3715 1209 3773 κινδυνεύει
1234 3725 1324 3773 καὶ
1341 3721 1410 3784 εἰς
1442 3722 1604 3781 αὐτὴν
1631 3729 1887 3797 περιστῆ-

283 3824 371 3855 ναι
401 3809 496 3863 την
527 3810 1006 3880 παροιμιαζομένην
1027 3807 1244 3882 ἐρημίαν
1266 3811 1538 3870 Σκυθικήν.
1555 3814 1626 3864 Τό
1649 3807 1708 3864 δὲ
1725 3814 1889 3863 αἴτιον

285 3896 368 3945 ὅτι
407 3893 626 3957 πολλαῖς
667 3894 931 3972 ἑπηριίαις
971 3897 1322 3973 βαρυνόμεθα,
1363 3899 1552 3973 μᾶλλον
1591 3897 1652 3954 δὲ
1687 3899 1891 3954 πλείοσι

285 3987 376 4036 καὶ
413 3982 753 4060 βαρυτέραις,
782 3990 910 4060 ἤπερ
942 3989 1348 4059 οἰγειτονοῦντες
1377 3990 1502 4062 ἡμῖν
1525 3989 1697 4043 λοιποὶ
1725 4009 1892 4043 κατωο

285 4077 446 4126 τικοί.
481 4073 560 4126 Οὐ
601 4079 754 4146 μόνον
781 4078 883 4151 γὰρ
929 4079 1078 4150 ἡμεῖς
1121 4075 1206 4140 δὶς
1244 4083 1334 4130 καὶ
1372 4083 1480 4153 τρὶς
1514 4083 1605 4132 καὶ
1644 4077 1892 4140 πολλάκις

286 4165 434 4237 παρὰ
475 4166 566 4224 τὰς
603 4169 834 4235 γείτονας
874 4167 1020 4238 ἡμῶν
1048 4173 1228 4242 χώρας
1267 4169 1562 4241 ὑπέστημεν
1593 4167 1895 4244 ἀναγραφὰς

285 4257 374 4304 καὶ
404 4253 741 4328 ἐπιτηρήσας
773 4253 1038 4331 ἀναφορῶν
1066 4265 1470 4330 γεωμετρουσῶν
1490 4261 1667 4330 ἴχνεσι
1685 4257 1892 4329 ψυλλῶν

287 4344 536 4417 ἄντικρυς
556 4345 624 4395 τὰ
642 4343 939 4417 ὑπόψαμμα
965 4350 1118 4398 ταυτὶ
1145 4351 1236 4399 καὶ
1255 4345 1517 4422 λυπρόγεα
1536 4349 1683 4420 ἡμῶν
1703 4353 1768 4420 γή
1778 4344 1814 4401 δ
1819 4367 1892 4416 ια,

285 4437 378 4484 καὶ
420 4429 622 4503 σχεδὸν
672 4437 762 4486 καὶ
799 4435 892 4495 τὰς
932 4438 1123 4508 τρίχας
1162 4435 1322 4499 αὐτὰς
1352 4445 1452 4488 τῶν
1480 4436 1708 4509 κεφαλῶν
1747 4439 1894 4510 ἡμῶν

288 4518 767 4594 διαριθμουμένων,
821 4527 970 4593 πόσῳ
1006 4543 1066 4596 γε
1105 4523 1296 4597 μᾶλλον
1346 4522 1576 4598 ἀμπέλου
1634 4525 1818 4598 φύλλον
1861 4527 1890 4587 ἣ

2069 3272 2305 3344 Indigni
2341 3288 2453 3329 nos
2491 3276 2671 3345 atque
2709 3271 2967 3328 humiles
2998 3270 3318 3344 Majestatis
3362 3274 3472 3327 tua:
3501 3267 3658 3328 servi

1997 3362 2184 3420 hocce
2226 3361 2337 3418 abs
2376 3365 2430 3418 te
2461 3367 2659 3434 petere
2689 3360 3012 3418 audemus.

2064 3546 2219 3614 Ager
2237 3541 2614 3598 Atheniensis
2640 3556 2823 3615 quem
2852 3538 3224 3608 habitamus,
3253 3537 3391 3594 inde
3414 3553 3452 3594 a
3469 3536 3654 3607 longo

1996 3641 2264 3707 tempore
2295 3631 2526 3688 civibus
2567 3631 2673 3704 qui
2717 3630 2861 3687 olim
2891 3628 3134 3703 plurimi
3165 3628 3350 3698 fuere,
3391 3625 3661 3700 privatus

1989 3710 2147 3782 jacet
2175 3727 2231 3778 et
2260 3721 2458 3778 omnis
2492 3720 2728 3792 generis
2744 3719 2920 3776 malis
2944 3723 3214 3782 vexatur,
3237 3717 3360 3774 imo
3385 3716 3447 3772 in
3477 3731 3548 3774 eo
3570 3719 3659 3772 est

1995 3815 2062 3868 ut
2096 3811 2334 3870 deserto
2370 3809 2647 3883 scythico
2695 3808 3042 3882 comparari
3090 3807 3298 3882 possit.
3343 3806 3536 3876 Hujus
3574 3803 3660 3861 rei

1997 3917 2184 3958 causa
2213 3904 2305 3958 est
2331 3899 2498 3973 quod
2526 3898 2917 3970 vectigalibus
2944 3896 3326 3968 gravioribus
3354 3909 3543 3966 quam
3569 3892 3658 3948 vi-

1999 3991 2149 4046 cinae
2176 3993 2381 4060 gentes
2406 3987 2760 4062 premimur,
2786 3986 3084 4059 siquidem
3117 3983 3423 4057 publicani
3450 3986 3507 4038 et
3526 3995 3663 4037 vec-

1999 4069 2273 4150 tigalium
2313 4082 2618 4136 exactores
2667 4075 2999 4147 triplicibus
3057 4073 3342 4130 molestiis
3385 4075 3602 4127 vexant
3643 4088 3657 4138 ;

2001 4185 2181 4240 agros
2201 4171 2361 4224 enim
2381 4172 2616 4224 nostros
2641 4181 2924 4222 arenosos
2950 4180 3021 4221 ac
3050 4179 3268 4236 parum
3299 4161 3515 4218 fertiles
3535 4175 3661 4216 non

1999 4259 2293 4328 humana,
2312 4256 2416 4312 sed
2444 4253 2717 4328 pulicosa
2742 4269 3028 4310 mensura
3044 4268 3113 4309 ac
3130 4251 3516 4325 proportione
3533 4265 3660 4306 me-

2003 4347 2269 4414 tiuntur;
2301 4346 2425 4402 imo
2463 4349 2527 4400 ut
2566 4342 2819 4416 capillos
2863 4341 3131 4415 capitum
3169 4344 3537 4406 nostrorum,
3581 4337 3664 4394 ita

2001 4436 2137 4493 vitis
2174 4433 2315 4492 folia
2357 4435 2698 4491 numerant.
2727 4430 2894 4488 Adde
2943 4431 3110 4505 quod
3153 4435 3379 4487 ceterae
3411 4429 3658 4499 insuper

2005 4525 2345 4583 exactiones
2384 4524 2536 4580 fisco
2573 4520 2886 4579 destinatae
2933 4521 2995 4577 in
3045 4521 3273 4578 caeteris
3310 4515 3662 4589 regionibus

290 4610 452 4683 φυτσῦ
491 4629 653 4673 τινος.
691 4611 847 4666 Ἀλλὰ
874 4617 964 4665 καὶ
990 4614 1044 4665 αἱ
1081 4615 1410 4674 καθεκάστην
1437 4613 1616 4668 λόιπαὶ
1642 4620 1897 4688 κοσμικαὶ
1927 4651 1931 4686 ε

2011 4613 2324 4672 commode
2361 4629 2434 4669 ac
2468 4612 2596 4668 sine
2626 4610 3047 4668 vexatiouibus
3086 4609 3452 4675 efﬁciuntur,
3482 4604 3664 4677 siqui-

290 4699 528 4775 ὲπηριιαι
559 4699 608 4752 ἐν
637 4705 727 4773 μὲν
755 4709 865 4762 ταῖς
893 4701 1096 4764 λοιπαῖς
1133 4709 1341 4776 χώραις
1369 4705 1399 4764 ἦ
1441 4701 1566 4756 οὐδὲ
1595 4708 1689 4763 τὴν
1719 4702 1894 4777 ἀρχὴν

287 4789 637 4864 ἓνεργοῦνται,
666 4791 696 4849 ἦ
720 4793 865 4866 παρὰ
893 4801 992 4843 τῶν
1011 4798 1318 4868 πραιτώρων
1348 4793 1705 4866 κουφίζονται,
1736 4812 1896 4868 χαρι-

289 4879 519 4951 ζομένων
541 4879 728 4941 αὐταῖς
747 4882 814 4932 τὰ
839 4888 1078 4948 τοιαῦτα,
1101 4881 1190 4934 οἵτε
1205 4885 1297 4935 καὶ
1317 4884 1413 4945 τὰς
1439 4880 1684 4956 ἐπηρείας
1697 4884 1892 4942 ταυτας

2002 4705 2143 4760 dem
2173 4704 2458 4775 praetores
2487 4699 2818 4772 saepissime
2845 4697 3048 4754 debita
3076 4695 3448 4760 condonant,
3489 4691 3660 4748 aliter

2003 4808 2075 4848 ac
2104 4791 2265 4864 apud
2305 4805 2417 4846 nos
2447 4789 2572 4862 qui,
2607 4792 2665 4844 et
2688 4786 2927 4843 ultimos
2952 4785 3200 4858 quidem
3239 4783 3475 4840 Graeciae
3506 4781 3660 4836 ﬁnes

2001 4879 2348 4948 incolentes,
2381 4875 2704 4933 durissima
2733 4889 2988 4947 quasque
3017 4871 3410 4945 perpetimur.

289 4966 629 5043 ἐνεργούντων
660 4968 830 5021 αὐτῶν
868 4972 908 5021 ὡ
937 4973 1004 5023 τὰ
1023 4969 1206 5040 πολλὰ,
1246 4973 1277 5030 ἣ
1310 4991 1691 5046 σννεργουντων
1729 4973 1933 5032 πάντως
1961 4977 2072 5032 τοῖς
2101 4967 2397 5042 ἐνεργοῦσιν
2429 4983 2442 4996 ·
2483 4965 2530 5018 ἐν
2562 4967 2686 5038 ἡμῖν
2719 4960 2778 5016 δῖε
2804 4969 2973 5016 πᾶσαι
2998 4961 3342 5034 ἐνιργοῦνται,
3370 4963 3461 5013 καὶ
3485 4957 3665 5013 ἐπιϐα-

285 5065 394 5131 ρὼς
422 5059 632 5111 ἅπασαι
660 5062 751 5111 καὶ
780 5067 880 5112 τῶν
909 5059 1073 5112 ἄλλων
1104 5065 1400 5135 πρώτιστα,
1431 5066 1522 5114 καὶ
1561 5068 1730 5114 ταῦτα
1752 5060 1802 5114 ἓν
1833 5068 1894 5133 τῇ
1928 5068 2020 5122 τῆς
2045 5054 2295 5120 Ἑλλάδος
2319 5059 2564 5130 κειμένοις
2589 5054 2841 5126 ἐσχατιᾷ.

363 5170 468 5218 Καὶ
530 5173 789 5241 μαρτνρεῖ
844 5169 904 5219 τό
970 5176 1247 5243 προσεχῶς
1305 5168 1559 5244 παρελθὸν
1626 5170 1759 5240 ἔθος,
1820 5169 1905 5221 ὅτε

287 5258 512 5315 κτίσεως
571 5259 834 5328 κατέργων
926 5257 1246 5331 ὁρισθείσης,
1305 5259 1459 5332 ἡμεῖς
1529 5266 1724 5332 πρῶτει
1812 5262 1902 5311 καὶ

286 5347 438 5417 μόνοι
486 5352 588 5396 τῶν
642 5343 829 5414 ἄλλων,
867 5351 1055 5421 καίπερ
1115 5351 1186 5419 μὴ
1243 5349 1542 5417 κισθέντων,
1607 5346 1906 5420 ἐζημιώθη-

287 5454 379 5506 μεν
412 5449 427 5462 ⁸
471 5436 557 5487 ὅτε
594 5441 688 5512 τοῦ
735 5440 968 5489 Πανσίου
1025 5437 1289 5508 (Παυσίου
1318 5437 1370 5507 Ῡ)
1409 5441 1698 5511 Στειριόνου
1742 5456 1902 5491 κατα-

289 5523 655 5594 πεπλευκότος,
731 5525 881 5598 μόνοι
948 5525 1102 5581 πάλιν
1195 5529 1348 5601 ἡμεῖς
1447 5528 1574 5604 ὑπὲρ
1663 5525 1904 5600 πλωίμων

288 5612 683 5688 κατεϐαλόμιοα
734 5635 748 5649 °
816 5614 976 5674 ἡνίκα
1044 5615 1199 5672 πάλιν
1244 5609 1400 5694 ¹ὑπερ
1492 5615 1738 5689 πλωῒμων
1829 5624 1906 5688 τῷ

2081 5167 2204 5222 Hoc
2223 5164 2307 5221 ita
2326 5179 2454 5221 esse
2469 5177 2668 5219 annus
2686 5160 2959 5233 proxime
2975 5159 3215 5232 elapsus
3233 5163 3501 5216 testatur.
3516 5160 3660 5215 Cum

2011 5255 2171 5313 enim
2215 5253 2463 5310 navium
2494 5250 2855 5308 constructio
2886 5249 3219 5321 juberetur,
3253 5249 3665 5319 grandissima

2010 5343 2188 5401 nobis
2223 5340 2483 5416 pecunia
2519 5353 2761 5396 summa
2807 5337 3241 5412 imperabatur,
3291 5353 3404 5394 nec
3460 5342 3662 5394 tamen

2013 5433 2221 5490 classis
2261 5431 2556 5489 aediﬁcata
2583 5429 2714 5487 fuit.
2758 5431 2904 5486 Cum
2936 5427 3075 5485 dein
3101 5428 3345 5485 Pansias
3374 5427 3662 5485 Stirionos

2011 5539 2180 5582 mare
2229 5521 2525 5592 lustraret,
2571 5534 2746 5578 nova
2805 5517 2985 5576 nobis
3033 5517 3302 5590 pecuniae
3356 5516 3664 5588 imperata

2014 5617 2174 5674 sunt.
2195 5614 2390 5686 Sguro
2413 5625 2661 5686 quoque
2684 5624 2758 5669 ac
2784 5606 3030 5682 pratori
3057 5606 3140 5668 ad
3161 5603 3334 5664 navis
3363 5602 3665 5663 aediﬁcan-
