4106 6222
80 0 179 39 ιμιξῼιἐ

52 30 179 91 rain];

62 108 97 139 ,ς’
128 126 139 131 ι

54 146 81 159 7'
122 164 129 169 ν

40 210 53 223 η.
120 186 125 191 ’

34 328 67 365 ..Ι

28 600 37 611 .

24 740 29 745 ¹
82 740 89 751 θ

44 764 73 787 sl

22 814 45 851 ἦ

28 900 41 913 Π

34 1048 39 1057 .

32 1090 87 1125 .‘v

22 1200 99 1241 ,.".

34 1288 73 1325 ‘_v
126 1322 131 1323 7

18 1326 47 1349 λ.
84 1344 91 1351 ρ

16 1408 47 1423 ,.

38 1456 85 1495 ,ζῇ
146 1472 149 1477 λ

16 1506 33 1525 ιι

20 1570 67 1599 '.‘.

20 1650 25 1661 ι

36 1712 51 1735 ὦ

20 1742 43 1769 ’ν
92 1766 95 1767 ,

4 2004 47 2049 ἡ,

4 2040 59 2117 Γ..

4 2124 21 2207 ξ
68 2142 71 2151 .

20 2176 61 2215 ἰ

4 2210 33 2257 L

498 304 604 361 337
1658 292 2013 351 THEODORI
2052 292 2333 349 ALANLE
2370 290 2683 352 EPISCOPI
3744 302 3851 356 ass

500 425 636 497 ejus
677 419 1205 490 Constantinopoli
1221 434 1333 489 per
1360 418 1740 488 Bosphorum
1772 415 2156 473 Cimmerium
2176 417 2235 473 in
2268 415 2578 482 Alaniam,
2607 414 2750 486 quia
2783 412 2941 473 hanc
2962 429 3093 485 pra
3130 420 3355 476 caeteris
3382 419 3857 479 lucubrationem

502 514 822 574 lectoribus
833 510 1167 583 jucundam
1206 510 1344 579 fore
1369 508 1761 578 speravimus.
1804 507 1890 562 De
1925 507 2153 562 Alania
2188 512 2241 563 et
2273 506 2490 561 Alanis
2527 519 2647 560 non
2686 506 2866 561 semel
2897 505 3330 565 Constantinus
3375 510 3861 581 Porphyrogeni-

500 612 596 663 tus
624 606 688 660 in
716 618 813 672 op.
847 603 925 655 De
953 599 1117 654 adm.
1149 598 1294 669 imp.
1331 598 1436 653 Est
1465 602 1659 653 autem
1689 610 1760 653 ea
1790 598 1954 667 regio
1980 596 2148 653 ultra
2185 594 2446 654 Maeotim
2478 595 2637 651 circa
2682 594 2955 664 Tanaim,
2986 602 3167 668 atque
3197 604 3263 654 ut
3295 599 3725 656 Constantinus
3763 599 3859 655 ed.

498 694 690 753 Paris.
718 709 781 763 ῃ.
821 692 918 744 113
949 687 1241 757 afﬁrmat,
1267 705 1367 738 των
1397 685 1551 759 ὀρέων
1573 688 1883 739 Καυκασίων
1910 685 2098 737 ἄνωθεν

2242 690 2339 756 ὐρα
2357 689 2453 744 τῆς
2482 682 2742 745 Ἀλανίας.
2775 684 2991 740 Itidem
3022 689 3223 743 noster
3250 688 3415 758 infra
3442 704 3504 743 n.
3524 688 3863 760 5.Dem'que

498 784 730 854 copiose
744 779 1076 849 optimeque
1088 776 1363 832 describit
1380 776 1425 830 Α
1440 776 1664 833 lanium
1691 774 1984 832 Cellarius
2002 776 2063 829 in
2082 774 2292 847 Geogr.
2307 774 2498 845 antiq.
2509 815 2524 845 ,
2542 772 2749 830 multis
2766 779 3030 831 veterum
3048 775 3246 832 citatis
3264 777 3747 833 auctoritatibus.
3763 777 3866 832 Ad

494 877 623 945 ejus
650 870 843 928 sedem
881 866 1274 936 episcopalem
1303 865 1463 936 quod
1499 865 1729 930 attinet,
1763 878 1831 921 ea
1859 864 1923 919 in
1944 862 2219 933 catalogo
2243 860 2455 919 Leonis
2474 861 2620 932 Sap.
2644 867 2774 919 erat
2801 864 3148 931 metropolis
3177 866 3544 936 sexagesima
3571 866 3858 933 secunda,

496 969 552 1021 et
586 962 653 1019 in
685 960 793 1016 illo
822 954 1160 1013 Andronici
1196 955 1446 1009 senioris
1475 958 1832 1009 numeratur
1860 957 2117 1022 quarta:

2237 965 2295 1007 ra
2322 952 2819 1021 septuagesimam
2844 967 2868 1007 .·
2903 952 2929 1003 ὀ
2974 952 3208 1015 Ἀλανιας
3244 974 3257 987 ο
3302 959 3393 1006 καὶ
3423 955 3554 1013 αὐτὴ
3599 953 3671 1017 ξϐ
3699 950 3858 1022 οὖσα,

498 1047 576 1106 ad"
603 1054 806 1123 γέγονεν
834 1047 991 1116 (post
1018 1041 1229 1100 Codin.
1271 1042 1361 1099 ed.
1390 1043 1583 1099 Paris.
1612 1057 1675 1111 p.
1703 1042 1853 1111 402).
1892 1041 2037 1096 Hac
2066 1040 2139 1097 de
2160 1041 2409 1097 Alania.
2443 1040 2529 1096 De
2554 1041 2681 1109 ipso
2712 1046 2911 1098 autem
2948 1041 3252 1099 Theodoro
3279 1043 3440 1100 nihil
3460 1044 3592 1113 fere
3611 1059 3861 1115 cognos-

499 1142 745 1201 cebatur
758 1141 981 1207 prater
1008 1132 1073 1189 id
1114 1131 1273 1204 quod
1309 1146 1384 1191 ex
1411 1130 1683 1189 Dosithei
1704 1131 2002 1188 Hierosol.
2028 1130 2298 1187 Historia
2326 1127 2723 1187 adnotaverat
2752 1129 3078 1202 Lequinius
3105 1131 3202 1188 0r.
3232 1132 3335 1188 Ch.
3369 1137 3413 1187 t.
3449 1132 3498 1203 I,
3536 1133 3651 1189 col.
3698 1136 3859 1201 1348,

496 1244 706 1300 nempe
733 1242 865 1284 eum
890 1224 1076 1294 fuisse
1099 1221 1433 1291 episcopum
1465 1227 1727 1290 tempore
1745 1219 2031 1276 Germani
2065 1218 2146 1290 II,
2189 1220 2294 1291 qui
2309 1218 2432 1289 fuit
2455 1219 2823 1288 patriarcha
2849 1218 3554 1290 Constantinopolitanus
3594 1222 3668 1278 ab
3695 1236 3860 1278 anno

499 1322 635 1377 i222
659 1317 740 1374 ad
779 1317 935 1370 1240.
970 1312 1145 1368 Nunc
1174 1311 1409 1367 demum
1440 1326 1514 1367 ea
1546 1310 1656 1365 hoc
1684 1310 1991 1365 luculento
2022 1307 2315 1364 Theodori
2341 1323 2609 1365 sermone
2630 1308 2821 1377 plura
2847 1314 2903 1365 et
2933 1310 3173 1380 quidem
3206 1310 3469 1367 historia
3499 1313 3675 1368 utilia
3703 1327 3856 1367 com-

493 1413 777 1482 perimus.
806 1405 1082 1474 Namque
1106 1408 1159 1457 et
1198 1401 1438 1457 Alania
1462 1403 1611 1469 ﬁnes
1640 1400 1908 1469 vicesque
1936 1398 2239 1464 describit,
2280 1404 2334 1453 et
2371 1397 2776 1453 miserandam
2812 1398 3031 1467 populi
3067 1399 3490 1470 conditionem,
3538 1415 3672 1456 cum
3714 1400 3856 1456 reli-

496 1500 689 1572 gionis
719 1508 921 1553 amore
950 1492 1055 1547 vix
1085 1496 1284 1546 tamen
1320 1488 1656 1546 Christiani
1685 1505 1697 1544 :
1736 1492 2044 1563 Χριστιανοὶ
2083 1483 2117 1541 ὃ

2246 1505 2318 1541 νον
2348 1485 2565 1559 ὀνόματι
2604 1485 2806 1539 Ἀλανοὶ
2831 1487 2913 1558 (η.
2945 1487 3057 1556 24),
3092 1493 3347 1558 propter
3390 1494 3703 1559 pastorum
3751 1491 3867 1544 sci-

499 1590 635 1645 licet
664 1586 1002 1647 raritatem,
1044 1585 1099 1635 et
1154 1579 1456 1648 inﬁrmam
1498 1578 1587 1634 rei
1635 1592 1824 1633 sacra
1862 1577 2363 1632 constitutionem.
2416 1576 2667 1631 Prorsus
2706 1580 2791 1632 est
2830 1576 2941 1632 hoc
2979 1577 3380 1634 Alanicarum
3425 1578 3858 1649 antiquitatum

493 1693 703 1736 rarum
734 1676 1180 1730 monumentum
1212 1683 1319 1725 nec
1343 1667 1855 1726 contemnendum.
1894 1666 2117 1736 Lepida
2143 1671 2340 1723 autem
2371 1669 2455 1723 est
2481 1666 2595 1722 illa
2622 1666 2915 1721 Lazarum
2939 1666 3199 1737 episcopi
3234 1668 3295 1724 in
3331 1666 3623 1722 Alaniam
3648 1682 3861 1723 excur-

493 1767 602 1831 sio,
655 1767 899 1835 ejusque
943 1758 1164 1829 supina
1216 1760 1278 1811 in
1318 1755 1697 1825 conferendis
1726 1755 1916 1812 sacris
1960 1753 2271 1809 ordinibus
2300 1754 2540 1810 inscitia
2580 1760 2637 1810 et
2683 1755 3099 1817 irreverentia,
3132 1770 3305 1826 quem
3338 1770 3599 1825 pravum
3629 1771 3858 1812 morem

495 1856 663 1927 apud
695 1849 1001 1909 hareticos
1030 1861 1262 1918 quoque
1286 1844 1646 1901 Habessinos
1691 1845 1903 1915 vigere,
1936 1858 1973 1899 a
2003 1844 2197 1899 nostri
2219 1843 2593 1899 orthodoaia
2635 1843 2760 1898 illic
2787 1843 3162 1912 praconibus
3194 1845 3421 1901 audivi.
3454 1846 3748 1902 Caterum
3787 1845 3864 1902 de

492 1960 616 2003 non
638 1942 830 2014 facile
858 1936 1175 2009 repetendo
1223 1935 1594 1991 sacramenti
1618 1933 1787 1989 illius
1838 1933 1983 1997 ritu,
2007 1931 2335 2001 prudenter
2377 1937 2594 1990 auctor
2624 1933 2914 2007 loquitur.
2945 1932 3332 1990 Incommoda
3362 1948 3471 1991 sua
3500 1939 3555 1990 et
3583 1935 3861 2005 pericula

490 2030 827 2108 prasertim
860 2026 1179 2090 Chersone,
1201 2030 1256 2082 et
1280 2039 1317 2080 a
1349 2021 1706 2089 latronibus,
1738 2028 1792 2080 et
1823 2021 1898 2077 ab
1926 2020 2178 2078 illarum
2211 2023 2521 2092 regionum
2553 2021 2817 2091 satrapis
2843 2027 3153 2078 memorat.
3182 2022 3328 2079 Item
3350 2037 3522 2079 suum
3545 2025 3864 2094 pastorale

491 2122 757 2195 regimen
783 2117 1039 2174 modeste
1077 2114 1343 2186 exponit.
1386 2112 1669 2183 Quadam
1723 2117 1940 2177 tamen,
2000 2111 2175 2167 initio
2210 2113 2566 2182 prasertim,
2599 2128 2719 2167 non
2757 2112 2891 2168 sine
2936 2112 3252 2183 anigmate
3301 2112 3609 2171 dicuntur.
3663 2114 3863 2170 Sacra

490 2227 644 2284 sape
674 2208 891 2276 Biblia,
921 2219 1175 2262 canones
1208 2202 1534 2269 interdum,
1576 2217 1684 2258 nec
1723 2217 1843 2257 non
1870 2201 2066 2271 ipsum
2096 2200 2443 2270 Homerum,
2485 2207 2691 2272 utpote
2721 2200 2892 2257 homo
2932 2202 3155 2259 Gracis
3193 2201 3527 2273 disciplinis
3568 2202 3858 2270 imbutus,

491 2304 725 2361 recitat.
768 2295 1106 2368 Cateroqui
1141 2294 1335 2365 stylus
1379 2291 1672 2349 Theodori
1705 2291 2062 2362 plerumque
2100 2290 2312 2346 durior
2350 2295 2461 2360 est,
2500 2292 2774 2347 narratio
2813 2289 3000 2347 veluti
3049 2289 3332 2361 abrupta,
3371 2296 3553 2362 prout
3602 2292 3725 2362 ipse
3760 2292 3859 2348 in-

493 2391 729 2451 terdum
755 2389 1010 2459 fatetur,
1036 2393 1091 2441 et
1129 2384 1301 2439 nullo
1340 2382 1599 2453 artiﬁcio
1631 2384 1933 2448 contexta,
1961 2386 2015 2435 et
2055 2379 2205 2435 mihi
2248 2379 2567 2451 interpreti
2610 2393 2766 2451 agre
2791 2378 3151 2452 quandoque
3175 2380 3402 2452 pervia.
3432 2380 3553 2438 Sed
3589 2396 3713 2438 rem
3758 2381 3856 2437 hic

494 2479 832 2559 quarimus,
865 2475 1020 2530 bona
1058 2473 1410 2529 elocutionis
1440 2471 1717 2540 exempla
1756 2467 2008 2525 aliunde
2033 2474 2322 2539 petemus.

509 2624 3824 2655 Mm

912 2794 1689 2917 ΘΕΟΔΩΡΟΥ
1797 2792 2659 2909 ΕΠΙΣΚΟΠΟΥ
2785 2788 3449 2913 ΑΛΑΝΙΑΣ

1776 3008 1994 3056 ΛΟΓΟΣ
2034 3006 2559 3056 ΕΗΙΣΤΟΛΙΜΑΙΟΣ

779 3169 946 3217 ΠΡΟΣ
999 3166 1135 3216 ΤΗΝ
1195 3158 1929 3214 ΚΩΝΣΤΑΝΤΙΝΟΥΠΟΛΙΝ
1994 3159 2106 3208 ΚΑΙ
2163 3158 2331 3207 ΤΟΥΣ
2390 3159 2877 3210 ΕΝΔΗΜΟΥΝΤΑΣ
2937 3162 3074 3211 ΤΩΝ
3128 3162 3537 3212 ΕΠΙΣΚΟΠΩΝ.

1182 3314 1229 3366 εἰ
1266 3318 1355 3366 καὶ
1394 3309 1489 3367 διὰ
1518 3314 1585 3365 τὰ
1605 3309 1881 3379 συμϐάντα
1915 3311 2319 3385 παρατέταται,
2351 3314 2524 3363 καίτοι
2548 3313 2614 3363 τὰ
2649 3310 2808 3365 πλείω
2848 3315 3160 3385 συντέμνων.

1524 3463 1937 3533 Ἐπιγέγραπται
1969 3456 2046 3528 δὲ,
2084 3463 2225 3512 Μετὰ
2271 3463 2365 3519 τὴν
2390 3466 2740 3537 χειροτονίαν,
2783 3462 2812 3521 ἦ

1982 3615 2350 3666 ΑΛΔΝῙΚΟΣ.

1224 3883 1874 3985 THEODORI
1939 3882 2515 3981 EPISCOPI
2579 3884 3117 3982 ALANUE

1811 4075 2039 4133 SERMO
2082 4075 2321 4131 EPISTO
2330 4073 2530 4131 LARIS

1138 4233 1233 4288 AD
1276 4228 1973 4288 CONSTANTINOPOLIM
2011 4227 2523 4293 MORANTESQUE
2560 4229 2629 4283 IN
2668 4228 2758 4283 ΕΑ
2797 4228 3192 4300 EPISCOPOS,

943 4384 1045 4458 qui
1075 4388 1327 4453 propter
1356 4395 1561 4437 rerum
1603 4386 1848 4438 eventus
1874 4380 2180 4450 prolixus,
2209 4394 2554 4451 quanquam
2592 4380 2883 4452 pleraque
2910 4387 3051 4437 sunt
3083 4380 3379 4439 breviata.

1271 4532 1645 4595 Inscribitur
1668 4534 1885 4593 autem
1918 4550 1932 4594 :
1966 4529 2105 4591 Post
2132 4530 2568 4593 ordinationem
2599 4532 2891 4614 episcopi,
2925 4531 3058 4594 sive

1984 4691 2336 4751 ALANICUS

552 4936 603 4987 1.
647 4934 935 4999 Quanam
966 4927 1141 4986 fuerit
1187 4927 1413 4984 itineris
1468 4924 1654 4982 nostri
1684 4924 1857 4988 ratio,
1891 4923 2129 4994 jamdiu

2311 4922 2373 4979 α’.
2406 4930 2524 4986 Πῶς
2562 4926 2685 4997 ἡμῖν
2725 4923 2785 4975 ἂν
2815 4925 2933 4995 ἔχοι
2970 4924 3037 4975 τὰ
3081 4931 3171 4983 τῆς
3208 4917 3359 4989 ὀδοῦ,
3400 4921 3458 4975 ἐκ
3494 4920 3683 4975 πολλοῦ
3735 4916 3847 4974 οἶδ’

477 5022 601 5077 scio
638 5039 749 5077 vos
779 5029 837 5079 et
880 5027 1061 5079 antea
1108 5033 1471 5089 cognoscere
1510 5016 1831 5088 expetisse,
1872 5019 1929 5070 et
1965 5030 2098 5070 nunt

2238 5015 2320 5065 ὅτι
2357 5017 2449 5065 καὶ
2500 5018 2748 5088 πρότερον
2786 5014 2968 5086 μαθεῖν
3028 5011 3277 5079 ἐζητεῖτε,
3328 5016 3419 5063 καὶ
3450 5018 3538 5063 νῦν
3591 5013 3666 5063 ἔτι
3704 5009 3847 5082 μᾶλ-

475 5111 880 5185 potissimum,
936 5128 972 5166 ο
1030 5124 1250 5178 magne
1294 5112 1519 5180 pastor,
1560 5111 1617 5161 et
1673 5109 1812 5176 post
1862 5104 2096 5178 primum

2239 5106 2343 5174 λον,
2401 5105 2466 5156 σύ
2518 5120 2574 5155 τε
2620 5104 2646 5155 ὁ
2697 5104 2858 5175 μέγας
2910 5105 3127 5174 ποιμὴν,
3181 5105 3272 5152 καὶ
3328 5101 3460 5172 μετὰ
3512 5102 3600 5151 τὸν
3639 5107 3846 5171 πρῶτον

473 5200 746 5274 proxime
778 5200 871 5270 (1),
906 5214 1016 5254 nec
1047 5213 1168 5252 non
1194 5213 1302 5252 vos
1329 5198 1776 5267 compastores;
1808 5192 1914 5267 qui
1951 5192 2094 5248 nimi

2238 5192 2408 5261 ιὸθὺς,
2472 5195 2562 5244 καὶ
2602 5193 2747 5264 ὑμεῖς
2805 5192 2854 5243 οἱ
2913 5195 3279 5263 augmina“,
3332 5197 3441 5250 πῶς
3488 5190 3552 5240 τὰ
3608 5195 3699 5248 τῆς
3737 5206 3849 5259 μα-

473 5306 609 5346 rum
652 5289 827 5344 fuerit
872 5289 1068 5357 longae
1096 5284 1594 5359 peregrinationis
1626 5283 1837 5345 exitus,
1878 5280 2025 5353 quid
2062 5282 2094 5337 i1

2234 5288 2360 5355 κρὰς
2406 5275 2687 5353 incingi“,
2737 5286 2828 5333 καὶ
2873 5284 2947 5341 τίς
3004 5282 3033 5337 ἠ
3096 5282 3294 5340 ταύτης
3347 5276 3590 5351 ἐργασία,
3653 5276 3853 5348 μᾶλλον

473 5396 546 5436 ea
569 5382 804 5449 gestum
837 5377 932 5443 sit,
965 5375 1265 5448 pracipue
1291 5389 1430 5429 vero
1462 5371 1773 5446 quomodo
1801 5386 1913 5426 nos
1948 5370 2094 5441 Spiri

2238 5366 2309 5443 δὲ,
2334 5378 2428 5431 τῆς
2486 5365 2713 5440 ὁδηγίας
2770 5376 2861 5421 τοῦ
2904 5369 3201 5439 Πνεύματος
3234 5385 3247 5398 ·
3304 5365 3463 5440 ᾧπερ,
3520 5364 3563 5417 si
3630 5368 3701 5437 μὴ
3759 5380 3854 5426 καὶ

472 5474 568 5525 tus
622 5465 974 5537 deduxerit;
1016 5480 1052 5521 θ,
1090 5478 1233 5537 quo,
1274 5463 1382 5519 esti
1418 5477 1542 5519 non
1596 5475 1831 5534 semper
1866 5464 2093 5534 permot

2231 5457 2329 5525 ἀεὶ,
2398 5460 2734 5531 καθήμεθα,
2801 5455 2931 5509 ἀλλὰ
2987 5475 3045 5529 γε
3110 5463 3198 5507 νῦν
3267 5453 3323 5507 ἔκ
3376 5473 3468 5507 του
3530 5457 3849 5529 χρίσαντος·

542 5642 623 5722 (i)
660 5638 874 5706 Confer
901 5638 1197 5703 sermonis
1225 5637 1579 5701 clausulam.
1614 5638 1874 5714 Utroque
1903 5639 2066 5697 enim
2094 5638 2159 5696 in
2186 5636 2322 5696 loco
2350 5637 2584 5714 primus
2608 5640 2819 5712 pastor
2844 5636 3082 5694 videtur
3105 5632 3358 5706 intelligi
3386 5631 3671 5690 Christus.
