4106 6222
6 213 62 350 r/

66 0 136 176 κ

262 295 374 350 389

1760 286 2124 345 ALANICUS.

3511 304 3617 359 390

259 418 401 490 ’Δρα
464 417 832 490 χρηστοτέρας
890 421 989 475 τῆς
1051 408 1354 488 ὁδοιπορίας
1411 410 1705 484 ἰτύχομιν,
1769 415 1860 464 καὶ

1983 409 2215 481 luimus,
2265 424 2427 466 nunc
2465 414 2620 468 certe
2669 417 2994 489 postquam
3041 419 3219 476 nobis
3271 422 3617 484 unctionem

256 511 357 565 τήν
416 504 540 558 εὐθὺ
593 512 692 567 τῆς
738 508 964 576 ποίμνης
1019 502 1323 576 ἇτέμνομεν;
1364 503 1394 562 ἣ
1435 501 1656 576 λῃσταῖς
1709 521 1862 578 πιρι-

259 601 527 661 πεσόντις,
578 597 668 652 τὴν
717 598 836 668 περὶ
883 593 1066 666 ψυχῆς
1117 592 1487 666 ἱτραπόμεθας
1542 592 1632 655 Ὠς
1695 588 1744 646 δ’
1803 591 1863 644 ἂν

259 688 470 758 ἔχοιεν,
516 683 572 738 εὗ
616 701 673 736 τι
718 686 809 735 καὶ
853 683 968 744 ἅλις
1013 683 1081 736 τὰ
1131 686 1468 755 συμπεσόντα
1517 685 1676 755 ﬁnis;
1727 680 1866 756 Ἀρα

262 775 419 848 μόλις
481 775 703 845 ἔστημεν
752 781 849 835 τῆς
897 773 1080 845 ὁρμῆς,
1137 772 1166 831 ἦ
1235 777 1326 825 καὶ
1382 771 1542 825 ιίσέτι
1602 775 1862 845 φέρομεν;

265 868 372 918 Καὶ
409 869 513 916 ποῦ
559 881 684 916 ποτε
731 858 875 914 δυεῖν
919 862 1165 934 θάτερον;
1194 865 1284 914 καὶ
1325 865 1451 924 τέως
1487 865 1532 915 εὶ
1575 865 1645 934 μη
1695 861 1862 918 πάντη

262 961 362 1008 τοῦ
402 960 603 1006 σκοποῦ
648 947 1044 1024 διημάρτομιν;
1082 955 1263 1004 Ταῦτα
1307 953 1397 1023 μὶν
1441 946 1529 1007 οὖν
1573 951 1694 1022 ὑμῖν
1737 967 1866 1004 σκο-

261 1043 485 1096 πεῖσθαι
541 1039 837 1113 συμϐαίνει,
883 1043 972 1092 καὶ
1030 1040 1148 1093 καθ’
1211 1039 1421 1100 ἇαυτούς
1477 1037 1682 1114 έρευνᾲν
1709 1059 1722 1074 ο
1777 1043 1868 1092 καὶ

261 1133 513 1203 πείθομαι
576 1131 648 1190 ὡς
700 1131 816 1182 ἔστι
884 1125 1172 1183 σπουδαῖον
1214 1131 1274 1182 τὸ
1325 1135 1567 1202 πρᾶγμα,
1624 1133 1716 1181 καὶ
1769 1136 1868 1181 τῶν

260 1222 373 1292 οὐχ
433 1223 630 1280 ἣκιστα
684 1215 956 1291 φροντίδος
1002 1222 1390 1292 τετυχηκότων,
1437 1222 1481 1272 εἴ
1526 1221 1626 1271 πού
1664 1237 1718 1271 τι
1769 1226 1868 1270 τῶν

263 1313 529 1384 ἡμετέρων
595 1307 989 1382 ἀκριϐολογοίτὸ
1054 1327 1156 1363 τινι
1188 1329 1202 1342 ο
1268 1313 1451 1382 καίπιρ
1518 1309 1673 1361 ὁποῖα
1737 1306 1870 1379 φιλεῖ

265 1399 574 1472 συμϐαίνειν
623 1397 673 1450 ἄν
722 1405 834 1461 τοῖς
882 1399 1158 1466 τοιούτοις,
1207 1396 1331 1452 ἄλλο
1369 1399 1536 1472 ἕτερον
1573 1402 1664 1450 καὶ
1721 1405 1865 1470 κοινῇ

261 1487 734 1561 κατηκριϐωμένως
781 1483 970 1552 οὐδεν,
1019 1490 1049 1546 ἠ
1101 1484 1377 1560 πάνδημος
1426 1492 1570 1561 φήμη
1625 1491 1870 1563 προφέροι

264 1579 350 1632 οἶν.
411 1578 550 1649 Ἐγὼ
609 1573 688 1643 δί,
757 1576 802 1629 εἰ
856 1579 944 1648 μιν
997 1576 1160 1638 οὕτως
1225 1577 1494 1651 εὐκαιρίας
1557 1582 1647 1630 καὶ
1704 1595 1869 1651 παραο

271 1675 466 1728 σκευῆς
532 1663 695 1739 εἶχον,
763 1667 829 1726 ὡς
883 1667 1052 1718 πάντα
1103 1665 1267 1738 λέγειν
1326 1671 1418 1720 καὶ
1483 1667 1719 1741 γράφειν,
1776 1664 1870 1719 κᾶν

1970 498 2219 568 largitus
2261 504 2366 556 est.
2395 503 2546 556 Num
2593 517 2735 573 ergo
2777 503 3007 562 felicius
3051 507 3163 565 iter
3206 511 3366 568 nacti
3406 513 3617 587 simus,

1971 593 2254 662 rectaque
2302 591 2381 647 ad
2423 605 2666 661 gregem
2713 598 2989 653 nostrum
3035 600 3427 660 venerimus?
3453 619 3535 660 an
3559 605 3620 663 in

1971 677 2232 736 latrones
2260 678 2507 752 delapsi,
2542 681 2760 738 animae
2802 685 3126 743 retinendae
3167 703 3351 747 causa
3393 691 3619 763 fugeri-

1973 769 2160 825 mus?
2209 769 2320 834 Qui
2364 772 2551 825 status
2597 786 2798 828 rerum
2847 773 2938 839 sit,
2983 779 3042 832 et
3081 791 3229 832 num
3279 781 3424 836 satis
3463 780 3620 839 bene

1973 857 2151 914 nobis
2180 859 2478 916 evenerit?
2508 862 2660 916 Num
2685 860 2938 918 fortunae
2959 864 3220 937 impetus
3247 868 3346 925 vix
3371 869 3619 930 demum

1974 947 2274 1016 desiverit,
2325 963 2404 1006 an
2444 947 2645 1006 adhuc
2693 951 2755 1006 in
2802 968 2982 1010 cursu
3029 954 3264 1016 simus?
3303 960 3367 1014 Et
3401 959 3619 1018 horum

1975 1036 2236 1094 duorum
2259 1041 2458 1094 utrum
2485 1040 2837 1097 teneamus?
2863 1046 2920 1098 et
2942 1057 3089 1100 num
3109 1045 3402 1104 hactenus
3437 1065 3620 1123 scopo

1975 1139 2225 1198 prorsus
2255 1124 2732 1184 aberraverimus
2751 1131 2779 1187 ?
2807 1133 2942 1188 Haec
2970 1147 3113 1204 ergo
3149 1135 3324 1192 vobis
3353 1138 3622 1196 conside-

1975 1229 2108 1271 rare
2139 1215 2446 1286 contingit,
2480 1221 2539 1272 et
2563 1216 2716 1274 inter
2755 1234 2867 1276 vos
2899 1221 3247 1294 disquirere.
3279 1226 3433 1282 Sane
3463 1227 3622 1284 arbi-
3726 1216 3732 1220 ’

1977 1307 2099 1361 tror
2143 1320 2326 1374 grave
2378 1321 2508 1361 esse
2559 1309 2888 1380 negotium,
2920 1315 2976 1366 et
3023 1325 3146 1368 non
3193 1313 3448 1372 minima
3477 1332 3622 1375 cura

1976 1392 2251 1464 dignum,
2285 1393 2336 1450 si
2364 1394 2500 1466 quis
2532 1395 2668 1454 velit
2705 1402 2912 1455 nostra
2939 1399 3279 1471 diligentius
3304 1403 3621 1476 inspicere.

1979 1484 2364 1554 Quanquam,
2392 1488 2455 1540 ut
2483 1484 2546 1540 in
2587 1485 2680 1542 his
2709 1485 2856 1543 solet
2883 1489 3250 1561 contingere,
3277 1492 3394 1549 alia
3421 1495 3624 1567 quasli-

1975 1571 2096 1638 bet,
2143 1572 2410 1646 nihilque
2455 1573 2692 1646 publice
2733 1576 2874 1632 satis
2929 1578 3274 1650 probatum,
3313 1583 3622 1656 popularis

1979 1661 2142 1718 fama
2184 1662 2475 1732 divulgat.
2515 1667 2637 1734 Ego
2675 1681 2812 1722 vero
2853 1667 2903 1723 si
2954 1673 3108 1724 certe
3156 1675 3389 1728 tantum
3437 1673 3540 1730 otii
3567 1677 3626 1732 et

267 1765 372 1808 τῶν
429 1756 544 1828 ἐμοὶ
605 1751 1044 1827 σπουδαζομένων
1090 1758 1148 1807 τὸ
1202 1757 1350 1828 ἔργον
1405 1752 1488 1828 ᾖν,
1544 1753 1871 1828 διηγουμένῳ

1983 1751 2426 1808 commoditatis
2472 1752 2781 1824 haberem,
2822 1757 3027 1814 omnia
3073 1757 3336 1817 dicerem
3378 1777 3448 1819 ac
3477 1764 3626 1822 scri-

269 1851 330 1898 τό
384 1843 589 1918 βέλτιον
628 1844 698 1906 εἰς
743 1842 1076 1919 παραψυχὴν
1112 1849 1200 1897 καὶ
1243 1845 1509 1917 συμπαθὴς
1555 1851 1666 1906 τοῖς
1721 1843 1873 1898 ἁκού-

267 1954 395 1988 ουσι
419 1952 436 1964 ·
473 1942 565 1988 νῦν
608 1931 668 1988 δι
722 1933 816 1988 οὐκ
867 1935 1017 1987 ἔστιο
1057 1931 1255 1987 πολλῶν
1301 1937 1400 2008 γὰρ
1445 1933 1505 1986 ἂν
1547 1936 1672 2007 ἡμῖν
1708 1933 1873 2006 λόγων

269 2021 528 2084 ἄδέησεν
573 2031 744 2077 πονεῖν
793 2019 854 2077 δὲ
900 2023 1020 2098 ἄρτι
1056 2023 1128 2085 ὡς
1172 2022 1222 2076 ἐν
1281 2025 1690 2098 συγγράμμασιν
1737 2019 1876 2076 ἴδιον

267 2113 332 2166 ἄν
377 2117 458 2172 εἴη
503 2117 679 2188 ὥσπερ
729 2116 774 2166 ει
819 2131 899 2175 τις
945 2111 994 2164 ἰν
1033 2117 1368 2185 νυκτομαχίᾳ
1411 2115 1471 2166 τό
1512 2109 1697 2176 δεξιῶς
1733 2111 1879 2166 όπλιυ

272 2205 491 2274 σθῆναι,
537 2207 630 2256 καὶ
683 2199 911 2256 τοιῶσδε
953 2200 1233 2255 ἐπιϐαίνειν
1290 2210 1510 2256 σκοπεῖ·
1561 2206 1733 2255 καίτοι
1785 2206 1876 2256 καὶ

274 2292 442 2354 ἄλλως
484 2289 597 2346 οὐδ’
649 2291 711 2344 ἂν
755 2289 1039 2363 δυναίμην,
1079 2290 1483 2364 πεπλανημένος,
1516 2289 1624 2351 ἤδη
1669 2296 1763 2351 τὴν
1801 2295 1875 2345 ἓν-

277 2401 427 2434 νοιαν
462 2384 560 2434 ὑπὸ
595 2389 686 2435 τοῦ
734 2381 1141 2454 μεταμανθάνειν
1189 2383 1256 2433 τὰ
1298 2379 1562 2455 βάρϐαρα.
1595 2381 1658 2434 Εἰ
1688 2378 1748 2436 δι
1784 2386 1874 2434 καὶ

275 2480 450 2525 ταῦτα
487 2475 557 2543 μή
612 2479 788 2545 παρῆν
830 2468 1232 2545 παρακα)οῦντα
1277 2489 1341 2543 με
1385 2476 1606 2542 σιωπᾷν,
1645 2469 1772 2524 ἀλλὰ
1813 2474 1872 2523 τὸ

276 2557 526 2634 διήγημα
569 2560 768 2633 ἴλιγγον
820 2562 932 2632 ἔχει
971 2559 1028 2612 οὐ
1082 2562 1326 2632 φορητὸν,
1372 2561 1438 2621 ὡς
1483 2565 1572 2613 καὶ
1609 2561 1870 2633 ἠπειρώτη

265 2654 488 2720 ναυτέα,
524 2654 616 2704 καὶ
662 2656 770 2712 τοις
813 2655 1052 2724 τρυγῶσι
1086 2653 1178 2702 καὶ
1225 2650 1598 2725 θρυπτομένοις
1641 2651 1707 2702 τά
1743 2650 1873 2724 φάρ-

267 2757 442 2812 μακα.

347 3009 420 3083 β’.
463 3011 698 3063 Ποθοῦσι
746 3002 806 3060 δὴ
858 3005 1000 3080 ὑμῖν,
1045 3005 1084 3057 ὧ
1135 3007 1295 3081 πάτερ
1351 3011 1444 3060 καὶ
1496 3005 1670 3080 ὅμιλος
1728 3002 1874 3059 ἀδελ-

273 3108 403 3172 φῶν,
440 3098 532 3160 οὓς
573 3100 784 3168 συνάγει
824 3101 914 3149 καὶ
956 3092 1241 3164 διεστῶτας
1285 3099 1342 3150 τὸ
1384 3103 1594 3169 Πνεῦμα
1619 3099 1680 3149 τὸ
1705 3095 1875 3167 ἅγιον,

271 3190 370 3242 οὐκ
415 3183 522 3241 οἶδ’
571 3188 710 3248 ὅπως
753 3185 962 3258 ἆπίσχω
1008 3193 1108 3238 τῶν
1155 3185 1414 3261 ἡμετέρων
1457 3190 1551 3244 τὴν
1598 3204 1874 3260 γνωριμω-

270 3280 460 3335 τάτην.
523 3279 625 3330 Καὶ
680 3280 752 3347 μή
812 3277 912 3327 πού
961 3293 1041 3336 τις
1103 3275 1295 3347 Ἰωσὴφ
1346 3275 1602 3342 ἐνταῦθα;
1659 3273 1718 3326 ⁶Ο
1772 3276 1874 3349 ’γὰρ

268 3367 618 3441 πατριάρχης
661 3363 850 3417 Ἰακὼϐ
899 3360 1059 3424 δῆλος
1094 3365 1289 3416 πενθῶν
1331 3359 1434 3417 οἶδ’
1471 3365 1552 3416 ὅτι
1588 3366 1676 3416 τὸν
1716 3363 1876 3415 ὕστα-

267 3475 356 3508 τον
413 3455 464 3507 ἄν
517 3457 648 3514 υἱοῖς
698 3455 836 3506 κατὰ
887 3455 1214 3524 πνευματικὰ
1257 3451 1564 3523 ψιλλίζοντα
1619 3455 1695 3504 ἔτι
1721 3473 1736 3486 ο
1786 3455 1876 3504 καὶ

267 3548 420 3620 παρὰ
483 3543 638 3596 τοῦτο
691 3547 782 3595 καὶ
841 3539 1182 3615 ἀγαπώμεθα.
1251 3541 1566 3615 Ἐγεώργουν
1631 3545 1723 3614 μὶν
1788 3536 1875 3593 οὖν

269 3635 322 3687 οἱ
359 3633 580 3706 μείζους
635 3627 846 3704 ἀδελφοὶ
877 3634 966 3684 τὸν
1022 3632 1267 3704 ἄσταχυν
1317 3637 1410 3690 τῆς
1469 3633 1628 3699 ζωῆς,
1665 3634 1756 3683 καὶ
1809 3627 1875 3690 et;

271 3719 552 3776 διακονίαν
633 3722 786 3782 αὐτὸς
868 3721 1153 3793 έτιτάγμην
1219 3721 1632 3794 ὑπηρετούμενος
1705 3721 1879 3772 ὁπόσα

271 3816 627 3886 προσέταττεν
675 3811 702 3863 ό
751 3814 926 3884 πατὴρ
953 3829 966 3845 ·
1015 3810 1063 3862 οἱ
1095 3805 1146 3862 δ’
1195 3807 1600 3881 ἂπεμπολοῦσιν,
1642 3809 1735 3862 οὐκ
1773 3804 1877 3861 οἷδ’

275 3903 304 3954 ὃ
351 3921 407 3953 τι
455 3902 732 3960 παθόντες.
785 3898 924 3958 Πλὴν
963 3899 1099 3971 ὅμως
1135 3903 1225 3951 καὶ
1276 3894 1552 3973 τραγῳδία
1597 3901 1663 3950 τὰ
1708 3897 1877 3951 όντεῡ-

278 3993 365 4044 θεν
405 3987 522 4043 οὐδ’
569 3987 939 4062 ἀπαράλληλα·
987 3987 1120 4047 πλὴν
1165 3990 1191 4040 ὃ
1227 4005 1281 4040 τι
1316 3991 1558 4061 γνωρίσω
1589 3991 1677 4060 μὲν
1718 3987 1876 4061 ἐμαυ-

274 4084 364 4132 τὸν
386 4123 400 4145 ,
455 4079 498 4132 εἰ
555 4083 646 4131 καὶ
701 4073 944 4138 σκιωδῶς
991 4071 1107 4130 οὐδ’
1160 4075 1613 4151 ἀπαρακαλύπτως
1635 4099 1649 4110 ·
1706 4095 1877 4150 παρα-

277 4166 593 4243 δραμοῦμαι
643 4167 744 4240 γὰρ
796 4169 861 4219 τὰ
908 4165 1090 4222 πολλά.
1143 4165 1407 4220 Βασιλιύω
1451 4162 1512 4218 δὴ
1557 4166 1728 4219 οὐκέτι
1779 4175 1878 4219 τῶν

277 4258 583 4329 Αἰγυπτίων
631 4251 726 4308 διὰ
773 4259 860 4308 τὸν
914 4259 1138 4327 Φαραὼ,
1198 4255 1242 4307 εἰ
1290 4259 1381 4308 καὶ
1435 4259 1880 4329 παραχωρηκέναι

274 4352 416 4410 τινὸς
457 4343 789 4415 δυναστιῖας,
843 4344 901 4398 οὐ
951 4343 1196 4418 βούλεται
1243 4347 1357 4418 μιν,
1395 4346 1628 4398 πείθεται
1673 4341 1732 4397 δὲ
1782 4346 1878 4397 ὑπὸ

273 4445 366 4490 τοῦ
422 4438 637 4511 ὁράσεις
687 4431 928 4496 διδόντος
977 4439 1068 4486 καὶ
1117 4433 1510 4496 ἐνυπνιάζοντος
1546 4441 1874 4506 πνεῦματος·
1908 4477 1952 4532 D

272 4527 551 4598 ὑποχωρεῖ
589 4527 692 4597 γὰρ
732 4523 763 4582 ἡ
798 4525 1052 4586 αἴσθησις
1092 4532 1165 4595 τῷ
1211 4526 1312 4590 νοί,
1341 4524 1468 4598 παρ’
1507 4523 1668 4576 αὐτοῦ
1717 4519 1877 4576 διδα-

270 4618 474 4688 χθεῖσα
523 4615 626 4667 ὅσα
665 4612 993 4686 συμϐολικῶς
1042 4608 1401 4685 ὑποδέχεται·
1445 4611 1504 4665 οὐ
1553 4615 1654 4690 γὰρ
1703 4614 1734 4671 ἡ
1787 4613 1880 4676 νὺξ

269 4713 363 4757 τοῦ
396 4703 524 4777 βίου
553 4708 827 4777 κεχώρηκε
855 4707 949 4760 τὴν
983 4700 1226 4759 ἀλήθειαν
1251 4721 1264 4735 ·
1299 4700 1413 4756 εἶεν.

338 4794 408 4866 γ’.
449 4798 560 4852 Τὴν
611 4794 702 4865 μὶν
750 4786 810 4844 οὗ
863 4787 986 4844 ὁδὸν
1039 4789 1249 4843 ἅπασαν
1289 4789 1342 4854 ἐξ
1398 4788 1651 4864 ἀπαρχῆς
1706 4789 1878 4844 ἂναλέ-

264 4884 461 4953 manu
508 4882 637 4954 ὑπὲρ
674 4883 764 4932 τὸν
810 4883 1046 4954 παρόντα
1092 4882 1272 4952 καιρόν
1320 4877 1454 4945 ἐστι,
1499 4884 1589 4932 καὶ
1637 4883 1731 4938 τὴν
1787 4885 1878 4932 τοῦ

263 4971 427 5044 λόγου
485 4966 760 5028 σπουδὴνσ
820 4971 922 5021 ὅσα
973 4986 1030 5020 τε
1083 4969 1455 5040 ὑπινεγκόντας
1521 4971 1657 5042 ἡμᾶς
1707 4973 1878 5042 τρίτος

265 5061 492 5136 ἑώρακεν
549 5058 719 5120 ἣλιος.
789 5061 890 5112 Καὶ
956 5061 1058 5130 μήν
1113 5075 1173 5129 γε
1235 5059 1426 5109 τούτων
1493 5058 1552 5110 οὐ
1613 5056 1878 5110 πολλοστὰ

263 5149 646 5222 αἰτησαμένοις
699 5151 841 5200 τισὶν
897 5142 1302 5217 έκδεδὼκαμεν,
1365 5143 1730 5220 ἐπιδρομάδην
1797 5145 1878 5199 δι-

263 5239 550 5302 εξελθόντες
597 5236 654 5290 ἐκ
695 5243 790 5290 τοῦ
835 5241 1182 5312 παρήκοντος,
1230 5236 1274 5288 εἰ
1331 5239 1402 5309 μὴ
1455 5241 1551 5289 ’καὶ
1603 5241 1698 5295 τὴν
1751 5237 1876 5308 ὗμιο

261 5349 416 5403 τεραν
497 5327 871 5401 φιλοπευστίαν
951 5321 1456 5402 παραδεδράμηκεν.
1543 5325 1601 5377 Ὀ
1671 5335 1878 5398 πρῶτος

263 5416 643 5480 όδοστατησας
691 5414 922 5488 ίξίθλιψέ
965 5433 1061 5488 με’
1101 5414 1350 5468 κατέλαϐέ
1396 5435 1459 5487 με
1508 5411 1720 5485 διώξας,
1771 5411 1874 5468 διε·

262 5513 524 5582 μερίσατο
578 5506 768 5577 σκύλα,
813 5505 856 5558 εἰ
907 5511 997 5557 καὶ
1056 5509 1128 5577 μὴ
1186 5509 1280 5562 τὴν
1338 5503 1617 5577 ἐπιθυμίαν
1670 5502 1874 5562 ἐνέπλη-

265 5616 372 5653 σεν.
441 5596 503 5648 '0
574 5592 814 5670 δεύτερος
877 5593 1115 5667 λυμεὼν,
1183 5593 1608 5670 εὐποριστότερος
1670 5590 1721 5646 ἓν
1780 5611 1876 5646 και

1979 1841 2224 1901 berem;
2257 1841 2364 1896 etsi
2407 1842 2778 1914 prmcipuam
2820 1861 3028 1902 curam
3072 1862 3340 1917 gererem
3377 1851 3627 1912 meliora

1979 1929 2267 1986 narrandi
2305 1929 2386 1985 ob
2435 1929 2716 1988 solatium
2763 1937 3163 2009 mutuumque
3191 1936 3472 1996 affectum
3517 1957 3626 1999 au-

1980 2018 2294 2078 dientium.
2338 2023 2505 2076 Nunc
2560 2020 2624 2078 id
2669 2037 2793 2078 non
2846 2023 3004 2094 licet,
3047 2026 3193 2098 quia
3237 2026 3420 2098 longo
3476 2030 3626 2088 mihi

1981 2123 2257 2164 sermone
2296 2124 2452 2182 opus
2498 2109 2666 2168 foret.
2718 2111 3009 2169 Laborem
3053 2117 3254 2170 autem
3303 2117 3624 2176 scribendo

1980 2197 2349 2269 impendere,
2399 2199 2646 2272 perinde
2693 2215 2856 2257 nunc
2902 2205 3077 2269 esset,
3127 2219 3198 2260 ac
3245 2204 3298 2261 si
3351 2206 3487 2278 quis
3544 2207 3625 2266 ad

1981 2291 2338 2344 nocturnam
2385 2303 2659 2360 pugnam
2705 2289 3008 2360 eleganter
3051 2307 3112 2348 se
3146 2293 3333 2350 armis
3378 2310 3629 2354 exorna-

1979 2381 2089 2447 ret,
2120 2381 2298 2448 atque
2339 2377 2423 2433 ita
2463 2383 2711 2433 ornatus
2755 2381 3123 2451 procederet.
3165 2381 3281 2438 Sed
3318 2388 3376 2440 et
3403 2383 3629 2457 alioqui

1981 2463 2043 2520 id
2083 2464 2330 2520 minime
2369 2480 2636 2537 possem,
2667 2471 2868 2524 mente
2910 2468 3108 2525 adhuc
3135 2485 3316 2540 vaga,
3341 2470 3492 2528 dum
3531 2487 3628 2529 res

1979 2553 2334 2610 barbaricas
2361 2553 2590 2610 discere
2615 2555 2858 2629 incipio.
2888 2558 3022 2613 Jam
3050 2559 3332 2630 quamvis
3371 2560 3502 2617 haec
3528 2576 3628 2618 me

1981 2643 2062 2698 ad
2111 2643 2414 2700 silentium
2456 2659 2579 2702 non
2617 2645 3092 2717 compingerem,
3123 2648 3387 2706 narratio
3424 2654 3630 2708 tamen

1981 2732 2415 2790 intolerabilem
2463 2733 2817 2805 vertiginem
2871 2741 3120 2805 crearet,
3167 2737 3352 2796 veluti
3396 2739 3631 2798 homini

1982 2823 2419 2880 mediterraneo
2455 2823 2520 2880 ﬁt
2549 2824 2611 2880 in
2640 2825 2793 2881 mari
2817 2840 3066 2899 nausea,
3096 2832 3154 2884 et
3180 2827 3332 2886 sicut
3358 2828 3630 2888 delicatis

1982 2915 2039 2969 et
2068 2912 2350 2969 mollibus
2379 2913 2713 2986 pbarmaca
2737 2915 3041 2975 accidunt.

2053 3004 2106 3056 2.
2149 3004 2438 3059 Ceterum
2486 3003 2792 3076 cupientes
2823 3020 2951 3073 vos,
2983 3020 3020 3062 ο
3068 3008 3238 3079 pater
3282 3011 3341 3064 et
3373 3007 3627 3067 fratrum

1982 3095 2190 3162 costus,
2223 3107 2380 3164 quos
2422 3091 2559 3148 licet
2585 3092 2872 3149 distantes
2919 3099 3161 3151 sanctus
3201 3095 3452 3168 Spiritus
3481 3113 3629 3155 con-

1979 3184 2207 3252 gregat,
2240 3179 2440 3236 nescio
2473 3181 2785 3254 quomodo
2829 3181 3017 3239 celem
3044 3199 3171 3240 rem
3201 3185 3354 3242 inter
3389 3191 3629 3244 nostras

1981 3269 2159 3339 longe
2210 3269 2609 3326 notissimam.
2657 3273 2724 3326 Et
2771 3272 3070 3344 numquid
3125 3273 3222 3330 hic
3273 3277 3362 3330 est
3407 3277 3629 3350 Joseph

1982 3358 2200 3432 aliquis
2220 3358 2248 3412 ?
2281 3359 2447 3415 Patet
2484 3359 2642 3414 enim
2686 3363 2852 3432 quod
2881 3362 3223 3434 patriarcha
3249 3363 3434 3420 Jacob
3463 3365 3630 3436 luget

1981 3451 2354 3520 postremum
2405 3463 2477 3503 ex
2523 3448 2647 3504 suis
2691 3448 2846 3520 ﬁliis,
2891 3450 2997 3523 qui
3037 3451 3237 3509 adhuc
3281 3453 3491 3526 spiritu
3537 3454 3628 3511 in-

1982 3535 2117 3594 fans
2150 3541 2276 3604 est;
2308 3541 2366 3593 et
2410 3537 2632 3594 idcirco
2677 3537 3003 3608 diligimur.
3041 3541 3409 3599 Excolebant
3451 3543 3631 3615 igitur

1982 3627 2242 3697 majores
2271 3627 2480 3683 fratres
2507 3626 2639 3684 vita)
2681 3642 2970 3698 messem,
3005 3636 3186 3704 atque
3210 3645 3324 3702 ego
3363 3631 3492 3704 ipse
3523 3631 3633 3688 mi-

1981 3715 2224 3772 nisterio
2270 3715 2353 3771 fui
2396 3714 2695 3788 addictus,
2737 3733 2986 3791 operam
3020 3721 3411 3793 impensurus
3453 3725 3636 3794 prout

1984 3810 2152 3878 pater
2191 3805 2626 3876 imperavisset.
2661 3806 2746 3862 Illi
2774 3813 2976 3864 autem
3001 3809 3403 3866 vendiderunt
3428 3809 3632 3866 nescio

1985 3909 2110 3968 quo
2152 3893 2338 3950 animi
2388 3909 2576 3967 pravo
2630 3895 2913 3953 instinctu
2959 3899 3262 3969 permoti:
3312 3898 3419 3954 sed
3475 3902 3632 3954 certe

1985 3983 2279 4053 tragmdia
2333 3984 2431 4040 hic
2496 3983 2642 4051 fuit,
2711 3999 2786 4040 ne
2851 3986 3032 4041 veteri
3096 3986 3420 4042 dissimilis.
3485 3986 3633 4043 Novi

1985 4079 2187 4131 tamen
2237 4089 2334 4130 me
2361 4073 2586 4146 ipsum,
2615 4089 2972 4146 quanquam
3008 4075 3072 4130 in
3102 4075 3320 4132 umbra
3363 4091 3475 4132 nec
3504 4077 3632 4134 sine

1985 4163 2303 4219 velamine.
2336 4163 2565 4219 Etenim
2607 4162 2797 4219 multa
2828 4168 3134 4236 prmtereo.
3165 4167 3363 4239 Neque
3399 4166 3633 4238 impero

1981 4253 2109 4323 jam
2163 4252 2449 4324 Egyptiis
2504 4267 2612 4325 per
2653 4253 3058 4322 Pharaonem,
3104 4255 3204 4327 qui
3260 4255 3368 4312 etsi
3422 4255 3634 4312 cedere

1987 4341 2162 4398 alicui
2210 4341 2487 4414 potentiae
2535 4343 2748 4411 renuit,
2785 4343 3184 4417 persuadetur
3213 4349 3416 4401 tamen
3453 4345 3532 4402 ab
3561 4360 3636 4402 eo

1986 4431 2091 4505 qui
2141 4431 2406 4487 visiones
2466 4435 2523 4487 et
2574 4433 2813 4488 somnia
2859 4433 3124 4490 immittit
3179 4434 3409 4506 spiritu.
3471 4434 3636 4492 Cedit

1986 4521 2212 4595 quippe
2238 4537 2448 4578 sensus
2476 4520 2799 4578 intellectui
2827 4523 2906 4579 ab
2934 4522 3034 4580 illo
3059 4524 3306 4581 edoctus
3336 4524 3636 4598 quidquid

1985 4627 2093 4684 per
2140 4611 2423 4684 symbols
2467 4612 2732 4684 suscipit.
2786 4615 2989 4685 Neque
3036 4615 3197 4670 enim
3248 4625 3371 4670 nox
3421 4613 3635 4670 mundi

1984 4701 2293 4756 veritatem
2321 4700 2919 4773 comprehendit.Sed
2944 4701 3073 4757 haec
3095 4701 3284 4756 missa
3312 4701 3630 4758 faciamus.

2055 4793 2107 4846 3.
2151 4789 2334 4860 Igitur
2368 4789 2532 4844 viam
2561 4788 2807 4862 quidem
2837 4790 3180 4846 universam
3219 4789 3346 4859 jam
3387 4789 3528 4844 inde
3553 4790 3634 4846 ab

1983 4877 2149 4934 initio
2178 4877 2533 4945 describere,
2567 4880 2785 4949 praeter
2811 4877 2992 4948 hujus
3043 4876 3328 4949 temporis
3372 4879 3634 4950 spatium

1985 4972 2092 5034 est,
2123 4972 2180 5022 et
2228 4970 2438 5038 praeter
2485 4965 2780 5020 sermonis
2817 4965 3120 5031 ofﬁcium;
3163 4970 3220 5021 et
3256 4970 3486 5039 quanta
3525 4983 3637 5023 nos

1984 5071 2301 5130 perpessos
2348 5057 2555 5111 tertius
2601 5055 2688 5111 sol
2743 5054 2973 5111 viderit.
3018 5058 3083 5111 Et
3128 5055 3373 5128 quidem
3416 5057 3636 5113 horum

1983 5147 2146 5203 haud
2196 5161 2394 5218 pauca
2443 5144 2888 5218 postulantibus
2934 5145 3237 5200 nonnullis
3275 5146 3500 5202 cursim
3557 5148 3636 5202 si-

1986 5234 2424 5306 gniﬁcavimus,
2461 5233 2796 5289 transitorie
2828 5234 3154 5300 narrando,
3187 5235 3304 5290 nisi
3333 5233 3456 5290 haec
3488 5235 3637 5290 forte

1985 5327 2244 5380 vestram
2299 5323 2702 5378 curiositatem
2757 5322 3054 5392 fugerunt.
3112 5322 3346 5378 Primus
3403 5323 3634 5378 viarum

1984 5418 2184 5470 custos
2215 5411 2453 5468 vexavit
2485 5425 2601 5478 me,
2631 5411 3207 5483 comprehenditque
3240 5425 3630 5483 persequens,

1983 5509 2040 5559 et
2083 5501 2279 5575 spolia
2313 5500 2534 5568 divisit,
2561 5499 2670 5556 etsi
2709 5500 3097 5572 cupiditatem
3139 5515 3314 5555 suam
3364 5514 3488 5554 non
3537 5514 3634 5553 ex-

1981 5591 2182 5665 plevit.
2231 5589 2542 5650 Secundus
2583 5594 2869 5660 vastator,
2915 5588 3112 5658 magis
3156 5587 3359 5646 adhuc
3403 5585 3632 5644 malitia
