4106 6222
203 309 306 362 393
1691 304 1814 360 ΑιΑ

1922 304 2056 361 ΖΠΒ.
3449 305 3550 358 394

203 430 367 503 ἕτερον
390 445 404 460 ⁸
439 431 529 480 καὶ
563 423 888 501 κατέδραμεν
929 427 955 478 6
1006 427 1260 498 θεοστυγῆ
1275 447 1314 496 ς,
1343 431 1605 500 γενόμενός
1645 448 1700 482 τε
1732 429 1804 490 εἰς

1922 428 2032 484 Deo
2058 427 2298 484 odibilis
2330 428 2710 497 Chersonem,
2743 431 2799 484 et
2834 425 3063 499 pusillis
3099 424 3323 482 bellum
3350 426 3552 482 Alanis

205 525 473 592 Χερσῶνα,
504 515 723 588 πόλεμον
750 514 950 574 ἠπείλει
986 523 1094 576 τοῖς
1133 523 1341 589 μικροῖς
1372 514 1621 585 Ἀλανοῖς,
1651 521 1803 590 μόνον

206 607 347 679 εἰμὴ
409 602 681 679 προδῶσιν
733 605 894 676 ἡμᾶς.
936 604 1114 666 Οὗτως
1170 603 1354 665 ἐκεῖνος
1406 607 1610 678 πονηρά
1648 609 1805 678 φύσις

207 693 267 753 ἦν
342 696 370 746 6
429 694 627 765 γελοῖος
697 694 981 765 Τζαμάνης
1045 696 1136 745 καὶ
1200 699 1292 744 τοῦ
1348 690 1574 765 μηδενὸς
1636 694 1802 762 ἄξιος,

209 784 337 841 πλην
371 785 453 835 ὅτι
492 787 678 844 κακίας
715 781 922 856 πλήρης
966 785 1055 834 καὶ
1097 787 1190 833 τοῦ
1235 787 1470 855 Πονηροῦ
1521 784 1804 857 ὑπηρέτης.

209 873 468 943 Ἠγνὸησε
499 867 558 923 δὲ
582 872 608 922 6
636 875 738 922 πᾶν
767 872 794 922 ὃ
823 889 876 922 τι
911 872 1069 921 κακὸν
1109 865 1238 922 εἷναί
1286 890 1339 923 τε
1365 873 1468 945 γὰρ
1501 869 1810 932 σπουδάσας

208 967 297 1013 καὶ
325 959 572 1031 λέγεσθαι
617 958 784 1025 ἄξιος,
847 961 918 1020 ὡς
969 964 1103 1012 Θεοῦ
1155 960 1304 1031 ἡμεῖς
1360 960 1641 1014 ἀπόστολοι
1691 981 1811 1013 νεα-

209 1052 449 1122 νιεύομαι
499 1051 620 1122 γὰρ,
679 1052 769 1100 καὶ
825 1051 952 1108 Θεὸς
1014 1056 1350 1124 τερατουργεῖ
1404 1051 1560 1122 ἡμῖν·
1629 1051 1656 1102 ὁ
1711 1051 1810 1124 γὰρ

213 1136 478 1210 διατεμὼν
534 1141 623 1188 καὶ
685 1136 924 1207 συνάψας
975 1141 1070 1194 τήν
1111 1136 1382 1212 Ἐρυθρὰν,
1446 1143 1534 1191 καὶ
1601 1142 1658 1191 τὸ
1725 1142 1814 1211 μὲν

213 1223 432 1300 φυγάδα
478 1223 754 1287 διασώσας
808 1223 954 1294 λαὸν,
993 1228 1052 1278 τὸ
1103 1221 1162 1278 δὲ
1219 1229 1305 1278 τὸν
1347 1223 1608 1280 διώκοντα
1650 1247 1816 1280 κατα-

215 1321 488 1377 ποντίσας,
520 1318 690 1386 τέμνει
713 1318 809 1372 τὴν
841 1313 987 1366 πόλιν
1016 1317 1074 1366 τὸ
1113 1318 1361 1390 πρότερον
1400 1316 1574 1388 οἰκείῳ
1616 1316 1820 1390 πολέμῳ

216 1411 306 1458 καὶ
368 1404 641 1478 ἀλλοτρίῳ,
697 1407 790 1456 καὶ
858 1407 916 1455 τὸ
973 1400 1148 1476 διεχὲς
1203 1403 1400 1466 ἐκείνης
1461 1402 1644 1458 ἐδίδου
1698 1408 1822 1479 ἡμῖν

217 1499 311 1552 τὴν
343 1489 550 1548 δίοδον.
586 1494 837 1546 Συνάπτει
864 1489 924 1545 δὲ
953 1491 1104 1545 πάλιν
1129 1501 1192 1565 τῇ
1231 1494 1508 1567 ὀμοπνοίᾳ,
1537 1499 1607 1557 ὡς
1634 1502 1824 1570 μικροῦ

217 1579 558 1635 κινδυνεῦσαι
594 1585 679 1633 τὸν
728 1579 994 1654 ἀλιτήριον
1043 1579 1359 1654 βουλόμενον
1407 1592 1828 1660 κατατυραννείν,

218 1672 261 1725 εἰ
289 1676 361 1744 μὴ
406 1667 634 1745 δρασμῷ
683 1673 775 1728 τὴν
828 1674 1091 1742 σωτηρίαν
1143 1669 1630 1744 ἐπραγματεύσατο,
1677 1677 1828 1726 Οὕτω

1908 517 2326 573 interminatus
2359 521 2468 587 est,
2491 517 2605 571 nisi
2629 532 2740 572 nos
2757 515 3063 570 dederent.
3091 517 3232 570 Tam
3258 514 3552 586 improbae

1909 609 2140 662 natura:
2179 610 2306 662 erat
2355 605 2641 661 ridiculus
2681 605 2794 660 iste
2849 607 3176 660 Tzamanes
3217 609 3273 659 et
3300 604 3466 659 nulla
3493 619 3556 660 re

1912 693 2152 764 dignus,
2181 694 2301 750 nisi
2329 699 2627 766 quatenus
2658 693 2885 748 malitia
2914 692 3128 764 plenus
3161 697 3306 756 erat,
3343 697 3400 748 et
3429 693 3558 747 Dia-

1911 781 2038 837 boli
2067 783 2437 838 administer.
2461 786 2640 838 Porro
2669 781 2987 853 ignorabat
3009 782 3126 849 hic,
3170 782 3318 836 nihil
3345 784 3562 854 praeter

1916 871 2245 943 nequitiam
2295 873 2561 944 sapiens,
2593 876 2649 927 et
2695 870 2865 926 ﬂocci
2910 870 3242 938 faciendus,
3270 886 3380 926 nos
3427 884 3560 925 esse

1920 960 2019 1016 Dei
2040 961 2364 1032 apostolos,
2399 961 2598 1018 dicam
2624 961 2785 1016 enim
2816 961 3120 1026 audacter,
3149 965 3206 1016 et
3234 963 3420 1016 Deum
3450 975 3560 1031 pro

1920 1049 2095 1104 nobis
2158 1049 2452 1105 miracula
2515 1049 2769 1121 operari.
2828 1049 2937 1114 Qui
2993 1049 3153 1103 enim
3216 1048 3409 1104 divisit
3472 1065 3562 1104 re—

1923 1136 2275 1209 collegitque
2328 1137 2737 1209 Erythraaum,
2796 1141 2852 1194 et
2905 1137 3222 1206 fugitivum
3269 1137 3566 1209 populum

1926 1225 2199 1292 servavit,
2257 1231 2313 1281 et
2372 1231 2816 1298 persecutorem
2875 1227 3004 1298 pari
3066 1231 3332 1298 tempore
3393 1226 3568 1298 aquis

1929 1313 2270 1379 submersit,
2305 1315 2606 1371 civitatem
2654 1315 2810 1370 hanc
2849 1315 2909 1370 in
2952 1319 3152 1386 partes
3191 1315 3379 1378 scidit,
3413 1314 3570 1370 bello

1931 1404 2224 1461 concitato
2255 1404 2434 1459 simul
2451 1405 2605 1460 civili
2627 1409 2683 1461 et
2702 1409 3014 1471 extraneo;
3042 1405 3224 1476 idque
3255 1405 3575 1461 discidium

1934 1507 2147 1548 ansam
2177 1493 2352 1548 nobis
2381 1493 2676 1549 evadendi
2706 1493 2938 1549 obtulit.
2968 1493 3082 1549 Sed
3110 1493 3404 1550 civitatem
3423 1494 3578 1549 Deus

1936 1597 2144 1636 rursus
2163 1582 2242 1637 ad
2259 1581 2646 1638 concordiam
2660 1581 2912 1648 reduxit,
2939 1586 3002 1637 ut
3022 1597 3238 1654 parum
3261 1598 3296 1638 a
3317 1582 3579 1652 periculo

1940 1670 2195 1726 abfuerit
2237 1670 2503 1741 perditus
2532 1670 2649 1739 ille,
2693 1670 2796 1742 qui
2829 1670 3208 1742 tyrannidem
3238 1670 3580 1742 affectabat,

222 1757 290 1819 δὴ
318 1767 508 1812 ταῦτα.
1859 1777 1904 1831 Β
1940 1759 2052 1815 nisi
2079 1759 2223 1830 fuga
2261 1759 2434 1816 saluti
2480 1775 2602 1815 suae
2650 1759 3071 1816 consuluisset.
3107 1763 3239 1816 Haac
3269 1761 3582 1816 hactenus.

293 1848 348 1912 ς’.
393 1848 457 1902 ’Δ
513 1843 572 1900 δὲ
603 1842 752 1900 δεινά
789 1851 880 1900 καὶ
927 1848 954 1899 6
1009 1849 1141 1923 ἱερὸς
1194 1849 1328 1921 ἡμῖν
1378 1849 1676 1925 ἀνερῥίπισε
1729 1854 1814 1904 πό-

2012 1853 2066 1905 6.
2099 1849 2241 1914 Quaa
2271 1852 2474 1905 autem
2521 1848 2684 1904 mala
2721 1865 2757 1905 a
2797 1865 2970 1905 sacro
3015 1851 3194 1905 etiam
3222 1849 3388 1906 illata
3411 1849 3588 1905 nobis

217 1939 388 2012 λεμος,
419 1937 652 2008 λεγέσθω
679 1939 781 2011 γὰρ
822 1939 912 1989 καὶ
958 1935 1142 2004 οὕτως,
1183 1939 1360 2012 ὥσπερ
1410 1943 1728 2012 τυραννικὸς,
1781 1958 1810 1991 τ

1941 1941 2079 1994 sunt
2108 1937 2286 2006 bello,
2320 1954 2390 1994 ea
2418 1939 2640 2011 pariter
2666 1939 2975 1996 narranda
3018 1945 3176 2007 sunt,
3217 1944 3424 2012 utpote
3449 1954 3588 2011 quae

223 2033 336 2104 χρὴ
403 2031 496 2079 καὶ
547 2026 712 2097 λέγειν
764 2023 894 2078 ἀλλὰ
950 2029 1118 2084 κακὴν
1156 2027 1433 2099 ὁμόνοιαν;
1497 2030 1580 2080 ἶνα
1634 2031 1814 2104 πύργοι

1943 2026 2063 2082 vim
2114 2027 2491 2098 tyrannicam
2546 2027 2604 2082 in
2658 2043 2771 2083 nos
2827 2032 3261 2096 exercuerunt;
3315 2044 3454 2099 quae
3492 2043 3588 2082 res

226 2116 576 2190 βλασφημίας
635 2113 927 2186 meum;
983 2122 1076 2167 τοῦ
1119 2115 1283 2186 ὕψους
1327 2122 1814 2192 περιφρουρουμένοι

1940 2115 2105 2170 nullo
2159 2115 2276 2172 alio
2315 2117 2560 2172 nomine
2611 2116 2902 2189 appellari
2942 2121 3160 2189 potest,
3219 2117 3328 2172 nisi
3382 2132 3590 2190 pravae

225 2213 316 2258 τοῦ
339 2204 631 2276 ἀξιώματος
655 2223 668 2236 ·
703 2203 746 2256 εἰ
764 2206 854 2254 καὶ
889 2204 920 2260 ἡ
953 2211 1049 2262 τῆς
1076 2203 1319 2274 γλώσσης
1349 2203 1504 2276 ἔγγὺς
1527 2210 1800 2279 σύγχυσις

1941 2205 2400 2276 conspirationis
2431 2222 2442 2259 :
2477 2209 2540 2262 ut
2577 2205 2963 2277 blasphemiae
3003 2205 3286 2261 nimirum
3318 2205 3497 2261 turris
3528 2206 3592 2262 in

231 2295 264 2352 ἦ
330 2289 600 2367 συνδρομὴ
640 2300 743 2344 τῶν
793 2299 889 2353 τῆς
951 2291 1214 2362 αἰσχύνης
1280 2295 1448 2365 ἱερέων
1506 2299 1639 2348 κατὰ
1697 2316 1814 2348 τινοι

1942 2293 2130 2349 altum
2177 2294 2540 2351 attolleretur
2585 2296 2701 2351 sub
2749 2295 3054 2365 dignitatis
3105 2296 3457 2352 munimine.
3527 2299 3594 2352 Et

235 2381 456 2434 Ἠλίου·
519 2378 577 2438 ἧν
620 2383 724 2455 γὰρ
765 2382 791 2432 6
841 2379 1076 2442 ζηλωτὴς
1135 2381 1258 2456 παρ’
1316 2383 1462 2454 ἡμῖν,
1519 2384 1562 2436 εί
1598 2389 1686 2437 καὶ
1743 2405 1811 2438 κα

1941 2383 2187 2454 quidem
2218 2400 2406 2456 prope
2439 2384 2632 2440 abfuit
2661 2401 2698 2441 a
2717 2385 3062 2455 linguarum
3089 2385 3472 2450 confusione;
3500 2384 3596 2440 vel

231 2473 523 2542 τασφάττει
548 2477 694 2522 τοῦτο
726 2477 789 2542 τῇ
831 2473 1080 2543 μαχαίρᾳ
1116 2476 1209 2521 τοῦ
1245 2473 1537 2543 πνεύματος
1562 2494 1574 2506 ο
1621 2473 1650 2530 ἡ
1700 2478 1814 2526 κατέ

1943 2472 2226 2542 quendam
2288 2472 2394 2528 fuit
2446 2474 2826 2529 sacerdotum
2894 2474 3239 2543 ignominiae
3303 2474 3596 2530 adversus

229 2568 325 2621 τῆς
350 2558 686 2634 Ἰερουσαλὴμ
721 2566 822 2610 τῶν
857 2558 1150 2631 Ἀσσυρίων
1187 2559 1486 2632 παρεμϐολὴ
1539 2559 1804 2634 ἐπισφαλεῖ)

1943 2560 2130 2616 Eliam
2157 2562 2488 2630 aggressio.
2518 2564 2655 2618 Erat
2697 2562 2856 2618 enim
2887 2563 3137 2634 quidam
3177 2563 3390 2618 zelotes
3430 2562 3596 2634 apud

222 2647 651 2722 ἐπεισφρήσασα,
695 2651 784 2700 καὶ
822 2643 1163 2710 ἐπικινδύνως
1215 2646 1714 2724 ἀνθυποστρέψασα.
1763 2658 1814 2704 Τ‹

1942 2664 2076 2712 nos,
2123 2649 2231 2704 etsi
2284 2654 2340 2705 et
2392 2650 2554 2705 hunc
2609 2650 2886 2706 interficit
2932 2650 3136 2722 gladio
3186 2651 3445 2723 spiritus.
3497 2649 3597 2706 Vel

221 2734 283 2789 δὲ
314 2734 400 2803 ἦν,
437 2739 524 2788 ῖνα
571 2741 756 2809 μικρὸν
815 2755 865 2788 τι
904 2732 1317 2811 ἓνδιατρίψωμεν
1365 2745 1475 2799 τοῖς
1511 2740 1795 2811 παθήμασι

1942 2742 2150 2794 contra
2179 2737 2509 2794 Jerusalem
2536 2739 2917 2810 Assyriorum
2947 2741 3240 2796 exercitus
3266 2739 3596 2811 periculose

220 2832 554 2898 Παροικοῦσι
601 2833 666 2896 τῇ
733 2832 970 2898 Χερσῶνι
1037 2830 1125 2876 καὶ
1187 2824 1394 2878 Ἀλανοὶ
1423 2868 1435 2892 ,
1505 2825 1611 2897 οὐχ
1677 2828 1814 2899 ᾖτε-οι

1942 2832 2130 2882 semet
2175 2826 2458 2892 inferens,
2505 2843 2616 2882 nec
2669 2833 2796 2884 tuto
2848 2835 3172 2885 revertens.
3229 2832 3340 2884 Res
3395 2830 3478 2885 ita
3533 2844 3597 2884 se

221 2912 518 2974 θεληθέντες
573 2913 603 2972 ἦ
666 2911 988 2978 Θελήσαντες,
1056 2915 1124 2974 ὡς
1176 2910 1282 2965 οἷόν
1333 2934 1387 2966 τι
1451 2919 1814 2990 περιτείχισμα

1939 2916 2174 2986 habuit,
2205 2921 2268 2972 ut
2310 2916 2567 2972 breviter
2607 2917 3014 2974 calamitatem
3051 2933 3384 2974 narremus.
3420 2917 3594 2973 Habi-

217 3021 385 3074 ταυτῃ
419 3007 513 3054 καὶ
540 3004 956 3075 περιφρούρημα.
1008 3003 1232 3062 Τούτους
1287 3001 1384 3074 ἐγώ
1437 3022 1492 3055 τε
1539 3000 1696 3071 εἶδον,
1739 3010 1814 3057 καξ

1940 3009 2068 3062 tant
2107 3020 2295 3077 prope
2339 3005 2706 3062 Chersonem
2754 3007 2934 3062 etiam
2981 3006 3170 3074 Alani,
3218 3022 3342 3062 non
3391 3006 3594 3060 minus

216 3099 529 3166 περιχαρῶς
569 3090 720 3144 αὐτοὶ
748 3093 836 3143 τὸν
881 3092 1096 3165 πάτριον
1133 3096 1355 3164 ποιμέτα
1391 3097 1735 3169 περιέτρεχὸν
1773 3115 1814 3148 τε

1941 3094 2181 3166 expetiti
2211 3109 2399 3167 quam
2438 3093 2728 3162 volentes,
2753 3101 2818 3152 ut
2848 3096 2964 3151 sint
3019 3096 3176 3151 circa
3218 3109 3353 3150 eam
3378 3095 3593 3149 urbem

215 3187 305 3233 καὶ
372 3185 714 3251 περιίσταντο
739 3201 751 3213 ·
815 3178 1120 3253 βουλόμενοί
1177 3200 1231 3234 τε
1288 3182 1413 3254 παρ’
1462 3182 1636 3244 αὐτοῖς
1693 3186 1814 3257 ἡμᾶς

1937 3182 2116 3256 quasi
2147 3182 2372 3238 vallum
2402 3182 2717 3254 quoddam
2751 3188 2806 3239 et
2844 3183 3136 3240 custodia.
3162 3184 3281 3239 Hos
3311 3199 3423 3253 ego
3448 3183 3589 3252 vidi,

217 3270 542 3338 ξενωθῆναι,
597 3270 766 3320 πάντα
823 3266 1024 3321 ἐποίουν
1089 3271 1156 3322 τὰ
1215 3266 1508 3328 ἐπιτήδεια.
1555 3271 1728 3345 Ἡμεῖς
1768 3269 1814 3326 δί

1937 3271 2140 3344 illique
2203 3271 2540 3327 admodum
2588 3271 2918 3338 exhilarati,
2973 3271 3054 3327 ad
3103 3271 3361 3344 patrium
3409 3287 3590 3328 suum

218 3356 600 3429 ἂντεισήγομεν
637 3359 725 3409 τὸν
749 3363 846 3418 τῆς
886 3362 1231 3432 παραινέσεως
1267 3358 1439 3429 λόγον,
1474 3362 1543 3420 ὡς
1582 3359 1642 3411 ἃν
1670 3359 1814 3433 βιῷει

1936 3366 2243 3434 pastorem
2283 3360 2698 3423 accurrebant,
2742 3377 3000 3433 eumque
3048 3360 3590 3429 circumsistebant,

218 3445 378 3508 ἀξίως
401 3453 496 3506 τῆς
534 3444 768 3506 κλήσεως
796 3451 887 3497 τοῦ
917 3453 1171 3520 Χριστοῦ.
1203 3446 1374 3500 Ἦσαν
1406 3444 1465 3500 δὲ
1507 3446 1709 3510 ἀληθῶς
1741 3449 1814 3520 (oi

1936 3449 2326 3522 volentesque
2356 3465 2468 3504 nos
2494 3450 2661 3522 apud
2689 3466 2792 3506 eos
2812 3450 3120 3522 hospitari,
3148 3450 3382 3506 nullum
3406 3449 3590 3506 oﬂicii

217 3537 318 3606 γὰρ
367 3535 430 3585 ἂν
473 3534 833 3606 αἰσχυνοίμην
883 3533 1069 3606 λέγειν,
1127 3532 1266 3606 μηδὲ
1315 3555 1406 3609 μοι
1443 3541 1642 3608 γένοιτο
1695 3539 1814 3610 ὑφο-

1936 3553 2126 3608 genus
2156 3538 2708 3610 praetermittebant.
2743 3543 2858 3595 Nos
2903 3555 3046 3595 vero
3080 3538 3342 3595 vicissim
3374 3539 3588 3594 adhor-

215 3627 420 3698 ρᾶσθαι
448 3623 820 3698 μικροψυχίας
859 3625 1012 3694 τινὸς)
1041 3628 1278 3697 ποίμνιον
1322 3624 1729 3702 ἐσκορπισμένον
1757 3628 1814 3687 εἰς

1934 3626 2178 3684 tationis
2225 3626 2478 3683 verbum
2519 3627 2980 3699 adhibebamus,
3034 3633 3097 3684 ut
3149 3628 3328 3700 digne
3377 3627 3592 3684 Christi

218 3719 311 3788 ὅρη
354 3719 449 3767 καὶ
480 3713 704 3786 ἐρήμους
727 3717 814 3766 καὶ
861 3712 1124 3787 βάραθρα,
1156 3715 1249 3767 οὐκ
1279 3718 1401 3787 ἔχον
1441 3713 1676 3789 μάνδραν
1703 3715 1814 3769 ούδὶ

1934 3716 2252 3772 vocatione
2287 3718 2568 3772 viverent.
2595 3719 2772 3772 Erant
2799 3723 3001 3773 autem
3033 3719 3247 3790 (neque
3275 3734 3373 3774 me
3401 3717 3590 3789 pude-

217 3802 474 3873 καλύϐην,
510 3803 714 3875 ἕτοιμον
745 3802 819 3865 εἰς
854 3801 1176 3876 κατάϐρωμα
1203 3811 1312 3866 τοῖς
1361 3805 1588 3878 θηρίοις·
1635 3805 1693 3857 οὐ
1723 3808 1814 3878 γὰρ

1935 3803 2022 3859 bit
2048 3803 2265 3871 dicere,
2309 3819 2504 3876 neque
2556 3804 2953 3862 offensionem
3002 3806 3337 3878 quamdam
3379 3805 3588 3860 subve-

220 3891 281 3951 ἦν
307 3895 332 3944 6
375 3895 688 3964 ποιμαίνων,
741 3891 784 3943 εὶ
831 3895 919 3943 καὶ
959 3891 1156 3944 πολλῶν
1185 3895 1244 3944 τὸ
1295 3890 1625 3966 ἐπάγγελμαο
1655 3899 1814 3947 καίτοι

1933 3891 2135 3962 rebor)
2161 3907 2306 3962 grex
2344 3892 2557 3964 palans
2585 3893 2648 3948 in
2691 3894 2996 3950 montibus
3042 3893 3311 3964 locisque
3341 3893 3588 3947 desertis

217 3987 308 4034 καὶ
342 3979 686 4054 βουλομένοις
714 3975 830 4031 οὐδ’
856 3978 916 4031 ἆν
938 3979 1143 4042 ἐξέσται
1162 4001 1174 4013 ·
1208 3981 1288 4032 ὅτι
1317 3986 1388 4053 μή
1420 3986 1687 4055 πρότερον,
1721 3985 1814 4035 οἷοι

1937 3985 1991 4037 et
2021 3981 2233 4048 foveis,
2261 3997 2459 4053 neque
2484 3981 2636 4038 ovile
2661 3998 2857 4054 neque
2887 3983 3124 4038 caulam
3145 3981 3398 4048 habens,
3424 3980 3587 4034 ideo-

219 4067 352 4123 εἶναι
375 4065 462 4122 δεῖ
484 4072 573 4121 τὸν
605 4066 905 4139 ἐπίσκοπον,
938 4072 1170 4127 ἤκουσαν
1191 4091 1204 4103 ·
1229 4060 1278 4122 ἐἰ
1307 4075 1396 4122 καὶ
1419 4069 1620 4131 Παῦλος
1645 4069 1814 4141 ἐκϐοᾷ,

1936 4086 2054 4143 que
2085 4070 2351 4127 ferarum
2381 4071 2755 4126 devorationi
2803 4071 3146 4142 expositus;
3179 4084 3373 4141 neque
3425 4069 3588 4125 enim

217 4162 249 4217 ἡ
284 4159 492 4231 μεγάλη
528 4157 774 4228 σάλπιγξ,
807 4159 833 4210 6
871 4167 970 4211 τῶν
1017 4157 1171 4211 ἐθνῶν
1223 4155 1568 4228 διδάσκαλος,
1607 4165 1696 4212 καὶ
1736 4157 1814 4213 διό

1937 4159 2146 4217 aderat
2174 4160 2278 4232 qui
2308 4159 2359 4214 ei
2402 4159 2768 4231 pastoralem
2811 4175 3019 4216 curam
3058 4157 3447 4231 impenderet,
3480 4156 3589 4214 etsi

215 4256 375 4300 τοῦτο
405 4250 676 4318 ἡμέτερος.
705 4249 916 4299 Οἰονται
969 4243 1029 4300 δὲ
1072 4251 1322 4321 τρυφερὸν
1369 4245 1497 4300 εἶναι
1528 4246 1814 4302 ἐπισκοπεῖι

1937 4247 2263 4305 multorum
2294 4251 2422 4302 erat
2449 4246 2717 4303 ambitio.
2751 4247 3084 4319 Cmteroqui
3131 4262 3207 4302 ne
3247 4245 3596 4302 volentibus-

215 4342 308 4390 καὶ
341 4331 653 4398 σπουδάζον
683 4338 749 4388 τὰ
773 4338 1023 4408 κοσμικά.

1937 4337 2186 4410 quidem
2216 4335 2278 4391 id
2303 4335 2598 4396 licuisset:
2628 4335 2774 4408 quia
2804 4336 3098 4402 nondum,
3140 4335 3382 4408 qualem
3413 4350 3591 4407 opor-

217 4431 342 4481 teat
361 4439 496 4480 esse
527 4423 904 4496 episcopum,
934 4428 1344 4494 cognoverant
1357 4445 1375 4496 ,'
1419 4426 1701 4498 quamvis
1753 4426 1972 4484 Paulus
1993 4425 2235 4495 clamat,
2290 4439 2515 4493 magna
2555 4424 2718 4496 tuba,
2755 4425 3024 4494 gentium
3064 4424 3295 4490 doctor,
3332 4424 3591 4496 ideoque

216 4519 427 4570 noster
452 4517 493 4568 ¹.
527 4511 642 4569 Sed
666 4511 749 4568 illi
793 4513 1138 4570 existimant
1183 4513 1535 4572 deliciosum
1581 4515 1730 4589 quid
1768 4531 1900 4572 esse
1938 4516 2456 4589 episcopatum,et
2485 4515 2812 4571 mundanis
2833 4513 3304 4572 curisdeditum.

295 4621 359 4681 ζ’.
395 4615 598 4672 Οἴδατε
635 4622 720 4672 τόν
773 4627 1073 4694 Χερσῶνος·
1121 4626 1212 4674 καὶ
1260 4625 1310 4675 τί
1356 4621 1416 4673 ἂν
1471 4621 1814 4697 ἁκριϐολογοί·

2013 4629 2069 4679 7.
2089 4622 2282 4678 Nostis
2313 4621 2628 4676 Chersonis
2650 4622 2999 4693 episcbpum
3029 4638 3042 4686 ;
3073 4637 3177 4676 cur
3206 4621 3365 4677 enim
3388 4621 3592 4689 gnaris

221 4729 327 4782 μην
374 4706 618 4774 εἰδόσιν;
665 4705 828 4769 Οὗτος
879 4711 906 4760 6
953 4713 1112 4782 γέρων
1151 4715 1241 4762 καὶ
1286 4709 1510 4786 ἀρχαῖος
1550 4711 1806 4765 ἐπίσκοπο

1941 4711 2128 4767 verba
2156 4709 2342 4766 multa
2368 4709 2586 4766 faciam
2607 4711 2635 4765 ‘I
2663 4712 2852 4766 Senex
2878 4709 2974 4765 hic
3018 4715 3074 4765 et
3102 4711 3334 4781 priscus
3365 4708 3595 4780 episco-

225 4801 454 4868 θανατᾷν
505 4793 698 4868 ἔδοξεν,
759 4800 840 4850 ὅτι
891 4797 1014 4872 παρ’
1069 4801 1195 4872 ημῖν
1265 4800 1496 4864 Ἀλανοὶ,
1555 4802 1584 4860 ἣ
1646 4801 1814 4874 μᾶλλο·

1941 4817 2058 4873 pus
2116 4799 2271 4856 mori
2330 4799 2443 4854 sibi
2479 4798 2816 4866 videbatur,
2868 4800 3014 4870 quia
3061 4798 3228 4854 Alani
3278 4797 3439 4869 apud
3483 4812 3596 4852 nos

222 4890 306 4939 ὅτι
360 4888 512 4960 παρά
560 4893 796 4960 Χερσῶνι
848 4888 1038 4960 ἡμεῖς*
1085 4893 1175 4941 καὶ
1213 4890 1240 4941 6
1297 4897 1388 4949 τῆς
1437 4888 1627 4964 ἐνορίας
1687 4889 1807 4962 λογο

1945 4893 2164 4958 essent,
2190 4888 2286 4943 vel
2314 4888 2514 4960 potius
2543 4888 2687 4961 quia
2716 4904 2826 4944 nos
2854 4888 3146 4943 Chersone
3179 4886 3592 4942 morabamur.

225 4977 421 5036 εὐθύςο
470 4981 562 5027 καὶ
601 4978 668 5036 ὡς
706 4973 962 5051 ἐγχώριος
994 4975 1277 5046 ἐπισκοπὴ,
1332 4983 1423 5030 καὶ
1473 4983 1530 5032 τὸ
1573 4977 1692 5051 ἐμὸν
1731 4999 1814 5031 πα·

1947 4979 2155 5036 Statim
2183 4993 2327 5048 ergo
2375 4977 2449 5032 de
2497 4976 2924 5048 jurisdictionis
2973 4975 3259 5031 limitibus
3292 4991 3512 5041 sermo,
3543 4980 3602 5032 et

225 5062 484 5139 ροδευτόν
531 5068 622 5116 καὶ
663 5069 948 5140 παρόριον·
1003 5069 1069 5119 τὰ
1105 5072 1345 5140 γνώριμα
1400 5075 1561 5120 ταῦτα
1598 5077 1697 5120 ’ὡν
1749 5075 1814 5120 νῦν

1947 5067 2112 5140 quod
2144 5066 2524 5138 episcopatus
2554 5065 2668 5121 loci
2698 5065 2976 5138 prOprius
3007 5068 3181 5132 esset,
3224 5079 3428 5120 meum
3456 5080 3599 5120 vero

229 5153 538 5206 ἐπισκόπων
591 5161 680 5214 τῆς
724 5154 1092 5227 μικροψυχίας
1122 5161 1211 5208 καὶ
1253 5164 1346 5209 τοῦ
1395 5158 1582 5229 φθόνου
1629 5176 1814 5232 περικα

1947 5155 2211 5212 ofﬁcium
2242 5153 2652 5210 transitorium
2691 5159 2748 5210 et
2786 5158 3160 5210 extraneum.
3193 5153 3320 5210 Noti
3359 5157 3500 5208 sunt
3539 5153 3603 5209 hi

225 5243 505 5316 λύμματα,
563 5243 645 5294 ἵνα
699 5247 771 5316 μη
826 5243 957 5316 λέγω
1001 5251 1090 5298 καὶ
1140 5255 1232 5306 τῆς
1288 5244 1597 5320 ἀϐελτηρίας
1643 5251 1814 5320 γνωρί·

1947 5244 2376 5301 hodiernorum
2417 5244 2834 5315 episcoporum
2893 5247 3235 5316 prmtextus,
3273 5259 3426 5316 quos
3479 5257 3602 5298 suae

312 5534 327 5568 ¹
375 5530 525 5588 Tim.
559 5543 640 5596 ιιι,
671 5531 724 5582 2.

533 5626 776 5711 Ριιιιοι..
809 5651 912 5714 Gn.
939 5653 1088 5712 CXL.

3265 5653 3328 5706 i3

4059 1577 4085 1744 Ti
