4106 6222
114 4 391 21 τἮἚ-’ῗ
560 12 565 13 ν

114 4 391 21 τᾚ“ῗ

72 4 149 111 ἐκ
204 34 257 47 ἀμ
344 30 373 47 \.
428 56 439 67 ⁴
502 28 513 33 “

202 311 328 365 397

1712 303 2084 362 ALANICUS.

3473 314 3577 371 398

195 437 386 504 μένοις
419 432 446 485 6
478 433 684 485 καὶτοῦ
707 432 897 503 κρίνειν
927 430 1102 501 κύριος
1130 431 1198 481 ὧν
1229 448 1240 461 ·
1274 427 1338 481 ἐῶ
1368 427 1528 482 τᾶλλα
1552 448 1565 462 ο
1609 425 1814 482 δίκαιον

1941 444 2180 497 manus;
2230 430 2560 502 peregrinis
2604 430 2846 499 scilicet,
2885 433 2937 490 is
2975 433 3080 507 qui
3114 450 3288 492 suam
3320 436 3579 508 patriam

192 523 339 595 γάρ.

277 696 356 756 η’.
410 696 532 751 Ἀλλ
590 693 767 753 ἐπειδὴ
827 713 962 755 τινος
1022 693 1305 769 ἐλευθερίας
1372 693 1664 766 λαϐόμενοι,
1729 698 1819 747 καὶ

193 791 295 845 τὴν
339 783 470 840 ὀδόν
526 786 848 857 ἐσκοποῦμεν
899 786 969 847 ὡς
1006 782 1066 835 ἂν
1104 784 1322 845 ἕκαστος
1360 785 1446 835 τὸν
1487 787 1680 836 σκοπὸν
1725 792 1821 845 τῆς

195 875 498 951 ἁγετηρίας
553 871 679 941 εἶδε,
728 878 824 933 τὴν
874 874 957 926 ἰθὺ
1018 876 1286 947 Βοσπόρου
1336 871 1629 946 ἐτέμνομεν’
1682 869 1818 926 ἐδεί-

198 962 307 1019 δου
341 963 408 1019 δὲ
436 966 464 1017 6
502 983 556 1018 τε
593 966 771 1038 καιρὸς
807 971 1065 1035 χειμῶνος
1102 962 1243 1034 ἄγων
1285 964 1353 1014 τὰ
1394 966 1551 1035 μέσα,
1596 967 1685 1015 καὶ
1723 971 1819 1015 τῶν

196 1056 430 1108 Σκυθῶν
478 1055 507 1112 ἡ
554 1054 687 1106 κατὰ
718 1060 811 1105 τοῦ
853 1056 1121 1125 Βοσπόρου
1197 1059 1487 1109 τηνικαῦτα
1529 1054 1663 1126 ὁρμὴ
1706 1047 1819 1105 διε-

197 1144 411 1197 κώλυεν
436 1164 449 1177 ο
494 1142 540 1196 εἰ
580 1146 670 1195 καὶ
717 1143 868 1213 ἡμεῖς
912 1140 1183 1213 ἕϐιάξομεν
1228 1146 1322 1200 τὴν
1371 1138 1514 1212 ὁδὸν,
1549 1140 1602 1206 ἐξ
1640 1140 1701 1194 οὗ
1728 1146 1820 1194 xui

200 1231 584 1305 διηλέγχημεν
633 1233 918 1307 ἄπρακτοι.
973 1235 1064 1294 Τίς
1116 1230 1176 1283 ἂν
1225 1235 1360 1285 εῖποι
1416 1234 1483 1284 τὰ
1546 1234 1819 1300 σκυθικά;

198 1329 286 1386 τίς
333 1325 591 1397 θρηνήσει
622 1322 659 1374 ά
690 1340 745 1374 τε
792 1317 1016 1393 ἴδοιμεν,
1056 1321 1092 1372 ἆ
1119 1340 1174 1374 τε
1212 1323 1504 1393 πάθοιμεν;
1565 1321 1821 1393 Ἀφίστα-

203 1431 297 1466 ται
334 1409 398 1465 δε
420 1413 527 1487 ἄρα
557 1413 675 1464 οὔτε
711 1418 805 1463 τοῦ
843 1410 1089 1484 κυϐερνᾷν
1132 1414 1220 1463 καὶ
1268 1411 1579 1486 παραπλέειν
1626 1413 1653 1463 6
1693 1414 1821 1464 ναύ-

206 1521 406 1575 αρχος,
465 1500 562 1553 κᾶν
609 1502 712 1553 ὅσα
757 1506 872 1561 τοῖς
914 1498 1119 1572 ἀνέμοις
1156 1499 1595 1572 έκπεπολέμωται,
1630 1504 1821 1573 μέχρις

207 1594 270 1644 ἄν
323 1591 394 1651 εἰς
444 1590 627 1662 λιμένα
676 1593 971 1661 καταγάγοι
1026 1594 1121 1648 τὴν
1172 1597 1325 1642 ναῦν·
1400 1594 1489 1642 xui
1538 1593 1624 1642 τὸν
1667 1590 1823 1643 αύτόν

210 1683 367 1751 ἡμεῖς
396 1683 595 1732 σκοπὸν
626 1686 838 1750 εἴχομεν
864 1699 876 1712 ο
905 1682 992 1731 καὶ
1017 1678 1169 1731 πάλιν
1209 1675 1375 1752 ὀδοῡφ
1405 1684 1588 1752 ροντὶς,
1617 1682 1705 1732 xui
1725 1680 1825 1732 ὅσα

1926 518 2166 574 tenebat
2192 535 2205 585 ;
2234 521 2374 589 reis,
2400 520 2451 575 is
2474 523 2577 592 qui
2604 521 2816 592 judicii
2840 523 3060 581 arbiter
3085 529 3235 595 erat,
3265 531 3333 582 ut
3362 530 3580 585 caetera

1924 607 2219 678 omittam,
2246 614 2427 683 prout
2447 625 2559 681 par
2587 614 2694 668 est.

1998 699 2049 752 9.
2074 696 2194 768 Age
2214 714 2356 754 vero
2377 703 2705 773 postquam
2728 699 2994 774 aliquam
3023 702 3312 760 libertatis
3342 708 3577 776 partem

1923 784 2085 842 nacti
2106 785 2442 851 fuimus,de
2470 788 2569 843 via
2600 788 2998 862 cegitavimus
3015 796 3194 863 prout
3213 792 3471 863 quisque
3491 792 3584 848 iti-

1926 876 2085 930 neris
2109 875 2202 929 sui
2229 892 2482 947 scopum
2499 876 2785 947 habebat,
2799 884 3080 952 rectaque
3097 880 3177 936 ad
3196 880 3578 952 Bosphorum

1926 964 2307 1020 tetendimus.
2338 965 2679 1022 Timebatur
2695 983 2836 1024 vero
2866 975 2923 1025 et
2951 969 3165 1025 mediae
3186 970 3403 1027 hiemis
3433 975 3579 1027 tem-

1928 1067 2063 1124 pus,
2078 1057 2134 1109 et
2151 1054 2507 1126 Scytharum
2526 1055 2683 1111 circa
2704 1057 3075 1129 Bosphorum
3098 1074 3367 1130 praesens
3386 1058 3583 1116 incur-

1929 1140 2019 1196 sio
2039 1141 2473 1214 impedimento
2491 1149 2643 1201 erat:
2668 1145 3058 1202 nihilominus
3079 1164 3191 1204 nos
3215 1148 3274 1204 vi
3292 1150 3402 1204 iter
3431 1149 3580 1206 arri-

1927 1230 2193 1302 puimus,
2223 1232 2502 1303 quamvis
2535 1249 2818 1290 successu
2840 1235 3093 1291 fortasse
3134 1237 3392 1293 carituri.
3436 1237 3581 1304 Quis

1927 1318 2092 1374 mala
2120 1320 2386 1393 scythica
2401 1323 2644 1378 narret?
2674 1324 2811 1395 quis
2844 1323 2989 1379 satis
3010 1323 3248 1396 deﬂeat,
3272 1341 3411 1397 quae
3430 1325 3585 1382 vidi-

1928 1424 2067 1465 mus
2098 1414 2202 1465 aut
2230 1411 2396 1481 passi
2428 1428 2640 1467 sumus
2669 1412 2697 1467 ?
2739 1412 2853 1469 Sed
2900 1412 3063 1468 enim
3102 1429 3299 1486 neque
3342 1413 3583 1470 clavum

1928 1512 2153 1567 regere,
2179 1514 2374 1572 neque
2404 1500 2686 1570 navigare
2711 1500 3081 1572 gubernator
3119 1502 3315 1569 desiit,
3340 1502 3588 1574 quibus-

1928 1586 2073 1643 libet
2090 1589 2570 1660 repugnantihus
2588 1590 2799 1653 ventis,
2815 1590 3009 1646 donec
3034 1591 3241 1647 navim
3262 1591 3322 1646 in
3343 1596 3587 1664 portum

1932 1678 2293 1735 deduxisset.
2317 1680 2480 1736 Idem
2498 1680 2676 1737 nobis
2695 1696 2915 1754 scepus
2931 1686 3085 1751 erat;
3104 1682 3361 1755 ideoque
3380 1697 3588 1739 rursus

212 1766 481 1844 παρόδια·
533 1773 626 1821 καὶ
666 1767 823 1821 πάλιν
880 1771 947 1820 τὰ
994 1777 1179 1841 πρῶτα
1226 1771 1519 1842 παθήματα
1579 1767 1663 1823 ἐπὶ
1720 1776 1825 1830 τοῖς

1941 1767 2159 1823 itineris
2184 1784 2329 1826 cura
2362 1773 2542 1842 atque
2587 1775 2919 1844 apparatus
2952 1788 2965 1826 :
3015 1786 3314 1844 rursuque
3358 1772 3588 1844 priores

208 1859 430 1919 αὐτοῖς’
496 1856 636 1920 ἕντός
696 1862 726 1916 ἡ
787 1862 938 1919 νόσος
990 1858 1249 1925 ξενιτεύει,
1294 1864 1383 1911 καὶ
1435 1857 1627 1933 ἀπορία
1683 1878 1824 1932 συμ-

212 1949 499 2015 ϐαίνουσα,
554 1952 645 2001 καὶ
703 1955 795 2000 τοῦ
865 1951 1218 2020 σκοπουμένου
1262 1947 1451 2021 μᾶλλον
1496 1945 1823 2024 διαμαρτεῖν.

215 2044 321 2092 Καὶ
351 2038 512 2100 αὐτὸς
536 2040 626 2098 μὶν
657 2034 787 2108 ἦγον
808 2040 866 2089 τὸ
893 2035 1217 2109 συμϐεϐηκός
1256 2040 1324 2100 ὡς
1361 2037 1421 2090 ἂν
1454 2040 1572 2110 ἔχοι
1599 2060 1611 2072 ·
1654 2042 1742 2092 τὸν
1769 2034 1828 2091 δε

210 2131 415 2199 πατέρα
459 2132 551 2180 xui
597 2125 751 2178 πάλιν
794 2130 922 2201 πρὸς
973 2128 1037 2179 τὰ
1076 2126 1241 2180 οἰκεῖα
1269 2131 1476 2202 τρέχειν
1507 2129 1824 2199 ἠνάγκαζον.

213 2223 344 2270 Τίνα
361 2220 432 2269 τὰ
460 2215 544 2269 ἐπὶ
573 2218 772 2276 τούτοις
800 2232 814 2282 ;
852 2219 1018 2278 Μόνος
1043 2217 1070 2267 6
1119 2214 1350 2289 πρέσϐυς
1395 2215 1691 2290 ἀρχιερεύς,
1740 2223 1831 2272 xui

222 2325 284 2377 γε
322 2311 416 2358 σὺν
451 2313 526 2375 τῷ
568 2307 775 2376 ὑστάτῳ
818 2313 920 2358 τῶν
965 2309 1148 2358 τέκνων
1205 2304 1290 2359 ἰπὶ
1329 2311 1592 2380 Βόσπορον
1623 2309 1827 2361 ἄπεισι.

296 2394 359 2449 τ’.
430 2399 532 2448 lui
578 2395 724 2448 πάλιν
779 2394 927 2469 ἑτέρα
990 2398 1230 2468 ουμγορὰ
1285 2399 1375 2448 καὶ
1435 2398 1671 2460 κάκωσις
1734 2398 1830 2450 οἳλ-

222 2484 288 2541 λη
314 2504 331 2517 ο
377 2483 436 2536 ού
484 2485 581 2556 γὰρ
629 2480 823 2556 ἐδέχθη
876 2492 949 2555 τῷ
985 2486 1228 2558 ἄρχοντι.
1269 2480 1503 2557 Οἴδαμεν
1547 2490 1733 2549 πάντες
1771 2491 1832 2539 τὸ

218 2573 443 2625 παλαιόν
512 2575 669 2625 έκεῖνο
742 2575 927 2638 κακὸν,
1010 2577 1103 2631 τὴν
1161 2572 1395 2648 ἀρχαίαν
1463 2577 1661 2648 ἔχθραν
1741 2582 1831 2628 καὶ

208 2666 450 2735 πρώτην,
519 2666 608 2714 xui
664 2666 726 2714 τὸ
803 2658 1108 2738 δεινότερον,
1179 2667 1268 2715 καὶ
1337 2665 1459 2736 ὅπερ
1526 2662 1581 2716 ἔκ
1649 2666 1831 2727 πάσης

211 2747 444 2823 καρδίας
500 2748 754 2821 ἐκκαλοῖτ⁹
803 2750 862 2802 ἂν
916 2756 1005 2804 xui
1046 2748 1292 2827 δάκρυα·
1344 2751 1585 2824 ἕγειτόνει
1641 2755 1668 2806 6
1710 2772 1830 2806 ποι-

210 2844 311 2911 μὴν
363 2844 456 2893 καὶ
497 2846 746 2891 τοσοῦτον
773 2840 894 2891 ὅσον
950 2842 1178 2912 ὁρᾶσθαί
1214 2861 1268 2893 τε
1316 2847 1405 2894 xui
1446 2844 1567 2915 ὁρᾷν
1597 2859 1609 2871 ·
1672 2847 1761 2894 καὶ
1802 2844 1828 2893 6

212 2934 329 3002 μὲν,
363 2938 437 2999 τῷ
469 2929 687 3001 καλάμῳ
726 2926 989 3001 θρηνῶδες
1018 2930 1164 3002 μέλος
1213 2929 1402 2984 ἐνέπνει
1465 2937 1556 2983 καὶ
1609 2930 1830 2991 ἀνακλή-

210 3038 311 3079 τως
340 3040 353 3051 ·
416 3022 477 3071 τὸ
544 3015 605 3071 δὲ
647 3022 971 3091 περιτρέχειν
1027 3022 1117 3091 μεν
1166 3018 1313 3076 ἤθελε
1356 3024 1442 3072 τὸν
1475 3025 1697 3093 ποιμένα
1733 3011 1826 3072 καὶ

208 3113 607 3181 περισκαίρειν·
669 3111 828 3166 ἤκουε
864 3110 966 3180 γὰρ
1013 3117 1109 3170 τῆς
1158 3116 1325 3181 φωνῆς
1382 3114 1472 3162 καὶ
1528 3108 1823 3180 ἐγίνωσκεν.
1858 3131 1898 3186 C

212 3194 451 3256 ἠδύνατο
497 3194 556 3250 δε
604 3193 871 3269 οὐδαμῶς.
908 3203 1043 3251 Φασὶ
1081 3195 1319 3250 πανσυδὶ
1358 3198 1451 3257 τὴν
1478 3198 1624 3251 πόλιν
1663 3218 1827 3272 προσ-

211 3290 355 3339 τέναι
418 3294 493 3355 τῷ
560 3282 826 3357 δυναμένῳ
851 3306 864 3320 ’
911 3291 1003 3339 καὶ
1066 3288 1095 3345 ἦ
1158 3289 1455 3345 τεθνηκέναι
1502 3290 1702 3348 πάντως
1754 3287 1826 3340 οῖ’

210 3376 512 3435 τήσασθαι,
576 3376 606 3433 ἡ
676 3378 760 3427 τόν
828 3374 1081 3448 ἀρχιερέα
1146 3376 1316 3429 λαϐεῖν
1350 3397 1362 3410 ·
1441 3377 1537 3429 ούκ
1598 3380 1827 3449 ἔκαμπτε

214 3460 273 3514 δι
336 3471 520 3515 τούτου
583 3464 641 3516 ού
694 3463 923 3536 πρέσϐυς
979 3468 1193 3527 πενθῶν,
1252 3466 1347 3518 ούκ
1403 3466 1531 3538 ἀνὴρ
1593 3467 1829 3539 σκυθρωο

214 3552 420 3617 πάζων,
466 3553 525 3603 ού
579 3560 700 3612 παῖς
754 3551 1044 3621 ἁλαλάξων,
1096 3551 1211 3607 οὐδ’
1271 3553 1620 3629 ὀλοφυρομένη
1668 3560 1824 3627 γυνὴ,

214 3641 274 3692 ού
328 3639 480 3701 πόλις
536 3641 625 3698 ὅλη
680 3649 755 3712 τῷ
809 3644 966 3695 πάθει
1018 3645 1290 3701 νικηθεῖσα
1335 3648 1424 3695 καὶ
1478 3640 1822 3698 δυσωποῦσα.

214 3736 367 3792 Τίνος
422 3729 625 3798 iuxta»;
668 3729 787 3782 Ὀτι
833 3731 988 3792 ζῆλος
1045 3736 1134 3784 τόν
1182 3730 1356 3807 ἄνδρα
1408 3738 1684 3805 κατέφαγε,
1738 3738 1828 3786 καὶ

217 3820 299 3871 ὅτι
347 3818 560 3893 στερρός
611 3824 701 3871 xui
752 3819 1061 3883 ἀντιτυπης,
1109 3818 1226 3874 ουδ’
1278 3825 1346 3884 ὡς
1390 3824 1456 3874 τὰ
1501 3822 1665 3874 πολλὰ
1719 3830 1829 3884 τοῖς

217 3912 490 3981 ἐρχουσιν
541 3908 801 3969 ἀπειθὴς·
858 3910 903 3962 εἰ
953 3915 1044 3982 μὲν
1095 3911 1327 3986 ἀκαίρως
1374 3931 1428 3964 τε
1475 3917 1563 3964 καὶ
1607 3910 1825 3986 ἀλόγως,

219 3995 393 4050 δεινόν
424 4000 485 4050 τὸ
520 4003 762 4071 πρᾶγμα,
802 4003 891 4051 καὶ
929 3999 1045 4052 οὐδ’
1095 3983 1242 4073 ἡμεῖς
1285 3999 1616 4074 ἕπαινέσομεν
1659 4001 1723 4053 ἐἰ
1777 3983 1827 4055 δ’

222 4085 519 4146 ἀθλητικῶς
570 4092 661 4139 xui
695 4094 961 4159 γενναίως,
1014 4094 1104 4142 καὶ
1157 4094 1225 4153 ὡς
1268 4100 1365 4143 τῶν
1416 4093 1641 4165 πρόσθεν
1687 4089 1832 4143 ἑπευ-

220 4178 426 4249 θύμεθει
479 4175 602 4228 κλέα
653 4174 855 4253 ἀνδρῶν
922 4179 1020 4251 (5),
1078 4181 1188 4253 μετ’
1250 4179 1449 4234 ἐκείνων
1515 4179 1575 4232 ἂν
1637 4182 1707 4242 ὡς
1770 4178 1830 4232 ἂν

223 4269 497 4337 συμπέσοι
518 4267 586 4316 τὰ
608 4268 912 4338 πράγματα.

291 4352 383 4409 ια’.
451 4354 591 4406 Ἐπεὶ
640 4349 700 4407 δι
753 4354 1115 4430 ἀπειρήκειμεν
1156 4361 1214 4410 τό
1272 4356 1457 4411 ἐκεῖθεν
1507 4357 1690 4425 ἐλθεῖν,
1732 4358 1831 4411 iri-

223 4461 315 4515 ραν
381 4442 598 4534 μείζονα
670 4443 837 4515 πολλῷ
902 4449 991 4498 xui
1056 4447 1424 4522 σκληροτέραν,
1491 4450 1544 4499 τί
1601 4449 1703 4521 γὰρ
1770 4447 1830 4499 ἂν
1860 4479 1906 4534 D

224 4536 314 4583 xui
349 4532 646 4603 πάθοιμεν;
703 4533 1048 4607 ἑτραπόμεθα.
1092 4540 1193 4589 Καὶ
1230 4538 1257 4588 6
1314 4540 1403 4609 μεν
1451 4541 1624 4609 πατὴρ
1671 4536 1832 4589 αὐτοῦ

226 4625 351 4681 τέως
410 4623 550 4691 μένει
615 4624 761 4693 παρὰ
824 4630 934 4683 τοῖς
988 4624 1282 4696 ὀλιγοστοῖς
1342 4625 1596 4691 Ἀλανοῖς,
1664 4628 1837 4679 πάντα

228 4716 415 4782 γέρων,
456 4714 653 4775 πενίαν,
696 4708 1049 4785 ὄνειδισμούς,
1090 4714 1442 4787 χλευασμοὺς·
1487 4716 1545 4768 ού
1584 4718 1685 4789 γὰρ
1715 4735 1834 4788 χω-

228 4807 386 4872 ροῦσι
437 4800 627 4860 πάντες
664 4803 750 4851 τὸν
800 4800 950 4872 λόγον
1000 4810 1093 4855 τοῦ
1122 4806 1429 4876 πνεύματος,
1456 4808 1545 4857 xui
1584 4804 1689 4857 εἰσὶ
1724 4822 1837 4878 κρι-

230 4893 316 4939 ταὶ
347 4895 453 4938 τῶν
484 4892 805 4959 τεταγμένων
843 4890 1074 4962 μάλιστα
1109 4897 1299 4966 κρίνειν
1329 4910 1341 4925 ’
1382 4898 1474 4947 καὶ
1521 4896 1578 4946 τὸ
1631 4900 1834 4967 χεῖρον,

230 4978 312 5028 ὅτι
381 4980 474 5027 xui
540 4982 945 5051 κατακρίνουσιν
977 4997 990 5010 ·
1061 4980 1207 5054 ἡμεῖς
1263 4978 1323 5035 δε
1385 4987 1551 5055 μέσην
1614 4983 1836 5034 Σκυθίαν

232 5063 520 5135 ἐλαύνομεν
586 5064 705 5123 ὅλην
773 5064 1096 5129 ἐξηκοντάδα
1158 5078 1258 5121 τῶν
1332 5072 1557 5145 ἡμερῶν,
1623 5073 1838 5130 πένητες

233 5148 444 5223 ἄνδρες,
493 5148 615 5206 οὐδε
651 5163 753 5206 τῶν
800 5154 1096 5227 ἀναγκαίων
1136 5160 1492 5233 εὐποροῦντες.
1553 5158 1686 5218 Πλὴν
1720 5176 1837 5212 ανε-

235 5244 380 5303 κτόν,
411 5243 494 5293 ὅτι
523 5246 595 5313 μὴ
635 5243 765 5295 πολύ
813 5245 988 5320 πόῤῥω
1045 5256 1139 5308 τῆς
1188 5246 1536 5311 ἀποπολικῆς
1573 5253 1662 5301 καὶ
1704 5254 1840 5323 πρώ-

237 5347 327 5389 της
376 5326 541 5381 ὀδοῦ·
591 5336 683 5383 καὶ
739 5340 874 5386 Θεοῦ
928 5332 1166 5396 διδόντος
1214 5344 1377 5410 νεῦμα
1407 5345 1478 5408 τῷ
1521 5338 1652 5409 ὗμᾶς
1697 5336 1841 5400 εὐξα-

240 5421 388 5483 σθαι,
441 5417 483 5471 ὧ
530 5423 691 5497 πάτερ
740 5428 831 5475 καὶ
869 5421 1102 5499 ἀδελφοὶ,
1148 5429 1206 5479 τὸ
1246 5430 1563 5501 ἓπιθυμητόν
1603 5425 1716 5500 ἐμοὶ
1753 5432 1843 5481 καὶ

239 5516 463 5584 πρᾶγμα
518 5516 607 5562 xui
661 5514 839 5583 ὄνομα,
898 5519 992 5573 τὴν
1033 5521 1259 5589 ποίμνην
1303 5518 1518 5590 ὁρῶμεν,
1574 5514 1844 5588 ἀγαπητὸν

313 5600 392 5670 (5)
432 5596 622 5656 Illiad.
663 5614 741 5669 ιι,
782 5604 904 5658 520.

1936 1872 2223 1913 aerumnas
2237 1858 2347 1913 vise
2368 1858 2638 1915 comites.
2657 1859 3053 1915 Etnobiscum
3070 1860 3318 1932 quidem
3338 1860 3590 1917 morbus

1935 1947 2448 2018 peregrinabatur,
2475 1952 2530 2004 et
2551 1964 2686 2020 quae
2709 1949 2865 2005 solet
2884 1949 3156 2004 comitari
3175 1952 3433 2020 egestas,
3466 1954 3526 2005 et
3553 1965 3589 2005 a

1935 2037 2246 2109 proposito
2277 2052 2460 2109 scopo
2486 2037 2803 2094 aberratio.
2853 2040 3031 2094 Porro
3062 2053 3158 2094 res
3182 2052 3295 2108 ego
3319 2042 3501 2111 prout
3524 2054 3588 2095 se

1936 2124 2166 2181 dabant
2185 2125 2482 2192 ferebam;
2514 2126 2622 2183 sed
2646 2130 2881 2199 patrem
2906 2126 3109 2183 denuo
3134 2126 3197 2183 in
3217 2126 3476 2199 patriam
3494 2142 3591 2184 re-

1937 2215 2065 2271 dire
2090 2215 2402 2286 cogebam.
2425 2215 2579 2281 Quid
2599 2231 2742 2272 vero
2762 2218 3010 2289 postea?
3041 2215 3214 2272 Solus
3238 2231 3423 2272 senex
3436 2231 3590 2289 pras-

1940 2303 2052 2371 sul,
2085 2320 2224 2359 cum
2258 2308 2562 2376 postremo
2591 2304 2852 2361 ﬁliorum
2881 2304 2962 2360 ad
2999 2305 3375 2377 Bosphorum
3398 2305 3586 2363 venit.

2012 2395 2097 2449 10.
2147 2395 2214 2449 Et
2243 2408 2318 2447 en
2343 2408 2549 2448 rursus
2581 2392 2696 2448 alia
2739 2392 3052 2449 calamitas
3078 2396 3260 2464 atque
3289 2392 3531 2448 afﬂictio
3568 2407 3582 2447 :

1938 2482 2163 2555 quippe
2190 2498 2226 2538 a
2244 2482 2513 2554 principe
2544 2485 2817 2554 receptus
2841 2496 2962 2536 non
2993 2480 3123 2538 fuit.
3151 2482 3346 2538 Nostis
3375 2494 3590 2537 omnes

1938 2571 2257 2643 antiquum
2281 2571 2430 2627 illud
2455 2570 2705 2636 malum,
2732 2571 2997 2644 priscam
3022 2574 3080 2627 et
3108 2570 3371 2643 primam
3394 2570 3593 2628 inimi-

1940 2661 2167 2729 citiam;
2193 2662 2481 2734 quodque
2502 2661 2770 2732 gravius,
2794 2664 2850 2717 et
2865 2661 3168 2733 lacrymas
3196 2661 3271 2717 de
3290 2660 3474 2718 corde
3494 2676 3592 2718 ex-

1939 2750 2160 2822 primit,
2190 2751 2250 2806 in
2273 2752 2616 2823 propinquo
2647 2755 2817 2808 erant
2844 2754 3052 2822 pastor
3071 2755 3128 2807 et
3157 2765 3323 2819 grex,
3364 2750 3427 2806 in
3456 2754 3589 2807 tan-

1938 2843 2068 2895 tum
2097 2845 2158 2895 ut
2185 2840 2440 2895 invicem
2480 2844 2835 2896 cernerent:
2877 2844 2934 2895 et
2975 2839 3072 2894 ille
3116 2838 3365 2911 quidem
3391 2838 3592 2896 ﬁstula

1938 2927 2390 2984 lamentabilem
2412 2944 2629 2984 sonum
2656 2928 2946 2983 invitandi
2969 2942 3153 2983 causa
3172 2926 3415 2995 edebat;
3445 2942 3591 2997 grex

1940 3021 2142 3072 autem
2187 3032 2494 3073 accurrere
2527 3016 2773 3089 quidem
2812 3015 3056 3071 volebat
3093 3014 3171 3071 ad
3201 3019 3503 3086 pastorem
3533 3018 3591 3071 et

1939 3107 2374 3164 circumsistere
2407 3125 2420 3175 ;
2466 3122 2610 3164 nam
2649 3121 2862 3162 vocem
2910 3105 3040 3175 ejus
3077 3103 3364 3161 audiebat
3406 3110 3588 3177 atque

1935 3196 2332 3265 agnoscebat;
2365 3211 2561 3267 neque
2584 3200 2783 3251 tamen
2806 3197 3055 3265 poterat.
3088 3192 3268 3249 Aiunt
3296 3191 3587 3264 globatim

1934 3288 2230 3343 civitatem
2249 3287 2328 3341 ad
2345 3288 2652 3357 potentem
2668 3283 2861 3338 virum
2875 3282 3218 3347 accessisse,
3239 3296 3303 3336 se
3320 3281 3415 3336 vel
3434 3282 3589 3338 mori

1935 3376 2080 3431 velle
2110 3374 2429 3442 dicentem,
2456 3372 2549 3428 vel
2575 3371 2899 3444 praesulem
2921 3385 3099 3426 suum
3124 3370 3417 3442 recipere:
3441 3371 3587 3443 quia

1936 3470 2140 3521 tamen
2185 3463 2349 3518 illum
2399 3462 2660 3517 ﬂecteret
2699 3459 2823 3515 sive
2870 3474 3053 3515 senex
3089 3459 3262 3529 ﬂens,
3317 3459 3440 3514 sive
3496 3458 3588 3516 vir

1939 3560 2207 3619 moestus,
2240 3552 2359 3607 sive
2385 3566 2533 3623 puer
2561 3549 2821 3621 ejnlans,
2852 3549 2971 3606 sive
3000 3548 3217 3605 mulier
3240 3548 3583 3605 lamentans

1938 3643 2059 3698 sive
2083 3643 2363 3697 universa
2375 3640 2583 3696 civitas
2602 3638 2808 3695 dolore
2821 3643 3203 3695 consternata
3219 3643 3276 3693 et
3291 3637 3585 3707 lugubris.

1938 3734 2053 3789 Cur
2080 3731 2162 3796 id,
2196 3732 2481 3803 inquam?
2502 3729 2651 3796 Quia
2672 3729 2818 3785 livor
2833 3728 3145 3785 hominem
3167 3727 3588 3796 consumebat,

1938 3824 1996 3876 et
2023 3820 2169 3892 quia
2188 3822 2377 3874 durus
2406 3823 2855 3890 contumaxque
2879 3821 3025 3885 erat,
3057 3830 3253 3888 neque
3285 3830 3395 3887 pro
3422 3829 3589 3871 more

1939 3925 2050 3965 suo
2072 3908 2445 3982 principibus
2466 3923 2589 3963 non
2618 3906 2983 3978 obsequens.
3027 3903 3199 3969 Quod
3225 3904 3274 3958 si
3302 3905 3591 3975 intempe-

1939 3998 2086 4055 stive
2103 4003 2283 4070 atque
2304 3996 2569 4053 absurde
2587 3996 2727 4066 egit,
2742 4009 2923 4064 grave
2944 3992 3253 4062 negotium
3283 3994 3374 4046 est
3391 4003 3590 4061 neque

1939 4104 1977 4145 a
2009 4087 2185 4143 nobis
2211 4085 2609 4142 laudandum.
2644 4083 2744 4140 Sin
2773 4082 2971 4154 potius
3002 4078 3225 4135 fortiter
3245 4082 3425 4149 atque
3445 4081 3590 4133 stre-

1938 4191 2077 4247 nue,
2112 4192 2182 4232 ac
2212 4173 2394 4231 veluti
2423 4172 2758 4245 priscorum
2775 4168 3118 4225 audivimus
3139 4166 3407 4224 facinora
3430 4166 3591 4223 viro-

1939 4280 2097 4335 rum,
2132 4280 2271 4321 cum
2299 4262 2394 4318 his
2425 4261 2613 4317 simus
2644 4264 2950 4330 utcunque
2978 4273 3074 4314 res
3094 4255 3418 4312 evenerint.

2018 4358 2101 4409 11.
2142 4354 2473 4425 Postquam
2512 4364 2650 4406 vero
2689 4346 2971 4422 prohibiti
3007 4345 3233 4402 fuimus
3260 4345 3401 4402 illuc
3430 4359 3596 4402 acce-

1944 4442 2105 4511 dere,
2125 4442 2203 4499 ad
2223 4442 2405 4498 aliam
2426 4440 2604 4511 longe
2626 4436 2984 4511 ampliorem
3002 4439 3182 4508 atque
3205 4436 3594 4508 asperiorem,

1944 4530 2243 4604 quidquid
2271 4530 2507 4603 passuri
2541 4543 2834 4593 essemus,
2867 4524 3144 4582 conversi
3172 4524 3481 4594 regionem
3502 4539 3597 4579 su-

1944 4637 2100 4676 mus.
2134 4623 2201 4676 Et
2229 4624 2395 4692 pater
2424 4617 2669 4690 quidem
2694 4616 2810 4673 illic
2838 4613 3131 4672 remansit
3157 4612 3397 4669 interim
3432 4610 3598 4683 apud

1944 4710 2231 4779 exiguum
2256 4708 2582 4765 Alanorum
2606 4720 2951 4771 numerum,
2984 4715 3394 4758 aerumnarum
3416 4712 3598 4755 omne

1945 4814 2135 4870 genus
2176 4798 2395 4866 ferens,
2439 4799 2790 4867 egestatem,
2834 4791 3254 4857 contumelias,
3312 4787 3595 4845 convitia.

1947 4892 2147 4961 Neque
2177 4887 2336 4944 enim
2359 4901 2569 4943 omnes
2591 4884 2838 4956 capiunt
2858 4882 3104 4954 spiritus
3137 4892 3514 4945 sermonem;
3543 4879 3600 4934 et

1945 4979 2100 5035 ﬁunt
2129 4976 2359 5047 iudices
2405 4974 2647 5032 illorum
2693 4973 2801 5045 qui
2836 4969 3174 5044 judicando
3210 4966 3600 5042 potissimum

1949 5073 2091 5125 sunt
2117 5065 2457 5139 praepositi;
2506 5067 2565 5120 et
2589 5062 2756 5136 quod
2785 5061 2958 5133 pejus
2993 5064 3107 5129 est,
3149 5058 3284 5116 illos
3313 5057 3604 5115 condem-

1948 5160 2114 5214 nant.
2172 5158 2287 5210 Nos
2324 5158 2526 5209 autem
2568 5150 2831 5208 mediam
2858 5149 2921 5205 in
2964 5148 3272 5221 Scythiam
3299 5149 3604 5219 progressi

1951 5262 2184 5311 sumus,
2206 5242 2517 5314 sexaginta
2540 5240 2790 5298 omnino
2805 5237 3040 5294 dierum
3072 5237 3301 5304 itinere,
3327 5236 3606 5292 homines

1950 5349 2271 5409 pauperes,
2303 5336 2358 5388 et
2386 5331 2553 5387 omni
2582 5345 2643 5386 re
2674 5328 3012 5386 necessaria
3041 5326 3331 5383 destituti.
3364 5327 3584 5380 Verum

1952 5430 2156 5482 tamen
2172 5423 2287 5479 hoc
2297 5421 2409 5477 fuit
2425 5418 2757 5488 tolerabile,
2769 5416 2937 5490 quod
2957 5415 3125 5473 haud
3140 5413 3349 5488 procul
3365 5416 3607 5485 aposto-

1952 5515 2067 5571 lico
2093 5512 2290 5587 primo
2318 5510 2524 5568 itinere
2549 5508 2935 5576 recessimus;
2970 5509 3211 5579 Deoque
3240 5502 3450 5560 vestris
3472 5516 3604 5573 pre-
