2053 3111
58 0 92 37 Τί

46 47 90 93 ἑῗ

47 103 54 116 1

28 175 49 202 ,ι

20 228 41 258 ι’
54 248 62 259 .~

19 431 50 482 ii

19 494 26 534 ἑ
55 515 62 518 .

15 575 18 577 ”
34 574 42 587 I

14 668 28 698 ξ

16 688 27 707 ‘.

0 995 27 1018 τι

22 1067 29 1077 ι

87 0 405 41 stic-13°71???“
413 0 731 32 ’ξ’-’³7⁸⁵91⁷

271 154 323 181 399
856 151 1031 180 THEODORI
1051 150 1190 179 ALANI/E
1211 151 1365 179 EPISCOPI
1892 157 1946 184 4,00

268 214 353 243 cibus
366 215 525 245 annuente,
543 222 561 241 ‹)
571 216 656 250 pater
669 215 697 242 et
708 213 822 247 fratres,
838 213 1008 241 desiderata
1018 213 1081 241 mih

1150 213 1206 249 ἐμοὶ
1224 217 1320 251 χρῆμα
1338 215 1381 240 καὶ
1399 215 1497 244 παντὸς
1510 216 1652 250 τιμώμενον
1671 214 1746 241 ἄλλου
1762 224 1768 230 ·
1795 220 1848 246 πῶς
1869 217 1921 253 γάρ
1939 225 1946 250 ;

267 259 410 288 sodalitas
419 262 446 288 et
457 267 578 291 nomen,
587 259 862 294 gregemvidemus,
869 267 933 287 rem
943 259 1017 287 mihi
1025 259 1093 288 cha-

267 304 420 332 rissimam
431 306 459 331 et
466 311 526 339 prae
533 304 674 331 omnibus
682 304 869 332 aestimatam.
879 303 1008 336 Quidni?
1019 312 1092 340 quo-

267 348 350 376 niam
358 356 375 376 a
387 349 446 376 Deo
457 348 530 375 mihi
541 348 699 376 haereditas
708 348 809 381 ista,et
820 348 942 384 quidem
954 348 1090 384 optima’.

304 394 345 420 t2.
369 392 518 420 Hactenus
539 392 609 419 mihi
631 400 728 420 sermo
742 392 826 420 facile
846 392 985 427 decurrit,
1001 395 1029 420 et
1047 400 1093 421 or-

267 436 337 464 dine
358 436 451 464 ferme
475 443 531 464 suo
560 437 714 472 processit.
750 437 861 464 Verum
888 444 957 472 quas
988 445 1091 473 super-

268 483 346 515 sunt,
371 489 407 509 ea
435 480 474 508 ab
497 480 556 508 alio
580 481 640 508 dici
661 481 778 515 malim,
802 481 868 517 ipse
885 483 986 509 autem
1006 481 1093 509 silen-

268 525 342 554 tium
362 527 461 553 tenere
478 534 484 558 ;
511 533 582 553 nam
603 533 699 561 neque
724 525 828 560 lingua
852 525 952 561 eloqui
970 526 1090 561 patitur,

267 577 365 606 neque
398 577 507 598 manus
537 569 696 597 scribendo
726 577 850 606 operam
873 569 992 598 facilem
1015 579 1090 607 prse-

266 613 335 642 bet:
353 625 362 638 ι
380 614 443 641 Heu
456 614 538 645 mihi,
552 614 624 649 quia
637 613 783 641 incolatus
797 622 882 642 meus
896 614 1092 650 prolongatus

267 659 331 686 est“
345 659 351 686 ι
371 670 380 682 ι
409 661 440 686 ut
458 658 489 685 in
509 658 708 686 exsecrandos
724 658 788 686 dies
800 658 865 694 jam
881 658 1007 687 fortasse
1023 659 1092 687 inci-

268 703 412 737 derimus,
439 702 469 729 in
494 702 603 735 quibus
618 702 680 738 ipse
694 710 816 738 quoque
829 702 1025 731 Antichristus
1035 703 1092 731 for-

268 749 346 775 tasse
356 754 527 774 emersurus
540 749 591 774 est.
603 748 670 773 Jam
679 747 759 774 enim
772 746 873 774 fumus
883 747 949 783 ejus
957 747 1091 776 mordaci

268 800 325 820 nos
339 792 465 819 humore
481 791 613 825 contigit.
630 791 710 818 unde
721 794 748 819 et
766 791 928 828 lacrymari
942 792 1029 828 ccepi,
1041 800 1091 820 ne-

269 843 327 872 que
336 836 409 863 dum
416 843 433 863 a
440 834 587 871 plorando
596 835 872 872 desino,ausimque
881 836 979 864 dicere
988 844 1092 864 mene-

1149 256 1239 287 ἒπειδὴ
1266 259 1338 296 παρὰ
1365 262 1431 285 Θεοῦ
1450 258 1609 295 κληρονομία
1636 268 1682 295 μοι
1701 261 1778 292 αὕτη,
1795 261 1833 289 εἰη
1855 258 1886 287 δὲ
1903 263 1949 287 καὶ

1147 304 1288 340 κρατίστη.

1183 390 1222 427 ιβ.
1249 393 1337 427 Μέχρι
1358 392 1402 427 μὲν
1430 390 1473 416 οὖν
1504 392 1601 417 τούτων
1629 389 1754 428 οὔδρομος
1783 391 1813 421 ἧν
1842 393 1906 429 ἡμῖν
1934 393 1948 420 ὁ

1146 435 1231 471 λόγος,
1251 437 1295 461 καί
1314 445 1366 465 πως
1390 435 1520 465 εὐτάκτως
1541 436 1695 472 φερόμενοςι
1722 437 1755 462 τὰ
1780 435 1806 463 δ’
1832 436 1948 463 ἐντεῦθεν

1146 479 1220 517 ἑτὲρφ
1259 479 1352 516 μᾶλλον
1390 479 1531 515 ἐϐουλόμην
1572 480 1703 516 εἰρῆσθαι,
1742 484 1788 507 καὶ
1825 482 1947 518 ἡσυχίαν

1146 524 1217 560 ἄγειν
1233 524 1308 554 αὐτός
1321 534 1327 540 ·
1348 525 1406 550 οὔτε
1419 525 1470 561 γὰρ
1487 523 1594 554 ἀνεκτῶς
1607 525 1664 560 ἔχει
1678 525 1759 560 λέγειν
1787 526 1800 554 ἡ
1823 526 1945 562 γλῶσιϊα⁷

1145 571 1191 595 καὶ
1207 569 1222 598 ἠ
1244 571 1300 605 χεὶρ
1314 568 1361 594 οὐκ
1378 568 1408 594 ἃν
1423 569 1589 606 ὑπηρετῆσαι
1602 567 1695 605 ῥᾳδία.
1710 581 1724 594 α
1739 571 1832 605 οοῖμοι
1845 570 1852 597 !
1873 571 1915 596 ὅτι
1930 572 1945 600 ἡ

1145 615 1271 650 παροικία
1296 623 1346 649 μου
1371 612 1529 650 ἕμακρὺνθη,
1555 622 1570 639 ›
1597 614 1632 644 ὡς
1653 614 1698 644 τὰς
1723 614 1870 649 ἐπαράτους
1884 616 1948 651 ἠμέ-

1145 667 1193 695 ρας
1208 655 1262 687 ἤδη
1287 656 1450 692 καταλαϐεῖν,
1467 656 1492 682 ἒν
1516 657 1558 687 αἷς
1577 658 1643 688 ἴσως
1662 660 1707 684 καὶ
1726 659 1739 683 6
1762 658 1949 697 ’Δντίχριστος

1146 701 1343 738 ἑκραγὴσηταιο
1370 699 1424 731 ἤδη
1445 702 1495 737 ’γὰρ
1524 700 1649 736 ὁίὶκείνου
1675 703 1774 733 καπνὸς
1791 703 1861 739 ἡμᾶς
1880 702 1948 741 ἔδρα

1146 746 1223 783 μυξιν
1238 757 1244 762 -
1270 746 1311 782 ὑφ’
1337 745 1367 772 οὗ
1391 748 1435 772 καὶ
1461 743 1583 782 δακρύων
1611 745 1760 783 ἀρξάμενος,
1790 746 1947 784 ὶπαυσάμην

1146 788 1259 824 οὐδέπω,
1281 793 1326 816 καὶ
1345 791 1468 826 πείθομαι
1481 789 1562 826 λέγειν
1575 788 1636 816 οὔδέ
1649 792 1829 827 πιπαύσομαι.
1841 793 1920 828 οἶμοι
1937 792 1944 819 i

1146 835 1186 862 ὅτι
1201 834 1243 871 ἀφ’
1254 836 1327 871 ἡμῶν
1339 834 1486 872 κατήρξατο
1501 836 1534 860 τὰ
1550 833 1623 861 δεινά
1637 845 1643 851 ·
1659 837 1704 861 καὶ
1723 836 1797 871 τάχα
1817 845 1847 872 γε
1870 841 1946 873 πρῶ-

268 888 327 916 que
335 880 515 907 desiturum!
528 880 663 915 Heujam
676 880 1080 917 nostramalainceperunt,e

1145 890 1186 907 τον
1206 881 1267 916 ἡμῖν
1287 879 1502 915 ὑπαναφθήσεται
1526 880 1571 904 καὶ
1599 880 1612 908 ἠ
1638 883 1686 910 τῆς
1705 878 1822 915 ἐσχάτης
1843 889 1947 916 συμφο-

268 932 350 953 nunc
364 924 496 960 primum
507 924 631 951 fortasse
645 924 732 952 nobis
744 924 981 953 inﬂammabitur
990 933 1093 962 supre-

267 977 325 997 mae
339 968 515 996 calamitatis
530 968 646 1003 fornax,
663 969 784 997 minutis
796 977 941 998 succensa
956 978 1091 998 sarmen-

266 1013 304 1041 tis
321 1013 327 1040 !
343 1014 445 1040 Nonne
459 1012 539 1040 enim
550 1012 628 1040 illico
643 1013 766 1041 arbores
781 1013 929 1050 corripiet,
946 1015 1090 1050 quoniam

267 1057 461 1085 sinceriorum
476 1065 597 1093 quoque
612 1057 703 1085 ﬁdem
720 1057 847 1086 Satanas
860 1058 1022 1088 subvertit?
1030 1061 1091 1088 Heu

266 1101 350 1137 mihi,
361 1102 435 1137 quia
444 1101 514 1129 facti
523 1109 628 1129 sumus
640 1102 727 1138 quasi
740 1102 770 1129 in
780 1102 937 1139 principio,
949 1111 1019 1131 cum
1029 1111 1091 1132 non

266 1146 465 1174 dominareris
485 1146 588 1179 nostri,
612 1146 683 1174 dicit
706 1146 858 1182 Scriptura
871 1147 901 1174 ‘l
922 1147 985 1176 Heu
1005 1148 1089 1183 mihi,

266 1190 337 1226 quia
344 1189 636 1225 superfundamento
645 1190 853 1225 apostolorum
861 1191 955 1227 palea:
966 1195 994 1220 et
1001 1200 1090 1220 arun-

265 1234 305 1262 do
313 1234 467 1262 aedificatae
479 1237 556 1266 sunt,
565 1237 593 1262 et
606 1235 666 1269 igni
684 1234 784 1262 statim
795 1239 980 1272 consumptae
989 1237 1087 1265 fuere!

265 1280 286 1308 0
302 1279 371 1315 quis
386 1278 433 1306 hic
444 1279 654 1313 gemebundus
668 1280 814 1316 propheta
827 1288 884 1308 nos
896 1280 1005 1309 deﬂeat
1013 1282 1090 1310 sicut

263 1323 335 1352 olim
349 1323 512 1352 Jerusalem
528 1324 533 1351 !
554 1325 633 1351 Certe
649 1332 703 1351 nec
719 1332 785 1359 ego,
800 1332 818 1352 ο
833 1332 885 1352 vos
899 1325 950 1360 qui
966 1325 1085 1362 adestis,

263 1376 362 1404 neque
375 1376 473 1396 sermo
483 1376 567 1395 meus
579 1369 709 1396 mendax
721 1370 779 1401 est;
795 1376 867 1402 non,
881 1369 1022 1405 inquam;
1034 1377 1089 1406 per

261 1412 416 1440 fornacem
438 1412 516 1440 hanc
535 1412 604 1447 juro
627 1411 806 1440 calamitatis
829 1419 922 1448 quam
942 1413 1042 1442 media
1056 1414 1087 1442 in

262 1456 366 1484 anima
380 1456 487 1491 recepi.

298 1503 340 1529 13.
365 1501 409 1528 Ad
429 1501 505 1528 hanc
521 1503 635 1535 partem
656 1500 802 1528 sermonis
817 1508 886 1529 cum
903 1501 1084 1537 devenerim,

1145 928 1193 962 ρᾶς
1212 925 1331 960 κάμινος,
1360 926 1464 961 μικροῖς
1491 924 1699 960 ὑπανακαιομένη
1727 926 1888 962 φρυγάνοις·
1915 925 1946 952 οὐ

1144 971 1193 1007 γὰρ
1209 969 1239 995 ἂν
1259 968 1333 999 εὐθὺς
1350 972 1400 994 τῶν
1420 966 1533 1004 δένδρων
1554 967 1689 1004 ἰφοὲψοιτο,
1716 967 1805 999 ἔπειδή
1830 972 1876 996 καὶ
1894 974 1947 996 τῶν

1145 1013 1314 1051 ἁφιλοστέρων
1334 1015 1380 1042 τὴν
1399 1014 1489 1038 πίστιν
1517 1012 1683 1044 ὑποσκελίζει
1711 1013 1724 1038 6
1747 1017 1870 1044 Σατανᾶς.
1900 1014 1948 1041 Οἰ-

1144 1058 1209 1095 μοιε
1234 1058 1275 1084 ὃτι
1293 1056 1448 1093 ἐγενήθημεν
1470 1058 1504 1087 ὡς
1523 1058 1552 1083 τὸ
1572 1056 1616 1083 ἀπ’
1637 1056 1734 1094 ἀρχῆς,
1750 1059 1791 1084 ὅτε
1803 1058 1850 1084 οὐκ
1862 1056 1947 1096 ἦρξας

1144 1104 1227 1139 ἡμῶν,
1252 1104 1331 1138 φησιν
1357 1102 1372 1130 ἠ
1394 1103 1493 1138 Γραφή.
1518 1101 1614 1137 Οῖμοιέ
1641 1102 1681 1128 ὅτι
1707 1101 1751 1128 ἐπὶ
1775 1106 1810 1137 τῷ
1836 1103 1946 1140 θεμελίῳ

1143 1151 1192 1175 τῶν
1222 1146 1372 1174 ἀποστόλων
1405 1146 1497 1183 ἄχυρα
1528 1148 1573 1172 καὶ
1604 1145 1708 1182 καλάμη
1743 1145 1943 1184 ἆπῳκοδόμητο,

1143 1195 1188 1218 καὶ
1206 1196 1243 1227 τῷ
1256 1193 1320 1228 πυρὶ
1340 1191 1415 1221 εὐθὺς
1430 1190 1464 1220 ιίς
1483 1189 1594 1227 φροῦδον
1613 1189 1722 1226 εγενετο.
1744 1190 1780 1217 ’Ὠ
1797 1193 1838 1222 τῖς
1852 1191 1944 1219 ὶνταῦ-

1144 1237 1177 1263 θα
1201 1236 1357 1272 θρηνητιχός
1379 1237 1515 1272 προφήτης
1539 1236 1583 1260 καὶ
1596 1233 1755 1272 ἀπωδῦρατο
1775 1235 1806 1261 ἂν
1825 1237 1895 1272 ἡμᾶς
1910 1238 1944 1267 ὡς

1141 1283 1188 1309 τὴν
1213 1279 1401 1316 Ἱιρουσαλήμῐ
1430 1278 1475 1310 Ὠς
1506 1280 1596 1315 ἔγωγε,
1626 1277 1646 1304 ὧ
1674 1281 1807 1317 παρόντες,
1837 1283 1882 1307 καὶ
1909 1281 1941 1307 οὗ

1140 1323 1243 1360 ψιυδὴς
1262 1325 1275 1350 6
1298 1323 1385 1359 λόγος,
1406 1323 1435 1349 οὗ
1455 1324 1492 1359 μὰ
1511 1325 1558 1352 τὴν
1571 1324 1679 1360 κάμινον
1697 1328 1744 1354 τῆς
1759 1328 1895 1362 συμφορᾶς
1909 1325 1941 1354 ἦν

1141 1367 1269 1405 ἐδεξάμην
1281 1370 1348 1394 κατά
1362 1370 1443 1404 μέσης
1457 1367 1537 1403 ψμχῆ
1544 1377 1564 1398 ς.

1176 1501 1220 1537 ιγ’,
1244 1502 1371 1529 Ἐνταῦθα
1393 1504 1440 1527 τοῦ
1463 1500 1541 1537 λόγου
1561 1503 1703 1537 γενόμενος,
1719 1504 1794 1538 μόνον
1815 1500 1940 1540 δακρύειν

261 1545 300 1574 ad
307 1545 541 1581 lacrymandum
551 1547 667 1572 tantum
676 1553 864 1580 permoveor,
873 1548 901 1574 et
910 1546 1010 1575 dolore
1020 1555 1081 1584 per-

1138 1550 1342 1583 παρακινοῡμαι,
1365 1547 1410 1572 καὶ
1436 1546 1486 1572 ὑπό
1514 1549 1560 1571 τοῦ
1579 1546 1680 1577 πάθους
1699 1548 1879 1583 συγκεχυμαι,
1892 1550 1941 1574 καὶ

259 1590 374 1622 turbor,
389 1597 445 1617 nec
459 1590 511 1625 qui
527 1590 592 1624 sim,
602 1597 655 1617 nec
671 1590 752 1625 quali
765 1591 935 1619 narratione
947 1594 1021 1625 utar,
1036 1600 1084 1621 ex-

259 1634 356 1670 plico:
373 1633 469 1661 sentio
485 1636 584 1661 autem
597 1642 644 1661 me
660 1634 779 1662 nonnisi
795 1634 921 1671 abrupte
936 1644 999 1664 rem
1014 1644 1083 1665 nar-

258 1681 404 1707 raturum.
417 1680 488 1706 Sum
504 1678 583 1705 enim
600 1686 659 1705 non
675 1679 863 1707 mediocriter
874 1680 1080 1715 conturbatus,

257 1731 356 1759 neque
374 1726 443 1759 pote
459 1725 511 1756 est,
528 1725 559 1750 ut
574 1731 658 1750 mens
674 1724 808 1751 animam
827 1726 926 1759 regat:
950 1736 965 1749 «
986 1726 1082 1754 Pasto-

256 1775 314 1800 res,
321 1768 418 1802 inquit
427 1767 586 1802 Scriptura,
594 1767 727 1794 demoliti
739 1769 808 1795 sunt
815 1768 930 1796 vineam
938 1771 1080 1797 meam3.»

258 1812 342 1837 Nunc
352 1814 452 1838 autem
468 1811 722 1846 pseudopastores
732 1811 961 1841 desiderabilem
975 1814 1080 1843 Christi

256 1854 425 1890 portionem
451 1854 616 1887 ignominia
641 1854 813 1883 affecerunt.
847 1857 946 1892 Neque
973 1858 1079 1887 dubito

256 1898 416 1930 afﬁrmare,
433 1897 515 1934 quod
531 1898 559 1925 in
572 1898 697 1925 desertis
714 1902 741 1927 et
761 1900 930 1928 carentibus
944 1901 1014 1930 viva
1027 1903 1078 1930 do-

254 1942 355 1971 ctrinae
371 1950 450 1979 aqua
465 1942 548 1976 locis,
565 1945 591 1970 et
604 1943 655 1978 qui
673 1946 758 1971 erant
779 1944 916 1980 impervii
931 1947 1078 1982 evangeli-

254 1987 384 2016 zantium
393 1987 537 2023 speciosis
549 1987 687 2022 pedibus.
699 1996 768 2016 rosa
778 1987 848 2016 ﬁdei
861 1989 1075 2025 efﬂorescebat,

253 2039 290 2059 ex
308 2031 408 2059 radice
433 2031 537 2067 primte
555 2032 603 2058 vix
625 2032 847 2067 praedicationis
868 2033 995 2062 humore
1014 2035 1076 2064 irri-

253 2078 332 2110 gata.
350 2076 431 2104 Unde
441 2079 468 2103 et
483 2084 536 2103 nos
549 2076 673 2104 forsitan
686 2077 724 2104 ad
736 2078 798 2113 ejus
809 2086 943 2107 amorem
959 2081 1074 2109 ascensi

251 2119 376 2154 fuimus,
401 2123 432 2147 ut
458 2121 591 2155 ignotam
614 2121 764 2157 plerisque
792 2130 856 2150 rem
879 2123 1017 2158 revelem,
1047 2127 1075 2154 et

251 2166 475 2191 controversam
489 2164 578 2199 hujus
596 2173 668 2192 meae
683 2166 930 2201 peregrinationis
947 2176 1072 2198 causam

249 2208 383 2244 aperiam
397 2217 403 2236 :
421 2217 528 2245 nempe
545 2212 575 2237 ut
590 2218 692 2237 arvum
715 2211 893 2247 inaquosum
915 2212 945 2240 in
961 2214 1070 2242 sudore

247 2254 347 2281 vultus
366 2254 504 2289 colerem,
528 2257 555 2282 et
581 2264 684 2283 rursus
709 2259 821 2284 struere
842 2257 909 2285 vitae
935 2258 1068 2287 culmum

245 2306 377 2335 possem,
392 2299 438 2326 vel
455 2299 585 2335 antiqua:
601 2300 814 2328 damnationis.
829 2301 932 2337 Utique
949 2302 978 2330 id
990 2304 1068 2332 Deus

244 2343 403 2372 concedat!
417 2344 439 2370 si
452 2343 542 2371 modo
550 2344 633 2371 haud
642 2344 768 2372 remisso
776 2344 879 2372 animo
890 2353 992 2374 curam
1006 2355 1069 2375 sus-

242 2388 459 2425 ceptimuneris
467 2388 658 2425 arripuimus,
665 2388 718 2415 zeli
725 2388 870 2417 llamman
877 2391 1066 2420 suscitantes.

277 2477 321 2503 14.
347 2477 435 2505 Multa
458 2485 526 2505 vero
548 2479 667 2512 tempus
691 2477 796 2511 attulit,
825 2485 891 2514 quae
913 2486 968 2508 nec
994 2488 1065 2510 enu-

239 2526 355 2548 merare
379 2521 446 2556 quis
474 2521 559 2549 facile
579 2523 679 2556 queat.
710 2521 809 2550 Solent
831 2523 911 2551 enim
931 2526 1064 2562 tempore

237 2570 338 2592 rerum
351 2565 431 2592 vices
444 2573 561 2600 semper
571 2565 721 2597 innovari;
739 2568 791 2594 sed
801 2575 865 2595 rem
879 2567 948 2596 huic
959 2578 1062 2605 parem

235 2615 394 2644 nunquam
408 2608 525 2636 obtulit.
538 2611 578 2636 Ex
591 2617 746 2645 anonyma
757 2611 891 2647 quadam
906 2614 1025 2648 regione
1033 2617 1063 2643 et

234 2660 289 2689 per
302 2652 432 2681 hiemem
445 2661 576 2688 ccenosa,
588 2654 770 2682 infidelitatis
785 2655 925 2692 ignobilis
934 2658 1058 2694 quidam

234 2696 356 2733 spiritus
371 2700 551 2732 commotus,
565 2698 622 2726 hoc
636 2699 818 2735 populorum
834 2708 917 2729 mare
936 2706 1059 2731 contur-

268 2787 280 2805 ¹
300 2786 376 2816 Psal.
394 2795 440 2819 xv,
456 2789 481 2816 6.
521 2787 532 2805 ³
551 2787 627 2816 Psal.
644 2796 719 2824 cxux,
736 2791 762 2817 5.
800 2789 812 2808 ⁸
827 2788 884 2819 lea.
904 2798 985 2827 um,
1007 2794 1051 2821 19.

1138 1591 1185 1617 οὐκ
1206 1592 1260 1627 ἔχω
1283 1593 1322 1621 τίς
1343 1592 1456 1627 γένωμαι
1477 1592 1522 1617 καὶ
1547 1591 1617 1621 ὅπως
1634 1595 1670 1626 τῷ
1696 1589 1845 1628 διηγήματι
1867 1595 1939 1628 χρή-

1139 1645 1225 1672 σωμαι
1238 1646 1243 1652 ·
1260 1638 1305 1662 καὶ
1329 1633 1391 1662 οἶδα
1406 1636 1439 1665 ὡς
1460 1632 1631 1672 ἆδιάρθρωτοὲ
1649 1645 1693 1671 μοι
1707 1637 1739 1661 τὰ
1752 1639 1797 1661 τοῦ
1812 1637 1938 1673 πράγμα-

1135 1690 1178 1711 τος
1196 1680 1373 1709 λαληθήσεται
1384 1688 1391 1694 ⁸
1408 1680 1463 1715 ἔχω
1486 1680 1536 1717 γὰρ
1552 1679 1581 1705 οὐ
1601 1681 1645 1705 τὸν
1663 1682 1779 1716 τυχόντα
1803 1680 1912 1717 θόρυϐον
1927 1692 1934 1698 ·

1136 1723 1194 1751 οὐδ’
1210 1724 1234 1751 ἓν
1249 1725 1302 1760 ὅσῷ
1312 1723 1443 1761 κυϐιρνῲη
1459 1724 1472 1749 6
1486 1727 1544 1754 νοῦς
1558 1725 1605 1753 τὴν
1617 1723 1720 1760 ψυχήν.
1734 1735 1751 1749 ‹ί
1767 1727 1896 1761 Ποιμένες,
1922 1736 1932 1750 ι

1135 1772 1211 1805 φησὶ,
1228 1781 1238 1794 ι
1255 1767 1402 1806 διέφθειράν
1418 1778 1468 1804 μου
1482 1770 1528 1797 τὴν
1543 1768 1656 1804 ἄμπελον
1667 1779 1673 1785 ·
1694 1779 1704 1794 ι
1721 1771 1776 1795 νυνὶ
1790 1767 1820 1795 δὲ
1833 1768 1934 1804 ψευδο-

1134 1816 1252 1850 ποιμένες
1270 1816 1317 1843 τὴν
1342 1814 1505 1849 ὶπιθυμητὴν
1532 1816 1649 1850 Χριστοῦ
1671 1811 1770 1849 μερίδα
1788 1816 1934 1850 κατῄσχη-

1132 1868 1186 1884 ναν.
1217 1861 1267 1885 Καὶ
1292 1858 1339 1884 οὐκ
1367 1857 1398 1883 ἃν
1421 1857 1563 1893 ὀκνήσαιμι
1586 1857 1667 1893 λέγειν
1693 1858 1734 1883 ὅτι
1759 1857 1783 1883 ἄν
1816 1857 1932 1894 ἐρήμοις

1132 1906 1177 1929 καὶ
1201 1901 1325 1939 ἀνύδροις
1356 1904 1447 1932 τόποις
1470 1905 1516 1928 τοῦ
1548 1905 1594 1931 τῆς
1622 1899 1800 1931 διδασκαλίας
1832 1900 1934 1933 ὕδατος

1133 1948 1237 1980 ζῶντος,
1280 1949 1325 1973 καὶ
1366 1945 1472 1977 ἀϐάτοις
1514 1949 1568 1976 τοῖς
1605 1950 1655 1971 τῶν
1695 1945 1932 1982 εὐαγγελιζομένων

1131 1993 1231 2028 ὡραίοις
1260 1994 1332 2025 ποσί,
1362 1992 1390 2017 τὸ
1414 1989 1492 2028 ῥόδον
1521 1990 1592 2019 ἤνθει
1622 1994 1669 2021 τῆς
1701 1993 1821 2024 πίστεως,
1852 1993 1932 2027 μόνον

1129 2037 1179 2062 ὑπὸ
1206 2041 1254 2067 τῆς
1279 2035 1355 2073 ῥίζης
1384 2038 1430 2061 τοῦ
1458 2037 1562 2071 πρώτου
1589 2035 1757 2071 κηρύγμοπος
1784 2032 1931 2072 6:93:66!“-

1128 2091 1169 2108 vov
1182 2091 1188 2097 ·
1209 2081 1250 2117 ὑφ’
1277 2078 1307 2106 οὖ
1330 2080 1404 2116 τάχα
1426 2081 1471 2105 καὶ
1491 2080 1566 2115 ἡμεῖς
1593 2080 1658 2116 πρὸς
1681 2080 1765 2116 ἔρωτα
1786 2078 1930 2108 ἀνααύθη-

1128 2135 1182 2162 μιν,
1211 2126 1252 2151 ἵνα
1278 2126 1307 2151 τὸ
1330 2123 1432 2154 πολλοῖς
1465 2122 1610 2160 ἀπόρρητον
1636 2122 1785 2157 ὶκκαλύψω,
1805 2125 1851 2149 καὶ
1879 2125 1928 2153 τὴν

1128 2169 1321 2205 ἀντιλεγομένην
1359 2168 1445 2194 αἰτίαν
1482 2171 1529 2198 τῆς
1565 2166 1630 2203 ὶμῆς
1666 2168 1764 2196 ταύτης
1795 2165 1929 2203 ἕκδημίας

1126 2214 1318 2245 ὑπαναπτύξωδ
1351 2212 1373 2239 οἱ
1405 2214 1583 2249 φυτηκομοίην
1611 2214 1736 2248 γεώργιον
1762 2209 1874 2247 οἰνυδρον
1899 2211 1927 2237 ἓν

1127 2257 1219 2296 ἱδρῶτι
1232 2262 1386 2296 προσώπου,
1400 2259 1444 2284 καὶ
1460 2261 1506 2288 τῆς
1522 2256 1592 2287 ζωῆς
1613 2255 1813 2291 ἆκκαλαμᾶσθαι
1827 2253 1925 2281 δυναί-

1123 2314 1175 2340 μην
1201 2305 1244 2329 τόν
1272 2304 1393 2339 ἄσταχυν
1419 2301 1539 2339 ἔμπαλιν,
1562 2300 1576 2330 ἦ
1597 2301 1627 2326 τὸ
1644 2303 1689 2330 τῆς
1712 2299 1824 2329 παλαιάς
1842 2309 1925 2326 κατοι-

1122 2351 1242 2385 κρίσιως.
1264 2351 1331 2375 Θεοῦ
1360 2346 1390 2374 δί
1414 2348 1452 2376 εἴη
1476 2345 1517 2378 ἂν,
1547 2344 1569 2371 si
1592 2346 1637 2370 καὶ
1657 2348 1703 2374 τῆς
1714 2344 1870 2381 προθυμίας
1891 2344 1923 2370 οὔ

1122 2391 1238 2429 δεύτεροι
1265 2391 1433 2428 ἀπαντῴημιν
1457 2390 1481 2417 ἐν
1509 2393 1540 2426 τῇ
1565 2388 1657 2425 μελέτῃ
1686 2391 1732 2415 τοῦ
1761 2387 1924 2425 ἔπαγγῖλμα-

1119 2447 1174 2472 τος,
1187 2439 1215 2463 τὸ
1225 2440 1276 2473 πῦρ
1293 2436 1373 2467 ζήλου
1389 2437 1602 2464 ὑπανακαίοντις.

1155 2480 1200 2509 ιδ’.
1220 2481 1328 2517 Ἦνινγκι
1342 2482 1387 2518 μὲν
1402 2478 1446 2506 οὖν
1465 2480 1478 2505 ὁ
1493 2480 1587 2516 χρόνος
1607 2476 1700 2509 πολλὰ,
1724 2478 1770 2502 καὶ
1790 2477 1841 2503 ὃσα
1874 2486 1922 2514 περ

1118 2524 1175 2552 οὐδ’
1201 2525 1231 2552 ἃν
1253 2525 1400 2563 ἀριθμῆσαί
1427 2534 1468 2556 τις
1490 2525 1549 2560 ἔχοι
1576 2523 1638 2560 ῥᾷον
1656 2532 1662 2538 ”
1687 2524 1851 2557 καινοτομεῖν
1869 2522 1922 2557 γὰρ

1117 2571 1191 2601 οὗτος
1205 2568 1261 2597 οἶδα
1280 2571 1313 2596 τὰ
1325 2571 1467 2608 πράγματα
1478 2577 1484 2584 ’
1510 2571 1579 2594 τοῖον
1603 2565 1633 2593 δί
1659 2564 1784 2592 οὐδέποτε
1802 2566 1920 2601 ἤνεγκεν,

1117 2615 1159 2647 Ἐξ
1190 2614 1324 2651 ἁνωνύμου
1356 2617 1446 2651 χώρου
1481 2613 1557 2639 ποθὲν
1588 2613 1634 2638 καὶ
1665 2608 1846 2646 τιλματώδους
1882 2614 1921 2645 τῷ

1114 2664 1226 2696 χειμῶνι
1249 2663 1294 2690 τῆς
1323 2658 1446 2688 ἀπιστίας
1470 2657 1570 2693 ἀγεννές
1598 2665 1624 2682 τι
1644 2658 1747 2690 πνεῦμα
1765 2653 1919 2689 ὶκτιναχθὶν

1112 2706 1158 2734 τὴν
1176 2708 1225 2730 τῶν
1249 2703 1328 2730 ἐθνῶν
1351 2704 1448 2732 ταύτην
1468 2699 1605 2738 διετάραξι
1629 2698 1775 2732 θάλασσαν,
1804 2700 1850 2724 καὶ
1872 2700 1918 2727 τὴν

1147 2793 1157 2810 ⁵
1176 2793 1282 2822 Jerem.
1302 2799 1349 2828 xu,
1371 2791 1417 2820 to.
