4106 6222
133 0 220 108 ἶ..
287 0 358 46 ’,ΞᾸ
487 17 504 34 ι
517 0 612 52 ερέ..
621 27 642 34 .-

233 279 342 336 401

235 396 444 454 ὁλκάδα
489 405 588 458 τῆς
644 395 984 464 Ἐκκλησίας,
1045 394 1104 447 οὐ
1153 397 1252 470 υὰρ
1303 396 1329 447 6
1380 400 1724 468 κγερνώμενος
1761 389 1844 457 ἦν,
1879 397 1926 448 Α

235 475 322 541 ἐττι
387 494 608 561 μικραῖς
662 483 836 537 ἐλπίσι
899 484 1218 537 σαλεῦουσαν
1276 480 1383 542 ἤδη
1439 488 1528 535 καὶ
1585 483 1656 544 εἰς
1688 480 1850 554 βυθόν

233 581 553 647 κατήνεγκεν
612 572 984 644 ἀπογνώσεως.
1035 574 1154 646 Ἰού,
1202 571 1323 626 ἰούὲ
1389 571 1567 631 ἡλίκον
1619 575 1681 628 τὴ
1741 570 1852 622 τόλ-

231 666 428 738 μημαὲ
491 671 606 724 Πῶς
638 665 699 716 ἄν
733 663 851 735 ἐμοὶ
882 667 972 715 καὶ
1012 667 1287 734 γενήσεται
1333 661 1544 734 ἔκφορον
1595 666 1847 732 «pawn;

238 751 368 807 οἶδ’
427 757 510 806 ὅτι
559 754 766 812 πειθοῦς
806 751 1020 824 ἀποίσμς
1070 749 1295 813 ἀνάξιον·
1350 747 1489 822 Εἶχε
1533 752 1623 822 μὲν
1661 749 1691 806 ἡ
1753 755 1850 799 τῶν

242 842 475 895 Ἀλανῶν
521 841 777 898 ἐκκλησία
823 849 916 901 τῆς
969 839 1190 912 κεφαλῆς
1247 842 1334 892 τόν
1386 843 1582 911 κόσμον
1634 836 1850 910 ἀφαιρε-

236 933 417 999 θεῖσα,
476 934 564 982 τόν
609 932 742 1000 ἱερὸν
807 927 996 981 ἐκεῖνον
1045 929 1178 1000 λέγω
1230 932 1452 1001 ποιμένα
1479 932 1570 978 καὶ
1596 929 1683 978 τὸν
1713 928 1854 977 ἀπό-

242 1020 436 1073 στολον
455 1024 525 1092 μὴ
557 1018 901 1090 ψευσάμενον·
953 1017 1113 1070 αὐτοῦ
1163 1021 1265 1092 γὰρ
1306 1017 1551 1070 καταλύει
1601 1018 1688 1068 τὸν
1737 1014 1852 1088 βίον

242 1105 578 1170 διακονήσας
622 1107 790 1168 καλῶς
816 1104 929 1178 εἶχε
959 1103 1017 1160 δὲ
1047 1112 1137 1158 καὶ
1162 1109 1188 1158 ὁ
1220 1115 1309 1167 τῆς
1363 1110 1550 1167 κακίας
1603 1103 1853 1178 πρόϐολος

239 1204 453 1269 γυμνῇ,
485 1198 511 1248 ὃ
543 1193 610 1254 δὴ
636 1195 864 1266 λέγεται,
928 1194 1119 1267 κεφαλῇ
1166 1198 1254 1247 τόν
1283 1195 1401 1246 κατ’
1441 1195 1602 1252 αὐτὴν
1663 1191 1852 1265 ἀπερυ-

241 1288 496 1358 θρειοίσας
562 1283 746 1355 ἆγῶνα’
775 1288 865 1336 καὶ
903 1285 988 1336 οἶα
1025 1287 1091 1336 τὰ
1134 1282 1326 1336 ἐκείνου
1370 1287 1734 1355 μηχανήματα
1764 1286 1852 1334 καὶ

241 1373 614 1447 προϐλὰματα,
677 1378 771 1430 τήν
821 1372 1211 1447 φιλοχρήματον
1284 1371 1484 1424 λύσσαν
1544 1373 1852 1423 ὑπανακαίει

239 1468 338 1521 τήν
365 1482 468 1515 τινι
516 1465 646 1534 πρὸς
676 1463 970 1534 ὑπουργίαν
1011 1464 1183 1533 ἐκείνῳ
1225 1457 1560 1526 ἐπιτηδείων,
1615 1464 1710 1518 τὴν
1759 1466 1850 1510 τοῦ

248 1554 427 1613 ἔθνους
468 1551 702 1624 ἀφέλειαν
759 1547 1092 1623 προδεικνὺς,
1150 1556 1241 1602 καὶ
1288 1554 1346 1602 τὸ
1403 1547 1709 1624 δυσπραγές
1757 1555 1849 1600 τοῦ

245 1648 459 1713 καιροῦ,
491 1645 582 1692 καὶ
611 1641 694 1692 ὅτι
749 1643 872 1702 τοὺς
926 1639 1166 1700 Ἀλανοὺς
1209 1639 1358 1701 εὐθὺς
1412 1637 1715 1712 ὑποσυροιέ
1766 1638 1847 1689 ἄν.

323 1731 400 1784 εί.
461 1729 556 1782 Ἦν
639 1732 744 1803 γὰρ
801 1728 976 1789 αὐτοῖς
1021 1728 1117 1780 οὐκ
1168 1725 1362 1800 ἀφανὴς
1410 1728 1436 1778 ό
1493 1726 1643 1800 ἀνὴρ,
1701 1726 1852 1798 ἐγγὺς
1881 1740 1927 1793 Β

249 1827 345 1870 τοῦ
395 1823 578 1890 γένους
623 1819 762 1889 ἔχων
811 1821 938 1890 πρὸς
993 1819 1086 1874 τόη
1140 1820 1361 1889 ποιμένα
1420 1815 1626 1871 ἐκεῖνον.
1687 1811 1852 1877 Οὗτος

250 1911 534 1960 σκέπτεται
564 1905 762 1980 βουλὴν
791 1915 889 1968 τῆς
935 1904 1120 1958 ἑαυτοῦ
1171 1905 1392 1978 κεφαλῆς
1447 1903 1595 1967 ἀξίαν
1634 1909 1724 1956 καὶ
1774 1903 1852 1955 ὂν-

247 2015 352 2058 τως
405 1994 647 2048 οἷϐουλον⁸
690 1993 1005 2068 παραλαϐὼν
1058 1998 1158 2069 γὰρ
1210 1995 1322 2066 μεθ’
1383 1993 1586 2060 ἑαυτοῦ,
1654 1995 1724 2054 ὡς
1757 1995 1781 2044 ό
1808 1991 1856 2044 ἐν

247 2087 593 2158 ane/7am;
674 2085 864 2146 ἐκεῖνος
942 2083 1374 2157 θριαμϐευόμενος
1450 2080 1654 2155 δαίμων
1731 2082 1858 2135 ἐπτά

250 2173 509 2248 δαιμόνια
581 2175 750 2247 ἕτερα,
806 2178 923 2234 τοὺς
971 2180 1087 2248 περὶ
1144 2177 1228 2226 τόν
1285 2177 1505 2245 ποιμένα
1553 2172 1762 2244 λύκους,
1799 2174 1857 2225 τό

257 2262 320 2317 δὲ
365 2261 681 2337 παράδοξον,
742 2259 940 2339 ἄνδρας
991 2271 1084 2323 τῆς
1141 2266 1233 2314 σὺν
1300 2261 1473 2335 ἐκείνῳ
1534 2261 1859 2338 ἁνακτροφῆς

261 2353 527 2421 ἀναξίους,
555 2353 714 2414 ἄλλως
765 2351 1056 2425 ἀλλαχόθεν
1101 2348 1357 2425 φυγάδας,
1409 2356 1499 2404 καὶ
1537 2355 1594 2404 τό
1643 2357 1744 2404 πᾶν
1775 2351 1862 2403 οὐ-

263 2437 358 2493 δεν
402 2442 565 2512 ὑγιὲς,
614 2445 698 2492 καί
737 2461 854 2494 τινα
933 2441 1164 2502 Λαζόθεν
1212 2442 1384 2507 ποθὲν,
1451 2437 1862 2513 μετωδυτούντα

256 2535 422 2602 μόνον
486 2531 625 2602 τάχα
706 2549 804 2582 που
889 2534 980 2582 καὶ
1046 2525 1309 2596 ἐπίτηδες,
1373 2533 1462 2581 καὶ
1495 2532 1860 2602 σεσαρωμένην

254 2620 443 2692 εὑρὼν,
495 2622 581 2669 καὶ
631 2625 725 2670 τοῦ
771 2619 840 2670 τὰ
884 2619 1056 2670 πάντα
1097 2617 1419 2690 πληροῦντσς
1482 2615 1680 2690 ἀγαθοῦ
1711 2622 1860 2676 κενὴν

253 2711 579 2780 Πνεύματος,
629 2711 844 2761 εἴσεισιν
901 2706 1143 2781 ἐλευθέρῳ
1220 2704 1372 2774 ποδὶ,
1412 2713 1501 2760 καὶ
1546 2713 1746 2779 γίνεται
1798 2709 1865 2759 τὰ

253 2801 469 2868 ἔσχατα
504 2802 726 2872 χείρονα
752 2805 852 2849 τῶν
891 2795 1118 2872 πρώτων’
1173 2792 1307 2855 ἦσαν
1347 2799 1449 2870 γὰρ
1505 2794 1624 2849 οὐδ’
1699 2795 1865 2850 ἐκεῖνοί

252 2907 362 2948 πως
384 2888 533 2958 ὑγιῆ.
567 2894 686 2948 Πῶς
725 2888 786 2939 οἶν
832 2890 957 2940 εἴπω
989 2891 1084 2945 τὴν
1127 2893 1220 2938 τοῦ
1273 2887 1502 2962 πονηροῦ
1545 2885 1860 2959 προσϐολὴν,

253 2981 346 3029 καὶ
395 2981 538 3036 ὅπως
586 2977 769 3047 ἴχνους
835 2974 1060 3043 ἐλείϐετο,
1141 2980 1231 3028 καὶ
1291 2995 1384 3034 την
1440 2973 1865 3050 ἁξειλογουμένην

260 3073 365 3116 τῶν
398 3061 720 3122 ἐπιτηδείων
771 3065 1061 3140 ὑπηρεσίαν
1095 3083 1110 3128 ;
1160 3069 1283 3117 Δότε
1311 3083 1402 3137 μοι
1453 3071 1788 3138 συγγνώμην,
1826 3065 1865 3116 ὦ
1897 3091 1938 3146 C

261 3159 539 3229 παρόντες,
576 3157 972 3225 συγκεχυμένῳ,
1011 3157 1098 3205 καὶ
1124 3156 1212 3206 τὸν
1249 3152 1401 3224 λόγον
1435 3155 1676 3215 ιθυτενῶς
1705 3173 1865 3230 προσ-

258 3247 407 3314 άγειν
465 3241 592 3315 [μη]
649 3238 1000 3314 δεδυνημένω.
1071 3247 1256 3296 Καίτοι
1312 3262 1369 3314 γε
1428 3239 1735 3305 σπεύδοντες
1779 3243 1866 3295 οὖ-

255 3353 358 3393 τως
409 3333 512 3383 ὑπὸ
551 3339 642 3383 τοῦ
693 3332 889 3390 πάθους
952 3335 1042 3384 καὶ
1084 3340 1186 3394 τῶς
1225 3330 1560 3384 πολυελίκτου
1599 3339 1754 3407 φορᾶς
1778 3338 1868 3384 τοῦ

257 3424 573 3495 πράγματος
591 3421 942 3493 ὴμηχάνησα·
989 3424 1080 3472 καὶ
1117 3417 1242 3473 οἶδα
1283 3420 1501 3495 εἰρηκὼς
1567 3417 1716 3473 οὐδὲν
1769 3422 1864 3474 ἔτι·

258 3516 354 3562 καὶ
407 3509 732 3569 συσκιάζεινξ
778 3510 878 3584 γὰρ
921 3509 987 3561 τὰ
1039 3508 1198 3562 πλείω
1255 3507 1615 3582 ἀνάγκασμαι·
1677 3508 1759 3581 ὑφ’
1806 3506 1865 3562 οὗ

259 3605 356 3652 καὶ
407 3602 536 3672 ἡμῖν
585 3597 644 3650 ἂν
690 3597 898 3672 ἀπορεῖν
943 3597 1176 3671 συμϐαίη
1235 3603 1325 3651 καὶ
1353 3605 1506 3651 πᾶσι.
1539 3603 1675 3661 Τέως
1707 3599 1869 3652 εἰσία-

269 3707 353 3740 σιν
385 3688 437 3740 οἱ
461 3683 736 3758 γεννάδαν
769 3692 861 3739 καὶ
889 3688 914 3739 6
963 3690 1074 3759 μὲν.
1108 3689 1133 3738 6
1172 3687 1369 3762 λυμεὼν
1428 3685 1611 3748 ἐκεῖνος
1667 3689 1866 3755 Λαζός,

263 3775 560 3837 ἐπίσκοπος
597 3775 924 3848 όνομάζεταν
977 3778 1027 3828 οἰ
1084 3777 1134 3834 η’
1185 3775 1414 3850 ἀτεχνῶς
1465 3785 1556 3830 καὶ
1610 3782 1738 3850 γέρα
1788 3778 1867 3828 αἱ-

265 3875 475 3932 τοῡσιν,
530 3867 610 3917 ὅτι
663 3870 734 3937 μή
773 3869 866 3924 τὴν
898 3864 1134 3936 ’Δλᾳνίαν
1182 3867 1377 3918 οὑτωσὶ
1423 3863 1684 3939 περιεῖδον
1721 3867 1872 3918 ἀποί-

267 3973 487 4026 μαντον,
545 3951 671 4005 ἀλλὰ
721 3956 891 4006 πάντα
940 3959 1191 4028 καμόντες
1246 3961 1337 4007 καὶ
1383 3953 1532 4008 πάντ’
1569 3954 1868 4028 ἐνεγκόντες,

267 4045 406 4102 πλήν
451 4041 579 4095 αλλὰ
622 4045 786 4116 ταύτῃ
850 4049 1030 4117 προικὶ
1088 4047 1172 4096 τὸν
1239 4049 1456 4116 νυμφίον
1516 4041 1863 4116 δεδωρηνται.

1711 271 1750 325 Α
1763 268 2092 327 LANICUS.

3499 271 3606 326 402

1964 391 2147 460 bavit,
2179 396 2234 448 et
2263 389 2535 447 Ecclesiae
2552 391 2778 453 navim,
2833 391 3232 462 gubernatore
3278 395 3603 461 carentem,

1957 483 2085 553 jam
2107 481 2222 536 levi
2251 497 2390 536 cum
2411 495 2516 552 spe
2573 480 3004 552 periclitantem
3057 481 3119 536 in
3171 480 3608 553 desperationis

1961 570 2250 643 abyssum
2281 570 2554 639 conjecit.
2583 569 2740 624 Heu!
2784 569 2940 625 heu!
2983 575 3283 642 quantum
3337 568 3600 626 facinus!

1962 658 2276 726 Quomodo
2295 675 2424 714 rem
2446 673 2726 714 enarrare
2752 674 2972 731 queam
2988 661 3015 715 ?
3039 661 3236 715 Sentio
3257 659 3416 714 enim
3440 673 3606 730 pror-

1960 765 2064 805 sus
2110 765 2239 805 esse
2281 747 2710 806 incredibilem.
2776 751 2909 805 Erat
2961 749 3206 822 quidem
3275 749 3604 804 Alanorum

1961 837 2209 894 ecclesia
2257 837 2467 910 capitis
2521 837 2750 892 honore
2785 837 3062 909 spoliata,
3090 853 3282 908 sacro,
3329 837 3603 910 inquam,

1960 931 2199 998 pastore
2230 926 2348 998 illo,
2373 926 2478 999 qui
2507 926 2754 982 minime
2795 926 3191 983 mentiebatur
3219 925 3564 998 apostolum
3588 944 3602 982 :

1960 1014 2078 1070 illic
2102 1015 2262 1070 enim
2284 1015 2334 1070 is
2363 1015 2549 1070 vitam
2571 1013 2780 1080 ﬁnivit,
2809 1014 3092 1086 praeclare
3114 1014 3354 1070 functus
3383 1013 3603 1071 ofﬁcio.

1963 1107 2098 1160 Erat
2128 1105 2306 1160 etiam
2334 1103 2586 1177 quidam
2617 1103 2895 1176 nequitiae
2917 1110 3233 1176 protector.
3285 1103 3608 1176 impudens

1963 1193 2150 1262 nudo,
2183 1199 2246 1247 ut
2275 1193 2463 1260 aiunt,
2488 1192 2679 1263 capite
2709 1208 2818 1263 pro
2851 1192 2947 1247 illa
2995 1191 3220 1247 bellum
3252 1207 3484 1261 gerens.
3543 1195 3611 1246 Et

1962 1298 2096 1353 quae
2127 1281 2255 1351 ejus
2272 1280 2522 1336 artiﬁcia
2552 1287 2608 1336 et
2631 1281 2927 1336 machinas
2958 1297 3089 1336 esse
3151 1279 3363 1347 solent,
3417 1280 3610 1336 avari-

1962 1371 2056 1426 tiae
2105 1370 2334 1425 rabiem
2376 1369 2685 1425 succendit
2740 1368 3171 1425 nonnullorum
3213 1369 3611 1426 ministerium

1963 1459 2045 1514 illi
2097 1458 2513 1531 praebentium,
2567 1459 2758 1530 gentis
2820 1458 3264 1529 simplicitatem
3316 1458 3612 1530 imprimis

1963 1547 2365 1621 praetendens,
2417 1551 2474 1603 et
2512 1547 2801 1619 temporis
2855 1546 3295 1617 difﬁcultatem,
3350 1551 3407 1602 et
3444 1546 3612 1619 quod

1964 1637 2294 1692 Alanorum
2319 1651 2466 1706 gens
2493 1635 2664 1692 facile
2691 1636 3096 1691 seduceretur.

2036 1726 2123 1780 '15.
2155 1728 2288 1781 Erat
2312 1725 2538 1798 quippe
2572 1724 2737 1797 apud
2767 1740 2870 1780 eos
2897 1724 3082 1780 homo
3113 1723 3438 1796 praedictus
3491 1739 3617 1780 non

1966 1814 2260 1870 obscurus
2286 1829 2524 1884 genere,
2573 1817 2880 1886 pastorem
2923 1811 3093 1868 illum
3142 1812 3460 1884 attingens.
3512 1813 3618 1868 Hic

1967 1903 2280 1958 consilium
2314 1903 2422 1958 init
2441 1902 2635 1974 capite
2661 1917 2785 1968 suo
2815 1902 3090 1970 dignum,
3129 1911 3200 1972 _et
3248 1917 3387 1957 vere
3416 1901 3622 1957 incon-

1966 1991 2210 2048 sultum.
2270 1991 2499 2048 Etenim
2553 2007 2760 2046 secum
2809 2006 3148 2059 assumens,
3197 1989 3356 2046 velut
3405 1989 3501 2046 ille
3555 1989 3620 2044 in

1966 2081 2302 2152 Evangeliis
2314 2082 2444 2152 jam
2460 2081 2724 2136 devictus
2739 2080 2980 2136 daemon
2998 2084 3225 2151 septem
3250 2078 3368 2136 alia
3391 2078 3619 2134 daemo-

1967 2171 2090 2232 nia.
2113 2171 2568 2226 circumstantes
2598 2169 2831 2241 pastori
2859 2168 3054 2240 lupos,
3089 2172 3145 2224 et
3172 2167 3341 2240 quod
3368 2166 3607 2233 mirere,

1971 2261 2125 2316 viros
2162 2259 2319 2316 illius
2348 2258 2803 2316 conversatione
2841 2256 3146 2324 indignos,
3195 2272 3458 2328 quorum
3511 2255 3617 2311 alii

1970 2349 2210 2406 aliunde
2233 2349 2460 2418 fugitivi
2473 2351 2660 2418 erant,
2683 2352 2742 2403 et
2759 2345 2906 2402 nihil
2926 2345 3176 2402 omnino
3197 2360 3414 2401 sanum
3431 2343 3622 2400 habe-

1971 2437 2154 2506 bant;
2181 2453 2292 2494 nec
2313 2453 2437 2493 non
2462 2435 2794 2509 quemdam
2819 2451 2892 2491 ex
2944 2437 3234 2490 Lazorum
3275 2433 3479 2504 aliquo
3518 2448 3626 2488 an-

1973 2527 2114 2598 gulo
2141 2541 2462 2590 emersum,
2491 2524 2711 2580 idoneo
2733 2528 2796 2580 ut
2817 2522 3054 2580 videtur
3078 2522 3290 2579 habitu
3319 2525 3624 2590 ornatum,

1971 2632 2084 2672 nec
2113 2615 2486 2677 indecoram,
2519 2618 2583 2669 ut
2605 2613 2793 2682 aiunt,
2815 2611 3074 2668 barbam
3115 2615 3454 2681 gerentem;
3507 2609 3625 2678 hic,

1973 2707 2247 2777 inquam,
2276 2703 2606 2758 Alanorum
2663 2701 2978 2758 ecclesiam
3023 2700 3220 2772 scopis
3271 2699 3630 2754 mundatam

1974 2793 2304 2858 inveniens,
2336 2795 2394 2848 et
2420 2790 2527 2847 illo
2556 2791 2664 2862 qui
2695 2790 2903 2845 omnia
2953 2787 3142 2860 replet
3201 2787 3365 2843 bono
3417 2787 3630 2858 spiritu

1974 2899 2252 2950 vacuam;
2279 2881 2469 2936 libero
2493 2878 2646 2951 pede
2667 2878 3016 2948 ingreditur,
3044 2877 3267 2933 etﬁunt
3294 2876 3632 2932 novissima

1975 2972 2187 3045 pejora
2221 2969 2549 3043 prioribus:
2584 2983 2726 3024 nam
2755 2982 2951 3040 neque
2981 2965 3081 3022 illa
3133 2965 3274 3020 satis
3316 2979 3467 3021 sana
3504 2963 3630 3020 fue-

1975 3068 2129 3118 rant.
2153 3059 2382 3126 Quibus
2393 3073 2537 3128 ergo
2548 3056 2746 3113 verbis
2762 3053 3192 3127 improbiillius
3215 3053 3629 3109 incursionem

1974 3151 2301 3213 narrem,et
2326 3144 2550 3218 quibus
2569 3143 2832 3214 vestigiis
2853 3142 3148 3207 institerit,
3164 3145 3220 3196 et
3243 3139 3391 3196 illud
3415 3145 3630 3196 nactus

1976 3239 2149 3296 fuerit
2160 3253 2283 3293 non
2295 3232 2750 3306 aspernandum
2771 3231 3115 3300 digniorum
3131 3229 3448 3285 hominum
3460 3229 3632 3285 obse-

1975 3325 2229 3402 quium?
2262 3327 2402 3380 Date
2431 3322 2579 3378 mihi
2608 3320 2872 3386 veniam,
2895 3335 2931 3376 o
2952 3319 3057 3392 qui
3079 3318 3324 3384 adestis,
3364 3322 3630 3374 mentem

1979 3417 2279 3474 turbatam
2309 3411 2580 3481 habenti,
2611 3415 2668 3466 et
2690 3410 3026 3466 orationem
3089 3411 3252 3464 recto
3287 3423 3469 3464 cursu
3497 3422 3631 3478 pro-

1978 3507 2187 3564 vehere
2213 3501 2544 3576 impotenti.
2578 3503 2644 3556 Et
2665 3499 2913 3572 quidem
2966 3498 3335 3564 festinanter,
3391 3498 3474 3552 sic
3526 3497 3630 3552 do-

1977 3596 2101 3653 lore
2127 3594 2333 3658 animi,
2366 3595 2422 3646 et
2447 3589 2526 3646 ob
2566 3589 2795 3646 varium
2847 3587 3068 3657 negotii
3099 3602 3343 3642 cursum
3383 3601 3626 3658 anceps,

1979 3685 2154 3742 video
2174 3698 2272 3738 me
2301 3679 2450 3738 nihil
2481 3677 2680 3736 adhuc
2710 3677 2964 3733 dixisse:
2991 3692 3134 3732 nam
3146 3674 3434 3748 pleraque
3453 3674 3627 3732 silen-

1979 3775 2060 3831 tio
2089 3786 2360 3845 premere
2389 3773 2633 3825 coactus
2661 3767 2748 3822 fui
2779 3785 2792 3834 ;
2824 3782 2947 3838 quo
2978 3765 3098 3831 ﬁet,
3149 3770 3214 3820 ut
3260 3764 3408 3821 mihi
3428 3769 3484 3821 et
3504 3779 3630 3820 om-

1979 3845 2160 3919 nibus
2184 3862 2244 3918 in
2265 3859 2723 3934 perplexitatem
2750 3856 2978 3912 versari
3018 3855 3342 3925 contingat.
3389 3854 3632 3910 Interim

1979 3951 2400 4023 ingrediuntur
2428 3947 2651 4018 egregii
2681 3945 2802 4013 illi;
2845 3950 2902 4001 et
2929 3943 3024 3999 ille
3058 3943 3304 4016 quidem
3347 3943 3632 4014 pestilens

1982 4047 2184 4105 Lazus,
2217 4039 2538 4112 episcopus
2568 4033 2946 4091 nominatur:
2973 4032 3065 4088 isti
3096 4037 3297 4088 autem
3323 4034 3526 4102 aperte
3573 4034 3633 4086 et

266 4133 531 4206 praemia
568 4138 924 4204 exspocunt,
951 4132 1118 4206 quod
1154 4133 1429 4190 Alianam
1459 4134 1689 4206 absque
1713 4143 1955 4208 pastore
1981 4148 2112 4191 esse
2139 4144 2263 4186 non
2303 4125 2562 4189 siverint,
2595 4123 2700 4179 sed
2723 4138 2862 4179 cum
2897 4119 3064 4176 omni
3104 4119 3389 4192 patientia
3417 4134 3488 4176 ac
3545 4118 3632 4175 la-

264 4223 421 4279 bore
452 4221 554 4278 tali
585 4222 843 4292 gratuito
889 4223 1052 4279 dono
1084 4237 1377 4294 sponsum
1436 4226 1733 4282 munerati
1757 4231 1916 4283 sunt.

343 4297 434 4371 t‘)’.
492 4317 684 4386 Πρώτῳ
734 4315 825 4383 μὲν
859 4307 948 4364 οὖν
1007 4311 1154 4372 εὐθὺς
1202 4319 1273 4382 τῷ
1329 4310 1526 4385 βατῆρι
1569 4316 1637 4376 ὡς
1705 4316 1869 4388 Αἰγυ‹
1908 4319 1952 4372 D

266 4405 470 4458 πτιακὴ
513 4419 590 4461 τις
646 4399 953 4460 ἑπισκήπτει
1002 4399 1199 4472 πληγήο
1245 4399 1376 4459 πλὴν
1431 4405 1508 4454 ὅτι
1551 4404 1626 4475 μὰ
1690 4409 1780 4456 καὶ
1841 4405 1870 4463 ἡ

272 4496 486 4565 πρώτη,
521 4489 630 4560 ἦγε
674 4494 778 4562 μὴν
808 4491 1008 4548 ὑστάτη
1040 4489 1142 4542 ὃσα
1177 4495 1266 4542 καὶ
1316 4488 1599 4566 βαρυτέραο
1651 4497 1714 4550 τὴ
1771 4495 1874 4568 γὰρ

276 4583 594 4653 πρωτότοκα
642 4583 733 4630 καὶ
779 4577 909 4651 ἅπερ
985 4577 1330 4654 ἀφιεροῦσθαι
1387 4582 1644 4649 ὡσίωται,
1709 4588 1878 4633 ταῦτα

279 4665 350 4725 δὴ
401 4668 429 4718 6
482 4667 789 4739 ὸλοθρευτὴς
837 4663 1202 4740 περιέδραμεν.
1251 4664 1413 4720 Ἦνδε
1455 4667 1557 4741 ἄρα
1620 4665 1746 4723 οὐδέ
1798 4690 1879 4732 τις

277 4760 439 4828 σοφός
469 4763 720 4826 Μωυσῆς,
773 4761 862 4809 ’ίνα
905 4760 964 4810 τό
1028 4764 1120 4810 τοῦ
1163 4760 1452 4832 χρίσαντος
1505 4762 1880 4834 προερμηνεύοι

272 4842 643 4920 μυστηριῶδες
671 4851 910 4920 περὶτοῦ
940 4848 1158 4920 αἵματος
1209 4855 1306 4900 τοῦ
1362 4847 1572 4920 Ἀμνοᾶο
1641 4852 1731 4901 καὶ
1779 4868 1881 4923 προ

276 4935 482 5007 φυλακή
686 4931 930 5008 οὐδεμία,
973 4941 1064 4988 καὶ
1120 4932 1260 5010 οἷρδη
1321 4937 1346 4988 ό
1391 4935 1611 5012 ὄλεθροςο
1671 4940 1882 5012 ἔρχεται

270 5026 430 5099 γὰρό
463 5024 682 5086 κλέπτης
727 5024 812 5077 ἱνα
855 5024 998 5099 λήψῃ
1048 5030 1140 5078 καὶ
1204 5027 1339 5099 θύσῃ
1379 5031 1470 5079 καὶ
1514 5025 1764 5086 ἁπολὲση.
1800 5027 1882 5088 Ὠς

281 5113 534 5167 ἀπόλοιτο
594 5119 624 5173 ἦ
683 5120 864 5182 κακία,
914 5116 977 5174 ἣν
1019 5120 1483 5190 παρυφισταμένην
1509 5113 1636 5170 οἴδα
1657 5124 1721 5190 τῇ
1758 5116 1882 5190 ἀμε-

272 5203 392 5276 λείᾳ
442 5211 536 5257 τοῦ
579 5204 902 5280 κρείττονοςὲ
955 5204 1000 5258 εἰ
1053 5206 1156 5278 γὰρ
1210 5203 1525 5280 ἕγρηγόρειό
1579 5203 1885 5260 οἰκοδεσπό-

277 5312 396 5360 της,
437 5293 536 5346 οὐκ
565 5295 627 5346 ἄν
680 5295 706 5346 ό
735 5293 954 5356 κλέπτης
1009 5299 1104 5353 τὴν
1156 5293 1324 5348 οἰκίαν
1375 5295 1658 5369 κατώρυξε’
1711 5295 1888 5348 Βούλε-

279 5385 375 5439 σθε
399 5387 590 5460 μικρὸν
620 5386 741 5458 ὑμῖν
775 5389 865 5438 καὶ
893 5387 959 5438 τὰ
995 5393 1058 5445 τῆ
1070 5405 1092 5448 ς
1119 5393 1464 5460 ποιμαντικῆς
1515 5383 1838 5458 ἁναλίξωμαί
1871 5401 1884 5452 ;

279 5541 290 5552 ’
353 5565 376 5600 ⁶
406 5564 579 5620 Jean.
609 5578 672 5634 ι,
705 5567 787 5622 to.

2057 4310 2144 4364 16.
2169 4309 2320 4374 Ergo
2343 4303 2538 4376 primo
2569 4299 2768 4356 statim
2793 4299 2852 4356 in
2871 4299 3096 4366 limine,
3129 4301 3420 4370 tanquam
3459 4299 3632 4368 Egy-

1983 4397 2180 4471 ptiaca
2197 4393 2476 4466 quaedam
2492 4390 2672 4462 plaga
2689 4387 2983 4444 incumbit
2998 4407 3010 4456 ;
3024 4387 3315 4460 nisiquod
3329 4387 3423 4442 hic
3435 4388 3633 4460 prima

1984 4488 2113 4547 fuit,
2141 4500 2278 4557 quae
2300 4481 2416 4537 illic
2440 4484 2750 4553 postrema
2777 4482 2834 4534 et
2859 4477 3118 4548 gravior.
3142 4480 3288 4533 Nam
3332 4476 3632 4548 primoge-

1985 4577 2129 4646 nita,
2154 4579 2210 4630 et
2234 4589 2370 4646 quae
2399 4574 2516 4626 Deo
2536 4568 2872 4626 consecrari
2903 4573 3176 4624 sanctum
3203 4572 3348 4630 erat,
3371 4567 3502 4622 haec
3524 4566 3632 4622 iste

1986 4662 2404 4722 exterminator
2431 4658 2804 4716 circumibat.
2838 4661 3035 4729 Neque
3056 4656 3270 4728 aliquis
3301 4655 3507 4712 aderat
3539 4670 3635 4710 sa-

1986 4756 2158 4828 piens
2186 4756 2438 4824 Moyses,
2471 4753 2534 4805 ut
2553 4749 2710 4804 illius
2759 4747 3079 4818 unguentis
3129 4745 3482 4817 mysterium
3543 4760 3635 4798 ex-

1988 4844 2279 4917 planaret,
2306 4841 2380 4896 de
2401 4839 2550 4908 Agni
2582 4835 2854 4893 videlicet
2878 4834 3171 4905 sanguine
3196 4851 3209 4888 :
3265 4848 3460 4904 neque
3513 4831 3637 4888 ulla

1991 4932 2193 5002 tutela,
2221 4930 2328 4988 sed
2357 4927 2790 4986 internecivum
2820 4922 3260 4980 exterminium.
3287 4921 3453 4978 Venit
3475 4921 3638 4978 enim

1990 5022 2106 5092 fur,
2136 5024 2201 5077 ut
2223 5019 2438 5092 rapiat,
2467 5022 2522 5074 et
2543 5019 2780 5082 mactet,
2809 5019 2865 5071 et
2888 5013 3095 5085 perdat
3135 5013 3179 5068 θ.
3235 5011 3378 5068 Male
3426 5011 3500 5067 sit
3539 5027 3641 5068 ne-

1992 5112 2409 5186 quitiaa,quam
2425 5107 2770 5164 obstrusam
2789 5105 2927 5174 vidi,
2941 5103 3021 5162 ob
3035 5104 3176 5160 recti
3188 5103 3638 5174 negligentiam!

1994 5206 2142 5260 Nam
2172 5202 2220 5257 si
2247 5197 2555 5269 vigilasset
2583 5202 2753 5270 pater
2783 5195 3058 5261 familias,
3102 5209 3488 5266 nequaquam
3536 5192 3641 5248 do-

1995 5308 2164 5347 mum
2214 5291 2310 5346 fur
2338 5287 2663 5345 eﬂodisset.
2700 5284 2885 5341 Vultis
2914 5289 2972 5341 et
3000 5289 3130 5340 acta
3158 5285 3290 5356 ejus
3323 5282 3644 5355 pastoralia

1999 5383 2376 5456 aliquantum
2432 5377 2826 5436 enumerem?
2867 5375 3020 5442 Quid
3075 5375 3238 5432 enim
3303 5373 3450 5432 illud
3481 5371 3645 5430 Pauli
