4106 6222
127 0 252 20 -1
281 0 662 20 -νὛῖτῐἮὛΤ-
693 0 732 4 ’“
763 0 848 8 “”“
925 0 928 2 ⁷

1720 271 2088 331 ALANICUS.

3479 279 3584 338 406

223 390 492 460 νησαμένη
525 385 862 452 ἐδεξιώσατο.
894 389 1115 454 Ἐξωθεν
1143 393 1284 464 ἡμᾶς
1319 390 1558 446 ἁτεκνοϋν
1578 395 1830 454 ἠπείλησε

1943 413 2054 455 nos
2095 398 2298 456 liberis
2347 400 2563 459 orbare
2599 400 2947 458 minabatur
2983 399 3220 473 gladius
3254 399 3351 458 ille
3389 416 3584 460 saavus

218 480 474 552 μάχαιρα
512 480 543 536 ἡ
589 477 859 551 Θηριώδης
879 479 1044 540 ἐκείνη
1074 487 1164 535 καὶ
1203 479 1454 556 δίστομος
1483 505 1496 518 ·
1531 484 1826 557 ἐφιλονείκει

219 567 326 640 γὰρ
375 569 502 638 ἡμῖν
541 573 659 641 περὶ
710 577 801 630 τῆς
836 578 937 621 τῶν
967 569 1191 624 Ἀλανῶν
1229 579 1475 646 πατριᾶς,
1508 577 1599 627 καὶ
1637 573 1691 626 ἐκ
1728 583 1828 627 τῶν

219 661 474 727 ταμιείων
505 655 658 728 φόϐος
694 658 860 718 οὕτως
911 657 1182 712 ἀνέκυπτεν
1220 661 1382 735 ἔτερος
1408 680 1422 694 '
1455 667 1539 714 ναὶ
1563 665 1662 735 γὰρ
1689 664 1715 714 6
1742 667 1828 736 φό-

220 741 314 806 ϐος
353 743 490 816 ἐμοὶ,
525 746 607 797 ὅτι
643 743 783 818 μηδὲ
811 758 1138 808 κατανοῆσαι
1166 745 1315 822 εἶχον
1372 752 1506 812 ὅπως
1544 759 1616 822 τῷ
1654 753 1827 826 πράγ-

218 851 352 904 ματι
389 838 707 908 χρήσωμαι.

297 920 381 972 ιϐ’.
433 925 574 996 Πρός
609 931 779 976 ταῦτα
820 929 875 978 τί
902 945 1032 978 ποτε
1071 928 1245 979 οἴεσθέ
1272 946 1336 999 με
1363 929 1546 980 παθεῖν
1583 931 1672 980 τὸν
1710 925 1827 982 δει-

217 1009 309 1061 λὸν
366 1012 508 1083 ἱερέα
557 1017 646 1064 καὶ
693 1015 760 1066 τὰ
814 1020 908 1075 τῆς
958 1023 1309 1088 ποιμαντικῆς
1373 1014 1593 1089 ἀμαθῆ;
1635 1017 1826 1076 Δανιὴλ

214 1097 411 1160 ἂείνος
499 1108 596 1152 τῶν
683 1101 1048 1178 πρεσϐυτέρων
1141 1109 1328 1180 κριτὴς
1421 1107 1823 1179 προκαθέζεται,

216 1193 312 1240 καὶ
365 1196 469 1240 τῶν
525 1187 857 1262 βιασαμένων
929 1192 1356 1266 καταψηφίζεται
1387 1216 1400 1228 ·
1463 1199 1554 1248 καὶ
1609 1197 1640 1254 ἡ
1701 1195 1821 1268 βια-

219 1277 416 1330 σθεῖσα
473 1281 568 1335 τὴν
625 1275 782 1337 δίκην
842 1279 1122 1353 ἆκπέφευγε
1153 1303 1165 1315 ·
1221 1287 1311 1335 καὶ
1370 1289 1472 1337 ποῦ
1525 1287 1586 1336 τό
1626 1291 1826 1356 πνεῦμα

217 1365 460 1432 Aurea);
531 1373 715 1420 Καίτοι
763 1366 1059 1442 βιαιότερον
1109 1356 1169 1424 1'6
1225 1373 1470 1446 ἡμέτερον
1504 1391 1518 1404 ·
1576 1377 1670 1432 τήν
1721 1376 1823 1449 γὰρ

221 1456 565 1525 σωφροσύνην
613 1458 642 1513 ἡ
698 1457 816 1510 καθ’
858 1460 999 1530 ἡμᾶς
1047 1461 1291 1512 Σωσάννα
1317 1461 1729 1533 κατεζημίωται,
1767 1465 1824 1514 τὸ

217 1547 310 1614 μὲν
347 1543 560 1616 ἀγνοίᾳ,
600 1549 659 1597 τὸ
691 1542 744 1598 δ’
784 1546 976 1622 ἔρημίᾳ
1028 1557 1120 1602 τοῦ
1175 1548 1554 1622 βοηθήσοντος.
1586 1549 1654 1602 Ὢ
1691 1547 1822 1604 δυσ-

216 1637 432 1704 πραγὴς
467 1634 738 1708 ἄνθρωπος
792 1633 913 1706 ἐγὼ,
961 1642 1051 1690 καὶ
1088 1645 1183 1690 τοῦ
1237 1639 1402 1710 ζυγοῦ
1452 1638 1638 1714 βαρέος
1674 1639 1828 1701 εὐθὺς

1937 488 2216 561 utrinque
2246 494 2554 546 exacutus.
2594 490 2905 546 Invidebat
2955 489 3117 546 enim
3155 489 3333 546 nobis
3371 491 3585 548 Alano-

1933 589 2070 632 rum
2127 578 2383 648 patriam
2406 619 2420 645 ,
2481 583 2536 635 et
2588 579 2763 652 quasi
2822 578 2896 635 de
2961 579 3376 652 promptuario
3432 579 3586 636 alius

1936 665 2284 734 emergebat
2332 667 2530 725 timor.
2561 667 2772 740 Utique
2795 666 2859 723 in
2885 666 3101 723 timore
3135 667 3443 736 versabar,
3475 668 3583 740 qui

1934 767 2131 825 neque
2154 755 2489 825 excogitare
2517 759 2814 829 poteram,
2845 755 3370 828 quemadmodum
3408 771 3482 813 ea
3518 755 3582 812 in

1933 854 1998 897 re
2028 855 2125 896 me
2155 855 2444 912 gererem.

2010 933 2092 984 t9.
2142 930 2232 986 Ad
2259 931 2392 988 haec
2434 931 2582 1004 quid
2610 947 2708 989 me
2736 932 3090 989 existimatis
3133 937 3276 989 tunc
3325 947 3579 1005 passum

1934 1015 2134 1089 fuisse,
2194 1019 2473 1076 timidum
2520 1020 2894 1078 sacerdotem
2949 1025 3008 1078 et
3058 1021 3375 1094 pastoralis
3437 1021 3579 1077 artis

1931 1105 2252 1176 ignarum?
2278 1108 2486 1166 Daniel
2504 1108 2598 1165 ille
2625 1109 2930 1166 seniorum
2943 1109 3132 1181 judex
3154 1109 3341 1180 sedet,
3369 1111 3428 1166 et
3456 1112 3578 1165 tur-

1932 1197 2026 1268 pis
2052 1197 2349 1254 violentiae
2373 1213 2508 1254 reos
2531 1199 2814 1264 damnat;
2843 1203 2900 1254 et
2926 1198 3028 1256 illa
3049 1198 3173 1254 vim
3202 1213 3388 1270 passa
3401 1197 3578 1254 dam-

1931 1285 2238 1343 nationem
2263 1287 2487 1344 vitavit.
2528 1290 2596 1344 Et
2624 1287 2874 1344 ubinam
2899 1286 3160 1343 Danielis
3190 1286 3432 1357 spiritus
3451 1287 3479 1341 ‘I
3511 1288 3584 1343 Et

1932 1378 2136 1431 tamen
2178 1379 2366 1432 status
2415 1380 2618 1434 noster
2655 1375 2972 1433 violentior
3023 1379 3170 1433 erat.
3210 1374 3439 1431 Etenim
3472 1376 3580 1432 Su-

1935 1480 2129 1522 sanna
2159 1470 2364 1523 nostra
2391 1467 2591 1538 majus
2619 1465 2920 1539 pudicitiae
2949 1465 3373 1522 detrimentum
3399 1477 3582 1537 passa

1931 1556 2338 1628 est,adjutoris
2361 1557 2580 1628 partim
2597 1555 3072 1628 inscitia,partim
3093 1554 3366 1626 ejusdem
3385 1554 3582 1626 priva-

1932 1647 2112 1702 tione.
2145 1648 2188 1702 Ο
2214 1645 2417 1702 infelix
2441 1660 2555 1716 ego
2595 1645 2804 1714 homo,
2834 1648 2893 1700 et
2921 1659 3104 1715 grave
3134 1643 3353 1715 jugum
3381 1641 3585 1698 statim

217 1721 572 1793 αἰσθόμενοςί
617 1721 684 1775 Ἦ
737 1729 811 1795 μή
867 1743 991 1778 ποτε
1019 1727 1046 1777 ὁ
1084 1730 1174 1800 μὲν
1219 1727 1383 1800 ζυγὸς
1413 1732 1677 1804 χρηστός,
1735 1734 1826 1782 καὶ

1940 1735 2247 1808 expertus!
2290 1739 2380 1791 An
2429 1735 2630 1807 potius
2679 1735 2896 1806 jugum
2942 1732 3191 1806 quidem
3243 1747 3424 1789 suave
3472 1734 3582 1797 est,

215 1813 276 1860 τὸ
315 1815 529 1882 φορτίον
566 1813 714 1864 ἐστὶν
767 1811 982 1886 ἐλαφρόν
1012 1829 1029 1846 ⁸
1083 1814 1354 1888 τολμηρῶς
1385 1813 1437 1869 δ’
1468 1816 1830 1889 ἔπηυχενισά-

213 1917 321 1969 μην
401 1898 580 1967 αὐτὸς,
655 1904 746 1952 καὶ
819 1904 966 1974 παρὰ
1037 1909 1190 1957 τοῦτο
1265 1912 1356 1966 τῆς
1407 1904 1650 1979 ἕλαφρίας
1709 1903 1833 1960 οὐδὲ

213 1991 586 2062 πεπείραμαις
622 1987 683 2040 '0
720 1991 820 2064 γὰρ
878 1995 951 2063 μὴ
989 1994 1076 2044 τόν
1131 1997 1358 2067 σταυρὸν
1409 1993 1486 2047 ἔπ’
1519 1999 1657 2066 ὦμον
1697 1994 1832 2069 ἆρά-

214 2094 364 2148 μενος
440 2081 692 2152 πρότερον
766 2083 857 2131 καὶ
928 2084 1050 2150 περὶ
1124 2085 1213 2140 τὴν
1288 2087 1551 2155 κοσμικὴν
1645 2082 1832 2156 ἀργίαν

212 2169 485 2238 γενόμενος
534 2165 772 2241 ἐντριϐὴς
823 2177 928 2229 πῶς
985 2168 1046 2221 ἆν
1090 2175 1180 2222 καὶ
1237 2173 1326 2223 τὸν
1394 2171 1595 2244 αὐχένα
1631 2172 1828 2235 κλίνας,

215 2257 278 2306 τὸ
329 2261 536 2327 πνεῦμα
587 2257 895 2330 παράθηται
946 2266 1019 2330 τῷ
1085 2259 1293 2335 Πατρί;
1341 2259 1450 2314 ἐπεὶ
1504 2266 1728 2325 καὶτῆς
1783 2261 1831 2315 ἂν

222 2351 302 2413 τῷ
330 2341 508 2415 ἀγαθῷ
561 2342 798 2418 βασίμού
843 2342 1098 2421 ἱδρύσεως
1138 2351 1196 2400 τὸ
1236 2353 1482 2424 ποτήριον
1507 2353 1834 2426 προτεθεῖται

222 2437 322 2483 καὶ
360 2434 419 2484 τὸ
453 2431 750 2506 βάπτισμα.
797 2434 867 2487 Ὠ
895 2431 1246 2510 δυσμήχανος
1295 2437 1489 2514 ἐχθρὸς
1526 2441 1553 2492 6
1606 2441 1834 2513 ἀρχαῖος

221 2520 486 2594 πολέμιος,
515 2522 568 2584 ὃς
598 2526 687 2575 τὸν
723 2525 814 2596 μεν
867 2519 1074 2578 δίκαιον
1105 2525 1385 2590 ἆξαιτεῖται
1417 2542 1432 2558 °
1463 2527 1522 2580 ού
1559 2531 1662 2602 γὰρ
1691 2531 1712 2564 ⁹
1743 2530 1835 2582 αύ-

215 2613 372 2664 τόθεν
405 2613 656 2687 πειράσαι
710 2609 1000 2672 δεδύνηται
1029 2625 1043 2644 ⁸
1097 2618 1187 2668 τὸν
1236 2613 1289 2670 δ’
1339 2617 1506 2679 ἄλλως
1546 2616 1830 2692 ἀϐέλτερον,

220 2704 313 2752 καὶ
367 2709 642 2754 καταπιεῖν
704 2699 1031 2776 δοκιμάζειι
1090 2705 1151 2758 Εἰ
1212 2702 1272 2759 δι
1325 2711 1447 2782 περὶ
1512 2709 1654 2779 ἡμᾶς
1701 2707 1835 2761 οὕτω

206 2793 326 2851 τοὺς
357 2789 737 2866 Scytha-rip»;
774 2799 866 2846 καὶ
893 2797 1017 2857 τοὺς
1051 2802 1258 2871 μικροῖς
1306 2796 1680 2869 παλαίσμασιν
1712 2797 1820 2850 ἑτοι

206 2897 342 2952 μονς
381 2888 695 2934 καταπεσεῖν
745 2882 930 2944 ἡλίκος
984 2881 1046 2935 ἂν
1097 2882 1386 2944 ἐνσκήπτει
1441 2893 1550 2947 τοῖς
1594 2885 1837 2958 μεγάλοις

206 2967 534 3040 ἀγωνισταῖς
595 2976 688 3025 καὶ
747 2973 908 3035 ὅντως
968 2969 1388 3050 σταδιοδρόμοις
1449 2981 1546 3028 τοῦ
1600 2978 1836 3048 πνεύμα-

205 3076 334 3126 rec;

281 3166 348 3223 κ’.
390 3171 463 3222 Τό
509 3185 571 3240 γε
620 3171 724 3240 μὴν
762 3167 882 3240 ἐμόν
917 3169 990 3231 εἰς
1041 3168 1346 3243 ἀμηχανίαν
1396 3169 1483 3244 ὶμὶ
1536 3173 1812 3245 περιέστη-

211 3273 300 3309 σεν
331 3273 349 3286 ’
407 3255 468 3308 ού
503 3260 610 3331 γὰρ
660 3255 807 3329 εἶχον
848 3256 1222 3318 ἀποσκοπῆσαι
1258 3262 1389 3333 πρὸς
1445 3260 1579 3313 οὕτω
1607 3265 1820 3334 γενόμε-

209 3364 296 3397 νον
343 3347 518 3419 ἕτερον
549 3359 566 3376 ⁶
625 3341 754 3399 ούδί
787 3365 871 3409 τις
906 3352 1081 3423 πατὴρ
1330 3345 1457 3402 ούδί
1498 3369 1575 3410 τις
1629 3353 1822 3423 μείζων

211 3429 434 3505 ἄδελῳός
489 3442 562 3505 τῷ
627 3432 767 3506 λόγῳ
827 3439 918 3487 καὶ
983 3441 1049 3507 τῇ
1125 3439 1284 3510 πείρᾳ
1336 3432 1704 3510 δοκιμασθεὶς,
1765 3440 1829 3489 ἶν’

209 3524 512 3575 ύπόθοιντο.
578 3527 681 3576 Καὶ
741 3519 804 3581 ἧν
855 3524 947 3596 μεν
1013 3527 1074 3576 τὸ
1125 3531 1348 3599 πρᾶγμα
1382 3526 1510 3599 ὑπὲρ
1556 3530 1652 3585 τὴν
1703 3525 1828 3600 ἐμὴν

211 3611 422 3682 σκέψιν,
490 3616 580 3664 καὶ
643 3615 882 3684 μείζονος
957 3608 1271 3686 δεδεημένον
1331 3618 1421 3666 καὶ
1481 3617 1639 3677 ὄντως
1710 3615 1830 3688 ὑμε-

205 3705 387 3776 τέρας,
430 3696 473 3752 ὦ
527 3701 688 3777 πάτερ
745 3706 838 3755 καὶ
882 3698 1120 3775 arma,
1177 3709 1274 3764 τῆς
1318 3702 1369 3755 ἕν
1410 3706 1660 3777 πνεύματι
1701 3700 1827 3757 δια-

207 3794 457 3864 κρίσεως.
535 3795 636 3844 Καὶ
709 3791 951 3862 ἠγνόησα
1023 3787 1140 3844 οὐδ’
1193 3791 1370 3862 αὐτὸς,
1448 3796 1634 3868 καίπερ
1710 3789 1830 3846 οὐδ’

209 3881 368 3951 ἔγνων
443 3881 514 3940 ὡς
586 3877 648 3930 δα
722 3877 990 3953 ἔπιχειροῖ
1058 3899 1162 3934 τινι
1234 3886 1354 3957 περὶ
1421 3884 1614 3934 τούτων
1671 3885 1825 3956 ἕργῳυ

213 3969 442 4042 Ἐθέμην
497 3965 556 4021 δε
616 3967 802 4042 ἀργίαν
847 3972 984 4023 κατὰ
1051 3974 1267 4040 σκοπὸν,
1321 3971 1414 4034 ἓως
1481 3970 1540 4023 ἂν
1593 3971 1825 4044 ἕξενέγκῃ

205 4057 386 4130 ψῆφον
425 4057 538 4130 μετ’
578 4057 988 4130 ἂπιστημονικῆς
1049 4056 1371 4131 δοκιμασίας
1408 4063 1440 4119 ἡ
1485 4066 1824 4119 κοινωνητικὴ

216 4155 322 4199 τῶν
365 4154 460 4199 τοῦ
508 4145 666 4218 λόγοῦ
703 4151 1045 4222 προεστώτων
1101 4150 1394 4222 ὁμοτονοία.
1427 4149 1563 4204 Ἀλλ’
1604 4152 1634 4208 ἠ
1688 4148 1827 4224 βαρ-

211 4233 408 4311 ϐαρικὴ
451 4237 682 4298 ἐπίθεσις
705 4241 796 4288 καὶ
841 4239 871 4295 ἡ
921 4236 1112 4309 ἄλογος
1162 4237 1279 4311 βία,
1331 4244 1422 4292 καὶ
1461 4243 1518 4292 τὸ
1549 4238 1827 4311 ἀναγκαῖον

209 4331 302 4376 τοῦ
343 4329 640 4398 χρήματος,
683 4329 773 4377 καὶ
809 4327 869 4377 τὸ
899 4323 986 4398 ἀφ’
1030 4327 1174 4399 ὑμῶν
1227 4323 1497 4401 δυστυχὲς
1552 4325 1830 4400 διάστημα

210 4417 274 4474 ὡς
304 4413 410 4465 ἀπὸ
465 4422 564 4465 τῶν
616 4413 819 4466 κόλπων
855 4421 948 4466 τού
979 4413 1239 4489 Ἀϐραὰμ,
1295 4420 1354 4469 τὸ
1407 4426 1500 4479 τῆς
1547 4423 1826 4472 κακώσεως
1862 4453 1906 4512 D

213 4498 498 4576 δυσχερές.
558 4507 657 4555 Καὶ
730 4505 820 4563 τὰς
894 4503 1087 4571 αἰτίας,
1148 4504 1191 4556 εἰ
1267 4503 1519 4577 βούλεσθε
1591 4505 1817 4578 ἀκούειν,

215 4591 396 4663 ἓχοίμ’
436 4589 498 4642 ἂν
549 4590 736 4662 λέγειν.
787 4592 849 4644 Εἰ
897 4594 988 4666 μὲν
1027 4594 1239 4668 ἄκυρος,
1275 4599 1456 4666 φησὶν,
1498 4597 1527 4653 ἡ
1562 4597 1832 4668 νομισθεῖ-

219 4697 293 4731 σα
327 4681 660 4754 χειροθεσία,
702 4678 828 4733 ἀλλά
881 4684 948 4734 σὺ
985 4689 1267 4743 κανονικῶς
1294 4687 1581 4759 χειροτόνει
1607 4697 1622 4713 ⁸
1677 4683 1721 4737 εἰ
1768 4681 1831 4749 δὲ

213 4774 486 4831 κατοκνεῖς
555 4772 618 4821 τὸ
691 4771 858 4844 ἔργον,
917 4772 975 4824 ἔα
1041 4773 1317 4846 ἱερατεύειν
1397 4775 1520 4834 τοὺς
1593 4775 1832 4826 ὁπωσοῦν

215 4857 510 4920 ἀξιωθῆναι
582 4862 918 4931 νομίσαντας.
993 4865 1155 4914 Τοῦτο
1219 4864 1310 4933 μὲν
1383 4861 1478 4914 ούκ
1538 4861 1599 4913 ἂν
1653 4861 1831 4930 αὐτὸς,

218 4949 365 5020 Ξγην,
420 4947 688 5006 ὑποσταίη
748 4951 894 5018 ποτε,
966 4949 1102 5002 οὕτω
1167 4946 1380 5004 διδόναι
1433 4953 1651 5014 τούτους
1698 4953 1831 5027 ἱερᾶ·

223 5039 373 5104 σθαι,
432 5037 462 5088 ὁ
503 5041 596 5089 καὶ
647 5045 722 5110 τῷ
779 5043 1102 5112 γεγενημένῳ
1142 5036 1416 5114 δυσφόρως
1468 5042 1606 5114 ἔχων
1636 5055 1651 5072 ⁸
1708 5061 1832 5116 χει-

217 5133 448 5202 ροτονεῖν
489 5123 549 5180 δέ
587 5134 696 5190 πῶς
744 5125 806 5180 ἂν
843 5127 937 5181 οὐκ
986 5127 1264 5203 ὄκήσαιμι,
1296 5129 1392 5183 οὐκ
1442 5129 1600 5184 ἐκεῖνο
1640 5126 1830 5193 δεδιὼς

221 5219 292 5289 μή
337 5231 468 5270 ποτε
513 5221 603 5270 καὶ
662 5215 1076 5294 ἂναχιιροτονεῖν
1135 5216 1389 5293 ὃοξαιμι;
1446 5222 1566 5296 ὅπερ
1618 5221 1644 5272 ὁ
1703 5222 1835 5293 ἱερὸς

225 5302 594 5378 ἆπεδσκίμασε
628 5311 807 5380 νόμος.
840 5331 868 5359 (ι
887 5305 1030 5361 ⁴Ὀσα
1047 5310 1150 5384 γὰρ
1181 5310 1208 5361 ὁ
1235 5313 1390 5383 νόμος
1417 5309 1575 5381 λέγει,
1603 5316 1710 5370 τοῖς
1734 5311 1835 5362 ύπὸ

225 5397 382 5469 νόμον
409 5395 575 5449 λαλεῖ·
610 5416 640 5448 ιι
690 5401 781 5451 καὶ
817 5397 850 5457 ἢ
901 5395 1303 5475 ἁναχειροτονία
1351 5393 1528 5467 δῆθεν,
1564 5398 1607 5452 εἰ
1634 5417 1836 5452 κανονι-

310 5631 333 5668 ⁹
367 5631 510 5688 Luc.
544 5645 690 5702 xxii,
721 5633 808 5689 31.
889 5631 935 5669 ¹⁰
959 5633 1132 5693 Rom.
1161 5647 1245 5707 ιιι,
1278 5635 1363 5691 l9.

1937 1830 1994 1881 et
2017 1841 2172 1880 onus
2195 1824 2345 1894 leve,
2380 1839 2492 1895 ego
2537 1839 2680 1881 vero
2718 1821 3136 1880 contumacius
3175 1820 3399 1878 collum
3447 1817 3588 1876 sub-

1937 1916 2101 1984 duxi,
2153 1915 2410 1988 ideoque
2456 1929 2568 1970 nec
2611 1914 2910 1970 levitatem
2937 1912 3095 1968 illius
3124 1910 3395 1982 agnovi?
3435 1912 3588 1966 Nam

1939 2005 2044 2077 qui
2073 2020 2310 2061 crucem
2358 2003 2625 2060 humeris
2676 2017 2800 2059 non
2851 2001 3000 2068 tulit,
3051 2003 3109 2056 et
3151 2001 3214 2055 in
3268 1997 3589 2054 mundana

1939 2093 2182 2165 ignavia
2201 2098 2474 2150 versatus
2501 2095 2611 2158 est,
2631 2089 2944 2164 quomodo
2973 2088 3266 2145 cervicem
3287 2086 3589 2143 inclinans

1938 2182 2211 2255 spiritum
2239 2182 2391 2238 Patri
2415 2179 2830 2238 commendet?
2848 2176 3350 2250 Quandoquidem
3375 2178 3433 2232 et
3449 2177 3588 2231 ante

1940 2271 2152 2328 stabile
2192 2271 2254 2328 in
2278 2271 2442 2327 bono
2461 2269 2944 2336 fundamentum,
2972 2265 3126 2323 calix
3153 2263 3509 2338 proponitur
3532 2265 3591 2318 et

1939 2360 2262 2434 baptisma.
2306 2359 2561 2417 Callidus
2597 2358 2807 2428 hostis,
2843 2360 2902 2414 et
2925 2355 3160 2428 priscus
3201 2351 3588 2411 adversarius

1936 2451 2168 2523 justum
2197 2450 2505 2507 hominem
2532 2448 2782 2520 expetit;
2818 2461 3014 2518 neque
3036 2444 3196 2500 enim
3225 2442 3343 2499 illic
3361 2444 3590 2498 tentare

1940 2540 2133 2613 potuit
2155 2543 2210 2605 9;
2243 2543 2304 2596 at
2329 2537 2639 2596 hominem
2663 2551 2771 2609 per
2799 2551 2860 2591 se
2884 2533 3227 2600 vecordem,
3247 2529 3591 2588 vorandum

1943 2628 2123 2685 etiam
2147 2627 2465 2684 existimat.
2500 2624 2673 2692 Quod
2700 2624 2750 2680 si
2767 2621 2918 2680 tales
2944 2621 3230 2679 adversus
3253 2635 3366 2676 nos
3397 2621 3490 2675 est
3513 2621 3594 2674 te-

1943 2718 2184 2775 nuiores
2213 2720 2271 2772 et
2297 2715 2527 2772 levibus
2569 2727 2814 2787 quoque
2839 2709 3268 2768 certaminibus
3309 2723 3594 2764 succum-

1942 2807 2085 2865 bere
2107 2806 2336 2872 solitos,
2364 2807 2626 2879 quantus
2650 2801 2747 2859 ille
2770 2802 3011 2872 ingruet
3039 2799 3278 2870 magnis
3331 2796 3588 2865 athletis,

1943 2901 2003 2955 et
2030 2911 2168 2954 vere
2189 2895 2250 2952 in
2279 2894 2522 2968 spiritus
2554 2891 2750 2950 stadio
2779 2888 3156 2948 currentibus
3174 2890 3204 2944 ‘I
3266 2893 3308 2906 ‘“

2006 3169 2097 3222 29.
2114 3163 2203 3220 Ad
2221 3176 2318 3219 me
2343 3160 2510 3234 quod
2535 3159 2760 3224 attinet,
2775 3157 2837 3213 in
2861 3153 3311 3230 perplexitatem
3331 3165 3585 3226 prorsus

1937 3253 2158 3312 incurri
2190 3269 2203 3308 :
2236 3266 2359 3308 non
2385 3251 2546 3305 enim
2571 3248 2652 3306 ad
2681 3246 2866 3303 alium
2895 3241 3174 3318 quemvis
3203 3241 3304 3299 tali
3334 3241 3397 3298 in
3426 3240 3586 3296 facto

1936 3344 2236 3416 respicere
2288 3342 2603 3413 poteram:
2645 3351 2840 3408 neque
2882 3333 3098 3406 aliquis
3133 3333 3306 3406 pater
3358 3329 3587 3398 aderat,

1936 3448 2134 3506 neque
2162 3430 2360 3502 major
2384 3427 2582 3498 frater,
2612 3424 2884 3482 doctrina
2903 3429 2961 3480 et
2987 3421 3352 3495 experientia
3369 3418 3590 3492 proba-

1939 3529 2053 3590 tus,
2081 3521 2188 3594 qui
2233 3517 2549 3576 consilium
2598 3513 3070 3588 suppeditarent.
3103 3513 3359 3582 Eratque
3407 3507 3590 3580 plane

1939 3627 2124 3684 supra
2153 3625 2354 3666 meam
2399 3604 2855 3677 intelligentiam
2902 3601 3234 3673 negotium,
3261 3614 3332 3656 ac
3361 3597 3591 3668 majore

1937 3701 2216 3773 indigens
2262 3711 2525 3770 vereque
2553 3699 2772 3758 vestra,
2805 3710 2843 3750 ο
2871 3695 3044 3766 pater
3071 3695 3128 3748 et
3155 3689 3388 3757 fratres,
3417 3685 3591 3760 spiri-

1939 3790 2041 3848 tali
2071 3787 2442 3846 discretione.
2499 3788 2701 3858 Neque
2737 3784 2865 3857 ipse
2890 3779 3182 3854 ignoravi,
3233 3791 3591 3852 quanquam

1936 3879 2103 3936 haud
2135 3892 2427 3934 noveram
2451 3875 2573 3932 fore
2605 3877 2670 3930 ut
2699 3872 2945 3946 aliquOd
2976 3867 3275 3942 ejusmodi
3313 3882 3468 3938 opus
3494 3863 3592 3920 ille

1939 3967 2384 4041 aggrederetur.
2417 3966 2486 4022 Et
2513 3964 2702 4021 otium
2740 3959 3068 4032 interposui
3092 3956 3377 4022 studiose,
3398 3954 3593 4010 donec

1937 4075 2060 4116 non
2109 4059 2234 4114 sine
2275 4057 2568 4129 prudente
2608 4052 3011 4125 experimento
3041 4045 3396 4116 suffragium
3418 4043 3595 4099 ferret

1937 4147 2279 4206 communis
2310 4145 2547 4202 illorum
2572 4142 2676 4216 qui
2694 4138 3011 4210 Evangelia
3031 4138 3302 4210 praesunt
3324 4131 3592 4206 mquabi-

1939 4240 2090 4296 litas.
2127 4235 2241 4293 Sed
2269 4233 2590 4292 barbarica
2619 4229 2900 4298 incursio,
2923 4231 2981 4283 et
3000 4228 3220 4282 insana
3247 4223 3355 4294 vis,
3397 4226 3455 4278 et
3480 4235 3592 4276 ne-

1939 4327 2083 4398 gotii
2129 4322 2484 4389 necessitas,
2512 4325 2569 4378 et
2609 4318 2812 4375 infelix
2864 4331 3004 4373 mea
3053 4331 3090 4372 a
3117 4313 3290 4370 vobis
3319 4309 3594 4368 absentia

1936 4421 2228 4489 tanquam
2259 4413 2338 4470 ab
2387 4407 2717 4467 Abrahami
2746 4407 2900 4478 sinu,
2927 4419 3214 4462 aerumnae
3253 4399 3594 4458 molestiam

1941 4505 2234 4578 gravavit.
2271 4501 2425 4568 Quin
2455 4505 2513 4557 et
2541 4513 2777 4566 causas,
2810 4498 2858 4552 si
2889 4495 3075 4552 avetis
3097 4492 3327 4560 audire,
3353 4489 3552 4546 dicam
3577 4502 3591 4541 :

1945 4577 2004 4652 Si
2050 4595 2214 4650 irrita
2237 4597 2343 4659 est,
2371 4591 2632 4656 aiebam,
2665 4587 2767 4644 illa
2812 4602 2950 4660 quae
2984 4583 3243 4641 creditur
3270 4577 3592 4645 ordinatio,

1941 4689 2006 4740 tu
2033 4681 2281 4756 quidem
2313 4678 2599 4737 canonice
2651 4676 2884 4733 ordina.
2922 4674 3022 4731 Sin
3073 4673 3135 4728 id
3165 4685 3343 4741 agere
3370 4665 3593 4735 renuis,

1939 4755 2072 4834 sine
2097 4788 2201 4829 eos
2229 4769 2562 4827 sacerdotio
2603 4765 2774 4836 fungi
2799 4764 2904 4837 qui
2933 4767 3238 4833 utcunque
3265 4774 3326 4814 se
3361 4755 3597 4812 ordina-

1945 4869 2038 4920 tos
2065 4856 2610 4930 existimant.Atqui
2633 4857 2748 4912 hoc
2772 4865 3164 4926 nequaquam
3183 4847 3300 4916 ille,
3331 4843 3593 4910 aiebam,

1943 4951 2088 5007 feret
2151 4964 2446 5022 unquam,
2509 4959 2704 5019 neque
2768 4942 2863 4998 his
2915 4939 3214 5012 permittet
3260 4931 3599 5022 sacerdotio

1943 5040 2130 5110 fungi,
2174 5021 2279 5112 qui
2317 5041 2376 5094 et
2409 5035 2636 5092 factum
2675 5046 2838 5103 aegro
2875 5029 3080 5086 animo
3130 5026 3260 5083 fert.
3313 5021 3603 5112 Ordinare

1945 5136 2148 5188 autem
2195 5111 2408 5202 quidni
2446 5127 2778 5194 cunctarer,
2819 5134 3016 5193 neque
3053 5117 3326 5174 timerem
3366 5111 3604 5187 quomi-

1944 5237 2060 5278 nus
2094 5201 2245 5276 forte
2265 5218 2481 5274 iterum
2502 5213 2782 5270 ordinare
2809 5209 3042 5266 viderer
3061 5207 3090 5263 ?
3113 5205 3279 5280 quod
3312 5219 3489 5260 sacra
3507 5201 3604 5257 lex

1945 5313 2144 5367 vetat:
2173 5330 2202 5358 «
2243 5311 2392 5365 Nam
2430 5315 2811 5378 quaecunque
2850 5298 2944 5356 lex
2972 5295 3258 5369 loquitur,
3289 5294 3362 5350 iis
3397 5289 3503 5364 qui
3541 5289 3606 5378 in

1943 5401 2076 5472 lege
2109 5377 2531 5471 suntloquitur
2555 5395 2626 5449 ιο.
2665 5413 2693 5441 ››
2722 5391 3170 5463 Proptereaque
3207 5385 3417 5442 iterata
3453 5377 3610 5438 ordi-
