4106 6222
519 236 623 291 407
1672 230 2025 289 THEODORI
2061 229 2173 287 ALl

2281 232 2343 286 Ε
2380 229 2712 290 EPISCOPI.
3740 236 3851 292 408

514 356 701 425 natio,
749 354 1087 414 dummodo
1137 355 1272 429 quis
1309 356 1596 413 canonice
1634 361 1812 412 antea
1847 353 2160 411 ordinatus

2281 362 2370 417 ιῶς
2403 373 2483 417 τις
2506 364 2706 431 πρῶτον
2754 355 3128 430 ἕχειροθετεῖτο
3153 360 3224 421 ὡς
3251 359 3309 411 τὸ
3339 357 3431 410 οὐκ
3481 356 3549 429 ἐφ’
3576 359 3701 428 ἡμῖν
3729 372 3743 387 ⁸
3775 360 3861 417 τίς

512 446 709 517 fuerit,
752 445 915 518 apud
942 460 1053 501 nos
1099 459 1222 501 non
1262 445 1626 514 agnoscitur.
1667 444 1807 510 Quis
1829 443 2160 500 ordinatio-

2281 446 2374 518 γὰρ
2404 450 2731 520 χειροτονίαν
2752 445 3024 518 λογίσαιτο
3053 448 3199 523 παρὰ
3219 454 3311 500 τοῦ
3336 451 3408 520 μὴ
3433 444 3676 507 λαϐόντος
3700 446 3867 519 χάριν

514 549 658 590 nem
688 534 985 589 existimet
1004 533 1087 588 ab
1107 549 1179 588 eo
1202 533 1466 606 ﬁeri,qui
1495 534 1753 604 gratiam
1780 548 1904 589 non
1931 529 2164 603 accepit

2281 537 2334 595 Si;
2363 539 2453 587 καὶ
2491 530 2701 588 διδόναι
2726 551 2741 602 ;

522 638 710 696 quam
748 622 1015 678 vicissim
1051 622 1476 694 impertiatur?

588 715 678 766 2t.
719 711 910 781 Atque
948 710 1079 766 haec
1116 711 1177 766 in
1218 715 1583 778 transcursu,
1625 716 1800 784 prout
1851 726 2022 766 sacra
2060 708 2164 764 do-
2343 713 2448 767 m’.

517 799 709 855 ctrina
751 798 947 855 tradit.
990 798 1099 855 Sed
1141 798 1308 870 quod
1348 800 1669 856 absurdius
1707 804 1814 865 est,
1847 798 2167 855 videbatur

512 887 628 945 illis
686 886 831 943 satis
886 887 948 943 id
1004 902 1159 957 esse,
1202 888 1645 961 quantumlibet
1679 887 1986 961 quispiam
2024 886 2167 943 hinc

518 977 841 1034 falleretur.
866 980 995 1032 Non
1023 976 1139 1033 hoc
1168 977 1364 1049 igitur,
1398 978 1506 1034 sed
1541 977 1686 1050 quia
1712 978 1776 1033 in
1800 976 1950 1047 legis
1982 973 2167 1031 viola-

519 1069 747 1123 tionem
786 1065 1121 1123 inciderant
1156 1065 1408 1138 profane
1442 1065 1778 1123 sacerdotio
1800 1065 2120 1135 fungentes
2149 1077 2164 1116 :

520 1162 577 1214 et
588 1172 733 1214 sane
749 1154 1210 1212 insusurrabant
1229 1155 1427 1212 surdis
1444 1160 1501 1212 et
1520 1154 1864 1212 carnalibus
1880 1170 2017 1227 quae
2032 1155 2173 1208 sunt

521 1246 789 1318 spiritus.
814 1247 899 1301 Me
926 1248 1129 1301 tamen
1149 1260 1271 1300 non
1292 1249 1417 1300 tam
1447 1245 1662 1300 insana
1687 1243 1927 1299 illorum
1949 1240 2173 1298 violen—

522 1335 622 1401 tia,
644 1351 833 1408 quam
863 1349 1084 1405 urgens
1108 1333 1192 1389 rei
1216 1333 1568 1404 necessitas,
1595 1332 1892 1406 permovit
1920 1348 1933 1386 :
1958 1353 1988 1382 «
2020 1334 2168 1388 Nam

519 1423 756 1491 messis,
798 1422 990 1494 inquit
1028 1422 1433 1493 Evengelium,
1475 1422 1712 1487 multa;
1769 1420 2031 1494 operarii
2068 1434 2170 1475 au-

520 1518 643 1569 tem
682 1511 962 1583 pauci";
1007 1529 1033 1558 ›
1073 1525 1504 1584 quamcunque
1550 1509 1801 1588 demum
1837 1508 1975 1581 quis
2012 1507 2173 1564 dicat

519 1600 680 1656 hanc
702 1602 1045 1667 messem,et
1072 1614 1469 1671 quoscunque
1492 1598 1604 1655 hos
1625 1597 1958 1671 operarios.
1974 1595 2170 1652 Audio

521 1688 684 1745 enim
712 1688 1128 1761 peregrinatos
1154 1688 1336 1744 fuisse
1356 1687 1687 1762 aliquando
1708 1686 1889 1744 etiam
1918 1684 2169 1759 patriar-

523 1777 672 1834 chas
700 1776 852 1843 illos,
895 1777 1000 1848 qui
1025 1781 1083 1832 et
1121 1776 1235 1832 sibi
1263 1792 1452 1850 panes
1476 1776 1805 1846 habebant,
1847 1780 1906 1833 et
1936 1776 2172 1847 jumen-

524 1866 597 1923 tis
626 1865 873 1939 pabula.
903 1869 1104 1937 Neque
1128 1864 1395 1937 profecto
1412 1880 1525 1921 nos
1552 1864 1758 1936 rejicit,
1774 1864 2010 1937 corpori
2037 1862 2173 1919 licet

522 1958 813 2027 terraeque
865 1953 1121 2021 deditos,
1170 1952 1370 2009 bonus
1401 1952 1495 2009 ille
1525 1953 1823 2023 agricola;
1873 1955 2169 2026 pastores,

518 2042 774 2114 inquam
799 2045 856 2097 et
895 2056 1128 2111 greges,
1148 2046 1206 2097 et
1228 2056 1492 2111 congrue
1529 2041 1697 2098 alteri
1726 2041 1981 2098 alterum
2022 2040 2171 2097 assi-

520 2136 701 2203 gnat;
739 2130 864 2199 tali,
911 2130 1185 2203 inquam,
1228 2130 1435 2200 messi,
1477 2130 1626 2187 tales
1673 2131 2004 2204 operarios.
2046 2133 2169 2201 Ego

513 2220 700 2291 igitur
728 2219 812 2275 ita
840 2221 1229 2291 comparatus
1259 2234 1449 2288 eram,
1490 2224 1556 2276 ut
1592 2220 1739 2277 nihil
1781 2220 2012 2293 absque
2042 2234 2167 2275 ves-

520 2314 609 2366 tro
639 2306 888 2365 consilio
924 2322 1123 2364 essem
1144 2312 1406 2365 acturus.

2511 719 2609 767 Καὶ
2664 721 2830 766 ταῦτα
2865 709 3280 789 παροδευτικῶς,
3333 715 3401 774 ὡς
3458 714 3484 765 6
3537 711 3687 785 λόγος
3740 707 3873 769 ἐδή-

2273 800 2409 854 λωσε
2440 823 2452 835 ο
2500 805 2558 854 τό
2591 798 2641 855 δ’
2684 801 3022 876 ἀτοπώτερον,
3063 804 3131 865 ὡς
3183 799 3355 865 ἔδοξεν
3404 800 3467 853 ἂν
3522 805 3727 862 τούτοις
3759 802 3877 852 ἱκα-

2273 899 2371 952 νῶς
2416 892 2575 962 ἔχειν,
2632 888 2729 942 κᾶν
2768 892 2915 953 ὅστις
2967 890 3158 953 αύτούς
3214 894 3306 944 καὶ
3361 891 3497 951 ὅπως
3532 888 3750 960 ἀπατῴη
3812 889 3874 940 τὸ

2277 977 2379 1031 ἀπὸ
2425 974 2601 1031 τοῦδε.
2659 978 2736 1031 Οὐ
2774 985 2929 1032 τοῦτο
2974 983 3166 1047 τοίνυν,
3199 977 3306 1031 ἀλλ’
3332 980 3415 1032 ὅτι
3450 997 3545 1054 περ
3599 977 3667 1038 εἰς
3704 995 3876 1052 παρα-

2276 1071 2458 1141 νομίαν
2504 1066 2826 1121 κατώλισθον
2876 1071 2934 1120 τὸ
2974 1066 3183 1143 ἀνιερῶς
3236 1069 3529 1142 ίερατεῦσαι
3559 1082 3572 1095 ·
3627 1064 3879 1136 ἑπεψιθύο

2276 1157 2424 1229 ριζον
2473 1153 2534 1209 δὲ
2588 1158 2694 1230 ἄρα
2738 1176 2881 1231 παρα
2938 1164 3132 1230 κωφοῖς
3186 1161 3277 1210 καὶ
3324 1165 3430 1218 τοῖς
3478 1162 3750 1233 σαρκικοῖς
3809 1156 3881 1208 τὰ

2277 1252 2370 1297 τοῦ
2423 1248 2740 1317 Πνεύματος.
2773 1246 2894 1318 Ἐμὶ
2933 1242 2993 1299 δί
3029 1245 3089 1297 ού
3140 1251 3392 1298 τοσοῦτον
3437 1246 3469 1303 ἡ
3508 1243 3695 1316 ἄλογός
3750 1242 3881 1296 Exsi-

2277 1354 2373 1385 νων
2438 1335 2606 1386 ἔπειθε
2672 1331 2787 1407 βία,
2844 1335 2910 1395 ὡς
2972 1337 3032 1386 τὸ
3093 1340 3397 1406 κατεπεῖγον
3463 1337 3552 1385 καὶ
3594 1330 3879 1404 ἀναγκαῖον

2277 1429 2368 1475 τοῦ
2404 1423 2715 1496 πράγματος
2742 1439 2755 1452 °
2795 1444 2817 1473 ι
2846 1421 2906 1474 '0
2942 1424 3043 1498 γὰρ
3096 1425 3366 1497 θερισμὸς,
3398 1441 3427 1472 »
3459 1425 3610 1495 φησί,
3638 1443 3666 1471 α
3693 1419 3879 1484 πολύς,

2280 1512 2330 1563 οἱ
2369 1506 2431 1563 δέ
2480 1508 2697 1586 ἐργάται
2742 1510 2914 1582 ὀλίγοι
2941 1527 2954 1541 ·
3018 1512 3060 1547 ¹¹
3130 1532 3152 1560 ι
3212 1512 3388 1564 ὁποῖον
3444 1511 3506 1563 οἶν
3562 1529 3644 1573 τις
3696 1516 3883 1562 τοῦτον

2280 1600 2526 1674 θερισμόν
2600 1603 2735 1653 εἴποι
2765 1644 2780 1671 ,
2856 1604 2948 1653 καὶ
3020 1601 3231 1661 ὁποίους
3305 1602 3521 1661 τούτους
3594 1597 3815 1672 ἐργάτας
3859 1612 3874 1626 ⁸

2280 1686 2453 1740 ἀκούω
2507 1689 2607 1762 γάρ
2664 1685 3075 1760 ἐπιξενουμένους
3110 1692 3200 1741 καὶ
3264 1689 3598 1763 πατριάρχας
3653 1685 3885 1747 ἐκείνους

2277 1779 2422 1844 ποτε,
2452 1782 2543 1830 καὶ
2572 1777 2771 1838 ἑαυτοῖς
2799 1780 3020 1850 ἔχοντας
3047 1778 3245 1850 ἄρτους
3280 1781 3371 1830 καὶ
3419 1784 3533 1839 τοῖς
3560 1780 3692 1837 ὄνοις
3742 1794 3884 1850 χορ-

2279 1867 2526 1940 τάσματα
2557 1883 2572 1898 ⁸
2614 1863 2741 1920 ούδέ
2786 1869 2890 1943 γὰρ
2949 1865 3074 1920 oud“:
3124 1871 3243 1928 τούς
3297 1868 3764 1940 σωματικωτέρους
3790 1868 3886 1917 καὶ

2278 1960 2587 2030 προσγείους
2626 1956 2761 2029 ἡμᾶς
2790 1957 2817 2006 6
2845 1954 3001 2019 καλὸς
3058 1954 3421 2029 ἀποπέμπεται
3475 1957 3697 2029 γεωργός
3719 1975 3734 1988 ·
3764 1973 3861 2006 ποι

2277 2047 2433 2117 μένας
2473 2044 2583 2117 ἅμα
2604 2049 2695 2097 καὶ
2718 2049 2955 2113 ποίμνια,
2987 2049 3077 2097 καὶ
3106 2043 3369 2117 ἀναλόγως
3406 2043 3632 2118 ἐκατέρῳ
3659 2046 3890 2117 προσνέο

2277 2150 2390 2205 μειν
2433 2132 2688 2208 ἑκάτερον,
2738 2141 2811 2205 τῷ
2866 2128 3058 2205 τοιῷδε
3112 2134 3269 2207 θέρει,
3320 2136 3475 2206 φημὶ,
3508 2128 3758 2184 τοιούσδε
3794 2134 3889 2182 καὶ

2276 2225 2399 2284 τοὺς
2432 2220 2674 2297 ἐργάτας.
2709 2228 3057 2296 Παρασκευῆς
3090 2224 3182 2295 μὶν
3234 2217 3322 2274 οὖν
3352 2221 3508 2283 αὐτὸς
3535 2221 3699 2283 οὕτως
3728 2215 3881 2291 εἶχον

2275 2315 2366 2363 καὶ
2405 2316 2637 2385 γνώμης,
2696 2313 2765 2372 ὡς
2823 2307 2991 2385 μηδὲν
3045 2311 3166 2364 ἄνευ
3215 2318 3308 2372 τῆς
3344 2310 3488 2383 ὑμῶν
3538 2308 3890 2385 ἐργασόμενος

2275 2401 2561 2461 ὑποθήκης.

2346 2487 2453 2561 κβ’.
2488 2489 2630 2543 Ἐπεὶ
2686 2485 2747 2541 δε
2802 2497 2974 2564 παρῆν
3024 2495 3119 2551 τῆς
3150 2484 3280 2541 ὁδοῦ
3305 2492 3528 2562 μεσίτης
3555 2483 3753 2557 οὐδεὶς,
3792 2490 3887 2539 καὶ

2273 2581 2415 2649 ταχὺ
2479 2582 2538 2630 τὸ
2602 2583 2825 2652 πρᾶγμα
2899 2583 3180 2651 κατήπειγε
3212 2593 3227 2608 ·
3296 2586 3368 2649 τῷ
3423 2580 3525 2652 γὰρ
3580 2582 3737 2647 κοινῷ
3787 2582 3889 2637 τῆς

2276 2666 2588 2729 Ἐκκλησίας
2625 2662 2864 2728 κίνδυνος
2917 2671 3242 2739 περιίστατο,
3288 2669 3494 2720 πάντων
3550 2666 3685 2719 οὕτω
3720 2663 3886 2716 λελωο

2276 2754 2526 2828 ϐημένων,
2589 2759 2680 2809 καὶ
2743 2751 2970 2828 μηδενὸς
3027 2755 3184 2809 ἄλλον
3258 2751 3560 2813 έπιτηδείου
3638 2753 3889 2827 ἱερᾶσθαι

2272 2848 2667 2918 παρευρημένου
2716 2845 2846 2915 (πῶς
2918 2842 2980 2896 ἃν
3046 2847 3193 2915 εἴπω⁹
3246 2848 3336 2897 καὶ
3403 2845 3673 2916 σύγγνωτε
3741 2840 3886 2914 μοι).

2273 2932 2367 2986 ούκ
2427 2930 2795 2994 ἀϐασανίστως
2962 2929 3086 2985 οὐδε
3136 2936 3363 3006 ταχέως,
3401 2931 3535 2990 πλὴν
3580 2933 3716 3004 ὅμως
3762 2937 3889 3002 χεῖ-

2204 3046 2246 3104 C
2274 3042 2372 3098 ρας
2432 3020 2725 3075 ἐπιτέθεικα
2789 3024 2996 3082 τούτοις
3026 3038 3039 3052 ⁸
3113 3021 3309 3074 ἑαυτῶν
3374 3028 3470 3083 τῆς
3532 3025 3740 3093 γνώμης
3796 3037 3894 3071 κα-

2272 3119 2526 3183 ταγνῶναι
2576 3106 2805 3173 διδάξας
2867 3113 3139 3185 πρότερον,
3201 3115 3291 3163 καὶ
3352 3117 3425 3181 τῷ
3477 3112 3604 3184 πρὸς
3652 3104 3884 3181 δύναμιν

2273 3189 2393 3272 ίλέῳ
2449 3201 2577 3254 Θεὸν
2646 3198 2964 3252 ίλεὼσασθαι
2991 3215 3005 3230 ·
3060 3203 3152 3253 καὶ
3208 3199 3269 3253 οὐ
3334 3204 3519 3270 πᾶσιν,
3578 3195 3684 3250 ἀλλ’
3733 3197 3811 3256 οἷς
3862 3196 3892 3248 6

2279 3290 2397 3364 βίος
2471 3289 2530 3342 ού
2603 3290 2738 3341 πάνυ
2810 3286 3122 3342 ἀντιϐαίνων
3169 3297 3242 3361 τῷ
3303 3286 3562 3361 ἀξιώματι
3594 3307 3608 3320 ο
3674 3290 3767 3338 καὶ
3824 3292 3889 3357 τῇ

2278 3380 2465 3452 ἀγνοίᾳ
2523 3382 2779 3451 συγγνούς
2835 3382 2893 3432 τὸ
2948 3382 3127 3452 μεῖζον
3195 3383 3285 3432 καὶ
3336 3377 3656 3452 τελεώτερον.
3712 3382 3897 3431 Ταῦτα

2281 3468 2325 3522 εἰ
2378 3471 2469 3541 μὲν
2521 3467 2616 3521 οὐκ
2674 3465 2830 3531 ἀξίως
2896 3470 3192 3542 εἴργασται,
3247 3470 3379 3540 μετὰ
3428 3474 3522 3520 τοῦ
3589 3473 3896 3538 συγγνῶναι

2281 3562 2372 3611 καὶ
2430 3553 2799 3632 διορθώσασθε
2829 3570 2844 3586 ⁸
2897 3555 2996 3634 έγὼ
3040 3558 3145 3630 γὰρ
3183 3564 3284 3609 τῶν
3337 3557 3763 3629 μαθητευομένων
3823 3551 3893 3606 εἶα

2283 3667 2368 3700 ναι
2420 3645 2843 3719 καθωμολόγησα
2873 3661 2886 3677 ⁸
2917 3645 2962 3698 εἰ
3002 3641 3064 3699 δι
3090 3647 3418 3718 πυνθάνομαι
3462 3643 3762 3718 ὀψιαίτερος
3799 3647 3892 3695 καὶ

2286 3742 2378 3789 τοῦ
2425 3738 2580 3811 ἔργου
2619 3730 2874 3811 δεύτερος,
2908 3738 2960 3787 τί
2994 3733 3109 3787 ποτ’
3135 3732 3197 3786 ἃν
3248 3735 3438 3801 πάθω;
3477 3753 3565 3785 και
3601 3738 3891 3807 μακρισμῷ

2288 3828 2378 3876 καὶ
2416 3821 2640 3896 ἀνάγκη,
2672 3827 2762 3875 καὶ
2789 3830 2851 3897 τῇ
2881 3825 2963 3876 ἐπὶ
2990 3825 3194 3886 τούτοις
3214 3820 3491 3896 ἀμηχανίᾳ
3516 3818 3889 3895 βεϐαρημένος.

2291 3911 2450 3970 Δῆλον
2482 3908 2542 3964 δὲ
2568 3910 2642 3972 οἷς
2684 3913 2805 3985 ἄρτι
2833 3913 3179 3985 πυνθάνομαι,
3232 3913 3298 3972 ὡς
3337 3906 3465 3964 οὐδε
3490 3909 3597 3962 τότ’
3628 3908 3690 3961 ἂν
3725 3913 3896 3960 κατώ-

2291 4020 2464 4067 κνουν,
2515 3996 2632 4053 οὐδ’
2652 3998 2712 4052 διν
2742 3997 2866 4054 οὐδε
2894 4004 2994 4075 πρὸ
3024 4008 3118 4053 τοῦ
3144 4001 3403 4055 πυθέσθαι
3439 4003 3683 4074 ἐνήργουν
3712 3993 3891 4062 οὐδὲν,

586 2490 679 2544 22.
703 2485 818 2543 Sed
849 2485 992 2558 quia
1020 2498 1200 2541 nemo
1220 2484 1332 2541 vite
1360 2485 1752 2542 intermedius
1775 2489 1922 2553 erat,
1949 2488 2005 2540 et
2033 2499 2167 2557 pro-

519 2586 738 2649 perans
758 2573 1069 2644 negotium
1100 2573 1396 2644 urgebat;
1427 2589 1570 2630 nam
1600 2572 1875 2630 Ecclesiae
1896 2588 2169 2629 commu-

516 2663 690 2720 nitati
728 2661 1062 2735 periculum
1089 2660 1501 2736 impendebat,
1533 2661 1762 2719 cunctis
1780 2661 1863 2718 ita
1885 2661 2166 2729 inﬁrmis,

519 2751 809 2823 nulloque
834 2751 910 2807 ad
941 2750 1311 2807 sacerdotale
1339 2749 1604 2806 ofﬁcium
1640 2750 1860 2807 idoneo
1902 2749 2028 2819 iam
2069 2764 2168 2805 ex-

521 2844 715 2897 stante
756 2840 998 2912 (dicam,
1041 2844 1100 2895 et
1135 2855 1243 2895 vos
1282 2838 1431 2895 mihi
1467 2837 1792 2909 indulgete)
1827 2856 1839 2893 :
1874 2853 1999 2894 non
2042 2836 2167 2894 sine

525 2930 821 2997 examine,
861 2945 972 2985 nec
998 2928 1135 2997 cito,
1159 2928 1263 2985 sed
1296 2932 1499 2984 tamen
1538 2942 1755 2984 manus
1783 2927 2042 3000 denique
2074 2925 2167 2981 his

514 3020 785 3093 imposui
812 3035 826 3074 :
868 3018 1093 3074 docens
1128 3017 1326 3090 primo
1356 3020 1422 3073 ut
1447 3033 1619 3074 suam
1645 3016 1905 3089 priorem
1933 3019 2167 3072 senten-

513 3110 662 3167 tiam
716 3108 1099 3173 damnarent,
1150 3111 1209 3162 et
1262 3110 1326 3161 ut
1393 3105 1813 3162 misericordiae
1878 3104 2161 3178 operibus

515 3200 707 3256 Deum
735 3212 846 3271 pro
874 3195 1102 3253 viribus
1140 3194 1486 3267 placarent;
1526 3210 1724 3267 neque
1762 3208 1974 3251 omnes
2010 3191 2165 3250 ordi-

516 3289 675 3362 navi,
711 3287 818 3344 sed
841 3302 1105 3360 quorum
1135 3286 1255 3343 vita
1291 3285 1565 3356 dignitati
1600 3300 1722 3342 non
1754 3282 2163 3357 repugnabat;

517 3377 803 3450 denique,
834 3374 1001 3450 quod
1041 3374 1226 3446 pluris
1263 3374 1528 3440 interest,
1547 3373 1900 3443 ignorantiae
1928 3372 2167 3429 illorum

517 3467 860 3538 indulgens,
928 3462 1227 3537 quidquid
1288 3462 1487 3534 majus
1553 3463 1871 3534 perfectius
1928 3460 2158 3517 deerat.

524 3559 656 3613 Haec
687 3555 736 3610 si
772 3553 924 3609 forte
951 3550 1119 3607 haud
1143 3551 1323 3621 digne
1354 3554 1490 3607 aeta
1512 3556 1671 3616 sunt,
1700 3566 1839 3605 cum
1865 3549 2043 3605 venia
2062 3563 2171 3605 vos

521 3643 797 3711 corrigite
810 3659 828 3712 ε
860 3655 971 3711 ego
1002 3639 1162 3695 enim
1184 3639 1247 3694 in
1276 3654 1531 3695 numero
1557 3643 1891 3694 vestrorum
1914 3638 2173 3711 discipu-

522 3733 724 3789 lorum
776 3746 874 3786 me
932 3743 1065 3785 esse
1123 3727 1426 3800 profiteor.
1469 3728 1641 3794 Quod
1681 3729 1729 3785 si
1777 3744 1910 3785 sero
1948 3732 2005 3783 et
2041 3730 2179 3800 post

526 3821 751 3879 factum
770 3816 1245 3889 interrogo,quid
1267 3817 1640 3887 agam?cum
1653 3815 2173 3888 etlonginquitate,

527 3915 585 3969 ct
634 3910 1013 3976 necessitate,
1074 3913 1129 3964 et
1186 3907 1247 3963 in
1304 3907 1400 3963 his
1458 3906 1847 3981 perplexitate
1895 3911 2179 3978 gravatus

527 4000 786 4058 fuerim?
810 4000 1053 4056 Constat
1082 4001 1308 4068 autem,
1343 4012 1481 4053 cum
1508 4011 1669 4053 nunc
1694 3996 2074 4066 interrogem,
2105 4010 2179 4051 ne

531 4096 654 4149 tum
701 4089 948 4162 quidem
980 4088 1042 4145 id
1070 4086 1437 4144 omissurum
1472 4103 1485 4141 :
1526 4101 1724 4159 neque
1759 4091 1897 4142 ante
1934 4085 2180 4143 interro-

532 4181 825 4251 gandum,
887 4178 1113 4251 aliquid
1171 4183 1469 4245 acturum,
1511 4176 1559 4234 si
1615 4181 1772 4233 certe
1826 4174 2178 4246 ambiguum

533 4270 704 4325 foret.
766 4266 983 4331 Quidni
1035 4267 1218 4337 enim,
1259 4283 1398 4323 cum
1438 4281 1600 4322 nunc
1638 4268 1776 4339 post
1811 4264 2040 4322 factum
2097 4263 2178 4319 in-

534 4361 831 4426 terrogem
852 4357 881 4411 ?
912 4357 1117 4411 Utrum
1148 4371 1288 4412 vero
1312 4370 1408 4411 res
1431 4354 1561 4410 haec
1585 4354 1751 4410 haud
1771 4354 2020 4410 omnino
2048 4367 2182 4426 pro-

536 4445 634 4503 cul
664 4459 851 4517 scopo
898 4446 1097 4499 vestro
1134 4442 1465 4515 spirituque
1501 4444 1597 4512 sit,
1622 4457 1733 4499 vos
1777 4441 1891 4515 ipsi
1923 4441 2180 4498 statuite.

533 4539 724 4609 Atque
748 4533 876 4590 11830
899 4532 979 4589 ita
1006 4536 1204 4587 sunto.

608 4632 696 4684 23.
739 4625 882 4690 Quae
917 4627 1119 4681 autem
1144 4620 1407 4695 populus
1436 4620 1659 4677 Alanire
1688 4619 1851 4677 mala
1888 4619 2009 4687 alit,
2049 4619 2186 4692 quis

536 4734 649 4790 ego
689 4731 825 4772 sum
852 4729 955 4787 qui
981 4712 1064 4769 eis
1090 4710 1317 4768 mederi
1360 4714 1604 4766 coactus
1640 4709 1722 4766 fui
1761 4708 2186 4782 praedicatione

538 4808 720 4866 mea?
755 4809 899 4863 Nam
931 4803 981 4861 si
1005 4802 1283 4859 exhibere
1310 4801 1560 4857 Domino
1596 4800 1890 4873 populum
1931 4799 2185 4856 electum

536 4898 868 4955 destinatus
890 4909 1046 4957 sum,
1079 4909 1185 4949 cur
1205 4907 1317 4963 ego
1340 4890 1413 4946 de
1439 4890 1626 4963 spinis
1647 4889 1794 4946 ﬁcus
1815 4889 2050 4962 colligo,
2082 4893 2186 4946 aut

536 4992 611 5042 de
649 4985 802 5041 rubo
831 5000 1036 5050 uvam,
1072 4986 1136 5037 ut
1164 4982 1243 5038 ait
1279 4979 1636 5052 Scriptura"
1659 4981 1687 5035 ?
1723 4981 1891 5036 Nunc
1920 4978 2184 5050 intelligo

535 5073 945 5144 evangelicam
977 5071 1360 5145 parabolam,
1413 5068 1662 5142 quando
1700 5085 1905 5127 semen
1936 5068 2184 5144 quidem

532 5165 763 5221 bonum
785 5166 892 5233 est,
927 5160 1033 5216 sed
1064 5165 1265 5217 tamen
1287 5158 1453 5215 haud
1479 5174 1632 5231 pura
1658 5159 2019 5216 zizaniorum
2041 5157 2183 5215 inde

533 5255 701 5327 spica
739 5251 1049 5319 consurgit
1075 5269 1087 5305 :
1117 5254 1333 5322 prmter
1371 5263 1559 5321 quam
1589 5249 1754 5322 quod
1787 5247 1906 5305 illic
1935 5248 2182 5321 quidem

532 5348 671 5419 post
696 5356 905 5398 semen
942 5339 1257 5397 intervenit
1276 5337 1535 5410 ignavia,
1566 5337 1742 5396 nobis
1780 5341 1981 5395 autem
2009 5338 2183 5410 pejus

617 5579 654 5615 ¹¹
687 5574 887 5637 Matth.
923 5593 998 5645 Ix,
1031 5581 1115 5633 37.
1199 5577 1243 5613 ³³
1270 5577 1406 5632 Luc.
1432 5587 1510 5644 τι,
1539 5576 1629 5633 44.

2294 4089 2338 4143 εἰ
2363 4090 2457 4147 οὐκ
2495 4087 2773 4162 ἀμηχανον
2804 4085 2867 4148 ἧν
2889 4103 2905 4119 ο
2937 4097 3049 4152 πῶς
3077 4092 3180 4164 γὰρ
3208 4090 3235 4141 6
3264 4093 3355 4142 καὶ
3383 4090 3514 4162 μετὰ
3546 4093 3697 4141 τοῦτο
3730 4087 3897 4139 πυθό-

2290 4197 2481 4253 μενος;
2533 4178 2595 4232 Εἰ
2638 4175 2689 4232 δ’
2720 4178 2779 4232 ού
2832 4181 3001 4238 πάντη
3034 4177 3212 4254 πόρῥω
3268 4185 3363 4230 τοῦ
3392 4179 3637 4251 ὑμετέρου
3692 4180 3898 4228 σκοποῦ

2293 4272 2381 4321 καὶ
2411 4275 2501 4322 τοῦ
2542 4270 2849 4341 πνεύματος,
2897 4272 2986 4321 καὶ
3039 4268 3176 4321 οὕτω
3229 4265 3361 4326 πλὴν
3416 4266 3562 4338 ὑμεῖς
3596 4268 3894 4339 κυρώσατε.

2294 4354 2432 4417 Εἶεν.

2364 4625 2463 4698 κγ’.
2508 4625 2573 4679 Ἃ
2624 4621 2685 4678 δε
2738 4626 2798 4677 τὸ
2852 4625 3022 4677 κοινὸν
3086 4629 3179 4684 τῆς
3234 4620 3470 4682 Ἀλανίας
3518 4624 3684 4694 τρέφει
3731 4620 3894 4684 κακὰ,

2294 4719 2374 4776 τίς
2444 4718 2671 4787 γένωμαι
2743 4720 2913 4769 ταῦτα
2988 4713 3281 4787 θεραπεύειν
3354 4711 3741 4782 ἠναγκασμένος
3822 4713 3899 4776 τῷ

2295 4802 2699 4875 ἓπαγγέλματις
2757 4802 2817 4856 Εἰ
2869 4803 2971 4876 γὰρ
3028 4801 3365 4877 παριστάνειν
3420 4806 3493 4869 τῷ
3543 4801 3718 4869 Κυρίῳ
3770 4794 3899 4847 λαόν

2291 4896 2591 4964 περιούσιον
2655 4895 2930 4965 τέταγμαι,
2994 4898 3104 4953 πῶς
3168 4888 3230 4941 ἃν
3304 4886 3359 4952 ἐξ
3421 4886 3655 4940 ἀκανθῶν
3718 4892 3900 4959 τρυγῶ

2294 4981 2452 5044 αύτός
2484 4988 2623 5035 σῦκα
2655 4997 2668 5048 ;
2702 4982 2731 5041 ἣ
2783 4979 2838 5033 ἐκ
2895 4978 3063 5054 βάτου
3123 4977 3409 5053 σταφυλὴν,
3440 4980 3513 5040 ὡς
3555 4978 3582 5029 6
3632 4973 3783 5045 λόγος
3802 4974 3853 5010 ¹²
3882 4988 3897 5037 ;

2293 5065 2449 5123 Εἶδον
2524 5068 2622 5142 ἑγὼ
2700 5072 2792 5129 την
2865 5066 3207 5141 εὐαγγελικὴν
3280 5066 3502 5119 ἐνταῦθα
3571 5060 3903 5138 παραϐολὴν,

2293 5164 2491 5218 πηνίκα
2528 5160 2554 5211 6
2586 5161 2677 5231 μὶν
2704 5162 2900 5232 σπόρος
2946 5155 3158 5230 ἀγαθὸς,
3204 5154 3462 5209 ἀνατέλλει
3504 5150 3564 5207 6“:
3617 5150 3677 5205 ού
3725 5151 3903 5203 καθα-

2290 5254 2383 5324 ρὸς
2442 5249 2691 5312 ζιζανίων
2754 5250 3006 5321 ἄσταχυς
3033 5263 3048 5278 ⁶
3106 5244 3235 5305 πλὴν
3293 5246 3414 5299 ὅσον
3469 5242 3575 5296 ἐκεῖ
3616 5243 3707 5315 μεν
3766 5240 3904 5313 μετὰ

2291 5342 2381 5393 τόν
2413 5344 2607 5415 σπόρον
2642 5340 2672 5397 ἡ
2702 5339 2939 5414 ῥᾳθυμία
2961 5357 2974 5371 ·
3017 5334 3065 5388 ἓν
3094 5336 3220 5410 ἡμῖν
3263 5331 3324 5389 δί
3351 5337 3410 5388 τὸ
3460 5340 3641 5407 χεῖρον
3685 5330 3768 5383 ὅτι
3804 5332 3900 5382 καὶ
