4106 6222
81 0 828 10 η-ι-τ--ι-ι-νῄ-ς-πντ.
863 0 894 4 -~
965 0 974 10 ι

325 13 502 38 ⁵-ᾌΒ-
571 13 730 38 ~-..-

201 260 325 317 409

1709 258 1804 315 ΑΝ
1814 257 2066 319 ALICUS

3472 273 3577 328 410

217 383 274 436 ἐν
323 383 615 452 αύτῷ.Καὶ
659 379 838 432 λοιπόν
878 383 936 432 τὸ
984 389 1046 439 τῆ
1060 399 1081 442 ς
1118 379 1287 455 ἑτέρας
1327 379 1601 452 συμϐαίνει
1642 402 1816 457 παρα-

1945 385 2161 456 ιοοὶἀὶι,
2208 387 2372 458 quod
2409 387 2468 442 in
2512 387 2646 460 ipsa
2675 387 3069 446 seminatione
3111 388 3321 446 vitium
3365 391 3576 461 gliscit.

215 471 398 532 ϐολῆς·
453 473 592 522 κατὰ
643 472 746 542 γὰρ
806 478 905 520 τῶν
964 467 1197 520 ἀκανθῶν
1245 470 1271 519 6
1319 473 1505 542 σπόρος
1549 475 1823 541 γεγένηται

209 566 308 613 καὶ
341 561 504 611 αὗται
531 562 622 632 μὲν
670 557 955 632 ἀρχαιόθεν
993 557 1313 633 ἐρρίζωνται·
1357 560 1381 609 6
1427 555 1486 610 δὲ
1530 558 1682 632 λόγος
1728 569 1824 623 τῆς

217 655 456 710 πίστεως
487 652 604 701 ἔστι
632 651 723 721 μὲν
772 649 832 700 οὗ
859 653 950 700 καὶ
1000 650 1166 705 πάντη
1223 651 1628 720 συμπέπνικται⁶
1679 649 1819 701 ἐνια-

215 746 329 811 χοῦ
390 735 452 791 δὲ
507 742 598 790 καὶ
648 741 743 789 σὺν
817 733 928 797 ταῖς
956 738 1206 798 άκανθαις
1251 738 1627 790 ύπανακύπτει·
1679 741 1824 810 τάχα

213 848 282 900 γε
346 832 436 880 καὶ
505 828 607 880 ὑπὸ
673 834 769 888 τῆς
833 825 977 888 ἕξεως
1037 821 1346 886 ἀκανθώδης
1407 829 1680 897 γεγένηται
1735 831 1825 879 καὶ

219 916 398 977 αὐτὸς·
447 919 516 978 ὡς
575 916 636 973 ἧν
690 914 916 987 ἄμεινον,
968 913 1011 966 εἰ
1056 917 1198 986 παρὰ
1250 922 1343 966 τοῦ
1375 917 1539 989 πυρὸς
1594 913 1826 976 ἐλθόντος

220 1003 408 1076 βαλεῖν
453 1003 536 1056 ἐπὶ
593 1010 691 1074 γῆς
735 1001 1066 1074 ἀναφθέντης,
1117 1002 1268 1064 εὐθύς
1312 1004 1406 1064 τὰς
1448 1001 1674 1064 ἀκάνθας
1704 1007 1826 1063 τέως

217 1093 679 1168 ἁπετεφρὼσαμεν·
757 1091 801 1142 εἰ
860 1094 1002 1166 παρὰ
1075 1098 1166 1143 τοῦ
1241 1110 1514 1164 μάχαιραν
1594 1090 1825 1155 ἐλθόντος

220 1181 407 1256 βαλεῖν
455 1179 818 1254 προθελύμνως
872 1187 1038 1231 ταῦτα
1093 1177 1384 1251 ἐτέμνομεν.
1454 1185 1554 1232 Καὶ
1619 1183 1828 1255 καθαρὰ

220 1275 314 1344 μὲν
343 1279 375 1328 ἦ
431 1276 526 1341 γῆ,
571 1270 800 1342 καθαρόν
844 1264 902 1319 δὲ
963 1270 1020 1318 τό
1072 1271 1298 1342 σπέρμα,
1360 1273 1450 1320 καὶ
1508 1273 1557 1321 οὶ
1612 1269 1826 1341 φύλακες

222 1364 505 1432 γρηγοροι,
559 1361 650 1409 καὶ
707 1364 952 1430 Χρυσοῦν
1007 1359 1066 1408 τό
1126 1355 1291 1431 θέρος,
1346 1361 1436 1409 καὶ
1498 1359 1523 1409 6
1582 1359 1826 1433 θεριστὴς

223 1450 622 1519 εύθηνούμενος·
677 1447 744 1507 ὡς
796 1453 885 1496 νῦν
942 1463 999 1516 γε
1052 1445 1158 1516 ούχ
1217 1447 1294 1497 ὅτι
1354 1445 1708 1502 ἐκαστοτεύιεν
1766 1447 1826 1499 ἂν

224 1538 555 1608 αἰτησαίμην
583 1542 644 1606 τῇ
707 1531 932 1606 ἐνεργείᾳ
977 1541 1073 1594 τῆς
1124 1535 1311 1606 άρετῆς
1361 1538 1526 1608 μέχρι
1575 1543 1667 1588 τοῦ
1697 1556 1826 1588 παν-

221 1628 309 1686 τὸς
409 1623 814 1676 ἑπεκτείνεσθαι·
901 1617 1017 1673 οὐδ’
1104 1621 1169 1682 εἰς
1245 1619 1570 1684 ἑξηκοντάδα
1633 1629 1829 1698 προκό-

1932 477 2078 528 'l‘um
2109 480 2164 529 et
2193 475 2437 547 reliquae
2489 481 2828 545 congruunt
2879 477 3185 548 parabolae
3232 484 3471 550 partes:
3516 481 3577 536 in

1933 563 2120 632 spinis
2142 563 2208 617 tit
2229 564 2546 619 seminatio
2567 580 2702 636 quae
2723 565 2968 636 quidem
2991 565 3132 620 olim
3159 567 3372 623 evulsae
3403 573 3540 626 sunt
3564 584 3578 633 ;

1934 656 1995 708 at
2023 651 2162 707 ﬁdei
2193 653 2447 708 verbum
2479 653 2697 709 alicubi
2736 670 2984 726 prorsus
3011 654 3377 713 suffocatur:
3405 657 3579 714 inter-

1935 740 2080 796 dum
2112 740 2292 796 etiam
2355 757 2492 796 cum
2525 742 2669 814 ipsis
2726 743 2919 814 spinis
2947 743 3242 800 nascitur:
3277 745 3418 801 item
3454 746 3579 802 for-

1936 835 2090 886 tasse
2125 829 2439 886 affectione
2491 830 2760 903 quadam
2803 832 2870 887 ﬁt
2903 837 2962 888 et
2992 832 3195 904 ipsum
3225 835 3568 907 spinosum.

1934 918 2138 974 Melius
2169 923 2328 974 certo
2356 919 2526 988 foret,
2575 919 2626 974 si
2657 919 2736 976 ab
2771 936 2842 976 eo
2889 921 2994 992 qui
3029 921 3231 990 ignem
3264 923 3427 978 venit
3449 923 3581 979 mit-

1935 1009 2053 1062 tere
2085 1006 2144 1062 in
2167 1012 2382 1063 terram
2409 1007 2796 1076 inflammati,
2820 1009 3021 1065 statim
3039 1010 3246 1082 spinas
3267 1011 3579 1068 combure-

1933 1111 2174 1151 remus:
2234 1097 2282 1152 si
2327 1113 2441 1169 ope
2491 1097 2641 1168 ejus,
2693 1098 2799 1170 qui
2845 1098 3116 1168 gladium
3150 1101 3370 1172 pariter
3419 1101 3582 1157 venit

1935 1184 2164 1240 mittere
2193 1185 2251 1240 in
2287 1191 2526 1255 terram,
2568 1187 2833 1243 funditus
2879 1187 3007 1243 haec
3050 1189 3482 1246 excideremus.
3515 1193 3582 1246 Et

1933 1271 2178 1344 quidem
2213 1289 2363 1346 pura
2389 1280 2564 1341 terra,
2602 1291 2821 1347 purum
2853 1291 3078 1345 semen,
3115 1279 3393 1334 custodes
3426 1278 3578 1348 vigi-

1933 1361 2041 1432 les,
2089 1378 2272 1418 aurea
2323 1363 2538 1418 messis
2572 1380 2819 1435 messor,
2877 1366 3182 1422 robustus.
3253 1369 3319 1422 Ut
3375 1371 3579 1422 tamen

1934 1466 2097 1506 nunc
2121 1467 2214 1506 res
2239 1467 2301 1506 se
2322 1452 2568 1520 habent,
2589 1453 2754 1508 haud
2774 1454 3054 1526 equidem
3089 1454 3166 1510 ad
3188 1453 3580 1526 centuplicem

1935 1555 2128 1610 usque
2165 1540 2424 1596 fructum
2453 1540 2754 1612 postulem
2793 1542 3019 1598 virtutis
3049 1541 3274 1597 viribus
3301 1540 3576 1608 extendi;

1938 1644 2135 1700 neque
2165 1629 2240 1684 ad
2284 1630 2728 1699 sexagesimum
2759 1635 2959 1702 optem
2991 1631 3259 1703 provehi,
3293 1629 3398 1686 sed
3436 1629 3582 1686 satis

223 1733 372 1766 πτειν
449 1715 510 1764 τὸ
571 1710 696 1771 ὅλως
759 1711 1106 1784 ἐργάσασθαι·
1179 1711 1360 1771 ἱκανῶς
1426 1707 1475 1763 δ’
1549 1713 1610 1764 ἄν
1685 1712 1828 1786 εἶχον

1945 1717 2221 1783 habeam,
2255 1718 2302 1772 si
2341 1723 2642 1790 quatenus
2673 1719 2939 1790 physicis
2966 1719 3187 1790 regulis
3228 1718 3383 1790 licet,
3410 1718 3581 1774 trice-

225 1801 320 1853 κᾶν
365 1808 477 1862 τοῖς
521 1801 830 1873 τριάκοντα,
888 1799 931 1850 εἰ
987 1806 1097 1860 τοῖς
1146 1805 1389 1871 φυσικοῖς
1435 1799 1576 1871 ὅροις
1618 1801 1674 1850 τό
1723 1797 1829 1850 ἐνόν

223 1895 482 1962 γεώργιον
538 1891 850 1964 παρεμέτρει
903 1890 962 1939 τό
1022 1886 1236 1962 ἐνεργές.
1296 1886 1433 1940 Ἀλλ’
1488 1886 1588 1956 ἐγὼ
1649 1883 1829 1940 δέδοι-

224 2000 312 2051 κα,
362 1985 434 2052 μή
488 1997 614 2031 ποτε
672 1973 797 2030 οὐδὲ
844 1981 939 2035 τὴν
982 1983 1142 2048 χεῖρα
1209 1977 1420 2050 θερίζων
1471 1974 1828 2050 πληρώσαιμι,

222 2065 368 2141 μηδὲ
406 2071 494 2120 τόν
543 2065 732 2119 κόλπον
764 2066 790 2117 ό
841 2061 1344 2139 δραγματιζόμενος·
1399 2065 1515 2116 ῖσθι
1559 2063 1832 2116 όπισθιαι-

222 2175 392 2228 τερος,
442 2159 618 2206 καίτοι
673 2173 732 2226 γε
776 2154 839 2211 ἧν
877 2153 938 2204 ἄν
979 2151 1037 2204 ού
1079 2154 1244 2209 πάντη
1297 2147 1564 2219 δύσελπις,
1614 2152 1640 2203 6
1690 2147 1830 2203 δυσ-

225 2245 380 2306 κλεής
447 2242 550 2315 ἐγὼ
627 2245 817 2314 ποιμὴν
892 2245 982 2293 καὶ
1063 2243 1288 2315 γεωργός
1370 2240 1464 2292 οῦκ
1545 2237 1826 2313 εὐδαίμων·

237 2333 343 2385 ἀλλ’
373 2337 442 2394 ὡς
493 2328 849 2405 ἐπιδομάτων
891 2337 1016 2403 γοῦν
1070 2328 1412 2404 ἔκαρπίζομεν
1465 2331 1650 2404 μικρὰ,
1708 2332 1830 2391 τοὺς

235 2420 654 2496 ύπεραναϐάντας
713 2419 889 2492 ὀλίγον
941 2424 1033 2478 τὴν
1099 2423 1418 2492 παμμητέρα
1477 2417 1691 2490 πλάνην,
1741 2423 1830 2470 καὶ

224 2516 312 2564 τὸν
349 2511 512 2582 λόγου
568 2513 932 2586 θερισαμένους
979 2512 1044 2570 ὡς
1087 2507 1309 2580 ἐφικτὸν,
1352 2507 1395 2560 εἰ
1442 2513 1514 2580 μὴ
1567 2513 1656 2560 καὶ
1713 2510 1829 2560 τού-

226 2621 338 2663 τοις
387 2597 526 2657 ἧσαν
558 2599 713 2652 πάλιν
744 2599 794 2652 οἰ
823 2607 913 2651 τοῦ
951 2597 1096 2672 ἆὲρος
1127 2602 1288 2672 ὄρνεις
1337 2595 1621 2652 ἐπίϐουλοι.
1649 2601 1826 2669 Οἷμοι,

229 2694 310 2744 ὅτι
360 2690 589 2751 ἀκάνθας
631 2693 722 2740 καὶ
773 2685 1052 2761 τριβόλους
1081 2685 1232 2760 βρύει
1285 2705 1375 2758 μοι
1422 2689 1481 2738 τό
1531 2685 1826 2762 γεώργιονι

226 2785 321 2838 τήν
348 2781 663 2853 κατάκρισιν
709 2785 806 2839 τῆς
837 2775 937 2829 ἀπὸ
986 2782 1119 2829 Θεοῦ
1169 2771 1506 2848 διαμαρτίας,
1557 2778 1622 2836 ὡς
1661 2773 1829 2826 ὀπίσω

229 2871 328 2932 τῆς
384 2864 702 2942 κεντρώδους
775 2866 975 2928 πλάνης
1043 2869 1130 2917 τὸν
1198 2861 1562 2938 διαμαρτόντα
1620 2867 1827 2937 πορεύε-

233 2962 383 3012 σθαι’
429 2962 519 3010 καὶ
564 2959 795 3029 πορνεύει
837 2975 927 3029 μοι
963 2958 1022 3008 τό
1064 2959 1302 3026 ποίμνιον
1350 2957 1445 3006 ούκ
1491 2953 1539 3004 ἓν
1585 2961 1656 3024 τῷ
1700 2952 1830 3024 ξύλῳ

1941 1806 2160 1862 simum
2189 1806 2449 1862 fructum
2493 1823 2677 1878 opera
2711 1813 3001 1880 exaequet.
3037 1809 3162 1864 Imo
3208 1823 3321 1878 ego
3351 1822 3582 1870 vereor,

1939 1909 2014 1950 ne
2035 1895 2183 1950 forte
2215 1910 2484 1966 manum,
2519 1895 2763 1967 quidem
2795 1901 3027 1952 metens
3054 1896 3358 1968 impleam,
3388 1910 3584 1968 neque

1941 1983 2137 2038 sinum
2176 1983 2282 2054 qui
2327 1983 2674 2055 manipulos
2712 1984 2950 2054 colligo.
3005 1984 3128 2041 Sim
3174 2000 3316 2040 sane
3359 1983 3586 2040 tardior

1939 2077 2075 2142 post
2105 2071 2276 2139 alios,
2325 2087 2656 2144 quanquan
2684 2087 2807 2128 non
2837 2073 3084 2128 omnino
3115 2073 3464 2145 desperans,
3496 2071 3582 2127 in-

1940 2159 2078 2216 felix
2126 2174 2237 2230 ego
2283 2166 2490 2232 pastor
2535 2175 2656 2216 non
2701 2160 2936 2216 beatus.
2983 2160 3214 2233 Quippe
3252 2160 3358 2232 qui
3401 2175 3584 2232 super

1940 2252 2097 2305 tecta
2145 2254 2412 2305 serentes
2457 2265 2676 2322 parum
2713 2250 2940 2306 fructus
2991 2249 3320 2319 effecimus,
3363 2263 3582 2319 nempe

1938 2337 2072 2394 illos
2096 2338 2392 2396 lucrando
2422 2341 2526 2412 qui
2555 2345 2812 2396 matrem
2840 2340 3113 2396 omnium
3143 2339 3440 2396 malorum
3466 2340 3585 2394 hm-

1938 2427 2119 2483 resim
2145 2427 2499 2499 vitaverunt,
2534 2433 2590 2484 et
2626 2428 2881 2484 verbum
2926 2443 3037 2500 pro
3062 2427 3288 2483 viribus
3316 2441 3584 2483 messue-

1939 2521 2080 2572 runt
2115 2516 2266 2584 ;nisi
2294 2516 2444 2573 forte
2475 2521 2530 2572 et
2557 2516 2649 2573 his
2697 2517 2918 2588 pariter
2955 2515 3218 2572 insidiati
3260 2519 3399 2570 sunt
3435 2514 3588 2571 aeris

1940 2619 2101 2661 aves.
2137 2608 2260 2661 Heu
2303 2605 2474 2673 mihi,
2522 2605 2666 2678 quia
2722 2606 2929 2678 spinas
2957 2609 3014 2660 et
3049 2603 3302 2660 tribulos
3333 2619 3587 2675 campus

1941 2694 2269 2763 germinat!
2321 2695 2777 2751 damnationem
2827 2694 3047 2751 scilicet
3098 2692 3174 2750 ob
3219 2707 3524 2749 recessum
3553 2707 3590 2748 a

1939 2781 2080 2851 Deo,
2101 2783 2250 2838 dum
2277 2783 2592 2855 spinosum
2617 2799 2880 2840 errorem
2901 2797 3094 2852 vagus
3128 2797 3272 2852 grex
3295 2784 3586 2845 sectatur;

1939 2870 2087 2927 dum
2123 2871 2453 2929 fornicatur
2481 2888 2604 2928 non
2633 2873 2696 2928 in
2738 2873 2903 2942 ligno
2934 2877 3150 2937 solum,
3181 2871 3266 2926 uti
3299 2870 3588 2941 scriptum

1939 2965 2030 3016 est
2051 2962 2116 3027 ‘3,
2150 2977 2359 3018 verum
2405 2963 2579 3018 etiam
2612 2962 2674 3017 in
2692 2960 2998 3034 lapidibus
3040 2959 3267 3015 cunctis
3296 2963 3354 3014 et
3375 2955 3588 3030 aquis;

237 3055 397 3122 μόνον
451 3051 520 3109 ὡς
547 3046 914 3119 γέγραπταιη,
943 3040 1049 3104 ἤδη
1103 3041 1162 3096 δὶ
1201 3048 1292 3094 καὶ
1347 3041 1514 3104 λίθοις
1563 3047 1697 3095 πᾶσι
1747 3044 1832 3093 καὶ

1945 3048 2088 3104 dum
2103 3065 2220 3104 non
2244 3050 2542 3121 sculptilia
2554 3049 2828 3114 adorant,
2846 3047 2953 3104 sed
2970 3047 3270 3120 quosdam
3282 3045 3588 3102 daemones

241 3135 423 3191 ἴδασι·
472 3139 559 3188 καὶ
613 3141 970 3208 προσκυνοῦσι
1035 3136 1124 3206 μὲν
1190 3131 1248 3184 ού
1313 3131 1579 3204 γλυπτοῖς,
1640 3127 1835 3202 δαιμο-

237 3233 370 3289 νίοις
396 3223 456 3280 δε
486 3245 624 3278 τισιν
654 3227 702 3277 ἓν
723 3231 829 3285 τοῖς
849 3222 1088 3294 ὑψηλοῖς.

303 3313 415 3370 κδ’.
461 3318 770 3389 Χριστιανοὶ
849 3309 908 3366 δὲ
955 3316 1108 3385 μόνον
1157 3313 1370 3384 ὀνόματι
1414 3311 1639 3365 ’Δλανοίο
1696 3309 1742 3363 εἰ
1778 3305 1840 3362 δέ

231 3411 332 3459 πού
385 3425 461 3465 τις
499 3409 590 3457 καὶ
639 3407 777 3478 μερὶς
836 3401 1025 3473 Ιακὼϐ,
1057 3403 1082 3454 ό
1136 3399 1328 3476 ἐχθρός
1377 3405 1634 3476 ενέσπειρι
1658 3401 1726 3452 τὰ
1755 3399 1838 3460 ζι-

233 3497 410 3557 ζάνια·
458 3493 504 3546 εἰ
538 3495 641 3568 γὰρ
697 3495 940 3566 καὶπρὸς
987 3498 1061 3561 τῷ
1108 3495 1250 3563 γήρᾳ
1296 3493 1419 3550 τέως
1449 3485 1538 3541 οὖν
1586 3490 1616 3547 ἠ
1669 3486 1842 3562 Σάρρα

231 3589 524 3658 γεγέννηκε’
629 3583 967 3656 πονηρεύεται
1064 3577 1122 3632 6's
1216 3581 1352 3632 κατὰ
1446 3585 1538 3631 τοῦ
1653 3575 1837 3630 Ἰσαάκ

234 3674 482 3748 Ἰσμαὴλ·
542 3677 633 3724 καὶ
678 3677 754 3733 τίς
805 3671 1064 3744 Ἀϐραὰμ,
1124 3670 1206 3720 ἶνα
1251 3669 1345 3726 τῆν
1401 3663 1593 3724 δούλην
1642 3665 1838 3742 Ἀγαρ,

235 3771 448 3818 καὶτοῦ
495 3770 589 3824 τῆς
634 3761 833 3822 πλάνης
879 3757 1202 3832 ἀνελεύθερον
1249 3761 1485 3820 σκότους,
1518 3763 1614 3817 τῆς
1665 3774 1838 3807 συνοιο

234 3860 352 3915 κίας
385 3852 659 3905 ἀπώσαιτο
693 3849 882 3916 ;”Εστι
910 3869 990 3909 τις
1036 3847 1183 3918 ὀλίγη
1241 3844 1540 3920 παρεμϐολὴ
1591 3850 1680 3898 καὶ
1727 3843 1841 3917 ἐμοὶ

238 3945 300 4000 ἣν
358 3946 488 4002 Θεὸς
554 3937 726 4010 ἰξάγει
789 3945 881 3990 τοῦ
945 3943 1132 3994 νοητοῦ
1187 3941 1392 4010 Φαραώο
1463 3938 1554 3986 καὶ
1618 3931 1840 4004 διιξάγω

239 4039 412 4083 ταῦτα
632 4029 766 4079 κατὰ
805 4033 1006 4084 Μωσῆν
1074 4028 1163 4097 μὲν
1230 4024 1425 4093 οὐκέτι,
1475 4023 1610 4082 πλὴν
1678 4023 1836 4095 ὅμως·

239 4121 350 4174 ἀλλ’
408 4121 460 4174 οἱ
513 4119 791 4190 Αἰγύπτιοι
831 4135 1110 4193 τρισταται
1161 4111 1620 4188 καταδρομοῦσιυ,
1675 4114 1706 4170 ἡ
1766 4119 1838 4182 τῷ

241 4213 391 4283 θυμῷ
437 4217 649 4282 φονῶσα
675 4207 855 4279 ψυχὴ,
899 4209 1075 4259 καὶτὸ
1122 4208 1250 4279 πρὸς
1280 4207 1348 4256 τα
1394 4201 1711 4276 χαμαίζηλα
1754 4200 1838 4252 λι-

238 4319 391 4371 χνον.
441 4300 469 4351 ὃ
495 4299 662 4351 πείθει
687 4293 798 4358 τοῖς
843 4294 1144 4368 ἀλλοφύλοις
1174 4294 1614 4366 συγχραίνεσθαι·
1647 4295 1737 4343 καὶ
1778 4293 1836 4342 τὸ

237 4397 329 4441 τοῦ
394 4386 548 4450 λοξοῦ
603 4391 938 4461 περίτρεπτον
997 4389 1114 4457 περί
1179 4403 1324 4445 τινας
1388 4381 1614 4442 ἀτόπους
1679 4376 1837 4442 δόξας

239 4483 333 4531 οὐκ
363 4476 644 4528 ἀντιτεῖνον
691 4478 759 4537 ὡς
791 4471 885 4527 διὰ
933 4472 1114 4528 πολλά.
1167 4477 1270 4526 Καὶ
1317 4478 1418 4524 ποῦ
1470 4469 1651 4530 στῦλος
1704 4471 1838 4540 νεφέ-

238 4568 330 4628 λης
379 4566 604 4620 ἐνταῦθα
655 4569 713 4616 τὸ
766 4561 1041 4617 διεστάναι
1089 4557 1318 4628 (Titio-3;;
1376 4560 1406 4618 ἢ
1460 4561 1562 4621 τὼς
1620 4559 1682 4610 ἄν
1741 4565 1839 4610 τῶν

247 4657 401 4708 ἐθνῶν
442 4652 631 4713 διέστη
679 4655 710 4712 ἠ
748 4651 1030 4720 θάλασσα;
1084 4651 1243 4724 Οἶμοι
1289 4649 1368 4702 ὃτι
1421 4653 1712 4722 ποιμαίνειν
1751 4647 1842 4718 μὲν

244 4743 430 4817 ἀγέλας
479 4748 830 4814 πεπίστευμαι
895 4739 1276 4802 ἁναϐαινούσας
1323 4738 1424 4792 ἀπὸ
1484 4735 1704 4812 λουτροῦ
1751 4742 1842 4787 τοῦ

246 4834 622 4907 βαπτίσματος
654 4832 666 4886 Ῑ
697 4836 962 4904 ποιμαίνει
1001 4827 1061 4884 δὲ
1107 4833 1301 4891 ταύτας
1345 4829 1536 4902 μᾶλλον
1573 4834 1670 4888 τῆς
1716 4845 1844 4878 απι-

246 4929 396 4984 στίας
459 4924 488 4974 ό
554 4923 771 4983 θάνατος
796 4939 808 4951 ⁸
882 4924 1108 4993 στμόατι
1171 4923 1262 4992 μὲν
1319 4921 1420 4994 γὰρ
1479 4916 1843 4990 ὁμολογοῦσιν,

243 5017 376 5066 ὀκνῶ
431 5008 492 5065 δὲ
536 5011 700 5083 λέγειν
757 5010 828 5073 εἰς
888 5013 1170 5084 σωτηρίαν
1234 5009 1312 5060 ὅτι
1367 5010 1437 5080 μὴ
1491 5009 1581 5058 καὶ
1638 5003 1705 5065 εἰς
1761 5001 1847 5056 δι-

245 5105 535 5158 καὶοσύνην
580 5108 781 5174 πρῶτον
840 5107 900 5171 τῇ
960 5093 1159 5172 καρδίᾳ
1212 5097 1572 5150 πιστεύουσιν.
1629 5091 1846 5166 ’Ὁμοιόν

243 5212 317 5263 τι,
381 5188 675 5244 Ἀπόλωλεν
726 5186 948 5247 εὐλαϐὴς
995 5185 1095 5238 ἀπὸ
1143 5188 1237 5248 τὴς
1285 5184 1413 5258 ἐμῆς
1485 5185 1678 5244 ταύτης
1724 5189 1842 5254 γῆς·

247 5285 337 5332 καὶ
359 5281 458 5332 οὐκ
488 5279 602 5330 ἔστι
621 5295 714 5350 μοι
743 5274 1038 5336 ἀνάπαυσις
1065 5273 1222 5334 αὕτη.

311 5367 410 5422 κε’.
473 5373 612 5440 ’Δρα
662 5365 895 5428 ἀναστὰς
945 5367 1267 5438 πορεύσομαι
1319 5382 1331 5433 ;
1392 5358 1551 5416 Δέδια
1603 5364 1722 5436 περὶ
1781 5367 1842 5418 τῆ

322 5495 369 5530 ιε
397 5494 614 5549 Jerem.
647 5491 738 5561 llI,
769 5495 820 5548 9.

1945 3138 2008 3194 in
2036 3137 2183 3196 locis
2213 3138 2480 3197 excelsis.

2017 3305 2106 3357 24.
2131 3298 2444 3356 Christiani
2479 3297 2722 3354 nomine
2751 3302 2922 3352 tenus
2954 3300 3094 3352 sunt
3124 3293 3313 3350 Alani.
3352 3293 3520 3359 Quod
3538 3293 3590 3348 si

1948 3389 2171 3448 alicubi
2227 3393 2316 3445 est
2368 3404 2508 3460 pars
2561 3385 2748 3444 Jacob
2797 3385 3026 3458 aliqua,
3068 3383 3349 3440 inimicus
3403 3383 3589 3439 homo

1947 3479 2168 3538 zizania
2224 3475 2742 3551 superseminavit.
2796 3478 2945 3532 Nam
2993 3473 3096 3530 etsi
3154 3473 3213 3528 in
3264 3469 3586 3537 senectute,

1949 3573 2094 3628 Sara
2158 3573 2360 3625 tamen
2430 3565 2695 3640 peperit;
2770 3564 2878 3621 sed
2936 3565 3258 3620 insectatur
3316 3565 3591 3617 lsaacum

1946 3657 2178 3715 lsmael.
2217 3659 2282 3712 Et
2309 3656 2446 3729 quis
2475 3659 2562 3711 est
2583 3653 2890 3710 Abraham
2923 3652 3027 3724 qui
3053 3650 3340 3708 famulam
3361 3653 3518 3720 Agar
3537 3651 3592 3706 et

1947 3748 2248 3804 haereseos
2271 3745 2512 3801 serviles
2539 3743 2838 3810 tenebras,
2870 3741 3053 3797 domo
3083 3739 3291 3813 procul
3310 3735 3592 3807 ableget?

1949 3839 2044 3893 Est
2067 3835 2213 3904 mihi
2231 3849 2476 3908 quoque
2508 3832 2762 3906 pusillus
2793 3831 3106 3896 exercitus,
3129 3844 3312 3903 quem
3342 3830 3493 3883 Deus
3514 3824 3592 3881 ab

1945 3923 2332 3982 intellectuali
2353 3923 2658 3979 Pharaone
2688 3919 2878 3992 eripit.
2915 3922 3079 3974 Hunc
3104 3933 3215 3987 ego
3245 3916 3442 3977 ducto,
3470 3929 3593 3970 non

1948 4015 2195 4087 quidem
2224 4017 2290 4070 ut
2336 4011 2482 4068 alter
2531 4013 2784 4082 Moyses,
2817 4007 2925 4063 sed
2971 4012 3171 4062 tamen
3225 4005 3428 4060 ducto.
3477 4001 3590 4058 Se!

1948 4104 2209 4178 Egyptii
2259 4101 2482 4160 tribuni
2545 4103 3008 4173 persequuntur,
3067 4109 3287 4166 nempe
3357 4091 3596 4149 animus

1946 4195 2153 4250 furens
2195 4191 2344 4248 caedi
2383 4189 2647 4253 inhians,
2679 4192 2735 4243 et
2779 4191 3106 4242 terrenarm
3132 4198 3333 4240 rerum
3365 4179 3595 4253 cupidi-

1949 4289 2071 4352 tas;
2103 4298 2238 4354 quaa
2261 4279 2517 4336 suadent
2540 4281 2605 4332 ut
2634 4292 2771 4332 cum
2809 4269 3598 4344 alienigeni,commaculen-

1949 4375 2077 4442 tnr;
2111 4371 2371 4444 denique
2395 4369 2661 4439 obliquee
2683 4365 2898 4422 mentis
2922 4363 3264 4420 volubilitas
3285 4360 3363 4418 ad
3389 4359 3595 4416 absur-

1949 4461 2062 4518 das
2091 4461 2393 4534 quasdam
2415 4459 2747 4532 opiniones,
2781 4454 3026 4512 minime
3058 4457 3121 4509 ut
3148 4451 3505 4524 plerumque
3532 4448 3600 4504 fit

1949 4552 2228 4608 renitens.
2255 4553 2322 4608 Et
2351 4551 2600 4606 ubinam
2629 4552 2717 4604 est
2742 4544 2978 4602 nebulae
3012 4542 3316 4609 columna,
3347 4556 3482 4613 qua
3515 4553 3598 4594 se-

1949 4641 2326 4714 parationem
2339 4639 2620 4713 praestet?
2635 4636 2724 4692 vel
2747 4633 3060 4709 quomodo
3071 4631 3338 4704 gentium
3354 4628 3600 4686 recessit

1953 4745 2119 4786 mare
2141 4728 2171 4784 Ῡ
2201 4729 2327 4785 Heu
2357 4727 2522 4798 mihi,
2558 4726 2654 4783 cui
2687 4739 2934 4799 pascere
2965 4736 3175 4794 greges
3205 4719 3601 4776 commissum

1952 4825 2040 4876 est
2065 4819 2140 4875 de
2169 4815 2544 4891 baptismatis
2571 4814 2812 4870 lavacro
2841 4809 3230 4868 ascendentes
3253 4807 3265 4861 Ξ
3287 4804 3600 4862 Pascitau-

1953 4912 2074 4966 tem
2124 4909 2236 4964 hos
2282 4906 2482 4979 potius
2520 4900 2884 4960 inﬁdelitatis
2927 4914 3112 4955 mors.
3167 4898 3275 4953 Ore
3327 4891 3598 4967 quidem,

1955 5015 2114 5072 aegre
2141 4997 2298 5066 dico,
2330 4993 2692 5051 conﬁtentur
2720 4989 2800 5046 ad
2849 4987 3097 5044 salutem
3125 5005 3137 5054 ;
3174 4998 3369 5057 neque
3397 4987 3603 5072 tamen

1955 5070 2133 5148 antea
2159 5085 2411 5143 credunt
2431 5081 2607 5140 corde
2631 5079 2711 5137 ad
2737 5076 3049 5150 justitiam.
3081 5072 3278 5130 Simile
3299 5075 3388 5129 est
3414 5070 3598 5128 illud:

1955 5178 2128 5236 Periit
2174 5173 2488 5245 religiosus
2536 5169 2617 5226 ab
2645 5169 2760 5225 hac
2809 5171 2965 5223 terra
3005 5179 3179 5231 mea;
3231 5176 3428 5234 neque
3474 5159 3603 5216 haec

1958 5265 2108 5323 mihi
2145 5261 2415 5321 stationis
2444 5257 2682 5332 requies
2708 5261 2813 5313 est.

2029 5359 2118 5413 25.
2161 5357 2311 5411 Num
2345 5365 2488 5422 ergo
2535 5362 2788 5420 surgens
2817 5344 3048 5403 abibo?
3077 5345 3291 5400 Vereor
3332 5355 3408 5396 ne
3455 5338 3604 5394 forte
