4106 6222
528 237 629 293 LM

1479 230 1831 292 THEODORI
1872 230 2147 290 ALANLE
2184 227 2502 290 EPISCOPI
2540 229 2911 288 ALANICUS.

3767 229 3844 286 41
3855 231 3889 285 2

528 360 644 418 hoc
655 359 881 417 malum
898 359 1265 433 participem.
1281 362 1430 416 Num
1449 359 1605 414 enim
1630 375 1763 414 sum
1776 373 1886 428 ego
1905 359 2165 416 Abdias?

2279 367 2369 411 τοῦ
2410 365 2573 411 κακοῦ
2612 357 2910 430 μεταλήψει·
2953 359 3023 428 μὴ
3074 357 3176 430 γὰρ
3235 352 3334 426 ἐγῶ
3380 349 3597 407 Ἀϐδιοῡ
3659 367 3672 419 ;
3732 358 3879 410 Υπη-

530 450 630 506 Hic
686 449 930 522 quidem
979 465 1111 505 cum
1177 448 1459 504 Achaabo
1507 447 1914 516 famularetur,
1970 465 2168 518 genua

529 544 730 596 tamen
767 539 922 594 Baali
955 553 1076 592 non
1098 536 1258 591 ﬂexit
1283 539 1346 592 ".
1380 539 1568 592 Metuo
1599 537 1776 592 etiam
1809 537 2038 609 pusillas
2073 540 2167 608 ju-

530 633 754 683 storum
788 627 961 693 sorti;
991 642 1133 680 nam
1163 626 1331 695 virga
1368 625 1690 696 impiorum
1734 631 2161 682 commovetur.

530 717 680 781 Quid
710 716 923 771 faciam
947 718 973 770 ?
999 715 1104 770 Ubi
1131 719 1266 770 Jesu
1292 715 1616 786 ﬂagellum,
1647 721 1710 770 ut
1736 716 1919 772 Patris
1947 717 2166 771 domus

526 807 851 877 purgetur?
898 804 1004 860 Odi
1056 805 1369 860 ecclesiam
1417 804 1910 874 malignantium:
1958 805 2062 861 sed
2104 805 2166 860 in

525 894 686 950 hanc
712 893 1012 966 projectus
1043 893 1147 956 fui,
1179 893 1281 965 qui
1324 893 1727 950 sacerdotium
1755 900 1974 950 temere
2005 911 2168 950 assu-

526 1000 689 1040 mere
743 1001 926 1040 ausus
960 1000 1092 1038 sum
1120 1003 1130 1042 :
1169 1008 1195 1032 ιι
1222 987 1427 1039 Nonne
1457 983 1724 1039 odientes
1755 988 1830 1053 te,
1878 985 2124 1040 Domine
2148 1028 2163 1052 ,

528 1075 774 1129 oderam
792 1077 848 1129 et
873 1088 1052 1144 super
1071 1073 1344 1128 inimicos
1373 1077 1506 1129 tuos
1537 1073 1921 1129 tabescebam
1948 1076 1975 1130 ?
1998 1097 2026 1122 »
2055 1075 2167 1129 Cur

528 1163 932 1218 maledictioni
983 1161 1064 1216 illi
1126 1163 1410 1218 audacter
1459 1178 1554 1218 me
1616 1163 1863 1233 objeci?
1935 1163 2162 1218 Caelum

528 1267 756 1306 aeneum
804 1256 1113 1322 reputatus
1153 1266 1264 1320 ego
1319 1267 1473 1320 sum,
1525 1255 1682 1307 terra
1723 1251 1914 1307 ferrea
1969 1268 2164 1324 neque

527 1344 693 1395 arata
719 1355 914 1411 neque
937 1344 1067 1394 sata
1087 1338 1403 1395 haereditas
1430 1355 1589 1395 mea.
1627 1340 1917 1404 Quisnam
1949 1341 2167 1396 Paulus

527 1443 736 1482 rursus
775 1429 885 1483 hos
916 1429 1225 1500 parturiat,
1259 1428 1451 1482 donec
1482 1428 1766 1484 formetur
1800 1430 1858 1483 in
1891 1430 1972 1483 eis
2005 1429 2168 1485 Chri-

527 1518 660 1572 tus‘?
689 1518 860 1572 Nothi
905 1517 1103 1571 adhuc
1133 1521 1190 1571 et
1217 1532 1338 1572 non
1368 1517 1490 1587 ﬁlii,
1551 1518 1692 1589 quia
1725 1518 2038 1574 fascinavit
2065 1534 2166 1573 eos

524 1606 798 1672 Satanas,
839 1622 912 1661 ne
951 1606 1088 1677 quis
1155 1606 1384 1661 veritati
1431 1605 1578 1661 forte
1623 1606 1844 1672 credat,
1896 1612 2073 1678 atque
2106 1611 2167 1662 ut

2274 453 2495 520 ρετὴσας
2540 445 2598 499 δὲ
2649 449 2752 518 ἄρα
2807 444 2989 504 ἐκεῖνος
3034 452 3107 514 τῷ
3161 442 3393 515 Ἀχαὰϐ,
3437 447 3562 514 γόνυ
3615 447 3676 512 τῇ
3736 440 3876 492 Βάαλ

2275 538 2368 588 ούκ
2412 536 2629 609 ἔκαμψε.
2681 533 2837 588 Δέδια
2903 536 2947 570 ¹⁴
2992 539 3077 586 καὶ
3136 538 3253 606 περὶ
3298 540 3368 603 τῷ
3424 539 3594 605 μικρῷ
3638 537 3741 581 τῶν
3794 526 3874 581 δι-

2273 632 2432 677 καίων
2486 626 2678 697 κλήρῳ⁶
2737 627 2766 682 ἡ
2816 620 3015 698 ῥάϐδος
3066 625 3164 698 γὰρ
3221 630 3318 675 τῶν
3371 619 3686 692 ἁμαρτῶλῶν
3765 621 3871 670 ὲπι-

2276 720 2488 768 σείεται.
2538 719 2624 775 Τίς
2676 713 2774 786 ἐγὼ
2820 719 3090 785 γένωμαι;
3143 718 3251 764 Ποῦ
3293 714 3349 762 τὸ
3408 707 3712 783 φραγγέλιον
3774 707 3872 764 Ἰη-

2276 812 2391 872 σοῡ,
2439 808 2524 855 ἵνα
2571 805 2597 855 ὁ
2644 811 2779 863 οἰκος
2819 811 2911 855 τοῦ
2943 805 3146 874 Πατρὸς
3193 801 3553 872 ἑκκαθαίροιτο
3599 796 3873 853 εἙίσησα

2273 891 2552 950 ἐκκλησίαν
2626 896 3058 966 πονηρευομένων·
3131 889 3237 941 ἀλλ’
3305 889 3376 949 εἰς
3440 890 3636 944 ταύτην
3718 884 3876 958 ἀπέρ-

2272 983 2484 1056 ῥιμμαι,
2542 986 2618 1034 ὅτι
2666 991 2932 1055 προπετῶς
2993 981 3275 1056 ἱερωσύνην
3330 976 3616 1052 ἐθάρρησα,
3653 998 3679 1025 ‹‹
3727 975 3881 1046 Οὐχὶ

2271 1075 2387 1131 τούς
2441 1074 2721 1143 μισοῦντάς
2779 1090 2854 1137 σε,
2916 1073 3094 1145 Κύριε,
3153 1068 3404 1140 ἐμίσησα,
3474 1070 3560 1116 καὶ
3619 1067 3706 1115 ἐπὶ
3769 1071 3880 1122 τοῖς

2275 1158 2486 1232 ἐχθροῖς
2519 1178 2613 1211 σου
2645 1159 2960 1232 ἐξετηκόμην
2995 1174 3007 1225 ;
3043 1180 3070 1206 ››
3103 1156 3216 1210 Ἵνα
3243 1160 3296 1208 τί
3339 1157 3405 1207 τὰ
3432 1162 3526 1214 τῆς
3569 1155 3700 1225 ἀρᾶς
3751 1150 3878 1203 ἐκει-

2273 1268 2364 1308 νης
2411 1247 2718 1322 ἐθάρρησας
2755 1253 2856 1301 Καὶ
2909 1247 3138 1319 χαλκοῦς
3177 1249 3266 1318 μὲν
3313 1244 3526 1317 οὐρανὸς
3591 1241 3874 1313 ἐνομίσθην

2275 1337 2393 1410 ἐγὼ,
2447 1335 2646 1414 σιδηρᾶ
2703 1336 2761 1391 δὲ
2814 1347 2903 1408 γῆ,
2954 1343 3042 1390 καὶ
3099 1337 3361 1411 ἄσπαρτος
3404 1340 3492 1386 καὶ
3544 1335 3795 1404 ἀνήροτος
3843 1332 3872 1388 ἡ

2277 1428 2588 1503 κληρονομία
2639 1448 2759 1500 μουο
2809 1427 2875 1479 Ὠ
2931 1432 3010 1487 τίς
3064 1426 3267 1486 Παύλος
3323 1429 3410 1476 καὶ
3471 1422 3626 1476 πάλιν
3693 1418 3870 1472 ὦδινε·

2276 1519 2510 1578 τούτους,
2558 1517 2718 1588 ἄχρις
2793 1511 2852 1566 οὗ
2912 1515 3158 1588 μορφωθῇ
3216 1514 3446 1587 Χριστὸς
3499 1508 3544 1561 ἐν
3612 1510 3797 1567 αὐτοῖς
3856 1523 3869 1570 ;

2277 1607 2439 1657 Νοθοι
2489 1601 2547 1656 δὲ
2604 1606 2723 1678 ἄρτι
2778 1608 2866 1655 καὶ
2917 1603 3022 1673 οὐχ
3066 1602 3173 1653 υἰοί
3228 1601 3308 1652 ὃτι
3361 1599 3638 1656 ἐϐάσκηνεν
3696 1597 3872 1658 αὐτοῖς

529 1693 643 1748 sint
670 1694 950 1767 deinceps
978 1693 1342 1749 inﬁdelitatis
1366 1694 1490 1749 ﬁlii.
1529 1695 1682 1749 [ram
1727 1696 1927 1763 timeo,
1959 1711 2168 1752 revera

2279 1696 2302 1745 ὁ
2331 1699 2573 1758 Σατανᾶς,
2602 1695 2684 1744 ἵνα
2712 1697 2808 1764 μὴ,
2853 1699 2917 1750 τῆ
2971 1690 3185 1762 ἀληθείᾳ
3213 1689 3256 1741 εὶ
3309 1693 3397 1740 καὶ
3427 1689 3722 1753 πείθωνται,
3787 1691 3871 1738 καὶ

527 1783 686 1838 enim
710 1788 850 1838 sunt
871 1799 1019 1838 vasa
1041 1783 1140 1838 irae
1163 1783 1241 1838 ad
1265 1784 1660 1854 perditionem
1697 1784 1975 1841 formata.
2016 1786 2164 1840 Heu!

525 1871 787 1927 ferarum
841 1872 1049 1928 dentes
1105 1872 1302 1937 video,
1361 1888 1498 1927 cum
1558 1873 1756 1928 furore
1808 1874 2168 1944 rapientium

529 1976 710 2032 super
739 1963 990 2017 terram!
1026 1965 1170 2018 Nam
1203 1978 1479 2018 meorum
1515 1962 1773 2032 insignia
1804 1963 1982 2018 veluti
2009 1968 2166 2030 sunt,

525 2050 847 2106 homicidia
878 2051 937 2106 in
978 2051 1186 2123 primis
1217 2056 1272 2106 et
1303 2051 1421 2107 alia
1462 2051 1746 2107 mortium
1776 2067 2014 2121 genera.
2047 2056 2170 2108 Heu

526 2139 759 2194 Dathan
790 2145 968 2211 atque
1012 2140 1236 2195 Abiron
1261 2139 1410 2195 mihi
1436 2140 1705 2196 inhiant:
1753 2145 1810 2196 et
1837 2143 1972 2213 quis
2004 2141 2172 2197 adest

527 2236 744 2295 Aaron,
781 2233 841 2283 ut
869 2230 1019 2283 Deus
1049 2229 1331 2285 miracula
1360 2229 1546 2285 edat?
1570 2229 1892 2286 Sacerdotii
1912 2230 2168 2300 dignitas

527 2317 879 2373 conculcata
895 2322 1002 2386 est,
1021 2323 1077 2373 et
1112 2319 1247 2390 quis
1279 2318 1730 2388 adestSamuel,
1754 2324 1818 2375 ut
1841 2323 1992 2375 Deus
2018 2320 2170 2390 inju-

524 2405 677 2460 riam
691 2421 800 2460 ceu
813 2406 1049 2461 sibimet
1063 2406 1285 2462 illatam
1299 2409 1577 2478 reputet?
1595 2409 1998 2465 «Iuvocabant
2010 2409 2170 2465 enim

525 2492 608 2547 illi
661 2493 1004 2558 Dominum,
1061 2498 1117 2548 et
1165 2494 1293 2565 ipse
1347 2495 1711 2551 exaudiebat
1775 2513 1912 2552 eos:
1966 2498 2028 2552 in
2076 2512 2168 2552 co-

526 2579 733 2637 lumna
751 2581 932 2637 nubis
953 2581 1314 2654 loquebatur
1324 2583 1427 2639 eis.
1452 2606 1479 2633 »
1494 2587 1716 2657 Nempe
1733 2601 1845 2656 ego
1859 2601 2170 2642 sacrorum

525 2670 1000 2726 testimoniorum
1039 2672 1379 2728 custodiam
1409 2672 1561 2728 serio
1591 2673 1871 2731 observo.
1904 2677 2170 2730 Fortasse

525 2757 700 2830 aliqis
731 2759 1027 2816 calvitiem
1057 2775 1301 2832 quoque
1359 2761 1586 2828 irridet,
1621 2763 1670 2817 si
1700 2762 1847 2819 forte
1875 2763 2030 2835 pileo
2072 2779 2170 2820 me

525 2860 763 2914 exuam,
788 2852 853 2903 ut
873 2863 1013 2904 cum
1033 2848 1152 2904 ﬁde
1175 2848 1336 2904 haud
1355 2849 1554 2906 velata
1575 2866 1746 2907 sacro
1771 2867 2019 2908 munere
2041 2852 2174 2908 fun-

526 2934 807 3004 gar.Quis
834 2936 1024 2992 aderit
1053 2935 1296 2992 Elisaeus
1332 2941 1398 2993 ut
1420 2937 1663 3009 culpam
1686 2939 1836 2995 uItio
1863 2955 2004 2996 mox
2031 2939 2170 2996 sub-

2276 1781 2452 1834 λοιπὸν
2509 1788 2600 1841 τῆς
2650 1780 2912 1842 ἀπειθείας
2941 1783 3068 1833 υἱοί.
3121 1782 3219 1831 Καὶ
3278 1773 3497 1830 δέδοικα
3543 1779 3635 1833 τὴν
3687 1774 3869 1847 ὀργήν·

2277 1875 2434 1932 ὄντως
2499 1873 2599 1944 γὰρ
2671 1872 2830 1926 σκεύη
2896 1870 3057 1942 ὀργῆς
3126 1868 3516 1938 κατηρτισμένα
3597 1863 3731 1915 εἰσιν
3805 1863 3870 1924 εἰς

2277 1958 2552 2014 ἀπώλειαν.
2619 1961 2776 2030 Οἵμοι
2824 1957 2836 2011 l
2895 1959 2972 2009 ὅτι
3032 1958 3224 2032 Θηρίων
3279 1951 3502 2015 ὀδόντας
3574 1953 3676 2026 ὁρῶ
3742 1955 3873 2023 μετὰ

2281 2050 2446 2120 θυμοῦ
2510 2052 2768 2121 συρόντων
2838 2046 2923 2099 ἐπὶ
2985 2053 3081 2106 τῆς
3141 2054 3260 2116 γῆς·
3346 2045 3413 2097 τὰ
3474 2045 3573 2115 γὰρ
3636 2040 3874 2112 ἐπίσημα

2277 2146 2374 2188 τῶν
2428 2136 2560 2209 ἐμῶν
2610 2141 2761 2208 φόνος
2808 2139 2864 2188 τὸ
2914 2142 3137 2209 πρῶτον,
3205 2137 3294 2185 καὶ
3351 2132 3512 2184 ἀλλων
3570 2132 3715 2182 ἔθνεα
3778 2148 3870 2186 κη-

2276 2234 2396 2298 ρῶν.
2447 2229 2624 2298 Οῖμοι,
2687 2227 2767 2276 ὅτι
2823 2225 2992 2276 Δαθάν
3039 2229 3127 2276 καὶ
3172 2221 3418 2296 Ἀϐειρών
3473 2239 3536 2294 με
3583 2222 3870 2293 περικεχή·

2275 2331 2416 2368 νασι’
2468 2319 2557 2367 καὶ
2603 2319 2682 2375 τίς
2736 2313 2935 2387 Ἀαρὼν
2989 2316 3073 2365 ἵνα
3124 2315 3498 2386 τερατουργοίη
3558 2313 3687 2369 Θεὸς
3720 2323 3732 2373 ;
3770 2311 3871 2360 Καὶ

2277 2408 2335 2456 τὸ
2375 2412 2469 2465 τῆς
2510 2404 2788 2478 ἱερωσύνης
2831 2402 3293 2463 κατεζουθένηται·
3342 2405 3431 2453 καὶ
3478 2404 3557 2460 τίς
3603 2397 3864 2470 Σαμουὴλ,

2277 2497 2359 2544 ἵνα
2386 2497 2443 2544 τὸ
2474 2496 2677 2564 γεγονὸς
2727 2495 2799 2554 ε’ίς
2829 2491 3009 2544 ἑαυτὸν
3048 2495 3175 2553 Θεὸς
3225 2487 3526 2552 ἀναδέξαιτο
3559 2505 3571 2555 ;
3623 2487 3872 2539 «Ἐπεκαο

2276 2581 2457 2633 λούντο
2510 2583 2611 2653 γὰρ
2666 2579 2848 2633 ἐκεῖνοι
2890 2583 2980 2633 τὸν
3032 2583 3241 2654 Κύριον,
3292 2584 3381 2632 καὶ
3429 2579 3579 2638 αὐτὸς
3627 2577 3870 2633 εἰσήκου-

2281 2690 2366 2722 σεν
2415 2669 2602 2721 αὐτῶν·
2657 2668 2704 2722 ἓν
2757 2669 2926 2723 στύλῶ
2968 2669 3172 2742 νεφελης
3212 2667 3375 2721 ἐλάλει
3423 2670 3548 2741 πρὸς
3580 2665 3790 2726 αὐτοῦς.
3846 2685 3868 2713 ι

2279 2757 2392 2831 Ἆρ’
2443 2765 2530 2810 οὖν
2587 2757 2685 2830 ἐγὼ
2736 2767 2837 2811 τῶν
2893 2763 3192 2835 μαρτυρίων
3248 2762 3345 2815 τὴν
3400 2755 3630 2828 φυλακην
3692 2753 3876 2825 ἆθέμην

2279 2853 2396 2920 περὶ
2430 2845 2662 2920 σπουδῇ.
2718 2850 2877 2920 Τάχα
2902 2868 2979 2908 τις
3025 2847 3396 2920 καθυϐρίζεται
3426 2849 3515 2897 καὶ
3570 2851 3665 2904 τῆς
3714 2843 3876 2914 φαλά-

2280 2957 2426 3011 κρας,
2462 2936 2504 2989 εἰ
2556 2945 2654 2989 τῶν
2699 2937 3047 3010 καλυμμάτων
3107 2936 3478 3009 ἀποῃμνοῖτο,
3535 2932 3599 2985 ἶν’
3632 2932 3882 3003 ἁκαλυφεῖ

526 3025 861 3094 sequatur?
907 3023 1042 3080 Eliae
1091 3024 1418 3097 disipulum
1449 3027 1734 3083 audacter
1783 3044 1880 3083 me
1935 3028 2168 3086 dicam:

2281 3034 2343 3098 τῇ
2391 3031 2564 3078 πίστει
2607 3028 2880 3102 ἱερατεύοι.
2940 3032 3040 3079 Καὶ
3093 3031 3170 3086 τίς
3198 3025 3513 3091 Ἐλισσαῖος,
3565 3021 3623 3074 ἶνε
3666 3024 3695 3080 η
3750 3018 3875 3078 δικη

525 3111 631 3166 sed
654 3127 778 3168 non
801 3112 1020 3169 idcirco
1053 3113 1298 3169 Elisaaus
1329 3131 1486 3170 sum.
1524 3118 1588 3170 Et
1631 3116 1882 3186 gratiam
1929 3117 2169 3189 quidem

525 3202 781 3273 suscepi,
818 3202 925 3257 sed
955 3218 1077 3258 non
1108 3203 1329 3259 idcirco
1369 3208 1534 3260 extra
1570 3205 1938 3261 caducarum
1968 3223 2168 3262 rerum

523 3287 815 3361 impetum
830 3307 986 3359 sum,
1004 3307 1198 3364 neque
1225 3292 1285 3348 in
1304 3307 1516 3364 pacem
1534 3297 1694 3350 extra
1720 3309 1963 3351 omnem
1986 3295 2170 3353 animi

522 3379 1035 3448 perturbationem
1057 3381 1362 3450 ingressus
1417 3397 1572 3437 sum.
1602 3384 1665 3438 Et
1685 3382 1832 3454 quid
1849 3384 2092 3452 mirum,
2121 3384 2170 3439 si

524 3482 733 3522 rursus
749 3470 979 3539 Moyses
1003 3469 1127 3524 dux
1156 3469 1248 3536 sit,
1278 3474 1334 3525 et
1353 3469 1743 3526 nihilominus
1764 3471 2170 3528 itinerantium

524 3555 802 3611 membra
840 3557 901 3610 in
953 3556 1188 3613 deserto
1237 3558 1605 3614 ceciderint?
1638 3561 1786 3614 Nam
1819 3575 1890 3614 ex
1937 3561 2167 3617 vocatis

523 3645 703 3714 pauci
731 3647 869 3698 sunt
892 3643 1078 3701 electi.

595 3822 682 3876 26.
722 3819 835 3878 Sed
865 3836 1183 3894 quousque
1213 3820 1273 3878 in
1303 3822 1395 3878 his
1425 3822 1689 3879 dilatabo
1720 3825 2077 3893 orationem,
2113 3831 2169 3882 et

524 3925 647 3967 non
695 3910 864 3966 illum
899 3911 1097 3983 potius
1155 3927 1407 3984 scopum
1465 3912 1805 3982 attingam?
1855 3929 2073 3986 nempe
2106 3919 2170 3972 ut

524 4017 732 4072 rogem
759 4007 1065 4074 pastorem
1082 4017 1310 4070 meum,
1341 4005 1396 4056 et
1421 4001 1628 4058 fratres
1659 4003 1836 4058 simul
1862 4004 2170 4076 deprecer.

527 4091 736 4163 Utique
770 4106 842 4146 ex
869 4095 1074 4146 ventre
1099 4089 1271 4146 inferi
1301 4090 1547 4147 audient
1584 4091 1910 4149 clamorem
1940 4108 2166 4151 meum.

526 4179 703 4235 Eleva
731 4180 808 4235 ad
840 4181 1025 4234 Deum
1061 4179 1289 4246 oculos,
1331 4196 1367 4236 ο
1397 4185 1600 4252 pater:
1634 4186 1873 4238 sanctas
1919 4183 2170 4239 extende

526 4282 766 4335 manus,
817 4267 977 4322 unde
1011 4268 1155 4324 mihi
1196 4269 1512 4325 sacerdotii
1548 4271 1800 4339 gratiam
1832 4272 2168 4343 postulasti.

525 4357 655 4410 Pete
675 4370 834 4410 nunc
860 4359 925 4410 ut
954 4371 1196 4414 cursum
1227 4373 1664 4427 consummem,
1693 4359 1873 4414 ﬁdem
1916 4376 2167 4428 servem,

521 4445 987 4517 praavaricantes
1038 4446 1290 4502 doceam
1335 4448 1464 4503 vias
1504 4448 1758 4517 Domini,
1808 4450 2171 4520 irreligiosos

522 4539 906 4591 convertam:
943 4535 990 4589 si
1019 4535 1266 4608 quando
1295 4535 1425 4591 hac
1454 4536 1633 4592 nobis
1665 4537 1952 4593 Dominus
1988 4539 2170 4596 bene-

521 4623 657 4680 ﬁcia
688 4623 891 4680 addat.
931 4627 1089 4681 Ferte
1131 4624 1190 4680 in
1220 4624 1334 4680 hoc
1376 4641 1553 4696 opem
1583 4625 1738 4697 patri
1781 4642 1888 4682 vos
1928 4642 2172 4700 quoque

521 4712 924 4771 amantissimi
947 4713 1195 4770 fratres:
1229 4714 1537 4770 communi
1567 4730 1638 4770 ac
1668 4715 1923 4787 principi
1944 4718 2170 4788 pastori

521 4804 942 4860 commendata
972 4819 1086 4869 me,
1116 4803 1219 4875 qui
1257 4803 1385 4873 regi
1413 4803 1609 4874 potius
1639 4819 1823 4877 quam
1849 4820 2053 4876 regere
2086 4807 2172 4862 in-

521 4891 721 4962 digeo.
767 4894 1035 4950 Fortasse
1079 4891 1496 4949 recordabitur
1522 4894 1886 4951 mirabilium
1918 4911 2169 4952 suorum

520 4980 567 5033 is
599 4981 702 5051 qui
733 4982 1020 5052 parvulos
1063 4982 1358 5038 custodit:
1390 4982 1645 5039 fortasse
1687 4985 2043 5040 memoriam
2087 4985 2172 5042 fa-

521 5069 633 5124 ciet
684 5085 939 5140 operum
992 5087 1260 5139 suorum,
1295 5072 1397 5144 qui
1445 5077 1662 5128 terram
1696 5072 2055 5146 inaquosam
2107 5076 2168 5132 in

520 5171 822 5228 aquarum
845 5161 1272 5229 scaturiginem
1295 5165 1504 5216 mutat.
1529 5164 1676 5216 Nam
1705 5162 1752 5216 si
1773 5163 2030 5220 exsiccat
2062 5167 2169 5222 ﬂu-

519 5245 648 5301 vios
680 5247 892 5314 Ethan,
929 5252 985 5304 et
1039 5253 1258 5304 terram
1286 5247 1654 5306 fructiferam
1710 5251 1878 5322 ponit
1900 5252 1958 5308 in
1979 5253 2165 5310 salsu-

519 5333 920 5406 ginem,idem
952 5335 1342 5392 nihilominus
1373 5337 1607 5395 datmel
1640 5355 1850 5411 sugere
1889 5341 1964 5398 de
1982 5349 2169 5414 petra,

594 5513 639 5547 η
673 5515 741 5569 llI
760 5514 900 5584 Reg.
927 5528 1091 5580 xvui,
1125 5518 1179 5573 3.

2281 3121 2572 3190 παρέποιτο
2634 3132 2647 3181 ;
2712 3113 2890 3168 Ἠλιοῦ
2957 3117 3049 3186 μὶν
3106 3117 3210 3187 γὰρ
3271 3113 3516 3188 θαρῥὴσω
3579 3111 3744 3183 λέγειν
3809 3113 3880 3171 ὡς

2282 3207 2698 3276 μεμαθὴτευμαι·
2789 3203 3005 3255 ἀλλὀὐκ
3077 3202 3302 3256 ἐντεῦθεν
3379 3200 3696 3260 ’Ἐλισσαῖος

2281 3299 2370 3345 καὶ
2418 3295 2580 3368 χάριν
2625 3296 2713 3365 μεν
2755 3290 3012 3365 ἐδεξάμην
3088 3292 3192 3344 ἀλλ’
3247 3292 3305 3343 ού
3381 3292 3542 3364 ταύτῃ
3620 3293 3708 3340 καὶ
3782 3294 3876 3346 τήν

2281 3390 2380 3434 τῶν
2432 3384 2650 3456 ῥεόντων
2695 3381 2961 3455 παρῆλθον
3010 3384 3188 3456 φοράν.
3243 3377 3359 3433 οὐδ’
3407 3384 3473 3441 είς
3527 3384 3619 3437 τὴν
3669 3378 3874 3450 εἰρήνης

2283 3470 2520 3530 εἰσῆλθον
2551 3471 2823 3530 ἀπάθειαν,
2858 3477 2958 3525 Καὶ
2982 3476 3033 3523 τί
3071 3475 3268 3539 καινὸν,
3320 3470 3362 3522 εἰ
3400 3473 3489 3521 καὶ
3516 3467 3670 3521 πᾶλιν
3715 3474 3872 3520 Menti-

2284 3569 2383 3622 σῆς
2438 3557 2646 3632 ὁδηγεῖ,
2701 3569 2801 3613 τῶν
2858 3558 3223 3634 ὁδηγουμένων
3276 3556 3335 3611 δί
3384 3560 3449 3610 τὰ
3509 3557 3649 3610 κῶλα
3705 3555 3753 3607 ἐν
3807 3563 3871 3626 τῇ

2281 3648 2456 3722 ἐρήμῳ
2502 3654 2783 3703 κατέπεσον
2833 3667 2846 3717 ;
2897 3655 3008 3704 Τῶν
3060 3652 3158 3725 γὰρ
3212 3647 3414 3706 κλητῶν
3471 3647 3637 3718 ὀλίγοι
3695 3646 3744 3697 οἰ
3796 3645 3876 3696 ἐκ·

2279 3736 2470 3792 λεκτοί.

2352 3828 2446 3889 κς’.
2499 3828 2653 3881 Ἀλλὰ
2703 3833 2867 3901 μέχρι
2920 3832 3057 3890 τίνος
3111 3830 3314 3888 τούτοις
3368 3826 3874 3898 ἓμπλατννθήσομαι

2281 3922 2370 3970 καὶ
2419 3917 2511 3969 οὐκ
2542 3916 2731 3970 ἐκείνου
2786 3917 2973 3991 μᾶλλον
3005 3921 3217 3990 γίνομαι
3245 3925 3337 3968 τοῦ
3388 3923 3584 3969 σκοποῦ
3619 3933 3631 3983 ;
3663 3919 3876 3972 αἰτησο-

2282 4026 2378 4079 μαι
2409 4011 2493 4059 τὸν
2518 4005 2636 4080 ἐμὸν
2682 4012 2920 4079 ποιμένα,
2948 4003 3253 4065 δυσωπησω
3282 4010 3398 4066 τοὺς
3428 4002 3700 4077 ἀδελφούς.
3742 4002 3876 4077 Ἀρα

2281 4094 2336 4147 ἐκ
2374 4095 2569 4156 κοιλίας
2604 4092 2735 4167 ᾅδου
2763 4099 2997 4171 κραύγῆς
3047 4115 3146 4159 μου
3191 4095 3524 4148 ἀκούσονται·
3565 4093 3722 4165 ’Δρον
3752 4096 3876 4165 πρὸς

2286 4189 2415 4237 Θεὸν
2444 4185 2758 4258 ὀφαθλμοὺς,
2801 4183 2840 4236 ὦ
2885 4188 3067 4260 πάτερ·
3100 4189 3317 4238 ἔκτεινον
3349 4187 3500 4246 ὁσίας
3529 4190 3735 4256 χεῖρας,
3763 4181 3872 4234 δθῦ

2284 4276 2409 4346 ἡμῖν
2438 4279 2532 4332 τὴν
2558 4277 2720 4347 χάριν
2751 4279 2953 4347 ᾐτήσωυ
3000 4281 3088 4328 καὶ
3137 4279 3224 4327 τὸν
3257 4272 3450 4349 δρόμον
3495 4273 3751 4326 ἐκτελέσαι
3790 4279 3876 4323 νῦν

2285 4368 2522 4433 α’ίτησαι,
2564 4369 2658 4423 τὴν
2691 4370 2870 4418 πίστιν
2901 4375 3152 4439 τηρῆσαι,
3189 4362 3408 4427 διδάξαι
3449 4367 3671 4435 άνόμους
3718 4357 3875 4422 ὀδοὺς

2285 4458 2498 4526 Κυρίου,
2541 4451 2739 4515 ἀσεϐεῖς
2796 4454 3126 4529 ἐπιστρέψαι.
3187 4459 3232 4506 εἴ
3283 4473 3402 4506 ποτε
3459 4454 3714 4526 προσθείη
3781 4453 3878 4503 Κύ-

2282 4562 2389 4616 ριος
2456 4543 2533 4615 ἐφ’
2581 4545 2739 4615 ἡμᾶς.
2802 4551 3175 4616 Συμπονησατε
3227 4551 3299 4613 τῷ
3343 4546 3502 4616 πατρὶ
3558 4545 3647 4592 καὶ
3707 4541 3874 4612 ὑμεῖς,

2284 4628 2498 4705 ἀδελφοὶ
2563 4635 2651 4685 καί
2723 4629 3006 4704 φιλάδελοι·
3071 4634 3367 4706 παράθεσθέ
3437 4650 3501 4703 με
3571 4639 3642 4701 τῷ
3720 4637 3876 4700 κοινῷ

2282 4726 2372 4773 καὶ
2419 4725 2605 4794 πρώτῳ
2643 4726 2849 4794 ποιμένι
2894 4726 2987 4775 τὸυ
3033 4723 3402 4794 ποιμαίνεσθαι
3453 4719 3640 4792 μᾶλλον
3672 4720 3702 4776 ἦ
3763 4735 3879 4770 ποι-

2283 4814 2458 4883 μαίνεν
2521 4808 2777 4884 δεόμενον.
2853 4810 3002 4872 Ἴσως
3077 4813 3440 4883 μνησθήσεται
3504 4818 3606 4861 τῶν
3672 4809 3876 4879 θαυμα-

2285 4905 2408 4952 σίων
2437 4899 2598 4952 αύτοῠ
2641 4902 2664 4951 ὁ
2707 4899 2984 4972 φυλάσσων
3033 4902 3097 4953 τὰ
3143 4905 3322 4957 νήπιά
3373 4902 3500 4959 ἴσως
3551 4902 3728 4970 μνείαν
3780 4904 3879 4947 τῶν

2281 4991 2441 5062 ἔργων
2494 4989 2653 5042 αὐτοῦ
2683 4995 2961 5047 ποιήσεται
2993 4992 3018 5041 ὀ
3064 4997 3160 5061 777v
3209 4984 3434 5061 ἄνυδρον
3474 4989 3546 5049 είς
3605 4981 3880 5047 διεξόδους

2282 5075 2488 5130 ὑδάτων
2543 5095 2856 5152 μεταποιωψ
2909 5080 2970 5132 Εἰ
3018 5082 3120 5153 γὰρ
3177 5083 3266 5130 καὶ
3329 5078 3557 5150 ξηραίνει
3610 5081 3880 5146 ποταμούς

2282 5167 2463 5237 Ἢθὰν,
2520 5173 2609 5221 καὶ
2674 5178 2774 5240 γῆν
2853 5173 3182 5243 καρποφόρον
3249 5167 3320 5227 εἰς
3402 5166 3572 5238 ἅλμην
3639 5166 3875 5230 τίθησιν,

2283 5256 2411 5308 ἀλλὰ
2456 5263 2545 5310 καὶ
2590 5257 2705 5330 μελι
2753 5261 3002 5330 θηγάζειν
3046 5257 3100 5310 ἐκ
3147 5259 3339 5330 πέτρας
3396 5252 3615 5321 δίδωσι,
3669 5258 3758 5305 καὶ
3836 5253 3881 5303 ἑκ

2285 5352 2487 5423 στερεᾶς
2542 5351 2730 5422 πέτρας
2782 5347 2970 5402 ἕλαισνο
3017 5352 3096 5409 τίς
3128 5343 3271 5400 οἶδεν
3313 5345 3357 5397 εἰ
3407 5344 3519 5398 ἀντὶ
3565 5339 3754 5403 κνίδης
3791 5346 3881 5394 καὶ
