4106 6222
132 114 177 147 (’7

112 156 149 169 δη

114 212 123 221 .

120 242 129 251 ι

82 264 87 269 ἡ
108 290 123 299 ε
154 292 163 307 ί

70 318 87 333 ’
116 330 137 345 ¹.

62 426 75 439 ,ι
120 424 127 429 .

84 446 143 479 llr].

45 535 54 546 α
92 528 117 549 ‘I
144 542 149 543 γ

41 547 82 608 1‘!
142 570 151 591 ί

49 619 86 644 ..ν
110 630 159 645 ’.ν

43 643 66 656 ⁸⁵
118 656 149 667 “ν

83 737 153 783 h‘év

39 789 56 810 "
77 785 80 790 ’
128 786 139 799 ⁴

53 817 68 846 ³,
140 816 155 829 ’θ

67 861 84 888 9
112 860 127 879 τ
148 876 157 889 κ

90 886 147 917 ,3;

41 977 48 988 .
73 949 78 956 ’
126 992 129 993 ν

59 1010 123 1048 ἔθ’

65 1081 76 1092 .
114 1060 147 1101 -.ι
192 1078 195 1083 Α

65 1110 135 1124 γι.

45 1153 76 1188 ,ε
108 1142 125 1177 {1

53 1319 76 1352 ,ο
100 1356 105 1361 '
128 1340 141 1357 χ
178 1344 191 1351 ρ

65 1363 68 1366 .
104 1370 151 1399 3,

43 1459 74 1480 η
150 1462 167 1471 .,

41 1581 44 1584 .
104 1558 155 1595 '9‘
182 1596 187 1601 ‘

86 1614 145 1649 ἵν

63 1655 76 1676 .
102 1648 109 1659 ‘
162 1652 169 1683 7.

98 1746 121 1757 ι

112 1760 137 1791 Ι,
160 1776 163 1781 ¹

35 1801 56 1824 ,ι
124 1802 131 1811 .

33 1849 36 1854 .
102 1836 167 1865 'Il"

148 1874 155 1885 ,
188 1880 193 1881 γ

39 1913 119 1942 ζ’

69 1952 145 1980 .,’⁷””

45 1983 60 1998 ἶ.
130 1986 139 1997 ο

73 2015 108 2040 ⁸
134 2004 147 2059 ,η

69 2095 102 2122 ‘n
144 2108 151 2111 “
172 2116 179 2125 1

53 2121 165 2163 ’Ἧι

51 2182 121 2204 Ι.

39 2201 52 2218 ,⁸
128 2198 169 2223 4

47 2241 56 2266 τ
90 2224 125 2267 ιθ

53 2317 58 2326 1
104 2298 113 2317 v,

49 2345 66 2358 κ
104 2352 115 2373 Ι-

47 2363 84 2410 1:-
118 2402 125 2413 ι

100 2460 115 2477 τ
170 2472 175 2475 Α

37 2485 62 2522 ,ι
138 2500 163 2511 ν.

43 2531 58 2544 '
84 2550 117 2557 7v

43 2670 51 2702 η
84 2676 85 2679 η

41 2706 93 2729 ,ιι

37 2743 54 2776 ,ἒ

45 2787 69 2819 .
92 2822 97 2825 ν

35 2860 105 2896 ⁸’

76 2916 87 2929 ι

33 2967 52 2986 ’
74 2992 77 2995 ς

37 2997 46 3008 υ

76 3028 83 3039 .

120 3072 127 3081 .

34 3192 85 3231 ἢ,

34 3236 91 3329 Ξ,

34 3328 75 3411 ἶ

54 3496 93 3519 ἳη

60 3556 103 3575 ιλ

110 3590 119 3603 δ

36 3620 97 3657 I’;

36 3650 71 3751 ε
104 3686 117 3697 ‘

84 3710 93 3725 Ι

38 3762 79 3905 ἱ,

76 3916 87 3927 ν

60 3934 87 3953 λη

68 4018 71 4029 .

38 3908 89 4281 Et

40 4284 81 4465 ἰ

42 4472 69 4497 »-
104 4492 109 4499 ι

82 4760 89 4769 .

42 4538 85 4835 ἓ

44 4914 97 4997 ἐξ

558 253 667 310 415
1835 249 2179 306 THEODOB]

2307 247 2637 304 lDIDENSlS
3814 243 3928 296 416

559 375 653 433 ira
678 388 793 430 nos
814 374 1260 430 adnotabimus.
1292 373 1515 429 Titulus
1545 376 1746 428 autem
1767 373 1963 444 operis
1989 372 2083 428 ille
2108 380 2214 437 est,
2247 388 2428 443 quem
2468 386 2578 426 nos
2604 368 2764 441 typis
2794 366 3176 439 impriminus
3208 385 3221 424 :
3259 366 3372 421 nisi
3411 364 3575 438 quod
3620 363 3926 419 mendose

558 462 623 519 in
670 462 937 518 secundo
993 461 1199 517 codice
1237 462 1522 517 Nicolaus
1563 460 1839 516 scribitur
1878 476 1987 531 pro
2036 461 2362 528 Theodoro,
2392 458 2618 515 librarii
2662 456 2948 512 nimirum
2978 453 3221 526 mare,
3248 455 3350 527 qui
3382 458 3521 509 tunc
3556 452 3813 507 fortasse
3845 452 3925 504 de

561 549 804 608 Nicolao
834 550 1109 606 Cabasila
1137 550 1455 620 cogitabat,
1489 549 1661 621 cujus
1688 549 1997 618 liturgicus
2028 547 2494 605 commentarius
2519 544 2757 617 jamdiu
2788 543 2983 599 editus
3014 542 3401 615 subsequitur
3442 540 3502 596 in
3541 539 3745 596 codice
3778 548 3922 611 post

562 638 732 695 illum
757 638 1071 694 Theodori.

1058 816 1371 886 Parergon
1409 815 1482 871 de
1517 816 1646 871 alia
1683 829 1872 871 sacra
1909 816 2099 870 missa
2136 813 2515 883 expositione,
2559 817 2614 868 et
2653 811 2727 867 de
2761 823 2981 867 canone
3019 811 3085 865 44
3123 810 3393 866 Nicano.

635 977 973 1051 Stephanus
1004 977 1338 1043 Aldoensis,
1373 992 1533 1033 anno
1569 982 1704 1033 1670
1734 977 1927 1033 factus
1959 974 2300 1049 patriarcha
2326 972 2728 1029 Antiochenus
2751 969 3190 1038 Maronitarum,
3216 972 3271 1023 et
3295 982 3454 1024 anno
3485 969 3619 1023 1705
3650 964 3770 1021 vita
3810 964 3904 1021 de-

565 1066 825 1136 functus,
854 1071 919 1121 ut
949 1065 1125 1121 tradit
1155 1070 1521 1121 Assemanus
1547 1066 1607 1120 in
1639 1065 1920 1133 Catalogo
1943 1064 2217 1120 codicum
2250 1064 2352 1117 0r.
2397 1063 2527 1117 Vat.
2556 1064 2595 1116 t.
2626 1063 2714 1129 lll,
2747 1075 2810 1131 p.
2843 1062 2965 1121 503,
2999 1056 3315 1129 complura
3369 1055 3588 1125 ingenii
3620 1058 3801 1127 atque
3828 1053 3907 1109 in-

565 1154 810 1211 dustria
840 1169 964 1209 sua
986 1158 1380 1209 monumenta
1409 1154 1663 1225 reliquit,
1697 1170 1914 1225 nempe
1940 1152 2199 1208 Annales
2229 1149 2545 1207 orientales
2578 1148 2689 1213 ;de
2719 1147 2947 1217 origine
2982 1144 3399 1203 Maronitarum
3437 1159 3452 1207 ;
3483 1143 3701 1199 horum
3726 1142 3905 1197 vindi-

566 1242 689 1298 cias
717 1259 731 1309 ;
759 1241 900 1297 item
925 1241 999 1297 de
1030 1246 1219 1297 metro
1242 1242 1576 1297 carminum
1613 1260 1625 1305 ;
1660 1256 1769 1296 nec
1796 1256 1919 1296 non
1947 1238 2282 1297 Orationale
2308 1239 2481 1309 juxta
2505 1236 2687 1292 ritum
2718 1234 3166 1302 Maronitarum,
3193 1237 3259 1289 ut
3283 1231 3479 1287 videre
3512 1234 3601 1287 est
3627 1232 3689 1285 in
3712 1234 3905 1285 nostro

564 1329 835 1403 pradicti
862 1329 1123 1400 Catalogi
1144 1329 1559 1401 supplemento
1589 1329 1794 1401 Script.
1828 1336 1941 1385 vet.
1977 1334 2013 1384 t.
2046 1332 2107 1383 V.
2142 1327 2320 1384 codd.
2354 1329 2483 1397 Syr.
2516 1328 2640 1392 302,
2673 1327 2797 1391 393,
2824 1325 2951 1389 394,
2983 1326 3105 1386 395,
3139 1324 3261 1391 396,
3288 1324 3412 1387 397,
3436 1322 3558 1385 411,
3592 1320 3720 1374 iis.
3748 1318 3907 1381 Quod

566 1433 710 1474 vero
736 1417 810 1474 ad
843 1434 969 1473 rem
996 1424 1355 1489 prasentem
1386 1419 1610 1487 attinet,
1643 1418 1703 1472 in
1729 1417 2097 1473 carsciunico
2124 1415 2289 1490 apud
2368 1430 2482 1470 nos
2516 1412 2721 1469 codice
2761 1415 2863 1467 400
2903 1410 3237 1466 continetur
3281 1407 3553 1479 ejusdem
3603 1406 3908 1463 Aldoensis

568 1522 861 1578 magnum
894 1522 1048 1578 opus
1072 1506 1147 1561 de
1173 1506 1465 1562 sacriﬁcio
1494 1507 1713 1575 missa,
1739 1506 1980 1561 duobus
2012 1506 2191 1562 tomis
2226 1503 2751 1576 comprehensum,
2783 1516 3044 1573 quorum
3076 1503 3279 1555 tamen
3312 1497 3545 1569 primus
3578 1495 3771 1552 deest.
3807 1495 3908 1550 Sed

566 1608 722 1665 ecce,
754 1594 1008 1650 fortuna
1049 1593 1361 1657 beneticio,
1417 1593 1788 1650 desideratus
1830 1595 1925 1650 hic
1951 1595 2357 1650 carsciunicus
2404 1598 2621 1657 tomus,
2657 1588 2967 1661 suppletur
3008 1587 3086 1644 ab
3125 1585 3402 1658 ejusdem
3432 1584 3911 1657 interpretatione

568 1682 795 1751 Latina,
821 1698 956 1756 qua
978 1684 1037 1738 in
1067 1670 1270 1738 codice
1292 1682 1573 1739 Vaticano
1604 1683 1744 1738 7410
1775 1688 2182 1739 conservatur.
2207 1686 2436 1754 Beapse
2469 1697 2606 1736 cum
2633 1683 2821 1735 totum
2844 1693 2998 1750 opus
3020 1678 3080 1732 in
3102 1676 3311 1732 decem
3335 1679 3532 1748 partes
3553 1675 3683 1747 (seu
3705 1674 3913 1729 cande-

565 1770 761 1839 labra,
793 1776 857 1827 ut
895 1771 1219 1828 Orientales
1270 1770 1502 1828 malunt
1543 1772 1759 1844 dicere)
1796 1772 2207 1842 distribuatur,
2239 1788 2341 1827 sex
2389 1769 2635 1843 quidem
2673 1768 2901 1841 priores
2946 1771 3148 1839 partes
3187 1765 3247 1821 in
3279 1765 3486 1821 Latino
3517 1763 3915 1828 continentur,

568 1863 827 1932 quatuor
879 1875 1023 1916 vero
1067 1865 1387 1932 postrema
1436 1860 1497 1916 in
1547 1861 1918 1918 carsciunico
1952 1881 1964 1918 :
2016 1877 2137 1934 quo
2167 1861 2232 1916 ﬁt
2271 1864 2333 1915 ut
2370 1858 2448 1915 ab
2479 1862 2732 1930 utroque
2767 1855 3134 1927 conjunctim
3182 1853 3385 1910 codice
3424 1852 3772 1925 liturgicum
3811 1851 3916 1907 hoc

569 1946 883 2004 Aldoensis
908 1965 1062 2021 opus
1090 1948 1266 2005 nobis
1308 1954 1495 2005 totum
1538 1950 1971 2023 suppeditetur.
2001 1951 2286 2017 Quisnam
2316 1963 2454 2004 vero
2485 1946 2658 2002 fuerit
2702 1945 2941 2001 Latinus
2980 1945 3295 2015 interpres,
3323 1941 3513 1998 codex
3551 1956 3674 1997 non
3699 1939 3913 2007 docet;

571 2034 677 2091 sed
708 2036 1000 2109 suspicari
1030 2037 1165 2092 licet
1200 2037 1274 2093 de
1307 2038 1476 2094 Petro
1510 2040 1823 2096 Benedicto
1854 2039 1952 2095 illo
1982 2042 2037 2096 S.
2072 2037 2389 2111 Ephramii
2415 2035 2726 2092 notissimo
2752 2034 3090 2105 interprete.
3120 2036 3387 2104 Namque
3425 2030 3715 2087 Naironus
3758 2028 3916 2101 apud

570 2130 992 2188 Assemanum,
1025 2125 1158 2181 loco
1206 2127 1571 2199 supradicto,
1598 2127 1939 2185 afﬁrmabat
1965 2131 2166 2184 Roma
2195 2143 2257 2183 se
2294 2124 2579 2199 quadam
2615 2123 2926 2179 Aldoensis
2956 2120 3321 2195 exemplaria
3348 2121 3655 2193 accepisse
3686 2135 3723 2175 a
3755 2121 3918 2175 Petro

568 2213 883 2270 Benedicto
930 2216 1216 2271 Maronita
1270 2217 1675 2273 commodata.
1730 2220 1795 2272 Et
1839 2233 1950 2272 nos
1997 2217 2243 2289 quidem
2292 2214 2369 2271 ab
2417 2212 2731 2269 Aldoensis
2774 2228 2953 2285 opere
2994 2212 3152 2284 typis
3193 2210 3505 2280 tradendo,
3539 2209 3753 2279 moles,
3794 2208 3920 2281 ipsa

574 2302 831 2359 deterret
857 2319 870 2369 ;
905 2303 1050 2359 nihil
1077 2308 1277 2360 tamen
1310 2310 1486 2377 vetat,
1517 2307 1841 2378 quominus
1861 2307 2041 2375 hujus
2067 2311 2305 2361 tenuem
2333 2302 2541 2360 saltem
2571 2302 2895 2372 imaginem
2917 2300 3307 2357 delineemus.

650 2427 873 2482 Etenim
894 2428 1092 2501 operis
1120 2429 1381 2501 partium
1411 2428 1641 2494 decem,
1662 2435 1724 2485 ut
1750 2430 2034 2499 diximus,
2060 2429 2121 2485 in
2145 2429 2344 2501 plures
2368 2442 2751 2499 unaquaque
2774 2429 3057 2482 tractatus
3074 2424 3494 2493 subdividitur,
3516 2423 3698 2497 hique
3716 2439 3919 2479 rursus

576 2515 637 2572 in
669 2516 984 2585 sectiones,
1019 2524 1302 2589 tantaque
1332 2523 1420 2573 est
1449 2520 1788 2589 argumenti
1819 2518 2210 2581 abundantia,
2240 2521 2294 2573 et
2312 2522 2435 2573 tam
2461 2516 2710 2588 copiosa
2748 2514 3041 2581 tractatio,
3073 2518 3137 2569 ut
3164 2513 3310 2569 nihil
3339 2514 3452 2570 hac
3483 2528 3661 2585 super
3688 2529 3754 2569 re
3780 2511 3920 2568 indi-

578 2608 740 2660 ctum
770 2605 1163 2677 relinquatur.
1193 2610 1232 2660 l.
1262 2608 1401 2661 Pars
1432 2606 1506 2661 de
1535 2607 1720 2662 missa
1737 2606 1855 2662 fere
1883 2605 2234 2676 generatim,
2258 2605 2316 2660 id
2344 2606 2524 2660 estde
2554 2605 2683 2675 ejus
2706 2603 3081 2668 nominibus,
3111 2601 3474 2670 deﬁnitione,
3507 2602 3919 2674 partibus,etc.

577 2696 643 2749 Il.
670 2697 749 2750 De
777 2694 910 2750 loco
949 2695 1336 2750 conveniente
1367 2695 1740 2751 celebranda
1781 2695 2001 2762 missae,
2032 2695 2093 2751 id
2124 2698 2213 2750 est
2252 2693 2327 2749 de
2366 2693 2651 2762 ecclesiis,
2683 2708 3015 2765 earumque
3044 2690 3337 2763 partibus,
3379 2690 3689 2758 altaribus,
3725 2690 3924 2763 supel-

574 2782 785 2847 lectile,
819 2787 928 2838 etc.
960 2786 1050 2838 lli.
1085 2785 1162 2837 De
1194 2783 1500 2838 sacerdote
1536 2784 1733 2839 missa
1762 2783 2049 2842 ministro.
2083 2787 2140 2839 et
2167 2782 2241 2838 de
2269 2782 2587 2838 sacerdotii
2620 2781 2929 2851 gradibus,
2971 2779 3201 2851 ofﬁciis,
3234 2785 3343 2837 etc.
3379 2783 3463 2835 ιν.
3508 2782 3586 2836 De
3614 2795 3924 2852 praepara-

577 2870 735 2925 tione
764 2869 1146 2926 sacerdotum
1177 2870 1255 2926 ad
1284 2870 1552 2936 missam,
1587 2872 1871 2940 vestibus,
1905 2877 2016 2927 etc.
2048 2873 2110 2926 V.
2147 2871 2498 2943 Singillatim
2530 2870 2604 2927 de
2635 2871 2832 2926 missa
2860 2870 3151 2942 partibus.
3195 2870 3283 2924 VI.
3316 2869 3526 2925 Adhuc
3567 2869 3641 2925 de
3680 2868 3922 2941 reliquis

577 2959 781 3015 missa
808 2958 1104 3030 partibus.
1123 2961 1416 3015 Hactenus
1435 2960 1624 3015 codex
1651 2961 1910 3016 Latinus.
1938 2965 1999 3016 In
2016 2960 2385 3016 carsciunico
2410 2963 2813 3031 autem,parte
2835 2959 2955 3013 VII.
2980 2958 3316 3015 Prosecutio
3342 2963 3430 3014 est
3445 2956 3671 3013 ordinis
3697 2957 3919 3023 missa,

578 3047 817 3114 scilicet,
850 3047 924 3103 de
955 3061 1104 3120 pace
1125 3047 1348 3114 danda,
1378 3053 1434 3104 et
1457 3049 1532 3105 de
1554 3048 1755 3105 altaris
1776 3048 2093 3117 velamine,
2124 3063 2235 3104 nec
2263 3063 2386 3105 non
2411 3049 2715 3120 apertione
2737 3048 3180 3120 mysteriorum.
3214 3049 3348 3103 Vili.
3378 3049 3455 3103 De
3478 3047 3921 3103 consecratione

579 3136 960 3204 sacramenti,
992 3136 1156 3208 quod
1187 3142 1279 3193 est
1298 3137 1630 3193 secundum
1658 3138 1852 3193 missa
1879 3141 2277 3209 segmentum.
2304 3140 2387 3193 1X.
2414 3140 2494 3193 De
2512 3136 2823 3207 signaculo
2846 3137 3036 3192 crucis
3062 3152 3242 3209 super
3259 3135 3527 3201 calicem,
3549 3135 3624 3191 de
3647 3134 3921 3192 Oratione

576 3224 904 3293 Dominica,
952 3229 1009 3281 et
1051 3226 1405 3281 sacramenti
1439 3226 1765 3283 elevatione
1798 3228 1857 3282 Χ.
1902 3229 1979 3282 De
2007 3226 2295 3285 fractione
2328 3228 2662 3300 specierum
2688 3226 2883 3300 panis,
2915 3230 2972 3283 et
3001 3226 3348 3299 aspersione
3378 3224 3765 3283 sacratissimi
3796 3239 3928 3280 san-

578 3312 777 3382 guinis
805 3328 984 3385 super
1013 3313 1164 3383 illas,
1188 3319 1244 3370 et
1272 3314 1347 3370 de
1388 3316 1748 3372 sacramenti
1772 3316 2186 3373 distributione
2209 3316 2505 3372 ﬁdelibus.

647 3439 672 3491 J
680 3452 781 3493 am
801 3452 943 3492 vero
972 3437 1035 3492 in
1066 3441 1320 3494 tractatu
1347 3443 1469 3494 tam
1492 3438 1693 3503 ubere,
1720 3440 1910 3496 multa
1939 3455 2067 3495 esse
2088 3441 2251 3496 bona
2283 3445 2337 3496 et
2358 3439 2543 3507 utilia,
2566 3445 2621 3497 et
2646 3440 3013 3513 quandoque
3036 3440 3214 3496 etiam
3237 3438 3573 3512 peregrina,
3606 3436 3745 3510 quis
3762 3436 3930 3492 dubi-

579 3526 707 3580 tet?
738 3523 1036 3595 Imprimis
1059 3526 1398 3582 testimonia
1428 3526 1759 3583 clarissima
1788 3528 1862 3583 de
1889 3528 2101 3584 Christi
2129 3544 2376 3600 corpore
2405 3529 2467 3584 in
2498 3529 2864 3585 Eucharistia
2887 3532 3203 3602 prasente,
3230 3532 3286 3584 et
3304 3527 3470 3601 quod
3499 3525 3715 3583 Christi
3741 3526 3925 3598 ipsius

578 3612 931 3666 institutoris
957 3612 1151 3668 verbis
1181 3613 1286 3669 ﬁat
1311 3615 1703 3671 consecratio.
1736 3618 1881 3671 Item
1917 3617 1990 3672 de
2019 3616 2171 3672 Petri
2201 3622 2252 3672 et
2286 3617 2538 3674 Romani
2570 3617 2867 3688 pontificis
2892 3618 3174 3690 primatu,
3207 3632 3391 3689 quem
3421 3614 3675 3671 summis
3708 3614 3929 3670 viribus

577 3704 941 3771 propugnat,
956 3704 1013 3755 et
1032 3700 1109 3755 ad
1135 3702 1479 3758 universam
1506 3703 1848 3775 Ecclesiam,
1872 3710 2052 3776 prout
2071 3706 2130 3759 in
2153 3705 2485 3761 Florentino
2505 3707 2875 3762 acumenico
2896 3705 3207 3761 deﬁnitum
3220 3710 3324 3775 est,
3342 3703 3623 3761 extendit.
3640 3706 3777 3775 (Par
3794 3718 3931 3773 erga

576 3788 728 3844 Petri
752 3804 1165 3845 successorem
1187 3790 1499 3862 profitetur
1513 3791 1872 3864 obsequium
1896 3794 2073 3849 etiam
2095 3800 2302 3850 auctor
2313 3794 2447 3849 libri
2466 3810 2577 3850 ms.
2596 3811 2779 3867 quem
2797 3811 2920 3868 pra
2934 3794 3218 3851 manibus
3239 3794 3431 3850 habeo
3444 3792 3929 3849 carimoniarum

578 3877 856 3934 Ecclesia
883 3878 1259 3948 Maronitica,
1279 3879 1381 3936 ubi
1401 3880 1463 3935 in
1491 3880 1743 3953 prologo
1765 3881 1979 3937 dicitur
1999 3884 2154 3938 Deus
2182 3882 2467 3939 fundasse
2499 3883 2819 3940 Ecclesiam
2845 3900 2915 3940 ac
2945 3883 3303 3941 stabilivisse
3323 3898 3510 3955 supra
3539 3885 3775 3954 patrem
3796 3880 3930 3935 ﬁdei

578 3967 772 4040 Petri).
804 3967 1027 4024 Deinde
1057 3967 1130 4023 de
1162 3970 1570 4041 patriarchatu
1596 3971 1964 4027 Antiocheno
1985 3971 2108 4044 agit
2137 3971 2448 4027 Aldoensis
2477 3990 2489 4040 ;
2522 3972 2597 4028 de
2622 3974 2717 4030 SS.
2752 3973 3090 4043 imaginum
3120 3972 3499 4029 veneratione
3524 3988 3537 4037 ;
3561 3970 3635 4026 de
3666 3968 3933 4025 vestibus

580 4060 759 4130 atque
776 4057 1089 4114 ornatibus
1111 4058 1573 4131 pontiﬁcalibus,
1603 4063 1713 4116 etc.
1738 4064 2040 4117 Postremo
2064 4060 2304 4133 copiose
2330 4060 2639 4117 disseritur
2669 4062 2744 4118 de
2761 4062 3025 4134 trisagio,
3050 4063 3222 4134 cujus
3247 4061 3425 4118 etiam
3446 4060 3678 4116 celebre
3699 4058 3932 4115 addita-

579 4153 851 4203 mentum
901 4148 1005 4218 qui
1050 4150 1380 4218 cruciﬁxus
1417 4156 1501 4206 est
1539 4166 1650 4219 pro
1688 4151 1876 4218 nobis,
1905 4151 1966 4207 in
1992 4150 2260 4205 Ecclesiis
2299 4149 2695 4206 Orientalibus
2724 4150 2907 4221 vulgo
2936 4156 3318 4223 usurpatum,
3351 4148 3667 4207 Aldoensis
3699 4152 3932 4211 tuetur;

579 4249 705 4290 non
735 4234 814 4289 ad
842 4235 1186 4293 Trinitatem
1216 4242 1418 4294 tamen
1437 4238 1710 4309 relatum,
1748 4240 1855 4296 sed
1886 4239 1962 4295 ad
1998 4238 2204 4294 Filium
2242 4253 2253 4304 ;
2308 4238 2431 4295 imo
2457 4254 2581 4296 non
2613 4239 3096 4297 additamentum
3143 4238 3585 4309 tantummodo,
3619 4237 3729 4293 sed
3771 4237 3935 4293 trisa-

583 4322 749 4391 gium
781 4326 991 4391 totum,
1021 4325 1099 4379 ad
1122 4325 1318 4381 solum
1350 4327 1560 4383 Filium
1591 4327 1669 4383 ab
1699 4328 2091 4385 Orientalibus
2115 4327 2317 4384 referri
2344 4332 2549 4385 narrat
2586 4346 2600 4397 ;
2646 4345 2816 4386 secus
2845 4345 2985 4386 vero
3014 4345 3049 4386 a
3082 4329 3297 4385 Gracis
3335 4334 3393 4385 et
3431 4326 3935 4391 Occidentalibus,

581 4409 811 4466 omisso
842 4426 1079 4482 semper
1108 4413 1534 4483 additamenta,
1566 4416 1628 4470 id
1659 4417 1739 4472 ad
1769 4416 1961 4473 solam
1991 4417 2334 4473 Trinitatem
2354 4417 2556 4473 referri
2587 4418 2777 4474 solere
2807 4436 2819 4473 :
2849 4434 2974 4490 qua
2997 4418 3379 4475 distinctione
3403 4415 3696 4485 adhibita,
3720 4430 3939 4487 pacem

582 4497 976 4555 Ecclesiarum
1030 4500 1190 4557 circa
1236 4503 1394 4558 hanc
1450 4505 1916 4561 controversiam
1974 4505 2278 4562 conciliari
2318 4521 2496 4578 posse
2547 4506 2797 4577 judicat.
2840 4506 3081 4564 Interim
3119 4523 3229 4581 pro
3266 4506 3369 4562 illa
3404 4505 3615 4562 ultima
3643 4504 3940 4577 particula

580 4587 807 4660 profert
832 4587 1174 4644 testimonia
1198 4594 1246 4644 1.
1272 4589 1609 4663 Ephramii,
1631 4592 1987 4665 patriarcha
2007 4594 2380 4653 Antiocheni.
2410 4600 2464 4652 2.
2487 4596 2734 4653 Joannis
2753 4596 3008 4653 Maronis
3023 4597 3165 4653 item
3180 4595 3535 4669 patriarcha
3559 4593 3936 4650 Antiocheni.

583 4680 636 4732 5.
668 4676 933 4750 Dionysii
957 4677 1263 4744 Barsalibi,
1293 4680 1629 4736 Amidensis
1647 4681 1944 4754 episcopi;
1976 4686 2028 4737 4.
2053 4682 2287 4738 concilii
2315 4684 2732 4742 Armeniorum
2764 4686 3091 4743 Tarsensis.
3111 4691 3164 4744 3.
3186 4685 3479 4741 librorum
3497 4683 3936 4754 liturgicorum.

585 4766 869 4824 Concedit
896 4769 1101 4822 tamen
1131 4770 1366 4824 Petrum
1396 4769 1704 4825 Fullonem
1745 4787 1927 4827 sensu
1960 4771 2240 4828 haretico
2299 4771 2465 4828 illam
2514 4772 2850 4829 clausulam
2892 4789 3263 4847 usurpasse;
3317 4777 3498 4845 atque
3546 4772 3686 4827 hinc
3736 4775 3942 4827 ortum

584 4859 775 4913 totum
794 4856 925 4928 ejus
953 4855 1037 4912 rei
1067 4856 1273 4914 odium
1300 4863 1356 4915 et
1374 4858 1891 4931 disceptationem.
1928 4863 2059 4916 Hac
2090 4860 2163 4916 de
2192 4861 2538 4933 patriarcha
2564 4864 3013 4921 Maronitarum.
3036 4863 3233 4920 Alium
3261 4878 3404 4920 vero
3425 4876 3598 4935 aque
3627 4861 3941 4931 ingentem

583 4945 1083 5001 commentarium
1112 4945 1453 5017 liturgicum
1484 4948 1746 5005 Nersetis
1782 4949 2273 5021 Lamprunensis,
2315 4951 2734 5008 Armeniorum
2765 4953 2987 5010 saculo
3015 4952 3377 5010 duodecimo
3407 4949 3693 5025 episcopi,
3721 4950 3942 5006 Latina

582 5029 726 5086 item
748 5032 1015 5089 Ecclesia
1040 5036 1529 5103 reverentissimi,
1562 5036 1679 5093 alio
1708 5053 1821 5093 nos
1848 5042 2115 5111 tempore
2145 5038 2398 5095 fortasse
2436 5054 2835 5113 exponemus.

656 5155 1012 5212 Notissimus
1032 5162 1121 5213 est
1164 5174 1358 5216 canon
1390 5164 1457 5217 44
1480 5161 1753 5217 Nicanus
1783 5162 2093 5231 Arabicus,
2127 5164 2302 5235 cujus
2329 5163 2661 5221 clausulam
2686 5165 2760 5222 de
2788 5165 3039 5223 Romani
3060 5164 3355 5239 pontiﬁcis
3373 5162 3726 5221 auctoritate
3757 5178 3947 5235 supra

584 5259 796 5301 omnes
812 5245 991 5302 etiam
1010 5248 1406 5320 patriarchas,
1420 5266 1645 5323 ponam
1668 5257 1945 5309 accurate
1969 5252 2323 5309 translatam
2344 5269 2417 5310 ex
2441 5253 2697 5312 Arabico
2713 5260 2896 5323 textu,
2910 5271 3092 5329 quem
3113 5254 3321 5312 recitat
3336 5255 3555 5327 Coptus
3578 5253 3944 5317 Ben-Assali,

584 5333 788 5391 saculi
816 5352 897 5391 xu
928 5337 1346 5409 Monophysita
1371 5343 1594 5404 auctor,
1620 5342 1680 5397 in
1706 5341 1909 5397 codice
1938 5341 2200 5399 Arabico
2225 5343 2508 5401 Vaticano
2532 5348 2651 5411 151,
2680 5345 2785 5401 ubi
2810 5346 2941 5417 ejus
2968 5349 3256 5402 tractatus
3276 5343 3604 5400 cononicus
3621 5341 3864 5411 legitur.
3896 5345 3946 5396 ls

584 5439 729 5496 ergo
758 5424 819 5481 in
842 5429 1011 5498 parte
1040 5441 1080 5493 ι,
1107 5440 1240 5499 cap.
1268 5430 1321 5494 4,
1353 5432 1681 5507 postquam
1708 5430 1878 5500 dixit,
1896 5431 2186 5507 primum,
2212 5430 2336 5490 imo
2357 5437 2415 5489 et
2437 5438 2641 5506 caput,
2674 5433 3155 5507 patriarcharum
3183 5449 3315 5491 esse
3342 5430 3947 5497 Romanum,diserte

584 5514 825 5576 scribit:
860 5538 889 5567 ‹‹
924 5516 1082 5575 Sicut
1105 5498 1719 5593 patriarcha’imperio
1740 5524 1803 5579 et
1830 5498 2178 5581 auctoritate
2213 5536 2361 5600 erga
2396 5498 2846 5600 sibisubj-ectos
2864 5523 3152 5601 praditus
3184 5527 3295 5592 est,
3325 5522 3409 5597 ita
3432 5523 3631 5581 Roma
3664 5521 3949 5581 Domnus
