2053 3111
1559 7 1580 12 τ
1818 22 1826 31 ,
1837 4 1843 26 ;
1853 4 1860 6 ·
1871 4 1930 31 :--
1958 8 1961 26 :

1584 39 1593 46 ρ
1647 35 1650 37 λ
1708 30 1718 38 ν
1779 44 1783 48 ,
1804 31 1807 33 ·
1866 30 1881 50 έ-
1937 39 1950 45 ,ν

711 134 963 163 COMMENTATlO
988 135 1181 164 LITURGICA.
1731 140 1783 169 418

84 198 281 226 auctoritate
296 205 369 233 erga
383 205 489 226 omnes
504 196 690 234 patriarchas
704 196 813 233 pollet:
825 198 972 233 quoniam
1000 197 1063 233 ipse
1080 198 1195 233 primus
1211 199 1264 232 est,
1280 200 1424 234 tanquam
1440 200 1558 234 Petrus;
1573 202 1721 236 quatenus
1735 202 1784 229 hic

84 242 240 271 videlicet
252 242 428 271 auctoritate
443 249 533 278 super
544 249 649 270 omnes
665 241 892 270 Christianitatis
903 242 1045 278 prtesules
1065 243 1229 279 fruebatur,
1243 246 1270 271 et
1290 251 1360 278 erga
1373 243 1603 279 multitudinem,
1620 254 1653 274 ex
1664 255 1725 283 qua
1734 247 1784 276 illa

84 287 268 315 conﬂatur:
283 289 387 323 utpote
400 286 506 315 Christi
517 286 634 315 Domini
647 286 741 314 nostri
756 294 921 322 successor,
939 287 1052 323 populo
1070 287 1134 322 ejus
1156 288 1350 324 Ecclesiisque
1365 290 1557 324 prmpositus.
1581 301 1594 315 »
1611 291 1654 325 (Et
1670 291 1711 318 sic
1727 293 1784 320 Leo

85 334 206 359 noster
221 338 362 366 magnus,
377 338 467 359 serm.
482 337 529 363 Iv,
543 332 578 358 2:
596 340 609 355 ιι
626 331 727 358 Petrus
739 330 853 358 cunctis
865 331 999 359 Ecclesiae
1014 331 1152 359 Patribus
1172 332 1362 368 praepositus.
1378 343 1392 357 η
1410 334 1443 360 Et
1457 334 1541 363 Joan.
1557 335 1783 364 Ctesariensisin

84 375 215 404 inedito
228 383 319 412 opere
333 375 370 403 de
385 382 471 403 conc.
485 374 582 403 Chalc.
594 374 665 403 dicit
678 374 779 410 ipsum
793 375 921 402 Leonem
936 378 1028 411 caput
1040 376 1343 411 episcoporum).Quo
1358 384 1473 405 canone
1483 380 1551 413 post
1567 379 1692 415 Coptum
1708 380 1767 408 Ben

86 420 199 448 Assali
211 428 283 448 usus
297 421 345 447 est
359 419 449 447 etiam
459 419 607 448 Naironus
622 418 764 447 Maronita
777 419 806 446 in
822 419 1005 455 Evoplia,p.
1024 419 1075 447 2‘76
1089 422 1185 448 et293.
1199 420 1362 449 Praeterilla
1377 429 1445 457 quae
1457 420 1494 449 de
1505 422 1634 457 primatu
1647 424 1783 452 Romano

86 464 269 501 disputavit
280 463 355 492 alter
363 463 461 492 clarus
475 464 629 497 Maronita,
640 463 830 491 Abrahamus
840 463 1049 498 Ecchellensis,
1061 464 1091 491 in
1104 467 1230 492 tractatu
1240 466 1281 493 De
1290 465 1406 500 origine
1415 466 1539 494 nominis
1548 475 1646 501 papae.
1658 468 1784 505 Addesis

87 517 169 545 quae
178 508 521 538 S.AnselmusLucencis
536 507 721 543 amplissime
729 508 766 535 de
777 508 832 535 hac
847 515 879 536 re
893 507 996 535 scribit
1021 508 1073 536 lib.
1090 510 1171 536 Ietll.
1189 509 1218 536 in
1240 517 1295 536 sua
1322 509 1494 537 collectione
1514 511 1668 546 canonica,
1697 513 1784 548 cujus

86 561 154 581 nos
168 552 273 581 titulos
298 552 457 580 edidimus.
471 551 554 580 Adde
566 552 637 580 item
654 552 717 580 duo
726 560 808 580 nova
817 552 986 581 testimonia
999 552 1029 580 in
1040 553 1150 580 nostris
1164 553 1320 588 Augustini
1335 554 1523 582 sermonibus
1537 556 1684 584 Vaticanis
1699 557 1753 591 Lll,
1770 560 1780 585 1

89 600 124 625 et
145 599 225 631 CXX,
244 598 289 624 13.
302 595 434 632 Denique
450 596 546 625 Casin.
575 596 750 624 Parisiensis
764 604 863 624 sermo
884 597 974 631 XXIII,
996 598 1068 633 quia
1082 597 1170 626 nobis
1186 598 1216 625 in
1231 598 1303 626 item
1322 598 1390 626 cod.
1407 599 1470 627 Vat.
1488 599 1585 627 Ottob.
1597 603 1658 634 977,
1684 600 1704 628 f.
1719 603 1781 635 262,

91 641 267 677 legebatur,
285 641 328 668 ita
339 640 536 669 concluditur.
557 651 572 666 «ι
586 641 792 669 Communicet
805 642 900 677 Petro,
916 641 970 678 qui
985 641 1048 670 vult
1062 645 1177 678 partem
1191 643 1303 671 habere
1318 650 1388 671 cum
1404 643 1529 673 Christo.
1547 655 1561 668 »

320 802 712 860 ΘΕΟΔΩΡΟΥ
749 802 1192 860 ΕΠΙΣΚΟΠΟΥ
1230 803 1570 860 ΑΝΔΙΔΩΝ

722 894 910 918 ΠΡΟΘΕΩΡΙΛ
932 895 1164 919 ΚΕΦΔΛΑΙΩΔΗΣ

283 958 357 983 HEPI
378 959 444 982 ΤΩΝ
466 958 509 981 ΕΝ
527 958 570 991 Ὶᾚ
591 957 668 991 ΘΕΙᾼ
691 957 887 990 ΛΕΙΤΟΥΡΓΙᾼ
908 957 1107 981 ΓΙΝΟΜΕΝΩΝ
1128 958 1308 981 ΣΥΜΒΟΑΩΝ
1331 959 1385 982 ΚΑΙ
1406 960 1597 984 ΜΥΣΤΗΡΙΩΝ

876 1020 944 1045 How;
950 1017 1024 1042 θεῖσα

390 1080 419 1106 ἑκ
434 1083 581 1117 προτροπῆς
595 1081 641 1105 καὶ
657 1078 785 1110 ἀξιώσεως
799 1082 844 1105 τοῦ
861 1078 1056 1115 θεοφιλεστάτου
1071 1078 1215 1105 ἐπισκόπου
1231 1078 1338 1110 Φυτιίας
1353 1079 1488 1105 Βασιλιίου

241 1214 672 1276 THEODORI
716 1212 1090 1273 EPISCOPI
1135 1212 1650 1274 ANDIDORUM

752 1316 875 1338 BREVIS
895 1315 1033 1338 COMMEN
1037 1315 1135 1338 ΤΔΤῙΟ

528 1374 572 1400 DE
591 1372 718 1400 DIVINJ‘I
741 1372 910 1400 LITURGH‘J
932 1371 1099 1400 SYMBOLIS
1118 1372 1163 1398 AC
1182 1372 1362 1400 MYSTERIIS

858 1432 1032 1469 Composita

418 1498 556 1526 hortante
572 1505 607 1525 ae
621 1495 794 1533 postulante
806 1496 865 1523 Deo
880 1494 1056 1523 charissimo
1069 1495 1213 1532 episcopo
1233 1495 1344 1532 Phytiae
1360 1496 1479 1524 Basilio.

135 1652 174 1678 σι’.
205 1651 294 1677 Πολλοὶ
322 1655 373 1677 τῶν
409 1650 528 1686 ἱερᾶσθαι
558 1649 704 1685 ἠξιωμένων
742 1649 819 1673 ἴσασι
857 1647 900 1682 μὲν
916 1647 939 1672 Α

98 1699 146 1722 καὶ
173 1695 329 1732 ὁμολογοῦσι
354 1696 388 1721 τὰ
412 1696 435 1721 ἓν
463 1698 494 1730 τῇ
523 1695 578 1730 θείᾳ
608 1694 739 1731 ἱερουργίᾳ
763 1692 902 1725 τελούμενα

98 1742 185 1767 τύπον
215 1740 278 1766 εἰναι
303 1744 350 1766 τοῦ
383 1741 514 1776 Σωτηρίου
541 1739 641 1769 πάθους
666 1740 711 1763 καὶ
738 1741 784 1767 τῆς
818 1741 902 1773 ταφῆς

98 1788 147 1811 καὶ
164 1789 210 1815 τῆς
245 1784 412 1814 ἀναστάσεως
436 1787 481 1809 τοῦ
508 1786 622 1820 Χριοτοῦ
651 1785 696 1808 καὶ
723 1785 789 1808 Θεοῦ
817 1782 900 1817 ἡμῶν·

99 1831 142 1856 ὅτι
159 1827 190 1855 δὲ
208 1831 254 1854 καὶ
266 1829 356 1859 πάσης
370 1832 417 1859 τῆς
437 1827 517 1854 αὐτοῦ
532 1829 597 1865 πρὸς
623 1828 692 1863 ἡμᾶς
717 1823 902 1863 σωτηριῳδους

99 1873 248 1910 ἐπιδημίας
274 1882 301 1899 τε
328 1875 373 1898 καὶ
397 1872 543 1909 οἰκονομίας
573 1874 733 1907 σημαίνουσι
758 1871 790 1896 τὰ
817 1879 901 1907 παρη-

100 1919 285 1947 κολουθηκότα
307 1919 488 1954 γνωρίσματα,
506 1915 547 1942 ἀπ’
562 1917 644 1945 αὐτῆς
667 1914 756 1952 ἀρχῆς
778 1918 823 1945 τῆς
842 1913 900 1940 συλ-

97 1963 204 1998 λήψεως
224 1962 327 1998 miro-1,
350 1964 491 1997 γεννήσεώς
505 1970 533 1987 τε
547 1963 592 1986 καὶ
607 1959 741 1996 ἁναλωγῆς
753 1963 801 1989 τῆς
823 1968 899 1995 τρια-

96 2011 259 2037 κονταετοΰς*
283 2008 348 2040 πρὸς
375 2004 404 2032 δὲ
429 2008 541 2036 καὶτῆς
565 2008 610 2031 τοῦ
635 2002 791 2042 Προδρόμου
819 2003 898 2029 αὐτοῦ

95 2052 273 2088 λειτουργίας,
300 2053 344 2077 καὶ
366 2054 411 2080 τῆς
435 2049 458 2075 ἓν
483 2054 519 2085 τῷ
548 2048 713 2085 βαπτίσματι
736 2048 815 2074 αὑτοῦ
839 2047 898 2073 ἁνα-

98 2095 216 2127 διίξεως·
242 2098 285 2121 ναὶ
311 2098 362 2131 μὴν
386 2097 432 2120 καὶ
452 2098 498 2125 τῆς
524 2098 574 2120 τῶν
601 2093 750 2119 ἀποστόλων
780 2092 897 2128 ἐκλογῆς,

96 2143 141 2166 καὶ
166 2144 210 2166 τοὺ
233 2144 285 2166 τῶν
311 2140 464 2175 θαυμασίων
491 2141 608 2175 τριετοῦς
635 2139 744 2173 χρόνον,
771 2136 797 2168 ἐξ
822 2141 857 2162 ῶν
885 2137 898 2162 ό

98 2186 191 2221 ῗθόνος
208 2185 262 2219 (al.
287 2184 350 2212 cod.
366 2183 506 2219 φόνος)καὶ
528 2183 540 2208 ό
566 2183 680 2219 σταυρὸς
704 2183 898 2207 κατασκεύαστο

97 2229 147 2254 οὐκ
173 2226 225 2254 οἷδ’
251 2227 330 2258 Sim»;
359 2226 436 2260 επεῖν,
463 2228 497 2257 ὡς
517 2224 590 2262 οξααί
606 2229 739 2261 αγιοοῦσι.
763 2227 855 2252 Καίτοι
869 2235 899 2261 γε

97 2271 162 2299 οὐδέ
183 2277 260 2308 σῶμα
287 2271 385 2297 καλοῖτ’
409 2272 439 2297 ἄν
455 2280 516 2297 ποτε
541 2272 570 2296 τὸ
599 2272 678 2306 μόνην
706 2269 798 2299 κεαλήν
826 2272 898 2305 ἔχον,

999 1646 1023 1673 ~l.
1041 1646 1119 1674 Multi
1133 1647 1186 1682 qui
1202 1645 1360 1674 sacerdotii
1370 1646 1468 1674 oﬁicio
1486 1646 1661 1681 funguntur,
1688 1648 1783 1676 sciunt

958 1693 1097 1731 equidem
1113 1694 1141 1719 et
1154 1691 1343 1725 conﬁtentur,
1358 1698 1394 1718 ea
1412 1698 1481 1727 quae
1492 1691 1522 1719 in
1549 1691 1651 1719 divina
1665 1692 1784 1727 liturgia

957 1738 1041 1771 ﬁunt,
1056 1737 1185 1772 ﬁguram
1199 1743 1264 1763 esse
1279 1734 1439 1763 Salvatoris
1455 1735 1615 1771 passionis,
1643 1738 1670 1764 et
1685 1737 1783 1772 sepul-

957 1785 1029 1811 turae
1045 1790 1079 1810 ac
1094 1779 1318 1809 resurrectionis
1333 1779 1492 1808 Salvatoris
1506 1779 1610 1807 Christi
1624 1780 1783 1809 Deinostri.

957 1827 1042 1860 Quod
1053 1828 1153 1854 autem
1169 1824 1306 1860 ejusdem
1333 1831 1454 1860 quoque
1481 1823 1619 1852 salutaris
1636 1825 1786 1852 adventus

957 1874 985 1900 et
996 1869 1209 1899 incarnationis
1224 1876 1285 1905 prae
1305 1876 1336 1896 se
1352 1867 1448 1896 ferant
1462 1871 1697 1904 consequentem
1712 1870 1785 1897 noti-

956 1917 1037 1951 tiam,
1048 1916 1112 1952 jam
1128 1914 1196 1942 inde
1211 1913 1250 1942 ab
1263 1913 1357 1945 initio.
1370 1914 1573 1949 conceptionis
1600 1915 1674 1949 ejus,
1692 1916 1718 1942 et
1731 1922 1784 1942 na-

956 1961 1061 1994 tivatis,
1076 1962 1211 1995 actaaque
1239 1965 1294 1994 per
1308 1957 1427 1992 triginta
1441 1965 1539 1985 annos
1551 1958 1616 1984 vitm
1630 1968 1636 1990 ;
1653 1966 1707 1985 nec
1723 1966 1782 1985 non

956 2007 983 2033 et
998 2004 1092 2040 ipsius
1108 2003 1341 2035 Przecursorts,et
1351 2000 1457 2029 Christi
1471 2000 1502 2028 in
1521 2001 1703 2036 baptismate
1717 2009 1783 2029 ma-

955 2048 1170 2081 nifestationis;
1186 2048 1328 2082 praeterea
1355 2047 1384 2073 et
1399 2044 1550 2072 electionis
1565 2045 1783 2080 apostolorum,

955 2095 984 2121 et
996 2092 1147 2120 triennalis
1173 2092 1359 2127 patratorum
1382 2087 1597 2116 miraculorum
1629 2089 1784 2125 temporis»

954 2145 1022 2174 qua:
1031 2137 1086 2173 ipsi
1096 2135 1214 2163 invidiae
1225 2137 1254 2162 et
1264 2134 1359 2161 crucis
1374 2133 1648 2162 causaexstiterunt
1661 2142 1667 2167 ;
1683 2133 1724 2166 id,
1741 2133 1785 2161 in-

954 2189 1059 2218 quam.
1073 2179 1155 2208 haud
1170 2179 1233 2207 scio
1248 2186 1301 2206 cur
1312 2177 1370 2210 isti,
1385 2179 1417 2205 ut
1438 2179 1523 2213 puto,
1535 2177 1681 2211 ignorent.
1698 2179 1784 2213 Atqui

953 2233 991 2254 ne
1007 2232 1115 2261 corpus
1136 2223 1258 2260 quidem
1283 2221 1355 2250 illud
1384 2221 1583 2257 appellabitur
1597 2222 1679 2258 quod
1695 2224 1786 2258 caput

954 2268 1165 2298 tantummodo
1183 2268 1310 2301 habens,
1318 2265 1449 2303 pedibus
1458 2274 1493 2294 ac
1509 2266 1651 2294 manibus
1659 2266 1784 2302 aliisque

97 2315 188 2343 ποδῶν
207 2315 237 2343 a“;
263 2319 308 2342 καὶ
332 2320 429 2353 χειρῶν
450 2317 495 2341 καὶ
517 2319 566 2341 τῶν
589 2314 669 2340 ἄλλων
685 2314 767 2351 μελῶν
787 2314 917 2343 ἀπίης-ξ

956 2314 1098 2343 membris
1109 2315 1219 2341 careat.
1235 2314 1310 2340 Sane
1324 2311 1407 2347 quod
1432 2319 1541 2347 corpus
1557 2311 1721 2347 perfectum
1737 2311 1783 2343 sit,

95 2364 219 2399 ρημέιον.
242 2361 301 2387 Ὀτι
326 2358 356 2387 δὲ
385 2364 462 2396 σῶμα
483 2359 576 2386 τέλειον
600 2361 628 2385 τό
658 2360 788 2395 θυόμενον,
815 2360 899 2385 ἄκου-

99 2411 150 2433 λον
166 2406 246 2432 αᾶτου
262 2409 307 2431 τοῦ
331 2405 445 2441 χριστοᾶ
464 2404 592 2439 λέγοντος·
615 2414 629 2428 (ι
657 2403 764 2436 Λάϐετε,
794 2405 896 2440 φάγετε·

95 2453 174 2477 τοῦτό
196 2452 254 2476 ἐστι
266 2451 295 2476 τὸ
311 2450 388 2485 σῶμά
411 2458 490 2485 μου.»
506 2447 573 2475 Ἀλλ’
598 2446 660 2485 otio”:
676 2447 737 2484 βίου
761 2450 807 2474 καὶ
826 2448 899 2475 πολι-

94 2498 163 2525 τείας
191 2494 267 2521 uixi)"
304 2495 317 2523 ἠ
342 2493 431 2529 λογική
460 2494 564 2530 ἱστορία
590 2493 661 2529 παρά
687 2503 755 2524 τινος
783 2494 886 2530 inme/loci

93 2549 177 2576 φοιτο,
195 2539 217 2565 εἰ
234 2539 270 2575 μή
284 2539 318 2564 τὰ
340 2537 366 2569 ἐξ
386 2537 473 2574 ἀρχῆς
498 2536 522 2563 ἓν
536 2541 565 2573 τῇ
592 2539 709 2572 γεννήσει
734 2537 896 2573 παρηκολου-

93 2585 205 2615 θηκότα,
220 2585 266 2608 καὶ
294 2584 326 2608 τὰ
353 2581 377 2608 ἐν
402 2583 473 2618 μέσῳ
495 2583 629 2618 γεγονότα,
655 2584 700 2607 καὶ
724 2581 747 2607 ἕν
770 2585 804 2616 τῷ
832 2581 896 2607 τέλει

93 2627 293 2664 συμϐεϐηκότα,
328 2626 535 2662 ἕνσημανθῶσιν.
566 2626 595 2652 Εἰ
624 2630 668 2652 οὗν
696 2627 767 2662 παρὰ
800 2625 896 2661 ἀνθρώ-

91 2683 147 2699 πων
171 2674 298 2708 γςνόμινα
321 2671 394 2697 οὕτω
420 2670 621 2706 συμπλέκονται,
649 2671 683 2700 ὡς
711 2671 776 2696 sint
811 2668 894 2699 πάντη

92 2716 313 2754 συμπιπλιγμένα
346 2718 392 2741 καὶ
432 2714 603 2752 ἀνιστόρητα,
631 2719 685 2745 πῶς
718 2715 747 2740 ἀν
778 2716 811 2740 τὰ
836 2717 894 2751 περὶ

130 2781 137 2797 ¹
154 2777 256 2808 Matth.
270 2784 349 2810 xxvt,
363 2778 396 2804 27
401 2796 407 2804 .

954 2359 1038 2395 quod
1050 2358 1234 2388 immolatur,
1245 2355 1316 2384 audi
1332 2355 1481 2384 Christum
1495 2355 1597 2391 ipsum
1617 2355 1781 2383 dicentem:

955 2414 968 2427 ι(
985 2402 1124 2438 Accipite,
1143 2401 1333 2432 manducate,
1361 2399 1420 2426 hoc
1432 2401 1477 2426 est
1491 2407 1601 2433 corpus
1617 2406 1718 2425 meum
1733 2399 1751 2425 '.
1771 2410 1784 2423 η

954 2447 1011 2476 Sed
1026 2455 1082 2474 nec
1098 2448 1170 2473 actae
1186 2445 1251 2472 vitae
1274 2443 1376 2478 imago
1405 2441 1569 2478 probabilis
1586 2450 1603 2469 a
1629 2449 1784 2477 quoquam

952 2490 1147 2523 descrihetur,
1181 2488 1240 2516 nisi
1264 2487 1303 2515 ab
1319 2486 1402 2514 initio
1427 2493 1473 2513 res
1502 2492 1569 2521 quae
1599 2485 1784 2514 nativitatem

952 2535 1100 2564 comitata:
1126 2535 1205 2566 sunt,
1221 2535 1249 2561 et
1263 2540 1331 2568 quae
1346 2531 1376 2558 in
1388 2530 1488 2558 medio
1508 2537 1598 2557 cursu
1608 2533 1782 2572 evenerunt,

952 2582 1057 2616 etquae
1071 2579 1101 2607 in
1116 2579 1174 2606 line
1189 2577 1388 2611 contigerunt,
1400 2574 1589 2602 adnotentur.
1607 2574 1635 2601 Si
1652 2582 1723 2608 ergo
1738 2582 1784 2602 re-

950 2625 1092 2652 humante
1108 2623 1148 2651 ita
1164 2623 1361 2650 conectuntur
1376 2622 1409 2647 ut
1425 2619 1484 2647 sint
1498 2618 1588 2655 plane
1604 2619 1680 2646 inter
1695 2627 1725 2646 se
1738 2626 1785 2647 co‘

950 2669 1059 2705 pulatm
1071 2671 1161 2704 atque
1174 2666 1324 2698 involutae,
1336 2665 1404 2701 quis
1414 2671 1461 2695 ca,
1477 2670 1545 2700 qua:
1562 2663 1683 2690 divinus
1696 2663 1784 2698 Spiri-

951 2717 997 2741 tus
1010 2714 1120 2748 ﬁgui-ut
1131 2720 1165 2741 ac
1176 2711 1435 2748 representat,tam
1451 2707 1660 2744 imperfectam
1680 2707 1783 2742 imagi'

2042 1427 2043 1470 1

2041 1473 2043 1531 1

2041 1621 2042 1692 1

2040 1693 2042 1752 1

2042 1427 2043 1470 1

2041 1473 2043 1531 1

2041 1621 2042 1692 1

2039 1693 2042 1754 1
