4106 6222
483 196 591 254 419

1756 175 2120 237 THEODORI
2157 175 2568 235 ANDIDENSIS

3744 185 3893 243 w

486 334 627 378 nem
656 315 880 373 habere
909 311 1104 369 dicat?
1126 312 1277 381 Ergo
1330 322 1408 365 ne
1434 307 1616 379 hujus
1644 303 1893 380 quidem
1923 301 2144 366 viviﬁci

2268 308 2345 354 τοῦ
2413 303 2552 355 θείου
2616 303 2909 376 Πνεύματος
2974 308 3271 377 τυπούμενοι
3343 314 3434 363 καὶ
3495 308 3888 382 εἰσηγούμενα

490 406 759 483 corporis
781 418 887 477 per
912 400 1117 458 omnia
1146 397 1353 454 similis
1403 398 1628 467 imago,
1688 408 1911 451 manca
1939 390 2144 448 ullate-

489 514 607 557 nus
631 491 1049 566 comperietur,
1075 504 1272 562 neque
1311 485 1431 543 ullo
1474 483 1748 541 membro
1772 482 2143 539 destituetur.

491 588 930 643 Verumtamem
960 579 1105 653 quia
1162 577 1491 649 adoperata
1516 578 1655 631 sunt
1681 572 1867 630 divini
1898 571 2147 645 Spiritus

492 673 758 744 oracula,
782 676 836 729 et
866 670 1010 744 quia
1038 667 1150 725 sub
1175 667 1460 724 brevibus
1509 680 1667 737 saepe
1707 662 1906 720 verbis
1964 664 2145 733 atque

489 764 721 836 ﬁguris,
754 761 954 818 multa:
987 773 1270 815 sensuum
1312 755 1701 827 difﬁcilesque
1732 752 2030 809 intellectu
2052 749 2147 805 di-

491 853 649 911 vitia:
681 848 1311 924 comprehenduntur;
1337 845 1422 914 id,
1446 843 1739 917 inquiam,
1766 846 1984 898 nostrae
2016 844 2153 895 mta-

492 945 567 1003 tis
596 940 941 1000 hominibus
968 941 1291 1011 purgatam
1346 938 1609 991 mentem
1642 932 1888 989 minime
1925 928 2153 995 haben-

493 1033 672 1100 tibus,
702 1028 951 1088 offendit
962 1024 1238 1095 nebulas,
1265 1028 1323 1081 et
1340 1022 1689 1096 imperfecta
1707 1036 1836 1077 esse
1857 1034 1991 1093 quas
2013 1020 2155 1074 sunt

493 1120 757 1196 perfecta
780 1117 1012 1174 suadet.

565 1214 617 1266 2.
662 1208 835 1275 Quod
874 1210 1075 1263 autem
1131 1200 1365 1277 prolata
1408 1200 1536 1257 haec
1589 1198 1839 1256 indubia
1907 1196 2154 1254 veritate

492 1299 701 1369 verba,
732 1295 1014 1353 maximis
1044 1289 1657 1349 demonstrationibus
1683 1286 2023 1343 ﬁrmissime
2046 1284 2155 1340 ful-

495 1388 748 1454 ciantur,
772 1385 910 1441 inde
932 1382 999 1439 ﬁt
1019 1380 1413 1454 exploratum,
1473 1379 1617 1450 quia
1646 1376 1930 1448 graphica
1957 1390 2155 1430 sacro-

494 1493 631 1533 rum
688 1473 1193 1543 evangelistarum
1245 1468 1512 1533 historia,
1558 1471 1850 1539 tanquam
1915 1466 1993 1520 ab
2023 1466 2156 1537 ipso

498 1566 723 1623 Christo
756 1568 873 1620 Deo
899 1566 1102 1619 nostro
1138 1560 1449 1632 inspirata,
1481 1558 1564 1614 sic
1596 1559 1719 1629 iam
1749 1556 1887 1613 inde
1918 1554 1997 1612 ab
2023 1556 2155 1626 ejus

2256 390 2414 452 οὕτως
2460 389 2637 451 ἐλλιπῆ
2671 396 2764 451 τὴν
2795 393 2967 446 εἰκόνα
2995 398 3143 467 φαιη²
3171 416 3249 460 τις
3297 397 3357 450 ἄν
3386 394 3639 462 δέξασθαι
3676 414 3690 466 ;
3751 401 3891 450 Οὐ»

2255 487 2376 534 κοῦν
2408 477 2534 533 οὐδὲ
2563 484 2593 539 ὴ
2642 488 2735 533 τοῦ
2793 482 3101 558 ζωαρχικοῦ
3145 488 3332 540 τούτου
3374 491 3465 540 καὶ
3499 489 3639 541 θείου
3672 492 3885 559 σώμα-

2255 588 2339 630 τος
2390 568 2785 643 ἀπαράλλακτος
2834 572 2980 625 εἰκὼν
3038 572 3245 638 ἰλλιπὴς
3290 575 3415 638 όλως
3482 578 3877 650 εὑρεθήσεται,

2256 659 2301 712 εἰ
2338 667 2436 712 τῶν
2461 659 2624 732 μελῶν
2674 680 2727 713 τι
2773 664 2875 735 έρει
2921 682 3318 738 περιῃρημενον⁹
3371 664 3478 717 ἀλλ’
3509 665 3559 719 ἐν
3601 674 3676 738 τῷ
3725 663 3879 720 dvo:

2259 748 2722 822 συγκεκαλυμμένοι
2762 752 2828 803 τὰ
2878 760 2969 805 τοῦ
3019 755 3157 806 θείου
3206 758 3504 828 Πνεύματος
3528 755 3702 827 λόγια,
3760 760 3876 807 καὶ

2259 834 2308 890 ἂν
2364 834 2601 911 βραχέσι
2656 837 2899 902 πολλάκις
2946 841 3153 916 ῥημασι
3192 847 3282 896 καὶ
3314 846 3495 905 τύποις
3545 843 3707 897 πολὺν
3768 861 3877 897 1r:-

2258 929 2536 1001 ριὲχεσθαι
2563 930 2832 1001 νοημάτων
2879 928 3097 984 πλοῦτον
3145 936 3234 986 καὶ
3263 928 3650 1008 δυσθεώρητον,
3699 940 3875 985 τοῦτ’.

2261 1022 2371 1077 τοῖς
2434 1016 2549 1069 κατ’
2612 1015 2698 1089 ἔμε
2762 1026 2861 1070 τῶν
2926 1026 3038 1073 δοῦν
3103 1026 3175 1093 μὴ
3243 1024 3611 1097 καθαρομένοις
3665 1026 3874 1094 γνόφος

2261 1107 2597 1173 καθίσταται,
2652 1112 2741 1161 καὶ
2779 1106 2959 1167 ἀτελὴν
3012 1106 3142 1163 εἶναι
3196 1113 3259 1164 τὰ
3299 1111 3464 1164 τέλεια
3515 1112 3868 1169 ὑποτίθησιν.

2335 1194 2411 1268 βὀ
2468 1195 2589 1248 Ὀτι
2622 1194 2681 1250 δὲ
2728 1200 2796 1250 τὰ
2846 1198 3235 1273 προϐεϐλημὲνα
3283 1206 3438 1254 ταυτί
3487 1201 3707 1276 ῥήματα
3736 1200 3873 1259 ἆλτ’

2268 1286 2379 1356 θείᾳ
2445 1284 2820 1360 ἀναμφηρίστῳ
2885 1294 3148 1360 μεγίστοις
3228 1291 3565 1364 στηρίζον-ται
3604 1286 3869 1362 ὑποδείγ-

2265 1393 2397 1446 μασι
2453 1380 2827 1448 κραταιότατα,
2883 1376 3108 1430 ἐντεῦθέν
3162 1378 3278 1431 ἐστι
3317 1376 3494 1437 δηλονι
3556 1381 3581 1431 ό
3611 1378 3718 1454 γὰρ
3764 1384 3868 1442 ζω-

2263 1465 2463 1536 γράφος
2494 1473 2590 1515 τῶν
2640 1466 2784 1518 θείων
2832 1465 3209 1539 εύαγγελιστῶν
3254 1468 3420 1539 λόγος,
3476 1472 3543 1530 ὡς
3592 1468 3643 1532 ἐξ
3701 1469 3869 1520 αὑτοῦ

2268 1559 2502 1625 Χριστοῦ
2531 1562 2621 1606 τοῦ
2670 1561 2804 1608 Θεοῦ
2829 1556 2973 1629 ἡμῶν
3012 1559 3423 1629 ύποσημανθεὶς,
3453 1559 3587 1611 οὕτω
3634 1560 3705 1610 τὰ
3762 1560 3865 1609 ὑπὸ

497 1654 908 1726 conceptione,
974 1650 1155 1706 utitur
1208 1645 1572 1717 imaginibus
1623 1645 1783 1701 vocis
1857 1648 1914 1701 et
1967 1642 2153 1711 verbi,

2268 1650 2362 1705 τῆς
2394 1642 2717 1714 συλλήψεως,
2747 1665 2842 1707 της
2890 1655 3055 1718 φωνῆς
3097 1652 3185 1700 καὶ
3234 1656 3327 1701 τοῦ
3364 1648 3537 1721 λόγου,
3570 1655 3659 1701 τοῦ
3712 1648 3868 1721 φίλου

498 1744 675 1801 amici
703 1748 758 1798 et
788 1741 1017 1814 sponsi,
1048 1740 1305 1795 lucernae
1336 1741 1393 1792 et
1423 1736 1581 1807 solis,
1618 1750 1806 1808 usque
1825 1733 1903 1791 ad
1930 1737 2158 1807 postre-

2268 1734 2353 1783 καὶ
2375 1739 2468 1784 τοῦ
2492 1738 2736 1805 νυμφίου,
2778 1742 2866 1788 τοῦ
2891 1735 3075 1788 λύκνου
3106 1741 3195 1789 καὶ
3219 1744 3311 1790 τοῦ
3349 1738 3519 1809 ἡλίου,
3572 1739 3708 1811 ἆχρι
3767 1746 3870 1800 τῆς

497 1849 663 1890 mam
707 1829 916 1886 Christi
971 1828 1033 1884 in
1080 1827 1263 1883 caelos
1303 1824 1741 1890 ascensionem,
1778 1827 1835 1878 et
1881 1822 2159 1893 ejusdem

2268 1822 2558 1883 τελευταίας
2610 1820 2801 1876 ἀνόδου
2875 1833 3109 1899 Χριστοῦ
3166 1835 3257 1888 τῆς
3322 1827 3394 1890 εἰς
3449 1828 3718 1903 οὐρανοὺς,
3772 1832 3871 1878 καὶ

497 1907 656 1976 illinc
670 1918 1003 1975 novissimo
1019 1915 1229 1980 reditu,
1249 1929 1371 1970 non
1387 1913 1649 1985 sparsim
1666 1927 1859 1984 neque
1884 1911 2155 1984 abrupte,

2268 1920 2361 1973 τῆς
2410 1910 2597 1963 ἐκεῖθεν
2649 1913 2808 1965 αὐτοῦ
2865 1910 3109 1990 δευτέρας
3158 1922 3475 1991 παρουσίας,
3516 1920 3713 1991 ἄριστα
3743 1916 3869 1979 ἐξει-

501 2010 607 2065 sed
641 2007 820 2064 simul
850 2006 1055 2063 omnia
1101 2003 1531 2076 complectitur.
1584 2003 1688 2059 Cui
1731 2003 1815 2057 rei
1864 2001 2160 2074 sapienter

2269 2004 2490 2065 κόνισεν,
2544 2000 2602 2052 ού
2663 1998 3073 2078 διεσπαρμένως,
3120 2002 3235 2058 οὐδ’
3285 2005 3700 2082 ἁπερῥηγμένως,
3759 2005 3868 2058 ἀλλ’

498 2103 763 2156 mentem
820 2096 1193 2152 intendentes
1250 2094 1311 2161 ii,
1360 2093 1464 2165 qui
1514 2092 1790 2165 primitus
1837 2089 2160 2164 pontiﬁcali

2271 2089 2354 2161 ὑφ’
2406 2089 2453 2141 ἓν
2483 2094 2615 2163 πρὸς
2658 2092 2825 2143 πάντα
2873 2098 3302 2167 κατηρτισμένος.
3353 2094 3421 2168 ᾫ.
3470 2092 3538 2154 δὴ
3595 2100 3687 2147 καὶ
3740 2115 3859 2147 νου-

498 2203 747 2246 munere
792 2186 958 2255 digni
988 2185 1244 2255 fuerunt,
1301 2186 1359 2241 et
1385 2182 1491 2255 qui
1518 2186 1655 2255 post
1696 2197 1800 2237 eos
1830 2179 2019 2237 sancti
2056 2183 2160 2235 Pa-

2272 2182 2576 2252 νεχέστερον
2637 2184 2988 2252 προσεχόντες
3013 2184 3062 2233 οἱ
3100 2188 3318 2257 πρώτως
3369 2182 3749 2258 ἀρχιερατικοῦ
3781 2204 3874 2235 και

499 2294 618 2355 tres
676 2277 1043 2341 exstiterunt,
1095 2290 1286 2346 usque
1312 2272 1391 2329 ad
1442 2276 1715 2344 tempora
1759 2270 1981 2342 quibus
2035 2272 2160 2325 orta

2274 2265 2606 2330 ταξιωθέντες
2663 2274 3017 2344 χαρίσματος,
3076 2277 3165 2325 καὶ
3221 2273 3270 2324 όὶ
3321 2272 3431 2345 μετ’
3490 2272 3675 2334 αύτούς
3746 2274 3876 2325 θεῖοι

503 2372 643 2426 sunt
670 2380 898 2438 magna
941 2363 1282 2431 luminaria,
1306 2366 1363 2419 et
1412 2361 1802 2419 ecclesiarum
1847 2361 1947 2416 Dei
1976 2359 2160 2415 aediﬁ-

2276 2358 2517 2429 Πατέρες,
2563 2357 2698 2432 ἄχρι
2743 2366 2843 2409 τῶν
2891 2364 3096 2432 χρόνων
3148 2370 3244 2423 τῆς
3294 2366 3579 2434 γεννήσεως
3624 2370 3726 2413 τῶν
3788 2380 3876 2433 με-

502 2462 754 2521 catores,
784 2453 1051 2525 Basilius,
1080 2454 1141 2509 in
1164 2468 1373 2526 quam,
1414 2456 1471 2508 et
1503 2453 1762 2508 Joannes
1819 2451 2160 2523 Chrysosto-

2272 2444 2442 2516 γάλων
2492 2451 2779 2520 φωστήρων
2808 2451 2896 2500 καὶ
2925 2457 3255 2523 τεχνουργτῦν
3306 2459 3402 2512 τῆς
3457 2457 3547 2503 τοῦ
3598 2458 3738 2503 Θεοῦ
3789 2450 3875 2504 Ἐκ

503 2563 663 2615 mus,
694 2545 875 2619 primi
903 2544 1202 2617 pontiﬁcis
1230 2543 1386 2599 circa
1409 2542 1591 2597 ritum
1637 2542 1800 2597 hunc
1857 2539 2160 2605 mandata,

2273 2532 2509 2601 κλησίας,
2554 2535 2844 2606 Βασιλείου,
2895 2543 3047 2610 φημὶ,
3099 2544 3188 2592 καὶ
3231 2539 3467 2593 Ἰωάννου
3514 2547 3604 2592 τοῦ
3664 2548 3876 2614 Χρυσο-

504 2639 713 2691 saneto
741 2634 962 2706 Spiritu
993 2632 1348 2698 deducente,
1380 2630 1636 2686 exsecuti
1669 2633 1828 2686 sunt.
1879 2630 2160 2694 Quaenam

2276 2627 2491 2696 στόμου,
2551 2626 2645 2687 τὰς
2699 2624 2747 2678 ἐν
2801 2627 2980 2690 αὐτοῖς
3027 2627 3225 2690 ἐντολὰς
3286 2638 3377 2683 τοῦ
3432 2635 3633 2705 πρώτου
3674 2629 3875 2704 ἀρχιε-

507 2726 705 2779 autem
759 2723 887 2776 haec
948 2720 1239 2776 mandata
1285 2717 1571 2774 fuerunt?
1600 2717 1789 2773 multa
1833 2716 2078 2789 quidem
2111 2718 2160 2771 et

2272 2715 2395 2786 ρέως
2472 2716 2733 2786 Πνεύματι
2819 2716 2937 2787 θείῳ
3018 2714 3406 2791 ποδηγούμενοι
3496 2717 3871 2793 ἀνεπλήρωσαν

508 2811 645 2878 alia,
688 2811 794 2867 sed
833 2808 1133 2882 praecipue
1161 2824 1297 2881 quae
1329 2808 1406 2863 ad
1454 2808 1874 2879 purgationem
1896 2808 2160 2861 nostram

2271 2809 2413 2863 Tne;
2482 2798 2541 2853 δὲ
2607 2801 2709 2876 ἀρα
2758 2806 2814 2855 αἱ
2865 2803 3098 2873 ἐντολαί;
3154 2806 3344 2860 Πολλαὶ
3400 2811 3489 2881 μὲν
3541 2812 3632 2860 καὶ
3689 2807 3868 2871 οἷλλαὶ,

506 2904 563 2957 et
597 2900 773 2972 quasi
799 2899 1059 2955 reditum
1088 2898 1149 2954 in
1197 2897 1383 2954 vitam
1450 2897 1778 2969 pertinent:
1818 2918 1838 2945 ›
1882 2894 2160 2967 Accipite,

2272 2889 2543 2966 ἐξαιρέτως
2598 2888 2656 2943 δὲ
2705 2894 2760 2944 αἱ
2799 2897 2931 2966 πρὸς
2985 2899 3078 2953 τὴν
3136 2898 3386 2969 ἡμετέραν
3450 2899 3708 2972 κάθαρσιν
3773 2918 3864 2949 και

505 2990 887 3060 manducata,
944 2988 1044 3054 ait,
1095 2988 1210 3043 hoc
1262 2991 1354 3043 est
1405 3002 1623 3058 corpus
1670 3001 1902 3041 meum.
1940 3007 1959 3034 ι
2014 2984 2160 3040 Nihil

2273 2983 2423 3033 οἱονεὶ
2472 2979 2796 3043 ἁναζὼωσιυ.
2822 3005 2850 3032 ι(
2900 2982 3086 3036 Λάϐετε
3142 2987 3327 3057 φάγετε
3359 3008 3410 3055 η,
3440 2988 3590 3058 φησι·
3623 3009 3653 3036 ‹‹
3686 2983 3779 3039 τοῦ
3835 2990 3859 3038 ό

507 3078 667 3135 enim
693 3081 875 3142 vetat,
900 3076 1226 3147 quominus
1255 3074 1455 3130 denuo
1476 3074 1810 3130 necessaria
1830 3074 1958 3128 haec
1985 3072 2160 3128 verba

2272 3069 2385 3122 ἐστι
2414 3074 2465 3121 τὶ
2498 3072 2649 3142 σῶμά
2694 3089 2820 3142 μου·
2863 3068 3014 3124 οὐδὲν
3042 3076 3143 3147 γὰρ
3188 3074 3371 3127 κωλύει
3419 3079 3505 3128 καὶ
3560 3076 3713 3136 αὖθις
3754 3084 3866 3135 τοῖς

504 3174 871 3241 repetamus.
907 3168 973 3221 Et
1024 3164 1207 3237 paulo
1255 3170 1425 3238 post:
1455 3188 1481 3214 «
1517 3166 1637 3220 Hoc
1674 3162 1849 3219 facite
1874 3163 1934 3217 in
1966 3178 2160 3217 meam

2276 3159 2580 3231 ἀναγκαίοις
2626 3167 2778 3212 τοῦτο
2834 3159 3289 3234 ἐπαναλαμϐάνειν
3343 3170 3432 3217 καὶ
3493 3165 3605 3237 μετ’
3672 3164 3863 3236 ὁλιγον·

508 3254 1163 3314 commemorationem.
1192 3276 1213 3302 ι
1265 3254 1447 3323 Igitur
1498 3256 1806 3324 tantopere
1851 3250 2018 3307 cordi
2063 3251 2160 3305 fuit

2279 3270 2308 3298 ‹‹
2350 3255 2513 3301 Τοῦτο
2544 3255 2734 3301 ποιεῖτε
2787 3249 2858 3311 εἰς
2909 3255 3003 3309 τὴν
3055 3253 3181 3325 ἐμὴν
3238 3250 3545 3326 ἀνάμνησιν.
3589 3277 3617 3304 ››
3666 3255 3867 3307 Ούκοῠν

506 3346 599 3404 his
627 3346 818 3403 beatis
835 3343 1473 3401 commemorationem
1496 3342 1705 3398 Christi
1754 3341 1966 3405 facere.
2015 3344 2079 3395 ut
2115 3344 2160 3395 et

2279 3340 2437 3398 οὕτως
2497 3339 2754 3390 ἔσπευσαν
2810 3343 2859 3391 οὶ
2915 3343 3166 3415 μακάριοι
3220 3344 3463 3395 ποεῖσθαι
3519 3346 3613 3402 τὴν
3680 3342 3869 3396 ἐκείνου

509 3450 725 3508 corpus
750 3449 857 3506 per
883 3432 1086 3488 divina
1107 3430 1387 3505 symbola
1406 3430 1703 3487 incolume
1723 3429 2160 3502 perfectumque

2282 3427 2591 3501 ἀνάμνησιν,
2625 3430 2689 3489 ὡς
2719 3434 2807 3481 καὶ
2862 3433 2921 3481 τό
2973 3440 3125 3504 σῶμα
3155 3428 3248 3485 διὰ
3277 3442 3375 3485 τῶν
3408 3435 3553 3486 θείων
3603 3433 3870 3507 συμϐόλων

511 3523 893 3590 conﬁcerent,
918 3526 1116 3576 mente
1147 3525 1326 3591 atque
1351 3520 1555 3575 anima
1585 3518 1923 3590 praeditum,
1956 3518 2160 3588 injectc

2285 3527 2417 3571 σῶον
2447 3523 2535 3571 καὶ
2566 3520 2744 3594 ἄρτιον
2802 3518 3081 3587 ἀποτελεῖν,
3115 3523 3282 3574 ἔννουν
3326 3526 3416 3575 καὶ
3473 3522 3739 3596 ἔμψυχον,
3782 3519 3873 3575 δια

510 3597 573 3668 in
610 3626 879 3667 massam
902 3610 1214 3677 termento,
1242 3613 1301 3663 et
1324 3606 1791 3663 substantialiter
1820 3607 2035 3663 deitate
2048 3608 2160 3679 ple-

2281 3616 2372 3669 τῆς
2426 3608 2592 3681 ζύμης
2639 3607 3019 3682 ἐμϐαλλομένης
3069 3618 3141 3681 τῷ
3182 3614 3447 3686 φυράματι
3478 3612 3580 3684 (1),
3627 3616 3719 3664 καὶ
3770 3614 3875 3664 θεό-

515 3696 871 3766 num;adeo
921 3696 1117 3767 utqui
1169 3695 1350 3764 digne
1414 3694 1790 3767 participent,
1838 3695 2160 3751 sanctiﬁca-

2281 3717 2433 3759 τητος
2482 3696 2592 3749 κατ’
2636 3698 2818 3750 οὐσίαν
2871 3699 3284 3773 πεπληρωμενον·
3360 3703 3493 3753 ὥστε
3560 3704 3679 3761 τοὺς
3726 3700 3871 3763 ἀξίως

513 3789 670 3845 tione
686 3790 744 3843 et
763 3785 953 3856 gratia
969 3784 1288 3849 donentur,
1313 3798 1794 3856 magnarumque
1821 3784 2160 3857 passionum

2283 3784 2768 3858 μεταλαμϐάνοντας
2814 3786 3077 3859 ἁγιασμοῦ
3133 3793 3223 3841 καὶ
3286 3791 3506 3863 χάριτος
3570 3787 3871 3859 ἀξιοῦσθαι,

513 3876 814 3935 medelam
842 3879 1308 3946 consequantur.

2283 3879 2372 3926 καὶ
2392 3874 2626 3947 μεγάλων
2657 3877 2832 3928 παθῶν
2861 3879 3003 3929 ἴασιν
3036 3872 3314 3950 δέχεσθαι.

583 3969 635 4022 3.
668 3964 783 4022 Sed
812 3961 973 4018 enim
1000 3962 1169 4019 tertia
1220 3976 1463 4035 quoque
1496 3960 1725 4018 accedit
1754 3961 2160 4034 praedictarum:

2353 3961 2421 4033 γ’,
2454 3961 2585 4015 Ἀλλ’
2637 3965 2749 4017 ἔστι
2805 3969 2892 4017 καὶ
2931 3969 3081 4041 τρίτη
3134 3964 3419 4038 βεϐαίωσις
3465 3975 3565 4019 τῶν
3616 3969 3877 4040 προτεθει-

510 4068 710 4111 rerum
754 4050 1149 4121 conﬁrmatio,
1182 4067 1318 4125 quae
1387 4068 1525 4107 cum
1580 4067 1752 4108 sacra
1787 4051 2028 4123 liturgia
2076 4068 2160 4109 ec-

2285 4054 2464 4123 μένων,
2530 4051 2639 4112 ἣτις
2698 4055 2829 4125 μετὰ
2889 4062 2984 4115 τῆς
3058 4056 3191 4116 θείας
3260 4057 3549 4132 ἱερουργίας
3613 4064 3727 4119 ταῖς
3784 4066 3875 4112 τοῦ

512 4142 707 4198 clesiis
736 4140 837 4196 Dei
865 4138 1146 4212 pra-clare
1186 4141 1402 4213 pieque
1450 4139 1669 4196 tradita
1714 4145 1822 4197 est.
1885 4142 2160 4208 Quasnam

2288 4148 2420 4194 Θεοῦ
2460 4138 2761 4203 ἐκκλησίαις
2808 4142 2971 4203 καλῶς
3046 4143 3135 4196 καί
3189 4144 3431 4216 θεοφιλῶς
3489 4142 3875 4220 παραδέδοται.

510 4244 651 4287 vero
681 4229 811 4284 hinc
830 4229 859 4284 ?
890 4229 1208 4285 Sacrarum
1235 4229 1518 4285 nimirum
1549 4231 1882 4299 imaginum
1932 4246 2046 4303 ope
2077 4246 2160 4286 co-

2285 4234 2375 4291 Τίς
2424 4225 2484 4281 δὲ
2522 4230 2650 4288 αὕτη
2702 4229 2805 4297 ;’Π
2853 4239 2951 4283 τῶν
3002 4233 3144 4305 ἱερῶν
3198 4234 3401 4285 εἰκόνων
3434 4229 3528 4286 διά
3583 4239 3877 4307 χρωμάτων

510 4316 708 4373 lorum
734 4314 1041 4372 exhibitio.
1078 4320 1140 4371 In
1167 4316 1261 4372 his
1290 4317 1450 4372 enim
1502 4318 1932 4373 incarnationis
1964 4318 2160 4374 Christi

2288 4316 2651 4381 ἀναστήλωσις
2863 4318 2911 4372 ἐν
2977 4323 3194 4382 ταύταις
3230 4324 3333 4397 γὰρ
3380 4324 3442 4375 τὰ
3480 4332 3569 4384 τῆς
3630 4322 3876 4398 ἔνανθρω-

514 4406 616 4461 Dei
641 4404 827 4461 nostri
856 4406 1143 4476 mysteria
1181 4407 1385 4462 omnia
1410 4422 1445 4461 a
1491 4406 1781 4477 religiosis
1826 4406 2160 4464 hominibus

2286 4413 2495 4469 πησεως
2539 4415 2627 4459 τοῦ
2679 4409 2914 4483 Χριστοῦ
2951 4414 3039 4462 καὶ
3086 4416 3230 4482 ,Θεοῦ
3276 4416 3413 4483 ὴμῶν
3444 4411 3650 4464 ἅπαντα
3681 4418 3881 4486 μυστη-

513 4497 839 4550 cernuntur
858 4494 1151 4566 exposita,
1178 4493 1256 4549 ab
1281 4493 1617 4563 archangeli
1647 4495 1929 4551 Cabrielis
1960 4495 2039 4553 ad
2068 4498 2160 4552 vir-

2286 4516 2377 4570 ρια
2404 4503 2511 4559 τοῖς
2561 4496 2821 4550 εύσεϐέσιν
2871 4499 3089 4572 ὁρῶνται
3136 4502 3591 4574 καθιστορούμενα
3641 4499 3733 4553 ἀπ’
3792 4523 3877 4554 αυ-

513 4582 715 4654 ginem
746 4581 1009 4638 adventu
1030 4598 1219 4655 usque
1248 4581 1328 4638 ad
1358 4581 1591 4638 Domini
1620 4582 1681 4638 iu
1722 4582 1904 4640 caelos
1937 4600 2160 4641 assum-

2285 4592 2380 4648 τῆς
2418 4594 2509 4647 τῆς
2556 4594 2655 4638 τσῦ
2701 4585 3033 4662 ἁρχαγγελου
3092 4587 3323 4663 Γαϐριὴλ
3373 4592 3503 4665 πρὸς
3546 4594 3639 4650 τὴν
3690 4594 3882 4668 Παρθέ-

513 4671 781 4745 ptionem
813 4686 884 4729 ac
939 4670 1331 4727 novissimum
1360 4670 1637 4727 reditum.
1671 4670 1867 4728 Habes
1897 4675 1955 4729 et
1983 4672 2160 4730 alium

2283 4692 2365 4726 νον
2414 4672 2629 4748 ἀφίξεως
2676 4680 2840 4751 μέχρι
2881 4682 2969 4729 καὶ
3020 4685 3110 4738 τῆς
3160 4676 3229 4739 εἰς
3278 4677 3529 4753 οὐρανοὺς
3590 4678 3883 4751 ἀναλήψεως

586 4814 808 4883 (i)Hoc
836 4814 981 4870 dicit
1012 4814 1346 4870 secundum
1396 4817 1770 4869 constantem
1826 4814 2174 4872 Graecorum

518 4886 872 4959 sententiam
924 4900 995 4940 ac
1017 4886 1197 4959 ritum
1254 4884 1647 4959 consecrandi
1701 4885 2170 4959 fermentatum;

515 4968 700 5025 quem
758 4956 937 5010 ritum
971 4971 1126 5028 non
1156 4955 1460 5028 improbat
1503 4954 1707 5010 Latina
1761 4956 2038 5028 Ecclesia.
2091 4954 2176 5014 ita

516 5032 722 5098 tamen
751 5028 816 5078 ut
858 5041 894 5081 a
951 5024 1163 5098 Graecis
1187 5024 1471 5098 vicissim,
1491 5040 1769 5098 azymum
1793 5026 1973 5082 nollet
2005 5028 2173 5084 dam-

515 5092 685 5173 nari.
702 5095 907 5173 Itaque
937 5096 1120 5166 paulo
1142 5092 1576 5173 vehementius
1596 5096 1857 5173 loquitur
1880 5101 1934 5155 S.
1968 5100 2173 5155 Petrus

516 5162 879 5237 Damiauiin
910 5162 1021 5221 sua
1046 5166 1331 5237 praeclara
1357 5172 1414 5222 et
1450 5162 1898 5237 religiosissima
1925 5173 2174 5227 canonis

516 5234 1118 5310 missaiexpositione
1146 5241 1230 5302 (n.
1270 5238 1351 5307 ί.)
1374 5253 1410 5293 a
1436 5234 1608 5310 nobis
1630 5239 1790 5295 edita
1817 5240 2033 5310 Script.
2058 5249 2170 5298 vet.

515 5310 556 5380 t_.
583 5306 681 5380 Y1:
704 5305 893 5362 Pariis
917 5306 1318 5380 fermentatus
1336 5305 1461 5363 non
1493 5308 1660 5366 debet
1686 5311 1891 5380 offerri
1919 5305 1979 5367 in
1994 5315 2176 5369 sacri-

514 5377 741 5453 ficium,
775 5382 896 5433 tum
938 5379 1172 5453 ratione
1194 5378 1367 5449 facti,
1416 5386 1537 5435 tum
1593 5377 1829 5438 ratione
1881 5385 2173 5453 mysterii.

516 5448 718 5508 Graci
740 5454 936 5506 tamen
967 5448 1031 5504 in
1069 5464 1174 5505 suo
1194 5448 1533 5520 pertinaces
1560 5466 1762 5510 errore
1790 5454 1863 5510 de
1888 5448 2175 5527 fermento

2283 4818 2624 4887 conﬁciunt.
2648 4820 3068 4875 Verumtamen
3081 4819 3242 4877 idem
3263 4822 3468 4878 Petrus
3482 4827 3671 4879 semet
3683 4839 3885 4880 emen-

2284 4889 2387 4945 dat
2415 4892 2518 4945 aut
2546 4890 2807 4968 explicat
2830 4891 2892 4968 in
2932 4890 3329 4968 Collectaneis
3348 4897 3497 4950 tom.
3536 4894 3637 4953 cit.
3676 4910 3741 4968 p.
3765 4896 3883 4967 243,

2285 4976 2424 5015 cum
2464 4961 2667 5015 nostra
2696 4961 3103 5019 adnotatione.

2357 5032 2432 5102 (2)
2471 5031 2649 5086 Graeci
2678 5033 3395 5104 primaOuadragesimaa
3437 5035 3747 5091 Dominica
3780 5038 3891 5094 tes-

2286 5103 2849 5173 tum_veneratlonis
2875 5103 3207 5173 imaginum
3256 5104 3579 5169 celebrant,
3609 5108 3891 5165 subtitulo

2286 5169 2613 5249 όρθοὸοξίας,
2631 5174 2711 5249 ob
2732 5169 3301 5249 ea_m_dogmaticam
3316 5176 3698 5249 disciplinam
3723 5179 3787 5236 in
3810 5196 3891 5237 se-

2284 5244 2472 5319 ptimo
2503 5244 2754 5319 concilio
2776 5244 3106 5319 deﬁnitam.
3138 5250 3216 5303 De
3240 5263 3363 5319 quo
3393 5244 3545 5319 festo
3567 5249 3772 5306 multa:
3795 5267 3891 5307 ex-

2286 5315 2720 5390 tan_t_h_omiliaa,
2750 5332 2912 5390 quas,
2936 5317 3095 5390 inter
3108 5388 3116 5390 Α
3135 5315 3383 5375 memini
3414 5336 3510 5376 me
3539 5318 3736 5390 legere
3775 5325 3890 5380 Ma-

2285 5386 2429 5442 carii
2454 5386 2937 5467 Chrysocephali,
2970 5392 3027 5444 et
3043 5388 3227 5446 aliam
3252 5390 3314 5445 in
3336 5386 3684 5448 collectione
3706 5395 3892 5467 Agapi

2286 5457 2581 5515 monachi
2600 5457 2910 5515 Cretensis.
