  <div class='ocr_page' id='page_1' title='image "/cluster/home/n/w/nwhite01/storage/ocr_20150623/140/hvd.32044073502551/230.png"; bbox 0 0 4106 6222; ppageno 0'>
   <div class='ocr_carea' id='block_1_1' title="bbox 166 297 3565 367">
    <p class='ocr_par' dir='ltr' id='par_1_1' title="bbox 166 297 3565 367">
     <span class='ocr_line' id='line_1_1' title="bbox 166 297 3565 367; baseline 0.001 -13"><span class='ocrx_word' id='word_1_1' title='bbox 166 311 219 365; x_wconf 63' lang='grc'><strong>4.</strong></span> <span class='ocrx_word' id='word_1_2' title='bbox 232 312 314 366; x_wconf 61' lang='lat'><strong>21</strong></span> <span class='ocrx_word' id='word_1_3' title='bbox 1415 297 1907 356; x_wconf 75' lang='lat' dir='ltr'><strong>COMMENTATIO</strong></span> <span class='ocrx_word' id='word_1_4' title='bbox 1954 299 2329 358; x_wconf 76' lang='lat' dir='ltr'><strong>LITURGICA</strong></span> <span class='ocrx_word' id='word_1_5' title='bbox 2338 342 2350 355; x_wconf 98' lang='lat'><strong>.</strong></span> <span class='ocrx_word' id='word_1_6' title='bbox 3460 313 3565 367; x_wconf 61' lang='lat'><strong>422</strong></span> 
     </span>
    </p>
   </div>
   <div class='ocr_carea' id='block_1_2' title="bbox 168 421 1803 505">
    <p class='ocr_par' dir='ltr' id='par_1_2' title="bbox 168 421 1800 505">
     <span class='ocr_line' id='line_1_2' title="bbox 168 421 1800 505; baseline -0.007 -21"><span class='ocrx_word' id='word_1_7' title='bbox 168 438 288 484; x_wconf 77' lang='grc' dir='ltr'><strong>τοῦ</strong></span> <span class='ocrx_word' id='word_1_8' title='bbox 336 436 558 505; x_wconf 77' lang='grc' dir='ltr'><strong>Κυρίου⁹</strong></span> <span class='ocrx_word' id='word_1_9' title='bbox 597 434 687 483; x_wconf 84' lang='grc' dir='ltr'>καὶ</span> <span class='ocrx_word' id='word_1_10' title='bbox 728 436 826 492; x_wconf 76' lang='grc' dir='ltr'>τῆς</span> <span class='ocrx_word' id='word_1_11' title='bbox 876 425 1121 500; x_wconf 73' lang='grc' dir='ltr'><strong>δευτέρας</strong></span> <span class='ocrx_word' id='word_1_12' title='bbox 1167 424 1329 476; x_wconf 77' lang='grc' dir='ltr'>αὐτοῦ</span> <span class='ocrx_word' id='word_1_13' title='bbox 1370 426 1661 495; x_wconf 80' lang='grc' dir='ltr'><strong>παρουσίας</strong></span> 
     </span>
    </p>
   </div>
   <div class='ocr_carea' id='block_1_3' title="bbox 1918 421 3568 505">
    <p class='ocr_par' dir='ltr' id='par_1_3' title="bbox 1918 423 3568 505">
     <span class='ocr_line' id='line_1_3' title="bbox 1918 423 3568 505; baseline 0.007 -27"><span class='ocrx_word' id='word_1_14' title='bbox 1918 423 2044 479; x_wconf 83' lang='lat' dir='ltr'><strong>sine</strong></span> <span class='ocrx_word' id='word_1_15' title='bbox 2068 425 2416 495; x_wconf 82' lang='lat' dir='ltr'><strong>exceptione</strong></span> <span class='ocrx_word' id='word_1_16' title='bbox 2439 428 2664 495; x_wconf 86' lang='lat' dir='ltr'><strong>testem,</strong></span> <span class='ocrx_word' id='word_1_17' title='bbox 2688 429 2791 501; x_wconf 86' lang='lat' dir='ltr'><strong>qui</strong></span> <span class='ocrx_word' id='word_1_18' title='bbox 2808 431 2863 485; x_wconf 91' lang='lat' dir='ltr'><strong>te</strong></span> <span class='ocrx_word' id='word_1_19' title='bbox 2882 427 2961 485; x_wconf 91' lang='lat' dir='ltr'><strong>ad</strong></span> <span class='ocrx_word' id='word_1_20' title='bbox 2976 427 3140 485; x_wconf 80' lang='lat' dir='ltr'>illam</span> <span class='ocrx_word' id='word_1_21' title='bbox 3163 429 3343 487; x_wconf 86' lang='lat' dir='ltr'><strong>totius</strong></span> <span class='ocrx_word' id='word_1_22' title='bbox 3359 447 3568 505; x_wconf 91' lang='lat' dir='ltr'><strong>corpo-</strong></span> 
     </span>
    </p>
   </div>
   <div class='ocr_carea' id='block_1_4' title="bbox 164 510 1805 593">
    <p class='ocr_par' dir='ltr' id='par_1_4' title="bbox 164 510 1805 593">
     <span class='ocr_line' id='line_1_4' title="bbox 164 510 1805 593; baseline -0.007 -19"><span class='ocrx_word' id='word_1_23' title='bbox 164 520 385 593; x_wconf 79' lang='grc' dir='ltr'>Ἐχεις</span> <span class='ocrx_word' id='word_1_24' title='bbox 438 525 532 573; x_wconf 83' lang='grc' dir='ltr'><strong>καὶ</strong></span> <span class='ocrx_word' id='word_1_25' title='bbox 587 519 737 572; x_wconf 79' lang='grc' dir='ltr'>ἄλλον</span> <span class='ocrx_word' id='word_1_26' title='bbox 800 516 1208 592; x_wconf 77' lang='grc' dir='ltr'>ἅπαράγραπτον</span> <span class='ocrx_word' id='word_1_27' title='bbox 1268 512 1509 587; x_wconf 86' lang='grc' dir='ltr'>μάρτυρα</span> <span class='ocrx_word' id='word_1_28' title='bbox 1562 510 1805 582; x_wconf 72' lang='grc' dir='ltr'>ἐνάγοντὰ</span> 
     </span>
    </p>
   </div>
   <div class='ocr_carea' id='block_1_5' title="bbox 168 600 1803 683">
    <p class='ocr_par' dir='ltr' id='par_1_5' title="bbox 168 600 1803 683">
     <span class='ocr_line' id='line_1_5' title="bbox 168 600 1803 683; baseline -0.006 -20"><span class='ocrx_word' id='word_1_29' title='bbox 168 630 246 663; x_wconf 74' lang='grc' dir='ltr'><strong>σε</strong></span> <span class='ocrx_word' id='word_1_30' title='bbox 301 613 436 683; x_wconf 80' lang='grc' dir='ltr'>πρὸς</span> <span class='ocrx_word' id='word_1_31' title='bbox 477 613 573 667; x_wconf 77' lang='grc' dir='ltr'>τὴν</span> <span class='ocrx_word' id='word_1_32' title='bbox 615 615 716 661; x_wconf 86' lang='grc' dir='ltr'>τῶν</span> <span class='ocrx_word' id='word_1_33' title='bbox 764 609 910 660; x_wconf 88' lang='grc' dir='ltr'>θείων</span> <span class='ocrx_word' id='word_1_34' title='bbox 952 607 1255 678; x_wconf 78' lang='grc' dir='ltr'><strong>μυστηρίων</strong></span> <span class='ocrx_word' id='word_1_35' title='bbox 1284 608 1376 654; x_wconf 91' lang='grc' dir='ltr'><strong>τοῦ</strong></span> <span class='ocrx_word' id='word_1_36' title='bbox 1413 600 1530 654; x_wconf 85' lang='grc' dir='ltr'>ὅλου</span> <span class='ocrx_word' id='word_1_37' title='bbox 1563 605 1803 673; x_wconf 79' lang='grc' dir='ltr'>σώματος</span> 
     </span>
    </p>
   </div>
   <div class='ocr_carea' id='block_1_6' title="bbox 166 688 1806 768">
    <p class='ocr_par' dir='ltr' id='par_1_6' title="bbox 166 688 1806 768">
     <span class='ocr_line' id='line_1_6' title="bbox 166 688 1806 768; baseline -0.005 -18"><span class='ocrx_word' id='word_1_38' title='bbox 166 700 381 751; x_wconf 76' lang='grc' dir='ltr'>ἕνωσιν</span> <span class='ocrx_word' id='word_1_39' title='bbox 424 702 518 750; x_wconf 81' lang='grc' dir='ltr'>καὶ</span> <span class='ocrx_word' id='word_1_40' title='bbox 566 697 865 768; x_wconf 70' lang='grc' dir='ltr'>συνάφειαν,</span> <span class='ocrx_word' id='word_1_41' title='bbox 917 696 1002 747; x_wconf 78' lang='grc' dir='ltr'>τὸν</span> <span class='ocrx_word' id='word_1_42' title='bbox 1049 697 1212 765; x_wconf 86' lang='grc' dir='ltr'>μίγαν</span> <span class='ocrx_word' id='word_1_43' title='bbox 1269 695 1403 763; x_wconf 69' lang='grc' dir='ltr'>φημὶ</span> <span class='ocrx_word' id='word_1_44' title='bbox 1447 688 1497 742; x_wconf 70' lang='grc' dir='ltr'>ἄν</span> <span class='ocrx_word' id='word_1_45' title='bbox 1547 688 1806 760; x_wconf 70' lang='grc' dir='ltr'><strong>θεολόγοις</strong></span> 
     </span>
    </p>
   </div>
   <div class='ocr_carea' id='block_1_7' title="bbox 170 778 1803 861">
    <p class='ocr_par' dir='ltr' id='par_1_7' title="bbox 170 778 1803 861">
     <span class='ocr_line' id='line_1_7' title="bbox 170 778 1803 861; baseline -0.006 -21"><span class='ocrx_word' id='word_1_46' title='bbox 170 791 512 861; x_wconf 85' lang='grc' dir='ltr'>Γρηγόριον,</span> <span class='ocrx_word' id='word_1_47' title='bbox 559 786 617 847; x_wconf 83' lang='grc' dir='ltr'>ὃς</span> <span class='ocrx_word' id='word_1_48' title='bbox 662 784 714 837; x_wconf 76' lang='grc' dir='ltr'>ἓν</span> <span class='ocrx_word' id='word_1_49' title='bbox 756 792 830 855; x_wconf 79' lang='grc' dir='ltr'>τῷ</span> <span class='ocrx_word' id='word_1_50' title='bbox 876 791 976 836; x_wconf 84' lang='grc' dir='ltr'>τῶν</span> <span class='ocrx_word' id='word_1_51' title='bbox 1022 786 1258 855; x_wconf 78' lang='grc' dir='ltr'><strong>Χριστοῦ</strong></span> <span class='ocrx_word' id='word_1_52' title='bbox 1282 778 1549 852; x_wconf 73' lang='grc' dir='ltr'><strong>γενεθλίων</strong></span> <span class='ocrx_word' id='word_1_53' title='bbox 1578 778 1712 850; x_wconf 83' lang='grc' dir='ltr'>λόγῳ</span> <span class='ocrx_word' id='word_1_54' title='bbox 1743 778 1803 832; x_wconf 78' lang='grc' dir='ltr'>οὐ</span> 
     </span>
    </p>
   </div>
   <div class='ocr_carea' id='block_1_8' title="bbox 170 867 1801 948">
    <p class='ocr_par' dir='ltr' id='par_1_8' title="bbox 170 867 1801 948">
     <span class='ocr_line' id='line_1_8' title="bbox 170 867 1801 948; baseline -0.006 -20"><span class='ocrx_word' id='word_1_55' title='bbox 170 881 348 948; x_wconf 74' lang='grc' dir='ltr'>μόνον</span> <span class='ocrx_word' id='word_1_56' title='bbox 399 878 469 927; x_wconf 83' lang='grc' dir='ltr'>τὰ</span> <span class='ocrx_word' id='word_1_57' title='bbox 511 874 559 926; x_wconf 74' lang='grc' dir='ltr'>ἦν</span> <span class='ocrx_word' id='word_1_58' title='bbox 611 882 674 947; x_wconf 78' lang='grc' dir='ltr'><strong>τῇ</strong></span> <span class='ocrx_word' id='word_1_59' title='bbox 721 878 960 944; x_wconf 78' lang='grc' dir='ltr'>γεννήσει</span> <span class='ocrx_word' id='word_1_60' title='bbox 995 869 1516 943; x_wconf 73' lang='grc' dir='ltr'><strong>παρηκολουθηκότα,</strong></span> <span class='ocrx_word' id='word_1_61' title='bbox 1549 867 1676 920; x_wconf 79' lang='grc' dir='ltr'>ἀλλὰ</span> <span class='ocrx_word' id='word_1_62' title='bbox 1711 872 1801 920; x_wconf 86' lang='grc' dir='ltr'>καὶ</span> 
     </span>
    </p>
   </div>
   <div class='ocr_carea' id='block_1_9' title="bbox 168 954 1802 1033">
    <p class='ocr_par' dir='ltr' id='par_1_9' title="bbox 168 954 1802 1033">
     <span class='ocr_line' id='line_1_9' title="bbox 168 954 1802 1033; baseline -0.005 -17"><span class='ocrx_word' id='word_1_63' title='bbox 168 967 253 1016; x_wconf 78' lang='grc' dir='ltr'>τὰ</span> <span class='ocrx_word' id='word_1_64' title='bbox 303 973 407 1026; x_wconf 80' lang='grc' dir='ltr'>τῆς</span> <span class='ocrx_word' id='word_1_65' title='bbox 450 963 574 1025; x_wconf 81' lang='grc' dir='ltr'>ὅλης</span> <span class='ocrx_word' id='word_1_66' title='bbox 624 962 919 1033; x_wconf 76' lang='grc' dir='ltr'><strong>οἰκονομίας</strong></span> <span class='ocrx_word' id='word_1_67' title='bbox 976 959 1234 1021; x_wconf 76' lang='grc' dir='ltr'>συνεταξεο</span> <span class='ocrx_word' id='word_1_68' title='bbox 1285 964 1377 1011; x_wconf 78' lang='grc' dir='ltr'>καὶ</span> <span class='ocrx_word' id='word_1_69' title='bbox 1414 954 1562 1018; x_wconf 77' lang='grc' dir='ltr'>αὖθις</span> <span class='ocrx_word' id='word_1_70' title='bbox 1625 956 1674 1008; x_wconf 77' lang='grc' dir='ltr'>ἐν</span> <span class='ocrx_word' id='word_1_71' title='bbox 1729 966 1802 1028; x_wconf 84' lang='grc' dir='ltr'>τῷ</span> 
     </span>
    </p>
   </div>
   <div class='ocr_carea' id='block_1_10' title="bbox 167 1045 1797 1124">
    <p class='ocr_par' dir='ltr' id='par_1_10' title="bbox 167 1045 1797 1124">
     <span class='ocr_line' id='line_1_10' title="bbox 167 1045 1797 1124; baseline -0.003 -20"><span class='ocrx_word' id='word_1_72' title='bbox 167 1060 277 1105; x_wconf 77' lang='grc' dir='ltr'>τοῦ</span> <span class='ocrx_word' id='word_1_73' title='bbox 330 1054 541 1124; x_wconf 84' lang='grc' dir='ltr'>Πάσχα</span> <span class='ocrx_word' id='word_1_74' title='bbox 575 1056 668 1103; x_wconf 79' lang='grc' dir='ltr'>καὶ.</span> <span class='ocrx_word' id='word_1_75' title='bbox 719 1059 813 1113; x_wconf 84' lang='grc' dir='ltr'>τῆς</span> <span class='ocrx_word' id='word_1_76' title='bbox 842 1050 1198 1113; x_wconf 76' lang='grc' dir='ltr'><strong>ἀναστάσεως,</strong></span> <span class='ocrx_word' id='word_1_77' title='bbox 1228 1052 1319 1101; x_wconf 80' lang='grc' dir='ltr'>καὶ</span> <span class='ocrx_word' id='word_1_78' title='bbox 1347 1048 1413 1100; x_wconf 78' lang='grc' dir='ltr'><strong>τὰ</strong></span> <span class='ocrx_word' id='word_1_79' title='bbox 1437 1045 1486 1099; x_wconf 72' lang='grc' dir='ltr'>ἄν</span> <span class='ocrx_word' id='word_1_80' title='bbox 1511 1054 1575 1119; x_wconf 72' lang='grc' dir='ltr'>τῇ</span> <span class='ocrx_word' id='word_1_81' title='bbox 1610 1052 1797 1118; x_wconf 81' lang='grc' dir='ltr'>γεννή-</span> 
     </span>
    </p>
   </div>
   <div class='ocr_carea' id='block_1_11' title="bbox 169 1131 1800 1213">
    <p class='ocr_par' dir='ltr' id='par_1_11' title="bbox 169 1131 1800 1213">
     <span class='ocr_line' id='line_1_11' title="bbox 169 1131 1800 1213; baseline -0.004 -20"><span class='ocrx_word' id='word_1_82' title='bbox 169 1160 267 1193; x_wconf 80' lang='grc' dir='ltr'><strong>σει</strong></span> <span class='ocrx_word' id='word_1_83' title='bbox 312 1141 567 1213; x_wconf 73' lang='grc' dir='ltr'><strong>εἰρημένα</strong></span> <span class='ocrx_word' id='word_1_84' title='bbox 612 1143 776 1211; x_wconf 77' lang='grc' dir='ltr'>αὐτῷ,</span> <span class='ocrx_word' id='word_1_85' title='bbox 825 1138 1112 1211; x_wconf 74' lang='grc' dir='ltr'>ἀμετάθετα</span> <span class='ocrx_word' id='word_1_86' title='bbox 1158 1140 1347 1190; x_wconf 72' lang='grc' dir='ltr'>εἴασεν*</span> <span class='ocrx_word' id='word_1_87' title='bbox 1388 1137 1415 1189; x_wconf 86' lang='grc' dir='ltr'><strong><em>ὃ</em></strong></span> <span class='ocrx_word' id='word_1_88' title='bbox 1454 1131 1523 1194; x_wconf 74' lang='grc' dir='ltr'><strong>δὴ</strong></span> <span class='ocrx_word' id='word_1_89' title='bbox 1572 1141 1663 1188; x_wconf 80' lang='grc' dir='ltr'>καὶ</span> <span class='ocrx_word' id='word_1_90' title='bbox 1702 1154 1800 1208; x_wconf 69' lang='grc' dir='ltr'><strong>φα-</strong></span> 
     </span>
    </p>
   </div>
   <div class='ocr_carea' id='block_1_12' title="bbox 165 1226 1801 1306">
    <p class='ocr_par' dir='ltr' id='par_1_12' title="bbox 165 1226 1801 1306">
     <span class='ocr_line' id='line_1_12' title="bbox 165 1226 1801 1306; baseline -0.004 -24"><span class='ocrx_word' id='word_1_91' title='bbox 165 1238 467 1306; x_wconf 75' lang='grc' dir='ltr'>νερώτερον</span> <span class='ocrx_word' id='word_1_92' title='bbox 512 1226 845 1297; x_wconf 74' lang='grc' dir='ltr'>ἀποδεικνὺς,</span> <span class='ocrx_word' id='word_1_93' title='bbox 896 1232 1130 1281; x_wconf 88' lang='grc' dir='ltr'>τοιοῦτόν</span> <span class='ocrx_word' id='word_1_94' title='bbox 1178 1245 1310 1300; x_wconf 75' lang='grc' dir='ltr'>φησι</span> <span class='ocrx_word' id='word_1_95' title='bbox 1357 1230 1416 1278; x_wconf 82' lang='grc' dir='ltr'>τὸ</span> <span class='ocrx_word' id='word_1_96' title='bbox 1477 1231 1571 1278; x_wconf 91' lang='grc' dir='ltr'><strong>τοῦ</strong></span> <span class='ocrx_word' id='word_1_97' title='bbox 1616 1244 1801 1297; x_wconf 88' lang='grc' dir='ltr'>γεννη-</span> 
     </span>
    </p>
   </div>
   <div class='ocr_carea' id='block_1_13' title="bbox 172 1314 1801 1391">
    <p class='ocr_par' dir='ltr' id='par_1_13' title="bbox 172 1314 1801 1391">
     <span class='ocr_line' id='line_1_13' title="bbox 172 1314 1801 1391; baseline -0.005 -18"><span class='ocrx_word' id='word_1_98' title='bbox 172 1322 358 1380; x_wconf 73' lang='grc' dir='ltr'>Θίντος</span> <span class='ocrx_word' id='word_1_99' title='bbox 425 1319 710 1391; x_wconf 70' lang='grc' dir='ltr'>γενέθλιον,</span> <span class='ocrx_word' id='word_1_100' title='bbox 772 1321 863 1371; x_wconf 83' lang='grc' dir='ltr'>καὶ</span> <span class='ocrx_word' id='word_1_101' title='bbox 916 1325 1007 1370; x_wconf 89' lang='grc' dir='ltr'><strong>τοῦ</strong></span> <span class='ocrx_word' id='word_1_102' title='bbox 1059 1318 1318 1378; x_wconf 78' lang='grc' dir='ltr'>παθόντος</span> <span class='ocrx_word' id='word_1_103' title='bbox 1381 1314 1638 1387; x_wconf 72' lang='grc' dir='ltr'>ἐντάφιον.</span> <span class='ocrx_word' id='word_1_104' title='bbox 1707 1315 1801 1366; x_wconf 84' lang='grc' dir='ltr'><strong>Διὰ</strong></span> 
     </span>
    </p>
   </div>
   <div class='ocr_carea' id='block_1_14' title="bbox 172 1402 1798 1483">
    <p class='ocr_par' dir='ltr' id='par_1_14' title="bbox 172 1402 1798 1483">
     <span class='ocr_line' id='line_1_14' title="bbox 172 1402 1798 1483; baseline -0.005 -21"><span class='ocrx_word' id='word_1_105' title='bbox 172 1417 355 1461; x_wconf 76' lang='grc' dir='ltr'>ταῦτα</span> <span class='ocrx_word' id='word_1_106' title='bbox 400 1412 806 1483; x_wconf 70' lang='grc' dir='ltr'><strong>προηγουμένως</strong></span> <span class='ocrx_word' id='word_1_107' title='bbox 985 1407 1121 1458; x_wconf 79' lang='grc' dir='ltr'>κατὰ</span> <span class='ocrx_word' id='word_1_108' title='bbox 1169 1408 1256 1458; x_wconf 88' lang='grc' dir='ltr'>τὸν</span> <span class='ocrx_word' id='word_1_109' title='bbox 1311 1408 1595 1478; x_wconf 85' lang='grc' dir='ltr'>πρόχειρον</span> <span class='ocrx_word' id='word_1_110' title='bbox 1648 1402 1798 1474; x_wconf 88' lang='grc' dir='ltr'>λόγον</span> 
     </span>
    </p>
   </div>
   <div class='ocr_carea' id='block_1_15' title="bbox 173 1489 1794 1565">
    <p class='ocr_par' dir='ltr' id='par_1_15' title="bbox 173 1489 1794 1565">
     <span class='ocr_line' id='line_1_15' title="bbox 173 1489 1794 1565; baseline -0.005 -14"><span class='ocrx_word' id='word_1_111' title='bbox 173 1503 280 1551; x_wconf 73' lang='grc' dir='ltr'>καὶ</span> <span class='ocrx_word' id='word_1_112' title='bbox 314 1505 402 1549; x_wconf 79' lang='grc' dir='ltr'><strong>νῦν</strong></span> <span class='ocrx_word' id='word_1_113' title='bbox 448 1504 610 1551; x_wconf 85' lang='grc' dir='ltr'>τοῦτο</span> <span class='ocrx_word' id='word_1_114' title='bbox 657 1498 735 1565; x_wconf 73' lang='grc'><strong>(4)</strong></span> <span class='ocrx_word' id='word_1_115' title='bbox 793 1502 894 1558; x_wconf 85' lang='grc' dir='ltr'><strong>πᾶς</strong></span> <span class='ocrx_word' id='word_1_116' title='bbox 946 1496 1136 1555; x_wconf 87' lang='grc' dir='ltr'>πιστὸς</span> <span class='ocrx_word' id='word_1_117' title='bbox 1178 1489 1371 1547; x_wconf 76' lang='grc' dir='ltr'>εἰδέναι</span> <span class='ocrx_word' id='word_1_118' title='bbox 1422 1491 1608 1564; x_wconf 77' lang='grc' dir='ltr'>ὀφείλει</span> <span class='ocrx_word' id='word_1_119' title='bbox 1658 1494 1722 1552; x_wconf 82' lang='grc' dir='ltr'>ὡς</span> <span class='ocrx_word' id='word_1_120' title='bbox 1763 1494 1794 1550; x_wconf 85' lang='grc' dir='ltr'><strong>ἠ</strong></span> 
     </span>
    </p>
   </div>
   <div class='ocr_carea' id='block_1_16' title="bbox 181 1579 1796 1661">
    <p class='ocr_par' dir='ltr' id='par_1_16' title="bbox 181 1579 1796 1661">
     <span class='ocr_line' id='line_1_16' title="bbox 181 1579 1796 1661; baseline -0.006 -21"><span class='ocrx_word' id='word_1_121' title='bbox 181 1595 286 1648; x_wconf 77' lang='grc' dir='ltr'>τῆς</span> <span class='ocrx_word' id='word_1_122' title='bbox 343 1589 485 1649; x_wconf 84' lang='grc' dir='ltr'>θείας</span> <span class='ocrx_word' id='word_1_123' title='bbox 551 1588 845 1661; x_wconf 73' lang='grc' dir='ltr'>ἱερουργίας</span> <span class='ocrx_word' id='word_1_124' title='bbox 901 1584 1084 1636; x_wconf 80' lang='grc' dir='ltr'>ἅπασα</span> <span class='ocrx_word' id='word_1_125' title='bbox 1137 1582 1311 1640; x_wconf 79' lang='grc' dir='ltr'>τελετὴ</span> <span class='ocrx_word' id='word_1_126' title='bbox 1374 1581 1535 1640; x_wconf 74' lang='grc' dir='ltr'>αὐτὴν</span> <span class='ocrx_word' id='word_1_127' title='bbox 1602 1579 1796 1638; x_wconf 77' lang='grc' dir='ltr'>ἕκείνην</span> 
     </span>
    </p>
   </div>
   <div class='ocr_carea' id='block_1_17' title="bbox 184 1665 1796 1747">
    <p class='ocr_par' dir='ltr' id='par_1_17' title="bbox 184 1665 1796 1747">
     <span class='ocr_line' id='line_1_17' title="bbox 184 1665 1796 1747; baseline -0.004 -19"><span class='ocrx_word' id='word_1_128' title='bbox 184 1680 285 1735; x_wconf 68' lang='grc' dir='ltr'>τὴν</span> <span class='ocrx_word' id='word_1_129' title='bbox 348 1675 474 1734; x_wconf 78' lang='grc' dir='ltr'>ὃλην</span> <span class='ocrx_word' id='word_1_130' title='bbox 538 1675 837 1747; x_wconf 76' lang='grc' dir='ltr'>οἰκονομίαν</span> <span class='ocrx_word' id='word_1_131' title='bbox 897 1680 993 1734; x_wconf 83' lang='grc' dir='ltr'>τῆς</span> <span class='ocrx_word' id='word_1_132' title='bbox 1052 1674 1169 1746; x_wconf 75' lang='grc' dir='ltr'>περὶ</span> <span class='ocrx_word' id='word_1_133' title='bbox 1221 1673 1367 1743; x_wconf 81' lang='grc' dir='ltr'>ἡμῶν</span> <span class='ocrx_word' id='word_1_134' title='bbox 1424 1665 1796 1742; x_wconf 79' lang='grc' dir='ltr'>σωτηριώδους</span> 
     </span>
    </p>
   </div>
   <div class='ocr_carea' id='block_1_18' title="bbox 186 1761 1795 1836">
    <p class='ocr_par' dir='ltr' id='par_1_18' title="bbox 186 1761 1795 1836">
     <span class='ocr_line' id='line_1_18' title="bbox 186 1761 1795 1836; baseline -0.005 -17"><span class='ocrx_word' id='word_1_135' title='bbox 186 1763 638 1836; x_wconf 78' lang='grc' dir='ltr'>συγκαταϐάσεως</span> <span class='ocrx_word' id='word_1_136' title='bbox 714 1770 808 1816; x_wconf 89' lang='grc' dir='ltr'><strong>τοῦ</strong></span> <span class='ocrx_word' id='word_1_137' title='bbox 884 1761 1132 1819; x_wconf 79' lang='grc' dir='ltr'>ἀληθινοῦ</span> <span class='ocrx_word' id='word_1_138' title='bbox 1211 1767 1345 1813; x_wconf 82' lang='grc' dir='ltr'>Θεοῦ</span> <span class='ocrx_word' id='word_1_139' title='bbox 1409 1763 1496 1812; x_wconf 69' lang='grc' dir='ltr'>καὶ</span> <span class='ocrx_word' id='word_1_140' title='bbox 1564 1766 1795 1834; x_wconf 84' lang='grc' dir='ltr'>Σωτῆρος</span> 
     </span>
    </p>
   </div>
   <div class='ocr_carea' id='block_1_19' title="bbox 180 1845 1793 1925">
    <p class='ocr_par' dir='ltr' id='par_1_19' title="bbox 180 1845 1793 1925">
     <span class='ocr_line' id='line_1_19' title="bbox 180 1845 1793 1925; baseline -0.004 -19"><span class='ocrx_word' id='word_1_141' title='bbox 180 1856 337 1925; x_wconf 71' lang='grc' dir='ltr'>ἡμῶν</span> <span class='ocrx_word' id='word_1_142' title='bbox 394 1853 576 1912; x_wconf 84' lang='grc' dir='ltr'>Ἰησοῦ</span> <span class='ocrx_word' id='word_1_143' title='bbox 632 1859 889 1923; x_wconf 83' lang='grc' dir='ltr'>Χριστοῦ,</span> <span class='ocrx_word' id='word_1_144' title='bbox 936 1853 1004 1912; x_wconf 84' lang='grc' dir='ltr'>ὡς</span> <span class='ocrx_word' id='word_1_145' title='bbox 1055 1854 1384 1923; x_wconf 87' lang='grc' dir='ltr'>προείρηται,</span> <span class='ocrx_word' id='word_1_146' title='bbox 1443 1845 1537 1901; x_wconf 75' lang='grc' dir='ltr'><strong>διὰ</strong></span> <span class='ocrx_word' id='word_1_147' title='bbox 1584 1855 1684 1899; x_wconf 83' lang='grc' dir='ltr'>τῶν</span> <span class='ocrx_word' id='word_1_148' title='bbox 1745 1846 1793 1899; x_wconf 76' lang='grc' dir='ltr'>ἓν</span> 
     </span>
    </p>
   </div>
   <div class='ocr_carea' id='block_1_20' title="bbox 182 1933 1794 2015">
    <p class='ocr_par' dir='ltr' id='par_1_20' title="bbox 182 1933 1794 2015">
     <span class='ocr_line' id='line_1_20' title="bbox 182 1933 1794 2015; baseline -0.004 -23"><span class='ocrx_word' id='word_1_149' title='bbox 182 1942 320 2013; x_wconf 72' lang='grc' dir='ltr'>αὐτῇ</span> <span class='ocrx_word' id='word_1_150' title='bbox 362 1941 679 2013; x_wconf 70' lang='grc' dir='ltr'>τελουμένων</span> <span class='ocrx_word' id='word_1_151' title='bbox 709 1944 1014 2015; x_wconf 83' lang='grc' dir='ltr'>μυστηρίων</span> <span class='ocrx_word' id='word_1_152' title='bbox 1046 1936 1375 2010; x_wconf 80' lang='grc' dir='ltr'>συμϐολικῶς</span> <span class='ocrx_word' id='word_1_153' title='bbox 1424 1933 1580 1994; x_wconf 84' lang='grc' dir='ltr'>δηλοῖ</span> <span class='ocrx_word' id='word_1_154' title='bbox 1616 1938 1712 2007; x_wconf 82' lang='grc'><strong>(5)·</strong></span> <span class='ocrx_word' id='word_1_155' title='bbox 1751 1935 1794 1988; x_wconf 88' lang='grc' dir='ltr'><strong>εἰ</strong></span> 
     </span>
    </p>
   </div>
   <div class='ocr_carea' id='block_1_21' title="bbox 181 2028 1793 2102">
    <p class='ocr_par' dir='ltr' id='par_1_21' title="bbox 181 2028 1793 2102">
     <span class='ocr_line' id='line_1_21' title="bbox 181 2028 1793 2102; baseline -0.004 -19"><span class='ocrx_word' id='word_1_156' title='bbox 181 2035 276 2084; x_wconf 78' lang='grc' dir='ltr'>καὶ</span> <span class='ocrx_word' id='word_1_157' title='bbox 323 2030 560 2102; x_wconf 85' lang='grc' dir='ltr'>χαλεπόν</span> <span class='ocrx_word' id='word_1_158' title='bbox 608 2028 682 2102; x_wconf 69' lang='grc' dir='ltr'><strong>ἔφ’</strong></span> <span class='ocrx_word' id='word_1_159' title='bbox 734 2029 936 2100; x_wconf 79' lang='grc' dir='ltr'>ἑκάστῳ</span> <span class='ocrx_word' id='word_1_160' title='bbox 978 2035 1080 2080; x_wconf 81' lang='grc' dir='ltr'>τῶν</span> <span class='ocrx_word' id='word_1_161' title='bbox 1110 2029 1253 2102; x_wconf 79' lang='grc' dir='ltr'>παρὰ</span> <span class='ocrx_word' id='word_1_162' title='bbox 1280 2029 1473 2100; x_wconf 81' lang='grc' dir='ltr'>Κυρίου</span> <span class='ocrx_word' id='word_1_163' title='bbox 1511 2028 1793 2097; x_wconf 85' lang='grc' dir='ltr'>γεγενημέ-</span> 
     </span>
    </p>
   </div>
   <div class='ocr_carea' id='block_1_22' title="bbox 182 2113 1789 2194">
    <p class='ocr_par' dir='ltr' id='par_1_22' title="bbox 182 2113 1789 2194">
     <span class='ocr_line' id='line_1_22' title="bbox 182 2113 1789 2194; baseline -0.003 -24"><span class='ocrx_word' id='word_1_164' title='bbox 182 2141 304 2185; x_wconf 63' lang='lat' dir='ltr'><strong>um,</strong></span> <span class='ocrx_word' id='word_1_165' title='bbox 363 2124 457 2172; x_wconf 76' lang='grc' dir='ltr'><strong>καὶ</strong></span> <span class='ocrx_word' id='word_1_166' title='bbox 502 2126 604 2171; x_wconf 79' lang='grc' dir='ltr'>τῶν</span> <span class='ocrx_word' id='word_1_167' title='bbox 655 2113 1085 2194; x_wconf 79' lang='grc' dir='ltr'>παρὰΊουδαίοις</span> <span class='ocrx_word' id='word_1_168' title='bbox 1114 2116 1185 2177; x_wconf 84' lang='grc' dir='ltr'>εἰς</span> <span class='ocrx_word' id='word_1_169' title='bbox 1219 2114 1371 2168; x_wconf 77' lang='grc' dir='ltr'>αὐτόν</span> <span class='ocrx_word' id='word_1_170' title='bbox 1399 2118 1789 2187; x_wconf 78' lang='grc' dir='ltr'>πεπραγμένων,</span> 
     </span>
    </p>
   </div>
   <div class='ocr_carea' id='block_1_23' title="bbox 185 2202 1791 2282">
    <p class='ocr_par' dir='ltr' id='par_1_23' title="bbox 185 2202 1791 2282">
     <span class='ocr_line' id='line_1_23' title="bbox 185 2202 1791 2282; baseline -0.004 -20"><span class='ocrx_word' id='word_1_171' title='bbox 185 2214 311 2282; x_wconf 86' lang='grc' dir='ltr'>μίαν</span> <span class='ocrx_word' id='word_1_172' title='bbox 360 2213 452 2262; x_wconf 82' lang='grc' dir='ltr'>καὶ</span> <span class='ocrx_word' id='word_1_173' title='bbox 502 2214 599 2267; x_wconf 73' lang='grc' dir='ltr'>τήν</span> <span class='ocrx_word' id='word_1_174' title='bbox 643 2207 806 2267; x_wconf 73' lang='grc' dir='ltr'>αὐτὴν</span> <span class='ocrx_word' id='word_1_175' title='bbox 832 2207 1127 2281; x_wconf 76' lang='grc' dir='ltr'>ἀφαιρῆσαι</span> <span class='ocrx_word' id='word_1_176' title='bbox 1154 2206 1341 2282; x_wconf 77' lang='grc' dir='ltr'>πρᾶξιν</span> <span class='ocrx_word' id='word_1_177' title='bbox 1372 2204 1420 2257; x_wconf 74' lang='grc' dir='ltr'>ἐν</span> <span class='ocrx_word' id='word_1_178' title='bbox 1448 2210 1558 2265; x_wconf 83' lang='grc' dir='ltr'>τοῖς</span> <span class='ocrx_word' id='word_1_179' title='bbox 1588 2202 1791 2277; x_wconf 79' lang='grc' dir='ltr'>συμϐό-</span> 
     </span>
    </p>
   </div>
   <div class='ocr_carea' id='block_1_24' title="bbox 186 2294 1792 2371">
    <p class='ocr_par' dir='ltr' id='par_1_24' title="bbox 186 2294 1792 2371">
     <span class='ocr_line' id='line_1_24' title="bbox 186 2294 1792 2371; baseline -0.004 -20"><span class='ocrx_word' id='word_1_180' title='bbox 186 2298 320 2360; x_wconf 79' lang='grc' dir='ltr'>λοις·</span> <span class='ocrx_word' id='word_1_181' title='bbox 372 2298 617 2359; x_wconf 73' lang='grc' dir='ltr'>πολλάκις</span> <span class='ocrx_word' id='word_1_182' title='bbox 665 2301 768 2371; x_wconf 82' lang='grc' dir='ltr'>γὰρ</span> <span class='ocrx_word' id='word_1_183' title='bbox 810 2301 869 2349; x_wconf 87' lang='grc' dir='ltr'>τὸ</span> <span class='ocrx_word' id='word_1_184' title='bbox 923 2297 971 2350; x_wconf 73' lang='grc' dir='ltr'>ἓν</span> <span class='ocrx_word' id='word_1_185' title='bbox 1015 2304 1116 2349; x_wconf 81' lang='grc' dir='ltr'>τῶν</span> <span class='ocrx_word' id='word_1_186' title='bbox 1164 2294 1213 2348; x_wconf 72' lang='grc' dir='ltr'>ἓν</span> <span class='ocrx_word' id='word_1_187' title='bbox 1242 2303 1304 2367; x_wconf 76' lang='grc' dir='ltr'>τῇ</span> <span class='ocrx_word' id='word_1_188' title='bbox 1344 2297 1459 2367; x_wconf 83' lang='grc' dir='ltr'>θείᾳ</span> <span class='ocrx_word' id='word_1_189' title='bbox 1495 2294 1792 2369; x_wconf 81' lang='grc' dir='ltr'>λειτουργίᾳ</span> 
     </span>
    </p>
   </div>
   <div class='ocr_carea' id='block_1_25' title="bbox 190 2383 1790 2461">
    <p class='ocr_par' dir='ltr' id='par_1_25' title="bbox 190 2383 1790 2461">
     <span class='ocr_line' id='line_1_25' title="bbox 190 2383 1790 2461; baseline -0.003 -21"><span class='ocrx_word' id='word_1_190' title='bbox 190 2386 502 2459; x_wconf 74' lang='grc' dir='ltr'>τελουμένων</span> <span class='ocrx_word' id='word_1_191' title='bbox 532 2387 617 2440; x_wconf 74' lang='grc' dir='ltr'><strong>ἰπὶ</strong></span> <span class='ocrx_word' id='word_1_192' title='bbox 662 2383 793 2440; x_wconf 76' lang='grc' dir='ltr'>δυσὶ</span> <span class='ocrx_word' id='word_1_193' title='bbox 838 2390 929 2439; x_wconf 77' lang='grc' dir='ltr'>καὶ</span> <span class='ocrx_word' id='word_1_194' title='bbox 972 2390 1116 2461; x_wconf 84' lang='grc' dir='ltr'>τρισὶ</span> <span class='ocrx_word' id='word_1_195' title='bbox 1150 2392 1259 2437; x_wconf 84' lang='grc' dir='ltr'>τῶν</span> <span class='ocrx_word' id='word_1_196' title='bbox 1288 2388 1405 2437; x_wconf 87' lang='grc' dir='ltr'>τότε</span> <span class='ocrx_word' id='word_1_197' title='bbox 1441 2390 1677 2436; x_wconf 89' lang='grc' dir='ltr'>νοοῦνται</span> <span class='ocrx_word' id='word_1_198' title='bbox 1701 2388 1790 2435; x_wconf 75' lang='grc' dir='ltr'><strong>καὶ</strong></span> 
     </span>
    </p>
   </div>
   <div class='ocr_carea' id='block_1_26' title="bbox 190 2469 1785 2551">
    <p class='ocr_par' dir='ltr' id='par_1_26' title="bbox 190 2469 1785 2551">
     <span class='ocr_line' id='line_1_26' title="bbox 190 2469 1785 2551; baseline -0.001 -22"><span class='ocrx_word' id='word_1_199' title='bbox 190 2475 547 2551; x_wconf 65' lang='grc' dir='ltr'>ἀναφέρονται,</span> <span class='ocrx_word' id='word_1_200' title='bbox 588 2478 659 2538; x_wconf 73' lang='grc' dir='ltr'>ὡς</span> <span class='ocrx_word' id='word_1_201' title='bbox 715 2480 910 2549; x_wconf 84' lang='grc' dir='ltr'>προῖὼν</span> <span class='ocrx_word' id='word_1_202' title='bbox 961 2473 987 2525; x_wconf 82' lang='grc' dir='ltr'><strong>ό</strong></span> <span class='ocrx_word' id='word_1_203' title='bbox 1037 2474 1190 2544; x_wconf 84' lang='grc' dir='ltr'>λόγος</span> <span class='ocrx_word' id='word_1_204' title='bbox 1240 2469 1402 2536; x_wconf 82' lang='grc' dir='ltr'>δείξει</span> <span class='ocrx_word' id='word_1_205' title='bbox 1453 2476 1785 2545; x_wconf 64' lang='grc' dir='ltr'>σαφέστερον.</span> 
     </span>
    </p>
   </div>
   <div class='ocr_carea' id='block_1_27' title="bbox 259 2560 1789 2636">
    <p class='ocr_par' dir='ltr' id='par_1_27' title="bbox 259 2560 1789 2636">
     <span class='ocr_line' id='line_1_27' title="bbox 259 2560 1789 2636; baseline -0.003 -19"><span class='ocrx_word' id='word_1_206' title='bbox 259 2560 337 2620; x_wconf 80' lang='grc' dir='ltr'><strong>δ”.</strong></span> <span class='ocrx_word' id='word_1_207' title='bbox 380 2564 580 2616; x_wconf 67' lang='grc' dir='ltr'>Αὐτίκα</span> <span class='ocrx_word' id='word_1_208' title='bbox 616 2569 741 2635; x_wconf 80' lang='grc' dir='ltr'>γοῦν</span> <span class='ocrx_word' id='word_1_209' title='bbox 771 2565 802 2622; x_wconf 81' lang='grc' dir='ltr'><strong>ἠ</strong></span> <span class='ocrx_word' id='word_1_210' title='bbox 856 2563 967 2616; x_wconf 89' lang='grc' dir='ltr'>θεία</span> <span class='ocrx_word' id='word_1_211' title='bbox 1012 2566 1102 2615; x_wconf 81' lang='grc' dir='ltr'>καὶ</span> <span class='ocrx_word' id='word_1_212' title='bbox 1152 2562 1263 2636; x_wconf 88' lang='grc' dir='ltr'>ἰερα</span> <span class='ocrx_word' id='word_1_213' title='bbox 1307 2561 1566 2635; x_wconf 79' lang='grc' dir='ltr'>τράπεζα,</span> <span class='ocrx_word' id='word_1_214' title='bbox 1605 2564 1697 2613; x_wconf 75' lang='grc' dir='ltr'>καὶ</span> <span class='ocrx_word' id='word_1_215' title='bbox 1723 2560 1789 2621; x_wconf 83' lang='grc' dir='ltr'><strong>είς</strong></span> 
     </span>
    </p>
   </div>
   <div class='ocr_carea' id='block_1_28' title="bbox 179 2649 1787 2728">
    <p class='ocr_par' dir='ltr' id='par_1_28' title="bbox 179 2649 1787 2728">
     <span class='ocr_line' id='line_1_28' title="bbox 179 2649 1787 2728; baseline -0.002 -23"><span class='ocrx_word' id='word_1_216' title='bbox 179 2656 245 2706; x_wconf 84' lang='grc' dir='ltr'><strong>τό</strong></span> <span class='ocrx_word' id='word_1_217' title='bbox 296 2653 619 2728; x_wconf 73' lang='grc' dir='ltr'>ἐστρωμένον</span> <span class='ocrx_word' id='word_1_218' title='bbox 668 2651 899 2725; x_wconf 77' lang='grc' dir='ltr'>ἀνώγεων</span> <span class='ocrx_word' id='word_1_219' title='bbox 951 2653 1057 2724; x_wconf 78' lang='lat' dir='ltr'><strong>[aL</strong></span> <span class='ocrx_word' id='word_1_220' title='bbox 1103 2652 1233 2709; x_wconf 84' lang='lat' dir='ltr'><strong>cod.</strong></span> <span class='ocrx_word' id='word_1_221' title='bbox 1290 2650 1565 2724; x_wconf 83' lang='grc' dir='ltr'>ἆνὼγαιον]</span> <span class='ocrx_word' id='word_1_222' title='bbox 1594 2649 1787 2724; x_wconf 72' lang='grc' dir='ltr'>ἔκλαμ-</span> 
     </span>
    </p>
   </div>
   <div class='ocr_carea' id='block_1_29' title="bbox 179 2742 1787 2815">
    <p class='ocr_par' dir='ltr' id='par_1_29' title="bbox 179 2742 1787 2815">
     <span class='ocr_line' id='line_1_29' title="bbox 179 2742 1787 2815; baseline -0.003 -20"><span class='ocrx_word' id='word_1_223' title='bbox 179 2742 417 2809; x_wconf 80' lang='grc' dir='ltr'>ϐάνεται,</span> <span class='ocrx_word' id='word_1_224' title='bbox 477 2747 567 2796; x_wconf 79' lang='grc' dir='ltr'><strong>καὶ</strong></span> <span class='ocrx_word' id='word_1_225' title='bbox 622 2743 785 2815; x_wconf 72' lang='grc' dir='ltr'>φάτνη</span> <span class='ocrx_word' id='word_1_226' title='bbox 839 2742 1268 2815; x_wconf 79' lang='grc' dir='ltr'>κατονομάζεται,</span> <span class='ocrx_word' id='word_1_227' title='bbox 1316 2745 1407 2793; x_wconf 85' lang='grc' dir='ltr'>καὶ</span> <span class='ocrx_word' id='word_1_228' title='bbox 1457 2742 1618 2813; x_wconf 69' lang='grc' dir='ltr'>τάφος</span> <span class='ocrx_word' id='word_1_229' title='bbox 1654 2746 1787 2813; x_wconf 83' lang='grc' dir='ltr'>Χρι-</span> 
     </span>
    </p>
   </div>
   <div class='ocr_carea' id='block_1_30' title="bbox 182 2826 1784 2903">
    <p class='ocr_par' dir='ltr' id='par_1_30' title="bbox 182 2826 1784 2903">
     <span class='ocr_line' id='line_1_30' title="bbox 182 2826 1784 2903; baseline -0.002 -19"><span class='ocrx_word' id='word_1_230' title='bbox 182 2840 316 2884; x_wconf 89' lang='grc' dir='ltr'>στοῦ</span> <span class='ocrx_word' id='word_1_231' title='bbox 360 2838 455 2884; x_wconf 89' lang='grc' dir='ltr'><strong>τοῦ</strong></span> <span class='ocrx_word' id='word_1_232' title='bbox 494 2838 628 2885; x_wconf 84' lang='grc' dir='ltr'>Θεοῦ</span> <span class='ocrx_word' id='word_1_233' title='bbox 660 2832 805 2903; x_wconf 79' lang='grc' dir='ltr'>ἡμῶν</span> <span class='ocrx_word' id='word_1_234' title='bbox 848 2829 1182 2890; x_wconf 68' lang='grc' dir='ltr'>ἐπικέκληται</span> <span class='ocrx_word' id='word_1_235' title='bbox 1230 2830 1331 2903; x_wconf 82' lang='grc'><strong>(6).</strong></span> <span class='ocrx_word' id='word_1_236' title='bbox 1370 2837 1548 2883; x_wconf 82' lang='grc' dir='ltr'>Ταῦτα</span> <span class='ocrx_word' id='word_1_237' title='bbox 1586 2826 1665 2899; x_wconf 75' lang='grc' dir='ltr'><strong>δε,</strong></span> <span class='ocrx_word' id='word_1_238' title='bbox 1698 2828 1784 2881; x_wconf 78' lang='grc' dir='ltr'><strong>εῦ-</strong></span> 
     </span>
    </p>
   </div>
   <div class='ocr_carea' id='block_1_31' title="bbox 182 2916 1786 2993">
    <p class='ocr_par' dir='ltr' id='par_1_31' title="bbox 182 2916 1786 2993">
     <span class='ocr_line' id='line_1_31' title="bbox 182 2916 1786 2993; baseline 0.001 -20"><span class='ocrx_word' id='word_1_239' title='bbox 182 2919 353 2981; x_wconf 73' lang='grc' dir='ltr'>σίϐῶς</span> <span class='ocrx_word' id='word_1_240' title='bbox 398 2922 650 2993; x_wconf 85' lang='grc' dir='ltr'>νοούμενά</span> <span class='ocrx_word' id='word_1_241' title='bbox 685 2939 740 2973; x_wconf 87' lang='grc' dir='ltr'>τε</span> <span class='ocrx_word' id='word_1_242' title='bbox 775 2925 865 2973; x_wconf 77' lang='grc' dir='ltr'><strong>καὶ</strong></span> <span class='ocrx_word' id='word_1_243' title='bbox 913 2917 1195 2993; x_wconf 78' lang='grc' dir='ltr'>δεχόμενα,</span> <span class='ocrx_word' id='word_1_244' title='bbox 1241 2916 1391 2972; x_wconf 65' lang='grc' dir='ltr'>οὐδὲν</span> <span class='ocrx_word' id='word_1_245' title='bbox 1421 2927 1492 2990; x_wconf 84' lang='grc' dir='ltr'>τῷ</span> <span class='ocrx_word' id='word_1_246' title='bbox 1522 2919 1658 2991; x_wconf 84' lang='grc' dir='ltr'>λόγῳ</span> <span class='ocrx_word' id='word_1_247' title='bbox 1694 2926 1786 2979; x_wconf 81' lang='grc' dir='ltr'>τῆς</span> 
     </span>
    </p>
   </div>
   <div class='ocr_carea' id='block_1_32' title="bbox 1914 512 3567 589">
    <p class='ocr_par' dir='ltr' id='par_1_32' title="bbox 1914 512 3567 589">
     <span class='ocr_line' id='line_1_32' title="bbox 1914 512 3567 589; baseline 0.006 -21"><span class='ocrx_word' id='word_1_248' title='bbox 1914 512 1996 568; x_wconf 86' lang='lat' dir='ltr'><strong>ris</strong></span> <span class='ocrx_word' id='word_1_249' title='bbox 2017 512 2079 568; x_wconf 91' lang='lat' dir='ltr'><strong>in</strong></span> <span class='ocrx_word' id='word_1_250' title='bbox 2101 512 2318 569; x_wconf 81' lang='lat' dir='ltr'><strong>divinis</strong></span> <span class='ocrx_word' id='word_1_251' title='bbox 2346 516 2644 587; x_wconf 83' lang='lat' dir='ltr'><strong>mysteriis</strong></span> <span class='ocrx_word' id='word_1_252' title='bbox 2673 518 2957 573; x_wconf 91' lang='lat' dir='ltr'><strong>unionem</strong></span> <span class='ocrx_word' id='word_1_253' title='bbox 2977 523 3035 574; x_wconf 89' lang='lat' dir='ltr'><strong>et</strong></span> <span class='ocrx_word' id='word_1_254' title='bbox 3082 519 3567 589; x_wconf 91' lang='lat' dir='ltr'><strong>conjunctionem</strong></span> 
     </span>
    </p>
   </div>
   <div class='ocr_carea' id='block_1_33' title="bbox 1915 600 3565 679">
    <p class='ocr_par' dir='ltr' id='par_1_33' title="bbox 1915 600 3565 679">
     <span class='ocr_line' id='line_1_33' title="bbox 1915 600 3565 679; baseline 0.007 -24"><span class='ocrx_word' id='word_1_255' title='bbox 1915 600 2173 667; x_wconf 86' lang='lat' dir='ltr'><strong>deducit,</strong></span> <span class='ocrx_word' id='word_1_256' title='bbox 2204 617 2497 673; x_wconf 89' lang='lat' dir='ltr'><strong>magnum</strong></span> <span class='ocrx_word' id='word_1_257' title='bbox 2522 604 2657 661; x_wconf 89' lang='lat' dir='ltr'><strong>dico</strong></span> <span class='ocrx_word' id='word_1_258' title='bbox 2685 605 2837 662; x_wconf 90' lang='lat' dir='ltr'><strong>inter</strong></span> <span class='ocrx_word' id='word_1_259' title='bbox 2862 606 3173 678; x_wconf 82' lang='lat' dir='ltr'><strong>theologos</strong></span> <span class='ocrx_word' id='word_1_260' title='bbox 3197 610 3565 679; x_wconf 79' lang='lat' dir='ltr'><strong>Gregorium,</strong></span> 
     </span>
    </p>
   </div>
   <div class='ocr_carea' id='block_1_34' title="bbox 1914 690 3566 772">
    <p class='ocr_par' dir='ltr' id='par_1_34' title="bbox 1914 690 3566 772">
     <span class='ocr_line' id='line_1_34' title="bbox 1914 690 3566 772; baseline 0.007 -28"><span class='ocrx_word' id='word_1_261' title='bbox 1914 690 2020 762; x_wconf 88' lang='lat' dir='ltr'><strong>qui</strong></span> <span class='ocrx_word' id='word_1_262' title='bbox 2042 690 2103 745; x_wconf 94' lang='lat' dir='ltr'><strong>in</strong></span> <span class='ocrx_word' id='word_1_263' title='bbox 2134 706 2410 748; x_wconf 87' lang='lat' dir='ltr'><strong>sermone</strong></span> <span class='ocrx_word' id='word_1_264' title='bbox 2425 692 2501 748; x_wconf 92' lang='lat' dir='ltr'><strong>de</strong></span> <span class='ocrx_word' id='word_1_265' title='bbox 2520 693 2728 750; x_wconf 88' lang='lat' dir='ltr'><strong>Christi</strong></span> <span class='ocrx_word' id='word_1_266' title='bbox 2745 695 2949 765; x_wconf 80' lang='lat' dir='ltr'><strong>natali,</strong></span> <span class='ocrx_word' id='word_1_267' title='bbox 2980 712 3100 752; x_wconf 92' lang='lat' dir='ltr'><strong>non</strong></span> <span class='ocrx_word' id='word_1_268' title='bbox 3128 697 3324 754; x_wconf 91' lang='lat' dir='ltr'><strong>solum</strong></span> <span class='ocrx_word' id='word_1_269' title='bbox 3345 714 3415 755; x_wconf 91' lang='lat' dir='ltr'><strong>ea</strong></span> <span class='ocrx_word' id='word_1_270' title='bbox 3429 716 3566 772; x_wconf 62' lang='lat' dir='ltr'><strong>quas</strong></span> 
     </span>
    </p>
   </div>
   <div class='ocr_carea' id='block_1_35' title="bbox 1915 779 3566 853">
    <p class='ocr_par' dir='ltr' id='par_1_35' title="bbox 1915 779 3566 853">
     <span class='ocr_line' id='line_1_35' title="bbox 1915 779 3566 853; baseline 0.006 -19"><span class='ocrx_word' id='word_1_271' title='bbox 1915 779 2286 836; x_wconf 80' lang='lat' dir='ltr'><strong>nativitatem</strong></span> <span class='ocrx_word' id='word_1_272' title='bbox 2336 782 2620 839; x_wconf 82' lang='lat' dir='ltr'><strong>comitata</strong></span> <span class='ocrx_word' id='word_1_273' title='bbox 2679 788 2840 853; x_wconf 88' lang='lat' dir='ltr'><strong>sunt,</strong></span> <span class='ocrx_word' id='word_1_274' title='bbox 2896 800 3104 840; x_wconf 91' lang='lat' dir='ltr'><strong>verum</strong></span> <span class='ocrx_word' id='word_1_275' title='bbox 3162 789 3341 843; x_wconf 89' lang='lat' dir='ltr'><strong>etiam</strong></span> <span class='ocrx_word' id='word_1_276' title='bbox 3385 790 3566 846; x_wconf 90' lang='lat' dir='ltr'><strong>totius</strong></span> 
     </span>
    </p>
   </div>
   <div class='ocr_carea' id='block_1_36' title="bbox 1914 868 3567 948">
    <p class='ocr_par' dir='ltr' id='par_1_36' title="bbox 1914 868 3567 948">
     <span class='ocr_line' id='line_1_36' title="bbox 1914 868 3567 948; baseline 0.007 -25"><span class='ocrx_word' id='word_1_277' title='bbox 1914 868 2381 941; x_wconf 79' lang='lat' dir='ltr'><strong>dispensationis</strong></span> <span class='ocrx_word' id='word_1_278' title='bbox 2437 887 2533 928; x_wconf 89' lang='lat' dir='ltr'><strong>res</strong></span> <span class='ocrx_word' id='word_1_279' title='bbox 2590 874 2888 930; x_wconf 86' lang='lat' dir='ltr'><strong>conexuit.</strong></span> <span class='ocrx_word' id='word_1_280' title='bbox 2941 878 3289 948; x_wconf 85' lang='lat' dir='ltr'><strong>Rursusque</strong></span> <span class='ocrx_word' id='word_1_281' title='bbox 3342 878 3403 933; x_wconf 89' lang='lat' dir='ltr'><strong>in</strong></span> <span class='ocrx_word' id='word_1_282' title='bbox 3452 894 3567 934; x_wconf 89' lang='lat' dir='ltr'><strong>ser-</strong></span> 
     </span>
    </p>
   </div>
   <div class='ocr_carea' id='block_1_37' title="bbox 1914 959 3567 1036">
    <p class='ocr_par' dir='ltr' id='par_1_37' title="bbox 1914 959 3567 1036">
     <span class='ocr_line' id='line_1_37' title="bbox 1914 959 3567 1036; baseline 0.005 -23"><span class='ocrx_word' id='word_1_283' title='bbox 1914 973 2093 1014; x_wconf 92' lang='lat' dir='ltr'><strong>mone</strong></span> <span class='ocrx_word' id='word_1_284' title='bbox 2115 959 2190 1014; x_wconf 92' lang='lat' dir='ltr'><strong>de</strong></span> <span class='ocrx_word' id='word_1_285' title='bbox 2216 960 2500 1017; x_wconf 88' lang='lat' dir='ltr'><strong>Paschate</strong></span> <span class='ocrx_word' id='word_1_286' title='bbox 2530 966 2586 1018; x_wconf 90' lang='lat' dir='ltr'><strong>et</strong></span> <span class='ocrx_word' id='word_1_287' title='bbox 2613 963 3065 1033; x_wconf 87' lang='lat' dir='ltr'><strong>resurrectione,</strong></span> <span class='ocrx_word' id='word_1_288' title='bbox 3096 980 3166 1020; x_wconf 91' lang='lat' dir='ltr'><strong>ea</strong></span> <span class='ocrx_word' id='word_1_289' title='bbox 3194 980 3331 1036; x_wconf 80' lang='lat' dir='ltr'><strong>quae</strong></span> <span class='ocrx_word' id='word_1_290' title='bbox 3355 966 3417 1021; x_wconf 92' lang='lat' dir='ltr'><strong>in</strong></span> <span class='ocrx_word' id='word_1_291' title='bbox 3463 982 3567 1023; x_wconf 85' lang='lat' dir='ltr'><strong>na-</strong></span> 
     </span>
    </p>
   </div>
   <div class='ocr_carea' id='block_1_38' title="bbox 1914 1046 3568 1120">
    <p class='ocr_par' dir='ltr' id='par_1_38' title="bbox 1914 1046 3568 1120">
     <span class='ocr_line' id='line_1_38' title="bbox 1914 1046 3568 1120; baseline 0.006 -18"><span class='ocrx_word' id='word_1_292' title='bbox 1914 1046 2015 1102; x_wconf 90' lang='lat' dir='ltr'><strong>tali</strong></span> <span class='ocrx_word' id='word_1_293' title='bbox 2047 1047 2297 1119; x_wconf 82' lang='lat' dir='ltr'><strong>dixerat,</strong></span> <span class='ocrx_word' id='word_1_294' title='bbox 2352 1049 2485 1105; x_wconf 93' lang='lat' dir='ltr'><strong>loco</strong></span> <span class='ocrx_word' id='word_1_295' title='bbox 2544 1066 2656 1106; x_wconf 92' lang='lat' dir='ltr'><strong>suo</strong></span> <span class='ocrx_word' id='word_1_296' title='bbox 2704 1066 2828 1107; x_wconf 91' lang='lat' dir='ltr'><strong>non</strong></span> <span class='ocrx_word' id='word_1_297' title='bbox 2885 1054 3225 1109; x_wconf 88' lang='lat' dir='ltr'><strong>commovit.</strong></span> <span class='ocrx_word' id='word_1_298' title='bbox 3282 1055 3456 1120; x_wconf 85' lang='lat' dir='ltr'><strong>Quod</strong></span> <span class='ocrx_word' id='word_1_299' title='bbox 3505 1060 3568 1112; x_wconf 92' lang='lat' dir='ltr'><strong>ut</strong></span> 
     </span>
    </p>
   </div>
   <div class='ocr_carea' id='block_1_39' title="bbox 1912 1135 3568 1215">
    <p class='ocr_par' dir='ltr' id='par_1_39' title="bbox 1912 1135 3568 1215">
     <span class='ocr_line' id='line_1_39' title="bbox 1912 1135 3568 1215; baseline 0.006 -26"><span class='ocrx_word' id='word_1_300' title='bbox 1912 1135 2178 1206; x_wconf 86' lang='lat' dir='ltr'><strong>apertius</strong></span> <span class='ocrx_word' id='word_1_301' title='bbox 2206 1135 2517 1205; x_wconf 89' lang='lat' dir='ltr'><strong>signiﬁcet,</strong></span> <span class='ocrx_word' id='word_1_302' title='bbox 2548 1137 2705 1207; x_wconf 88' lang='lat' dir='ltr'><strong>talis,</strong></span> <span class='ocrx_word' id='word_1_303' title='bbox 2739 1138 2951 1211; x_wconf 89' lang='lat' dir='ltr'><strong>inquit,</strong></span> <span class='ocrx_word' id='word_1_304' title='bbox 2974 1139 3084 1195; x_wconf 91' lang='lat' dir='ltr'><strong>fuit</strong></span> <span class='ocrx_word' id='word_1_305' title='bbox 3118 1141 3300 1211; x_wconf 78' lang='lat' dir='ltr'><strong>geniti</strong></span> <span class='ocrx_word' id='word_1_306' title='bbox 3356 1142 3568 1215; x_wconf 70' lang='lat' dir='ltr'><strong>Christi</strong></span> 
     </span>
    </p>
   </div>
   <div class='ocr_carea' id='block_1_40' title="bbox 1909 1224 3565 1301">
    <p class='ocr_par' dir='ltr' id='par_1_40' title="bbox 1909 1224 3565 1301">
     <span class='ocr_line' id='line_1_40' title="bbox 1909 1224 3565 1301; baseline 0.005 -23"><span class='ocrx_word' id='word_1_307' title='bbox 1909 1224 2207 1288; x_wconf 87' lang='lat' dir='ltr'><strong>nativitas,</strong></span> <span class='ocrx_word' id='word_1_308' title='bbox 2236 1224 2370 1280; x_wconf 89' lang='lat' dir='ltr'><strong>talis</strong></span> <span class='ocrx_word' id='word_1_309' title='bbox 2400 1229 2456 1281; x_wconf 90' lang='lat' dir='ltr'><strong>et</strong></span> <span class='ocrx_word' id='word_1_310' title='bbox 2499 1226 2774 1296; x_wconf 84' lang='lat' dir='ltr'><strong>ejusdem</strong></span> <span class='ocrx_word' id='word_1_311' title='bbox 2829 1228 2996 1299; x_wconf 89' lang='lat' dir='ltr'><strong>passi</strong></span> <span class='ocrx_word' id='word_1_312' title='bbox 3046 1229 3375 1301; x_wconf 88' lang='lat' dir='ltr'><strong>sepultura.</strong></span> <span class='ocrx_word' id='word_1_313' title='bbox 3420 1233 3565 1287; x_wconf 86' lang='lat' dir='ltr'><strong>Pro-</strong></span> 
     </span>
    </p>
   </div>
   <div class='ocr_carea' id='block_1_41' title="bbox 1908 1313 3562 1388">
    <p class='ocr_par' dir='ltr' id='par_1_41' title="bbox 1908 1313 3562 1388">
     <span class='ocr_line' id='line_1_41' title="bbox 1908 1313 3562 1388; baseline 0.005 -22"><span class='ocrx_word' id='word_1_314' title='bbox 1908 1315 2114 1383; x_wconf 88' lang='lat' dir='ltr'><strong>pterea</strong></span> <span class='ocrx_word' id='word_1_315' title='bbox 2143 1313 2547 1385; x_wconf 87' lang='lat' dir='ltr'><strong>principaliter</strong></span> <span class='ocrx_word' id='word_1_316' title='bbox 2598 1316 2771 1386; x_wconf 81' lang='lat' dir='ltr'><strong>juxta</strong></span> <span class='ocrx_word' id='word_1_317' title='bbox 2814 1320 3169 1388; x_wconf 64' lang='lat' dir='ltr'><strong>praesentem</strong></span> <span class='ocrx_word' id='word_1_318' title='bbox 3220 1322 3562 1387; x_wconf 88' lang='lat' dir='ltr'><strong>tractatum,</strong></span> 
     </span>
    </p>
   </div>
   <div class='ocr_carea' id='block_1_42' title="bbox 1909 1401 3563 1476">
    <p class='ocr_par' dir='ltr' id='par_1_42' title="bbox 1909 1401 3563 1476">
     <span class='ocr_line' id='line_1_42' title="bbox 1909 1401 3563 1476; baseline 0.004 -20"><span class='ocrx_word' id='word_1_319' title='bbox 1909 1415 2072 1457; x_wconf 91' lang='lat' dir='ltr'><strong>nunc</strong></span> <span class='ocrx_word' id='word_1_320' title='bbox 2096 1401 2289 1457; x_wconf 83' lang='lat' dir='ltr'><strong>ﬁdelis</strong></span> <span class='ocrx_word' id='word_1_321' title='bbox 2318 1404 2515 1458; x_wconf 88' lang='lat' dir='ltr'><strong>omnis</strong></span> <span class='ocrx_word' id='word_1_322' title='bbox 2555 1405 2702 1460; x_wconf 87' lang='lat' dir='ltr'><strong>scire</strong></span> <span class='ocrx_word' id='word_1_323' title='bbox 2729 1404 2909 1461; x_wconf 84' lang='lat' dir='ltr'><strong>debet</strong></span> <span class='ocrx_word' id='word_1_324' title='bbox 2953 1421 2989 1460; x_wconf 91' lang='lat' dir='ltr'><strong>a</strong></span> <span class='ocrx_word' id='word_1_325' title='bbox 3040 1405 3257 1461; x_wconf 66' lang='lat' dir='ltr'><strong>divina;</strong></span> <span class='ocrx_word' id='word_1_326' title='bbox 3312 1406 3563 1476; x_wconf 69' lang='lat' dir='ltr'><strong>liturgite</strong></span> 
     </span>
    </p>
   </div>
   <div class='ocr_carea' id='block_1_43' title="bbox 1909 1490 3563 1567">
    <p class='ocr_par' dir='ltr' id='par_1_43' title="bbox 1909 1490 3563 1567">
     <span class='ocr_line' id='line_1_43' title="bbox 1909 1490 3563 1567; baseline 0.005 -22"><span class='ocrx_word' id='word_1_327' title='bbox 1909 1490 2187 1547; x_wconf 90' lang='lat' dir='ltr'><strong>universo</strong></span> <span class='ocrx_word' id='word_1_328' title='bbox 2216 1492 2353 1557; x_wconf 89' lang='lat' dir='ltr'><strong>ritu,</strong></span> <span class='ocrx_word' id='word_1_329' title='bbox 2380 1492 2545 1548; x_wconf 89' lang='lat' dir='ltr'><strong>illam</strong></span> <span class='ocrx_word' id='word_1_330' title='bbox 2576 1494 2770 1565; x_wconf 91' lang='lat' dir='ltr'><strong>ipsam</strong></span> <span class='ocrx_word' id='word_1_331' title='bbox 2805 1498 2992 1550; x_wconf 92' lang='lat' dir='ltr'><strong>totam</strong></span> <span class='ocrx_word' id='word_1_332' title='bbox 3047 1494 3563 1567; x_wconf 87' lang='lat' dir='ltr'><strong>dispensationem</strong></span> 
     </span>
    </p>
   </div>
   <div class='ocr_carea' id='block_1_44' title="bbox 1909 1578 3560 1641">
    <p class='ocr_par' dir='ltr' id='par_1_44' title="bbox 1909 1578 3560 1641">
     <span class='ocr_line' id='line_1_44' title="bbox 1909 1578 3560 1641; baseline 0.005 -8"><span class='ocrx_word' id='word_1_333' title='bbox 1909 1578 2186 1635; x_wconf 89' lang='lat' dir='ltr'><strong>salutaris</strong></span> <span class='ocrx_word' id='word_1_334' title='bbox 2212 1580 2743 1637; x_wconf 87' lang='lat' dir='ltr'><strong>condescensionis</strong></span> <span class='ocrx_word' id='word_1_335' title='bbox 2792 1582 2917 1639; x_wconf 90' lang='lat' dir='ltr'><strong>veri</strong></span> <span class='ocrx_word' id='word_1_336' title='bbox 2961 1584 3063 1639; x_wconf 89' lang='lat' dir='ltr'><strong>Dei</strong></span> <span class='ocrx_word' id='word_1_337' title='bbox 3118 1599 3189 1639; x_wconf 90' lang='lat' dir='ltr'><strong>ac</strong></span> <span class='ocrx_word' id='word_1_338' title='bbox 3247 1584 3560 1641; x_wconf 87' lang='lat' dir='ltr'><strong>salvatoris</strong></span> 
     </span>
    </p>
   </div>
   <div class='ocr_carea' id='block_1_45' title="bbox 1908 1669 3562 1746">
    <p class='ocr_par' dir='ltr' id='par_1_45' title="bbox 1908 1669 3562 1746">
     <span class='ocr_line' id='line_1_45' title="bbox 1908 1669 3562 1746; baseline 0.005 -24"><span class='ocrx_word' id='word_1_339' title='bbox 1908 1670 2095 1723; x_wconf 89' lang='lat' dir='ltr'><strong>nostri</strong></span> <span class='ocrx_word' id='word_1_340' title='bbox 2121 1670 2260 1724; x_wconf 84' lang='lat' dir='ltr'><strong>Jesu</strong></span> <span class='ocrx_word' id='word_1_341' title='bbox 2287 1669 2516 1737; x_wconf 88' lang='lat' dir='ltr'><strong>Christi,</strong></span> <span class='ocrx_word' id='word_1_342' title='bbox 2562 1670 2649 1725; x_wconf 91' lang='lat' dir='ltr'><strong>uti</strong></span> <span class='ocrx_word' id='word_1_343' title='bbox 2705 1670 2929 1726; x_wconf 90' lang='lat' dir='ltr'><strong>dictum</strong></span> <span class='ocrx_word' id='word_1_344' title='bbox 2987 1675 3097 1739; x_wconf 86' lang='lat' dir='ltr'><strong>est,</strong></span> <span class='ocrx_word' id='word_1_345' title='bbox 3151 1687 3259 1744; x_wconf 90' lang='lat' dir='ltr'><strong>per</strong></span> <span class='ocrx_word' id='word_1_346' title='bbox 3307 1687 3381 1729; x_wconf 87' lang='lat' dir='ltr'><strong>ea</strong></span> <span class='ocrx_word' id='word_1_347' title='bbox 3425 1690 3562 1746; x_wconf 61' lang='lat' dir='ltr'><strong>quas</strong></span> 
     </span>
    </p>
   </div>
   <div class='ocr_carea' id='block_1_46' title="bbox 1825 1744 3556 1832">
    <p class='ocr_par' dir='ltr' id='par_1_46' title="bbox 1825 1744 3556 1832">
     <span class='ocr_line' id='line_1_46' title="bbox 1825 1744 3556 1832; baseline 0.006 -23"><span class='ocrx_word' id='word_1_348' title='bbox 1825 1744 1869 1801; x_wconf 80' lang='grc' dir='ltr'><strong>Β</strong></span> <span class='ocrx_word' id='word_1_349' title='bbox 1906 1753 2058 1812; x_wconf 88' lang='lat' dir='ltr'><strong>ﬁunt</strong></span> <span class='ocrx_word' id='word_1_350' title='bbox 2076 1757 2137 1812; x_wconf 91' lang='lat' dir='ltr'><strong>in</strong></span> <span class='ocrx_word' id='word_1_351' title='bbox 2161 1758 2375 1813; x_wconf 91' lang='lat' dir='ltr'><strong>eodem</strong></span> <span class='ocrx_word' id='word_1_352' title='bbox 2405 1758 2522 1814; x_wconf 88' lang='lat' dir='ltr'><strong>ritu</strong></span> <span class='ocrx_word' id='word_1_353' title='bbox 2550 1759 2853 1831; x_wconf 88' lang='lat' dir='ltr'><strong>mysteria,</strong></span> <span class='ocrx_word' id='word_1_354' title='bbox 2883 1761 3216 1832; x_wconf 87' lang='lat' dir='ltr'><strong>symbolice</strong></span> <span class='ocrx_word' id='word_1_355' title='bbox 3276 1744 3514 1818; x_wconf 79' lang='lat' dir='ltr'><strong>ostendi</strong></span> <span class='ocrx_word' id='word_1_356' title='bbox 3544 1782 3556 1829; x_wconf 89' lang='lat'><strong>;</strong></span> 
     </span>
    </p>
   </div>
   <div class='ocr_carea' id='block_1_47' title="bbox 1904 1846 3562 1923">
    <p class='ocr_par' dir='ltr' id='par_1_47' title="bbox 1904 1846 3562 1923">
     <span class='ocr_line' id='line_1_47' title="bbox 1904 1846 3562 1923; baseline 0.004 -23"><span class='ocrx_word' id='word_1_357' title='bbox 1904 1860 2258 1918; x_wconf 88' lang='lat' dir='ltr'><strong>quanquam</strong></span> <span class='ocrx_word' id='word_1_358' title='bbox 2289 1846 2527 1904; x_wconf 81' lang='lat' dir='ltr'><strong>diﬂlcile</strong></span> <span class='ocrx_word' id='word_1_359' title='bbox 2549 1851 2655 1916; x_wconf 92' lang='lat' dir='ltr'><strong>est,</strong></span> <span class='ocrx_word' id='word_1_360' title='bbox 2678 1849 2836 1905; x_wconf 90' lang='lat' dir='ltr'><strong>circa</strong></span> <span class='ocrx_word' id='word_1_361' title='bbox 2849 1848 3089 1921; x_wconf 90' lang='lat' dir='ltr'><strong>singula</strong></span> <span class='ocrx_word' id='word_1_362' title='bbox 3112 1866 3249 1923; x_wconf 82' lang='lat' dir='ltr'><strong>quae</strong></span> <span class='ocrx_word' id='word_1_363' title='bbox 3275 1851 3562 1908; x_wconf 87' lang='lat' dir='ltr'><strong>Dominus</strong></span> 
     </span>
    </p>
   </div>
   <div class='ocr_carea' id='block_1_48' title="bbox 1905 1936 3561 2009">
    <p class='ocr_par' dir='ltr' id='par_1_48' title="bbox 1905 1936 3561 2009">
     <span class='ocr_line' id='line_1_48' title="bbox 1905 1936 3561 2009; baseline 0.004 -18"><span class='ocrx_word' id='word_1_364' title='bbox 1905 1936 2041 2007; x_wconf 83' lang='lat' dir='ltr'><strong>egit,</strong></span> <span class='ocrx_word' id='word_1_365' title='bbox 2071 1937 2159 1993; x_wconf 88' lang='lat' dir='ltr'><strong>vel</strong></span> <span class='ocrx_word' id='word_1_366' title='bbox 2187 1937 2375 1993; x_wconf 60' lang='lat' dir='ltr'><strong>Judaei</strong></span> <span class='ocrx_word' id='word_1_367' title='bbox 2405 1943 2616 1995; x_wconf 89' lang='lat' dir='ltr'><strong>contra</strong></span> <span class='ocrx_word' id='word_1_368' title='bbox 2645 1955 2782 1994; x_wconf 89' lang='lat' dir='ltr'><strong>eum</strong></span> <span class='ocrx_word' id='word_1_369' title='bbox 2805 1946 3139 2009; x_wconf 90' lang='lat' dir='ltr'><strong>gesserunt,</strong></span> <span class='ocrx_word' id='word_1_370' title='bbox 3162 1955 3350 1997; x_wconf 91' lang='lat' dir='ltr'><strong>unum</strong></span> <span class='ocrx_word' id='word_1_371' title='bbox 3395 1957 3561 1998; x_wconf 90' lang='lat' dir='ltr'><strong>eum-</strong></span> 
     </span>
    </p>
   </div>
   <div class='ocr_carea' id='block_1_49' title="bbox 1904 2025 3559 2101">
    <p class='ocr_par' dir='ltr' id='par_1_49' title="bbox 1904 2025 3559 2101">
     <span class='ocr_line' id='line_1_49' title="bbox 1904 2025 3559 2101; baseline 0.004 -21"><span class='ocrx_word' id='word_1_372' title='bbox 1904 2025 2165 2099; x_wconf 90' lang='lat' dir='ltr'><strong>demque</strong></span> <span class='ocrx_word' id='word_1_373' title='bbox 2196 2031 2465 2099; x_wconf 86' lang='lat' dir='ltr'><strong>spectare</strong></span> <span class='ocrx_word' id='word_1_374' title='bbox 2494 2028 2555 2084; x_wconf 91' lang='lat' dir='ltr'><strong>in</strong></span> <span class='ocrx_word' id='word_1_375' title='bbox 2578 2028 2870 2100; x_wconf 88' lang='lat' dir='ltr'><strong>symbolis</strong></span> <span class='ocrx_word' id='word_1_376' title='bbox 2900 2034 3123 2086; x_wconf 91' lang='lat' dir='ltr'><strong>actum.</strong></span> <span class='ocrx_word' id='word_1_377' title='bbox 3175 2029 3348 2101; x_wconf 64' lang='lat' dir='ltr'><strong>Saepe</strong></span> <span class='ocrx_word' id='word_1_378' title='bbox 3399 2030 3559 2086; x_wconf 85' lang='lat' dir='ltr'><strong>enim</strong></span> 
     </span>
    </p>
   </div>
   <div class='ocr_carea' id='block_1_50' title="bbox 1905 2114 3557 2189">
    <p class='ocr_par' dir='ltr' id='par_1_50' title="bbox 1905 2114 3557 2189">
     <span class='ocr_line' id='line_1_50' title="bbox 1905 2114 3557 2189; baseline 0.003 -20"><span class='ocrx_word' id='word_1_379' title='bbox 1905 2129 2096 2170; x_wconf 91' lang='lat' dir='ltr'><strong>unum</strong></span> <span class='ocrx_word' id='word_1_380' title='bbox 2128 2114 2353 2187; x_wconf 88' lang='lat' dir='ltr'><strong>aliquid</strong></span> <span class='ocrx_word' id='word_1_381' title='bbox 2373 2116 2435 2171; x_wconf 92' lang='lat' dir='ltr'><strong>in</strong></span> <span class='ocrx_word' id='word_1_382' title='bbox 2464 2116 2673 2172; x_wconf 89' lang='lat' dir='ltr'><strong>divina</strong></span> <span class='ocrx_word' id='word_1_383' title='bbox 2714 2132 2876 2174; x_wconf 91' lang='lat' dir='ltr'><strong>nunc</strong></span> <span class='ocrx_word' id='word_1_384' title='bbox 2930 2117 3171 2189; x_wconf 86' lang='lat' dir='ltr'><strong>liturgia</strong></span> <span class='ocrx_word' id='word_1_385' title='bbox 3221 2121 3557 2187; x_wconf 81' lang='lat' dir='ltr'><strong>operatum,</strong></span> 
     </span>
    </p>
   </div>
   <div class='ocr_carea' id='block_1_51' title="bbox 1903 2203 3559 2280">
    <p class='ocr_par' dir='ltr' id='par_1_51' title="bbox 1903 2203 3559 2280">
     <span class='ocr_line' id='line_1_51' title="bbox 1903 2203 3559 2280; baseline 0.003 -21"><span class='ocrx_word' id='word_1_386' title='bbox 1903 2203 1978 2259; x_wconf 90' lang='lat' dir='ltr'><strong>de</strong></span> <span class='ocrx_word' id='word_1_387' title='bbox 2002 2204 2244 2261; x_wconf 90' lang='lat' dir='ltr'><strong>duobus</strong></span> <span class='ocrx_word' id='word_1_388' title='bbox 2270 2204 2361 2261; x_wconf 91' lang='lat' dir='ltr'><strong>vel</strong></span> <span class='ocrx_word' id='word_1_389' title='bbox 2393 2205 2580 2261; x_wconf 87' lang='lat' dir='ltr'><strong>tribus</strong></span> <span class='ocrx_word' id='word_1_390' title='bbox 2605 2211 2745 2262; x_wconf 92' lang='lat' dir='ltr'><strong>tunc</strong></span> <span class='ocrx_word' id='word_1_391' title='bbox 2776 2208 3061 2280; x_wconf 87' lang='lat' dir='ltr'><strong>temporis</strong></span> <span class='ocrx_word' id='word_1_392' title='bbox 3101 2206 3338 2263; x_wconf 87' lang='lat' dir='ltr'><strong>actibus</strong></span> <span class='ocrx_word' id='word_1_393' title='bbox 3384 2207 3559 2264; x_wconf 86' lang='lat' dir='ltr'><strong>intel—</strong></span> 
     </span>
    </p>
   </div>
   <div class='ocr_carea' id='block_1_52' title="bbox 1902 2291 3555 2370">
    <p class='ocr_par' dir='ltr' id='par_1_52' title="bbox 1902 2291 3555 2370">
     <span class='ocr_line' id='line_1_52' title="bbox 1902 2291 3555 2370; baseline 0.003 -22"><span class='ocrx_word' id='word_1_394' title='bbox 1902 2291 2122 2363; x_wconf 88' lang='lat' dir='ltr'><strong>ligitur,</strong></span> <span class='ocrx_word' id='word_1_395' title='bbox 2155 2294 2233 2349; x_wconf 91' lang='lat' dir='ltr'><strong>ad</strong></span> <span class='ocrx_word' id='word_1_396' title='bbox 2274 2309 2499 2367; x_wconf 89' lang='lat' dir='ltr'><strong>eosque</strong></span> <span class='ocrx_word' id='word_1_397' title='bbox 2528 2294 2798 2366; x_wconf 84' lang='lat' dir='ltr'><strong>refertur,</strong></span> <span class='ocrx_word' id='word_1_398' title='bbox 2853 2296 3008 2352; x_wconf 90' lang='lat' dir='ltr'><strong>sicut</strong></span> <span class='ocrx_word' id='word_1_399' title='bbox 3058 2297 3120 2352; x_wconf 94' lang='lat' dir='ltr'><strong>in</strong></span> <span class='ocrx_word' id='word_1_400' title='bbox 3170 2296 3555 2370; x_wconf 86' lang='lat' dir='ltr'><strong>sequentibus</strong></span> 
     </span>
    </p>
   </div>
   <div class='ocr_carea' id='block_1_53' title="bbox 1901 2380 2262 2441">
    <p class='ocr_par' dir='ltr' id='par_1_53' title="bbox 1901 2380 2262 2441">
     <span class='ocr_line' id='line_1_53' title="bbox 1901 2380 2262 2441; baseline 0.011 -4"><span class='ocrx_word' id='word_1_401' title='bbox 1901 2380 2003 2438; x_wconf 86' lang='lat' dir='ltr'><strong>ﬁet</strong></span> <span class='ocrx_word' id='word_1_402' title='bbox 2022 2382 2262 2441; x_wconf 88' lang='lat' dir='ltr'><strong>clarius.</strong></span> 
     </span>
    </p>
   </div>
   <div class='ocr_carea' id='block_1_54' title="bbox 1973 2563 3552 2641">
    <p class='ocr_par' dir='ltr' id='par_1_54' title="bbox 1973 2563 3552 2641">
     <span class='ocr_line' id='line_1_54' title="bbox 1973 2563 3552 2641; baseline 0.004 -22"><span class='ocrx_word' id='word_1_403' title='bbox 1973 2567 2027 2619; x_wconf 79' lang='grc'><strong>4.</strong></span> <span class='ocrx_word' id='word_1_404' title='bbox 2062 2566 2207 2620; x_wconf 86' lang='lat' dir='ltr'><strong>Ecce</strong></span> <span class='ocrx_word' id='word_1_405' title='bbox 2227 2566 2390 2620; x_wconf 88' lang='lat' dir='ltr'><strong>enim</strong></span> <span class='ocrx_word' id='word_1_406' title='bbox 2411 2563 2615 2622; x_wconf 89' lang='lat' dir='ltr'><strong>divina</strong></span> <span class='ocrx_word' id='word_1_407' title='bbox 2641 2569 2698 2621; x_wconf 90' lang='lat' dir='ltr'><strong>et</strong></span> <span class='ocrx_word' id='word_1_408' title='bbox 2721 2579 2885 2621; x_wconf 79' lang='lat' dir='ltr'><strong>sacra</strong></span> <span class='ocrx_word' id='word_1_409' title='bbox 2913 2581 3126 2625; x_wconf 85' lang='lat' dir='ltr'><strong>mensa</strong></span> <span class='ocrx_word' id='word_1_410' title='bbox 3153 2571 3211 2625; x_wconf 92' lang='lat' dir='ltr'><strong>et</strong></span> <span class='ocrx_word' id='word_1_411' title='bbox 3229 2584 3339 2641; x_wconf 88' lang='lat' dir='ltr'><strong>pro</strong></span> <span class='ocrx_word' id='word_1_412' title='bbox 3365 2571 3552 2626; x_wconf 90' lang='lat' dir='ltr'><strong>strato</strong></span> 
     </span>
    </p>
   </div>
   <div class='ocr_carea' id='block_1_55' title="bbox 1899 2652 3556 2727">
    <p class='ocr_par' dir='ltr' id='par_1_55' title="bbox 1899 2652 3556 2727">
     <span class='ocr_line' id='line_1_55' title="bbox 1899 2652 3556 2727; baseline 0.001 -18"><span class='ocrx_word' id='word_1_413' title='bbox 1899 2652 2212 2710; x_wconf 67' lang='lat' dir='ltr'><strong>caenaculo</strong></span> <span class='ocrx_word' id='word_1_414' title='bbox 2233 2653 2539 2724; x_wconf 88' lang='lat' dir='ltr'><strong>accipitur,</strong></span> <span class='ocrx_word' id='word_1_415' title='bbox 2572 2659 2629 2709; x_wconf 89' lang='lat' dir='ltr'><strong>et</strong></span> <span class='ocrx_word' id='word_1_416' title='bbox 2654 2668 2921 2726; x_wconf 69' lang='lat' dir='ltr'><strong>praesepe</strong></span> <span class='ocrx_word' id='word_1_417' title='bbox 2941 2655 3294 2727; x_wconf 87' lang='lat' dir='ltr'><strong>appellatur,</strong></span> <span class='ocrx_word' id='word_1_418' title='bbox 3346 2661 3401 2713; x_wconf 89' lang='lat' dir='ltr'><strong>et</strong></span> <span class='ocrx_word' id='word_1_419' title='bbox 3468 2671 3556 2711; x_wconf 86' lang='lat' dir='ltr'><strong>se-</strong></span> 
     </span>
    </p>
   </div>
   <div class='ocr_carea' id='block_1_56' title="bbox 1898 2741 3556 2814">
    <p class='ocr_par' dir='ltr' id='par_1_56' title="bbox 1898 2741 3556 2814">
     <span class='ocr_line' id='line_1_56' title="bbox 1898 2741 3556 2814; baseline 0.003 -18"><span class='ocrx_word' id='word_1_420' title='bbox 1898 2741 2175 2814; x_wconf 89' lang='lat' dir='ltr'><strong>pulcrum</strong></span> <span class='ocrx_word' id='word_1_421' title='bbox 2201 2756 2445 2814; x_wconf 89' lang='lat' dir='ltr'><strong>quoque</strong></span> <span class='ocrx_word' id='word_1_422' title='bbox 2476 2741 2688 2797; x_wconf 90' lang='lat' dir='ltr'><strong>Christi</strong></span> <span class='ocrx_word' id='word_1_423' title='bbox 2730 2742 2838 2811; x_wconf 37' lang='lat' dir='ltr'><strong>.Dei</strong></span> <span class='ocrx_word' id='word_1_424' title='bbox 2888 2743 3073 2799; x_wconf 84' lang='lat' dir='ltr'><strong>nostri</strong></span> <span class='ocrx_word' id='word_1_425' title='bbox 3125 2746 3434 2802; x_wconf 87' lang='lat' dir='ltr'><strong>vocitatur.</strong></span> <span class='ocrx_word' id='word_1_426' title='bbox 3492 2747 3556 2801; x_wconf 88' lang='lat' dir='ltr'><strong>Et</strong></span> 
     </span>
    </p>
   </div>
   <div class='ocr_carea' id='block_1_57' title="bbox 1896 2830 3557 2905">
    <p class='ocr_par' dir='ltr' id='par_1_57' title="bbox 1896 2830 3557 2905">
     <span class='ocr_line' id='line_1_57' title="bbox 1896 2830 3557 2905; baseline 0.002 -18"><span class='ocrx_word' id='word_1_427' title='bbox 1896 2839 2099 2893; x_wconf 81' lang='lat' dir='ltr'><strong>tamen</strong></span> <span class='ocrx_word' id='word_1_428' title='bbox 2152 2830 2282 2886; x_wconf 67' lang='lat' dir='ltr'><strong>haec</strong></span> <span class='ocrx_word' id='word_1_429' title='bbox 2335 2830 2431 2903; x_wconf 91' lang='lat' dir='ltr'><strong>pie</strong></span> <span class='ocrx_word' id='word_1_430' title='bbox 2482 2832 2740 2900; x_wconf 89' lang='lat' dir='ltr'><strong>cogitata</strong></span> <span class='ocrx_word' id='word_1_431' title='bbox 2794 2835 2852 2887; x_wconf 90' lang='lat' dir='ltr'><strong>et</strong></span> <span class='ocrx_word' id='word_1_432' title='bbox 2894 2836 3160 2905; x_wconf 91' lang='lat' dir='ltr'><strong>accepta,</strong></span> <span class='ocrx_word' id='word_1_433' title='bbox 3217 2833 3557 2890; x_wconf 89' lang='lat' dir='ltr'><strong>nullatenus</strong></span> 
     </span>
    </p>
   </div>
   <div class='ocr_carea' id='block_1_58' title="bbox 1894 2918 3558 2993">
    <p class='ocr_par' dir='ltr' id='par_1_58' title="bbox 1894 2918 3558 2993">
     <span class='ocr_line' id='line_1_58' title="bbox 1894 2918 3558 2993; baseline 0.002 -19"><span class='ocrx_word' id='word_1_434' title='bbox 1894 2923 2078 2983; x_wconf 62' lang='lat' dir='ltr'><strong>rectae</strong></span> <span class='ocrx_word' id='word_1_435' title='bbox 2099 2919 2402 2989; x_wconf 89' lang='lat' dir='ltr'><strong>religionis</strong></span> <span class='ocrx_word' id='word_1_436' title='bbox 2427 2919 2760 2975; x_wconf 89' lang='lat' dir='ltr'><strong>doctrinam</strong></span> <span class='ocrx_word' id='word_1_437' title='bbox 2787 2918 3033 2991; x_wconf 59' lang='lat' dir='ltr'><strong>laedunt,</strong></span> <span class='ocrx_word' id='word_1_438' title='bbox 3055 2925 3198 2977; x_wconf 91' lang='lat' dir='ltr'><strong>tunc</strong></span> <span class='ocrx_word' id='word_1_439' title='bbox 3227 2922 3558 2993; x_wconf 80' lang='lat' dir='ltr'><strong>praesertim</strong></span> 
     </span>
    </p>
   </div>
   <div class='ocr_carea' id='block_1_59' title="bbox 187 3008 1803 3083">
    <p class='ocr_par' dir='ltr' id='par_1_59' title="bbox 187 3008 1803 3083">
     <span class='ocr_line' id='line_1_59' title="bbox 187 3008 1803 3083; baseline 0 -21"><span class='ocrx_word' id='word_1_440' title='bbox 187 3009 463 3069; x_wconf 65' lang='grc' dir='ltr'>εὐσεϐείας</span> <span class='ocrx_word' id='word_1_441' title='bbox 508 3009 830 3082; x_wconf 87' lang='grc' dir='ltr'>λυμαίνεται,</span> <span class='ocrx_word' id='word_1_442' title='bbox 899 3014 989 3061; x_wconf 74' lang='grc' dir='ltr'>καὶ</span> <span class='ocrx_word' id='word_1_443' title='bbox 1031 3008 1221 3081; x_wconf 80' lang='grc' dir='ltr'>μᾶλλον</span> <span class='ocrx_word' id='word_1_444' title='bbox 1277 3009 1448 3061; x_wconf 85' lang='grc' dir='ltr'>ὅτανό</span> <span class='ocrx_word' id='word_1_445' title='bbox 1476 3014 1803 3083; x_wconf 84' lang='grc' dir='ltr'>προκείμενος</span> 
     </span>
    </p>
   </div>
   <div class='ocr_carea' id='block_1_60' title="bbox 1918 3008 3562 3083">
    <p class='ocr_par' dir='ltr' id='par_1_60' title="bbox 1918 3008 3562 3082">
     <span class='ocr_line' id='line_1_60' title="bbox 1918 3008 3562 3082; baseline 0.001 -18"><span class='ocrx_word' id='word_1_446' title='bbox 1918 3023 2056 3065; x_wconf 92' lang='lat' dir='ltr'><strong>cum</strong></span> <span class='ocrx_word' id='word_1_447' title='bbox 2085 3008 2431 3080; x_wconf 89' lang='lat' dir='ltr'><strong>propositus</strong></span> <span class='ocrx_word' id='word_1_448' title='bbox 2452 3023 2651 3066; x_wconf 90' lang='lat' dir='ltr'><strong>sermo</strong></span> <span class='ocrx_word' id='word_1_449' title='bbox 2679 3009 2963 3081; x_wconf 88' lang='lat' dir='ltr'><strong>temporis</strong></span> <span class='ocrx_word' id='word_1_450' title='bbox 2988 3010 3229 3082; x_wconf 89' lang='lat' dir='ltr'><strong>propria</strong></span> <span class='ocrx_word' id='word_1_451' title='bbox 3250 3015 3303 3066; x_wconf 89' lang='lat' dir='ltr'><strong>et</strong></span> <span class='ocrx_word' id='word_1_452' title='bbox 3324 3025 3562 3066; x_wconf 91' lang='lat' dir='ltr'><strong>accom-</strong></span> 
     </span>
    </p>
   </div>
   <div class='ocr_carea' id='block_1_61' title="bbox 196 3097 1806 3172">
    <p class='ocr_par' dir='ltr' id='par_1_61' title="bbox 196 3097 1806 3172">
     <span class='ocr_line' id='line_1_61' title="bbox 196 3097 1806 3172; baseline -0.002 -21"><span class='ocrx_word' id='word_1_453' title='bbox 196 3098 356 3159; x_wconf 79' lang='grc' dir='ltr'>λόθος</span> <span class='ocrx_word' id='word_1_454' title='bbox 422 3097 575 3158; x_wconf 72' lang='grc' dir='ltr'>ζητεῖ</span> <span class='ocrx_word' id='word_1_455' title='bbox 626 3101 685 3150; x_wconf 85' lang='grc' dir='ltr'>τὸ</span> <span class='ocrx_word' id='word_1_456' title='bbox 735 3100 921 3150; x_wconf 79' lang='grc' dir='ltr'>οἰκεῖον</span> <span class='ocrx_word' id='word_1_457' title='bbox 975 3102 1066 3150; x_wconf 85' lang='grc' dir='ltr'>καὶ</span> <span class='ocrx_word' id='word_1_458' title='bbox 1130 3100 1426 3172; x_wconf 79' lang='grc' dir='ltr'>πρόσφορον</span> <span class='ocrx_word' id='word_1_459' title='bbox 1489 3105 1559 3167; x_wconf 84' lang='grc' dir='ltr'>τῷ</span> <span class='ocrx_word' id='word_1_460' title='bbox 1620 3105 1806 3168; x_wconf 82' lang='grc' dir='ltr'>καιρῷ-</span> 
     </span>
    </p>
   </div>
   <div class='ocr_carea' id='block_1_62' title="bbox 194 3183 1813 3257">
    <p class='ocr_par' dir='ltr' id='par_1_62' title="bbox 194 3183 1813 3257">
     <span class='ocr_line' id='line_1_62' title="bbox 194 3183 1813 3257; baseline -0.001 -18"><span class='ocrx_word' id='word_1_461' title='bbox 194 3193 289 3241; x_wconf 79' lang='grc' dir='ltr'><strong>καὶ</strong></span> <span class='ocrx_word' id='word_1_462' title='bbox 334 3190 403 3239; x_wconf 76' lang='grc' dir='ltr'>τὰ</span> <span class='ocrx_word' id='word_1_463' title='bbox 450 3186 583 3239; x_wconf 78' lang='grc' dir='ltr'>ἄλλα</span> <span class='ocrx_word' id='word_1_464' title='bbox 635 3183 695 3240; x_wconf 76' lang='grc' dir='ltr'><strong>δὲ</strong></span> <span class='ocrx_word' id='word_1_465' title='bbox 743 3188 955 3252; x_wconf 84' lang='grc' dir='ltr'>ὁμοίως·</span> <span class='ocrx_word' id='word_1_466' title='bbox 995 3194 1136 3240; x_wconf 87' lang='grc' dir='ltr'>Ωστε</span> <span class='ocrx_word' id='word_1_467' title='bbox 1176 3190 1219 3240; x_wconf 81' lang='grc' dir='ltr'>εἰ</span> <span class='ocrx_word' id='word_1_468' title='bbox 1261 3205 1340 3250; x_wconf 92' lang='grc' dir='ltr'><strong>τις</strong></span> <span class='ocrx_word' id='word_1_469' title='bbox 1369 3204 1468 3239; x_wconf 87' lang='grc' dir='ltr'><strong>των</strong></span> <span class='ocrx_word' id='word_1_470' title='bbox 1498 3186 1546 3239; x_wconf 74' lang='grc' dir='ltr'>ἐν</span> <span class='ocrx_word' id='word_1_471' title='bbox 1584 3194 1658 3257; x_wconf 83' lang='grc' dir='ltr'>τῷ</span> <span class='ocrx_word' id='word_1_472' title='bbox 1682 3186 1813 3251; x_wconf 77' lang='grc' dir='ltr'>τίλει</span> 
     </span>
    </p>
   </div>
   <div class='ocr_carea' id='block_1_63' title="bbox 190 3274 1812 3351">
    <p class='ocr_par' dir='ltr' id='par_1_63' title="bbox 190 3274 1812 3351">
     <span class='ocr_line' id='line_1_63' title="bbox 190 3274 1812 3351; baseline -0.002 -20"><span class='ocrx_word' id='word_1_473' title='bbox 190 3274 341 3347; x_wconf 83' lang='grc' dir='ltr'><strong>τῷδε</strong></span> <span class='ocrx_word' id='word_1_474' title='bbox 390 3278 723 3349; x_wconf 84' lang='grc' dir='ltr'>συντάγματι</span> <span class='ocrx_word' id='word_1_475' title='bbox 780 3276 1132 3349; x_wconf 76' lang='grc' dir='ltr'>ἐντυγχάνων,</span> <span class='ocrx_word' id='word_1_476' title='bbox 1182 3278 1392 3351; x_wconf 78' lang='grc' dir='ltr'>εὑρήσει</span> <span class='ocrx_word' id='word_1_477' title='bbox 1443 3279 1560 3330; x_wconf 83' lang='grc' dir='ltr'>τινὰ</span> <span class='ocrx_word' id='word_1_478' title='bbox 1628 3276 1812 3350; x_wconf 78' lang='grc' dir='ltr'>ἑτέρως</span> 
     </span>
    </p>
   </div>
   <div class='ocr_carea' id='block_1_64' title="bbox 201 3366 1808 3439">
    <p class='ocr_par' dir='ltr' id='par_1_64' title="bbox 201 3366 1808 3439">
     <span class='ocr_line' id='line_1_64' title="bbox 201 3366 1808 3439; baseline -0.001 -21"><span class='ocrx_word' id='word_1_479' title='bbox 201 3366 558 3439; x_wconf 81' lang='grc' dir='ltr'>ὀνομασθέντα</span> <span class='ocrx_word' id='word_1_480' title='bbox 612 3367 756 3437; x_wconf 87' lang='grc' dir='ltr'>παρά</span> <span class='ocrx_word' id='word_1_481' title='bbox 800 3385 953 3428; x_wconf 89' lang='grc' dir='ltr'>τινος,</span> <span class='ocrx_word' id='word_1_482' title='bbox 998 3371 1089 3419; x_wconf 82' lang='grc' dir='ltr'>καὶ</span> <span class='ocrx_word' id='word_1_483' title='bbox 1135 3366 1194 3418; x_wconf 77' lang='grc' dir='ltr'>οὐ</span> <span class='ocrx_word' id='word_1_484' title='bbox 1238 3385 1334 3418; x_wconf 89' lang='grc' dir='ltr'><strong>καν</strong></span> <span class='ocrx_word' id='word_1_485' title='bbox 1382 3368 1508 3424; x_wconf 76' lang='grc' dir='ltr'><strong>τήνὰ</strong></span> <span class='ocrx_word' id='word_1_486' title='bbox 1557 3369 1808 3439; x_wconf 71' lang='grc' dir='ltr'>ἡμετέραν</span> 
     </span>
    </p>
   </div>
   <div class='ocr_carea' id='block_1_65' title="bbox 196 3450 1806 3528">
    <p class='ocr_par' dir='ltr' id='par_1_65' title="bbox 196 3450 1806 3528">
     <span class='ocr_line' id='line_1_65' title="bbox 196 3450 1806 3528; baseline 0 -22"><span class='ocrx_word' id='word_1_487' title='bbox 196 3454 478 3525; x_wconf 73' lang='grc' dir='ltr'>ὶξήγησιν·</span> <span class='ocrx_word' id='word_1_488' title='bbox 533 3450 797 3527; x_wconf 84' lang='grc' dir='ltr'>μηδαμῶς</span> <span class='ocrx_word' id='word_1_489' title='bbox 841 3454 1135 3525; x_wconf 79' lang='grc' dir='ltr'>ξενιζίσθω,</span> <span class='ocrx_word' id='word_1_490' title='bbox 1193 3459 1347 3526; x_wconf 91' lang='grc' dir='ltr'>μόνον</span> <span class='ocrx_word' id='word_1_491' title='bbox 1397 3454 1442 3506; x_wconf 70' lang='lat' dir='ltr'><strong>ii</strong></span> <span class='ocrx_word' id='word_1_492' title='bbox 1490 3457 1617 3528; x_wconf 84' lang='grc' dir='ltr'>πρὸς</span> <span class='ocrx_word' id='word_1_493' title='bbox 1664 3457 1806 3506; x_wconf 76' lang='grc' dir='ltr'>εὐσεο</span> 
     </span>
    </p>
   </div>
   <div class='ocr_carea' id='block_1_66' title="bbox 198 3542 1808 3619">
    <p class='ocr_par' dir='ltr' id='par_1_66' title="bbox 198 3542 1808 3619">
     <span class='ocr_line' id='line_1_66' title="bbox 198 3542 1808 3619; baseline 0.001 -25"><span class='ocrx_word' id='word_1_494' title='bbox 198 3542 345 3604; x_wconf 76' lang='grc' dir='ltr'>ϐείας</span> <span class='ocrx_word' id='word_1_495' title='bbox 383 3544 535 3613; x_wconf 81' lang='grc' dir='ltr'>λόγον</span> <span class='ocrx_word' id='word_1_496' title='bbox 573 3548 664 3595; x_wconf 82' lang='grc' dir='ltr'>καὶ</span> <span class='ocrx_word' id='word_1_497' title='bbox 700 3552 865 3596; x_wconf 83' lang='grc' dir='ltr'>ταῦτα</span> <span class='ocrx_word' id='word_1_498' title='bbox 906 3545 1021 3619; x_wconf 79' lang='grc' dir='ltr'><strong>ὁρᾷ·</strong></span> <span class='ocrx_word' id='word_1_499' title='bbox 1067 3542 1233 3596; x_wconf 81' lang='grc' dir='ltr'>πολλὰ</span> <span class='ocrx_word' id='word_1_500' title='bbox 1276 3546 1378 3616; x_wconf 81' lang='grc' dir='ltr'>γὰρ</span> <span class='ocrx_word' id='word_1_501' title='bbox 1424 3548 1514 3595; x_wconf 83' lang='grc' dir='ltr'>καὶ</span> <span class='ocrx_word' id='word_1_502' title='bbox 1557 3551 1650 3595; x_wconf 85' lang='grc' dir='ltr'><strong>τοῦ</strong></span> <span class='ocrx_word' id='word_1_503' title='bbox 1692 3547 1808 3595; x_wconf 88' lang='grc' dir='ltr'>τότε</span> 
     </span>
    </p>
   </div>
   <div class='ocr_carea' id='block_1_67' title="bbox 192 3634 1812 3707">
    <p class='ocr_par' dir='ltr' id='par_1_67' title="bbox 192 3634 1812 3707">
     <span class='ocr_line' id='line_1_67' title="bbox 192 3634 1812 3707; baseline -0.001 -23"><span class='ocrx_word' id='word_1_504' title='bbox 192 3641 388 3707; x_wconf 83' lang='grc' dir='ltr'>καιροῦ</span> <span class='ocrx_word' id='word_1_505' title='bbox 435 3636 501 3685; x_wconf 78' lang='grc' dir='ltr'>τὰ</span> <span class='ocrx_word' id='word_1_506' title='bbox 550 3635 841 3705; x_wconf 88' lang='grc' dir='ltr'>θαυμάσια·</span> <span class='ocrx_word' id='word_1_507' title='bbox 885 3638 977 3685; x_wconf 79' lang='grc' dir='ltr'>καὶ</span> <span class='ocrx_word' id='word_1_508' title='bbox 1028 3637 1154 3696; x_wconf 81' lang='grc' dir='ltr'>ἴσως</span> <span class='ocrx_word' id='word_1_509' title='bbox 1197 3640 1303 3695; x_wconf 89' lang='grc' dir='ltr'>τοῖς</span> <span class='ocrx_word' id='word_1_510' title='bbox 1355 3636 1506 3705; x_wconf 81' lang='grc' dir='ltr'>ἱεροῖς</span> <span class='ocrx_word' id='word_1_511' title='bbox 1537 3638 1626 3685; x_wconf 81' lang='grc' dir='ltr'>καὶ</span> <span class='ocrx_word' id='word_1_512' title='bbox 1658 3634 1812 3707; x_wconf 77' lang='grc' dir='ltr'>θείοις</span> 
     </span>
    </p>
   </div>
   <div class='ocr_carea' id='block_1_68' title="bbox 195 3720 1805 3795">
    <p class='ocr_par' dir='ltr' id='par_1_68' title="bbox 195 3720 1805 3795">
     <span class='ocr_line' id='line_1_68' title="bbox 195 3720 1805 3795; baseline -0.001 -22"><span class='ocrx_word' id='word_1_513' title='bbox 195 3720 534 3784; x_wconf 75' lang='grc' dir='ltr'>ἀποστόλοις.</span> <span class='ocrx_word' id='word_1_514' title='bbox 611 3727 702 3775; x_wconf 73' lang='grc' dir='ltr'>καὶ</span> <span class='ocrx_word' id='word_1_515' title='bbox 777 3722 954 3785; x_wconf 74' lang='grc' dir='ltr'>αὐτοῖς</span> <span class='ocrx_word' id='word_1_516' title='bbox 1024 3728 1131 3783; x_wconf 86' lang='grc' dir='ltr'>τοῖς</span> <span class='ocrx_word' id='word_1_517' title='bbox 1207 3724 1469 3794; x_wconf 71' lang='grc' dir='ltr'>θεοφόροις</span> <span class='ocrx_word' id='word_1_518' title='bbox 1537 3722 1805 3795; x_wconf 87' lang='grc' dir='ltr'>Πατράσιν</span> 
     </span>
    </p>
   </div>
   <div class='ocr_carea' id='block_1_69' title="bbox 193 3807 1807 3884">
    <p class='ocr_par' dir='ltr' id='par_1_69' title="bbox 193 3807 1807 3884">
     <span class='ocr_line' id='line_1_69' title="bbox 193 3807 1807 3884; baseline -0.002 -20"><span class='ocrx_word' id='word_1_519' title='bbox 193 3807 351 3874; x_wconf 74' lang='grc' dir='ltr'><strong>ἔδοξε</strong></span> <span class='ocrx_word' id='word_1_520' title='bbox 398 3815 459 3863; x_wconf 87' lang='grc' dir='ltr'><strong>τό</strong></span> <span class='ocrx_word' id='word_1_521' title='bbox 514 3810 562 3863; x_wconf 68' lang='grc' dir='ltr'>ἓν</span> <span class='ocrx_word' id='word_1_522' title='bbox 625 3819 728 3862; x_wconf 84' lang='grc' dir='ltr'>τῶν</span> <span class='ocrx_word' id='word_1_523' title='bbox 783 3818 870 3862; x_wconf 84' lang='grc' dir='ltr'><strong>νῦν</strong></span> <span class='ocrx_word' id='word_1_524' title='bbox 923 3810 1225 3882; x_wconf 76' lang='grc' dir='ltr'>λεγομένων,</span> <span class='ocrx_word' id='word_1_525' title='bbox 1278 3815 1348 3871; x_wconf 84' lang='grc' dir='ltr'>ὠς</span> <span class='ocrx_word' id='word_1_526' title='bbox 1398 3813 1624 3884; x_wconf 76' lang='grc' dir='ltr'>εἴρηται,</span> <span class='ocrx_word' id='word_1_527' title='bbox 1676 3812 1807 3881; x_wconf 74' lang='grc' dir='ltr'>πρὸς</span> 
     </span>
    </p>
   </div>
   <div class='ocr_carea' id='block_1_70' title="bbox 194 3896 1815 3975">
    <p class='ocr_par' dir='ltr' id='par_1_70' title="bbox 194 3896 1815 3975">
     <span class='ocr_line' id='line_1_70' title="bbox 194 3896 1815 3975; baseline -0.002 -22"><span class='ocrx_word' id='word_1_528' title='bbox 194 3900 414 3953; x_wconf 78' lang='grc' dir='ltr'>πλείονα</span> <span class='ocrx_word' id='word_1_529' title='bbox 460 3908 562 3975; x_wconf 65' lang='grc' dir='ltr'>τῶν</span> <span class='ocrx_word' id='word_1_530' title='bbox 598 3903 716 3953; x_wconf 90' lang='grc' dir='ltr'>τότε</span> <span class='ocrx_word' id='word_1_531' title='bbox 765 3896 1200 3953; x_wconf 72' lang='grc' dir='ltr'>ἔναποδίδοσθαι·</span> <span class='ocrx_word' id='word_1_532' title='bbox 1258 3900 1288 3958; x_wconf 74' lang='grc' dir='ltr'><em>ἢ</em></span> <span class='ocrx_word' id='word_1_533' title='bbox 1328 3904 1418 3952; x_wconf 83' lang='grc' dir='ltr'>καὶ</span> <span class='ocrx_word' id='word_1_534' title='bbox 1444 3906 1597 3951; x_wconf 85' lang='grc' dir='ltr'>τοῦτο</span> <span class='ocrx_word' id='word_1_535' title='bbox 1636 3898 1815 3969; x_wconf 73' lang='grc' dir='ltr'>αὐτοῖς</span> 
     </span>
    </p>
   </div>
   <div class='ocr_carea' id='block_1_71' title="bbox 197 3986 1814 4060">
    <p class='ocr_par' dir='ltr' id='par_1_71' title="bbox 197 3986 1814 4060">
     <span class='ocr_line' id='line_1_71' title="bbox 197 3986 1814 4060; baseline -0.001 -21"><span class='ocrx_word' id='word_1_536' title='bbox 197 3987 485 4059; x_wconf 71' lang='grc' dir='ltr'>ἀναγκαῖον</span> <span class='ocrx_word' id='word_1_537' title='bbox 546 3992 864 4060; x_wconf 87' lang='grc' dir='ltr'>νενόμισται,</span> <span class='ocrx_word' id='word_1_538' title='bbox 934 3986 1068 4040; x_wconf 78' lang='grc' dir='ltr'>ὥστε</span> <span class='ocrx_word' id='word_1_539' title='bbox 1114 3989 1182 4039; x_wconf 81' lang='grc' dir='ltr'>τὰ</span> <span class='ocrx_word' id='word_1_540' title='bbox 1241 3988 1455 4060; x_wconf 75' lang='grc' dir='ltr'>μείζονα</span> <span class='ocrx_word' id='word_1_541' title='bbox 1510 3992 1599 4039; x_wconf 86' lang='grc' dir='ltr'>καὶ</span> <span class='ocrx_word' id='word_1_542' title='bbox 1670 4004 1814 4038; x_wconf 82' lang='grc' dir='ltr'>συνε-</span> 
     </span>
    </p>
   </div>
   <div class='ocr_carea' id='block_1_72' title="bbox 196 4075 1817 4153">
    <p class='ocr_par' dir='ltr' id='par_1_72' title="bbox 196 4075 1817 4153">
     <span class='ocr_line' id='line_1_72' title="bbox 196 4075 1817 4153; baseline -0.001 -24"><span class='ocrx_word' id='word_1_543' title='bbox 196 4096 491 4149; x_wconf 78' lang='grc' dir='ltr'>κτικωτερα</span> <span class='ocrx_word' id='word_1_544' title='bbox 536 4084 633 4138; x_wconf 79' lang='grc' dir='ltr'>τῆς</span> <span class='ocrx_word' id='word_1_545' title='bbox 686 4081 934 4149; x_wconf 77' lang='grc' dir='ltr'>ἡμετέρας</span> <span class='ocrx_word' id='word_1_546' title='bbox 993 4080 1259 4153; x_wconf 82' lang='grc' dir='ltr'>σωτηρίας</span> <span class='ocrx_word' id='word_1_547' title='bbox 1323 4075 1529 4138; x_wconf 73' lang='grc' dir='ltr'>ἐντάξαι</span> <span class='ocrx_word' id='word_1_548' title='bbox 1584 4083 1648 4147; x_wconf 74' lang='grc' dir='ltr'>τῇ</span> <span class='ocrx_word' id='word_1_549' title='bbox 1705 4077 1817 4147; x_wconf 79' lang='grc' dir='ltr'>θείᾳ</span> 
     </span>
    </p>
   </div>
   <div class='ocr_carea' id='block_1_73' title="bbox 196 4163 1814 4238">
    <p class='ocr_par' dir='ltr' id='par_1_73' title="bbox 196 4163 1814 4238">
     <span class='ocr_line' id='line_1_73' title="bbox 196 4163 1814 4238; baseline -0.002 -20"><span class='ocrx_word' id='word_1_550' title='bbox 196 4171 573 4238; x_wconf 80' lang='grc' dir='ltr'>μυσταγωγίᾳ,</span> <span class='ocrx_word' id='word_1_551' title='bbox 649 4169 782 4218; x_wconf 87' lang='grc' dir='ltr'>κατὰ</span> <span class='ocrx_word' id='word_1_552' title='bbox 854 4170 949 4224; x_wconf 77' lang='grc' dir='ltr'>τὴν</span> <span class='ocrx_word' id='word_1_553' title='bbox 1023 4172 1125 4217; x_wconf 84' lang='grc' dir='ltr'>τῶν</span> <span class='ocrx_word' id='word_1_554' title='bbox 1202 4166 1348 4217; x_wconf 83' lang='grc' dir='ltr'>θείων</span> <span class='ocrx_word' id='word_1_555' title='bbox 1437 4163 1814 4235; x_wconf 75' lang='grc' dir='ltr'>εὐαγγελιστῶν</span> 
     </span>
    </p>
   </div>
   <div class='ocr_carea' id='block_1_74' title="bbox 197 4256 1815 4329">
    <p class='ocr_par' dir='ltr' id='par_1_74' title="bbox 197 4256 1815 4329">
     <span class='ocr_line' id='line_1_74' title="bbox 197 4256 1815 4329; baseline -0.002 -20"><span class='ocrx_word' id='word_1_556' title='bbox 197 4259 598 4329; x_wconf 78' lang='grc' dir='ltr'>παρατήρησινο</span> <span class='ocrx_word' id='word_1_557' title='bbox 647 4257 842 4307; x_wconf 78' lang='grc' dir='ltr'>τούτων</span> <span class='ocrx_word' id='word_1_558' title='bbox 896 4256 998 4327; x_wconf 79' lang='grc' dir='ltr'><strong>γὰρ</strong></span> <span class='ocrx_word' id='word_1_559' title='bbox 1053 4258 1084 4312; x_wconf 83' lang='grc' dir='ltr'><em>ὴ</em></span> <span class='ocrx_word' id='word_1_560' title='bbox 1139 4257 1432 4328; x_wconf 72' lang='grc' dir='ltr'>σαφεστέρα</span> <span class='ocrx_word' id='word_1_561' title='bbox 1481 4258 1815 4326; x_wconf 78' lang='grc' dir='ltr'>πραγματεία</span> 
     </span>
    </p>
   </div>
   <div class='ocr_carea' id='block_1_75' title="bbox 194 4339 1812 4417">
    <p class='ocr_par' dir='ltr' id='par_1_75' title="bbox 194 4339 1812 4417">
     <span class='ocr_line' id='line_1_75' title="bbox 194 4339 1812 4417; baseline -0.002 -20"><span class='ocrx_word' id='word_1_562' title='bbox 194 4364 253 4397; x_wconf 88' lang='grc' dir='ltr'>τε</span> <span class='ocrx_word' id='word_1_563' title='bbox 290 4351 385 4397; x_wconf 78' lang='grc' dir='ltr'>καὶ</span> <span class='ocrx_word' id='word_1_564' title='bbox 435 4341 643 4403; x_wconf 80' lang='grc' dir='ltr'>σπουδὴ</span> <span class='ocrx_word' id='word_1_565' title='bbox 699 4343 793 4396; x_wconf 73' lang='grc' dir='ltr'>οὐκ</span> <span class='ocrx_word' id='word_1_566' title='bbox 840 4342 962 4395; x_wconf 78' lang='grc' dir='ltr'>ἄλλο</span> <span class='ocrx_word' id='word_1_567' title='bbox 1013 4361 1065 4395; x_wconf 90' lang='grc' dir='ltr'><strong>τι</strong></span> <span class='ocrx_word' id='word_1_568' title='bbox 1130 4342 1497 4417; x_wconf 80' lang='grc' dir='ltr'>ἐναργέστερον</span> <span class='ocrx_word' id='word_1_569' title='bbox 1551 4339 1812 4395; x_wconf 73' lang='grc' dir='ltr'>δείκνυσιν</span> 
     </span>
    </p>
   </div>
   <div class='ocr_carea' id='block_1_76' title="bbox 200 4429 1813 4506">
    <p class='ocr_par' dir='ltr' id='par_1_76' title="bbox 200 4429 1813 4506">
     <span class='ocr_line' id='line_1_76' title="bbox 200 4429 1813 4506; baseline -0.002 -21"><span class='ocrx_word' id='word_1_570' title='bbox 200 4433 318 4485; x_wconf 79' lang='grc' dir='ltr'>ἀλλ’</span> <span class='ocrx_word' id='word_1_571' title='bbox 369 4434 397 4492; x_wconf 74' lang='grc' dir='ltr'><strong><em>ἦ</em></strong></span> <span class='ocrx_word' id='word_1_572' title='bbox 440 4437 500 4486; x_wconf 85' lang='grc' dir='ltr'>τὸ</span> <span class='ocrx_word' id='word_1_573' title='bbox 557 4432 611 4485; x_wconf 72' lang='grc' dir='ltr'>ἐκ</span> <span class='ocrx_word' id='word_1_574' title='bbox 664 4436 955 4505; x_wconf 80' lang='grc' dir='ltr'>Πνεῦματος</span> <span class='ocrx_word' id='word_1_575' title='bbox 1004 4432 1157 4503; x_wconf 81' lang='grc' dir='ltr'>ἁγίου</span> <span class='ocrx_word' id='word_1_576' title='bbox 1195 4436 1284 4484; x_wconf 76' lang='grc' dir='ltr'>καὶ</span> <span class='ocrx_word' id='word_1_577' title='bbox 1330 4436 1536 4506; x_wconf 86' lang='grc' dir='ltr'>Μαρίας</span> <span class='ocrx_word' id='word_1_578' title='bbox 1582 4440 1671 4491; x_wconf 82' lang='grc' dir='ltr'>τῆς</span> <span class='ocrx_word' id='word_1_579' title='bbox 1702 4429 1813 4483; x_wconf 79' lang='grc' dir='ltr'>ἀει-</span> 
     </span>
    </p>
   </div>
   <div class='ocr_carea' id='block_1_77' title="bbox 196 4519 1811 4597">
    <p class='ocr_par' dir='ltr' id='par_1_77' title="bbox 196 4519 1811 4597">
     <span class='ocr_line' id='line_1_77' title="bbox 196 4519 1811 4597; baseline -0.001 -22"><span class='ocrx_word' id='word_1_580' title='bbox 196 4524 464 4597; x_wconf 71' lang='grc' dir='ltr'>παρθένου</span> <span class='ocrx_word' id='word_1_581' title='bbox 520 4540 573 4575; x_wconf 88' lang='grc' dir='ltr'>τε</span> <span class='ocrx_word' id='word_1_582' title='bbox 625 4528 717 4574; x_wconf 81' lang='grc' dir='ltr'>καὶ</span> <span class='ocrx_word' id='word_1_583' title='bbox 766 4523 1005 4575; x_wconf 82' lang='grc' dir='ltr'>θεοτόκου</span> <span class='ocrx_word' id='word_1_584' title='bbox 1063 4519 1421 4592; x_wconf 73' lang='grc' dir='ltr'>συλληφθῆναι</span> <span class='ocrx_word' id='word_1_585' title='bbox 1468 4539 1522 4572; x_wconf 92' lang='grc' dir='ltr'><strong>τε</strong></span> <span class='ocrx_word' id='word_1_586' title='bbox 1570 4524 1659 4573; x_wconf 85' lang='grc' dir='ltr'>καὶ</span> <span class='ocrx_word' id='word_1_587' title='bbox 1701 4539 1811 4591; x_wconf 83' lang='grc' dir='ltr'>γεν-</span> 
     </span>
    </p>
   </div>
   <div class='ocr_carea' id='block_1_78' title="bbox 199 4608 1813 4685">
    <p class='ocr_par' dir='ltr' id='par_1_78' title="bbox 199 4608 1813 4685">
     <span class='ocr_line' id='line_1_78' title="bbox 199 4608 1813 4685; baseline -0.002 -22"><span class='ocrx_word' id='word_1_588' title='bbox 199 4612 432 4669; x_wconf 77' lang='grc' dir='ltr'>νηθῆναι</span> <span class='ocrx_word' id='word_1_589' title='bbox 479 4614 566 4663; x_wconf 85' lang='grc' dir='ltr'><strong>τόν</strong></span> <span class='ocrx_word' id='word_1_590' title='bbox 611 4618 705 4663; x_wconf 78' lang='grc' dir='ltr'><strong>τοῦ</strong></span> <span class='ocrx_word' id='word_1_591' title='bbox 750 4612 1092 4685; x_wconf 88' lang='grc' dir='ltr'>προανάρχου</span> <span class='ocrx_word' id='word_1_592' title='bbox 1134 4612 1331 4683; x_wconf 85' lang='grc' dir='ltr'>Πατρός</span> <span class='ocrx_word' id='word_1_593' title='bbox 1385 4608 1660 4682; x_wconf 84' lang='grc' dir='ltr'>ὀμοούσιον</span> <span class='ocrx_word' id='word_1_594' title='bbox 1698 4611 1813 4661; x_wconf 84' lang='grc' dir='ltr'><strong>Υίόν</strong></span> 
     </span>
    </p>
   </div>
   <div class='ocr_carea' id='block_1_79' title="bbox 203 4696 1812 4773">
    <p class='ocr_par' dir='ltr' id='par_1_79' title="bbox 203 4696 1812 4773">
     <span class='ocr_line' id='line_1_79' title="bbox 203 4696 1812 4773; baseline -0.002 -21"><span class='ocrx_word' id='word_1_595' title='bbox 203 4706 299 4753; x_wconf 81' lang='grc' dir='ltr'>καὶ</span> <span class='ocrx_word' id='word_1_596' title='bbox 374 4703 566 4772; x_wconf 84' lang='grc' dir='ltr'>Λόγον·</span> <span class='ocrx_word' id='word_1_597' title='bbox 645 4696 755 4752; x_wconf 84' lang='grc' dir='ltr'>εἶτα</span> <span class='ocrx_word' id='word_1_598' title='bbox 828 4697 1191 4771; x_wconf 79' lang='grc' dir='ltr'>βαπτισθῆναι</span> <span class='ocrx_word' id='word_1_599' title='bbox 1256 4701 1674 4773; x_wconf 81' lang='grc' dir='ltr'>μαρτυρούμενον</span> <span class='ocrx_word' id='word_1_600' title='bbox 1713 4699 1812 4750; x_wconf 77' lang='grc' dir='ltr'>ὑπὸ</span> 
     </span>
    </p>
   </div>
   <div class='ocr_carea' id='block_1_80' title="bbox 201 4786 1815 4860">
    <p class='ocr_par' dir='ltr' id='par_1_80' title="bbox 201 4786 1815 4860">
     <span class='ocr_line' id='line_1_80' title="bbox 201 4786 1815 4860; baseline -0.002 -18"><span class='ocrx_word' id='word_1_601' title='bbox 201 4796 297 4842; x_wconf 85' lang='grc' dir='ltr'><strong>τοῦ</strong></span> <span class='ocrx_word' id='word_1_602' title='bbox 370 4791 631 4852; x_wconf 79' lang='grc' dir='ltr'>ζωοποιοῦ</span> <span class='ocrx_word' id='word_1_603' title='bbox 669 4794 758 4841; x_wconf 83' lang='grc' dir='ltr'>καὶ</span> <span class='ocrx_word' id='word_1_604' title='bbox 796 4789 1075 4842; x_wconf 85' lang='grc' dir='ltr'>όουουσίου</span> <span class='ocrx_word' id='word_1_605' title='bbox 1125 4786 1286 4839; x_wconf 68' lang='grc' dir='ltr'>αὐτοῦ</span> <span class='ocrx_word' id='word_1_606' title='bbox 1326 4789 1640 4860; x_wconf 79' lang='grc' dir='ltr'>Πνεῦματος·</span> <span class='ocrx_word' id='word_1_607' title='bbox 1684 4789 1815 4840; x_wconf 66' lang='grc' dir='ltr'>ἔπεια</span> 
     </span>
    </p>
   </div>
   <div class='ocr_carea' id='block_1_81' title="bbox 279 4946 1813 5019">
    <p class='ocr_par' dir='ltr' id='par_1_81' title="bbox 279 4946 1813 5019">
     <span class='ocr_line' id='line_1_81' title="bbox 279 4946 1813 5019; baseline -0.001 -16"><span class='ocrx_word' id='word_1_608' title='bbox 279 4950 361 5017; x_wconf 79' lang='grc'><strong>(3)</strong></span> <span class='ocrx_word' id='word_1_609' title='bbox 402 4949 506 5006; x_wconf 92' lang='lat' dir='ltr'><strong>SS.</strong></span> <span class='ocrx_word' id='word_1_610' title='bbox 577 4949 914 5019; x_wconf 88' lang='lat' dir='ltr'><strong>imaginum</strong></span> <span class='ocrx_word' id='word_1_611' title='bbox 971 4947 1341 5019; x_wconf 88' lang='lat' dir='ltr'><strong>venerationi</strong></span> <span class='ocrx_word' id='word_1_612' title='bbox 1420 4946 1813 5019; x_wconf 89' lang='lat' dir='ltr'><strong>addictissimi</strong></span> 
     </span>
    </p>
   </div>
   <div class='ocr_carea' id='block_1_82' title="bbox 205 5018 1811 5093">
    <p class='ocr_par' dir='ltr' id='par_1_82' title="bbox 205 5018 1811 5093">
     <span class='ocr_line' id='line_1_82' title="bbox 205 5018 1811 5093; baseline -0.004 -14"><span class='ocrx_word' id='word_1_613' title='bbox 205 5021 402 5093; x_wconf 79' lang='lat' dir='ltr'><strong>Graeci</strong></span> <span class='ocrx_word' id='word_1_614' title='bbox 420 5024 580 5093; x_wconf 89' lang='lat' dir='ltr'><strong>sunt,</strong></span> <span class='ocrx_word' id='word_1_615' title='bbox 603 5018 953 5093; x_wconf 64' lang='lat' dir='ltr'><strong>eorumquae</strong></span> <span class='ocrx_word' id='word_1_616' title='bbox 973 5019 1240 5093; x_wconf 66' lang='lat' dir='ltr'><strong>eeclesias</strong></span> <span class='ocrx_word' id='word_1_617' title='bbox 1262 5018 1811 5093; x_wconf 79' lang='lat' dir='ltr'><strong>hispassimornan-</strong></span> 
     </span>
    </p>
   </div>
   <div class='ocr_carea' id='block_1_83' title="bbox 206 5091 1814 5161">
    <p class='ocr_par' dir='ltr' id='par_1_83' title="bbox 206 5091 1814 5161">
     <span class='ocr_line' id='line_1_83' title="bbox 206 5091 1814 5161; baseline -0.003 -12"><span class='ocrx_word' id='word_1_618' title='bbox 206 5098 324 5149; x_wconf 92' lang='lat' dir='ltr'><strong>tur.</strong></span> <span class='ocrx_word' id='word_1_619' title='bbox 349 5091 444 5148; x_wconf 90' lang='lat' dir='ltr'><strong>Sic</strong></span> <span class='ocrx_word' id='word_1_620' title='bbox 464 5092 645 5148; x_wconf 88' lang='lat' dir='ltr'><strong>etiam</strong></span> <span class='ocrx_word' id='word_1_621' title='bbox 674 5092 735 5147; x_wconf 92' lang='lat' dir='ltr'><strong>in</strong></span> <span class='ocrx_word' id='word_1_622' title='bbox 763 5091 1079 5148; x_wconf 77' lang='lat' dir='ltr'><strong>Occidente</strong></span> <span class='ocrx_word' id='word_1_623' title='bbox 1109 5091 1212 5146; x_wconf 90' lang='lat' dir='ltr'><strong>toti</strong></span> <span class='ocrx_word' id='word_1_624' title='bbox 1234 5091 1593 5161; x_wconf 90' lang='lat' dir='ltr'><strong>templorum</strong></span> <span class='ocrx_word' id='word_1_625' title='bbox 1626 5091 1814 5161; x_wconf 86' lang='lat' dir='ltr'><strong>parie-</strong></span> 
     </span>
    </p>
   </div>
   <div class='ocr_carea' id='block_1_84' title="bbox 207 5160 1812 5232">
    <p class='ocr_par' dir='ltr' id='par_1_84' title="bbox 207 5160 1812 5232">
     <span class='ocr_line' id='line_1_84' title="bbox 207 5160 1812 5232; baseline -0.002 -13"><span class='ocrx_word' id='word_1_626' title='bbox 207 5170 299 5220; x_wconf 87' lang='lat' dir='ltr'><strong>tes</strong></span> <span class='ocrx_word' id='word_1_627' title='bbox 314 5163 460 5219; x_wconf 86' lang='lat' dir='ltr'><strong>olim</strong></span> <span class='ocrx_word' id='word_1_628' title='bbox 474 5163 802 5219; x_wconf 84' lang='lat' dir='ltr'><strong>studiosius</strong></span> <span class='ocrx_word' id='word_1_629' title='bbox 816 5161 1295 5218; x_wconf 88' lang='lat' dir='ltr'><strong>venustabantur</strong></span> <span class='ocrx_word' id='word_1_630' title='bbox 1306 5160 1525 5217; x_wconf 81' lang='lat' dir='ltr'><strong>veteris</strong></span> <span class='ocrx_word' id='word_1_631' title='bbox 1544 5160 1812 5232; x_wconf 85' lang='lat' dir='ltr'><strong>Novique</strong></span> 
     </span>
    </p>
   </div>
   <div class='ocr_carea' id='block_1_85' title="bbox 206 5231 1809 5306">
    <p class='ocr_par' dir='ltr' id='par_1_85' title="bbox 206 5231 1809 5306">
     <span class='ocr_line' id='line_1_85' title="bbox 206 5231 1809 5306; baseline -0.002 -15"><span class='ocrx_word' id='word_1_632' title='bbox 206 5236 576 5306; x_wconf 85' lang='lat' dir='ltr'><strong>Testamenti</strong></span> <span class='ocrx_word' id='word_1_633' title='bbox 597 5238 660 5306; x_wconf 83' lang='lat' dir='ltr'><strong>et</strong></span> <span class='ocrx_word' id='word_1_634' title='bbox 686 5238 1020 5306; x_wconf 86' lang='lat' dir='ltr'><strong>martyrum</strong></span> <span class='ocrx_word' id='word_1_635' title='bbox 1056 5236 1523 5306; x_wconf 76' lang='lat' dir='ltr'><strong>sanctorumque</strong></span> <span class='ocrx_word' id='word_1_636' title='bbox 1544 5231 1809 5287; x_wconf 88' lang='lat' dir='ltr'><strong>virorum</strong></span> 
     </span>
    </p>
   </div>
   <div class='ocr_carea' id='block_1_86' title="bbox 205 5303 1811 5386">
    <p class='ocr_par' dir='ltr' id='par_1_86' title="bbox 205 5303 1811 5386">
     <span class='ocr_line' id='line_1_86' title="bbox 205 5303 1811 5386; baseline -0.004 -24"><span class='ocrx_word' id='word_1_637' title='bbox 205 5306 379 5386; x_wconf 74' lang='lat' dir='ltr'><strong>pictis</strong></span> <span class='ocrx_word' id='word_1_638' title='bbox 400 5304 661 5361; x_wconf 88' lang='lat' dir='ltr'><strong>historiis</strong></span> <span class='ocrx_word' id='word_1_639' title='bbox 677 5323 702 5386; x_wconf 27' lang='lat' dir='ltr'><strong>c;</strong></span> <span class='ocrx_word' id='word_1_640' title='bbox 732 5303 917 5386; x_wconf 75' lang='lat' dir='ltr'><strong>quem</strong></span> <span class='ocrx_word' id='word_1_641' title='bbox 932 5319 1163 5386; x_wconf 72' lang='lat' dir='ltr'><strong>morem</strong></span> <span class='ocrx_word' id='word_1_642' title='bbox 1180 5303 1251 5386; x_wconf 81' lang='lat' dir='ltr'><strong>_in</strong></span> <span class='ocrx_word' id='word_1_643' title='bbox 1272 5303 1701 5386; x_wconf 73' lang='lat' dir='ltr'><strong>hodiernarum</strong></span> <span class='ocrx_word' id='word_1_644' title='bbox 1721 5317 1811 5386; x_wconf 77' lang='lat' dir='ltr'><strong>ec-</strong></span> 
     </span>
    </p>
   </div>
   <div class='ocr_carea' id='block_1_87' title="bbox 207 5372 1810 5448">
    <p class='ocr_par' dir='ltr' id='par_1_87' title="bbox 207 5372 1810 5448">
     <span class='ocr_line' id='line_1_87' title="bbox 207 5372 1810 5448; baseline -0.005 -13"><span class='ocrx_word' id='word_1_645' title='bbox 207 5372 529 5435; x_wconf 72' lang='lat' dir='ltr'><strong>clesiarum</strong></span> <span class='ocrx_word' id='word_1_646' title='bbox 561 5372 888 5448; x_wconf 75' lang='lat' dir='ltr'><strong>parietibus</strong></span> <span class='ocrx_word' id='word_1_647' title='bbox 917 5390 1043 5448; x_wconf 88' lang='lat' dir='ltr'><strong>non</strong></span> <span class='ocrx_word' id='word_1_648' title='bbox 1071 5375 1154 5431; x_wconf 90' lang='lat' dir='ltr'><strong>ita</strong></span> <span class='ocrx_word' id='word_1_649' title='bbox 1174 5374 1617 5446; x_wconf 85' lang='lat' dir='ltr'><strong>frequentatum</strong></span> <span class='ocrx_word' id='word_1_650' title='bbox 1653 5372 1810 5428; x_wconf 90' lang='lat' dir='ltr'><strong>dole-</strong></span> 
     </span>
    </p>
   </div>
   <div class='ocr_carea' id='block_1_88' title="bbox 208 5446 1809 5517">
    <p class='ocr_par' dir='ltr' id='par_1_88' title="bbox 208 5446 1809 5517">
     <span class='ocr_line' id='line_1_88' title="bbox 208 5446 1809 5517; baseline -0.004 -12"><span class='ocrx_word' id='word_1_651' title='bbox 208 5465 367 5505; x_wconf 83' lang='lat' dir='ltr'><strong>mus.</strong></span> <span class='ocrx_word' id='word_1_652' title='bbox 391 5446 812 5504; x_wconf 24' lang='lat' dir='ltr'><strong>Certe‘nullum</strong></span> <span class='ocrx_word' id='word_1_653' title='bbox 832 5446 1110 5503; x_wconf 90' lang='lat' dir='ltr'><strong>decorius</strong></span> <span class='ocrx_word' id='word_1_654' title='bbox 1127 5448 1692 5517; x_wconf 82' lang='lat' dir='ltr'><strong>ornamentum,_aut</strong></span> <span class='ocrx_word' id='word_1_655' title='bbox 1707 5460 1809 5517; x_wconf 83' lang='lat' dir='ltr'><strong>po-</strong></span> 
     </span>
    </p>
   </div>
   <div class='ocr_carea' id='block_1_89' title="bbox 206 5515 1811 5595">
    <p class='ocr_par' dir='ltr' id='par_1_89' title="bbox 206 5515 1811 5595">
     <span class='ocr_line' id='line_1_89' title="bbox 206 5515 1811 5595; baseline -0.002 -18"><span class='ocrx_word' id='word_1_656' title='bbox 206 5520 353 5595; x_wconf 91' lang='lat' dir='ltr'><strong>pulo</strong></span> <span class='ocrx_word' id='word_1_657' title='bbox 375 5518 714 5576; x_wconf 82' lang='lat' dir='ltr'><strong>Christiano</strong></span> <span class='ocrx_word' id='word_1_658' title='bbox 734 5518 1044 5577; x_wconf 87' lang='lat' dir='ltr'><strong>edocendo</strong></span> <span class='ocrx_word' id='word_1_659' title='bbox 1071 5518 1291 5591; x_wconf 89' lang='lat' dir='ltr'><strong>aptius,</strong></span> <span class='ocrx_word' id='word_1_660' title='bbox 1316 5515 1592 5574; x_wconf 87' lang='lat' dir='ltr'><strong>adhiberi</strong></span> <span class='ocrx_word' id='word_1_661' title='bbox 1631 5515 1811 5587; x_wconf 78' lang='lat' dir='ltr'><strong>posse</strong></span> 
     </span>
    </p>
   </div>
   <div class='ocr_carea' id='block_1_90' title="bbox 213 5604 561 5651">
    <p class='ocr_par' dir='ltr' id='par_1_90' title="bbox 213 5604 561 5651">
     <span class='ocr_line' id='line_1_90' title="bbox 213 5604 561 5651; baseline -0.017 1"><span class='ocrx_word' id='word_1_662' title='bbox 213 5604 561 5651; x_wconf 74' lang='grc' dir='ltr'>οοηεοιιιιιε.</span> 
     </span>
    </p>
   </div>
   <div class='ocr_carea' id='block_1_91' title="bbox 1918 3097 3563 3168">
    <p class='ocr_par' dir='ltr' id='par_1_91' title="bbox 1918 3097 3563 3168">
     <span class='ocr_line' id='line_1_91' title="bbox 1918 3097 3563 3168; baseline 0.001 -15"><span class='ocrx_word' id='word_1_663' title='bbox 1918 3097 2165 3153; x_wconf 87' lang='lat' dir='ltr'><strong>modata</strong></span> <span class='ocrx_word' id='word_1_664' title='bbox 2209 3097 2472 3168; x_wconf 89' lang='lat' dir='ltr'><strong>requirit.</strong></span> <span class='ocrx_word' id='word_1_665' title='bbox 2526 3100 2592 3154; x_wconf 88' lang='lat' dir='ltr'><strong>Et</strong></span> <span class='ocrx_word' id='word_1_666' title='bbox 2643 3097 2911 3154; x_wconf 88' lang='lat' dir='ltr'><strong>similiter</strong></span> <span class='ocrx_word' id='word_1_667' title='bbox 2960 3102 3195 3154; x_wconf 71' lang='lat' dir='ltr'><strong>caetera.</strong></span> <span class='ocrx_word' id='word_1_668' title='bbox 3263 3100 3456 3165; x_wconf 87' lang='lat' dir='ltr'><strong>Quare</strong></span> <span class='ocrx_word' id='word_1_669' title='bbox 3512 3098 3563 3154; x_wconf 89' lang='lat' dir='ltr'><strong>si</strong></span> 
     </span>
    </p>
   </div>
   <div class='ocr_carea' id='block_1_92' title="bbox 1918 3185 3564 3259">
    <p class='ocr_par' dir='ltr' id='par_1_92' title="bbox 1918 3185 3564 3259">
     <span class='ocr_line' id='line_1_92' title="bbox 1918 3185 3564 3259; baseline 0.001 -17"><span class='ocrx_word' id='word_1_670' title='bbox 1918 3188 2055 3259; x_wconf 89' lang='lat' dir='ltr'><strong>quis</strong></span> <span class='ocrx_word' id='word_1_671' title='bbox 2081 3202 2291 3243; x_wconf 90' lang='lat' dir='ltr'><strong>eorum</strong></span> <span class='ocrx_word' id='word_1_672' title='bbox 2305 3186 2409 3258; x_wconf 87' lang='lat' dir='ltr'><strong>qui</strong></span> <span class='ocrx_word' id='word_1_673' title='bbox 2432 3201 2602 3242; x_wconf 89' lang='lat' dir='ltr'><strong>sacra</strong></span> <span class='ocrx_word' id='word_1_674' title='bbox 2622 3185 2907 3256; x_wconf 85' lang='lat' dir='ltr'><strong>dignitate</strong></span> <span class='ocrx_word' id='word_1_675' title='bbox 2929 3186 3147 3256; x_wconf 91' lang='lat' dir='ltr'><strong>cluent,</strong></span> <span class='ocrx_word' id='word_1_676' title='bbox 3171 3188 3333 3243; x_wconf 89' lang='lat' dir='ltr'><strong>hunc</strong></span> <span class='ocrx_word' id='word_1_677' title='bbox 3358 3201 3564 3243; x_wconf 90' lang='lat' dir='ltr'><strong>meum</strong></span> 
     </span>
    </p>
   </div>
   <div class='ocr_carea' id='block_1_93' title="bbox 1918 3274 3564 3349">
    <p class='ocr_par' dir='ltr' id='par_1_93' title="bbox 1918 3274 3564 3349">
     <span class='ocr_line' id='line_1_93' title="bbox 1918 3274 3564 3349; baseline 0 -17"><span class='ocrx_word' id='word_1_678' title='bbox 1918 3275 2123 3345; x_wconf 89' lang='lat' dir='ltr'><strong>legens</strong></span> <span class='ocrx_word' id='word_1_679' title='bbox 2152 3275 2678 3349; x_wconf 80' lang='lat' dir='ltr'><strong>commentarium,</strong></span> <span class='ocrx_word' id='word_1_680' title='bbox 2699 3275 2846 3331; x_wconf 82' lang='lat' dir='ltr'><strong>forte</strong></span> <span class='ocrx_word' id='word_1_681' title='bbox 2872 3274 3076 3347; x_wconf 91' lang='lat' dir='ltr'><strong>aliqua</strong></span> <span class='ocrx_word' id='word_1_682' title='bbox 3094 3275 3205 3332; x_wconf 92' lang='lat' dir='ltr'><strong>abs</strong></span> <span class='ocrx_word' id='word_1_683' title='bbox 3226 3275 3438 3349; x_wconf 88' lang='lat' dir='ltr'><strong>quovis</strong></span> <span class='ocrx_word' id='word_1_684' title='bbox 3463 3274 3564 3332; x_wconf 88' lang='lat' dir='ltr'><strong>ali-</strong></span> 
     </span>
    </p>
   </div>
   <div class='ocr_carea' id='block_1_94' title="bbox 1920 3363 3567 3436">
    <p class='ocr_par' dir='ltr' id='par_1_94' title="bbox 1920 3363 3567 3436">
     <span class='ocr_line' id='line_1_94' title="bbox 1920 3363 3567 3436; baseline 0 -16"><span class='ocrx_word' id='word_1_685' title='bbox 1920 3369 2006 3421; x_wconf 88' lang='lat' dir='ltr'><strong>ter</strong></span> <span class='ocrx_word' id='word_1_686' title='bbox 2033 3364 2344 3420; x_wconf 89' lang='lat' dir='ltr'><strong>nominata</strong></span> <span class='ocrx_word' id='word_1_687' title='bbox 2363 3363 2706 3436; x_wconf 86' lang='lat' dir='ltr'><strong>comperiet,</strong></span> <span class='ocrx_word' id='word_1_688' title='bbox 2732 3369 2787 3420; x_wconf 89' lang='lat' dir='ltr'><strong>et</strong></span> <span class='ocrx_word' id='word_1_689' title='bbox 2806 3378 2930 3419; x_wconf 92' lang='lat' dir='ltr'><strong>non</strong></span> <span class='ocrx_word' id='word_1_690' title='bbox 2946 3364 3280 3420; x_wconf 90' lang='lat' dir='ltr'><strong>secundum</strong></span> <span class='ocrx_word' id='word_1_691' title='bbox 3300 3369 3567 3421; x_wconf 88' lang='lat' dir='ltr'><strong>nostram</strong></span> 
     </span>
    </p>
   </div>
   <div class='ocr_carea' id='block_1_95' title="bbox 1918 3452 3571 3525">
    <p class='ocr_par' dir='ltr' id='par_1_95' title="bbox 1918 3452 3571 3525">
     <span class='ocr_line' id='line_1_95' title="bbox 1918 3452 3571 3525; baseline -0.001 -15"><span class='ocrx_word' id='word_1_692' title='bbox 1918 3453 2378 3525; x_wconf 81' lang='lat' dir='ltr'><strong>expositionem,</strong></span> <span class='ocrx_word' id='word_1_693' title='bbox 2401 3467 2495 3517; x_wconf 87' lang='lat' dir='ltr'><strong>ne,</strong></span> <span class='ocrx_word' id='word_1_694' title='bbox 2518 3467 2747 3525; x_wconf 70' lang='lat' dir='ltr'><strong>quaeso,</strong></span> <span class='ocrx_word' id='word_1_695' title='bbox 2765 3452 3372 3522; x_wconf 88' lang='lat' dir='ltr'><strong>miretur,dummodo</strong></span> <span class='ocrx_word' id='word_1_696' title='bbox 3383 3456 3439 3509; x_wconf 90' lang='lat' dir='ltr'><strong>et</strong></span> <span class='ocrx_word' id='word_1_697' title='bbox 3458 3454 3571 3510; x_wconf 91' lang='lat' dir='ltr'><strong>ista</strong></span> 
     </span>
    </p>
   </div>
   <div class='ocr_carea' id='block_1_96' title="bbox 1919 3540 3574 3613">
    <p class='ocr_par' dir='ltr' id='par_1_96' title="bbox 1919 3540 3574 3613">
     <span class='ocr_line' id='line_1_96' title="bbox 1919 3540 3574 3613; baseline 0 -15"><span class='ocrx_word' id='word_1_698' title='bbox 1919 3546 2092 3598; x_wconf 68' lang='lat' dir='ltr'><strong>rectae</strong></span> <span class='ocrx_word' id='word_1_699' title='bbox 2170 3541 2472 3611; x_wconf 87' lang='lat' dir='ltr'><strong>religionis</strong></span> <span class='ocrx_word' id='word_1_700' title='bbox 2551 3540 2885 3598; x_wconf 89' lang='lat' dir='ltr'><strong>doctrinam</strong></span> <span class='ocrx_word' id='word_1_701' title='bbox 2960 3542 3305 3613; x_wconf 85' lang='lat' dir='ltr'><strong>respiciant.</strong></span> <span class='ocrx_word' id='word_1_702' title='bbox 3394 3541 3574 3598; x_wconf 82' lang='lat' dir='ltr'><strong>Multa</strong></span> 
     </span>
    </p>
   </div>
   <div class='ocr_carea' id='block_1_97' title="bbox 1921 3629 3571 3702">
    <p class='ocr_par' dir='ltr' id='par_1_97' title="bbox 1921 3629 3571 3702">
     <span class='ocr_line' id='line_1_97' title="bbox 1921 3629 3571 3702; baseline 0.002 -17"><span class='ocrx_word' id='word_1_703' title='bbox 1921 3630 2080 3685; x_wconf 91' lang='lat' dir='ltr'><strong>enim</strong></span> <span class='ocrx_word' id='word_1_704' title='bbox 2110 3629 2264 3685; x_wconf 91' lang='lat' dir='ltr'><strong>illius</strong></span> <span class='ocrx_word' id='word_1_705' title='bbox 2293 3644 2535 3702; x_wconf 91' lang='lat' dir='ltr'><strong>quoque</strong></span> <span class='ocrx_word' id='word_1_706' title='bbox 2560 3630 2846 3702; x_wconf 87' lang='lat' dir='ltr'><strong>temporis</strong></span> <span class='ocrx_word' id='word_1_707' title='bbox 2896 3629 3259 3687; x_wconf 90' lang='lat' dir='ltr'><strong>admiranda</strong></span> <span class='ocrx_word' id='word_1_708' title='bbox 3310 3630 3571 3688; x_wconf 87' lang='lat' dir='ltr'><strong>fuerunt.</strong></span> 
     </span>
    </p>
   </div>
   <div class='ocr_carea' id='block_1_98' title="bbox 1922 3717 3573 3793">
    <p class='ocr_par' dir='ltr' id='par_1_98' title="bbox 1922 3717 3573 3793">
     <span class='ocr_line' id='line_1_98' title="bbox 1922 3717 3573 3793; baseline 0.001 -20"><span class='ocrx_word' id='word_1_709' title='bbox 1922 3721 1986 3775; x_wconf 85' lang='lat' dir='ltr'><strong>Et</strong></span> <span class='ocrx_word' id='word_1_710' title='bbox 2014 3719 2264 3775; x_wconf 84' lang='lat' dir='ltr'><strong>fortasse</strong></span> <span class='ocrx_word' id='word_1_711' title='bbox 2313 3718 2499 3775; x_wconf 89' lang='lat' dir='ltr'><strong>sacris</strong></span> <span class='ocrx_word' id='word_1_712' title='bbox 2550 3717 2823 3791; x_wconf 80' lang='lat' dir='ltr'><strong>divisque</strong></span> <span class='ocrx_word' id='word_1_713' title='bbox 2878 3719 3186 3791; x_wconf 89' lang='lat' dir='ltr'><strong>apostolis,</strong></span> <span class='ocrx_word' id='word_1_714' title='bbox 3236 3719 3504 3793; x_wconf 88' lang='lat' dir='ltr'><strong>ipsisque</strong></span> <span class='ocrx_word' id='word_1_715' title='bbox 3536 3734 3573 3775; x_wconf 92' lang='lat' dir='ltr'><strong>a</strong></span> 
     </span>
    </p>
   </div>
   <div class='ocr_carea' id='block_1_99' title="bbox 1924 3806 3572 3879">
    <p class='ocr_par' dir='ltr' id='par_1_99' title="bbox 1924 3806 3572 3879">
     <span class='ocr_line' id='line_1_99' title="bbox 1924 3806 3572 3879; baseline -0.001 -15"><span class='ocrx_word' id='word_1_716' title='bbox 1924 3810 2043 3864; x_wconf 93' lang='lat' dir='ltr'><strong>Deo</strong></span> <span class='ocrx_word' id='word_1_717' title='bbox 2073 3808 2375 3879; x_wconf 90' lang='lat' dir='ltr'><strong>inspiratis</strong></span> <span class='ocrx_word' id='word_1_718' title='bbox 2401 3806 2687 3873; x_wconf 86' lang='lat' dir='ltr'><strong>Patribus,</strong></span> <span class='ocrx_word' id='word_1_719' title='bbox 2740 3807 2906 3879; x_wconf 90' lang='lat' dir='ltr'><strong>quod</strong></span> <span class='ocrx_word' id='word_1_720' title='bbox 2952 3823 3113 3863; x_wconf 93' lang='lat' dir='ltr'><strong>nunc</strong></span> <span class='ocrx_word' id='word_1_721' title='bbox 3155 3823 3277 3864; x_wconf 92' lang='lat' dir='ltr'><strong>uno</strong></span> <span class='ocrx_word' id='word_1_722' title='bbox 3326 3808 3572 3864; x_wconf 89' lang='lat' dir='ltr'><strong>nomine</strong></span> 
     </span>
    </p>
   </div>
   <div class='ocr_carea' id='block_1_100' title="bbox 1924 3894 3573 3969">
    <p class='ocr_par' dir='ltr' id='par_1_100' title="bbox 1924 3894 3573 3969">
     <span class='ocr_line' id='line_1_100' title="bbox 1924 3894 3573 3969; baseline -0.001 -18"><span class='ocrx_word' id='word_1_723' title='bbox 1924 3894 2469 3969; x_wconf 90' lang='lat' dir='ltr'><strong>comprehenditur,</strong></span> <span class='ocrx_word' id='word_1_724' title='bbox 2492 3900 2556 3951; x_wconf 88' lang='lat' dir='ltr'><strong>ut</strong></span> <span class='ocrx_word' id='word_1_725' title='bbox 2575 3895 2854 3961; x_wconf 83' lang='lat' dir='ltr'><strong>diximus,</strong></span> <span class='ocrx_word' id='word_1_726' title='bbox 2881 3901 3023 3951; x_wconf 91' lang='lat' dir='ltr'><strong>tunc</strong></span> <span class='ocrx_word' id='word_1_727' title='bbox 3042 3898 3121 3951; x_wconf 91' lang='lat' dir='ltr'><strong>ad</strong></span> <span class='ocrx_word' id='word_1_728' title='bbox 3142 3896 3314 3967; x_wconf 88' lang='lat' dir='ltr'><strong>plura</strong></span> <span class='ocrx_word' id='word_1_729' title='bbox 3355 3895 3573 3950; x_wconf 87' lang='lat' dir='ltr'><strong>referre</strong></span> 
     </span>
    </p>
   </div>
   <div class='ocr_carea' id='block_1_101' title="bbox 1923 3982 3575 4057">
    <p class='ocr_par' dir='ltr' id='par_1_101' title="bbox 1923 3982 3575 4057">
     <span class='ocr_line' id='line_1_101' title="bbox 1923 3982 3575 4057; baseline -0.002 -17"><span class='ocrx_word' id='word_1_730' title='bbox 1923 3985 2165 4057; x_wconf 90' lang='lat' dir='ltr'><strong>placuit.</strong></span> <span class='ocrx_word' id='word_1_731' title='bbox 2194 3985 2301 4040; x_wconf 90' lang='lat' dir='ltr'><strong>Vel</strong></span> <span class='ocrx_word' id='word_1_732' title='bbox 2328 3985 2509 4041; x_wconf 90' lang='lat' dir='ltr'><strong>etiam</strong></span> <span class='ocrx_word' id='word_1_733' title='bbox 2535 3983 2648 4040; x_wconf 91' lang='lat' dir='ltr'><strong>hoc</strong></span> <span class='ocrx_word' id='word_1_734' title='bbox 2676 3984 3081 4039; x_wconf 90' lang='lat' dir='ltr'><strong>necessarium</strong></span> <span class='ocrx_word' id='word_1_735' title='bbox 3105 3982 3220 4038; x_wconf 89' lang='lat' dir='ltr'><strong>illis</strong></span> <span class='ocrx_word' id='word_1_736' title='bbox 3254 3983 3452 4037; x_wconf 89' lang='lat' dir='ltr'><strong>visum</strong></span> <span class='ocrx_word' id='word_1_737' title='bbox 3483 3986 3575 4037; x_wconf 89' lang='lat' dir='ltr'><strong>est</strong></span> 
     </span>
    </p>
   </div>
   <div class='ocr_carea' id='block_1_102' title="bbox 1923 4069 3572 4146">
    <p class='ocr_par' dir='ltr' id='par_1_102' title="bbox 1923 4069 3572 4146">
     <span class='ocr_line' id='line_1_102' title="bbox 1923 4069 3572 4146; baseline -0.004 -16"><span class='ocrx_word' id='word_1_738' title='bbox 1923 4089 2141 4146; x_wconf 91' lang='lat' dir='ltr'><strong>nempe</strong></span> <span class='ocrx_word' id='word_1_739' title='bbox 2167 4074 2483 4143; x_wconf 89' lang='lat' dir='ltr'><strong>utmajora</strong></span> <span class='ocrx_word' id='word_1_740' title='bbox 2512 4076 2567 4127; x_wconf 91' lang='lat' dir='ltr'><strong>et</strong></span> <span class='ocrx_word' id='word_1_741' title='bbox 2597 4071 2930 4127; x_wconf 89' lang='lat' dir='ltr'><strong>summaria</strong></span> <span class='ocrx_word' id='word_1_742' title='bbox 2960 4070 3170 4126; x_wconf 90' lang='lat' dir='ltr'><strong>salutis</strong></span> <span class='ocrx_word' id='word_1_743' title='bbox 3203 4075 3423 4126; x_wconf 72' lang='lat' dir='ltr'><strong>nostra:</strong></span> <span class='ocrx_word' id='word_1_744' title='bbox 3463 4069 3572 4125; x_wconf 89' lang='lat' dir='ltr'><strong>do-</strong></span> 
     </span>
    </p>
   </div>
   <div class='ocr_carea' id='block_1_103' title="bbox 1925 4158 3573 4230">
    <p class='ocr_par' dir='ltr' id='par_1_103' title="bbox 1925 4158 3573 4230">
     <span class='ocr_line' id='line_1_103' title="bbox 1925 4158 3573 4230; baseline -0.002 -12"><span class='ocrx_word' id='word_1_745' title='bbox 1925 4168 2206 4219; x_wconf 88' lang='lat' dir='ltr'><strong>cumenta</strong></span> <span class='ocrx_word' id='word_1_746' title='bbox 2220 4164 2281 4217; x_wconf 92' lang='lat' dir='ltr'><strong>in</strong></span> <span class='ocrx_word' id='word_1_747' title='bbox 2301 4161 2567 4216; x_wconf 87' lang='lat' dir='ltr'><strong>divinam</strong></span> <span class='ocrx_word' id='word_1_748' title='bbox 2591 4158 3033 4230; x_wconf 89' lang='lat' dir='ltr'><strong>mystagogiam</strong></span> <span class='ocrx_word' id='word_1_749' title='bbox 3051 4158 3421 4229; x_wconf 88' lang='lat' dir='ltr'><strong>insererent,j</strong></span> <span class='ocrx_word' id='word_1_750' title='bbox 3432 4162 3573 4215; x_wconf 84' lang='lat' dir='ltr'><strong>uxta</strong></span> 
     </span>
    </p>
   </div>
   <div class='ocr_carea' id='block_1_104' title="bbox 1924 4248 3571 4319">
    <p class='ocr_par' dir='ltr' id='par_1_104' title="bbox 1924 4248 3571 4319">
     <span class='ocr_line' id='line_1_104' title="bbox 1924 4248 3571 4319; baseline -0.001 -13"><span class='ocrx_word' id='word_1_751' title='bbox 1924 4255 2268 4307; x_wconf 87' lang='lat' dir='ltr'><strong>sanctorum</strong></span> <span class='ocrx_word' id='word_1_752' title='bbox 2321 4248 2823 4319; x_wconf 87' lang='lat' dir='ltr'><strong>evangelistarum</strong></span> <span class='ocrx_word' id='word_1_753' title='bbox 2886 4248 3288 4304; x_wconf 87' lang='lat' dir='ltr'><strong>traditionem.</strong></span> <span class='ocrx_word' id='word_1_754' title='bbox 3346 4249 3571 4305; x_wconf 85' lang='lat' dir='ltr'><strong>Horum</strong></span> 
     </span>
    </p>
   </div>
   <div class='ocr_carea' id='block_1_105' title="bbox 1848 4312 3571 4412">
    <p class='ocr_par' dir='ltr' id='par_1_105' title="bbox 1848 4312 3571 4412">
     <span class='ocr_line' id='line_1_105' title="bbox 1848 4312 3571 4412; baseline -0.002 -18"><span class='ocrx_word' id='word_1_755' title='bbox 1848 4312 1894 4367; x_wconf 80' lang='lat' dir='ltr'><strong>D</strong></span> <span class='ocrx_word' id='word_1_756' title='bbox 1922 4339 2146 4412; x_wconf 90' lang='lat' dir='ltr'><strong>quippe</strong></span> <span class='ocrx_word' id='word_1_757' title='bbox 2159 4312 2541 4394; x_wconf 73' lang='lat' dir='ltr'><strong>manifestum</strong></span> <span class='ocrx_word' id='word_1_758' title='bbox 2555 4335 2853 4407; x_wconf 63' lang='lat' dir='ltr'><strong>praecipue</strong></span> <span class='ocrx_word' id='word_1_759' title='bbox 2866 4334 3170 4405; x_wconf 87' lang='lat' dir='ltr'><strong>negotium</strong></span> <span class='ocrx_word' id='word_1_760' title='bbox 3184 4335 3571 4407; x_wconf 89' lang='lat' dir='ltr'><strong>studiumque</strong></span> 
     </span>
    </p>
   </div>
   <div class='ocr_carea' id='block_1_106' title="bbox 1921 4422 3569 4497">
    <p class='ocr_par' dir='ltr' id='par_1_106' title="bbox 1921 4422 3569 4497">
     <span class='ocr_line' id='line_1_106' title="bbox 1921 4422 3569 4497; baseline -0.003 -14"><span class='ocrx_word' id='word_1_761' title='bbox 1921 4427 2071 4483; x_wconf 91' lang='lat' dir='ltr'><strong>nihil</strong></span> <span class='ocrx_word' id='word_1_762' title='bbox 2100 4425 2262 4482; x_wconf 87' lang='lat' dir='ltr'><strong>aliud</strong></span> <span class='ocrx_word' id='word_1_763' title='bbox 2287 4424 2551 4497; x_wconf 90' lang='lat' dir='ltr'><strong>apertius</strong></span> <span class='ocrx_word' id='word_1_764' title='bbox 2582 4423 2972 4488; x_wconf 89' lang='lat' dir='ltr'><strong>demonstrat,</strong></span> <span class='ocrx_word' id='word_1_765' title='bbox 3039 4438 3226 4495; x_wconf 89' lang='lat' dir='ltr'><strong>quam</strong></span> <span class='ocrx_word' id='word_1_766' title='bbox 3280 4422 3440 4496; x_wconf 90' lang='lat' dir='ltr'><strong>quod</strong></span> <span class='ocrx_word' id='word_1_767' title='bbox 3493 4423 3569 4478; x_wconf 92' lang='lat' dir='ltr'><strong>de</strong></span> 
     </span>
    </p>
   </div>
   <div class='ocr_carea' id='block_1_107' title="bbox 1923 4511 3571 4587">
    <p class='ocr_par' dir='ltr' id='par_1_107' title="bbox 1923 4511 3571 4587">
     <span class='ocr_line' id='line_1_107' title="bbox 1923 4511 3571 4587; baseline -0.004 -16"><span class='ocrx_word' id='word_1_768' title='bbox 1923 4520 2132 4573; x_wconf 89' lang='lat' dir='ltr'><strong>sancto</strong></span> <span class='ocrx_word' id='word_1_769' title='bbox 2151 4514 2368 4587; x_wconf 87' lang='lat' dir='ltr'><strong>Spiritu</strong></span> <span class='ocrx_word' id='word_1_770' title='bbox 2398 4513 2577 4570; x_wconf 85' lang='lat' dir='ltr'><strong>Maria</strong></span> <span class='ocrx_word' id='word_1_771' title='bbox 2597 4527 2834 4583; x_wconf 90' lang='lat' dir='ltr'><strong>semper</strong></span> <span class='ocrx_word' id='word_1_772' title='bbox 2864 4512 3037 4581; x_wconf 88' lang='lat' dir='ltr'><strong>Virgo</strong></span> <span class='ocrx_word' id='word_1_773' title='bbox 3068 4515 3125 4567; x_wconf 92' lang='lat' dir='ltr'><strong>et</strong></span> <span class='ocrx_word' id='word_1_774' title='bbox 3153 4511 3404 4582; x_wconf 88' lang='lat' dir='ltr'><strong>Deipara</strong></span> <span class='ocrx_word' id='word_1_775' title='bbox 3433 4526 3571 4566; x_wconf 93' lang='lat' dir='ltr'><strong>con-</strong></span> 
     </span>
    </p>
   </div>
   <div class='ocr_carea' id='block_1_108' title="bbox 1922 4598 3568 4677">
    <p class='ocr_par' dir='ltr' id='par_1_108' title="bbox 1922 4598 3568 4677">
     <span class='ocr_line' id='line_1_108' title="bbox 1922 4598 3568 4677; baseline -0.004 -17"><span class='ocrx_word' id='word_1_776' title='bbox 1922 4605 2144 4677; x_wconf 83' lang='lat' dir='ltr'><strong>ceperit</strong></span> <span class='ocrx_word' id='word_1_777' title='bbox 2165 4602 2551 4674; x_wconf 87' lang='lat' dir='ltr'><strong>genueritque</strong></span> <span class='ocrx_word' id='word_1_778' title='bbox 2572 4598 3148 4656; x_wconf 87' lang='lat' dir='ltr'><strong>consubstantialem</strong></span> <span class='ocrx_word' id='word_1_779' title='bbox 3170 4602 3387 4654; x_wconf 81' lang='lat' dir='ltr'><strong>aeterno</strong></span> <span class='ocrx_word' id='word_1_780' title='bbox 3411 4598 3568 4655; x_wconf 88' lang='lat' dir='ltr'><strong>Patri</strong></span> 
     </span>
    </p>
   </div>
   <div class='ocr_carea' id='block_1_109' title="bbox 1924 4687 3569 4760">
    <p class='ocr_par' dir='ltr' id='par_1_109' title="bbox 1924 4687 3569 4760">
     <span class='ocr_line' id='line_1_109' title="bbox 1924 4687 3569 4760; baseline -0.004 -11"><span class='ocrx_word' id='word_1_781' title='bbox 1924 4694 2134 4749; x_wconf 80' lang='lat' dir='ltr'><strong>Filium</strong></span> <span class='ocrx_word' id='word_1_782' title='bbox 2165 4707 2234 4748; x_wconf 83' lang='lat' dir='ltr'><strong>ac</strong></span> <span class='ocrx_word' id='word_1_783' title='bbox 2276 4690 2529 4747; x_wconf 87' lang='lat' dir='ltr'><strong>Verbum</strong></span> <span class='ocrx_word' id='word_1_784' title='bbox 2554 4707 2568 4756; x_wconf 86' lang='lat'><strong>;</strong></span> <span class='ocrx_word' id='word_1_785' title='bbox 2593 4688 2686 4744; x_wconf 90' lang='lat' dir='ltr'><strong>cui</strong></span> <span class='ocrx_word' id='word_1_786' title='bbox 2713 4687 2929 4744; x_wconf 90' lang='lat' dir='ltr'><strong>deinde</strong></span> <span class='ocrx_word' id='word_1_787' title='bbox 2952 4687 3253 4760; x_wconf 89' lang='lat' dir='ltr'><strong>baptizato</strong></span> <span class='ocrx_word' id='word_1_788' title='bbox 3304 4687 3569 4743; x_wconf 88' lang='lat' dir='ltr'><strong>testimo-</strong></span> 
     </span>
    </p>
   </div>
   <div class='ocr_carea' id='block_1_110' title="bbox 1920 4775 3571 4849">
    <p class='ocr_par' dir='ltr' id='par_1_110' title="bbox 1920 4775 3571 4849">
     <span class='ocr_line' id='line_1_110' title="bbox 1920 4775 3571 4849; baseline -0.005 -10"><span class='ocrx_word' id='word_1_789' title='bbox 1920 4783 2088 4839; x_wconf 91' lang='lat' dir='ltr'><strong>nium</strong></span> <span class='ocrx_word' id='word_1_790' title='bbox 2119 4780 2345 4837; x_wconf 88' lang='lat' dir='ltr'><strong>dederit</strong></span> <span class='ocrx_word' id='word_1_791' title='bbox 2367 4778 2636 4835; x_wconf 85' lang='lat' dir='ltr'><strong>viviﬁcus</strong></span> <span class='ocrx_word' id='word_1_792' title='bbox 2662 4781 2719 4833; x_wconf 89' lang='lat' dir='ltr'><strong>et</strong></span> <span class='ocrx_word' id='word_1_793' title='bbox 2738 4776 3262 4833; x_wconf 89' lang='lat' dir='ltr'><strong>consubstantialis</strong></span> <span class='ocrx_word' id='word_1_794' title='bbox 3302 4775 3571 4849; x_wconf 91' lang='lat' dir='ltr'><strong>ejusdem</strong></span> 
     </span>
    </p>
   </div>
   <div class='ocr_carea' id='block_1_111' title="bbox 1995 4936 3309 5015">
    <p class='ocr_par' dir='ltr' id='par_1_111' title="bbox 1995 4936 3309 5015">
     <span class='ocr_line' id='line_1_111' title="bbox 1995 4936 3309 5015; baseline -0.007 -16"><span class='ocrx_word' id='word_1_795' title='bbox 1995 4945 2070 5015; x_wconf 73' lang='grc'><strong>(4)</strong></span> <span class='ocrx_word' id='word_1_796' title='bbox 2095 4942 2238 5015; x_wconf 81' lang='lat' dir='ltr'><strong>Hinc</strong></span> <span class='ocrx_word' id='word_1_797' title='bbox 2266 4937 2688 5015; x_wconf 78' lang='lat' dir='ltr'><strong>tantummodo</strong></span> <span class='ocrx_word' id='word_1_798' title='bbox 2717 4936 2925 5015; x_wconf 81' lang='lat' dir='ltr'><strong>incipit</strong></span> <span class='ocrx_word' id='word_1_799' title='bbox 2969 4936 3161 5015; x_wconf 54' lang='lat' dir='ltr'><strong>code;</strong></span> <span class='ocrx_word' id='word_1_800' title='bbox 3187 4939 3309 4993; x_wconf 85' lang='lat'><strong>632.</strong></span> 
     </span>
    </p>
   </div>
   <div class='ocr_carea' id='block_1_112' title="bbox 1992 5007 3575 5085">
    <p class='ocr_par' dir='ltr' id='par_1_112' title="bbox 1992 5007 3575 5085">
     <span class='ocr_line' id='line_1_112' title="bbox 1992 5007 3575 5085; baseline -0.005 -14"><span class='ocrx_word' id='word_1_801' title='bbox 1992 5007 2068 5085; x_wconf 42' lang='lat'><strong>(‘5)</strong></span> <span class='ocrx_word' id='word_1_802' title='bbox 2097 5014 2186 5070; x_wconf 91' lang='lat' dir='ltr'><strong>Sic</strong></span> <span class='ocrx_word' id='word_1_803' title='bbox 2216 5013 2465 5081; x_wconf 84' lang='lat' dir='ltr'><strong>Algerus</strong></span> <span class='ocrx_word' id='word_1_804' title='bbox 2491 5007 2880 5085; x_wconf 79' lang='lat' dir='ltr'><strong>scholasticus</strong></span> <span class='ocrx_word' id='word_1_805' title='bbox 2896 5007 2975 5085; x_wconf 72' lang='lat' dir='ltr'><strong>in</strong></span> <span class='ocrx_word' id='word_1_806' title='bbox 2988 5007 3155 5085; x_wconf 84' lang='lat' dir='ltr'><strong>brevi</strong></span> <span class='ocrx_word' id='word_1_807' title='bbox 3174 5007 3467 5085; x_wconf 86' lang='lat' dir='ltr'><strong>opusculo</strong></span> <span class='ocrx_word' id='word_1_808' title='bbox 3490 5009 3575 5085; x_wconf 68' lang='lat' dir='ltr'><strong>De</strong></span> 
     </span>
    </p>
   </div>
   <div class='ocr_carea' id='block_1_113' title="bbox 1920 5077 3574 5153">
    <p class='ocr_par' dir='ltr' id='par_1_113' title="bbox 1920 5077 3574 5153">
     <span class='ocr_line' id='line_1_113' title="bbox 1920 5077 3574 5153; baseline -0.005 -11"><span class='ocrx_word' id='word_1_809' title='bbox 1920 5077 2213 5153; x_wconf 62' lang='lat' dir='ltr'><strong>sacriﬁcio</strong></span> <span class='ocrx_word' id='word_1_810' title='bbox 2238 5077 2454 5147; x_wconf 65' lang='lat' dir='ltr'><strong>missae,</strong></span> <span class='ocrx_word' id='word_1_811' title='bbox 2485 5080 2652 5152; x_wconf 89' lang='lat' dir='ltr'><strong>quod</strong></span> <span class='ocrx_word' id='word_1_812' title='bbox 2682 5094 2794 5153; x_wconf 86' lang='lat' dir='ltr'><strong>nos</strong></span> <span class='ocrx_word' id='word_1_813' title='bbox 2842 5077 3141 5153; x_wconf 80' lang='lat' dir='ltr'><strong>edidimus</strong></span> <span class='ocrx_word' id='word_1_814' title='bbox 3194 5077 3254 5153; x_wconf 80' lang='lat' dir='ltr'><strong>in</strong></span> <span class='ocrx_word' id='word_1_815' title='bbox 3304 5084 3467 5153; x_wconf 88' lang='lat' dir='ltr'><strong>tomo</strong></span> <span class='ocrx_word' id='word_1_816' title='bbox 3506 5082 3574 5153; x_wconf 67' lang='lat' dir='ltr'><strong>lx</strong></span> 
     </span>
    </p>
   </div>
   <div class='ocr_carea' id='block_1_114' title="bbox 1919 5150 3574 5227">
    <p class='ocr_par' dir='ltr' id='par_1_114' title="bbox 1919 5150 3574 5227">
     <span class='ocr_line' id='line_1_114' title="bbox 1919 5150 3574 5227; baseline -0.005 -13"><span class='ocrx_word' id='word_1_817' title='bbox 1919 5150 2132 5227; x_wconf 69' lang='lat' dir='ltr'><strong>Script.</strong></span> <span class='ocrx_word' id='word_1_818' title='bbox 2169 5162 2280 5211; x_wconf 77' lang='lat' dir='ltr'><strong>vel.</strong></span> <span class='ocrx_word' id='word_1_819' title='bbox 2310 5154 2391 5209; x_wconf 87' lang='lat' dir='ltr'><strong>ait</strong></span> <span class='ocrx_word' id='word_1_820' title='bbox 2418 5150 2747 5223; x_wconf 58' lang='lat' dir='ltr'><strong>:LSblemm&#39;s</strong></span> <span class='ocrx_word' id='word_1_821' title='bbox 2776 5150 3094 5227; x_wconf 74' lang='lat' dir='ltr'><strong>celebratio</strong></span> <span class='ocrx_word' id='word_1_822' title='bbox 3117 5150 3574 5227; x_wconf 47' lang='lat' dir='ltr'><strong>totizrsmi&#39;ssead</strong></span> 
     </span>
    </p>
   </div>
   <div class='ocr_carea' id='block_1_115' title="bbox 1922 5221 3572 5292">
    <p class='ocr_par' dir='ltr' id='par_1_115' title="bbox 1922 5221 3572 5292">
     <span class='ocr_line' id='line_1_115' title="bbox 1922 5221 3572 5292; baseline -0.007 -8"><span class='ocrx_word' id='word_1_823' title='bbox 1922 5221 2335 5284; x_wconf 64' lang='lat' dir='ltr'><strong>hoc&#39;instituta</strong></span> <span class='ocrx_word' id='word_1_824' title='bbox 2359 5221 2536 5292; x_wconf 78' lang='lat' dir='ltr'><strong>est,ut</strong></span> <span class='ocrx_word' id='word_1_825' title='bbox 2560 5222 2900 5278; x_wconf 77' lang='lat' dir='ltr'><strong>memoriam</strong></span> <span class='ocrx_word' id='word_1_826' title='bbox 2913 5222 3213 5290; x_wconf 73' lang='lat' dir='ltr'><strong>epxrimat</strong></span> <span class='ocrx_word' id='word_1_827' title='bbox 3233 5221 3464 5277; x_wconf 74' lang='lat' dir='ltr'><strong>Christi</strong></span> <span class='ocrx_word' id='word_1_828' title='bbox 3487 5236 3572 5274; x_wconf 81' lang='lat' dir='ltr'><strong>ve-</strong></span> 
     </span>
    </p>
   </div>
   <div class='ocr_carea' id='block_1_116' title="bbox 1918 5296 2666 5359">
    <p class='ocr_par' dir='ltr' id='par_1_116' title="bbox 1918 5296 2666 5359">
     <span class='ocr_line' id='line_1_116' title="bbox 1918 5296 2666 5359; baseline -0.008 -3"><span class='ocrx_word' id='word_1_829' title='bbox 1918 5300 2137 5356; x_wconf 79' lang='lat' dir='ltr'><strong>nientis</strong></span> <span class='ocrx_word' id='word_1_830' title='bbox 2168 5300 2229 5353; x_wconf 80' lang='lat' dir='ltr'><strong>in</strong></span> <span class='ocrx_word' id='word_1_831' title='bbox 2265 5311 2527 5359; x_wconf 80' lang='lat' dir='ltr'><strong>carnem,</strong></span> <span class='ocrx_word' id='word_1_832' title='bbox 2553 5296 2666 5350; x_wconf 90' lang='lat' dir='ltr'><strong>etc.</strong></span> 
     </span>
    </p>
   </div>
   <div class='ocr_carea' id='block_1_117' title="bbox 1991 5360 3576 5441">
    <p class='ocr_par' dir='ltr' id='par_1_117' title="bbox 1991 5360 3576 5441">
     <span class='ocr_line' id='line_1_117' title="bbox 1991 5360 3576 5441; baseline -0.009 -15"><span class='ocrx_word' id='word_1_833' title='bbox 1991 5372 2079 5441; x_wconf 15' lang='lat'><strong>(6),</strong></span> <span class='ocrx_word' id='word_1_834' title='bbox 2111 5368 2351 5441; x_wconf 88' lang='lat' dir='ltr'><strong>Concha</strong></span> <span class='ocrx_word' id='word_1_835' title='bbox 2402 5370 2524 5421; x_wconf 87' lang='lat' dir='ltr'><strong>sive</strong></span> <span class='ocrx_word' id='word_1_836' title='bbox 2567 5363 2819 5420; x_wconf 90' lang='lat' dir='ltr'><strong>lacunar</strong></span> <span class='ocrx_word' id='word_1_837' title='bbox 2875 5361 3304 5441; x_wconf 71' lang='lat' dir='ltr'><strong>Graeci_altaris</strong></span> <span class='ocrx_word' id='word_1_838' title='bbox 3327 5360 3576 5441; x_wconf 77' lang='lat' dir='ltr'><strong>denotat</strong></span> 
     </span>
    </p>
   </div>
   <div class='ocr_carea' id='block_1_118' title="bbox 1923 5431 3572 5506">
    <p class='ocr_par' dir='ltr' id='par_1_118' title="bbox 1923 5431 3572 5506">
     <span class='ocr_line' id='line_1_118' title="bbox 1923 5431 3572 5506; baseline -0.008 -9"><span class='ocrx_word' id='word_1_839' title='bbox 1923 5431 2238 5497; x_wconf 48' lang='lat' dir='ltr'><strong>Be‘thleemi</strong></span> <span class='ocrx_word' id='word_1_840' title='bbox 2297 5443 2535 5494; x_wconf 88' lang='lat' dir='ltr'><strong>antrum</strong></span> <span class='ocrx_word' id='word_1_841' title='bbox 2586 5450 2687 5490; x_wconf 91' lang='lat' dir='ltr'><strong>seu</strong></span> <span class='ocrx_word' id='word_1_842' title='bbox 2743 5448 3032 5506; x_wconf 63' lang='lat' dir='ltr'><strong>praesepe.</strong></span> <span class='ocrx_word' id='word_1_843' title='bbox 3082 5431 3311 5506; x_wconf 81' lang='lat' dir='ltr'><strong>Ibidem</strong></span> <span class='ocrx_word' id='word_1_844' title='bbox 3370 5434 3572 5506; x_wconf 80' lang='lat' dir='ltr'><strong>autem</strong></span> 
     </span>
    </p>
   </div>
   <div class='ocr_carea' id='block_1_119' title="bbox 1921 5500 3573 5579">
    <p class='ocr_par' dir='ltr' id='par_1_119' title="bbox 1921 5500 3573 5579">
     <span class='ocr_line' id='line_1_119' title="bbox 1921 5500 3573 5579; baseline -0.008 -12"><span class='ocrx_word' id='word_1_845' title='bbox 1921 5511 2106 5568; x_wconf 90' lang='lat' dir='ltr'><strong>modo</strong></span> <span class='ocrx_word' id='word_1_846' title='bbox 2140 5508 2520 5567; x_wconf 82' lang='lat' dir='ltr'><strong>caenaculum</strong></span> <span class='ocrx_word' id='word_1_847' title='bbox 2577 5500 2762 5579; x_wconf 65' lang='lat' dir='ltr'><strong>pingi&#39;</strong></span> <span class='ocrx_word' id='word_1_848' title='bbox 2795 5500 2963 5573; x_wconf 65' lang='lat' dir='ltr'><strong>solet,</strong></span> <span class='ocrx_word' id='word_1_849' title='bbox 3003 5501 3187 5559; x_wconf 91' lang='lat' dir='ltr'><strong>modo</strong></span> <span class='ocrx_word' id='word_1_850' title='bbox 3232 5500 3573 5572; x_wconf 87' lang='lat' dir='ltr'><strong>sepulcrum</strong></span> 
     </span>
    </p>
   </div>
   <div class='ocr_carea' id='block_1_120' title="bbox 1926 5581 2187 5640">
    <p class='ocr_par' dir='ltr' id='par_1_120' title="bbox 1926 5581 2187 5640">
     <span class='ocr_line' id='line_1_120' title="bbox 1926 5581 2187 5640; baseline -0.004 0"><span class='ocrx_word' id='word_1_851' title='bbox 1926 5581 2187 5640; x_wconf 90' lang='lat' dir='ltr'><strong>Domini.</strong></span> 
     </span>
    </p>
   </div>
   <div class='ocr_carea' id='block_1_121' title="bbox 4042 1046 4089 1063">
    <p class='ocr_par' dir='ltr' id='par_1_121' title="bbox 4042 1046 4089 1063">
     <span class='ocr_line' id='line_1_121' title="bbox 4042 1046 4089 1063; baseline 0 0"><span class='ocrx_word' id='word_1_852' title='bbox 4042 1052 4053 1061; x_wconf 72' lang='grc' dir='ltr'><strong><em>ο</em></strong></span> <span class='ocrx_word' id='word_1_853' title='bbox 4080 1046 4089 1063; x_wconf 64' lang='grc'><strong>1</strong></span> 
     </span>
    </p>
   </div>
   <div class='ocr_carea' id='block_1_122' title="bbox 4040 1068 4055 1079">
    <p class='ocr_par' dir='ltr' id='par_1_122' title="bbox 4040 1068 4055 1079">
     <span class='ocr_line' id='line_1_122' title="bbox 4040 1068 4055 1079; baseline 0 0"><span class='ocrx_word' id='word_1_854' title='bbox 4040 1068 4055 1079; x_wconf 66' lang='grc' dir='ltr'><strong><em>ο</em></strong></span> 
     </span>
    </p>
   </div>
   <div class='ocr_carea' id='block_1_123' title="bbox 4036 1128 4085 1163">
    <p class='ocr_par' dir='ltr' id='par_1_123' title="bbox 4036 1128 4085 1163">
     <span class='ocr_line' id='line_1_123' title="bbox 4036 1128 4085 1163; baseline 0 -26"><span class='ocrx_word' id='word_1_855' title='bbox 4036 1128 4085 1163; x_wconf 22' lang='grc'><strong>...4</strong></span> 
     </span>
    </p>
   </div>
   <div class='ocr_carea' id='block_1_124' title="bbox 4048 1194 4061 1205">
    <p class='ocr_par' dir='ltr' id='par_1_124' title="bbox 4048 1194 4061 1205">
     <span class='ocr_line' id='line_1_124' title="bbox 4048 1194 4061 1205; baseline 0 0"><span class='ocrx_word' id='word_1_856' title='bbox 4048 1194 4061 1205; x_wconf 67' lang='grc' dir='ltr'><strong><em>ο</em></strong></span> 
     </span>
    </p>
   </div>
   <div class='ocr_carea' id='block_1_125' title="bbox 4042 1232 4089 1241">
    <p class='ocr_par' dir='ltr' id='par_1_125' title="bbox 4042 1232 4089 1241">
     <span class='ocr_line' id='line_1_125' title="bbox 4042 1232 4089 1241; baseline 0 0"><span class='ocrx_word' id='word_1_857' title='bbox 4042 1234 4047 1239; x_wconf 82' lang='grc' dir='ltr'><strong>ι</strong></span> <span class='ocrx_word' id='word_1_858' title='bbox 4084 1232 4089 1241; x_wconf 70' lang='grc' dir='ltr'><strong>ι</strong></span> 
     </span>
    </p>
   </div>
   <div class='ocr_carea' id='block_1_126' title="bbox 4008 1256 4089 1285">
    <p class='ocr_par' dir='ltr' id='par_1_126' title="bbox 4008 1256 4089 1285">
     <span class='ocr_line' id='line_1_126' title="bbox 4008 1256 4089 1285; baseline 0 -18"><span class='ocrx_word' id='word_1_859' title='bbox 4008 1256 4089 1285; x_wconf 44' lang='grc' dir='ltr'><strong>ὶλτ⁴</strong></span> 
     </span>
    </p>
   </div>
   <div class='ocr_carea' id='block_1_127' title="bbox 4006 1290 4077 1303">
    <p class='ocr_par' dir='ltr' id='par_1_127' title="bbox 4006 1290 4077 1303">
     <span class='ocr_line' id='line_1_127' title="bbox 4006 1290 4077 1303; baseline 0 0"><span class='ocrx_word' id='word_1_860' title='bbox 4006 1290 4011 1299; x_wconf 73' lang='grc' dir='ltr'><strong>ι</strong></span> <span class='ocrx_word' id='word_1_861' title='bbox 4056 1292 4077 1303; x_wconf 55' lang='lat'>4</span> 
     </span>
    </p>
   </div>
   <div class='ocr_carea' id='block_1_128' title="bbox 4038 1364 4089 1391">
    <p class='ocr_par' dir='ltr' id='par_1_128' title="bbox 4038 1364 4089 1391">
     <span class='ocr_line' id='line_1_128' title="bbox 4038 1364 4089 1391; baseline 0 -26"><span class='ocrx_word' id='word_1_862' title='bbox 4038 1364 4089 1391; x_wconf 35' lang='grc' dir='ltr'>’ν</span> 
     </span>
    </p>
   </div>
   <div class='ocr_carea' id='block_1_129' title="bbox 4042 1396 4069 1411">
    <p class='ocr_par' dir='ltr' id='par_1_129' title="bbox 4042 1396 4069 1411">
     <span class='ocr_line' id='line_1_129' title="bbox 4042 1396 4069 1411; baseline 0 0"><span class='ocrx_word' id='word_1_863' title='bbox 4042 1396 4069 1411; x_wconf 62' lang='grc' dir='ltr'><strong>ει</strong></span> 
     </span>
    </p>
   </div>
   <div class='ocr_carea' id='block_1_130' title="bbox 4044 1458 4089 1493">
    <p class='ocr_par' dir='ltr' id='par_1_130' title="bbox 4044 1458 4089 1493">
     <span class='ocr_line' id='line_1_130' title="bbox 4044 1458 4089 1493; baseline 0 0"><span class='ocrx_word' id='word_1_864' title='bbox 4044 1458 4089 1493; x_wconf 63' lang='grc' dir='ltr'><em>ὁ.</em></span> 
     </span>
    </p>
   </div>
   <div class='ocr_carea' id='block_1_131' title="bbox 4038 1512 4089 1555">
    <p class='ocr_par' dir='ltr' id='par_1_131' title="bbox 4038 1512 4089 1555">
     <span class='ocr_line' id='line_1_131' title="bbox 4038 1512 4089 1555; baseline 0 0"><span class='ocrx_word' id='word_1_865' title='bbox 4038 1512 4089 1555; x_wconf 54' lang='grc'><strong>⁸4</strong></span> 
     </span>
    </p>
   </div>
   <div class='ocr_carea' id='block_1_132' title="bbox 4026 1566 4077 1589">
    <p class='ocr_par' dir='ltr' id='par_1_132' title="bbox 4026 1566 4077 1589">
     <span class='ocr_line' id='line_1_132' title="bbox 4026 1566 4077 1589; baseline 0 0"><span class='ocrx_word' id='word_1_866' title='bbox 4026 1566 4077 1589; x_wconf 69' lang='grc' dir='ltr'><strong>,οὲ</strong></span> 
     </span>
    </p>
   </div>
   <div class='ocr_carea' id='block_1_133' title="bbox 4014 1586 4089 1627">
    <p class='ocr_par' dir='ltr' id='par_1_133' title="bbox 4014 1586 4089 1627">
     <span class='ocr_line' id='line_1_133' title="bbox 4014 1586 4089 1627; baseline 0 0"><span class='ocrx_word' id='word_1_867' title='bbox 4014 1586 4089 1627; x_wconf 44' lang='lat' dir='ltr'><strong>\-qﬁ</strong></span> 
     </span>
    </p>
   </div>
   <div class='ocr_carea' id='block_1_134' title="bbox 4026 1666 4089 1693">
    <p class='ocr_par' dir='ltr' id='par_1_134' title="bbox 4026 1666 4089 1693">
     <span class='ocr_line' id='line_1_134' title="bbox 4026 1666 4089 1693; baseline -0.032 0"><span class='ocrx_word' id='word_1_868' title='bbox 4026 1666 4089 1693; x_wconf 47' lang='lat'><strong>4-»:</strong></span> 
     </span>
    </p>
   </div>
   <div class='ocr_carea' id='block_1_135' title="bbox 4038 1698 4089 1745">
    <p class='ocr_par' dir='ltr' id='par_1_135' title="bbox 4038 1714 4089 1745">
     <span class='ocr_line' id='line_1_135' title="bbox 4038 1714 4089 1745; baseline 0 0"><span class='ocrx_word' id='word_1_869' title='bbox 4038 1714 4047 1729; x_wconf 62' lang='grc' dir='ltr'><strong>ί</strong></span> <span class='ocrx_word' id='word_1_870' title='bbox 4084 1726 4089 1745; x_wconf 76' lang='grc' dir='ltr'><strong>ι</strong></span> 
     </span>
    </p>
   </div>
   <div class='ocr_carea' id='block_1_136' title="bbox 4032 1748 4079 1769">
    <p class='ocr_par' dir='ltr' id='par_1_136' title="bbox 4032 1748 4079 1769">
     <span class='ocr_line' id='line_1_136' title="bbox 4032 1748 4079 1769; baseline 0 0"><span class='ocrx_word' id='word_1_871' title='bbox 4032 1748 4079 1769; x_wconf 49' lang='lat'><strong>\-</strong></span> 
     </span>
    </p>
   </div>
   <div class='ocr_carea' id='block_1_137' title="bbox 4038 1804 4085 1827">
    <p class='ocr_par' dir='ltr' id='par_1_137' title="bbox 4038 1804 4085 1827">
     <span class='ocr_line' id='line_1_137' title="bbox 4038 1804 4085 1827; baseline 0 0"><span class='ocrx_word' id='word_1_872' title='bbox 4038 1804 4085 1827; x_wconf 61' lang='grc' dir='ltr'><strong>εἳ</strong></span> 
     </span>
    </p>
   </div>
   <div class='ocr_carea' id='block_1_138' title="bbox 4036 1844 4081 1865">
    <p class='ocr_par' dir='ltr' id='par_1_138' title="bbox 4036 1844 4081 1861">
     <span class='ocr_line' id='line_1_138' title="bbox 4036 1844 4081 1861; baseline 0 0"><span class='ocrx_word' id='word_1_873' title='bbox 4036 1844 4045 1853; x_wconf 77' lang='grc'><strong>⁹</strong></span> <span class='ocrx_word' id='word_1_874' title='bbox 4070 1850 4081 1861; x_wconf 65' lang='grc' dir='ltr'>ι</span> 
     </span>
    </p>
   </div>
   <div class='ocr_carea' id='block_1_139' title="bbox 4030 1886 4063 1903">
    <p class='ocr_par' dir='ltr' id='par_1_139' title="bbox 4030 1886 4063 1903">
     <span class='ocr_line' id='line_1_139' title="bbox 4030 1886 4063 1903; baseline 0 -4"><span class='ocrx_word' id='word_1_875' title='bbox 4030 1886 4063 1903; x_wconf 69' lang='grc' dir='ltr'>,ο</span> 
     </span>
    </p>
   </div>
   <div class='ocr_carea' id='block_1_140' title="bbox 3652 0 4093 1228">
    <p class='ocr_par' dir='ltr' id='par_1_140' title="bbox 3656 4 4089 1163">
     <span class='ocr_line' id='line_1_140' title="bbox 3656 4 4039 41; baseline -0.003 -7"><span class='ocrx_word' id='word_1_876' title='bbox 3656 4 3981 41; x_wconf 47' lang='grc' dir='ltr'><strong>ευρ-φηγ.</strong></span> <span class='ocrx_word' id='word_1_877' title='bbox 4036 4 4039 5; x_wconf 46' lang='grc' dir='ltr'><strong>ν</strong></span> 
     </span>
     <span class='ocr_line' id='line_1_141' title="bbox 3664 34 3957 67; baseline 0 -18"><span class='ocrx_word' id='word_1_878' title='bbox 3664 44 3717 65; x_wconf 48' lang='grc' dir='ltr'><strong>λη</strong></span> <span class='ocrx_word' id='word_1_879' title='bbox 3750 38 3891 67; x_wconf 44' lang='lat' dir='ltr'><strong>‘A..&quot;</strong></span> <span class='ocrx_word' id='word_1_880' title='bbox 3924 34 3957 63; x_wconf 56' lang='grc' dir='ltr'><strong>ἷ-</strong></span> 
     </span>
     <span class='ocr_line' id='line_1_142' title="bbox 3716 72 3999 107; baseline -0.004 0"><span class='ocrx_word' id='word_1_881' title='bbox 3716 104 3725 107; x_wconf 82' lang='grc'><strong>-</strong></span> <span class='ocrx_word' id='word_1_882' title='bbox 3918 72 3999 101; x_wconf 53' lang='grc' dir='ltr'><strong>Ἃ”“</strong></span> 
     </span>
     <span class='ocr_line' id='line_1_143' title="bbox 3990 152 4023 179; baseline 0 0"><span class='ocrx_word' id='word_1_883' title='bbox 3990 152 4023 179; x_wconf 58' lang='grc' dir='ltr'><strong>⁵ο</strong></span> 
     </span>
     <span class='ocr_line' id='line_1_144' title="bbox 4010 476 4043 523; baseline 0 -8"><span class='ocrx_word' id='word_1_884' title='bbox 4010 476 4043 523; x_wconf 35' lang='grc' dir='ltr'>σγ.</span> 
     </span>
     <span class='ocr_line' id='line_1_145' title="bbox 4040 996 4089 1079; baseline 0 -16"><span class='ocrx_word' id='word_1_885' title='bbox 4040 996 4089 1079; x_wconf 62' lang='lat'><strong>:1</strong></span> 
     </span>
     <span class='ocr_line' id='line_1_146' title="bbox 4036 1082 4089 1163; baseline -0.075 0"><span class='ocrx_word' id='word_1_886' title='bbox 4036 1082 4089 1163; x_wconf 63' lang='lat'><strong>2-3</strong></span> 
     </span>
    </p>
   </div>
   <div class='ocr_carea' id='block_1_141' title="bbox 4022 1912 4067 2433">
    <p class='ocr_par' dir='ltr' id='par_1_141' title="bbox 4022 2120 4067 2353">
     <span class='ocr_line' id='line_1_147' title="bbox 4022 2120 4057 2141; baseline 0 -12"><span class='ocrx_word' id='word_1_887' title='bbox 4022 2120 4057 2141; x_wconf 60' lang='lat'><strong>.1</strong></span> 
     </span>
     <span class='ocr_line' id='line_1_148' title="bbox 4038 2268 4047 2277; baseline 0 0"><span class='ocrx_word' id='word_1_888' title='bbox 4038 2268 4047 2277; x_wconf 70' lang='grc' dir='ltr'><em>ι</em></span> 
     </span>
     <span class='ocr_line' id='line_1_149' title="bbox 4054 2332 4067 2353; baseline 0 -2"><span class='ocrx_word' id='word_1_889' title='bbox 4054 2332 4067 2353; x_wconf 69' lang='grc' dir='ltr'><strong>Ι</strong></span> 
     </span>
    </p>
   </div>
   <div class='ocr_carea' id='block_1_142' title="bbox 4054 1906 4089 2394">
    <p class='ocr_par' dir='ltr' id='par_1_142' title="bbox 4054 1942 4089 2394">
     <span class='ocr_line' id='line_1_150' title="bbox 4054 1942 4089 2079; baseline 0 0"><span class='ocrx_word' id='word_1_890' title='bbox 4060 1984 4089 2079; x_wconf 70' lang='lat'><strong>.1</strong></span> 
     </span>
     <span class='ocr_line' id='line_1_151' title="bbox 4054 2086 4089 2394; baseline 0 -265"><span class='ocrx_word' id='word_1_891' title='bbox 4054 2086 4089 2394; x_wconf 29' lang='lat' dir='ltr'><strong>is</strong></span> 
     </span>
    </p>
   </div>
   <div class='ocr_carea' id='block_1_143' title="bbox 4042 2498 4055 2535">
    <p class='ocr_par' dir='ltr' id='par_1_143' title="bbox 4042 2498 4055 2535">
     <span class='ocr_line' id='line_1_152' title="bbox 4042 2498 4055 2511; baseline 0 0"><span class='ocrx_word' id='word_1_892' title='bbox 4042 2498 4055 2511; x_wconf 76' lang='grc' dir='ltr'><strong>ο</strong></span> 
     </span>
     <span class='ocr_line' id='line_1_153' title="bbox 4046 2526 4051 2535; baseline 0 0"><span class='ocrx_word' id='word_1_893' title='bbox 4046 2526 4051 2535; x_wconf 73' lang='grc' dir='ltr'><strong>ι</strong></span> 
     </span>
    </p>
   </div>
   <div class='ocr_carea' id='block_1_144' title="bbox 4060 2451 4089 2599">
    <p class='ocr_par' dir='ltr' id='par_1_144' title="bbox 4060 2451 4089 2599">
     <span class='ocr_line' id='line_1_154' title="bbox 4060 2451 4089 2599; baseline 0 0"><span class='ocrx_word' id='word_1_894' title='bbox 4060 2451 4089 2599; x_wconf 53' lang='grc' dir='ltr'>ἐ</span> 
     </span>
    </p>
   </div>
   <div class='ocr_carea' id='block_1_145' title="bbox 4050 2648 4061 2773">
    <p class='ocr_par' dir='ltr' id='par_1_145' title="bbox 4050 2648 4061 2773">
     <span class='ocr_line' id='line_1_155' title="bbox 4050 2648 4061 2657; baseline 0 0"><span class='ocrx_word' id='word_1_895' title='bbox 4050 2648 4061 2657; x_wconf 58' lang='grc' dir='ltr'>η</span> 
     </span>
     <span class='ocr_line' id='line_1_156' title="bbox 4050 2718 4059 2731; baseline 0 0"><span class='ocrx_word' id='word_1_896' title='bbox 4050 2718 4059 2731; x_wconf 66' lang='grc' dir='ltr'><strong>ο</strong></span> 
     </span>
     <span class='ocr_line' id='line_1_157' title="bbox 4050 2752 4057 2773; baseline 0 0"><span class='ocrx_word' id='word_1_897' title='bbox 4050 2752 4057 2773; x_wconf 76' lang='grc' dir='ltr'><strong><em>ἶ</em></strong></span> 
     </span>
    </p>
   </div>
   <div class='ocr_carea' id='block_1_146' title="bbox 4064 2624 4089 2757">
    <p class='ocr_par' dir='ltr' id='par_1_146' title="bbox 4064 2624 4089 2757">
     <span class='ocr_line' id='line_1_158' title="bbox 4064 2624 4089 2757; baseline 0 0"><span class='ocrx_word' id='word_1_898' title='bbox 4064 2624 4089 2757; x_wconf 60' lang='lat' dir='ltr'><strong>i</strong></span> 
     </span>
    </p>
   </div>
  </div>
