4106 6222
551 317 653 373 423
1827 313 2184 371 THEODORI
2222 314 2637 371 ANDIDENSIS

552 441 822 513 Spiritus.
848 442 1053 497 Postea
1100 443 1341 511 propter
1389 438 1739 495 triennalem
1777 438 2204 494 miraculorum

2314 458 2378 490 τα
2437 441 2494 489 τό
2557 437 2640 491 ἐπί
2697 444 2867 510 τρισὶν
2926 437 3180 502 ἐνιαυτοῖς
3241 443 3733 517 θαυματουργοῦντα
3810 439 3935 492 ἐπι-

549 547 814 599 cursum,
832 530 1178 583 Judaaorum
1204 528 1492 583 invidiam
1518 528 1860 594 incurrisse,
1884 532 1938 583 et
1966 544 2001 583 a
2033 527 2205 582 disci-

2314 528 2493 599 φθόνον
2548 530 2789 596 γενέσθαι
2845 537 2954 589 τοῖς
3012 527 3311 596 Ἰουδαίοις,
3370 537 3458 584 καὶ
3522 533 3620 582 ὑπό
3668 533 3933 603 μαθητοῦ

545 623 689 698 pulo
718 620 1041 693 proditum,
1064 616 1425 688 illusumque
1447 621 1504 671 et
1525 617 1902 685 cruciﬁxum,
1928 615 2204 687 sepulcro

548 711 876 773 conditum,
905 706 1160 777 denique
1190 705 1251 760 in
1280 706 1467 761 vitam
1498 711 1869 771 revocatum,
1902 705 1961 759 in
1986 704 2205 760 coelum

551 797 988 860 conscendisse,
1021 800 1076 850 et
1097 794 1363 865 judicem
1390 795 1589 849 denuo
1636 799 1956 849 venturum
1997 809 2207 864 exspe-

550 891 715 948 ctari.
753 890 895 954 Quae
928 884 1131 940 omnia
1163 884 1476 956 perspicue
1505 883 1708 939 divina
1766 884 2006 953 liturgia
2053 883 2207 938 sistit

552 998 659 1056 per
680 975 974 1049 eaquzein
1005 972 1322 1046 ipsafiunt,
1372 973 1705 1029 secundum
1756 973 1989 1028 Domini
2031 973 2205 1028 tradi-

2315 993 2432 1037 νων,
2491 975 2624 1024 κατά
2666 976 2759 1031 τὴν
2808 992 2897 1025 του
2954 979 3146 1049 Κυρίου
3196 972 3511 1048 παράδοσιν,
3563 977 3767 1035 καὶτὰς
3798 972 3932 1046 διξε-

553 1072 778 1128 tionem
811 1072 867 1121 et
895 1062 1185 1120 mandata
1216 1062 1470 1132 singula.

2316 1064 2541 1136 ρημένας
2572 1060 2802 1122 ἐντολάς.

628 1165 677 1214 5.
748 1158 964 1210 Verum
1016 1152 1145 1207 haec
1209 1150 1455 1223 quidem
1511 1155 1803 1222 tanquam
1847 1150 2209 1207 adumbrata
2387 1150 2445 1204 ε’.

552 1245 835 1323 quaedam
851 1243 1187 1298 futurarum
1209 1255 1408 1295 rerum
1422 1246 1841 1311 proponuntur
1865 1238 2205 1311 descriptio.

2316 1259 2416 1291 των
2472 1241 2772 1310 προτίθεται
2818 1242 2847 1297 ἡ
2906 1236 2965 1292 δὲ
3011 1242 3145 1292 κατά
3205 1245 3360 1314 μέρος
3422 1249 3521 1293 τῶν
3586 1241 3709 1314 παρ’
3771 1243 3925 1312 ἡμῶν

551 1341 623 1391 At
646 1338 857 1389 nostra
884 1327 1281 1402 particulatim
1304 1328 1524 1383 rituum
1558 1329 1654 1382 Dei
1718 1328 1908 1396 gratia
1968 1330 2210 1384 statuto-

552 1440 689 1479 rum
711 1418 1072 1492 explanatio,
1089 1423 1383 1487 quantum
1406 1415 1883 1470 inﬁrmissimum
1898 1415 2211 1485 ingenium

554 1514 827 1568 nostrum
856 1505 1125 1573 valuerit,
1156 1504 1273 1559 vim
1297 1503 1529 1559 interim
1552 1518 1761 1559 eorum
1783 1503 1988 1575 palam
2014 1504 2208 1562 faciet.

556 1612 817 1671 quorum
846 1591 1121 1665 symbola
1151 1590 1508 1646 intellexisse
1566 1590 1952 1646 arbitramur.
2014 1594 2213 1662 Neque

558 1684 718 1741 enim
732 1685 927 1739 mente
941 1680 1120 1735 talem
1134 1683 1486 1751 tantumque
1499 1683 1785 1734 conatum
1803 1680 2212 1750 concepimus,

558 1778 761 1845 utpote
786 1770 962 1826 nimis
984 1767 1532 1839 contemplativum,
1552 1771 1617 1823 ut
1636 1767 1889 1823 fortasse
1948 1767 2010 1823 in
2075 1782 2215 1822 cun-

559 1861 668 1917 ctis
724 1864 944 1915 nostrae
998 1856 1320 1912 audaciam
1367 1855 1755 1926 expositionis
1798 1854 2215 1911 ostendamus.

560 1953 683 2005 Imo
713 1954 769 2004 et
788 1947 1003 2003 diserte
1033 1944 1273 1999 veniam
1329 1960 1365 1999 a
1407 1943 1745 2013 legentibus
1798 1943 2215 2015 imploramus,

557 2054 711 2111 quos
733 2037 881 2091 scire
910 2034 1205 2097 volumus,
1238 2048 1349 2089 nos
1378 2032 1700 2088 obediendi
1725 2036 2026 2104 praecepto
2048 2031 2218 2087 obse-

557 2129 829 2198 quentes,
859 2122 951 2178 vel
977 2122 1174 2194 potius
1197 2121 1323 2176 viro
1351 2136 1457 2192 per
1478 2120 1686 2177 omnia
1706 2123 1824 2175 Deo
1846 2119 2095 2175 amabili
2117 2118 2217 2176 ad-

557 2214 818 2270 hortanti
852 2212 1149 2275 cedentes,
1183 2210 1489 2278 negotium
1533 2209 1686 2264 ultra
1716 2210 1875 2263 vires
1935 2208 2219 2264 audacter

558 2302 805 2373 aggredi
834 2317 992 2369 ;non
1012 2305 1213 2357 autem
1246 2298 1493 2353 scientia
1523 2297 1784 2361 inﬂatos,
1814 2314 1908 2353 res
1948 2298 2215 2353 humano

561 2390 715 2446 nisui
745 2391 1001 2445 intactas
1050 2389 1360 2455 attingere.
1397 2386 1569 2451 Quod
1617 2388 1667 2441 si
1722 2386 1869 2457 quid
1921 2386 2012 2440 vel
2058 2386 2214 2441 circa

560 2478 929 2550 pontificalia
950 2476 1321 2538 indumenta,
1348 2473 1442 2528 vel
1470 2474 1585 2528 alia
1609 2474 1837 2545 aliquot
1864 2473 1925 2528 in
1950 2473 2213 2528 ecclesias

560 2581 729 2622 more
754 2564 970 2636 posita,
997 2579 1195 2619 sermo
1224 2567 1425 2617 noster
1446 2561 1806 2633 praeterierit,
1838 2561 1917 2627 id,
1942 2562 2211 2633 inquam,

560 2658 728 2714 haud
750 2657 979 2727 absque
1010 2669 1195 2709 causa
1224 2652 1449 2708 factum
1481 2657 1592 2707 est.
1628 2653 1772 2707 Cum
1805 2651 1963 2707 enim
1996 2652 2213 2707 barum

559 2764 781 2814 rerum,
807 2745 1093 2816 scriptam
1128 2742 1462 2815 quamdam
1493 2742 1605 2797 sub
1634 2742 1838 2810 magni
1870 2741 2067 2797 Basilii
2101 2756 2212 2796 no-

559 2837 721 2892 mine
748 2833 1296 2906 interpretationem
1326 2831 1749 2896 invenerimus,
1774 2830 1848 2885 de
1898 2830 1970 2885 iis
2012 2830 2211 2885 dicen-

559 2926 707 2982 dum
736 2940 773 2981 a
802 2922 976 2979 nobis
1005 2938 1126 2978 non
1143 2921 1569 2992 judicavimus.
1594 2919 2019 2990 Quamobrem,
2054 2920 2205 2976 circa

2324 2934 2412 3002 μέν
2460 2948 2577 2981 τινα
2622 2937 2721 2981 τῶν
2774 2926 3155 3002 προειληφότων
3205 2932 3444 3002 Πατέρων
3503 2924 3732 2985 δήλωσιν
3763 2931 3792 2988 ἦ
3838 2950 3929 2982 σα-

557 3015 659 3072 illa
678 3014 856 3071 etiam
885 3014 959 3068 de
990 3011 1211 3084 quibus
1240 3010 1404 3082 loqui
1428 3011 1580 3081 jussi
1611 3010 1856 3078 fuimus,
1886 3010 1936 3063 si
1958 3009 2205 3081 quando

2326 3024 2553 3090 φήνειαν,
2612 3020 2741 3091 πρὸς
2795 3019 2990 3074 ἐκείνην
3044 3014 3199 3067 αὐτόν
3257 3017 3394 3087 ἡμᾶς
3455 3019 3791 3069 συνωθοῦντα
3842 3024 3929 3093 αρ-

2314 613 2656 689 προὸοθῆναι,
2718 616 3080 690 ἐμπαιχθῆναι
3129 639 3183 673 τε
3234 625 3322 672 καὶ
3380 623 3763 694 σταυρωθῆναι·
3805 621 3935 671 εἶτα

2313 709 2402 755 καὶ
2460 703 2757 757 ἀναστάντα
2817 704 3193 779 ἀναληφθῆναι,
3254 712 3339 760 καὶ
3404 711 3468 769 ὡς
3532 712 3711 783 κριτὴν
3752 727 3935 780 προσ-

2318 790 2606 865 δοκώμενον
2658 793 2809 845 πάλιν
2850 792 3167 848 ἐλεύσεσθαι·
3210 796 3243 847 ἂ
3299 800 3468 848 πάντα
3522 806 3698 868 σαφῶς
3749 802 3848 847 καὶ
3896 798 3924 853 ἡ

2318 884 2430 934 θεία
2481 883 2743 957 ἱερουργία
2791 889 3076 941 συνίστησι
3126 882 3219 937 διὰ
3265 896 3363 937 τῶν
3390 884 3437 937 ἐν
3484 887 3613 958 αὐτῇ
3675 886 3927 956 τελουμέ.

2494 1149 2647 1201 Ἀλλὰ
2694 1157 2860 1201 ταῦτα
2904 1154 2995 1222 μὲν
3047 1154 3113 1213 ὡς
3164 1156 3486 1227 σκιαγραφία
3540 1160 3638 1203 τῶν
3693 1151 3929 1222 μελλόσ-

2319 1335 2451 1381 Θεοῦ
2517 1329 2705 1399 χάριτι
2748 1316 3186 1400 νομοθετηθέντων
3238 1329 3511 1400 ἐξήγησις,
3562 1331 3698 1381 κατά
3725 1349 3786 1400 γε
3823 1338 3923 1386 τῆν

2318 1419 2569 1490 ἡμετέραν
2624 1415 3003 1474 ἀσθενεστάτην
3059 1414 3313 1485 διὰνοιαν,
3367 1415 3590 1475 δηλωσει
3648 1422 3777 1479 τέως
3822 1437 3921 1475 την

2321 1502 2567 1577 δύναμιν,
2615 1505 2777 1579 ὦνπερ
2839 1504 3107 1577 συμϐόλων
3156 1505 3423 1578 ἐφικέσθαι
3472 1508 3737 1578 ᾠήθημεν·
3796 1504 3923 1559 οὐδὲ

2320 1596 2420 1666 γὰρ
2477 1593 2547 1653 εὶς
2597 1600 2713 1645 νοῦν
2768 1596 3013 1651 τοιαύτην
3070 1595 3235 1668 ὁρμὴν
3292 1592 3597 1667 ἐδεξάμεθα,
3658 1595 3728 1657 ὠς
3788 1596 3919 1665 ἄγαν

2244 1730 2288 1783 Β
2328 1684 2643 1757 θεωρητικὴν
2699 1683 2835 1733 τάκα
2889 1679 2936 1733 ἐν
2997 1688 3126 1734 πᾶσι
3182 1687 3275 1741 την
3332 1683 3522 1756 τόλμαν
3577 1692 3673 1746 τῆς
3731 1683 3919 1754 ἐξηγή-

2515 1769 2526 1783 ,
2607 1767 2628 1783 ε.
2666 1770 2706 1783 ,υ
2788 1773 2807 1783 -
2955 1770 2967 1783 ,
3037 1777 3046 1783 ,
3155 1769 3167 1781 .
3299 1779 3318 1783 _
3397 1772 3448 1783 ..
3794 1777 3803 1783 .

2329 1791 2457 1834 σεως
2506 1767 2889 1833 ἐπιδείξασθαιο
2948 1770 3054 1824 ἐπεὶ
3109 1769 3203 1823 κάν
3234 1779 3342 1835 τοῖς
3397 1772 3570 1843 λόγοις
3599 1777 3922 1844 συγγνώμην

2325 1861 2564 1931 αἰτοῦμεν
2640 1867 2751 1921 τοῖς
2814 1858 3247 1931 ἐντυγχάνουσιν,
3324 1857 3523 1914 εἰδόσιν
3584 1863 3649 1922 ὡς
3710 1860 3824 1913 ἐντο
3890 1868 3920 1932 ᾗ

2325 1952 2558 2009 ὑπακοῆς
2606 1950 2917 2020 πειθόμενοι,
2964 1949 3153 2021 μᾶλλον
3202 1946 3262 2002 δὲ
3305 1959 3377 2021 τῷ
3415 1954 3541 2025 πρὸς
3590 1958 3757 2002 ταῦτα
3799 1968 3925 2024 προ-

2323 2038 2631 2113 τρεψαμάνῳ
2689 2035 2844 2111 ἀνδρὶ
2902 2042 2967 2091 τὰ
3007 2041 3177 2092 πάντα
3234 2044 3341 2093 ὄντι
3400 2040 3619 2113 θεοφιλεί
3677 2043 3921 2109 εἴκοντες,

2324 2136 2423 2179 τῶν
2466 2128 2591 2201 ὑπὲρ
2643 2124 2864 2199 δύναμιν
2916 2128 3387 2201 κατετολμήσαμενο
3445 2127 3551 2181 ἀλλ’
3605 2128 3731 2201 οὐχὶ
3790 2136 3900 2200 γνὼ

2327 2236 2405 2269 σει
2453 2215 2837 2291 βρενθυόμενοι,
2893 2224 2990 2267 τῶν
3016 2217 3131 2269 καθ’
3177 2219 3318 2289 ἡμᾶς
3375 2216 3657 2289 ἀψαύστων
3707 2222 3921 2293 ἡψάμε-

2326 2309 2409 2361 θα.
2466 2306 2526 2358 Εἰ
2581 2302 2640 2357 δέ
2686 2324 2803 2356 τινα
2860 2313 2959 2357 τῶν
3007 2310 3122 2379 περὶ
3152 2315 3252 2358 τῶν
3293 2304 3679 2381 ἀρχιερατικῶν
3711 2308 3920 2382 ἁμερίων

2321 2400 2412 2447 καὶ
2454 2392 2633 2466 ἐτέρων
2676 2402 2824 2445 τινῶν
2876 2401 2973 2445 τῶν
3020 2403 3083 2465 τῇ
3135 2394 3389 2467 ἐκκλησίᾳ
3441 2392 3728 2468 δεδομένων
3774 2400 3803 2449 ό
3842 2399 3921 2452 λόο

2321 2503 2409 2556 γος
2471 2490 2720 2557 παρῆκεν,
2787 2482 2881 2533 οὐκ
2936 2483 3054 2534 ἄνευ
3107 2481 3262 2553 λόγου
3322 2488 3606 2556 πρέποντος
3662 2482 3915 2559 δέδρακε.

2324 2572 2571 2646 Εὐρόντες
2615 2574 2715 2645 γὰρ
2758 2575 2875 2645 περὶ
2926 2573 3119 2623 τούτων
3168 2570 3243 2623 ἐπ’
3292 2576 3506 2645 ὀνόματι
3551 2581 3639 2625 νοῦ
3685 2576 3917 2646 μεγάλου

2326 2659 2592 2715 Βασιλείου
2666 2659 2741 2730 (7)
2808 2662 3079 2731 ερμηνείαν
3145 2663 3261 2712 τινὰ
3331 2667 3726 2735 γεγραμμένην,
3797 2662 3924 2717 οὐδὲ

2325 2748 2648 2822 φθέγξασθαι
2698 2752 2817 2819 περὶ
2863 2751 3057 2800 τούτων
3111 2746 3225 2802 δίον
3264 2749 3625 2823 ελογισάμεθα·
3678 2754 3815 2806 ὥστε
3878 2755 3919 2806 εἰ

2323 2842 2413 2890 καὶ
2470 2842 2585 2910 περὶ
2636 2839 2703 2890 ὧν
2752 2838 2907 2890 εἰπεῖν
2958 2839 3384 2911 ἠναγκάσθημεν,
3433 2840 3594 2912 εὑρεῖν
3650 2837 3923 2899 ἠδυνήθη-

557 3102 824 3160 invenire
848 3100 1022 3157 nobis
1064 3099 1229 3155 licuit
1281 3098 1749 3171 praecedentium
1807 3098 2051 3154 Patrum
2106 3098 2208 3154 ali-

556 3208 744 3265 quam
773 3190 1210 3263 expositionem
1243 3193 1347 3244 aut
1370 3187 1873 3258 declarationem;
1931 3186 2005 3242 ad
2051 3187 2209 3243 hanc

556 3280 757 3354 potius
786 3280 1151 3335 hortatorem
1172 3282 1448 3333 nostrum
1502 3276 1853 3348 episcopum
1909 3275 2210 3345 ablegavi-

556 3387 728 3426 mus:
760 3368 908 3425 dum
933 3383 1046 3423 nos
1069 3366 1304 3422 interim
1335 3365 1605 3437 quietum
1663 3370 1977 3436 tutumque
2039 3365 2210 3419 silen-

556 3459 704 3514 tium
736 3462 934 3514 tenere
967 3455 1312 3511 maluimus.
1357 3453 1470 3510 Sed
1497 3453 1693 3523 agesis
1728 3453 1828 3508 Dei
1857 3452 2209 3521 benignitati

555 3546 933 3618 propositum
958 3542 1407 3611 aggrediamur.

627 3632 939 3687 6.1nitium
969 3630 1255 3685 doctrinae
1303 3644 1560 3697 arcanae,
1608 3635 1663 3684 et
1693 3630 2209 3685 sanctissimorum

554 3716 991 3789 symbolorum,
1024 3715 1171 3770 illud
1200 3717 1399 3786 ipsum
1435 3715 1713 3787 spiritalis
1743 3732 1939 3772 sermo
1988 3732 2209 3787 propo-

551 3808 656 3877 nit,
679 3804 845 3877 quod
871 3809 997 3859 tum
1024 3804 1289 3858 humana
1321 3808 1536 3858 natura
1558 3819 1666 3858 ceu
1688 3804 2018 3875 quamdam
2045 3804 2207 3860 obla-

551 3894 776 3950 tionem
807 3909 881 3950 ex
908 3893 1189 3948 universa
1220 3892 1491 3947 humana
1520 3908 1722 3947 massa
1777 3892 2031 3947 Domino
2088 3895 2206 3949 Deo

550 3988 755 4040 nostro
794 3982 966 4040 offert
997 3998 1011 4047 ς
1040 3986 1167 4036 tum
1207 3980 1554 4053 prophetica
1585 3982 1777 4049 gratia
1804 3982 1989 4039 divini
2033 3982 2206 4056 Spiri-

551 4077 645 4128 tus
674 4072 876 4129 multis
907 4070 1278 4142 diversisque
1303 4069 1607 4125 vocabulis
1630 4070 2007 4139 significavit,
2068 4089 2205 4129 con-

551 4177 731 4230 gruas
760 4166 1007 4232 operato
1034 4158 1321 4231 mysterio
1374 4158 1804 4230 appellationes
1864 4160 2201 4233 imponens,

552 4249 710 4318 typis
732 4247 1100 4319 quibusdam
1128 4263 1197 4302 ac
1230 4246 1517 4317 symbolis
1538 4253 2054 4318 przemonstratas.
2090 4250 2205 4307 Sed

551 4350 820 4403 congrua
841 4341 897 4392 et
925 4335 1339 4391 connaturalia
1369 4335 1618 4391 nomina
1657 4337 1739 4391 rei
1781 4344 1960 4406 gestae
2018 4340 2202 4396 modo

622 4457 1412 4534 (7A)_Yeris_s_ime_rTheodorus
1442 4464 1643 4534 noster
1670 4460 1811 4534 dicit
1849 4462 2200 4534 inscriptum

2322 3109 2507 3179 χιερέα
2551 3103 3019 3179 παρεπεμψάμεθα·
3073 3102 3218 3154 αὐτοὶ
3270 3099 3328 3155 δὲ
3375 3108 3468 3162 τὴν
3517 3106 3781 3177 ἄπρακτον
3832 3127 3927 3173 καὶ⁵

2321 3191 2595 3247 ἀκίνδυνον
2656 3193 2896 3266 εἱλόμεθα
2961 3198 3176 3251 σιωπήν·
3237 3193 3367 3264 όμόῦ
3435 3201 3569 3247 Θεοῦ
3633 3194 3922 3266 φιλανθρω-

2318 3290 2415 3356 πίᾳ
2468 3284 2791 3358 θαρροῦντες,
2839 3286 2927 3334 καὶ
2975 3289 3086 3342 ταῖς
3137 3282 3319 3353 εὐχαῖς
3367 3291 3459 3335 τοῦ
3486 3284 3913 3359 προτρεξδαμένου

2318 3381 2408 3433 τῆς
2447 3372 2737 3432 ὑποθέσεως
2762 3369 3024 3442 ἀρχόμεθα
3052 3365 3173 3421 ὧδε·

2318 3464 2375 3516 et
2415 3460 2731 3516 hortatoris
2776 3458 2963 3515 nostri
3000 3457 3280 3530 precibus
3323 3459 3531 3514 confisi
3560 3466 3910 3533 suseeptum

2391 3640 2423 3698 ζ
2443 3680 2455 3692 .
2524 3638 2725 3711 Ἀρχὴν
2799 3640 2888 3708 μὲν
2958 3645 3052 3689 τῶν
3121 3639 3528 3710 μυστικωτάτων
3592 3638 3759 3710 λόγων
3824 3646 3913 3692 καὶ

2320 3730 2590 3780 θειοτάτων
2658 3725 2928 3797 συμϐόλων
2985 3725 3057 3795 (8)
3119 3727 3281 3785 αὐτὴν
3347 3726 3539 3785 ἐκείνην
3602 3730 3628 3778 6
3684 3748 3915 3800 πνευμαο

2316 3820 2461 3877 τικὸς
2534 3815 2819 3873 ὑποτίθησι
2882 3813 3051 3886 λόγος,
3118 3816 3179 3873 ἣν
3246 3819 3345 3867 εἶτε
3413 3814 3707 3888 ἀνθρωπεία
3767 3822 3917 3888 φύσις

2318 3906 2421 3956 οἷον
2460 3923 2575 3955 τινα
2625 3906 2926 3976 προσφορὰν
2975 3902 3043 3974 EE]
3082 3902 3199 3955 ὅλου
3242 3912 3331 3956 τοῦ
3372 3902 3695 3978 ἀνθρωπίνου
3749 3909 3911 3978 φυρα-

2315 4013 2481 4066 ματος
2530 3997 2704 4066 Κυρίῳ
2741 4000 2812 4061 τῷ
2862 4000 2975 4062 Θεῷ
3019 3994 3163 4064 ἡμῶν
3204 3998 3529 4065 προσήγαγε·
3581 3998 3671 4046 καὶ
3698 3995 3726 4051 ἡ
3774 4014 3913 4069 προσ

2316 4076 2505 4145 φητικὴ
2551 4074 2711 4145 χάρις
2757 4079 2847 4123 τοῦ
2893 4074 3030 4125 θείου
3089 4075 3380 4144 Πνευματος
3427 4071 3633 4134 πολλοῖς
3680 4079 3772 4125 καὶ
3803 4094 3915 4127 ποι-

2314 4161 2476 4222 κίλοις
2526 4162 2746 4233 ὀνόμασι
2801 4158 3157 4234 παρεδήλωσε,
3209 4160 3557 4221 καταλλήλους
3600 4170 3662 4234 τῇ
3719 4163 3910 4237 ὑπουρ-

2312 4255 2405 4321 γία
2461 4257 2551 4301 τοῦ
2608 4254 2901 4321 μυστηρίου
2949 4252 3042 4312 τὰς
3103 4255 3462 4325 προσηγορίας
3524 4250 3909 4323 ἐπιφημίσαντα,

2312 4342 2494 4401 τύποις
2556 4339 2628 4408 (9)
2685 4342 2796 4390 τισὶ
2844 4343 2933 4390 καὶ
2968 4337 3247 4410 συμϐόλοις
3276 4340 3760 4411 προθεωρηθείσας.
3796 4340 3914 4392 ’λλ-

2313 4467 2372 4521 in
2395 4464 2716 4535 sz'cilegio
2733 4479 2880 4535 rom.
2910 4468 2945 4518 t.
2964 4462 3541 4535 1V,quanquamﬁne
3562 4462 3905 4520 multatum.

553 4546 614 4584 se
635 4528 859 4606 vidisse
880 4528 1017 4583 divo
1042 4528 1253 4606 Basilio
1276 4528 1732 4606 opu‘soulurnde
1755 4546 1877 4599 quo
1898 4528 2160 4606 loquitur
2183 4554 2195 4601 ;
2228 4534 2275 4588 D
2316 4528 2720 4606 Scd'exstatin
2748 4534 2881 4589 cod.
2938 4528 3095 4589 Vat}-
3118 4528 3264 4606 790.-
3283 4534 3323 4588 f.
3369 4533 3565 4601 36-40,
3613 4535 3905 4606 scriptum

552 4600 769 4655 etenim
810 4615 922 4654 nos
944 4598 1270 4670 quoquein
1294 4598 1428 4670 cod.
1457 4598 1579 4670 Vat.
1605 4602 1728 4665 430,
1756 4598 2195 4669 ῥοεῐτιτῐθοεὶοιτί

550 4675 865 4727 tractatum
890 4668 1145 4737 legimus
1176 4668 1215 4723 f.
1254 4669 1344 4721 151
1386 4686 1397 4722 :
1431 4668 1661 4741 titulum
1689 4668 2107 4741 ex’cerptorum
2142 4675 2196 4727 ἐκ

549 4750 640 4802 τῆς
681 4749 770 4794 τοῦ
835 4742 884 4792 ἐν
952 4740 1117 4811 ἁγίοις
1164 4743 1376 4816 ⁸Πατρός
1441 4740 1585 4810 ἡμῶν
1650 4740 1918 4793 Βασιλείόυ
1978 4743 2192 4816 ἀρχιεπ.

550 4818 867 4886 Καισαρείας
954 4794 1335 4872 καππαὸοκίάς
1418 4794 1831 4881 μυσταγωγικῆς
1916 4794 2195 4873 ἐκκληνσιαο

550 4881 755 4946 στικῆς.
788 4887 935 4939 Tum
976 4898 1117 4938 vero
1150 4883 1207 4937 in
1252 4881 1385 4937 cod.
1423 4883 1543 4953 Vat.
1579 4885 1700 4953 662,
1726 4881 1786 4953 _f.
1835 4887 1956 4953 238,
2006 4892 2197 4943 exstat

548 4954 707 5027 idem
732 4971 885 5026 opus
908 4954 1084 5027 plane
1114 4954 1413 5027 integrum
1437 4952 1549 5005 sub
1573 4951 1843 5020 ejusdem
1870 4951 2059 5027 Basilii
2090 4974 2196 5013 no-

550 5024 729 5089 mine,
763 5024 1109 5080 cum'titulo
1159 5045 1169 5083 :
1227 5024 1457 5095 Ἰστορίά
1498 5030 1877 5095 μυσταγωγικὴ
1921 5024 2196 5085 ἐκκλησια-

550 5099 724 5151 armi.
751 5100 1022 5150 Attamen
1046 5096 1189 5151 nihil
1208 5093 1372 5148 aliud
1399 5093 1455 5147 id
1481 5094 1717 5151 est.nisi
1745 5110 1879 5149 cum
1904 5101 2192 5154 varietati-

546 5163 871 5236 bus,quam
888 5166 1175 5236 opusculu
1188 5165 1403 5236 miillud
1426 5162 1905 5236 subpatriarelue
1921 5168 2194 5225 Germani

546 5234 789 5289 nomine
810 5234 1134 5290 non'semel
1164 5235 1495 5301 vulgatum,
1545 5234 1838 5303 imprimis
1886 5247 2082 5294 autem
2134 5241 2193 5295 in

545 5304 949 5374 pulcherrima
977 5306 1288 5361 Parisiensi
1312 5303 1527 5362 Morelii
1562 5305 1841 5363 editione.
1868 5309 2194 5366 Richardus

544 5390 786 5496 guoq‘ue
812 5375 1111 5431 Simonius
1134 5375 1399 5431 codicem
1426 5376 1605 5443 hujus
1628 5377 1824 5447 operis
1847 5378 2059 5437 habuit
2080 5383 2193 5438 sub

592 5445 681 5496 asi
712 5446 744 5496 'i
770 5446 1032 5496 nomine.
1057 5450 1119 5496 ut
1139 5446 1218 5496 ait
1246 5446 1306 5496 in
1335 5445 1616 5496 Catalorro
1642 5461 1702 5496 ι).
1730 5449 1854 5496 287-
1905 5457 2040 5496 nnszt
2091 5469 2192 5496 nn-

592 5445 745 5521 asilii
770 5446 1032 5521 nomine,
1057 5450 1119 5501 ut
1139 5446 1307 5521 aitin
1329 5445 1616 5521 _Catalogo
1642 5445 1702 5517 p.
1730 5449 1854 5521 287,
1905 5457 2040 5521 post
2090 5469 2192 5509 no-

543 5519 633 5571 tas
659 5516 739 5573 ad
767 5516 1099 5573 Gabrielem
1140 5517 1403 5574 Philadel
1450 5516 1741 5572 hiensem.
1774 5516 2057 5578 E‘us'dem
2096 5540 2194 5594 ge-

543 5586 703 5645 neris
732 5579 901 5646 aliud
923 5587 1284 5646 onusculum
1312 5589 1368 5646 S.
1404 5533 1722 5646 genhronii
1753 5536 2054 5646 edidimus
2075 5608 2190 5646 nos

542 5586 703 5645 neris
732 5579 901 5647 aliud
923 5587 1284 5662 opusculum
1312 5589 1368 5647 S.
1404 5579 1722 5661 Sophronii
1753 5579 2054 5651 edidimus
2075 5579 2190 5653 nos

2312 4606 2511 4662 aliud:
2565 4604 2846 4676 Ἐξήγησις
2902 4606 3191 4676 τῆς-θείας
3244 4604 3583 4676 λειτουργίας,
3635 4604 3761 4676 quo
3811 4608 3907 4662 So-

2313 4677 2547 4750 phronii
2568 4674 2832 4731 defectus
2864 4674 3461 4750 suppleriutcunque
3490 4674 3750 4750 videtur.

2383 4748 2891 4819 (8),Saeramenta,
2916 4745 3084 4819 etfres
3110 4746 3283 4800 simul
3302 4745 3900 4816 et‘symbolumsunt.

2311 4817 2479 4873 Verbi
2512 4820 2702 4886 gratia
2735 4817 3124 4884 Eucharistia,
3156 4832 3249 4888 res
3280 4821 3368 4872 est
3404 4826 3650 4888 propter
3695 4832 3905 4872 veram

2308 4888 2518 4943 Christi
2551 4889 2965 4958 praesentiam:
3001 4886 3323 4958 simulque,
3351 4886 3423 4942 ut
3444 4886 3535 4942 ait
3564 4887 3907 4958 Critopulus

2306 4960 2367 5014 in
2394 4958 2659 5014 Confess.
2684 4958 2827 5031 eccl.
2856 4974 2988 5029 cap.
3024 4962 3073 5025 9,
3116 4958 3465 5029 symbolum
3496 4966 3588 5018 τῆς
3613 4977 3911 5031 συσσωμα-

2306 5036 2505 5089 τωσεως
2558 5034 2643 5081 καὶ
2704 5027 3068 5102 ἐγκεντρίήσεως
3120 5027 3265 5100 ἡμῶν
3332 5032 3458 5100 πρὸς
3501 5033 3588 5080 τόν
3644 5027 3909 5104 ἐνανθρω-

2304 5106 2549 5158 πὴσαντα
2586 5104 2703 5152 Υίόν
2735 5105 2823 5151 καὶ
2850 5100 2997 5171 λόγον
3039 5110 3127 5151 του
3160 5108 3315 5152 Θεοῦ.

2376 5174 2446 5239 (9)
2481 5170 3139 5226 Prrecludendoeorum
3174 5173 3260 5225 ori
3291 5171 3396 5242 qui
3426 5186 3650 5242 panem
3691 5172 3910 5227 eucha-

2302 5243 2568 5297 risticum
2584 5248 2797 5313 typum
2814 5246 3042 5313 tantum
3058 5258 3160 5298 seu
3178 5243 3434 5309 ﬁguram
3457 5242 3731 5313 corporis
3752 5242 3914 5298 Chri-

2305 5314 2377 5368 sti
2399 5312 2843 5385 blaspliemant,
2875 5312 3042 5385 adest
3065 5312 3519 5385 antiquissimus
3550 5327 3800 5385 quoque
3828 5318 3911 5369 te-

2303 5385 2405 5439 stis
2427 5382 2679 5455 Cyr'illus
2702 5383 2981 5446 llierosol,
3027 5383 3090 5439 in
3128 5382 3370 5454 Mystag.
3421 5384 3508 5446 IV,
3541 5382 3611 5455 3::
3647 5382 3729 5434 Ἐν
3760 5387 3910 5455 τύπῳ

2302 5451 2705 5527 ἀρτονόίὸοταί
2761 5473 2877 5527 σοι*
2901 5457 2960 5527 τὸ
3010 5451 3193 5526 σῶμα-⁷
3226 5455 3291 5509 in
3327 5451 3475 5526 typo
3514 5453 3598 5523 (id
3652 5451 3911 5527 estspe-

2301 5524 2406 5598 cj‘e)
2419 5526 2596 5596 panis
2607 5526 2795 5582 datur
2804 5524 2916 5598 tibi
2928 5524 3162 5598 corpus.
3173 5524 3377 5598 Itaque
3388 5540 3512 5580 non
3524 5524 3797 5598 corporis
3817 5531 3911 5581 est

2300 5594 2633 5669 ﬁgura,seu
2654 5596 2906 5668 species,
2921 5595 3099 5676 panis
3118 5600 3211 5654 est
3233 5594 3371 5668 βοά
3391 5610 3611 5670 corpus
3630 5594 3749 5652 sub
3772 5611 3909 5679 spe-

3817 183 4076 371 .M

4068 0 4075 53 1
