4106 6222
604 310 715 372 427

603 530 874 599 dixisset,
904 532 1055 603 quid
1083 548 1286 590 causa;
1315 538 1463 601 erat,
1488 535 1816 607 quominus
1836 535 1897 590 in
1910 536 2263 593 universum

600 624 898 676 terrarum
938 620 1148 678 orbem
1177 622 1437 679 diffundi
1501 638 1573 680 ea
1587 624 1967 691 decrevisset,
1999 641 2171 697 seque
2191 641 2263 681 ac

600 707 722 773 illa,
749 724 886 780 quae
902 724 1011 782 per
1024 711 1516 782 praedicationem
1541 713 1976 784 apostolorum,
2010 714 2260 786 jubente

602 799 721 855 Deo
749 797 1018 855 instituta
1074 806 1232 863 sunt.
1291 817 1429 874 quas
1488 801 1599 857 soli
1629 808 1686 857 et
1736 802 1879 869 aeri,
1912 804 2259 875 cmterisque

598 888 813 944 mundi
841 889 1151 946 ornatibus
1182 891 1638 947 assimilantur?
1670 892 1803 959 Sed,
1865 896 1932 947 ut
1968 892 2253 958 diximus,

598 975 944 1033 Judaaorum
975 978 1270 1036 sacriﬁcia
1290 979 1800 1036 condescensione
1834 981 1932 1036 Dei
1962 981 2259 1052 permissa

598 1063 858 1123 fuerunt.
910 1068 1139 1124 Etenim
1187 1067 1335 1123 dum
1391 1069 1519 1124 haec
1550 1068 1749 1124 adhuc
1791 1069 2255 1141 peragebantur,

594 1155 811 1212 millies
836 1155 1040 1212 divino
1062 1157 1279 1229 Spiritu
1305 1173 1414 1229 per
1444 1157 1771 1230 prophetas
1819 1158 2119 1230 loquente,
2169 1175 2256 1215 re-

593 1249 977 1311 cusatasunt,
1026 1245 1551 1317 quemadmodum
1608 1246 1789 1301 Isaias
1854 1246 2011 1301 ait:«
2055 1248 2111 1303 Si
2140 1246 2257 1303 aer

591 1333 739 1390 ratis
760 1334 839 1389 ad
864 1349 962 1389 me
981 1333 1263 1404 similam,
1288 1348 1449 1390 vana
1468 1339 1555 1390 est
1582 1333 1825 1403 oblatio,
1859 1334 2254 1400 abominatio,

591 1422 884 1494 inquiam,
932 1422 1075 1477 mihi
1121 1427 1232 1478 est.
1269 1422 1409 1487 Quis
1465 1422 1626 1477 enim
1682 1423 1811 1478 huic
1858 1423 1935 1478 de
1973 1423 2254 1479 manibus

590 1512 803 1567 vestris
826 1511 1182 1582 exquisivit2
1202 1512 1230 1566 ‘I
1259 1532 1289 1561 »
1322 1510 1511 1566 David
1562 1516 1763 1567 autem
1793 1528 1805 1566 :
1830 1533 1858 1561 »
1886 1516 2037 1568 Num
2076 1528 2251 1568 man-

590 1600 831 1655 ducabo
860 1615 1071 1657 carnes
1100 1604 1434 1663 taurorum,
1462 1604 1520 1655 et
1547 1601 1906 1670 sanguinem
1945 1601 2250 1659 hircorum

589 1687 881 1761 potaho"?
909 1710 937 1736 η
968 1691 1034 1743 Et
1058 1688 1237 1743 alibi:
1274 1710 1295 1737 ι
1361 1688 1728 1745 Sacriﬁcium
1789 1694 1845 1744 et
1883 1688 2250 1747 oblationem
2277 1723 2319 1777 Β

588 1777 850 1841 noluisti,
912 1792 1131 1848 corpus
1185 1781 1388 1833 autem
1434 1777 1655 1847 aptasti
1707 1777 1927 1832 mihi‘.
1964 1800 1992 1826 »
2018 1778 2248 1843 Quibus

584 1865 779 1921 verbis
808 1865 1125 1936 Propheta,
1157 1864 1368 1920 Christi
1417 1864 1518 1920 Dei
1583 1866 1792 1935 nostri,
1848 1870 1985 1920 ante
2024 1872 2249 1922 veteres

588 1953 1002 2024 generationes
1028 1952 1385 2024 dispositum
1420 1952 1848 2008 incarnationis
1892 1955 2247 2024 mysterium

587 2042 853 2098 denotat.
888 2040 1206 2105 Quomodo
1230 2040 1411 2110 igitur
1432 2045 1569 2111 post
1603 2056 1774 2096 novae
1802 2043 2005 2110 gratia:
2020 2042 2244 2098 adven-

587 2136 741 2198 tum,
806 2130 1125 2200 vestigium
1174 2128 1421 2201 aliquod
1469 2134 1737 2186 veterum
1786 2130 2239 2197 sacriﬁciorum,

583 2220 931 2291 quicunque
960 2218 1177 2275 mentis
1206 2224 1298 2274 est
1330 2218 1772 2289 compos,dicat
1824 2218 2195 2290 superfuisse
2215 2222 2244 2275 ?

588 2308 701 2365 Sed
733 2309 860 2364 haec
881 2307 1175 2364 hactenus
1195 2306 1272 2363 de
1297 2305 1584 2377 legalium
1597 2307 2031 2364 sacriﬁciorum
2050 2323 2241 2364 cessa-

583 2397 744 2453 tione
770 2397 863 2453 vel
885 2397 1221 2468 abjectione
1248 2400 1307 2451 et
1334 2397 1540 2451 vetito.

655 2491 713 2542 8.
770 2486 887 2544 Sed
933 2486 1184 2542 fortasse
1230 2484 1387 2540 dicet
1446 2485 1660 2558 aliquis
1715 2502 1789 2542 ex
1831 2487 2234 2544 adversariis:

584 2578 718 2644 Vos,
745 2592 817 2632 ex
837 2574 1059 2647 quibus
1089 2574 1520 2647 prophetarum
1532 2574 1999 2630 indicationibus
2017 2592 2237 2648 panem

580 2666 909 2738 vinumque
930 2680 1040 2719 ceu
1070 2669 1284 2737 typum
1304 2663 1571 2735 corporis
1590 2680 1661 2719 ac
1690 2666 1999 2733 sanguinis
2027 2666 2238 2722 Christi

582 2754 795 2811 oﬂ'erre
849 2753 1136 2809 didicistis
1165 2754 1192 2807 ἱ)
1223 2752 1289 2807 In
1316 2752 1526 2823 primis
1566 2753 1744 2824 igitur
1771 2755 2233 2825 respondemus.

581 2843 795 2901 Christi
820 2843 939 2909 Dei,
970 2844 1076 2915 qui
1123 2846 1213 2897 est
1239 2841 1374 2913 ipsa
1414 2841 1653 2908 veritas,
1696 2842 1851 2898 facta
1881 2847 1937 2897 et
1964 2843 2235 2899 traditio-

581 2948 689 2989 nes
714 2931 1018 2988 neminem
1059 2946 1242 3002 posse
1281 2930 1534 2986 scrutari
1577 2947 1589 2984 :
1625 2952 1652 2979 ‹‹
1686 2930 1807 2986 Hoc
1844 2931 2007 2986 enim
2037 2931 2233 3000 facite,

1876 322 2233 381 THEODORI
2270 320 2690 382 ANDIDENSIS

3100 38 3113 51 .

3142 68 3217 89 λιι*
3228 26 3247 89 il,
3262 80 3267 81 ν
3400 30 4086 180 Ἦ

3872 331 3947 386 42
3968 326 4022 382 8

603 439 1014 499 inﬁrmitatem
1042 442 1413 515 indulgentia
1472 448 1628 502 Deus
1646 444 1760 502 illis
1833 447 2126 504 sacriﬁcia
2179 448 2236 503 in

2377 452 2554 519 μνήμη
2605 456 2697 509 τῆς
2738 453 2987 510 τοιαύτης
3034 450 3292 524 λατρείας
3357 455 3401 504 εἰ
3446 455 3550 525 γὰρ
3597 457 3667 523 μὴ
3716 468 3991 524 Mauri

2375 535 2561 587 ϐαίνων
2603 545 2665 608 τῇ
2718 536 2958 610 ἀσθενείᾳ
3001 548 3100 591 τῶν
3148 537 3423 592 Ἰουδαίων
3466 544 3561 603 τὰς
3590 544 3777 603 θυσίας
3808 562 3996 615 προσ-

2370 625 2541 688 έταξεν
2583 628 2609 677 ό
2660 631 2807 695 Θεὸς,
2857 636 2967 689 πῶς
3010 629 3105 680 οὐκ
3155 629 3226 691 εἰς
3272 636 3448 682 πᾶσαν
3477 636 3572 688 τὴν
3599 639 3698 701 γῆν
3727 630 3993 702 ἑφαπλού-

2370 715 2495 766 σθαι
2535 714 2698 775 αὐτὰς
2749 712 3059 790 διωρίσατο,
3113 720 3181 778 ως
3225 723 3313 769 καὶ
3363 721 3455 779 τὰς
3500 719 3599 770 ύπό
3646 727 3734 770 τοῦ
3780 725 3993 794 κηρύγ-

2366 822 2528 873 ματος
2576 812 2675 855 τῶν
2728 803 2885 875 ἁγίων
2940 804 3240 858 ἀποστόλων
3291 807 3400 859 κατ’
3454 806 3659 864 ἐντολὴν
3702 817 3790 859 τού
3844 818 3990 861 Θεοῦ

2366 889 2679 957 ἐκτεθείσας,
2737 895 2925 954 αἳτινες
2982 893 3112 965 ἡλίῳ
3167 900 3257 946 καὶ
3313 893 3423 967 ἀέρι
3489 902 3578 947 καὶ
3634 904 3744 957 τοῖς
3796 897 3989 959 ἄλλοις

2365 987 2556 1040 κοινοῖς
2606 979 2993 1053 ἑντρυφήμασιν
3050 981 3442 1054 ἐξωμοίωνται;
3502 984 3615 1035 Ἀλλ
3678 986 3741 1045 ὡς
3798 992 3985 1060 προείο

2363 1085 2540 1138 ρηται,
2594 1068 3039 1137 συγκαταϐάσεως
3088 1072 3247 1123 ἕνεκεν
3274 1073 3328 1122 ui
3356 1074 3539 1131 θυσίας
3568 1082 3667 1123 τῶν
3694 1070 3983 1125 Ἰουδαίων

2367 1158 2842 1229 συνεχωρήθησαν·
2890 1157 2934 1208 εὶ
2988 1161 3090 1229 γὰρ
3140 1162 3214 1211 ἔτι
3264 1168 3458 1210 τούτων
3506 1159 3820 1230 τελουμένων
3878 1183 3983 1231 μυ-

2362 1245 2533 1316 ριάκις
2575 1245 2675 1296 ὑπὸ
2724 1254 2817 1297 τού
2869 1248 3005 1297 θείου
3060 1250 3353 1319 Πνεύματος
3402 1244 3497 1300 διὰ
3540 1257 3639 1299 τῶν
3690 1260 3974 1320 προφητῶν

3858 1339 3971 1391 Ἐὰν

2363 1424 2545 1494 φέρητε
2592 1440 2683 1492 μοι
2738 1419 3032 1493 σεμίδαλιν,
3087 1427 3305 1495 μάταιον
3367 1426 3626 1496 θυμίαμα,
3688 1422 3971 1498 βδελυγμά

2360 1513 2451 1579 μοί
2500 1508 2629 1561 ἐστι·
2688 1510 2765 1572 τίς
2825 1514 2923 1585 γὰρ
2983 1510 3264 1572 ἐξεζήτήσε
3310 1522 3475 1564 ταῦτα
3521 1512 3577 1564 ἐκ
3622 1522 3722 1565 τῶν
3772 1524 3965 1589 χειρῶν

2359 1598 2534 1668 ὑμῶν;
2592 1622 2618 1646 ››
2679 1602 2775 1650 Διά
2831 1596 2889 1651 δὲ
2939 1596 3120 1651 Δαϐίδ’
3180 1624 3207 1649 ((
3265 1605 3349 1658 Μὴ
3400 1603 3634 1672 φάγομαι
3682 1606 3813 1676 κρέα
3843 1609 3965 1653 ταύ-

3326 1711 3354 1737 ››
3391 1694 3490 1742 Καὶ
3537 1691 3768 1763 ἑτέρωθι·
3804 1713 3831 1736 α
3864 1700 3964 1745 Θυ-

2363 1330 2744 1406 ἀνετράπησαν,
2815 1336 2988 1396 καθὼς
3053 1332 3148 1388 διὰ
3212 1336 3431 1388 ’[Ισαῖου
3500 1342 3677 1407 φησίν*
3750 1360 3779 1385 ι(

2356 1704 2479 1757 ρων,
2540 1687 2567 1743 ἡ
2620 1688 2753 1759 αἷμα
2799 1692 2997 1760 τράγων
3046 1692 3277 1759 πίομαι;

2359 1780 2476 1825 σίαν
2521 1780 2611 1827 καὶ
2672 1781 2972 1849 προσφορὰν
3022 1778 3114 1829 οὐκ
3183 1779 3458 1846 ἠθέλησας,
3531 1799 3685 1850 σῶμα
3747 1777 3808 1833 δὲ
3876 1802 3963 1832 κα-

2355 1869 2596 1937 τηρτίσω
2642 1882 2768 1936 μοι·
2816 1889 2844 1915 ››
2894 1871 2951 1918 τὸ
2995 1876 3089 1928 τῆς
3138 1878 3228 1919 του
3260 1876 3495 1942 Χριστοῦ
3524 1874 3612 1919 καὶ
3646 1876 3781 1921 Θεου
3819 1872 3964 1940 ἡμῶν

2354 1955 2560 2003 πάντων
2620 1961 2977 2025 σωματωσεως
3034 1959 3133 2027 πρό
3190 1965 3371 2026 γενεῶν
3424 1956 3661 2030 ἀρχαίων
3716 1958 3961 2030 ηὐτρεπι-

2356 2046 2538 2111 σμένον
2592 2045 2802 2112 φάσκων
2854 2049 3185 2115 μυστήριον·
3232 2053 3340 2105 πῶς
3389 2047 3490 2118 ἀρα
3535 2050 3665 2117 μετὰ
3708 2052 3805 2102 τήν
3856 2045 3961 2097 ἐπι-

2354 2132 2559 2200 φάνειαν
2622 2139 2713 2191 τῆς
2764 2135 2878 2192 νέας
2943 2134 3167 2206 χάριτος
3233 2137 3384 2203 ἴχνος
3450 2133 3811 2205 ὑπολελεῖφθαι
3864 2146 3961 2185 τῶν

2353 2218 2579 2269 παλαιῶν
2632 2222 2825 2271 θυσιῶν
2880 2226 3089 2292 φήσειεν
3146 2224 3206 2273 οἶν
3254 2241 3333 2281 τις
3381 2231 3479 2273 τῶν
3523 2242 3639 2274 νονν
3688 2222 3956 2294 Exeat-ora;

2348 2306 2505 2358 Ἀλλὰ
2568 2316 2735 2360 ταῦτα
2794 2312 2885 2381 μὲν
2964 2315 3081 2383 περὶ
3147 2319 3242 2371 τῆς
3306 2319 3406 2361 τῶν
3471 2320 3693 2382 νομικῶν
3764 2314 3957 2364 θυσιῶν

2347 2396 2549 2458 παύλης
2575 2401 2603 2454 ἣ
2635 2396 2895 2460 ἀποϐολῆς
2918 2404 3007 2450 καὶ
3038 2397 3451 2471 ἀπαγορεύσεως.

2417 2484 2483 2542 η’.
2545 2485 2677 2538 Ἀλλ’
2736 2490 2864 2547 ἴσως
2916 2490 3083 2560 ἔροιτο
3140 2508 3222 2548 τις
3277 2498 3375 2540 τῶν
3430 2488 3742 2541 ἀντιθέτων’
3787 2489 3953 2561 ’Υμεῐς

2347 2569 2405 2625 δὲ
2449 2573 2503 2624 ἐκ
2548 2579 2709 2626 ποίων
2764 2595 3097 2648 προφητικῶν
3147 2574 3459 2640 ἀποδείξεων
3508 2582 3596 2629 τὸν
3642 2578 3769 2652 παρ’
3812 2580 3951 2649 ὑμῶν

2343 2669 2752 2735 προσρερόμενον
2812 2666 2964 2737 ἄρτον
3019 2672 3107 2717 καὶ
3167 2665 3298 2717 οἶνον
3349 2666 3420 2726 εἰς
3478 2670 3633 2718 τύπον
3697 2675 3794 2718 τοῦ
3856 2676 3955 2719 σῶ-

2343 2771 2506 2821 ματος
2553 2758 2643 2804 καὶ
2693 2755 2909 2824 αἳματος
2957 2764 3048 2805 του
3098 2762 3330 2829 Χριστοῦ
3374 2760 3680 2829 προσφέρειν
3716 2756 3955 2830 ππαρελά,

2345 2839 2494 2907 ϐετε;
2555 2844 2721 2912 Φαμὲν
2779 2838 2865 2892 οὖν
2915 2845 3050 2894 κατά
3106 2852 3309 2917 πρῶτον
3366 2842 3517 2914 λόγον
3573 2844 3641 2904 ὡς
3692 2848 3762 2895 τὰ
3810 2850 3954 2918 παρὰ

2342 2937 2432 2989 τῆς
2489 2928 2859 2989 αὑτοαληθείας
2908 2938 3144 3003 Χριστοῦ
3197 2942 3289 2983 του
3347 2932 3481 2984 Θεοῦ
3521 2934 3837 3007 πραχθέντα
3865 2953 3955 2984 και

580 3022 773 3094 inquit
802 3024 890 3094 (ut
917 3021 1118 3075 denuo
1149 3017 1368 3089 dicam)
1399 3019 1461 3073 in
1489 3034 1689 3074 meam
1703 3023 2232 3077 commemoratio-

2345 3014 2708 3090 παραδοθέντα
2752 3016 2921 3078 οὐδεὶς
2968 3020 3318 3082 ἡντεξετάζειν
3369 3017 3623 3073 ὃύναται’
3686 3044 3714 3070 ‹‹
3785 3029 3953 3074 Τοῦτο

578 3127 740 3167 nem.
778 3131 807 3159 »
833 3108 1007 3176 Quod
1055 3109 1105 3162 si
1136 3107 1517 3179 propheticas
1574 3107 1650 3163 de
1692 3108 1784 3163 his
1814 3109 2232 3180 praedictiones

576 3200 819 3272 quaeris,
851 3198 993 3255 audi
1018 3197 1210 3251 virum
1222 3195 1529 3267 prophetas
1549 3195 1731 3252 simul
1741 3197 2018 3269 regisque
2030 3206 2231 3255 aucto-

578 3287 815 3345 ritatem
827 3286 1153 3343 habentem
1180 3302 1196 3352 ;
1226 3284 1350 3340 imo
1377 3300 1520 3340 vero
1551 3285 1753 3356 ipsum
1778 3285 2076 3341 caelestem
2121 3289 2233 3343 Pa-

581 3382 754 3449 trem,
788 3378 987 3449 genito
1012 3374 1092 3432 ab
1122 3390 1184 3430 se
1231 3378 1369 3429 ante
1409 3373 1725 3431 luciferum
1777 3373 2154 3431 ineffabiliter
2176 3381 2233 3432 et

581 3464 1030 3539 impassibiliter
1100 3461 1236 3517 Filio
1299 3460 1636 3517 dicentem:
1672 3483 1700 3510 ‹‹
1749 3462 1980 3518 Juravit
2029 3464 2231 3520 Domi—

582 3570 720 3622 nus,
750 3558 809 3609 et
856 3568 979 3609 non
1016 3548 1332 3622 paenitebit
1384 3565 1543 3619 eum,
1602 3554 1668 3604 tu
1722 3566 1787 3605 es
1851 3552 2131 3607 sacerdos
2168 3552 2231 3607 in

582 3646 877 3697 aeternum
889 3638 1225 3695 secundum
1247 3636 1520 3693 ordinem
1536 3636 1915 3693 Melchisedec
1931 3642 1953 3674 ⁵
1966 3682 1979 3694 .
2020 3664 2040 3689 ι
2075 3641 2231 3706 Quid

580 3730 676 3785 hic
699 3743 882 3801 porro
908 3731 1027 3782 Deo
1055 3724 1377 3781 offerebat?
1404 3739 1627 3796 panem
1656 3741 1727 3781 ac
1751 3728 1980 3791 vinum,
2007 3729 2230 3800 quibus

579 3817 994 3874 Abrahamum
1023 3813 1307 3869 divinitus
1350 3820 1701 3869 muneratus
1722 3822 1829 3879 est,
1862 3822 1996 3887 post
2048 3818 2229 3874 victo-

575 3908 731 3965 riam
759 3906 839 3965 ab
868 3922 940 3963 eo
994 3907 1316 3978 patratam.
1349 3902 1406 3958 Si
1435 3917 1578 3972 ergo
1606 3902 1897 3958 oriundus
1934 3920 2005 3959 ex
2034 3905 2228 3962 alieno

574 3997 804 4072 populo
828 3992 1230 4063 Melchisedec,
1290 3991 1486 4061 ﬁgura
1535 3991 1750 4048 Christi
1776 3992 2149 4051 existimatur
2173 4002 2232 4053 et

575 4088 855 4153 creditur,
888 4087 1093 4158 utique
1121 4080 1441 4153 expulsum
1469 4085 1561 4136 est
1603 4080 1904 4136 leviticum
1951 4084 2229 4141 sacerdo-

575 4177 747 4232 tium.
766 4172 1145 4246 lmpossibile
1159 4171 1321 4226 enim
1337 4176 1427 4225 est
1438 4172 1623 4225 Deum
1637 4170 1890 4236 mentiri,
1907 4178 2229 4244 postquam

567 4261 963 4336 jurejurando
1028 4259 1303 4332 promisit
1367 4274 1429 4313 se
1487 4259 1881 4315 excitaturum
1967 4260 2229 4333 aliquem

2340 3109 2441 3177 γὰρ
2499 3114 2708 3171 ποιεῖτε,
2770 3130 2797 3155 ››
2851 3113 3029 3178 φησιν,
3090 3110 3172 3159 ἱνα
3213 3114 3301 3161 καὶ
3347 3110 3493 3169 αὖθις
3542 3108 3658 3184 ἐρῶ,
3694 3132 3721 3157 ι(
3754 3111 3828 3171 εἰς
3860 3116 3950 3169 τήν

2342 3194 2467 3267 ἐμὴν
2529 3194 2837 3268 ἀνάμνησιν.
2889 3214 2920 3249 1)
2980 3198 3038 3248 Εἰ
3087 3195 3147 3250 δὲ
3200 3202 3521 3271 προφητικὰς
3577 3204 3696 3270 περὶ
3751 3204 3947 3251 τούτων

2340 3283 2651 3358 προρρήσεις
2705 3286 2894 3352 ζητεῖς,
2950 3287 3177 3338 οἰκουσον
3229 3293 3498 3361 προφήτου
3543 3292 3631 3338 καὶ
3680 3285 3948 3359 βασιλέως

2339 3373 2527 3444 ἀμφοῖν
2570 3377 2630 3425 τό
2678 3372 2982 3435 ἀξιόπιστον
3033 3377 3279 3445 ἔχοντος⁶
3324 3375 3515 3447 μᾶλλον
3566 3372 3624 3427 δὲ
3655 3375 3822 3428 αὐτου
3853 3388 3943 3429 του

2340 3459 2643 3533 ἐπουρανίου
2700 3466 2896 3535 Πατρός
2947 3466 3072 3535 πρὸς
3128 3468 3215 3515 τὸν
3272 3468 3372 3538 πρό
3439 3464 3706 3538 ἑωσφόρον
3762 3486 3939 3535 γεννη-

2341 3550 2490 3601 θέντα
2544 3548 2597 3612 ἐξ
2654 3550 2812 3602 αύτου
2860 3550 3096 3624 ἀρρήτως
3148 3556 3237 3604 καὶ
3299 3554 3515 3615 ἀπαθῶς
3556 3570 3569 3583 ’
3646 3577 3673 3603 ς(
3738 3552 3941 3626 Ὠμοσε

2341 3640 2548 3710 Κύριος,
2598 3643 2685 3690 καὶ
2733 3640 2791 3690 ού
2839 3639 3317 3711 μεταμεληθήσεται
3347 3657 3359 3669 ·
3414 3646 3479 3692 σύ
3534 3642 3695 3713 ἱερεύς
3743 3643 3818 3703 εἰς
3854 3648 3940 3695 τόν

2338 3727 2500 3779 αἰῶνα
2559 3731 2692 3779 κατὰ
2744 3733 2837 3785 τὴν
2885 3728 3031 3790 τάξιν
3088 3726 3464 3801 Μελχισεδέκ,
3530 3753 3557 3778 ››
3617 3731 3717 3783 Καὶ
3772 3738 3826 3783 τί
3878 3736 3942 3784 τὰ

2338 3816 2459 3889 παρ’
2517 3816 2677 3868 αύτου
2716 3823 3107 3891 προσφερόμενα
3148 3826 3219 3888 τῷ
3267 3826 3422 3888 Θεῷ;
3472 3817 3661 3891 "Apro;
3718 3828 3809 3871 καὶ
3872 3820 3946 3872 οἱ-

2337 3924 2436 3969 νος,
2504 3906 2578 3966 οἷς
2647 3909 2734 3957 τὸν
2795 3904 3036 3978 Ἀϐραὰμ
3095 3903 3356 3969 ἐδεξιοῦτο
3424 3909 3734 3982 θεοπρεπῶς,
3791 3918 3942 3968 νίκην

2339 3992 2774 4066 ἐπεργασάμενον.
2834 3994 2894 4046 Ei
2958 3990 3043 4045 οὖν
3103 3993 3154 4056 ἐξ
3207 3995 3381 4070 ἑτέρας
3438 3995 3599 4067 φυλῆς
3650 4000 3675 4047 ό
3742 3998 3946 4070 Μελχι-

2343 4079 2514 4153 σεδὲκ,
2578 4086 2741 4144 τύπος
2808 4079 2867 4134 δὲ
2930 4092 3022 4134 τοῦ
3082 4091 3317 4157 Χριστοῦ
3384 4090 3474 4136 καὶ
3530 4084 3797 4157 λογίζεται
3853 4096 3943 4140 καὶ

2340 4176 2660 4238 πιστεύεται,
2728 4170 3030 4228 ἐκϐέϐληται
3091 4173 3195 4245 ἄρα
3256 4174 3284 4229 ἡ
3347 4171 3578 4230 λευῑτικὴ
3638 4175 3896 4247 ἱερωσύνη
3927 4195 3939 4206 ’

2342 4256 2596 4311 ἀδύνατον
2644 4263 2745 4332 γὰρ
2787 4259 3089 4329 ψεύσασθαι
3137 4264 3288 4331 Θεὸν,
3319 4266 3408 4313 καὶ
3437 4269 3605 4313 ταῦτα
3632 4263 3747 4333 μεθ’
3778 4266 3941 4337 ὁρκον

574 4351 909 4406 secundum
952 4349 1227 4406 ordinem
1277 4346 1675 4418 Melchisedec,
1743 4349 1847 4419 qui
1912 4350 2228 4407 carnaliter

2345 4346 2768 4420 ἐπαγγειλάμενον
2816 4351 2952 4399 κατὰ
2992 4353 3085 4406 τὴν
3129 4349 3275 4411 τάξιν
3328 4347 3660 4421 Μελχισεδὲκ
3708 4351 3938 4411 ἀναστή-

574 4443 733 4495 esset
763 4437 840 4493 de
870 4435 1110 4493 Dav1dis
1137 4435 1363 4490 semine
1416 4435 1686 4505 pontifex
1744 4437 1924 4490 simul
1958 4440 2225 4510 Deusque

574 4534 711 4585 ante
742 4526 979 4583 saecula.
1015 4523 1228 4595 Ejectis
1256 4523 1437 4592 igitur
1458 4523 1564 4594 qui
1587 4524 1662 4579 de
1691 4525 1820 4578 Levi
1851 4524 2009 4580 tribu
2035 4534 2224 4594 erant,

573 4621 637 4672 ut
654 4614 1129 4688 suprascriptum
1160 4616 1266 4678 est,
1299 4626 1541 4665 necesse
1576 4610 1842 4666 vicissim
1900 4612 2007 4668 fuit
2036 4621 2098 4669 ut
2126 4631 2223 4671 ve-

572 4706 709 4763 teris
738 4712 869 4761 tum
888 4702 1035 4773 legis
1063 4705 1189 4756 tum
1221 4698 1413 4754 cultus
1467 4699 1806 4755 immutatio
1843 4700 2011 4756 ﬁeret
2034 4718 2047 4767 ;
2072 4703 2223 4761 sicut

571 4794 791 4853 alicubi
818 4808 1076 4864 magnus
1105 4804 1349 4862 quoque
1400 4788 1617 4845 Paulus
1663 4789 1836 4845 dicit:
1870 4791 2219 4849 Universum

570 4886 729 4941 enim
750 4882 1096 4939 Iudaeorum
1125 4878 1350 4935 cultum
1380 4893 1488 4949 per
1519 4877 1727 4934 levitas
1767 4888 1825 4932 et
1855 4880 2219 4938 contribules

569 4973 847 5039 exerceri,
876 4971 1006 5041 lege
1057 4974 1301 5025 cautum
1355 4966 1770 5039 erat;quibus
1820 4969 2215 5037 cessantibus,

568 5061 663 5117 lex
687 5076 930 5132 quoque
949 5059 1113 5115 irrita
1139 5058 1327 5113 evasit
1352 5058 1392 5111 θ.
1439 5056 1551 5113 Sed
1581 5060 1637 5111 et
1660 5072 1767 5129 per
1817 5058 2003 5113 alium
2066 5076 2213 5130 pro-

564 5150 830 5222 phetam,
880 5149 956 5203 de
984 5153 1189 5203 nostro
1238 5146 1529 5201 sacriﬁcio
1581 5150 1637 5202 et
1667 5145 1828 5201 cultu
1883 5147 2011 5203 haec
2064 5152 2216 5204 Deus

562 5238 840 5311 praedixit
864 5236 1107 5292 dicens:
1138 5257 1166 5284 ‹‹
1198 5237 1343 5289 Ecce
1361 5234 1698 5305 thymiama
1726 5235 1873 5291 mihi
1903 5236 2215 5293 exhibetur

561 5329 623 5384 in
647 5326 933 5383 universa
962 5326 1179 5381 terra".
1217 5345 1245 5373 »
1292 5328 1481 5394 Atque
1536 5324 1663 5379 haec
1710 5324 1871 5380 dicta
1923 5334 2099 5383 sunto
2137 5326 2213 5382 de

561 5416 883 5474 abolitione
905 5414 1291 5472 Judaicorum
1334 5412 1767 5469 sacriﬁciorum
1807 5429 1877 5469 ac
1904 5415 2128 5472 rituum
2158 5422 2213 5473 et

2342 4440 2524 4489 σεσθαι
2591 4441 2676 4488 τόν
2738 4436 2793 4487 ἐκ
2861 4442 3149 4508 σπέρματος
3216 4434 3383 4489 Δαϐἱὸ
3438 4443 3496 4489 τὸ
3553 4442 3687 4490 κατὰ
3737 4443 3934 4513 σάρκα,

2336 4524 2588 4599 ἀρχιερέα
2629 4528 2714 4577 τόν
2763 4524 2916 4576 αὐτόν
2969 4530 3092 4575 ὄντα
3136 4530 3226 4576 καὶ
3276 4529 3402 4578 Θεὸν
3456 4533 3784 4599 προαιῶνιον.
3818 4535 3931 4581 Τῶν

2332 4612 2385 4664 ἐκ
2434 4622 2527 4674 τῆς
2588 4612 2848 4672 λευίτικῆς
2902 4616 3071 4662 τοίνυν
3147 4611 3311 4680 φυλῆς
3376 4611 3790 4686 ἐκϐεϐλημένων,
3858 4617 3931 4677 ὡς

2328 4707 2740 4775 προγέγραπται,
2803 4701 3081 4770 ἀναγκαῖον
3134 4699 3290 4751 πάλιν
3348 4702 3463 4752 ἐστὶ
3517 4707 3608 4753 καὶ
3669 4712 3764 4753 τού
3831 4724 3927 4756 πα-

2327 4789 2473 4842 λαιοῦ
2520 4796 2676 4861 νόμου
2726 4794 2815 4840 καὶ
2875 4798 2966 4850 τῆς
3019 4787 3257 4864 λατρείας
3312 4792 3550 4859 γενέσθαι
3603 4792 3922 4862 μετάθεσιν·

2327 4882 2392 4941 ὡς
2444 4900 2539 4932 που
2590 4885 2678 4931 καὶ
2728 4878 2929 4940 Παυλος
2980 4880 3005 4930 ὁ
3055 4883 3215 4950 μέγας
3262 4896 3426 4951 φησι·
3458 4885 3615 4931 Πᾶσα
3638 4883 3741 4954 γὰρ
3772 4884 3799 4939 ἡ
3836 4892 3927 4942 τῆς

2324 4968 2558 5042 λατρείας
2648 4978 2746 5019 τῶν
2825 4964 3096 5020 Ἰουδαίων
3176 4973 3514 5040 πραγματεία
3588 4974 3678 5020 καὶ
3747 4969 3921 5029 ἐντολὴ

2325 5054 2419 5109 διὰ
2473 5066 2571 5109 τῶν
2618 5056 2828 5109 λευῖτῶν
2876 5062 2964 5108 καὶ
3014 5055 3344 5127 συμφυλετῶν
3394 5057 3563 5108 αὐτῶν
3603 5056 3925 5131 ἐνεργεῖσθαι

3506 5143 3566 5197 δὲ

2321 5242 2649 5309 κατήργηται
2695 5240 2785 5285 καὶ
2837 5236 2861 5285 ό
2909 5240 3080 5305 νόμος.
3138 5233 3291 5285 Ἀλλά
3338 5239 3427 5286 καὶ
3461 5231 3534 5286 δι’
3592 5235 3770 5311 ἐτέρου
3802 5257 3921 5312 προ-

2321 5332 2485 5398 φήτου
2532 5329 2651 5398 περὶ
2693 5332 2783 5376 τού
2827 5326 3076 5397 ἡμετέρου
3127 5325 3351 5395 θύματος
3397 5329 3485 5375 καὶ
3534 5333 3630 5385 τῆς
3682 5325 3921 5402 λατρείας

3282 5436 3303 5461 ι
3368 5410 3508 5465 Ἰδοὺ
3560 5415 3809 5489 θυμίαμά
3835 5436 3920 5489 μοι

2322 5154 2394 5218 τῷ
2478 5167 2617 5218 νόμῳ
2697 5145 3014 5199 ἐκτέτακται.
3104 5149 3411 5216 Παυομένων
3506 5145 3566 5197 δὲ
3659 5147 3866 5200 ἐκείνῶν
3907 5191 3922 5215 ,

2322 5424 2539 5467 τοιαυτα
2597 5419 2955 5486 προαναφωνεῖ
3014 5411 3174 5482 λέγων
3209 5429 3221 5440 ·

630 5599 803 5672 ³188.
825 5612 867 5663 ι,
901 5600 988 5652 13.
1017 5595 1039 5630 ³
1070 5590 1222 5651 Psal.
1252 5606 1405 5662 mv,
1433 5594 1524 5650 73.
1552 5592 1574 5627 ⁴
1612 5591 1768 5650 Psal.
1790 5609 1991 5663 xxxix,
2011 5601 2067 5658 7.
2091 5597 2115 5632 ⁸
2140 5597 2236 5652 Ρεε

2346 5609 2441 5667 1x,
2460 5598 2518 5654 4.
2548 5595 2569 5630 ⁶
2600 5593 2774 5650 Hebr.
2816 5608 2912 5660 vn,
2950 5590 3033 5647 11.
3065 5592 3086 5626 τ
3128 5591 3377 5649 Malach.
3412 5608 3448 5659 ι,
3485 5596 3569 5648 11.

4012 6085 4019 6117 l

4060 4176 4061 4215 1

4056 4364 4057 4397 1

4054 4438 4055 4487 1

4052 4548 4053 4579 1

4050 4628 4051 4669 1

4048 4704 4049 4759 1

4046 4800 4047 4849 1

4044 4884 4045 4941 1

4040 4972 4043 5031 1

4036 5270 4037 5303 1

4034 5348 4035 5393 1

4032 5444 4033 5483 1

4030 5526 4031 5573 1

4024 5620 4029 5665 1

4026 5688 4027 5755 1

4024 5778 4025 5826 1
