4106 6222
42 540 65 1063 φ

614 315 711 370 431

602 526 850 596 gogiam
875 524 1089 581 debet:
1114 522 1177 579 id
1214 525 1417 579 autem
1437 515 1724 589 temporis
1755 514 2020 587 spatium
2078 512 2256 583 signi-

600 617 741 673 ﬁcat
766 614 915 671 illud
954 630 991 670 a
1045 613 1344 687 propheta
1396 609 1551 666 Isaia
1607 605 1962 681 praedictum
1992 607 2253 675 tempus,

600 702 924 759 nativitatis
952 701 1223 759 videlicet
1250 699 1554 774 prophetae
1572 695 1815 754 Joannis
1844 692 2255 767 praecursoris,

603 790 934 862 Christique
960 790 1040 846 ad
1057 806 1171 846 nos
1192 789 1509 846 adventus.
1558 789 1780 843 Horum
1835 783 1997 839 enim
2040 780 2255 839 ambo-

600 896 756 943 rum,
798 894 1020 952 nempe
1042 883 1099 935 et
1127 877 1446 936 nativitatis
1481 882 1738 947 tempus,
1789 877 1847 929 et
1892 871 2102 929 Christi
2151 869 2257 927 ad-

601 973 866 1038 ventum,
897 973 1112 1042 praater
1132 968 1280 1025 alios
1303 966 1620 1038 deiloquos
1635 962 2003 1029 viros,lsaias
2030 959 2257 1033 perspi-

603 1076 712 1116 cue
736 1058 1097 1115 vaticinatus
1119 1062 1226 1129 est,
1255 1058 1330 1113 de
1354 1058 1582 1113 Joanne
1610 1053 1856 1126 quidem
1886 1050 1969 1108 ita
2008 1049 2216 1106 dicens
2241 1065 2254 1103 :

604 1172 631 1199 ‹‹
653 1152 797 1205 Ecce
822 1163 934 1218 ego
952 1147 1122 1205 mitto
1141 1146 1424 1219 angelum
1448 1160 1653 1201 meum
1676 1146 1814 1199 ante
1840 1140 2255 1202 faciemtuam,

603 1237 707 1310 qui
737 1237 978 1310 parabit
1000 1237 1165 1294 viam
1192 1242 1357 1293 tuam
1395 1250 1602 1292 coram
1650 1248 1749 1289 me
1775 1234 1821 1287 9.
1879 1250 1910 1283 ›
1940 1229 2086 1286 Item
2142 1227 2260 1285 alia

604 1331 906 1401 quotquot
935 1326 1009 1382 de
1044 1326 1260 1382 eodem
1306 1321 1749 1398 praenuntiavit.
1782 1323 1861 1376 De
1885 1319 2118 1377 Christo
2158 1333 2260 1374 au-

604 1422 762 1473 tem:
794 1438 821 1465 ‹‹
851 1419 997 1472 Ecce
1025 1414 1195 1485 virgo
1216 1415 1279 1470 in
1317 1417 1487 1470 utero
1536 1409 1784 1468 habebit
1816 1413 1861 1465 θ.
1908 1432 1936 1459 ››
1969 1411 2034 1465 Et
2083 1406 2258 1480 quid-

603 1505 753 1576 quid
784 1505 881 1560 ille
906 1505 981 1560 de
1006 1503 1311 1576 passione,
1340 1500 1671 1574 sepultura,
1703 1515 1774 1555 ac
1824 1496 2260 1555 resurrectione

604 1592 901 1665 praedixit.
936 1595 1208 1665 Namque
1236 1592 1352 1648 hoc
1378 1595 1667 1662 tempore,
1697 1586 1986 1645 reconditi
2016 1599 2259 1658 quoque

604 1680 1070 1739 aconstitutione
1097 1679 1309 1736 mundi
1324 1677 1594 1751 mysterii
1617 1674 2018 1734 manifestatio
2036 1673 2260 1731 exitum

604 1774 786 1827 nacta
813 1773 919 1825 est.

1886 298 2240 356 THEODORI
2276 295 2693 356 ANDIDENSIS

3426 11 4078 282 “1

3877 305 3996 360 £32

602 436 743 493 tifex
772 435 970 509 primo
1000 432 1314 498 sacerdoti,
1332 429 1435 503 qui
1453 427 1720 485 divinam
1746 424 2006 497 incipere
2029 426 2254 496 mysta-

2367 425 2450 475 τόν
2480 424 2580 495 πρὸ
2609 428 2701 475 τοῦ
2732 421 3105 495 βαπτίσματος
3142 428 3231 477 καὶ
3260 425 3349 486 τὰς
3394 420 3428 478 δ
3434 424 3671 500 ιατριϐἁς
3717 428 3747 485 ἡ
3788 430 3983 499 πρόθεο

2369 530 2447 572 σις
2497 510 2766 587 ἐκπληροῖ.
2816 509 3033 566 Δίδοται
3078 518 3247 566 τοίνυν
3272 517 3455 588 καιρός
3494 518 3637 589 παρὰ
3659 522 3752 567 τοῦ
3789 515 3987 589 ἀρχιεκ

2364 604 2490 673 ρίως
2540 608 2612 672 τῷ
2668 608 2851 677 πρώτῳ
2900 610 2999 655 τῶν
3052 606 3220 679 ἱερέων
3270 604 3502 676 μέλλοντι
3549 606 3827 678 ἄρχεσθαι
3880 614 3985 667 τῆς

2368 692 2507 753 θείας
2558 698 2955 764 μυσταγωγίας*
2990 694 3138 756 οὗτος
3170 691 3227 747 δι
3259 695 3283 746 6
3314 698 3491 771 καιρός
3523 698 3864 767 σχηματίζει
3892 702 3983 748 τόν

2366 781 2510 852 παρὰ
2597 789 2689 833 τοῦ
2778 788 3048 855 προφήτου
3148 782 3365 836 Ἠσαίου

2365 872 2566 942 καιρόν,
2622 878 2712 931 τῆς
2760 879 2849 923 τοῦ
2897 878 3160 945 προφήτου
3216 875 3449 925 Ἰωάννου
3502 879 3589 926 καὶ
3649 870 3978 948 Προδρόμου

2366 963 2670 1029 γεννήσεως,
2715 966 2804 1013 καὶ
2855 969 2950 1024 τῆς
2997 970 3087 1014 τοῦ
3137 970 3371 1035 Χριστοῦ
3413 965 3542 1037 πρὸς
3584 963 3724 1035 ἡμᾶς
3770 960 3979 1018 ἐπιδη-

2367 1064 2507 1119 μιας’
2584 1047 2883 1123 ἀμφοτέρων
2955 1053 3053 1124 γὰρ
3120 1054 3314 1103 τούτων
3388 1059 3484 1115 τῆς
3556 1070 3609 1103 τε
3681 1058 3978 1123 γεννήσεως

2366 1139 2453 1189 τόν
2501 1141 2701 1213 καιρόν,
2746 1145 2835 1190 καὶ
2898 1147 2993 1201 τῆς
3039 1147 3130 1193 τοῦ
3182 1148 3416 1214 Χριστοῦ
3466 1136 3767 1211 ἐπιδημίας,
3844 1144 3979 1212 μετὰ

2368 1233 2467 1277 τῶν
2524 1225 2687 1278 ἄλλων
2747 1230 3003 1302 θεηγόρων
3057 1230 3083 1281 6
3131 1229 3347 1290 Ἠσαίας
3404 1226 3672 1301 ἁριδήλως
3730 1236 3973 1302 προέφε-

2368 1333 2538 1368 τευσε·
2588 1322 2707 1389 περὶ
2758 1321 2847 1389 μεν
2900 1326 2993 1370 τοῦ
3039 1318 3274 1372 Ἰωάννου
3341 1320 3503 1380 οὕτως
3552 1319 3726 1371 εἰπών·
3793 1317 3971 1372 ιΊδού

3462 803 3814 857 προαναφωνη
3828 786 3981 836 θέντα

2369 1402 2465 1475 ἐγὼ
2511 1403 2807 1458 ἀποστέλλω
2854 1410 2940 1459 τόν
2989 1408 3205 1481 ἄγγελόν
3233 1428 3334 1481 μου
3387 1412 3489 1481 πρό
3531 1414 3820 1482 προσώπου
3854 1429 3963 1464 σου.

2368 1494 2419 1553 ὃς
2475 1497 2859 1548 κατασκευάσει
2923 1494 3195 1556 τὴνόδόν
3255 1516 3349 1550 σου
3403 1500 3689 1573 ἔμπροσθέν
3749 1517 3882 1571 μου.
3936 1518 3963 1551 ν

2368 1586 2459 1633 καὶ
2516 1581 2678 1635 τοῖλλα
2729 1583 2830 1637 ὅσα
2880 1591 3019 1659 περὶ,
3078 1586 3238 1638 αὐτοῦ
3294 1591 3670 1663 προηγόρευσε·
3730 1594 3855 1660 περὶ
3912 1584 3965 1639 δε

2366 1677 2457 1723 τοῦ
2510 1679 2762 1745 Χριστοῦ,
2814 1693 2844 1728 ‹
2901 1671 3038 1728 Ἰδού
3088 1680 3117 1734 ἠ
3161 1678 3413 1751 Παρθένος
3459 1679 3507 1728 ἐν
3536 1681 3733 1751 γαστρὶ
3782 1674 3907 1739 ἕξει,
3937 1695 3966 1729 ›

2369 1764 2459 1812 καὶ
2516 1762 2617 1814 ὅσα
2667 1760 2849 1825 ἐκεῖνος
2903 1769 3019 1838 περὶ
3076 1772 3168 1818 τοῦ
3221 1766 3436 1832 πάθους,
3486 1770 3574 1818 καὶ
3631 1774 3724 1826 τῆς
3773 1774 3963 1837 ταφῆς,

604 1863 693 1910 καὶ
745 1857 1081 1919 ἀναστάσεως
1130 1861 1534 1930 προηγόρευσεν*
1586 1854 1635 1907 ἓν
1680 1856 1844 1927 τούτῳ
1891 1855 1990 1928 γὰρ
2032 1860 2103 1924 τῷ
2152 1858 2317 1926 καιρῷ
2366 1853 2455 1902 καὶ
2495 1857 2588 1903 τοῦ
2637 1848 3140 1927 ἀποκεκρυμμένου;
3183 1859 3480 1928 μυστηρίου
3525 1858 3626 1931 πρὸ
3677 1854 3967 1913 καταϐολῆς

602 1950 804 2018 κόσμου
836 1948 864 2004 η
897 1949 1180 2020 φανέρωσις
1206 1948 1265 1997 τὸ
1296 1949 1455 2020 πέρας
1482 1940 1716 2008 ἐδέξατο.

676 2037 760 2091 li.
785 2036 916 2090 Jam
935 2049 1080 2090 vero
1105 2033 1412 2103 sacerdos,
1444 2033 1549 2106 qui
1587 2032 1826 2090 initium
1855 2031 2075 2087 divinae
2099 2030 2260 2088 litur-

602 2123 709 2197 giae
730 2123 887 2193 facit,
919 2122 1251 2194 imaginem
1282 2127 1473 2194 gestat
1508 2121 1756 2178 Joannis
1801 2120 2081 2193 Baptistae
2111 2136 2261 2192 prte-

603 2210 884 2277 cursoris,
905 2212 1011 2284 qui
1042 2210 1319 2267 videlicet
1346 2209 1837 2283 praedicationem
1868 2225 2117 2266 exorsus
2172 2211 2261 2266 est

602 2301 810 2357 dicens
835 2317 893 2355 :«
912 2299 1326 2357 Paenitentiam
1349 2300 1508 2370 agite
1529 2317 1542 2367 ;
1568 2298 2081 2372 appropinquavit
2099 2296 2260 2354 enim

602 2405 858 2461 regnum
874 2391 1221 2446 caelorum”
1257 2410 1272 2459 ;
1299 2413 1327 2440 ››
1360 2394 1417 2447 et
1445 2389 1800 2445 accedentes
1826 2403 2039 2444 omnes
2066 2386 2261 2459 bapti-

603 2478 798 2536 zabat.
842 2482 1045 2551 Coepta
1070 2479 1252 2549 igitur
1281 2478 1360 2536 ab
1381 2479 1497 2535 hoc
1524 2477 1782 2548 liturgia,
1801 2476 2098 2533 accedunt
2126 2477 2261 2548 post

602 2567 867 2640 primam
897 2582 1138 2640 precem
1166 2567 1530 2641 prophetica:
1558 2566 1865 2634 lectiones,
1895 2580 2051 2637 quas
2103 2563 2260 2621 Anti-

600 2658 811 2730 phona
828 2656 1128 2730 appellam
1136 2660 1361 2724 us,tum
1376 2656 1521 2729 quia
1536 2655 1843 2729 prophetae
1854 2653 2261 2727 praadixerunt

604 2760 746 2803 eum
782 2746 1039 2819 quijam
1068 2752 1247 2804 natus
1264 2751 1389 2813 est;
1436 2750 1564 2805 tum
1611 2744 1756 2818 quia
1817 2759 2033 2817 reapse
2080 2746 2257 2800 Vetus

602 2838 1046 2893 Testamentum
1079 2836 1399 2909 praecessit,
1429 2836 1605 2908 cujus
1655 2834 1960 2907 legislator
2008 2834 2117 2891 fuit
2160 2833 2257 2890 hic

601 2924 790 2982 modo
814 2929 993 2982 natus
1023 2924 1085 2980 in
1114 2924 1235 2981 ﬁne
1265 2924 1520 2981 dierum.
1570 2924 1893 2981 Sciendum
1943 2939 2084 2980 vero
2147 2926 2256 2991 est,

606 3016 774 3088 quod
803 3013 972 3070 initio
1023 3013 1342 3085 cujuslibet
1379 3012 1577 3080 ofﬁcii,
1628 3016 1755 3069 tum
1801 3012 2077 3070 matutini
2130 3015 2259 3068 tum

604 3103 951 3177 vespertini,
1013 3103 1211 3176 primo
1254 3104 1479 3159 Veteris
1542 3103 1901 3159 Testamenti
1963 3107 2261 3159 canuntur

605 3192 1114 3260 Psalmi;deinde
1160 3209 1335 3250 novae
1380 3192 1584 3265 gratia:
1642 3192 1893 3261 cantica,
1939 3195 2005 3248 ut
2049 3206 2260 3248 omnes

608 3287 946 3356 agnoscant
969 3298 1161 3339 unum
1189 3282 1594 3355 eumdemque
1624 3298 1753 3339 esse
1784 3281 2125 3351 Dominum,
2156 3282 2261 3355 qui

606 3380 663 3433 et
691 3375 820 3432 haec
842 3379 899 3431 et
921 3373 1024 3430 illa
1052 3372 2026 3437 mandavit,Christum.Canuntur
2061 3371 2259 3442 igitur,

607 3469 673 3521 ut
691 3463 978 3528 diximus,
1006 3466 1143 3533 post
1163 3461 1423 3533 primam
1450 3475 1691 3532 precem
1710 3460 2056 3532 Antiphona
2087 3478 2100 3527 ;
2124 3476 2260 3533 quae

605 3553 802 3625 primo
826 3550 1125 3619 ingerunt,
1150 3549 1317 3621 quod
1346 3549 1580 3604 bonum
1604 3548 1678 3604 sit
1707 3549 1974 3605 conﬁteri
1993 3554 2134 3605 nato
2152 3550 2262 3604 Do-

608 3638 775 3696 mino
794 3652 905 3708 pro
930 3636 1181 3692 humani
1205 3636 1439 3705 generis
1464 3635 1653 3691 salute
1677 3652 1691 3701 ;
1709 3635 1926 3692 deinde
1947 3637 2101 3693 elata
2119 3652 2263 3693 voce

609 3728 876 3784 clamant
909 3724 1091 3781 illud:
1125 3745 1154 3774 ‹‹
1184 3723 1475 3783 Dominus
1495 3725 1773 3794 regnavit
1804 3744 1816 3793 ;
1848 3749 1877 3776 ››
1916 3726 1976 3781 id
1997 3730 2085 3782 est
2102 3742 2262 3782 nunc

609 3815 807 3883 magis
844 3814 1057 3883 regnat
1080 3816 1337 3869 aeternus
1358 3815 1477 3868 Rex
1503 3816 1561 3869 et
1588 3813 1895 3879 Dominus,
1936 3819 2264 3887 postquam

608 3900 901 3961 humilem
922 3901 1080 3958 hanc
1097 3900 1213 3957 sibi
1238 3916 1483 3957 carnem
1517 3900 1731 3971 induit,
1755 3917 1942 3975 quam
1969 3903 2264 3960 fortitudi-

610 4006 753 4050 nem
773 3989 1265 4064 appellaverunt:
1301 3990 1453 4047 sicut
1480 3990 1683 4046 multis
1716 3992 2069 4048 aestimatam
2094 3991 2267 4064 igno-

610 4079 887 4149 miniam,
914 4080 1107 4136 crucis
1135 4079 1373 4151 scilicet,
1402 4078 1655 4150 gloriam
1706 4080 1973 4138 Salvator
1999 4082 2271 4141 nomina-

612 4170 699 4226 vit
721 4171 786 4223 ¹ι.
808 4168 969 4226 Sicut
1004 4168 1165 4225 enim
1185 4184 1308 4239 rex,
1331 4184 1685 4243 quanquam
1716 4186 1953 4243 semper
2006 4172 2273 4244 potentia

613 4271 685 4315 ac
714 4256 1059 4313 fortitudine
1084 4258 1388 4331 praeditus,
1420 4258 1588 4315 haud
1617 4258 1918 4315 interdum
1948 4260 2043 4316 his
2088 4261 2271 4317 utitur

614 4346 697 4405 ad
713 4345 1127 4419 reprimendos
1154 4347 1356 4404 hostes
1384 4348 1489 4420 qui
1517 4347 1771 4405 subditis
1800 4350 1923 4405 suis
1951 4349 2070 4405 vim
2125 4349 2271 4406 infe-

612 4438 755 4493 runt
781 4450 794 4501 ;
813 4438 1027 4508 postea
1044 4449 1183 4492 vero
1200 4435 1531 4492 ulciscendi
1552 4441 1728 4509 capto
1754 4437 2003 4493 consilio
2019 4454 2270 4495 consur-

537 4592 555 4610 .
613 4539 784 4597 gens,
807 4524 1026 4595 exigua
1053 4523 1258 4596 aliqua
1302 4540 1441 4579 cum
1488 4530 1819 4594 armatura,
1886 4527 2269 4600 propriarum

612 4613 831 4671 virium
860 4611 1128 4686 pondere
1156 4612 1358 4669 hostes
1406 4614 1771 4686 prosternit;
1827 4619 2006 4688 atque
2066 4616 2161 4672 his
2209 4617 2271 4673 in

610 4702 965 4763 barathrum
988 4701 1337 4775 perditionis
1364 4702 1667 4775 projectis,
1692 4708 1939 4761 cunctos
1965 4721 2121 4778 quos
2180 4710 2269 4778 ty-

612 4793 864 4852 rannide
929 4791 1126 4849 hostili
1184 4790 1482 4858 liberavit,
1537 4792 1707 4849 audit
1776 4793 1887 4849 sibi
1956 4794 2265 4853 dicentes:

613 4905 643 4932 ‹‹
688 4887 851 4939 Nunc
879 4882 1152 4953 regnavit
1174 4881 1462 4939 Dominus
1485 4886 1872 4953 noster,nunc
1896 4882 2090 4940 induit
2112 4883 2270 4943 forti-

609 4970 900 5039 tudinem,
914 4993 935 5023 ι
969 4971 1114 5044 quia
1129 4971 1416 5028 nimirum
1434 4972 1813 5044 propositum
1832 4974 1962 5045 ejus
1977 4989 2046 5030 ac
2060 4974 2268 5031 volun-

610 5064 797 5118 tatem
841 5059 1193 5131 ulciscendi,
1260 5062 1436 5131 regni
1481 5064 1539 5116 et
1587 5062 1971 5131 fortitudinis
2025 5063 2268 5121 nomine

615 5149 920 5222 appellant
944 5168 955 5218 ;
975 5150 1057 5206 sic
1084 5150 1261 5207 etiam
1280 5149 1573 5223 Propheta
1589 5151 1925 5223 praevidens
1958 5153 2190 5210 venturi
2206 5154 2269 5210 in

613 5254 792 5296 carne
825 5238 926 5294 Dei
955 5238 1128 5295 Verbi
1154 5242 1412 5311 tempus,
1435 5243 1493 5296 et
1521 5239 2022 5313 humanigeneris
2059 5241 2268 5300 defen-

613 5329 864 5395 sionem,
909 5327 1209 5401 simulque
1238 5328 1429 5385 hostis
1459 5333 1514 5387 et
1544 5330 1844 5388 sociorum
1874 5332 2005 5403 ejus
2044 5331 2268 5390 daemo-

610 5431 759 5475 num
812 5415 1050 5475 cladem
1104 5432 1473 5490 supremam,
1529 5418 1773 5493 insuper
1815 5420 2007 5494 ipsius
2060 5422 2267 5479 mortis

2290 2030 2331 2084 B
2444 2028 2530 2086 ια’.
2579 2028 2635 2082 Ὁ
2677 2027 2736 2084 δέ
2790 2050 2849 2102 γε
2898 2034 3055 2105 ἱερεὺς
3111 2034 3137 2085 6
3187 2037 3281 2093 τὴν
3323 2033 3521 2109 ἴναρξιν
3559 2041 3654 2096 τῆς
3710 2035 3850 2094 θείας
3903 2037 3967 2085 ιε-

2367 2123 2618 2192 ρουργίας
2682 2124 2986 2193 ποιούμενος
3059 2122 3231 2175 εἰκόνα
3293 2127 3431 2196 φίρει
3491 2130 3579 2175 τοῦ
3646 2120 3965 2197 Προδρόμον

2370 2205 2606 2261 Ἰωάννου
2659 2214 2749 2261 καὶ
2808 2217 3124 2280 Βαπτιστοῦ,
3182 2212 3672 2287 προκαταρξαμένου
3731 2220 3827 2264 τοῦ
3876 2232 3965 2269 zu:-

2367 2298 2629 2369 ρύγματος
2685 2303 2775 2351 καὶ
2819 2298 3072 2370 λέγοντος,
3110 2323 3132 2350 ε
3194 2307 3513 2354 Μετανοεῖτε⁶
3569 2301 3759 2373 ηγγικε
3805 2302 3959 2373 γὰρὲ

2371 2383 2619 2456 βασιλεία
2662 2395 2762 2438 τῶν
2818 2388 3065 2461 οὖρανων,
3121 2407 3152 2442 ›
3204 2394 3294 2441 καὶ
3355 2388 3704 2462 βαπτίζοντος
3772 2391 3963 2450 πάντας

2368 2477 2485 2534 τους
2557 2481 3022 2550 προσερχομένους.
3112 2478 3430 2552 ’Λρχομένου
3491 2475 3549 2532 δι
3612 2481 3807 2531 τούτου
3876 2487 3962 2539 τῆς

2371 2567 2512 2625 θείας
2597 2565 2900 2638 ἱερουργίας,
2975 2570 3296 2641 παράγονταε
3368 2569 3497 2640 μετὰ
3568 2571 3664 2627 τὴν
3756 2574 3963 2641 πρώτην

2369 2657 2577 2712 αἴτησιν
2649 2656 2717 2707 τὰ
2780 2657 3079 2730 προφητικὰ
3156 2658 3283 2732 άπερ
3351 2656 3608 2729 ἀντίφωνα
3686 2656 3961 2729 καλοῦμεν

2367 2742 2478 2815 ἁμα
2524 2745 2615 2815 μὲν
2672 2745 2737 2803 ὡς
2798 2746 3298 2819 προανακηρύξαντα
3369 2750 3456 2797 τόν
3521 2752 3963 2818 προαναφανὲντα,

2367 2832 2478 2903 ἅμα
2526 2828 2586 2884 δὲ
2632 2837 2720 2885 καὶ
2769 2835 2838 2895 ὡς
2888 2838 3326 2907 προηγησαμένης
3355 2843 3446 2895 τῆς
3498 2834 3734 2898 Παλαιᾶς
3779 2837 3965 2893 Διαθή-

2368 2940 2481 2986 κης,
2510 2929 2575 2983 ἧς
2623 2923 2899 2994 νομοθέτης
2954 2924 3143 2985 οὖτοςό
3184 2926 3443 2996 γεννηθεὶς
3471 2922 3547 2977 ἔπ’
3596 2923 3817 2997 ἐσχάτω
3870 2934 3966 2976 τῶν

2370 3010 2573 3084 ἡμερῶν
2613 3008 2987 3083 ἐχρημάτισεν.
3037 3017 3150 3087 Χρὴ
3195 3010 3255 3065 δι
3299 3019 3573 3085 γινώσκειν
3621 3015 3703 3066 ὅτι
3734 3012 3788 3065 ἓν
3821 3015 3963 3087 ἀρχῆ

2369 3100 2547 3161 πάσης
2609 3099 2812 3161 τελέτης
2867 3102 3111 3174 όρθρινῆς
3172 3120 3226 3154 τε
3288 3108 3379 3155 καὶ
3441 3106 3697 3174 λυχνικῆς
3764 3111 3966 3178 πρῶτον

2370 3195 2460 3248 τῆς
2518 3188 2749 3250 Ηαλαιᾶς
2796 3185 3010 3259 ᾅδονται
3067 3190 3116 3242 οἰ
3166 3190 3386 3263 ψαλμοὶ,
3438 3189 3548 3244 εἶτα
3601 3193 3667 3244 τὰ
3713 3199 3810 3252 τῆς
3860 3195 3965 3252 νέας

2370 3280 2594 3349 χάριτος
2640 3279 2874 3350 ᾅσματα,
2906 3279 2969 3330 ἵν’
3002 3278 3171 3350 ἑχοίεν
3202 3276 3392 3332 εἰδέναι
3441 3282 3622 3341 πάντες
3652 3282 3718 3340 ὡς
3772 3288 3849 3343 εἰς
3875 3286 3962 3332 καὶ

2291 3380 2331 3435 C
2371 3366 2522 3427 αὐτός
2571 3371 2829 3428 Δεσπότης
2877 3366 3017 3420 ἐστίν
3055 3369 3081 3420 6
3134 3375 3301 3421 ταῦτα
3349 3371 3562 3422 κάκείνα
3614 3371 3963 3441 νομοθετήσας

2370 3460 2624 3531 Χριστός.
2665 3452 2916 3509 ’Ἃδονται
2969 3465 3265 3532 τοιγαροῦν,
3299 3460 3368 3519 ὡς
3409 3461 3627 3533 εἴρηται,
3682 3461 3819 3531 μετὰ
3872 3463 3963 3515 τὴν

2370 3551 2580 3619 πρώτην
2633 3549 2845 3604 αἴτησιν
2899 3544 3173 3619 ἀντίφωνα·
3206 3555 3407 3620 πρῶτον
3437 3550 3527 3620 μεν
3574 3553 3965 3621 προτρεπόμενοι

2371 3638 2429 3686 τό
2459 3637 2527 3695 ὡς
2576 3634 2771 3706 ἀγαθόν
2813 3638 2871 3687 τὸ
2919 3634 3340 3707 ἐξομολογεῖσθαι
3384 3644 3457 3708 τῷ
3498 3639 3738 3709 τεχθέντι
3788 3644 3963 3712 Κυρίῳ

2373 3721 2456 3776 ἐπὶ
2516 3730 2751 3798 σωτηρίᾳ
2799 3732 2891 3777 τοῦ
2935 3725 3253 3798 ἀνθρωπείου
3310 3730 3485 3798 γένους
3542 3732 3964 3801 παραγενομένῳ

2375 3810 2613 3887 δεύτερον
2651 3817 2995 3890 κηρύττονται
3040 3815 3410 3888 μεγαλοφώνως
3448 3819 3529 3885 τό,
3582 3838 3603 3865 ε
3654 3814 3713 3867 Ὀ
3778 3820 3968 3883 Κύριος

2375 3902 2697 3971 ἐϐασίλευσε,
2748 3927 2777 3955 »ι
2826 3908 3062 3958 τουτέστι
3103 3912 3191 3957 νῦν
3237 3906 3487 3978 μειζόνως
3519 3903 3789 3978 βασιλεύει
3821 3908 3847 3958 6
3871 3911 3969 3982 πρὸ

2377 3992 2572 4044 αἰώνων
2627 3991 2875 4065 βασιλεύς
2923 3999 3014 4046 καὶ
3075 3997 3281 4070 Κύριος,
3333 3991 3675 4067 ἐνδυσάμενος
3734 4000 3828 4052 τὴν
3884 4015 3973 4047 τα-

2376 4086 2552 4140 πεινὴν
2598 4084 2790 4141 ταύτην
2847 4085 3035 4157 σάρκα,
3089 4087 3148 4141 ἣν
3204 4089 3292 4136 καὶ
3346 4080 3566 4157 δύναμιν
3612 4088 3975 4160 προσηγόρευ-

2380 4185 2494 4222 σαν*
2545 4173 2775 4245 καθάπερ
2825 4180 2935 4234 τοῖς
2981 4171 3188 4234 πολλοῖς
3252 4169 3514 4225 δοκοῦσαν
3568 4176 3836 4244 αἰσχύνην
3879 4179 3972 4232 τὴν

2377 4261 2460 4312 επὶ
2508 4268 2598 4312 τοῦ
2654 4268 2883 4335 σταυροῦ
2932 4257 3087 4326 δόξαν
3153 4263 3179 4313 6
3238 4266 3413 4336 Σωτὴρ
3471 4261 3807 4335 ἕπονόμασενο
3869 4266 3976 4316 ὧσ-

2376 4367 2468 4422 περ
2516 4350 2617 4425 γάρ
2666 4369 2745 4412 τις
2804 4348 3066 4423 βασιλεὺς,
3126 4348 3204 4403 ἀεὶ
3257 4354 3349 4423 μὲν
3393 4354 3452 4404 τό
3502 4353 3690 4426 κράτος
3746 4356 3839 4404 καὶ
3881 4356 3976 4411 τὴν

2378 4433 2600 4511 δύναμιν
2649 4441 2785 4510 ἔχων
2838 4439 2886 4490 ἐν
2938 4440 3123 4511 ἑαυτῷ,
3178 4439 3237 4491 οὐ
3286 4444 3547 4513 κέχρηται
3592 4443 3789 4501 τούτοις
3844 4446 3974 4514 πρὸς

2375 4528 2574 4599 ἄμυναν
2621 4536 2718 4580 τῶν
2750 4527 2953 4601 ἐχθρῶν
2980 4537 3078 4581 τῶν
3126 4532 3509 4604 τυραννούντων
3549 4533 3669 4593 τοὺς
3710 4532 3972 4592 ὑπηκόους

2377 4615 2558 4669 αὐτοῦ·
2615 4618 2828 4692 ὕστερον
2903 4614 2962 4670 δὲ
3027 4617 3306 4691 βουληθείς
3378 4615 3663 4677 ἐκδικῆσαι
3730 4623 3971 4690 τούτους,

2301 4731 2344 4785 D
2379 4702 2666 4769 δίαναστὰς
2714 4706 2762 4759 ἐν
2813 4715 2984 4782 μικρῷ
3029 4727 3129 4761 τινι
3179 4707 3340 4779 ὅπλῳ,
3382 4713 3549 4781 οἰκείᾳ
3594 4710 3729 4782 ῥοπῇ
3790 4712 3973 4782 θραύει

2379 4796 2495 4856 τούς
2549 4796 2845 4869 πολεμίους,
2904 4801 2993 4850 καὶ
3043 4795 3191 4869 βυθῷ
3242 4796 3482 4859 ἁπολείας
3538 4801 3750 4858 τούτους
3808 4818 3975 4873 παρα-

2380 4882 2526 4953 δοὺς,
2577 4884 2751 4938 ἀκούει
2800 4888 2943 4959 παρὰ
2988 4887 3191 4939 πάντων
3244 4894 3343 4939 τῶν
3399 4885 3833 4959 ἐλευθερωθέντων
3882 4896 3975 4949 τῆς

2375 4972 2698 5048 τυραννίδος,
2756 4997 2785 5024 ‹‹
2840 4982 2967 5039 Νῦν,
3028 4974 3359 5028 ἐϐασίλευσεν
3408 4976 3433 5027 ό
3492 4980 3760 5037 Δεσπότης
3804 4977 3973 5049 ἡμῶν,

2376 5072 2464 5118 νῦν
2503 5062 2784 5118 ἐνεδύσατο
2838 5061 3118 5138 δυναμιν,››
3170 5069 3261 5122 την
3299 5063 3494 5139 βουλὴν
3543 5065 3702 5117 αὑτοῦ
3746 5071 3837 5118 καὶ
3889 5072 3979 5124 τὴν

2381 5153 2586 5213 θέλησιν
2630 5163 2726 5217 τῆς
2763 5151 3083 5217 ἐκδικήσεως
3135 5152 3407 5227 βασιλείαν
3457 5158 3545 5206 καὶ
3594 5151 3823 5227 δύναμιν
3871 5157 3983 5208 ὀνο-

2377 5245 2665 5317 μαζόντων·
2719 5244 2853 5297 οὕτω
2899 5247 2984 5295 καὶ
3040 5245 3065 5295 6
3122 5249 3393 5316 προφήτης
3471 5252 3701 5316 προορῶν
3771 5254 3865 5304 τῆς
3928 5245 3978 5295 ἐν

2380 5337 2535 5406 σαρκὶ
2588 5337 2877 5408 παρουσίας
2919 5340 3010 5385 τοῦ
3059 5339 3193 5384 Θεοῦ
3242 5336 3416 5403 Λόγου
3472 5336 3560 5383 τόν
3612 5336 3832 5406 χρόνον,
3890 5339 3977 5385 καὶ

2376 5427 2468 5482 τὴν
2532 5418 2807 5483 ἐκδίκησιν
2832 5429 2922 5476 τοῦ
2980 5421 3301 5499 ἀνθρωπίνου
3357 5425 3552 5495 γένους,
3608 5426 3703 5480 τήν
3769 5442 3826 5476 τε
3886 5432 3976 5475 του

678 5598 704 5667 ,⁸
730 5597 840 5661 lsa.
870 5615 966 5674 XL,
997 5599 1053 5660 3.
1081 5600 1102 5637 θ
1135 5601 1248 5658 Isa.
1280 5610 1385 5671 v11,
1421 5596 1511 5655 14.
1546 5597 1593 5636 ¹⁰
1623 5594 1824 5658 Matth.
1849 5615 1928 5672 Ill,
1965 5603 2013 5659 l.
2058 5602 2099 5640 ¹¹
2131 5599 2262 5662 Joal

2367 5618 2451 5671 ιιι,
2484 5608 2573 5664 32.
