4106 6222
105 315 254 369 433

1389 315 1881 376 COMMENTATIO
1919 317 2308 377 LlTUBGlCA.

3422 330 3527 384 434

115 437 370 511 ἐχθροῦ
419 438 512 488 καὶ
560 443 660 489 τῶν
711 438 805 490 σὺν
848 437 990 510 αύτῷ
1047 435 1309 512 δαιμόνων
1357 439 1659 507 κατάλυσιν,
1701 445 1766 494 ἔτι

1887 444 2358 512 exstinctionem,
2389 445 2447 500 et
2474 443 2553 501 ab
2594 460 2666 502 ea
2691 445 3066 504 detentorum
3095 447 3536 520 liberationem,

117 545 192 597 γε
219 529 354 598 μὴν
382 530 478 578 καὶ
501 529 596 584 τὴν
628 527 851 580 θανάτου
891 531 1160 603 νέκρωσιν,
1220 533 1311 582 καὶ
1348 533 1442 588 τὴν
1491 538 1590 582 τῶν
1653 531 1776 605 παρ’

121 617 330 669 αὐτοῦ
361 620 732 689 κατεχομένων
789 617 1098 694 ἐλευθερίων,
1129 625 1221 672 καὶ
1269 627 1370 672 τῶν
1427 627 1489 693 τῇ
1537 625 1775 692 γεννήσει

126 710 374 780 Κυρίου
395 709 564 779 παρόν
611 709 670 758 τὸ
698 706 976 775 σπήλαιον,
1009 711 1090 774 τὸ,
1139 729 1169 758 ιι
1211 715 1318 762 Νῦν
1349 707 1700 776 ἐϐασίλευσεν,
1743 731 1774 761 »

125 795 518 868 ἐξεφώνησεν·
552 799 642 848 καὶ
682 817 711 846 ιι
738 803 846 849 Νῦν
885 793 1162 851 ἐνεδύσατο
1193 795 1437 872 δύναμινο
1470 820 1498 849 »
1548 799 1654 872 οὐχ
1705 802 1774 863 ὡς

130 885 200 937 ού
269 890 410 958 πρὶν
461 889 533 957 μὴ
592 886 948 958 ὑπάρχουσαν
1017 888 1139 960 παρ’
1179 887 1342 958 αὐτῷ,
1404 886 1512 940 ἀλλ’
1571 890 1639 951 ὡς
1695 888 1774 943 ἀεὶ

134 981 459 1042 συνοῦσαν,
512 973 584 1036 εἰς
624 980 1020 1051 παρωρισμὲνον
1088 973 1148 1030 δὲ
1175 982 1358 1050 καιρόν
1399 983 1772 1052 ταμιευομένην

127 1061 459 1136 ἐκλάμψαι.
515 1067 678 1118 Είωθε
729 1061 790 1117 δε
837 1067 864 1124 ἡ
916 1073 1009 1118 τοῦ
1073 1068 1212 1119 θείου
1269 1069 1567 1140 Πνεύματος
1613 1070 1774 1143 χάρις

125 1154 210 1204 τὰ
268 1151 541 1224 μελλοντα
595 1154 665 1214 ὡς
733 1152 989 1207 ἐνεστῶτα
1042 1161 1132 1208 καὶ
1192 1160 1506 1229 γεγενημένα
1581 1155 1771 1216 ἀνακη-

127 1244 390 1314 pinna.

216 1329 330 1403 ιβ’·
366 1335 718 1384 Σνντέτακται
765 1329 826 1385 δι
878 1341 952 1403 τῷ
979 1333 1110 1386 τέλει
1148 1342 1240 1387 τοῦ
1283 1339 1491 1410 πρώτου
1541 1334 1767 1408 ἀντιφώ-

129 1439 238 1472 νου
309 1422 394 1486 τό,
482 1442 510 1469 ιι
563 1427 670 1483 Τῆς
749 1421 1049 1496 πρεσϐείαις
1104 1431 1199 1487 τῆς
1270 1428 1528 1476 Θεοτόκου
1598 1445 1768 1478 σωσον

138 1511 322 1581 ἡμᾶς.
353 1529 381 1556 ι)
430 1514 585 1572 Τίνος
645 1512 844 1584 χάριν;
891 1512 920 1570 ἣ
992 1513 1199 1575 πάντως
1240 1515 1322 1565 ἵνα
1371 1512 1633 1586 βεϐαιωθῇ
1702 1519 1768 1568 τὰ

139 1602 416 1671 πρότερον
487 1598 735 1670 εἰρημένα
792 1603 912 1669 περὶ
969 1607 1064 1652 τοῦ
1128 1603 1291 1654 τύπον
1323 1610 1419 1664 τῆς
1463 1603 1765 1676 Ἀειπαρθίο

141 1705 263 1752 νου,
331 1687 417 1738 ὅτι
467 1687 600 1745 αὑτὴ
653 1695 749 1748 τῆς
795 1690 1042 1751 τοιαύτης
1118 1698 1428 1764 προηγεῖται
1496 1687 1768 1756 διακονίας

1887 535 1944 588 et
1966 532 2092 588 nati
2121 531 2332 589 Christi
2361 531 2712 604 speluncam
2743 550 2949 592 coram
2980 536 3303 610 aspiciens,
3326 537 3533 602 verba:

1887 642 1916 672 «
1942 624 2110 678 Nunc
2133 620 2423 691 regnavit,
2461 643 2490 672 »
2514 621 2828 692 inclamat;
2863 629 2954 681 et:
2987 647 3015 675 ιι
3048 627 3213 682 Nunc
3259 625 3374 683 sibi
3395 627 3510 683 for-

1883 710 2204 768 titudinem
2222 710 2445 768 induit:
2480 735 2500 760 ι
2528 727 2651 770 non
2687 713 2854 786 quod
2885 718 3062 772 antea
3111 715 3242 772 haec
3281 715 3363 772 illi
3409 732 3535 773 non

1883 799 2140 872 adesset,
2170 799 2277 856 sed
2301 800 2448 874 quia
2478 804 2768 874 tanquam
2795 808 3086 878 perpetuo
3111 804 3530 875 inhaerentem,

1882 893 2045 946 certo
2061 893 2264 946 tamen
2278 889 2533 962 tempori
2552 897 2912 948 reservatam
2927 892 3007 948 ad
3027 894 3529 966 comparendum.

1883 977 2044 1036 Solet
2067 978 2228 1034 enim
2251 978 2440 1034 divini
2473 978 2724 1051 Spiritus
2763 982 2978 1050 gratia,
3009 981 3209 1040 futura
3237 987 3530 1054 tanquam

1880 1067 2202 1140 prmsentia
2222 1071 2278 1124 et
2297 1067 2427 1139 jam
2458 1071 2592 1126 acta
2620 1068 2971 1142 praedicare.

1953 1339 2036 1389 t2.
2074 1333 2531 1406 Subjunguntur
2559 1340 2760 1393 autem
2810 1338 2916 1394 ﬁni
2971 1338 3152 1410 primi
3202 1339 3528 1412 Antiphoni

1876 1423 2064 1480 verba
2093 1441 2157 1478 ει(
2221 1425 2750 1482 lntercessionibus
2793 1427 3080 1500 Deiparaa,
3138 1427 3306 1485 salva
3332 1444 3466 1487 nos.
3499 1453 3528 1479 »

1877 1513 2068 1577 Quam
2100 1513 2179 1568 ob
2207 1528 2455 1570 causam
2478 1515 2506 1570 ‘?
2543 1529 2791 1586 prorsus
2818 1519 2886 1570 ut
2915 1516 3343 1572 confirmentur
3367 1517 3528 1575 dicta

1876 1605 2054 1657 antea
2078 1601 2153 1657 de
2185 1606 2328 1675 typo
2344 1607 2647 1676 perpetuae
2672 1604 2946 1673 Virginis,
2969 1605 3134 1677 quod
3153 1621 3373 1678 nempe
3393 1605 3528 1678 ipsa

1873 1690 2016 1746 huic
2044 1691 2445 1748 ministerioet
2466 1693 2818 1748 oeconomiae
2839 1698 3081 1766 praeeat.
3112 1693 3369 1750 Secundi
3386 1710 3525 1751 vero

143 1780 244 1827 καὶ
307 1773 544 1837 ἀληθοῦς
582 1776 892 1849 οἰκονομίας·
946 1785 1038 1829 τοῦ
1088 1774 1330 1853 δευτέρον
1392 1778 1452 1832 δι
1508 1784 1565 1833 τό
1605 1781 1766 1854 ἐφύμ-

1877 1779 2202 1852 Antiphoni
2231 1779 2611 1853 subsequens
2643 1797 2887 1838 carmen
2917 1787 3037 1838 est:
3073 1804 3102 1832 «
3153 1783 3526 1839 Intercessio-

145 1883 262 1915 νιον
298 1866 397 1935 (16
395 1875 444 1937 ),
517 1886 548 1913 ιι
579 1872 701 1926 Ταῖς
739 1865 1036 1940 πρεσϐείαις
1083 1876 1181 1920 τῶν
1223 1868 1382 1939 ἁγίων
1421 1885 1536 1922 σου·
1573 1893 1602 1920 ››
1660 1869 1766 1925 ἐπεὶ

145 1956 253 2026 γὰρ
289 1955 428 2027 ὑπερ
473 1958 738 2026 σωτηρίας
783 1954 974 2027 ψυχῶν
1005 1961 1094 2008 καὶ
1125 1963 1521 2032 συγχωρήσεως
1579 1979 1769 2013 πταισο

149 2045 337 2115 μάτων
426 2046 523 2100 τὴν
611 2045 749 2096 Θείαν
816 2043 1054 2118 τελοῦμεν
1097 2053 1490 2119 μυσταγωγίαν,
1559 2049 1769 2112 εἰκότως

151 2134 224 2194 ὡς
285 2133 578 2205 ὑπερτέραν
637 2128 797 2185 οὖσαν
881 2138 975 2191 τὴν
1051 2139 1358 2208 Θεομὴτορα
1421 2138 1624 2189 πάντων
1667 2146 1767 2190 τῶν

153 2222 349 2293 αγίων,
423 2223 453 2279 ἧ
513 2226 605 2274 καὶ
645 2222 813 2275 αὐτῶν
872 2226 1188 2297 ἐπουρανίων
1221 2222 1508 2297 δυνάμεων,
1557 2225 1622 2287 εἰς
1663 2230 1766 2280 ἱκε-

163 2317 288 2363 σίαν
337 2311 794 2384 προσκαλούμεθαο
856 2309 964 2366 εἶτα
1027 2316 1145 2375 τοὺς
1191 2314 1638 2389 εὐαρεστήσαντας
1694 2325 1766 2388 τῷ

161 2403 370 2462 ταύτης
417 2403 535 2469 Υἱῷ⁰
596 2401 642 2453 εἰ
693 2403 795 2474 γὰρ
853 2406 944 2454 καὶ
995 2408 1188 2476 προϊὼν
1241 2405 1266 2455 ό
1323 2402 1472 2475 λόγος
1542 2406 1767 2478 εὑρίσκει

162 2493 297 2551 τοὺς
355 2490 532 2561 ἁγίους
589 2491 839 2557 ἅπαντας,
896 2491 1025 2544 ἀλλὰ
1089 2497 1180 2546 καὶ
1251 2492 1413 2552 αὐτὴν
1485 2499 1578 2552 τὴν
1631 2515 1766 2547 παν-

162 2577 437 2651 ἁχραντον
491 2581 647 2632 οἱονεὶ
699 2583 846 2655 παρὰ
887 2589 978 2632 τοῦ
1032 2579 1314 2656 ἀρχιερέως
1365 2589 1766 2656 μεσιτευομένην

158 2667 233 2728 εἰς
257 2671 339 2732 τὸ,
373 2690 402 2716 ιι
435 2667 551 2721 Ἔτι
577 2673 929 2742 προσφέρομεν
958 2689 1042 2723 σοι
1077 2674 1171 2729 τὴν
1205 2669 1418 2742 λογικὴν
1478 2673 1588 2743 (17)
1639 2676 1767 2726 ταύ-

159 2776 254 2813 την
286 2755 556 2831 λατρείαν,
587 2776 619 2809 ν
671 2757 828 2811 Ἀλλὰ
855 2761 954 2811 καθ
994 2761 1160 2834 ἕτερον
1215 2759 1365 2831 λόγον
1416 2759 1618 2832 λέγεται
1659 2769 1768 2824 τοῖς

161 2848 414 2918 Πατράσι
465 2853 636 2898 ταῦτα
709 2842 1064 2920 διορίζεσθαι,
1115 2850 1168 2900 ὄν
1221 2845 1565 2922 ἀποδώσομεν
1633 2858 1766 2903 Θεοῦ

163 2942 532 3008 χορηγοῦντος
607 2933 682 2986 ἐπ’
735 2936 856 2988 αύτὸ
923 2939 982 2988 τό
1053 2941 1250 3011 χωρίον
1308 2946 1402 3000 τῆς
1460 2937 1766 3002 ἀκολουθίας

166 3023 395 3083 ἥκοντες.
443 3028 577 3075 Νυνί
621 3019 680 3076 δὲ
740 3033 841 3076 τῶν
896 3023 1076 3097 ἐφεξῆς
1122 3027 1148 3078 ό
1196 3026 1345 3098 λόγος
1396 3026 1624 3099 ἑχέσθωυ
1661 3026 1764 3087 ἢδη

165 3115 264 3186 γὰρ
313 3117 449 3187 πρός
500 3115 560 3164 τό
603 3117 776 3186 τρίτον
823 3112 1100 3186 ἀντίφωνον
1146 3114 1551 3188 ἐπεραιώθημεν.
1594 3121 1664 3170 Τὸ
1709 3115 1768 3171 δὲ

167 3205 452 3276 τροπάριον
495 3205 554 3254 τό
599 3205 732 3255 κατά
773 3205 832 3255 τὸ
885 3203 1022 3265 τέλος
1073 3212 1164 3257 τοῦ
1194 3201 1438 3258 ὃευτέτου
1482 3204 1765 3279 ἀντιφὼνου

166 3291 456 3363 λεγόμενον,
516 3295 595 3358 τὸ,
663 3313 692 3340 ιι
721 3291 780 3344 Ὀ
825 3297 1100 3364 μονογενὴς
1155 3296 1274 3354 Υἱὸς
1324 3299 1414 3347 καὶ
1463 3299 1634 3366 Λόγος
1677 3304 1767 3349 τοῦ

171 3388 323 3450 Θεοῦ,
361 3403 390 3429 n
446 3383 592 3452 παρὰ
632 3387 725 3433 τοῦ
763 3387 826 3453 τῇ
872 3383 983 3453 θείᾳ
1039 3381 1181 3445 λήξει
1230 3380 1492 3455 βασιλέως
1547 3385 1768 3436 ’Ῑουστι-

167 3476 342 3521 νιανοῦ
427 3468 782 3541 ἕκπεφὼνηται
823 3487 836 3502 ⁸
899 3467 1109 3544 σφόδρα
1165 3474 1265 3545 φάρ
1319 3476 1408 3524 καὶ
1462 3473 1590 3526 αὐτὸ
1657 3481 1765 3538 τοῖς

173 3557 451 3631 συμϐόλοις
515 3563 605 3611 καὶ
669 3566 761 3612 τοῦ
828 3566 1065 3633 Χριστοῦ
1119 3565 1400 3632 γεννήσεως
1452 3561 1762 3638 ἐφαρμόζον·

173 3649 336 3712 Οὗτος
361 3652 482 3723 γὰρ,
514 3654 693 3721 φησιν,
725 3650 1053 3720 ὀγεννηθεὶς,
1107 3652 1132 3702 ό
1183 3657 1458 3723 μονογενὴς
1511 3655 1627 3715 Υὶος
1675 3658 1765 3706 καὶ

173 3745 337 3809 Λόγος
361 3747 454 3791 τοῦ
483 3741 824 3814 προανάρχου
875 3743 1072 3814 Πατρός
1132 3741 1414 3812 ὑπάρχων,
1461 3739 1763 3805 καταδεξά-

173 3847 319 3900 μενος
374 3825 468 3880 διά
550 3832 644 3886 τὴν
687 3830 936 3902 ἡμετέραν
996 3834 1259 3904 σωτηρίαν
1321 3833 1657 3903 σαρκωθῆναι
1708 3830 1764 3884 ἐκ

176 3927 267 3980 τῆς
303 3918 450 3990 ἁγίας
498 3921 776 3986 Θεοτόκου,
829 3916 1084 3992 ἁτρέπτου
1141 3920 1396 3992 μεινάσης
1447 3927 1542 3982 τῆς
1585 3922 1762 3979 θεότη-

174 4027 254 4068 τος
294 4013 382 4059 καὶ
454 4005 787 4078 ἂσυγχύτου,
849 4007 922 4069 εἷς
1000 4006 1114 4060 ἐστι
1172 4015 1268 4069 τῆς
1331 4009 1487 4080 ἁγίας
1539 4004 1763 4083 Τριάδος

176 4095 584 4171 ἑνανθρωπήσας,
675 4100 765 4148 καὶ
873 4099 1242 4171 σταυρωθῆναι
1322 4093 1757 4170 καταδεξάμενοςο

177 4184 545 4258 ἀνεκεροιτητως
621 4187 722 4258 γὰρ
785 4189 874 4237 καὶ
933 4183 1244 4258 ἀχωρίστως
1318 4194 1418 4238 τῶν
1487 4193 1760 4260 Πατρικῶν

1875 1865 2056 1922 nibus
2087 1873 2436 1923 sanctorum
2465 1872 2727 1925 tuorum.
2763 1891 2791 1919 ››
2824 1871 2976 1936 Quia
3001 1870 3163 1926 enim
3191 1886 3303 1944 pro
3335 1870 3526 1927 salute

1876 1955 2302 2023 animarum,et
2314 1961 2698 2028 peccatorum
2713 1959 2884 2014 venia
2895 1959 3165 2014 divinam
3179 1960 3525 2031 peragimus

1875 2045 2340 2116 mystagogiam,
2368 2046 2580 2103 merito
2605 2063 2713 2103 ceu
2743 2048 3125 2105 excelsiorem
3147 2048 3248 2104 Dei
3278 2051 3524 2104 Matrem

1875 2135 2097 2190 sanctis
2110 2134 2417 2203 omnibus,
2449 2135 2526 2192 ad
2557 2135 3050 2192 intercedendum
3069 2136 3452 2205 invocamus,
3467 2144 3524 2194 et

1875 2222 2091 2279 deinde
2117 2224 2328 2280 charos
2350 2223 2626 2296 ejusdem
2651 2225 2793 2281 Filio
2817 2229 3078 2282 sanctos.
3107 2228 3256 2282 Nam
3289 2226 3396 2282 etsi
3427 2241 3514 2281 se-

1875 2328 2069 2384 quens
2096 2317 2302 2369 noster
2321 2329 2538 2386 sermo,
2567 2314 2843 2370 omnium
2872 2329 3118 2387 quoque
3177 2318 3522 2371 sanctorum

1873 2401 2135 2458 inveniet
2154 2402 2618 2473 invocationem,
2643 2407 2908 2459 attamen
2936 2403 3140 2476 ipsam
3167 2403 3526 2459 immacula-

1874 2495 2022 2560 tam,
2055 2496 2346 2564 tanquam
2376 2492 2453 2548 ab
2484 2492 2619 2565 ipso
2641 2492 2931 2564 episcopo
2953 2492 3370 2564 interpositam
3413 2489 3527 2547 illis

1874 2580 2109 2637 verbis:
2141 2604 2168 2632 ‹‹
2194 2582 2404 2637 Adhuc
2435 2581 2789 2638 exhibemus
2809 2581 2913 2638 tibi
2950 2581 3113 2637 hunc
3169 2580 3527 2637 rationalem

1875 2669 2124 2728 cultum.
2149 2691 2178 2720 »
2209 2671 2322 2728 Sed
2354 2671 2513 2727 enim
2543 2671 2604 2726 id
2635 2687 2672 2727 a
2699 2670 2974 2744 patribus
3011 2670 3350 2727 institutum
3380 2669 3528 2725 dici-

1877 2763 1990 2827 tur,
2023 2761 2358 2816 secundum
2384 2759 2567 2816 aliam
2599 2760 2780 2816 etiam
2809 2759 3126 2829 rationem,
3148 2775 3336 2831 quam
3387 2774 3527 2815 cum

1878 2849 1956 2906 ad
1986 2850 2298 2924 proprium
2323 2851 2777 2922 pervenerimus
2809 2849 2989 2906 ofﬁcii
3036 2849 3260 2917 locum,
3293 2852 3412 2905 Deo
3434 2848 3527 2904 fa-

1875 2943 2072 3011 vente,
2088 2939 2418 2996 trademus.
2439 2942 2606 2995 Nunc
2628 2938 2860 3010 reliqua
2882 2953 3080 2994 sermo
3101 2940 3525 3009 prosequatur.

1874 3029 2007 3083 .lam
2059 3028 2221 3084 enim
2269 3028 2347 3084 ad
2395 3028 2634 3084 tertium
2693 3027 3095 3099 antiphonum
3148 3025 3524 3080 devenimus.

1875 3119 2228 3190 Troparium
2253 3123 2453 3174 autem
2475 3117 2536 3173 in
2556 3119 2676 3174 ﬁne
2696 3117 2944 3173 secundi
2964 3114 3275 3186 antiphoni
3300 3114 3527 3171 dictum

1879 3229 1906 3258 ιι
1948 3207 2298 3276 Unigenitus
2331 3207 2506 3262 Filius
2536 3211 2593 3262 et
2619 3205 2886 3261 Verbum
2919 3205 3021 3260 Dei
3061 3227 3088 3254 »
3127 3219 3164 3260 a
3189 3203 3362 3259 beato
3385 3217 3528 3273 rege

1873 3295 2204 3351 Iustiniano
2271 3293 2540 3351 additum
2587 3293 2716 3362 fuit,
2758 3292 2924 3364 quod
2968 3291 3168 3364 ipsum
3194 3291 3521 3348 nativitatis

1877 3383 2090 3440 Christi
2119 3381 2410 3455 symbolis
2440 3379 2618 3437 valde
2648 3379 3068 3451 congruit:Hic
3090 3378 3272 3450 enim,
3306 3378 3518 3451 inquit,

1875 3473 2216 3544 unigenitus
2238 3471 2411 3528 Filius
2441 3475 2498 3527 et
2523 3470 2782 3526 Verbum
2813 3469 3019 3525 aeterni
3049 3468 3258 3535 Patris,
3315 3467 3523 3537 digna-

1873 3565 1968 3618 tus
1997 3577 2107 3634 pro
2135 3565 2343 3617 nostra
2373 3559 2561 3616 salute
2586 3557 2888 3615 incarnari
2905 3573 2978 3613 ex
3009 3558 3283 3629 Deipara,
3311 3556 3522 3613 immu.

1874 3650 2038 3706 tabili
2067 3654 2348 3706 manente
2378 3654 2433 3706 et
2471 3648 2792 3705 inconfusa
2821 3647 3060 3718 deitate,
3094 3661 3253 3702 unus
3304 3649 3392 3702 est
3445 3645 3523 3702 de

1872 3745 2082 3797 sancta
2105 3740 2400 3809 Trinitate,
2421 3741 2526 3813 qui
2555 3737 2944 3795 inhumanari
2973 3743 3030 3793 et
3050 3736 3319 3808 cruciﬂgi
3349 3736 3525 3792 sustio

1871 3831 2020 3886 nuit.
2055 3829 2285 3886 Etenim
2312 3829 2441 3886 sine
2493 3829 2760 3901 discessu
2791 3833 2849 3884 et
2896 3828 3024 3884 sine
3081 3826 3457 3900 separatione
3487 3842 3524 3884 a

1870 3919 2139 3993 paternis
2171 3919 2426 3975 sinubus
2453 3917 2851 3983 descendens,
2884 3917 3234 3972 incarnatus
3259 3921 3347 3972 est
3376 3932 3389 3970 :
3417 3915 3523 3987 qui

1872 4009 2050 4066 etiam
2080 4008 2142 4064 in
2161 4008 2408 4078 trisagio
2434 4008 2666 4080 hymno
2692 4021 2729 4062 a
2754 4004 3118 4077 spiritalibus
3147 4002 3520 4060 coelestibus-

1870 4113 1988 4171 que
2017 4097 2336 4154 virtutibus
2363 4095 2777 4154 collaudatur:
2809 4093 2938 4167 ipse
2955 4107 3098 4163 ergo
3127 4096 3218 4148 est
3248 4091 3522 4149 Salvator

1869 4192 2092 4246 noster.

176 4274 369 4328 κόλπων
423 4273 670 4343 καταϐὰς,
731 4275 1080 4348 σεσάρκωταιο
1137 4275 1163 4326 ό
1203 4279 1293 4327 καὶ
1359 4273 1408 4327 ἓν
1465 4277 1538 4346 τῴ
1602 4279 1863 4350 τρισαγίῳ
1924 4277 2064 4350 ύμνῳ
2125 4272 2571 4352 συνδοξαζόμενος
2615 4274 2714 4327 ὑπό
2764 4280 2863 4325 τῶν
2943 4279 3126 4346 νοερῶν
3196 4274 3287 4324 καὶ
3361 4271 3520 4324 ὑπου-

175 4368 354 4439 ρανίων
383 4360 668 4436 δυνάμεων·
692 4363 845 4423 αὐτὸς
865 4359 953 4414 οὖν
980 4361 1120 4416 ἐστιν
1147 4365 1172 4416 ό
1204 4364 1386 4425 σώζων
1407 4365 1566 4436 ἡμᾶς.

246 4451 326 4523 ιγ’.
381 4453 531 4505 Οὕτω
599 4453 960 4526 συνάρμοσται
1016 4455 1159 4527 παρὰ
1204 4459 1304 4505 τῶν
1377 4455 1618 4526 ῐῐατίρων
1671 4455 1760 4504 καὶ
1797 4455 1840 4509 D

181 4543 204 4593 ὸ
245 4543 508 4615 τρισάγιος
557 4543 736 4614 ὕμνος,
797 4542 879 4593 ἶνα
927 4545 1014 4594 καὶ
1065 4542 1091 4593 ό
1138 4537 1232 4593 διὰ
1309 4548 1402 4594 τοῦ
1473 4545 1758 4617 τροπαρίου

181 4633 479 4703 ὑμνούμενος
534 4632 601 4691 εἷς
665 4635 733 4681 ὧν
789 4632 1038 4705 κηρυχθῇ
1103 4637 1200 4692 τῆς
1257 4629 1410 4701 ἁγίας
1509 4625 1758 4703 Τριάδος,

182 4722 444 4793 όμοούσιος
480 4727 553 4789 τῷ
587 4723 753 4795 Πατρὶ
783 4724 872 4771 καὶ
901 4726 973 4789 τῷ
1025 4718 1156 4790 ἁγίῳ
1211 4721 1473 4792 Πνεύματι
1502 4724 1592 4771 καὶ
1625 4739 1759 4791 συμ-

183 4815 299 4882 ’,θνης
341 4814 428 4861 καὶ
466 4805 782 4884 ἀδιαίρετοςο
824 4810 883 4860 τὸ
933 4810 1034 4882 γὰρ
1085 4807 1269 4880 Ἀγιος
1327 4812 1352 4860 ό
1407 4811 1534 4869 Θεὸς
1579 4810 1627 4860 οἱ
1666 4813 1758 4870 τὰς

183 4902 520 4961 ὑποπατικὰς
553 4895 820 4959 ἰδιότητας
865 4894 1188 4974 διαιροῦντες
1244 4907 1316 4970 τῷ
1374 4903 1543 4971 Πατρὶ
1586 4917 1760 4974 προσ-

183 4991 395 5064 νέμουσι·
427 4993 486 5042 τό
519 4985 579 5042 δέ
623 4988 808 5062 ’Δφιος
853 4991 1082 5061 ἰσχυρὸς
1122 4995 1185 5046 τῆ
1239 4984 1470 5046 ἰδιότητι
1509 4995 1601 5050 τῆς
1630 4989 1760 5041 ὑπο-

246 5145 350 5212 (16)
379 5139 723 5212 Οίίαιιιιζὴίο
752 5137 1110 5212 Andidensis
1132 5137 1303 5212 locus
1326 5153 1399 5194 ex
1428 5154 1544 5212 ms.
1567 5137 1647 5194 ab
1669 5137 1763 5193 Al-

185 5213 311 5270 latio
333 5209 539 5268 contra
567 5210 984 5280 Hottingerum
1008 5210 1212 5282 p.182.
1244 5209 1391 5266 Item
1418 5209 1492 5265 de
1517 5212 1756 5279 Purgat.

186 5301 240 5358 p.
269 5287 375 5358 ίοε.

246 5355 348 5424 (Π)
378 5351 653 5424 Nicolaus
680 5349 988 5408 Cabasilas
1013 5350 1074 5424 in
1105 5366 1329 5407 comm.
1357 5351 1585 5424 c_ap51,_
1609 5350 1748 5424 λογι-

186 5422 287 5492 κέν,
311 5422 471 5493 quod
501 5423 759 5480 dicimus
789 5423 1172 5490 rationalem,
1195 5422 1427 5478 mavuit
1445 5422 1758 5478 ’verbatem

191 5497 508 5566 intelligere,
567 5493 714 5566 quia
737 5492 884 5566 nihil
926 5491 1092 5550 aliud
1143 5509 1181 5549 a
1206 5492 1536 5566 sacerdote,
1568 5507 1758 5564 quam

191 5513 508 5567 ωιειιιεθεο,
567 5513 714 5566 quia
737 5513 884 5550 mnu
926 5513 1092 5550 auua
1143 5513 1181 5549 Β.
1206 5513 1536 5559 διιοθταοῐε,
1568 5513 1754 5564 quam

188 5569 351 5628 verba
375 5564 844 5626 sacramentalia
879 5579 1214 5638 precesque
1238 5564 1391 5626 ﬁant
1417 5563 1482 5624 in
1522 5564 1637 5622 hcc
1661 5579 1754 5622 sa-

1945 4455 2032 4511 13.
2063 4455 2155 4510 Sic
2177 4454 2231 4510 ei
2260 4452 2755 4510 accommodatus
2787 4454 2876 4508 est
2904 4465 2942 4508 a
2982 4448 3262 4507 Patribus
3293 4449 3522 4521 trisagii

1870 4561 2116 4619 quoque
2135 4545 2423 4618 hymnus,
2446 4548 2512 4599 ut
2536 4548 2590 4598 te
2607 4541 2702 4598 ille
2723 4542 2828 4616 qui
2850 4541 2910 4597 in
2931 4539 3192 4613 tropario
3213 4539 3514 4608 laudatur,

1875 4651 2030 4691 unus
2059 4634 2134 4690 de
2161 4637 2368 4690 sancta
2395 4631 2675 4688 Trinitate
2708 4629 3086 4704 praedicetur,
3121 4628 3519 4685 consubstan-

1872 4725 2024 4782 tialis
2045 4725 2199 4780 Patri
2222 4728 2278 4780 et
2303 4727 2512 4779 sancto
2535 4721 2794 4794 Spiritui,
2809 4725 3040 4776 naturae
3063 4717 3335 4790 ejusdem
3359 4722 3415 4773 et
3433 4717 3519 4773 in-

1871 4813 2245 4886 separabilis.
2263 4813 2401 4868 Ja-m
2416 4809 2602 4866 verba
2619 4833 2639 4859 ι
2659 4813 2900 4865 sanctus
2914 4811 3088 4877 Deus,
3111 4826 3132 4857 ε
3155 4806 3196 4862 ii
3210 4806 3316 4878 qui
3327 4806 3518 4876 hypo-

1871 4904 2110 4960 staticas
2139 4901 2532 4975 proprietates
2561 4899 2957 4968 distinguunt,
2984 4895 3138 4969 patri
3164 4893 3513 4951 attribuunt:

1871 4998 2000 5050 tum
2010 4991 2195 5050 verba
2207 5013 2235 5040 ‹‹
2251 4993 2504 5048 Sanctus
2517 4988 2740 5056 fortis,»
2757 4985 3016 5060 proprias
3028 4982 3343 5058 hypostasi
3387 4980 3512 5038 Filii

1869 5135 2111 5193 oriﬁcio.
2151 5132 2444 5190 Nimirum
2497 5132 2670 5203 λόγος,
2721 5134 2779 5186 et
2825 5129 2980 5185 ratio
3011 5133 3116 5200 est,
3169 5130 3246 5203 et_
3271 5125 3518 5203 ocream

1873 5224 1978 5264 seu
2009 5206 2243 5264 locutio.
2275 5197 2663 5261 Posteriorem
2683 5204 2884 5258 autem
2915 5197 3160 5257 sensum
3208 5197 3518 5256 Cabasilas

1869 5278 2142 5351 praetulit.
2174 5277 2350 5351 Aliter
2375 5279 2577 5332 tamen
2598 5276 2959 5351 _Ge_rmanus,
2997 5289 3103 5351 seu
3153 5269 3348 5351 quivis
3373 5267 3519 5351 _sub

1872 5343 2000 5420 ejus
2029 5347 2274 5406 nomine
2300 5347 2512 5420 latens,
2544 5343 2649 5420 ed.
2675 5343 2959 5420 Paris,_p.
2987 5345 3126 5420 160:
3176 5346 3391 5420 Λατινοί
3420 5345 3512 5411 χέ-

1869 5412 2027 5494 γουσι
2103 5417 2452 5494 ραζιονάϐιλν
2496 5412 2508 5418 ’
2545 5415 2786 5478 Ἕλληνες
2851 5412 2919 5469 δι’
2987 5415 3201 5489 λεγουσι
3263 5416 3517 5487 φρόνησιν

1871 5497 1960 5545 καὶ
1989 5493 2293 5564 λογιότητα,
