4106 6222
564 285 672 344 435
1833 283 2190 341 THEODORI
2225 284 2644 342 ANDIDENSIS
3842 285 3960 338 436

567 408 742 465 Verbi
755 407 1082 480 assignant.
1099 406 1382 478 Denique:
1395 428 1416 456 ι
1427 409 1680 463 Sanctus
1693 406 2188 473 immortalis,vivi

2334 411 2558 479 στάσεῳς
2622 414 2713 460 τοῦ
2790 412 2912 460 Υίοῡ
2973 412 3066 460 καὶ
3122 411 3292 478 Λόγου
3369 406 3701 479 ἁφορίζουσι·
3758 411 3824 459 τὸ
3895 404 3955 460 δὲ

568 498 669 553 ﬁci
697 503 754 554 et
784 495 1312 552 consubstantialis
1343 495 1595 567 Spiritus
1621 511 1900 568 personae
1926 496 2189 552 tribuunt

2335 496 2511 567 Ἀγιος
2585 495 2832 556 ἀθάνατος
2875 504 2934 568 τῇ
2993 504 3084 548 τοῦ
3143 497 3401 557 ζωοποιοὺ
3479 503 3569 548 καὶ
3641 498 3956 568 ὁμοουσὶον

571 601 926 659 quanquam
954 591 1010 640 et
1032 584 1357 657 unicuique
1379 585 1560 641 trium
1609 600 2006 658 personarum
2043 586 2186 642 uniu

2335 589 2625 656 [Ινεύματος
2705 581 3023 658 ἀφιεροῦσιν.
3090 585 3361 660 Ἀρμόττει
3430 582 3490 638 δὲ
3575 591 3667 638 καὶ
3731 584 3819 656 ἐφ’
3881 585 3956 637 ἐνί

573 672 1219 744 deitatis,triplicatum
1273 673 1390 730 hoc
1435 673 1803 730 vocabulum
1863 680 2194 730 «sanctus;

2336 674 2532 744 ἑκάστῳ
2607 681 2707 726 τῶν
2774 682 2929 745 τριῶν
3004 693 3298 746 προσωπων
3349 681 3443 734 τῆς
3522 681 3642 746 μιᾶς
3687 676 3957 734 θεότητος

573 763 872 820 convenit.
894 763 1121 818 Harum
1142 762 1304 818 enim
1331 778 1716 836 unaquaque
1744 769 1802 820 et
1828 769 2036 820 sancta
2055 769 2194 820 este

2334 765 2395 814 τὰ
2477 767 2599 834 τρία
2695 767 2848 814 ταυτὶ
2899 762 3046 832 ἅγια·
3108 765 3326 816 ἕκαστον
3399 763 3501 834 γὰρ
3581 765 3793 815 τούτων
3853 782 3955 814 και

572 851 741 908 fortis
771 855 829 907 et
854 843 1236 906 immortalis.
1267 852 1634 922 Conjunctus
1658 856 1862 908 autem
1890 851 2000 908 fuit
2029 857 2193 923 tropa

2334 851 2473 922 ἅγιός
2543 847 2673 916 ἔστι,
2745 855 2834 902 καὶ
2919 851 3138 924 ἰσχυρὸς
3195 856 3282 904 καὶ
3331 850 3604 917 ἀθάνατος,
3663 859 3955 910 Συνῆπται

573 939 664 996 rio
691 938 909 1010 trisagii
943 939 1229 1011 hymnus,
1254 939 1334 994 ob
1366 939 1826 1009 signiﬁcandam
1847 946 2075 996 naturae
2098 939 2194 995 uni

2332 942 2422 1011 μὲν
2488 934 2576 990 οὖν
2629 946 2704 1007 τῷ
2748 944 3014 1012 τροπάρίῳ
3084 944 3175 992 καὶ
3230 941 3256 992 ό
3296 943 3570 1013 τρισάγιος
3621 941 3818 1012 ὕμνος,
3883 941 3953 1000 εἰς

575 1029 829 1098 tatemlet
843 1027 1522 1084 consubstantialitatem
1540 1028 1661 1084 Filii
1683 1045 1820 1084 cum
1843 1028 2196 1100 duabuslper

2335 1023 2566 1086 δήλωσιν
2605 1034 2696 1087 τῆς
2742 1036 3000 1098 συμφυῑας
3045 1033 3134 1080 καὶ
3190 1030 3598 1100 όμοουσιοτητος
3653 1037 3750 1081 τοῦ
3819 1036 3953 1082 Υίον

579 1117 744 1173 sonis
764 1115 1026 1188 reliquis.
1057 1119 1278 1171 Natura
1303 1132 1446 1172 sane
1470 1117 2082 1172 etsubstantiatribus
2106 1132 2200 1170 un:

2332 1119 2464 1188 μετὰ
2508 1123 2608 1168 τῶν
2666 1114 2854 1167 λοιπῶν
2905 1118 3241 1168 ὑποστάσεων
3293 1113 3409 1169 δύο·
3458 1120 3614 1189 φύσις
3673 1121 3772 1189 μὲν
3842 1120 3952 1192 γὰρ

581 1211 690 1273 est,
718 1219 940 1260 nomen
957 1220 1099 1260 vero
1115 1220 1438 1260 commune
1463 1205 1710 1260 unicum
1734 1205 1926 1260 deitas
1947 1224 1965 1276 ;
1995 1206 2202 1260 etiams

2334 1209 2423 1256 καὶ
2501 1203 2656 1255 οὐσία
2733 1210 2836 1263 τοῖς
2901 1209 3045 1275 τρισὶ
3113 1209 3225 1274 μία,
3298 1209 3461 1276 ὄνομα
3523 1201 3581 1257 δὲ
3643 1209 3828 1257 κοινὸν
3901 1208 3950 1258 ἕν

581 1295 832 1368 singulae
862 1300 978 1350 tres
999 1309 1273 1366 persona:
1303 1294 1680 1366 appellentur
1726 1295 2024 1365 perfectus
2070 1297 2202 1350 Deus

2334 1295 2364 1352 ἡ
2439 1294 2633 1351 θεότης·
2687 1291 2729 1343 εἰ
2793 1297 2882 1344 καὶ
2945 1295 3161 1344 ἕκαστον
3232 1301 3332 1344 τῶν
3411 1302 3566 1366 τριῶν
3627 1300 3941 1368 προσώπων

579 1389 646 1441 ln
673 1384 767 1440 his
795 1400 938 1440 vero
993 1383 1276 1440 brevibus
1327 1384 1520 1439 verbis
1557 1383 1840 1456 praeclare
1886 1383 2196 1452 intelligitu

2337 1383 2466 1443 Θεὸς
2506 1379 2821 1452 ὀναμάζεται
2861 1381 3067 1441 τέλειος.
3129 1381 3210 1432 Ἐν
3262 1385 3463 1444 τούτοις
3515 1378 3574 1434 δέ
3630 1390 3744 1444 τοῖς
3801 1381 3947 1456 is?"

582 1473 763 1529 etiam
785 1472 932 1528 illud
961 1472 1170 1541 magni
1186 1472 1468 1542 Theologi
1493 1472 1718 1528 dictum
1743 1490 1756 1528 :
1777 1475 1927 1528 Nam
1949 1471 2195 1527 dividitu

2336 1474 2464 1540 χὲσι
2513 1468 2717 1542 ῥήμασι
2759 1467 2928 1530 καλῶς
2957 1476 3148 1522 νοεῖται
3193 1475 3282 1520 καὶ
3339 1472 3398 1522 τὸ
3445 1472 3589 1543 παρά
3642 1478 3735 1522 τοῦ
3785 1475 3949 1541 μεγά-

582 1561 855 1627 indivise,
879 1560 1046 1616 utita
1073 1559 1307 1632 loquar,
1336 1565 1393 1615 et
1423 1560 1812 1630 conjungitur
1863 1559 2118 1615 divisim.
2167 1561 2203 1613 E

2335 1556 2424 1609 λου
2495 1555 2732 1627 θεολόγον
2808 1557 2941 1608 οὕτω
3015 1576 3120 1618 πως
3158 1557 3440 1630 εἰρημένον·
3506 1566 3803 1631 Διαιρεῖται
3844 1564 3947 1630 γὰρ

584 1649 726 1705 alibi
755 1649 916 1704 idem
949 1652 1114 1704 Pater
1144 1666 1156 1704 :
1186 1652 1312 1704 Non
1335 1665 1592 1721 possum
1624 1649 1735 1704 tria
1783 1648 2070 1717 dividere,
2122 1662 2205 1702 sec

2338 1641 2667 1719 ἁδιαιρέτως,
2721 1645 2781 1696 ἶν’
2831 1645 2994 1706 οὕτως
3041 1648 3184 1708 εῐπω,
3239 1651 3330 1698 καὶ
3380 1649 3695 1700 συνάπτεται
3735 1645 3945 1720 διῃρη-

582 1737 644 1794 in
666 1753 856 1794 unum
905 1737 1166 1793 confero.
1213 1739 1398 1793 Nemo
1435 1753 1577 1793 vero
1609 1737 1947 1793 testimonia
1975 1737 2103 1792 haec
2130 1735 2198 1792 tri

2339 1738 2518 1806 μένως’
2573 1738 2662 1786 καὶ
2719 1733 2947 1805 ἀλλοχοῦ
3005 1737 3030 1786 ό
3093 1735 3260 1795 αὐτός·
3333 1735 3407 1787 Οὐ
3460 1737 3632 1806 φθάνω
3701 1739 3771 1788 τὰ
3824 1742 3951 1810 τρία

586 1827 740 1896 sagii
769 1827 1042 1882 audiens.
1077 1825 1625 1882 existimetinitium
1657 1827 1889 1898 cepisse
1912 1825 2207 1894 trisagiun

2340 1819 2544 1889 διελεῖν,
2597 1827 2687 1875 καὶ
2736 1823 2802 1883 εἰς
2859 1827 2915 1874 τό
2970 1826 3018 1874 ἓν
3067 1823 3404 1896 ἀναφέρομαι.
3477 1824 3630 1877 Ἀ).λὰ
3703 1831 3776 1896 μή
3841 1845 3949 1891 τις,

583 1914 858 1970 aChristi
915 1914 1011 1969 Dei
1071 1913 1261 1969 nostri
1314 1913 1837 1970 inhumanatione.
1895 1914 2204 1984 Antiquitu

2337 1913 2424 1970 τὰς
2475 1915 2766 1984 μαρτυρίας
2816 1914 3005 1972 ταύτας
3064 1921 3155 1964 τοῦ
3210 1917 3487 1986 τρισαγίου
3572 1911 3798 1981 ἁκούων,
3862 1934 3943 1964 νος

583 2002 742 2058 enim
763 2019 799 2057 a
822 2001 1117 2074 deiloquis
1147 2001 1454 2072 prophetis
1484 2003 1735 2074 mystice
1762 2003 1820 2057 in
1853 2002 2059 2073 spiritu
2084 2017 2204 2072 prie

2339 2003 2471 2070 μίσῃ
2531 2003 2624 2056 τὴν
2678 2000 2846 2073 ἀρχὴν
2903 1999 3072 2052 λαϐεῖν
3130 1999 3230 2052 ἀπὸ
3274 2008 3370 2062 τῆς
3417 2009 3508 2054 τοῦ
3550 2009 3792 2075 Χριστοῦ
3855 2007 3949 2053 καὶ

583 2095 890 2147 cantatum
920 2095 1064 2146 erat.
1098 2090 1287 2160 Hujus
1300 2090 1459 2146 cnim
1490 2090 1748 2146 formam
1774 2106 1845 2148 ac
1870 2090 2055 2146 verba
2076 2089 2204 2144 evol

2339 2095 2471 2140 Θεοῦ
2555 2089 2701 2160 ἡμῶν
2777 2088 3231 2161 ἐνανϐρωπήσεωςο
3293 2089 3456 2142 πάλαι
3525 2093 3623 2162 γὰρ
3687 2093 3784 2143 ὑπὸ
3845 2101 3945 2142 τῶν

579 2194 728 2234 vens
777 2178 984 2244 David,
1056 2177 1316 2235 breviter
1375 2177 1554 2242 ,idem
1621 2178 1906 2235 exhibet:
1970 2179 2200 2235 «Sitivil

2342 2179 2599 2250 θεπγόρων
2675 2186 2950 2249 προφητῶν
3020 2187 3289 2250 μυστικῶς
3366 2187 3438 2248 τῷ
3499 2183 3754 2250 πνεύματι
3815 2200 3947 2254 προ-

582 2267 812 2333 dicens,
845 2267 1050 2323 anima
1081 2282 1216 2322 mea
1245 2267 1322 2322 ad
1355 2268 1542 2324 Deum
1566 2267 1778 2323 fortem
1796 2268 1993 2324 vivum
2023 2270 2086 2322 ¹².
2110 2289 2137 2318 ››
2169 2269 2203 2322 Ε

2340 2268 2752 2338 αναφωνούμενον
2813 2263 2894 2323 ἦν·
2951 2270 3135 2318 τούτου
3187 2270 3287 2340 γὰρ
3337 2272 3423 2320 τόν
3485 2271 3645 2319 τύπον
3712 2273 3806 2320 καὶ
3853 2272 3949 2330 τὰς

582 2355 723 2412 alibi
757 2374 769 2412 :
822 2380 849 2409 ‹
877 2356 1068 2412 Verbo
1109 2355 1346 2412 Domini
1399 2356 1530 2411 caeli
1581 2356 1800 2412 ﬁrmati
1832 2363 1988 2422 sunt,
2016 2362 2072 2411 et
2115 2355 2203 2428 spi

2338 2355 2517 2428 ῥήσεις
2576 2357 2793 2427 ἱστορῶν
2828 2357 2853 2406 ό
2881 2353 3068 2422 Δαϐὶδ,
3108 2353 3201 2408 διά
3239 2354 3605 2428 βραχυλογίαν
3648 2363 3948 2427 παρίστησι

581 2445 698 2500 ritu
718 2445 837 2500 oris
865 2445 995 2515 ejus
1011 2444 1208 2500 omnis
1239 2444 1428 2499 virtus
1455 2461 1662 2500 eorum
1685 2446 1748 2495 '3.
1781 2466 1808 2493 ))
1842 2447 1907 2500 Et
1937 2445 2054 2500 alio
2074 2444 2202 2499 loco

2338 2451 2538 2494 τουτον·
2612 2465 2638 2491 ‹‹
2671 2439 2949 2514 Ἐδίψησε,
2983 2466 3009 2494 ›)
3077 2443 3255 2514 )ἐγων,
3309 2465 3330 2494 ε
3363 2446 3393 2502 ἡ
3454 2444 3609 2516 ψυχή
3665 2465 3767 2517 μου
3815 2451 3949 2516 πρὸς

585 2557 611 2583 (ι
637 2535 700 2588 In
728 2533 954 2588 lumine
985 2538 1086 2588 tuo
1117 2533 1459 2588 videbimus
1505 2533 1713 2588 lumen
1759 2535 1822 2587 ¹⁴.
1879 2557 1904 2583 υ
1961 2536 2091 2588 Jam
2136 2532 2206 2587 illi

2339 2536 2426 2583 τόν
2482 2535 2610 2584 Θεὸν
2667 2537 2754 2584 τόν
2802 2534 3045 2606 ἰσχυρόν,
3094 2537 3180 2585 τόν
3235 2535 3424 2595 ζῶντα·
3456 2556 3476 2582 ι
3537 2540 3626 2586 καὶ
3680 2534 3943 2606 ἀλλαχοῦ·

583 2626 858 2678 cantatus
907 2621 985 2677 ab
1017 2622 1169 2677 Isaia
1195 2623 1464 2694 hymnus
1497 2623 1844 2694 seraphicus
1875 2624 1942 2690 ‘5,
1963 2621 2067 2694 qui
2099 2637 2204 2676 san

2345 2643 2365 2668 ι
2418 2627 2500 2690 Τῷ
2577 2620 2712 2691 λόγῳ
2803 2628 2995 2696 Κυρίου
3069 2623 3278 2695 οὐρανοὶ
3357 2625 3768 2696 ἐστερεώθησαν,
3857 2631 3948 2676 καὶ

581 2716 680 2767 cta
708 2713 820 2766 tria
847 2715 902 2767 et
933 2726 1118 2766 unam
1150 2710 1624 2767 dominationem
1651 2710 1880 2766 confert
1903 2715 2082 2782 atque
2113 2709 2202 2764 dei

2340 2717 2411 2779 τῷ
2457 2712 2711 2782 πνεύματι
2755 2720 2845 2762 τοῦ
2903 2715 3160 2782 στόματος
3218 2711 3378 2764 αὑτοῦ
3420 2718 3566 2764 πᾶσα
3622 2715 3653 2769 ἠ
3717 2709 3947 2784 δύναμις

582 2805 1146 2873 tatem,quamnam
1176 2816 1300 2872 prae
1331 2816 1392 2855 se
1419 2800 1530 2856 fert
1584 2799 1982 2856 differentiam
2034 2799 2112 2854 ab
2163 2815 2203 2854 ει

2341 2797 2531 2848 αὐτῶν·
2566 2819 2593 2847 ››
2649 2803 2738 2850 καὶ
2818 2799 3047 2872 ἑτέρωθι,
3111 2822 3130 2848 «
3187 2799 3269 2852 Ἐν
3332 2807 3403 2869 τῷ
3483 2806 3614 2872 φωτί
3657 2809 3754 2852 σου
3816 2801 3945 2871 ὀψό-

582 2889 750 2962 quod
781 2905 818 2944 a
846 2888 1022 2945 nobis
1053 2894 1327 2945 cantatur
1376 2888 1621 2959 trisagio
1647 2890 1674 2944 ‘?
1721 2889 1930 2960 Itaque
1986 2887 2203 2959 tropari

2340 2888 2472 2958 μεΘα
2519 2893 2638 2958 φῶς.
2683 2910 2710 2937 ››
2760 2889 2819 2940 Ὀ
2865 2886 2913 2942 δ’
2960 2891 3059 2941 ὑπὸ
3106 2889 3324 2942 Ἠσαίου
3374 2887 3681 2960 ἐκφωνηθεὶς
3735 2909 3949 2963 σεραφι-

585 2994 724 3034 cum
756 2977 998 3047 trisagio
1030 2977 1399 3033 connectitur
1446 2977 1649 3046 dictio,
1702 2982 2020 3050 propterea
2067 2992 2206 3048 quo:

2341 2979 2433 3036 κὸς
2495 2973 2672 3048 ὕμνος,
2711 2983 2800 3030 καὶ
2857 2981 2923 3030 τὰ
2979 2982 3101 3050 τρία
3147 2978 3276 3048 ἀγια
3320 2977 3392 3038 εἰς
3452 2983 3576 3050 μίαν
3659 2984 3950 3050 κυριότητα

585 3072 908 3139 utrumque
931 3065 1009 3121 ad
1038 3066 1323 3122 deitatem
1348 3065 1596 3122 refertur
1625 3082 1637 3131 ;
1671 3081 1863 3138 eaque
1885 3065 2066 3121 dictio
2113 3081 2206 3120 me

2343 3065 2577 3134 συνάγων
2652 3072 2740 3118 καὶ
2829 3068 3066 3138 θεότητα,
3144 3071 3262 3118 τίνα
3358 3062 3615 3140 διαφοράν
3673 3072 3814 3140 φέρει
3859 3075 3951 3119 τοῦ

585 3154 752 3212 dium
782 3154 996 3210 dividit
1024 3155 1291 3227 episcopi
1313 3154 1737 3226 procedentem
1761 3155 2088 3210 introitum.

2341 3151 2463 3226 παρ’
2523 3154 2667 3224 ἡμῶν
2715 3152 2970 3230 ᾀδομένου
3017 3159 3346 3229 τρισαγίου;
3407 3161 3508 3207 Τοῦ
3562 3158 3654 3226 μεν
3700 3151 3792 3208 οὖν
3836 3175 3953 3229 τρο-

587 3247 778 3317 παρίου
858 3246 988 3314 μετὰ
1051 3251 1141 3295 τοῦ
1211 3247 1490 3314 τρισαγίου
1550 3252 1813 3303 συνῆπται
1867 3244 1892 3293 ό
1965 3241 2110 3314 λόγος
2169 3238 2260 3294 διὰ
2307 3245 2401 3299 τὴν
2458 3246 2588 3314 πρὸς
2641 3248 2734 3302 τὴν
2788 3247 3006 3303 θεότητα
3074 3247 3267 3297 τούτων
3319 3241 3599 3318 ἀναφορὰν,
3683 3241 3952 3317 διατεμὼν

587 3337 680 3390 τὴν
701 3331 749 3384 ἐν
770 3336 912 3403 μέσῳ
939 3331 1323 3408 προϐαίνουσαν
1343 3340 1432 3384 του
1459 3331 1743 3407 ἀρχιερέως
1773 3328 1998 3384 εἶσοδον·

665 3424 749 3478 14.
783 3421 864 3478 De
893 3422 1008 3480 hoc
1034 3437 1177 3492 ergo
1231 3421 1495 3490 introitu,
1551 3426 1730 3492 prout
1787 3423 1941 3477 Deus
1989 3418 2240 3486 dederit,

2423 3417 2510 3472 ιδ’·
2568 3423 2812 3492 Λεγέσθω
2871 3429 3145 3494 τοιγαροῦν
3198 3426 3314 3496 περὶ
3377 3427 3570 3484 ταύτης
3640 3423 3741 3474 ὅσα
3831 3419 3950 3479 δοίη

591 3515 933 3582 nostraeque
959 3510 1158 3566 valent
1178 3509 1358 3578 vires,
1378 3510 1728 3582 loquamur.
1763 3513 2049 3564 Putamus
2080 3508 2212 3563 enin

2353 3513 2474 3571 Θεὸς
2527 3513 2664 3562 κατὰ
2714 3513 2763 3564 τὸ
2812 3513 2936 3582 ἡμῖν
3006 3509 3296 3585 ἐγχωροῦν.
3385 3518 3652 3583 Λοκοῦμεν
3698 3513 3806 3585 γὰρ
3859 3518 3953 3568 τήν

595 3597 804 3654 Christi
837 3598 935 3654 Dei
961 3598 1151 3655 nostri
1176 3599 1581 3654 ostensionem
1613 3597 1779 3668 apud
1811 3598 2158 3664 .Iordanem,
2191 3613 2216 3651 ε

2355 3597 2438 3650 ἐπὶ
2505 3605 2597 3649 τοῦ
2657 3595 2922 3672 Ἰορδάνου
2992 3595 3253 3662 ἀνάδειξιν
3333 3604 3422 3652 καὶ
3498 3604 3786 3672 φανέρωσιν
3862 3607 3953 3651 τοῦ

595 3684 1169 3752 manifestationem,
1203 3686 1281 3740 ab
1311 3686 1578 3756 episcopi
1612 3685 1851 3741 introitu
1880 3685 2068 3740 innui.
2103 3687 2210 3740 Hin

2355 3694 2589 3759 Χριστοῦ
2642 3692 2731 3739 καὶ
2781 3695 2913 3740 Θεοῦ
2961 3689 3102 3758 ἡμῶν
3149 3692 3241 3747 τὴν
3283 3695 3374 3741 τοῦ
3421 3685 3698 3762 ἀργιερέως
3740 3683 3954 3740 εἱσοδον

595 3774 816 3848 itaque,
843 3776 910 3829 ut
936 3774 1197 3835 videtur,
1230 3773 1488 3829 ﬂumina
1519 3773 1901 3846 appellantur
1925 3773 2026 3829 illa
2050 3774 2110 3828 in
2137 3777 2216 3830 illa

2355 3776 2770 3832 ὑπαινίττεσθαι,
2846 3776 2934 3828 Ἐκ
3007 3779 3193 3828 τούτου
3253 3773 3360 3843 οὖν,
3414 3780 3478 3836 ὡς
3521 3776 3674 3840 ἔοικε,
3725 3784 3955 3846 ποταμοὶ

600 3878 734 3934 gnaa
755 3862 1030 3920 Ecclesiae
1055 3868 1400 3934 pav1mento
1413 3862 1616 3918 stricta
1641 3869 1698 3917 et
1717 3862 1888 3932 nigra
1908 3878 2221 3918 marmore:

2357 3863 2700 3934 ὀνομάζονται
2781 3869 2844 3918 τὰ
2921 3864 2970 3916 ἐν
3048 3873 3119 3934 τῷ
3162 3862 3341 3938 ἐδάφει
3409 3875 3505 3927 τῆς
3558 3865 3802 3936 Μεγάλης
3844 3865 3957 3918 Ἐκ-

598 3952 774 4026 quasi
825 3951 1091 4020 ordines,
1135 3950 1540 4006 mediocribus
1595 3950 1918 4008 intervallis
1979 3951 2128 4006 inter
2186 3969 2219 4004 si

2357 3951 2578 4013 κλησίας
2669 3959 2875 4026 κείμενα
2967 3957 3272 4027 μααμάρινα
3345 3957 3498 4008 στενὰ
3576 3959 3666 4006 καὶ
3756 3953 3959 4026 μέλανα

599 4041 903 4098 distantia.
923 4044 1072 4096 Nam
1094 4055 1286 4112 usque
1308 4040 1382 4095 ad
1401 4040 1708 4096 introitum
1727 4055 2080 4112 quanquam
2104 4056 2220 4112 pon

2361 4038 2516 4098 δίκην
2572 4039 2812 4116 ὀρδινων,
2871 4048 2961 4094 καὶ
3026 4042 3249 4115 μετατξυ
3297 4047 3512 4118 μετρίων
3575 4039 3958 4114 διαστημάτων

601 4130 745 4184 tifex
766 4128 1032 4183 Christus
1048 4105 1382 4194 erat,-haud
1415 4129 1701 4184 omnibus
1733 4105 2086 4185 manifestus
2105 4105 2222 4184 ἐῖδει

2361 4130 2588 4190 ἀλλήλων
2661 4128 3019 4208 διαιρούμενα³
3085 4137 3248 4206 μέχρι
3316 4134 3417 4204 γὰρ
3478 4139 3569 4191 τῆς
3624 4127 3862 4200 εἰσόδου,
3919 4131 3960 4184 εἰ

603 4223 660 4272 et
680 4217 954 4286 cognitus
979 4235 993 4284 ;
1023 4219 1261 4274 tametsi
1284 4219 1344 4274 in
1366 4219 1566 4274 medio
1597 4234 1869 4287 versans,
1892 4224 2220 4290 supernatu

2360 4225 2450 4272 καὶ
2498 4217 2557 4278 ἦν
2609 4219 2900 4294 ἀρχιερεύς,
2953 4219 3059 4272 ἀλλ’
3090 4218 3218 4292 οὐχὶ
3263 4227 3397 4274 πᾶσι
3455 4215 3616 4280 δῆλος
3686 4225 3776 4271 καὶ
3825 4225 3964 4290 γνω-

603 4306 756 4361 ralia
809 4311 866 4362 et
909 4307 1210 4362 immensa
1257 4307 1536 4363 faciebat.
1575 4311 1735 4363 Tunc
1766 4313 1941 4380 capto
1985 4313 2224 4378 tempori

2361 4328 2531 4384 ριμος’
2592 4309 2634 4362 εἰ
2705 4305 2762 4361 δὲ
2832 4309 2904 4371 εἰς
2961 4314 3117 4382 μέσον
3179 4308 3360 4374 ἑστὼς,
3429 4313 3517 4360 καὶ
3583 4311 3648 4360 τὰ
3719 4309 3957 4380 ὑπερφυῆ

607 4394 911 4464 sacerdos,
943 4397 1048 4468 qui
1073 4397 1133 4452 in
1161 4396 1360 4452 medio
1392 4397 1560 4452 altari
1592 4397 1957 4453 consistebat
1981 4403 2118 4452 ante
2134 4394 2228 4466 epi

2362 4404 2452 4449 καὶ
2508 4397 2714 4460 ἐξαίσια
2771 4394 3040 4449 διατελῶν·
3097 4396 3204 4448 ἀλλ’
3284 4398 3309 4448 ὁ
3380 4401 3465 4448 τόν
3535 4395 3713 4470 καιρόν
3787 4394 3961 4446 λαϐὼν

607 4484 774 4556 scopi
803 4483 1132 4553 introitum,
1151 4483 1314 4540 velut
1346 4487 1679 4540 Praecursor
1707 4490 1847 4542 tunc
1878 4483 2228 4540 ministraba

2366 4490 2546 4560 ἱερεῦς,
2598 4486 2626 4537 ό
2677 4492 2766 4538 καὶ
2836 4489 2992 4556 μέσον
3057 4493 3148 4537 τοῦ
3221 4486 3603 4557 (θυσιαστηρίου
3664 4485 3958 4554 ἱστάμενος,

605 4572 970 4647 poenitentiae
995 4571 1321 4644 baptisma,
1383 4573 1784 4629 introeuntem
1836 4589 2086 4628 cernens
2137 4574 2226 4644 epi

2360 4579 2460 4648 πρὸ
2524 4583 2617 4636 τῆς
2689 4571 2899 4626 εἰσόδου
2974 4581 3068 4626 τοῦ
3142 4572 3446 4646 ἀρχιερέως,
3519 4577 3588 4636 ὡς
3651 4568 3962 4646 Προδρομος

609 4677 886 4734 scopum,
910 4661 1163 4726 secedit;
1195 4661 1634 4733 propemodum
1663 4661 1809 4716 illud
1833 4661 2002 4718 tacite
2029 4663 2230 4716 dicens

2365 4663 2565 4739 ἐνήργει
2612 4683 2669 4715 το
2712 4660 2804 4716 διὰ
2850 4667 3119 4735 μετανοίας
3182 4661 3488 4736 βάπτισμα·
3555 4661 3606 4722 ὃς
3662 4661 3962 4713 εἰσελθόντα

606 4751 774 4828 quod
788 4753 1049 4808 Joannes
1072 4750 1273 4806 aiebat
1301 4768 1314 4806 :
1340 4773 1366 4799 ‹‹
1400 4750 1571 4805 Hunc
1603 4757 1836 4823 oportet
1862 4767 2227 4818 crescere,ml

2368 4751 2492 4806 ἰδὼν
2558 4756 2643 4805 τὸν
2702 4751 2972 4826 ἀρχιερέα,
3031 4753 3366 4823 μεθίσταταιο
3450 4755 3736 4824 μονονουχὶ
3821 4750 3960 4801 τοῦτ’

607 4848 810 4900 autem
828 4841 1018 4898 minui
1043 4842 1117 4908 ¹⁶;
1139 4862 1159 4889 ι
1194 4839 1450 4913 ideoque
1477 4839 1785 4896 confestim
1806 4839 2228 4912 ceditepiscopt

2368 4843 2526 4895 ἐκεῖνο
2595 4844 2764 4916 ἡρέμα
2807 4837 3188 4913 διαλεγόμενος,
3261 4839 3382 4914 ὅπερ
3431 4842 3586 4912 ἔφησε
3642 4844 3734 4890 καὶ
3787 4837 3960 4890 Ἰωάν-

608 4931 846 5002 majora
875 4931 1133 5003 operari.
1157 4931 1289 4986 Jam
1319 4946 1456 4984 cum
1484 4929 1542 4984 in
1571 4929 1813 4984 introitu
1839 4933 2059 4984 canunt
2099 4928 2229 5001 psal

2367 4951 2480 4998 νης,
2510 4955 2536 4980 α
2563 4938 2754 4983 Τοῦτον
2787 4925 2867 4981 δεῖ
2899 4928 3232 4996 αὐξάνεσθαι,
3285 4925 3371 4999 ἐμὲ
3431 4924 3488 4980 δε
3543 4926 3911 4980 ἐλαττοῦσθαι·
3935 4948 3961 4973 ι»

608 5025 716 5073 tae:
785 5042 813 5068 (ι
860 5020 1062 5074 Venite
1116 5018 1486 5074 exsultemus
1542 5019 1815 5080 Domino,
1895 5018 2080 5074 verba
2128 5034 2229 5090 pos

2370 5016 2456 5070 διὸ
2513 5023 2602 5069 καὶ
2653 5017 2798 5076 εὐθὺς
2844 5023 3156 5090 παραχωρεῖ
3213 5024 3285 5085 τῷ
3351 5015 3587 5088 ἀρχιερεί
3633 5017 3696 5066 τὰ
3749 5019 3965 5086 μείζονα

610 5107 984 5179 baptismum
1007 5108 1302 5178 signiﬁcat
1316 5107 1749 5179 apostolorum,
1771 5124 1910 5180 quae
1935 5107 2008 5162 de
2033 5108 2231 5162 Chrish

2369 5107 2763 5178 τελεσιουργεῖν.
2803 5110 2902 5158 Τόν
2969 5101 3027 5156 δε
3075 5101 3324 5175 ᾀδόμενον
3381 5107 3524 5176 παρὰ
3575 5111 3674 5156 τῶν
3729 5103 3963 5173 ψαλτῶν,

611 5195 1223 5267 (licebantzNamque
1255 5201 1393 5251 ante
1439 5196 1817 5252 vocationem
1867 5197 1963 5252 alii
2013 5196 2232 5269 quiden

2367 5221 2395 5247 ‹‹
2457 5203 2621 5264 Δεῦτε,
2675 5193 3112 5265 ἀγαλλιασὼμεθα
3181 5200 3250 5262 τῷ
3341 5198 3532 5266 Κυρίῳ,
3594 5213 3614 5241 ι
3677 5197 3798 5252 τοὺς
3842 5197 3968 5265 μετὰ

612 5285 900 5342 aiebant:
955 5286 1227 5356 «Venite,
1272 5285 1633 5348 invenimus,
1691 5303 1871 5359 quem
1933 5285 2233 5358 exoptaba

2367 5289 2425 5338 τό
2475 5285 2756 5358 βάπτισμα
2803 5283 2989 5355 λόγους
3029 5281 3261 5355 ἐμφαίνει
3335 5289 3435 5334 τῶν
3495 5279 3822 5347 ἀποστόλων,
3885 5282 3966 5340 οὖς

613 5389 782 5441 mus;
835 5372 935 5430 alii
1000 5389 1160 5430 vero.
1215 5373 1502 5432 «Veniet
1541 5375 1743 5432 vide.»
1797 5375 1906 5432 Alii
1962 5375 2220 5448 denique

2366 5375 2536 5447 ἔλεγον
2587 5378 2704 5449 περὶ
2757 5379 2847 5426 τοὺ
2908 5377 3165 5446 Χριστοῡ’
3233 5373 3324 5423 καὶ
3379 5371 3480 5445 πρὸ
3543 5377 3634 5422 τοῦ
3707 5367 3966 5430 κ)ηθῆναι

687 5552 733 5588 ¹²
755 5551 911 5623 Psal,
926 5568 1034 5623 XLI,
1064 5555 1117 5621 3.
1196 5555 1242 5589 ¹³
1263 5552 1414 5610 Psal.
1446 5568 1633 5640 xxxu,
1811 5555 1857 5636 η
1879 5552 2034 5610 Psal.
2058 5569 2226 5621 xxxv,
2264 5557 2347 5612 10,
2429 5554 2472 5590 ⁸⁵
2503 5553 2616 5610 Isa.
2645 5565 2726 5618 vr,
2756 5554 2808 5606 3.
2845 5549 2888 5586 ³⁸
2915 5551 3085 5628 Joan.
3124 5563 3208 5622 ιιι,
3242 5551 3332 5606 30.
