4106 6222
57 117 92 134 υ

174 245 304 304 43⁸7

179 373 237 424 οἱ
271 375 376 444 μὲν
425 371 621 443 ἔλεγον,
655 393 683 422 (ι
721 377 887 440 Δεῦτε,
937 373 1226 444 εὑρήκαμεν
1266 371 1353 422 τὸν
1398 368 1732 439 ποθούμενον·
1785 387 1815 416 »
1843 365 1891 419 A

182 464 238 513 οἱ
271 458 366 528 δὲ,
409 484 432 512 ε
466 461 677 534 Ἔρχου
707 465 792 513 καὶ
825 457 926 512 ῖδεο
962 482 991 510 »
1017 466 1109 513 καὶ
1139 461 1325 534 ἕτεροι,
1357 481 1378 507 ε
1418 457 1628 523 Ἦλθον,
1663 474 1817 528 φησι,

185 555 290 601 καὶ
358 545 510 602 εἶδον
557 557 658 601 ποῦ
719 551 878 620 μένει,
933 552 1023 600 καὶ
1077 549 1200 619 παρ’
1264 546 1406 617 αύτῷ
1471 548 1670 617 ἔμειναν
1727 547 1821 601 τὴν

187 641 416 711 ἡμέραν
477 640 692 695 εκείνην·
758 657 787 686 ››
840 640 930 688 καὶ
990 635 1156 689 τᾶλλα
1209 635 1380 696 ἁπλῶς
1435 635 1537 686 ὃσα
1596 631 1824 704 ἇχόμενα

190 735 296 779 τοῦ
361 725 741 799 βαπτίσματος
803 728 906 800 πρὸ
979 733 1078 785 τῆς
1131 723 1414 786 καθολικῆς
1478 721 1710 780 κλήσεως
1773 721 1823 772 οἱ

191 819 456 889 μαθηται
511 821 643 890 πρός
707 814 957 876 ἀλλήλους
1011 815 1202 886 ἔλεγον.
1269 816 1341 866 Τὸ
1390 809 1470 880 δὲ,
1522 834 1549 861 ι(
1579 811 1822 885 Προφθά-

195 924 387 978 σωμεν
418 908 482 957 τὸ
509 910 790 979 πρόσωπον
836 903 998 956 αὐτοῦ
1052 902 1101 956 ἐν
1151 901 1538 974 ἐξομολογήσει,
1595 922 1624 950 »
1667 905 1822 951 τοῦτο

192 992 391 1052 δηλοί’
464 990 699 1060 Ἐπειδὴ,
768 999 950 1065 φησὶν,
1017 993 1164 1054 οὗτος
1227 994 1254 1043 6
1317 999 1404 1042 νῦν
1465 994 1635 1062 φανεὶς
1698 1007 1823 1062 προ-

192 1091 422 1145 ιιὼνιος
488 1086 578 1156 μὲν
630 1082 747 1136 ἐστι
805 1086 958 1145 Θεὸς,
1018 1087 1109 1134 καὶ
1159 1082 1377 1156 ούρανοῦ
1432 1084 1523 1131 καὶ
1577 1087 1679 1150 γῆς
1732 1083 1818 1130 καὶ

192 1172 496 1233 θαλάσσης
558 1169 902 1244 δημιουργός,
980 1175 1158 1242 γέγονε
1235 1174 1325 1221 καὶ
1388 1176 1476 1220 νῦν
1549 1168 1822 1241 ἅνθρωπος

190 1263 330 1313 καθ’
387 1263 554 1332 ἡμᾶς,
602 1263 774 1312 πάντα
827 1263 895 1312 τὰ
949 1267 1047 1321 τῆς
1088 1258 1412 1331 ἀντρωπίνής
1463 1259 1662 1328 φύσεως
1703 1253 1822 1306 ἴδια

191 1353 373 1420 ἔχων,
434 1349 572 1406 πλήν
638 1353 795 1420 μόνης
862 1356 960 1410 τῆς
1026 1347 1307 1422 ἁμαρτίαςο
1369 1345 1539 1418 με’λλει
1606 1341 1665 1396 δι
1722 1340 1822 1394 αὖ-

195 1440 289 1498 θις
342 1436 392 1489 ἕν
444 1439 687 1509 ὑστέροις
724 1444 925 1508 καιροῖς
981 1438 1110 1508 μετὰ
1166 1443 1256 1487 τοῦ
1315 1434 1477 1488 αὐτοῦ
1535 1437 1820 1505 προσώπου

189 1531 295 1578 καὶ
349 1533 450 1587 τῆς
502 1526 668 1587 αὐτῆς
715 1527 1050 1585 ὑποστάσεως
1103 1525 1356 1596 ἔρχεσθαι
1395 1530 1570 1592 κρῖυαι
1627 1521 1823 1581 ζῶντας

189 1619 296 1665 καὶ
350 1618 594 1686 νεκροὺς,
628 1614 800 1666 ούκέτι
851 1616 942 1685 μεν
1001 1616 1221 1682 τοιούτῳ
1279 1616 1506 1682 σώματι,
1555 1609 1649 1661 ούκ
1679 1612 1820 1661 ἀσώ-

1431 241 1924 301 (ΙΟΜΜΕΝΤΛΤΙΟ
1963 239 2358 298 LITURGICA.

3460 241 3572 302 538

2002 388 2030 417 «
2042 369 2298 436 lverunt,
2311 362 2525 436 inquit,
2543 365 2600 418 et
2617 361 2898 420 viderunt
2919 362 3024 418 ubi
3044 367 3318 422 maneret
3335 368 3393 422 et
3411 367 3578 436 apud

1927 470 2068 510 eum
2089 458 2444 510 manserunt
2475 451 2572 506 die
2599 450 2703 506 illa
2725 451 2765 485 ίτ
2795 468 2810 518 ;
2844 471 2874 498 ››
2905 453 2962 507 et
2989 449 3109 508 alia
3153 467 3578 526 quacumque,

1927 542 2087 598 circa
2113 546 2352 613 tempus
2404 539 2710 611 baptismi,
2741 543 2878 594 ante
2926 539 3269 607 generalem
3319 541 3582 600 vocatio-

1928 645 2090 692 nem.
2149 627 2393 700 dicipuli
2447 627 2601 682 inter
2655 642 2716 682 se
2791 625 3056 682 aiebant.
3109 629 3292 685 Porro
3341 628 3575 686 verba:

1934 743 1954 768 ι
1981 721 2475 789 Praeoccupemus
2498 714 2712 772 faciem
2739 713 2871 785 ejus
2896 713 2959 770 in
2977 715 3375 784 confessione,
3401 737 3431 766 »
3461 717 3580 776 hoc

1927 807 2195 864 indicant
2230 827 2243 861 :
2266 804 2584 874 Quoniam,
2612 803 2826 875 inquit,
2854 802 2952 858 hic
2981 803 3086 876 qui
3108 805 3412 876 apparuit,
3427 820 3580 864 sem-

1926 900 2195 969 piternus
2224 899 2310 952 est
2343 896 2514 960 Deus,
2551 891 2685 948 eceli
2709 896 2878 948 terrae
2906 892 3213 964 marisque
3241 897 3494 964 creator,
3523 899 3584 954 et

1925 1001 2090 1042 nunc
2136 984 2327 1040 factus
2357 986 2447 1038 est
2498 981 2710 1038 similis
2739 980 2917 1038 nobis
2961 981 3166 1052 homo,
3208 983 3416 1041 omnia
3463 983 3578 1040 hu-

1926 1091 2125 1132 mana:
2176 1077 2405 1129 naturas
2435 1072 2679 1144 propria
2707 1070 2964 1140 habens,
2993 1076 3245 1144 excepto
3273 1077 3522 1144 peccato
3562 1089 3578 1129 :

1926 1178 2254 1235 rursusque
2292 1159 2608 1233 postremis
2637 1159 3012 1232 temporibus
3043 1176 3183 1216 cum
3212 1161 3428 1218 eadem
3447 1177 3580 1234 per-

1927 1268 2078 1309 sona
2106 1256 2164 1308 et
2210 1249 2550 1306 substantia
2605 1248 2818 1306 eadem
2865 1252 3150 1306 venturus
3197 1255 3286 1305 est
3307 1249 3580 1321 judicare

1925 1342 2098 1398 vivos
2137 1345 2195 1398 et
2218 1345 2526 1396 mortuos:
2558 1337 2726 1396 haud
2763 1337 3046 1409 equidem
3095 1338 3158 1394 in
3210 1339 3582 1410 ejuscemodi

1929 1445 2199 1502 corpore,
2231 1443 2427 1500 neque
2459 1433 2661 1484 tamen
2679 1427 3090 1498 incorporeus,
3115 1426 3223 1483 sed
3251 1442 3324 1483 ea
3351 1427 3581 1486 ratione

1928 1535 2115 1592 quam
2143 1518 2274 1590 ipse
2299 1516 2462 1573 novit
2489 1515 2800 1572 divinioris
2838 1514 3108 1587 corporis
3139 1532 3152 1570 :
3181 1517 3398 1585 venite,
3429 1517 3582 1576 ado~

1927 1623 2132 1663 remus
2178 1606 2370 1672 illum,
2428 1604 2737 1660 credentes
2783 1603 2837 1659 ei
2889 1607 2956 1660 ut
3009 1606 3152 1671 Deo,
3205 1604 3586 1676 procidentes

191 1722 378 1773 ματος
433 1699 517 1756 δὲ.
566 1699 641 1762 οἷς
693 1698 831 1754 οἶδεν
881 1702 1038 1762 αὐτὸς
1094 1703 1259 1771 λόγοις
1292 1695 1670 1770 θεοειδεστέρου
1721 1702 1819 1748 σώ-

1932 1702 2173 1769 propter
2209 1710 2284 1749 ea
2311 1709 2448 1766 quas
2484 1692 2888 1764 peccavimus.
2913 1692 3353 1750 Praeveniamus
3379 1696 3585 1754 autem

191 1811 393 1862 ματος,

189 1883 272 1942 ὡς
333 1887 476 1949 Θεῷ,
535 1885 947 1952 προσπίπτοντες
1004 1880 1131 1952 ὑπερ
1187 1875 1252 1928 ὧν
1309 1879 1624 1951 ἡμάρτομεν.
1685 1882 1818 1949 Προ-

191 1971 497 2040 γθοὲσωμεν
568 1964 626 2019 δὲ
701 1973 790 2019 καὶ
850 1965 1322 2039 προκαταλάϐωμεν
1397 1969 1455 2016 τό
1538 1969 1817 2039 πρόσωπον

493 1787 646 1842 δεῦτε
738 1795 1182 1864 προσκυνήσωμεν
1254 1788 1417 1857 αύτῷ,
1492 1789 1819 1846 πιστεύοντες

193 2059 371 2109 αὑτοῦ
433 2056 482 2108 ἐν
537 2056 912 2128 ἐξομολογήσει
965 2061 1057 2108 καὶ
1117 2054 1368 2129 συντριϐῇ
1430 2050 1672 2127 καρδίας·
1736 2055 1818 2104 ἱνα

196 2147 370 2198 αὐτόν
463 2145 651 2198 ἐκεῖνον
725 2145 914 2198 ἐκεῖθεν
1016 2145 1158 2197 ἵλεων
1234 2145 1456 2214 εὕρωμεν
1554 2147 1814 2214 κρίνοντα·

207 2235 266 2286 ἰν
318 2238 421 2309 γὰρ
475 2244 548 2305 τῷ
599 2232 707 2306 ᾅδῃ
762 2235 855 2286 ούκ
913 2234 1055 2286 ἐστιν
1111 2233 1504 2306 ἐξομολόγησις
1561 2229 1647 2285 διό
1704 2237 1813 2305 χρὴ

208 2329 314 2373 νῦν
361 2327 453 2374 καὶ
478 2321 881 2396 προκαταλαϐεῖν
906 2327 995 2374 καὶ
1021 2324 1341 2394 προφθάσαι.

1016 2145 1158 2197 ἵλεων
1234 2145 1456 2218 εὕρωμεν

297 2409 374 2463 ιε’·
430 2411 579 2473 Εἱθύς
632 2407 724 2462 οὖν
777 2414 910 2482 μετὰ
964 2416 1059 2468 τὴν
1123 2407 1351 2474 εἴσοδον,
1405 2416 1495 2462 καὶ
1551 2413 1608 2462 τὸ
1684 2409 1821 2468 τέλος

201 2507 312 2551 τοῦ
341 2505 644 2572 τρισαγίου,
705 2502 734 2557 ἡ
789 2498 893 2550 ἂνω
949 2496 1184 2574 καθέδρα
1228 2500 1365 2571 (18),
1423 2503 1537 2559 ἣτις
1577 2504 1670 2557 τήν
1720 2498 1821 2550 ἀπὸ

193 2596 308 2657 713;
357 2589 434 2647 εἰς
487 2589 706 2662 ούρανον
762 2585 971 2657 ἄνοδον,
1038 2593 1128 2639 καὶ
1187 2594 1282 2646 τήν
1327 2588 1428 2640 ἀπὸ
1481 2597 1572 2648 τῆς
1622 2607 1822 2660 χαμαι-

195 2686 402 2750 prima;
462 2677 730 2737 πολιτείας
780 2685 879 2728 τῶν
934 2673 1225 2746 Ἰουδαίων,
1295 2683 1384 2730 καὶ
1445 2682 1538 2735 τὴν
1600 2676 1654 2729 ἐκ
1729 2684 1821 2729 τοῦ

191 2770 366 2836 νόμου
437 2773 533 2818 καὶ
589 2775 686 2826 τῆς
753 2766 981 2826 Παλαιᾶς
1047 2768 1307 2828 Διαθήκης
1355 2765 1821 2837 συγκαταϐατικώς

194 2854 621 2926 ἐγχωρηθείσης
708 2855 903 2917 αὐτοῖς,
972 2852 1124 2912 δηλοῖ
1202 2854 1510 2926 μετάϐάσιν·

194 2945 378 2994 τεῦθεν
452 2940 614 3001 δῆλον
681 2943 764 2994 ὅτι
827 2945 956 3014 μετά
1006 2947 1099 3001 τὴν
1156 2940 1416 3004 ἀνάδειξιν
1477 2950 1570 2995 τοῦ
1631 2941 1819 3015 βαπτί-

1589 2858 1656 2916 ὡς
1735 2855 1820 2906 ἐν-

200 3050 372 3101 ματος
435 3030 618 3103 ἀρχὴν
675 3030 1044 3103 λαμϐανούσης
1101 3040 1194 3093 τῆς
1255 3034 1394 3092 θείας
1450 3034 1690 3103 χάριτος·
1749 3032 1889 3115 (ch

199 3125 365 3189 μέσον
457 3123 622 3172 ἔνεστι
725 3124 782 3172 τό
882 3120 1147 3192 λεγόμενον
1242 3125 1591 3195 προκείμενον·
1694 3124 1814 3194 ὅπερ

201 3214 372 3270 οὕτως
455 3213 682 3282 εἰρηται.
749 3206 887 3262 διότι
937 3215 1208 3282 πρόκειται
1251 3212 1454 3261 πάντων
1518 3217 1614 3261 τῶν
1683 3229 1817 3281 συμ-

207 3297 370 3348 ξολων
431 3307 525 3356 τῆς
569 3301 684 3359 νέας
748 3301 994 3370 χάριτος·
1069 3301 1199 3369 μετὰ
1253 3300 1354 3372 γὰρ
1414 3305 1567 3349 τοῦτο
1632 3303 1722 3349 καὶ
1784 3300 1812 3354 ἡ

207 3395 308 3437 τῶν
400 3385 706 3438 ἀποστόλων
785 3385 986 3455 κλῆσις,
1077 3391 1166 3437 καὶ
1226 3389 1256 3444 ἡ
1325 3383 1584 3448 ἀνάδειξις
1649 3386 1817 3438 αὐτῶν

211 3472 550 3546 ἀναφαίνεται
608 3471 702 3526 διὰ
757 3483 853 3535 τῆς
908 3483 1006 3526 τῶν
1062 3474 1302 3547 Πράξεὼν
1359 3475 1548 3542 αὐτῶν,
1608 3478 1637 3532 ἤ
1716 3482 1817 3527 τῶν

211 3562 504 3615 ἐπιστολῶν
561 3561 919 3633 ἀναγνώσεως
968 3567 1097 3637 πρὸς
1157 3560 1236 3630 δι,
1298 3569 1388 3615 καὶ
1441 3566 1470 3621 ἠ
1531 3562 1584 3625 ἐξ
1650 3563 1818 3615 αὐτῶν

209 3659 310 3702 τῶν
377 3655 716 3723 γεγραφότων
783 3653 850 3703 τὰ
933 3653 1043 3704 θεῖα
1127 3651 1416 3722 Εύαγγέλια
1496 3653 1679 3722 χάρις.
1759 3650 1815 3704 Ἠ

212 3736 271 3792 τῖε
333 3745 562 3811 σφραγὶς
617 3741 679 3797 ἦν
736 3741 762 3790 6
816 3738 1092 3814 ἀρχιερεύς
1153 3742 1343 3793 ἔσωθεν
1409 3748 1575 3792 ποιεῖν
1644 3741 1817 3793 εἴωθεν

212 3828 259 3879 ἐν
317 3836 392 3897 τῷ
459 3828 589 3879 τέλει
650 3837 740 3880 τοῦ
801 3833 1104 3900 τρίσαγίου,
1165 3829 1232 3889 εἰς
1260 3829 1520 3902 πλήρωμα
1579 3833 1668 3900 μεν
1726 3835 1820 3882 καὶ

210 3919 367 3968 οἱονεὶ
428 3915 802 3988 ἐκσςνράγισμα
857 3926 957 3968 τῶν
1032 3921 1148 3991 περὶ
1217 3925 1450 3991 Χριστοῦ
1513 3923 1820 3992 προειρημέ-

1607 4009 1627 4064 'n
1715 4010 1817 4082 γὰρ

213 4089 310 4145 διὰ
364 4097 566 4166 σαρκὸς
616 4093 778 4145 αὐτοῦ
827 4099 1094 4168 παρουσία
1152 4100 1377 4168 σφραγὶς
1451 4094 1645 4166 ἐγένετο
1701 4095 1819 4148 ἑπι-

210 4190 455 4254 κυροῡσα
507 4185 574 4233 τὰ
629 4182 716 4234 ὑπ’
772 4181 974 4234 ἐκείνων
1025 4188 1449 4258 προηγορευμένα
1496 4187 1563 4246 ὡς
1626 4183 1815 4242 ἀληθῆ·

211 4011 308 4056 νων
347 4013 686 4075 προφητικῶν
768 4014 942 4076 φωνῶν
1031 4007 1509 4080 χαρακτηρίζεται·
1597 4009 1627 4064 ἠ

211 4271 342 4326 αῦτη
409 4267 471 4322 δὲ
530 4275 620 4322 καὶ
681 4270 754 4330 εὶς
829 4269 1005 4346 ἀρχὴν
1084 4280 1184 4324 τῶν
1271 4273 1560 4347 θεοπρεπῶν
1635 4276 1814 4346 ἔργων,

211 4364 300 4410 καὶ
366 4367 467 4420 τῆς
520 4367 614 4410 τού
676 4358 996 4434 ἀνθρωπείου
1080 4365 1256 4430 γένους
1341 4360 1675 4422 ἀναπλάσεως
1735 4367 1816 4415 τέ-

211 4466 419 4499 τακται·
489 4447 617 4498 ἀλλὰ
684 4453 774 4499 καὶ
842 4454 1069 4522 σφραγὶς
1146 4449 1306 4518 ἐστιν,
1377 4450 1620 4524 Εἰρήνης,
1705 4452 1818 4514 ἣτις

213 4539 304 4596 τὰς
333 4542 450 4588 τότε
486 4539 699 4608 μερικὰς
752 4535 926 4610 ἀρχὰς
979 4537 1248 4606 κατέλυσε,
1303 4544 1392 4590 καὶ
1449 4547 1559 4600 τοῖς
1611 4545 1817 4615 μακρὰν

810 4624 1134 4698 ἐϐράϐευσεν.
1223 4629 1334 4678 ὅθεν
1429 4633 1518 4680 καὶ

211 4627 404 4676 ἔθνεσιν
505 4627 714 4697 εἰρήνην

1620 4632 1796 4701 εἰρήνη
1889 4633 2052 4686 πᾶσιν
2143 4629 2279 4699 (19),
2383 4629 2409 4681 ὁ

1927 1792 1985 1842 et
2013 1798 2510 1858 praeoccupemus
2560 1781 2774 1838 faciem
2817 1781 2950 1851 ejus
2996 1780 3060 1836 in
3107 1780 3484 1838 confessione
3527 1786 3585 1844 et

1923 1874 2125 1930 cordis
2173 1871 2546 1936 contritione,
2583 1874 2646 1926 ut
2671 1885 2812 1925 eum
2849 1868 2967 1924 illic
2997 1868 3449 1926 misericordem
3491 1871 3584 1941 ju~

1923 1963 2118 2019 dicem
2159 1959 2647 2033 comperiamus:
2688 1957 2751 2012 in
2796 1956 3029 2012 inferno
3067 1956 3228 2012 enim
3280 1957 3446 2014 nulla
3495 1961 3585 2016 est

1922 2050 2222 2108 confessio
2250 2067 2263 2104 :
2289 2051 2607 2121 propterea
2643 2049 2878 2119 oportet
2894 2059 3058 2102 nunc
3073 2047 3132 2100 et
3156 2059 3582 2121 praeoccupare

1923 2145 1980 2196 et
2005 2138 2352 2212 praevenire.

2002 2410 2089 2464 15.
2122 2406 2329 2464 Statim
2360 2405 2564 2477 itaque
2612 2409 2753 2476 post
2785 2404 3095 2462 introitum
3144 2409 3202 2461 et
3249 2405 3480 2475 trisagii
3517 2404 3585 2460 ﬁ-

1926 2513 2091 2565 nem,
2117 2496 2198 2551 ad
2224 2493 2578 2550 cathedram
2608 2492 3058 2563 conscenditur,
3087 2509 3225 2566 qum
3268 2508 3364 2550 res
3411 2509 3449 2550 a
3473 2495 3583 2550 ter-

1925 2603 1994 2644 ra
2021 2587 2083 2640 in
2105 2584 2322 2640 coelum
2354 2596 2777 2649 conscensum,
2815 2584 2872 2636 et
2898 2581 2979 2638 ab
2998 2581 3210 2638 inﬁma
3233 2581 3584 2638 Judaaorum

1928 2676 2069 2739 vita,
2103 2679 2159 2729 et
2185 2690 2220 2728 a
2245 2673 2376 2741 lege
2403 2687 2476 2728 ac
2500 2675 2699 2728 vetere
2743 2670 2967 2726 foedere
3015 2670 3400 2741 indulgenter
3442 2671 3586 2744 ipsis

1929 2779 2239 2822 concesso,
2261 2759 2561 2831 signiﬁcat
2577 2759 2894 2816 transitum
2915 2777 2928 2815 :
2953 2763 3016 2816 ut
3035 2760 3175 2816 hinc
3189 2760 3296 2816 ﬁat
3317 2759 3586 2831 explora-

1928 2857 2076 2922 tum,
2119 2851 2287 2924 quod
2336 2853 2472 2920 post
2516 2847 2807 2919 baptismi
2835 2847 3294 2918 institutionem,
3347 2849 3585 2906 initium

1927 2941 2084 3012 cepit
2125 2941 2328 2996 divina
2355 2939 2569 3009 gratia.
2603 2939 2781 2993 Porro
2808 2936 2958 2993 illud
2983 2937 3381 3010 interponitur
3419 2935 3588 3008 quod

1926 3030 2140 3086 dicitur
2185 3035 2538 3102 προκείμενον,
2583 3031 2903 3101 propterea
2939 3025 3106 3098 quod
3144 3025 3372 3082 cunctis
3411 3041 3587 3084 novas

1926 3118 2133 3189 gratias
2155 3117 2446 3190 symbolis
2463 3117 2651 3188 praeit.
2677 3114 2953 3172 Posthinc
2973 3113 3137 3170 enim
3174 3113 3588 3186 apostolorum

1925 3223 2169 3281 quoque
2209 3207 2444 3262 vocatio
2475 3212 2534 3262 et
2578 3202 2914 3274 designatio
2943 3201 3306 3272 divulgatur,
3356 3202 3590 3260 actibus

1926 3297 2164 3352 illorum
2191 3301 2370 3367 atque
2396 3294 2663 3367 epistolis
2690 3290 2990 3363 legendis:
3023 3305 3135 3346 nec
3165 3305 3291 3346 non
3316 3291 3591 3362 ipsorum

1926 3401 2030 3457 qui
2059 3383 2264 3439 divina
2291 3382 2614 3452 Evangelia
2656 3381 3028 3452 scripserunt
3065 3378 3277 3449 gratia.
3333 3379 3589 3436 Benedi-

1929 3473 2106 3530 cendi
2131 3488 2273 3528 vero
2303 3477 2474 3528 actus
2507 3487 2614 3527 seu
2635 3468 3045 3540 signaculum,
3070 3467 3240 3540 quod
3268 3467 3589 3540 episcopus

1928 3566 2090 3620 intus
2119 3563 2315 3620 facere
2344 3562 2494 3618 solet
2516 3561 2578 3618 in
2605 3561 2724 3616 ﬁne
2773 3558 3018 3628 trisagii,
3051 3556 3488 3630 plenitudinem
3531 3563 3590 3615 et

1928 3652 2105 3725 quasi
2137 3651 2397 3722 sigillum
2429 3650 2921 3722 propheticorum
2951 3647 3026 3703 de
3059 3646 3290 3704 Christo
3336 3645 3588 3718 praelec-

1928 3747 2128 3798 torum
2159 3740 2481 3796 verborum
2511 3739 2777 3796 denotat.
2807 3740 3079 3809 Namque
3109 3735 3294 3807 hujus
3317 3735 3381 3791 in
3406 3750 3587 3794 carne

1929 3831 2245 3894 adventus,
2280 3827 2543 3900 sigillum
2571 3827 2684 3884 fuit
2704 3826 2873 3899 quod
2899 3824 3330 3898 praedictorum
3361 3823 3439 3879 ab
3459 3823 3576 3880 illis

1925 3921 2238 3975 veritatem
2272 3916 2634 3987 obsignavit.
2671 3919 2864 3986 Atque
2899 3913 3016 3968 hoc
3043 3910 3476 3968 benedictionis
3507 3912 3586 3966 si-

1929 4006 2255 4078 gnaculum
2269 4006 2436 4062 initio
2453 4019 2700 4077 quoque
2715 4001 3059 4058 divinorum
3071 4014 3326 4071 operum
3344 4002 3401 4054 et
3419 4013 3585 4056 crea.

1929 4097 2107 4153 tionis
2136 4094 2400 4152 hominis
2430 4093 2706 4149 adhitum
2755 4090 2884 4147 fuit.
2936 4092 3036 4146 Est
3084 4089 3332 4160 insuper
3383 4087 3586 4159 signa.

1927 4186 2132 4243 culum
2153 4185 2318 4256 pacis
2344 4183 2496 4253 ejus,
2519 4197 2657 4254 quae
2678 4179 2960 4253 partiales
2981 4177 3352 4252 principatus
3372 4176 3587 4235 dissol-

1927 4277 2032 4340 vit,
2064 4272 2416 4344 cunctisque
2441 4271 2568 4328 sive
2597 4269 2889 4342 proximis
2916 4269 3040 4325 sive
3059 4267 3413 4340 longinquis
3437 4282 3584 4338 gen-

1927 4364 2088 4422 tibus
2100 4376 2312 4433 pacem
2331 4360 2598 4416 sancivit.
2616 4357 2879 4431 ldeoque
2899 4377 2912 4414 ε
2933 4360 3092 4414 «Pax
3105 4356 3451 4424 omnibus,»
3464 4355 3583 4428 epi-

1933 4467 2152 4523 scopus
2176 4449 2465 4506 inclamat
2486 4466 2499 4504 :
2527 4449 2788 4504 innucns
2813 4447 3105 4516 videlicet,
3126 4445 3293 4518 quod
3313 4445 3582 4502 Christus

1933 4542 2100 4615 pacis
2132 4541 2324 4604 Pater.
2355 4539 2657 4596 terrestria
2683 4553 2756 4596 ac
2785 4538 3048 4594 cmlestia
3069 4552 3261 4592 unum
3286 4534 3446 4592 fecit.

2511 4627 2789 4702 ἀρχιερεύς
2881 4622 3115 4699 ἓκφωνεῖ,
3209 4624 3576 4696 αἰνιττόμενος,

215 4717 347 4773 ira};
377 4715 405 4764 6
433 4716 664 4786 Χριστὸς
691 4715 717 4764 6
746 4721 840 4774 τῆς
868 4714 1075 4788 εἰρήνης
1107 4719 1288 4787 Πατὴρ
1321 4715 1387 4776 εἰς
1419 4715 1652 4775 ἑνότητα.
1713 4721 1880 4793 ἤγαγε
1903 4727 1992 4776 καὶ
2024 4722 2090 4773 τὰ
2117 4717 2320 4789 ἐπίγεια
2343 4724 2433 4772 καὶ
2465 4721 2530 4771 τὰ
2559 4718 2795 4791 οὐράνιοι.

281 4802 357 4862 ις’.
423 4806 524 4854 Καὶ
580 4806 654 4872 μή
709 4820 790 4862 τις
853 4799 1286 4862 σκανδαλιζίσθω
1352 4803 1552 4856 ἀκούων
1620 4816 1810 4876 ταῦτα,

212 4897 296 4942 καὶ
346 4891 532 4960 λέγων,
576 4897 696 4950 Πῶς
741 4894 809 4942 τὰ
865 4894 991 4963 μετά
1057 4896 1146 4948 τὴν
1204 4891 1494 4944 ἀνάστασιν
1569 4900 1816 4966 γεγονότα

211 4983 346 5054 παρὰ
393 4988 494 5031 τῶν
551 4979 880 5049 ἀποστόλων,
933 4988 1101 5032 ταῦτα
1161 4985 1226 5033 σὺ
1275 4980 1324 5032 ἐν
1378 4981 1521 5055 ἀρχῇ
1568 4993 1664 5036 τῶν
1711 4989 1812 5059 πρὸ

275 5125 316 5157 ¹⁷
355 5125 531 5179 Joan.
559 5141 595 5190 ι,
635 5123 732 5187 38,
762 5127 849 5178 39.

275 5303 385 5368 (f8)
447 5297 908 5372 Cathedraboc
953 5298 1086 5355 loco
1144 5299 1306 5372 idem
1358 5300 1590 5356 videtur
1644 5302 1810 5372 quod

216 5371 391 5436 berna,
419 5388 454 5426 a
489 5371 711 5443 Latinis
741 5369 966 5443 dictum
989 5371 1449 5439 presbyterium.
1478 5369 1710 5443 Alioqui
1729 5378 1805 5428 ta-

215 5458 339 5497 men
373 5442 642 5513 pontifex
675 5447 813 5513 post
843 5441 1067 5513 dictum
1097 5443 1434 5513 introitum,
1494 5441 1702 5499 revera
1753 5445 1812 5500 in

215 5510 554 5569 cathedram
579 5510 782 5578 suam,
802 5510 862 5566 id
893 5518 981 5566 est
1009 5512 1238 5577 sedem,
1263 5510 1632 5569 conscendit.

1998 4811 2085 4864 i6.
2120 4807 2236 4862 Nec
2263 4822 2403 4862 vero
2431 4807 2758 4878 quisquam
2783 4805 2914 4860 haec
2937 4802 3191 4860 audiens
3219 4799 3576 4860 scandalum

1923 4898 2205 4969 patiatur,
2231 4895 2510 4968 dicatque
2541 4913 2554 4951 :
2583 4897 2840 4950 Curnam
2860 4908 2999 4964 quas
3024 4891 3102 4946 ab
3125 4889 3420 4962 apostolis
3436 4895 3578 4961 post

1923 4984 2418 5041 resurrectionem
2443 4987 2577 5039 acta
2607 4981 2867 5049 fuerunt,
2894 4981 3024 5037 haec
3052 4978 3220 5036 initio
3266 4982 3405 5036 ante
3433 4993 3574 5052 pas-

1993 5304 2105 5374 (19)
2131 5303 2370 5383 Latinus
2391 5302 2714 5383 episcopus
2745 5301 2888 5358 dicit
2902 5302 3076 5383 :"Paa:
3093 5302 3258 5383 vobis
3277 5320 3290 5367 ;
3312 5302 3566 5383 Graecus,

1923 5369 2184 5446 itemque
2214 5369 2552 5439 Armenius,
2593 5369 2732 5428 Pax
2754 5373 3042 5446 omnibus,
3075 5389 3212 5444 quae
3243 5372 3461 5428 locutio
3490 5369 3572 5428 la-

1922 5445 2038 5518 tius
2077 5450 2268 5518 patet;
2301 5451 2736 5518 quemquamst
2764 5445 3002 5500 Latinus
3033 5451 3088 5500 et
3117 5446 3355 5499 Graecus
3411 5456 3565 5512 non-

1921 5516 2038 5570 nisi
2075 5514 2340 5572 astantes
2356 5514 2568 5571 omnes
2597 5514 2995 5587 alloquantur.
