4106 6222
535 289 644 349 439

1809 280 2171 340 THEODORI
2205 279 2622 338 ANDIDENSIS

535 413 723 472 sionis
745 411 1026 486 symbola
1050 411 1354 469 collocasti
1373 410 1400 465 ?
1416 411 1488 466 At
1507 407 1690 466 velim
1712 407 1888 476 scias,
1905 407 2183 481 quisquis

2297 413 2387 459 τοῦ
2415 407 2617 469 πάθους
2675 405 2945 480 συμϐόλων
2984 409 3262 476 τέθιικας;
3306 407 3438 460 Ἀλλ’
3483 410 3598 462 ’ἴσθι
3647 409 3675 462 ὁ
3733 417 3939 464 ταῦτα

534 505 620 562 ita
643 504 928 576 loqueris,
955 518 1150 575 neque
1168 500 1450 572 aenigma,
1475 513 1670 572 neque
1692 497 2058 571 symbolum,
2083 512 2187 554 ne-

537 608 655 666 que
680 592 1034 664 parabolam
1059 606 1294 646 servare
1315 604 1498 662 posse
1519 587 1948 644 invariabiliter
1976 603 2187 644 eorum

537 698 674 754 quae
727 680 1036 736 imitantur
1065 680 1404 751 paritatem,
1452 693 1648 748 neque
1701 677 1842 732 item
1890 691 2187 748 personae,

534 775 895 840 temporum,
949 767 1176 824 ordinis
1206 767 1421 840 prioris
1449 770 1553 822 aut
1580 766 1945 838 posterioris,
1997 770 2056 821 et
2099 781 2188 822 re-

533 860 841 933 liquorum
868 858 1221 930 hujusmodi
1259 856 1732 928 similitudinem,
1770 856 1997 912 nedum
2026 856 2188 912 idem

536 965 674 1006 cum
720 947 833 1003 illis
864 963 994 1004 esse
1037 962 1253 1020 posse:
1285 961 1494 1002 verum
1541 946 1672 1001 haec
1713 946 1794 1002 ita
1831 946 2187 1016 ﬁgurantur,

535 1042 603 1094 ut
649 1037 975 1107 imaginem
1005 1036 1307 1109 prototypi
1336 1038 1579 1106 gerant:
1611 1034 1712 1090 sed
1744 1039 1898 1090 certe
1949 1033 2190 1106 aequali-

537 1130 722 1184 tatem
780 1126 1002 1182 servari
1049 1125 1428 1197 impossibile
1461 1128 1570 1180 est.
1613 1124 1876 1180 Dicimus
1916 1138 2078 1193 ergo,
2108 1123 2191 1178 le-

536 1217 794 1272 ctionem
851 1213 1324 1288 apostolicorum
1365 1217 1621 1269 Actuum
1670 1217 1728 1268 et
1771 1211 2188 1284 Epistolarum,

540 1305 889 1362 electionem
919 1305 1102 1360 simul
1139 1307 1570 1376 repraesentare
1613 1307 1671 1359 et
1710 1303 1894 1358 ﬁnem
1940 1303 2192 1374 promis-

536 1394 776 1449 sionum
803 1393 1013 1448 Christi
1043 1391 1144 1447 Dei
1161 1391 1349 1446 nostri
1376 1409 1388 1445 :
1421 1390 1582 1446 unde
1611 1390 1794 1459 hujus
1828 1390 2113 1463 potentia,
2137 1393 2194 1446 et

535 1481 798 1538 veritatis
837 1481 1092 1536 ﬁrmitas
1122 1479 1567 1551 comprobatur.
1613 1479 1765 1534 Dixit
1816 1478 1976 1534 enim
2032 1477 2186 1534 illis:

537 1593 566 1622 «
619 1571 818 1626 Venite
870 1572 1008 1641 post
1044 1585 1163 1637 me,
1205 1567 1424 1625 faciam
1471 1583 1580 1623 vos
1622 1567 1952 1639 piscatores
2000 1567 2189 1623 homi-

535 1674 686 1714 num
715 1661 780 1714 ‘3.
816 1680 843 1708 »
877 1660 1086 1728 Specta
1116 1657 1319 1726 igitur,
1365 1655 1678 1729 quomodo
1709 1657 2007 1712 mundum
2061 1655 2189 1712 uni-

2294 495 2449 567 λέγων
2512 499 2580 558 ὡς
2645 500 2761 550 οὔτε
2824 501 3043 571 αἴνιγμα
3101 501 3217 550 οὔτε
3297 497 3552 570 σύμϐολον
3619 503 3737 554 οὔτε
3818 521 3936 554 πα-

2295 583 2485 658 ραϐολὴ
2547 583 2770 638 δύναται
2836 587 3062 659 φυλάξαι
3151 587 3558 658 ἀπαραλλάκτως
3639 598 3744 642 τῶν
3851 591 3929 643 ὧν

2295 681 2532 746 μιμεῖται
2591 677 2794 728 πάντων
2865 681 2958 735 τὴν
3035 675 3300 752 ἐμφέρειαν
3373 676 3504 748 (20)·
3579 677 3688 730 ἀλλ’

2295 769 2578 835 προσώπου
2655 769 2743 816 καὶ
2823 773 3016 840 καιρῶν
3087 771 3178 818 xui
3259 765 3449 828 τάξεως
3519 772 3734 840 πρώτης

3779 676 3932 734 οὖδὶ

3825 775 3929 822 καὶ

2299 848 2539 927 δεύτερας
2587 857 2677 905 xui
2737 861 2836 906 τῶν
2896 854 3014 917 ἑξῆς
3073 859 3167 913 τὴν
3241 857 3512 926 ὁμοίωσιν,
3570 855 3764 928 μᾶλλον
3859 854 3927 910 σέ

2297 945 2390 1000 τὴν
2445 945 2760 1000 ταυτότητά·
2813 942 2951 998 Ἀλλ’
3011 947 3174 1004 οὕτως
3221 943 3640 1016 ἐσχημάτισται,
3689 948 3763 1007 ὡς
3815 950 3926 1004 τὴν

2299 1030 2466 1082 εἰκόνα
2523 1035 2686 1104 φέρειν
2743 1039 2833 1084 τοῦ
2901 1037 3266 1108 πρωτοτύπου·
3345 1036 3402 1086 τὸ
3481 1039 3654 1106 μέντοι
3733 1055 3928 1108 rapa-

2297 1119 2519 1178 πλήσιον
2569 1124 3011 1195 παρατηρηθῆναι
3079 1119 3354 1179 ἀδύνατον.
3425 1127 3660 1197 Εἶπωμεν
3728 1130 3923 1178 τοίνυν

2299 1211 2364 1268 ὡς
2429 1211 2456 1266 ἱ)
2526 1218 2626 1261 τῶν
2685 1210 3042 1264 ἀποστολικων
3106 1213 3345 1285 Πράξεων
3413 1211 3723 1284 ἀνάγνωσις⁹
3817 1220 3920 1267 xui

2298 1305 2398 1348 τῶν
2481 1297 2765 1351 ἐπιστολῶν
2841 1300 3030 1368 αὐτῶν,
3109 1306 3406 1375 παρίστησι
3480 1307 3573 1360 τὴν
3659 1302 3916 1375 ἐκλογὴν,

2299 1389 2388 1437 καὶ
2453 1389 2512 1437 τὸ
2568 1386 2710 1448 τέλος
2785 1397 2880 1440 τῶν
2955 1390 3296 1460 ὑποσχέσεων
3343 1396 3434 1442 τοῦ
3492 1397 3732 1462 Χριστοῦ
3811 1397 3912 1442 καί

2301 1482 2434 1526 Θεοῦ
2486 1477 2649 1548 ἡμῶν·
2683 1476 2736 1539 ἑξ
2792 1474 2858 1528 ὦν
2908 1479 2938 1535 ἡ
2997 1473 3222 1550 δύναμις
3273 1481 3480 1548 τούτου,
3515 1483 3694 1531 καὶτὸ
3751 1477 3914 1532 eame-

2298 1583 2498 1616 πτωτον
2545 1573 2641 1627 τῆς
2697 1565 2938 1627 ἀληθείας
2996 1571 3330 1621 συνίσταται.
3383 1570 3540 1640 ἔφησε
3610 1571 3714 1642 γὰρ
3777 1575 3916 1642 πρὸς

2299 1653 2508 1722 αὐτοὺς,
2569 1675 2597 1704 ‹‹
2669 1661 2820 1707 Δεῦτε
2878 1655 3046 1709 ὀπίσω
3129 1676 3250 1728 μου,
3315 1661 3404 1708 xui
3455 1663 3680 1716 ’ποιήσω
3767 1660 3912 1730 ὑμᾶς

535 1763 780 1804 versum
821 1748 1073 1820 praedati
1099 1752 1236 1802 sunt
1265 1746 1340 1802 de
1386 1746 1609 1817 abysso
1636 1747 1851 1802 erroris
1897 1746 1957 1802 hi
1999 1747 2186 1819 pisca-

2298 1743 2455 1805 ἁλιεῖς
2512 1743 2812 1820 ἀνθρώπων.
2871 1767 2898 1795 n
2959 1745 3096 1819 ’Ὁρα
3145 1751 3314 1798 τοίνυν
3366 1755 3475 1808 πῶς
3531 1752 3730 1819 κόσμον
3791 1748 3913 1800 63m

537 1839 695 1894 tores
729 1841 786 1893 et
839 1836 1129 1892 illiterati:
1163 1840 1344 1907 atque
1382 1835 1461 1891 ab
1503 1839 1637 1891 ortu
1666 1835 1808 1890 solis
1865 1851 2052 1908 usque
2110 1837 2190 1892 ad

538 1941 821 1982 occasum
835 1925 1054 1981 horum
1074 1925 1365 1994 dogmata
1376 1923 1800 1996 praedicantur,
1825 1941 1894 1979 ac
1918 1940 2040 1996 prae
2062 1925 2192 1981 aliis

539 2015 767 2071 cunctis
807 2015 1038 2084 legibus
1069 2019 1126 2070 et
1176 2015 1406 2082 statuis,
1433 2013 1645 2068 horem
1673 2013 1875 2069 valent
1930 2015 2191 2071 traditio-

538 2120 664 2160 nes.
714 2103 1006 2175 Quodque
1057 2103 1331 2158 omnium
1380 2101 1901 2157 mirabilissimum
1950 2108 2057 2171 est,
2106 2105 2192 2159 vis

536 2194 756 2250 horum
843 2191 1139 2248 artiﬁcum
1204 2191 1368 2247 haud
1449 2196 1697 2246 eatenus
1765 2195 1998 2247 tantum
2051 2208 2192 2264 ope-

537 2285 671 2338 rata
705 2285 812 2350 est,
845 2285 1146 2353 quatenus
1173 2281 1212 2335 ii
1245 2279 1531 2349 vixerunt,
1581 2279 1749 2350 quod
1793 2280 2193 2350 piscatoribus

539 2370 764 2425 caeteris
815 2369 1118 2433 usuvenit,
1168 2373 1224 2424 et
1271 2372 1401 2440 post
1450 2371 1706 2424 mortem
1756 2367 2040 2436 evanuit;
2088 2368 2194 2424 sed

536 2459 758 2530 potius,
779 2458 937 2514 facta
960 2458 1164 2529 aliqua
1181 2455 1259 2512 ab
1274 2457 1343 2512 iis
1365 2471 1471 2528 per
1493 2471 1704 2512 omnes
1725 2461 1929 2526 gentes
1942 2457 2189 2520 satione,

531 2550 764 2620 jactum
803 2563 994 2603 manu
1038 2548 1310 2619 ipsorum
1342 2561 1566 2609 semen,
1601 2546 1926 2618 piscatores
1971 2548 2191 2603 multos

537 2637 714 2708 cepit,
760 2641 1094 2706 venatores,
1147 2635 1381 2705 milites,
1439 2639 1818 2701 mercatores,
1872 2636 2189 2706 agricolas,

515 2725 931 2797 ‘multiplicem
951 2725 1205 2780 Domino
1222 2725 1542 2779 etcreatori
1560 2724 1818 2780 fructum
1840 2725 2187 2781 reddentes:

537 2814 620 2870 ita
667 2818 733 2869 ut
765 2814 961 2869 videre
990 2813 1166 2869 liceat
1205 2829 1400 2885 usque
1441 2813 1520 2868 ad
1549 2813 1865 2868 hodierum
1898 2813 2078 2883 diem,
2134 2819 2191 2870 et

535 2919 733 2974 usque
755 2903 832 2959 ad
863 2903 1064 2958 saeculi
1083 2903 1265 2973 hujus
1286 2903 1895 2971 consummationem,
1919 2903 2191 2959 infideles

534 2991 757 3047 multos
785 2991 861 3047 ad
887 2991 1260 3064 baptismum
1291 2990 1663 3056 accedentes,
1696 2991 2066 3062 piscatorum
2089 2991 2192 3047 ho-

2299 1831 2598 1906 ἐξώγρησαν
2678 1832 2732 1885 ἐκ
2809 1833 2977 1907 βυθοῦ
3027 1843 3118 1895 τῆς
3187 1835 3383 1897 πλάνης
3456 1836 3506 1888 οἰ
3574 1835 3736 1898 ἁλιεῖς
3814 1843 3912 1888 καὶ

2299 1921 2654 1996 ἀγράμματον
2712 1927 2800 1975 xui
2857 1923 2910 1985 ἐξ
2961 1920 3214 1976 ανατολῶν
3263 1924 3420 1982 ,ἡλίου
3468 1929 3628 1998 μέχρι
3676 1922 3912 1996 δυσμῶν

2297 2015 2362 2063 τὰ
2446 2015 2634 2064 τούτων
2703 2016 3034 2084 κηρύττεται,
3108 2018 3198 2065 καὶ
3267 2033 3469 2066 παντων
3547 2022 3645 2065 τῶν
3729 2015 3908 2067 illa»:

2297 2105 2463 2172 νόμων
2516 2105 2607 2152 καί
2665 2103 3032 2174 θεσπισμάτων
3091 2104 3283 2154 τούτων
3341 2109 3618 2175 κρατοῦσιν
3647 2106 3702 2154 αἱ
3731 2124 3912 2177 παρα-

2301 2187 2496 2252 δόσεις·
2539 2195 2626 2242 καὶ
2679 2194 2736 2242 τό
2803 2187 2870 2248 δὴ
2935 2193 3137 2243 πάντων
3197 2193 3636 2265 θαυμασιώτερον,
3710 2195 3739 2250 ὴ
3809 2201 3906 2253 τῆς

2297 2283 2489 2350 τέχνης
2539 2282 2732 2331 τούτων
2789 2279 3034 2351 ἐνέργεια,
3091 2279 3185 2331 οὐκ
3243 2279 3298 2352 ἐφ
3357 2280 3368 2298 '
3421 2282 3541 2332 ὅσον
3596 2284 3792 2354 χρόνον
3857 2281 3908 2332 ἐν

2299 2377 2371 2438 τῷ
2430 2366 2532 2439 βίῳ
2585 2364 2844 2440 διέτριϐον
2899 2367 3200 2441 ἐνήργησεν,
3266 2371 3335 2430 ὡς
3389 2375 3479 2421 καὶ
3539 2376 3637 2420 τῶν
3703 2369 3908 2421 λοιπῶν

2300 2457 2500 2520 ἁλιέων,
2567 2459 2678 2508 εἶτα
2733 2459 2860 2528 μετὰ
2921 2459 3137 2509 θάνατον
3195 2460 3522 2533 κατηργήθη·
3583 2456 3712 2510 ἀλλὰ
3773 2459 3909 2530 μᾶλ-

2299 2546 2382 2598 λον
2440 2549 2554 2597 τότε
2602 2548 2811 2619 μερικὸν
2861 2547 3013 2598 οἱονεί
3068 2551 3261 2621 σπόρον
3292 2545 3340 2598 ἐν
3396 2553 3530 2599 πᾶσι
3557 2553 3667 2608 τοίς
3723 2549 3908 2600 ἑθνεσι

2298 2636 2752 2707 κατασπειράντων
2815 2634 3004 2704 αὐτῶν,
3069 2639 3126 2686 τό
3184 2635 3306 2708 παρ’
3375 2634 3573 2688 ἐκείνων
3633 2636 3906 2693 καταϐλη-

2302 2727 2381 2777 θεν
2429 2727 2636 2798 σπέρμα
2687 2722 2904 2784 πολλοῦς
2960 2722 3120 2786 ἁλιεῖς
3169 2723 3438 2797 ἐζώγρησε
3493 2729 3582 2776 καὶ
3641 2726 3906 2798 θηρευτὰς

2298 2817 2388 2864 καὶ
2458 2817 2778 2883 στρατιώτας
2843 2816 2932 2864 καὶ
2996 2814 3249 2887 ἐμτόρους
3314 2818 3402 2865 καὶ
3462 2817 3744 2886 γεωργοὺς,
3810 2834 3905 2866 πο.

2297 2901 2494 2973 λυχουν
2550 2903 2636 2952 τόν
2714 2904 2910 2972 καρπὸν
2970 2909 3042 2972 τῷ
3109 2907 3339 2975 Δεσπότη
3416 2907 3505 2953 καὶ
3585 2899 3903 2975 δημιουργῷ

2298 2995 2698 3064 προσφέροντας·
2764 2993 2832 3050 ὡς
2898 2989 3084 3052 ἐξειναι
3147 2992 3269 3062 όρᾴν
3345 2992 3433 3051 ἕως
3497 2995 3585 3042 καὶ
3670 2995 3901 3065 σήμερον

532 3097 669 3136 rum
696 3095 920 3150 sagena
941 3085 1170 3151 captos.
1197 3085 1388 3152 Atque
1415 3079 1542 3134 haec
1567 3079 1811 3151 quidem
1836 3080 1910 3135 de
1935 3085 2186 3136 Actuum

2297 3085 2388 3132 xui
2430 3083 2592 3151 μέχρι
2639 3087 2734 3140 τῆς
2777 3078 3068 3140 συντελείας
3123 3086 3216 3130 τοῦ
3297 3079 3479 3140 αἰῶνος
3536 3081 3719 3132 τούτου
3771 3081 3903 3132 πολ-

533 3169 944 3241 apostolorum
962 3175 1142 3241 atque
1155 3168 1550 3241 Epistolarum
1571 3168 1821 3224 lectione
1845 3169 1968 3224 dita
1990 3174 2186 3226 sunto.

2297 3169 2418 3228 λοὺς
2479 3177 2576 3220 τῶν
2645 3167 2872 3219 ἀπίστων
2937 3176 3011 3237 τῷ
3091 3169 3204 3238 θείῳ
3270 3173 3725 3242 προσερχομένους
3803 3168 3903 3240 βα-

531 3263 812 3330 πτίσματι,
845 3267 907 3330 τῇ
945 3263 1147 3330 σαγήνη
1180 3267 1279 3310 τῶν
1327 3258 1507 3310 ἁλιέων
1537 3261 1724 3310 τούτων
1777 3257 2168 3332 ἁγρευομένους.
2203 3263 2304 3312 Καὶ
2357 3266 2524 3310 ταῦτα
2571 3260 2658 3328 μὲν
2712 3261 2829 3326 περὶ
2879 3263 2971 3318 τῆς
3005 3255 3337 3327 ἀναγνώσεως
3385 3265 3484 3308 τῶν
3535 3256 3898 3309 ἁποστολικῶν

530 3347 772 3422 Πράξεῶν
802 3352 892 3400 καὶ
917 3357 1017 3399 τῶν
1047 3351 1190 3400 θείων
1217 3350 1412 3400 τούτων
1441 3346 1725 3399 ἐπιστολῶν
1753 3344 2077 3402 ἐπιὸίὸοται.

601 3438 686 3492 17.
719 3437 854 3492 Jam
882 3436 1318 3492 venerabilium
1350 3452 1418 3490 ac
1466 3436 1802 3490 divinorum
1839 3435 2186 3505 Evangelio-

527 3539 665 3581 rum
697 3525 853 3582 elata
881 3542 1026 3582 voce
1052 3526 1246 3592 lectio,
1277 3525 1468 3596 ipsius
1499 3525 1711 3580 Christi
1740 3524 1835 3579 Dei
1872 3525 2054 3579 nostri
2085 3525 2188 3581 de-

528 3619 830 3671 monstrat
854 3629 1182 3678 sermones,
1209 3612 1518 3680 mandata,
1543 3612 1699 3680 leges
1727 3613 1888 3682 ipsas
1918 3629 2070 3683 quas
2088 3629 2190 3669 no-

528 3702 622 3759 bis
651 3704 802 3768 tulit,
825 3704 1193 3774 passionem.
1232 3700 1625 3771 sepulturam,
1670 3702 2186 3771 resurrectionem,

531 3793 1036 3866 assumptionem.
1074 3789 1225 3845 Nam
1255 3788 1684 3844 miraculorum
1721 3789 1914 3844 levem
1963 3791 2186 3862 oppido

533 3883 902 3938 mentionem
917 3877 1302 3946 evangelistae
1319 3877 1605 3942 fecerunt,
1622 3891 1744 3932 uno
1761 3882 1990 3932 tantum
2007 3879 2186 3934 verbo

529 3968 1034 4027 innumerabilem
1056 3966 1470 4040 prodigiorum
1494 3965 1936 4022 multitudinem
1967 3968 2189 4036 signiti-

533 4064 754 4116 cantes.
793 4057 940 4120 Quia
980 4073 1121 4112 vero
1152 4072 1335 4128 quem
1365 4055 1777 4123 dccantamus,
1823 4059 1977 4111 Deus
2009 4057 2187 4114 simul

531 4149 839 4218 homoque
860 4149 948 4201 est
968 4146 1176 4201 mistos
1207 4145 1428 4217 pariter
1446 4145 1706 4217 hymnos
1738 4145 1788 4201 ei
1829 4159 2186 4218 composue-

530 4240 671 4292 runt
725 4234 887 4290 beati
933 4238 1145 4291 Patres.
1183 4237 1245 4290 Et
1289 4233 1441 4291 sicut
1481 4234 1710 4303 trisagii
1762 4235 2050 4307 hymnus,
2108 4235 2189 4292 ita

533 4324 712 4381 etiam
735 4322 1004 4392 Alleluia,
1023 4323 1294 4393 angelica
1314 4329 1400 4379 est
1417 4324 1782 4396 hymnodia;
1809 4329 1872 4379 ut
1894 4324 2188 4381 Christum

534 4416 725 4470 Deum
772 4428 900 4469 esse
932 4429 999 4469 ex
1040 4413 1344 4483 angelicis,
1379 4413 1687 4469 hominem
1737 4414 1877 4468 item
1917 4429 2068 4482 esse,
2116 4431 2187 4470 ex

532 4502 750 4559 nostris
806 4502 1050 4574 hymnis
1097 4501 1302 4573 palam
1340 4501 1467 4558 ﬁat.
1518 4501 1909 4557 Thuribolum
1963 4508 2185 4571 autem,

531 4591 697 4665 quod
709 4591 854 4647 dum
875 4591 1110 4647 canitur
1131 4589 1400 4655 Alleluia,
1424 4606 1564 4646 cum
1586 4590 1982 4662 thymiamate
2006 4590 2190 4659 agita-

531 4686 644 4749 tur,
691 4681 947 4753 gratiam
981 4679 1229 4752 Spiritus
1260 4679 1448 4736 sancti
1479 4678 1724 4734 denotat
1774 4679 1980 4734 datam
2012 4679 2186 4735 disci-

532 4771 714 4846 pulis,
743 4771 990 4846 quando
1021 4787 1125 4827 eos
1157 4770 1315 4825 misit
1351 4768 1427 4825 ad
1479 4783 1722 4824 omnem
1755 4767 2036 4823 morbum
2067 4769 2190 4825 lan-

533 4876 905 4934 guoremque
929 4859 1272 4916 sanandum
1290 4859 1350 4913 in
1381 4857 1580 4913 Israel.
1605 4861 1748 4912 Tum
1773 4861 1905 4929 post
1927 4873 2188 4926 evange—

529 4950 748 5007 liorum
768 4951 1083 5007 lectionem
1106 4965 1309 5021 preces
1331 4952 1386 5004 et
1421 4947 1874 5020 postulationes,
1898 4963 2091 5020 usque
2115 4949 2188 5003 ad

534 5037 922 5094 cherubicum
1009 5039 1328 5110 hymnum,
1408 5035 1694 5093 triennale
1768 5035 2186 5105 magisterium

534 5126 742 5182 Christi
781 5127 882 5182 Dei
912 5128 1100 5182 nostri
1143 5128 1418 5192 innuunt,
1454 5131 1510 5182 et
1555 5129 1906 5198 paratorum
1960 5124 2038 5181 ad
2087 5126 2188 5181 ba-

531 5215 754 5287 ptisma
807 5215 1164 5271 catechcsim
1192 5234 1204 5284 ;
1237 5217 1382 5288 quia
1429 5216 1540 5271 hos
1567 5213 1837 5271 videlicet
1896 5215 2183 5287 praedica-

609 5357 652 5390 ¹⁸
685 5355 885 5412 Matth.
919 5372 998 5427 1v,
1039 5358 1124 5414 19.

605 5534 718 5606 (20)
774 5536 934 5606 Hanc
983 5532 1591 5606 regulam___criticam
1652 5532 2176 5606 intelligendarum

529 5603 1107 5679 parabolarumjam
1138 5603 1464 5663 tradiderat
1487 5605 1546 5660 S.
1582 5603 1864 5676 Cyrillus’
1888 5605 1950 5660 in
2005 5603 2176 5661 Com"-

2375 3436 2450 3497 ις’·
2481 3433 2541 3486 Ἠ
2574 3430 2632 3486 δε
2683 3442 2782 3485 τῶν
2836 3442 3034 3486 σεπτών
3091 3439 3175 3486 xui
3242 3435 3386 3486 θείων
3439 3433 3761 3505 Εὐαγγελίων
3816 3433 3902 3486 ἐκ-

2300 3530 2547 3596 φώνησις,
2604 3523 2761 3575 αὐτοῦ
2791 3529 2886 3574 τοῦ
2935 3530 3172 3596 Χριστοῦ
3229 3528 3318 3575 καὶ
3363 3530 3495 3576 Θεοῦ
3544 3526 3688 3595 ἡμῶν
3746 3520 3904 3581 δηλοῖ

2298 3617 2420 3674 τοῦς
2479 3613 2682 3683 λόγους,
2735 3614 2824 3672 τὰς
2881 3610 3096 3677 ἐντολὰς,
3149 3616 3264 3672 τοὺς
3311 3617 3498 3684 νόμους
3546 3613 3756 3682 αὐτοὺς,
3810 3613 3904 3674 οὓς

2301 3705 2424 3773 ἡμῖν
2483 3704 2646 3769 ἔθετο,
2701 3703 2766 3752 τὰ
2818 3703 2983 3766 πάθη,
3043 3706 3136 3758 τὴν
3194 3707 3378 3774 ταφὴν,
3430 3706 3524 3759 τὴν
3583 3700 3899 3769 ἀνάστασιν,

2297 3796 2386 3842 καὶ
2431 3796 2522 3848 την
2579 3789 2852 3860 ἀνάληψιν·
2907 3798 3006 3841 τῶν
3059 3793 3160 3863 γὰρ
3215 3792 3489 3862 θαυμάτων
3532 3793 3579 3842 οι
3633 3789 3901 3861 εὐαγγελι-

2300 3885 2422 3932 σταὶ
2473 3879 2645 3949 ὀλίγον
2709 3882 3019 3936 ἐποιήσαντο
3084 3878 3254 3950 λόγον,
3322 3879 3394 3931 ἐνι
3457 3881 3654 3953 ῥήματι
3723 3879 3899 3938 πλήθη

2297 3967 2484 4043 ἄπειρα
2543 3969 2818 4039 θαυμάτων
2873 3963 3365 4040 παραδηλώσαντες.
3425 3967 3565 4020 Ἐπεὶ
3618 3964 3678 4019 δὲ
3727 3971 3754 4018 ὁ
3805 3969 3902 4039 ὑμ-

2296 4061 2536 4129 νούμενος
2588 4060 2720 4116 Θεὸς
2765 4053 2878 4107 ἐστι
2942 4061 3032 4106 καὶ
3080 4057 3350 4130 ἄνθρωπος
3401 4055 3530 4127 ἅμα,
3590 4075 3904 4130 συνκεκερα-

2301 4151 2512 4218 σμένους
2564 4150 2652 4196 καὶ
2705 4147 2825 4205 τοὺς
2882 4145 3074 4216 ὕμνους
3130 4144 3270 4215 αὐτῷ
3303 4142 3689 4216 ὃιατετάχασιν
3720 4148 3770 4197 οἱ
3807 4167 3905 4218 μα-

2295 4237 2472 4309 κάριοι
2513 4237 2752 4306 Πατέρες·
2798 4238 2887 4284 xui
2940 4233 3113 4308 ὣσπερ
3163 4235 3188 4285 ὁ
3246 4236 3518 4306 τρισάγιος
3547 4234 3722 4307 ὕμνος,
3767 4237 3902 4287 οὕτω

2299 4321 2365 4384 δὴ
2390 4329 2476 4376 xui
2507 4329 2564 4376 τό
2597 4322 2904 4380 ’Λλληλούία
2944 4323 3188 4394 ἀγγελική
3241 4323 3380 4376 ἐστιν
3425 4321 3688 4396 ὑμνῳδία,
3719 4326 3782 4375 ἶν’
3819 4324 3900 4376 ὁτι

2295 4417 2384 4486 μὲν
2435 4415 2544 4465 ἐστι
2595 4417 2725 4474 Θεὸς
2778 4411 2833 4463 ἐκ
2895 4420 2992 4464 τῶν
3057 4411 3341 4482 ἁγγελικών
3396 4413 3564 4485 ὕμνων
3629 4419 3894 4486 γνώριμον

2294 4508 2524 4574 γίνηται⁹
2559 4505 2638 4554 ὅτι
2680 4498 2737 4553 δὲ
2794 4499 3058 4573 ἅνθρωπος
3102 4499 3156 4552 ἐκ
3205 4509 3304 4552 τῶν
3355 4503 3477 4574 παρ’
3533 4503 3700 4572 ἡμῶν·
3754 4501 3782 4552 ὁ
3842 4497 3903 4553 δί

2297 4594 2545 4664 θυμιατός
2571 4593 2596 4643 ὁ
2627 4589 2675 4642 ἐν
2724 4599 2794 4660 τῷ
2826 4598 2990 4664 καιρώ
3051 4597 3142 4641 τοῦ
3197 4589 3504 4647 Ἀλληλουῐα
3550 4591 3682 4661 μετά
3716 4591 3902 4674 θυμιά-

2294 4700 2458 4753 ματος
2515 4682 2804 4751 κινούμενος
2859 4683 2948 4736 τὴν
3006 4680 3168 4752 χάριν
3222 4685 3314 4730 τοῦ
3383 4677 3532 4749 ἁγίου
3599 4680 3900 4749 Ιῐνευματος

2297 4767 2468 4834 δηλοῖ,
2521 4775 2612 4827 τὴν
2671 4764 2954 4839 δεδομένην
3014 4774 3121 4830 τοῖς
3179 4769 3462 4839 μαθηταῖς,
3531 4769 3613 4819 ὅτε
3681 4769 3899 4828 τούτους

2297 4857 2581 4924 ἀπέστειλε,
2641 4866 2732 4910 τοῦ
2788 4859 3043 4910 ἰάσασθαι
3113 4863 3288 4909 πᾶσαν
3343 4863 3495 4910 νόσον
3551 4860 3641 4908 καὶ
3723 4862 3900 4908 πᾶσαν

2295 4947 2552 5020 μαλακίαν
2601 4947 2650 4999 ἐν
2699 4955 2769 5017 τῷ
2823 4945 3063 5019 Ἰσραήλ·
3105 4949 3159 4997 αἰ
3211 4943 3268 4998 δὲ
3298 4950 3425 5019 μετά
3475 4951 3568 5004 τὴν
3615 4953 3719 5000 τῶν
3753 4947 3900 4997 θείων

2295 5035 2614 5107 Εὗαγγελίων
2673 5034 2961 5106 ἀνάγνωσιν
3028 5034 3187 5105 εὐχαί
3243 5053 3298 5086 τε
3352 5039 3438 5086 xui
3485 5034 3721 5094 αἰτήσεις
3764 5033 3901 5108 ἆχρι

2295 5133 2386 5178 τοῦ
2417 5124 2731 5199 χερουϐικοῦ
2778 5126 2938 5196 ὕμνου
2996 5127 3089 5181 τὴν
3137 5121 3221 5174 ἐπὶ
3271 5129 3415 5196 τρισὶ⁸
3471 5129 3689 5196 χρόνοις
3739 5119 3899 5174 dieiu-

2297 5213 2506 5266 σκολίαν
2537 5215 2917 5286 υπεμφαίνουσι
2965 5219 3056 5282 τοῦ
3103 5219 3339 5284 Χριστοῦ
3386 5217 3474 5264 καὶ
3535 5219 3668 5264 Θεοῦ
3729 5213 3893 5284 ἡμῶν,

2285 5533 2584 5675 gregario
2619 5531 2699 5594 ad
2729 5535 2948 5611 Lucam
2981 5547 3116 5604 cap.
3175 5547 3292 5602 xvi,
3363 5531 3530 5605 apud
3579 5546 3692 5606 nos
3742 5535 3783 5612 ι,
3845 5535 3894 5608 μ
