4106 6222
148 288 293 346 441
1440 292 1825 355 COMMENTA'

1937 345 1939 352 .
1972 298 2363 360 LITURGICA.
3479 308 3585 367 442

151 418 274 469 καὶ
320 420 457 470 τῶν
475 417 604 492 πρὸς
638 417 700 474 τὸ
727 416 1012 491 βὴπτισμα
1039 415 1446 496 ιῦτριπισμένων
1469 425 1777 495 κατήχησιν
1802 438 1816 455 ’

1937 422 2102 483 tionis
2152 424 2264 493 vis,
2304 428 2364 484 et
2402 425 2766 486 miraculum
2819 429 3092 503 operatio
3125 428 3389 489 attraxit.
3419 432 3584 487 Tunc

154 500 254 575 ἐφ’
306 506 364 577 ᾧ
396 509 628 570 τοῦτὸυς
653 508 685 565 ἠ
726 514 827 561 τῶν
854 505 1020 580 λόγων
1051 504 1295 583 δύναμις,
1327 512 1414 562 καὶ
1433 510 1464 569 ἡ
1491 516 1591 563 τῶν
1631 512 1830 586 θαυμα-

153 610 289 647 raw
338 592 594 672 ἐνέργεια
634 594 1007 668 συνεφείλκετο.
1033 600 1161 652 Τότε
1198 594 1268 657 δὴ
1300 602 1391 652 καὶ
1419 601 1469 653 οὶ
1497 603 1830 676 κατηχούμες

154 700 287 753 vos,
340 690 456 738 καὶ
480 690 642 759 μήπω
666 685 1068 750 καταξιωθιντες
1096 693 1196 740 τῶν
1233 694 1327 742 τοῦ
1357 695 1595 763 Χριστοῦ
1619 709 1828 764 μυστη-

156 774 353 847 ρίων,
421 773 522 839 ἔξω
558 776 925 848 μεθίστανται.
966 777 1031 830 Αἱ
1069 772 1129 831 δε
1186 775 1237 829 ίν
1292 785 1365 850 τῷ
1401 777 1596 851 μεταξὺ
1633 783 1830 835 τούτων

156 866 489 936 γινόμεναι
527 863 687 937 εὐχαὶ
714 866 843 940 ὕπερ
882 863 1051 921 αὐτῶν
1090 884 1146 919 τε
1166 870 1402 939 γίνονται
1423 876 1523 921 τῶν
1560 886 1831 943 κατηχου-

162 953 406 1024 μένων,
438 956 661 1006 καὶτῶν
697 961 921 1020 πιστῶν,
951 958 1043 1009 καὶ
1072 954 1233 1009 αὐτοῦ
1266 952 1326 1010 δὲ
1358 963 1454 1009 τοῦ
1491 955 1779 1034 ἀρχιερέως
1811 979 1825 993 ⁵

165 1039 507 1104 ἐννοοῦντες
532 1045 633 1118 γὰρ
663 1044 713 1096 οἱ
754 1045 1022 1098 θεσπίσιοι
1064 1048 1311 1120 Πατέρες,
1350 1046 1533 1099 ὁποίαν
1559 1043 1688 1100 εἶναι
1713 1052 1824 1123 χρὴ

166 1133 285 1188 τήν
319 1129 536 1204 ψυχὴν
558 1136 651 1185 καὶ
675 1137 774 1191 τὴν
808 1141 972 1209 χεῖρα
1006 1141 1100 1187 τοῦ
1136 1133 1406 1206 μέλλοντος
1441 1135 1701 1189 ἅπτεσθαι
1735 1144 1827 1190 τοῦ

168 1222 600 1297 ποιναχράντου
623 1226 865 1295 σώματος
889 1228 1125 1295 Χριστοῦ
1148 1229 1241 1276 τοῦ
1271 1230 1403 1277 Θεοῦ
1428 1226 1596 1298 ἡμῶν,
1627 1226 1710 1278 ὅτι
1737 1244 1830 1278 κα-

176 1307 523 1383 Θαρωτέραν
550 1316 653 1361 τῶν
681 1308 910 1368 ἡλιακῶν
940 1308 1160 1364 ἀκτίνων
1189 1314 1382 1372 ταύτην
1409 1308 1494 1366 δεῖ
1519 1315 1825 1386 τυγχάνειν,

174 1398 296 1458 τὰς
355 1398 493 1471 ὑπὲρ
524 1406 617 1460 τῆς
661 1403 1061 1473 συγχωρήσεως
1096 1403 1291 1454 τούτων
1329 1401 1491 1475 εὐχὰς
1519 1398 1613 1456 διὰ
1649 1401 1827 1476 φιλαν-

184 1486 459 1559 θρωπίαν
484 1494 621 1541 Θεοῦ
656 1486 909 1561 ἐσομένης
936 1487 1184 1552 ἐξέθεντο.

272 1575 381 1634 ιη’.
441 1575 501 1629 Ἠ
564 1573 626 1630 δι
676 1584 777 1629 τῶν
835 1576 995 1650 ἁγίων
1054 1579 1352 1651 μετάθεσις,
1416 1585 1507 1632 τοῦ
1560 1584 1825 1655 σώματος,

190 1667 379 1736 φημὶ,
408 1670 505 1716 τοῦ
543 1668 863 1719 Δεσποτικοῦ
900 1670 991 1719 καὶ
1040 1673 1135 1720 τοῦ
1171 1669 1389 1740 αἳματος
1430 1663 1533 1720 ἀπὸ
1571 1676 1669 1729 τῆς
1702 1688 1828 1744 προ-

1934 530 2080 573 vero
2099 515 2811 585 catechumeni,nondum
2836 518 3049 577 Christi
3065 522 3586 579 sacramentorum

1937 603 2123 678 digni,
2156 609 2323 663 extra
2344 605 2677 663 mittuntur.
2703 608 2846 675 Quae
2873 612 3079 667 autem
3122 610 3240 667 hoc
3272 609 3585 667 intervallo

1935 694 2272 755 funduntur
2298 712 2525 770 preces,
2539 699 2670 754 tum
2686 697 2963 771 ipsorum
2989 700 3584 772 catechumenorum,

1935 801 2048 843 nec
2075 801 2201 844 non
2222 789 2281 843 et
2298 784 2589 854 ﬁdelium,
2606 790 2785 862 atque
2814 788 3005 862 ipsius
3025 789 3285 863 denique
3315 789 3586 862 episcopi

1938 890 2124 934 causa
2144 875 2316 933 ﬁunt.
2349 876 2687 948 Cogitantes
2716 877 2880 935 enim
2917 878 3043 936 divi
3070 881 3292 949 Patres,
3339 878 3587 953 qualem

1937 979 2067 1021 esse
2100 968 2374 1038 oporteat
2401 964 2669 1022 animam
2696 965 2960 1041 itemque
2998 983 3249 1025 manum
3280 966 3440 1023 illius
3479 967 3584 1039 qui

1935 1052 2393 1110 immaculatum
2421 1057 2830 1111 contrecturus
2873 1058 2963 1112 est
3007 1055 3218 1113 Christi
3248 1055 3352 1112 Dei
3396 1056 3584 1113 nostri

1936 1156 2175 1213 corpus,
2208 1156 2427 1214 nempe
2454 1146 2730 1214 oportere
2776 1142 3071 1201 solaribus
3107 1143 3293 1202 radiis
3321 1159 3450 1201 esse
3475 1158 3585 1217 pu-

1934 1229 2177 1299 riorem,
2229 1229 2366 1286 ideo
2412 1245 2622 1303 preces
2667 1246 2780 1305 pro
2816 1232 3198 1306 impetranda
3253 1232 3349 1290 his
3378 1234 3575 1305 venia,

1936 1334 2125 1394 quam
2154 1335 2192 1377 a
2218 1319 2321 1377 Dei
2344 1319 2660 1379 clementia
2679 1325 3052 1396 exspectant,
3073 1322 3472 1381 instituerunt.

2006 1588 2096 1645 48.
2119 1588 2243 1658 Age
2270 1600 2415 1644 vero
2440 1589 2785 1644 sanctarum
2812 1603 3015 1646 rerum
3046 1605 3083 1647 a
3110 1589 3378 1663 prothesi
3400 1592 3588 1647 trans-

1933 1675 2099 1745 latio,
2131 1675 2420 1749 corporis,
2447 1676 2719 1750 inquam,
2747 1677 3041 1734 Dominici
3069 1682 3128 1735 et
3151 1677 3487 1750 sanguinis,
3528 1681 3588 1735 et

194 1753 409 1841 θέσεως
448 1753 586 1825 (2|),
618 1758 709 1807 καὶ
744 1756 777 1813 ἡ
807 1756 1002 1808 τούτων
1023 1758 1155 1829 πρὸς
1191 1758 1250 1809 τὸ
1291 1756 1669 1831 θυσιαστήριον
1695 1760 1825 1811 εἵσο-

1937 1766 2155 1823 horum
2178 1765 2258 1822 ad
2278 1765 2463 1824 altare
2490 1765 2766 1824 introitus
2784 1772 3103 1825 resonante
3126 1769 3360 1841 hymno
3377 1768 3584 1825 cheru-

200 1835 245 1892 δ
246 1859 317 1902 ος
345 1843 485 1894 κατὰ
508 1844 570 1894 τό
600 1841 938 1918 χερουϐικόν,
962 1848 1056 1902 τὴν
1086 1841 1189 1897 ἀπὸ
1222 1846 1472 1906 Βηθανίας
1499 1845 1831 1921 πρόςἹερου-

203 1928 404 2003 σαλήμ
426 1925 585 1988 δηλοῖ
611 1937 707 1984 τοῦ
738 1935 932 2006 Κυρίου
964 1932 1269 1986 εἰσίλευσινο
1302 1941 1592 1993 τηνικαῦτα
1613 1937 1715 2011 γὰρ
1739 1940 1829 1990 καὶ

202 2018 239 2069 ὁ
272 2017 527 2080 πλεῖστος
563 2019 729 2092 ὄχλος
766 2026 857 2074 καὶ
886 2022 935 2073 οἱ
972 2028 1073 2074 τῶν
1111 2019 1361 2096 Ἐϐραίων
1397 2019 1585 2086 παῖδες
1622 2026 1693 2087 ὡς
1731 2022 1827 2098 βα-

209 2105 361 2160 σιλεί
410 2111 500 2161 καὶ
562 2104 752 2182 νιιίητῇ
811 2117 905 2163 τοῦ
968 2111 1189 2164 θανάτου
1244 2113 1332 2164 τὸν
1383 2112 1540 2186 ὕμνον
1591 2111 1827 2187 ἀνέφερον

211 2195 496 2260 αἰσθητῶς
530 2219 545 2232 ·
600 2206 796 2261 νοητῶς
853 2196 915 2253 δὲ
964 2198 1178 2272 ἄγγελοι
1240 2204 1372 2274 μετά
1425 2209 1527 2256 τῶν
1565 2201 1827 2277 χερουϐἱμ

218 2288 319 2338 τὸν
378 2290 655 2361 τρισάγιον
715 2286 1044 2343 ἀπεδίδοσαν
1107 2290 1265 2364 ὕμνον
1296 2311 1310 2325 ο
1351 2296 1442 2345 καὶ
1478 2294 1546 2345 τὰ
1584 2300 1829 2368 σκῆπτρα

225 2379 323 2428 καὶ
382 2378 475 2438 τὰς
525 2379 775 2451 ῥομφαίας
831 2379 969 2451 (22),
1010 2378 1073 2441 ἃς
1137 2383 1196 2433 τὸ
1254 2379 1473 2450 παλαιον
1525 2384 1719 2457 ἔφερον,
1758 2384 1829 2446 ὡς

233 2464 480 2538 σύμϐολα
516 2465 777 2540 βασιλείας
822 2466 1154 2543 ἐπιφέρουσιν
1207 2470 1257 2525 οἱ
1317 2466 1552 2523 διάκονοι
1580 2486 1594 2501 ·
1634 2475 1725 2524 καὶ
1760 2473 1831 2525 τὰ

216 2550 464 2628 ῥιπίδια,
489 2554 524 2607 ἃ
556 2560 642 2610 καὶ
676 2553 890 2632 ῥιπίδες
925 2559 1233 2631 γράφονται,
1273 2558 1345 2622 εἰς
1381 2562 1544 2613 τύπον
1582 2559 1687 2613 εἰσὶ
1727 2568 1826 2613 τῶν

211 2642 505 2717 χερουϐίμ.
570 2645 683 2717 (23)
731 2645 792 2699 Ὀ
859 2643 919 2700 δὲ
982 2643 1232 2721 ᾇδόμενος
1294 2647 1610 2724 χερουϐικὸς
1674 2649 1828 2722 ὕμνος

211 2738 566 2806 προτρέπεται
620 2737 813 2797 πάντας
865 2738 1090 2790 ἐντεῦθεν
1153 2740 1244 2790 καὶ
1300 2741 1464 2811 μέχρι
1520 2744 1613 2790 τοῦ
1652 2738 1827 2801 τέλους

210 2828 278 2880 τῆ
290 2843 315 2885 ς
393 2825 695 2898 ἱερουργίας
765 2830 1238 2900 προσεκτικωτερον
1323 2828 1464 2898 ἔχειν
1550 2829 1639 2879 τὸν
1709 2834 1827 2880 νοῦν

210 2915 396 2963 πᾶσαν
465 2909 727 2984 βωτικήν
776 2916 1026 2988 μέριμναν
1092 2914 1318 2967 κάτωθεν
1385 2911 1707 2986 ἀφιεμένους,
1764 2917 1831 2977 ὡς

211 2997 449 3073 βασιλέα
485 3006 651 3074 μέγαν
688 3001 963 3075 μέλλοντας
990 3000 1249 3076 δέχεσθαι
1278 3000 1373 3056 διὰ
1404 3011 1500 3066 τῆς
1536 3008 1826 3068 κοινωνίας.

1936 1855 2096 1925 bico,
2117 1854 2345 1913 indicat
2372 1855 2607 1912 Domini
2628 1870 2702 1912 ex
2730 1856 3020 1914 Bethania
3058 1857 3139 1915 ad
3167 1857 3384 1914 urbem
3412 1857 3585 1914 Jeru-

1938 1945 2125 2003 salem
2161 1958 2537 2017 processum.
2567 1946 2730 2000 Tunc
2759 1944 2921 2000 enim
2941 1948 2999 2001 et
3020 1945 3198 2002 turba
3216 1945 3497 2018 plurima,
3529 1948 3587 2002 et

1938 2032 2323 2090 Hebraeorum
2351 2032 2844 2106 pueri,tanquam
2863 2033 2991 2104 regi
3006 2032 3336 2106 mortisque
3354 2033 3581 2103 victori,

1935 2121 2236 2197 hymnum
2255 2137 2402 2179 voce
2430 2120 2696 2179 sensibili
2711 2123 3056 2179 cecinerunt
3078 2140 3090 2191 ;
3113 2121 3585 2179 intellectualiter

1937 2215 2138 2270 autem
2170 2210 2369 2283 angeli
2424 2227 2564 2269 cum
2612 2210 2955 2268 cherubinis
3003 2211 3229 2283 trisagii
3282 2212 3585 2285 hymnum

1936 2299 2307 2357 dixerunt.Et
2326 2303 2561 2373 sceptra
2584 2299 2962 2373 gladiosque,
2983 2314 3247 2373 quorum
3272 2298 3416 2356 olim
3436 2314 3583 2355 usus

1937 2392 2064 2447 erat
2088 2391 2381 2462 tanquam
2404 2388 2576 2460 regni
2603 2387 2879 2461 symbols
2897 2391 3136 2459 gestant
3159 2387 3421 2444 diaconi.
3436 2389 3585 2444 Tum

1936 2482 1994 2537 et
2014 2478 2372 2548 ventilabra,
2401 2478 2665 2549 ﬁguram
2693 2477 3164 2534 cherubinorum
3201 2477 3436 2550 gerunt.
3475 2475 3588 2541 Qui

1935 2573 2139 2626 autem
2170 2567 2402 2625 canitur
2439 2568 2699 2640 hymnus
2729 2566 3105 2632 cheruhicus,
3131 2566 3421 2623 admonet
3451 2580 3587 2623 om-

1934 2673 2065 2728 nes,
2096 2661 2164 2714 ut
2190 2673 2372 2721 nunc,
2399 2660 2457 2713 et
2504 2670 2700 2729 usque
2741 2655 2822 2712 ad
2865 2654 3115 2726 liturgiae
3162 2654 3374 2722 ﬁnem,
3405 2659 3590 2712 atten-

1936 2745 2084 2803 tiore
2103 2749 2309 2803 animo
2331 2745 2701 2815 sint,omissa
2719 2745 2886 2801 omni
2900 2745 3215 2801 mundana
3234 2748 3589 2817 terrenaque

1937 2850 2102 2902 cura,
2129 2849 2238 2891 ceu
2263 2834 2368 2908 qui
2394 2849 2691 2905 magnum
2741 2835 2964 2903 Regem
2991 2833 3055 2889 in
3095 2848 3268 2890 sacra
3321 2847 3589 2890 commu-

1935 2922 2117 2980 nione
2151 2922 2483 2996 suscepturi
2503 2926 2662 2979 sunt.
2690 2923 2823 2978 Jam
2843 2926 2901 2977 et
2921 2937 3124 2978 rerum
3149 2924 3497 2978 sanctarum
3526 2919 3590 2977 in

1937 3014 2145 3067 sancta
2171 3025 2385 3066 mensa
2402 3010 2706 3082 repositio,
2729 3008 2998 3065 imitatur
3026 3012 3278 3064 stratum
3306 3006 3453 3064 illud
3474 3022 3588 3063 caa-

206 3088 271 3141 Ἡ
305 3086 367 3142 δέ
418 3094 547 3165 πρὸς
601 3095 696 3149 τὴν
735 3090 888 3164 ἁγίαν
925 3092 1188 3168 τράπεζαν
1227 3100 1327 3145 τῶν
1368 3091 1530 3165 ἁγίων
1577 3093 1825 3157 ἀπόθεσις

1937 3098 2242 3169 naculum,
2275 3103 2332 3154 et
2358 3098 2543 3170 paulo
2569 3101 2727 3171 post,
2752 3098 2815 3153 in
2853 3112 3093 3152 crucem
3123 3095 3549 3152 exaltationem
3574 3114 3588 3165 ;

206 3181 447 3251 μίμησιν
502 3182 618 3252 ἔχει
672 3188 961 3239 τηνικαῦτα
1016 3184 1106 3255 μεν
1165 3188 1259 3234 τοῦ
1324 3180 1648 3255 ἐστρωμένον
1688 3183 1825 3235 ἀνω-

205 3271 364 3338 γέου,
399 3267 514 3340 μετ’
544 3267 713 3340 ὀλίγον
745 3265 806 3323 δὲ
842 3272 873 3329 ἡ
907 3270 1038 3329 αὕτη
1091 3275 1183 3323 καὶ
1209 3274 1302 3329 τὴν
1331 3269 1418 3323 ἐπὶ
1454 3278 1549 3324 τοῦ
1594 3278 1825 3347 σταυροῦ

214 3355 435 3426 ὕψωσεν
469 3377 482 3391 ο
542 3356 592 3409 έν
653 3354 714 3411 δε
762 3367 835 3430 τῷ
886 3356 1019 3412 τέλει
1072 3362 1168 3419 τὴν
1228 3363 1396 3431 ταφὴν
1435 3359 1696 3429 εἰκονίζιι,
1736 3364 1827 3414 καὶ

208 3449 319 3504 τὸν
370 3444 682 3517 ἀνάστασιν,
731 3451 821 3500 καὶ
866 3452 962 3508 τὴν
1000 3447 1190 3502 ἐκεῖθεν
1256 3446 1513 3520 ἀνάληψιν
1547 3469 1560 3482 ·
1604 3449 1688 3501 ἵνα
1721 3450 1824 3523 γὰρ

208 3539 291 3607 μὴ
350 3536 414 3587 τὸ
450 3536 568 3588 καθ’
605 3536 825 3589 ἕκαστον
880 3544 980 3590 τῶν
1034 3540 1151 3590 τότε
1200 3540 1482 3609 γενομένων
1534 3540 1628 3595 τὴν
1686 3538 1825 3611 ὤραν

208 3628 311 3677 καὶ
336 3626 430 3675 τὸν
455 3626 638 3698 καιρὸν
691 3630 776 3677 καὶ
822 3627 909 3677 τὸν
957 3628 1115 3678 τόπον
1165 3624 1498 3699 ἀφορίζοντες
1544 3627 1595 3677 οἱ
1650 3627 1826 3698 μακά-

208 3732 327 3788 ριοι
390 3716 630 3787 Πατέρες,
669 3716 748 3767 ἔτι
810 3718 900 3767 καὶ
945 3718 1266 3788 μεταθέσεων
1333 3715 1515 3789 ἐτέρων
1575 3720 1664 3767 καὶ
1728 3717 1824 3768 θυ-

214 3806 553 3875 σιαστηρίων
611 3803 855 3857 πλειόνων
921 3799 1176 3874 δεηθῶσι,
1222 3802 1323 3856 κάκ
1383 3806 1575 3858 τούτων
1636 3806 1826 3858 ὡσανεὶ

211 3896 470 3965 μωμητόν
540 3896 600 3945 τὸ
669 3902 761 3955 τῆς
833 3893 1132 3967 οἰκονομίας
1194 3898 1486 3966 μυστήριον
1559 3900 1821 3965 καταστῇ,

212 3982 367 4046 ἄξιον
402 3989 501 4043 τῆς
538 3983 788 4056 θεουργοῦ
831 3978 1182 4057 δημιουργίας
1234 3986 1424 4056 τρόπον
1474 3979 1822 4054 ίμιμήσαντο,

214 4074 285 4131 ὡς
340 4070 451 4124 οἶόν
506 4089 563 4124 τε
615 4069 868 4144 ἀνθρώπῳ
916 4074 986 4125 τὰ
1035 4074 1147 4125 θεῖα
1200 4072 1480 4144 μιμεῖσθαι
1516 4076 1607 4123 καὶ
1643 4089 1826 4146 κατερ-

212 4160 502 4232 γάζεσθαι.
537 4164 639 4213 Καὶ
669 4155 737 4218 δὴ
790 4162 861 4222 ὡς
917 4161 1131 4236 οὐρανὸν
1171 4163 1260 4233 μὲν
1312 4162 1370 4213 τὸ
1427 4157 1679 4213 ἆπάνωθεν
1730 4167 1826 4221 τῆς

215 4246 377 4319 ἁγίας
433 4248 698 4323 τραπέζης
754 4249 963 4322 ὀρόφιον
1023 4246 1379 4324 ἁπαρτίξουσι
1407 4268 1420 4282 ·
1489 4249 1560 4310 ὡς
1596 4246 1717 4306 ὅλην
1765 4243 1826 4301 δὲ

213 4345 321 4409 γῆν
362 4337 629 4410 ὁρίζονται
664 4341 721 4391 τὸ
751 4339 852 4391 ὕπὸ
896 4339 1167 4413 τεσσάρων
1204 4340 1387 4390 κιόνων
1424 4342 1517 4389 τοῦ
1573 4335 1825 4410 κιϐωρίου

220 4424 619 4498 συγκλειόμεναι
680 4426 712 4486 ἦ
771 4444 1210 4502 περιγραφομενον
1270 4427 1403 4500 ἱερὸν
1466 4421 1659 4498 ἔδαφος
1689 4440 1703 4454 ⁸
1773 4427 1824 4477 ἓν

219 4511 262 4586 ᾧ
314 4513 608 4587 πληροῦται
642 4520 735 4568 καὶ
790 4516 816 4568 ὁ
876 4518 1201 4591 προφητιχός
1262 4514 1430 4587 λόγος,
1470 4516 1516 4586 ὁ,
1562 4536 1585 4565 ι
1629 4513 1824 4588 Εῖργά-

224 4620 359 4657 σατο
397 4609 662 4680 σωτηρίαν
708 4603 756 4657 ἓν
813 4608 957 4677 μέσῳ
993 4613 1086 4666 τῆς
1131 4612 1233 4677 γῆς
1270 4604 1297 4656 ὀ
1338 4607 1464 4665 Θεὸς
1496 4624 1509 4638 ’
1554 4625 1584 4653 δ)
1622 4605 1825 4657 πάντων

219 4694 324 4770 γὰρ
400 4692 784 4766 ὁμολογούντων
862 4692 911 4746 ίν
973 4692 1348 4766 Ἱεροσολύμοις
1411 4693 1826 4767 περιγεγράφθαι

220 4790 319 4844 τῆς
354 4790 458 4855 γῆς
492 4786 551 4838 τὸ
590 4788 921 4857 μεσαίτατον,
979 4784 1099 4837 ἔνθα
1137 4778 1205 4842 δὴ
1245 4787 1336 4835 καὶ
1388 4782 1560 4836 πάντα
1604 4783 1672 4834 τὰ
1731 4787 1824 4834 τοῦ

297 4926 343 4961 ¹⁹
375 4924 527 4982 Psal.
554 4941 753 4996 Lxxm,
781 4929 864 4982 l2.

291 5087 412 5157 (21)
448 5085 549 5159 ΑΙ.
609 5086 803 5144 codex
850 5084 1019 5159 addit
1069 5087 1099 5146 ἣ
1124 5084 1594 5159 Ᾱσκευοφυλακίου,
1637 5090 1745 5142 aut
1785 5099 1823 5141 a

214 5156 717 5230 scevopliylacio;
762 5157 933 5230 quod
960 5156 1254 5230 mendum
1312 5156 1632 5230 videretur,
1676 5171 1821 5230 cum

217 5244 344 5285 non
364 5226 582 5304 eadem
612 5226 829 5304 mens—8.
850 5229 1027 5304 fuerit
1044 5229 1297 5304 πρόθεσις
1316 5232 1374 5284 et
1393 5226 1818 5304 σκευοφυλάκιον,

216 5298 389 5373 quod
407 5299 997 5373 etiam‘diqconigum
1026 5296 1302 5373 nonnulli
1325 5296 1662 5373 appellant.
1702 5296 1821 5373 Sed

216 5366 424 5427 tamen
460 5371 524 5426 in
548 5369 750 5427 libello
780 5370 1200 5429 Delineationis
1220 5366 1484 5427 ecclesiae
1505 5366 1819 5426 Orientalis

219 5442 458 5508 Grecae,
504 5446 750 5498 auctore
789 5441 1127 5498 Eustrathio
1176 5439 1468 5497 Joannide
1521 5439 1815 5505 Rutheno,

218 5528 281 5586 p.
315 5517 439 5580 H7,
468 5511 771 5586 legimus:
803 5514 995 5586 Prius
1019 5526 1199 5585 quam
1230 5512 1318 5586 ad
1352 5511 1817 5586 altare,_.conse-

220 5582 509 5641 orationis
527 5582 754 5655 gratia,
775 5582 1158 5655 deferrentur
1186 5582 1534 5655 oblationes,
1556 5582 1619 5655 in
1642 5597 1816 5654 gazo‘

214 5652 577 5727 phylaciuin
604 5654 791 5727 (idem
840 5652 1008 5730 quod
1034 5654 1583 5728 scewphylacium)
1609 5652 1814 5726 porta-

1933 3188 2069 3245 etin
2094 3187 2214 3243 ﬂne
2234 3186 2483 3244 demum
2506 3185 2880 3259 sepulturam
2904 3187 3380 3258 repraesentat,et
3395 3199 3590 3240 resur-

1930 3276 2258 3335 rectionem
2289 3281 2346 3332 et
2381 3273 2599 3331 deinde
2652 3274 3157 3346 assumptionem.
3208 3276 3291 3330 Ne
3346 3273 3510 3329 enim
3540 3272 3589 3329 si

1933 3366 2206 3425 omnium
2227 3363 2528 3436 sigillatim
2554 3368 2699 3420 tunc
2728 3368 3000 3420 actorum
3014 3362 3230 3418 horam
3253 3378 3323 3419 ac
3354 3365 3590 3434 tempus

1929 3455 2254 3528 locumque
2274 3453 2594 3509 deﬁnirent
2612 3451 2775 3509 beati
2796 3450 3225 3521 Patres,adhuc
3248 3450 3379 3508 aliis
3399 3454 3593 3507 trans-

1929 3543 2277 3613 lationibus,
2295 3541 2695 3615 pluribusque
2712 3540 3000 3597 altaribus
3027 3539 3385 3611 indigerent,
3409 3544 3589 3613 atque

1932 3633 2072 3690 hinc
2096 3633 2273 3706 quasi
2306 3631 2457 3687 risui
2487 3635 2823 3704 expositum
2855 3628 3207 3685 oeconomiae
3236 3628 3591 3703 mysterium

1934 3723 2231 3785 evaderet,
2262 3721 2550 3777 decoram
2583 3720 2911 3776 mundanae
2941 3717 3045 3775 Dei
3083 3718 3398 3774 creationis
3415 3717 3585 3774 ratio-

1933 3828 2073 3870 nem
2111 3810 2325 3868 imitati
2364 3813 2523 3878 sunt,
2551 3813 2852 3882 quatenus
2878 3807 3110 3864 homini
3141 3807 3345 3863 divina
3371 3805 3593 3863 imitari

1930 3901 2068 3959 licet
2115 3906 2296 3974 atque
2344 3899 2609 3972 operari.
2664 3899 2870 3971 Itaque
2920 3896 3053 3952 coeli
3100 3895 3287 3952 instar
3315 3893 3591 3967 superius

1933 3994 2154 4047 sancta:
2180 4004 2406 4045 mensm
2424 3988 2678 4045 lacunar
2696 3986 3283 4042 fabricaruntJnstar
3296 3997 3439 4039 vero
3459 3982 3566 4037 uni
3586 4013 3593 4022 -

1931 4095 2120 4137 versae
2145 4083 2314 4134 terra:
2344 4091 2474 4134 esse
2503 4074 2938 4132 constituerunt
2955 4073 3072 4128 sub
3093 4075 3354 4144 quatuor
3382 4069 3590 4127 ciborii

1933 4168 2230 4227 columnis
2261 4167 2535 4224 clausum
2565 4170 2623 4222 et
2658 4161 3178 4236 circumscriptum
3212 4175 3455 4217 sacrum
3482 4176 3589 4234 pa~

1931 4258 2288 4315 vimentum.
2320 4256 2451 4323 Qua
2474 4255 2535 4310 in
2574 4268 2641 4310 re
2664 4250 2946 4324 impletur
2974 4249 3394 4323 propheticum
3439 4247 3589 4305 illud

1932 4347 2205 4404 dictum:
2240 4366 2270 4395 «
2321 4344 2433 4410 Qui
2486 4345 2773 4415 operatus
2826 4343 2919 4397 est
2965 4339 3221 4395 salutem
3275 4337 3339 4394 in
3386 4337 3589 4395 medio

1936 4440 2105 4495 terra:
2134 4438 2201 4492 ι’.
2230 4457 2260 4487 ››
2282 4437 2431 4491 Nam
2463 4448 2601 4489 cum
2650 4445 2863 4488 omnes
2893 4428 3291 4487 conﬁteantur
3319 4427 3592 4485 Hieroso-

1934 4525 2166 4600 lymam
2199 4526 2260 4583 in
2302 4523 2507 4582 media
2559 4527 2725 4580 terras
2768 4521 3023 4578 statione
3051 4535 3181 4578 esse
3209 4518 3585 4585 collocatam,

1933 4631 2058 4688 qua
2084 4616 2148 4672 in
2178 4615 2413 4672 civitate
2439 4613 2790 4670 universam
2828 4611 3175 4684 passionem
3206 4624 3380 4665 suam
3407 4606 3590 4664 susti-

1932 4707 2063 4764 nuit
2114 4705 2424 4775 Dominus,
2468 4702 2892 4776 proditionem,
2918 4699 3237 4772 judicium,
3267 4702 3324 4754 et
3352 4713 3423 4754 ea
3450 4712 3588 4769 quae

1933 4811 2174 4854 crucem
2196 4796 2637 4868 praecesserunt
2664 4807 2736 4848 ac
2767 4789 3096 4848 subsecuta
3127 4791 3301 4856 sunt;
3334 4802 3474 4843 cum
3502 4784 3589 4841 in-

1931 5082 2172 5152 banlur,
2189 5080 2377 5154 donec
2402 5078 2709 5154 inquisitio
2730 5074 3151 5154 facta/uisset,
3170 5087 3316 5154 num
3327 5086 3415 5154 ρῳ
3440 5071 3590 5154 (ales

1929 5158 2141 5217 essent,
2159 5142 2301 5223 'quae
2336 5142 2581 5207 Domino
2610 5142 2788 5219 digne
2817 5142 3201 5223 o/ferrenjuf.
3232 5142 3347 5223 Sed
3375 5142 3591 5223 legesis

1927 5215 2214 5280 Allatium
2244 5225 2331 5279 De
2358 5215 2700 5278 Graecorum
2733 5215 2984 5287 (emptis,
3017 5215 3114 5273 ed.
3137 5215 3320 5287 Paris.
3351 5230 3416 5287 p.
3453 5218 3579 5271 £36.

1999 5296 2108 5368 (22)
2154 5294 2298 5350 Hinc
2350 5294 2415 5368 in
2439 5290 2689 5365 picturis
2720 5286 2935 5368 Graece
2962 5286 3367 5368 misszevides
3398 5299 3584 5354 ange-

1924 5357 2039 5439 los,
2071 5357 2333 5440 quorum
2359 5357 2556 5440 vicem
2586 5365 2802 5433 gerunt
2815 5359 3090 5440 diaconi,
3125 5357 3347 5440 gladiis
3393 5370 3588 5440 arma-

1925 5426 2040 5494 tos:
2069 5426 2138 5494 Et
2156 5426 2651 5493 caeremoniarum
2672 5430 2837 5505 apud
2864 5445 2976 5488 nos
2996 5426 3302 5503 magistris
3331 5426 3584 5484 baculus

1924 5509 2113 5581 instar
2144 5507 2361 5581 sceptri
2389 5511 2500 5563 est.

1997 5579 2111 5658 (23)
2142 5569 2265 5658 Hic“
2282 5592 2527 5658 quoque
2552 5579 3025 5658 tractus,_usque
3053 5569 3135 5631 ad
3163 5571 3453 5636 κοινωνίας,
3488 5580 3587 5624 ex-

1923 5647 2126 5711 statin
2155 5647 2287 5708 solo
2302 5647 2518 5707 'codice
2547 5649 2674 5717 632,
2704 5661 2766 5720 p.
2802 5648 2857 5701 6.
2881 5647 2940 5703 a,
