4106 6222
491 283 595 343 M3

1753 280 2109 337 THEODORI
2141 272 2567 335 ANDIDENSIS

3744 276 3877 333 444

499 422 680 480 super
707 410 979 465 sanctam
1007 422 1287 465 mensam
1330 405 1601 463 medium
1637 404 1788 461 inter
1818 404 2036 460 ccelum
2066 418 2136 459 ac

2265 404 2440 464 τάθους
2469 404 2666 460 ὑπέστη
2709 404 2734 454 ὁ
2768 406 2975 477 Κύριος,
3008 406 3102 461 τὴν
3148 399 3465 475 προδοσίαν,
3507 406 3600 459 τὴν
3639 406 3868 473 κρίσιν,

496 502 718 554 terram
749 501 946 553 tenere
972 495 1172 552 locum
1210 500 1519 568 appareat,
1552 494 1887 565 eademque
1941 491 2138 548 media

496 586 649 641 inter
679 584 993 641 columnas
1019 599 1090 641 ac
1119 584 1450 641 ventilabra
1489 585 1581 650 sit,
1605 583 1814 639 merito
1839 583 1971 654 ipsa
1990 580 2140 637 coelo

500 673 817 745 supposita
847 689 979 729 esse
1006 673 1265 730 dicetur:
1289 678 1468 745 atque
1498 673 1621 729 sive
1650 673 1712 727 in
1743 671 1912 727 India
1937 670 2061 725 sive
2081 670 2143 724 in

500 761 849 817 Britannicis
879 762 1094 818 insulis
1132 777 1204 819 ea
1232 763 1544 832 consistat,
1571 762 1824 819 salutem
1854 762 1915 816 in
1944 759 2143 817 medio

499 854 669 906 terrae
693 855 991 922 patratam
1019 852 1201 908 fuisse
1224 851 1469 909 denotat
1515 867 1620 924 per
1648 867 1721 908 ea
1747 866 1883 924 quae
1908 851 1967 906 in
2011 848 2147 921 ipsa

497 945 869 1012 peraguntur
897 942 1390 1013 mysteria.0uod
1423 942 1471 997 si
1500 941 1635 1013 quis
1665 941 1847 1007 dicat,
1877 954 1997 995 non
2022 953 2147 994 om-

498 1043 640 1085 nem
677 1028 989 1085 ecclesiam
1018 1029 1243 1087 habere
1274 1030 1568 1087 ciborium
1599 1035 1658 1086 et
1686 1028 2023 1100 crepidines
2055 1031 2149 1083 at—

499 1131 617 1188 que
643 1117 977 1183 columnas,
1012 1120 1178 1185 satis,
1200 1119 1474 1190 inquam,
1499 1119 1607 1174 erit
1636 1118 1685 1173 si
1716 1116 2150 1174 semicirculare

499 1204 682 1261 bema
717 1205 957 1277 habeat,
991 1206 1157 1278 quod
1190 1207 1249 1263 in
1281 1207 1548 1279 qualibet
1569 1206 1818 1262 ecclesia
1848 1204 1973 1260 ﬁeri
2014 1220 2153 1259 con-

504 1293 772 1349 stitutum
793 1299 901 1364 est,
945 1296 1119 1365 cujus
1148 1312 1401 1353 curvum
1437 1296 1687 1352 lacunar
1714 1294 1951 1350 caeleste
1972 1292 2157 1347 hemi'

502 1381 829 1453 sphaerium
859 1390 1266 1454 reprmsentat,
1289 1385 1553 1440 mediam
1578 1383 1811 1440 habens
1839 1398 1912 1437 cx
1942 1381 2152 1436 adver—

505 1488 574 1527 so
604 1477 875 1527 sanctam
898 1488 1196 1530 mensam.

578 1652 810 1707 19.Jam
836 1656 972 1723 post
1000 1658 1342 1710 sanctorum
1373 1654 1673 1710 donorum
1702 1652 2152 1725 repositionem,

2246 498 2313 547 τὰ
2341 496 2440 567 πρὸ
2481 501 2573 545 τοῦ
2603 499 2852 566 σταυροῦ,
2890 497 2981 543 καὶ
3019 496 3083 543 τὰ
3139 493 3263 563 μενά
3296 495 3380 542 τὸν
3413 494 3637 565 σταυρόν
3669 504 3683 519 ’
3735 488 3865 541 ἐπεὶ

2248 590 2332 637 καὶ
2399 586 2429 641 ἡ
2481 583 2607 654 ἁγία
2643 581 2879 657 τράπεζα
2942 582 3181 653 μεθόριον
3220 580 3441 651 ούρανοῦ
3493 584 3584 631 καὶ
3635 587 3746 649 γῆς
3790 581 3875 639 ὡς

2250 670 2678 746 παραδείκνυται,
2726 676 2817 723 καὶ
2867 673 3000 723 κατὰ
3044 674 3104 722 τὸ
3168 674 3324 742 μέσον
3361 678 3462 721 τῶν
3525 672 3708 720 κιόνων
3767 672 3873 718 καὶ

2250 771 2351 814 τῶν
2416 761 2587 833 κύκλῳ
2632 758 2857 835 ῥιπίδων
2914 763 3027 832 ἔχει
3091 764 3183 817 τὴν
3247 761 3453 828 στάσιν,
3516 758 3725 818 εἰκότως
3779 755 3872 808 ἐπ’

2253 852 2468 926 οὐρανὸν
2531 854 2609 907 εἴη
2657 851 2811 909 αὕτη,
2879 853 2977 901 εἴτε
3028 849 3078 901 ἐν
3135 844 3322 919 Ἰνδίᾳ,
3371 850 3467 899 εἴτε
3522 845 3569 897 ἐν
3610 853 3872 919 Βρετανι-

2256 950 2372 1002 καῐς
2430 942 2539 1012 (24)
2565 946 2759 1009 νήσοις,
2802 939 2849 992 ἐν
2899 943 3043 1011 μέσῳ
3095 947 3191 999 τῆς
3226 946 3323 1009 γῆς
3358 937 3472 1008 (25)
3527 940 3620 994 τὴν
3670 955 3873 991 σωτη-

2257 1037 2373 1104 ρίαν
2432 1029 2743 1102 ἐργάζεσθαι
2790 1031 3096 1100 ύπιμφαίνει
3154 1024 3247 1079 διὰ
3296 1034 3396 1077 τῶν
3451 1025 3769 1096 τελουμένων
3813 1023 3871 1074 ἐν

2260 1121 2388 1191 αύτῇ
2426 1137 2438 1150 '
2490 1128 2562 1189 τῷ
2603 1116 2661 1170 δὲ
2698 1118 2915 1189 λέγοντι,
2950 1116 3082 1169 Ἀλλ’
3123 1125 3184 1168 οὐ
3214 1121 3364 1168 πᾶσα
3393 1114 3647 1171 ἐκκλησία
3691 1112 3871 1164 κιϐώ-

2260 1229 2369 1284 ριον
2422 1211 2535 1279 ἔχει
2584 1213 2674 1259 καὶ
2724 1203 2987 1279 κρηπῖδας
3038 1211 3127 1256 καὶ
3170 1210 3365 1274 κίονας,
3420 1202 3627 1276 ἀρκέσει
3663 1207 3723 1253 τό
3766 1210 3871 1254 τοῦ

2264 1296 2501 1372 βήματος
2574 1296 2881 1368 ἡμικύκλιον
2934 1294 2981 1346 ἐν
3037 1298 3181 1366 πάσῃ
3252 1293 3506 1364 ἐκκλησίᾳ
3567 1294 3869 1364 νομοθετη-

2264 1393 2345 1441 θέν
2375 1392 2517 1457 (26)·
2551 1387 2610 1438 οὗ
2642 1391 2729 1437 καὶ
2756 1388 2780 1437 6
2819 1385 2957 1457 μύαξ
2986 1387 3043 1436 τὸ
3069 1384 3305 1457 οὐράνιον
3338 1385 3683 1456 ἡμισφαίριον
3716 1400 3868 1452 σχη-

2261 1478 2490 1549 ματίζει,
2551 1474 2598 1527 ἐν
2654 1478 2797 1547 μέσῳ
2859 1477 2981 1545 ἕχον
3028 1476 3344 1546 καταντικρύ
3410 1476 3503 1528 τὴν
3543 1469 3693 1541 ἁγίαν
3730 1471 3869 1540 τριξ-

2259 1567 2441 1626 πεζαν.

2337 1655 2421 1711 ιϐ’.
2462 1655 2605 1707 Μετὰ
2661 1648 2719 1703 6“:
2757 1654 2841 1708 τὴν
2889 1650 3139 1703 ἀπόθεσιν
3190 1656 3289 1700 τῶν
3322 1647 3481 1719 ἁγίων
3521 1643 3724 1717 δώρων,
3767 1648 3870 1701 τὴν

504 1754 744 1809 precem
774 1741 1092 1812 episcopus
1122 1757 1232 1813 pro
1263 1760 1325 1799 se
1343 1744 1640 1815 etpopulo
1660 1744 2150 1813 recitans,postu-

2265 1746 2418 1816 εὐχὴν
2451 1745 2476 1794 6
2516 1742 2790 1813 ἀρχιερεύς
2828 1742 2954 1812 ὑπὲρ
2997 1739 3177 1791 ἑαυτοῦ
3224 1742 3314 1788 καὶ
3373 1743 3466 1788 τοῦ
3514 1734 3641 1786 λαοῦ
3669 1736 3867 1786 ποιού-

507 1828 589 1885 lat
619 1833 681 1884 ut
710 1833 945 1899 gratum
979 1832 1054 1886 sit
1102 1834 1221 1887 Deo
1250 1833 1401 1888 Patri
1459 1832 1819 1888 sacriﬁcium
1867 1831 1986 1886 Filii
2024 1832 2153 1901 ejus

506 1917 795 1985 unigeniti
836 1919 940 1990 qui
989 1919 1359 1976 immolatur.
1412 1922 1642 1976 Etenim
1684 1920 1781 1976 hic
1810 1919 2158 1975 immolatus

506 2002 767 2059 hostiam
797 2021 860 2060 se
911 2006 969 2061 in
1002 2008 1093 2061 sui
1140 2008 1323 2063 Patris
1372 2008 1667 2064 honorem
1696 2007 1927 2076 obtulit,
1960 2021 2157 2078 quan-

508 2107 693 2162 quam
726 2092 788 2147 id
818 2094 990 2149 Pater
1032 2110 1154 2150 non
1207 2097 1487 2165 exigeret.
1520 2101 1709 2167 Atque
1737 2095 1983 2165 sanguis
2030 2094 2159 2165 ejus

507 2179 822 2237 liberando
846 2183 1123 2239 universo
1143 2183 1459 2241 hominum
1489 2184 1687 2253 generi
1706 2185 1963 2256 pretium
1989 2183 2161 2239 exsti-

507 2268 593 2334 tit,
620 2273 677 2323 et
699 2270 878 2341 quasi
906 2271 1478 2342 redemptio.Postea
1502 2274 1657 2328 elata
1675 2288 1848 2329 voce:
1870 2274 2158 2327 Amemus

509 2356 786 2425 invicem,
842 2359 1064 2415 clamat
1114 2360 1447 2428 diaconus;
1480 2363 1561 2416 ita
1608 2366 1673 2416 ut
1702 2360 1994 2417 sensibilis
2023 2376 2159 2431 quas

513 2449 652 2501 tunc
681 2445 747 2501 ﬁt
775 2445 1071 2509 salutatio,
1111 2447 1583 2504 intellectualiter
1604 2450 1758 2505 intra
1782 2465 1882 2504 cor
1906 2448 2158 2518 recipia-

511 2537 625 2600 tur,
678 2538 734 2588 et
784 2535 981 2589 omnis
1032 2536 1386 2604 injuriarum
1438 2538 1734 2593 memoria
1763 2537 2156 2607 abstergatur.

510 2624 655 2675 Tum
678 2620 772 2675 bis
797 2621 1089 2678 diaconus
1118 2625 1453 2681 inclamans
1480 2626 1589 2682 ait:
1617 2648 1643 2676 ‹‹
1676 2629 1900 2694 Portas,
1923 2631 2156 2697 portas;

511 2709 573 2764 in
603 2709 895 2780 sapientia
924 2712 1303 2769 attendamus
1334 2732 1348 2778 ;
1380 2738 1408 2763 »
1458 2715 1519 2770 id
1559 2720 1665 2780 est,
1700 2718 1779 2770 Ne
1808 2714 2160 2786 insipienter

513 2813 707 2870 neque
726 2797 1165 2859 inconsiderate
1191 2808 1401 2859 sancta
1427 2804 1556 2859 haec
1589 2808 1841 2859 tractare
1864 2803 2155 2867 ausimus,

513 2901 623 2941 nec
649 2889 821 2959 quasi
844 2890 1196 2960 quotidiana
1226 2893 1658 2948 consuetudine
1684 2891 2024 2947 inviolabile
2044 2891 2159 2946 hoc

513 2990 876 3045 peragamus
892 2979 1157 3036 ofﬁcium
1176 2986 1233 3037 et
1259 2987 1552 3049 actum,ut
1574 2982 1939 3054 acceptabile
1960 2981 2136 3036 videa

2261 1853 2425 1906 μενος,
2479 1831 2703 1882 αἰτεῖται
2761 1825 3182 1902 εὐπροσδόκητον
3233 1827 3475 1896 γενέσθαι
3529 1829 3625 1880 τὴν
3685 1840 3870 1896 προτε-

2267 1923 2440 1975 θεῖσαν
2478 1928 2550 1989 τῷ
2605 1927 2717 1988 Θεῷ
2772 1923 2862 1969 καὶ
2903 1922 3070 1990 Πατρὶ
3112 1918 3296 1967 θυσίαν
3335 1920 3427 1965 τοῦ
3487 1915 3735 1983 θυομένου
3766 1931 3864 1983 μο-

2265 2017 2493 2081 νογενοῦς
2554 2011 2675 2060 Υίοῠ
2738 2006 2896 2058 αὐτοῦ
2930 2022 2943 2035 °
3008 2006 3151 2063 οὗτος
3211 2006 3309 2075 γὰρ
3377 2004 3402 2053 ὁ
3465 2004 3709 2072 θυόμενος
3786 1999 3865 2060 εἰς

2266 2104 2422 2171 τιμὴν
2477 2106 2571 2148 τοῦ
2634 2096 2827 2147 οἰκείου
2891 2097 3109 2166 Πατρός,
3166 2092 3344 2144 ἑαυτὸν
3413 2090 3478 2149 εἰς
3518 2092 3701 2142 θυσίαν
3762 2086 3869 2139 ἀπο

2267 2185 2452 2239 έὸωκει
2489 2191 2578 2237 καὶ
2617 2192 2783 2236 ταυτα
2830 2188 2899 2255 μὴ
2944 2182 3251 2240 αἰτήσαντος
3281 2188 3371 2231 του
3403 2182 3603 2249 Πατρός
3627 2198 3639 2210 ·
3672 2181 3763 2228 καὶ
3806 2180 3870 2227 τὸ

2268 2277 2339 2338 εἰς
2386 2280 2537 2348 τιμὴν
2574 2277 2833 2345 πατρικὴν
2884 2273 3047 2343 χυθὲν
3106 2271 3254 2341 αἷμα,
3299 2275 3451 2319 τοῦτο
3489 2271 3615 2336 τιμὴ
3668 2267 3869 2335 ἐγένετο

2266 2368 2394 2437 πρὸς
2468 2363 2751 2435 ἐλευθερίαν
2820 2364 2994 2421 πάσης
3055 2360 3473 2431 ἁνθρωπότητος,
3546 2359 3639 2405 καὶ
3714 2356 3872 2403 οἱονεί

2266 2473 2342 2512 τις
2398 2453 2644 2515 ἑξώνησις
2678 2468 2689 2479 ’
2753 2447 2859 2501 εἶνα
2904 2453 2982 2517 τό,
3028 2470 3055 2497 ιι
3093 2449 3471 2518 Ἀγαπήσωμεν
3526 2442 3792 2509 ἀλλήλους,
3838 2462 3869 2489 )›

2269 2543 2478 2613 ἑκφωνεῖ
2538 2543 2562 2590 6
2630 2536 2889 2601 διάκονος,
2950 2540 3082 2588 ὥστε
3144 2541 3230 2587 τὸν
3288 2534 3539 2589 αἰσθητὸν
3598 2534 3871 2602 γινόμενον

2268 2633 2548 2701 ἀσπασμὸν
2608 2636 2799 2688 νοητώς
2865 2627 2913 2679 ἐν
2975 2632 3035 2697 τῇ
3097 2620 3295 2695 καρδίᾳ
3347 2618 3715 2692 εἰσδέχεσθαι,
3775 2624 3869 2669 καὶ

2266 2726 2439 2772 πᾶσαν
2505 2718 2751 2791 ἔξορίζειν
2820 2718 3192 2788 μνησικακίαν.
3262 2706 3728 2768 Ἀναδιπλασιάξει
3804 2704 3873 2759 δὲ

2265 2813 2692 2882 παρεγγυνέιμενος
2748 2807 2773 2855 6
2833 2801 3071 2863 διάκονος
3122 2801 3301 2872 λέγων,
3336 2822 3363 2849 ι(
3403 2801 3503 2858 Τὰς
3544 2799 3721 2868 θύρας,
3775 2798 3871 2855 τὰς

2269 2900 2426 2971 θύρας
2463 2912 2473 2924 ⁸
2521 2895 2569 2947 ἐν
2625 2899 2780 2965 σοφίᾳ
2806 2898 3162 2965 πρόσσχωμεν
3188 2911 3199 2922 ·
3236 2910 3264 2939 ››
3309 2891 3568 2955 τουτέστι,
3613 2890 3701 2943 Μὴ
3735 2884 3868 2935 ἀσό-

2265 3006 2365 3059 φως
2404 2990 2493 3036 καὶ
2549 2983 2838 3053 ἀλογίστως
2888 2980 3151 3051 τολμῶμεν
3210 2983 3364 3029 ταυτὶ
3426 2978 3492 3028 τὰ
3536 2975 3684 3044 ἅγια,
3732 2970 3867 3045 μηδ’

512 3080 649 3119 mur
697 3067 949 3123 Domino
996 3070 1350 3127 sacrificium
1389 3071 1646 3128 offerre:
1698 3071 1803 3126 sed
1832 3076 2155 3142 postquam

2267 3077 2366 3127 ὑπὸ
2409 3082 2503 3133 τῆς
2554 3074 2669 3123 καθ’
2702 3071 2925 3127 ἑκάστην
2984 3071 3177 3141 ἡμέραν
3219 3068 3490 3124 συνηθείας
3540 3067 3598 3115 τὸ
3653 3061 3869 3113 ἀνεπισ-

513 3167 651 3208 cum
701 3153 957 3223 puritate
1015 3159 1475 3227 cognoverimus
1530 3159 1625 3214 cui
1655 3158 1748 3214 vel
1775 3158 1940 3229 quali
1971 3157 2155 3213 modo

513 3241 750 3311 singula
770 3248 1251 3318 prototypa,quaa
1274 3263 1433 3303 nunc
1458 3247 1852 3318 ﬁunt,utiliter
1870 3261 2156 3315 congrue-

512 3344 628 3400 que
676 3337 1043 3402 competant.
1075 3334 1315 3404 Oportet
1368 3335 1569 3407 itaque
1619 3341 1680 3390 ut
1736 3340 1946 3406 mystae
1977 3342 2159 3403 atque

510 3415 837 3473 initiatores
881 3420 1098 3474 barum
1125 3436 1343 3486 rerum,
1379 3423 1737 3488 sacerdotes,
1770 3423 2041 3493 inquam,
2075 3424 2159 3475 at-

512 3520 631 3577 que
660 3508 949 3578 episcopi,
977 3510 1292 3580 cunctique
1322 3511 1598 3577 ministri,
1630 3511 1924 3566 rationem
1978 3524 2157 3564 nove-

511 3593 627 3649 rint
657 3595 995 3650 ofticiorum
1024 3598 1261 3661 horum,
1295 3604 1351 3653 et
1376 3602 1471 3654 cui
1501 3599 1978 3671 unumquodque
2008 3598 2159 3653 refe-

513 3686 695 3736 ratur.
730 3683 902 3747 Quod
930 3689 1018 3739 est
1048 3686 1207 3740 enim
1234 3686 1538 3743 rationalis
1566 3695 1796 3744 natura:
1825 3688 2157 3760 proprium,

513 3769 574 3824 id
603 3769 692 3824 his
722 3770 943 3837 verbis,
978 3794 1005 3823 «
1035 3774 1098 3827 In
1130 3775 1426 3845 sapientia
1446 3777 1887 3846 attendamus,»
1910 3778 2163 3847 impera-

515 3862 628 3913 tur.
664 3860 942 3931 Sequitur
970 3878 981 3916 :
1018 3884 1044 3911 ‹‹
1088 3863 1321 3918 Stemus
1350 3864 1624 3928 honeste.
1666 3871 1892 3921 stemus
1926 3881 2063 3920 cum
2093 3864 2158 3919 ti-

513 3963 682 4004 more
712 3950 1097 4006 attendamus
1142 3958 1363 4008 sanctae
1412 3955 1761 4027 anaphorae.
1813 3978 1839 4004 ››
1872 3956 2160 4020 Quaenam

513 4052 694 4109 porro
720 4040 1071 4112 anaphora?
1093 4044 1315 4112 Nempe
1336 4043 1413 4099 ad
1436 4050 1756 4117 prototypa
1771 4045 2160 4116 perficiendo-

512 4142 647 4181 rum
665 4128 1081 4199 symbolorum
1107 4134 1982 4202 respectus.Demoustrativum
2000 4132 2161 4186 enim

515 4219 624 4278 est,
659 4221 716 4269 et
744 4217 1148 4273 similitudinis
1178 4219 1588 4290 indicativum,
1634 4222 1959 4294 auaphorae
1989 4236 2160 4275 voca-

513 4300 745 4356 bulum.
778 4303 1037 4375 Ideoque
1064 4311 1381 4363 trementes
1404 4312 1623 4380 pariter
1652 4316 1709 4365 et
1735 4311 2158 4380 lacrymantes.

2264 3163 2415 3235 φαλες
2470 3162 2834 3235 κατορθοῦντες
2886 3167 2982 3218 τῆς
3036 3156 3271 3229 πράξεως
3321 3161 3411 3206 καὶ
3466 3160 3557 3224 τῇς
3608 3150 3869 3221 ἐνεργείας

2267 3253 2452 3320 αὐτῶν,
2524 3247 2755 3320 δοκῶμεν
2833 3249 3017 3299 θυσίαν
3093 3239 3473 3317 εύπρόσδεκτον
3546 3248 3619 3309 τῷ
3691 3242 3870 3309 Κυρίῳ

2266 3345 2607 3415 προσφέρειν⁸
2666 3337 2770 3388 ἀλλ’
2813 3338 2932 3387 ὅταν
2990 3337 3120 3406 μετά
3184 3335 3538 3405 καθαρότητος
3586 3329 3868 3397 ἐπιγινωσο

2267 3449 2467 3502 κωμεν,
2543 3449 2645 3480 τινι
2717 3431 2808 3477 καὶ
2882 3429 3013 3495 ποίῳ
3086 3428 3261 3496 τρόπῳ
3335 3429 3434 3472 τῶν
3508 3420 3870 3490 πρωτοτύπων

2268 3522 2482 3571 ἕκαστον
2520 3526 2616 3568 τῶν
2671 3523 2757 3566 νῦν
2807 3513 3115 3583 τελουμένων
3172 3514 3480 3584 προσφόροις
3525 3511 3614 3557 καὶ
3675 3503 3870 3555 καταλο

2267 3607 2433 3667 λὴλως
2474 3608 2807 3657 συνάπτεται.
2872 3608 2983 3673 Χρὴ
3040 3597 3128 3651 οὖν
3181 3603 3297 3658 τούς
3349 3600 3554 3669 μύστας
3596 3598 3683 3645 καὶ
3734 3610 3873 3664 μυσ-

2269 3700 2532 3767 ταγαγούς
2568 3704 2665 3745 τῶν
2714 3695 2981 3753 τοιούτων,
3040 3690 3206 3761 ἱερεῖς,
3242 3692 3395 3759 φημί,
3447 3690 3533 3736 καὶ
3581 3683 3871 3756 ἀρχιερεῖς,

2270 3791 2358 3837 καὶ
2416 3786 2612 3844 πάντας
2660 3786 2777 3841 τοὺς
2833 3788 2998 3832 ταυτα
3038 3776 3485 3847 διακονουμένους,
3536 3770 3729 3825 εἰδέναι
3783 3776 3873 3822 τόν

2268 3874 2417 3944 λόγον
2452 3880 2549 3924 τῶν
2598 3870 2926 3941 τελουμένων,
2988 3872 3076 3918 καὶ
3134 3869 3264 3938 πρὸς
3319 3872 3371 3915 τί
3424 3865 3638 3915 ἕκαστον
3689 3858 3874 3930 ἀναφέ-

2269 3980 2415 4037 ρεται
2441 3982 2454 3993 ·
2511 3967 2660 4011 τοῦτο
2702 3961 2802 4029 γὰρ
2836 3953 2971 4008 ἴδιον
3002 3964 3096 4014 τῆς
3124 3954 3335 4025 λογικῆς
3393 3956 3610 4024 φύσεως,
3661 3949 3726 4008 ὠς
3781 3952 3873 3999 καὶ

2269 4054 2347 4115 τό,
2392 4072 2419 4097 ‹‹
2460 4049 2541 4099 Ἑν
2608 4050 2765 4117 σοφίᾳ
2820 4048 3196 4118 πρόσσχωμεν,
3240 4063 3267 4091 ››
3323 4037 3678 4092 διεντέλλεται.
3739 4039 3872 4087 Τού-

2270 4157 2374 4197 τοις
2412 4138 2585 4187 ἔπεται
2637 4139 2727 4185 καὶ
2780 4136 2860 4199 τό,
2923 4152 2951 4179 ‹‹
3004 4139 3202 4202 Στώμεν
3242 4127 3429 4191 καλῶς,
3487 4134 3684 4194 στῶμεν
3738 4126 3876 4195 μετὰ

2270 4225 2427 4298 φόϐου
2459 4242 2470 4253 ·
2523 4228 2877 4294 πρόσσχωμεν
2917 4228 2979 4292 τῇ
3028 4218 3154 4289 ἀγίᾳ
3203 4217 3455 4289 ἀναφορᾷ.
3501 4237 3528 4264 ››
3587 4220 3677 4274 Τίς
3721 4210 3780 4265 δὲ
3839 4214 3872 4269 ἡ

2266 4315 2543 4385 ἀναφορά;
2592 4318 2649 4362 Ἡ
2718 4313 2847 4383 πρὸς
2903 4312 2968 4360 τὰ
3040 4312 3359 4381 πρωτοτυπα
3413 4312 3511 4356 τῶν
3558 4303 3875 4374 τελουμένων

513 4388 687 4481 quasi
712 4389 911 4461 ipsum
929 4409 1088 4449 nunc
1108 4410 1488 4452 cerueremus
1509 4398 1832 4468 patientem
1856 4415 1965 4469 pro
1986 4401 2156 4456 nobis

2272 4401 2541 4475 συμϐόλων
2567 4399 2750 4469 ἔποψις
2796 4395 3037 4455 δηλονότι
3066 4414 3078 4425 ·
3129 4393 3387 4447 δεικτικὸν
3415 4395 3513 4467 γὰρ
3562 4396 3652 4443 καὶ
3682 4394 3873 4461 ὁμοιω-

516 4477 1003 4551 theanthropum,
1030 4482 1110 4537 ita
1154 4489 1379 4539 stemus
1409 4486 1603 4540 sobrie
1625 4492 1680 4541 et
1710 4488 2059 4558 composite,
2094 4496 2159 4545 ut

516 4581 655 4620 cum
688 4582 852 4649 pace,
887 4578 941 4623 et
970 4570 1096 4625 sine
1148 4576 1515 4629 terrenarum
1573 4574 2001 4641 cogitationum
2035 4592 2161 4647 per-

518 4654 874 4723 turbatione,
894 4656 1021 4713 haec
1050 4660 1417 4726 exhibentes,
1443 4660 1607 4729 digni
1629 4662 1846 4716 ﬁamus
1877 4664 2163 4735 inclytam

517 4745 645 4815 ejus
683 4748 1175 4804 resurrectionem
1220 4765 1482 4817 cernere,
1542 4760 1719 4820 atque
1751 4751 1890 4806 hinc
1942 4755 2164 4821 gaudio

518 4834 729 4905 repleri
756 4852 767 4900 ;
799 4837 1098 4907 praecipue
1129 4838 1251 4908 qui,
1284 4845 1459 4909 prout
1488 4838 1601 4893 loci
1633 4841 1915 4895 sanctitas
1962 4850 2165 4913 postu-

517 4921 619 4987 lat,
652 4939 871 4995 corpus
906 4927 1264 4997 suscipiunt.
1322 4928 1383 4981 Hi
1432 4929 1591 4982 enim
1621 4933 1676 4983 et
1706 4930 1754 4983 ei
1790 4934 2169 5003 compatiun-

521 5016 635 5081 tur,
668 5018 721 5065 et
748 5016 1100 5085 consepulti,
1134 5022 1342 5087 postea
1369 5016 1541 5071 simul
1566 5027 1899 5088 resurgunt.

2267 4494 2485 4564 ματικὸν
2547 4491 2605 4539 τό
2671 4495 2759 4546 τῆς
2818 4485 3073 4558 ἀναφορᾶς
3148 4488 3346 4554 ὄνομα·
3407 4486 3497 4533 καὶ
3564 4477 3658 4532 διὰ
3717 4486 3875 4530 τοῦτο

2270 4584 2539 4653 τρέμοντες
2591 4578 2719 4647 ὁμου
2768 4581 2856 4626 καὶ
2907 4572 3241 4647 δακρύοντες,
3272 4572 3342 4631 ὡς
3368 4578 3456 4623 νῦν
3511 4570 3665 4621 αὐτὸν
3711 4570 3873 4641 ὀρῶν-

2270 4688 2354 4729 τες
2427 4669 2709 4736 πάσχοντα
2782 4666 2907 4736 ὑπὲρ
2977 4667 3118 4735 ἡμῶν
3180 4666 3265 4714 τόν
3329 4661 3674 4732 θεάνθρωπον,
3736 4658 3877 4710 οὓτω

2275 4765 2471 4828 στῶμεν
2512 4774 2771 4825 νηφοντως
2821 4758 2911 4804 καὶ
2952 4753 3237 4812 εὐσταθῶς,
3291 4752 3427 4809 ὅπως
3467 4747 3515 4799 ἐν
3565 4747 3740 4820 εἰρήνῃ
3781 4751 3878 4797 καὶ

2276 4845 2534 4917 ἀταραξίᾳ
2563 4852 2662 4893 τῶν
2713 4844 2939 4893 κάτωθεν
2978 4841 3263 4912 λογισμῶν,
3294 4847 3458 4891 ταῦτα
3502 4840 3877 4911 προσφέροντες

2276 4936 2305 4993 ἡ
2365 4935 2710 5006 ἀναφέροντες,
2753 4931 3151 5000 καταξιωθὼμεν
3205 4925 3331 4979 ἰδεῖν
3370 4926 3529 4978 αὑτοῦ
3584 4929 3676 4981 τήν
3736 4926 3879 4974 θείαν

2279 5022 2587 5090 ἀνάστασιν,
2636 5027 2843 5080 καὶτῆς
2876 5020 3095 5070 ἐντεῦθεν
3126 5023 3301 5091 χαρᾶς
3328 5015 3733 5088 ἑμπλησθώμεν·
3784 5018 3880 5063 καὶ

521 5098 751 5171 μαλιστα
781 5120 828 5152 οι
860 5102 1015 5163 αξίως
1049 5111 1139 5155 τοῦ
1172 5107 1307 5157 θείου
1353 5110 1511 5156 τόπου
1555 5106 2027 5180 μεταλαμϐάνοντες
2069 5117 2309 5184 σώματος
2346 5132 2357 5144 ι
2412 5112 2556 5162 οὗτοι
2594 5113 2691 5184 γὰρ
2733 5115 2822 5161 καὶ
2876 5110 3293 5180 συμπάσχουσιν
3339 5105 3499 5176 αὐτῷ,
3542 5108 3629 5155 καὶ
3680 5103 3879 5154 συνθαο

525 5193 771 5259 πτόμενοῖ
800 5197 1222 5243 συνανέστανται.

599 5365 909 5447 (Ethelum
954 5367 1117 5447 apud
1155 5369 1527 5447 ~Germanum
1573 5372 1876 5443 βενετικαίς.
1927 5379 2164 5434 venetis.

874 5436 1121 5509 ἀνώγοιιον
1148 5439 1532 5514 ἐσταυρωμένον
1563 5436 1671 5515 pro
1711 5447 2041 5515 ἐστρωμένον.

744 5500 1147 5590 ρίρθτθεοιιω
1179 5500 1441 5590 Ροθίὶεέν
1472 5500 1680 5590 discidii.)
1710 5500 1946 5590 τῆξγὴς.

601 5580 714 5652 (26)
744 5579 916 5637 Vides
943 5581 1137 5651 legem
1168 5579 1435 5642 Graecam
1474 5579 1557 5647 de'
1588 5579 2016 5647 semici'r'culari
2042 5605 2173 5665 pre-

2278 5375 2565 5449 sbyterio,
2596 5380 2661 5429 ut
2684 5374 2842 5449 apud
2860 5372 3268 5449 _Allal_ium_De
3295 5371 3528 5449 templis
3555 5371 3743 5449 Graio.
3778 5367 3879 5423 ed.

2279 5442 2460 5504 Paris.
2498 5442 2555 5519 p.
2600 5442 2741 5501 166.’
2766 5447 2928 5519 Quin‘
2967 5444 3117 5519 adeo
3148 5444 3429 5519 decoram
3466 5443 3636 5519 lianc
3678 5442 3879 5519 legem

2280 5512 2579 5575 servatam
2604 5518 2877 5587 videmus
2916 5516 2973 5587 in
3008 5516 3221 5587 priscis
3254 5516 3433 5571 etiam
3466 5516 3665 5569 Romae
3697 5516 3753 5565 et
3792 5512 3879 5564 ci-

2279 5590 2473 5646 vitatis
2498 5589 2799 5645 Toscanise
2827 5586 3113 5643 basilicis.
