4106 6222
180 289 320 344 445
1451 288 1848 348 COMMENTA'I

1978 289 2367 350 LITURGICA.
3481 307 3589 362 μϐ

273 409 354 466 κ’.
407 417 777 484 Παρεγγυᾶται
821 407 882 464 δε
919 413 1047 485 πρὸς
1088 413 1290 472 τούτοις
1337 412 1363 462 ὁ
1407 410 1684 486 ἀρχιερεὺς
1731 413 1835 466 ἄνω

2017 417 2106 472 20.
2148 418 2424 474 Hortatur
2451 435 2592 476 mox
2622 420 2966 494 episcopus,
2999 439 3246 481 sursum
3285 425 3470 482 corda
3505 430 3592 484 to-

185 500 302 560 τὰς
357 497 600 576 καρδίας
629 502 790 571 ἔχειν,
823 520 914 552 και
955 499 1068 553 ὅλον
1114 503 1201 552 τὸν
1254 508 1394 556 νοῦν.
1428 503 1493 552 Οἱ
1534 521 1716 554 πιστοι
1755 497 1835 567 δε,

183 591 424 642 τούτων
481 588 783 661 λεγομένων,
825 588 1224 661 ἐπαγγέλλονται
1276 607 1584 663 προσφερειν
1635 599 1838 664 πρῶτον

185 680 296 748 μὲν
367 678 537 746 ἵλεον,
585 676 695 730 εἶτα
750 677 959 751 εἰρήνην
1006 678 1076 739 ὠς
1125 679 1312 731 θυσίαν
1359 678 1624 740 αἰνέσεως.
1683 678 1840 750 Ὀμο-

185 764 449 837 λογοῡσι
492 761 553 821 δε
609 771 698 820 καὶ
747 769 842 829 τὰς
884 763 1107 840 καρδίας
1152 767 1317 828 οὕτως
1361 769 1504 838 ἕχειν
1550 770 1677 838 πρὸς
1737 769 1841 820 Κύ-

187 874 350 927 ριον,
421 857 596 928 ὧσπερ
646 854 979 912 ἔντε’λλονται.
1033 855 1148 908 Ἐπι
1199 857 1404 916 τούτοις
1452 858 1510 908 τὸ
1563 857 1694 908 θεῖον
1744 864 1838 918 τῆς

189 939 522 1016 ὁρθοὸόξου
575 948 798 1006 πίστεως
863 942 1118 1016 σύμϐολον
1174 942 1421 1016 λέγεσθαι
1475 939 1837 1013 διατέτακται,

191 1032 269 1082 ἶν’
326 1030 399 1084 ἐκ
445 1035 632 1086 τούτου
675 1037 936 1104 γνώριμον
983 1035 1059 1090 εἴη
1112 1037 1220 1092 τοῖς
1255 1036 1418 1086 πᾶσιν
1461 1033 1540 1084 ὅτι
1569 1033 1594 1084 ὁ
1636 1030 1702 1094 εἷς
1743 1039 1838 1094 τῆς

189 1117 463 1194 Τριάδος
519 1121 544 1172 ὁ
597 1125 876 1192 μονογενής
925 1123 1040 1182 Υἱὸς
1089 1141 1179 1172 και
1235 1125 1406 1191 Λόγος
1459 1128 1550 1172 τοῦ
1602 1118 1837 1194 ἀνάρχου

193 1213 460 1282 Πατρός,
510 1208 658 1269 οὗτος
709 1205 804 1260 διά
850 1213 944 1266 τὴν
1000 1211 1253 1282 ἡμετέραν
1308 1214 1571 1281 σωτηρίαν
1619 1228 1710 1260 και
1753 1210 1838 1259 οἰνο

195 1298 434 1371 θρωπος
485 1302 685 1369 γέγονε,
743 1298 1030 1370 σαρκωθεὶς
1088 1295 1137 1350 ἓν
1198 1306 1291 1358 τῆν
1347 1297 1502 1367 ἀγίας
1551 1297 1832 1369 Παρθένου,

197 1388 574 1459 σταυρωθεις,
618 1405 709 1438 και
758 1405 953 1457 ταφεις,
998 1405 1088 1438 και
1127 1383 1353 1447 ἀναστάς
1385 1406 1396 1418 ο
1447 1385 1507 1437 οὗ
1559 1389 1694 1438 κατά
1745 1388 1840 1448 τὰς

203 1477 370 1537 θείας
431 1473 639 1536 ἕντολάς
689 1477 756 1528 τὰ
808 1473 1084 1546 τελούμενα
1133 1481 1301 1526 ταῦτα
1353 1477 1702 1548 πράττομενα,
1757 1475 1840 1525 ἵνα

205 1571 286 1636 μὴ
344 1564 528 1634 λόγοις
570 1565 747 1636 μόνον,
796 1561 922 1614 ἀλλά
969 1582 1059 1615 και
1106 1565 1277 1637 ἔργοις
1326 1562 1488 1614 εἰσαει
1530 1570 1625 1625 τῆς
1671 1581 1839 1620 σωτη-

207 1657 343 1726 ρίας
419 1651 567 1722 ἡμῶν
634 1649 1026 1725 ἐνεργουμένης,
1094 1651 1228 1703 οὕτω
1293 1652 1593 1722 φαινώμεθα
1655 1650 1841 1712 ζῶντες

1945 506 2191 577 tamque
2221 511 2482 562 mentem
2512 507 2753 564 habere.
2786 510 3008 567 Fideles
3038 516 3262 583 autem,
3284 513 3433 572 dum
3461 515 3592 572 haec

1945 591 2247 660 dicuntur,
2278 597 2635 666 promittunt
2671 598 2950 658 exhibere
2975 601 3173 672 primo
3196 603 3443 674 quidem
3483 603 3592 660 mi-

1946 680 2353 746 sericordiam.
2389 684 2604 741 deinde
2643 702 2879 758 pacem,
2921 704 3030 745 ceu
3062 690 3418 748 sacriﬁcium
3462 692 3592 750 lau-

1945 768 2057 825 dis.
2101 773 2377 830 Fatentur
2414 773 2574 840 item,
2607 790 2670 830 se
2710 775 2792 834 ita
2819 776 3042 833 habere
3070 779 3257 836 corda
3297 795 3440 849 erga
3483 782 3592 836 Do-

1946 857 2201 924 minum,
2249 864 2313 915 ut
2358 861 2664 932 jubentur.
2714 866 2851 919 Post
2891 864 3021 920 hinc
3068 864 3344 924 divinum
3387 869 3589 924 ortho-

1945 946 2119 1003 doxae
2156 947 2294 1004 ﬁdei
2327 950 2670 1021 symbolum
2702 952 2818 1008 dici
2849 953 3190 1011 ordinatum
3221 961 3329 1016 est.
3356 960 3421 1012 ut
3451 956 3591 1013 hinc

1945 1035 2230 1090 omnibus
2256 1035 2358 1094 ﬁat
2393 1037 2792 1109 exploratum,
2826 1041 2992 1112 quod
3022 1058 3178 1098 unus
3210 1042 3286 1098 de
3314 1042 3590 1100 Trinitate

1945 1125 2286 1195 unigenitus
2337 1125 2511 1184 Filius
2561 1131 2618 1184 et
2667 1129 2926 1184 Verbum
2978 1131 3274 1202 principio
3336 1132 3592 1190 carentis

1945 1213 2148 1274 Patris,
2185 1219 2426 1284 propter
2463 1221 2727 1274 nostram
2764 1215 3019 1274 salutem
3055 1218 3242 1276 homo
3273 1219 3345 1276 sit
3373 1221 3586 1285 factus,

1944 1300 2290 1356 incarnatus
2313 1302 2388 1356 de
2419 1308 2626 1360 sancta
2649 1304 2907 1374 Virgine,
2931 1307 3276 1375 cruciﬁxus,
3297 1309 3586 1381 sepultus,

1945 1393 2004 1444 et
2030 1389 2417 1445 resuscitatus
2444 1408 2456 1446 :
2491 1392 2664 1462 cujus
2692 1392 2898 1449 divino
2941 1395 3232 1452 mandato
3261 1395 3389 1452 haec
3418 1413 3593 1458 sacra

1946 1475 2201 1532 facimus
2236 1482 2296 1531 ut
2319 1477 2481 1534 haud
2515 1480 2712 1536 verbis
2741 1486 2993 1547 tantum,
3017 1499 3222 1538 verum
3250 1485 3427 1540 etiam
3453 1502 3590 1559 ope-

1946 1565 2112 1622 ribus
2139 1565 2394 1622 salutem
2425 1573 2697 1623 nostram
2727 1569 2970 1626 assidue
2999 1577 3342 1642 operantes,
3365 1571 3448 1628 sic
3470 1589 3591 1630 non

1946 1653 2147 1709 vivere
2190 1658 2420 1710 tantum
2454 1656 2557 1711 sed
2603 1672 2740 1714 cum
2784 1658 2997 1714 virtute
3027 1659 3223 1715 vivere
3249 1661 3589 1720 videamur:

213 1743 362 1813 ὁμοῦ
426 1760 520 1792 και
579 1739 1002 1811 πολιτευόμενον
1071 1759 1161 1791 και
1218 1742 1284 1791 τὰ
1338 1742 1429 1810 μὶν
1482 1741 1622 1796 πάθη
1684 1759 1841 1812 σαρκί

1957 1747 2127 1813 atque
2149 1742 2447 1800 cruciatus
2473 1744 2675 1816 ipsum
2704 1745 2954 1817 quidem
2974 1763 3154 1804 carne
3181 1764 3431 1820 passum
3456 1765 3594 1805 con-

220 1837 416 1903 τοῦτον
476 1831 920 1900 ὑπομεμενηκέναι
977 1828 1324 1900 ὁμολογῶμεν,
1370 1825 1545 1886 ἀπαθῆ
1607 1823 1667 1880 δὲ
1727 1831 1844 1880 τού-

220 1937 322 1972 του
380 1917 734 1989 φυλάττεσθαι
788 1921 883 1976 τὴν
939 1918 1193 1973 θεότητα·
1243 1917 1352 1987 άμα
1401 1911 1460 1968 δὲ
1510 1917 1594 1967 ἵνα
1643 1924 1704 1987 τῇ
1764 1915 1844 1967 ἐκ.

227 2013 462 2078 φωνήσει
514 2001 670 2058 τοῦδε
725 2011 818 2057 τοῦ
874 2007 1010 2060 θείου
1067 2003 1329 2076 συμϐόλου
1385 2023 1475 2055 και
1526 2007 1576 2056 οἱ
1625 2001 1844 2075 ἀγνῶτες

227 2115 328 2146 και
389 2092 626 2166 ἀμαθεῖς,
683 2095 874 2146 τούτου
936 2092 1203 2154 ἀκούοντες
1258 2099 1348 2146 τοῦ
1407 2088 1686 2164 ἀδομένου,
1751 2088 1844 2146 διὰ

229 2186 429 2243 παντὸς
478 2182 528 2234 ἐν
581 2186 772 2253 γνώσει
822 2185 991 2252 ἔχωσι
1046 2183 1109 2234 τά
1156 2184 1345 2255 ἔκφορα
1404 2188 1494 2233 τοῦ
1547 2186 1843 2253 μυστηρίου

237 2279 341 2333 τῆς
384 2276 606 2332 πίστεως
651 2289 742 2322 και
781 2277 890 2331 ταῖς
939 2279 1038 2322 τῶν
1077 2269 1275 2322 πολλῶν
1318 2268 1502 2332 ἀκοαῖς
1547 2270 1641 2322 ούκ
1687 2269 1844 2344 ἀπόρ-

249 2360 416 2432 ῥητα.

326 2446 428 2502 κα’.
466 2446 522 2500 ’Β
562 2443 617 2500 δὲ
653 2455 750 2499 τῶν
794 2448 960 2519 θυρῶν
1003 2446 1214 2515 κλείσις,
1247 2467 1336 2500 και
1375 2450 1405 2504 ἡ
1453 2445 1621 2499 ἐπάνω
1650 2450 1844 2500 τούτων

249 2533 543 2596 ἐξάπλωσις
593 2543 680 2586 τοῦ
746 2537 1236 2608 καταπετάσματος,
1292 2536 1356 2595 ὠς
1414 2535 1461 2588 ἐν
1514 2542 1623 2597 τοῖς
1684 2554 1843 2606 μονα-

245 2628 486 2697 στηρίοις
536 2623 774 2688 εἰώθασι,
821 2643 911 2676 και
958 2625 987 2682 ἡ
1048 2631 1140 2675 τοῦ
1197 2623 1470 2696 λεγομένου
1534 2622 1680 2698 ἀέρος
1731 2623 1843 2691 (ὶἹ)

237 2720 344 2763 τῶν
402 2715 546 2764 θείων
595 2709 777 2786 δώρων
823 2713 1157 2783 έπικάλυψις,
1213 2713 1283 2775 ὡς
1334 2711 1502 2786 οἶμαι,
1555 2718 1650 2771 τὴν
1687 2716 1848 2764 νύκτα

238 2800 445 2857 ἐκείνην
514 2797 689 2866 δηλοῖ,
757 2801 873 2854 καθ’
919 2801 979 2860 ἢν
1041 2803 1069 2858 ἡ
1130 2809 1221 2854 τού
1288 2803 1524 2874 μαθητοῦ
1584 2798 1848 2874 προδοσία

235 2888 462 2964 προέϐη,
505 2909 592 2940 και
648 2892 677 2948 ἡ
733 2893 859 2966 πρὸς
906 2892 1142 2963 Καῑάφαν
1188 2889 1469 2961 ἀπαγωγὴ,
1505 2910 1594 2942 και
1637 2892 1664 2948 ἡ
1723 2893 1847 2964 πρὸς

236 2977 434 3031 Ἀνναν
499 2980 864 3052 παράστασις,
932 2998 1022 3030 και
1087 2980 1142 3030 αἱ
1205 2975 1698 3052 ψευδομαρτυρίαι,
1763 2998 1847 3030 ναι

1947 1829 2242 1894 ﬁteamur,
2278 1831 2382 1886 sed
2415 1833 2684 1903 ejusdem
2717 1835 3146 1906 impassibilem
3188 1837 3482 1896 mansisse
3509 1837 3593 1892 di-

1947 1919 2288 1991 vinitatem;
2325 1919 2625 1992 simulque
2677 1927 2738 1977 ut
2775 1921 2921 1978 dum
2953 1923 3082 1980 haec
3111 1924 3297 1980 divini
3334 1925 3595 1996 symboli

1949 2007 2105 2064 elata
2134 2023 2279 2062 voce
2309 2008 2574 2064 recitatio
2604 2008 2688 2072 ﬁt,
2722 2009 2924 2066 idiotse
2954 2011 3266 2084 ignarique
3295 2012 3590 2084 homines,

1949 2095 2249 2154 canticum
2287 2097 2401 2152 hoc
2429 2097 2759 2164 audientes,
2787 2103 2986 2156 mente
3017 2100 3350 2173 percipiant
3376 2107 3594 2172 myste-

1949 2183 2019 2240 rii
2061 2184 2351 2256 notitiam,
2385 2200 2522 2257 qua:
2559 2185 2684 2257 jam
2726 2184 3048 2246 multorum
3099 2187 3347 2246 auribus
3399 2187 3594 2245 divul-

1949 2278 2148 2342 gatur.

2024 2453 2110 2506 21.
2153 2453 2459 2508 Portarum
2490 2468 2632 2510 vero
2675 2454 2976 2523 clausura,
3015 2471 3126 2512 nec
3174 2471 3294 2512 non
3337 2456 3452 2512 veli
3500 2456 3596 2512 his

1952 2539 2536 2610 superimpendentis
2567 2543 2816 2613 apertio,
2850 2548 2918 2599 ut
2953 2543 3014 2600 in
3046 2544 3428 2600 monasteriis
3474 2543 3600 2600 ﬁeri

1953 2625 2120 2689 solet,
2147 2631 2274 2682 tum
2307 2631 2362 2684 et
2391 2627 2536 2682 illud
2561 2629 2902 2685 divinorum
2935 2630 3237 2688 donorum
3267 2632 3602 2704 operimen-

1953 2721 2104 2782 tum,
2119 2715 2286 2786 quod
2306 2715 2487 2786 vulgo
2518 2717 2734 2773 dicitur
2756 2733 2878 2784 aer,
2905 2718 3091 2788 illam,
3109 2725 3173 2776 ut
3196 2735 3347 2784 reor,
3364 2725 3601 2776 noctem

1955 2802 2015 2858 in
2055 2818 2177 2874 qua
2219 2802 2498 2875 discipuli
2542 2806 2798 2876 proditio
2846 2808 3058 2874 evenit,
3089 2807 3396 2876 denotant,
3429 2813 3485 2865 et
3525 2807 3602 2864 ad

1957 2891 2248 2963 Caipham
2278 2890 2724 2962 deductionem,
2754 2899 2811 2950 et
2839 2911 3042 2952 coram
3071 2899 3244 2952 Anna
3283 2900 3604 2968 praesenta-

1955 2979 2200 3049 tionem,
2235 2986 2293 3035 et
2329 2980 2480 3036 falsa
2510 2983 2869 3048 testimonia,
2901 2989 2960 3039 et
2999 2984 3331 3052 illusiones,
3361 2989 3417 3039 et
3445 2983 3604 3039 cola-

234 3071 346 3140 μὴν
389 3087 480 3118 και
523 3068 573 3118 οἰ
619 3065 926 3140 ἐμπαιγμοι,
960 3086 1044 3122 και
1092 3070 1140 3119 οἱ
1178 3066 1518 3139 κολαφισμοι,
1559 3086 1650 3120 και
1690 3066 1848 3120 τᾶλλα

1957 3067 2134 3142 plios,
2162 3073 2217 3123 et
2241 3085 2619 3141 quaecunque
2659 3071 3009 3142 hujusmodi
3041 3078 3180 3128 tunc
3209 3071 3601 3141 contigerunt.

235 3158 346 3208 ὅσα
393 3158 452 3207 τὸ
501 3163 789 3214 τηνικαῦτα
836 3155 1162 3229 συμϐέϐηκε·
1197 3153 1290 3208 διὰ
1333 3175 1385 3208 τι
1421 3158 1523 3228 γὰρ
1567 3159 1624 3208 τὸ
1656 3155 1849 3228 κάλυμ-

237 3265 318 3318 μα
353 3252 507 3296 τοῦτο
557 3243 659 3316 ἀηρ
709 3245 1011 3316 ὠνομάσθη,
1053 3245 1081 3303 ἦ
1137 3247 1338 3305 πάντως
1377 3240 1470 3296 διὰ
1509 3248 1566 3296 τὸ
1611 3247 1698 3296 τὸν
1743 3242 1850 3296 ἐπι-

240 3334 630 3406 καλυπτόμενον
673 3334 798 3409 παρ’
847 3334 1006 3388 αὐτοῦ
1067 3337 1326 3386 σκοτεινὸν
1385 3331 1510 3406 ἀέρα
1567 3342 1655 3394 τῆς
1703 3333 1848 3406 εἰρη-

241 3428 401 3496 μένης
456 3426 644 3484 νυκτὸς
703 3422 1082 3487 εἰκονίζεσθαις
1140 3421 1256 3476 καθ’
1312 3422 1364 3473 ὃν
1425 3442 1515 3474 και
1582 3427 1769 3496 Πέτρος
1823 3424 1849 3474 ὁ

244 3516 414 3586 μέγας
469 3513 565 3574 ἔξω
619 3519 710 3572 τῆν
769 3513 924 3586 θύρας
983 3511 1165 3577 ἑστὼς,
1213 3510 1463 3585 πρεσϐείᾳ
1517 3519 1609 3563 τοῦ
1662 3511 1852 3581 ἐγνωσ-

243 3609 403 3675 μένου
442 3611 516 3672 τῷ
569 3601 807 3676 ἀρχιερεί
861 3603 1124 3674 μαθητοῦ,
1164 3598 1311 3654 ἔνδον
1367 3600 1558 3672 ἐγένετο
1613 3609 1706 3664 τῆς
1761 3601 1851 3652 αύ-

242 3689 338 3751 λῆς
364 3712 377 3722 ·
415 3691 535 3742 ἔνθα
573 3709 663 3741 και
701 3692 731 3748 ἠ
774 3685 1036 3747 παιδίσκη
1083 3693 1250 3760 τούτῳ
1288 3688 1588 3760 ἐντυχοῦσα
1615 3705 1627 3716 ·
1670 3709 1758 3741 και
1803 3690 1852 3741 οἰ

246 3782 379 3852 πρὸς
438 3785 502 3852 τῇ
578 3783 722 3852 πυρᾷ
793 3786 1151 3850 παρεστῶτες,
1217 3774 1546 3849 διήλεγχονο
1625 3797 1715 3830 και
1789 3779 1854 3830 τά

243 3867 410 3919 λοιπά
462 3868 629 3936 τούτῳ
682 3864 1106 3924 ἐπηκολούθησαν
1159 3868 1258 3918 ὅσα
1307 3870 1436 3938 πρὸς
1481 3870 1566 3920 τὸν
1628 3870 1854 3940 κρημνὸν

249 3964 343 4016 τῆς
403 3954 664 4028 ἀρνήσεως
704 3959 1099 4026 κατηπείγοντο,
1149 3950 1242 4007 διὰ
1297 3959 1354 4007 τὸ
1401 3964 1590 4028 πτῶμα
1644 3975 1856 4027 συγχω-

245 4045 465 4118 ρηθέντι
517 4043 650 4094 οὕτω
701 4043 942 4112 γενέσθαι
989 4051 1082 4104 τῆς
1133 4043 1398 4115 ἐπάρσεως
1439 4043 1467 4100 ἦ
1519 4048 1852 4115 καυχήσεως.

246 4134 571 4208 Αἱρονμένου
639 4126 697 4182 δὲ
753 4137 845 4181 τοῦ
897 4129 1040 4203 ἀέρος
1094 4150 1184 4182 και
1243 4138 1334 4182 τού
1392 4134 1856 4203 καταπετάσματος

249 4218 681 4292 συστελλομένου,
735 4227 835 4270 τῶν
890 4220 1056 4291 θυρῶν
1099 4237 1150 4271 τε
1207 4217 1570 4291 ἀνοιγομένων,
1613 4221 1641 4280 ἡ
1686 4223 1859 4293 πρωία

248 4304 625 4372 διατυπούται,
660 4307 776 4358 καθ’
819 4307 871 4357 ὃν
913 4305 1188 4378 ἀπήγαγον
1227 4307 1384 4358 αὑτὸν
1424 4328 1513 4360 και
1550 4305 1857 4381 παρέδωκαν

1959 3159 2074 3212 Cur
2101 3157 2261 3213 enim
2293 3159 2732 3230 operimentum
2770 3159 2887 3216 hoc
2933 3160 3289 3233 appellatur,
3325 3176 3447 3224 aer,
3490 3160 3603 3215 nisi

1957 3247 2104 3316 quia
2123 3244 2450 3317 adopertus
2472 3247 2736 3303 tenebris
2758 3263 2860 3302 aer
2879 3248 3073 3304 noctis
3094 3248 3248 3304 illius
3266 3248 3344 3303 ab
3365 3264 3435 3304 eo
3455 3247 3606 3317 ﬁgu-

1958 3339 2125 3388 ratur
2144 3334 2171 3388 ‘?
2201 3350 2326 3406 qua
2354 3341 2410 3390 et
2438 3351 2700 3406 magnus
2731 3339 2952 3403 Petrus,
2985 3353 3124 3392 cum
3161 3343 3327 3393 extra
3351 3337 3603 3410 januam

1960 3426 2160 3486 staret,
2201 3427 2417 3492 rogatu
2468 3422 2767 3496 discipuli,
2799 3425 2904 3498 qui
2952 3431 3078 3480 erat
3107 3424 3371 3496 pontiﬁci
3400 3428 3604 3488 notus,

1959 3509 2339 3568 intromissus
2377 3511 2438 3566 in
2482 3513 2701 3568 atrium
2731 3513 2881 3569 fuit:
2917 3513 3019 3569 ubi
3059 3519 3116 3570 et
3166 3513 3382 3570 ancilla
3418 3513 3470 3568 ei
3499 3528 3604 3568 oc-

1961 3615 2226 3665 currens,
2270 3605 2322 3656 et
2373 3600 2477 3673 qui
2519 3600 2809 3657 sedebant
2847 3603 2928 3658 ad
2965 3617 3212 3675 prunas,
3266 3618 3406 3658 eum
3445 3617 3608 3658 coar-

1961 3693 2219 3760 guerunt
2242 3705 2255 3756 ;
2287 3693 2345 3744 et
2381 3688 2500 3746 alia
2551 3690 2603 3745 ei
2629 3696 2976 3761 evenerunt,
2999 3708 3138 3764 quae
3166 3690 3245 3748 ad
3270 3690 3608 3762 negationis

1961 3776 2356 3850 praecipitium
2384 3777 2785 3850 impulerunt;
2819 3777 2966 3836 dum
3001 3780 3112 3836 hos
3138 3779 3316 3852 lapsu
3336 3795 3611 3836 corruere

1961 3864 2292 3938 permissus
2331 3871 2422 3922 est
2463 3865 2733 3922 elationis
2772 3882 2892 3924 sum
2922 3883 3108 3923 causa
3136 3873 3192 3922 et
3222 3865 3610 3934 gloriationis.

1963 3954 2176 4010 Ablato
2233 3961 2436 4012 autem
2489 3971 2646 4022 aere,
2692 3962 2749 4012 et
2802 3959 3055 4014 retracto
3110 3956 3260 4023 velo,
3306 3956 3611 4028 portisque

1964 4042 2327 4115 patentibus,
2367 4059 2546 4098 mane
2597 4042 2744 4099 illud
2787 4043 3100 4112 ﬁguratur,
3140 4059 3263 4116 quo
3313 4042 3611 4098 Christum

1967 4131 2299 4188 abductum
2337 4132 2543 4187 Pontio
2571 4131 2752 4188 Pilato
2781 4131 3023 4202 praetori
3061 4130 3460 4186 tradiderunt.
3492 4132 3612 4185 Hoc

1967 4220 2124 4275 enim
2152 4226 2438 4290 tempore,
2470 4234 2685 4289 nempe
2716 4217 2864 4274 dum
2903 4224 3090 4290 portas
3121 4218 3340 4274 clausa:
3374 4224 3531 4281 sunt,
3558 4222 3616 4274 et

1966 4307 2166 4362 velum
2210 4313 2596 4380 praetensum,
2632 4306 3038 4363 subdiaconos
3089 4307 3232 4362 foris
3275 4321 3515 4362 manere
3553 4306 3614 4362 in

249 4401 455 4467 Ποντίῳ
504 4395 711 4466 Πιλάτῳ
758 4403 830 4465 τῷ
876 4397 1130 4467 ἡγεμόνι·
1173 4394 1222 4446 ἐν
1269 4399 1435 4466 τούτῳ
1475 4400 1574 4469 γαρ
1616 4406 1687 4467 τῷ
1742 4417 1848 4448 και-

1969 4394 2326 4451 venerabilis
2379 4394 2583 4467 templi
2630 4395 2861 4468 spatiis,
2893 4397 3065 4468 quasi
3109 4396 3169 4452 in
3217 4396 3369 4452 sacri
3415 4393 3618 4450 altaris

247 4493 325 4560 ρῷ
392 4492 490 4546 τῆς
552 4492 651 4536 τῶν
722 4479 949 4557 θυρίδων
1017 4479 1225 4541 δηλαδὴ
1295 4483 1532 4544 κλείσεως
1604 4505 1694 4535 και
1766 4494 1858 4537 τοῦ

250 4577 721 4644 καταπετάσματος
776 4575 893 4633 τούς
949 4567 1330 4634 ὑποδιακόνους
1375 4572 1554 4634 ἔξωθεν
1608 4575 1860 4626 ἵστασθαι

254 4662 304 4714 ἐν
342 4669 413 4732 τῷ
457 4662 638 4714 πλάτει
687 4667 778 4712 τοῦ
808 4663 944 4712 θείου
994 4667 1138 4723 ναοῦ,
1191 4660 1259 4720 ὡς
1307 4659 1357 4711 ἐν
1401 4659 1530 4732 αύλῇ
1584 4662 1731 4732 τάχα
1769 4669 1859 4712 τοῦ

256 4758 452 4804 σεπτού
503 4753 908 4824 θυσιαστηρίου,
942 4749 990 4799 οἱ
1049 4750 1177 4800 θεῖοι
1225 4753 1440 4821 Πατέρες
1481 4744 1857 4820 διατετάχασι,

254 4843 322 4891 τά
372 4835 645 4891 σκάνδαλα
695 4836 751 4890 ἐκ
799 4841 962 4910 μέσου
1021 4840 1272 4910 αἴροντες,
1321 4841 1409 4888 καὶ
1465 4840 1580 4897 τούς
1634 4833 1859 4900 ἀναιδῶς

253 4949 345 4979 και
401 4927 817 5003 ἀνερυθριάστως
878 4919 983 4976 ὧδε
1035 4923 1247 4976 κάκεῖσε
1311 4930 1718 5000 περιτρέχοντας
1778 4925 1861 4978 έπι

255 5015 430 5090 βλάϐη
484 5024 583 5067 τῶν
636 5013 1003 5087 ἀφελεστέρων,
1046 5013 1130 5064 οἷά
1174 5033 1289 5064 τινα
1331 5009 1620 5070 παιδίσκην
1669 5013 1858 5067 ἀποσο-

255 5103 479 5165 ϐοῦντας
549 5123 638 5155 και
703 5099 1120 5164 ἀναστέλλοντας,
1161 5102 1210 5151 οἰ
1283 5120 1342 5171 γε
1407 5107 1497 5154 καὶ
1537 5107 1670 5172 τό,‹‹
1705 5102 1858 5155 Ὀσοι

253 5211 479 5257 πιστοι,
551 5216 580 5242 ιι
647 5189 980 5264 ἓκφωνοῦντες
1045 5193 1163 5246 τούς
1228 5199 1565 5264 παρεστῶτας
1645 5189 1858 5264 ἀσφαλί-

256 5283 476 5349 ζονται,
543 5288 638 5333 τοῦ
710 5285 988 5351 πτώματος
1063 5285 1156 5329 τοῦ
1221 5284 1508 5350 κορυφαίου
1589 5289 1860 5352 μυστικῶς

255 5375 391 5423 κατά
462 5373 659 5428 ταύτην
723 5373 816 5428 τήν
880 5367 1018 5438 ὥραν
1083 5364 1596 5440 ἀναμιμνήσκοντες,
1667 5367 1731 5428 ὠς
1797 5367 1856 5420 ἀν

1969 4485 2142 4547 atrio,
2170 4483 2356 4539 sancti
2396 4486 2594 4540 Patres
2624 4483 3012 4550 mandarunt,
3037 4483 3326 4540 scandala
3354 4499 3384 4539 e
3413 4482 3616 4540 medio

1969 4573 2395 4642 subducentes,
2430 4580 2487 4627 et
2515 4587 2617 4628 eos
2643 4573 2748 4645 qui
2781 4572 3177 4629 inverecunde
3217 4572 3620 4644 impudenter-

1968 4678 2087 4733 que
2107 4661 2224 4716 huc
2241 4660 2378 4717 illuc
2400 4661 2743 4718 discurrunt
2761 4678 2896 4715 cum
2917 4661 3348 4734 simpliciorum
3369 4660 3616 4734 damno,

1969 4749 2197 4807 ancillae
2228 4749 2546 4821 cujusdam
2596 4750 2786 4805 instar
2816 4750 3122 4821 abigentes
3153 4755 3209 4803 et
3237 4748 3610 4806 cohibentes.

1971 4841 2113 4893 item
2163 4828 2258 4894 illi.
2282 4840 2384 4910 qui
2423 4837 2524 4893 illa
2555 4838 2737 4894 verba
2785 4837 3156 4900 inclamant;
3199 4860 3225 4886 ‹‹
3266 4835 3619 4908 Quicunque

1968 4925 2193 4994 ﬁdeles,
2214 4950 2239 4975 »
2260 4934 2585 4999 praesentes
2609 4942 2820 4980 omnes
2843 4941 2879 4979 a
2903 4923 3080 4998 lapsu
3108 4939 3315 4980 cavere
3341 4928 3619 4990 monent;

1970 5015 2117 5070 dum
2163 5014 2276 5069 illis
2307 5015 2695 5086 coryphaeum
2731 5013 2844 5069 hoc
2876 5019 3143 5084 tempore
3173 5012 3230 5066 in
3259 5014 3620 5068 memoriam

1970 5097 2293 5168 revocant;
2334 5120 2407 5158 ne
2455 5105 2594 5176 quis
2633 5103 2872 5168 horum,
2915 5109 3078 5158 metu
3117 5107 3218 5158 aut
3249 5100 3390 5158 dolo
3431 5102 3620 5158 subri-

1969 5193 2186 5266 piente,
2207 5193 2284 5246 ab
2317 5191 2385 5247 iis
2413 5193 2516 5264 qui
2549 5193 2864 5264 semperin
2891 5191 3220 5263 punitionis
3247 5191 3453 5262 prunis
3483 5194 3622 5244 sunt

1969 5280 2380 5346 daemonibus,
2419 5281 2626 5350 igneas
2677 5280 3066 5350 cogitationes
3119 5277 3520 5350 injicientibus
3559 5277 3620 5331 in

1967 5371 2151 5426 corda
2212 5370 2595 5442 potissnmum
2656 5370 2868 5426 virtute
2917 5369 3362 5434 sublimiorum,
3423 5371 3617 5422 mente

325 5565 445 5642 (-27)
481 5564 692 5622 Velum
719 5578 939 5640 nempe
964 5562 1312 5642 persubtile,
1343 5578 1467 5642 quo
1496 5578 1590 5622 res
1621 5579 1809 5628 sacra
1835 5565 1900 5650 in
1937 5565 2110 5626 altari
2141 5565 2511 5646 operiuntur.

4041 2905 4081 3084 έ

4043 3753 4054 3760 a

4031 3835 4046 3846 ο

4049 3749 4083 3786 ιη

4055 3789 4083 3880 i

4073 3909 4083 3992 ἐ

4077 3999 4083 4052 1

4049 4053 4083 4090 ,ι

4075 4119 4083 4154 ,1

4065 4207 4083 4288 ιέ

4065 4289 4083 4354 ’1

4075 4363 4083 4466 1

4069 4565 4083 4614 ἑ

4063 4693 4083 4818 Ξ
