4106 6222
3822 0 3895 15 ην
3928 0 4077 133 νην-Ι

498 269 602 323 447
1773 261 2129 319 THEODORI

2244 255 2583 318 iDlDENSIS
3746 269 3865 323 448

500 392 766 464 torpeat;
805 387 1040 445 etiamsi
1079 402 1205 444 non
1250 389 1429 459 sputa
1473 387 1707 444 tantum
1748 389 1805 443 et
1859 386 2134 459 colaphos

2262 390 2332 458 μή
2385 405 2462 447 τις
2509 386 2723 452 τούτων,
2777 384 2914 456 φόϐῳ
2967 386 2997 445 ἢ
3048 384 3183 460 δόλῳ
3226 388 3460 457 κλαπεὶς,
3511 390 3611 444 ὑπὸ
3660 398 3762 442 τῶν
3816 391 3861 443 ἐν

497 483 751 552 reputet,
791 494 1003 535 verum
1057 478 1235 534 etiam
1291 476 1652 547 sanguinem
1699 482 1758 533 et
1804 476 2134 549 passionen

2259 482 2321 547 τῇ
2378 479 2521 547 πυρᾷ
2575 482 2670 535 τῆς
2725 473 2987 537 κολάσεως
3054 474 3133 529 ἀεὶ
3201 477 3491 537 ἑστηκότων
3553 476 3858 552 δαιμόνων,

498 574 876 640 mortemque
908 567 1007 623 Dei
1032 566 1353 623 memorari
1392 566 1639 622 audiat:
1676 570 1732 622 et
1758 565 2134 621 nihilominus

2258 568 2512 636 πυρίνους
2562 566 2682 625 τοὺς
2727 562 3008 636 λογισμούς
3058 564 3284 619 ἐνιέντων
3334 568 3405 631 εἰς
3451 570 3545 631 τὰς
3594 566 3857 643 καρδίας,

499 658 673 730 quasi
718 658 816 713 Dei
862 655 1331 728 impassibilitati
1359 655 1591 725 favens,
1620 655 1869 711 omnino
1896 658 1953 709 et
1981 654 2134 710 indo

2258 653 2490 726 μάλιστα
2519 661 2618 705 τῶν
2661 652 2990 726 ὑψηλοτέρων
3025 658 3141 708 κατ’
3170 656 3375 732 ἀρετήν,
3409 658 3607 733 ὁκλάση
3647 664 3735 712 τὸν
3772 659 3860 712 λο-

496 746 745 802 lentiam
790 745 1022 817 absque
1061 744 1185 801 ulla
1222 744 1501 801 molestia
1542 744 1891 817 insipienter
1935 741 2134 812 largia-

2257 745 2449 814 γισμόν
2480 742 2538 794 ού
2569 744 2721 814 μόνον
2761 741 3092 815 ἐκπτυσμούς
3129 749 3217 798 καὶ
3256 746 3608 820 κολαφισμούς
3656 747 3854 811 ἐννοῶν,

498 838 623 891 tur:
657 839 835 907 atque
864 833 946 891 ita
968 833 1030 890 in
1053 833 1471 890 haereticorum
1500 832 2018 906 phantasticorum
2047 830 2134 888 ba'

2259 829 2388 882 ἀλλά
2426 834 2513 883 καὶ
2560 833 2690 903 αἷμα
2738 836 2826 884 καὶ
2864 834 3027 895 πάθος
3066 833 3266 887 ἀκούων
3310 844 3445 890 Θεοῦ
3475 842 3566 889 καὶ
3600 839 3818 890 θάνατον
3842 859 3857 872 ·

496 925 769 982 rathrum
816 923 1138 992 deferatur,
1170 928 1227 980 et
1276 928 1463 979 totam
1494 922 1707 980 Christi
1745 920 2134 978 oeconomiam

2256 917 2525 973 κάντεῦθεν
2587 923 2655 982 ὡς
2709 926 2996 995 συνήγορος
3059 919 3216 981 δῆθεν
3274 929 3420 993 Θεοῦ,
3478 929 3535 978 τὸ
3600 926 3860 987 παντελῶς

495 1016 556 1070 in
583 1029 807 1070 arcana
832 1012 1050 1069 mentis
1083 1028 1209 1068 suae
1240 1011 1484 1069 ofﬁcina
1511 1012 1786 1069 videatur
1815 1025 2058 1081 negare.

2261 1006 2544 1081 ἀνάλγητον
2593 1009 2732 1080 αύτῷ
2781 1015 2871 1063 καὶ
2929 1008 3188 1064 ἀνώδυνον
3243 1012 3465 1075 ἀνοήτως
3517 1020 3858 1089 χαρίσηται·

495 1109 583 1155 καὶ
624 1103 782 1163 οὕτως
813 1103 878 1163 εἰς
918 1106 975 1154 τό
1017 1107 1379 1155 Φανταστικῶν
1409 1103 1787 1173 κατενεχθῆναι
1839 1099 2130 1175 βάραθρον,
2156 1099 2246 1148 καὶ
2288 1098 2508 1170 ἄρνησιν
2546 1098 2842 1172 οἰκονομίας
2879 1107 2970 1161 τῆς
3002 1100 3122 1164 ὅλης
3172 1109 3407 1174 Χριστοῦ
3437 1102 3485 1155 ἓν
3532 1112 3605 1175 τῷ
3645 1113 3859 1179 κρυπτῷ

495 1200 585 1252 τῆς
616 1189 850 1253 διανοίας
877 1191 1209 1267 ἐργαστηρίῳ
1241 1192 1416 1263 ὀφθείη
1449 1194 1774 1263 ποιούμενος.

566 1285 653 1335 22.
689 1281 919 1336 Videsis
949 1285 1150 1337 autem
1178 1280 1488 1353 quomodo
1514 1280 1637 1335 divi
1670 1282 1869 1335 Patres
1895 1293 1991 1334 res
2018 1293 2142 1333 ma-

496 1372 599 1442 gni
634 1372 785 1428 Petri
831 1372 948 1427 hoc
976 1371 1111 1427 loco
1157 1371 1573 1443 repraesentari
1602 1369 1916 1434 voluerint,
1951 1373 2015 1424 ut
2060 1382 2146 1423 re-

495 1465 706 1533 putare
739 1461 1069 1532 possimus,
1091 1461 1256 1533 quod
1285 1461 1329 1515 si
1360 1460 1630 1515 Ecclesiae
1658 1458 2142 1522 fundamentum,

497 1565 677 1621 super
707 1565 828 1621 quo
856 1550 992 1621 ipsa
1029 1548 1388 1605 aedificanda
1430 1565 1573 1604 mox
1598 1553 1741 1618 crat,
1773 1547 2147 1603 Providentia

498 1638 579 1693 sic
621 1638 996 1709 disponente,
1033 1654 1205 1694 sacro
1256 1639 1604 1711 episcOpatu
1653 1637 1915 1710 spoliari,
1950 1642 2005 1693 et
2046 1637 2147 1693 tali

498 1732 786 1799 tantoque
812 1727 987 1800 lapsu
1012 1743 1294 1799 proruere
1325 1727 1723 1799 periclitatum
1753 1730 1859 1797 est,
1888 1726 1991 1799 qui
2019 1725 2134 1782 ﬁeri

2254 1726 2473 1771 νικαῦτα
2510 1724 2599 1772 καὶ
2650 1730 2839 1794 πτῶμα
2884 1730 3116 1776 τοιοῦτον
3153 1728 3482 1797 κατενεχθεὶς
3524 1725 3858 1781 ἀπόλλυσθαι

496 1817 730 1887 poterit,
780 1821 844 1871 ut
892 1816 1167 1872 hodierni
1212 1816 1395 1888 aliqui
1446 1832 1686 1873 sacrum
1730 1818 2134 1888 episcopatum

2255 1805 2561 1875 ἐκινδύνευε,
2614 1818 2724 1872 πῶς
2773 1807 2993 1864 δυνατόν
3044 1833 3189 1875 τινας
3244 1822 3343 1866 τῶν
3398 1823 3486 1867 νῦν
3538 1820 3719 1884 ὄντων,
3781 1823 3851 1889 μη

494 1904 743 1958 minime
788 1904 901 1959 sibi
949 1906 1405 1961 convenientem
1456 1904 1677 1977 adepti,
1706 1905 1766 1961 in
1813 1904 1929 1961 tale
1973 1904 2134 1960 bara-

2254 1905 2344 1957 τῆς
2404 1901 2774 1971 προσηκούσης
2847 1902 2985 1962 θείας
3050 1900 3342 1963 ἐπισκοπῆς
3407 1909 3496 1956 καὶ
3562 1905 3855 1978 ἐπιμελείας

495 1992 694 2047 thrum
726 2007 847 2048 non
875 1993 1189 2050 incidant?
1228 1994 1507 2049 Nonnulli
1535 2010 1673 2050 vero
1700 1994 1868 2051 aiunt
1897 1993 2134 2050 subdia-

2254 1989 2627 2058 τυγχάνοντας,
2688 1992 2818 2062 πρὸς
2877 1997 3109 2043 τοιοῦτον
3171 1996 3241 2063 μὴ
3302 2001 3607 2046 καταπεσεῖν
3679 1994 3856 2068 ted?”

493 2095 678 2137 conos
704 2082 877 2152 quasi
907 2082 1231 2154 imaginem
1257 2087 1486 2153 gestare
1515 2083 1722 2154 legalis
1741 2083 1939 2155 virgae,
1958 2099 2134 2156 quam

2257 2077 2412 2149 θρον;
2462 2080 2605 2138 Τινὲς
2649 2074 2707 2129 δὲ
2745 2077 2981 2149 λέγουσιν
3032 2082 3097 2140 ὡς
3144 2083 3302 2133 τύπον
3352 2086 3514 2156 φέρειν
3558 2086 3680 2145 τοὺς
3726 2086 3858 2136 υπο-

494 2170 634 2227 olim
662 2186 850 2227 manu
892 2172 1176 2229 tenebant
1213 2172 1251 2228 ii
1284 2173 1385 2245 qui
1427 2173 1655 2245 pascha
1683 2173 1829 2228 illud
1873 2174 2134 2229 comede-

2255 2161 2526 2226 διακόνους
2573 2174 2663 2226 τῆς
2716 2177 2935 2239 νομικῆς
2982 2165 3183 2241 ῥάϐδου
3242 2179 3332 2231 τῆς
3388 2170 3855 2246 ἐγκεχειρισμένης

492 2260 672 2315 bant:
704 2261 850 2331 quia
876 2261 1164 2317 nimirum
1196 2261 1551 2318 subdiaconi
1582 2262 1723 2318 foris
1750 2262 2134 2318 consistentes

2252 2261 2362 2315 τοῖς
2398 2258 2456 2305 τό
2490 2258 2689 2327 Πάσχα
2718 2255 2878 2309 ἐκεῖνο
2924 2255 3162 2310 ἐσθίουσι
3190 2280 3201 2292 ·
3246 2255 3388 2311 διότι
3425 2269 3524 2312 τῶν
3563 2258 3857 2314 ύποδιοικό⁶

491 2348 752 2421 quietem
801 2364 838 2404 a
888 2349 1166 2406 ﬁdelibus
1222 2351 1485 2421 exigunt,
1539 2356 1607 2407 ut
1653 2351 2134 2407 commoditatem

2250 2362 2346 2393 νων
2395 2343 2574 2405 ἔξωθεν
2619 2343 2968 2398 ἀπαιτούντων
3019 2352 3143 2408 τούς
3196 2351 3437 2413 πιστούς,
3478 2353 3572 2407 τήν
3620 2350 3711 2401 ὑπ’
3762 2352 3858 2403 01'5-

491 2436 755 2493 habeant
778 2438 879 2509 qui
910 2438 1068 2493 intus
1100 2444 1238 2495 sunt
1258 2439 1598 2496 sacerdotes
1627 2439 1830 2495 divina
1859 2441 2145 2511 mysteria

486 2523 922 2595 impcrturbate
953 2526 1303 2597 peragendi.

558 2616 650 2670 23.
693 2614 848 2678 Quid
885 2619 1085 2669 autem
1127 2615 1447 2671 dicendum
1476 2616 1549 2672 de
1591 2615 1960 2683 ventilabris,
2004 2633 2141 2690 quae

493 2701 736 2757 diaconi
766 2703 1000 2758 interim
1036 2719 1221 2759 manu
1252 2708 1473 2770 tenent,
1502 2710 1556 2761 et
1584 2705 1847 2761 celeriter
1875 2722 2142 2763 commo-

492 2794 632 2846 vent
675 2808 859 2863 supra
891 2808 983 2847 res
1029 2798 1296 2861 sanctas,
1329 2795 1503 2866 quasi
1544 2795 1795 2861 attoniti,
1827 2812 2019 2867 usque
2062 2796 2142 2852 ad

489 2878 1000 2951 complementum
1031 2889 1307 2951 augustae
1354 2882 1581 2953 precis:
1617 2904 1644 2932 «
1673 2884 1824 2939 Mitte
1857 2884 2134 2956 Spiritum

2248 2876 2382 2950 άχρι
2414 2878 2838 2952 συμπληρώσεως
2868 2881 2941 2943 εἰς
2982 2884 3061 2948 τὸ,
3093 2905 3121 2934 ‹‹
3156 2883 3506 2956 Κατάπεμψον
3545 2889 3603 2937 τὸ
3638 2890 3850 2960 Πνεῦμα

489 2972 766 3024 sanctum
796 2974 966 3025 tuum
994 2986 1176 3041 super
1200 2986 1312 3027 nos
1346 2976 1401 3027 et
1434 2987 1613 3043 super
1641 2973 1949 3045 proposita
1977 2973 2134 3030 dona

2252 2983 2343 3016 σου
2389 2968 2446 3017 τὸ
2495 2967 2642 3038 οἶγιον
2687 2967 2761 3041 ἐφ’
2808 2972 2946 3041 ἡμᾶς
2985 2976 3073 3023 καὶ
3114 2971 3197 3024 ἐπὶ
3241 2975 3307 3025 τά
3347 2978 3656 3047 προκείμενα
3699 2973 3851 3052 δῶρα

485 3057 657 3113 haec?
680 3080 707 3108 ››
730 3057 989 3114 Audacis
1016 3075 1179 3115 same
1209 3058 1429 3129 linguae
1457 3065 1543 3117 est
1563 3061 1638 3116 de
1666 3061 1759 3116 his
1789 3061 2003 3130 dicere,
2032 3062 2134 3118 sed

2248 3061 2431 3120 ταῦτα,
2482 3077 2509 3105 ››
2563 3065 2658 3117 τῆς
2708 3057 2969 3111 θεολέκτου
3016 3070 3370 3135 προσευχῆς;
3430 3062 3700 3137 Τολμηρόν
3753 3068 3848 3138 μὲν

484 3146 630 3217 quia
671 3146 856 3202 semel
886 3148 1173 3204 mandato
1200 3149 1465 3219 jubentis
1492 3151 1803 3220 cessimus,
1834 3151 2032 3220 agesis
2063 3151 2137 3208 de

484 3233 578 3289 his
610 3249 855 3306 quoque
898 3236 1244 3308 loquamur,
1272 3242 1453 3309 prout
1486 3242 1639 3294 Deus
1683 3240 2046 3295 concesserit
2083 3244 2139 3297 et

485 3322 784 3394 siquidem
808 3323 938 3379 aliis
959 3341 1204 3398 quoque
1227 3326 1386 3382 dicta
1406 3332 1613 3383 nostra
1633 3327 1848 3383 fuerint
1867 3333 2133 3400 accepta,

485 3414 604 3468 Deo
635 3413 752 3468 sint
792 3415 1028 3482 gratiae;
1062 3420 1218 3471 certe
1250 3416 1417 3471 haud
1457 3418 1705 3472 omnino
1740 3418 2137 3489 vituperanda

483 3501 609 3556 fore
639 3502 780 3569 scio,
812 3518 1008 3574 neque
1052 3508 1220 3559 extra
1248 3504 1389 3559 ﬁdei
1429 3506 1768 3560 Christianae
1811 3505 2125 3575 dogmata.

485 3588 747 3643 Dicimus
773 3606 934 3659 ergo,
968 3590 1194 3664 ubique
1222 3597 1280 3647 et
1309 3609 1549 3661 semper
1577 3594 1835 3649 astitisse
1866 3595 2135 3652 caelestes

483 3682 807 3749 potestates
848 3680 1077 3735 Christo
1120 3682 1393 3750 Domino,
1436 3682 1534 3738 illa
1573 3698 1714 3739 vero
1752 3685 2135 3755 potissimum

482 3770 657 3821 nocte
700 3782 823 3839 qua
864 3768 1114 3823 traditus
1158 3768 1283 3827 fuit.
1320 3774 1467 3843 Ipsae
1508 3771 1687 3840 igitur
1728 3773 1994 3829 videntes
2033 3775 2133 3830 ab-

482 3853 825 3911 ductionem
855 3856 933 3913 ad
961 3857 1270 3930 Caipham,
1296 3874 1496 3915 coram
1532 3864 1701 3917 Anna
1726 3864 2135 3934 prmsentatio-

480 3957 638 4015 nem,
671 3944 824 4001 falsa
855 3944 1214 4015 testimonia,
1245 3947 1428 4018 virga:
1459 3948 1901 4020 percussiones,
1935 3955 2131 4023 sputa,

482 4032 790 4105 colaphos,
833 4033 933 4090 illa
975 4035 1319 4092 Judaeorum
1370 4037 1659 4110 convicia,
1704 4040 2051 4095 coccineum
2098 4057 2133 4097 a

480 4121 767 4178 militibus
794 4123 1143 4195 impositum
1184 4125 1627 4194 indumentum,
1671 4127 1943 4200 spineam
1969 4144 2133 4185 coro-

478 4223 643 4277 nam,
686 4209 1068 4266 adorationes
1113 4228 1250 4268 cum
1302 4214 1448 4282 risu,
1491 4219 1545 4269 et
1592 4230 1969 4288 quaecunque
2018 4216 2134 4274 alia

2244 4207 2296 4271 ἐξ
2331 4208 2563 4263 ἀκανθῶν
2602 4216 2868 4283 στέφανον,
2900 4216 2991 4276 τὰς
3021 4218 3151 4286 μετά
3178 4216 3398 4286 γέλωτος
3426 4224 3837 4292 προσκυνήσεις,

478 4296 821 4354 divinorum
873 4301 1330 4370 evangeliorum
1384 4309 1699 4360 enumerat
1746 4307 2032 4375 narratio,
2079 4310 2134 4362 et

2244 4297 2402 4350 τοῦλα
2455 4301 2624 4352 πάντα
2675 4302 2776 4353 ὅσα
2828 4302 2858 4359 ἡ
2916 4309 3015 4354 τῶν
3075 4306 3221 4356 θείων
3268 4305 3588 4377 Εύαγγελίων
3646 4310 3847 4382 ἱστορεί

477 4390 774 4457 quotquot
797 4392 1044 4459 propter
1065 4390 1511 4447 multitudinem
1547 4394 1796 4448 fortasse
1824 4395 2129 4465 prmteriit;

2244 4382 2513 4459 διήγησις,
2543 4392 2629 4440 καὶ
2659 4390 2759 4442 ὅσα
2797 4386 2890 4442 διὰ
2917 4394 2976 4443 τὸ
3006 4390 3203 4455 πλῆθος
3247 4396 3369 4455 ἴσως
3398 4395 3723 4469 "aPﬂu'ILn’
3768 4395 3843 4468 ἐφ’

477 4474 555 4530 ad
585 4475 713 4529 haec
763 4475 1002 4545 singula
1034 4478 1429 4549 ambigentes,
1470 4486 1524 4536 et
1566 4482 1866 4552 patientiae
1898 4484 2130 4551 magni-

2244 4475 2447 4548 ἑκάστῳ
2500 4484 2599 4529 τῶν
2656 4483 2934 4550 γινομένων
3002 4476 3355 4553 διαποροῦσαι
3410 4489 3500 4535 καὶ
3557 4482 3842 4541 ἐκπληττό-

477 4561 682 4618 tudine
712 4563 1231 4637 obstupescentes,
1258 4569 1439 4625 facies
1471 4585 1612 4624 suas
1638 4569 1921 4635 velantes,
1945 4576 2133 4628 semet

2244 4584 2389 4636 μεναι
2432 4574 2524 4628 τῆς
2572 4569 2933 4640 μακροθυμίας
2971 4573 3028 4620 τό
3077 4571 3309 4641 μέγεθος,
3343 4571 3704 4625 καλύπτουσαι
3748 4575 3843 4636 τὰς

476 4651 865 4710 avertebant:
926 4670 1259 4730 rursusque
1318 4658 1553 4713 Domini
1608 4658 1701 4713 sui
1755 4658 2129 4730 majestatem

2244 4653 2436 4706 ἑαυτῶν
2476 4654 2639 4726 ὄψεις,
2671 4654 3079 4729 ἀπεστρέφοντο·
3112 4664 3201 4711 καὶ
3226 4659 3378 4711 πάλιν
3406 4665 3499 4718 την
3532 4657 3844 4715 δεσποτείαν

474 4748 830 4815 reverentes,
855 4744 1153 4804 redibant.
1182 4748 1365 4819 quue
1394 4747 1654 4816 agebant
1684 4763 1873 4819 usque
1904 4748 1981 4804 ad
2011 4749 2129 4806 ela-

2244 4739 2569 4815 αἰδούμεναι,
2603 4743 3035 4818 ἀνθυπέστρεφον.
3064 4753 3227 4799 Τοῦτο
3260 4744 3318 4801 δε
3349 4746 3554 4800 ἐποίουν
3583 4750 3721 4821 οῐχρι
3752 4760 3844 4812 τῆς

474 4831 693 4889 tionem
742 4834 802 4889 in
856 4850 1118 4892 crucem.
1172 4836 1324 4891 Finis
1373 4836 1533 4893 enim
1589 4837 1855 4909 corporis
1900 4839 2127 4896 crucia-

475 4922 665 4989 tuum,
699 4927 755 4978 et
795 4924 1143 4993 ignominiae
1188 4942 1259 4981 ex
1313 4926 1407 4981 his
1445 4926 1769 4992 manantis,
1804 4942 1948 4982 crux
1975 4928 2125 4998 fuit;

474 5021 609 5077 quas
658 5023 870 5080 reapse
902 5010 1092 5079 gloria
1130 5012 1366 5077 exstitit,
1418 5028 1539 5068 non
1588 5013 1946 5084 ignominia;
1988 5016 2128 5073 hinc

475 5094 635 5150 enim
679 5098 1097 5168 operationum
1143 5117 1213 5156 ac
1257 5103 1546 5157 virtutum
1587 5103 1820 5160 deitatis
1850 5104 2123 5172 initium;

473 5181 613 5237 hinc
632 5182 728 5239 ille
756 5186 1048 5255 generalis
1075 5188 1431 5244 universalis
1453 5193 1847 5261 terrmmotus,
1871 5198 1928 5249 et
1949 5195 2127 5250 trium

473 5269 759 5327 horarum
792 5271 1054 5329 tenebrae
1089 5275 1152 5330 in
1182 5276 1468 5334 universa
1495 5283 1646 5334 terra
1673 5299 1685 5349 ;
1718 5297 1828 5337 nec
1860 5298 1981 5338 non
2011 5282 2128 5339 veli

472 5376 541 5417 ac
583 5366 889 5431 petrarum
940 5363 1169 5435 scissio,
1198 5368 1255 5422 et
1302 5374 1833 5427 monumentorum
1877 5372 2125 5445 apertio,

471 5449 731 5522 denique
780 5454 1160 5508 mortuorum
1210 5457 1585 5525 resurrectio,
1634 5463 1691 5515 et
1746 5475 2127 5532 quaecunque

472 5539 547 5597 ad
581 5539 804 5598 inferos
837 5540 1211 5601 descendens
1244 5544 1516 5605 Salvator
1544 5546 1698 5605 fecit.

2325 1275 2431 1348 κβ.
2483 1282 2665 1330 Σκόπει
2719 1274 2778 1330 δε
2820 1286 2924 1339 πῶς
2973 1281 3021 1331 οἱ
3066 1281 3334 1335 θεσπέσιοι
3388 1289 3609 1357 Πατέρες
3661 1286 3733 1336 τά
3771 1292 3861 1337 τοῦ

2254 1365 2481 1435 μεγάλου
2542 1370 2736 1437 Πέτρου
2788 1364 3233 1440 παραδεδώκασιν
3291 1370 3512 1425 ἐνταῦθα
3578 1370 3862 1426 εἰδοποιεῖ-

2257 1454 2399 1518 σθαι,
2456 1453 2516 1504 ἶν’
2576 1456 2784 1527 ἔχοιμεν
2844 1455 3147 1527 λογίζεσθαι
3201 1461 3287 1529 ὡς,
3350 1464 3488 1533 εἴπερ
3548 1463 3573 1513 ό
3630 1462 3862 1535 θεμέλιος

2253 1549 2349 1603 τῆς
2389 1540 2722 1611 Ἐκκλησίας,
2774 1542 2848 1615 ἐφ’
2907 1546 2960 1597 ὃν
3014 1548 3144 1605 αὕτη
3194 1544 3591 1621 οἰκοδομεῖσθαι
3632 1550 3855 1622 ἔμελλεν,

2255 1629 2592 1702 οἰκονομικῶς
2633 1640 2724 1692 τῆς
2778 1634 2912 1693 θείας
2961 1633 3252 1696 ἐπισκοπῆς
3296 1635 3583 1711 ἀμοιρῆσαι
3629 1646 3704 1708 τῷ
3762 1659 3858 1697 τη-

2251 2439 2348 2481 τῶν
2389 2429 2666 2505 ἀταραξίαν
2714 2437 2900 2487 ὡσανεὶ
2946 2434 3107 2507 βάσιν
3151 2438 3350 2509 ἔχοντες
3395 2433 3538 2490 ἔνδον
3587 2441 3637 2490 οἰ
3681 2441 3854 2512 ἱερεῖς,

2253 2518 2531 2593 ἀταράχως
2570 2531 2668 2573 τῶν
2716 2525 2859 2576 θείων
2903 2530 3209 2600 μυστηρίων
3248 2526 3728 2599 μεταλαμϐάνουσι.

2320 2609 2399 2681 κγ’
2436 2616 2498 2664 Τί
2548 2608 2599 2663 δ’
2647 2613 2707 2663 οἶν
2756 2632 2835 2675 τις
2884 2617 3017 2666 εἴποι
3064 2621 3182 2690 περὶ
3228 2624 3327 2668 τῶν
3377 2619 3521 2669 θείων
3572 2616 3849 2692 ῥιπιδίων,

2250 2699 2368 2770 οἳρτι
2413 2697 2874 2774 ἐγκεχειρισμένων
2930 2711 3039 2766 τοῖς
3079 2701 3364 2772 διακόνοις,
3413 2711 3502 2758 καὶ
3554 2707 3639 2759 ὑπ’
3679 2708 3850 2760 αὐτῶν

2252 2793 2600 2859 στρεφομένων
2667 2788 2833 2841 ἐπάνω
2899 2800 2997 2843 τῶν
3064 2793 3264 2865 ἁγίων,
3333 2798 3397 2855 ὡς
3463 2794 3510 2847 ἐν
3581 2795 3846 2866 ἐκπλήξει,

2247 3232 2520 3305 ύπείξαμεν
2570 3242 2632 3305 τῇ
2684 3234 2852 3307 ἐντολῇ
2902 3244 2995 3288 τοῦ
3053 3237 3405 3303 κελεύσαντος,
3440 3245 3555 3315 φέρε
3592 3246 3684 3294 καὶ
3726 3249 3846 3317 περὶ

2244 3324 2437 3372 τούτων
2465 3326 2700 3394 εῐπωμεν,
2737 3319 2982 3387 διδόντος
3022 3334 3154 3379 Θεοῦ
3178 3346 3191 3360 ·
3234 3329 3278 3380 εἰ
3310 3332 3400 3399 μὲν
3427 3335 3513 3380 καὶ
3546 3337 3649 3392 τοῖς
3676 3331 3848 3393 ἄλλοις

2246 3406 2425 3475 δεκτά,
2455 3419 2525 3480 τῷ
2580 3420 2693 3465 Θεῶ
2740 3415 2901 3486 χάρις
2923 3432 2935 3444 ·
2970 3414 3027 3466 οὗ
3061 3418 3163 3491 γὰρ
3197 3419 3363 3475 πάντη
3403 3418 3573 3489 ψεκτά
3606 3416 3657 3471 εὖ
3697 3417 3843 3487 οῖδα,

2245 3495 2359 3550 οὐδ’
2400 3499 2493 3561 ἔξω
2532 3509 2630 3551 τῶν
2664 3497 2936 3574 δογμάτων
2966 3512 3057 3564 τῆς
3093 3513 3192 3556 τῶν
3237 3514 3567 3579 Χριστιανῶν
3596 3512 3844 3571 πίστεως.

2245 3590 2410 3659 Φαμὲν
2455 3585 2541 3639 οὖν
2586 3589 2650 3650 ὠς
2697 3593 2915 3644 πάντοτε
2961 3596 3049 3664 μὲν
3089 3590 3425 3658 ἀδιαστάτως
3474 3606 3718 3671 παρῆσαν
3755 3604 3846 3652 καὶ

2245 3673 2492 3748 δυνάμεις
2543 3678 2778 3751 οὐράνιαι
2826 3689 2897 3749 τῷ
2956 3687 3187 3755 Δεσπότη
3254 3693 3507 3758 Χριστῷ,
3569 3685 3846 3758 ἐξαιρέτως

2245 3761 2303 3817 δὲ
2356 3764 2403 3816 ἐν
2455 3773 2516 3838 τῇ
2576 3773 2722 3819 νυκτὶ
2780 3772 2943 3843 ταύτῃ
3096 3769 3386 3844 παρεδόθη.
3448 3771 3614 3827 Αὖται
3669 3780 3845 3827 τοίνυν

2243 3854 2442 3927 ὁρῶσαι
2470 3859 2562 3912 τὴν
2592 3860 2721 3928 πρός
2754 3859 2990 3930 Καῑάφαν
3032 3857 3336 3932 ἀπαγωγὴν,
3368 3866 3461 3920 τὴν
3490 3866 3620 3937 πρὸς
3656 3863 3843 3917 Ἄνναν

2243 3946 2596 4018 παράστασιν,
2638 3948 2728 4006 τὰς
2775 3944 3254 4023 ψευδομαρτυρίας,
3297 3953 3361 4002 τὰ
3403 3952 3731 4025 ῥαπίσματα,
3775 3956 3847 4005 τά

2244 4030 2605 4104 ἐμπτύσματα,
2664 4036 2730 4086 τά
2786 4035 3167 4109 κολαφίσματα,
3237 4042 3331 4096 την
3388 4039 3584 4111 χλεύην
3648 4043 3844 4099 ἐκείνην

2243 4129 2341 4171 τῶν
2388 4118 2684 4191 Ἰουδαίων,
2711 4131 2809 4175 τῶν
2858 4134 3189 4199 στρατιωτῶν
3229 4131 3464 4179 κόκκινον
3503 4125 3722 4202 ἔνδυμα,
3754 4134 3844 4183 τὸν

2241 4829 2323 4883 ἐπι
2364 4839 2592 4906 σταυροῦ
2630 4831 2940 4904 ἀνυοζιώσεως
2965 4851 2979 4865 ⁸
3008 4835 3149 4898 τελος
3187 4838 3287 4908 γὰρ
3325 4845 3423 4888 τῶν
3462 4844 3552 4889 τοῦ
3601 4842 3845 4910 σώματος

2239 4922 2415 4973 παθῶν
2447 4940 2534 4972 και
2562 4930 2658 4982 τῆς
2688 4920 2771 4974 ἐπι
2797 4926 2997 4985 τούτοις
3022 4925 3289 4996 αἰσχύνης
3319 4926 3344 4977 ό
3376 4930 3600 5001 σταυρὸς
3628 4932 3841 4999 γέγονε’

2240 5010 2295 5071 ὃς
2343 5006 2472 5073 δόξα
2515 5010 2705 5084 μᾶλλον
2748 5031 2838 5064 και
2882 5013 2974 5064 οὒκ
3023 5013 3255 5085 αἰσχύνη
3291 5032 3303 5045 ·
3354 5013 3496 5089 ἀρχὴ
3541 5018 3643 5089 γὰρ
3694 5018 3846 5078 οὗτος

2237 5106 2337 5151 τῶν
2389 5098 2648 5173 ἐνεργειῶν
2692 5121 2781 5153 και
2833 5098 3099 5175 δυνάμεων
3145 5112 3236 5165 τῆς
3290 5105 3562 5165 θεότητος·
3614 5103 3845 5159 ἐντεῦθεν

2236 5191 2334 5265 γὰρ
2376 5191 2402 5241 ό
2439 5195 2693 5263 κοσμικὸς
2722 5190 2907 5253 ἐκεῖνος
2941 5196 3156 5265 σεισμὸς
3196 5213 3284 5245 και
3312 5196 3371 5246 τὸ
3402 5199 3619 5269 τρίωρον
3652 5200 3846 5258 σκότος

2238 5277 2320 5331 ἐπι
2353 5286 2525 5332 πᾶσαν
2566 5284 2657 5339 τὴν
2687 5290 2808 5353 γῆν,
2842 5284 2871 5340 ἦ
2912 5301 2966 5334 τε
2995 5289 3086 5334 τοῦ
3117 5286 3581 5357 καταπετάσματος
3617 5303 3713 5335 και
3742 5295 3846 5337 τῶν

2236 5376 2430 5443 πετρῶν
2463 5365 2757 5445 διάρρηξις,
2786 5390 2874 5422 και
2916 5373 2945 5429 ἡ
2980 5379 3078 5423 τῶν
3123 5374 3406 5444 μνημάτων
3447 5371 3693 5435 ἐξάνοιξις
3718 5389 3731 5402 ·
3766 5375 3846 5425 ἔτι

2235 5478 2294 5529 γε
2341 5463 2443 5530 μὴν
2487 5461 2516 5517 ἡ
2566 5479 2663 5512 των
2708 5468 2895 5534 νεκρῶν
2943 5459 3248 5528 ἀνάστασις,
3299 5481 3390 5515 και
3436 5463 3536 5515 ὅσα
3593 5460 3642 5514 ἕν
3700 5459 3841 5533 ᾁδου

2235 5549 2490 5603 κατελθὼν
2521 5551 2547 5603 ὁ
2576 5556 2753 5627 Σωτὴρ
2782 5550 3086 5625 εἰργάσατο.

2247 3139 2334 3193 οὖν
2381 3147 2437 3195 τό
2485 3149 2601 3220 περὶ
2662 3148 2855 3198 τούτων
2904 3150 3222 3220 φθέγγεσθαι
3269 3154 3379 3202 ἒτι⁶
3440 3150 3545 3205 ἐπεὶ
3597 3149 3647 3204 δ’
3704 3155 3849 3217 ἅπαξ
3930 3190 3937 3199 -

4018 268 4077 503 i
