4106 6222
230 261 384 317 440
1510 264 1890 324 COMMENTA'

2039 267 2431 324 LITURGICA.
3557 277 3664 334 450

327 383 471 445 κδ’.
517 391 616 442 Καὶ
646 386 741 442 διὰ
777 394 932 442 τοῦτο
973 387 1097 463 παρ’
1126 386 1267 458 αὐτῷ
1324 389 1465 461 τόπῳ
1502 396 1598 452 τῆς
1655 396 1890 466 σταυρώ-

2077 395 2169 449 24.
2196 393 2516 464 PrOpterea
2539 392 2864 465 postquam
2909 391 2990 450 ad
3027 393 3433 452 cruxiﬁxionis
3460 395 3663 456 locum

233 491 405 537 σεως
484 482 740 551 γενομένῳ
777 487 851 549 τῷ
907 485 1123 551 Χριστῷ
1187 479 1254 529 τά
1299 483 1396 538 τῆς
1458 475 1746 543 ἐκπλήξεως
1806 485 1898 534 καὶ

227 571 356 615 τοῦ
433 567 703 640 Θαύματος
746 564 864 626 εἴδη
909 568 970 620 αἱ
1029 568 1162 619 θεῖαι
1219 562 1468 639 δυνάμεις
1516 565 1780 628 ἀπέθεντο.
1811 570 1900 632 Εἰς

233 656 523 724 μίμησιν
561 652 650 708 οὖν
689 657 910 724 ἐκείνων,
953 657 1018 716 ὡς
1074 659 1295 730 εἴρηται,
1340 659 1651 732 στρέφουσιν
1689 660 1739 711 οἱ
1772 655 1897 712 διά-

235 759 430 795 κονοι
496 746 565 796 τὰ
617 745 730 798 θεῖα
763 740 999 819 ριπίδια.
1065 742 1347 798 Κάντεῦθεν
1389 740 1546 803 δῆλον
1585 747 1651 808 ὡς
1689 750 1752 800 τὰ
1798 751 1898 820 πρὸ

235 838 360 882 τοῦ
419 842 659 907 σταυροῦ
687 836 858 886 πάντα
909 829 1106 904 ὀνείδη,
1131 835 1185 886 αἱ
1213 833 1566 906 χλευαστικαὶ
1593 841 1766 909 τιμαὶ,
1809 841 1898 890 καὶ

236 921 303 971 οἱ
350 923 751 995 καταγέλωτες,
796 922 967 976 πλεῖον
1029 926 1252 982 ἣπτοντο
1290 931 1384 976 τοῦ
1428 927 1750 997 πάσχοντος,
1792 928 1895 979 ὦσ-

235 1027 363 1082 περ
415 1016 654 1063 καὶτῶν
693 1019 878 1085 νοερῶν
937 1016 1028 1064 καὶ
1092 1014 1236 1064 θείων
1277 1008 1564 1085 δυνάμεων.
1609 1013 1752 1066 Ἐπεὶ
1809 1012 1896 1066 οὖν

244 1097 280 1148 ὁ
353 1106 546 1152 ταῦτα
621 1102 868 1172 πάσχων,
927 1101 1191 1174 ἅνθρωπος
1245 1105 1312 1152 ὧν
1369 1101 1575 1172 τελειος,
1614 1107 1704 1154 καὶ
1772 1106 1897 1165 Θεὸς

242 1185 484 1258 ὁμοίως
539 1188 728 1251 τέλειος
765 1187 864 1260 ἦν,
908 1188 956 1241 ἐν
1013 1195 1112 1262 μιᾷ
1148 1191 1435 1243 ὑποστάσει
1469 1193 1560 1253 τὰς
1599 1187 1698 1243 δὺο
1737 1195 1894 1266 φέρων

249 1278 472 1346 φύσεις
510 1320 522 1338 ,
564 1275 922 1351 ἀσυγχύτους,
993 1277 1296 1354 ἀτρέπτους,
1330 1278 1740 1347 ἀναλλοιωτους,
1806 1289 1896 1340 τῆς

246 1369 366 1436 μὲν
426 1363 762 1441 ἀνθρωπίνης
810 1371 877 1421 τὰ
931 1369 1074 1426 πάθη
1130 1370 1508 1442 ὑφισταμένης,
1567 1377 1659 1430 τῆς
1723 1371 1898 1429 θεότη-

247 1471 364 1516 τος
409 1451 475 1508 δὲ
515 1454 747 1518 ἀπαθοῦς
784 1461 1101 1532 τηρουμένης
1143 1479 1156 1492 ·
1207 1463 1294 1510 καὶ
1345 1460 1481 1510 κατά
1518 1465 1672 1512 τοῦτο
1711 1465 1800 1512 καὶ
1847 1461 1896 1512 οἱ

257 1545 494 1614 μύσται
529 1553 624 1606 τῆς
664 1551 928 1622 σωτηρίας
980 1549 1125 1620 ἡμῶν
1176 1551 1266 1600 καὶ
1304 1549 1354 1599 οἱ
1390 1553 1734 1620 μυσταγωγοὶ
1772 1551 1894 1601 ποτὲ

255 1635 371 1704 μὲν
433 1637 534 1692 την
605 1630 702 1686 διὰ
759 1637 959 1698 πάθους
1024 1635 1322 1709 οἰκονομίαν
1382 1641 1472 1689 καὶ
1533 1639 1896 1711 μακροθυμίαν

2009 480 2270 538 Christus
2289 480 2580 552 pervenit,
2631 485 2940 554 stuporem
2978 485 3034 538 et
3061 482 3524 542 admirationem
3550 502 3663 543 coe-

2005 569 2181 627 lestes
2229 569 2344 625 illae
2396 573 2718 642 potestates
2773 575 3195 643 seposuerunt.
3221 573 3464 630 Illorum
3521 591 3662 650 ergo

2007 658 2358 727 imitatione,
2391 657 2474 714 uti
2525 658 2754 716 dictum
2806 664 2916 728 est,
2948 660 3179 730 agitant
3224 661 3464 721 diaconi
3493 680 3664 724 sacra

2005 746 2355 804 ventilabra.
2403 749 2596 818 Atque
2651 747 2791 804 hinc
2845 747 3222 820 exploratum
3280 754 3406 821 est,
3447 757 3663 811 cuncta

2006 841 2144 892 ante
2172 851 2412 892 crucem
2456 835 2802 908 opprobria,
2837 835 3160 893 derisorios
3201 838 3481 906 honores,
3512 840 3660 896 ludi-

2005 924 2155 993 bria,
2189 924 2384 996 magis
2417 925 2686 981 atfecisse
2707 926 3052 998 patientem,
3074 927 3338 1000 itemque
3370 929 3661 1001 spiritales

2005 1014 2274 1072 caelestes
2338 1019 2679 1086 potestates.
2748 1015 3042 1081 Quoniam
3107 1016 3305 1087 igitur,
3368 1019 3471 1091 qui
3531 1020 3661 1076 haec

2004 1119 2222 1182 passus
2270 1107 2380 1174 est,
2405 1103 2700 1176 perfectus
2748 1103 2932 1160 homo
2976 1104 3321 1178 pariterque
3364 1106 3661 1179 perfectus

2004 1192 2160 1248 Deus
2187 1197 2332 1258 erat,
2361 1207 2485 1250 una
2522 1193 2582 1248 in
2607 1208 2866 1265 persona
2911 1194 3066 1250 duas
3120 1209 3332 1265 gerens
3388 1200 3659 1263 naturas,

2001 1281 2508 1352 inconfusas,non
2524 1281 2861 1349 mutabiles,
2877 1282 3279 1354 invariabiles;
3299 1284 3660 1356 humanam,

2003 1368 2241 1426 dolores
2291 1369 2685 1442 excipientem
2714 1387 2728 1436 ;
2758 1371 3028 1428 divinam
3080 1372 3512 1445 impassibilem
3537 1390 3660 1431 ma-

2002 1464 2245 1516 nentem
2277 1478 2290 1516 :
2318 1459 2542 1516 idcirco
2591 1459 2830 1532 mystici
2877 1461 3082 1517 salutis
3133 1466 3356 1519 nostrae
3405 1463 3660 1520 ministri

2005 1552 2061 1605 et
2081 1549 2631 1621 mystagogi,modo
2661 1549 2908 1622 quidem
2936 1551 3236 1623 passionis
3267 1552 3661 1624 dispensatio-

2001 1652 2142 1693 nem
2174 1653 2244 1693 ac
2275 1637 2652 1694 tolerantiam
2683 1637 3020 1700 celebrant:
3054 1639 3240 1696 modo
3267 1643 3386 1697 Deo
3411 1641 3661 1710 dignam

257 1719 510 1793 ὑμνοῦσι
551 1739 566 1752 ο
616 1724 742 1775 ποτὲ
781 1719 841 1776 δὲ
881 1725 1131 1797 θεοπρεπῆ
1187 1729 1278 1776 καὶ
1343 1725 1576 1798 καθαρὰν
1630 1733 1692 1798 τῇ
1745 1727 1890 1802 ὑπερ-

2002 1740 2342 1798 puramque
2384 1725 2952 1798 supersubstantiali
2999 1731 3228 1784 natura;
3273 1727 3660 1798 doxologiam

264 1815 452 1882 ουσίῳ
492 1813 650 1883 φύσει
683 1815 776 1870 τὴν
817 1807 1124 1885 δοξολογίαν
1172 1817 1580 1888 προσφέρουσιν,
1609 1816 1677 1876 ὡς
1707 1813 1759 1878 ἐξ
1796 1815 1894 1868 αὗ-

268 1908 384 1951 τῶν
444 1898 713 1973 χερουϐὶμ
768 1905 858 1953 καὶ
923 1910 1023 1954 τῶν
1082 1907 1310 1978 σεραφὶμ
1376 1899 1766 1976 ἀποδιδομένην
1805 1904 1899 1957 αὖα

267 1995 351 2058 τῷ
394 2009 408 2022 ·
452 1988 525 2051 εἰς
562 1996 718 2042 τοῦτο
755 1992 858 2064 γὰρ
899 1987 1085 2061 ὁδηγεῖ
1146 1993 1281 2064 ἡμᾶς
1336 1993 1367 2050 ἡ
1433 1991 1662 2064 λέγουσα
1732 1991 1893 2066 έκφω-

271 2096 434 2139 νησις
471 2080 561 2130 τόν
608 2076 860 2130 ἐπινίκιον
899 2079 1056 2152 ὕμνον
1090 2101 1103 2114 ο
1135 2075 1216 2132 δεῖ
1251 2082 1353 2154 γὰρ
1393 2081 1528 2152 ἡμᾶς
1575 2077 1894 2155 ἀναδραμεῖν

281 2164 398 2218 ὅθεν
447 2164 708 2239 ἐξέϐημεν.

361 2271 453 2328 κε’.
491 2276 624 2347 ῐῐρός
676 2269 734 2326 δι
771 2277 862 2326 καὶ
910 2273 937 2326 ό
974 2275 1107 2346 μετά
1153 2279 1248 2334 τὴν
1297 2273 1586 2348 έκφὼνησιν
1624 2279 1894 2352 τρισάγιος

300 2359 458 2432 ὕμνος
487 2377 502 2391 ·
535 2363 710 2413 τούτου
754 2358 813 2414 δὲ
835 2358 1092 2434 ᾀδομένου
1117 2403 1131 2430 ,
1172 2365 1203 2421 ἠ
1233 2362 1366 2435 εὐχὴ
1423 2363 1651 2436 μάλιστα
1675 2369 1764 2438 μὲν
1801 2373 1892 2419 τοῦ

295 2449 524 2522 μεγάλου
587 2450 868 2519 Βασιλείου,
923 2449 1050 2504 ἀλλὰ
1109 2456 1200 2505 καὶ
1247 2460 1338 2505 τοῦ
1406 2455 1544 2506 θείου
1583 2457 1889 2528 Χρυσοστό-

290 2558 418 2611 μου,
474 2537 574 2591 ἀπὸ
615 2547 706 2602 τῆς
773 2541 913 2602 θείας
963 2539 1230 2614 ἀρχομένη
1273 2543 1473 2614 φύσεως
1511 2541 1584 2605 εἰς
1621 2547 1714 2602 τὴν
1756 2545 1890 2619 σάρ-

283 2646 451 2680 κωσιν
487 2629 692 2681 κάτεισι
718 2671 732 2696 ,
791 2633 881 2681 καὶ
919 2634 1092 2682 πᾶσαν
1140 2635 1234 2688 τὴν
1284 2635 1538 2704 σωτήριον
1593 2631 1890 2705 οἰκονομίαν

281 2712 744 2790 διαγορεύσαντες,
785 2717 1075 2788 έκφωνοῦσι
1138 2723 1219 2786 τό,
1265 2741 1292 2767 ‹‹
1337 2717 1553 2790 Λάϐετε,
1604 2722 1807 2793 φάγετε.
1857 2743 1887 2772 ››

275 2810 518 2864 Ζήτησιν
558 2807 648 2858 οὖν
688 2826 806 2858 τινα
844 2803 991 2860 δοκεῖ
1031 2811 1174 2880 ἔχειν
1213 2810 1241 2866 ἡ
1285 2807 1510 2880 ἔλλειψις
1558 2817 1650 2862 τοῦ
1695 2831 1724 2860 ‹‹
1760 2813 1890 2864 πάν-

273 2913 381 2961 τες,
419 2916 450 2945 ››
489 2894 540 2948 ἐν
601 2903 676 2965 τῷ
725 2917 747 2946 ι
789 2894 1007 2965 Λάϐετε,
1056 2898 1243 2969 φάγετε
1273 2917 1286 2931 ·
1323 2920 1351 2948 ››
1383 2903 1472 2952 καὶ
1533 2898 1684 2960 αὖθις
1729 2899 1776 2952 έν
1814 2907 1886 2971 τῷ

275 3005 308 3036 ιι
349 2989 506 3038 Πίετε
536 2984 589 3048 ἐξ
621 2984 780 3038 αὐτοῦ
828 2987 1034 3054 πάντες,
1080 3009 1109 3038 ››
1153 2989 1453 3062 προσθήκη.
1484 2991 1652 3062 Φαμὶν
1682 2996 1770 3042 οῦν
1808 2990 1889 3042 ὃτι

2003 1813 2313 1886 extollunt,
2346 1819 2641 1887 tanquam
2682 1814 2760 1871 ab
2816 1815 2964 1887 ipsis
3014 1816 3365 1873 Cherubinis
3391 1833 3462 1874 ac
3493 1821 3661 1874 Sera-

2002 1903 2205 1975 phinis
2235 1903 2288 1960 ei
2317 1902 2624 1960 tributam.
2646 1903 2736 1959 Ad
2763 1903 2880 1960 hoc
2911 1903 3071 1960 enim
3097 1919 3210 1960 nos
3237 1904 3477 1962 deducit
3504 1905 3661 1961 elata

1999 1990 2270 2064 prolatus
2292 2005 2441 2048 voce
2461 1991 2839 2064 triumphalis
2863 1993 3158 2064 hymnus;
3182 2007 3326 2050 nam
3347 2008 3460 2050 nos
3482 2009 3658 2066 oporv

2002 2083 2084 2138 tet
2109 2079 2268 2146 illuc,
2303 2080 2464 2136 unde
2489 2080 2898 2150 discessimus,
2929 2080 3183 2152 regredi.

2069 2279 2160 2334 25.
2201 2278 2337 2334 Post
2363 2275 2529 2334 vocis
2559 2276 2763 2349 itaque
2791 2274 3152 2349 :elationem,
3175 2274 3402 2347 trisagii
3425 2276 3657 2333 canitur

1998 2365 2305 2439 hymnus;
2337 2381 2461 2438 quo
2509 2369 2768 2433 cantato,
2812 2365 3004 2422 oratio
3061 2364 3388 2438 praesertim
3444 2365 3658 2422 dicitur

1998 2453 2208 2526 magni
2263 2453 2457 2510 Basilii
2497 2453 2592 2509 vel
2640 2453 2823 2510 etiam
2851 2452 2972 2508 divi
3003 2452 3428 2524 Chrysostomi,
3458 2469 3591 2525 quae
3621 2471 3658 2512 a

1999 2542 2205 2600 divina
2232 2546 2452 2599 natura
2472 2541 2791 2598 exordiens
2821 2541 3017 2613 pergit
3044 2541 3122 2598 ad
3147 2541 3653 2599 incarnationem:

1999 2637 2310 2705 totamque
2337 2630 2660 2689 Salvatoris
2711 2629 3091 2688 uecononiam
3121 2629 3183 2686 hi
3216 2631 3410 2687 sancti
3441 2631 3656 2703 praedi-

1999 2726 2222 2787 cantes,
2256 2719 2412 2776 elata
2462 2734 2606 2776 voce
2652 2717 3072 2791 proclamant:
3111 2740 3132 2767 ι
3166 2718 3446 2791 Accipite,
3489 2735 3654 2775 man-

1995 2808 2231 2864 ducate.
2265 2830 2295 2858 ››
2319 2807 2726 2873 Quaestionem
2758 2805 3098 2879 quamdam
3121 2805 3354 2863 videtur
3391 2821 3656 2864 commo-

1995 2914 2135 2955 vere
2186 2896 2453 2954 defectus
2503 2895 2787 2952 vocabuli
2842 2917 2872 2947 κ
2922 2909 3136 2954 omnes
3164 2913 3193 2944 ›
3233 2895 3297 2951 in
3351 2895 3650 2952 dictione:

2001 2985 2363 3058 «Accipite,
2403 2985 2767 3042 manducate
2823 3000 2837 3039 :
2896 3002 2928 3038 ›
2983 2983 3370 3055 vicissimque
3426 2983 3652 3040 additio

272 3074 456 3134 διττὴν
488 3077 602 3145 ἔχει
626 3078 721 3133 τὴν
760 3079 1029 3148 σημασίαν
1048 3077 1131 3146 τό,
1169 3098 1198 3127 ‹‹
1229 3078 1430 3149 πάντες,
1459 3079 1732 3151 ἱστορικῶς
1757 3074 1887 3151 ὁμοῦ

1999 3075 2272 3148 ejusdem
2322 3073 2598 3130 vocabuli
2627 3090 2648 3117 ι
2680 3088 2892 3130 omnes
2944 3096 2966 3122 ι
3021 3071 3100 3128 ad
3147 3071 3335 3128 verba
3367 3091 3380 3126 :
3416 3092 3445 3120 ‹‹
3474 3071 3655 3127 Bibite

272 3169 369 3217 καὶ
445 3153 808 3236 πνευματικῶς
858 3181 871 3196 ·
932 3167 1207 3241 ἱπορικῶς
1264 3169 1394 3239 μὶν,
1457 3162 1550 3219 διὰ
1602 3170 1691 3220 τὸν
1745 3169 1889 3242 παρά

274 3260 372 3306 τοῦ
423 3248 692 3326 προδότου
754 3255 848 3306 κάν
905 3259 1011 3314 τοῖς
1060 3259 1375 3330 μυστηρίοις
1421 3258 1664 3327 γεγενότα
1714 3251 1883 3309 δόλον·

275 3350 649 3414 πνευματικῶς
699 3339 759 3395 δε
811 3344 878 3406 ὡς
927 3342 977 3396 οἰ
1041 3345 1252 3396 θεόπται
1291 3342 1573 3396 ἀπόστολοι
1623 3347 1712 3397 καὶ
1757 3345 1887 3397 θεῖυι

277 3435 526 3505 Πατέρες.
557 3427 688 3484 Εἶτα
741 3430 935 3485 λεκτέον
977 3434 1036 3484 τό
1092 3437 1569 3507 πνευματικώτερον
1621 3455 1634 3468 ·
1676 3434 1886 3486 Πάντων

276 3526 385 3570 τῶν
426 3520 673 3592 μαθητῶν
698 3523 786 3572 τόν
827 3522 958 3574 θεῖον
996 3522 1152 3596 ἄρτον
1182 3523 1232 3574 ἔν
1255 3528 1370 3582 ταῖς
1397 3526 1561 3597 χερσὶ
1600 3519 1887 3596 δεξαμένων

278 3607 341 3660 ἐκ
393 3615 496 3660 τῶν
529 3617 724 3684 χειρῶν
761 3617 996 3682 Χριστοῦ
1034 3618 1127 3663 τοῦ
1167 3618 1300 3665 Θεοῦ
1339 3613 1505 3683 ἡμῶν,
1538 3609 1676 3683 φόϐῳ
1706 3631 1761 3664 τε
1798 3615 1887 3664 καὶ

278 3701 462 3750 πίστει
527 3699 938 3772 μετειληφότων,
987 3703 1140 3772 μόνος
1197 3695 1400 3761 Ἰοόδας
1463 3698 1629 3752 λαϐὼν
1694 3701 1885 3774 ἔκρυψε

274 3792 486 3855 τοῦτον,
517 3792 606 3839 καὶ
666 3793 779 3850 τοῖς
829 3783 1106 3851 Ἰουδαίοις
1146 3788 1444 3860 ἑκφανίσας,
1497 3791 1555 3840 τό
1595 3795 1886 3862 μυστήριον

277 3872 633 3947 ἕξεπόμπευσε
669 3876 782 3947 (28)
815 3891 830 3905 '
877 3881 1064 3930 τούτου
1118 3879 1218 3952 γὰρ
1278 3879 1455 3947 ἕνεκα,
1491 3877 1557 3938 ὧς
1617 3897 1766 3950 φασι,
1805 3881 1882 3944 τό,

278 3985 312 4014 ‹‹
358 3963 436 4016 0'3
475 3968 548 4035 μὴ
589 3967 687 4040 γὰρ
720 3973 831 4027 τοῖς
869 3965 1081 4040 ἐχθροῖς
1113 3984 1206 4018 σου
1247 3969 1305 4018 τό
1347 3969 1637 4040 μυστήριον
1667 3970 1812 4038 εἴπω,
1855 3987 1884 4017 ››

278 4057 595 4127 πρόσκειται
613 4053 748 4125 [τῷ,]
767 4073 798 4107 ‹
827 4053 942 4108 Ἐπι
969 4061 1064 4107 τοῦ
1082 4051 1293 4106 δείπνου
1325 4073 1418 4106 σου
1438 4062 1528 4107 τοῦ
1554 4062 1834 4127 μυστικοῦ.
1859 4077 1880 4104 ι

275 4145 350 4195 Τό
411 4145 589 4214 μέντοι
640 4145 772 4195 θεῖον
830 4141 962 4214 αἷμα
1017 4146 1086 4204 ὡς
1135 4143 1190 4206 ἐξ
1236 4142 1345 4204 ἑνός
1389 4147 1640 4218 ποτηρίου
1682 4143 1886 4216 χείλεσι

278 4230 490 4284 πάντων
553 4251 644 4284 και
711 4235 940 4305 στόμασι
1021 4229 1318 4304 δεχομένων
1349 4274 1366 4298 ,
1427 4230 1729 4304 ἀποκρύψαι
1792 4233 1886 4286 οὐκ

281 4316 528 4378 ἠδυνήθη
559 4322 587 4373 ό
627 4317 798 4384 δόλιος
831 4364 844 4388 ,
904 4320 1013 4374 ἀλλ’
1058 4321 1138 4374 ἐπ’
1180 4325 1300 4383 iam;
1352 4327 1462 4383 τοῖς
1499 4321 1671 4385 ἄλλοις
1721 4342 1882 4395 μετα-

281 4407 496 4478 λαϐὼν,
553 4411 687 4463 ἔπιεν
722 4431 734 4444 ο
767 4413 886 4485 ὅπερ
947 4406 1099 4473 εἰδὼς
1139 4410 1165 4461 ό
1223 4411 1394 4462 πάντα
1449 4416 1568 4483 πρὶν
1644 4413 1885 4483 γενέσθαι
1915 4447 1958 4501 D

283 4496 628 4570 ἔπιστάμετος
672 4501 898 4573 Κύριος,
942 4497 1025 4553 ἐπι
1073 4501 1161 4572 μὲν
1200 4507 1289 4552 τοῦ
1341 4501 1500 4573 ἄρτου
1549 4502 1606 4552 τό
1631 4543 1646 4570 ,
1691 4523 1711 4550 ‹
1749 4502 1884 4553 πάν-

283 4605 392 4655 τες,
423 4608 454 4636 n
481 4584 808 4662 παρέδραμεν
841 4610 852 4622 ο
886 4588 969 4642 έπι
1020 4585 1079 4640 δὲ
1137 4595 1228 4641 τοῦ
1289 4593 1578 4664 ποτηρίου,
1621 4592 1688 4652 ὡς
1726 4609 1884 4663 μετα·-

282 4674 584 4748 ληψομένου
629 4696 720 4728 και
761 4685 852 4730 τοῦ
905 4674 1122 4744 Ἰούδα,
1180 4679 1532 4750 προστέθεικε.
1586 4685 1686 4731 Και
1732 4687 1883 4732 τοῦτο

283 4769 379 4837 μὲν
405 4765 568 4827 οὕτως
597 4769 815 4841 εἴρηται.

359 5139 468 5265 $28)
510 5139 766 5265 Quitﬁuid
792 5137 867 5196 sit
893 5136 967 5195 de
997 5138 1112 5195 hac
1135 5138 1423 5196 Theodori
1455 5138 1754 5213 opinione,
1783 5144 1887 5195 aut

359 5229 364 5265 ι
391 5211 518 5265 cari
547 5218 634 5265 tra
680 5211 878 5265 itione.
894 5210 1052 5265 circa
1077 5226 1315 5265 sacrum
1346 5227 1635 5265 arcanum
1664 5209 1885 5265 Judaais

281 5209 878 5283 vulgaritraditione,
894 5210 1052 5283 circa
1077 5226 1315 5267 sacrum
1346 5209 1635 5268 arcanum
1664 5209 1885 5268 Judeeis

284 5281 584 5338 abs'Juda
611 5281 960 5355 revelatum,
983 5281 1186 5355 ipsum
1214 5283 1457 5354 quidem
1490 5283 1882 5355 participasse

285 5368 426 5409 cum
438 5353 673 5424 rcmteris
688 5353 1086 5424 mysteria,ait
1100 5353 1280 5408 etiam
1295 5353 1495 5408 Petrus
1512 5353 1883 5424 Laodicenus

284 5423 452 5498 apud
491 5440 606 5498 nos
632 5439 691 5498 p.
725 5423 846 5480 544.
869 5423 1016 5498 Item
1054 5425 1108 5478 S.
1143 5424 1348 5480 Petrus
1371 5423 1670 5498 Damiani,
1700 5439 1883 5498 quem

285 5493 474 5567 supra
493 5493 832 5567 citavimus,
862 5494 942 5552 ad
982 5508 1279 5567 canonem
1302 5493 1504 5567 missae
1529 5497 1649 5567 n._6
1675 5513 1686 5552 :
1711 5493 1885 5567 Solet

281 5564 498 5640 inquit,
525 5565 880 5626 dubitarian
903 5565 1092 5625 Judas
1116 5565 1425 5638 acceperit,
1444 5564 1605 5637 quod
1624 5565 1882 5638 videtur,

1996 3179 2187 3220 exeo.
2220 3184 2248 3213 »
2281 3161 2544 3218 Dicimus
2595 3175 2738 3232 ergo
2793 3159 3099 3232 duplicem
3151 3158 3374 3215 habere
3428 3158 3652 3228 signifi-

1996 3255 2200 3310 catum
2226 3265 2427 3308 omnes
2459 3267 2474 3306 :
2501 3264 2722 3321 nempe
2747 3248 2864 3304 dici
2889 3247 3166 3305 historice
3194 3263 3264 3304 ac
3294 3246 3649 3320 spiritaliter.

1995 3340 2276 3398 Historice
2341 3339 2610 3412 quidem,
2657 3341 2902 3410 propter
2942 3335 3266 3410 proditoris
3319 3337 3474 3392 inter
3523 3335 3653 3392 haec

1994 3429 2130 3503 ipsa
2173 3429 2464 3501 mysteria
2519 3426 2766 3484 dolum:
2798 3424 3139 3498 spiritaliter
3197 3439 3374 3496 vero,
3430 3428 3496 3480 ut
3551 3425 3654 3479 Dei

1997 3522 2366 3590 spectatores
2429 3515 2708 3590 apostoli,
2760 3514 3003 3587 divique
3059 3517 3279 3570 Patres.
3343 3514 3652 3568 Postremo

1995 3605 2320 3662 dicendum
2368 3603 2430 3660 id
2480 3603 2648 3676 quod
2696 3601 2998 3676 praecipue
3046 3599 3309 3674 spiritale
3365 3603 3470 3656 est.
3501 3601 3650 3654 Cum

1995 3711 2206 3752 omnes
2261 3693 2539 3766 discipuli
2586 3692 2860 3748 divinum
2889 3707 3114 3764 panem
3153 3691 3216 3746 in
3263 3704 3482 3746 manus
3512 3703 3653 3744 suas

1993 3783 2356 3857 recepissent
2384 3798 2422 3839 a
2448 3780 2659 3838 Christi
2708 3780 2810 3836 Dei
2861 3781 3050 3837 nostri
3096 3778 3401 3842 manibus,
3429 3782 3486 3834 et
3512 3792 3652 3832 cum

1993 3873 2206 3930 timore
2235 3887 2304 3928 ac
2324 3869 2446 3927 ﬁde
2468 3869 3042 3942 communicassent,
3079 3868 3242 3924 solus
3273 3867 3458 3923 Judas
3481 3881 3651 3922 acce-

1994 3967 2167 4035 ptum
2215 3976 2440 4035 panem
2483 3958 2824 4025 abscondit,
2855 3958 3195 4030 Judaeisque
3233 3955 3649 4023 manifestans,

1993 4052 2350 4125 mysterium
2381 4047 2728 4121 publicavit.
2755 4050 2917 4103 [lano
2962 4046 3040 4103 ob
3068 4061 3339 4112 causam,
3365 4049 3429 4100 ut
3457 4045 3645 4108 aiunt,

1992 4140 2160 4209 illud,
2185 4162 2213 4191 ››
2246 4143 2374 4196 Non
2427 4137 2586 4194 enim
2644 4135 2904 4192 inimicis
2964 4135 3079 4191 tuis
3121 4133 3402 4191 revelabo
3428 4137 3650 4205 myste-

1992 4229 2171 4298 rium,
2197 4250 2226 4280 »
2261 4227 2504 4283 additur
2533 4223 2731 4281 verbis
2761 4241 2773 4280 :
2809 4245 2837 4274 ‹‹
2871 4226 3060 4297 Super
3087 4222 3342 4296 mystico
3373 4226 3476 4279 tuo
3506 4237 3649 4278 con-

1992 4317 2170 4374 vivio.
2198 4338 2226 4368 »
2261 4315 2533 4372 Divinum
2586 4313 2837 4386 quidem
2885 4313 3245 4382 sanguinem
3293 4327 3366 4368 cx
3403 4325 3526 4368 uno
3555 4327 3648 4367 ca-

1991 4404 2102 4462 lice
2122 4404 2298 4461 labiis
2321 4407 2378 4459 et
2401 4418 2504 4460 ore
2523 4401 2752 4458 cunctis
2774 4399 3264 4472 suscipientibus,
3295 4399 3453 4456 clam
3474 4414 3649 4469 agere

1993 4495 2263 4568 proditor
2310 4507 2435 4548 non
2480 4490 2694 4564 potuit,
2725 4489 2832 4546 sed
2879 4504 3052 4560 atque
3089 4504 3159 4546 ac
3190 4489 3386 4545 caeteri
3415 4487 3651 4560 partici-

1993 4599 2148 4657 pans
2163 4581 2330 4640 bibit.
2358 4582 2550 4646 Quam
2571 4595 2700 4635 rem
2730 4591 3127 4650 cognoscens,
3156 4578 3264 4650 qui
3287 4577 3492 4634 omnia
3513 4581 3648 4633 ante

1993 4690 2180 4748 quam
2213 4673 2364 4728 ﬁant
2393 4671 2502 4727 scit
2531 4668 2840 4736 Dominus,
2869 4668 2945 4725 de
2975 4682 3132 4741 pane
3181 4681 3388 4737 agens,
3413 4671 3648 4737 praeter-

1994 4763 2156 4820 misit
2199 4785 2226 4814 ‹‹
2283 4776 2530 4818 omnes:
2568 4777 2594 4807 ι
2644 4757 2719 4814 de
2773 4757 2956 4814 calice
3016 4759 3239 4826 autem,
3268 4753 3414 4826 quia
3465 4753 3648 4808 Judas

1993 4867 2237 4926 quoque
2277 4854 2626 4922 sumpturus
2673 4850 2816 4913 erat,
2846 4845 3326 4902 additamentum
3372 4841 3649 4900 vocabuli

1991 4941 2144 4998 fecit.
2176 4944 2368 5012 Atque
2396 4939 2686 4996 hactenus
2710 4933 2784 4992 de
2813 4934 2929 4990 hoc
2958 4933 3185 4991 dictum
3210 4935 3361 4990 esto.

1994 5154 2128 5194 cum
2167 5137 2360 5192 dicat:
2384 5133 2582 5191 Bibite
2599 5147 2673 5189 ex
2713 5132 2822 5189 hoc
2841 5145 3058 5188 omnes.
3084 5131 3194 5188 Sed
3215 5132 3508 5201 quaeritur
3527 5145 3648 5201 qua

1993 5210 2228 5264 ratione
2247 5207 2509 5264 medicus
2525 5205 2813 5261 salutaris
2833 5203 3188 5260 medicinam
3206 5203 3388 5260 dabat
3407 5208 3643 5273 mgroto,

1995 5295 2171 5352 quam
2191 5278 2484 5352 eisciebat
2505 5275 3026 5352 mortiferam‘md
3055 5275 3164 5331 hoc
3188 5275 3410 5352 scilicet
3437 5273 3640 5352 (tabat,

1993 5343 2060 5406 ἰιι
2087 5367 2189 5424 suo
2215 5351 2530 5424 doceretur
2559 5343 3017 5424 exemplo,quoc_l
3041 5347 3316 5424 sacerdos
3339 5361 3455 5424 non
3477 5343 3648 5424 (tetigt

1994 5423 2112 5478 ulli
2139 5422 2600 5478 communionem
2625 5412 3077 5492 neg'afe,’_cujus
3107 5418 3353 5492 crimen,
3398 5415 3507 5470 etsi
3534 5412 3645 5492 stat

1991 5495 2066 5550 sit
2090 5504 2316 5564 notum,
2347 5506 2468 5564 non
2527 5487 2722 5564 tamen
2760 5489 3042 5547 Ecclesia:
3057 5508 3081 5559 ;
3112 5503 3186 5547 ne
3226 5488 3388 5558 forte
3416 5499 3534 5542 non
3564 5487 3642 5538 sit

1992 5561 2307 5636 corrector,
2335 5561 2439 5622 sed
2460 5561 2752 5634 proditor.
