4106 6222
468 262 571 336 451

542 406 632 459 26.
662 401 979 475 Reliquum
1005 406 1113 472 est,
1143 404 1209 459 ut
1234 402 1411 459 etiam
1436 402 1603 475 quod
1626 402 1703 459 ad
1734 419 2123 460 communem
2156 410 2203 462 Α

472 491 782 549 utilitatem
805 506 875 546 ac
896 490 1309 560 magisterium
1335 495 1547 563 postea
1571 491 1805 563 mystici
1836 508 2123 564 exposue-

471 584 629 646 runt,
678 579 972 634 dicamus.
1015 578 1297 634 Absolute
1339 579 1567 634 dictum
1624 584 1728 635 est.
1763 601 1790 629 (ί
1838 580 2119 652 Accipite,

474 669 854 738 manducata,
886 690 915 716 ››
948 667 1101 740 stylo
1153 667 1519 724 didascalico
1546 674 1603 724 et
1643 670 1971 725 hortatorio
1999 676 2125 725 tan-

472 774 659 831 quam
707 757 785 812 ad
815 771 1026 812 omnes
1070 757 1367 829 homines,
1403 773 1558 830 quos
1608 765 1860 831 paterno
1906 758 2124 814 affectu

471 847 593 903 divi
638 850 834 902 Patres
886 845 1308 914 cohortantur;
1344 853 1406 901 ut
1448 846 1718 902 inﬁdeles
1766 847 2013 919 quidem
2044 846 2123 902 ad

472 936 655 991 ﬁdem
676 934 986 1002 accedant,
1013 934 1176 990 haud
1225 935 1284 991 vi
1323 935 1417 992 vel
1441 938 1789 991 necessitate
1810 936 1991 1005 ducti,
2017 936 2125 991 sed

472 1025 869 1097 persuasione
914 1023 1115 1095 potius
1173 1030 1353 1095 atque
1396 1025 1582 1080 animi
1632 1026 1958 1096 proposito,
1986 1039 2123 1096 quae

474 1128 685 1183 reapse
716 1117 804 1167 est
824 1111 1017 1166 cultus
1064 1111 1324 1180 ﬁdeique
1368 1112 1487 1167 lex.
1520 1114 1845 1184 Postquam
1872 1129 2009 1167 vero
2030 1127 2123 1167 ac-

476 1202 917 1265 cesserimus,et
937 1214 1107 1255 sacro
1126 1199 1489 1272 baptismate
1520 1200 1793 1257 mundati
1812 1200 2119 1269 fuerimus,

477 1290 560 1345 sic
589 1290 836 1345 demum
866 1288 1033 1357 digni
1063 1290 1251 1343 simus
1274 1290 1624 1346 solidiorem
1649 1289 2006 1359 dogmatum
2023 1290 2129 1345 ali-

477 1362 748 1434 moniam
779 1378 1059 1449 recipere.
1080 1378 1172 1433 Ait
1196 1378 1351 1433 enim
1386 1395 1645 1448 magnus
1677 1380 1924 1435 Basilius
1954 1394 2127 1435 sacro

476 1468 839 1540 baptismate
886 1465 1158 1520 nondum
1190 1466 1384 1522 tinctis
1420 1484 1431 1522 :
1466 1489 1493 1516 ‹‹
1529 1468 1705 1525 Mellis
1748 1468 2125 1523 dulcedinem

478 1555 789 1628 quomodo
835 1553 1165 1625 significem
1202 1554 1617 1623 ignorantibus
1638 1557 1665 1612 ?
1694 1557 1937 1612 Gustate
1963 1563 2017 1613 et
2046 1560 2128 1612 vi-

480 1646 628 1707 dete,
661 1645 940 1714 quoniam
980 1645 1179 1698 suavis
1210 1649 1290 1698 est
1318 1645 1605 1700 Dominus
1634 1646 1702 1699 ιο.
1735 1668 1761 1695 ››
1790 1646 1899 1711 Qui
1926 1650 2127 1701 tamen

476 1734 605 1803 jam
621 1729 1080 1799 crediderunt,et
1108 1730 1425 1786 orthodoxi
1453 1738 1640 1787 coetus
1668 1734 1943 1789 membra
1965 1738 2126 1801 sunt,
2159 1758 2197 1811 Β

480 1837 554 1877 ne
579 1820 824 1875 omnino
850 1819 1252 1874 indifferenter
1265 1826 1323 1874 et
1344 1820 1470 1875 sine
1488 1822 1841 1892 probatione
1863 1826 2126 1877 sumant.

482 1908 629 1964 Dicit
682 1908 842 1963 enim
882 1906 1202 1977 Apostolus
1234 1924 1246 1957 :
1279 1928 1307 1955 ‹‹
1339 1908 1555 1964 Probet
1596 1916 1795 1965 autem
1841 1927 1902 1965 se
1928 1911 2128 1981 ipsum

482 1998 919 2067 unusquisque,
954 2002 1011 2051 et
1037 1997 1121 2051 sic
1159 1996 1233 2052 de
1253 2012 1412 2069 pane
1438 1997 1537 2053 illo
1581 1999 1739 2067 edat,
1764 2005 1817 2054 et
1844 2000 1917 2055 de
1948 2000 2130 2055 calice
2190 2060 2193 2063 λ

481 2086 733 2141 bibat".
762 2107 788 2132 ››
824 2086 1323 2155 Unumquemque
1346 2090 1547 2141 autem
1578 2087 1692 2142 hoc
1720 2088 1853 2143 loco
1895 2088 2036 2143 dicit
2065 2088 2132 2142 ﬁ-

481 2175 696 2231 delem.
727 2174 839 2240 Qui
875 2189 1017 2243 ergo
1066 2176 1340 2229 conscius
1386 2180 1474 2231 est
1535 2193 1598 2231 se
1651 2194 1782 2233 esse
1811 2179 2130 2247 indignum

481 2264 695 2319 horum
715 2262 1191 2335 participatione,
1207 2278 1400 2335 neque
1422 2280 1659 2321 sumere
1685 2267 1905 2322 audeat
1934 2283 2129 2338 neque

483 2352 869 2409 manducare.
893 2351 1116 2406 Idcirco
1140 2351 1384 2408 dictioni
1405 2375 1435 2403 «
1457 2355 1704 2426 accipite
1735 2378 1761 2404 ››
1786 2372 1905 2411 non
1924 2366 2010 2412 est
2029 2355 2130 2412 ad-

484 2440 675 2495 ditum
705 2462 733 2490 «
787 2455 1021 2495 omnes.
1054 2462 1082 2489 »
1128 2440 1187 2495 ld
1245 2446 1351 2508 est,
1404 2442 1673 2513 accipite,
1723 2444 1827 2515 qui
1876 2445 2133 2515 probata

486 2527 851 2584 conscientia
880 2529 1039 2583 estis.
1070 2532 1133 2582 In
1177 2528 1477 2585 locutione
1505 2536 1705 2587 autem
1732 2555 1760 2582 ‹‹
1782 2532 1968 2588 bibite
1998 2549 2129 2588 om-

486 2633 593 2673 nes
625 2639 653 2667 »
675 2616 768 2672 lex
821 2616 1003 2672 fertur
1048 2617 1541 2690 participantibus
1579 2620 1851 2676 divinum
1889 2637 2129 2693 corpus,

488 2705 790 2761 mandans
819 2704 910 2761 his
947 2704 1276 2777 dicensque
1321 2723 1335 2760 :
1390 2710 1574 2763 Nemo
1630 2725 1841 2764 eorum
1890 2709 1995 2781 qui
2051 2710 2131 2765 ad

487 2809 723 2849 sacram
748 2793 1025 2865 synaxim
1059 2794 1473 2863 admittuntur,
1497 2812 1699 2852 secum
1729 2797 1907 2865 dicat,
1930 2813 2131 2853 neces-

488 2883 714 2939 sarium
763 2896 885 2938 non
926 2897 1056 2937 esse
1086 2881 1162 2936 de
1187 2883 1479 2953 sanguine
1508 2900 1751 2957 quoque
1777 2886 1999 2955 bibere,
2024 2888 2131 2942 sed

485 2985 697 3025 omnes
744 2975 1041 3043 quotquot
1089 2970 1363 3026 divinum
1403 2988 1622 3045 corpus
1666 2975 2029 3047 sumpsistis,
2055 2975 2129 3031 de

483 3059 667 3115 calice
695 3074 939 3132 quoque
972 3059 1249 3114 divinum
1272 3061 1626 3132 sanguinem
1656 3062 1838 3118 bibite
1873 3082 1885 3117 :
1921 3069 1984 3119 ut
2015 3064 2131 3121 hoc

484 3149 666 3203 etiam
692 3148 808 3202 ritu
837 3152 1082 3203 naturas
1111 3147 1264 3204 duas
1294 3148 1354 3203 in
1374 3164 1636 3220 persona
1653 3167 1776 3207 una
1797 3152 2007 3207 Christi
2030 3152 2130 3208 Dei

484 3236 672 3292 nostri
700 3236 1138 3303 conﬁteamini;
1169 3240 1349 3309 atque
1378 3238 1561 3299 hunc.
1584 3245 1873 3312 tanquam
1894 3240 2132 3296 liberta-

484 3323 559 3379 tis
622 3324 835 3379 mundi
885 3324 1142 3396 pretium
1191 3331 1405 3396 sponte
1461 3327 1745 3383 collatum
1803 3336 2126 3384 sumentes.

485 3418 791 3485 postremo
816 3428 924 3468 vos
968 3413 1082 3484 ipsi
1131 3412 1463 3471 libertatem
1512 3418 1983 3489 consequemini.
2012 3421 2131 3473 Hoc

486 3506 685 3558 autem
714 3501 774 3556 in
801 3501 959 3556 illius
996 3504 1633 3559 commemorationem
1680 3506 1875 3561 facere
1922 3506 2131 3561 admo-

486 3604 736 3645 nemur.
786 3591 852 3643 Et
900 3589 1145 3660 quidem
1195 3590 1413 3646 locutio
1475 3608 1488 3646 :
1555 3614 1584 3643 «
1644 3594 2130 3667 Quotiescunque

485 3676 928 3733 manducabitis
974 3693 1193 3749 panem
1241 3678 1403 3733 hunc
1439 3685 1499 3735 et
1539 3680 1784 3737 calicem
1840 3683 2075 3750 bibetis,
2100 3706 2128 3734 ››

484 3765 876 3835 demonstrat,
896 3765 1113 3821 debere
1169 3768 1283 3823 hoc
1333 3769 1598 3840 quotidie
1648 3770 1775 3826 ﬁeri
1816 3771 1894 3827 ab
1924 3773 1995 3827 iis
2026 3774 2131 3843 qui

485 3860 760 3926 possunt,
790 3855 1043 3926 ejusque
1065 3869 1174 3926 pro
1198 3856 1373 3911 nobis
1401 3858 1747 3929 passionem
1788 3859 2127 3929 gloriﬁcari,

482 3948 542 4001 et
570 3960 763 4017 usque
794 3943 873 3999 ad
918 3944 1253 4001 secundum
1283 3947 1411 4017 ejus
1442 3946 1767 4017 gloriosum
1801 3950 2131 4008 adventum

484 4032 907 4090 concelebrari.

552 4215 640 4265 27.
677 4212 740 4265 Et
765 4216 900 4282 post
922 4212 1230 4268 recitatam
1259 4227 1500 4283 precem
1524 4216 1787 4272 ostendit
1809 4218 2131 4290 episcopus

482 4314 578 4353 res
609 4303 848 4353 sanctas
878 4298 1085 4354 dicens
1110 4317 1123 4354 :
1159 4322 1187 4350 «
1211 4303 1277 4357 Et
1304 4302 1398 4357 fac
1418 4308 1484 4358 ut
1520 4305 1697 4374 panis
1724 4305 1818 4360 hic
1836 4307 1910 4361 sit
1928 4306 2130 4377 ipsum

482 4385 811 4458 pretiosum
841 4402 1060 4457 corpus
1086 4390 1320 4445 Domini
1354 4391 1451 4445 Dei
1490 4408 1559 4447 ac
1591 4394 1918 4448 Servatoris
1944 4394 2129 4449 nostri

482 4476 621 4529 Iesu
647 4474 851 4529 Christi
875 4493 888 4541 ;
920 4476 1087 4546 quod
1118 4484 1316 4534 autem
1343 4484 1433 4535 est
1451 4480 1510 4534 in
1534 4481 1648 4535 hoc
1678 4481 1876 4549 calice,
1903 4481 1976 4536 sit
2000 4482 2128 4553 ipse

484 4562 779 4634 pretiosus
827 4563 1074 4633 sanguis
1127 4566 1335 4622 Christi
1385 4567 1491 4635 tui,
1541 4568 1870 4623 immutans
1920 4578 2129 4626 sancto

485 4650 704 4723 Spiritu
729 4655 852 4717 tuo,
877 4651 983 4723 qui
1007 4652 1234 4709 effusus
1254 4652 1360 4710 fuit
1388 4670 1498 4727 pro
1528 4655 1742 4711 mundi
1779 4659 1922 4712 vita.
1952 4660 2127 4722 nQuae

1156 4770 1201 4803 ²¹
1246 4771 1265 4822 Ι
1292 4774 1423 4826 Cor.
1452 4786 1533 4836 x1,
1566 4773 1654 4825 28.

556 4884 670 4961 (29)
701 4884 977 4961 Proponit
1017 4882 1113 4961 hic
1152 4884 1389 4961 Graecus
1428 4884 1621 4961 homo
1659 4889 1952 4961 tanquam
1998 4905 2128 4961 per-

484 4954 849 5023 emptionem
905 4955 1114 5012 Christi
1165 4954 1359 5023 legem
1408 4954 1482 5009 de
1539 4954 1962 5014 communione
1998 4954 2128 5017 'sub

485 5027 733 5103 utraque
752 5027 975 5103 specie.
1004 5027 1115 5083 Sed
1147 5026 1366 5080 videsis
1393 5027 1558 5103 apud
1590 5027 1898 5103 theologos
1926 5032 2129 5103 apolo-

484 5092 613 5183 gi‘as
639 5092 931 5183 plurimas
962 5112 1094 5183 prov
1116 5092 1561 5183 communionis
1587 5097 1699 5153 sub
1726 5092 1902 5183 unica
1931 5092 2129 5183 specie

482 5167 618 5240 ritu,
646 5179 768 5240 quo
796 5170 1042 5240 utuntur
1071 5167 1279 5240 Latini.
1304 5169 1501 5240 Exstat
1528 5184 1768 5240 quoque
1795 5167 1985 5228 Allatii
2016 5173 2129 5228 hac

482 5233 557 5312 de
587 5233 997 5312 re_'disputat_i_o
1038 5252 1146 5304 pro
1196 5238 1446 5305 Latinis;
1489 5233 1690 5312 neque
1732 5243 1892 5298 enim
1918 5260 2130 5300 omnes

481 5304 667 5362 Graeci
695 5304 1125 5362 contradicunt.

553 5379 667 5444 (30)
711 5380 765 5452 S_.
813 5380 1013 5433 Petrus
1055 5378 1341 5452 Damiani
1393 5395 1493 5452 op.
1527 5382 1620 5437 cit.
1660 5399 1724 5439 n.
1773 5388 1803 5439 8
1847 5402 1859 5439 :
1914 5386 2131 5442 Faciat

481 5450 888 5525 unusquisque
907 5450 1065 5520 quod
1080 5452 1247 5525 pium
1269 5450 1587 5525 crediderit
1612 5470 1731 5511 esse
1748 5457 2125 5525 faciendum;

483 5519 693 5576 hortor
728 5523 924 5576 tamen
961 5519 1233 5576 omnibus
1280 5522 1485 5579 diebus
1528 5519 1853 5584 Dominicis
1887 5542 2008 5585 esse
2029 5519 2127 5584 su;

550 4768 601 4803 ²⁰
638 4766 789 4823 Psal.
818 4783 1004 4841 xxxm,
1028 4772 1080 4825 9.

1732 264 2085 337 Tnsooom
2122 268 2545 337 ANDIDENSIS

3727 264 3853 332 452

2302 402 2393 465 κς.
2437 408 2633 456 Λοιπον
2693 397 2753 453 δὲ
2807 404 2897 453 καὶ
2956 402 3015 453 τὸ
3068 400 3136 462 εἰς
3199 404 3376 460 κοινὴν
3443 400 3688 472 ὠφέλειαν
3744 406 3853 453 καὶ

2233 488 2586 544 διδασκαλίαν
2630 492 2758 562 μετὰ
2801 496 2968 541 ταῦτα
3018 491 3118 542 ὑπὸ
3167 498 3266 541 τῶν
3312 489 3657 561 μυστηπόλων
3713 486 3855 541 δια-

2230 584 2547 653 τυπούμενον
2602 577 2900 650 διηγητέον.
2954 578 3135 640 Απλῶς
3184 580 3385 653 εἰρηται
3423 582 3482 630 τὸ
3541 600 3567 627 ι(
3609 578 3849 646 Λάϐετε,

2233 670 2438 741 φάγετε,
2476 689 2504 719 ››
2560 673 2700 740 νόμῳ
2758 664 3115 729 διδασκαλίας
3156 671 3244 718 καὶ
3301 672 3647 739 παραινέσεως
3701 673 3849 741 πρὸς

2230 759 2428 817 πάντας
2522 754 2825 830 ἀνθρώπους
2856 798 2869 819 ,
2944 761 3325 827 wurpixobrspw
3411 758 3627 818 τούτους
3731 765 3849 807 τῶν

2234 848 2378 897 θείων
2442 849 2680 916 Πατέρων
2738 844 3192 918 παρακαλούντων,
3216 844 3300 895 ἱνα
3352 847 3401 896 οἱ
3462 848 3550 917 μὲν
3616 844 3847 898 ἄπιστοι

2231 942 2292 1005 τῇ
2327 939 2499 985 πίστει
2546 932 2923 1007 προσέλθωσιν,
2973 933 3032 985 ού
3073 931 3169 1005 βίᾳ
3198 938 3300 985 τινὶ
3334 935 3363 991 ἠ
3396 931 3593 1005 ἀνάγκῃ
3634 935 3843 1005 ἀγόμε-

2230 1041 2309 1073 νοι
2334 1066 2349 1089 ,
2384 1023 2558 1073 πειθοῖ
2609 1017 2668 1073 δὲ
2726 1019 2914 1092 μᾶλλον
2953 1026 3042 1072 xui
3088 1026 3387 1096 προαιρέσει
3428 1020 3633 1092 ψυχῆς,
3667 1023 3839 1093 ὅσπερ

3280 1131 3294 1143 ι
3345 1110 3710 1182 προσελθόντες
3757 1108 3845 1178 δὲ,

2230 1203 2322 1252 xui
2370 1195 2464 1250 διὰ
2508 1206 2600 1250 τοῦ
2655 1200 2792 1250 θείου
2856 1197 3229 1270 βαπτίσματος
3288 1200 3642 1272 καθορθέντες,
3696 1199 3846 1251 οὓτω

2232 1287 2628 1358 κπαξιωθὼμεν
2700 1283 2955 1348 δέξασθαι
3005 1294 3097 1346 τῆς
3142 1293 3353 1360 στερεᾶς
3397 1296 3494 1339 τῶν
3555 1284 3847 1361 δογμάτων

2233 1106 2301 1167 δὴ
2365 1114 2516 1181 νόμος
2570 1109 2809 1183 λατρείας
2859 1114 2949 1160 καὶ
2999 1114 3225 1169 πίστεως

2231 1383 2425 1449 τροφῆς
2453 1396 2465 1408 ο
2498 1374 2633 1445 λέγει
2676 1377 2777 1448 γὰρ
2826 1376 2852 1425 ὁ
2900 1380 3062 1447 μέγας
3113 1375 3378 1437 Βασίλειος
3425 1383 3535 1436 τοῖς
3583 1374 3850 1448 ἀμυήτοις

2235 1472 2326 1515 τοῦ
2380 1465 2517 1515 θείου
2560 1461 2968 1533 βαπτίσματος,
3021 1484 3050 1513 ‹‹
3104 1463 3405 1521 Γλυκύτητα
3474 1464 3680 1535 μέλιτος
3734 1471 3848 1523 πῶς

2237 1550 2522 1621 ἁναγγείλω
2591 1558 2699 1611 τοίς
2775 1551 3059 1621 ἁγνοοῡσι;
3102 1555 3365 1604 Γεύσασθι
3425 1558 3514 1605 καὶ
3567 1550 3708 1604 ἴδετε
3760 1552 3842 1604 ὁτι

2236 1643 2477 1712 χρηστὸς
2531 1641 2557 1690 ὁ
2608 1642 2817 1712 Κύριος.
2853 1661 2880 1687 ››
2932 1642 2998 1691 Oi
3052 1645 3224 1711 μέντοι
3271 1638 3378 1697 ἤδη
3440 1644 3843 1707 πιστεύσαντες,

2237 1732 2327 1779 xui
2379 1736 2471 1779 τοῦ
2517 1736 2618 1779 τῶν
2682 1724 2973 1801 ὀρθοδοξων
3035 1733 3374 1800 συστήματος
3425 1734 3578 1802 μέρος
3619 1732 3847 1800 τυγχά-

2237 1835 2433 1883 νοντες,
2501 1819 2572 1886 μὴ
2633 1819 2836 1877 πάντως
2896 1815 3072 1876 ἁπλῶς
3139 1813 3509 1888 ἀδοκιμάστως
3582 1817 3791 1869 λάϐωσι
3828 1837 3841 1849 ·

3029 1927 3058 1954 ιι
3101 1906 3431 1968 Δοκιμαζέτω
3489 1903 3547 1958 δε
3618 1906 3847 1967 ἕκαστος

2239 1992 2461 2061 ἑαυτὸν,
2509 2012 2597 2044 και
2649 1992 2806 2053 οὓτως
2860 1992 2915 2045 ἐκ
2971 2000 3062 2045 τοῦ
3130 1992 3289 2068 ἄρτου
3348 1993 3580 2057 ἐσθιέτω,
3636 2000 3727 2045 xui
3785 1997 3847 2046 ἐκ

2236 1904 2368 1974 λέγει
2404 1908 2502 1977 γὰρ
2534 1905 2560 1955 ὁ
2602 1903 2920 1966 Ἀπόστολος
2963 1922 2978 1935 ο

2237 2092 2329 2133 του
2393 2087 2646 2155 ποτηρίου
2702 2086 2907 2136 πινέτω,
2954 2104 2981 2131 ι)
3041 2081 3297 2134 Ἓκαστον
3355 2078 3414 2134 δε
3469 2080 3691 2135 ἐνταῦθα
3748 2088 3845 2135 τὸν

2236 2176 2423 2222 πιστόν
2484 2189 2660 2241 φησιν.
2719 2169 2811 2231 ~0:,
2882 2179 3005 2241 γοῦν
3068 2168 3304 2223 σύνοιδεν
3375 2172 3554 2223 εαυτόν
3625 2170 3845 2233 ἀνάξιον

2239 2258 2361 2311 ὂντα
2394 2266 2488 2318 τῆς
2542 2260 2730 2311 τούτων
2784 2258 3113 2330 μεταλήψεως
3135 2302 3150 2328 ,
3184 2264 3307 2330 μήτε
3357 2259 3528 2312 λαϐεῖν
3592 2260 3839 2332 τολμήσῃ

2239 2352 2369 2418 μήτε
2417 2354 2597 2419 φαγεῖν
2643 2367 2658 2380 ο
2701 2350 2889 2399 τούτου
2954 2351 3055 2420 γὰρ
3112 2347 3270 2400 ἕνεκεν
3334 2346 3607 2418 ἀπελειψον
3668 2348 3717 2400 ἐν
3763 2357 3846 2419 τῷ

2241 2458 2269 2485 ‹‹
2301 2435 2479 2489 λάϐετε
2508 2458 2537 2485 ››
2581 2439 2663 2498 τὸ,
2713 2456 2742 2484 ι(
2783 2438 2969 2497 πάντες
3002 2457 3014 2469 σ
3050 2458 3079 2486 »
3121 2441 3383 2503 τουτέστι,
3426 2436 3620 2490 Λάϐετε
3654 2439 3707 2489 οἱ
3745 2434 3844 2490 δε-

2241 2520 2615 2595 δοκιμασμένοι
2656 2528 2752 2582 τὴν
2792 2521 3118 2582 συνείδησιν.
3153 2529 3222 2578 Τὸ
3264 2522 3323 2578 δε
3371 2524 3419 2577 ἐν
3466 2534 3576 2596 τῷ,
3608 2548 3638 2576 ‹‹
3692 2533 3844 2579 πίετε

2238 2617 2445 2682 πάντες,
2487 2636 2516 2663 ι)
2574 2618 2724 2684 νόμος
2770 2612 2884 2666 ἔστὶ
2952 2613 3056 2675 τοῖς
3120 2614 3453 2687 μετειληφόσι
3531 2624 3624 2668 τοῦ
3694 2618 3842 2667 θείου

2242 2708 2482 2775 σώματος
2509 2744 2524 2769 ,
2560 2702 3030 2776 παρακελευόμενος
3084 2706 3288 2765 τούτοις
3324 2710 3413 2756 xui
3478 2704 3634 2775 λέγων
3666 2725 3680 2738 ·
3715 2712 3842 2761 Μη-

2241 2788 2349 2852 δεὶς
2404 2800 2504 2842 τῶν
2541 2798 2632 2842 τού
2683 2793 2821 2843 θείου
2875 2797 3115 2863 σώματος
3160 2792 3576 2854 καταξιωθέντων
3614 2793 3845 2864 μεταλα-

2240 2884 2343 2931 ϐεῖν
2390 2883 2527 2932 εἴποι
2552 2882 2683 2953 πρὸς
2712 2878 2892 2932 ἑαυτὸν
2949 2883 3015 2942 ὼς
3058 2880 3152 2932 οὐχ
3213 2885 3491 2952 ἀναγκαῖὸν
3530 2881 3671 2933 ἐστὶν
3701 2890 3844 2935 πιεῖν

3008 2969 3122 3039 (29)
3152 2985 3165 2999 ’
3198 2968 3327 3021 ἀλλὰ
3392 2973 3575 3030 πάντες
3612 2970 3731 3022 ὅσοι
3783 2968 3845 3022 ἐκ

2239 3064 2330 3107 τοῦ
2368 3062 2604 3127 σώματος
2650 3055 2967 3127 μετελάϐετε,
2996 3062 3085 3109 xui
3130 3056 3187 3108 ἐκ
3240 3064 3333 3109 τοῦ
3388 3056 3435 3109 ἕν
3480 3066 3551 3127 τῷ
3599 3062 3843 3131 ποτηρίῳ

2239 2972 2329 3019 xui
2403 2966 2504 3019 ἀπὸ
2569 2974 2661 3019 τού
2718 2970 2934 3039 αἵματος

2241 3146 2377 3196 θείου
2422 3144 2635 3215 αἳματος
2683 3149 2823 3197 πίετε
2855 3166 2867 3177 ·
2901 3143 2986 3196 ἱνα
3031 3150 3119 3197 καὶ
3158 3148 3321 3216 τούτῳ
3355 3149 3449 3206 τὰς
3506 3144 3604 3198 δύο
3658 3150 3841 3217 φύσεις

2237 3239 2328 3283 τοῦ
2386 3230 2435 3282 ἐν
2487 3238 2586 3303 μ.ιᾴ
2645 3231 2936 3284 ὑποστάσει
2996 3240 3227 3308 Χριστοῦ
3301 3240 3434 3287 Θεοῦ
3497 3235 3645 3305 ἡμῶν
3708 3235 3837 3286 ὑπο-

2235 3319 2470 3394 γράψητε
2498 3340 2510 3353 ·
2552 3325 2641 3372 xui
2678 3323 2748 3381 ὡς
2799 3325 2956 3391 τιμὴν
3010 3330 3162 3374 τουτο
3193 3323 3318 3395 ὑπερ
3358 3329 3450 3382 τῆς
3492 3330 3585 3375 τού
3629 3327 3835 3393 κόσμου

2237 3407 2523 3481 ἐλευθερίας
2587 3407 2833 3470 ἑκουσίως
2885 3408 3299 3467 καταϐληθεῖσαν
3366 3407 3679 3482 δεχόμενοι,
3747 3430 3834 3465 τε-

2235 3495 2380 3559 λείως
2432 3502 2523 3549 xui
2571 3496 2720 3551 αὐτοὶ
2776 3498 3014 3560 τεύξεσθε
3057 3506 3151 3560 τῆς
3210 3498 3518 3573 ἐλευθερίας.
3560 3506 3726 3553 Τοῦτο
3775 3496 3834 3553 δε

2236 3594 2398 3639 ποιεῖν
2452 3583 2544 3639 διὰ
2622 3589 2808 3647 παντὸς
2863 3588 2931 3648 εἰς
2980 3593 3074 3646 τὴν
3121 3586 3311 3641 ἐκείνου
3376 3587 3666 3662 ἀνάμνησιν
3737 3588 3831 3641 ἐπ·-

2236 3677 2527 3747 ετράπημεν
2561 3695 2574 3707 ·
2606 3678 2664 3726 τὸ
2716 3678 2817 3748 γὰρ
2846 3697 2874 3723 ‹‹
2912 3678 3127 3738 Ὁσάκις
3185 3676 3245 3727 ἂν
3301 3676 3508 3736 ἐσθίητε
3541 3682 3626 3729 τὸν
3678 3679 3833 3751 αἰρτον

2236 3771 2435 3828 τοῦτον,
2469 3767 2559 3814 καὶ
2588 3767 2645 3814 τὸ
2697 3768 2945 3837 ποτήριον
2985 3772 3135 3817 τοῦτο
3180 3770 3377 3836 πίνητε,
3410 3787 3437 3815 ››
3478 3774 3626 3817 τοῦτο
3655 3761 3831 3835 δηλοὶ,

2236 3852 2307 3911 ὡς
2349 3851 2469 3902 καθ’
2515 3850 2739 3908 εκάστην
2793 3853 2987 3925 ἡμέραν
3033 3856 3142 3923 χρὴ
3181 3860 3331 3905 τοῦτο
3392 3853 3650 3907 τελεῖσθαι
3690 3856 3838 3925 παρὰ

2236 3948 2335 3991 τῶν
2390 3936 2683 4010 δυναμένων
2716 3942 2853 4009 (30),
2885 3945 2976 3993 xui
3024 3943 3089 3993 τα
3134 3943 3260 4015 ὑπερ
3309 3943 3453 4013 ἡμῶν
3490 3942 3650 3994 αὐτοῦ
3690 3945 3834 3999 πάθη

2239 4024 2500 4095 δοξάζειν,
2530 4032 2620 4079 xui
2645 4026 2881 4099 ἁνυμνεῑν
2920 4028 3055 4101 ἁχρι
3101 4037 3196 4089 τῆς
3244 4026 3492 4103 δευτέρας
3545 4035 3709 4083 αὐτοῦ
3745 4036 3840 4083 xui

2236 4112 2450 4178 ἔνδοξον
2471 4120 2784 4189 παρουσίας.

2307 4221 2407 4281 κζ’.
2452 4227 2553 4275 Καὶ
2602 4226 2732 4294 μετὰ
2773 4228 2865 4281 τὴν
2931 4223 3249 4296 ἐπαγομένην
3306 4225 3473 4297 εὐχὴν
3525 4222 3837 4279 ἀναδείκνυ-

2238 4330 2320 4363 σιν
2347 4313 2372 4362 ὁ
2432 4310 2707 4383 ἀρχιερεύς
2747 4314 2815 4363 τὰ
2859 4311 2989 4383 ἅγια
3024 4356 3037 4379 ,
3096 4313 3253 4384 λέγων
3287 4332 3299 4343 ⁸
3336 4319 3439 4367 Καὶ
3487 4320 3706 4373 ποίησον
3744 4319 3837 4367 τὸν

2236 4404 2325 4471 μὲν
2373 4399 2527 4474 ἄρτον
2574 4408 2755 4451 τουτον
2799 4400 2926 4451 αὐτὸ
2980 4406 3037 4453 τὸ
3092 4408 3263 4473 τίμιον
3324 4412 3477 4474 σῶμα
3504 4412 3593 4455 τού
3634 4409 3835 4476 Κυρίου

2236 4494 2325 4540 xui
2349 4495 2475 4541 Θεον
2531 4493 2620 4539 xui
2659 4496 2896 4560 Σωτῆρος
2937 4492 3082 4561 ἡμῶν
3136 4491 3310 4548 Ἰησού
3362 4499 3601 4563 Χριστοῦ
3627 4506 3642 4522 ⁸
3676 4498 3735 4544 τὸ
3772 4489 3835 4545 δε

2236 4576 2285 4628 ἐν
2348 4585 2421 4647 τῷ
2486 4583 2721 4649 ποτηρίῳ
2776 4581 2939 4648 τούτῳ
3010 4578 3136 4631 αὐτὸ
3192 4583 3250 4631 τὸ
3316 4586 3488 4652 τίμιον
3544 4583 3676 4652 αἷμα
3740 4589 3833 4633 τοῦ

2236 4671 2470 4737 Χριστοῦ
2529 4684 2644 4732 σου,
2691 4664 2990 4737 μεταϐαλὼν
3026 4669 3140 4735 (31)
3177 4676 3249 4737 τῷ
3307 4671 3569 4740 Πνεύματί
3623 4689 3720 4722 σου
3758 4678 3836 4740 τῷ

2236 4894 2533 4969 mendum,
2557 4895 2609 4949 si
2639 4901 2839 4969 tamen
2889 4912 3050 4969 mens
3100 4912 3220 4951 non
3245 4899 3327 4969 sit
3350 4900 3410 4953 in
3443 4900 3663 4969 affectu
3691 4916 3836 4967 pec-

2236 4966 2431 5045 condi.
2474 4966 2656 5020 Graeci
2700 4966 2994 5045 hodierni,
3028 4973 3091 5022 ut
3141 4967 3343 5035 audio,
3372 4966 3582 5041 quater
3619 4966 3835 5028 saltem

2234 5038 2295 5090 in
2326 5050 2487 5089 anno
2517 5038 2987 5092 communicant.

2307 5108 2417 5171 (31)
2458 5108 2840 5181 Concorditer
2869 5109 3051 5163 Graeci
3083 5110 3426 5181 mutationis
3446 5111 3672 5181 dogma
3692 5128 3836 5167 con-

2233 5174 2496 5254 ﬁtentur,
2528 5178 2632 5232 sed
2656 5194 2776 5254 non
2800 5195 3011 5254 omnes
3037 5180 3286 5254 modum
3310 5174 3632 5254 explicant.
3655 5184 3835 5240 Crito-

2235 5248 2414 5327 pulus
2472 5264 2607 5327 cap.
2650 5248 2894 5327 Ωςᾝστι
2958 5253 3057 5327 γὰρ
3115 5250 3316 5327 ἀληθῶς
3386 5248 3538 5325 σῶμα
3595 5262 3836 5327 Χριστοῦ

2236 5321 2261 5370 ὁ
2303 5321 2721 5397 ἱερουργούμενος
2744 5322 2934 5397 Δάρτος,
2974 5321 3157 5397 καὶ-τὸ
3216 5322 3265 5375 ἐν
3324 5333 3396 5395 τῷ
3434 5321 3668 5397 ποτηρίῲ
3701 5323 3837 5396 αἷμα

2236 5341 2261 5370 ο
2303 5341 2721 5393 ιερουργουμενος
2758 5341 2934 5443 αςτος,
2974 5342 3061 5373 και
3099 5342 3157 5374 το
3216 5342 3265 5375 εν
3324 5343 3396 5395 τῳ
3434 5344 3668 5397 ποτηριῳ
3701 5345 3835 5396 αιμα

2234 5397 2469 5465 Χριστοῦ
2537 5390 2896 5465 ἀναμφιϐοως
2932 5408 2945 5422 ⁸
2988 5394 3013 5443 ο
3054 5388 3112 5465 δὲ
3173 5413 3362 5465 τροπος
3423 5404 3514 5456 τῆς
3586 5400 3835 5457 τοιαύτης

2234 5459 2521 5541 μεταςολῆὲ
2581 5459 2841 5541 divino-70A;
2876 5468 2987 5541 ,καὶ
3036 5459 3435 5541 ,ανερμῆνευτομ
3492 5468 3575 5523 En
3623 5474 3833 5541 tamen

2233 5532 2297 5589 in
2324 5533 2443 5591 alia
2478 5532 2742 5592 Ecclesia
2793 5532 3529 5596 Orientalis'conl‘essione
3576 5538 3834 5596 Nectarii
