4106 6222
1427 293 1922 368 COMMENTATIO
1961 293 2349 370 LirURGICA.

3456 301 3566 375 1284

187 429 330 499 ἁγίῳ
386 427 536 500 (32),
586 433 645 482 τὸ
689 428 910 502 ἐκχυθὲν
960 431 1088 506 ὑπὲρ
1117 439 1322 493 τῆςτοῦ
1349 436 1552 506 κόσμου
1582 434 1744 496 ζωῆς·
1778 456 1808 484 ι)

1929 434 2126 508 utique
2154 434 2540 506 agnoscimus
2561 439 2617 494 et
2647 435 2970 505 credimus,
3007 436 3092 494 ita
3119 438 3563 508 transmutaris,

185 518 222 568 ἁ
277 513 352 576 δὴ
418 523 522 571 καὶ
574 526 898 592 γινώσκομεν
951 526 1044 573 καὶ
1091 524 1425 594 πιστεύομεν,
1475 527 1610 576 οὕτω
1657 543 1811 596 μετα-

189 608 455 660 ποεῖσθαι
517 611 579 668 ὡς
622 609 653 665 ἠ
705 607 975 668 ἐπίκλησις
1028 611 1164 680 ἔχει.
1224 609 1360 662 Ἀλλ’
1411 613 1438 662 6
1469 615 1628 683 μέγας
1659 618 1813 664 Βασί-

191 696 328 758 λειος
379 695 510 748 ἀντὶ
558 697 673 769 (33)
714 705 807 748 τοῦ
848 697 1146 768 μεταϐαλὼν
1189 707 1262 769 τῷ
1307 703 1568 772 Πνεῦματί
1614 721 1708 752 σου
1738 709 1812 772 τῷ

192 784 355 856 ἁγίῳ,
428 789 497 836 τὸ
562 785 819 856 Ἐηχυθὲν
849 787 971 860 ὑπὲρ
1029 794 1120 838 τοῦ
1164 805 1367 859 κοσμου
1427 792 1562 850 ζωῆς
1598 791 1811 844 τέθεικε.

191 876 376 930 Ταῦτα
427 870 498 926 δὲ
540 873 634 926 οὐχ
671 876 811 926 ἔστιν
857 874 1094 936 ἀλλήλοις
1141 875 1364 928 ἐναντία*
1407 878 1433 927 6
1473 881 1562 949 μὲν
1585 880 1687 952 γὰρ
1717 883 1812 935 τὴν

195 959 456 1020 ἰδιότητα
513 970 605 1014 τοῦ
661 962 971 1035 ζωαρχικοῦ
1037 961 1209 1021 δηλῶν
1277 969 1594 1038 Πνεῦματος,
1659 974 1812 1018 τοῦτο

196 1050 445 1124 ἔγραψεν·
515 1053 542 1102 6
594 1048 656 1103 δὲ
701 1051 1092 1124 οὐρανοφάντωρ
1151 1057 1210 1104 τὸ
1254 1057 1444 1106 ταυτὸν
1486 1063 1580 1116 τῆς
1629 1055 1814 1116 οὐσίας

193 1145 285 1190 καὶ
342 1143 637 1211 ἐνεργείας,
691 1144 820 1213 πρὸς
870 1137 928 1193 δε
982 1146 1070 1194 καὶ
1126 1141 1381 1204 Θελήσεως
1425 1149 1514 1196 καὶ
1546 1141 1814 1216 δυνάμεως

198 1237 286 1288 τῆς
336 1225 578 1302 Τριάδος
624 1234 968 1301 παρίστησιν,
1023 1227 1316 1291 ἀποδιδοὺς
1365 1237 1457 1290 τὴν
1514 1237 1812 1306 συνέργειαν

195 1325 292 1377 τῆς
334 1322 747 1388 μετα-ποιήσεως
786 1326 858 1387 τῷ
918 1324 1110 1392 Πατρί·
1167 1323 1438 1372 καντεῦθεν
1496 1330 1811 1374 συνιστῶσιν

203 1405 491 1480 ὰμῖιότεροι
539 1409 621 1471 r6,
674 1405 816 1458 Ὀσα
866 1407 893 1457 6
945 1412 1126 1481 Πατὴρ
1175 1411 1385 1482 ἑνεργεῖ,
1435 1418 1598 1461 ταῦτα
1653 1415 1740 1462 καὶ
1783 1413 1810 1462 6

205 1494 321 1556 Υἱὸς
363 1500 459 1546 καὶ
507 1514 566 1546 το
623 1501 833 1567 Πνεῦμα
879 1499 938 1547 τὸ
966 1495 1136 1566 ἅγιον
1164 1501 1254 1548 καὶ
1283 1499 1385 1548 ὅσα
1413 1499 1439 1548 6
1479 1499 1613 1563 Υἱὸς,
1645 1506 1813 1551 ταῦτα

205 1588 292 1635 καὶ
337 1584 366 1634 6
415 1589 606 1656 Πατήρ
639 1588 729 1635 καὶ
759 1585 785 1634 6
818 1583 1176 1658 Παράκλητοςο
1205 1591 1295 1638 καὶ
1319 1587 1421 1636 ὅσα
1446 1586 1612 1656 οὗτος,
1645 1596 1812 1640 ταῦτα

205 1679 292 1723 καὶ
338 1674 365 1724 6
419 1675 608 1743 Πατὴρ
647 1678 737 1723 καὶ
779 1677 1083 1743 Μονογενὴς.
1117 1675 1372 1726 Ἐντεῦθεν
1410 1673 1588 1726 λοιπὸν
1618 1677 1648 1732 ἡ
1682 1679 1812 1746 μετὰ

209 1765 297 1818 τήν
327 1756 602 1822 ἀνάδειξιν
634 1769 734 1812 τῶν
768 1762 910 1812 θείων
941 1759 1121 1834 δώρων
1151 1762 1393 1834 λεγομένη
1428 1763 1584 1835 εὐχὴ,
1619 1761 1809 1822 διπλῆν
1840 1757 1881 1812 Β

217 1855 437 1922 φέρουσα
488 1855 586 1901 καὶ
633 1849 763 1907 αὐτὴ
821 1855 916 1907 τὴν
973 1855 1240 1922 σημασίαν
1282 1851 1382 1903 ἀπό
1441 1872 1492 1905 τε
1543 1861 1634 1904 τοῦ
1695 1858 1812 1914 νοὸς

214 1946 299 1989 τοῦ
355 1937 584 2010 μεγάλου
639 1937 908 1990 Βασιλείου
955 1945 1042 1991 καὶ
1091 1948 1182 1991 τοῦ
1230 1949 1440 2012 χρυσοῦ
1488 1945 1678 2004 παντὸς
1735 1963 1812 1996 τι-

221 2031 460 2100 μιώτερον
519 2029 733 2098 ἔχοντος
801 2029 992 2097 στόμα,
1052 2029 1286 2080 Ἰωάννου
1342 2037 1435 2081 τοῦ
1487 2033 1642 2093 πάνυ,
1701 2039 1810 2094 τοῖς

226 2115 436 2173 ζητοῦσι
491 2118 560 2166 τα
615 2114 872 2166 κάλλιστα
926 2118 1238 2188 καθορᾶται*
1293 2119 1320 2168 6
1379 2123 1467 2189 μὲν
1527 2123 1630 2192 γὰρ
1679 2122 1812 2182 θεῖος

231 2201 477 2264 Βασιλειος
517 2208 615 2260 τήν
670 2209 878 2274 μνήμην
921 2212 1020 2253 τῶν
1065 2201 1226 2273 ἁγίων
1269 2205 1405 2256 οὕτω
1446 2215 1556 2268 πῶς
1596 2227 1789 2280 παρεισ

239 2291 345 2360 ιὶγει
394 2290 546 2360 λέγων
575 2308 588 2319 °
663 2290 751 2344 ’ἶν’
825 2291 1052 2362 εὕρωμεν
1114 2291 1247 2344 ἔλεον
1313 2301 1403 2346 καὶ
1458 2297 1621 2367 χάριν
1682 2300 1814 2368 μετά

169 2399 184 2412 ο
249 2380 430 2429 πάντων
481 2387 576 2430 τῶν
625 2377 784 2450 ἁγίων
851 2383 1111 2452 Πατέρων,
1155 2386 1510 2454 προπατέρων,
1570 2390 1660 2436 καὶ
1710 2394 1812 2436 τῶν

251 2465 364 2526 ἑξῆς
413 2469 601 2519 πάντων
646 2464 908 2519 δικαίων·
963 2470 988 2519 6
1044 2464 1104 2520 δὲ
1152 2469 1566 2544 χρυσοῤῥήμων,
1621 2473 1685 2533 ὡς
1729 2478 1814 2544 γέ-

247 2573 473 2625 γραπται,
512 2561 602 2607 καί
645 2558 775 2628 ὑπὲρ
821 2557 988 2608 αὐτῶν
1033 2553 1237 2609 δικαιοῖ
1283 2563 1672 2634 προσφέρεσθαι
1719 2567 1812 2620 τὴν

242 2643 411 2694 θυσίαν
454 2645 587 2714 (34).
645 2650 746 2698 Καὶ
799 2645 1008 2706 εἰκότως
1037 2663 1048 2674 ⁸
1106 2649 1166 2697 οῦ
1203 2649 1306 2721 γὰρ
1351 2647 1476 2721 ὑπὲρ
1508 2648 1811 2723 ἁμαρτολῶν

236 2736 371 2803 μόνον
411 2737 466 2784 r6
514 2735 652 2804 αἷμα
697 2734 900 2805 ἓζέχεεν
946 2735 972 2785 6
1017 2739 1219 2806 Ποιμήν
1269 2737 1295 2786 6
1335 2735 1509 2801 καλὸς,
1541 2742 1631 2789 καί
1654 2740 1814 2791 θυσία

231 2829 296 2890 τῷ
353 2827 515 2894 Πατρί
583 2821 652 2882 εἰς
711 2821 1039 2892 καταλλαγήν
1111 2827 1308 2875 τούτων
1380 2829 1584 2896 γέγονεν
1612 2869 1627 2893 ,
1702 2825 1808 2879 ἀλλ’

230 2904 326 2966 ἤδη
379 2910 465 2960 χαί
504 2910 641 2981 ὑπὲρ
700 2910 863 2961 αὐτῶν
911 2918 1014 2962 τῶν
1062 2907 1316 2963 δικαίωνο
1372 2913 1430 2964 οῦ
1486 2914 1587 2987 γάρ
1647 2917 1808 2978 εστιν,

1920 539 2029 580 ceu
2048 525 2350 581 invocatio
2364 525 2565 583 habet.
2577 527 2691 584 Sed
2707 543 2969 599 magnus
2987 526 3239 584 Basilius
3255 527 3388 583 loco
3409 528 3564 585 illius

1920 612 2218 684 μεταϐαλών
2251 614 2464 686 Spiritu
2510 621 2720 672 sancto
2767 621 2892 682 tuo,
2936 615 3177 688 posuit:
3207 616 3311 688 qui
3337 617 3566 673 eﬂ'usus

1919 706 2012 758 est
2038 717 2148 773 pro
2171 703 2379 758 mundi
2405 703 2546 760 vita.
2578 707 2706 761 Haec
2741 710 2943 760 autem
2993 703 3147 760 inter
3191 720 3254 760 se
3305 720 3428 760 non
3474 705 3566 761 di-

1920 795 2227 863 screpant;
2259 791 2358 847 ille
2403 792 2564 848 enim
2601 794 3106 865 (Chrysostomus)
3141 794 3565 866 proprietatem

1916 879 2135 935 viviﬁci
2154 879 2401 951 Spiritus
2421 880 2694 938 indicans
2713 881 2950 954 scripsit
2973 897 2985 946 ;
3009 881 3326 954 deiloquus
3357 887 3562 939 autem

1922 969 2218 1040 (Basilius)
2247 983 2433 1026 unam
2484 971 2883 1044 eamdemque
2921 971 3244 1026 essentiam
3273 975 3330 1027 et
3356 985 3565 1043 opera-

1917 1059 2163 1123 tionem,
2227 1073 2338 1114 nec
2387 1062 2444 1114 et
2501 1059 2873 1116 voluntatem
2927 1074 2998 1116 ac
3059 1060 3339 1116 virtutem
3383 1060 3564 1116 Trini-

1920 1147 2056 1203 tatis
2087 1147 2492 1212 demonstrat;
2535 1148 3020 1220 cooperationem
3049 1149 3566 1205 transmutationis

1921 1235 2077 1291 Patri
2096 1251 2400 1305 regereris.
2435 1236 2696 1308 Indeque
2719 1242 2968 1310 uterque
3001 1237 3379 1309 comprobat,
3401 1253 3563 1310 quae-

1919 1337 2158 1394 cunque
2205 1324 2377 1380 Pater
2421 1331 2720 1395 operatur,
2771 1325 2872 1380 illa
2917 1325 3130 1380 eadem
3167 1329 3224 1380 et
3267 1325 3478 1381 Filium
3507 1329 3566 1382 et

1921 1412 2204 1484 Spiritum
2235 1417 2510 1468 sanctum
2537 1414 2772 1485 operari
2801 1430 2815 1468 :
2858 1418 2916 1469 et
2953 1429 3335 1486 quaecunque
3366 1415 3559 1487 Filius,

1919 1501 2131 1556 eadem
2161 1505 2218 1556 et
2252 1504 2485 1557 Patrem
2533 1507 2590 1558 et
2635 1503 3042 1559 Paracletum:
3089 1509 3146 1558 et
3186 1519 3565 1576 quaecunque

1919 1590 2280 1655 Paracletus,
2296 1591 2512 1646 eadem
2525 1595 2582 1646 et
2595 1593 2826 1646 Patrem
2844 1597 2901 1646 et
2919 1589 3299 1660 Unigenitum
3321 1593 3566 1648 .Deinde

1919 1681 2109 1734 oratio
2139 1685 2279 1750 post
2303 1679 2648 1735 divinorum
2678 1680 2980 1736 donorum
3013 1683 3420 1736 ostensionem
3449 1681 3568 1737 dici

1918 1767 2112 1837 solita,
2150 1783 2287 1838 quae
2320 1772 2376 1824 et
2401 1769 2534 1839 ipsa
2582 1768 2884 1840 duplicem
2923 1768 3105 1824 habet
3142 1767 3566 1840 signiﬁcatum,

1919 1871 2136 1928 nempe
2176 1861 2233 1911 et
2273 1856 2441 1911 illum
2484 1858 2658 1926 juxta
2701 1863 2962 1912 mentem
3010 1857 3214 1926 magni
3244 1857 3460 1927 Basilii,
3506 1863 3564 1914 et

1920 1944 2103 2000 alium
2133 1943 2340 2013 magni
2364 1946 2609 2000 Joannis
2639 1945 2976 2016 praetiosius
3002 1945 3169 2000 omni
3193 1960 3342 2000 auro
3369 1961 3437 2000 os
3460 1946 3566 2002 ha-

1917 2032 2116 2088 bentis
2142 2051 2160 2099 ;
2193 2038 2257 2087 ut
2281 2033 2515 2088 curiose
2542 2033 2950 2088 scrutantibus
2971 2033 3205 2104 egregie
3227 2033 3563 2106 apparebit.

1920 2125 2067 2193 Nam
2093 2120 2269 2175 divus
2300 2121 2552 2176 Basilius
2600 2126 2948 2176 sanctorum
2978 2121 3334 2177 memoriam
3363 2122 3446 2178 ita
3472 2122 3563 2177 in-

1919 2209 2085 2264 ducit
2141 2208 2348 2263 dicens
2391 2225 2404 2262 :
2449 2210 2519 2264 Ut
2570 2209 2948 2264 inveniamus
2979 2209 3456 2266 misericordiam
3502 2216 3561 2265 et

1921 2297 2175 2366 gratiam
2203 2311 2343 2352 cum
2366 2297 2588 2352 sanctis
2605 2296 2898 2366 Patribus,
2928 2297 3306 2368 patriarchis,
3335 2303 3394 2354 et
3420 2313 3564 2354 cun-

1921 2385 2029 2440 ctis
2063 2384 2348 2456 deinceps
2392 2385 2592 2455 justis.
2641 2385 3108 2457 Chrysostomus
3136 2389 3359 2454 autem,
3391 2391 3458 2442 ut
3481 2386 3562 2441 ibi

1919 2472 2211 2545 scriptum
2232 2477 2342 2538 est,
2365 2473 2546 2528 etiam
2561 2487 2668 2543 pro
2684 2473 2828 2544 ipsis
2848 2489 3093 2544 aequum
3111 2473 3344 2544 judicat
3365 2473 3567 2530 offerri

1921 2560 2303 2617 sacriﬁcium.
2335 2562 2399 2616 Et
2426 2560 2642 2614 merito
2671 2578 2683 2627 ;
2727 2575 2923 2632 neque
2954 2561 3115 2615 enim
3143 2575 3256 2633 pro
3290 2566 3569 2632 peccato-

1919 2649 2085 2704 ribus
2115 2653 2351 2704 tantum
2409 2648 2770 2717 sanguinem
2811 2648 2964 2703 fudit
3007 2649 3220 2704 Pastor
3256 2649 3478 2717 bonus,
3508 2655 3568 2706 et

1919 2737 2179 2792 hostiam
2207 2752 2268 2792 se
2289 2735 2445 2792 Patri
2476 2736 2556 2791 ob
2581 2735 2800 2791 horum
2821 2736 3365 2794 reconciliationem
3390 2737 3569 2794 obtu-

1918 2826 2003 2893 lit,
2021 2826 2127 2882 sed
2143 2841 2253 2898 pro
2275 2825 2422 2897 ipsis
2443 2840 2688 2897 quoque
2705 2824 2904 2895 justis.
2927 2827 3054 2880 Non
3077 2826 3239 2880 enim
3275 2831 3386 2892 est,
3417 2841 3566 2890 non,

1921 2913 2196 2984 inquam,
2241 2919 2348 2980 est,
2389 2913 2492 2984 qui
2536 2914 2714 2980 vivet,
2760 2918 2817 2968 et
2859 2928 2984 2968 non
3009 2914 3299 2984 peccabit,
3331 2913 3569 2970 etiamsi

227 2997 311 3048 οῦκ
334 3000 465 3049 ἔστιν
507 2997 572 3055 ὃς
624 2998 844 3058 ζήσεται
893 2998 984 3050 καὶ
1031 2999 1136 3070 οὐχ
1183 2999 1499 3072 ἁμαρτήσει,
1533 2999 1652 3054 σῦδ’
1681 3003 1742 3054 ἂν
1768 3011 1812 3063 εἰ

1929 3002 2102 3057 unius
2133 3001 2252 3056 diei
2279 3001 2402 3057 vita
2417 3002 2547 3072 ejus
2594 3001 2802 3056 fuerit:
2829 3000 2967 3056 ideo
3009 3017 3151 3072 ergo
3179 3002 3320 3074 quia
3350 3018 3564 3058 omnes

229 3091 315 3156 μία
357 3088 522 3159 ἡμέρα
576 3088 606 3144 ἡ
651 3086 759 3146 ζωή
807 3088 968 3139 αὐτοῦ
1137 3088 1240 3139 εκεί
1279 3085 1338 3140 δὲ
1368 3090 1644 3142 ὑπεύθυνοι
1685 3094 1814 3144 πάν·

231 3193 316 3241 τες,
362 3178 486 3248 ὑπὲρ
541 3177 752 3227 πάντων
809 3173 1054 3227 ἀπέθανεν
1083 3192 1096 3205 ⁸
1167 3178 1245 3228 ὅτι
1301 3177 1391 3228 καὶ
1438 3180 1486 3229 οἱ
1549 3183 1650 3252 πρὸ
1720 3187 1813 3232 τοῦ

232 3270 442 3336 σταυροῦ
488 3265 683 3324 πάντες
729 3265 785 3314 εκ
825 3271 919 3324 τῆς
966 3272 1058 3316 τοῦ
1111 3265 1524 3338 πρωτοπλάστου
1578 3267 1811 3340 παραϐά-

237 3369 350 3412 σεως
409 3351 497 3403 καί
565 3359 664 3402 τῶν
722 3356 1140 3425 προσγινομένων
1197 3353 1360 3404 ἄλλων
1424 3363 1598 3406 κακῶν
1661 3357 1815 3408 ὑπεύ-

235 3439 362 3490 θυνοι
413 3443 734 3512 ετυγχανον,
800 3439 891 3490 καὶ
947 3435 1160 3511 δέσμιοι
1219 3449 1293 3511 τῷ
1361 3443 1583 3513 θανάτῳ.
1650 3442 1813 3496 Ἀλλ’-

232 3523 341 3579 οὐδέ
399 3533 561 3600 νόμος
614 3532 879 3589 Μωυσέως
942 3530 1059 3579 τινὰ
1116 3531 1310 3580 τούτων
1372 3529 1679 3585 ἑτελείωσεν.
1730 3534 1815 3592 Εἷς

231 3612 311 3667 οὖν
348 3622 459 3670 τότε
504 3616 640 3692 ὑπὲρ
687 3619 891 3670 πάντων
934 3617 1207 3673 ἀπέθανεν.
1245 3623 1344 3671 Τὸν
1387 3621 1542 3672 αὑτὸν
1574 3618 1633 3673 δὲ
1665 3623 1815 3674 θάνα-

231 3721 306 3756 τον
355 3706 443 3758 καί
495 3710 599 3764 τὴν
662 3705 948 3758 ἀνάστασιν
1011 3706 1358 3780 ὁμολογοῦμεν
1411 3710 1535 3781 ὁρᾷν
1585 3706 1620 3761 ὃ
1626 3713 1679 3762 ιὰ
1717 3719 1816 3761 τῶν

231 3798 560 3866 μυστηρίων·
621 3795 791 3845 πάντα
845 3790 1004 3853 δῆλον
1050 3794 1140 3846 καὶ
1187 3802 1274 3845 νῦν
1343 3795 1634 3867 πληροῦται
1709 3804 1818 3857 τοῖς

233 3880 333 3931 κατ’
367 3879 512 3942 ἀξίαν
543 3886 950 3956 προσφέρουσιν,
993 3885 1094 3935 ὅσα
1114 3890 1206 3934 τοῦ
1234 3887 1348 3934 τότε
1367 3892 1572 3954 καιροῦ.

294 3969 387 4024 ιϐ’.
451 3970 560 4024 Καὶ
613 3975 685 4042 μή
741 3989 817 4031 τις
866 3969 1070 4042 λεγέτω,
1115 3978 1233 4032 Πῶς
1262 3970 1322 4022 ἂν
1349 3975 1522 4031 αὐτοῖς
1548 3971 1817 4047 ἀρχιερεῦ-

236 4073 308 4105 σιν
347 4060 448 4109 ὲνόν
494 4059 628 4130 ὑπὲρ
687 4062 936 4111 τοιούτων
992 4062 1279 4132 μεσιτεῦειν
1326 4060 1488 4132 ἁγίων
1515 4064 1670 4130 (35);
1705 4063 1819 4114 Md-

239 4213 776 4306 Hierosolymorum
805 4219 1179 4306 patriarchfe,
1335 4218 1410 4275 de
1446 4219 1576 4306 ‘h-oc‘
1621 4235 1892 4306 sacra-1)

239 4292 423 4342 mento
451 4289 653 4364 agitur
680 4290 762 4360 (p.
803 4291 918 4357 167)
949 4291 1032 4345 ita
1052 4289 1386 4364 afﬁrmatur
1409 4309 1420 4345 :
1446 4293 1590 4364 Μετὰ
1627 4295 1693 4342 τὰ
1719 4291 1810 4364 ῥή-

240 4375 366 4431 ματα
399 4367 571 4411 ταυτα
612 4361 642 4416 ἡ
685 4365 1030 4431 μετουσίωσις
1076 4361 1678 4430 (transubstantiatio)
1717 4361 1814 4414 λιτα-

240 4429 407 4506 mea;
450 4435 652 4500 γίνεται
674 4429 694 4459 ’⁷
742 4431 830 4482 καί
879 4429 1128 4506 ἀλλάσσει
1173 4433 1199 4506 6
1241 4433 1395 4506 ἄρτος
1441 4432 1510 4506 εἰς
1553 4432 1817 4506 τὸνάληθι-

241 4499 314 4575 νρν
340 4499 488 4575 σέιμα
514 4508 612 4575 τοῦ
643 4508 878 4575 Χριστοῦ
907 4507 1017 4575 etc.
1049 4499 1315 4574 Denique
1343 4504 1510 4575 tertia
1549 4505 1816 4560 Orienta-

243 4565 335 4644 lis_
365 4565 638 4644 Ecclesiae
690 4565 1009 4644 confessio
1048 4588 1168 4644 seu
1202 4565 1532 4644 ,‘apologia,
1575 4581 1817 4630 auctore

245 4637 909 4716 Gabrielemetropolita
958 4637 1479 4716 Philadelphiens'i,
1520 4637 1592 4716 'p.
1653 4649 1686 4716 4
1743 4647 1818 4716 (et

246 4722 387 4786 saepe
432 4711 598 4786 alibi)
629 4711 743 4786 ed.“
784 4713 966 4786 Paris.
1021 4711 1473 4786 utitur'pariter
1516 4711 1820 4772 vocabulo

243 4783 920 4857 {fanssabstaatiatiom's
949 4799 973 4840 .'
1004 4787 1148 4857 Kara'
1177 4783 1548 4857 μεέουσὶωσιν,
1575 4789 1696 4838 ὅταν
1725 4792 1819 4845 τὴν

244 4845 371 4929 ἰδίαν
418 4851 707 4929 ἱάποϐάλλῃ
783 4855 1014 4929 ἅπασαν.
1064 4845 1246 4908 οὐσίαν
1312 4866 1408 4918 τῆς
1470 4845 1817 4929 ψὼμότητος,

243 4921 339 5001 ξαί.
388 4923 496 5001 εἰς⁸
541 4921 717 4999 σαρκα
792 4925 892 5001 καὶ.
954 4923 1086 4999 αἷμα
1153 4935 1384 5001 Χριστοῦ
1445 4921 1819 5001 μέτόυσιωθῇ)

242 4991 344 5071 Sed
379 4992 453 5071 de
481 4994 598 5071 hac
612 4991 686 5052 're
703 4991 1254 5071 ‘praaclare'diuque
1283 4991 1610 5071 Richardus
1633 4991 1822 5056 Simo-

241 5065 366 5117 nius
393 5065 450 5119 in
471 5068 630 5123 notis
659 5065 1034 5123 uberioribus
1055 5069 1133 5123 ad
1154 5065 1506 5126 Gabrielem.
1531 5071 1820 5125 Caeterum

243 5133 392 5208 quod
421 5136 501 5191 ait
528 5137 893 5208 Anglicanus
916 5139 1163 5194 Cavaeus
1187 5145 1295 5196 art.
1325 5141 1706 5196 Innocentius
1727 5141 1820 5195 III

244 5201 314 5281 ab
348 5204 457 5262 hoc
486 5201 653 5281 papa
677 5216 1073 5281 monstrosum
1123 5211 1820 5266 transsubstantiationis

243 5273 752 5352 ﬁgwnentam'inter
778 5279 919 5334 ﬁdei
949 5281 1228 5336 articulos
1255 5282 1438 5337 fuisse
1467 5284 1816 5352 repositum,

247 5357 391 5423 nunc
407 5347 684 5423 videmus
705 5350 768 5423 in
789 5353 968 5423 citato
991 5351 1138 5407 Petri
1161 5353 1432 5408 Damiani
1453 5347 1582 5423 (qui
1599 5347 1820 5423 saeculo

249 5412 417 5491 ferme
446 5433 516 5491 ac
540 5421 788 5476 dimidio
813 5422 1012 5476 senior
1031 5429 1140 5487 est)
1160 5438 1222 5477 n.
1244 5429 1300 5491 7,
1331 5428 1389 5479 et
1412 5412 1821 5488 l£,'vocabula

252 5489 877 5562 transubstantiatio,et
887 5489 1648 5550 transubsantiarellecole
1660 5492 1822 5550 dicta

250 5551 355 5610 hoc
383 5566 585 5618 nostro
630 5551 941 5620 voluinine
976 5578 1039 5635 p,
1089 5567 1213 5621 449.
1255 5566 1469 5638 (supra
1525 5563 1640 5621 col.
1666 5563 1818 5636 419.)

1919 3090 2186 3158 obnoxii,
2207 3105 2318 3162 pro
2351 3089 2638 3145 omnibus
2681 3094 2958 3144 mortuus
2978 3094 3086 3144 est.
3123 3093 3269 3145 Nam
3285 3095 3344 3146 et
3361 3089 3444 3145 illi
3461 3090 3568 3162 qui

1921 3184 2060 3236 ante
2124 3193 2364 3234 crucem
2423 3177 2778 3232 exstiterunt
2841 3178 3158 3238 omnes,ob
3217 3177 3570 3251 protoplasti

1921 3267 2479 3337 transgressionem,
2534 3271 2593 3322 et
2635 3265 3120 3335 supervenientia
3156 3266 3276 3322 alia
3297 3273 3567 3339 peccata,

1921 3355 2165 3411 obnoxii
2221 3360 2408 3419 erant,
2479 3359 2537 3409 et
2593 3354 2771 3408 morti
2825 3352 3032 3410 dediti.
3098 3353 3212 3410 Sed
3243 3369 3438 3426 neque
3472 3356 3571 3413 lex

1921 3444 2137 3515 Moysis
2164 3456 2538 3514 quemquam
2584 3441 2804 3496 horum
2827 3441 3195 3512 justiﬁcavit.
3233 3444 3395 3498 Unus
3426 3448 3570 3500 tunc

1921 3533 2102 3602 igitur
2129 3546 2238 3604 pro
2269 3530 2553 3586 omnibus
2603 3535 2878 3586 mortuus
2924 3535 3031 3586 est.
3055 3530 3346 3587 Eamdem
3387 3547 3568 3604 porro

1923 3627 2179 3678 mortem
2201 3635 2272 3675 ac
2290 3618 2788 3674 resurrectionem
2804 3617 3160 3676 conﬁtemur
3177 3621 3573 3692 contemplari

1924 3711 1987 3765 in
2013 3707 2332 3780 mysteriis,
2360 3711 2540 3778 atque
2569 3707 2777 3763 omnia
2816 3722 2979 3762 nunc
3004 3707 3252 3780 perinde
3285 3708 3574 3781 compleri

1924 3796 2300 3869 exploratum
2341 3800 2436 3850 est
2485 3793 2564 3850 ab
2615 3794 2686 3849 iis
2737 3796 2843 3867 qui
2869 3795 3050 3865 digne
3073 3795 3349 3863 offerunt,
3394 3801 3576 3870 prout

1923 3880 2026 3936 illo
2055 3885 2323 3952 tempore
2353 3882 2557 3934 actum
2583 3877 2710 3935 fuit.

1995 3974 2084 4026 28.
2135 3972 2250 4024 Nec
2293 3967 2622 4040 quisquam
2650 3967 2844 4024 dicat:
2893 3968 3212 4033 Quomodo
3247 3968 3398 4040 ipsis
3439 3969 3570 4041 epi-

1926 4059 2125 4132 scopis
2147 4058 2286 4114 licat
2314 4072 2424 4128 pro
2445 4055 2664 4112 talibus
2690 4057 2913 4112 sanctis
2939 4057 3344 4113 intercedere?
3372 4058 3572 4112 Enim~

2001 4218 2113 4289 (32)
2156 4217 2617 4289 Huncqquoque
2665 4215 2870 4270 locum
2909 4214 3052 4272 citat
3078 4231 3153 4271 ex
3177 4231 3293 4271 ms.
3323 4215 3574 4274 Allatius

1927 4286 2418 4364 Depargatorio,
2444 4300 2504 4356 p.
2536 4286 2656 4364 198.

1999 4355 2116 4433 (33)
2156 4355 2251 4433 'Ita
2287 4355 2523 4433 codices
2562 4355 3576 4433 avri,cujus.loco_mihi‘yideretur

1930 4426 2319 4487 scribendum
2349 4432 2633 4500 aptiﬂnte",
2667 4427 2894 4500 Etenim
2920 4426 2982 4482 in
3024 4427 3389 4500 editionibus
3418 4433 3576 4500 certe

1930 4503 2128 4558 missa:
2182 4497 2398 4570 sancti
2432 4497 2630 4554 Basilii
2689 4512 2815 4553 non
2856 4497 3076 4554 desunt
3120 4499 3306 4554 verba
3351 4499 3575 4570 μεταϐα-

1928 4574 2026 4625 λὼν
2079 4578 2214 4633 etc.,
2261 4568 2366 4625 sed
2395 4574 2858 4640 postponuntur.
2886 4574 2976 4640 At,
3006 4575 3208 4640 noster
3230 4568 3577 4626 Thebdorus

1929 4644 2100 4699 aliter
2143 4658 2208 4697 se
2255 4639 2468 4710 legisse
2519 4639 2922 4711 demonstrat,
2966 4639 3029 4695 id
3088 4646 3179 4695 est
3227 4639 3452 4696 omisso
3503 4649 3577 4711 τῷ

1931 4718 2194 4787 [Im-rapam
2241 4709 2484 4787 reflavit?
2525 4709 3029 4787 quandoquidem
3068 4726 3210 4787 mox
3238 4709 3577 4787 conversio-

1928 4787 2022 4842 nis
2047 4768 2406 4860 miraculum
2437 4768 2591 4860 Patri
2611 4768 2832 4860 tribuit}
2865 4781 3137 4860 Iudicent
3164 4780 3398 4836 eruditi.
3517 4849 3528 4860 ι

2000 4860 2114 4926 (34)
2146 4855 2246 4911 Hic
2300 4854 2389 4926 in_
2417 4852 2552 4908 cod.
2611 4855 2736 4926 430,
2791 4849 2846 4926 ΔΥ.
2880 4855 3030 4926 _l_Ir2,
3083 4851 3146 4916 b,
3197 4865 3308 4906 nec
3351 4864 3475 4926 non
3513 4849 3578 4905 in

1929 4919 2135 4982 codice
2187 4929 2311 4993 856,
2366 4924 2407 4979 f.
2463 4927 2587 4987 335,
2643 4920 3140 4993 b,_desideratur
3185 4919 3579 4993 nonullorum

1927 5014 2211 5054 versuum
2252 4990 2755 5064 comma;,_quod
2794 5007 2934 5046 cum
2963 5007 3108 5064 casu
3149 4992 3579 5064 comperissem

1929 5068 2163 5144 recitari
2181 5083 2251 5122 ex
2273 5083 2392 5144 ms:
2402 5063 2481 5119 ab
2499 5062 2938 5144 Allatio‘contra
2952 5062 3361 5144 preygtonam
3381 5069 3579 5144 p.519,

1928 5139 2152 5195 recurri
2176 5152 2289 5206 ego
2320 5135 2399 5191 ad
2429 5148 2595 5206 meos
2620 5132 2877 5206 codices,
2910 5131 3094 5206 idque
3121 5131 3335 5206 reapse
3375 5131 3580 5190 inveni

1929 5211 1990 5265 in
2022 5209 2152 5264 solo
2182 5203 2385 5263 codice
2415 5209 2518 5260 632
2545 5203 2586 5258 f.
2616 5207 2670 5265 9.
2701 5203 2762 5258 b.

1999 5280 2119 5352 (35)
2143 5276 2316 5352 Quod
2340 5276 2548 5352 attinet
2596 5273 2701 5352 ἃς
2727 5289 2956 5346 preces,
2987 5275 3161 5352 quasi
3177 5290 3300 5352 pro
3334 5275 3578 5352 sanctis,

1929 5351 1992 5406 in
2009 5343 2259 5418 ‘liturgia
2283 5345 2616 5419 praesertim
2647 5343 3050 5419 Cl'irysostomi
3075 5343 3350 5419 scriptas,
3369 5344 3580 5419 audia-

1928 5427 2027 5477 tur
2045 5414 2412 5490 Aug'usti‘nus
2431 5416 2660 5490 mentis_
2679 5414 2953 5490 Ecclesiae
2978 5414 3278 5490 legitim'us
3299 5414 3580 5490 explana:

1930 5497 2023 5548 tor
2078 5485 2170 5548 in'
2187 5491 2357 5546 Joan.
2411 5492 2586 5544 tract.
2642 5487 2900 5560 LXXXIV,
2951 5485 3208 5546 1:‘Ideo
3249 5485 3466 5560 quippe
3500 5485 3583 5542 ad

1930 5564 2125 5632 ipsam
2154 5574 2420 5618 mensam
2451 5572 2572 5614 non
2599 5558 2685 5614 sic
2708 5563 3008 5628 martyres
3032 5558 3578 5621 commemoramus,
