4106 6222
500 262 605 319 4δὸ

506 473 802 547 pontiﬁcis
840 486 1164 545 personam
1214 471 1442 539 gerant,
1497 466 1559 523 id
1588 467 1717 524 ﬁeri
1754 473 1966 541 potest.
2000 474 2151 528 Nam

506 568 564 619 et
592 561 859 633 alioquin
884 559 997 624 isti,
1028 574 1164 632 quas
1202 556 1451 630 quidem
1490 572 1563 612 ex
1610 573 1868 629 persona
1907 559 2154 632 propria

506 651 713 707 dicunt
755 648 849 706 vel
873 653 1061 720 agunt
1081 648 1144 705 in
1186 646 1388 703 divina
1429 644 1693 719 liturgia,
1724 647 1885 704 velut
1905 652 2153 721 accepta

508 739 584 795 ab
612 736 959 794 hominibus
984 737 1350 807 auctoritate;
1379 743 1445 796 ut
1483 736 1748 810 episcopi
1774 736 2041 794 factitare
2070 736 2153 793 vi-

506 828 722 884 dentur
737 846 749 895 ;
764 826 863 883 illa
880 831 1083 883 tamen
1103 842 1241 899 quae
1264 844 1446 901 supra
1460 826 1725 884 hominis
1747 825 2152 882 conditionem

507 916 809 986 exhibent,
843 915 1007 973 velut
1033 917 1296 988 hymnos
1322 916 1677 973 cherubicos
1708 930 1779 972 ac
1806 914 2153 987 seraphicos

508 1011 564 1062 et
590 1006 709 1063 alia
728 1006 956 1074 omnia,
995 1005 1202 1079 utique
1246 1007 1378 1062 haec
1420 1011 1636 1079 praeter
1662 1005 1933 1077 ipsorum
1957 1004 2153 1075 digni-

509 1099 715 1164 tatern,
747 1099 877 1151 tum
917 1094 1074 1151 elata
1100 1100 1231 1151 tum
1263 1095 1572 1151 submissa
1608 1109 1753 1150 voce
1779 1092 2156 1165 pronuntiari

509 1183 586 1239 ab
608 1184 691 1240 eis
735 1187 989 1254 constat,
1038 1183 1189 1239 sicut
1240 1199 1499 1254 magnus
1549 1197 1793 1256 quoque
1839 1181 2156 1255 Dionysius

507 1272 882 1329 manifestius
938 1272 1117 1330 nobis
1158 1272 1324 1329 sistit.
1372 1277 1426 1329 Is
1473 1273 1634 1329 enim
1678 1275 1947 1328 nostram
1996 1271 2155 1326 hanc

462 1436 468 1442 .
509 1363 779 1419 divinam
798 1363 1100 1432 liturgiam
1127 1363 1205 1419 ad
1234 1363 1627 1419 imitationem
1664 1361 1793 1418 ﬁeri
1823 1360 2156 1417 caelestium

508 1457 895 1524 potestatum,
920 1456 973 1507 et
996 1451 1278 1507 ordinum
1300 1451 1562 1518 illorum,
1605 1464 1865 1523 quorum
1895 1449 2155 1519 ﬁguram

511 1544 726 1611 gerunt
754 1539 906 1595 sacri
934 1539 1210 1610 ministri,
1260 1539 1361 1596 alii
1398 1539 1646 1613 quidem
1679 1538 1936 1611 primam
1970 1536 2154 1593 sortiti

510 1630 826 1686 stationem
858 1634 915 1685 et
952 1629 1244 1693 ordinem,
1286 1628 1384 1685 alii
1436 1628 1797 1694 secundum,
1822 1632 1880 1683 et
1910 1628 1993 1683 sic
2017 1626 2155 1683 reli—

508 1735 681 1792 quos.
716 1722 780 1775 Et
812 1719 1138 1775 diaconum
1182 1719 1430 1791 quidem
1459 1718 1726 1791 appellat
1776 1718 2155 1790 expiantem;
2190 1699 2229 1753 Β

511 1808 903 1874 sacerdotem,
940 1808 1414 1874 illuminantem;
1451 1807 1821 1880 episcopum,
1845 1807 2159 1879 perlicien-

514 1901 632 1952 tem
649 1938 661 1950 .
696 1898 842 1951 Cum
862 1896 1064 1968 itaque
1086 1896 1273 1952 verba
1296 1896 1503 1953 audies
1528 1913 1539 1950 :
1572 1920 1591 1945 «
1620 1896 1833 1951 Adhuc
1849 1895 2158 1951 offerimus

513 1985 616 2041 tibi
630 1985 987 2042 rationalem
1000 1985 1229 2041 cultum
1244 1985 1427 2055 hunc,
1448 1990 1506 2041 et
1526 1985 1783 2042 aliorum
1814 1989 2159 2042 sanctorum

512 2073 760 2130 nomina
780 2074 1032 2145 mystice
1051 2074 1359 2130 submissa
1373 2089 1521 2130 voce
1538 2075 2021 2130 insusurrantem
2037 2072 2161 2145 epi-

515 2177 793 2234 scopum;
825 2167 881 2218 et
901 2179 1042 2219 mox
1060 2162 1222 2219 clara
1251 2179 1394 2219 voce
1407 2162 1795 2220 clamantem:
1820 2184 1847 2213 »
1861 2162 2162 2235 Praecipue

514 2252 1428 2323 sanctissimm,immaculatm,et
1447 2269 1570 2325 prae
1588 2252 1814 2309 caeteris
1829 2251 2161 2308 benedictae

513 2341 779 2397 Dominae
801 2345 1019 2397 nostrae
1038 2341 1366 2414 Deiparaa,»
1390 2341 1633 2411 qualem
1656 2345 2077 2414 quantumque
2099 2344 2163 2397 tu

515 2429 643 2486 haec
676 2430 973 2486 dicentem
1007 2446 1140 2487 esse
1188 2430 1537 2486 arbitraris?
1566 2431 1701 2487 Mihi
1733 2434 1887 2486 certe
1928 2429 2057 2485 haec
2090 2444 2164 2484 ex

516 2518 754 2574 Domini
774 2534 1031 2589 persona
1050 2518 1285 2574 videtur
1306 2518 1713 2591 pronuntiare.
1747 2521 2019 2590 Namque
2046 2517 2164 2573 alia

517 2607 758 2679 inprece
778 2607 919 2663 dicit
946 2624 957 2661 :
985 2629 1011 2656 ‹‹
1034 2609 1119 2663 Tu
1155 2606 1313 2662 enim
1334 2622 1399 2662 es
1420 2607 1525 2679 qui
1559 2606 1738 2662 offers
1760 2610 1817 2662 et
1855 2604 2085 2661 offerris
2106 2608 2167 2661 et

520 2696 743 2768 excipis
754 2700 810 2753 et
825 2696 955 2751 das.
974 2716 1001 2746 »
1015 2696 1107 2752 Sic
1118 2710 1261 2765 ergo
1274 2695 1735 2765 demonstratur,
1753 2694 1953 2767 ipsum
1967 2693 2163 2749 solum

520 2801 719 2842 carere
766 2789 1011 2857 peccato
1065 2784 1532 2856 theanthropum
1586 2784 1923 2853 Dominum,
1975 2786 2032 2838 et
2055 2797 2165 2854 pro

520 2874 803 2931 omnibus
848 2873 1196 2946 simpliciter
1233 2873 1626 2941 satisfecisse;
1660 2877 1716 2929 et
1749 2871 1848 2928 illa
1867 2872 1997 2943 ejus
2022 2876 2165 2927 tem-

519 2964 682 3036 poris
699 2967 852 3027 acta,
869 2962 1242 3035 passionem,
1265 2962 1539 3034 inquam,
1561 2961 1951 3034 sepulturam,
1971 2976 2165 3016 resur-

1760 254 2115 313 THEODORI
2150 255 2458 313 ANDIDEN
2469 255 2573 314 SIS

504 400 669 453 vero,
690 383 964 456 inquam,
986 380 1277 455 quoniam
1297 375 1465 447 digni
1490 376 1626 433 facti
1650 382 1808 447 sunt,
1839 383 1906 436 ut
1941 380 2149 453 magni

2268 381 2417 434 λιστα
2462 385 2551 455 μὲν
2595 378 2682 435 οὖν
2730 389 2840 445 τοῖς
2889 382 3069 454 ἀξίοις,
3115 385 3180 444 ὡς
3208 385 3384 437 τὸτοῦ
3413 384 3637 457 μεγάλου
3678 384 3889 459 ἀρχιε·

3766 263 3891 319 456

2261 474 2383 544 ρέως
2429 476 2642 546 φέρουσι
2696 476 2997 546 πρόσωπον,
3043 472 3137 525 ούκ
3186 470 3483 525 ἀδύνατον·
3542 478 3633 527 καὶ
3695 475 3889 535 ἄλλως

2264 556 2312 611 δ’
2354 560 2497 613 ούτοι
2534 564 2601 614 τά
2636 565 2727 634 μεν
2774 570 2873 614 τῶν
2916 562 3037 635 παρ’
3088 566 3261 625 αὐτοῖς
3306 563 3586 635 λεγομένων
3633 566 3661 622 ᾖ
3691 584 3884 639 πρατι

2264 654 2480 722 τομένων
2556 650 2605 702 ἐν
2684 660 2745 724 τῇ
2825 652 2936 724 θεία
3012 654 3276 726 ἱερουργίᾳ
3336 655 3404 714 ὡς
3460 652 3511 715 ἐξ
3575 653 3880 729 ἀνθρώπων

2260 738 2634 813 λαμϐανόμενοι
2709 740 2969 815 ἀρχιερεῖς
3041 750 3203 795 ποιεῖν
3280 747 3589 815 φαίνονται·
3666 747 3739 796 τὰ
3814 741 3880 796 δὲ

2263 827 2387 901 ὑπὲρ
2459 829 2727 903 ἄνθρωπον
2796 833 3059 902 πεφυκότα
3123 834 3498 905 προσφέρουσι,
3562 833 3679 893 τούς
3764 850 3877 902 χε-

2262 916 2541 992 ρουϐικούς
2596 922 2686 971 καὶ
2738 922 3048 992 σεραφικούς
3092 920 3303 991 ὕμνους,
3349 925 3438 972 καὶ
3477 918 3641 972 τοίλλα
3685 922 3879 973 πάντα

2264 1009 2365 1059 ὅσα
2427 1006 2553 1081 ύπὶρ
2610 1011 2705 1066 τὴν
2771 1008 2963 1060 ἑαυτῶν
3031 1006 3179 1071 ἀξίαν
3241 1006 3577 1081 ἐκφωνοῦντες
3639 1010 3667 1068 ἦ
3744 1009 3876 1061 καθ’

2264 1096 2477 1158 ἑαυτούς
2558 1094 2780 1158 ἐπιόντες
2846 1093 3187 1150 δείκνυνται·
3254 1100 3393 1150 καθα
3452 1103 3541 1151 καὶ
3607 1100 3635 1150 ό
3695 1102 3876 1171 μέγας

2263 1188 2530 1245 Διονύσιος
2596 1182 2960 1262 ἀριδηλότερον
3034 1192 3351 1263 παρίστησιν
3419 1188 3586 1258 (36)·

2263 1277 2364 1349 γὰρ
2409 1278 2501 1333 τὴν
2549 1283 2819 1349 παροῦσαν
2879 1277 3015 1328 θείαν
3062 1275 3387 1349 λειτουργίαν
3444 1280 3579 1329 κατά
3630 1282 3875 1349 μίμησιν

4056 552 4083 1163 ll

3672 1187 3875 1250 ἐκεῖνος

2266 1367 2396 1436 φησί
2448 1363 2708 1416 τελεῖσθαι
2757 1372 2857 1417 τῶν
2904 1364 3218 1440 ἐπουρανίων
3274 1362 3563 1437 δυνάμεων,
3615 1370 3707 1418 καὶ
3770 1375 3875 1418 τῶν

2264 1455 2543 1524 ταγμάτων
2602 1451 2840 1519 ἐκείνων,
2893 1455 2959 1504 ὧν
3014 1457 3171 1506 τύπον
3230 1458 3471 1528 φέρουσιν
3535 1457 3584 1506 οἱ
3635 1454 3877 1528 λειτουρ-

2265 1549 2486 1615 γοῦντες,
2544 1544 2591 1593 οἱ
2656 1545 2746 1613 μὲν
2803 1551 2894 1603 τῆς
2942 1549 3144 1617 πρώτης
3191 1542 3439 1614 λαχόντες
3484 1545 3719 1605 στάσεως
3782 1549 3875 1596 καὶ

2265 1630 2475 1696 τάξεως,
2532 1631 2582 1683 οἰ
2631 1628 2689 1684 δὲ
2736 1641 2826 1691 τῆς
2875 1629 3140 1706 δευτέρας,
3199 1637 3287 1685 καὶ
3334 1642 3434 1684 τῶν
3466 1632 3602 1695 ἑξῆς.
3648 1638 3749 1686 Καὶ.
3782 1638 3874 1685 τόν

2268 1723 2357 1792 μὲν
2433 1716 2673 1772 διάκονον
2747 1722 3061 1793 καθαρτικόν
3127 1722 3390 1791 ὀνομάζει,
3449 1725 3535 1773 τόν
3604 1718 3664 1774 δὲ
3728 1725 3878 1794 ίερέα

2270 1814 2602 1883 φωτιστικόν,
2656 1814 2741 1862 τόν
2801 1807 2859 1862 δε
2926 1808 3174 1886 ἀρχιερέα
3226 1810 3532 1866 τελεστικόν.
3591 1810 3753 1864 Ὀταν
3823 1808 3878 1863 δ’

2270 1898 2500 1971 ἀκούσης
2571 1902 2649 1967 τό,
2726 1897 2838 1952 Ἐτι
2912 1903 3265 1974 προσφέρομεν
3343 1918 3427 1952 σοι
3498 1904 3592 1959 τὴν
3653 1900 3877 1972 λογικὴν

2268 1987 2505 2061 λατρείαν
2569 1989 2784 2058 ταύτην,
2852 1992 2941 2040 καὶ
3007 1996 3106 2040 τῶν
3164 1991 3251 2060 μεν
3309 1988 3472 2041 οῖλλων
3537 1989 3702 2061 ἀγίων
3780 1992 3878 2050 τὰς

2269 2079 2476 2140 κλήσεις
2547 2087 2814 2151 μυστικῶς
2888 2079 3341 2152 ὑποψιθυρίζοντα
3412 2082 3497 2131 τόν
3571 2078 3915 2153 ἀρχιερέα,“

2270 2166 2593 2240 ὶκφωνούντα
2657 2164 2716 2219 δε
2775 2170 3075 2242 τρανότερον
3135 2171 3214 2237 τό,
3290 2190 3311 2217 ε
3388 2167 3694 2242 Ἐξαιρέτως
3772 2178 3878 2229 τῆς

2270 2262 2527 2328 παναγίας
2627 2255 2883 2330 ἀκράντου
2996 2255 3473 2329 ὑπερευλογημένης
3584 2262 3878 2318 Δεσποίνης

2275 2349 2416 2419 ἡμῶν
2449 2350 2723 2415 Θεοτόκου,
2785 2368 2814 2396 »
2865 2349 3097 2399 ποταπὸν
3145 2342 3267 2398 εἷνοι
3319 2350 3401 2418 οἵῃ
3453 2349 3541 2398 τόν
3584 2354 3741 2399 τοῦτο
3795 2347 3879 2400 λέ-

2270 2454 2460 2508 γοντα;
2516 2435 2660 2507 Ἐμοὶ
2701 2430 2846 2486 δοκεῖ
2893 2434 2962 2496 ὠς
2999 2433 3054 2486 ἐκ
3108 2438 3391 2508 προσώπου
3431 2442 3585 2487 τοῦτο
3622 2434 3877 2506 λέγεσθαι

2271 2535 2363 2578 τοῦ
2414 2529 2606 2600 Κυρίου
2631 2538 2645 2553 ⁸
2695 2522 2827 2596 λέγει
2872 2525 2973 2596 γὰρ
3019 2522 3067 2574 ἐν
3111 2524 3259 2597 ἑτέρα
3301 2524 3434 2596 εὐχῇ
3462 2540 3475 2553 ”
3510 2545 3537 2573 ι(
3569 2527 3635 2575 Σύ
3662 2527 3768 2596 γάρ
3803 2523 3878 2585 εἰς

2272 2618 2572 2688 προσφέρων
2638 2617 2728 2665 καὶ
2806 2616 3266 2687 προσφερόμενος,
3341 2614 3367 2664 ό
3443 2610 3879 2685 προσδεχόμενος

2272 2707 2361 2755 καὶ
2407 2698 2777 2772 διαδισόμενος
2806 2717 2818 2729 ·
2874 2722 2903 2751 ››
2963 2699 3025 2751 ἶν’
3069 2697 3154 2752 οὖν
3205 2697 3395 2774 δειχθῇ
3448 2704 3528 2753 ὅτι
3569 2705 3726 2773 μόνος
3776 2706 3877 2753 αὐ-

2272 2796 2357 2852 τός
2408 2794 2547 2851 ἐκτός
2603 2794 2864 2863 άμαρτίας
2920 2790 2945 2840 ό
3005 2790 3328 2863 θεάνθρωπος
3390 2793 3599 2863 Κύριος,
3648 2796 3737 2842 καὶ
3789 2793 3880 2843 ὅτι

2272 2882 2409 2956 ύπάρ
2467 2883 2667 2933 πάντων
2732 2879 2909 2931 ἑαυτὸν
2977 2877 3149 2939 ἁπλῶς
3201 2875 3421 2948 δέδωκε,
3478 2884 3568 2931 καὶ
3626 2881 3708 2932 ὅτι
3770 2882 3881 2932 ὅσα

2273 2977 2407 3039 τότε,
2450 2974 2508 3024 τό
2553 2973 2738 3039 πάθος,
2789 2971 2818 3027 η
2867 2972 3027 3041 ταφὴ,
3071 2974 3161 3021 καὶ
3191 2971 3220 3028 ἡ
3265 2968 3554 3030 ἀνάστασις
3588 2970 3878 3041 εἰργάσατο

519 3052 867 3121 rectionem,
900 3067 1064 3107 nunc
1093 3067 1201 3124 per
1230 3050 1510 3123 symbola
1540 3067 1575 3107 a
1604 3050 1983 3107 credentibus
2011 3053 2158 3105 recte

2276 3069 2441 3114 ταῦτα
2485 3080 2656 3114 παντα
2710 3063 2800 3111 καὶ
2856 3065 2943 3109 νῦν
3000 3055 3094 3110 διά
3148 3066 3247 3110 τῶν
3307 3058 3576 3130 συμϐόλων
3638 3058 3747 3118 τοὶς
3789 3079 3883 3111 πιο

521 3140 727 3197 omnia
755 3140 978 3212 perfici.
1009 3144 1197 3212 Atque
1230 3139 1392 3196 idem
1429 3140 1559 3213 pari
1603 3139 1787 3196 modo
1810 3154 1847 3195 a
1874 3137 2169 3210 deiloquis

519 3230 821 3300 magistris
853 3229 1121 3286 conﬁteri
1141 3232 1429 3287 statutum
1461 3230 1593 3286 fuit.

587 3412 675 3464 29.
701 3405 1039 3478 Simplicem
1061 3410 1262 3462 autem
1283 3406 1368 3462 rei
1389 3406 1841 3476 intelligentiam
1863 3421 1975 3461 nos
1995 3404 2171 3460 docet

519 3496 621 3552 illa
633 3499 765 3567 post
779 3496 1084 3551 recitatam
1114 3495 1271 3551 hanc
1287 3497 1620 3552 orationem
1641 3495 2016 3561 exclamatio,
2032 3510 2169 3567 quae

517 3588 646 3639 tum
677 3584 860 3639 etiam
881 3600 917 3638 a
939 3597 1161 3652 magno
1184 3583 1419 3653 Basilio,
1448 3588 1576 3639 tum
1598 3584 1775 3640 etiam
1810 3600 1846 3639 a
1882 3584 2166 3655 Chrysos-

520 3676 686 3727 tomo
707 3670 940 3727 dicitur.
968 3672 1285 3736 Quomodo
1307 3672 1468 3727 enim
1490 3672 1879 3728 concordabit
1900 3673 2125 3728 dictum
2149 3690 2162 3728 :

526 3782 548 3808 «
576 3760 1033 3816 Utinveniamus
1056 3759 1526 3816 misericordiam
1551 3765 1605 3816 et
1622 3762 1896 3830 gratiam,
1919 3784 1946 3811 ››
1966 3762 2167 3833 praeci-

518 3864 809 3921 puecum,
826 3869 854 3897 «
876 3848 1257 3905 sanctiSSIma
1273 3849 1659 3906 immaculata
1682 3853 1709 3906 ?
1736 3872 1756 3897 ι
1777 3850 1836 3905 in
1856 3866 1978 3922 quo
1993 3850 2165 3906 etali-

517 3937 599 3994 ud
628 3953 873 4009 prorsus
901 3937 1196 4007 signiﬁcat
1225 3937 1540 4011 deiloquus
1564 3956 1576 3994 :
1611 3954 1827 4011 nempe
1874 3940 2166 4011 quoniam

517 4042 729 4083 omnes
745 4027 890 4099 justi
915 4027 976 4082 in
1004 4027 1214 4083 dextra
1229 4027 1448 4098 judicis
1478 4032 1647 4099 parte
1670 4028 1979 4084 constituri
2004 4032 2163 4097 sunt,

516 4116 716 4189 ibique
746 4122 801 4173 et
825 4116 957 4189 ipsa
981 4116 1361 4188 theanthropi
1392 4117 1626 4172 Domini
1647 4121 1841 4189 Mater,
1876 4121 1933 4173 et
1954 4117 2162 4172 unius-

519 4206 811 4277 cujusque
872 4206 1095 4276 gradus
1147 4211 1203 4261 et
1253 4205 1431 4261 statio
1479 4206 1795 4262 distinctus
1858 4207 2020 4274 erit;
2075 4206 2162 4262 ni-

516 4292 1207 4365 liilomninus,tanquam
1231 4293 1292 4349 in
1316 4309 1436 4349 una
1455 4310 1667 4350 omnes
1691 4299 1890 4367 partes
1917 4295 2007 4350 siti
2039 4295 2161 4351 fue-
2189 4315 2233 4369 ι)

516 4381 733 4448 rimus,
776 4384 946 4450 rogat
996 4381 1279 4437 sacerdos
1316 4389 1382 4438 ut
1433 4382 1672 4438 illorum
1710 4383 1965 4438 statione
1991 4383 2159 4454 digni

513 4468 867 4537 habeamur,
900 4470 1005 4542 qui
1030 4470 1155 4527 sine
1179 4476 1428 4543 peccato
1465 4471 1742 4527 videlicet
1773 4472 1999 4527 Christo
2035 4472 2160 4543 pla-

515 4563 803 4625 cuerunt;
851 4574 975 4614 non
1023 4564 1223 4615 autem
1269 4576 1407 4616 cum
1457 4560 1705 4615 sinistris
1745 4564 1802 4614 et
1847 4559 2152 4616 damnatis

514 4662 1039 4703 connumeremur.
1067 4648 1181 4704 Sed
1201 4649 1377 4719 longe
1400 4653 1487 4703 est
1513 4649 1725 4703 melius
1758 4648 1884 4703 haec
1914 4648 2160 4720 intelligi

513 4743 862 4811 tanquama
890 4737 1115 4793 Christo
1152 4739 1307 4793 dicta
1351 4741 1406 4793 et
1449 4742 1603 4794 acta.
1636 4739 1735 4792 Est
1773 4737 1935 4793 enim
1978 4738 2158 4794 Filius

512 4832 569 4884 et
586 4828 868 4894 Verbum,
899 4826 1026 4882 sine
1047 4826 1457 4881 immolatione
1484 4826 1850 4895 immolatus,
1884 4842 2079 4898 agnus
2103 4834 2159 4885 et

511 4916 755 4973 victima
786 4916 946 4971 idem
987 4920 1044 4972 et
1088 4913 1353 4986 pontifex
1392 4914 1453 4969 in
1496 4918 1805 4969 aeternum.
1845 4919 1974 4988 Ipse
2014 4932 2155 4987 ergo

509 5006 645 5057 orat
681 5019 790 5073 pro
824 5003 1000 5058 nobis
1032 5004 1264 5057 Patrem
1302 5017 1502 5055 suum.
1548 5003 1775 5073 Beapse
1819 5003 1967 5059 dum
2015 5005 2157 5061 dicit

510 5091 832 5145 sacerdos:
863 5113 889 5139 ‹‹
928 5089 1208 5161 Accipite,
1252 5088 1637 5158 manducata,
1669 5090 1783 5146 hoc
1822 5096 1906 5148 est
1937 5109 2155 5165 corpus

510 5193 1003 5247 meum;»nonne
1020 5177 1437 5249 hoctanquam
1460 5177 1537 5233 ab
1560 5179 1691 5250 ipso
1743 5180 1970 5237 Christo
2009 5181 2150 5237 dici-

508 5267 728 5323 turi’Sic
742 5282 876 5335 ergo
892 5265 1604 5338 tripliciterintelliguntur
1615 5267 1692 5323 ab
1706 5268 1982 5341 episcopo
1996 5270 2153 5327 dicta

506 5356 567 5412 in
594 5354 795 5412 divina
823 5354 1238 5426 mystagogia;
1263 5353 1380 5411 alia
1403 5356 1649 5428 quidem
1679 5364 1796 5415 uta
1820 5359 2150 5415 mediatore

506 5480 1002 5556 quemadmodum
1029 5480 1177 5536 alios
1205 5480 1392 5556 quijn
1432 5495 1581 5556 pa_ce
1635 5485 2031 5556 requiescunt,
2083 5491 2147 5540 ιιι

504 5552 684 5612 etiam
706 5568 819 5625 pro
840 5554 920 5611 eis
945 5566 1199 5621 oremus,
1231 5552 1335 5610 sed
1356 5554 1548 5625 magis
1577 5559 1642 5609 ut
1666 5552 1781 5625 ipsi
1813 5571 1928 5625 pro
1959 5552 2146 5629 nobis,

2279 3152 2521 3202 στεύουσι
2593 3149 2940 3222 κάτορθούταί
2998 3162 3011 3176 ⁶
3115 3152 3205 3199 κᾶὶ
3281 3146 3435 3199 ταλτὸ
3507 3153 3617 3208 τοῖς
3691 3149 3882 3219 θεηγό.

2276 3259 2383 3313 ροις
2454 3242 2544 3291 καὶ
2618 3234 2965 3298 διδασκάλοις
3040 3238 3388 3309 τοιουτρόπως
3461 3235 3721 3288 τελεῖσθαι
3798 3255 3879 3288 τε·

2280 3331 2583 3385 θέσπισται.

2347 3417 2449 3473 κθ’.
2508 3417 2596 3478 Εἰς
2653 3420 2745 3474 τὴν
2802 3415 2967 3488 ἀπλῇν
3023 3411 3081 3468 δὲ
3148 3417 3333 3468 ἓινοιαν
3398 3416 3535 3487 ἡμᾶς
3595 3413 3774 3486 ἀνάγει
3838 3416 3870 3472 ἡ

2275 3508 2404 3579 μετά
2447 3511 2539 3564 τὴν
2588 3505 2964 3578 συμπλήρωσιν
3009 3513 3104 3566 τῆς
3155 3506 3397 3563 τοιαύτης
3446 3503 3598 3565 εύκῆς
3645 3502 3876 3575 ἐκφωνη-

2277 3615 2356 3657 σις
2411 3599 2573 3655 οὕτως
2626 3595 2896 3668 εἰρημένης
2951 3599 3039 3645 καὶ
3089 3595 3233 3666 παρά
3287 3600 3379 3644 τού
3432 3593 3653 3664 μεγάλου
3716 3599 3876 3644 Βασι-

2273 3685 2432 3754 λείου,
2489 3690 2553 3746 ως
2598 3689 2688 3736 καὶ
2734 3689 2876 3755 παρά
2935 3691 3026 3735 τοῦ
3086 3688 3508 3755 Χρυσοστόμου·
3540 3691 3651 3743 πῶς
3678 3684 3781 3755 γάρ
3816 3682 3875 3733 ἂν

2277 3776 2596 3846 συντ-ἀχθείη
2641 3776 2697 3825 τό
2729 3774 3010 3847 εἰρημένον,
3042 3794 3069 3822 ((
3096 3772 3204 3825 Ἵνα
3234 3772 3456 3846 εὕρωμεν
3481 3772 3614 3830 ἕλεος
3645 3776 3736 3822 καὶ
3767 3772 3871 3842 χά-

2274 3884 2374 3939 ριν,
2407 3887 2433 3913 ν)
2466 3865 2597 3936 μετά
2619 3870 2731 3931 τοῦ,
2768 3884 2794 3910 ‹‹
2830 3862 3099 3934 ἐξαιρετως
3118 3870 3208 3920 τῆς
3228 3866 3487 3932 παναγίας
3510 3858 3783 3933 ἀχράντου
3810 3878 3823 3927 ς
3846 3881 3873 3909 ι)

2275 3956 2300 4005 ὅ
2330 3956 2529 4013 πάντως
2560 3953 2705 4022 τάχα
2746 3950 2835 4002 καὶ
2888 3950 3008 4002 ἄλλο
3052 3951 3078 4002 ό
3128 3952 3415 4023 θεοφάντωρ
3467 3950 3822 4019 ὑποσημαίνει
3858 3964 3872 3977 ·

2276 4043 2342 4105 ὠς
2395 4041 2505 4095 ἐπεὶ
2549 4043 2731 4100 πάντες
2787 4042 2835 4091 οἱ
2877 4035 3076 4091 δικαιοι
3126 4038 3174 4090 ἐν
3228 4046 3335 4100 τοῖς
3367 4035 3553 4100 δεξιοῖς
3573 4045 3664 4089 τοῦ
3690 4045 3877 4110 κριτοῦ

2275 4137 2454 4206 μέρεσι
2492 4130 2762 4203 μέλλουσιν
2804 4131 3077 4197 ἵστασθαι,
3128 4132 3257 4201 πρὸς
3313 4124 3371 4180 δε
3419 4128 3508 4179 καὶ
3557 4127 3689 4183 αὕτη
3724 4129 3753 4184 η
3790 4146 3876 4178 τε-

2274 4225 2444 4274 κούσα
2491 4240 2575 4273 τον
2644 4221 2967 4293 θεάνθρωπον
3027 4220 3233 4292 Κύριον,
3290 4218 3379 4269 καί
3427 4220 3455 4274 η
3512 4216 3675 4283 τάξις,
3717 4216 3808 4267 καὶ
3842 4218 3869 4273 η

2276 4314 2455 4371 στάσις
2532 4309 2752 4362 ἑκάστου
2821 4303 3179 4381 ἀποδιῄρηται
3214 4327 3225 4339 ·
3296 4305 3399 4357 ἀλλ’
3470 4307 3607 4377 ὅμως
3680 4306 3745 4365 ὠς
3821 4302 3872 4355 ἐν

2272 4405 2415 4473 μέρει
2479 4403 2623 4457 ὄντας
2679 4397 2923 4465 ἅπαντας,
2983 4395 3113 4447 αἰτεῖ
3172 4402 3261 4447 τοῦ
3328 4400 3510 4467 μέρους
3576 4402 3670 4454 τῆς
3738 4394 3871 4443 στά-

2274 4508 2402 4550 σεως
2443 4487 2609 4540 αὐτῶν
2657 4484 3042 4547 καταξιωθῆναι
3104 4485 3243 4555 ἡμᾶς
3292 4492 3389 4533 τῶν
3441 4482 3715 4554 ἀμέμπτως
3769 4477 3869 4539 δη-

2268 4575 2401 4636 λαδὴ
2453 4576 2904 4648 εὐαρεστησάντων
2950 4572 3110 4642 αὐτῷ,
3159 4571 3285 4623 ἀλλά
3333 4577 3404 4643 μη
3434 4579 3541 4631 τοῖς
3574 4570 3868 4645 ἀριστεροῖς

2266 4666 2356 4718 καί
2411 4660 2971 4734 καταδεδικασμένοις,
3030 4666 3347 4735 κυριώτερον
3400 4657 3457 4712 δὲ
3515 4667 3666 4711 τοῦτο
3712 4666 3866 4723 νοεῖν,

2266 4756 2334 4817 ὠς
2375 4757 2519 4828 παρά
2560 4760 2651 4805 τοῦ
2702 4758 2937 4826 Χριστοῦ
2984 4749 3217 4821 λέγονταί
3267 4768 3320 4801 τε
3367 4756 3534 4800 ταῦτα
3583 4747 3674 4799 καί
3705 4749 3869 4819 πράτ-

2264 4860 2457 4897 τονται·
2491 4845 2612 4904 Υἱός
2654 4843 2754 4915 γάρ
2787 4840 2876 4892 καί
2922 4844 3090 4910 Λόγος
3135 4841 3193 4890 τό
3242 4836 3443 4898 ἀθύτως
3477 4839 3743 4907 θυόμενον,
3775 4836 3873 4887 καὶ

2264 4932 2423 5005 ἀμνὸς
2470 4932 2560 4983 καί
2620 4932 2759 5002 θύμα
2817 4931 2841 4981 ό
2899 4928 3049 4988 αύτός
3108 4926 3494 5000 καὶάρχιερεύς
3527 4925 3599 4987 εἰς
3626 4929 3711 4977 τὸν
3748 4925 3872 4975 αἰῶ-

2262 5041 2349 5075 να.
2426 5021 2592 5081 Αὐτὸς
2657 5018 2744 5071 ὀῦν
2802 5016 3106 5088 ἐντυγχάνει
3168 5016 3293 5087 ὑπὲρ
3356 5017 3500 5086 ἡμῶν
3569 5021 3643 5083 τῷ
3697 5012 3875 5086 Πατρί

2261 5112 2443 5167 αὑτοῦ.
2504 5108 2639 5162 Αύτό
2684 5105 2742 5159 δὲ
2790 5111 2848 5158 τὸ
2893 5106 3053 5177 λέγειν
3090 5107 3175 5156 τὸν
3233 5104 3367 5177 ἱερέα
3395 5145 3408 5172 ,
3459 5124 3487 5152 ‹‹
3520 5102 3740 5170 Λάϐετε,
3773 5106 3871 5173 φά-

2258 5219 2395 5272 γετε,
2418 5202 2569 5251 τοῦτό
2599 5200 2698 5270 μού
2728 5195 2867 5249 ἐστιν
2898 5198 2952 5247 τὸ
2989 5203 3173 5265 σῶμα,
3224 5216 3251 5242 ›)
3301 5193 3405 5264 οὐχ
3438 5193 3504 5253 ὡς
3548 5192 3673 5265 παρ’
3705 5191 3871 5242 αὑτοῦ

2256 5289 2455 5360 λέγεται
2494 5295 2584 5340 τοῦ
2643 5292 2922 5359 Χριστοῦς
2975 5284 3154 5344 Ούτως
3205 5282 3291 5334 οὖν
3341 5288 3537 5356 τριχῶς
3578 5288 3774 5331 νοεῖται
3803 5279 3872 5331 τά

2257 5381 2401 5452 παρά
2459 5383 2550 5429 τού
2613 5378 2900 5449 ἀρχιερέως
2968 5372 3217 5445 λεγόμενα
3269 5370 3352 5422 ἐπὶ
3410 5378 3471 5442 τῇ
3532 5372 3645 5441 θείᾳ
3699 5388 3871 5440 μυστ-

2256 5490 2322 5541 ιιι
2342 5500 2553 5557 εονιιηι
2582 5483 2843 5557 vestigiis
2869 5478 3313 5557 ιιιίΙιιινιτεαηιιιςςἱ

2326 5556 2442 5629 (36)
2471 5558 2556 5615 De
2576 5550 2975 5614 ecclesiastica
3003 5550 3373 5619 hierarchia,
3405 5562 3541 5621 cap.

4093 3166 4095 3291 φ
