4106 6222
26 0 821 185 F—mw—th-
862 0 877 3 -
1060 0 1325 3 -ημν-ή

128 317 257 377 457

1408 306 1780 373 COMMENTA
1788 309 1904 371 ’1⁸ῐῦ
1944 258 2317 376 ιιτίῐιιαιολ

3435 334 3545 394 458

128 447 335 519 γωγίᾳ
361 461 381 478 ⁸
442 444 511 499 τὰ
552 444 644 518 μὲν
689 445 761 506 ὡς
809 442 953 518 παρὰ
998 441 1229 516 μεσίτου
1262 437 1319 503 ἕξ
1361 437 1663 512 ἀνθρώπων,
1696 455 1786 506 καὶ

1900 437 2054 499 inter
2090 441 2390 511 homines,
2416 448 2475 505 et
2500 447 2660 506 Patri
2687 450 2991 513 exhibita:
3018 455 3137 517 alia
3164 458 3245 517 ad
3270 459 3550 521 imitatio-

130 534 649 611 προχειριζομένου
700 539 774 603 τῷ
817 534 1010 607 Περὶ,
1058 533 1128 585 τὰ
1171 527 1232 585 δ⁴ε
1260 531 1397 584 κατᾶ
1434 532 1662 604 μίμησιν
1685 535 1790 581 τῶν

132 622 498 698 ἐπουρανίων
547 618 821 695 δυνάμεων
847 640 862 655 ·
918 622 986 675 τὰ
1036 615 1134 689 δε,
1183 621 1254 682 ὡς
1306 617 1433 693 παρ’
1485 620 1646 671 αύτοῦ
1691 622 1787 669 τοῦ

134 720 411 786 Χριστοῦ
467 716 561 767 καὶ
597 718 734 768 Θεοῦ
789 711 960 785 ἡμῶν.
1015 713 1168 772 Τίνος
1221 704 1282 764 δι
1332 708 1497 762 ἕνεκεν
1548 704 1789 778 συνῆψαν

135 806 269 864 τούς
319 810 437 867 τῆς
480 801 712 863 Παλαιᾶς
756 800 953 863 πάντας
1010 797 1191 872 ἁγίους
1249 802 1343 852 καὶ
1385 800 1508 859 τούς
1535 803 1635 859 τῆς
1653 798 1789 858 Νίας

138 892 486 959 Διαθήκηςζ
538 897 770 967 Πρῶτον.
795 891 887 963 μὶν
924 884 1021 942 διὰ
1067 889 1136 941 τὰ
1170 889 1523 963 προειρημένα
1575 886 1750 938 πάντα
1771 923 1786 939 .

137 983 343 1035 ἔπειτα
409 977 708 1043 δεικνύντες
772 980 854 1032 ὅτι
910 975 983 1041 εἷς
1040 979 1172 1040 Θεὸς
1221 974 1335 1030 ἔστι
1387 973 1636 1029 κάκείνων
1694 981 1788 1032 καὶ

138 1072 387 1139 τούτων,
435 1071 466 1124 ὁ
510 1073 573 1124 τό
616 1070 783 1146 παρὸν
829 1073 986 1122 τοῦτο
1035 1068 1330 1143 μυστήριον
1370 1060 1665 1125 εὐδοκήσας
1698 1079 1786 1116 τε-

138 1158 307 1214 λέσαι
364 1163 480 1237 πρὸ
529 1166 633 1213 τῶν
679 1159 876 1212 αἰώνων
900 1177 914 1192 ·
959 1160 1051 1210 καὶ
1097 1157 1177 1209 ὅτι
1226 1154 1414 1217 πάντες
1442 1160 1517 1224 τῷ
1566 1150 1785 1226 μώλωπι

140 1253 323 1304 αὑτοῦ
374 1248 625 1323 ἰάθημεν,
678 1251 771 1302 καὶ
811 1247 894 1303 ὅτι
936 1247 1065 1322 ύπὶρ
1104 1245 1307 1300 πάντων
1362 1242 1533 1317 ίχύθη
1565 1244 1626 1297 τό
1652 1241 1791 1315 αἷμα

142 1338 326 1395 αὐτοῦ
336 1379 356 1395 .

216 1426 295 1484 λ’.
338 1423 484 1483 Εἶτα
524 1434 618 1482 τοῦ
665 1422 914 1481 διακόνου
965 1425 1034 1478 τὰ
1078 1418 1326 1497 δίπτυχα
1352 1418 1784 1495 summa»-

147 1534 245 1580 τος
306 1525 427 1571 τῶν
480 1518 866 1590 κεκοιμημένων
899 1557 917 1585 ,
972 1513 1000 1566 ὀ
1064 1510 1343 1588 ἀρχιερεύς
1398 1510 1553 1565 πάλιν
1607 1507 1785 1583 ἀρχὴν

152 1615 406 1662 ποιεῖται
457 1615 560 1661 τῶν
614 1614 678 1666 τη
690 1625 713 1669 ς
737 1609 870 1667 Νίας
916 1605 1182 1666 Διαθήκης
1207 1601 1389 1675 ἁγίων,
1423 1603 1509 1654 τόν
1540 1593 1797 1681 Πρόδροον

1897 543 2040 626 nem
2064 531 2394 626 calestium
2419 538 2790 611 potestatum
2813 558 2829 610 ;
2873 543 2993 602 alia
3011 545 3274 623 denique
3299 549 3381 608 ab
3408 551 3548 626 ipso

1897 615 2127 677 Christo
2155 619 2275 679 Deo
2303 627 2529 685 nostro.
2556 627 2672 685 Cur
2697 644 2841 688 vero
2872 630 3163 706 globatim
3173 615 3394 695 omnes
3415 615 3547 698 tum

1844 754 1853 765 .
1896 706 2114 765 Veteris
2134 712 2264 768 tum
2286 712 2434 770 Novi
2456 716 2814 777 Testamenti
2842 727 3085 781 sanctos
3103 730 3549 787 memoratum?

1897 795 2116 863 Primo,
2156 797 2236 857 ob
2264 815 2338 859 ea
2364 803 2571 863 omnia
2599 822 2738 880 quas
2767 808 3067 882 diximus;
3096 812 3335 886 deinde,
3362 818 3552 877 utde-

1898 890 2308 948 monstrarent
2358 907 2549 951 unum
2578 911 2712 954 esse
2740 900 2869 956 tum
2898 899 3113 960 horum
3145 909 3277 962 tum
3304 905 3547 967 illorum

1898 975 2109 1043 Deum,
2134 971 2232 1036 cui
2278 984 2342 1038 ut
2368 997 2635 1054 praesens
2666 988 3021 1061 mysterium
3050 995 3352 1063 conﬁeret,
3406 1003 3547 1056 ante

1895 1063 2118 1158 saecula
2139 1066 2385 1158 placuit;
2413 1072 2637 1131 Deinde
2666 1076 2813 1149 quia
2838 1094 3053 1137 omnes
3084 1081 3271 1141 livore
3295 1085 3427 1158 ejus
3455 1103 3552 1147 sa-

1891 1152 2020 1249 nati
2070 1154 2315 1249 fuimus,
2362 1144 2423 1220 Et
2446 1162 2592 1236 quia
2616 1144 2730 1238 pro
2777 1167 3065 1228 omnibus
3121 1144 3372 1245 sanguis
3411 1144 3544 1249 ejus

1892 1239 2121 1301 eﬂ'usus
2143 1244 2274 1304 fuit.

1964 1424 2052 1513 βο.
2097 1424 2308 1483 Postea
2351 1426 2610 1488 diacono
2638 1429 3061 1495 defunctorum
3088 1437 3377 1513 diptycha
3404 1442 3550 1501 sub-

1894 1509 2087 1568 missa
2103 1527 2250 1572 voce
2276 1514 2581 1588 recitante,
2602 1518 2924 1596 episcopus
2942 1509 3381 1603 rursus—incipit
3400 1530 3548 1589 Novi

1895 1600 2209 1659 Testamen
2219 1603 2257 1660 ti
2271 1609 2620 1665 sanctorum
2637 1614 3175 1673 commemoration
3183 1631 3277 1674 em
3286 1600 3551 1693 {praepo-

154 1716 259 1770 μον
311 1697 566 1755 ’Ῑωάννην
614 1698 780 1768 ταύτῃ
849 1693 1132 1767 προτιθεὶς⁸
1188 1692 1363 1765 ὥσπερ
1419 1691 1471 1744 οἰ
1526 1687 1786 1761 εὐαγγελι-

1897 1688 2094 1747 sitoin
2123 1690 2238 1749 hac
2280 1696 2648 1755 Praecursore
2685 1701 2936 1771 Joanne,
2971 1702 3125 1763 sicut
3162 1687 3551 1780 evangelista»

164 1790 298 1840 σταὶ
344 1793 509 1840 τοῦτο
558 1792 621 1859 τῇ
681 1779 942 1857 ἐπιδημίᾳ
988 1789 1082 1836 τοῦ
1139 1788 1374 1855 Σωτῆρος
1429 1780 1737 1855 προῦθηκαν
1766 1818 1782 1845 ,

163 1874 257 1928 οἶα
320 1883 533 1951 πρῶτον
595 1872 815 1947 ἄγγελον
876 1875 969 1925 καί
1042 1874 1252 1947 κήρυκα
1313 1877 1408 1932 τῆς
1490 1870 1782 1943 παρουσίας

165 1971 450 2040 Χριστοῦ·
513 1968 607 2018 καὶ
678 1964 745 2025 ὡς
809 1960 1171 2037 ὶπικυροῦντες
1234 1962 1322 2012 τόν
1386 1964 1477 2011 τοῦ
1541 1962 1782 2031 Χριστοῦ

169 2053 353 2126 λόγον,
404 2075 436 2105 α
484 2054 693 2116 Μείζων
743 2051 794 2105 ἕν
829 2056 1096 2125 γεννητοῖς
1130 2067 1392 2122 γυναικων
1437 2047 1533 2101 ούκ
1571 2044 1782 2120 ἐγήγερ-

174 2161 271 2197 ται
325 2146 531 2199 τούτου.
572 2164 603 2193 n
654 2140 767 2196 εἶτα
800 2144 921 2203 τούς
960 2137 1279 2200 ἀποστόλους
1308 2140 1399 2190 καὶ
1426 2139 1543 2197 τούς
1572 2135 1776 2209 ἁγίους,

184 2230 258 2285 ὧν
313 2237 406 2292 τήν
456 2236 660 2306 μνήμην
724 2229 1080 2303 ἐπιτελοῦμεν.
1140 2229 1236 2281 Διὰ
1290 2229 1342 2280 τί
1396 2220 1459 2280 δε
1516 2225 1779 2283 Διαθὰκην

185 2320 402 2394 λέγομεν
446 2321 612 2387 miri;
670 2315 884 2379 Ἐπειδή
934 2320 961 2372 ὁ
1015 2320 1180 2379 τύπος
1220 2318 1417 2378 ταύτης
1466 2316 1498 2374 ἠ
1562 2311 1782 2369 δοθιίσα

199 2412 481 2484 νομοθεσία
513 2416 583 2482 τῷ
604 2414 832 2479 Marini,
876 2411 967 2461 καὶ
1013 2410 1144 2467 αὑτὴ
1190 2407 1221 2465 ἠ
1257 2409 1422 2464 σκηνή
1450 2412 1543 2458 τοῦ
1582 2422 1780 2481 μαρτυ-

192 2504 319 2574 ρίου
352 2502 766 2576 προχαράγματα
814 2500 1007 2559 ταύτης
1062 2494 1372 2569 ἆτύγχανον,
1433 2496 1588 2547 οἶτινα
1636 2494 1783 2569 παρὰ

189 2598 288 2643 τοῦ
347 2586 627 2664 νομοδότου
684 2590 918 2649 Διαθήκη
964 2585 1281 2645 ἐκλήθησαν.
1333 2585 1391 2639 Εἰ
1442 2584 1532 2638 οῦν
1563 2583 1590 2636 ὁ
1620 2586 1783 2645 τύπος

184 2681 421 2739 Διαθῆκη
444 2722 462 2748 ,
518 2679 686 2752 πολλῷ
765 2677 955 2752 μᾶλλον
1019 2678 1051 2736 ἠ
1121 2676 1475 2751 φανερωθεῖσα
1543 2671 1782 2731 ἀλήθεια,

182 2765 342 2841 Εἶχεν
409 2768 501 2822 οὖν
560 2767 725 2826 ἐκείνη
786 2774 991 2842 πρῶτον
1050 2767 1249 2839 σκηνὴ²
1310 2765 1448 2816 κατὰ
1504 2764 1593 2815 τὸν
1649 2762 1783 2816 θεῖον

182 2857 387 2912 Παῦλον
418 2900 432 2925 ,
512 2853 850 2929 δικαίωματα
931 2854 1212 2927 λατρείας,
1296 2856 1388 2905 καὶ
1468 2850 1602 2905 ἄλλα
1681 2857 1783 2903 τῶν

178 2952 490 3024 μυστηρίων
545 2948 854 3020 θαυμασίων
906 2945 1207 3018 μαρτύριαο
1253 2942 1369 3014 εἶχε
1423 2937 1483 2995 δι
1527 2944 1620 2993 καὶ
1648 2937 1787 2992 ἔντο-

1892 1778 2056 1838 hunc
2076 1780 2358 1841 adventui
2399 1786 2723 1846 Servatoris
2763 1801 3242 1870 praeposuerunt,
3277 1778 3389 1856 ceu
3434 1799 3550 1872 pri-

1892 1882 2063 1926 mum
2084 1871 2292 1929 Christi
2314 1874 2690 1934 adventantis
2701 1881 2982 1939 nuntium
3001 1871 3548 1958 etprsedicatorem;

1890 1963 1947 2051 et
1973 1960 2183 2018 Christi
2195 1961 2378 2034 verba
2388 1965 2563 2038 quasi
2575 1967 3024 2040 conﬁrmantes;
3037 1974 3205 2045 quod
3218 1976 3416 2047 major
3433 1976 3552 2051 hoc

1886 2046 2040 2106 inter
2053 2054 2226 2107 natos
2242 2051 2563 2111 mulierum
2574 2071 2697 2114 non
2710 2059 3051 2118 surrexerit.
3071 2061 3297 2120 Deinde
3316 2046 3552 2137 ponuns

1887 2141 1982 2195 tur
2000 2139 2255 2212 apostoli
2275 2145 2332 2198 et
2356 2144 2566 2211 sancti,
2590 2160 2853 2219 quorum
2888 2149 3249 2208 memoriam
3282 2152 3549 2225 agimus.

1888 2228 2005 2285 Cur
2027 2232 2232 2286 autem
2269 2230 2399 2288 haec
2434 2234 2881 2293 Testamentum
2921 2238 3353 2312 appellamus?
3398 2242 3551 2309 Quia

1887 2317 2081 2375 nostri
2101 2318 2283 2391 hujus
2302 2319 2499 2391 ﬁgura
2516 2320 2650 2392 fuit,
2680 2324 2824 2381 data
2845 2340 2882 2382 a
2912 2329 3115 2401 Moyse
3139 2328 3435 2401 legislatio
3462 2350 3476 2400 ;
3495 2334 3555 2389 et

1887 2404 2091 2479 ipsum
2106 2408 2424 2466 testimonii
2438 2410 2912 2482 tabernaculum,
2927 2415 3250 2475 delineatio
3262 2418 3552 2491 quaedam

1888 2495 2072 2566 hujus
2087 2498 2312 2569 praevia
2330 2503 2478 2555 erat.
2491 2514 2629 2573 quae
2649 2514 2688 2557 a
2713 2500 2863 2572 legis
2878 2502 3090 2562 datore
3118 2505 3279 2564 dicta
3304 2510 3553 2565 est'l‘es-

1890 2588 2245 2644 tamentum.
2283 2588 2339 2646 Si
2369 2602 2513 2659 ergo
2538 2589 2735 2661 figura
2771 2596 2862 2649 est
2886 2598 3333 2666 testamentum,
3361 2597 3555 2656 multo

1892 2675 2088 2744 magis
2115 2674 2332 2734 veritas
2349 2693 2486 2751 quae
2500 2680 2798 2752 apparuit.
2824 2681 3044 2741 Habuit
3060 2688 3556 2756 ergoTestamen-

1892 2766 2021 2819 tum
2036 2762 2183 2819 illud
2198 2763 2671 2833 tabernaculum,
2683 2767 2860 2839 juxta
2868 2769 3075 2828 divum
3090 2772 3342 2831 Paulum
3354 2776 3446 2848 ",j
3456 2791 3553 2832 us-

1893 2851 2249 2911 titicationes
2280 2854 2476 2912 cultus
2499 2862 2558 2913 et
2591 2857 2711 2914 alla
2730 2860 3155 2931 mysteriorum
3183 2862 3554 2920 mirabilium

1901 2941 2262 3001 testimonia.
2290 2942 2505 3001 Habuit
2525 2946 2706 3002 etiam
2726 2953 3023 3019 praecepta
3046 2948 3145 3005 Dei
3161 2953 3220 3006 et
3239 2950 3551 3021 mandata,

178 3035 274 3099 λὰς
346 3042 488 3091 Θεοῦ
561 3040 652 3089 καὶ
705 3032 1095 3112 προστάγματα
1155 3035 1248 3084 καὶ
1310 3028 1620 3101 ἐπαγγελίας
1677 3033 1786 3090 τοῖς

1901 3035 1959 3088 et
2003 3031 2438 3102 promissiones
2458 3033 2588 3092 htec
2608 3035 3104 3108 observantibus;
3132 3037 3435 3111 dequibus
3472 3039 3556 3095 le.

176 3133 351 3178 ταῦτα
425 3123 749 3198 φυλάττουσι
789 3141 803 3156 ο
879 3125 998 3196 περὶ
1070 3120 1139 3172 ὧν
1213 3120 1240 3172 ὀ
1311 3119 1594 3190 νομοθέτης
1668 3118 1786 3193 ὅρον

178 3215 338 3280 ἔπηξε
388 3214 570 3287 λέγων,
624 3211 829 3266 ἀκούειν
880 3213 971 3285 μὶν
1025 3213 1186 3264 αὑτοῦ
1237 3214 1327 3263 καὶ
1379 3217 1480 3261 τῶν
1532 3203 1786 3262 δοθέντων

175 3305 627 3381 προσταγμάτων,
674 3303 839 3378 ἄχρις
876 3300 938 3355 ἂν
984 3300 1106 3374 ἔλθη
1164 3299 1204 3371 ᾧ
1259 3297 1555 3364 ἁποκειται,
1613 3299 1788 3359 καθώς

176 3413 343 3466 φησιν
388 3391 578 3448 Ἰακώϐ
607 3413 622 3427 ·
672 3391 831 3454 αὐτὸς
874 3387 934 3444 δέ
973 3396 1203 3451 Μωῦσῆς
1249 3391 1444 3442 οὑτωσὶ
1481 3389 1618 3442 κατὰ
1639 3388 1786 3462 ῥῆμα

175 3480 443 3548 διέξεισιο
515 3504 544 3534 (ι
601 3484 878 3557 Προφήτην
934 3481 1057 3553 ύμῖν
1110 3477 1396 3537 ἀναστήσει
1466 3480 1655 3552 Κύριος
1719 3479 1785 3538 ὡς

359 3571 524 3626 αὐτοῦ
588 3570 877 3624 ἀκούσεσθε
939 3570 1077 3622 κατὰ
1140 3569 1307 3621 πάντα
1371 3568 1473 3621 ὅσα
1533 3568 1597 3620 ἄν
1664 3568 1779 3640 εἴπῃ

175 3663 324 3735 ὑμῖν.
358 3682 393 3711 ιο

244 3751 326 3804 λα’
352 3793 369 3806 .
440 3756 548 3804 Τοῦ
617 3749 1053 3825 προφητιυθέντος
1125 3750 1294 3801 τοίνυν
1367 3745 1457 3800 ὑπ’
1530 3745 1733 3799 ἐκείνων
1767 3788 1785 3815 ,

172 3848 273 3895 τοῦ
328 3859 389 3894 τε
439 3836 630 3895 Ἰακὼϐ
679 3844 771 3891 καὶ
819 3844 912 3890 τοῦ
963 3841 1247 3905 Μωῡσὲως,
1300 3838 1432 3911 πρὸς
1484 3832 1544 3889 δὲ
1567 3839 1658 3888 καὶ
1684 3843 1786 3887 τῶν

172 3932 314 4004 μετὰ
414 3935 584 3983 ταῦτα
656 3929 1005 3980 θεοπνεύστων
1075 3933 1386 4002 προφητῶν.
1483 3923 1787 3985 ἐληλυθότος

174 4024 269 4073 καὶ
325 4017 702 4094 κληρώσαντος
766 4017 831 4068 τὰ
898 4013 1191 4068 ἐλλείποντα
1246 4020 1352 4075 τοῖς
1408 4012 1652 4074 παλαιοῖς
1706 4015 1790 4065 νό-

175 4127 321 4182 μοις,
390 4108 562 4168 καθὼς
617 4104 776 4166 αύτός
830 4107 947 4177 ἔφη,
1010 4124 1040 4155 ‹‹
1099 4103 1212 4156 οὐκ
1276 4102 1433 4162 ἦλθον
1488 4101 1787 4156 καταλῦσαι

180 4200 266 4250 τόν
311 4200 496 4270 νόμον,
536 4194 664 4248 ἁλλά
712 4193 991 4268 πληρῶσαι
1014 4213 1029 4227 ο
1082 4214 1111 4244 ››
1142 4191 1446 4266 πεπλήρωκε
1473 4187 1552 4263 δι,
1583 4191 1674 4245 ἅτε
1712 4186 1781 4249 δὴ

174 4290 267 4350 τὰς
318 4288 477 4362 ῥίζας
511 4288 598 4338 καί
646 4287 736 4345 τὰς
781 4282 955 4358 ἀρχὰς
1002 4290 1104 4335 τῶν
1157 4282 1544 4357 ἁμαρτημάτων
1600 4279 1786 4334 ἁποτι-

178 4396 289 4450 μων
320 4396 336 4411 ⁸
418 4396 489 4428 ων
562 4396 949 4447 φυλπτομινων
990 4413 1006 4440 ,
1081 4396 1249 4432 ουσεις
1320 4396 1452 4446 προς
1525 4396 1785 4449 αμαρτιας

178 4464 323 4529 τέλος
398 4468 643 4539 χωρήσει
715 4466 837 4516 ποτέ
875 4483 890 4496 ε
967 4468 1058 4515 τοῦ
1129 4464 1232 4536 γὰρ
1305 4460 1531 4515 παλαιοῦ
1624 4465 1786 4537 νόμον

178 4556 443 4630 λέγοντος,
494 4577 523 4605 ιε
576 4554 653 4608 Οῦ
702 4556 981 4627 φονεύσεις,
1021 4570 1052 4605 ν
1083 4553 1110 4605 ὁ
1134 4554 1324 4606 τούτου
1351 4571 1407 4606 τε
1433 4557 1523 4606 καὶ
1544 4561 1644 4615 τῆς
1671 4557 1787 4616 νίας

183 4642 351 4719 δοτὴρ
384 4648 641 4720 Χριστὸς,
677 4667 698 4695 ι
729 4640 871 4697 Οὖδέ
899 4642 1222 4719 ὀργισθήσῃ,
1256 4664 1285 4693 ››
1315 4644 1619 4717 προσέθετο.
1648 4664 1677 4693 ιι
1711 4642 1787 4696 Ού

181 4738 517 4808 μοιχεύσεις,
570 4756 600 4784 ››
647 4731 854 4794 ἐκεῖνος’
888 4732 1059 4801 οὗτος,
1106 4755 1127 4783 ι
1164 4728 1307 4785 Ούδε
1351 4730 1714 4805 ἐπιθυμήσεις⁶
1760 4752 1790 4781 ››

183 4826 283 4878 ὅσα
332 4823 425 4888 ἐξῆ
437 4843 461 4885 ς
505 4831 605 4876 τῶν
656 4824 800 4877 θείων
853 4825 1093 4898 Πατέρων
1139 4820 1330 4894 μᾶλλον
1373 4823 1514 4875 ἔστιν
1562 4819 1788 4879 ἀκούειν.

184 4914 263 4968 Ἐν
312 4914 509 4988 αἵματι
562 4913 596 4971 ἡ
653 4915 880 4988 προτέρα
926 4911 1315 4983 ἑγκεκαίνισται
1370 4912 1602 4971 Διαθήκη
1630 4932 1644 4945 ο
1698 4914 1791 4964 καὶ

183 5004 313 5062 αὕτη
388 5005 585 5075 ὁμοίως
644 5008 739 5054 τοῦ
804 4999 1094 5073 ἁμολύντου
1169 4999 1361 5074 Ἀμνοῦ
1436 4998 1791 5074 βεϐωωθεῖσα

183 5090 265 5147 οἶά
317 5112 404 5155 τις
462 5092 695 5150 Μαθὴκη
747 5088 798 5142 ἐν
851 5089 1082 5165 Ἐρυθρῷ
1120 5108 1223 5142 τινι
1268 5087 1556 5163 βασιλικῆς
1599 5088 1794 5165 βαφῆς,

184 5185 373 5259 χειρὸς
427 5181 705 5254 γράμματι
757 5175 836 5233 δι’
880 5177 1000 5233 ὅλου
1047 5184 1140 5231 τοῦ
1177 5177 1334 5252 ύφους
1388 5184 1789 5254 σεσημασμίδη,

186 5271 450 5347 ἅρῥηκτος
504 5272 597 5321 καὶ
649 5263 973 5329 ἀδιάπτωτος
1039 5262 1273 5341 διαμένει
1328 5274 1391 5341 τῇ
1467 5267 1788 5342 Ἐκκλησία·

190 5366 368 5415 καίτοι
414 5358 608 5419 πολλὰς
651 5356 1025 5421 ἐπαναστάσεις
1069 5355 1274 5432 ἄχθρῶν
1326 5359 1628 5429 ύποστᾶσα,
1668 5357 1798 5413 ἁλλὰ

190 5456 281 5505 καὶ
330 5448 513 5504 πυλῶν
562 5444 698 5520 ᾅδου
740 5446 1065 5522 ἰσχυροτέρα
1115 5436 1386 5502 δέδεικται
1439 5456 1502 5522 τῇ
1572 5445 1797 5524 δυνάμει

1896 3120 2145 3194 gislator
2165 3121 2472 3179 decretum
2493 3122 2681 3181 edidit
2707 3123 2917 3181 dicens
2947 3126 3402 3185 obaudiendum
3420 3144 3552 3187 esse

1893 3210 2013 3284 ipsi
2041 3210 2323 3284 datisque
2355 3213 2688 3286 prmeeptis,
2721 3213 2916 3271 donec
2948 3214 3043 3272 ille
3085 3216 3314 3274 veniret
3341 3217 3438 3274 cui
3464 3233 3554 3275 re-

1893 3299 2160 3372 positum
2202 3303 2311 3366 est,
2352 3305 2418 3357 ut
2453 3300 2536 3358 ait
2560 3301 2768 3359 Jacob.
2785 3304 2916 3376 ipse
2937 3319 3080 3361 vero
3102 3307 3331 3378 Moyses
3353 3306 3439 3363 sic
3463 3305 3545 3363 ad

1890 3388 2146 3446 litteram
2166 3389 2400 3448 locutus
2421 3395 2536 3449 est:
2552 3391 2908 3465 Prophetam
2921 3392 3095 3450 vobis
3108 3393 3426 3452 suscitabit
3438 3397 3548 3454 Do-

1891 3480 2117 3551 minus,
2157 3485 2447 3554 tanquam
2487 3497 2614 3538 me:
2663 3481 2833 3539 illum
2861 3482 3142 3557 faudietis
3166 3484 3228 3541 in
3257 3484 3546 3545 omnibus

1890 3585 2028 3643 quae
2056 3569 2232 3627 vobis
2287 3570 2568 3645 loquetur
2585 3572 2655 3629 ³³.

1963 3752 2051 3805 31.
2080 3750 2233 3820 Ergo
2254 3747 2352 3806 ille
2372 3749 2451 3807 ab
2475 3749 2558 3807 eis
2576 3749 2920 3824 praedictus,
2942 3766 2979 3808 ο
3005 3750 3234 3809 Jacobo
3254 3752 3543 3811 nimirum

1893 3843 1951 3895 et
1972 3839 2192 3911 Moyse,
2216 3838 2469 3915 aliisque
2482 3844 2692 3912 postea
2704 3839 3007 3913 inspiratis
3031 3856 3067 3897 a
3080 3841 3198 3898 Deo
3209 3841 3519 3914 prophetis
3529 3883 3544 3910 ,

1893 3927 2057 3985 venit
2107 3927 2550 4002 complevitque
2601 3929 2974 4003 quae‘priscis
3004 3927 3243 3999 legibus
3273 3929 3543 4001 deerant,

1894 4014 2045 4072 sicut
2072 4015 2200 4090 ipse
2230 4016 2411 4072 dixit:
2445 4019 2608 4073 «Non
2636 4016 2767 4073 veni
2797 4015 3026 4072 solvere
3052 4016 3267 4087 legem,
3297 4015 3407 4072 sed
3432 4016 3543 4073 ad-

1892 4103 2142 4177 implere
2171 4106 2289 4161 η.»
2321 4107 2388 4161 Et
2424 4120 2487 4161 re
2518 4119 2666 4161 sane
2694 4119 2832 4161 vera
2866 4102 3239 4176 adimplevit,
3268 4102 3419 4161 dum
3446 4120 3543 4164 ra-

1894 4193 2058 4252 dices
2086 4194 2465 4267 originesque
2495 4197 2884 4267 peccatorum
2925 4191 3300 4266 amputavit:
3332 4192 3433 4251 cui
3489 4194 3545 4251 si

1895 4300 2031 4341 mos
2057 4288 2510 4355 geratur,nemo
2540 4298 2810 4356 unquam
2823 4287 3141 4357 peccatum
3161 4298 3547 4341 consumma—

418 4373 489 4428 ὧν
562 4372 949 4447 φυλαττομένων
990 4413 1006 4440 ,
1081 4368 1249 4432 οὐδεὶς
1320 4374 1452 4446 πρὸς
1525 4370 1785 4449 ἁμαρτίας

1897 4371 1999 4430 bit.
2032 4375 2184 4430 Nam
2209 4377 2401 4430 vetere
2429 4372 2559 4444 lege
2581 4371 2847 4430 dicente:
2874 4393 2903 4423 «
2926 4374 3054 4429 Non
3083 4371 3345 4442 occides,
3380 4393 3409 4423 »
3439 4372 3546 4430 da-

1894 4466 1987 4519 tor
2003 4461 2159 4519 illius
2179 4478 2249 4519 ac
2264 4477 2438 4519 novae
2460 4458 2746 4529 Christus,
2770 4464 2934 4518 «Non
2957 4460 3251 4532 irasceris,
3276 4482 3298 4515 ι
3332 4460 3546 4535 αᾱῇυιια

1893 4551 1995 4608 xit.
2032 4551 2153 4620 Illa,
2176 4572 2206 4603 ιι
2226 4554 2355 4608 Non
2385 4549 2790 4611 adulterabis;
2819 4572 2848 4601 ι»
2868 4549 2967 4607 hic
2992 4553 3120 4607 Non
3150 4550 3546 4624 concupisces

1896 4644 1975 4711 ’5;
1995 4666 2015 4692 ι
2039 4648 2095 4699 et
2113 4656 2495 4715 quaecunque
2507 4640 2627 4697 alia
2650 4656 2688 4697 a
2708 4640 2933 4697 sanctis
2955 4641 3253 4713 praecipue
3270 4639 3548 4697 Patribus

1897 4731 2186 4789 discenda
2204 4736 2360 4787 sunt.
2388 4733 2453 4786 Et
2470 4730 2637 4803 prius
2658 4729 2905 4803 quidem
2925 4732 3375 4786 Testamentum
3397 4742 3547 4784 san-

1898 4821 2077 4894 guine
2126 4819 2473 4877 dedicatum
2503 4818 2647 4888 fuit;
2696 4824 2754 4875 et
2779 4822 3053 4875 nostrum
3107 4817 3224 4874 hoc
3279 4815 3550 4873 similiter

1897 4908 2270 4966 immaculati
2295 4909 2449 4980 Agni
2477 4906 2770 4980 sanguine
2811 4906 3118 4963 ﬁrmatum
3155 4904 3331 4979 quasi
3357 4907 3548 4963 testa-

1900 5004 2170 5058 mentum
2195 5000 2258 5056 in
2284 4998 2587 5071 Erythraeo
2606 4995 2877 5070 quodam
2900 4995 3080 5068 regiae
3108 4995 3396 5064 tinctura),
3418 5008 3553 5051 ma-

1898 5089 2067 5148 nuali
2109 5088 2404 5162 scriptura
2441 5102 2548 5160 per
2593 5091 2785 5142 totum
2834 5089 3176 5142 contextum
3222 5083 3552 5156 signatum,

1900 5179 2175 5251 infragile
2199 5182 2256 5235 et
2283 5193 2407 5234 non
2442 5175 2740 5233 caducum
2777 5178 2982 5231 manet
3014 5174 3305 5242 Ecclesiae,
3334 5173 3558 5232 multas

1902 5284 1975 5328 ea
1996 5269 2133 5327 licet
2150 5267 2535 5324 inimicorum
2564 5264 2942 5336 agressiones
2962 5262 3296 5337 pertulerit;
3313 5262 3562 5322 ﬁrmior-

1902 5374 2022 5432 que
2052 5358 2238 5431 portis
2276 5354 2450 5412 inferi
2478 5351 2776 5427 apparuit,
2821 5353 3037 5410 virtute
3065 5352 3223 5409 illius
3265 5350 3373 5425 qui
3400 5351 3561 5408 hanc

1902 5449 1966 5507 in
2012 5446 2299 5505 cordibus
2346 5442 2618 5501 ﬁdelium
2659 5443 2999 5516 impressit._
3039 5443 3187 5500 Dicit
3230 5441 3392 5499 enim
3431 5440 3563 5510 ipse

262 5578 314 5615 ²²
337 5575 521 5636 Hebr.
546 5590 632 5647 ιχ,
660 5574 764 5631 l.’3
788 5575 957 5632 Deut.
989 5588 1145 5646 xvui,
1182 5574 1331 5635 15."
1354 5572 1530 5634 Math.
1570 5589 1631 5642 v,
1670 5575 1809 5637 l7.”
1846 5571 2036 5636 Exod.
2067 5589 2160 5647 xx,
2186 5571 2383 5642 13-17;
2414 5568 2614 5630 Matth.
2640 5584 2701 5641 ν,
2730 5566 2796 5626 2i
2840 5581 3010 5645 seqq.

488 5698 741 5760 Panos.
785 5697 895 5761 Gn.
929 5697 1091 5760 CXL.

3024 5692 3092 5750 15
