4106 6222
38 2 47 25 ι

24 30 89 1319 ἰ

68 908 73 925 μ

60 1540 69 1597 ἐ

56 1750 75 1785 1

66 1946 89 1985 ,Α

56 2228 73 2241 υ.

30 2260 33 2267 λ
54 2262 69 2285 δ

32 2290 69 2321 ηδ

42 2564 67 2583 Ὁ

42 2774 53 2787 .
68 2772 73 2785 κ

30 2798 49 2829 ’ί

28 3050 43 3085 ἕ

551 322 657 387 459
1096 378 1099 381 .
1822 322 2178 379 THEODORI
2214 323 2387 380 ANDl
2417 326 2638 382 )ENSIS

3826 336 3946 388 4-60

552 447 862 521 prophetas
918 462 1054 505 ore:
1088 468 1117 499 α
1142 442 1288 503 Εοοο
1318 443 1447 505 dies
1496 445 1767 510 veniunt.
1823 450 1882 501 et
1937 451 2187 504 statuam

2313 456 2406 502 τοῦ
2434 452 2630 508 ταύτην
2679 457 2789 511 ταῖς
2830 451 3041 523 ψυχαῖς
3087 461 3185 507 τῶν
3231 458 3431 508 πιστῶν
3486 455 3940 530 ίγχαράξαντοςο

552 536 771 605 fcedus,
826 551 949 593 non
1007 534 1344 591 secundum
1396 533 1591 591 {cadus
1627 534 1793 607 quod
1848 535 2029 591 statui
2057 552 2197 592 cum

549 626 825 698 patribus
856 624 1066 681 vestris
1097 625 1145 660 ³⁸
1174 642 1187 692 ;
1221 623 1325 679 sed
1353 623 1518 681 dabo
1544 623 1707 694 leges
1733 640 1901 680 meas
1923 624 1983 679 in
2011 624 2193 680 corda

550 714 841 786 ipsorum,
895 718 953 771 et
990 718 1355 783 cognoscent
1412 728 1509 769 me
1565 713 1761 769 cuncti
1818 728 1855 769 a
1892 727 2083 784 parvo
2120 712 2197 768 ad

549 803 907 870 maximum,
938 806 995 858 et
1020 805 1194 857 erunt
1211 816 1426 857 omnes
1446 801 1735 857 docibiles
1772 802 1872 857 Dei
1902 803 1969 855 ³⁷.
2011 824 2031 849 ι
2063 803 2198 857 Pro-

550 896 755 965 pterea
782 891 932 948 nihil
959 890 1247 963 scriptum
1276 889 1516 963 reliquit
1544 890 1829 955 Christus,
1859 890 1963 946 sed
1995 890 2197 946 verba.

550 982 657 1038 tim
687 981 1026 1038 doctrinam
1077 984 1255 1052 atque
1284 979 1596 1048 mandata,
1628 979 1688 1035 id
1727 985 1819 1035 est
1868 980 2062 1050 legem
2093 994 2199 1035 no-

552 1076 757 1139 stram,
810 1071 1018 1138 dedit;
1051 1076 1108 1126 et
1133 1085 1241 1142 per
1269 1062 1596 1138 practicam
1628 1070 2030 1132 traditionem,
2071 1085 2198 1140 my-

553 1161 820 1218 sterium.
872 1165 1120 1232 Insuper
1150 1159 1424 1232 promisit
1451 1160 1657 1216 dicens
1687 1177 1709 1215 :.
1733 1156 1758 1211 ὲ(
1801 1162 1942 1217 Cum
1972 1158 2200 1215 venerit

549 1250 907 1316 Paracletus,
961 1265 1144 1321 quem
1175 1264 1286 1318 ego
1320 1250 1550 1305 mittam
1579 1249 1751 1304 vobis
1782 1264 1818 1304 a
1869 1248 2061 1311 Patre,
2104 1246 2199 1303 ille

548 1355 657 1395 vos
708 1338 950 1394 docebit
1004 1338 1226 1407 omnia,
1261 1343 1318 1392 et
1344 1337 1406 1392 in
1438 1343 1700 1394 mentem
1730 1337 2033 1393 revocabit
2061 1352 2198 1407 quae

549 1428 722 1485 vobis
751 1426 895 1494 dixi,
955 1431 1012 1482 et
1043 1426 1159 1497 alia
1187 1426 1585 1492 annuntiabit,
1612 1442 1748 1497 qua;
1780 1426 2053 1482 nondum
2097 1440 2199 1480 au-

551 1517 675 1573 dire
701 1521 758 1572 et
798 1516 949 1572 ferre
976 1514 1182 1570 valetis
1207 1516 1275 1567 3'.
1298 1536 1325 1565 »
1361 1518 1598 1572 Factum
1631 1530 1770 1571 vero
1800 1514 1859 1569 id
1914 1519 2024 1576 est,
2058 1529 2198 1569 cum

548 1606 791 1662 advenit
820 1604 1173 1660 Paracletus.

2310 536 2447 609 λέγει
2488 539 2588 613 γάρ
2639 536 2734 592 διὰ
2777 548 2867 592 τοῦ
2910 547 3217 614 προφήτου·
3257 566 3276 594 ι
3338 541 3476 598 ’ἰδοὺ
3508 547 3696 619 ἡμέραι
3736 548 3943 620 ἔρχον-

2310 646 2415 691 ται,
2467 633 2555 680 καὶ
2610 624 2941 701 διαθήσομαι
2990 628 3110 702 ύμῖν
3159 629 3466 699 διαθήκην,
3518 634 3576 686 ού
3635 638 3775 689 κατὰ
3836 642 3941 694 τὴν

2311 712 2572 774 διαθήκην
2636 718 2699 775 ἣν
2767 714 3010 790 διεθέμην
3078 728 3186 783 τοῖς
3243 725 3508 797 πατράσιν
3577 725 3741 796 ὑμῶν,
3818 708 3940 776 ἀλλ’

2309 806 2492 877 ἔσομαι
2559 802 2744 868 διδούς
2808 812 2998 879 νόμους
3043 829 3143 880 μου
3193 810 3265 871 εἰς
3316 814 3404 872 τὰς
3455 808 3678 886 καρδίας
3703 813 3931 865 αὐτ-ὤν’

2309 900 2397 946 καὶ
2451 890 2728 951 εἰδήσουσι
2783 915 2846 968 με
2896 899 3079 958 πάντες
3139 898 3241 951 ἀπὸ
3296 909 3488 975 μικροῦ
3544 903 3637 962 ἕως
3684 903 3935 974 μεγάλου

2310 982 2508 1034 αύτιιῦν⁶
2568 989 2658 1034 καὶ
2711 986 2915 1037 ἔσονται
2972 988 3155 1049 πάντες
3226 984 3474 1041 διδακτοὶ
3532 998 3687 1048 Θεοῦ,
3738 1014 3766 1038 ι)
3828 996 3936 1044 Δία

2308 1079 2461 1123 τοῦτο
2526 1069 2676 1124 ούδεν
2743 1072 3005 1145 ἐγγράφως
3060 1077 3326 1130 κατέλιπεν
3382 1080 3408 1130 ό
3466 1083 3714 1150 Χριστὸς,
3790 1078 3931 1132 ἀλλά

2310 1156 2404 1211 διὰ
2452 1159 2614 1230 λόγων
2670 1164 2760 1233 μεν
2806 1165 2871 1215 τὰ
2927 1160 3239 1235 διδάγματα
3290 1171 3379 1219 καὶ
3426 1170 3519 1228 τάς
3576 1167 3785 1229 ἐντολὰς
3836 1174 3929 1220 τόν

2308 1251 2428 1301 καθ’
2498 1251 2636 1321 ἡμᾶς
2700 1256 2852 1322 νόμον
2918 1250 3153 1316 ἐπέταξεν
3197 1275 3208 1287 ο
3280 1252 3374 1307 δια
3446 1253 3503 1308 δὲ
3569 1254 3927 1328 παραδόσεως

2308 1347 2603 1411 πρακτικῆς
2655 1343 2712 1390 τό
2766 1345 3080 1415 μυστήριον.
3138 1343 3254 1395 Ἐπὶ
3308 1340 3367 1396 δι
3417 1346 3677 1417 ὑπέσχετο
3728 1345 3920 1416 λέγων’

2311 1448 2339 1474 ι(
2386 1424 2546 1477 Ὀταν
2604 1426 2724 1499 ἔλθῃ
2766 1430 2792 1478 ό
2852 1430 3210 1503 Παράκλητος,
3271 1433 3325 1483 ὃν
3382 1435 3481 1501 εγω
3540 1433 3732 1505 πέμψω
3792 1436 3921 1505 ὑμῖν

2306 1517 2450 1587 παρά
2495 1524 2587 1566 τοῦ
2638 1520 2855 1588 Πατρός,
2906 1516 3089 1578 ἐκεῖνος
3128 1516 3337 1582 διδάξει
3381 1522 3518 1593 ὑμᾶς
3554 1528 3643 1574 καὶ
3685 1525 3923 1595 ύπομνήσ

2311 1622 2389 1655 σει
2445 1607 2613 1655 πάντα
2664 1604 2697 1655 ἂ
2750 1602 2887 1658 εἶπον
2936 1608 3094 1678 ύμίν⁶
3137 1614 3225 1660 καὶ
3279 1610 3439 1661 τᾶλλα
3488 1609 3781 1682 ἀναγγελεῖ,
3816 1616 3924 1665 ὅσα

551 1694 753 1747 ἀκούειν
784 1695 813 1752 ἡ
841 1692 1126 1765 βαστάζειν
1158 1693 1216 1743 ou'
1250 1690 1481 1745 δυνασθε
1505 1695 1645 1768 οἰρτι.
1680 1717 1706 1743 ››
1742 1698 1918 1763 Γέγονε
1950 1689 2133 1765 δὲὸπερ
2163 1692 2447 1764 ὑπέσχετο,
2476 1714 2564 1745 του
2597 1695 2939 1766 Παρακλιπον
2971 1696 3220 1759 ἐλθόντος.

619 1789 706 1841 32.
738 1787 898 1839 Tunc
929 1783 1185 1855 apostoli
1238 1785 1509 1839 exstitere
1538 1784 1807 1855 episcopi
1836 1800 1850 1847 ;
1882 1787 1938 1838 et
1988 1782 2194 1837 divino
2230 1783 2266 1835 Β

546 1873 653 1945 qui
680 1873 741 1928 in
770 1871 917 1944 ipsis
943 1871 1337 1941 inhabitabat,
1371 1871 1484 1927 snb
1508 1872 1822 1941 ignearum
1850 1871 2194 1940 linguarum

549 1962 767 2033 specie,
822 1960 1042 2032 Spiritu
1073 1959 1376 2016 erudiente
1424 1976 1529 2015 eos
1581 1976 1718 2032 quae
1774 1960 2108 2031 oportebat,
2141 1964 2194 2013 et

541 2049 864 2121 unicuique
896 2054 1135 2119 gentem
1158 2064 1333 2104 suam
1360 2049 1728 2119 assignante,
1748 2050 1920 2118 cujus
1946 2048 2193 2104 eosdem

539 2140 812 2209 linguam
842 2138 1117 2207 docebat,
1151 2138 1389 2195 divinas
1418 2139 1843 2211 mysteriorum
1897 2153 2104 2209 preces
2135 2143 2191 2193 et

542 2245 714 2286 sacra
764 2227 983 2299 oﬂicia,
1018 2230 1195 2299 prout
1246 2242 1394 2298 gens
1445 2243 1701 2300 quaeque
1754 2228 1876 2299 pati
1936 2232 2188 2298 poterat,

538 2323 596 2374 et
618 2324 957 2388 temporum
989 2314 1273 2386 adjuncta
1302 2314 1595 2385 ferebant,
1614 2321 1671 2372 et
1702 2316 2190 2388 persequentium

538 2407 792 2475 insidiae,
825 2406 910 2462 sic
960 2405 1350 2478 peragebant.
1392 2408 1455 2462 Et
1509 2405 1791 2478 precibus
1829 2405 2076 2476 quidem
2118 2420 2190 2460 ac

538 2494 1118 2570 proclamationibus
1139 2494 1388 2551 fortasse
1413 2496 1564 2551 inter
1581 2511 1642 2550 se
1668 2494 2059 2559 ditTerebant;
2083 2492 2187 2548 sed

538 2590 741 2642 tamen
770 2583 1125 2641 traditorum
1157 2584 1581 2657 mysteriorum
1612 2583 1805 2639 forma
1834 2598 1905 2637 ea
1940 2597 2186 2654 prorsus

536 2676 645 2732 fuit
672 2691 860 2747 quam
890 2675 1176 2731 Dominus
1206 2679 1408 2730 noster
1428 2676 1600 2730 Jesus
1626 2673 1894 2729 Christus
1926 2674 2182 2728 tradidit.

534 2766 670 2835 Post
695 2762 1011 2835 deiloquos
1041 2767 1242 2818 autem
1274 2762 1600 2833 apostolos,
1622 2760 1892 2817 nonnulli
1949 2765 2184 2815 sancto-

531 2868 667 2907 rum
692 2854 952 2919 Patrum,
1004 2851 1382 2922 peculiariter
1399 2849 1638 2918 singuli,
1656 2865 1863 2920 preces
1886 2848 2185 2904 faciebant

532 2945 589 2995 et
608 2939 1130 3012 proclamationes,
1154 2944 1211 2994 et
1230 2937 1520 2994 absolutae
1542 2937 1793 3005 liturgiae
1816 2936 2043 2999 cilicia;
2073 2938 2185 2991 vei-
2214 2974 2252 3024 η

529 3030 616 3086 uti
632 3028 1132 3086 sanctusillustris
1148 3027 1603 3100 Epiphanius,et
1626 3042 1887 3097 magnus
1913 3026 2180 3094 Basilius,
2234 3024 2237 3025 ⁷

531 3119 782 3175 etdivus
836 3118 1317 3189 Chrysostomus.
1349 3116 1556 3171 Cuncti
1605 3120 1804 3170 autem
1847 3131 1918 3170 ex
1966 3114 2181 3170 viviﬁci

528 3207 710 3264 fontis
756 3206 1037 3263 Paracleti
1069 3207 1307 3262 ﬂuentis
1346 3206 1677 3261 hauserunt
1701 3204 2013 3273 dogmata,
2044 3220 2181 3275 quas

528 3294 1006 3352 orthodoxorum
1040 3294 1320 3363 Ecclesia,
1365 3310 1475 3349 ceu
1505 3292 1584 3349 ab
1604 3293 1736 3364 ipso
1760 3292 1986 3348 Christo
2024 3293 2183 3347 dicta

528 3388 587 3442 et
638 3384 797 3441 facta
857 3384 1136 3455 recepit:
1195 3388 1253 3439 et
1297 3398 1459 3438 nunc
1516 3397 1637 3453 prae
1696 3382 1923 3436 castoris
1979 3381 2182 3437 divina

528 3472 771 3543 liturgia
799 3472 1008 3543 magni
1038 3473 1255 3539 Basilii,
1288 3487 1401 3527 nec
1454 3486 1578 3525 non
1615 3470 1738 3524 divi
1770 3470 2180 3540 Cbrysostomi

529 3563 591 3615 in
644 3577 811 3616 more
840 3565 947 3630 est,
982 3577 1119 3615 cum
1160 3562 1260 3616 illa
1306 3559 1963 3631 praesanctiticatorum,
1993 3574 2176 3629 quam

526 3648 801 3704 nonnulli
828 3648 1033 3703 Jacobi
1064 3664 1191 3703 esse
1218 3648 1444 3709 dicunt,
1477 3646 1581 3717 qui
1604 3646 1781 3700 frater
1806 3647 2037 3701 Domini
2068 3662 2179 3718 ap-

528 3737 786 3811 pellatus
841 3737 985 3805 fuit;
1037 3736 1137 3792 alii
1196 3737 1344 3793 Petri
1400 3734 1653 3807 apostoli
1684 3752 1754 3792 ac
1812 3738 2175 3803 summatis;

529 3826 631 3883 alii
655 3826 931 3884 aliorum.

2532 1787 2658 1835 Τότε
2708 1780 2775 1840 δὴ
2804 1806 2815 1817 ·
2851 1790 2939 1836 καὶ
2972 1786 3233 1858 ἀρχιερεῖς
3273 1790 3317 1839 οἱ
3360 1786 3639 1841 ἀπόστολοι
3670 1788 3919 1864 ἐχρημάο

2307 1889 2476 1935 τισαν,
2535 1876 2623 1922 καὶ
2682 1880 2772 1922 τού
2828 1873 2876 1923 ἐν
2933 1870 3062 1926 εῖδει
3128 1881 3354 1948 πυρίνων
3404 1876 3658 1947 γλωσσῶν
3712 1877 3921 1935 ἐνοικὴ-

2307 1978 2488 2019 σαντος
2542 1958 2588 2010 ἐν
2640 1960 2817 2021 αὐτοῖς
2867 1964 3005 2015 θείου
3053 1967 3371 2035 Πνεύματος,
3416 1962 3772 2027 διδάσκοντος
3824 1968 3919 2018 au}-

2304 2051 2422 2108 τοὺς
2476 2045 2559 2099 οἶα
2613 2044 2715 2118 δεῖ,
2769 2054 2856 2100 καὶ
2906 2048 3382 2124 προχειρισαμένου
3450 2056 3669 2107 ἕκαστον
3738 2056 3917 2108 αὐτῶν

2304 2137 2352 2188 ἐν
2401 2146 2471 2206 τῷ
2526 2140 2672 2203 ἔθνει,
2729 2135 2788 2190 οὗ
2835 2144 2928 2196 τὴν
2988 2137 3255 2193 διάλεκτον
3307 2143 3473 2194 λαλεῖν
3528 2148 3743 2205 τούτους
3798 2144 3915 2197 ἐσο-

2302 2244 2420 2296 φισε
2468 2226 2594 2295 (37),
2652 2226 2811 2297 εύχάς
2858 2228 2972 2299 (38)
3025 2236 3326 2303 μυστηρίων
3383 2234 3523 2293 θείας
3572 2238 3662 2285 καὶ
3710 2236 3914 2306 ἱερουρο

2298 2319 2418 2384 γίας
2462 2315 2809 2376 καταλλήλους
2859 2325 2920 2375 τῆ
2978 2325 3225 2391 καρτερίᾳ
3273 2328 3363 2372 τοῦ
3412 2323 3608 2389 ἔθνους,
3660 2328 3753 2374 καὶ
3797 2331 3910 2384 τοῖς

2299 2411 2501 2476 καιροῖς
2574 2412 2673 2455 τῶν
2740 2409 3093 2476 περιστάσεων
3126 2450 3139 2474 ,
3201 2414 3288 2460 καὶ
3342 2416 3452 2469 ταῖς
3508 2407 3744 2483 ἐνέδραις
3804 2422 3909 2463 τῶν

2300 2488 2610 2560 διωκόντων,
2678 2491 2900 2548 ἐποίουν.
2974 2500 3072 2547 Καὶ
3141 2495 3188 2549 ἐν
3255 2502 3344 2567 μὲν
3401 2506 3516 2560 ταῖς
3578 2498 3774 2570 εὐχαῖς
3812 2506 3904 2552 καὶ

2298 2589 2413 2642 ταῖς
2474 2580 2841 2652 ἐκφωνήσεσιν,
2897 2586 3023 2644 ἴσως
3073 2581 3303 2659 διέφερον
3358 2584 3621 2644 ἀλλήλων·
3680 2590 3704 2639 ό
3759 2586 3820 2640 δέ
3846 2609 3909 2659 γε

2296 2674 2455 2731 τύπος
2520 2673 2630 2739 (39)
2697 2679 2790 2732 τῆς
2859 2670 3205 2744 παραδόσεως
3256 2683 3354 2725 τῶν
3406 2682 3737 2750 μυστηρίων,
3765 2680 3911 2729 καθα

2296 2761 2452 2811 καὶό
2515 2762 2704 2832 Κύριος
2751 2762 2895 2831 ἡμῶν
2947 2761 3150 2823 Ἰησους
3210 2768 3432 2836 Χριστός
3491 2773 3670 2816 τουτον
3740 2772 3905 2840 παρέο

2297 2845 2462 2904 δωκε.
2531 2852 2673 2900 Μετά
2739 2845 2797 2900 δε
2862 2854 2984 2911 τούς
3053 2852 3333 2924 θεηγόρους
3400 2852 3721 2915 ἀποστόλους
3770 2860 3904 2915 τινες

2294 2942 2392 2985 τῶν
2446 2934 2607 3005 ἁγίων
2666 2944 2902 3009 Ματέρων
2955 2936 3264 3001 ἰδιαζόντως
3320 2943 3537 3002 ἕκαστος
3592 2948 3683 2994 καὶ
3730 2947 3902 3014 τύχας

2292 3021 2576 3081 ἐποιουντο,
2654 3030 2741 3075 καὶ
2810 3024 3151 3096 ἐκφωνήσεις,
3219 3035 3307 3080 καὶ
3375 3030 3765 3102 ἀπηρτισμένης
3837 3036 3901 3085 ιε-

2289 3118 2535 3185 ρουργίας
2590 3112 2895 3165 ἀκολουθίαν
2948 3117 3083 3183 (4Ο)’
3135 3120 3202 3177 ὡς
3259 3119 3284 3168 ό
3335 3117 3380 3169 ἐν
3429 3118 3600 3189 ἁγίοις
3643 3119 3901 3192 ἐπιφανής

2294 3201 2605 3272 Ἐπιφάνιος,
2681 3208 2770 3253 καὶ
2838 3222 2863 3254 ο
2925 3209 3080 3275 μέγας
3148 3206 3451 3273 Βασίλειος,
3516 3214 3605 3260 καὶ
3670 3210 3696 3260 ό
3764 3213 3899 3272 θεῖος

2292 3298 2692 3362 Χρυσοστομος.
2750 3296 2940 3353 Πάντες
2986 3289 3033 3344 δ’
3080 3296 3218 3365 ὅμως
3273 3294 3326 3348 ἐκ
3374 3306 3471 3347 τῶν
3517 3301 3761 3370 ναμάτων
3803 3308 3896 3360 τῆς

2295 3379 2596 3454 ζωηρρύτου
2672 3390 2846 3451 πηγῆς
2917 3392 3008 3434 τού
3076 3385 3417 3457 Παρακλήτου
3486 3387 3752 3457 ὴρύσαντο
3832 3393 3897 3441 τα

2291 3466 2572 3540 δόγματα’
2629 3469 2758 3542 οἱπερ
2836 3472 2864 3527 ἡ
2940 3480 3039 3522 τῶν
3115 3471 3407 3544 όρθοδόξων
3476 3476 3767 3534 Ἐκκλησία
3832 3480 3896 3537 ῶς

2288 3558 2410 3632 παρ’
2459 3559 2618 3610 αὐτοῦ
2666 3566 2758 3610 τού
2810 3566 3042 3632 Χριστοῦ
3085 3561 3338 3632 λεχθέντα
3385 3583 3438 3616 τε
3467 3570 3556 3617 καί
3583 3568 3896 3637 πραχθέντα

2290 3645 2535 3709 ἐδέξατο*
2592 3653 2679 3698 καὶ
2735 3656 2822 3697 νυν
2882 3652 2979 3722 πρὸ
3029 3659 3127 3700 τῶν
3179 3650 3341 3703 ἄλλων
3395 3655 3423 3710 ὴ
3461 3655 3575 3706 θεία
3594 3654 3896 3728 λειτουργία

2290 3746 2380 3789 τοῦ
2432 3736 2656 3808 μεγάλου
2710 3736 2973 3789 Βασιλείου
3013 3744 3102 3789 καὶ
3159 3750 3248 3791 του
3309 3743 3444 3793 θείου
3504 3750 3893 3817 Χρυσοστόμου

2289 3833 2465 3901 κρατεί
2515 3827 2646 3897 μετά
2711 3843 2769 3895 γε
2834 3836 2927 3885 τῆς
2992 3835 3092 3877 τῶν
3156 3836 3609 3902 προηγιασμένων,
3664 3836 3724 3889 ἡν
3768 3853 3895 3894 τινες

526 3921 618 3991 μὲν
677 3916 925 3971 Ἰακώϐου
982 3913 1112 3970 εἷναί
1165 3935 1295 3989 φασι
1345 3923 1437 3969 τοῦ
1494 3915 1868 3987 ὀνομασθέντος
1929 3912 2152 3987 ἀδελφοῦ
2214 3921 2431 3990 Κυρίου,
2500 3915 2659 3986 ἕτεροι
2714 3910 2771 3966 δε
2823 3919 3016 3989 Πέτρου
3070 3926 3161 3968 του
3229 3918 3523 3971 ἀποστόλου
3576 3926 3666 3972 καὶ
3738 3942 3895 3997 κορυο

528 4026 703 4080 φαιου,
731 4012 823 4060 καὶ⁵
846 4006 994 4059 ἄλλοι
1022 4006 1207 4062 ἄλλων.

598 4102 687 4155 33.
734 4098 873 4155 Post
901 4096 1327 4170 praedictorum
1360 4094 1772 4167 apostolorum
1804 4100 2179 4152 sanctorum-

527 4202 646 4260 que
684 4186 1348 4251 commemorationem,
1380 4184 1630 4241 nomina
1678 4183 2028 4240 nuntiantur
2077 4186 2179 4240 de-

527 4274 893 4344 functorum,
924 4290 1185 4347 quorum
1216 4273 1283 4331 fit
1338 4274 1581 4341 mentio,
1637 4288 1746 4328 nec
1789 4289 1909 4329 non
1939 4273 2181 4331 illorum

530 4378 641 4436 pro
670 4364 894 4435 quibus
923 4364 1077 4419 ﬁunt
1104 4362 1438 4420 oblationes
1466 4382 1480 4431 ;
1513 4378 1655 4418 mox
1688 4362 2069 4418 sacerdotum
2110 4378 2181 4419 ac

525 4467 740 4523 regum
787 4455 844 4508 et
891 4452 1165 4508 omnium
1218 4451 1415 4507 simul.
1463 4454 1654 4522 Atque
1684 4450 1745 4505 bi
1789 4450 2057 4519 magistri
2112 4451 2176 4506 li-

526 4541 761 4611 turgiaa,
792 4540 1054 4597 volentes
1080 4543 1199 4597 Deo
1226 4540 1480 4596 similem
1506 4554 1636 4595 esse
1666 4538 2039 4610 episcopum,
2068 4554 2178 4611 pro

526 4630 785 4688 inimicis
814 4645 1059 4703 quoque
1089 4631 1167 4688 ab
1197 4646 1268 4686 eo
1319 4644 1523 4702 preces
1549 4626 1739 4691 fundi,
1770 4643 2015 4699 aequum
2046 4644 2179 4685 cen-

528 4726 693 4778 sent:
736 4719 918 4777 talem
948 4720 1109 4776 enim
1139 4735 1268 4776 esse
1318 4720 1551 4789 oportet
1598 4716 1974 4787 episcopum,
2026 4717 2178 4774 inter

528 4813 717 4868 Deum
746 4809 1020 4867 videlicet
1070 4812 1126 4865 et
1150 4808 1427 4865 homines
1481 4804 1893 4861 mediatorem.
1955 4807 2178 4864 Deinde

525 4899 682 4957 elata
732 4915 922 4957 voce:
959 4899 1245 4956 Memento
1299 4897 1362 4952 in
1389 4894 1621 4967 primis,
1666 4893 1938 4961 Domine,
1989 4896 2177 4952 archi-

525 4988 791 5059 episcopi
818 4987 1005 5045 nostri
1030 5005 1043 5056 ;
1075 4985 1301 5059 quibus
1332 4982 1528 5041 verbis
1551 4982 1896 5041 odedientia
1919 4985 2177 5042 ostendi-

598 5127 647 5162 ²⁶
686 5127 903 5184 Jerem.
929 5144 1096 5196 mi,
1126 5128 1215 5184 31.
1258 5127 1303 5162 ’⁷
1334 5127 1427 5182 lsa
1450 5141 1557 5192 LIV,
1593 5125 1659 5180 12
1703 5126 1751 5160 ’⁸
1773 5126 1953 5184 Joan.
1986 5144 2087 5195 xv,
2119 5131 2207 5183 26.

592 5254 709 5381 (3;)
758 5251 1179 5332 Animadverte
1228 5248 1486 5307 auctoris
1542 5249 1732 5306 nostri
1800 5251 2165 5332 opinionem,

519 5339 643 5407 quo
710 5338 1124 5407 unusquisque
1142 5322 1454 5407 apostolus
1470 5320 1682 5403 doctus
1700 5321 2165 5407 fueritdivinitus

607 5320 689 5381 Od
710 5324 1124 5404 unusquisque
1142 5322 1454 5404 apostolus
1470 5320 1682 5403 doctus
1700 5320 2167 5404 fueritdivinitus

518 5393 787 5466 linguam
822 5393 1395 5466 nominatimgentis
1439 5393 1587 5464 ejus,
1643 5394 1739 5449 cui
1790 5396 2168 5466 peculiariter

518 5464 917 5523 destinandus
940 5464 1110 5521 foret.

589 5542 703 5612 (38)
756 5541 841 5595 Ita
885 5538 1361 5612 etiamdsanctus
1408 5535 1782 5610 Sophronius
1835 5537 1999 5610 apud
2050 5552 2164 5595 nos

514 5609 723 5687 Spicil.
759 5613 928 5671 Rom.
963 5613 1005 5669 t.
1037 5609 1125 5666 IV.
1156 5624 1220 5683 p.
1245 5612 1331 5666 31.

2359 4091 2458 4144 λϐ’.
2502 4094 2643 4144 Μετά
2697 4088 2756 4144 δε
2804 4097 2896 4149 τὴν
2946 4100 3153 4165 μνήμην
3208 4104 3304 4146 τῶν
3354 4103 3734 4171 προειρημένων
3763 4098 3893 4151 ἀπο-

2293 4180 2485 4234 στόλων
2527 4187 2615 4232 καὶ
2666 4180 2825 4251 ἁγίων
2875 4188 2962 4233 καὶ
3008 4185 3032 4233 ό
3082 4187 3369 4256 κατάλογος
3407 4192 3608 4256 γίνεται
3633 4196 3733 4240 τῶν
3762 4209 3890 4259 μνη.

2289 4274 2634 4341 μονευομένων
2698 4280 2906 4342 νεκρῶν,
2970 4276 3060 4323 καὶ
3117 4274 3242 4347 ύπερ
3313 4272 3378 4325 ὧν
3445 4279 3497 4327 αί
3550 4284 3888 4350 προσφοραί’

2288 4357 2396 4413 εἶτα
2442 4362 2609 4433 ἱερέων
2667 4364 2755 4411 καὶ
2806 4357 3063 4430 βασιλέων
3110 4368 3199 4414 καὶ
3255 4366 3458 4417 πάντων
3521 4366 3672 4436 ὁμου.
3728 4362 3891 4418 Οὗτοι

2289 4446 2347 4501 δὲ
2401 4445 2710 4510 σπευδοντες
2757 4448 3123 4520 ἐξομοιοῦσθαι
3176 4460 3246 4521 τῷ
3305 4460 3418 4523 Θεῷ
3468 4458 3554 4505 τόν
3611 4453 3887 4528 ἀρχιερέα,

2286 4546 2374 4591 και
2415 4540 2557 4610 ὑπὲρ,
2584 4545 2682 4588 τῶν
2740 4536 2942 4610 ἐχθρῶν
3008 4542 3262 4611 εὔχεσθαι
3294 4537 3563 4595 δικαιοῦσι
3596 4561 3608 4572 '
3650 4551 3887 4597 τοιοῦτον

2284 4630 2382 4699 γὰρ
2434 4635 2565 4679 εῖναι.
2619 4622 2699 4678 δεῖ
2752 4631 2831 4677 τόν
2892 4627 3160 4701 ἀρχιερέα,
3216 4636 3432 4701 μεσίτην
3490 4641 3623 4685 Θεου
3676 4639 3767 4687 καὶ
3802 4635 3886 4687 ἀν-

2287 4720 2522 4792 θρώπων.
2582 4713 2707 4770 Εἶτα
2764 4718 2791 4774 ἡ
2841 4716 3129 4789 ίκφῶνησις
3166 4722 3314 4791 (41)⁹
3367 4722 3448 4774 Ἐν
3496 4730 3722 4796 πρώτοις
3755 4732 3886 4797 μνήο

2288 4807 2466 4869 σθητι,
2525 4808 2698 4880 Κύριε,
2752 4813 2844 4857 τού
2914 4806 3337 4879 ἀρχιεπισκόπου
3401 4813 3545 4883 ἡμῶν
3580 4830 3592 4841 °
3827 4813 3886 4876 ἧς

2287 4891 2554 4947 δείκνυται
2616 4896 2851 4967 ύποταγὴ
2918 4898 2946 4954 ἡ
3009 4901 3138 4970 πρὸς
3188 4902 3243 4951 τὸ
3311 4901 3602 4975 ὑπερέχον
3662 4908 3753 4955 καὶ
3802 4906 3887 4957 ὅτι

2287 4987 2471 5038 τούτου
2515 4990 2963 5057 μνημονευομένου
3009 4985 3295 5060 ἀρχιερέως
3344 4996 3582 5053 κοινωνός
3632 4990 3746 5045 ἐστι
3790 5001 3886 5047 καὶ

2349 5253 2462 5323 (39)
2494 5254 2640 5309 Citat
2678 5253 2840 5310 hunc
2877 5254 3078 5311 locum
3116 5271 3187 5312 ex
3232 5273 3345 5313 ms.
3376 5258 3626 5317 Allatius
3660 5263 3887 5319 Contra

2278 5323 2701 5397 Hottingerum
2730 5340 2787 5397 p.
2832 5330 2882 5397 tt
2899 5366 2911 5377 .

2346 5394 2471 5522 (402)
2492 5398 2663 5451 Deest
2680 5394 2983 5485 mendose
3014 5398 3179 5471 apud
3210 5399 3562 5471 praedictum
3591 5402 3883 5462 Allatium

2346 5482 2427 5522 >ca
2475 5466 2642 5522 ulum
2670 5468 2999 5522 ακολουθιαν.

2274 5466 2642 5523 vocabulum
2670 5466 2999 5526 ἀκολουθίαν,

2299 5608 2311 5619 .
2347 5538 2459 5619 (41)
2484 5538 2709 5594 Laudat
2735 5539 2877 5619 bino
2906 5541 3263 5619 particulam
3291 5560 3370 5619 ex;
3392 5561 3506 5619 ms.
3529 5546 3693 5606 idem
3722 5548 3881 5606 Alla-

2274 5613 2391 5667 tius
2418 5613 2481 5665 in
2509 5624 2690 5682 opere
2722 5613 2807 5667 De
2830 5627 3140 5686 consensu,
3168 5613 3282 5671 col.
3319 5617 3452 5672 1185
