4106 6222
205 331 318 390 461
775 327 782 338 ’
1463 329 1833 389 COMMENTA

1940 333 1963 390 )
2005 333 2394 392 LITURGICA.
3484 344 3592 402 462

195 457 224 507 6
275 461 603 530 προσφέρων
631 462 724 516 τῆς
767 457 1019 524 πίστεως,
1052 455 1142 506 καί
1189 461 1283 514 τῆς
1327 450 1692 525 παραδόσεως·
1726 463 1828 508 τῶν

1940 460 2035 513 tur
2075 471 2222 527 erga
2261 458 2634 530 superiorem
2667 465 3026 532 potestatem
3063 480 3078 530 ;
3123 465 3182 520 et
3226 465 3391 536 quod
3431 465 3589 523 illius

193 551 530 620 μυστηρίων
586 541 868 616 δίαὸόχος,
929 542 1042 596 Αλλ’
1097 542 1226 613 οὐχί
1268 548 1441 603 καινὸς
1493 563 1574 606 τις
1621 548 1830 617 μύστης

196 634 229 692 ἦ
289 636 524 708 εὑρετὴς
573 651 675 685 των
747 632 866 706 παρ’
927 632 1090 683 αὑτοῦ
1147 635 1571 705 προσφερομένων
1633 633 1827 705 συμϐό-

195 723 327 774 λων⁸
394 726 548 775 Μετὰ
603 718 662 774 δὲ
715 724 812 782 τὰς
856 722 1102 781 τοιαύτας
1157 719 1468 791 ἐκφωνήσεις
1507 727 1570 778 τη
1641 717 1828 774 ὃίπτυυ

196 833 284 883 χα
309 820 426 864 τῶν
457 813 664 872 ζώντων
705 852 720 876 ,
768 807 878 862 οἷον
926 807 1214 884 ἀρχιερέων
1267 807 1547 880 βασιλέων,
1594 816 1685 862 καί
1713 811 1826 862 λοι-

415 899 758 972 ἑκρωνοῦντος
818 905 971 950 τοῦτο
1036 905 1130 950 τοῦ
1206 893 1479 962 διακόνου,
1559 898 1819 970 λέγονται·

195 995 295 1042 καί
367 991 398 1040 6
478 987 755 1060 ἀρχιερεύς
820 986 1027 1058 εἰρήνην
1091 987 1283 1045 πάσαις
1344 994 1462 1048 ταῖς
1527 985 1826 1051 ἇκκλήσίαις

198 1077 506 1148 ἐπεύχεται
561 1081 649 1128 καί
687 1081 782 1133 τὴν
832 1083 930 1128 τῶν
986 1074 1154 1126 αύτων
1200 1074 1657 1148 πλημμελημάτων
1697 1097 1825 1149 συγ-

196 1174 470 1240 χώρησιν
523 1165 729 1230 ἐξαιτεῖ·
788 1169 878 1216 καί
944 1163 1090 1224 εὐθὺς
1140 1168 1230 1216 καί
1283 1163 1430 1238 ἑτέρα
1503 1165 1636 1236 εὐχὴ
1697 1168 1823 1242 ὑπὲρ

200 1258 377 1310 αὐτοῦ
447 1260 544 1308 καί
609 1261 701 1306 τοῦ
767 1253 915 1306 λαοῦ’
986 1249 1098 1307 εἶτα
1170 1255 1302 1325 μετὰ
1375 1257 1470 1311 τὴν
1537 1253 1824 1325 ἐκφωνησιν

201 1344 564 1417 ἀναφωνεῖται
623 1345 764 1396 παοα
819 1345 996 1402 ναντὸς
1065 1349 1156 1394 τοῦ
1233 1341 1360 1394 λαοῦ
1425 1343 1456 1399 ἠ
1520 1345 1662 1416 παρὰ
1732 1351 1822 1396 τοῦ

205 1443 347 1488 Θεοῦ
401 1436 554 1505 ἡμων
586 1426 1022 1506 προδιὸαχθείσα
1050 1429 1207 1501 εὐχή.
1255 1451 1276 1480 ι
1330 1431 1500 1504 Πάτερ
1552 1433 1696 1502 ἡμῶν
1721 1434 1748 1484 6
1774 1431 1821 1485 ἓν

197 897 339 967 πῶν,

202 1531 318 1585 τοῖς
343 1524 615 1596 οὐρανοῖς.
654 1542 681 1568 ››

279 1608 392 1667 16'.
427 1611 571 1667 Αὕτη
620 1605 680 1660 δε
727 1613 816 1660 καί
865 1605 938 1660 δι’
990 1609 1133 1680 ἕτερα
1182 1611 1272 1681 μὲν
1324 1608 1486 1661 πολλὰ
1531 1615 1621 1662 καί
1669 1609 1822 1683 ἀναγ-

208 1701 340 1753 καῖα
402 1703 702 1752 τετύπωται
748 1696 970 1750 ἓνταῦθα
1018 1696 1262 1767 λέγεσθαι
1317 1697 1444 1770 ἂπερ
1493 1704 1668 1772 μονοις
1715 1707 1823 1762 τοῖς

216 1787 529 1862 δυναμένοις
583 1785 958 1838 ἀνακαλύπτειν
1015 1789 1290 1860 μυστήρια
1345 1795 1479 1839 Θεοῦ
1539 1787 1643 1840 εἰσι
1695 1796 1896 1860 γνῶ-Β

215 1895 370 1952 ριμα·
427 1879 549 1929 ὅσον
604 1872 665 1927 δὲ
713 1875 784 1934 εἰς
836 1876 922 1925 τὸν
973 1875 1221 1948 ἡμέτερον
1269 1874 1380 1931 ἣκει
1419 1883 1558 1943 νοῦν,
1620 1874 1712 1928 διὰ
1765 1881 1821 1929 τὸ

221 1969 352 2021 εἶναι
402 1971 495 2018 καί
554 1967 748 2019 ταύτην
804 1967 1134 2035 συνημμένην
1192 1971 1254 2036 τῇ
1288 1969 1580 2038 κυριωτέρα
1635 1969 1822 2041 ίεροτε-

217 2058 418 2128 λεστίᾳ,
472 2057 538 2116 ὡς
594 2057 789 2114 παντὸς
844 2056 1163 2125 περιεκτικὴ·
1219 2057 1308 2103 καί
1365 2055 1447 2104 ῖνα
1494 2059 1566 2126 μη
1625 2057 1823 2126 ἔχωσιν

225 2152 404 2218 χώραν
440 2147 566 2203 τινες
619 2142 785 2213 λέγειν
857 2142 938 2192 ὃτι
1004 2143 1201 2196 ταύτην
1266 2145 1360 2199 τὴν
1427 2143 1590 2212 εύχὴν
1657 2149 1821 2215 μόνην

235 2234 484 2286 ἐκέλευσεν
534 2232 561 2284 6
606 2233 832 2304 Χριςτὸς
873 2229 1037 2300 λέγειν
1077 2229 1237 2302 ἡμᾶς,
1287 2234 1378 2282 καί
1427 2231 1522 2282 οὐκ
1576 2232 1696 2284 ἄλλο
1747 2252 1820 2299 τι,

245 2325 411 2395 ὥσπερ
453 2321 659 2391 λέγουσι
709 2322 802 2370 καί
848 2321 898 2370 οἱ
942 2317 1204 2390 λεγόμενοι
1257 2317 1486 2390 Εύχίται
1550 2322 1820 2392 αἱρετικοί,

251 2411 338 2470 οὖς
395 2414 487 2461 καί
559 2407 944 2468 Μεσσαλιανούς
1004 2411 1095 2458 καί
1160 2403 1480 2469 ⁴ιιουνδαῐιάς
1540 2411 1822 2482 κατονομά-

250 2499 448 2559 ζουσιν’
501 2495 634 2550 οὗτοι
686 2500 786 2572 γὰρ
853 2493 1222 2554 διενίστανται,
1258 2497 1359 2565 ὃτι,
1427 2495 1522 2549 κᾶν
1578 2501 1826 2571 μυριάκις

241 2585 346 2641 εἶπε
399 2590 605 2650 ταύτην,
664 2586 820 2638 πάλιν
877 2584 1038 2642 αὐτὴν
1085 2590 1194 2657 χρὴ
1252 2583 1438 2657 λέγειν,
1470 2591 1560 2638 καί
1603 2587 1724 2639 ἄλλο
1776 2607 1826 2640 τι

231 2683 304 2750 μὴ
361 2679 716 2751 προστιθέναι,
793 2673 1140 2747 βαττολογὶαν
1217 2671 1376 2733 δῆθεν
1428 2679 1545 2736 τοὺς
1617 2677 1827 2740 λοιπούς

230 2771 418 2840 ὕμνους
480 2771 570 2817 καί
633 2768 728 2826 τὰς
795 2762 1188 2836 ἐξομολογήσεις
1254 2762 1483 2837 ἀφρόνως
1541 2768 1824 2839 κατονομάη

227 2858 419 2917 ζοντες·
479 2863 569 2906 τοῦ
600 2860 838 2926 Χριστοῦ
871 2856 972 2926 γὰρ
1019 2857 1109 2904 καί
1158 2861 1292 2905 Θεοῦ
1337 2855 1482 2926 ἡμων
1532 2857 1596 2914 ὡς
1644 2854 1691 2906 ἐν
1722 2863 1828 2917 τοῖς

225 2945 396 3004 ἄλλοις
452 2943 672 3006 ἆπασιν,
734 2941 868 2994 οὓτω
906 2944 1000 2992 κὰν
1164 2943 1296 3014 εὐχῇ
1344 2945 1507 2994 τύπον
1553 2948 1642 2994 καί
1691 2940 1829 3004 εἶδος

221 3044 322 3086 τῶν
381 3034 689 3104 αἰτημάτων
740 3031 1068 3103 ἐπφαίνοντος
1141 3036 1231 3082 καί
1299 3027 1668 3102 διδάσκοντος,
1723 3034 1828 3093 πῶς

223 3121 306 3176 δεῖ
361 3125 494 3196 ὑπὲρ
550 3130 618 3171 ὠν
657 3125 766 3194 χρὴ
817 3121 1233 3193 προσεύχεσθαι,
1292 3123 1383 3170 καί
1433 3116 1526 3172 διὰ
1579 3130 1678 3172 τῶν
1736 3129 1904 3210 τῆςϐ

221 3219 540 3287 προσευχῆς
575 3211 822 3284 ῥημάτων
871 3211 1068 3269 ταύτης
1115 3212 1207 3266 τὴν
1266 3211 1476 3266 αἴτησιν
1535 3217 1634 3261 τῶν
1689 3213 1826 3282 φθει-

220 3307 454 3374 ρομένων
508 3303 599 3350 καί
645 3306 745 3349 τῶν
801 3301 1133 3370 προσκαίρων
1191 3294 1624 3372 ἀπαγορεύοντος,
1676 3305 1829 3371 μόνον

225 3389 286 3444 δἐι
352 3394 440 3442 τὸν
499 3392 764 3440 ἐπιούσιον
830 3386 1006 3460 άρτον,
1058 3385 1150 3438 εἶτ’
1207 3383 1294 3438 οὖν
1349 3391 1444 3445 τὴν
1498 3388 1680 3439 οὐσίαν
1738 3397 1830 3440 τοῦ

227 3486 476 3552 σώματος
537 3483 933 3548 συγκρατούντα
977 3480 1066 3526 καί
1124 3480 1435 3546 συνέχοντα,
1481 3480 1610 3550 πρὸς
1655 3481 1712 3528 16
1761 3482 1830 3550 μὴ

223 3569 470 3622 παντελεῖ
519 3567 654 3638 λιμῷ
708 3562 1124 3637 διαφθείρεσθαι·
1159 3568 1283 3638 πρὸς
1341 3561 1422 3634 δε,
1489 3571 1576 3617 καί
1641 3570 1699 3617 τὸ
1756 3570 1827 3638 μὴ

226 3658 477 3712 εἰσελθεῖν
535 3657 606 3716 εἰς
661 3657 972 3729 πειρασμὸν,
1027 3652 1250 3705 ἐντεῦθεν
1315 3663 1485 3705 αιτείν
1541 3661 1828 3730 συγχωρὴ-

225 3767 442 3815 σαντος,
510 3748 576 3797 τὰ
652 3740 701 3795 δ’
773 3743 902 3794 ἄλλα
970 3744 1136 3794 πάντα
1210 3746 1552 3814 πνευματικὰ,
1606 3748 1693 3795 καί
1756 3753 1828 3814 τῷ

222 3839 416 3889 ἐκεῖθεν
467 3841 614 3886 αἰῶνι
668 3838 948 3906 πρέποντα,
990 3837 1081 3883 καί
1127 3833 1263 3884 κατὰ
1297 3837 1390 3891 τὴν
1434 3833 1624 3898 εἰκόνα,
1669 3839 1758 3885 καί
1813 3836 1902 3887 τὸν

219 3927 619 3999 νομοθετοῦντος
639 3929 821 3975 πᾶσιν.

291 4015 382 4070 λε’,
439 4013 600 4065 Αύτοὶ
631 4008 774 4063 οὗτοι
830 4013 879 4063 οἱ
936 4012 1304 4086 θεοκατάρατοι
1371 4011 1619 4083 Εῦχίταί,
1662 4015 1829 4066 οἱκαὶ

220 4109 316 4162 τὴν
347 4103 592 4166 ἐξουσίαν
620 4105 702 4153 καὶ
735 4106 828 4158 τὴν
871 4099 1045 4174 ἀρχὴν
1084 4098 1240 4152 τοῦδε
1269 4108 1361 4152 τοῦ
1408 4106 1599 4163 παντὸς
1629 4107 1828 4175 κόσμου

220 4201 294 4263 τῷ
356 4199 566 4264 πονηρῷ
594 4195 820 4262 νέμοντες
867 4189 1177 4260 ἀλογίστως,
1228 4189 1268 4240 ὠ
1314 4197 1404 4250 τῆς
1457 4188 1677 4252 ἀνοίαςῑ
1726 4197 1827 4243 πά-

226 4302 324 4334 σαν
366 4286 471 4342 ,τήν
529 4279 691 4350 εὐχὴν
733 4281 920 4338 παντὸς
970 4278 1258 4350 εὐχομένου
1301 4281 1350 4331 ἓν
1401 4282 1600 4340 τούτοις
1657 4285 1828 4352 μόνοις

224 4378 331 4430 τοῖς
383 4371 590 4444 ῥήμασι
650 4369 1081 4442 περιγράφουσιν·
1154 4365 1262 4418 ἀλλ’
1316 4369 1340 4419 6
1409 4377 1508 4420 τῶν
1569 4371 1826 4443 θεηγὸρων
1859 4409 1905 4464 D

227 4458 532 4511 ἀποστόλων
581 4461 760 4531 χορὸς,
807 4465 898 4507 καὶ
939 4457 964 4507 6
1000 4456 1108 4526 μετ’
1148 4456 1338 4517 αύτούς
1383 4465 1484 4509 τῶν
1515 4457 1676 4528 ἁγίων
1729 4463 1829 4510 Πα-

227 4553 389 4623 τὲρων
448 4545 766 4615 κατάλογος.
803 4541 1150 4605 διδάσκοντες
1220 4547 1420 4617 ὁμοίαις
1483 4549 1573 4618 μὲν
1630 4551 1827 4621 χρήσέ-

230 4657 312 4689 σιν
357 4635 635 4687 αὲταίσϐαι
679 4637 804 4696 τούς
854 4634 1185 4706 εὐχομένους,
1235 4639 1324 4686 καὶ
1352 4635 1426 4705 τῷ
1465 4635 1607 4706 αύτῷ
1653 4655 1831 4711 χαρα-

228 4734 388 4798 κτῆρι
432 4727 844 4796 προσεοικυῖαις,
891 4724 1098 4797 ῥήμασι
1149 4718 1209 4775 δὲ
1253 4722 1532 4791 πλείστοις,
1581 4730 1670 4777 καὶ
1715 4722 1832 4778 δια-

229 4820 410 4888 φόροις
463 4809 788 4884 δοξολογίαις
853 4814 938 4864 τὸν
990 4810 1184 4884 ἀγαθὸν
1249 4817 1511 4871 Δεσπότην
1575 4813 1832 4887 ἐξευμενί-

229 4906 381 4968 σθαι,
411 4901 624 4964 πολλαῖς
650 4906 742 4954 καὶ
784 4900 962 4963 ἄλλαις
1005 4901 1193 4972 εὐχαῖς
1232 4899 1470 4974 συνῆψαν
1499 4908 1588 4955 καὶ
1616 4906 1828 4962 ταύτην.

226 4999 290 5046 Τί
333 4995 436 5068 γὰρ
471 5007 488 5058 ;
530 4989 652 5042 Ὀτι
705 4996 777 5063 μὴ
833 4986 1079 5063 δακρύειν
1133 4999 1196 5063 τῇ
1249 4990 1382 5064 εύχῇ
1437 4993 1599 5065 ταύτῃ
1649 4997 1836 5068 προσέ-

230 5084 348 5134 θετο
390 5082 414 5133 6
445 5083 680 5154 Χριστὸς
719 5085 810 5132 καὶ
860 5080 1144 5147 στενάζειν,
1171 5082 1305 5132 κατὰ
1341 5087 1494 5132 τοῦτο
1539 5079 1832 5156 ἀπαγορεύ-

230 5191 300 5224 ειν
331 5175 426 5223 καὶ
455 5177 622 5222 ταῦτα
668 5175 778 5245 χρή
809 5186 824 5236 ;
859 5173 960 5222 Καὶ
1009 5178 1119 5231 πῶς
1168 5166 1335 5222 Δαυῖδ
1363 5171 1390 5222 6
1433 5174 1589 5243 μέγας
1637 5177 1834 5246 προφή-

229 5279 323 5320 της
375 5264 467 5310 καὶ
512 5258 779 5324 Βασιλεύς,
831 5257 887 5310 ἐκ
948 5262 1110 5310 ποίων
1175 5264 1380 5333 τρόπων
1435 5267 1527 5320 τῆς
1587 5266 1836 5332 μοιχείας

229 5353 321 5402 καὶ
373 5355 467 5400 τοῦ
517 5367 670 5422 φονου
722 5346 1004 5417 ἀπήλειψεν
1051 5347 1356 5420 ἐγκλήματα
1399 5365 1412 5415 ;
1472 5349 1616 5421 Οὐχὶ
1672 5349 1836 5402 λούων

233 5437 354 5490 καθ’
401 5437 628 5494 ἑκάστην
674 5439 838 5488 νύκτα
887 5441 982 5494 τὴν
1043 5435 1218 5494 κλίνην
1265 5441 1355 5489 καὶ
1411 5442 1506 5496 τήν
1566 5444 1836 5513 στρωμνὴν

237 5525 286 5580 ἄν
337 5523 622 5602 dapem;
675 5533 789 5588 Πῶς
838 5522 896 5579 δε
944 5528 994 5578 οἱ
1041 5533 1180 5601 τρεῖς
1233 5523 1421 5590 παῖδες
1465 5525 1516 5579 ἕν
1554 5531 1700 5602 μέσῳ
1745 5528 1838 5582 τοῦ

310 5653 363 5733 ξ’
392 5653 548 5716 Dan.
577 5666 662 5729 ω,
688 5654 784 5727 29,

1937 561 2121 617 quem
2179 553 2616 604 commemorat
2659 549 2927 622 episcopi
2997 553 3405 610 communicat
3423 555 3584 620 ﬁdei,

1936 633 1988 688 is
2018 635 2122 705 qui
2141 633 2332 701 offert,
2367 643 2424 692 et
2452 636 2791 694 traditionis
2830 640 3248 711 mysteriorum
3277 659 3588 701 successor

1935 727 2044 791 est,
2077 738 2199 778 non
2231 728 2434 782 autem
2459 727 2794 783 neotericus
2818 727 3070 800 quidam
3093 735 3311 800 mysta,
3347 737 3450 788 aut
3477 733 3585 790 ob-

1933 809 2194 867 latorum
2208 827 2245 866 a
2256 828 2320 868 se
2337 813 2754 884 symbolorum
2779 817 3071 874 inventor.
3089 818 3587 889 Posthujusmodi

1935 900 2459 973 proclamationes,
2487 903 2775 976 diptycha
2797 905 3090 978 vivorum,
3109 913 3256 978 puta
3271 909 3583 982 episcopo-

1933 1004 2090 1053 rum,
2122 1005 2354 1060 regum,
2385 996 2439 1047 et
2468 992 2858 1065 reliquorum,
2890 995 3048 1051 elata
3076 1011 3221 1052 voce
3251 1013 3288 1054 a
3325 997 3584 1056 diacono

1936 1078 2416 1150 pronuntiantur,
2467 1081 2787 1154 episcopus
2843 1088 3044 1140 autem
3087 1099 3303 1156 pacem
3349 1088 3585 1144 cunctis

1934 1165 2201 1222 ecclesiis
2218 1173 2515 1238 precatur,
2538 1175 2595 1225 et
2615 1175 3002 1242 peccatorum
3018 1173 3163 1245 ipsis
3183 1174 3580 1232 remissonem

1933 1254 2216 1324 postulat.
2248 1258 2311 1311 Et
2335 1256 2537 1314 statim
2557 1261 2676 1314 alia
2697 1261 2887 1316 oratio
2909 1277 3019 1332 pro
3041 1277 3102 1318 se
3123 1267 3180 1317 et
3197 1277 3308 1333 pro
3325 1264 3578 1338 populo.

1931 1343 2140 1396 Postea
2171 1343 2326 1399 elata
2373 1360 2519 1401 voce
2577 1349 2859 1403 recitatur
2908 1349 2984 1404 ab
3041 1349 3325 1405 universo
3353 1352 3580 1424 populo

1930 1429 2030 1486 illa
2081 1448 2116 1486 a
2157 1431 2385 1488 Christo
2418 1437 2536 1488 Deo
2565 1440 2770 1491 nostro
2825 1436 3049 1492 dictata
3079 1437 3304 1493 oratio:
3352 1461 3372 1489 ι
3409 1439 3583 1496 Pater

1930 1526 2131 1576 noster
2159 1521 2262 1592 qui
2292 1537 2355 1576 es
2375 1522 2436 1576 in
2457 1521 2640 1578 ccelis.
2675 1545 2702 1573 ››

2003 1612 2089 1665 34.
2127 1612 2288 1665 Hane
2308 1615 2508 1666 autem
2540 1627 2679 1666 eum
2733 1614 2812 1668 ob
2861 1612 2978 1670 alia
3037 1615 3232 1670 multa
3287 1620 3344 1671 et
3373 1615 3582 1685 gravia

1931 1699 2238 1755 decretum
2269 1705 2356 1755 est
2401 1700 2516 1756 hoc
2555 1699 2690 1757 loco
2732 1703 2987 1772 recitari,
3020 1719 3155 1775 quae
3188 1704 3330 1760 solis
3362 1709 3580 1777 myste-

1931 1787 2156 1844 riorum
2189 1789 2289 1844 Dei
2319 1791 2571 1845 consciis
2601 1795 2744 1847 nota
2774 1797 2915 1847 sunt
2943 1811 2956 1860 ;
2991 1797 3118 1847 tum
3149 1809 3287 1850 mea
3333 1793 3580 1866 quidem

1933 1879 2243 1939 sententia,
2288 1878 2433 1948 quia
2479 1877 2608 1933 haec
2665 1894 2804 1933 cum
2858 1879 3278 1950 principaliore
3329 1881 3580 1952 liturgitn

1931 1971 2099 2036 parte
2129 1965 2404 2034 cohaeret,
2446 1971 2648 2038 utpote
2675 1968 2882 2023 omnia
2912 1969 3262 2024 continens:
3289 1975 3346 2025 et
3390 1985 3463 2024 ne
3493 1970 3580 2024 in-

1932 2069 2115 2124 super
2129 2069 2343 2109 ansam
2359 2060 2642 2126 caperent
2654 2056 2902 2128 quidam
2917 2055 3176 2127 dicendi,
3209 2057 3368 2113 hanc
3389 2057 3583 2113 solam

1933 2158 1969 2198 a
1999 2141 2173 2198 nobis
2190 2142 2422 2198 recitari
2442 2143 2736 2199 Christum
2751 2143 3097 2210 mandasse,
3130 2145 3278 2200 nihil
3297 2150 3586 2218 praeterea

1933 2230 2115 2297 aliud,
2131 2235 2196 2286 ut
2210 2230 2378 2286 aiunt
2398 2232 2657 2288 Euehitas
2673 2231 3097 2305 haereticiquos
3119 2238 3177 2290 et
3193 2234 3585 2291 Massalianos

1932 2319 2372 2376 etPhundaitas
2395 2319 2719 2392 appellant.
2752 2319 2982 2393 Quippe
3000 2321 3062 2376 hi
3098 2321 3408 2394 praefracte
3427 2322 3586 2379 δῶτ-

1933 2408 2278 2480 mantquod
2290 2409 2524 2464 etiamsi
2535 2408 2730 2465 decies
2742 2409 2954 2464 millies
2967 2425 3103 2466 eam
3115 2411 3590 2479 recitaverimus,

1935 2497 2213 2553 eamdem
2231 2497 2430 2553 denuo
2446 2497 2642 2554 dicere
2659 2502 2950 2570 oporteat,
2969 2497 3236 2571 nihilque
3249 2499 3491 2568 addere,
3510 2499 3593 2556 lo-

1936 2587 2296 2659 quacitatem
2309 2603 2540 2643 meram
2553 2586 2816 2660 reliquos
2830 2587 3097 2659 hymnos
3111 2595 3168 2644 et
3183 2589 3593 2646 confessiones

1937 2676 2110 2732 stulte
2138 2676 2539 2734 nominantes.
2569 2676 2704 2732 Jam
2735 2693 2878 2733 vero
2904 2677 3171 2734 Christus
3204 2682 3356 2735 Deus
3394 2684 3598 2736 noster

1938 2765 2090 2821 sicut
2117 2765 2178 2820 in
2201 2765 2442 2837 reliquis
2486 2765 2792 2834 omnibus,
2845 2766 2930 2824 ita
2977 2767 3157 2823 etiam
3187 2766 3247 2822 in
3277 2768 3393 2823 hac
3421 2783 3596 2840 prece

1938 2859 2151 2926 typum
2181 2853 2356 2909 nobis
2381 2853 2761 2926 formamque
2791 2855 3079 2926 precandi
3105 2855 3365 2911 ostendit
3383 2871 3454 2912 ac
3488 2856 3596 2912 do-

1938 2943 2080 3012 cuit,
2107 2942 2417 3016 quomodo
2442 2959 2660 3013 nempe
2689 2959 2825 3014 quae
2853 2943 3192 2999 necessaria
3217 2947 3355 2998 sunt
3396 2947 3596 3016 petere

1939 3037 2246 3104 oporteat:
2292 3037 2348 3086 et
2397 3032 2576 3102 hujus
2624 3031 2815 3104 preeis
2871 3033 3070 3088 verbis
3120 3031 3465 3104 petitionem
3504 3048 3595 3088 re-

1937 3137 2074 3177 rum
2127 3121 2498 3175 caducarum
2539 3125 2597 3176 et
2647 3120 3072 3192 temporalium
3120 3121 3346 3187 vitare;
3395 3120 3596 3177 solum

1940 3217 2136 3284 petere
2160 3225 2378 3282 panem
2417 3209 2893 3276 substantialem,
2925 3208 3116 3278 idest,
3164 3209 3269 3280 qui
3328 3210 3596 3282 corporis

1941 3299 2341 3357 substantiam
2361 3299 2702 3354 corroboret
2718 3303 2898 3371 atque
2917 3304 3246 3364 conservet,
3265 3299 3595 3370 quominus

1939 3389 2097 3445 fame
2145 3387 2513 3454 conﬁciatur,
2567 3389 2813 3460 Insuper
2860 3402 2936 3442 ne
2981 3386 3273 3443 intremus
3303 3387 3366 3442 in
3410 3391 3594 3444 tenta-

1941 3474 2184 3537 tionem,
2241 3471 2419 3527 simul
2471 3471 2772 3543 postulare
2827 3470 3092 3527 indulsit.
3139 3471 3390 3544 Reliqua
3452 3487 3596 3529 vero

1941 3563 2146 3619 omnia
2177 3560 2482 3633 spiritalia,
2513 3565 2569 3616 et
2619 3559 2821 3616 futuro
2872 3559 3098 3616 saeculo
3151 3561 3594 3630 convenientia,

1941 3652 2276 3709 secundum
2307 3651 2566 3707 formam
2592 3655 2650 3707 et
2703 3651 3108 3707 characterem
3156 3650 3338 3721 hujus
3375 3651 3596 3708 divina

1941 3742 2228 3798 orationis
2258 3744 2566 3795 contexere
2592 3739 2878 3795 omnibus
2902 3739 3239 3810 imperavit.

1946 3838 2268 3906 χαρακτῆρα
2307 3837 2400 3891 τῆς
2466 3829 2730 3882 θεολέκτου
2778 3831 2968 3889 τώτῆς
3025 3829 3186 3899 εὐχῆς
3231 3827 3596 3900 ἐξυφαίνεσθαι

2013 4015 2102 4067 35.
2127 4013 2196 4064 At
2211 4008 2272 4062 hi
2313 4023 2349 4063 a
2371 4011 2490 4064 Deo
2511 4005 2815 4062 maledicti
2835 4005 3114 4075 Euehitae,
3139 4007 3242 4076 qui
3260 4009 3594 4076 etpotesta-

1941 4103 2057 4155 tem
2093 4102 2272 4168 atque
2301 4096 2706 4168 principatum
2734 4094 2914 4164 hujus
2941 4093 3207 4148 universi
3235 4093 3447 4149 mundi
3469 4092 3596 4150 dia-

1938 4187 2080 4244 bolo
2110 4186 2455 4242 stultissime
2481 4183 2810 4240 attribuunt
2843 4185 3035 4253 (tanta
3059 4183 3332 4254 ipsorum
3354 4182 3596 4238 insania

1937 4276 2052 4332 est!
2071 4277 2088 4344 )
2107 4291 2320 4331 omnes
2335 4273 2562 4328 orantis
2585 4287 2791 4344 preces
2805 4272 2866 4326 in
2886 4272 2982 4326 his
3009 4276 3245 4328 tantum
3261 4270 3460 4328 verbis
3483 4272 3594 4328 οἰτ-

1938 4364 2368 4422 cumserihunt.
2395 4363 2510 4420 Sed
2535 4363 2694 4418 enim
2723 4361 3147 4434 deiloquorum
3179 4362 3594 4434 apostolorum

1938 4455 2175 4516 chorus,
2215 4457 2272 4509 et
2302 4456 2436 4525 post
2459 4451 2592 4507 illos
2620 4454 2967 4508 sanctorum
2997 4452 3236 4506 Patrum
3265 4449 3466 4521 series,
3487 4449 3596 4507 etsi

1938 4544 2156 4600 docent
2199 4546 2264 4597 ut
2301 4541 2548 4614 paribus
2601 4541 2911 4596 sententiis
2957 4544 3202 4596 orantes
3257 4544 3591 4611 precentur,

1939 4633 2256 4706 eidemque
2288 4635 2496 4688 formae
2524 4629 2820 4701 analogis,
2855 4631 3052 4686 verbis
3097 4635 3297 4686 tamen
3323 4628 3597 4702 plurimis

1939 4723 2310 4794 diversisque
2335 4718 2669 4789 doxologiis
2695 4718 2927 4774 bonum
2983 4717 3304 4774 Dominum
3355 4715 3596 4788 placare

1943 4811 2202 4877 student,
2236 4815 2457 4865 etcum
2486 4807 2615 4863 aliis
2645 4807 2927 4878 precibus
2957 4806 3116 4862 hanc
3139 4819 3383 4877 quoque
3412 4819 3598 4876 copu~

1940 4901 2158 4957 larunt.
2201 4897 2355 4965 Quid
2396 4897 2605 4954 enim?
2637 4896 2788 4961 Quia
2814 4893 3138 4967 laerymari
3177 4899 3235 4949 et
3261 4907 3505 4964 gemere
3533 4893 3597 4948 in

1941 4990 2056 5046 hac
2084 4988 2351 5045 oratione
2403 5001 2526 5042 non
2568 4985 2772 5040 docuit
2809 4983 3096 5052 Christus,
3154 4997 3302 5040 num
3345 4980 3600 5055 proinde

1941 5081 2071 5136 haec
2105 5084 2307 5135 vetare
2336 5080 2571 5150 oportet
2609 5077 2638 5132 τ
2695 5073 2884 5132 David
2913 5089 3175 5144 magnus
3207 5074 3503 5146 propheta
3545 5075 3603 5129 et

1942 5185 2048 5227 rex
2063 5169 2432 5242 quibusnam
2449 5165 2648 5222 modis
2663 5163 2938 5221 adulterii
2955 5168 3011 5219 et
3024 5163 3332 5220 homicidii
3347 5161 3604 5219 erimina

1944 5257 2274 5316 abstersit?
2299 5259 2504 5312 Nonne
2541 5254 2756 5314 levans
2798 5253 3051 5324 singulis
3074 5252 3356 5309 noctibus
3377 5251 3604 5308 lectum

1945 5365 2124 5406 suum
2154 5351 2526 5418 stratumque
2555 5343 2842 5417 laerymis
2861 5344 2889 5398 τί
2919 5342 3238 5409 Quomodo
3256 5347 3376 5398 tres
3426 5339 3607 5413 pueri

1945 5438 2008 5494 in
2063 5435 2263 5494 medio
2310 5435 2448 5507 igne
2490 5451 2690 5492 rorem
2733 5434 2961 5507 experti
3005 5432 3196 5488 sunt?
3254 5434 3464 5488 Nonne
3513 5428 3608 5484 his

1947 5527 2144 5586 verbis
2171 5525 2446 5584 dicendis
2472 5541 2486 5584 :
2522 5523 2924 5592 Peccavimus,
2963 5522 3168 5595 inique
3188 5521 3422 5592 egimus
3447 5521 3497 5556 ³⁸
3523 5519 3552 5578 ?
3581 5538 3604 5571 ι

4001 875 4010 894 ι

4003 995 4012 1008 ν

4007 1837 4012 1847 ι

4027 911 4044 960 3:

4039 988 4044 1009 1

4013 1053 4044 1114 Α

4035 1145 4044 1195 1

4045 1233 4054 1240 ς

4043 1285 4054 1296 4

4045 1379 4056 1388 ο

4057 1437 4064 1444 ι

4055 1493 4062 1500 .

4037 1537 4046 1544 ο

4057 1619 4062 1626 ε

4037 1711 4050 1720 ι

4041 1805 4052 1824 ἴ

4001 127 4010 144 ι

4009 161 4020 178 ς

4003 191 4030 224 οἶ

4009 297 4046 328 ν.

4043 539 4056 556 z

3986 587 3990 598 |
4025 597 4028 600 .

4023 717 4050 734 ’ρ

4001 875 4010 894 ι

4029 939 4044 960 .1

4003 995 4012 1008 ν
