4106 6222
504 348 609 404 usa
1777 335 2132 395 THEODORI
2169 333 2589 396 ANDIDENSIS
3762 339 3882 403 ιδῃ
4080 324 4095 367 4

507 474 575 528 Et
601 486 765 528 nunc
783 469 950 527 haud
979 466 1155 527 nobis
1185 482 1253 524 os
1273 464 1503 538 aperire
1529 462 1699 521 licet:
1732 462 2068 534 ignominia
2096 465 2140 519 et

2262 465 2422 538 πυρός
2465 459 2799 540 έδροσίζοντο
2841 481 2854 531 ;
2910 469 3058 539 ουχὶ,
3088 462 3431 540 Ἣμάρτομεν,
3500 467 3875 542 ἡνομησαμεν,

18 1792 57 1835 ,οι

16 1846 53 1881 Ia

16 1904 53 1991 [V

16 2040 67 2097 ,ρ

14 2140 61 2249 ἕ

14 2268 23 2317 ἲ

14 2336 67 2365 λιί

14 2388 25 2407 ρ

506 560 901 633 Opprobrium
930 558 1069 616 facti
1096 573 1306 614 sumus
1336 555 1523 611 servis
1559 554 1696 624 tuis,
1729 557 1787 611 et
1815 552 2151 609 colentibus

505 655 593 705 te:
621 654 681 706 et
705 662 1083 722 quaecunque
1122 646 1245 703 alia
1283 642 1876 718 comprehenduntur
1903 640 2003 699 illa
2027 657 2157 698 ora-

506 738 683 794 tione.
718 742 866 794 Nam
916 736 1099 793 veluti
1137 735 1305 792 haud
1351 734 1445 790 his
1487 732 1768 798 contenti,
1815 735 2155 788 creaturam

505 827 849 883 universam
887 825 968 883 ad
1006 824 1277 898 agendas
1324 823 1547 895 gratias
1583 819 2155 892 decantandumque

507 917 844 971 Creatorem
868 913 1141 971 invitant.
1165 915 1208 969 Ν
1218 928 1319 969 um
1354 916 1411 969 et
1446 911 1576 968 haec
1591 908 1927 983 loquacitas
1957 907 2088 975 fuit,
2116 922 2153 963 o

502 1003 839 1061 Antichristi
863 1002 1158 1076 discipuli,
1187 1002 1438 1075 ejusque
1460 999 1740 1058 adventui
1777 998 2154 1070 praeeuntes?

503 1094 873 1166 nequeenim
890 1110 998 1150 vos
1014 1108 1412 1166 prmcursores
1425 1090 1580 1147 illius
1599 1087 1902 1163 appellare
1919 1086 2148 1143 dubito.

503 1183 600 1237 His
625 1199 765 1253 ergo
786 1200 823 1241 a
848 1182 1067 1243 sanctis
1110 1181 1377 1239 Patribus
1404 1179 1754 1253 compositis
1780 1176 2153 1234 orationibus

503 1274 657 1328 Deus
686 1273 1068 1345 potissimum
1097 1271 1473 1345 propitiatur,
1506 1273 1686 1341 atque
1716 1266 1795 1324 ad
1823 1265 2152 1323 misericor-

499 1359 664 1419 diam
702 1362 975 1420 flectitur.

570 1598 658 1651 36.
684 1596 805 1665 Age
834 1607 972 1649 vero
1004 1590 1083 1648 ad
1104 1589 1265 1647 hunc
1313 1587 1610 1646 sermonis
1665 1587 1867 1645 locum
1913 1585 2149 1644 delatus

496 1688 633 1755 post
669 1682 979 1739 recitatam
1008 1679 1164 1738 elata
1186 1695 1334 1736 voce
1372 1678 1729 1744 orationem,
1767 1693 1904 1750 quae
1934 1676 2152 1734 dicitur

495 1771 894 1828 inclinationis
925 1770 1155 1843 capitis,
1188 1785 1259 1825 ea
1283 1783 1418 1841 quze
1449 1768 1603 1824 ﬁunt
1650 1768 1825 1839 juxta
1871 1765 2149 1823 ecclesia—

494 1865 704 1917 sticam
738 1859 1119 1916 traditionem
1165 1857 1264 1913 hic
1301 1854 1710 1913 interserenda
1748 1871 1877 1911 esse
1918 1856 2145 1928 putavi.

495 1949 725 2004 Dictum
780 1948 942 2003 enim
990 1946 1119 2019 jam
1185 1945 1315 2015 fuit,
1401 1945 1567 2017 quod
1620 1961 1760 2001 cum
1835 1944 2150 2001 instruitur

489 2037 809 2111 prothesis,
884 2039 1259 2109 praeparatur
1349 2051 1489 2091 cum
1589 2033 1797 2090 divino
1896 2050 2147 2107 corpore

488 2127 669 2184 etiam
700 2126 1044 2183 Dominicus
1094 2124 1343 2196 sanguis
1374 2140 1412 2181 a
1458 2123 1739 2191 diacono,
1779 2124 1884 2196 qni
1934 2128 1992 2180 et
2030 2123 2146 2180 exi-

486 2232 673 2287 guam
702 2232 879 2289 aqua:
905 2219 1139 2287 partem
1179 2212 1443 2270 immittit
1481 2231 1493 2268 :
1541 2228 1734 2285 eaque
1782 2214 1866 2269 ita
1896 2216 2151 2271 manent

485 2306 861 2363 sanctificata
888 2308 945 2361 et
968 2307 1371 2360 transmutata
1391 2318 1425 2359 a
1451 2306 1660 2359 sancto
1684 2302 1922 2374 Spiritu,
1951 2317 2148 2375 usque

486 2394 566 2449 ad
596 2399 856 2466 tempus,
890 2408 1013 2465 quo
1044 2392 1305 2449 elevatur
1321 2391 1650 2464 pretiosum
1682 2390 1893 2448 Christi
1929 2407 2148 2463 corpus

485 2483 587 2538 Dei
640 2481 845 2539 nostri.
898 2484 1059 2537 Tunc
1122 2496 1261 2536 vero
1330 2479 1575 2536 affertur
1625 2496 1795 2549 aquae
1855 2479 2143 2536 ferventis

485 2586 675 2644 parva
695 2569 920 2642 phiala,
959 2585 1033 2626 ex
1071 2584 1262 2641 eaque
1300 2567 1706 2624 infunduntin
1728 2572 1950 2624 sanctae
1981 2584 2123 2625 men

483 2677 567 2716 sae
595 2658 879 2731 imposita
913 2673 1082 2728 vasa,
1139 2658 1264 2714 sive
1309 2661 1565 2713 crateres
1597 2657 1717 2712 sint
1739 2657 1861 2712 sive
1885 2656 2141 2728 pocula;

483 2754 549 2805 ut
586 2746 1102 2821 quemadmodum
1143 2745 1327 2802 ambo
1376 2748 1562 2818 (aqua
1584 2749 1642 2801 et
1670 2746 1935 2816 sanguis)
1965 2761 2038 2802 ex
2064 2746 2147 2802 vi-

482 2837 585 2895 tali
639 2837 793 2894 sacri
836 2835 1038 2892 lateris
1094 2835 1251 2891 fonte
1306 2833 1566 2890 calentes
1634 2834 2004 2906 prodierunt,
2061 2835 2147 2892 ita

482 2942 645 3000 aqua
674 2925 902 2982 fervida
935 2923 1294 2996 sumptionis
1346 2928 1613 2995 tempore
1645 2923 1886 2995 injecta,
1920 2924 2147 2997 perfec-

483 3027 611 3080 tum
623 3028 832 3096 typum
846 3021 1144 3087 absolvat,
1163 3020 1311 3076 dum
1323 3020 1838 3078 communicantes
1852 3020 2143 3093 papillam

480 3111 664 3167 veluti
713 3109 935 3179 calicis,
984 3108 1158 3181 quasi
1199 3108 1404 3181 ipsum
1435 3108 1608 3165 vitale
1641 3110 1796 3166 latus
1818 3109 2136 3180 attingunt.

482 3200 597 3258 Sed
624 3200 703 3257 ad
732 3198 1026 3257 sermonis
1063 3197 1275 3255 seriem
1304 3198 1640 3255 redeamus.

556 3384 646 3436 37.
678 3381 813 3436 Post
831 3376 1266 3451 proclamatam
1294 3377 1496 3450 itaque
1513 3376 1845 3435 orationem
1884 3393 2020 3450 quae
2051 3378 2140 3434 di-

485 3469 637 3526 citur
663 3468 1064 3524 inclinationis
1095 3466 1327 3539 capitis,
1355 3471 1413 3524 et
1440 3471 1575 3538 post
1598 3467 1867 3539 episcopi
1889 3467 2138 3538 profun-

485 3560 631 3615 dam
651 3557 1086 3623 adorationem,
1128 3557 1196 3612 ﬁt
1231 3555 1482 3612 elevatio
1509 3556 1835 3612 venerandi
1872 3557 2140 3629 corporis

490 3646 699 3705 Christi
730 3646 828 3701 Dei
859 3645 1066 3711 nostri,
1111 3647 1179 3700 ut
1219 3648 1507 3700 attestans
1537 3646 1616 3700 ait
1644 3644 1950 3711 sacerdos,
2002 3661 2139 3718 pro-

487 3734 820 3808 pemodum
844 3734 925 3791 ita
953 3733 1196 3789 dicens:
1228 3754 1255 3781 »
1280 3732 1543 3789 Exaltate
1582 3733 1901 3791 Dominum
1926 3735 2135 3801 Deum,

485 3828 760 3882 nostrum
772 3828 831 3880 et
845 3821 1092 3879 adorate
1104 3820 1433 3879 scabellum
1445 3822 1671 3894 pedum
1688 3823 1811 3894 ejus
1820 3868 1833 3892 ,
1846 3823 1990 3896 quia
2006 3840 2139 3881 san-

484 3918 615 3972 ctus
634 3917 750 3972 est:
783 3928 922 3971 ecce
935 3910 1256 3985 praedictus
1274 3916 1518 3968 sanctus
1539 3913 1825 3969 Dominus
1849 3912 2133 3971 elevatur.

486 4004 768 4078 Quisquis
810 4003 989 4073 igitur
1028 4005 1273 4059 sanctus
1304 4006 1409 4068 est,
1450 4001 1716 4059 accedat.
1750 4005 1899 4060 Nam
1930 4007 2137 4061 sancta

484 4098 724 4153 sanctos
781 4093 1012 4151 decent.
1048 4114 1077 4143 »
1119 4091 1429 4149 Auditores
1474 4108 1639 4160 vero,
1686 4093 1972 4150 humanae
2028 4109 2136 4150 na-

482 4189 632 4240 tura;
660 4183 1067 4240 inﬁrmitatem
1096 4186 1465 4255 reputantes,
1490 4181 1731 4240 dicunt:
1764 4208 1791 4236 ‹‹
1815 4186 1975 4242 Unus
2002 4199 2138 4242 san-

481 4276 613 4329 ctus
638 4271 933 4329 Dominua
971 4273 1138 4327 Jesus
1186 4270 1469 4340 Christus,
1503 4276 1748 4344 peccato
1776 4273 2024 4330 omnino
2044 4273 2135 4330 in-

483 4375 802 4419 accessas.
827 4382 858 4410 »
903 4359 1235 4432 Statimque
1279 4359 1468 4415 divini
1515 4360 1820 4432 perﬁcitur
1863 4363 2134 4434 corporis

480 4448 716 4506 divisio.
741 4447 857 4507 Sed
884 4463 1241 4521 quanquam
1260 4448 1321 4504 in
1342 4453 1541 4521 partes
1579 4448 1884 4520 scinditur,
1929 4458 2136 4510 manet

2262 550 2493 623 λέγοντες
2534 571 2547 622 ;
2584 558 2683 607 Καὶ
2734 560 2823 606 νῦν
2857 553 2951 607 οὐκ
2991 557 3130 608 ἔστιν
3169 556 3294 628 ἡμῖν
3340 554 3539 620 ἀνοῖξαι
3576 561 3634 611 τὸ
3669 562 3873 632 στόμα·

2263 640 2495 713 αἰσχύνη
2552 647 2641 695 καὶ
2698 638 2896 706 ὄνειδος
2952 642 3259 717 ἐγενήθημεν
3316 652 3425 707 τοῖς
3492 642 3695 709 δούλοις
3740 667 3873 718 σου,

2262 734 2352 782 καί
2402 738 2507 793 τοῖς
2561 731 2854 806 σεϐομένοις
2910 752 2986 787 σε·
3051 738 3139 786 καὶ
3201 736 3303 788 ὅσα
3361 743 3423 808 τῇ
3493 736 3625 810 εὐχῇ
3691 740 3869 810 ταύτῃ

2265 824 2621 874 συντέτακταιο
2674 819 2780 875 εἶτα
2826 824 2895 883 ὡς
2940 828 3012 896 μὴ
3065 822 3356 898 ἀρκούντων
3405 825 3585 888 αὐτοῖς
3639 830 3871 891 τούτων,

2261 913 2351 962 καὶ
2419 916 2593 964 πᾶσαν
2643 916 2737 971 τὴν
2796 918 2969 966 κτίσιν
3016 913 3089 974 εἰς
3147 913 3491 989 εὐχαριστίαν
3555 921 3645 969 καὶ
3703 916 3873 989 ὑμνον

2263 996 2633 1062 ἀνακαλοῦντες
2688 1008 2779 1053 τοῦ
2831 1008 3074 1060 Ποιητοῦ.
3119 1006 3204 1061 Μὴ
3238 1003 3342 1075 οἴρα
3383 1008 3473 1056 καὶ
3519 1012 3687 1056 ταῦτα
3730 1003 3873 1077 βατ-

2260 1086 2489 1160 τολογία,
2539 1085 2579 1139 ὦ
2625 1096 2714 1142 τοῦ
2776 1091 3145 1164 Ἀντιχρίστου
3202 1093 3435 1165 μαθηταὶ
3484 1097 3575 1145 καὶ
3634 1098 3873 1167 προτρέ-

2260 1195 2441 1249 χοντες
2495 1178 2649 1231 οὗτοῦ
2714 1186 3005 1253 παρουσίας
3038 1196 3051 1248 ;
3085 1180 3161 1232 0'3
3188 1183 3289 1254 γὰρ
3341 1178 3671 1257 προδρόμους
3726 1183 3873 1253 ὑμᾶς

2262 1264 2509 1340 ἓνέχομαι
2556 1267 2827 1341 ὀνομάζειν
2873 1268 3090 1324 ἐκείνου.
3143 1272 3361 1332 Τούτοις
3413 1266 3500 1323 οὖν
3551 1279 3660 1332 τοῖς
3731 1275 3871 1343 πρὸς

2259 1364 2358 1409 τῶν
2421 1356 2581 1429 ἁγίων
2643 1358 2929 1433 εἰρημένοις
2988 1362 3047 1412 τό
3115 1366 3265 1413 Θεῖον
3323 1359 3511 1432 μᾶλλον
3577 1358 3872 1423 έξιλεοῦτοιι

2260 1450 2349 1498 καὶ
2372 1450 2498 1521 πρός
2526 1449 2853 1520 συμπάθειαν
2882 1449 3200 1521 κάμπτεται.

2329 1586 2419 1650 λς’.
2468 1587 2604 1641 Ἀλλ’
2636 1585 2740 1642 ὧδε
2791 1597 2883 1643 τοῦ
2911 1589 3067 1663 λόγου
3114 1594 3403 1663 γενόμενος,
3436 1594 3567 1664 μετὰ
3612 1599 3709 1650 τῆν
3779 1590 3865 1644 ἐκ-

2261 1683 2487 1750 φώνησιν
2575 1688 2669 1740 τῆς
2781 1680 2946 1752 εὐχῆς
3037 1680 3435 1753 κεφαλοκλισίας
3530 1687 3871 1757 πραττόμενοι

2258 1770 2392 1819 κατά
2436 1765 2735 1840 παράδοσιν
2786 1768 3230 1829 έκκλησιαστικὴν
3285 1773 3611 1844 παρενθεῖναι
3660 1772 3865 1843 ᾠήθηνο

2260 1860 2462 1930 εἴρηται
2516 1860 2617 1931 γὰρ
2670 1857 2719 1911 έν
2773 1866 2833 1930 τῇ
2890 1857 3033 1932 ἀρχῇ
3086 1866 3181 1922 τῆς
3218 1862 3506 1934 προθέσεως
3543 1863 3608 1921 ὡς
3652 1860 3867 1933 ἑτοιμά-

2258 1947 2404 2006 ζεται
2460 1949 2590 2018 μετὰ
2637 1954 2728 1999 τοῦ
2782 1948 2919 2000 θείου
2990 1956 3227 2021 σώματος
3268 1955 3358 2002 καὶ
3413 1953 3472 2002 τό
3542 1954 3867 2003 Δεσποτικόν

2259 2034 2390 2109 αἷμα
2417 2041 2562 2113 ποιρά
2600 2045 2690 2090 τοῦ
2730 2034 2999 2109 διακόνου,
3046 2038 3447 2112 ἐπεμϐάλλοντος
3494 2036 3741 2099 δηλονότι
3770 2046 3866 2093 καὶ

2256 2130 2411 2200 μέρος
2464 2131 2650 2200 μικρὸν
2716 2123 2930 2189 ὓδατος·
2999 2133 3089 2181 καὶ
3152 2133 3395 2201 μένουσιν
3461 2128 3625 2191 οὓτως
3705 2129 3867 2200 ὁιγιοι⁹

2259 2216 2448 2288 ζόμινα
2499 2222 2589 2269 καὶ
2644 2218 3061 2290 μεταποιούμενοι
3105 2226 3178 2289 τῷ
3227 2217 3361 2289 ἀγιῷ
3413 2221 3674 2290 Πνεῦματι
3724 2217 3864 2292 ἄχρι

2255 2314 2349 2358 τοῦ
2404 2313 2591 2380 καιροῦ
2646 2314 2742 2367 τῆς
2801 2306 3054 2377 ὑψώσεως
3104 2315 3195 2360 τοῦ
3242 2312 3418 2380 τιμίου
3468 2314 3712 2381 σώματος
3764 2315 3863 2360 τοῦ

2257 2404 2491 2472 Χριστοῦ
2543 2400 2634 2448 καὶ
2686 2403 2819 2448 Θεοῦ
2868 2398 3032 2468 ἡμῶνο
3087 2401 3204 2450 τότε
3260 2393 3327 2457 δὴ
3379 2399 3654 2470 κομίζεται
3707 2394 3861 2470 ὓδωρ

2259 2485 2570 2557 θερμότατον
2615 2483 2686 2546 εἷς
2757 2482 3080 2558 λεϐητάριον,
3147 2490 3237 2538 καὶ
3284 2494 3528 2560 κιρνῶσιν
3583 2484 3638 2549 ἐξ
3691 2486 3862 2538 αὐτοῦ

2256 2576 2322 2626 τὰ
2366 2579 2676 2646 προκείμενα
2736 2571 2784 2625 ἐν
2841 2582 2902 2645 τῇ
2962 2573 3091 2646 ἀγίᾳ
3150 2576 3403 2649 τραπέζῃ,
3449 2578 3547 2627 εἴτε
3601 2583 3862 2649 κρατῆρες

2256 2665 2355 2714 ε’ίτε
2406 2668 2633 2735 ποτήρια
2685 2664 2800 2715 εἶεν⁶
2863 2662 2925 2714 ἶν’
2974 2665 3147 2736 ὥσπερ
3201 2666 3269 2726 ὡς
3326 2661 3381 2715 ἐκ
3438 2664 3563 2725 ζόης
3591 2665 3859 2736 προῆλθον

2254 2759 2350 2813 τῆς
2394 2752 2529 2812 θείας
2571 2750 2807 2824 πλευρᾶς,
2876 2749 3141 2825 ἀμφότερα
3212 2753 3520 2825 θερμότητος
3571 2752 3858 2827 πεπληρω-

2254 2844 2401 2913 μένα,
2457 2840 2590 2891 οῦτω
2636 2837 2700 2898 δὴ
2756 2843 2816 2892 τό
2865 2836 3010 2914 ὕδωρ
3085 2842 3395 2915 θερμότατον
3438 2839 3487 2892 ἐν
3556 2848 3630 2892 τῶ
3685 2849 3858 2915 καιρῷ

2253 2937 2343 2988 τῆς
2392 2928 2728 3001 μεταλήψεης
2781 2928 3236 3002 ἐπεμϐαλλόμενον,
3302 2929 3485 2983 nam»
3542 2933 3629 2982 τόν
3692 2934 3857 2983 τύπον

2252 3017 2541 3092 ἀναπληροῖ
2586 3026 2685 3070 τῶν
2741 3017 3233 3091 μεταλαμϐανόντων
3282 3026 3345 3077 τῆ
3416 3018 3543 3078 θηλῆ
3606 3028 3702 3071 τοῦ
3765 3039 3860 3072 πο·

2248 3112 2454 3182 τηρίου,
2508 3110 2575 3169 ὡς
2629 3107 2755 3181 αὐτῇ
2814 3116 2876 3180 τῇ
2939 3109 3268 3181 ζωοπαρόχῳ
3315 3106 3511 3182 πλευρᾲ
3558 3107 3853 3179 ψαυόντων.

2250 3196 2384 3250 Ἀλλ’
2460 3195 2546 3249 ἐπὶ
2605 3200 2697 3254 τὴν
2781 3196 3089 3250 ἀκολουθίαν
3151 3197 3243 3249 τοῦ
3319 3196 3475 3269 λόγου
3556 3195 3857 3271 ἐπαναδρά-

2247 3289 2441 3360 μωμὶν.

2317 3372 2415 3435 λζ.
2472 3376 2617 3428 Μετά
2662 3378 2755 3433 τὴν
2805 3373 3092 3446 ἑκφώνησίν
3146 3383 3234 3429 οῦν
3299 3382 3395 3438 τῆς
3444 3374 3851 3448 κεφαλοκλισίας

2246 3468 2333 3517 καὶ
2384 3470 2479 3523 τὴν
2529 3465 2833 3517 ῦπόπτωσιν
2881 3471 2973 3516 τοῦ
3004 3463 3291 3538 ἀρχιερέως
3318 3470 3519 3537 γίνεται
3574 3465 3640 3524 ῦὴ
3671 3465 3851 3537 ψωσις

2246 3561 2338 3605 τοῦ
2384 3558 2559 3625 τιμίου
2621 3558 2857 3626 σώματος
2916 3560 3008 3605 τοῦ
3056 3560 3292 3628 Χριστοῦ
3344 3559 3433 3606 καὶ
3487 3550 3620 3607 Θεοῦ
3672 3558 3846 3626 ἡμῶν.

2246 3645 2310 3703 ὡς
2402 3638 2879 3717 διαμαρτυρόμενος
2953 3641 3085 3713 λέγει
3176 3641 3203 3694 ὁ
3296 3644 3479 3717 ἱερεὺς,
3553 3650 3849 3716 μονονουχὶ

2243 3734 2439 3785 οὑτωσί
2490 3733 2700 3804 φάσκων
2744 3731 2823 3783 ὃτι
2873 3727 3052 3789 ἐπειδὴ
3103 3732 3152 3783 οἱ
3194 3739 3456 3806 προφῆται
3500 3735 3600 3805 πρό
3644 3732 3848 3784 πολλῶν

2242 3829 2421 3893 γενεῶν
2492 3820 2873 3897 προετρέψαντο
2951 3819 3199 3892 λέγοντες.
3275 3844 3295 3870 ε
3371 3820 3588 3892 ’Υφοῦτε
3651 3825 3846 3897 Κύριον

2242 3914 2328 3962 τόν
2374 3913 2502 3963 Θεὸν
2549 3912 2713 3982 ἡμῶν,
2760 3913 2849 3961 καὶ
2890 3917 3225 3983 προσκυνεῖτε
3287 3918 3359 3981 τῷ
3413 3906 3689 3981 ὑποποδίῳ
3741 3919 3847 3963 τῶν

2241 3995 2419 4052 ποδῶν
2477 3998 2655 4069 αὐτοῦ,
2728 3999 2808 4051 ὅτι
2855 3997 2998 4069 άγιός
3046 3996 3205 4050 ἐστιν’
3274 3995 3391 4051 ἰδοῦ
3445 4001 3471 4050 ό
3527 3998 3849 4073 προρρηθεὶς

2242 4088 2384 4161 ἅγιος
2433 4091 2619 4161 Κύριος
2674 4087 2921 4158 ὑψοῦται.
2963 4086 3152 4150 *Οστις
3211 4096 3299 4141 οῦν
3376 4087 3542 4161 ἅγιος,
3620 4088 3851 4163 προσελ-

2244 4181 2393 4234 θέτω.
2442 4180 2521 4231 Τὰ
2574 4179 2675 4250 γὰρ
2731 4178 2861 4247 άγια
2905 4184 3010 4239 τοῖς
3061 4176 3230 4249 ἁγίοις
3280 4182 3482 4252 πρέπει.
3548 4199 3569 4226 ι
3651 4181 3719 4230 Oi
3785 4175 3847 4232 δε

2243 4266 2517 4341 ἀκροαται,
2608 4274 2704 4329 τῆς
2792 4265 3117 4341 ἀνθρωπίνης
3208 4270 3406 4339 φύσεως
3480 4271 3539 4319 τό
3634 4265 3846 4328 ἀσθενὲς

2245 4356 2687 4430 ἀναλογιζόμενοι,
2738 4355 3001 4428 λέγουσιν’
3065 4379 3085 4407 ε
3158 4353 3241 4417 Εἷς
3301 4361 3453 4429 μόνος
3520 4356 3664 4428 οἷγιος
3734 4360 3845 4409 Κῦ-

2241 4466 2349 4521 ριος
2407 4448 2609 4507 Ἰησοῦς
2651 4449 2905 4519 Χριστός,
2963 4447 2989 4497 ὁ
3055 4448 3314 4521 ἁμαρτίας
3379 4445 3634 4506 παντελῶς
3692 4445 3845 4500 ἆνεπὶ

478 4542 683 4596 tamen
710 4514 1095 4610 impar-tibine:
1121 4541 1178 4594 et
1197 4514 1489 4593 indivisus
1526 4537 1589 4591 in
1642 4514 2012 4611 unaquaque
2050 4540 2135 4597 di-

2249 4514 2440 4596 δεκτος.
2492 4553 2521 4589 1
2585 4514 2895 4597 Καὶ-εὐθὺς
2927 4535 2953 4586 ό
3003 4514 3258 4608 μερισμός
3300 4541 3392 4586 τοῦ
3442 4536 3580 4587 θείου
3620 4533 3843 4587 τελεῖται

478 4626 744 4685 visarum
768 4628 1030 4700 partium
1060 4625 1222 4682 idem
1263 4629 1424 4682 totus
1456 4625 1613 4681 Deus
1642 4626 1828 4682 homo
1866 4627 2046 4685 etiam
2070 4631 2134 4687 in

474 4721 677 4791 partes
697 4722 912 4775 sectus.
946 4715 1067 4772 Etsi
1096 4715 1256 4771 enim
1279 4719 1336 4770 et
1362 4714 1839 4786 corruptibilitati
1884 4715 1995 4773 fuit
2030 4718 2133 4775 ob-

476 4808 694 4865 noxius
741 4823 813 4864 ac
861 4805 1059 4874 morti,
1117 4809 1383 4861 attamen
1429 4818 1570 4859 caro
1621 4804 1752 4875 ejus
1799 4803 1861 4860 in
1900 4805 2130 4864 inferno

475 4911 600 4952 non
620 4896 871 4967 agnovit
906 4893 1375 4967 corruptionem.
1416 4892 1674 4949 Elevatio
1705 4897 1908 4951 autem
1952 4912 2130 4953 vene-

474 4984 652 5040 randi
687 4984 953 5057 corporis
982 4982 1376 5041 elevationem
1413 4981 1475 5037 in
1504 4997 1742 5038 crucem
1801 4998 2129 5057 repraesen-

474 5076 579 5143 tat,
634 5071 841 5145 ibique
897 5077 1174 5139 mortem,
1240 5071 1562 5143 ipsamque
1608 5074 2126 5134 resurrectionem.

473 5163 656 5217 Porro
676 5166 734 5217 et
760 5160 1134 5233 participatio
1164 5160 1412 5217 denotat
1434 5158 1598 5216 illam
1619 5165 1754 5218 ante
1785 5162 2129 5234 passionem

473 5250 536 5307 in
556 5250 811 5323 mystico
833 5250 1108 5307 convivio
1125 5249 1506 5308 traditionem
1524 5251 1699 5322 panis
1716 5256 1772 5308 et
1787 5254 2127 5311 communis

475 5340 709 5409 calicis;
754 5340 830 5396 de
860 5355 982 5412 quo
1030 5339 1180 5395 dixit
1227 5340 1500 5396 Servator
1534 5345 1776 5398 noster:
1809 5365 1839 5395 «
1888 5345 2124 5402 Amodo

476 5443 549 5485 ex
563 5429 678 5485 hoc
694 5444 818 5486 non
838 5427 1069 5497 bibam,
1092 5427 1285 5485 donec
1323 5442 1551 5484 novum
1584 5427 1882 5487 bibiturus
1900 5449 2034 5489 sum
2060 5434 2123 5491 in

472 5533 660 5590 regno
680 5518 867 5576 Patris
888 5518 1009 5575 mei
1034 5534 1047 5583 ;
1082 5538 1110 5570 η
1132 5533 1317 5591 quem
1340 5532 1555 5590 reapse
1584 5523 1721 5592 post
1740 5522 2120 5581 resurrectio-

472 5622 615 5670 nem
636 5607 791 5669 bibit
826 5605 1179 5668 mirabiliter
1207 5610 1265 5667 et
1291 5605 1561 5668 insolite:
1601 5622 1727 5668 non
1754 5609 1916 5668 enim
1946 5611 2121 5685 quasi

2242 4630 2502 4697 σώματος.
2556 4623 2714 4677 Ἀλλά
2773 4625 2868 4676 κάν
2936 4627 3222 4696 μερίζεται,
3271 4624 3547 4695 ἀμέριστος
3600 4620 3840 4696 διαμένει

2237 4720 2327 4766 καὶ
2383 4713 2611 4786 ἄτμητος
2673 4712 2757 4784 ὑφ’
2822 4712 2893 4765 ἐνὶ
2972 4712 3172 4784 ἑκάστῳ
3234 4716 3377 4785 μέρει
3432 4716 3749 4785 τεμνομένων
3814 4713 3843 4765 ό

2238 4802 2389 4864 αὐτὸς
2431 4802 2544 4863 ὅλος
2604 4802 2922 4873 θεάνθρωπος
2990 4802 3326 4877 μεριζόμενος
3357 4820 3412 4854 τε
3458 4806 3548 4853 καὶ
3598 4803 3845 4874 εὑρισκό-

2236 4909 2403 4965 μενος·
2457 4891 2501 4944 εἰ
2540 4892 2641 4966 γὰρ
2690 4895 2779 4942 καί
2832 4891 2998 4966 φθορᾴ
3047 4892 3244 4949 ὑπέστη
3299 4896 3387 4943 καί
3433 4892 3657 4962 θανάτῳ,
3729 4890 3842 4944 ἀλλ’

2238 4984 2268 5040 ἡ
2320 4981 2453 5054 σὰρξ
2482 4980 2642 5033 αὑτοῦ
2701 4978 2749 5031 ἐν
2786 4987 2857 5050 τῷ
2886 4976 2991 5052 ᾁδη
3025 4979 3116 5032 οῦκ
3165 4976 3272 5031 εἶδε
3313 4976 3624 5053 διαφθοράν.
3657 4979 3715 5033 Ἡ
3777 4978 3843 5033 δὲ

2235 5070 2438 5142 ὕψωσις
2488 5078 2578 5123 τοῦ
2626 5074 2803 5142 τιμίου
2853 5074 3092 5142 σώματος
3147 5069 3387 5130 εἰκονίξει
3444 5073 3539 5127 τὴν
3604 5067 3689 5121 έπί
3746 5078 3843 5123 τοῦ

2237 5167 2466 5235 σταυροῦ
2518 5158 2742 5230 ὕψωσεν,
2795 5163 2885 5211 καί
2915 5161 3002 5211 τόν
3048 5157 3095 5211 έν
3127 5158 3267 5229 αὐτῷ
3320 5160 3556 5228 θάνατον,
3609 5163 3700 5211 καί
3746 5160 3842 5211 αῦ-

2233 5254 2327 5308 τὴν
2382 5253 2477 5307 τὴν
2517 5247 2823 5301 ἀνάστασιν.
2878 5246 3034 5306 Δηλοῖ
3072 5243 3132 5300 δε
3178 5252 3268 5299 καί
3325 5249 3355 5304 ἠ
3404 5246 3697 5319 μετάληψις
3740 5253 3841 5308 τὴν

2231 5343 2332 5413 πρὸ
2363 5346 2453 5391 τοῦ
2500 5340 2700 5401 πάθους
2748 5337 2831 5390 έπί
2859 5344 2951 5389 τοῦ
2990 5344 3249 5410 μυστικοῦ
3299 5332 3510 5389 δείπνου
3542 5333 3840 5409 μετάδοσιν

2228 5438 2319 5483 τοῦ
2374 5430 2533 5504 οἷρτου
2589 5433 2681 5480 καί
2726 5434 2819 5479 τοῦ
2869 5433 3044 5479 κοινοῦ
3091 5432 3367 5499 ποτηρίου·
3419 5430 3537 5498 περὶ
3581 5422 3641 5478 οὗ
3696 5424 3840 5480 εἶπεν

2229 5526 2406 5594 Σωτὴρ
2448 5520 2614 5593 ἡμῶν,
2666 5540 2695 5569 ‹‹
2747 5518 2937 5572 Οὐκέτι
2993 5516 3049 5570 ἐκ
3100 5519 3285 5571 τούτου
3325 5519 3449 5585 πίω,
3499 5517 3666 5591 οἷρχις
3712 5521 3839 5570 ὅτου

2230 5611 2405 5665 κάινόν
2452 5608 2579 5665 αὐτὸ
2627 5611 2730 5664 πίω
2778 5606 2827 5663 ἐν
2865 5614 2924 5683 τῇ
2981 5604 3229 5683 βασιλεία
3267 5612 3359 5663 τοῦ
3411 5608 3619 5681 Πατρός
3665 5626 3831 5680 μου..
