4106 6222
235 261 350 318 465
1475 257 1834 320 (ΞΟΜΜΕΝΤΛ

1945 261 1983 320 0
2023 243 2399 320 LITURGICA
3500 257 3608 314 we

237 386 265 438 6
333 386 432 438 καὶ
496 383 605 438 ἔπιε
646 383 781 458 μετὰ
845 388 940 445 τὴν
1001 385 1290 440 ἀνάστασιν
1352 385 1502 450 ξίνως
1565 389 1697 460 ὁμοῦ
1759 390 1834 440 καῖ

1965 389 2104 466 tunc
2144 403 2364 462 corpus
2401 400 2540 444 esca
2566 388 2785 458 egeret,
2840 383 2948 442 sed
2973 386 3037 442 ut
3065 379 3374 456 discipulis
3407 394 3605 437 resur-

229 481 600 547 καικπρεπῶς
628 493 641 508 ο
692 474 753 528 οὔ
797 473 902 551 γὰρ
950 478 1019 538 ὡς
1059 480 1249 549 χρείαν
1294 483 1582 535 τηνικαῦτα
1625 483 1718 529 τοῦ
1750 483 1851 530 σώ-

231 581 407 636 ματος
478 566 683 636 ἔχοντος
739 573 954 638 τροφῆς,
1027 565 1136 618 ἀλλ’
1201 566 1276 630 εἰς
1341 565 1692 641 πληροφορίαν
1751 574 1849 619 τῶν

231 653 498 725 μαθητῶν
526 661 616 715 τῆς
641 654 980 718 ἀναστάσεως
1009 657 1168 711 ἕνεκα.
1249 693 1252 696 ~

303 740 415 799 λη’.
459 745 605 796 Μετὰ
655 749 824 796 ταῦτα
871 745 901 802 ἠ
962 743 1096 816 εὐχὴ
1148 752 1242 806 τῆς
1295 745 1657 818 εὐχαριστίας,
1701 743 1846 802 καὶὴ

230 831 389 904 ἄρσις
442 839 547 883 τῶν
611 831 1050 906 καταλειφθέντων
1106 835 1252 887 θείων
1303 832 1577 906 λειψάνων,
1615 834 1729 895 ἣτις
1756 836 1850 891 τὴν

231 916 509 991 ἀνάληψιν
555 928 648 973 τοῦ
706 926 902 997 Κυρίου
953 927 1044 976 καὶ
1093 929 1227 976 Θεοῦ
1274 925 1417 995 ἡμῶν
1460 924 1845 976 ὑπαινίττεταιο

234 1007 375 1080 λέγει
429 1011 536 1084 γὰρ
580 1015 696 1063 τότε
746 1012 774 1063 6
825 1012 1006 1085 ἱερεύς⁶
1056 1030 1088 1066 ι
1135 1011 1398 1084 ’Υψὼθητι
1437 1011 1520 1065 ἐπὶ
1549 1016 1672 1073 τοὺς
1700 1015 1850 1086 οὐρα.

233 1101 378 1163 νούς,
443 1101 471 1151 6
525 1103 624 1152 Θεό
638 1120 678 1165 ς,
737 1105 828 1153 καὶ
885 1099 968 1154 ἔπι
997 1107 1171 1154 πᾶσαν
1200 1105 1294 1160 τὴν
1322 1109 1422 1174 γῆν
1451 1107 1480 1160 ἡ
1511 1098 1645 1165 δόξα
1667 1121 1782 1156 σου.
1819 1122 1848 1150 ››

231 1186 560 1260 ’Υψουμένου
614 1191 716 1262 γὰρ
770 1188 819 1242 ἒν
877 1198 940 1262 τῇ
1002 1188 1276 1260 ἀναλήψει,
1326 1191 1497 1262 ἔλεγον
1549 1193 1598 1244 οἱ
1635 1190 1848 1263 ἄγγελοι

233 1284 343 1339 τοίς
425 1275 744 1340 ἀποστόλοις
785 1295 800 1309 ⁶
871 1285 1038 1343 Οὗτος
1101 1282 1128 1332 6
1195 1280 1506 1353 ἀναληφθεὶς
1570 1278 1638 1353 ἀφ
1703 1281 1846 1353 ὑμῶν

231 1365 383 1418 πάλιν
436 1364 702 1420 ἐλεύσεται
753 1370 825 1430 ὡς
877 1375 1080 1444 κριτής.
1135 1375 1261 1424 Τότε
1310 1366 1372 1424 δὲ
1416 1377 1517 1424 πᾶν
1555 1374 1681 1442 γόνυ
1712 1372 1846 1442 κοίμ-

229 1455 317 1526 ψει
373 1455 540 1527 αὐτῷ’
574 1455 891 1531 ἐπουρανίων
946 1464 1036 1512 καὶ
1089 1458 1350 1532 ὶπιγείων,
1407 1464 1498 1512 καὶ
1551 1461 1696 1512 ἕσται
1756 1457 1842 1512 ἐπὶ

232 1549 404 1598 πᾶσαν
467 1549 566 1604 τήν
606 1555 708 1618 γῆν
758 1549 788 1606 ἠ
840 1544 971 1611 δόξα
1027 1548 1208 1602 αὑτοῦ.
1260 1549 1322 1603 Εἰ
1369 1552 1472 1623 γὰρ
1497 1553 1586 1600 καὶ
1615 1556 1702 1601 νῦν
1737 1548 1843 1601 εἰσί

235 1653 359 1694 τινες
408 1643 512 1686 τῶν
560 1641 633 1708 μὴ
692 1635 1075 1709 ὁμολογοῦντων
1127 1638 1303 1706 αὐτόν,
1358 1637 1485 1691 ἀλλὰ
1517 1657 1632 1690 τοτε
1661 1634 1839 1700 οὐδεὶς

239 1720 479 1798 ἀντερεῖ.
547 1729 676 1778 Τότε
738 1728 880 1800 γὰρ,
947 1731 1066 1785 ησὶν
1127 1728 1153 1780 ό
1221 1727 1473 1800 Θεολόγος
1533 1731 1838 1802 Γρηγόριος.

243 1815 638 1885 πιστεύσουσιν,
682 1817 802 1868 ὅταν
846 1812 1036 1869 ἴδωσιν
1089 1816 1243 1870 αὐτόν
1293 1815 1346 1880 ἐξ
1391 1817 1612 1890 οὐρανοῦ
1659 1835 1842 1889 κατορ-

245 1907 494 1975 χόμενόν,
553 1910 645 1958 καὶ
691 1908 759 1968 ὡς
815 1910 995 1980 κριτὴν
1042 1909 1402 1981 καθεζόμενον.
1459 1907 1518 1960 Ὀ
1567 1904 1627 1960 δὲ
1673 1906 1840 1960 τελευ-

253 2001 388 2056 ταῖος
445 1995 700 2067 θυμιατός
753 2000 848 2054 τὴν
897 1999 1061 2071 χάριν
1117 2005 1209 2050 τοῦ
1267 1997 1420 2070 ἁγίου
1478 1993 1636 2056 δηλοῖ
1687 1998 1844 2050 Πνεύ-

257 2101 405 2155 ματος
453 2089 546 2142 τήν
594 2081 669 2137 δι’
726 2084 1101 2158 ἔμφυσὴματος
1158 2083 1401 2140 δοθεῖσαν
1458 2093 1562 2147 τοῖς
1619 2085 1842 2139 ἀποστό-

254 2170 356 2232 λοις
407 2175 530 2244 μετά
580 2177 676 2232 τὴν
729 2173 1038 2228 ἀνάστασινο
1095 2177 1125 2234 ἡ
1185 2173 1236 2228 δ’
1269 2175 1668 2248 ὁπισθάριϐωνος
1705 2175 1836 2248 εὐχὴ

266 2263 405 2312 οἰονεὶ
459 2267 674 2335 σφραγίς
739 2261 853 2316 ἐστι
917 2267 1124 2318 πάντων
1190 2273 1288 2316 τῶν
1359 2265 1682 2338 αἰτημάτων,
1750 2269 1841 2317 καὶ

273 2349 675 2420 ανακεοαλαίωσις
749 2357 970 2412 τακτικὴ
997 2395 1010 2419 ,
1091 2357 1366 2428 πρέπουσα
1439 2361 1545 2415 τοῖς
1611 2358 1840 2428 πρώτοις

275 2441 356 2489 καὶ
422 2445 727 2515 τιμιωτέροις
785 2439 1044 2514 ἐπιλόγοις
1100 2445 1231 2512 (42)·
1289 2439 1470 2502 ἐπειδὴ
1525 2462 1624 2516 γαρ
1691 2448 1840 2496 πᾶσα

272 2527 299 2582 ἡ
370 2528 472 2580 θεία
543 2531 826 2605 ἱερουργία²
902 2537 1306 2608 προηγουμένως
1380 2535 1472 2606 μεν
1546 2535 1673 2606 ὑπερ
1737 2542 1837 2586 τῶν

263 2623 697 2688 προσενεγκόντων,
759 2624 850 2674 καὶ
899 2617 971 2674 δι’
1031 2619 1121 2683 οὓς
1180 2627 1520 2694 προσήγαγον
1576 2621 1831 2675 τελεῖταιο

258 2705 417 2757 ἔπειτα
484 2703 547 2760 δε
614 2714 706 2762 καὶ
779 2711 906 2786 ὑπὲρ
973 2712 1177 2763 πάντων
1239 2719 1340 2762 τῶν
1401 2711 1834 2784 καταλειφθέντων

254 2796 372 2845 κατὰ
419 2800 578 2867 μόνην
635 2797 842 2870 εὐχήν·
902 2796 1084 2858 ἐπειδὴ
1145 2802 1247 2873 γάρ
1297 2819 1430 2863 τινες
1474 2809 1572 2854 τῶν
1622 2801 1716 2864 ἔξω
1743 2806 1835 2853 τοῦ

254 2882 620 2959 θυσιαστηρίου
695 2886 929 2940 ἑστώτων
991 2889 1064 2950 εἰς
1129 2888 1348 2962 ἀπορίαν
1412 2889 1662 2951 πολλάκις
1724 2911 1836 2962 χω-

1959 471 2279 535 rectionem
2309 491 2486 535 suam
2516 476 2815 534 suaderet.

2031 749 2118 802 38.
2161 746 2305 803 Exin
2331 747 2399 804 ﬁt
2445 745 2636 804 oratio
2666 744 2993 816 gratiarum
3037 741 3304 805 actionis,
3330 743 3388 797 et
3411 739 3610 797 subla-

1960 834 2041 891 tio
2061 835 2406 894 divinorum
2428 852 2563 910 quae
2581 835 2786 892 relicta
2808 837 2948 890 sunt
2964 833 3463 902 fragmentorum,
3481 845 3604 902 quo

1958 929 2098 981 actu
2120 926 2455 1000 assumptio
2495 923 2732 981 Domini
2766 923 2864 979 Dei
2894 921 3084 979 nostri
3125 920 3414 976 innuitur.
3442 922 3606 975 Tunc

1957 1014 2118 1070 enim
2196 1015 2374 1075 dicit:
2431 1039 2459 1066 «
2533 1013 2805 1070 Exaltare
2873 1027 3055 1085 super
3120 1009 3322 1076 cwlos,
3383 1011 3539 1064 Deus
3588 1027 3602 1078 ;

1957 1107 2014 1161 et
2050 1104 2108 1159 in
2130 1105 2411 1162 universa
2442 1109 2598 1162 terra
2627 1103 2817 1174 gloria
2837 1105 2957 1158 tua.
2981 1123 3008 1152 ››
3031 1104 3302 1172 Namque
3333 1113 3423 1168 eo,
3455 1099 3604 1156 dum

1955 1198 2384 1262 assumeretur,
2432 1193 2688 1250 exaltato
2743 1191 2985 1248 aiebant
3027 1189 3226 1260 angeli
3273 1187 3598 1260 apostolis:

1955 1283 2056 1339 Hic
2085 1282 2191 1356 qui
2220 1287 2568 1356 assumptus
2605 1285 2700 1338 est
2729 1297 2766 1338 a
2803 1279 3002 1349 vobis,
3053 1279 3137 1335 sic
3173 1277 3375 1334 denuo
3400 1275 3601 1333 veniet

1951 1375 2244 1444 tanquam
2285 1370 2494 1442 judex.
2521 1374 2685 1428 Tunc
2705 1374 2908 1427 autem
2935 1383 3116 1426 omne
3146 1381 3306 1438 genu
3332 1365 3602 1421 ﬂectetur

1952 1461 2006 1518 ei
2048 1460 2376 1517 ccelestium
2407 1465 2464 1516 et
2505 1459 2893 1524 terrestrium,
2949 1457 3174 1530 eritque
3212 1455 3274 1511 in
3315 1453 3599 1510 universa

1954 1555 2108 1608 terra
2137 1550 2324 1622 gloria
2355 1551 2503 1620 ejus.
2533 1551 2895 1621 Quanquam
2922 1546 3083 1603 enim
3109 1560 3269 1601 nunc
3294 1547 3432 1598 sunt
3446 1557 3597 1619 non-

1950 1640 2096 1696 nulli
2127 1639 2232 1712 qui
2262 1654 2401 1695 eum
2431 1654 2552 1695 non
2603 1638 2981 1703 conﬁtentur,
3023 1640 3164 1692 tunc
3187 1639 3388 1690 tamen
3417 1646 3599 1688 nemo

1949 1729 2336 1788 contradicet.
2369 1731 2531 1786 Tunc
2557 1743 2724 1796 sane,
2769 1727 2964 1800 inquit
2991 1724 3306 1795 Gregorius
3351 1721 3598 1779 Theolo-

1951 1835 2087 1892 gus,
2129 1819 2378 1876 credent
2403 1834 2542 1874 cum
2587 1833 2726 1874 eum
2762 1816 3050 1872 videbunt
3073 1813 3148 1870 de
3173 1812 3324 1869 coelo
3355 1811 3597 1868 venien-

1949 1914 2093 1978 tem,
2135 1913 2194 1965 et
2234 1907 2454 1980 judicis
2492 1922 2659 1963 more
2699 1905 3028 1961 sedentem.
3075 1905 3206 1960 lam
3253 1904 3598 1974 postremus

1953 1999 2186 2056 sutﬁtus
2218 1997 2472 2067 gratiam
2504 1995 2696 2051 sancti
2747 1994 2999 2066 Spiritus
3043 1991 3360 2063 signiﬁcat,
3409 2003 3598 2060 quam

1949 2087 2156 2145 ﬂando
2181 2085 2345 2143 dedit
2373 2083 2658 2158 apostolis
2695 2088 2833 2156 post
2870 2080 3386 2138 resurrectionem.
3424 2075 3594 2132 Deni-

1949 2193 2069 2251 que
2100 2177 2289 2233 oratio
2320 2178 2458 2246 pOst
2479 2173 2828 2240 ambonem,
2860 2169 3118 2240 sigillum
3141 2167 3322 2224 veluti
3352 2170 3440 2223 est
3467 2181 3595 2222 om-

1947 2268 2118 2324 nium
2139 2281 2412 2341 precum,
2441 2267 2498 2320 et
2534 2263 2809 2319 ordinata
2847 2258 3284 2333 recapitulatio,
3313 2273 3448 2330 quae
3473 2255 3596 2328 pri-

1947 2357 2064 2414 mis
2079 2361 2135 2413 et
2153 2356 2276 2412 uasti
2287 2353 2699 2411 mabilioribus
2713 2351 2965 2424 epilogis
3000 2349 3429 2422 aequiparatur.
3448 2348 3598 2402 Nam

1947 2446 2093 2520 quia
2114 2449 2237 2502 tota
2275 2443 2482 2500 divina
2509 2440 2769 2511 liturgia,
2810 2439 3111 2512 praecipue
3145 2452 3257 2510 pro
3305 2433 3599 2492 oﬂ‘erenti—

1947 2536 2084 2606 bus,
2144 2539 2199 2592 et
2268 2536 2512 2607 propter
2564 2547 2719 2604 quos
2775 2527 2814 2586 ii
2870 2527 3215 2586 obtulerunt
3269 2523 3595 2598 perﬁcitur,

1947 2630 2254 2700 postremo
2280 2629 2460 2696 etpro
2506 2619 2751 2692 reliquis
2797 2618 3105 2684 omnibus,
3151 2631 3275 2672 una
3311 2615 3428 2670 hac
3461 2628 3596 2668 ora-

1947 2717 2108 2772 tione
2129 2711 2460 2786 suppletur.
2499 2710 2732 2783 Quippe
2767 2708 2911 2781 quia
2930 2705 3204 2764 nonnulli
3225 2708 3390 2760 extra
3413 2701 3597 2759 altare

1947 2804 2358 2869 consistentes,
2389 2800 2450 2856 in
2495 2798 2883 2872 perplexitate
2920 2811 3079 2868 saepe
3123 2797 3440 2850 versantur
3487 2791 3594 2846 ﬂu-

1946 2896 2216 2950 ctuantes
2244 2889 2461 2948 animis
2490 2887 2877 2958 dicentesque
2901 2902 2913 2940 :
2946 2885 3205 2950 Quinam
3233 2898 3454 2953 scopus
3485 2884 3594 2948 est,

250 2979 407 3042 ροῡσι,
467 2972 929 3063 γνωσιμαχοὶξντες
989 2984 1080 3030 καὶ
1143 2978 1392 3050 λέγοντες,
1468 2983 1555 3040 Τίς
1629 2981 1732 3054 ἄρα
1807 2981 1832 3032 6

1945 2987 2002 3038 et
2031 2981 2282 3054 quinam
2323 2982 2774 3034 susurratarum
2797 2979 3021 3029 secreto
3047 2972 3125 3028 ab
3146 2971 3436 3044 episcopo
3467 2984 3598 3040 pre-

251 3065 442 3128 σκοπός,
489 3069 584 3117 καὶ
639 3070 669 3123 ἠ
716 3074 817 3118 τῶν
862 3069 1006 3140 παρὰ
1059 3075 1151 3120 τοῦ
1200 3066 1482 3142 ἀρχιερέως
1519 3068 1833 3141 ὑποψιθυρι-

249 3149 452 3222 ζομνων
507 3155 682 3227 εὐχῶν
735 3157 899 3208 ἔννοια
956 3175 1011 3209 τε
1065 3162 1156 3210 καὶ
1200 3153 1576 3230 δύναμις;καὶ
1604 3157 1830 3230 ἐφίενταί

247 3257 350 3293 τινα
376 3239 586 3301 εἴδησιν
623 3249 714 3297 καὶ
763 3247 956 3298 τούτων
1006 3245 1178 3299 λαϐεῖν
1203 3261 1218 3277 ⁶
1271 3249 1404 3298 κατά
1433 3254 1584 3300 τοῦτο
1623 3249 1672 3299 οἱ
1704 3248 1830 3300 θεῖοι

246 3334 444 3405 Ιῐατίρες
509 3335 583 3396 ὡς
648 3333 1092 3407 ἀνακεφαλαίωσιν
1156 3338 1360 3389 πάντων
1415 3323 1516 3388 τῶν
1583 3332 1618 3388 δ
1622 3339 1677 3389 ιὰ
1730 3345 1828 3389 τῶν

245 3417 398 3490 εὐχῶν
457 3421 776 3496 αἰτουμένων
835 3427 922 3477 τὸν
999 3433 1322 3499 χαρακτῆρα
1397 3428 1589 3487 ταύτης
1654 3424 1829 3485 ἐποιη-

245 3527 382 3563 σαντο
411 3553 424 3576 ,
514 3507 866 3576 διδάσκοντες
949 3517 1066 3575 τοὺς
1149 3513 1523 3578 ἐπιζητοῦντας
1595 3514 1647 3568 ἐκ
1734 3524 1827 3570 τοῦ

242 3597 528 3672 κρασπέδου
581 3605 642 3654 τό
695 3602 931 3676 ὕφασμα.
975 3607 1040 3656 Τί
1085 3600 1141 3657 δ’
1188 3603 1312 3657 ἄλλο
1355 3603 1469 3659 ἔστι
1497 3609 1554 3658 τό
1591 3605 1826 3680 λειπόμε-

241 3706 313 3738 νον
355 3689 383 3748 ἡ
435 3692 462 3742 ό
502 3697 601 3743 τοῦ
644 3693 956 3766 παρθενικοῦ
1008 3697 1250 3766 σώματος
1292 3695 1474 3757 τύπος,
1519 3696 1544 3746 6
1575 3699 1826 3769 μερισμός

243 3783 326 3837 τῆς
371 3779 610 3851 εὐλογίας
666 3785 758 3834 καὶ
821 3788 1120 3856 προσφορᾶς
1169 3783 1327 3852 (43);
1393 3781 1590 3836 κλᾶται
1645 3787 1746 3858 γὰρ
1797 3787 1824 3838 6

241 3865 399 3938 ἄρτος,
451 3865 789 3942 διατέμνεται
844 3867 904 3923 δε
958 3872 1028 3933 ὡς
1090 3869 1317 3946 ἀρρήτου
1375 3871 1606 3944 εὐλογίας
1671 3875 1826 3947 μετά-

241 3952 382 4026 his“
451 3965 562 4020 τοῖς
643 3959 1102 4032 μεταλαμϐάνουσι
1173 3964 1304 4034 μετὰ
1394 3966 1613 4024 πίστεως
1645 3979 1659 3994 ο
1737 3970 1824 4025 ὡς-

240 4045 606 4122 προσφοραφδὶ
663 4057 769 4110 τοῖς
828 4048 1107 4122 ἐνηνοχόσι
1157 4049 1360 4125 πλήρης
1417 4050 1715 4122 ἁγιωσύνης
1768 4053 1824 4107 ἐκ

240 4140 325 4184 τῶν
385 4135 552 4209 ἁγίων
618 4137 1079 4213 ἁντιπροσφέρεται
1111 4155 1125 4170 ⁶
1193 4145 1284 4192 καὶ
1349 4144 1509 4202 οὕτως
1569 4140 1668 4194 ἀπὸ
1731 4147 1822 4216 μέν

240 4229 322 4285 τῆς
360 4227 694 4298 μεταλήψεως
741 4236 834 4282 τοῦ
877 4226 1147 4302 ἄχραντον
1199 4235 1442 4303 σώματος
1495 4238 1587 4284 τοῦ
1636 4230 1690 4296 ἐξ
1719 4237 1819 4286 αὺ-

1942 3087 2082 3128 cum
2113 3084 2325 3126 sensus
2348 3082 2420 3122 ac
2448 3065 2580 3121 vis?
2611 3067 2940 3136 optantque
2961 3061 3179 3117 harum
3208 3073 3454 3132 quoque
3483 3071 3592 3112 no—

1940 3161 2132 3218 titiam
2157 3157 2460 3231 percipere
2476 3173 2494 3226 ;
2525 3158 2844 3227 propterea
2883 3149 3004 3206 divi
3035 3151 3254 3215 Patres,
3298 3151 3592 3218 tanquam

1937 3246 2491 3321 recapitulationem
2516 3241 2790 3298 omnium
2834 3254 2940 3312 per
2978 3253 3186 3310 preces
3238 3234 3590 3308 postulatio-

1937 3354 2104 3403 num,
2137 3335 2317 3393 talem
2342 3332 2524 3404 hujus
2552 3329 2839 3388 orationis
2859 3329 3117 3384 formam
3153 3325 3590 3396 excogitarunt,

1917 3425 2280 3491 .edOcentes,
2328 3426 2624 3493 tanquam
2681 3434 2754 3474 ex
2795 3416 3037 3474 ﬁmbria
3087 3418 3454 3481 contextum,
3503 3413 3591 3469 rei

1937 3517 2226 3574 curiosos.
2259 3509 2414 3578 Quid
2438 3513 2639 3567 autem
2665 3507 2964 3580 reliquum
2994 3509 3103 3573 est,
3135 3503 3252 3560 nisi
3281 3501 3590 3574 virginalis

1936 3603 2202 3678 corporis
2247 3606 2451 3673 typus,
2495 3596 2756 3654 diribitio
2799 3595 3086 3652 nimirum
3123 3592 3372 3663 eulogiae
3409 3595 3587 3664 atque

1935 3689 2306 3752 oblationis?
2349 3688 2663 3758 Frangitur
2719 3686 2880 3742 enim
2934 3685 3134 3757 panis,
3178 3681 3586 3755 dividiturque

1935 3789 2227 3856 tanquam
2283 3776 2603 3835 ineffabilis
2651 3775 2902 3845 eulogim
2932 3772 3310 3847 participatio
3342 3787 3584 3828 sumen-

1935 3873 2097 3930 tibus
2125 3887 2265 3927 cum
2295 3867 2451 3924 ﬁde:
2494 3872 2560 3923 ut
2586 3864 2811 3922 oblatio
2841 3868 3065 3932 autem,
3117 3863 3189 3918 iis
3229 3860 3335 3934 qui
3382 3860 3588 3917 attule-

1933 3966 2093 4030 runt,
2121 3959 2300 4034 plena
2351 3955 2680 4014 sanctitatis
2711 3969 2783 4009 ex
2833 3968 3008 4008 sacro
3053 3948 3581 4032 rituredbibetur.

1935 4027 2236 4124 Atque.ita
2263 4061 2300 4102 a
2332 4043 2786 4119 participatione
2813 4027 3480 4106 immaculati'corporis
3508 4052 3580 4092 ex

1936 4123 2168 4210 Virgine
2199 4135 2324 4192 nati
2357 4133 2533 4191 Chriti
2581 4131 2682 4188 Dei
2720 4129 2940 4200 nostri,
2961 4133 3014 4185 et
3054 4125 3300 4201 pretiosi
3339 4123 3578 4198 sangui-

1932 4229 2046 4299 nis,
2079 4222 2469 4283 sanctiﬁcatio
2499 4225 2556 4278 et
2580 4219 2917 4278 benedictio
2959 4216 3238 4274 ﬁdelibus
3269 4215 3578 4285 contingit.

240 4318 322 4374 τῆς
371 4319 639 4388 τεχθέντος
695 4325 928 4393 Χριστοῦ
979 4325 1071 4372 τοῦ
1118 4326 1253 4372 Θεοῦ
1304 4320 1469 4394 ἡμῶν,
1519 4325 1610 4374 καὶ
1656 4321 1748 4375 τοῦ
1792 4327 1972 4398 τιμίου
2020 4318 2258 4390 αἵματος,
2301 4314 2328 4365 6
2382 4313 2646 4385 ἁγιασμὸς
2695 4314 2785 4362 καὶ
2840 4311 2869 4368 ἡ
2927 4308 3135 4381 εὐλογία
3202 4313 3314 4369 τοῖς
3368 4313 3580 4368 πιστοῖς

240 4407 539 4473 περιγίνεται
550 4449 564 4464 .

301 4488 389 4548 λθ’.
443 4495 535 4550 Ἑν
591 4498 666 4548 ἔτι
713 4498 981 4571 προσθεὶς,
1035 4495 1178 4560 τέλος
1224 4499 1458 4557 ἐπιθήσω
1512 4505 1581 4570 τῷ
1629 4497 1765 4573 λόγῳ
1800 4521 1812 4535 ·
1847 4505 1890 4560 D

246 4575 434 4642 Ἐπειδὴ
483 4603 619 4647 τινες
665 4593 764 4637 τῶν
815 4587 1004 4661 ἱερέων,
1053 4588 1102 4639 οἱ
1147 4589 1237 4660 μὶν
1292 4591 1465 4650 πενίας
1509 4591 1769 4661 προφλσει
1800 4631 1815 4657 ,

243 4668 286 4719 οἱ
333 4665 388 4724 δι
428 4671 695 4748 ἀκορέστῳ
741 4673 1003 4748 πλεονεξία
1041 4672 1140 4729 δύο
1189 4684 1349 4730 ποιεῖν
1397 4676 1717 4754 λειτουργίας
1759 4679 1818 4732 οὗ

246 4755 512 4830 φείδονται,
564 4761 692 4816 ἀλλὰ
746 4763 1019 4838 τολμηρῶς
1077 4773 1370 4838 σταυροῦσι
1423 4771 1510 4820 τόν
1564 4771 1820 4840 Χριστὸν,

243 4851 319 4900 καὶ
363 4850 510 4915 αὖθις
549 4851 940 4928 ἀνασταυροῦσι
996 4853 1240 4918 πολλάκις
1295 4860 1385 4908 καὶ
1433 4855 1506 4928 ἐφ’
1539 4855 1610 4910 ἐνὶ
1653 4865 1820 4910 ταῦτα

246 4930 446 5006 δρῶντες
503 4943 868 5018 θυσαστηρίῳ,
931 4947 988 4997 τό
1053 4941 1476 5018 φρικωδέστατον
1533 4950 1623 4998 καὶ
1681 4948 1819 5000 κατα

243 5031 377 5080 τοῦτο
426 5027 828 5094 σπουδάζοντες
882 5031 1130 5096 πολλάκις
1179 5031 1239 5086 δὲ
1286 5039 1375 5087 καὶ
1421 5035 1557 5087 κατὰ
1605 5038 1816 5109 περιπέ-

246 5130 365 5167 τειαν
412 5117 532 5190 βίον
582 5120 612 5179 ἦ
663 5123 926 5198 ῥᾳθυμίαν
978 5121 1164 5196 ἀφιᾶσι
1217 5125 1285 5177 τὰ
1340 5119 1491 5198 δῶρα
1545 5121 1813 5193 ἁτελεστα,

465 5355 620 5440 Ηφο.
642 5353 833 5411 oratio
883 5353 1685 5440 resppndetﬂuodammodo
1710 5369 1816 5426 po-

252 5421 488 5509 smtre-mte“
503 5425 844 5509 Latinorum
889 5421 1407 5509 orationi,_Libe_ra
1436 5421 1821 5509 n.os,.qua;su-

251 5495 718 5570 πηνα-,Βοιώτιοι
737 5511 949 5570 quam
999 5501 1054 5557 S.
1086 5500 1292 5556 Petrus
1318 5495 1614 5568 Damiani;
1635 5511 1696 5554 n.
1728 5501 1814 5564 17,

253 5563 494 5634 ερρθιιαι
527 5563 952 5627 ειηῡοιίεῑηιιηι.

1998 4500 2086 4554 39.
2122 4496 2249 4552 Uno
2273 4491 2472 4550 adhuc
2494 4490 2722 4562 addito,
2743 4492 2928 4546 ﬁnem
2959 4486 3221 4544 sermoni
3238 4485 3574 4561 imponam.

1927 4582 2224 4652 Quoniam
2251 4578 2525 4636 nonnulli
2556 4577 2916 4646 sacerdotes,
2937 4576 3152 4650 partim
3182 4575 3401 4648 inopiae
3429 4590 3573 4648 prae-

1922 4678 2106 4741 textu,
2163 4671 2386 4744 partim
2427 4668 2757 4726 insatiabili
2777 4667 3052 4736 avaritia,
3088 4666 3242 4722 duas
3272 4665 3572 4722 celebrare

1923 4763 2140 4820 missas
2160 4775 2284 4817 non
2300 4758 2597 4827 dubitant,
2620 4756 3029 4830 audacterque
3063 4754 3364 4810 Christum
3386 4754 3573 4811 semel

1924 4856 1980 4909 et
2009 4851 2224 4907 iterum
2263 4847 2638 4918 cruciﬁgunt,
2679 4862 2838 4918 smpe
2876 4844 2939 4900 id
2985 4844 3046 4901 in
3077 4859 3198 4898 uno
3227 4842 3406 4899 etiam
3437 4857 3568 4916 per-

1921 4943 2167 5011 agentes
2190 4937 2382 5005 altari,
2405 4953 2533 4993 rem
2555 4934 2931 4994 tremendam
2947 4933 3060 4990 hac
3077 4947 3320 5006 quoque
3338 4932 3568 4990 ratione

1922 5032 2278 5086 attentantes
2309 5043 2323 5094 ;
2347 5041 2455 5083 nec
2475 5041 2612 5083 raro
2655 5029 2900 5099 propter
2919 5023 3050 5080 vitae
3077 5021 3348 5080 fortuitos
3369 5039 3564 5092 casus,

1920 5117 2017 5177 vel
2043 5118 2124 5178 ob
2173 5115 2624 5190 negligentiam,
2672 5113 3092 5189 imperfectum
3132 5127 3287 5186 opus
3314 5112 3566 5171 derelin-

1993 5353 2108 5424 (43)
2152 5350 2392 5434 μεθείς
2437 5351 2933 5434 Christophorum
2984 5348 3281 5434 Angelum
3311 5364 3446 5434 cap.
3478 5353 3562 5434 14ε

1923 5419 2187 5480 Armenii
2216 5419 2460 5493 quoque
2483 5438 2652 5480 more
2673 5419 3019 5480 Graecorum
3052 5419 3425 5493 dispensant,
3457 5419 3564 5474 sed

1967 5437 2187 5480 rmenu
2216 5437 2460 5551 (magna
2483 5438 2652 5480 more
2677 5437 3019 5480 Graecorum
3052 5437 3425 5493 dispensant,
3457 5437 3564 5474 seu

1967 5493 2234 5567 robucce
2285 5495 2329 5550 's
2363 5494 2732 5565 ermentatis,
2745 5493 2940 5567 azymi
2952 5498 3159 5552 tenues
3184 5491 3411 5549 formas
3425 5505 3564 5546 cum

1947 5579 2072 5639 ypo
2095 5565 2259 5638 agni.

3947 19 3976 28 .-

3947 85 3986 118 v.-

3955 123 4022 172 [.4

3947 197 3954 206 .
3997 173 4026 204 Il

4005 269 4020 286 ,ι

3949 319 4028 358 ’,ιι

3979 367 3986 376 .

4035 421 4044 432 ε

3995 783 4016 798 ’δ

3979 843 3994 866 .'

4019 1357 4028 1368 υ

4025 1383 4034 1398 ι

4021 1471 4042 1492 ¹Ι

3997 1507 4008 1516 ,
4043 1505 4046 1510 .

4005 1589 4034 1624 ’ν

4013 1645 4034 1654 ...

3947 1765 3952 1768 .
4015 1741 4028 1776 ο,

4011 1825 4026 1854 ἱ

3989 1939 4026 1986 ’ὃ

3999 2219 4006 2230 .

4003 2255 4026 2294 .‘2

4011 2373 4026 2404 ’ς

4003 2433 4014 2444 ι

3995 2555 4028 2618 κζ

4017 2669 4026 2680 ν

4015 2703 4042 2724 ε.

3993 3623 4006 3636 ι

4005 4393 4008 4402 ι

4031 3619 4044 3640 ὲ

4025 3669 4034 3680 θ

4035 3715 4040 3728 ι

4043 3733 4048 3742 ς

4037 3773 4044 3780 .

4035 3847 4042 3860 ι

4033 4113 4046 4138 Σ

4041 2904 4042 2911 η

4041 3395 4048 3408 ι

4041 3619 4044 3626 .

4043 3733 4048 3742 ς

4041 4114 4046 4138 Ε

4041 4599 4048 4608 η

4041 5198 4048 5208 ι
