4106 6222
446 235 550 289 467

446 359 735 430 quentes;
760 354 1096 427 acciditque
1115 357 1182 410 ut
1200 357 1337 426 post
1352 352 1721 410 triduumvel
1743 351 1891 408 ultra
1921 352 2098 407 etiam
2127 352 2175 405 Α

449 444 898 515 comperiantur
950 458 1121 498 sacra
1180 442 1345 498 dona
1407 442 1657 498 madore
1703 447 1804 496 aut
1855 432 2101 509 fuligine

450 530 650 602 plena,
666 531 971 603 ideoque~a
983 531 1220 586 nemine
1235 530 1746 601 possintabsumi;
1766 535 2102 602 propterea,

450 620 723 691 inquam,
756 634 997 674 necesse
1024 624 1112 673 est
1150 619 1279 673 haec
1307 618 1442 688 igne
1470 634 1846 685 consumere,
1878 623 1936 673 et
1972 618 2102 673 reli-

450 723 607 779 quos
648 707 820 763 exiis
863 708 1112 775 cineres,
1158 707 1217 762 in
1252 707 1385 763 loco
1434 706 1620 763 nobili
1665 706 1980 764 collocare.
2015 705 2105 761 Sic

451 796 611 853 enim
643 797 825 852 etiam
863 796 1068 853 relicta
1115 797 1257 868 agni
1317 796 1472 852 illius
1530 796 1741 852 veteris
1785 811 1924 851 ossa
1968 796 2105 864 igne

452 885 984 941 comburebantur.
1035 888 1236 957 Neque
1288 900 1429 940 vero
1478 885 1583 957 qui
1624 885 1751 940 haec
1781 883 2109 953 neglexerit

453 974 754 1041 sacerdos,
808 989 1022 1045 pmnas
1062 989 1099 1029 a
1146 974 1482 1030 canonibus
1513 973 1829 1045 impositas
1858 972 2103 1028 vitabit:

451 1078 719 1133 namque
744 1061 895 1131 Agui
934 1062 1123 1118 nostri
1152 1062 1299 1117 nihil
1327 1078 1449 1118 non
1470 1061 1645 1117 edule
1676 1066 1783 1126 est,
1811 1060 1958 1116 nihil
1999 1060 2107 1114 du-

455 1167 589 1206 rum
622 1157 725 1207 aut
755 1167 1021 1206 osseum.
1058 1152 1289 1223 Quippe
1310 1155 1398 1207 est
1426 1150 1950 1223 enhypostaticum
1978 1148 2113 1204 Ver-

454 1240 625 1296 bum.
652 1241 982 1313 Suscipitur
1008 1244 1209 1296 autem
1256 1240 1519 1296 Verbum
1566 1240 1645 1296 ab
1696 1240 1863 1294 omni
1908 1239 2112 1294 anima

455 1333 643 1385 semet
671 1329 852 1399 digne
880 1334 1129 1401 parante
1184 1334 1248 1384 ut
1279 1329 1354 1385 sit
1399 1327 1813 1384 habitaculum
1844 1328 1975 1397 ejus
2001 1326 2114 1382 :ad

458 1434 644 1489 quam
671 1434 795 1474 non
827 1419 1027 1490 ipsum
1060 1418 1257 1473 solum
1306 1418 1586 1483 Verbum,
1635 1417 1740 1473 sed
1789 1422 1846 1473 et
1879 1417 2114 1472 Patrem

461 1523 667 1562 secum
725 1508 873 1563 dixit
920 1523 1053 1563 esse
1102 1511 1445 1573 venturum,
1505 1522 1615 1561 nec
1667 1522 1788 1561 non
1832 1505 2114 1576 Spiritum

464 1601 763 1662 sanctum,
793 1602 849 1652 et
877 1596 1256 1652 mansionem
1285 1595 1449 1667 apud
1481 1595 1678 1667 ipsam
1720 1594 2002 1649 facturos.
2144 1625 2186 1680 Β

537 1866 628 1917 4-0.
663 1862 799 1917 Haec
820 1878 928 1935 pro
956 1867 1163 1917 nostra
1185 1860 1586 1916 imbecillitate
1615 1860 1834 1931 raptim
1855 1858 2114 1915 conscri-

468 1952 721 2023 psimus,
767 1957 1002 2021 propter
1032 1950 1341 2006 assiduam
1370 1948 1637 2019 jubentis
1695 1947 1953 2003 hominis
2006 1947 2116 2003 fer—

468 2039 882 2094 ventissimam
914 2038 1422 2110 deprecationem.
1458 2038 1566 2103 Qui
1612 2053 1753 2092 vero
1786 2036 1914 2092 ht‘ec
1943 2035 2115 2106 leget,

469 2128 743 2185 nondum
776 2128 1017 2201 plenam
1050 2144 1363 2184 sacrorum
1398 2127 1819 2200 mysteriorum
1841 2126 2119 2198 explana-

470 2220 693 2274 tionem
721 2218 835 2273 hoc
872 2218 1095 2290 scripto
1134 2218 1356 2273 factam
1378 2217 1691 2272 existimet.
1727 2216 1837 2272 Sed
1869 2216 1981 2271 hoc
2012 2216 2124 2271 sibi

471 2307 736 2362 evenisse
764 2312 953 2377 putet,
997 2322 1107 2361 ceu
1137 2306 1185 2361 si
1232 2306 1368 2377 quis
1394 2311 1663 2377 spectare
1689 2306 1935 2376 cupiens
1959 2305 2124 2360 urbis

472 2395 983 2467 pulchritudinem
1010 2395 1290 2450 eximiam
1308 2395 1767 2464 etincognitam,
1784 2394 1999 2449 ducem
2023 2394 2125 2450 ali—

472 2500 652 2555 quem
683 2484 1086 2549 nanciscatur,
1128 2499 1163 2539 a
1193 2499 1314 2554 quo
1367 2482 1799 2547 manuductus,
1834 2489 2128 2553 tanquam

474 2588 547 2626 ex
580 2570 784 2642 aliqua
842 2570 1101 2626 fenestra
1148 2571 1344 2626 videre
1384 2576 1567 2642 queat
1616 2570 1924 2625 radiorum
1974 2570 2131 2624 velut

475 2659 613 2714 inde
669 2658 992 2713 missorum
1043 2658 1239 2714 lucem
1295 2663 1476 2730 atque
1531 2657 1932 2730 splendorem,
2006 2673 2129 2713 non

477 2752 676 2801 tamen
690 2745 888 2817 ipsam
907 2753 1185 2802 naturam
1199 2745 1497 2801 bonorum
1517 2745 1633 2800 illic
1662 2746 2127 2801 reconditorum.

476 2840 624 2891 Nam
680 2840 906 2890 secreta
979 2850 1134 2899 mea,
1188 2835 1379 2901 inquit
1425 2834 1729 2897 Dominus,
1776 2834 1923 2889 mihi
1954 2835 2128 2889 meis-

420 2978 423 2983 ,
474 2941 592 2996 que
642 2925 709 2980 3°.
759 2923 1075 2991 Quomodo
1124 2928 1322 2979 autem
1375 2938 1506 2993 ego,
1567 2922 1670 2995 qui
1699 2939 1819 2977 non
1867 2922 2064 2978 solum
2093 2939 2129 2978 a

476 3017 595 3069 Deo
628 3028 721 3068 me
753 3012 1051 3082 elongavi,
1076 3013 1178 3067 sed
1207 3012 1384 3067 etiam
1409 3011 2040 3084 appropinquantibus
2078 3012 2129 3067 ei

476 3101 685 3174 procul
717 3100 961 3163 absum,
1015 3101 1269 3170 dignum
1301 3100 1529 3172 aliquid
1578 3103 1694 3155 Deo
1735 3102 1992 3169 cogitare
2030 3104 2132 3155 aut

477 3192 673 3263 eloqui
699 3206 919 3263 queam
950 3190 977 3243 ‘?
1002 3194 1275 3245 Attamen
1300 3193 1538 3259 gratum
1566 3194 1674 3256 est,
1701 3188 1997 3260 quidquid
2021 3205 2129 3261 pro

478 3280 703 3335 viribus
734 3279 815 3347 ﬁt,
852 3278 1187 3334 dummodo
1232 3278 1291 3332 id
1342 3276 1419 3332 ab
1446 3276 1601 3333 illius
1632 3276 2020 3346 dogmatibus
2051 3282 2133 3332 at-

478 3386 594 3440 que
626 3369 938 3441 praeceptis
970 3367 1134 3424 haud
1168 3365 1437 3421 videatur
1476 3365 1805 3421 discedere.
1870 3365 2040 3431 Quod
2084 3366 2130 3420 si

479 3458 615 3529 quis
658 3458 795 3513 utile
824 3456 1051 3527 aliquid
1076 3456 1133 3510 in
1158 3456 1251 3510 bis
1312 3455 1543 3525 scriptis
1598 3454 2031 3526 deprehendet,
2083 3455 2132 3510 is

480 3562 589 3618 pro
614 3563 706 3601 me
738 3546 842 3617 qui
870 3545 1197 3611 elaboravi,
1251 3559 1489 3615 precem
1556 3559 1664 3614 pro
1724 3543 1896 3598 venia
1943 3544 2131 3616 impe-

483 3635 698 3689 tranda
749 3638 865 3689 Deo
925 3634 1155 3701 offerat,
1202 3638 1536 3688 erratorum
1594 3640 1865 3687 meorum
1926 3649 2129 3689 causa.

486 3723 706 3778 Deinde
728 3724 905 3777 etiam
927 3722 1252 3790 gratiarum
1288 3720 1604 3790 actionem,
1640 3721 2136 3794 proptereaquod

484 3812 577 3867 ille
606 3812 752 3866 solet
802 3828 904 3866 eos
933 3810 1269 3865 illuminare
1302 3825 1337 3864 a
1370 3808 1676 3863 montibus
1716 3811 1975 3873 aeternis,
2033 3811 2137 3881 qui

487 3901 651 3971 digni
699 3900 878 3956 habiti
932 3901 1147 3955 iuerint
1207 3898 1678 3953 intellectualiter
1722 3898 2132 3970 contemplari.

487 3993 637 4056 Quia
678 3993 879 4062 ipsum
903 3990 1073 4045 decet
1101 3989 1297 4043 omnis
1334 3987 1540 4055 gloria,
1593 3987 1806 4057 honor,
1841 3994 1896 4042 et
1926 3988 2137 4043 adora-

486 4082 589 4145 tio,
650 4085 875 4137 Patrem
918 4079 1160 4139 scilicet,
1204 4083 1259 4133 et
1320 4077 1546 4145 Filium,
1578 4081 1634 4132 et
1675 4084 1950 4131 sanctum
2012 4078 2136 4149 Spi-

486 4171 688 4231 ritum,
742 4185 904 4225 nunc
934 4174 990 4224 et
1042 4156 1279 4239 semper
1305 4171 1360 4221 et
1382 4182 1486 4239 per
1508 4165 1725 4222 saecula
1758 4164 2135 4222 saeculorum.

489 4264 701 4311 Amen.

2160 2895 2200 2949 C

568 4382 614 4415 ³ο
653 4382 923 4435 lsa.xx1v
958 4384 1035 4434 t6.

569 4506 683 4577 (lli)
715 4505 804 4560 Sic
835 4503 1083 4577 omnino
1116 4500 1345 4577 solebat
1391 4502 1446 4554 S.
1494 4504 1695 4577 Petrus
1739 4501 2005 4577 Damiani
2040 4519 2138 4575 op.

501 4578 597 4632 cit.
624 4572 685 4632 η’.
736 4579 785 4631 4.
836 4576 961 4645 Ego
995 4573 1153 4644 quod
1188 4574 1489 4627 residuum
1525 4579 1630 4640 est,
1666 4575 1790 4641 igne
1817 4572 2095 4629 comburo
2125 4590 2138 4628 :

1720 226 2075 285 THEODORI
2111 226 2535 284 ANDIDENSIS

3712 223 3840 278 488

2214 360 2303 405 καὶ
2371 351 2642 425 συμϐαίνει
2703 354 2834 424 μετὰ
2892 346 3244 425 παραδρομὴν
3310 352 3514 424 ἡμερῶν
3569 356 3733 422 τριῶν
3796 351 3832 404 ἑ

2214 448 2303 495 καὶ
2367 442 2609 494 πλειόνων
2676 443 2946 513 εὑρεθῆναι
3011 447 3177 491 ταῦτα
3241 438 3617 511 πεπληρωμένα
3682 442 3838 488 νοτίο

2216 528 2309 592 do;
2350 535 2439 582 καὶ
2485 529 2709 601 λιγνύος,
2759 534 2848 580 καὶ
2894 525 2985 580 διὰ
3014 536 3165 580 τούτο
3197 524 3474 593 ἀδύνατον,
3507 530 3622 577 τινα
3650 544 3841 598 προσ-

2216 622 2388 686 ἐσθαι,
2437 616 2551 671 δέον
2610 617 2725 669 ἐστὲ
2781 626 2946 669 ταῦτα
2990 622 3118 691 πυρὶ
3163 616 3487 674 ἀναλωθῆναι
3537 619 3667 681 (44),
3732 622 3839 666 καὶ

2214 712 2309 765 τὴν
2379 706 2433 758 ἐκ
2498 709 2692 758 τούτων
2760 704 3186 777 καταλειφθεῖσαν
3246 700 3444 757 σποδὸν
3478 746 3492 772 ,
3560 701 3607 754 έν
3673 708 3835 772 τόπῳ

2217 794 2459 866 ἐπισήμῳ
2521 796 2883 865 ἐγκαταθεῑναι
2916 811 2927 822 ·
3006 794 3140 844 οὕτω
3202 795 3304 866 γὰρ
3370 797 3459 843 καὶ
3522 795 3588 843 τὰ
3652 808 3832 842 κατα-

2217 882 2483 955 λειφθέντα
2526 882 2661 935 ὀστα
2707 890 2798 934 τοῦ
2830 880 2992 954 ἀμνοῦ
3042 882 3233 935 ἐκείνου
3282 889 3373 933 τοῦ
3420 880 3643 932 παλαιοῦ
3690 882 3835 951 πυρὶ

2219 977 2551 1024 κατεκαίοντο
2584 989 2597 1001 ·
2657 971 2716 1023 ού
2769 976 2872 1044 μὴν
2921 972 2945 1022 ό
2994 978 3158 1023 ταῦτα
3204 970 3591 1041 καταλιμπάνω
3633 971 3831 1035 ἱερεύς,

2220 1070 2319 1113 τῶν
2368 1061 2421 1113 ἐκ
2464 1068 2563 1112 τῶν
2611 1066 2832 1113 κανόνων
2886 1062 3193 1134 όρισθέντων
3271 1060 3539 1130 ἐπιτιμίων
3616 1056 3830 1109 ἐλεύθε-

2221 1169 2303 1223 ρος
2356 1152 2541 1201 ἔσται·
2600 1152 2682 1201 ότι
2733 1168 2823 1223 περ
2882 1157 2971 1200 τοῦ
3035 1151 3284 1222 ἡμετέρου
3343 1147 3535 1219 Ἀμνοῦ
3584 1145 3834 1219 ἄϐρωτον

2222 1235 2374 1291 ούὸεν
2430 1235 2554 1291 οὐδὲ
2615 1243 2790 1312 τραχὺ
2840 1243 2926 1289 καὶ
2986 1234 3248 1297 όστὼδες’
3283 1238 3363 1288 ὅτι
3401 1240 3491 1287 καὶ
3528 1240 3695 1305 Λόγος
3719 1234 3836 1285 ἐνυ-

2224 1332 2481 1387 πόστατος
2537 1328 2688 1389 οὗτος
2721 1346 2733 1359 ·
2794 1347 2880 1379 και
2936 1332 3181 1399 χωρητός
3237 1326 3377 1378 ἐστιν
3436 1326 3461 1376 ό
3519 1329 3689 1395 Λόγος
3758 1324 3834 1383 εἰς

2224 1422 2399 1468 πᾶσαν
2471 1416 2657 1487 ψυχὴν
2733 1421 2825 1473 τὴν
2893 1414 3044 1478 ἀξίως
3111 1416 3462 1487 ἐτοιμοὲσασαν
3516 1413 3705 1470 ἑαυτὴν
3760 1411 3831 1472 εἰς

2225 1509 2495 1557 κατοικίαν
2561 1506 2762 1557 αὐτοῦ’
2828 1508 2957 1576 πρὸς
3019 1506 3079 1562 ἣν
3144 1503 3238 1557 οὐκ
3284 1504 3437 1564 αὐτὸς
3473 1507 3648 1574 μόνος,
3696 1499 3834 1551 ἀλλὰ

2225 1598 2314 1645 καὶ
2359 1597 2444 1645 τὸν
2494 1599 2701 1667 Πατέρα
2753 1596 2910 1665 ἔφυσε
2964 1597 3057 1644 σύν
3110 1593 3251 1663 αύτῷ
3302 1592 3604 1645 ἂεύσεσθαι
3630 1594 3722 1641 καὶ
3769 1592 3831 1640 τὸ

2228 1689 2436 1754 Πνεῦμα
2496 1686 2555 1735 τό
2629 1683 2797 1753 ἅγιον,

2228 1774 2435 1826 σεσθαι.

2297 1882 2335 1933 μ
2361 1906 2372 1917 .

2228 1946 2623 2021 ἑσχεδίασται,
2683 1947 2778 2002 διὰ
2841 1954 2934 2006 τὴν
3013 1950 3250 2021 ἐπίμονον
3317 1956 3407 1999 τού
3475 1946 3833 2017 ἐντειλαμένου

2873 1687 2964 1734 καὶ
3044 1687 3203 1754 μονὴν
3265 1684 3391 1754 παρ’
3455 1681 3596 1750 αὐτῷ
3670 1684 3834 1733 1:011}-

2455 1868 2633 1914 Ταῦτα
2705 1865 2794 1932 μεν
2869 1863 3005 1913 κατὰ
3078 1864 3172 1918 τὴν
3238 1862 3487 1931 ἡμετέραν
3554 1855 3833 1909 ἀσθένειαν

2231 2035 2417 2111 ἀνδρὸς
2485 2042 2804 2111 θερμοτάτην
2874 2037 3127 2101 ἀξίωσινο
3196 2040 3222 2089 ό
3279 2033 3339 2089 δέ
3386 2055 3445 2107 γε
3490 2040 3694 2097 τούτοις
3756 2038 3834 2086 ὲν-

2229 2130 2506 2198 τυγχάνων
2538 2171 2553 2197 ,
2630 2134 2787 2200 μήπω
2862 2130 3035 2187 πάσης
3109 2127 3400 2196 εξηγήσεως
3461 2133 3560 2176 τὼν
3625 2132 3839 2176 σεπτῶν

2233 2223 2534 2289 μυστηρίων
2627 2220 2676 2269 ὲν
2765 2220 2969 2278 τούτοις
3042 2216 3301 2268 τελεῖσθαι
3373 2220 3562 2286 νομίσῃ
3606 2228 3618 2242 ”
3701 2212 3845 2263 ἀλλὰ

3466 2307 3535 2363 ὡς
3599 2304 3685 2355 ne»
3748 2320 3845 2362 τις

2765 2220 2969 2278 τούτοις
3042 2216 3301 2268 τελεῖσθαι
3373 2220 3562 2286 νομίσῃ
3606 2228 3618 2242 ”

2235 2310 2453 2376 τοιούτῳ
2527 2311 2626 2357 τινὶ
2699 2306 2886 2358 οἰέσθω
2946 2306 3344 2375 ἐντετυχηκέναι
3379 2346 3393 2369 ,

2236 2404 2333 2447 τῶν
2408 2397 2701 2446 ποθούντων
2770 2392 2898 2446 ἰδεῖν
2963 2393 3122 2451 κάλλη
3192 2393 3376 2453 πόλεως
3442 2394 3673 2462 ὑπερφυῆ
3741 2396 3845 2441 καὶ

2239 2485 2451 2549 ἀθέατα,
2497 2487 2657 2555 τύχοι
2705 2488 2842 2545 τινὸς
2881 2480 3214 2554 όδηγοῦντος,
3263 2481 3346 2553 ὑφ’
3378 2478 3437 2534 οὗ
3468 2482 3845 2555 χειραγωγοώο

2239 2592 2402 2644 μενος,
2461 2575 2531 2634 ὡς
2588 2569 2680 2624 δια
2728 2592 2865 2633 τινος
2923 2569 3139 2646 θυρίδος
3194 2572 3410 2643 ἰσχύσει
3458 2566 3692 2621 κατιδεῖν
3739 2572 3847 2624 τὴν

2241 2661 2426 2713 ἐκεῖθεν
2486 2661 2877 2734 ἐκπεμπομένων
2939 2660 3157 2713 ἀκτινων
3222 2660 3407 2730 αἴγλην
3476 2678 3528 2711 τε
3571 2659 3661 2710 καί
3704 2658 3845 2727 λαμ-

2239 2756 2476 2824 πρότητα
2506 2773 2517 2783 ο
2577 2752 2633 2802 ού
2687 2756 2787 2811 μὴν
2818 2755 2979 2808 αύτὴν
3035 2756 3127 2808 τὴν
3179 2754 3331 2821 φύσιν
3375 2760 3474 2800 τῶν
3524 2744 3667 2800 ἔνδον
3710 2745 3843 2798 απο-

2240 2844 2479 2912 κειμένων
2536 2839 2761 2910 ἀγαθῶν.
2817 2844 2892 2892 Τὰ
2948 2842 3050 2912 γὰρ
3106 2842 3376 2911 μυστήρια
3433 2858 3553 2910 μου,
3602 2856 3761 2908 φησιν
3816 2836 3844 2885 ὁ

2244 2934 2470 3004 Κύριος,
2527 2930 2639 3001 ἐμοὶ
2690 2930 2780 2979 καί
2836 2937 2939 2989 τοῖς
3006 2933 3163 2999 εμοίς.
3226 2935 3340 2989 Πῶς
3372 2925 3428 2979 δὲ
3459 2932 3614 2987 αὐτὸς
3646 2926 3769 2995 ἐγω,
3814 2927 3844 2976 ὁ

2241 3028 2310 3091 μη
2383 3024 2534 3090 μόνον
2593 3018 2646 3080 ἐξ
2707 3018 2867 3069 αὐτοῦ
2923 3020 3189 3091 μακρύνας
3248 3017 3488 3088 ἐμαυτόν,
3554 3014 3683 3066 ἀλλὰ
3750 3013 3845 3064 καί

2239 3118 2338 3160 τῶν
2408 3107 2719 3177 ἐγγιζόντων
2786 3108 2926 3177 αὐτῷ
2992 3110 3195 3179 μακρὰν
3257 3106 3643 3177 ἀπεσχισμένος
3677 3145 3692 3160 .
3759 3104 3847 3156 ἐπι

2243 3198 2385 3261 άξιόν
2445 3217 2496 3248 τι
2564 3206 2661 3248 τῶν
2720 3196 2910 3249 ἐκείνου
2965 3205 3156 3255 νοῆσαι
3213 3196 3240 3254 ἢ
3299 3195 3621 3267 φθέγξασθαι
3678 3190 3845 3251 δυνη-

2246 3291 2429 3355 θείηνς
2490 3286 2622 3340 Ἀλλ’
2671 3288 2809 3358 ὅμως
2867 3286 3008 3358 φίλον
3066 3285 3284 3357 κάκείνῳ
3332 3289 3390 3337 τὸ
3427 3288 3562 3336 κατὰ
3594 3281 3843 3356 δύναμιν,

2244 3379 2287 3431 εἰ
2363 3382 2515 3449 μόνον
2591 3381 2663 3448 μὴ
2742 3375 2919 3450 πόρρω
2986 3385 3083 3427 των
3154 3375 3345 3427 ἐκείνου
3413 3371 3694 3445 δογμάτων
3759 3375 3849 3425 καὶ

2245 3466 2454 3519 ἐντολῶν
2510 3469 2583 3523 εἴη
2649 3468 2705 3516 τό
2767 3467 3145 3538 θεωρούμενον·
3205 3465 3246 3516 εἰ
3294 3461 3353 3516 δέ
3404 3483 3479 3523 τις
3528 3464 3843 3537 ὀνησιφόρον

2245 3577 2296 3609 τι
2372 3557 2510 3628 εὖροι
2580 3563 2684 3615 τοῖς
2747 3559 3145 3627 γεγραμμένοις,
3216 3556 3341 3626 ὑπερ
3405 3556 3528 3624 ἐμοῦ
3594 3556 3687 3623 μιν
3752 3560 3845 3603 τοῦ

2244 3650 2632 3705 πεπονηκότος,
2708 3643 2872 3715 εὐχὴν
2952 3647 3344 3716 συγχωρήσεως
3429 3648 3535 3712 Θεῷ
3596 3639 3845 3693 αποδοτω

2246 3744 2344 3785 των
2405 3738 2756 3804 ἐπταισμένων
2833 3752 2921 3804 μοι
2994 3735 3136 3785 ἕνεκα
3172 3749 3182 3759 ·
3253 3735 3429 3784 ἔπειτα
3490 3727 3548 3783 δι
3612 3732 3705 3781 καὶ
3768 3731 3846 3783 εὐ-

2246 3829 2551 3895 χαριστίαν,
2598 3822 2705 3873 ανθ’
2749 3820 2816 3873 ὧν
2855 3823 3043 3874 ἄνωθεν
3094 3823 3237 3874 εἴωθε
3275 3821 3512 3892 φωτίζειν
3544 3819 3643 3870 ἀπὸ
3689 3823 3846 3893 ὁρέων

2248 3915 2487 3977 αἰωνίων,
2549 3914 2668 3973 τούς
2731 3920 2915 3985 νοερώς
2982 3909 3290 3972 ἀξιωθέντας
3352 3911 3493 3981 όρᾴν·
3560 3911 3637 3959 ὅτι
3709 3910 3849 3976 αὐτῷ

2247 4006 2427 4074 πρέπει
2484 4007 2630 4051 πᾶσα
2686 3997 2833 4069 δόξα,
2887 4005 3032 4070 τιμὴ,
3087 3999 3176 4049 καί
3230 4002 3589 4072 προσκύνησις
3641 4007 3715 4067 τῷ
3744 4004 3847 4049 Ila-

2247 4089 2332 4162 τρὶ
2374 4090 2464 4140 καί
2513 4098 2584 4139 τω
2629 4090 2730 4159 Υιῴ
2773 4088 2862 4138 καί
2914 4098 2985 4158 τῷ
3034 4090 3167 4159 αγίῳ
3219 4091 3494 4159 ΙΙνεύματι,
3529 4095 3616 4138 νύν
3645 4086 3737 4137 καί
3772 4085 3852 4137 ἀεὶ

2248 4178 2338 4230 καὶ
2368 4179 2438 4240 εἰς
2455 4182 2576 4239 τοὺς
2606 4178 2793 4239 αἰῶνας
2811 4186 2907 4229 τῶν
2934 4178 3149 4229 αὶωνων.
3184 4176 3374 4249 Ἀμήν,

2251 4520 2389 4559 nam
2418 4505 2657 4560 credere
2683 4503 2991 4573 jubemm',
3039 4504 3403 4571 distinguere
3438 4501 3852 4571 prohibemur.

2253 4575 2394 4631 Vide
2422 4575 2503 4630 ibi
2531 4582 2742 4630 caetera
2767 4591 2902 4647 quae
2940 4582 3079 4629 sunt
3112 4574 3419 4645 praeclara.
