4106 6222
497 229 598 287 471
1679 226 2029 286 MANUELIS
2067 226 2287 285 MAGNI
2323 226 2666 284 BHETORIS

3766 222 3908 277 472

517 352 3893 378 W

1399 496 1996 587 ΑΠΟΛΟΓΙΑ
2057 498 2255 585 ΚΑΙ
2316 495 2947 584 ΑΝΑΤΡΟΠΗ

1898 662 2032 710 ΤΩΝ
2076 660 2466 710 ΚΕΦΑΛΑΙΩΝ

1257 822 1534 936 ΤΟΥ
1612 823 2004 937 φΡΑΡ
2084 818 3105 935 ΦΡΑΤΖΗΣΚΟΥ

1414 1091 2017 1185 APOLOGIA
2075 1095 2221 1186 ET
2293 1093 2962 1186 BEFUTATIO

2035 1271 2334 1326 CAPITUM

1228 1394 2016 1516 FRATRIS
2155 1392 3127 1518 FRANCISCI

504 1693 755 1751 Manuel
801 1709 1055 1765 magnus
1090 1696 1295 1752 rhetor
1349 1696 1591 1765 Magnae
1623 1698 1901 1765 ecclesiae,
1970 1698 2197 1767 fralrii

2270 1698 2519 1756 Μανουὴλ
2583 1700 2609 1751 6
2693 1704 2853 1772 μέγας
2912 1699 3086 1773 ῥήτωρ
3171 1705 3264 1758 τῆς
3341 1694 3584 1767 Μεγάλης

576 1784 901 1841 Francisco
921 1784 1321 1854 prcedz'catori
1349 1787 1561 1841 veteris
1593 1788 1811 1854 Romae,
1842 1786 2118 1844 salutem.

577 1962 806 2034 Scripta
856 1966 960 2018 tua
1014 1962 1269 2034 epistola
1313 1963 1393 2019 ad
1437 1979 1549 2020 nos
1580 1964 1846 2035 pervenit
1884 1968 1940 2021 et
1978 1963 2157 2020 simul

504 2051 731 2124 ubique
755 2056 870 2107 tuae
895 2053 1114 2108 mentis
1139 2052 1515 2123 exiguitatem
1540 2054 1822 2125 prodidit,
1854 2058 1973 2109 tam
1996 2054 2156 2109 circa

503 2140 641 2207 alia,
678 2156 866 2214 quam
914 2140 1072 2197 circa
1120 2143 1576 2214 grammaticam
1625 2144 1933 2210 Graecam;
1992 2158 2155 2197 erras

504 2230 665 2285 enim
696 2230 755 2285 in
796 2230 1180 2299 dictionibus,
1211 2230 1437 2296 litteris,
1472 2236 1528 2287 et
1557 2230 1925 2299 accentibus,
1961 2236 2018 2287 et
2049 2230 2154 2287 de-

503 2319 696 2375 claras
715 2319 776 2376 id
798 2321 963 2392 quod
992 2325 1081 2377 est
1107 2320 1286 2391 longe
1316 2338 1352 2378 a
1382 2336 1525 2376 vera
1550 2321 1846 2391 theologia
1872 2320 2152 2377 constitu-

504 2413 652 2465 tum.
684 2412 747 2463 In
780 2410 1003 2480 scripto
1031 2409 1256 2481 quippe
1291 2414 1392 2466 tuo
1419 2410 1617 2481 capita
1668 2411 2067 2475 continentur,
2100 2415 2156 2467 et

501 2497 786 2570 quaedam
817 2497 1199 2569 problemata
1223 2498 1523 2554 multoties
1547 2499 1675 2569 jam
1708 2499 1947 2568 agitata,
1977 2505 2032 2556 et
2061 2516 2155 2555 ex-

501 2586 759 2659 plorata,
789 2586 888 2642 illa
912 2602 1054 2641 vero
1086 2586 1362 2642 inscribis
1397 2586 1819 2643 Conclusiones
1868 2588 2153 2657 theologi-

502 2692 627 2739 cas.
683 2693 820 2732 cum
866 2676 981 2732 sint
1010 2677 1209 2749 potius
1239 2678 1560 2733 cacodoxze
1594 2682 1650 2733 et
1694 2679 1989 2750 pessimis,
2022 2684 2077 2735 et
2120 2696 2156 2736 ε,

500 2765 744 2821 veritate
796 2770 854 2821 et
903 2771 1063 2820 recta
1106 2765 1379 2822 doctrina
1428 2767 1665 2838 penitus
1723 2767 1952 2823 alienus.
2013 2770 2157 2825 Con-

500 2856 691 2912 clusio
713 2856 892 2921 enim,
943 2856 1004 2911 ut
1030 2856 1143 2911 hoc
1169 2857 1358 2912 obiter
1399 2856 1617 2929 dicam,
1642 2864 1731 2913 est
1768 2860 1850 2913 rei
1877 2859 2153 2915 determi-

498 2951 653 3001 natae
684 2950 741 3001 et
765 2945 1187 3001 demonstrata:
1210 2945 1507 3016 probatio.
1538 2951 1664 3002 Istae
1696 2962 1833 3001 vero
1856 2952 1971 3002 tuae
1992 2964 2154 3019 quae—

498 3034 722 3089 stiones
753 3039 893 3090 sunt
920 3034 1119 3105 potius
1150 3035 1531 3099 assertiones,
1585 3036 1781 3090 theses
1825 3035 2067 3108 iniquae,
2099 3043 2156 3093 et
2185 3048 2223 3100 Β

496 3124 941 3196 propositiones
976 3124 1192 3179 mentis
1220 3139 1345 3179 non
1376 3124 1490 3179 sibi
1539 3124 1891 3180 cohterentis
1919 3132 1975 3180 et
2003 3126 2157 3182 deci-

496 3214 732 3285 pientis,
765 3229 901 3285 qum
928 3213 1289 3268 sufﬁcienter
1320 3218 1578 3269 tractata»
1617 3220 1776 3277 sunt,
1827 3215 2151 3282 multoties,

498 3308 557 3358 et
580 3302 760 3358 variis
812 3302 1186 3374 diversisque
1213 3303 1607 3374 temporibus,
1638 3309 1763 3359 tam
1795 3320 1830 3359 a
1864 3305 2155 3360 veteribus

497 3407 681 3463 quam
704 3392 1134 3449 recentioribus
1155 3392 1372 3448 divinis
1389 3392 1757 3459 hominibus,
1782 3394 2041 3465 perfecta
2064 3410 2154 3450 sa-

496 3481 724 3552 pientia
752 3486 807 3536 et
855 3483 1167 3537 sanctitate
1196 3482 1423 3537 ornatis
1476 3487 1533 3537 et
1575 3483 2044 3553 praestantibus;
2097 3490 2154 3540 et

498 3573 563 3623 ut
612 3568 990 3640 blasphema,
1045 3569 1342 3624 contraria
1399 3574 1455 3624 et
1502 3571 1780 3641 opposita
1832 3571 1947 3642 ipsi
2001 3572 2152 3627 veri-

499 3654 913 3719 tati,nimirum
937 3656 1166 3712 Christo
1201 3659 1316 3712 Deo
1338 3662 1559 3721 nostro,
1588 3656 1909 3729 reprobate
1939 3665 2078 3716 sunt
2098 3665 2155 3717 et

498 3744 738 3814 rejecta.
797 3745 1146 3816 Quaproper
1192 3760 1303 3800 nos
1361 3746 1576 3801 armati
1615 3745 1746 3802 luce
1798 3748 2058 3804 veritatis
2098 3753 2155 3805 et

499 3847 653 3888 veras
680 3832 1013 3903 theologica.

572 4106 756 4160 Tuam
778 4103 1037 4176 primam
1054 4102 1450 4176 quaestionem
1474 4118 1608 4175 quas
1631 4103 1839 4159 asserit
1873 4104 2154 4176 Spiritum

503 4197 783 4248 sanctum
804 4192 1127 4263 procedere
1149 4209 1184 4249 a
1209 4195 1374 4248 Patre
1400 4198 1457 4248 et
1484 4192 1621 4248 Filio
1648 4192 2073 4265 blaspliemam
2102 4198 2158 4250 et

502 4281 845 4337 haereticam
868 4280 1247 4337 declaramus
1273 4284 1368 4350 (1).
1406 4284 1533 4337 Non
1564 4284 1724 4337 enim
1749 4283 1808 4338 in
1840 4283 2156 4352 Evangiliis

506 4369 796 4428 Dominus
826 4371 910 4425 sic
937 4370 1221 4442 loquitur,
1256 4371 1363 4426 sed
1393 4371 1561 4427 illum
1593 4388 1663 4427 ex
1696 4372 1867 4427 Patre
1922 4377 2152 4429 tantum
2187 4399 2227 4451 ο

504 4458 850 4532 procedere,
893 4458 998 4514 ubi
1040 4458 1218 4513 dicit:
1254 4480 1281 4509 ‹‹
1327 4462 1474 4516 Cum
1529 4461 1754 4516 venerit
1820 4461 2156 4516 Paracletus

506 4565 689 4622 quem
715 4564 827 4619 ego
856 4548 1029 4605 vobis
1060 4548 1292 4604 mittam
1324 4565 1359 4604 a
1393 4552 1584 4617 Patre,
1618 4549 1869 4622 Spiritus
1897 4550 2155 4607 veritatis

506 4640 675 4713 quia
727 4641 893 4696 Patre
926 4636 1215 4710 procedit,
1269 4637 1363 4694 ille
1403 4638 1478 4693 de
1519 4653 1617 4693 me
1668 4638 2027 4694 testabitur‘
2078 4656 2091 4705 ;
2126 4663 2154 4690 ››

506 4729 713 4787 missio
735 4745 877 4786 vero
909 4732 964 4786 et
992 4727 1299 4799 processio
1327 4742 1449 4784 non
1481 4732 1623 4784 sunt
1649 4727 1830 4784 idem.
1855 4730 2156 4787 Processio

506 4822 665 4878 enim
714 4822 1000 4893 importat
1037 4818 1288 4874 modum
1321 4822 1376 4873 et
1405 4822 1761 4890 conceptum
1779 4818 2152 4883 exsistentiae,

506 4912 718 4967 missio
772 4926 911 4967 vero
949 4909 1308 4979 legationem
1353 4912 1409 4963 et
1454 4906 1857 4979 apostolatum
1898 4913 2058 4963 nota.
2090 4912 2155 4965 lit

508 4999 843 5055 secundum
873 4999 1316 5070 processionem
1346 4996 1593 5068 Spiritus
1625 5001 1867 5052 sanctus
1898 5013 1969 5052 ex
2026 5014 2152 5070 per-

506 5103 657 5145 sona
671 5088 1154 5158 Patristanquam
1170 5104 1237 5142 ex
1254 5102 1436 5142 causa
1452 5086 1795 5142 immediate
1811 5086 1991 5143 habet
2004 5104 2151 5155 esse,

507 5176 846 5234 secundum
889 5176 1242 5231 missionem
1293 5191 1436 5231 vero
1481 5175 1654 5232 Filius
1699 5181 1753 5232 et
1806 5179 1975 5233 Pater
2034 5193 2155 5234 una

505 5267 750 5324 mittunt
798 5264 1081 5337 Spiritum
1112 5263 1557 5322 sanctissimum
1596 5264 1655 5321 in
1703 5265 1909 5322 tideles
1939 5270 1995 5322 et
2050 5282 2152 5322 eos

574 5448 590 5483 ί
622 5447 793 5503 Joan.
819 5458 890 5500 xv
912 5480 930 5510 ,
959 5445 1048 5499 26.

576 5535 650 5608 (t)
689 5533 865 5593 Vides
896 5534 1235 5592 Graecorum
1258 5529 1580 5591 insaniam.

3665 1692 3875 1749 ἔκκλη-

2340 1791 2455 1848 σίας
2513 1791 2644 1864 φρὰρ
2701 1792 3027 1862 Φρατζήσκῳ
3080 1795 3151 1859 τῷ
3210 1782 3580 1861 Πρεδικατορῳ
3641 1782 3885 1843 παλαιᾶς

2336 1876 2533 1950 Ῥώμης
2562 1882 2790 1952 χαίρειν.

2333 1969 2403 2018 T6
2462 1965 2787 2019 ἐπιστολαίόν
2857 1974 2952 2019 σοῦ
3033 1969 3162 2041 πρὸς
3227 1968 3362 2038 ἡμᾶς
3419 1963 3561 2016 ἐλθὸν
3638 1962 3883 2034 ’γράμμα

2269 2050 2506 2127 δέδειχεν
2575 2054 2897 2127 ἀμωσγέπως
2965 2075 3024 2128 γε
3097 2060 3155 2107 τό
3243 2074 3297 2107 τε
3364 2052 3703 2127 βραχύτατον
3768 2058 3880 2110 τῆς

2264 2139 2497 2203 διανοίας
2547 2151 2637 2204 τῆς
2692 2152 2790 2216 σῇς
2847 2148 2973 2218 πρὸς
3031 2163 3085 2196 τε
3134 2145 3202 2196 τὰ
3260 2141 3413 2208 ἄλλα,
3461 2146 3550 2193 καὶ
3589 2143 3723 2212 πρὸς
3770 2146 3879 2197 τὴν

2263 2231 2378 2284 καθ’
2434 2231 2682 2295 Ἕλληνας
2735 2238 3125 2307 γραμματικήν
3181 2235 3230 2284 ἓν
3281 2251 3335 2284 τε
3381 2233 3481 2305 γὰρ
3538 2229 3704 2292 λέξεσι
3775 2233 3881 2279 καὶ

2264 2320 2671 2393 ἀντιστοιχείοις
2718 2326 2809 2374 καὶ
2859 2318 3181 2397 προσωδίαις
3239 2320 3546 2393 ἐσφαλμένον
3591 2317 3726 2384 ἐστι,
3775 2322 3884 2369 καὶ

2262 2414 2321 2462 1'6
2386 2409 2560 2485 πόρρω
2633 2407 2803 2469 δηλῶν
2886 2413 3202 2464 καθεστάναι
3259 2418 3353 2470 τῆς
3420 2408 3639 2467 ἀληθοῦς
3698 2406 3882 2459 θεολο-

2262 2505 2405 2571 γίας,
2476 2504 2554 2553 Τὰ
2615 2504 2713 2576 γὰρ
2779 2500 2827 2553 ἐν
2887 2501 3028 2572 αύτῷ
3086 2500 3359 2573 κεφαλαια,
3420 2500 3722 2571 ζητήματα,
3773 2502 3881 2548 καὶ

2263 2589 2603 2664 προϐλήματα
2681 2592 2823 2660 ὄντα,
2881 2596 2970 2643 καὶ
3043 2599 3143 2642 τῶν
3229 2590 3544 2661 ζητημάτων
3610 2585 3879 2649 πολλάκις

2266 2675 2777 2749 ὃιακωὸευνισθέντα,
2838 2678 3139 2755 ἐπιγράψεις
3212 2679 3345 2731 αὐτὰ
3415 2679 3872 2752 συμπεράσματα,

2262 2774 2352 2820 καὶ
2397 2765 2675 2840 ὁρθὸδοξα,
2721 2766 2988 2831 κακὸὸοξα
3039 2769 3229 2840 μᾶλλον
3278 2773 3419 2837 ὄντα,
3459 2773 3673 2828 καὶτῆς
3706 2766 3873 2841 ὀρθο-

2266 2854 2442 2920 ὃοξίας
2509 2864 2597 2910 καὶ
2655 2857 2894 2919 ἀληθείας
2968 2858 3395 2912 ἀποπεπτωκὸτα.
3486 2861 3580 2910 Καὶ
3650 2856 3735 2908 τοὶ
3803 2876 3877 2927 7:

2268 2951 2623 3019 συμπέρασμα
2675 2947 2835 3015 ἐστιν,
2904 2952 2973 3010 ὡς
3036 2948 3085 3000 ἐν
3146 2952 3289 3019 τύπῳ
3356 2947 3531 3012 εἰπεῖν,
3594 2945 3873 3017 ἀπόφασις

2268 3032 2615 3110 διωρισμένου
2669 3042 2757 3088 xui
2810 3033 3251 3109 ἀποδεδειγμένου
3300 3038 3624 3110 πράγματος.
3682 3042 3875 3086 Ταῦτα

2267 3121 2326 3177 δὲ
2355 3129 2420 3177 τὰ
2452 3126 2731 3197 ζητήματα
2778 3125 2919 3191 ὄντα,
2968 3125 3158 3198 μᾶλλον
3206 3122 3265 3177 δὲ
3298 3127 3458 3184 θέσεις
3509 3124 3538 3183 ἡ
3590 3125 3873 3194 προθέσεις

2264 3216 2509 3287 ἄθεσμοι,
2568 3220 2657 3267 xui
2712 3218 2987 3287 προτάσεις
3044 3211 3281 3274 διανοίας
3346 3212 3732 3285 ἁσυλλογίστοῦ
3777 3220 3872 3265 καὶ

2264 3307 2601 3377 κακόφρονος,
2688 3302 2977 3375 ἀρκούντως
3066 3302 3516 3377 ἑτρακταὶσθησαν
3613 3300 3873 3363 πολλάκις

2265 3398 2354 3444 xui
2419 3391 2688 3464 πολλαχοῦ
2732 3393 2832 3445 ύπό
2890 3392 3086 3445 πολλῶν
3134 3398 3222 3444 καὶ
3267 3388 3528 3465 διαφόρων
3580 3389 3708 3442 ἑτῶν
3764 3392 3868 3441 ύπο

2263 3500 2317 3533 τε
2367 3480 2596 3533 παλαιῶν
2639 3486 2728 3533 καὶ
2756 3486 2876 3533 νέων
2935 3484 3080 3534 θείων
3113 3478 3334 3553 ἀνδρῶν,
3394 3480 3559 3551 τελείᾳ
3612 3484 3778 3551 σοφίᾳ
3814 3497 3870 3530 τε

2263 3575 2353 3622 καὶ
2418 3570 2684 3642 ἁγίωσύνῃ
2764 3575 3181 3644 κεκοσμημένων,
3251 3574 3340 3622 καὶ
3431 3572 3497 3630 ὡς
3567 3568 3869 3640 βλάσφημα

2264 3664 2347 3711 xui
2433 3664 2526 3718 τὴν
2593 3658 2890 3712 ἐναντίωσιν
2955 3660 3235 3731 εἰσάγοντα
3298 3667 3571 3734 προφανῶς
3635 3663 3729 3710 καὶ
3800 3665 3863 3729 τῇ

2265 3748 2610 3820 αύτοαληθείᾳ
2672 3756 2885 3823 Χριστῷ
2944 3757 3015 3819 τῷ
3075 3758 3188 3819 Θεῷ
3262 3751 3407 3821 ἡμῶν
3470 3748 3864 3820 ἀντιφερόμενα,

2266 3834 2771 3909 ἀπεδοκιμάσθησάν
2814 3858 2866 3891 τε
2912 3844 3000 3891 xui
3050 3837 3425 3913 ἀπερρίφησαν,
3462 3833 3546 3889 διὸ
3594 3842 3685 3889 xui
3717 3839 3869 3908 ἡμεῖς

2264 3926 2687 4002 καθωπλισμένοι
2729 3927 2863 3990 ὄντες
2906 3938 2978 3999 τῷ
3031 3936 3127 3989 τῆς
3192 3926 3435 3989 ἀληθείας
3500 3932 3592 3978 καὶ
3639 3924 3868 3985 ἀληθοῦς

2268 4017 2533 4089 θεολογίας
2565 4036 2715 4088 φωτί.

2337 4110 2406 4159 T6
2439 4111 2639 4177 πρῶτον
2691 4126 2784 4159 σου
2835 4107 3065 4179 ζήτημα,
3123 4105 3267 4177 λέγον
3327 4109 3407 4157 ὅτι
3446 4107 3505 4158 τὸ
3554 4110 3767 4176 Πνεῦμα
3808 4105 3869 4155 τὸ

2267 4196 2412 4269 ἅγιον
2459 4195 2512 4248 ἐκ
2560 4203 2652 4248 τοῦ
2708 4200 2912 4271 Πατρός
2965 4201 3055 4248 xui
3102 4198 3226 4248 Υίοῦ
3279 4193 3630 4267 ἐκπορεύεται,
3692 4190 3870 4265 βλασ-

2268 4306 2434 4358 φημον
2480 4290 2570 4337 xui
2619 4288 2874 4357 αἱρετικὸν
2930 4284 3335 4357 ἀποφαινόμεθα.
3388 4283 3447 4335 Ὀ
3511 4286 3610 4357 γὰρ
3671 4284 3870 4351 Κύριος

2269 4378 2412 4448 ἡμῶν
2466 4374 2512 4426 ἐν
2544 4374 2874 4446 Εὖαγγελίοις
2920 4374 3015 4426 οὐκ
3073 4375 3206 4426 οὕτω
3240 4378 3417 4445 φησιν,
3464 4370 3573 4423 ἀλλ’
3616 4370 3671 4423 ἐκ
3701 4374 3867 4441 μόνον

2267 4472 2357 4517 τοῦ
2412 4468 2615 4537 Πατρός
2646 4464 2690 4516 ἐν
2737 4472 2813 4524 ei;
2858 4463 3013 4534 λέγειν
3072 4486 3098 4512 ‹‹
3144 4462 3304 4515 ”Οταν
3358 4459 3418 4514 δε
3461 4460 3583 4533 ἔλθῃ
3617 4462 3642 4512 ὁ
3688 4461 3869 4532 Παρεί-

2267 4552 2472 4623 κλητος,
2526 4555 2578 4605 ὃν
2627 4552 2725 4625 ἐγὼ
2772 4552 2961 4625 πέμψω
3010 4549 3130 4625 ύμῖν
3185 4554 3327 4626 παρὰ
3378 4557 3472 4603 τοῦ
3522 4552 3743 4621 Πταρόςο
3803 4550 3865 4599 τὸ

2268 4648 2477 4714 Πνεῦμα
2518 4650 2613 4703 τῆς
2655 4640 2919 4707 ἀληθείας,
2963 4643 2989 4694 ὅ
3032 4644 3174 4715 παρα
3225 4648 3317 4692 τοῦ
3370 4642 3569 4714 Πατρός
3619 4638 3867 4710 ἐκπορεύ-

2268 4750 2396 4797 εται,
2451 4730 2632 4792 ἐκεῖνος
2678 4736 3017 4805 μαρτυρήσει,
3065 4736 3181 4806 περὶ
3237 4731 3381 4803 ἐμοῦ.
3445 4750 3472 4777 ››
3540 4726 3747 4800 Πέμψις
3804 4723 3868 4779 δὲ

2266 4826 2355 4872 καί
2403 4820 2707 4888 ἐκπόρευσις
2764 4820 2823 4871 ού
2872 4821 3079 4873 ταύτὴν
3141 4823 3169 4879 ἡ
3240 4824 3329 4892 μέν
3392 4821 3494 4891 γὰρ
3556 4816 3869 4890 ἑκπόρευσις

2266 4911 2455 4961 ἔννοιαν
2507 4909 2772 4979 ὑπάρξεως
2831 4909 3048 4980 εἰσάγει,
3116 4911 3146 4967 ἡ
3207 4905 3266 4961 δὲ
3324 4907 3517 4980 πέμψις
3563 4904 3869 4965 ἀποστολῆς

2264 5004 2353 5050 καί
2404 5000 2539 5051 κατά
2584 5002 2673 5070 μὲν
2730 5003 2822 5057 τὴν
2873 4998 3175 5073 ἐκπορευσιν
3232 5001 3288 5050 τὸ
3342 5005 3551 5068 Πνεῦμα
3601 4999 3660 5047 τὸ
3713 4993 3869 5065 ἅγιον

2266 5088 2320 5141 ἐκ
2349 5097 2443 5149 τῆς
2484 5096 2744 5163 πατρικῆς
2774 5088 3112 5149 ύποστασεως
3168 5090 3235 5149 ὡς
3300 5086 3387 5139 ἀπ’
3435 5086 3606 5147 αἰτίας
3655 5082 3869 5156 ἁμέσως

2265 5176 2377 5249 ἐχει
2424 5181 2481 5230 τὸ
2522 5175 2669 5230 εἶναι’
2720 5180 2855 5229 κατὰ
2899 5174 2958 5229 δὲ
3006 5182 3100 5235 τὴν
3130 5176 3326 5249 πέμψω
3357 5177 3383 5227 6
3448 5180 3568 5236 Υίος
3625 5192 3867 5226 συναπο-

2266 5266 2460 5320 στέλλιι
2504 5275 2575 5339 τῷ
2628 5270 2891 5342 Πατρίτό
2940 5286 3191 5338 παναγιον
3269 5273 3477 5338 Πνεῦμα
3549 5266 3680 5338 πρὸς
3745 5265 3868 5322 τοὺς
