4106 6222
200 284 310 340 473

1708 273 2066 335 APOLOGIA

3453 280 3558 340 474

202 407 426 466 πιστοὺς
473 405 559 456 καὶ
604 402 726 464 τοὺς
774 406 870 463 τῆς
919 399 1140 476 χάριτος
1211 398 1372 454 αὑτοῦ
1426 399 1621 466 ἀξίους.
1692 402 1798 457 Ἐπὶ

1917 402 2022 475 qui
2050 405 2190 460 sunt
2209 400 2376 474 digni
2405 403 2600 473 gratia
2626 418 2757 462 sua.
2782 407 2846 462 In
2870 403 3062 462 tribus
3086 404 3362 480 personis
3379 407 3561 464 unica

199 502 315 556 ταῖς
363 497 540 566 τρισὶν
569 492 895 544 ὑποστάσεσι
941 494 1040 563 μία
1083 489 1198 543 ἐστὶ
1228 488 1394 564 βουλή
1444 495 1534 544 καὶ
1584 487 1809 564 δύναμις

198 590 289 638 καὶ
363 583 610 658 ἐνέργεια,
653 582 721 641 ὡς
788 585 887 652 μία
945 579 1104 632 οὐσία
1147 586 1220 651 τῷ
1287 578 1493 655 ἀριθμῷ
1555 585 1645 633 καὶ
1710 585 1810 653 μία

204 676 406 735 θεότης.
448 672 598 724 Ὅθεν
654 674 745 722 καὶ
800 671 859 722 τὸ
916 675 1126 742 Πνεῦμα
1184 672 1260 726 τὸ.
1296 669 1444 741 ἅγιον
1509 668 1808 723 ἀποστέλλει

197 767 282 816 τόν
311 764 435 816 Υἱόν
467 763 598 813 κατὰ
633 763 729 818 την
785 762 1049 834 χρονικήη
1105 762 1366 830 γέννησιν,
1399 760 1471 821 ὡς
1513 756 1561 811 ἓν
1608 757 1809 832 Ἠσαίᾳ

203 855 498 926 γέγραπται
548 857 620 921 τῷ
665 853 930 924 προφήτῃ·
983 868 1012 898 (ι
1056 853 1268 920 Πνεῦμα
1317 851 1513 921 Κυρίου
1561 847 1642 901 ἐπ’
1697 847 1804 921 ἐμὲ,

203 938 260 992 οὑ
315 941 501 993 εἵνεκεν
552 941 736 1011 ἔχρισέ
784 957 866 1010 με,
938 935 1374 1009 εὐαγγελίσασθαι
1411 944 1651 1010 πτωχοῖς
1681 935 1805 990 ἀπί-

209 1029 392 1083 σταλκί
430 1047 514 1101 με·
565 1045 596 1080 ›
642 1029 779 1080 ὥστε
820 1029 980 1099 μόνου
1027 1027 1060 1084 ἡ
1111 1032 1203 1078 τοῦ
1253 1029 1462 1100 Πατρός
1512 1027 1806 1090 ὑπόστασις

203 1119 294 1170 οῦκ
344 1115 731 1182 ἀποστέλλεται,
779 1117 850 1178 ὡς
892 1115 1020 1190 ῥίζα
1063 1119 1154 1167 καὶ
1201 1119 1346 1187 πηγή
1395 1123 1488 1178 τῆς
1533 1116 1796 1177 θεότητος*

205 1209 234 1266 ἡ
285 1203 344 1260 δὲ
401 1213 496 1260 τοῦ
540 1209 663 1259 Υὶοῦ
715 1209 806 1258 καὶ
862 1211 955 1258 τοῦ
1022 1207 1317 1276 Πνεῦματος
1378 1202 1611 1264 ἀλλήλοις
1677 1202 1805 1256 ἁπο-

207 1295 496 1349 στέλλονται
541 1302 601 1368 τῇ
645 1301 738 1347 τοῦ
786 1296 992 1369 Πατρός
1036 1289 1272 1365 εὐδοκία,
1323 1294 1350 1345 6
1387 1296 1477 1366 μὲν
1509 1293 1628 1356 Υἱὸς
1671 1296 1806 1345 κατὰ

206 1391 294 1444 τήν
321 1389 576 1460 χρονικήν
605 1389 862 1456 γέννησιν,
915 1386 976 1435 τό
1008 1379 1068 1436 δὲ
1116 1390 1327 1456 Πνεῦμα
1373 1387 1431 1435 τό
1479 1383 1628 1455 ἅγιον
1673 1385 1806 1436 κατὰ

209 1480 295 1534 τὴν
349 1479 604 1549 χρονικὴν
652 1471 898 1549 πρόοδον,
955 1478 1042 1525 καὶ
1096 1477 1190 1532 τὴν
1260 1473 1328 1534 εἰς
1398 1477 1514 1534 τοὺς
1582 1477 1805 1534 πιστοὺς

211 1563 550 1638 ἰπιφοίτησινο
600 1563 660 1616 οῦ
703 1569 802 1636 μὴν
855 1565 990 1616 κατὰ
1044 1567 1140 1622 την
1197 1561 1423 1635 ἄχρονον
1471 1561 1664 1620 ἐκείνην
1720 1565 1800 1614 έκο

212 1659 466 1730 πόρευσιν,
509 1659 604 1713 τὴν
654 1653 856 1726 ἁμέσως
903 1651 957 1705 ἐκ
1004 1660 1100 1714 τῆς
1152 1660 1415 1726 πατρικῆς
1463 1654 1802 1713 ὑπόστάσιως

1917 496 2004 548 est
2039 491 2336 564 voluntas,
2380 493 2559 550 unica
2613 493 2823 563 virtus,
2880 495 3060 552 unica
3117 497 3207 552 est
3269 495 3560 569 operatio,

1915 580 2067 637 sicut
2106 581 2285 637 unica
2341 597 2594 639 numero
2635 583 2913 653 essentia,
2953 588 3012 640 et
3048 583 3230 640 unica
3258 582 3559 643 divinitas.

1916 669 2082 726 Unde
2106 669 2171 727 ﬁt
2199 673 2266 727 ut
2297 670 2550 744 Spiritus
2588 677 2832 729 sanctus
2869 673 3066 730 mittat
3104 672 3316 729 Filium
3353 689 3562 730 secun-

1913 757 2062 815 dum
2101 761 2496 833 temporalem
2533 777 2707 819 suam
2746 762 3218 832 generationem,
3259 762 3412 818 sicut
3445 763 3560 819 hoc

1913 849 2190 906 scribitur
2234 849 2397 922 apnd
2429 850 2643 907 Isaiam
2681 851 3075 924 prophetam:
3108 871 3137 902 «
3173 850 3423 925 Spiritus
3453 855 3561 908 Do-

1913 937 2062 993 mini
2087 942 2173 994 est
2200 954 2381 1011 super
2406 955 2522 1006 me,
2553 939 2688 996 ideo
2717 956 2814 996 me
2842 941 3023 1012 unxit,
3067 945 3125 997 et
3151 941 3313 997 misit
3352 955 3450 996 me
3481 940 3560 998 ad

1915 1027 2299 1098 Evangelium
2344 1028 2833 1086 annuntiandum
2859 1030 3224 1104 pauperibus
3245 1033 3266 1066 ³
3287 1047 3304 1101 ;
3327 1051 3356 1080 ››
3407 1029 3560 1088 adeo

1911 1120 1977 1172 ut
2005 1116 2134 1174 sola
2162 1118 2347 1174 Patris
2372 1133 2632 1190 persona
2654 1134 2777 1176 non
2809 1120 3095 1187 mittatur,
3119 1133 3256 1175 cum
3289 1119 3362 1176 sit
3386 1119 3560 1176 radix

1913 1210 1970 1262 et
1995 1206 2128 1262 fons
2155 1205 2520 1275 divinitatis;
2565 1223 2831 1280 persona
2872 1225 3016 1265 vero
3053 1208 3173 1264 Filii
3215 1212 3272 1265 et
3298 1223 3560 1281 persona

1913 1295 2166 1367 Spiritus
2195 1297 2384 1352 sancti
2416 1297 2757 1354 alternatim
2782 1302 2840 1354 et
2867 1314 2904 1354 a
2933 1313 2997 1354 se
3033 1297 3290 1354 invicem
3319 1297 3562 1353 mittun-

1911 1388 2007 1439 tur
2036 1384 2371 1442 secundum
2386 1388 2570 1442 Patris
2595 1385 3059 1460 beneplacitum’
3083 1385 3261 1442 Filius
3307 1384 3560 1458 quidem

1911 1473 2245 1530 secundum
2258 1475 2654 1548 temporalem
2672 1474 3140 1546 generationem,
3161 1474 3407 1547 Spiritus
3419 1489 3558 1531 san-

1910 1565 2039 1619 ctus
2068 1579 2230 1634 vero,
2256 1564 2593 1620 secundum
2617 1565 3012 1637 temporalem
3032 1579 3408 1637 processum,
3426 1561 3559 1619 etin

1907 1651 2114 1708 ﬁdeles
2138 1668 2456 1709 accessum
2479 1652 2896 1724 etadventum,
2921 1668 3045 1709 non
3065 1668 3208 1708 vero
3225 1651 3560 1708 secundum

214 1741 382 1810 οὖσαν,
420 1743 538 1796 καθ’
588 1746 650 1802 ἣν
699 1745 811 1813 ἔχει
859 1745 918 1794 τό
966 1742 1094 1794 εἶναι
1142 1739 1481 1816 ἓκπορευτῶς,
1531 1743 1599 1802 ὡς
1641 1744 1731 1793 καὶ
1773 1743 1798 1793 ό

1907 1746 2193 1800 aeternam
2219 1741 2376 1798 illius
2405 1742 2877 1815 processionem.
2911 1757 3048 1815 quae
3075 1740 3421 1797 immediate
3448 1739 3562 1796 ori-

217 1835 324 1895 Υἱὸς
372 1829 555 1894 ἁῑδίως
608 1835 722 1904 ἔχει
761 1835 820 1884 τό
875 1828 1004 1884 εἶναι
1051 1829 1106 1883 ἑκ
1151 1838 1247 1893 τῆς
1277 1830 1441 1892 αὐτῆς
1469 1831 1800 1892 ὑποστάσεως

218 1921 407 1994 ἀμέσως
483 1929 762 1992 γεννητῶς.
821 1921 972 1973 Ὅθεν
1056 1924 1147 1972 καὶ
1207 1921 1234 1972 6
1321 1921 1449 1981 θεῖος
1512 1918 1799 1982 ἀπόστολος

222 2011 420 2078 Παῦλος,
462 2016 556 2072 τὴν
604 2009 661 2063 ἐκ
689 2017 778 2062 τοῦ
829 2012 1031 2083 Πατρός
1073 2005 1148 2061 δι’
1199 2010 1326 2061 Υἰοῦ
1375 2016 1466 2062 τοῦ
1507 2011 1799 2082 Πνεῦματος

224 2105 454 2174 χρονικήν
502 2105 592 2152 καὶ
647 2095 997 2172 μεταδοτικὴν
1065 2095 1237 2156 δηλῶν
1302 2095 1550 2172 πρόοδον,
1616 2117 1793 2170 φησιν’

237 2187 468 2241 ι”Εσωσεν
530 2191 670 2261 ἡμᾶς
731 2189 757 2240 6
828 2190 958 2249 Θεὸς
1015 2190 1099 2239 καὶ
1160 2191 1341 2256 Πατὴρ
1409 2183 1650 2245 δηλονότι
1705 2183 1800 2240 διὰ

233 2276 427 2351 λουτροῦ
495 2283 582 2330 καὶ
664 2275 1036 2339 ἀνακαινίσεως
1129 2279 1428 2349 Πνεὺματος
1508 2275 1660 2348 ἁγίου
1738 2277 1799 2329 οὗ

245 2364 417 2436 ἱξέχεεν
458 2365 520 2439 ἐφ’
566 2369 702 2440 ἡμᾶς
751 2365 1015 2428 πλουσίως
1056 2362 1148 2418 διὰ
1184 2365 1362 2423 Ἰησοῦ
1395 2373 1652 2440 Χριστοῦ.
1683 2387 1711 2416 ››
1740 2365 1800 2418 Εἰ

249 2459 398 2506 τοίνυν
423 2463 769 2528 γνωριμώτερα
826 2463 956 2508 εἶναι
1008 2451 1090 2508 δεῖ
1127 2459 1216 2507 καὶ
1251 2451 1387 2514 δῆλοί
1415 2473 1470 2508 τε
1497 2459 1588 2507 καὶ
1635 2463 1795 2528 σαφῆ,

245 2545 332 2596 ὅσα
371 2545 486 2597 εἰσὶν
522 2544 772 2620 ἐγγυτέρω
824 2554 924 2597 τῶν
993 2542 1172 2620 ἀρχῶν
1228 2548 1378 2617 φύσει
1434 2547 1800 2619 φανερωτάτων

237 2631 400 2700 οὐσῶν,
429 2633 586 2707 ἀρχαι
617 2631 674 2687 δί
701 2633 833 2687 εἰσιν
861 2635 986 2707 ἡμῖν
1012 2642 1108 2696 τῆς
1133 2638 1358 2696 πίστεως
1384 2637 1435 2686 οἶ
1482 2640 1574 2686 τοῦ
1606 2637 1799 2706 Κυρίου

229 2722 358 2793 ἡμῶν
398 2721 566 2780 Ἰησοῦ
621 2730 854 2796 Χριστοῦ
899 2722 1064 2793 λόγοι,
1115 2729 1191 2783 οῖς
1221 2725 1270 2774 οἱ
1310 2720 1590 2775 ἀπόστολοι
1631 2727 1722 2773 καὶ
1752 2723 1800 2773 οἱ

228 2806 514 2864 διδάσκαλοι
575 2811 820 2884 ἀσφαλῶς
887 2810 1122 2884 ἑπόμενοι
1190 2819 1576 2884 συμφωνοῦσιν·
1647 2806 1796 2868 εῦδη-

223 2897 295 2950 λον
320 2901 390 2952 ότι
427 2906 511 2953 καὶ
559 2903 590 2959 ἡ
639 2900 855 2959 ἀλήθεια
897 2905 986 2952 καὶ
1044 2903 1074 2958 ἠ
1117 2899 1337 2976 ὀρθότης
1364 2908 1466 2952 τῶν
1520 2896 1796 2972 δογμάτῶν

224 2996 300 3049 τῆς
352 2993 567 3050 πίστεως
631 2989 680 3042 ἐν
727 2988 852 3062 ἡμῖν
902 2988 1014 3042 ἐστι
1065 2994 1156 3042 καὶ
1204 2987 1253 3041 ἐν
1308 2997 1371 3048 τῆ
1429 2991 1650 3064 ἡμετέρα
1699 3008 1794 3040 κα-

1907 1833 2107 1903 ginem
2137 1832 2316 1888 trahit
2344 1847 2380 1887 a
2410 1847 2670 1904 persona
2701 1831 2909 1900 Patris,
2933 1835 2987 1887 et
3009 1827 3342 1886 secundum
3371 1844 3557 1903 quam

1905 1922 2089 1979 habet
2107 1936 2239 1976 esse
2270 1920 2784 1994 processionaliter
2809 1936 2918 1975 seu
2944 1935 3052 1993 per
3087 1917 3554 1991 processionem,

1907 2009 2266 2067 sicutFilius
2292 2008 2370 2064 ab
2394 2012 2617 2064 aeterno
2673 2009 2855 2064 habet
2900 2024 3033 2064 esse
3076 2007 3423 2064 immediate
3475 2004 3554 2062 ab

1905 2099 2116 2156 cadem
2151 2113 2407 2170 persona
2437 2098 2621 2154 Patris
2649 2113 2756 2170 per
2781 2096 3249 2168 generationem.
3289 2096 3554 2166 Quapro-

1903 2193 2035 2263 pter
2053 2187 2228 2244 divus
2249 2186 2554 2260 apostolus
2567 2186 2805 2254 Paulus,
2824 2185 3144 2243 ostendens
3163 2183 3554 2258 temporalem

1907 2283 1964 2335 et
1991 2277 2315 2348 gratiosam
2345 2275 2692 2332 missionem
2732 2275 2981 2349 Spiritus
3015 2291 3050 2331 a
3099 2277 3267 2330 Patre
3313 2288 3420 2346 per
3467 2273 3551 2328 Fi-

1905 2366 2076 2436 lium,
2107 2365 2283 2422 dicit:
2317 2387 2346 2415 «
2377 2365 2644 2422 Servavit
2662 2381 2776 2421 nos
2799 2366 2952 2420 Deus
2980 2368 3037 2420 et
3065 2366 3232 2419 Pater
3259 2377 3367 2434 per
3394 2361 3552 2417 lava-

1907 2471 2098 2522 crum,
2131 2459 2188 2511 et
2214 2455 2662 2510 renovationem
2703 2453 2950 2526 Spiritus
3003 2467 3188 2526 quem
3223 2465 3404 2524 super
3439 2463 3554 2506 nos

1907 2544 2287 2602 abundanter
2323 2542 2563 2598 diffudit
2600 2559 2707 2618 per
2741 2545 2946 2599 Jesum
2986 2541 3282 2598 Christum
3333 2540 3358 2574 3
3382 2580 3396 2593 .
3427 2561 3456 2590 »
3497 2539 3555 2595 Si

1904 2635 2141 2690 notiora
2169 2632 2436 2704 clariora,
2473 2632 2885 2688 manifestiora
2903 2647 2976 2688 ea
2993 2629 3216 2688 debent
3249 2644 3404 2696 esse,
3432 2642 3558 2701 qua

1905 2723 2194 2778 viciniora
2217 2725 2377 2786 sunt,
2407 2726 2464 2777 et
2490 2720 2739 2793 propius
2767 2720 3062 2777 accedunt
3091 2719 3170 2776 ad
3195 2719 3332 2790 ipsa
3358 2717 3558 2790 prima

1905 2811 2200 2884 principia
2221 2815 2277 2866 et
2298 2809 2488 2880 initia,
2516 2825 2656 2866 cum
2685 2809 2820 2882 ipsa
2855 2809 3152 2882 principia
3181 2808 3300 2864 sint
3344 2821 3450 2879 per
3491 2821 3555 2862 se

1905 2898 2158 2956 clariora
2183 2902 2241 2955 et
2269 2899 2463 2969 magis
2492 2898 2832 2970 perspicua,
2863 2897 3224 2970 principium
3253 2911 3396 2951 vero
3415 2895 3558 2950 ﬁdei

1905 2995 2126 3046 nostrae
2159 2990 2234 3046 sit
2260 2989 2515 3044 verbum
2551 2989 2787 3045 Domini
2814 2989 2957 3044 Jesu
3005 2986 3236 3056 Christi,
3287 2985 3383 3041 cui
3425 2984 3555 3039 sine

221 3078 376 3151 θολικῇ
408 3080 715 3152 Ἐκκλησία,
765 3085 853 3132 καὶ
891 3087 995 3140 τοῖς
1038 3081 1366 3151 καθηγηταῖς
1401 3083 1492 3131 καὶ
1524 3075 1558 3130 δ
1564 3075 1620 3130 ιδ
1625 3081 1795 3130 ασκά-

1907 3078 2027 3135 ulla
2056 3077 2433 3134 aberratione
2461 3077 2770 3133 adhaerent
2804 3082 2861 3132 et
2889 3075 3272 3133 consentiunt
3300 3072 3559 3146 apostoli

218 3165 312 3230 λοις
367 3171 526 3241 ἡμῶν,
625 3175 716 3221 καὶ
780 3171 1105 3243 προστάταις
1187 3168 1364 3229 αὐτῆς·
1434 3168 1530 3220 Ὧν
1592 3175 1798 3243 πρῶτος

219 3260 454 3320 Διονύσιος
527 3259 558 3311 ὁ
649 3258 1023 3331 Ἀρεοπαγίτης
1100 3255 1148 3309 ἐν
1233 3254 1456 3332 δευτέρῳ
1537 3256 1796 3328 κεφαλαίῳ

219 3351 320 3420 περὶ
380 3349 641 3420 ἡνωμένης
703 3346 968 3418 θεολογίας
1046 3351 1136 3398 καὶ
1203 3343 1600 3420 διακεκριμένης
1665 3349 1796 3417 φησί

219 3453 325 3495 πως·
368 3435 626 3490 Ἀκουσον
669 3444 784 3504 τοῦ,
833 3431 973 3488 Τάδε
1023 3435 1158 3506 λέγει
1213 3438 1423 3510 Κύριος,
1481 3437 1507 3487 6
1538 3435 1624 3504 ὢν,
1659 3436 1685 3485 ό
1711 3431 1795 3497 ἦν,

218 3523 547 3598 όέρχόμινος,
601 3531 693 3578 καὶ
740 3526 767 3577 ὁ
815 3527 1205 3600 παντοκρατῶρ,
1255 3529 1345 3576 καὶ
1405 3527 1470 3577 σὺ
1528 3519 1588 3576 δὲ
1645 3523 1796 3584 αὑτὸς

220 3611 274 3681 ei,
315 3619 478 3668 καὶτὸ
527 3622 744 3687 Πνεῦμα
789 3623 880 3675 τῆς
928 3613 1173 3675 ἀληθείας
1218 3615 1276 3665 τὸ
1323 3613 1398 3678 ὃν,
1443 3612 1469 3665 ὁ
1515 3615 1660 3688 παρά
1704 3619 1796 3665 τοῦ

219 3707 396 3776 Πατρός
447 3703 802 3778 ἐκπορεύεται.
861 3707 960 3757 Καὶ
1011 3705 1036 3754 6
1089 3706 1252 3774 μέγας
1306 3703 1613 3762 Ἀθανοίσιος
1651 3699 1699 3754 ἐν
1729 3708 1791 3773 τῇ

223 3795 327 3865 πρὸς
353 3799 650 3868 Σεραπίωνα
699 3792 859 3845 αὑτοῦ
907 3791 1178 3864 ἐπιστολῇσ
1221 3796 1424 3845 Οὔκουν
1452 3791 1620 3852 καλῶς
1674 3809 1796 3865 φρο-

217 3889 392 3944 νοῦντες
441 3889 561 3958 περὶ
611 3889 705 3934 τοῦ
764 3889 1062 3954 Πνεῦματος
1116 3889 1208 3933 τοῦ
1266 3880 1438 3953 ἁγίου,
1499 3876 1623 3933 οῦδὲ
1678 3885 1797 3952 περὶ

220 3977 296 4021 τοῦ
359 3974 478 4024 Υἰοῦ
529 3971 700 4032 καλῶς
755 3977 1049 4044 φρονοῦσιν*
1107 3970 1150 4022 εἰ
1192 3971 1291 4045 γὰρ
1349 3969 1587 4044 ἐγρόνουν
1633 3967 1798 4040 ὀρθῶς

216 4064 427 4130 περὶτοῦ
449 4063 600 4128 Υἰοῦ,
650 4058 890 4132 ἓφρόνουν
950 4060 1109 4130 ὑγιῶς
1163 4063 1253 4111 καὶ
1308 4063 1426 4132 περὶ
1483 4065 1574 4110 τοῦ
1641 4056 1795 4129 ἁγίου

221 4152 504 4221 Πνεὺματος,
555 4152 584 4203 ὃ
615 4151 760 4221 παρὰ
785 4155 877 4200 τοῦ
925 4151 1128 4222 Πατρός
1171 4146 1522 4220 ἐκπορεύεται,
1568 4151 1658 4198 καὶ
1707 4153 1796 4199 τοῦ

219 4237 322 4288 Υὲοῦ
365 4234 497 4291 ἴδιόν
526 4240 694 4298 ἐστιν,
724 4238 751 4290 6
780 4236 902 4312 παρ’
935 4237 1094 4290 αὑτοῦ
1126 4232 1340 4288 δίδοται
1385 4243 1488 4296 τοῖς
1518 4237 1794 4308 μαθηταῖς,

219 4329 293 4378 καὶ
335 4332 460 4380 πᾶσι
505 4334 622 4388 τοῖς
669 4328 1007 4378 πιστεύουσιν
1055 4325 1124 4388 εἰς
1176 4324 1352 4381 αὐτόν.
1399 4323 1535 4398 Ὅρα
1563 4327 1654 4386 τὰς
1699 4320 1798 4377 δύο

220 4411 450 4484 προόδους
557 4421 655 4468 τοῦ
751 4419 1008 4484 παναγίου
1129 4413 1298 4475 καλῶς
1397 4412 1707 4484 θεολογήσαν

221 4507 508 4576 Πνιῦματος,
563 4509 662 4563 τὴν
718 4507 809 4576 μεν
864 4503 919 4556 ἐκ
967 4507 1126 4576 μόνης
1181 4511 1277 4566 τῆς
1347 4509 1609 4578 πατρικῆς
1664 4503 1796 4554 ὑπο-

557 4421 655 4468 τοῦ
751 4419 1008 4485 παναγίου
1129 4413 1298 4475 καλῶς

222 4594 428 4657 στάσεως
470 4600 565 4654 τήν
619 4590 791 4646 ἀίδιον
830 4592 1024 4651 ἐκείνην
1071 4597 1158 4644 καὶ
1205 4592 1450 4667 ἄρρητον,
1494 4598 1583 4644 καὶ
1630 4593 1799 4668 ὑπαρ-

220 4687 397 4749 κτικήν,
453 4685 690 4756 καθάπερ
739 4686 826 4734 καὶ
861 4683 886 4734 6
939 4684 1129 4756 Κύριος
1171 4679 1219 4733 ἓν
1271 4680 1603 4753 Εῦαγγελίοις
1653 4681 1798 4754 εἰρή-

221 4788 302 4834 κιι,
353 4778 438 4825 καὶ
485 4778 577 4830 τὴν
628 4773 728 4824 ὑπὸ
775 4775 968 4845 χρόνον
1013 4774 1103 4822 καὶ
1159 4766 1531 4843 μεταδοτικην,
1577 4775 1670 4829 τήν
1725 4767 1800 4823 δι’

220 4859 342 4916 Υἰοῦ.
387 4861 443 4913 Ὀ
480 4862 643 4924 αὐτὸς
681 4865 771 4913 καὶ
819 4858 866 4912 ἐν
910 4868 982 4931 τῷ
1011 4864 1125 4934 περὶ
1175 4855 1401 4933 Τριάδος
1453 4859 1613 4912 αὐτοῦ
1641 4858 1794 4931 λόγῳ·

219 4951 326 5009 Θεὸς
353 4948 484 5003 ἐστιν
523 4953 554 5008 ἡ
611 4951 814 5002 πάντων
845 4947 990 5022 ἀρχὴ
1021 4951 1158 5001 κατὰ
1206 4951 1294 5000 τὸν
1342 4947 1656 5002 Ἀπόστολον
1721 4949 1798 5001 λέ-

217 5053 374 5104 γοντα·
431 5041 522 5100 Εἷς
587 5041 718 5100 Θεὸς
781 5041 806 5090 6
875 5042 1052 5110 Πατὴρ
1119 5036 1172 5100 ἐξ
1236 5034 1296 5089 οὗ
1361 5041 1426 5090 τὰ
1482 5040 1666 5090 πάντα·
1708 5043 1798 5090 καὶ

215 5127 301 5198 γὰρ
327 5129 390 5191 όξ
403 5133 567 5201 Λόγος
619 5127 671 5192 ἐξ
721 5127 882 5180 αὐτοῦ
926 5134 1202 5199 γεννητῶς,
1231 5131 1322 5178 καὶ
1367 5129 1426 5178 τό
1486 5133 1694 5199 Πνεῦμα
1738 5131 1795 5180 τό

217 5212 346 5283 ἅγιον
390 5216 730 5284 ἐκπορευ-ῶς.
767 5221 867 5270 Καὶ
917 5217 943 5269 ό
1003 5217 1131 5276 θεῖος
1183 5221 1272 5267 καὶ
1323 5219 1488 5288 μέγας
1535 5215 1797 5278 Βασίλειος

217 5300 258 5353 ἓν
295 5313 350 5378 τῇ
404 5311 530 5381 πρὸς
578 5309 662 5360 τόν
738 5302 877 5358 ἴδιον
923 5301 1144 5378 ἀδελφόν
1201 5309 1483 5379 Γρηγόριον
1547 5303 1792 5378 ἐπιστολῇ

218 5391 355 5446 αὑτοῦ
380 5395 514 5448 οῦτω
596 5400 780 5470 φησίν.
839 5390 1052 5453 Ἐπειδὴ
1117 5397 1288 5446 τοίνυν
1350 5396 1408 5447 τὸ
1467 5399 1676 5467 Πνεῦμα
1735 5400 1792 5450 τὸ

277 5571 298 5606 ³
323 5572 430 5631 Isa.
459 5589 578 5644 LXI,
605 5575 632 5631 1
660 5590 678 5645 ;
703 5575 843 5633 Luc.
871 5588 946 5641 tv,
975 5575 1061 5631 l8.
1094 5572 1116 5608 ³
1139 5571 1246 5631 Tit.
1278 5585 1358 5640 ιιι,
1400 5575 1454 5628 5.

1712 4431 1798 4473 τος
1827 4455 1872 4510 D

1904 3173 1961 3224 et
1994 3167 2308 3236 doctores;
2343 3165 2734 3222 manifestum
2787 3168 2877 3220 est
2930 3165 3237 3220 veritatem
3289 3166 3346 3218 et
3394 3164 3558 3217 recta

1904 3254 2042 3310 ﬁdei
2072 3255 2360 3324 dogmata
2388 3253 2653 3310 obtinere
2683 3253 2848 3326 apud
2876 3268 3011 3316 nos,
3042 3256 3098 3308 et
3122 3250 3288 3323 apud
3317 3247 3559 3306 catholi-

1905 3359 2040 3400 cam
2061 3342 2385 3400 Ecclesiam
2406 3346 2700 3409 nostram,
2728 3347 2784 3398 et
2803 3341 2970 3414 apud
2985 3341 3118 3412 ejus
3138 3340 3558 3396 informatores

1903 3435 2177 3492 doctores
2206 3439 2263 3490 et
2286 3434 2596 3507 praesules.
2629 3435 2854 3491 Horum
2876 3448 3020 3490 vero
3058 3431 3289 3505 primus
3305 3430 3414 3486 fuit
3430 3430 3560 3485 Dio-

1903 3525 2114 3598 nysius
2142 3525 2501 3597 Areopagita
2527 3524 2631 3597 qui
2657 3523 2717 3580 in
2740 3523 3008 3580 secundo
3047 3522 3239 3594 capite
3269 3521 3344 3576 de
3393 3519 3560 3575 unita

1905 3619 1962 3671 et
1990 3617 2266 3686 separata
2294 3613 2596 3684 theologia
2635 3613 2719 3669 sic
2769 3612 2938 3669 inﬁt:
2991 3611 3146 3668 Audi
3193 3609 3370 3666 illud:
3424 3611 3558 3664 Haec

1905 3703 2045 3760 dicit
2090 3703 2378 3758 Dominus
2443 3701 2546 3775 qui
2585 3707 2678 3758 est
2704 3701 2810 3774 qui
2847 3705 2994 3770 erat,
3048 3704 3104 3756 et
3128 3699 3234 3772 qui
3259 3699 3560 3770 [venturus

1905 3797 1994 3848 est
2021 3795 2079 3848 et
2102 3793 2512 3864 omnipotens,
2543 3795 2602 3848 et
2625 3796 2688 3846 tu
2718 3791 2845 3864 ipse
2877 3807 2962 3857 es,
2991 3793 3050 3846 et
3095 3789 3365 3861 Spiritus.
3403 3785 3561 3842 veri-

1904 3883 2040 3938 tatis
2069 3882 2173 3954 qui
2203 3887 2308 3944 est,
2374 3880 2479 3954 qui
2533 3879 2804 3953 procedit
2853 3895 2889 3935 a
2931 3881 3125 3935 Patre.
3179 3880 3246 3933 Et
3299 3890 3560 3945 magnus

1905 3971 2263 4027 Athanasius
2289 3971 2348 4026 in
2379 3985 2488 4026 sua
2517 3969 2595 4026 ad
2645 3969 3033 4040 Serapionem
3085 3965 3375 4038 epistola:
3433 3967 3561 4020 Non

1904 4060 2058 4116 bene
2089 4060 2350 4116 sentiunt
2377 4059 2453 4114 de
2475 4058 2694 4130 Spiritu
2719 4061 2950 4124 sancto,
2976 4071 3086 4112 nec
3109 4054 3263 4110 bene
3303 4052 3563 4110 sentiunt

1906 4149 1981 4204 de
2013 4148 2188 4213 Filio;
2221 4147 2266 4202 si
2308 4147 2469 4204 enim
2499 4150 2724 4202 rectam
2773 4149 2850 4200 de
2904 4144 3042 4200 Filio
3089 4143 3380 4199 haberent
3424 4155 3560 4195 sen-

1907 4238 2176 4303 tentiam,
2207 4237 2411 4309 utique
2441 4240 2498 4292 et
2533 4251 2742 4291 sanam
2778 4234 3133 4290 sententiam
3175 4232 3446 4288 foverent
3487 4230 3562 4286 de

1912 4326 2128 4398 Spiritu
2160 4331 2384 4390 sancto,
2421 4325 2524 4396 qui
2577 4322 2845 4396 procedit
2875 4338 2911 4378 a
2948 4324 3139 4388 Patre,
3173 4326 3230 4377 et
3281 4319 3561 4394 proprius

1911 4419 2000 4471 est
2027 4414 2168 4480 Filii,
2192 4413 2297 4486 qui
2323 4411 2400 4468 ab
2453 4411 2553 4468 illo
2597 4412 2775 4467 datur
2821 4409 3132 4483 discipulis
3181 4409 3323 4479 suis,
3383 4413 3442 4464 et
3493 4407 3564 4463 iis

1910 4504 2014 4578 qui
2043 4503 2103 4558 in
2133 4503 2299 4559 illum
2331 4501 2600 4559 credunt.
2632 4500 2775 4556 Vide
2803 4499 2957 4556 duas
2987 4498 3403 4572 processiones
3420 4511 3564 4554 san-

1912 4593 2164 4650 ctissimi
2197 4591 2446 4664 Spiritus
2475 4605 2629 4664 quas
2657 4589 2834 4646 docet
2853 4589 3083 4662 optima
3108 4592 3166 4644 et
3210 4591 3376 4644 recta
3402 4585 3566 4642 theo-

1911 4682 2092 4752 logia.
2129 4684 2319 4738 Unam
2343 4696 2414 4736 ex
2445 4679 2574 4736 sola
2602 4693 2866 4752 persona
2891 4677 3566 4748 Patris,illamquea=ster-

1908 4788 2075 4838 nam,
2112 4769 2500 4836 invisibilem,
2541 4767 2933 4836 ineffabilem,
2974 4766 3377 4837 personalem,
3416 4763 3566 4819 sicut

1911 4862 2196 4918 Dominus
2224 4858 2490 4931 loquitur
2515 4858 2574 4914 in
2596 4856 2923 4926 Evangeliis
2945 4874 2960 4926 ;
3002 4855 3183 4911 aliam
3222 4868 3365 4909 vero
3421 4857 3566 4909 tem-

1906 4949 2178 5022 poralem
2206 4953 2264 5005 et
2318 4947 2644 5018 gratiosam
2699 4961 2835 5017 quae
2886 4943 2952 5000 fit
3002 4959 3107 5016 per
3159 4940 3568 5000 Filium.ldem

1907 5037 2267 5096 Athanasius
2293 5036 2354 5092 in
2376 5052 2486 5092 suo
2511 5035 2584 5091 de
2613 5034 2888 5091 'I‘rinitate
2937 5037 3208 5099 tractatu,
3257 5033 3434 5099 Deus,
3484 5031 3570 5087 in-

1905 5129 2054 5202 quit,
2101 5131 2190 5184 est
2233 5142 2432 5183 rerum
2481 5125 2752 5181 omnium
2797 5122 3178 5196 principium,
3233 5121 3569 5179 secundum

1907 5217 2248 5291 apostolum
2277 5215 2570 5272 dicentem
2595 5231 2607 5268 :
2645 5213 2865 5269 Unicus
2901 5214 3075 5282 Deus,
3103 5212 3326 5270 scilicet
3351 5216 3517 5269 Pater
3536 5227 3573 5268 a

1904 5322 2027 5380 quo
2059 5309 2197 5362 sunt
2222 5304 2426 5361 omnia
2451 5319 2464 5370 ;
2494 5318 2640 5359 nam
2678 5302 2859 5359 Filius
2900 5302 3030 5376 ipse
3075 5307 3164 5359 est
3205 5301 3284 5358 ab
3322 5301 3422 5358 illo
3468 5316 3574 5374 per

1905 5394 2378 5468 generationem,
2403 5396 2459 5450 et
2479 5391 2608 5466 ipse
2653 5392 2904 5465 Spiritus
2941 5406 3049 5464 per
3085 5391 3562 5466 processionem.

4039 205 4041 220 t

4039 247 4041 304 1

4039 321 4041 338 1

4039 347 4041 368 1

4039 381 4041 414 1

4039 527 4041 554 1

4039 573 4041 590 1

4039 615 4041 630 ι

4040 685 4041 700 1

4039 795 4041 820 1

4040 859 4041 876 1

4040 911 4041 924 1

4040 935 4041 948 1

4039 1037 4041 1060 1

4040 1063 4041 1078 1

4039 1099 4041 1114 1

4039 1209 4041 1232 1

4040 1247 4041 1266 1

4039 1287 4041 1312 1

4040 1339 4041 1356 1

4040 1391 4041 1412 1

4040 1459 4041 1476 1

4040 1557 4041 1584 1

4040 1623 4041 1636 1

4040 1647 4041 1660 1

4039 1665 4041 1692 1

4039 1721 4041 1740 1

4040 1833 4041 1852 1

4040 1885 4041 1908 1
