4106 6222
65 357 68 368 Ι
127 280 252 332 477

1657 271 2032 330 APOLOGIA.

3425 269 3530 326 478

137 401 278 474 οὐχὶ
308 405 414 455 καὶ
441 399 504 454 ἐκ
539 408 627 454 τοῦ
655 403 798 458 Υἰοῦ.
833 405 934 456 Kal
959 403 1144 463 πάντες
1181 397 1242 454 δε
1275 401 1325 454 οἱ
1365 407 1456 460 τῆς
1483 398 1601 450 καθ’
1634 399 1764 469 ἡμᾶς

1883 397 2042 466 magi
2057 395 2152 452 slt‘i
2192 396 2350 454 idem
2400 396 2667 454 sentiunt
2707 399 2765 453 et
2815 392 3195 461 annuntiant,
3223 390 3435 450 Christi
3477 398 3532 450 et

137 491 392 562 μεγάλης
417 497 516 544 xal
544 491 820 552 καθολικῆς
865 491 1178 552 Ἐκκλησίας
1215 489 1499 561 ἁγιώτατοι
1545 489 1768 557 καθηγε-

139 583 298 651 μόνες
338 584 444 631 xal
484 575 801 632 διδάσκαλοι
831 584 888 632 τό
937 579 1062 631 αὐτό
1094 582 1341 654 φρονοῦσί
1378 597 1432 629 τε
1460 582 1550 628 καὶ
1579 577 1770 649 κηρύτ-

141 687 355 733 τουσιν,
406 671 484 729 ὡς
521 675 733 742 Χριστῷ
785 677 857 740 τῷ
916 675 1030 740 Θεῷ
1086 673 1175 720 καὶ
1239 673 1349 728 τοῖς
1415 665 1575 717 αὐτοῦ
1617 664 1771 738 ἱεροῖς

141 764 443 830 προσεχῶς
497 755 789 830 ἐφεπόμενοι
837 759 1113 830 μαθηταῖς.
1159 755 1311 809 Ἀλλὰ
1348 757 1438 807 καὶ
1473 757 1713 826 Δάμασος
1743 755 1769 805 ό

145 847 463 916 ἁγιώτατος
512 845 970 919 πάππαςῬώμης,
1009 850 1138 921 πρὸς
1187 843 1439 898 Παυλῖνον
1488 843 1768 896 ἐπίσκοπον

141 936 385 1007 γράφων,
421 940 585 1007 φησίν
609 955 623 969 ·
659 939 722 987 Εἴ
744 953 820 996 τις
861 941 931 1008 μὴ
964 939 1097 988 εἴποι
1127 939 1185 988 τὸ
1217 941 1428 1007 Πνεῦμα
1454 937 1512 986 τό
1543 930 1688 1004 ἅγιον
1714 927 1768 983 ἐκ

147 1032 238 1075 τοῦ
273 1026 501 1097 Πατρός
528 1019 652 1076 εἶναι
674 1021 874 1084 ἀληθῶς
918 1027 1007 1076 καὶ
1028 1029 1240 1097 κυρίως,
1289 1023 1359 1086 ὡς
1406 1023 1493 1075 καὶ
1532 1025 1620 1074 τόν
1649 1022 1768 1074 Υἱόν

144 1115 238 1163 καὶ
281 1119 427 1165 Θεοῦ
462 1116 592 1165 Θεὸν
631 1117 818 1184 Λόγον,
850 1111 1082 1186 ἀνάθεμα
1105 1116 1260 1169 ἔστω.
1289 1117 1392 1166 Kal
1421 1114 1450 1170 ἡ
1482 1107 1678 1182 ἑϐδόμη
1709 1106 1768 1162 δὲ

153 1197 375 1262 σύνοδος
405 1205 506 1253 καὶ
544 1201 673 1260 αὐτή
709 1219 868 1273 φησιν
891 1217 902 1230 ·
933 1201 1104 1274 Ἡμεῖς
1133 1209 1192 1274 τῇ
1224 1199 1430 1274 ἀρχαίᾳ
1453 1201 1768 1272 θεσμοθεσία

150 1298 244 1349 τῆς
277 1289 609 1352 Ἐκκλησίας
657 1298 752 1352 τῆς
798 1291 1076 1351 καθολικῆς
1120 1289 1582 1362 ἕπακολουθοῦμεν,
1616 1289 1766 1360 ἡμεῖς

153 1383 272 1442 τοὺς
297 1381 536 1452 Θεσμοῦς
559 1387 658 1432 τῶν
683 1379 984 1432 ἀποστόλων
1015 1385 1103 1432 xal
1145 1385 1384 1455 Πατέρων
1425 1379 1762 1452 φυλάττομεν,

155 1469 298 1540 ipsi;
336 1470 470 1530 τοὺς
510 1470 883 1541 προστιθέντας
910 1470 939 1528 ἦ
983 1467 1325 1541 ἆφαιροῦντάς
1352 1489 1402 1520 τι
1433 1465 1486 1520 ἔκ
1518 1474 1611 1529 τῆς
1644 1466 1763 1518 Ἐκ-

157 1555 373 1618 κλησίας
421 1555 893 1630 ἆναθεματίζομεν.
931 1557 1160 1620 Ἀκούεις
1203 1561 1297 1619 τὰς
1341 1556 1626 1629 ἀποφάσεις
1667 1564 1765 1607 τῶν

163 1647 316 1717 ἁγίων
354 1649 449 1698 xal
481 1655 585 1698 τῶν
618 1643 874 1712 συνόδων,
907 1653 954 1700 τί
993 1647 1383 1720 ἀποφαίνονται,
1413 1649 1492 1698 ὃτι
1523 1644 1578 1698 ἐκ
1606 1649 1766 1717 μόνης

1879 483 2312 557 discipulorum
2369 501 2618 542 suorum
2677 485 2813 556 jure
2862 482 3112 551 vestigia
3167 485 3527 554 prementes.

1880 573 2045 638 Quod
2065 579 2122 628 et
2138 574 2263 644 ipse
2280 577 2570 629 Damasus
2588 574 3004 630 sanctissimus
3020 588 3183 644 papa
3201 569 3528 638 Romanus,

1879 661 2134 733 epistola
2157 661 2233 718 ad
2261 661 2576 718 Paulinum
2599 662 2950 734 episcopum
2973 659 3148 716 dicit:
3175 660 3230 716 Si
3251 659 3389 732 quis
3409 673 3528 714 non

1879 757 2114 806 asserat
2145 751 2424 823 Spiritum
2466 758 2739 808 sanctum
2763 766 2798 807 a
2831 753 3016 818 Patre,
3041 749 3191 804 sicut
3222 747 3398 804 Filius
3431 747 3530 804 Dei

1879 844 1935 894 et
1965 840 2218 896 Verbum
2253 844 2425 912 Deus,
2456 858 2606 909 esse,
2636 841 2710 898 sit
2731 841 3070 896 anathema.
3109 838 3368 911 Denique
3398 837 3528 908 ipsa

1878 929 2149 999 synodus
2184 931 2442 1004 septima
2471 931 2630 986 idem
2658 931 2872 987 asserit
2894 929 3100 985 dicens
3127 931 3274 984 :Nos
3290 925 3528 982 decreta

1877 1017 2284 1089 apostolorum
2321 1025 2374 1076 et
2405 1021 2642 1076 Patrum
2675 1017 3086 1082 observantes,
3118 1031 3231 1072 nos
3266 1014 3528 1087 antiquis

1876 1105 2110 1177 legibus
2143 1109 2412 1165 Ecclesiae
2444 1109 2748 1166 catholicas
2777 1107 3135 1178 insistentes,
3160 1121 3270 1161 nos
3301 1103 3525 1160 adden-

1877 1201 1963 1252 tes
1994 1197 2243 1270 aliquid,
2279 1206 2381 1254 aut
2408 1199 2693 1269 tollentes,
2719 1209 2792 1254 ex
2832 1195 3092 1254 Ecclesia
3121 1207 3522 1261 removemus,

1877 1289 1931 1339 et
1963 1287 2364 1342 unathematis
2396 1287 2632 1343 vinculo
2663 1283 3248 1342 innodamus.Audis
3263 1281 3526 1338 declara-

1877 1374 2064 1428 tiones
2097 1381 2464 1439 sanctorum,
2499 1383 2553 1432 et
2591 1375 2988 1447 synodorum,
3020 1371 3167 1445 quid
3223 1369 3527 1426 declarent

1875 1465 1932 1518 et
1963 1469 2250 1526 asserant,
2286 1480 2355 1520 ex
2387 1463 2517 1520 sola
2565 1463 2847 1520 nimirum
2879 1477 3137 1536 persona
3171 1460 3350 1516 Patris
3378 1459 3525 1514 divi-

1875 1567 2022 1608 num
2069 1555 2350 1626 Spiritum
2403 1555 2743 1609 immediate
2793 1551 3136 1625 procedere,
3179 1565 3285 1622 per
3316 1549 3523 1604 Filium

1875 1658 2036 1713 vero,
2067 1643 2448 1716 effulgentem
2481 1649 2537 1700 et
2580 1641 3026 1716 suppeditatum
3072 1639 3207 1696 ﬁliis
3255 1639 3526 1710 adoptio-

164 1743 255 1797 τῆς
281 1743 546 1808 πατρικῆς
575 1735 917 1798 ὑποστάσεως
948 1735 1147 1808 ἁμέσως
1177 1739 1235 1789 τὸ
1277 1738 1407 1789 θεῖον
1439 1731 1764 1808 ἐκπορεύεται

1876 1733 1990 1801 nis,
2018 1739 2262 1805 propter
2291 1734 2776 1804 conjunctionem
2817 1731 3086 1788 assentire
3134 1734 3191 1784 et
3239 1730 3523 1784 unitatem

173 1830 391 1895 Πνεῦμα,
428 1820 505 1876 δι’
531 1823 660 1877 Υίοῦ
700 1819 759 1877 δι
797 1831 905 1888 τοῖς
949 1827 1352 1897 υἰοθετουμένοις
1392 1821 1650 1896 ἐκλάμπον
1678 1835 1767 1882 καὶ

173 1916 556 1985 χορηγούμενον
597 1909 692 1966 διά
739 1933 792 1966 τε
832 1915 888 1966 τὸ
939 1919 1160 1987 συναφὲς
1197 1923 1287 1975 τῆς
1331 1913 1516 1975 οὐσίας
1554 1917 1642 1964 καὶ
1673 1915 1766 1970 τὴν

181 1999 497 2071 ὁμοϐουλίαν.
525 2005 627 2054 Kal
659 2004 684 2053 ὁ
717 2003 846 2063 θεῖος
866 1997 924 2055 δε
951 2008 1041 2056 καὶ
1068 2007 1230 2075 μέγας
1253 1999 1542 2063 ἀπόστολος
1570 1999 1768 2060 Παῦλος

182 2097 248 2158 τῷ
267 2087 543 2161 ἂναθέματι
558 2096 916 2164 παραπέμπων
944 2097 1176 2164 φαίνεται
1205 2096 1326 2153 τοὺς
1351 2091 1685 2167 προστιθέναι
1716 2099 1767 2140 τι

187 2175 524 2248 τολμήσαντας
552 2187 663 2240 τοῖς
709 2187 802 2242 τῆς
833 2184 1059 2242 πίστεως
1099 2177 1354 2252 δόγμασι,
1387 2178 1510 2254 παρ’
1540 2180 1565 2230 ὃ
1604 2181 1763 2251 παρέ-

192 2263 336 2316 λαϐον
365 2266 410 2329 ἐξ
439 2267 594 2320 αὐτοῦ
615 2277 816 2340 πρῶτον
841 2276 1078 2343 Χριστοῦ
1115 2276 1208 2321 τοῦ
1236 2276 1367 2322 Θεοῦ
1398 2270 1565 2340 ἡμῶν,
1589 2270 1765 2319 ἔπειτα

205 2351 256 2404 ὲκ
284 2353 449 2407 τοῦτον
472 2375 523 2409 τε
558 2362 641 2408 καὶ
683 2363 792 2420 τοῖς
831 2358 1032 2421 λοιποῖς
1061 2357 1366 2420 ἀποστόλοις
1391 2365 1476 2410 και
1500 2355 1534 2410 δ
1541 2354 1594 2410 ιδ
1600 2359 1764 2409 ασκά-

208 2441 330 2504 λοις.
375 2451 544 2498 Καὶτοι
568 2467 619 2518 γε
645 2447 796 2500 αὐτοί
837 2448 952 2501 ἕστε
998 2451 1143 2521 ὑμεῖς
1174 2449 1223 2501 οἱ
1260 2450 1642 2524 προστιθέντες,
1672 2452 1762 2499 καὶ

204 2534 483 2604 προσθήκην
535 2534 847 2609 ἔσφαλμένην
900 2539 1029 2609 ἄγαν
1085 2557 1138 2590 τε
1202 2541 1292 2589 xal
1353 2539 1618 2611 αἱρετικήν
1671 2540 1761 2588 καὶ

201 2619 423 2677 ἀντίθεον.
481 2627 561 2682 Μὴ
619 2633 789 2677 τοίνυν
852 2633 942 2678 τοῦ
993 2623 1175 2678 λοιποῦ
1237 2625 1449 2698 ἀμαθῶς
1496 2623 1761 2698 τολμήσῃς

196 2713 493 2781 σοφίζεσθαι,
526 2720 620 2766 xal
656 2709 998 2785 ψευδοδοξεῖν
1042 2713 1113 2787 ἐφ’
1141 2714 1233 2788 ὕλῃ
1281 2720 1366 2766 καί
1408 2716 1668 2782 ὑποθέσει,
1703 2713 1761 2774 ἧς

193 2797 442 2856 iam“
497 2806 626 2874 ἡμῖν
682 2801 929 2876 ἐκλάμπει
969 2808 1036 2866 ὡς
1085 2809 1243 2876 μέγας
1284 2803 1424 2864 ἥλιος
1473 2801 1557 2854 ἀπ’
1592 2803 1760 2854 αὐτῶν

191 2895 366 2958 πρῶτον
399 2899 492 2942 τῶν
541 2893 690 2943 θείων
714 2893 959 2968 ῥημάτων
1004 2901 1094 2944 τοῦ
1145 2898 1339 2964 Κυρίου
1370 2895 1514 2964 ἡμῶν
1542 2897 1630 2943 καὶ
1660 2899 1759 2943 τῶν

192 2978 330 3047 ἁγίων
380 2979 702 3047 ἀποστόλων,
749 2988 838 3035 καὶ
882 2991 1048 3056 σοφῶν
1105 2983 1372 3054 θεολόγων,
1415 2981 1462 3034 οἳ
1513 2987 1760 3054 γεγόνασι

191 3077 429 3142 φωστῆρες
454 3069 499 3122 ἐν
523 3077 737 3143 κόσμῳ,
768 3071 916 3143 λόγον
944 3073 1084 3134 ζωῆς
1109 3072 1403 3143 ἐπέχοντες.

252 3161 340 3208 Kal
393 3167 565 3210 ταῦτα
624 3163 714 3231 μὲν
774 3158 1210 3232 ἀπελογησάμεθά
1269 3179 1354 3211 σοι
1406 3163 1533 3232 πρός
1598 3178 1652 3211 τε
1702 3162 1760 3210 τό

189 3249 364 3316 πρῶτον
395 3265 486 3298 σου
528 3248 752 3319 ζήτημα
779 3253 868 3299 καὶ
898 3253 954 3300 τό
996 3245 1250 3321 δεύτερον.

248 3332 306 3402 γ’.
347 3339 474 3408 Πρός
503 3333 567 3390 δὴ
607 3340 668 3388 τὸ
707 3342 878 3411 τρίτον
910 3357 1006 3390 σου
1047 3338 1280 3409 ζήτημα,
1326 3336 1375 3389 ἓν
1416 3335 1455 3408 ᾧ
1480 3336 1643 3407 λέγεις
1681 3338 1762 3388 ὃτι

192 3418 234 3470 ἐν
253 3420 416 3495 ὰζύμῳ
454 3430 510 3477 τό
541 3435 701 3497 σῶμα
730 3435 821 3477 τοῦ
853 3435 1085 3500 Χριστοῦ
1123 3427 1424 3489 τελειοῦται,
1469 3425 1642 3500 πόρρω
1667 3434 1761 3486 τῆς

191 3506 403 3574 ἀλπθείας
427 3517 557 3586 ἄγαν
590 3520 684 3566 καὶ
724 3523 874 3567 τοῦτο
913 3518 1252 3570 καθέστηκεν.
1305 3515 1415 3568 Οῦκ
1463 3512 1614 3576 οἶδας
1659 3519 1758 3586 γὰρ

193 3599 258 3649 ὅτι
283 3604 334 3652 τό
364 3606 491 3676 ἱερὸν
522 3604 858 3674 Εὖαγγελιον,
892 3607 1011 3657 ἔνθα
1032 3602 1091 3663 ἦν
1122 3606 1321 3677 ἄζυμα,
1356 3607 1598 3677 καθαρῶς
1628 3605 1761 3656 αὐτὰ

192 3687 346 3760 ἄζυμα
389 3691 721 3765 ἐπονομάζει,
763 3692 883 3745 ἔνθα
930 3690 989 3746 δὲ
1024 3691 1083 3752 ἦν
1122 3697 1294 3768 ἄρτος,
1335 3698 1496 3765 ἤγουν
1545 3696 1759 3765 ἓνζυμον

195 3780 396 3851 φύραμα,
424 3781 661 3855 ἐμφανῶς
691 3785 845 3856 ἄρτον
887 3789 1036 3856 φησί.
1070 3788 1156 3837 Διὸ
1197 3789 1286 3836 καὶ
1323 3783 1547 3854 λέγεται,
1578 3783 1675 3835 Ἦν
1702 3780 1760 3835 δε

193 3869 240 3916 τό
266 3872 447 3942 Πάσχα
471 3878 562 3924 xal
604 3875 672 3924 τὰ
719 3873 919 3944 ἄζυμα.
954 3877 1022 3925 Τό
1061 3876 1161 3948 γὰρ
1209 3881 1499 3930 τηνικαῦτα
1537 3875 1756 3944 Πάσχα,

193 3956 260 4007 ὃτι
287 3960 399 4012 αὐτὸ
425 3965 473 4012 οὶ
504 3957 760 4014 Ἰουδαῖοι
791 3961 1008 4026 ἐτέλουν,
1049 3964 1074 4014 ό
1107 3968 1338 4035 Χριστός
1379 3961 1662 4035 ἀπῃώρητο
1691 3971 1760 4032 τῷ

195 4057 407 4120 σταυρῷ·
439 4056 527 4103 καὶ
571 4055 724 4112 σύνες
763 4055 820 4103 τό
867 4051 1012 4122 λέγον
1053 4053 1379 4124 εὖαγγελικόν
1430 4053 1608 4126 ῥητόν,
1662 4057 1760 4104 Καὶ

194 4132 320 4186 αὐτοὶ
343 4138 429 4188 οὐκ
455 4140 701 4199 εἰσῆλθον
741 4140 806 4201 εἰς
837 4145 894 4192 τὸ
934 4148 1270 4215 πραιτώριον,
1315 4143 1397 4192 ἱνα
1433 4146 1503 4213 μὴ
1533 4144 1755 4211 μιανθῶ-

197 4239 264 4271 σιν
307 4223 406 4276 ίιλλ⁸
436 4229 517 4280 ἵνα
544 4232 758 4301 φάγωσι
784 4234 840 4281 τό
869 4233 1087 4302 Πάσχα.
1124 4235 1224 4284 Kal
1267 4235 1325 4282 τό
1351 4233 1441 4302 μιν
1483 4233 1680 4300 Πάσχα
1711 4229 1760 4281 οἰ

197 4309 414 4367 Ἰουδαῖοι
441 4314 776 4392 ὀρθοστάδην
816 4317 1002 4371 ἐσθίειν
1028 4322 1448 4390 νενομοθέτηνται
1475 4341 1486 4352 ο
1520 4321 1545 4370 ό
1579 4315 1636 4372 δὲ
1662 4322 1758 4372 Κῦ-

195 4417 287 4468 pm;
307 4405 562 4476 προλαϐὼν
582 4406 632 4458 ἐν
653 4415 725 4478 τῇ
741 4417 981 4480 μυστικῷ
1003 4404 1197 4479 δείπνῳ
1215 4412 1272 4460 τό
1299 4407 1537 4465 ἀληθινὸν
1562 4412 1760 4479 Πάσχα
1794 4435 1834 4488 ι)

197 4497 285 4551 T'i;
309 4496 556 4562 μαθηταῖς
577 4505 940 4568 μυσταγωγῶν
965 4502 1054 4549 καὶ
1079 4495 1408 4571 παραδιδοὺς
1435 4497 1760 4569 ἀνακείμενος

200 4579 287 4646 μετ’
313 4582 467 4635 αὐτῶν
494 4587 656 4655 ἔσθιε,
689 4588 861 4646 καθὼς
889 4591 947 4638 τό
981 4589 1112 4660 ἱερὸν
1143 4583 1387 4649 διέξεισιν
1431 4587 1758 4658 Εὑαγγέλιον.

202 4664 362 4736 Ὀψίας
409 4669 467 4725 δὲ
530 4679 809 4746 γενομένης
874 4674 1096 4728 ἀνέκειτο
1162 4679 1292 4747 μετὰ
1345 4685 1442 4728 τῶν
1511 4673 1758 4728 δώδεκα·

203 4757 441 4812 εσθιοντων
477 4758 536 4816 δὲ
576 4763 767 4830 αὐτῶν,
794 4763 962 4816 λαϐὼν
995 4766 1019 4816 ὁ
1048 4764 1254 4825 Ἰησοῦς
1281 4767 1458 4838 ἄρτον,
1489 4770 1578 4816 καὶ
1618 4765 1761 4818 εὐλο-

199 4848 343 4910 γήσας
379 4850 558 4905 ἕκλασε
611 4858 700 4905 καὶ
751 4849 936 4906 ἐδίδου
985 4862 1091 4916 τοῖς
1131 4856 1408 4926 μαθηταῖς.
1464 4859 1563 4906 Kal
1605 4851 1762 4912 δῆλον

202 4928 393 4990 ἐντεῦθεν
417 4942 494 4993 ὁτι
522 4945 580 5018 τό
605 4937 895 4997 Ἰουδαϊκόν
925 4943 1018 4996 οῦκ
1050 4939 1110 5002 ἦν
1141 4945 1360 5014 Πάσχα,
1395 4945 1514 4996 ἔνθα
1543 4940 1677 5015 ᾖσαν
1698 4946 1763 4995 τὰ

201 5021 370 5097 ἄζυμα,
392 5026 518 5082 ἀλλὰ
537 5035 596 5083 τὸ
623 5037 879 5104 μυστικόν
900 5037 990 5085 καὶ
1014 5032 1273 5091 ἀληθινόν.
1302 5056 1322 5083 ι
1355 5031 1639 5105 Ἐπιθυμίᾳ
1660 5036 1760 5105 γὰρ

202 5106 487 5188 ἐπεθύμησα,
519 5142 541 5169 ι
563 5125 746 5192 φησιν,
767 5144 788 5172 α
814 5129 966 5174 τοῦτο
988 5125 1046 5174 τό
1069 5123 1270 5192 Πάσχα
1291 5128 1469 5193 φαγεῖν
1489 5121 1600 5193 μεθ’
1619 5122 1762 5193 ὑμῶν

201 5203 282 5268 πρὸ
307 5213 389 5256 τοῦ
414 5225 474 5278 με
493 5206 694 5275 παθεῖν,
716 5206 1031 5273 »δεικτικῶς
1053 5218 1208 5263 τοῦτο
1235 5209 1760 5282 ἀποφαινόμενος.Διό

206 5288 331 5374 ᾇρτος
352 5293 396 5345 ἓν
417 5294 627 5373 ἀληθείᾳ
652 5296 734 5368 ἦν,
761 5304 921 5371 ἤγουν
947 5301 1166 5372 ἔνζυμον
1192 5302 1423 5374 φύραμα,
1451 5299 1546 5351 κᾶν
1570 5305 1762 5374 μυρίας

206 5373 340 5450 λύγων
365 5392 583 5462 ματαίας
613 5393 908 5465 συμφέρητε
945 5389 1256 5466 λεσχηνείας
1285 5395 1375 5441 καὶ
1407 5388 1678 5462 φλυαρίας.

1877 1821 2226 1878 voluntatis.
2261 1825 2327 1879 Et
2373 1822 2548 1878 divus
2581 1837 2838 1892 magnus
2866 1817 3172 1894 apostolus
3198 1816 3420 1874 Paulus
3445 1815 3526 1872 vi-

1876 1903 2112 1966 debitur
2137 1911 2504 1968 anathemati
2545 1911 2775 1967 tradere
2806 1927 2911 1965 eos
2942 1910 3045 1983 qui
3075 1923 3146 1964 eo
3178 1904 3522 1963 temeritatis

1877 1999 2271 2072 abripiuntur,
2307 2007 2368 2056 ut
2415 1999 2642 2073 aliquid
2673 1999 2902 2056 addant
2956 1997 3093 2053 ﬁdei
3132 1993 3521 2065 dogmatibus

1875 2104 2010 2161 quae
2042 2089 2237 2162 primo
2267 2095 2512 2162 accepta
2543 2093 2676 2144 sunt
2718 2095 2774 2145 et
2812 2087 3026 2143 tradita
3065 2101 3100 2142 a
3148 2085 3374 2140 Christo
3404 2084 3519 2145 Deo

1875 2183 2099 2243 nostro,
2123 2185 2178 2233 et
2208 2184 2418 2250 postea
2462 2178 2539 2233 ab
2593 2177 2691 2233 illo
2744 2180 2801 2233 et
2847 2174 3074 2231 caeteris
3130 2169 3416 2245 apostolis
3465 2172 3522 2224 et

1873 2266 2244 2324 doctoribus.
2272 2268 2391 2322 Vos
2417 2281 2556 2323 vero
2587 2267 2700 2339 ipsi
2731 2266 2873 2321 estis
2901 2265 3003 2337 qui
3031 2262 3265 2331 additis,
3296 2265 3352 2315 et
3384 2256 3520 2330 qui-

1871 2354 2010 2411 dem
2066 2355 2434 2412 additionem
2489 2355 2872 2413 vehementer
2922 2366 3254 2421 erroneam,
3286 2346 3519 2404 haereti-

1873 2460 2006 2500 cam
2042 2489 2055 2512 ,
2113 2449 2170 2500 et
2213 2445 2344 2500 'Deo
2398 2445 2778 2511 contrariam.
2834 2445 2912 2500 Ne
2951 2455 3092 2512 ergo
3147 2439 3518 2510 inposterum

1869 2533 2096 2590 audeas
2127 2533 2517 2606 sophisticum
2539 2549 2734 2604 agere,
2749 2538 2806 2588 et
2825 2529 2973 2588 falsa
2994 2531 3282 2598 dogmata
3303 2523 3520 2581 cudere

1870 2622 1928 2677 in
1963 2625 2210 2680 materia
2247 2629 2303 2678 et
2331 2621 2670 2696 hypothesi,
2699 2621 2871 2692 cujus
2891 2619 3109 2676 veritas
3134 2633 3246 2673 nos
3269 2614 3521 2671 illustrat

1871 2711 2021 2767 sicut
2074 2711 2162 2767 sol
2218 2729 2496 2783 magnus.
2541 2729 2677 2786 quae
2733 2711 2936 2767 lumen
2991 2709 3520 2788 suummutuatur

1870 2803 2065 2872 primo
2091 2817 2125 2857 a
2154 2801 2346 2858 verbis
2381 2803 2524 2875 ipsis
2555 2801 2786 2858 Domini
2817 2799 3022 2867 nostri,
3045 2797 3262 2854 deinde
3293 2811 3360 2850 ex
3389 2807 3516 2850 ver-

1870 2890 1960 2944 bis
1987 2896 2330 2947 sanctorum
2375 2891 2803 2966 apostolorum,
2857 2895 2913 2945 et
2961 2887 3376 2958 theologorum
3424 2901 3514 2939 sa-

1870 2979 2105 3034 niorum
2139 2984 2194 3035 et
2237 2980 2690 3048 sapientiorum,
2721 2979 2824 3051 qui
2853 2983 2916 3033 ut
2945 2975 3140 3032 sidera
3181 2976 3238 3029 in
3285 2972 3514 3028 mundo

1793 3086 1831 3141 ρ
1869 3065 2201 3136 radiarunt,
2228 3075 2530 3124 servantes
2563 3067 2812 3124 verbum
2835 3067 2989 3121 vitae.

1944 3160 2007 3212 Et
2047 3157 2175 3212 haec
2208 3163 2344 3212 sunt
2374 3157 2646 3213 vindicias
2687 3161 2903 3211 nostrae
2934 3153 3011 3211 ad
3037 3155 3292 3226 primam
3333 3155 3387 3206 et
3425 3166 3515 3206 se-

1870 3245 2134 3301 cundam
2162 3252 2323 3302 tuam
2355 3247 2769 3318 quaestionem.

1941 3338 1991 3389 3.
2011 3334 2368 3390 Accedimus
2390 3351 2528 3390 vero
2550 3335 2624 3391 ad
2653 3335 2888 3390 tertium
2913 3332 3236 3405 qumsitum
3257 3334 3421 3385 tuum
3456 3327 3513 3382 in

1870 3439 1993 3493 quo
2024 3423 2171 3478 dicis
2201 3424 2364 3496 quod
2397 3441 2615 3496 corpus
2641 3422 2845 3479 Christi
2865 3423 3178 3478 coniicitur
3199 3420 3254 3474 in
3281 3433 3513 3489 azymo.

1869 3512 2032 3584 quod
2058 3519 2211 3568 certe
2242 3530 2278 3569 a
2308 3515 2546 3570 veritate
2576 3522 2700 3570 tam
2725 3519 2814 3569 est
2842 3513 3105 3568 alienum
3141 3526 3324 3584 quam
3351 3506 3518 3581 quod
3544 3506 3555 3513 ’

1871 3603 2157 3658 maxime.
2191 3603 2388 3659 Nescis
2417 3605 2574 3659 enim
2607 3603 2773 3676 quod
2804 3607 3080 3659 sanctum
3104 3598 3515 3668 Evangelium,

1873 3690 1973 3745 ubi
2002 3707 2355 3764 azymorum
2373 3694 2626 3749 occurrit
2651 3694 2875 3750 mentio
2897 3691 3191 3760 facienda,
3215 3705 3285 3744 ea
3307 3703 3519 3759 azyma

1869 3779 2022 3834 clare
2049 3786 2106 3836 et
2133 3781 2388 3837 rotunde
2431 3783 2796 3853 pronuntiat.
2834 3782 2941 3838 Ubi
2974 3797 3111 3836 vero
3142 3784 3231 3835 est
3257 3777 3432 3851 panis
3465 3781 3521 3831 et

1869 3867 2224 3926 fermentata
2253 3886 2481 3938 massa,
2529 3871 2842 3926 manifeste
2874 3886 3094 3944 panem
3147 3870 3439 3922 memorat
3463 3869 3520 3920 et

1869 3962 2055 4012 notat.
2117 3958 2256 4013 Ideo
2305 3959 2543 4015 dicitur.
2589 3963 2721 4014 Erat
2773 3959 3002 4014 Pascha
3058 3963 3114 4012 et
3170 3953 3518 4010 solemnitas

1869 4061 2246 4117 azymorum.
2295 4051 2374 4102 Eo
2431 4064 2568 4103 vero
2599 4063 2721 4120 quo
2771 4047 2958 4102 Judaai
2989 4044 3215 4101 Pascha
3259 4040 3519 4096 celebra-

1867 4132 2014 4188 bant
2046 4141 2334 4206 tempore,
2369 4137 2630 4191 Christus
2662 4137 2721 4191 in
2753 4151 2991 4190 crucem
3012 4138 3220 4204 raptus
3247 4135 3302 4184 et
3328 4128 3518 4184 elatus

1870 4222 1996 4290 fuit,
2056 4230 2113 4278 et
2164 4225 2702 4280 animadvertenda
2743 4231 2881 4279 sunt
2911 4222 3097 4276 verba
3149 4216 3514 4286 evangelica.

1869 4311 1958 4366 llli
1987 4327 2108 4367 non
2140 4313 2391 4382 ingressi
2421 4320 2559 4368 sunt
2589 4313 2953 4385 praetorium,
2984 4327 3059 4366 ne
3090 4308 3516 4382 polluerentur,

1869 4399 1974 4456 sed
2004 4401 2387 4458 comederent
2415 4403 2636 4458 Pascha
2662 4422 2674 4470 ;
2707 4407 2762 4457 et
2788 4401 3008 4456 Judaeis
3046 4399 3138 4454 lex
3169 4403 3295 4454 erat
3325 4395 3518 4468 posita

1869 4504 1992 4560 qua
2019 4494 2240 4546 stantes
2271 4490 2484 4546 festum
2521 4491 2820 4546 Paschatis
2849 4489 3152 4545 debebant
3182 4483 3510 4542 celebrare.

1872 4577 2159 4632 Dominus
2188 4594 2330 4634 vero
2361 4584 2759 4646 antevertens,
2793 4583 2847 4633 et
2870 4576 3046 4650 quasi
3073 4575 3426 4646 anticipans,
3459 4571 3518 4625 in

1871 4666 2127 4737 mystica
2159 4682 2350 4734 caena,
2375 4678 2581 4722 vemm
2613 4667 2840 4722 Pascha
2872 4666 3118 4738 mystice
3143 4676 3435 4735 peragens
3463 4664 3520 4713 et

1873 4755 2115 4812 tradens
2144 4755 2453 4828 discipulis
2479 4773 2616 4811 cum
2645 4756 2754 4811 illis
2780 4772 3003 4811 mensie
3035 4751 3386 4808 accumbens
3412 4763 3516 4802 co-

1873 4845 2077 4910 medit,
2107 4846 2261 4902 sicut
2297 4845 2410 4901 hoc
2466 4845 2729 4901 declarat
2783 4851 3057 4900 sanctum
3107 4837 3514 4916 Evangelium.

1873 4935 2214 5012 Yespertino
2297 4940 2567 5006 tempore
2638 4933 2917 4989 accubuit
2993 4947 3130 4987 cum
3196 4927 3515 5004 duodecim

1872 5022 2192 5096 Apostolis,
2221 5021 2335 5078 illis
2366 5039 2506 5078 vero
2537 5021 3017 5086 comedentibus,
3045 5035 3181 5075 cum
3213 5021 3383 5074 Jesus
3413 5033 3516 5090 pa-

1871 5124 2010 5166 nem
2040 5112 2385 5184 accepisset,
2417 5111 2580 5167 illum
2612 5109 2936 5175 benedixit,
2966 5114 3019 5165 et
3049 5108 3237 5178 fregit,
3268 5112 3322 5163 et
3355 5105 3521 5162 dedit

1871 5199 2201 5272 discipulis,
2245 5199 2384 5256 hinc
2439 5199 2751 5255 manifeste
2789 5197 3134 5268 ostendens,
3181 5195 3344 5270 quod
3395 5209 3517 5264 non

1871 5293 1997 5344 erat
2040 5289 2356 5345 Judaicum
2401 5289 2642 5357 Pascha,
2699 5288 2758 5342 in
2816 5303 2938 5360 quo
2989 5303 3202 5359 azyma
3245 5283 3519 5340 solebant

1870 5379 2170 5450 usurpari,
2202 5378 2306 5434 sed
2338 5393 2546 5433 verum
2576 5383 2632 5433 et
2657 5377 2977 5449 mysticum
3011 5377 3236 5432 Pascha
3293 5399 3311 5422 ι
3349 5371 3516 5427 Desi-

1868 5467 2054 5536 derio,
2083 5467 2296 5540 inquit,
2336 5466 2676 5524 desideravi
2714 5467 3028 5523 comedere
3060 5465 3371 5534 vobiscum
3402 5464 3517 5518 hoc

1865 5557 2094 5642 Pascha
2121 5561 2449 5630 antequam
2474 5556 2669 5630 patiar
2691 5558 2733 5644 ‘,
2771 5577 2792 5606 ι
2826 5555 2942 5613 hoc
2969 5557 3175 5628 ipsum
3199 5551 3514 5644 manifeste
