4106 6222
3564 0 3649 21 -_‘

561 288 668 345 479
1745 270 2096 332 MANUELIS
2136 269 2355 329 MAGNI
2391 270 2738 330 RHETORIS
3824 283 3955 339 480

559 405 1104 470 etdemonstrative
1145 401 1483 461 declarans.
1525 399 1661 457 Ideo
1700 401 1934 457 constat
1983 414 2122 455 vere
2177 412 2403 471 panem
2460 396 2664 470 fuisse,
2707 413 2815 456 seu
2868 416 3137 462 massam
3188 404 3480 466 fermento
3527 376 3935 479 maceratam,

560 500 789 560 etiamsi
837 501 1045 555 contra
1098 493 1449 551 innumeras
1494 489 1833 561 congeratis
1884 487 2209 545 verborum
2239 486 2521 561 ineptias,
2550 502 2748 559 nugas
2776 489 3180 553 ctfutilitates.

634 630 749 683 4-5.
781 621 953 690 Quod
972 619 1052 677 ad
1081 618 1283 691 ignem
1308 615 1747 692 purgatorium,
1774 612 1975 670 nullus
1992 612 2211 669 exsistit

2399 609 2534 669 ὃ¹-ε’.
2566 612 2681 666 Ἔτι
2718 616 3067 692 καθαρτήριον
3106 627 3210 696 πῦρ
3238 616 3499 682 ούδ’ὃ).ως
3537 621 3775 695 ὑπάρχει
3797 622 3940 693 μετὰ

562 717 701 789 post
728 714 1007 779 mortem,
1060 722 1164 766 seu
1214 706 1357 763 hinc
1399 704 1822 775 migrationem
1860 706 1916 760 et
1966 702 2213 757 exitum.

563 806 663 859 Est
718 799 942 874 quippe
989 796 1145 853 fetus
1202 795 1499 852 haereseos
1539 791 1933 863 Origeniante,
1959 790 2215 863 ideoque

562 889 732 948 illum
785 892 850 944 ut
905 884 1334 957 blasphemum
1390 881 1579 953 rejicit
1624 885 1681 937 et
1720 879 1938 937 divinae
1984 876 2215 934 veritati

562 978 928 1038 contrarium
968 974 1230 1032 Ecclesia
1276 976 1483 1029 nostra
1531 974 1739 1028 sancta
1768 973 1826 1026 et
1852 968 2213 1035 orthodoxa,

565 1075 622 1127 et
660 1086 763 1126 eos
792 1067 897 1140 qui
934 1066 1112 1122 istam
1151 1063 1507 1120 sententiam
1548 1065 1789 1118 tuentur
1812 1060 1945 1131 jure
1975 1057 2215 1115 anathe-

563 1160 707 1217 mati
738 1156 1112 1229 subjicimus.
1146 1175 1175 1203 «
1209 1156 1272 1209 ln
1294 1151 1499 1209 inferis
1527 1151 1754 1224 quippe
1781 1149 1917 1223 quis
1947 1147 2053 1204 tibi
2078 1162 2215 1203 con-

563 1247 874 1305 ﬁtebitur?
908 1268 931 1295 ι
965 1244 1158 1317 inquit
1179 1239 1688 1313 Psalmographus
1706 1240 1750 1304 ⁵,
1781 1236 1842 1294 id
1863 1241 1967 1309 est,
1992 1235 2214 1293 nullus.

562 1336 941 1396 Tcntationes
990 1349 1133 1390 vero
1172 1332 1244 1390 iis
1302 1330 1406 1404 qui
1440 1328 1723 1402 praesenti
1770 1327 1895 1384 vita
1940 1326 2217 1382 fruuntur

561 1427 756 1483 illatas
787 1441 824 1481 a
877 1428 995 1481 Deo
1035 1426 1277 1496 propter
1331 1419 1615 1492 quaedam
1673 1421 1937 1491 peccata,
1966 1420 2021 1473 et
2076 1431 2217 1471 cum

560 1514 854 1589 patientia
882 1512 1183 1580 toleratas,
1232 1512 1289 1565 et
1338 1508 1417 1565 ad
1467 1508 1654 1564 Deum
1707 1523 1844 1562 cum
1886 1504 2216 1575 gratiarum

563 1604 799 1662 actione
831 1601 1068 1670 relatas,
1102 1614 1205 1655 eas
1234 1596 1493 1654 dicimus
1532 1611 1661 1653 esse
1701 1595 1962 1667 speciem
2004 1610 2217 1666 quam-

564 1693 709 1749 dam
742 1691 896 1762 ignis
936 1688 1299 1762 purgatorii;
1333 1685 1687 1759 probatione
1718 1684 1944 1757 quippe
1965 1684 2215 1739 istarum

563 1779 961 1837 tentationum
976 1777 1052 1833 ad
1074 1775 1526 1833 instructionem
1548 1774 1910 1829 inﬂictarum
1928 1772 2216 1843 contingit

2328 704 2545 757 θάνατον
2602 710 2692 758 καὶ
2749 710 2843 765 τὴν
2882 706 3054 763 ἑνθέδε
3120 710 3421 785 ἀπαλλαγὴν
3477 716 3566 766 καὶ
3608 711 3939 766 ἁποϐίωσιν.

2323 798 2488 846 Τοῦτο
2536 796 2638 868 γὰρ
2686 802 2778 857 τῆς
2828 796 3121 871 Ὠριγένους
3152 803 3392 876 αἱρέσεώς
3430 800 3569 855 ἐστιν
3613 800 3937 873 ἁποκύημα,

2326 878 2413 935 διὸ
2469 884 2539 946 ὡς
2596 881 2907 959 βλάσφημον
2965 894 3053 941 καὶ
3094 887 3349 944 ἀντίθετον
3529 893 3640 963 θείᾳ
3705 890 3942 961 ἀληθείᾳ

2324 974 2530 1045 μακρὰν
2593 970 2846 1049 ἀπερρίφη
2904 985 2999 1039 τῆς
3059 978 3173 1033 καθ’
3210 982 3351 1054 ἡμᾶς
3414 976 3698 1053 ὀρθοδοξον
3774 978 3943 1050 ἁγίας

2324 1058 2656 1129 Ἐκκλησίας,
2710 1068 2952 1127 καὶτοὺς
3000 1067 3131 1119 οὑτω
3170 1075 3473 1142 φρονοῦντας
3516 1076 3589 1140 τῷ
3638 1067 3938 1139 ἀναθεματι

2326 1147 2538 1213 ἐνδίκως
2566 1151 2935 1226 ὑποϐαλλομεν.
2971 1178 2989 1204 α
3021 1155 3101 1209 Ἐν
3125 1158 3222 1231 γὰρ
3252 1165 3323 1229 τῷ
3353 1154 3455 1231 ᾅδῃ
3494 1163 3575 1220 τίς
3603 1156 3936 1229 ἐξομολογή-

2328 1244 2473 1293 σεταί
2515 1260 2617 1307 σοι,
2659 1264 2678 1289 ι»
2733 1248 2891 1314 φησιν
2930 1245 2955 1295 ὁ
3022 1241 3329 1319 Ψαλμῳδὸς,
3394 1245 3509 1299 ἀντὶ
3556 1246 3671 1312 τοῦ,
3721 1242 3932 1307 οὐδεὶς.

2324 1332 2453 1391 Τοὺς
2500 1331 2575 1381 ἔτι
2610 1326 2670 1382 δὲ
2716 1338 2788 1401 τῷ
2834 1336 3054 1405 παρόντι
3099 1341 3341 1407 περιοῦσι
3389 1332 3491 1407 βίῳ
3530 1332 3936 1407 ἐπιφερομένους

2324 1421 2649 1492 πειρασμοὺς
2679 1427 2770 1471 τοῦ
2801 1428 2934 1473 Θεοῦ
2981 1431 3385 1497 συγχωροῦντος
3424 1419 3516 1477 διά
3566 1442 3711 1485 τινας
3764 1423 3933 1494 01.22.0-

2325 1511 2462 1575 τίας,
2489 1512 2578 1560 καὶ
2616 1509 2730 1581 μεθ’
2761 1510 3025 1582 ὑπομονῆς
3076 1509 3426 1586 ἀνεχομένοις,
3472 1517 3561 1565 καὶ
3592 1511 3931 1584 εὐχαρίστως

2325 1600 2451 1673 πρὸς
2502 1601 2630 1651 Θεὸν
2690 1596 3058 1674 ἀνακειμένοις,
3100 1604 3310 1664 τούτους
3357 1606 3517 1676 φαμὲν
3575 1604 3729 1675 ἡμεῖς
3804 1598 3934 1654 εἶναι

2325 1688 2498 1760 ὥσπερ
2529 1707 2581 1740 τι
2609 1690 2959 1762 καθαρτήριον
2990 1698 3114 1764 πῦρ.
3147 1697 3219 1764 Τῇ
3270 1694 3372 1765 γὰρ
3410 1696 3602 1766 χρονίᾳ
3628 1695 3794 1765 πείρᾳ
3834 1699 3933 1742 τῶν

2323 1779 2570 1829 τοιούτων
2599 1786 2900 1850 πειρασμῶν
2925 1775 3279 1842 παιδευτικῶς
3309 1778 3701 1856 ἐπιφερομένων,
3737 1783 3933 1832 καθαίο

561 1866 868 1940 quosdam
892 1863 1203 1921 emendari
1231 1867 1288 1919 et
1317 1879 1353 1920 a
1381 1862 1641 1935 peccatis
1671 1860 1938 1933 purgari.
1975 1862 2044 1916 Ut
2076 1876 2211 1916 cum

2322 1868 2508 1940 ρεσθαι
2549 1866 2824 1938 συμϐαίνει
2854 1871 2996 1931 τινὰς
3033 1867 3086 1932 ἐξ
3112 1868 3404 1944 ἁμαρτιῶν·
3439 1872 3509 1932 ὡς
3536 1873 3594 1922 τὸ
3638 1892 3661 1917 α
3698 1869 3933 1927 Διήλθοο

563 1955 781 2011 dicitur
813 1973 826 2011 :
863 1976 890 2004 ί(
912 1952 1320 2009 Transivimus
1349 1966 1455 2023 per
1474 1950 1770 2020 ignem,et
1789 1964 1895 2021 per
1915 1964 2161 2021 aquam,
2190 1972 2209 1998 ι

561 2047 638 2114 et,
673 2066 693 2092 α
725 2045 841 2099 Nos
865 2041 1108 2098 tandem
1138 2037 1439 2096 deduxisti
1471 2040 1545 2095 ad
1569 2038 1769 2094 locum
1797 2036 2149 2107 refrigerii“.
2186 2058 2213 2087 ››

562 2134 630 2188 Ει
665 2130 715 2187 si
743 2135 877 2203 post
915 2132 1172 2186 mortem
1192 2128 1323 2185 talis
1352 2127 1597 2184 daretur
1617 2126 1771 2198 ignis
1798 2126 1903 2199 qui
1933 2131 2218 2199 purgaret

561 2222 798 2277 animas
854 2224 992 2276 ante
1045 2219 1204 2275 diem
1247 2217 1479 2289 judicii,
1532 2222 1594 2274 ut
1633 2216 1790 2273 male
1840 2216 2212 2287 existimatis,

561 2325 776 2368 omnes
806 2309 1023 2365 animae
1063 2313 1466 2382 purgarentur
1495 2312 1618 2363 tam
1669 2306 1852 2377 longo
1891 2310 1948 2362 et
1984 2305 2217 2362 inﬁnito

564 2399 851 2472 temporis
900 2397 1234 2460 intervallo,
1272 2400 1329 2454 et
1374 2396 1539 2453 nulla
1566 2396 1922 2469 reperiretur
1950 2400 2217 2467 tempore

558 2490 789 2563 judicii,
849 2505 986 2562 quae
1045 2488 1246 2545 adhuc
1314 2487 1506 2560 pcr'enis
1571 2491 1629 2543 et
1693 2485 2004 2559 suppliciis
2063 2489 2220 2542 esset

565 2578 851 2637 obnoxia.
876 2578 1038 2635 Adeo
1057 2581 1121 2633 ut
1148 2578 1366 2634 frustra
1386 2576 1612 2632 dictum
1636 2575 1841 2631 fuisset
1870 2591 1905 2630 a
1927 2575 2177 2632 Domino
2199 2592 2211 2630 :

568 2691 588 2717 ι
630 2670 697 2724 Et
738 2668 835 2723 isti
883 2665 962 2723 ad
1006 2670 1292 2723 aeternum
1342 2664 1706 2738 supplicium
1750 2663 2024 2732 abibunt,
2070 2662 2218 2734 justi

560 2773 702 2814 vero
734 2756 812 2814 ad
834 2757 1017 2812 vitam
1044 2762 1329 2813 aeternam
1351 2756 1395 2809 ⁷.
1424 2776 1453 2803 η
1494 2758 1703 2810 Alvum
1744 2769 1885 2810 vero
1915 2758 2003 2809 est
2040 2753 2217 2825 parti-

562 2862 702 2918 ceps
742 2845 1104 2902 aeternitatis.
1134 2843 1448 2900 fEternitas
1476 2859 1618 2899 vero
1657 2859 1768 2899 nec
1817 2847 1906 2898 est
1952 2847 2212 2915 tempus,

561 2951 671 2992 nec
719 2951 860 3007 pars
900 2934 1212 3007 temporis,
1253 2949 1398 2989 nam
1452 2948 1576 2989 non
1628 2937 1717 2987 est
1767 2931 2213 2987 mensurabilis.

565 3000 740 3081 Unde
760 3024 974 3081 dicitur
1000 3000 1125 3080 sine
1150 3000 1269 3080 ﬁne
1295 3028 1351 3078 et
1383 3022 1654 3080 termino.
1680 3021 1853 3078 Vides
1882 3036 2024 3091 ergo
2052 3021 2217 3095 quod
2247 3000 2287 3056 (ἶ

561 3114 623 3172 in
649 3130 719 3171 eo
751 3114 931 3170 etiam
965 3113 1218 3170 Domino
1247 3112 1563 3169 manifeste
1588 3110 2010 3168 contradicitis.

2323 1972 2414 2027 μιν
2441 1950 2535 2007 διὰ
2564 1958 2726 2030 πυρὸς
2754 1961 2843 2008 καὶ
2873 1954 3085 2026 ὕδατος,
3113 1980 3134 2006 ι
3168 1962 3278 2029 καὶ,
3317 1980 3337 2007 ι
3376 1957 3654 2030 Ἐξήγαγες
3684 1959 3835 2031 ἡμᾶς
3862 1958 3934 2019 εἰς

2326 2041 2627 2116 ἀναψυχήν.
2673 2068 2692 2093 ι
2747 2045 2807 2097 Εἰ
2855 2042 2906 2098 δ’
2938 2042 2999 2105 ἦν
3041 2051 3272 2100 τοιοῦτον
3325 2067 3377 2100 τι
3423 2054 3525 2120 πῦρ
3564 2048 3931 2121 καθαρτήριον

2325 2135 2455 2207 μετὰ
2482 2134 2697 2186 θάνατον
2727 2142 2827 2186 τῶν
2856 2134 3047 2207 ψυχῶν
3079 2139 3177 2211 πρὸ
3214 2144 3304 2197 τῆς
3331 2141 3564 2211 κρίσεως,
3594 2139 3665 2197 ὡς
3694 2144 3934 2209 φρονεῖτε

2324 2223 2467 2294 ὑμεῖς
2529 2230 2721 2289 κακῶς,
2765 2226 2819 2276 αἱ
2867 2223 3047 2295 ψυχαὶ
3096 2221 3154 2278 δε
3210 2231 3379 2277 πᾶσαι
3444 2232 3515 2295 τῷ
3566 2231 3658 2278 τοῦ
3723 2230 3929 2297 χρόνον

2326 2309 2519 2386 ἀπείρῳ
2539 2318 2695 2385 μήκει
2726 2311 3091 2388 ἐκαθάρθησαν
3123 2314 3204 2383 ἂν,
3235 2320 3325 2367 καὶ
3354 2311 3578 2387 ούδεμία
3620 2314 3671 2367 ἐν
3722 2323 3798 2385 τῷ
3840 2324 3932 2374 τῆς

2324 2406 2545 2475 κρίσεως
2583 2402 2762 2477 εὑρέθη
2795 2411 2960 2476 καιρῷ
2998 2402 3209 2457 κολάσει
3248 2400 3523 2466 ὑπόδικος.
3552 2402 3716 2457 Ὠστε
3752 2408 3931 2476 μάτην

2324 2489 2554 2543 λέλεκται
2605 2500 2678 2563 τῷ
2724 2496 2897 2567 Κυρίῳ
2928 2495 3007 2560 τὸ,
3055 2515 3076 2541 ε
3124 2493 3222 2546 Καὶ
3265 2491 3634 2546 ἀπελεύσονται
3677 2489 3831 2545 οὗτοι
3866 2493 3934 2554 εἱς

2324 2577 2539 2632 κόλασιν
2590 2580 2814 2647 αἰώνιον,
2856 2583 2904 2633 οἱ
2954 2577 3013 2635 δὲ
3059 2577 3262 2634 δίκαιοι
3302 2582 3368 2642 εἰς
3421 2582 3559 2643 ζωὴν
3615 2582 3857 2637 αἰώνιον.
3910 2606 3927 2629 ι

2326 2668 2540 2722 Αὶὼνιον
2571 2664 2631 2721 δὲ
2670 2672 2726 2721 τὸ
2765 2674 2985 2742 μετέχον
3039 2670 3242 2733 αἰῶνος,
3298 2671 3431 2722 Αἰὼν
3472 2668 3531 2723 δὲ
3577 2674 3695 2723 οὔτε
3735 2676 3936 2743 χρόνος

2325 2758 2442 2811 ούτε
2471 2762 2666 2830 χρόνον
2696 2778 2747 2810 τι
2774 2763 2958 2833 μέρος’
2995 2756 3118 2812 οὑδέ
3154 2762 3256 2835 γὰρ
3281 2763 3534 2835 μετρητόν
3563 2780 3575 2793 ο
3602 2760 3732 2813 ὡσεὶ
3763 2760 3934 2832 ἔλεγεν

2325 2844 2655 2905 ἀτελεύτητον
2711 2847 2801 2899 καὶ
2862 2846 3155 2922 ἀπέροντον,
3222 2848 3373 2922 Ὀρᾲς
3446 2850 3524 2901 ὅτι
3586 2851 3683 2901 κὰν
3762 2852 3933 2920 τούτῳ

2324 2943 2597 3009 προφανῶς
2622 2934 3078 3010 ἀντιφθεγγόμενοι
3103 2936 3217 2990 ἐστι
3236 2944 3307 3009 τῷ
3343 2941 3535 3012 Κυρίῳ.

740 3331 1121 3402 Responsum
1153 3325 1232 3384 ad
1250 3326 1524 3400 quintam
1549 3325 2101 3397 interrogationem,
2131 3342 2269 3399 quae
2307 3330 2398 3384 est
2423 3327 2511 3384 De
2529 3326 2803 3397 primatu
2830 3342 3027 3398 papae,
3053 3326 3329 3385 consulto
3349 3327 3705 3385 omittimus.

634 3529 683 3581 6.
710 3524 1013 3596 Baptisma
1033 3538 1175 3580 vero
1197 3522 1258 3579 in
1279 3522 1524 3579 nomine
1554 3522 1760 3590 Patris,
1783 3526 1841 3579 et
1861 3521 1979 3578 Filii
2004 3526 2061 3579 et
2091 3523 2214 3596 Spi-

561 3614 707 3669 ritus
738 3613 948 3679 sancti,
994 3628 1134 3668 cum
1183 3611 1369 3667 tribus
1421 3610 1915 3667 immersionibus
1964 3611 2217 3669 admini-

563 3699 1178 3771 stratum,secundum
1196 3715 1427 3756 morem
1448 3698 1860 3771 apostolorum
1873 3704 1930 3756 et
1953 3704 2213 3769 Patrum,

561 3790 954 3861 admittimus,
981 3790 1146 3863 quod
1168 3804 1292 3845 non
1318 3794 1411 3845 est
1430 3789 1589 3845 idem
1611 3805 1749 3844 cum
1776 3804 1847 3845 eo
1863 3789 2029 3861 quod
2049 3790 2215 3863 apud

559 3896 671 3936 vos
702 3884 1048 3953 usurpatur.
1079 3882 1196 3936 Nos
1212 3878 1438 3951 quippe
1460 3878 1716 3934 dicimus
1737 3878 1797 3934 in
1828 3877 2088 3935 formula
2112 3878 2215 3935 ad-

559 3969 941 4027 ministrandi
970 3967 1258 4041 baptismi
1288 3985 1301 4023 :
1329 3990 1358 4019 «
1395 3967 1734 4041 Baptizatur
1772 3983 1980 4023 servus
2020 3968 2141 4037 Dei,
2185 3989 2214 4019 »

557 4062 670 4117 ista
699 4060 928 4117 ratione
958 4058 1340 4116 ostendentes
1382 4062 1808 4131 spontaneum,
1846 4056 2125 4125 liberum,
2157 4062 2215 4115 et

556 4150 961 4206 voluntarium
995 4154 1227 4205 motum
1253 4147 1618 4221 baptizandi,
1648 4146 1987 4203 accedentis
2014 4146 2092 4204 ad
2118 4162 2213 4202 sa-

556 4254 725 4294 crum
754 4238 1212 4311 baptisma.Vos
1242 4252 1384 4293 vero
1407 4253 1544 4292 cum
1566 4236 1832 4293 vanitate
1849 4240 1907 4292 et
1928 4235 2213 4310 superbia

556 4324 752 4381 dicitis
786 4342 800 4379 :
833 4347 859 4375 «
895 4328 1013 4397 Ego
1044 4331 1115 4389 te,
1149 4327 1239 4389 N.,
1270 4323 1531 4397 baptizo,
1569 4347 1589 4373 ι
1622 4324 1789 4396 quod
1818 4328 1972 4380 certe
2003 4339 2123 4380 non
2150 4324 2211 4379 in

557 4411 839 4469 eumdem
862 4428 1113 4485 scopum
1145 4418 1199 4468 et
1230 4412 1546 4468 consilium
1570 4412 1891 4467 nobiscum
1913 4411 2210 4469 collineat.

558 4501 877 4566 Quomodo
935 4515 1079 4569 ergo
1133 4515 1327 4555 unum
1382 4506 1439 4555 et
1490 4498 1652 4554 idem
1692 4504 1844 4554 esset
1880 4498 2208 4572 baptisma,

554 4586 1053 4661 quandoquidem
1084 4586 1410 4642 certissime
1440 4586 1570 4641 haec
1609 4585 1800 4641 facitis
1821 4590 1877 4640 et
1905 4585 2141 4644 dicitis?

627 4681 678 4734 8.
708 4679 953 4748 Insuper
972 4680 1173 4732 autem
1194 4674 1358 4747 quod
1380 4688 1518 4730 cum
1533 4673 1896 4729 contumelia
1908 4689 1977 4729 ac
1994 4674 2210 4745 injuria

554 4766 732 4825 nobis
759 4765 991 4838 objicis,
1020 4780 1130 4822 nos
1172 4764 1396 4820 scilicet
1424 4779 1459 4819 ο,
1488 4762 1616 4818 viro
1650 4777 1928 4835 separare
1960 4779 2209 4821 uxorem

553 4875 688 4931 quas
717 4858 780 4915 in
809 4855 1167 4914 adulterium
1196 4859 1253 4911 et
1280 4852 1735 4910 fornicationem
1766 4852 1991 4923 incidit,
2014 4858 2099 4910 est
2118 4854 2208 4910 in-

553 4947 778 5003 dicium
812 4950 863 5002 te
893 4945 1126 5002 nescire
1169 4943 1317 5016 quid
1356 4942 1545 4999 dicas.
1594 4944 1743 4997 Nam
1798 4941 1913 4998 hoc
1950 4942 2208 4999 facimus

554 5040 734 5100 recte,
760 5040 815 5091 et
841 5034 1174 5091 secundum
1220 5032 1401 5103 leges,
1427 5037 1483 5087 et
1520 5046 1663 5102 erga
1710 5033 1897 5088 Deum
1923 5031 2208 5089 cbaritate

556 5130 612 5180 et
667 5124 994 5180 reverentia
1033 5123 1218 5179 ducti.
1278 5122 1371 5179 Sic
1421 5121 1580 5177 enim
1619 5120 1881 5195 loquitur
1919 5124 2208 5180 Dominus

554 5213 683 5285 ipse
710 5212 771 5267 in
802 5212 1139 5282 Evangeliis
1173 5229 1186 5264 :
1221 5234 1248 5259 «
1281 5210 1393 5277 Qui
1430 5225 1680 5267 uxorem
1704 5227 1878 5268 suam
1918 5211 2209 5269 dimiserit

557 5304 613 5356 et
631 5298 1029 5373 repudiaverit
1059 5297 1175 5357 alia
1198 5299 1427 5355 ratione
1452 5314 1636 5372 quam
1675 5303 1918 5373 propter
1944 5300 2206 5359 fornica-

637 5584 659 5619 ⁸
701 5584 838 5642 Luc.
871 5588 1119 5657 xxu,15.
1194 5586 1217 5623 ⁸
1245 5583 1400 5647 Psal.
1426 5598 1508 5658 γι,
1539 5589 1591 5645 6.

2399 3522 2465 3585 ζ’.
2506 3525 2785 3597 Βάπτισμα
2815 3520 2874 3577 δὲ
2900 3526 2959 3577 τὸ
2999 3524 3069 3587 εἰς
3093 3527 3320 3600 Πατέρα,
3351 3524 3442 3577 καί
3468 3526 3608 3589 Υἱὸν,
3642 3524 3737 3577 καί
3764 3532 3925 3578 Πνεῦ-

2324 3631 2401 3685 μα
2450 3612 2596 3684 ἅγιον
2635 3611 2683 3665 ἓν
2740 3612 2887 3688 τρισὶ
2921 3616 3182 3686 γινόμενον
3234 3610 3584 3678 καταδύσεσι,
3624 3613 3716 3665 καί
3766 3616 3925 3665 κατὰ-

2323 3707 2417 3760 τὴν
2458 3700 2807 3759 ἁποστολικήν
2845 3701 2935 3754 καὶ
2980 3707 3233 3778 πατρικὴν
3283 3705 3577 3777 ἱεροτυπίαν
3624 3700 3927 3775 ἐιπέ-διδεχό⁹

2321 3794 2471 3864 μεθα,
2513 3793 2634 3863 ὅπερ
2688 3792 2782 3844 οὑκ
2828 3794 2941 3845 ἔστι
2978 3792 3164 3845 ταύτόν
3214 3799 3287 3862 τῷ
3333 3796 3584 3864 γενομένῳ
3636 3792 3720 3864 ὑφ’
3755 3793 3924 3864 ὑμῶν,

2320 3878 2495 3953 Ἡμεῖς
2562 3883 2653 3953 μὶν
2707 3882 2809 3953 γὰρ
2879 3879 3088 3953 λέγομεν
3124 3924 3138 3950 ,
3209 3903 3230 3929 α
3280 3881 3593 3941 Βαπτίζεται
3649 3882 3676 3931 ὁ
3735 3877 3927 3942 δοῦλος

2320 3976 2413 4021 τοῦ
2444 3976 2596 4040 Θεοῦ,
2637 3992 2657 4017 ι
2717 3965 3004 4031 δεικνύντες
3044 3967 3267 4023 ἐντεῦθεν
3323 3974 3417 4027 τὴν
3474 3968 3780 4043 αὐθαίρετον
3835 3968 3927 4021 καί

2323 4057 2375 4121 ἐξ
2430 4055 2571 4120 ἰδίας
2630 4057 2873 4119 θελήσεως
2933 4063 3139 4117 κίνησιν
3204 4065 3295 4111 τοῦ
3353 4056 3741 4132 βαπτιζομένου
3792 4062 3925 4131 πρὸς

2320 4150 2379 4199 τὸ
2441 4149 2572 4199 θεῖον
2637 4146 2949 4220 βάπτισμα·
3013 4149 3161 4220 ὑμεῖς
3216 4144 3275 4200 δε
3342 4145 3601 4209 ἀλαζονως
3660 4166 3776 4207 πως
3830 4146 3925 4199 καὶ

2280 4282 2283 4283 ,
2321 4236 2659 4310 ὑπερηφάνως
2706 4240 2831 4308 φατέ
2854 4257 2867 4269 ·
2906 4259 2925 4285 ι
2978 4236 3221 4298 Βαπτίζω
3262 4235 3357 4307 ἐγὼ
3396 4239 3483 4289 τὸν
3514 4232 3658 4289 δεῖνα
3682 4257 3694 4268 ·
3734 4260 3755 4283 ι
3794 4238 3921 4311 ὅπερ

2320 4323 2380 4376 ού
2419 4327 2505 4376 τὸν
2554 4324 2709 4376 αὑτὸν
2747 4333 2819 4396 τῷ
2872 4326 3104 4401 ἡμετέρῳ
3155 4327 3268 4397 ἔχει
3331 4330 3543 4380 σκοπὸν.
3592 4331 3709 4386 Πῶς
3746 4320 3838 4377 οὖν
3869 4325 3922 4377 ἓν

2318 4413 2505 4483 γίνοιτ’
2544 4416 2645 4482 air;
2694 4412 3014 4486 Ἐπισφαλῶς
3066 4417 3167 4489 γὰρ
3220 4421 3373 4467 τοῦτο
3428 4412 3518 4467 καί
3575 4420 3769 4467 ποιεῖτε
3826 4415 3922 4467 καί

2317 4501 2508 4575 λέγετε.

2389 4677 2454 4736 η’.
2512 4678 2623 4733 "En
2679 4681 2800 4755 ὅπερ
2859 4676 3217 4743 ὁνιιδιστικῶς
3275 4684 3578 4755 προσφέρεις
3623 4681 3769 4752 ἡμῖν,
3835 4682 3917 4733 ὅτι

2316 4769 2615 4842 χωρίζομεν
2660 4777 2752 4821 τοῦ
2803 4766 2990 4845 ἀνδρὸς
3025 4777 3265 4842 γυναῖκα,
3305 4775 3399 4828 τὴν
3454 4774 3661 4845 πορνείᾳ
3704 4788 3917 4842 περιπε-

2319 4864 2539 4925 σοῦσαν,
2598 4861 2755 4912 ἔοικεν
2800 4860 2879 4911 ὅτι
2932 4859 3025 4912 οῦκ
3073 4856 3220 4921 οἶδας
3272 4864 3323 4912 τί
3376 4859 3558 4932 λέγεις.
3617 4858 3718 4912 Καὶ
3762 4867 3918 4913 τοῦτο

2314 4947 2417 5019 γὰρ
2480 4946 2651 5009 καλῶς
2705 4947 2983 5020 μάλιστα,
3044 4949 3134 5000 καί
3182 4947 3464 5021 θεοφιλῶς,
3527 4947 3618 5000 καί
3680 4953 3922 5021 νομίμως

2315 5042 2581 5109 ποιοῦμεν.
2629 5039 2780 5090 Ούτω
2835 5038 2986 5111 γὰρό
3046 5042 3233 5114 Κύριος
3282 5039 3429 5111 ἡμῶν
3484 5037 3531 5090 ἐν
3574 5037 3922 5109 Εύαγγελίοις

2319 5124 2498 5196 φησὶν,
2560 5149 2579 5175 ε
2627 5126 2722 5189 ‘0;
2777 5126 2838 5178 ἂν
2899 5125 3148 5180 ἀπολύσει
3202 5131 3296 5185 τὴν
3353 5133 3577 5199 γυναῖκα
3631 5126 3793 5179 αὑτοῦ
3847 5134 3919 5200 μὴ

2317 5212 2401 5265 ἐπὶ
2434 5220 2664 5288 πορνείᾳ,
2713 5215 2804 5268 καὶ
2848 5221 3080 5289 γαμήσει
3132 5215 3310 5285 ἄλλην,
3368 5222 3647 5289 μοιχᾶται.
3694 5238 3715 5265 ι
3751 5216 3918 5270 Ὥστε

2316 5298 2521 5356 δίκαιόν
2571 5305 2709 5359 ἐστιν
2763 5305 2926 5366 αὑτὴν
2977 5304 3258 5375 ἀπολῦσαι,
3299 5305 3382 5359 ἐάν
3431 5324 3525 5378 περ
3567 5310 3783 5378 πορνείᾳ
3828 5325 3917 5359 πε-

1671 5589 1693 5627 ⁶
1722 5585 1876 5646 Psal.
1910 5601 2040 5657 va,
2072 5591 2158 5645 t2.
2232 5589 2252 5624 ⁷
2284 5586 2489 5648 Matth.
2516 5603 2658 5660 xxv,
2689 5590 2782 5647 46.
