2053 3111
412 10 418 13 ‘

57 150 110 183 L81

821 145 997 177 APOLOGIA

1700 153 1754 184 482

58 217 174 252 ρικίσῃ,
208 216 279 242 κατὰ
302 217 350 245 τήν
378 218 423 242 τοῦ
454 210 551 250 Κυρίου
577 206 719 248 ἀπόφασιν·
787 219 872 237 κατα-ο

927 209 1051 242 tionem,
1063 210 1092 238 et
1103 209 1194 239 aliam
1209 218 1334 241 uxorem
1356 203 1548 242 matrimonio
1564 205 1620 243 sibi
1649 214 1753 251 junxe-

59 260 254 291 ιολουοοῦ-ντες
279 261 365 298 ἡμεῖς,
387 260 434 289 τῆν
461 260 653 296 περιπεσοῦσαν
676 258 790 292 γυναῖκα
807 264 873 292 πορ-

62 307 132 336 νείας
162 304 307 342 μολυσμῷ,
335 308 382 332 τοῦ
408 301 501 341 ἀνδρὸς
528 300 723 337 ὰποδιιστῶμεν
751 302 796 326 καὶ
819 309 874 336 χωρ

62 351 186 386 ρίζομιν.
214 349 301 387 ’Ὑμεῖς
327 347 357 376 di
382 350 407 375 οἱ
429 348 487 375 κατ’
515 347 554 374 ἔνι’
581 345 678 377 πολλῆς
703 343 874 375 δικαιοσύνης

65 393 175 425 ἐνούσης
196 395 271 431 ὑμῖν,
296 396 312 423 ἤ
329 394 425 431 μᾶλλον
453 393 531 420 εἰπεῖν
565 392 708 428 παρανοίας
734 392 779 416 καὶ
810 390 874 416 ὐπο-

65 441 188 474 κρίσεως,
228 442 274 466 καὶ
305 439 378 474 αὐτῷ
406 437 634 474 ἀντιφθηγόμενοί
671 434 729 462 ἕστε
761 432 874 464 ἀναιδῶς

66 487 101 519 τῷ
131 485 240 520 Κυρίῳο
270 481 313 510 διὸ
347 481 382 512 δὴ
411 484 457 509 καὶ
483 483 550 519 μετὰ
579 481 658 517 λόγον
690 481 811 517 πορνείας
843 478 873 505 οὐ

67 526 255 566 διαχορίζετε,
287 527 376 558 ἐῶντες
403 529 448 554 τὸν
473 524 559 563 ἄνδρα
590 525 746 562 ἁμαρτάνειν
780 523 813 554 si;
844 524 873 549 τὸ

67 570 94 599 ἱδ
97 582 134 599 ιον
151 572 194 599 ἀεὶ
210 577 298 609 σῶμα,
314 573 376 610 ὅπερ
389 573 402 598 ὁ
418 572 483 602 θεῖος
496 570 612 608 ἂπείργιι
628 568 740 600 Παῦλος.

927 254 974 288 rit,
990 254 1154 283 fornicatur
1168 257 1197 284 et
1214 256 1422 286 adulteretur”.
1455 266 1470 285 ι
1500 258 1689 296 Quapropter
1706 260 1755 296 ju-

927 301 1008 328 stum
1023 301 1053 328 et
1066 307 1188 336 aequum
1202 303 1248 330 est
1261 300 1343 331 illam
1354 301 1523 338 repudiare,
1535 303 1560 331 si
1572 303 1604 332 in
1625 303 1754 334 fornica-

927 343 1042 372 tionem
1051 344 1195 379 inciderit,
1208 345 1375 374 secundum
1386 346 1503 375 Domini
1513 347 1609 376 nostri
1633 351 1750 378 senten-

928 388 1001 417 tiam
1034 390 1062 417 et
1098 388 1342 419 declarationem.
1381 390 1434 419 Cui
1467 399 1524 420 nos
1552 392 1750 427 adhaerentes,

927 431 1132 461 fornicationis
1142 433 1209 462 labe
1216 434 1419 471 etimpuritate
1427 437 1665 466 contaminatam
1677 446 1752 467 uxo-

926 485 991 506 rem
1006 485 1025 506 a
1039 477 1102 506 viro
1117 485 1313 514 segregamus
1329 482 1358 508 et
1371 488 1559 517 separamus.
1592 481 1653 510 Vos
1679 490 1752 512 vero

927 530 989 559 qua
1003 522 1073 550 estis
1087 522 1198 558 insigni
1213 523 1360 561 aequitate,
1385 525 1550 562 sanctitate,
1580 528 1609 554 et
1624 527 1749 563 justitia,

928 567 989 596 imo
1000 566 1182 603 insipientia,
1192 571 1220 596 et
1233 568 1397 605 hypocrisi,
1415 569 1469 606 ipsi
1491 570 1619 599 Domino
1650 574 1751 600 nostro

67 616 264 653 impudenter
287 619 317 645 et
335 617 539 645 inverecunde
564 613 778 648 contradicitis,
802 611 871 641 ideo
884 611 958 648 quia
972 619 1098 640 uxorem
1113 615 1236 648 propter
1258 613 1405 642 rationem
1420 614 1628 643 fornicationis
1654 624 1673 644 a
1686 615 1751 644 viro

68 669 129 690 non
144 661 310 698 separatis,
327 660 532 698 permittentes
544 659 643 688 virum
657 658 688 687 in
707 665 797 687 suum
811 656 968 694 proprium
983 663 1094 692 corpus
1112 664 1247 693 peccare,
1263 657 1345 694 quod
1366 658 1429 695 ipse
1445 659 1477 687 ι).
1494 658 1601 688 Paulus
1616 659 1714 696 arguit
1723 661 1752 688 et

71 705 222 742 prohibet.
240 707 262 733 ⁸.

105 749 137 779 η’.
170 749 232 777 Ἐτι
259 751 319 787 πιρὶ
350 752 402 775 τῶν
436 749 510 775 θείων
542 750 586 775 καὶ
619 751 754 784 μυστικῶν
791 745 872 782 λέγεις

75 793 218 830 συμϐόλων,
246 798 294 820 τοῦ
317 794 387 820 θείου
416 795 461 820 καὶ
476 796 635 820 Δισποτικοῠ
657 789 762 821 δηλαδή
778 793 871 827 σώμα-

75 848 122 872 τος,
150 840 192 865 ὃτι
215 841 285 875 μόνα
313 839 347 864 τὰ
378 838 485 876 ῥήματα
509 841 555 864 τοῦ
582 839 690 874 Κυρίου,
719 847 733 861 ‹‹
761 835 870 870 Λάϐετε,

77 884 174 919 φάγετε,
204 886 250 910 καὶ
281 885 363 916 nitu,
395 894 411 908 »
440 881 633 919 μεταϐάλλουσι
660 883 705 907 καὶ
731 880 872 907 τιλείοῡσιν

78 928 151 963 αὐτὰ,
177 928 207 955 οὐ
231 930 284 964 μήν
312 929 358 954 καὶ
380 928 408 953 αἱ
438 928 509 963 θεῖαι.
529 930 579 953 τῶν
608 926 689 962 ἁγίων
714 925 802 961 εὖχαι,
828 926 872 951 καί

80 974 142 1009 ἰςραὶ
171 966 283 1008 ἰὲῳδαε.
314 971 403 1008 Ἡμεῖς
442 969 471 998 δε
504 973 549 997 χαὶ
577 970 645 997 αὐτὰ
676 970 708 996 τὰ
742 970 798 996 θεῖα
827 971 873 995 καὶ

81 1018 219 1044 Δισποτικά
249 1017 358 1054 ῥήματα
389 1017 454 1054 πρὸς
494 1015 625 1042 τελείωσιν
664 1024 744 1051 φαμεν
776 1013 871 1050 αὐτων,

82 1063 122 1087 ’.αἱ
146 1062 160 1090 ἠ
184 1065 232 1092 τῆς
260 1062 397 1097 ἱεροσὺνης
419 1058 531 1097 δύναμις
555 1058 603 1086 διὰ
623 1063 673 1085 τῶν
689 1059 762 1086 θείων
786 1058 871 1095 εὐχῶν

86 1108 128 1131 καὶ
157 1104 257 1141 ius-desis
280 1109 328 1132 τοῦ
362 1106 430 1142 ἱεροῦ
457 1106 541 1141 τυχὸν
566 1106 759 1142 Χρυσοστόμον
785 1103 800 1133 ἦ
826 1106 872 1129 τοῦ

92 1149 193 1186 [ar/ﬂow
218 1149 362 1176 Βασιλείον.
400 1151 435 1176 τὸ
465 1150 515 1186 γὰρ
547 1149 613 1175 θεῖον
649 1152 698 1179 τῆς
731 1148 873 1185 ἱερωσύνης

96 1194 209 1231 χάρισμα
224 1192 267 1220 διὰ
291 1198 367 1221 τοῦτο
396 1194 446 1220 ὑπό
474 1198 519 1220 τοῦ
534 1197 656 1231 Χριστσῡ
678 1190 786 1219 δέδοται
818 1195 873 1223 τοῖς

97 1237 248 1270 ἀποστόλοις,
280 1242 320 1265 καὶ
349 1238 386 1272 ἐξ,
414 1237 513 1265 ἐκείνων
543 1235 788 1273 ἀλληλοδιαδόχως,
827 1239 873 1263 καὶ

95 1284 152 1318 πρὸς
174 1283 239 1318 ἡμῶν
263 1287 313 1315 τοῖς
339 1284 418 1322 ἱεροῖς
440 1283 474 1313 εἰς
497 1284 527 1309 τό
553 1282 663 1309 τιλιιοῠν
687 1282 802 1308 κατὰτὰ
817 1282 873 1308 θεῖα

91 1325 165 1363 δῶρα,
191 1325 234 1354 διὰ
261 1332 309 1359 τῆς
346 1327 505 1359 ἐπικλήσεως
539 1330 585 1354 καὶ
615 1326 803 1363 ἐπιφοιτήσεως
826 1329 872 1353 τοῦ

88 1374 202 1407 amr/iw
242 1374 401 1409 Πνεὺματος.
439 1373 527 1402 Οὕτως
544 1383 551 1387 ·
566 1372 640 1408 ἡμεῖς
679 1373 738 1409 περὶ
775 1372 872 1397 τούτων

87 1420 211 1453 ᾳρονοῦμεν
234 1419 282 1443 καὶ
308 1417 414 1454 λέγομεν
443 1415 598 1455 ὀρθοδόξως,
626 1418 671 1443 καὶ
704 1415 872 1442 ἀποστολικο-

86 1459 325 1498 πατροπαραδοτως,
363 1461 393 1487 οὐ
426 1462 542 1498 καθάπερ
575 1461 648 1497 ὑμεῖς
681 1463 795 1498 φρονεῖτε
826 1462 872 1486 καὶ

85 1503 157 1540 ὶέγετε
177 1507 246 1532 om
276 1507 291 1535 ἡ
317 1505 342 1532 ἐν
367 1506 428 1542 ὑμὶν
455 1504 552 1537 δόξειεν
567 1506 582 1535 ἠ
608 1506 752 1543 ὑπιρόφρυς
773 1503 871 1535 ἀλαζο-

83 1551 130 1574 νεία
153 1552 195 1576 καὶ
218 1552 320 1582 οἶησις.
348 1550 424 1577 Ἀλλὰ
451 1552 511 1588 περί
537 1551 636 1576 τούτων
666 1553 782 1576 τοσαῦτα
810 1550 870 1586 ὑμῖν

84 1592 244 1630 ἀποχρώντως
274 1592 373 1631 σχεδόν
398 1605 424 1622 τι
450 1596 561 1633 εῖρηται·
590 1596 686 1631 Καιρός
715 1592 746 1620 δέ
767 1594 822 1620 ἐστι
837 1594 872 1625 ὡς

84 1637 151 1664 limis
178 1637 229 1669 ἤδη
268 1641 314 1666 καί
344 1641 404 1676 περ(
432 1644 482 1666 τῶν
514 1639 610 1676 ψυχῶν
641 1641 698 1666 τίνα
733 1648 763 1675 γε
796 1639 872 1675 ἡμεῖς

84 1685 134 1718 περὶ
142 1683 221 1717 αὐτῶν
237 1682 321 1716 δόξαν
331 1685 435 1721 ἔχομεν.

888 907 908 935 Β

961 747 989 774 8.
999 745 1084 779 Quod
1094 754 1165 774 vero
1175 745 1251 774 dicis
1261 746 1299 775 de
1306 746 1415 775 divinis
1423 749 1453 775 et
1460 747 1593 784 mysticis
1604 747 1751 784 symbolis

926 790 1018 819 divini
1032 793 1061 819 et
1072 791 1217 820 Dominici
1229 791 1339 820 scilicet
1371 792 1505 829 corporis
1530 795 1559 821 et
1585 793 1751 829 sanguinis,

925 835 1009 872 quod
1028 835 1093 864 sola.
1120 835 1211 864 verba
1233 835 1370 864 Domini:
1393 847 1408 861 ‹‹
1426 836 1567 874 Accipite,
1593 836 1750 870 comedite,

925 878 1029 913 bibite,
1042 891 1057 905 »
1073 879 1124 908 illa
1145 879 1286 916 symbola.
1312 883 1511 910 transmutent
1534 883 1563 910 et
1584 881 1750 918 perﬁciant,

926 931 988 952 non
999 932 1071 952 vero
1085 924 1195 952 divinas
1209 927 1382 953 sanctorum
1397 933 1512 961 preces,
1526 928 1553 954 et
1567 933 1660 955 sacrae
1687 932 1753 955 ora-

925 968 1021 997 tiones
1033 971 1061 997 et
1073 968 1240 1003 cantilenae,
1253 977 1309 997 nos
1328 976 1399 997 vero
1415 969 1505 998 etiam
1527 970 1655 998 dicimus
1681 970 1751 1007 ipsa

925 1012 1027 1041 divina
1037 1015 1066 1041 et
1074 1013 1230 1042 Dominica
1240 1012 1334 1042 verba
1348 1013 1388 1042 ad
1399 1021 1504 1042 eorum
1515 1013 1728 1050 perfectionem
1742 1023 1749 1049 ;

926 1057 1086 1086 sacerdotii
1099 1065 1171 1086 vero
1185 1057 1277 1086 virtus
1291 1057 1433 1086 exseritur
1447 1065 1501 1095 per
1510 1058 1628 1087 divinas
1646 1066 1751 1094 preces

925 1104 954 1131 et
979 1102 1116 1138 liturgias
1159 1103 1254 1131 sancti
1285 1102 1423 1131 videlicet
1453 1103 1667 1139 Chrysostomi,
1699 1105 1752 1132 aut

925 1147 1028 1183 magni
1041 1146 1154 1176 Basilii.
1183 1148 1258 1176 Nam
1286 1146 1425 1176 divinum
1451 1147 1610 1176 sacerdotii
1635 1147 1751 1176 donum

925 1194 1112 1228 proptereaa
1131 1192 1246 1221 Christo
1265 1193 1523 1221 communicatum
1538 1194 1583 1221 est
1593 1192 1761 1232 apostolis,

925 1238 955 1265 et
963 1244 1068 1265 eorum
1083 1236 1316 1269 successoribus,
1342 1238 1371 1265 et
1398 1236 1607 1265 sacerdotibus
1629 1236 1750 1272 nostris,

925 1280 965 1310 ad
979 1281 1160 1317 perﬁcienda
1171 1281 1273 1310 divina
1284 1280 1375 1315 dona,
1398 1288 1452 1317 per
1474 1280 1696 1310 invocationem
1723 1283 1752 1310 et

925 1325 1089 1354 adventum
1100 1325 1422 1362 sanctissimiSpiritus.
1444 1326 1491 1354 Sic
1507 1325 1545 1354 de
1573 1326 1665 1354 rebus
1688 1325 1752 1354 istis

924 1369 1077 1406 loquimur
1091 1372 1120 1399 et
1130 1370 1278 1399 sentimus
1287 1369 1454 1399 orthodoxe
1467 1372 1495 1398 et
1512 1370 1680 1399 secundum
1692 1371 1751 1399 tra-

924 1414 1067 1443 ditionem
1082 1414 1288 1452 apostolorum
1311 1417 1340 1443 et
1357 1416 1488 1449 Patrum,
1504 1422 1567 1444 non
1585 1422 1656 1443 vero
1675 1414 1752 1443 sicut

924 1468 979 1488 vos
992 1459 1107 1488 sentitis
1131 1462 1161 1488 et
1184 1459 1352 1496 loquimini,
1377 1459 1544 1488 secundum
1563 1459 1674 1496 placita
1703 1467 1751 1488 γο-

925 1507 992 1533 stris
1006 1504 1208 1541 superciliosae
1224 1504 1372 1541 superbiae
1394 1507 1422 1532 et
1446 1503 1597 1540 opinionis
1620 1506 1649 1533 et
1676 1511 1751 1540 pras-

925 1549 1115 1586 sumptionis.
1132 1549 1190 1578 Sed
1209 1549 1247 1577 de
1262 1548 1324 1577 istis
1337 1549 1441 1577 forsan
1466 1548 1589 1577 abunde
1612 1550 1641 1577 et
1667 1548 1750 1576 suill-

925 1593 1045 1622 cienter.
1061 1595 1144 1622 Nunc
1156 1594 1222 1630 jam
1240 1595 1360 1630 tempus
1374 1595 1420 1621 est
1432 1592 1601 1621 disserendi
1620 1591 1658 1621 de
1670 1593 1749 1621 statu

925 1638 1107 1672 animarum,
1121 1640 1150 1667 et
1158 1646 1251 1675 quam
1270 1637 1308 1666 de
1320 1637 1377 1666 illis
1394 1639 1464 1674 post
1485 1639 1614 1667 mortem
1634 1638 1751 1667 senten-

924 1683 998 1712 tiam
1010 1682 1177 1716 foveamus,
1196 1682 1319 1712 tandem
1333 1681 1512 1719 signiﬁcare.

784 1772 897 1802 Cztera
915 1771 1034 1801 desunt.

115 1887 125 1904 '
134 1888 225 1917 Matth.
239 1896 301 1922 XII,
318 1890 345 1918 9.
357 1889 368 1906 ⁹
379 1889 390 1916 l
400 1889 466 1917 Cor.
477 1895 515 1924 γι,
530 1890 571 1916 t6.
