4106 6222
21 329 38 347 ’
145 332 334 391 485
1171 347 1580 403 PANTALEON
1588 348 1642 404 IS

2039 350 2286 408 ΞΟΝἸἮΑ
2325 349 2635 410 GRAECOS.
3470 355 3576 416 486
3657 361 3660 368 ’

153 464 2859 496 __________________________

1340 593 1777 688 JACOBI
1867 595 2470 692 BASNAGII

840 755 930 820 IN
980 755 1506 826 TRACTATUM
1557 759 1909 827 CONTRA
1956 761 2332 828 GRIECOS
2382 762 2949 830 OBSERVATIO.

287 985 641 1044 Pantaleoni
671 988 947 1048 tribuitur
975 991 1071 1048 hic
1099 997 1418 1060 tractatus;
1469 994 1530 1050 id
1556 995 1810 1051 sensisse
1838 995 2116 1051 videntur
2150 996 2494 1054 novissima:
2526 999 2895 1058 Bibliothecae
2931 1000 3176 1058 Patrum
3215 1001 3472 1060 editores
3511 1004 3574 1059 in

163 1072 635 1132 admonitione
699 1077 779 1133 ad
822 1079 1104 1136 lectorem
1158 1085 1302 1137 tom.
1355 1085 1527 1152 XXVI,
1588 1084 1692 1138 ubi
1745 1083 1819 1140 de
1870 1087 2097 1140 Joanne
2149 1085 2356 1141 Caleca
2398 1087 2610 1158 agitur.
2657 1088 2717 1144 Id
2765 1090 2950 1146 sensit
2986 1090 3165 1146 etiam
3206 1091 3572 1164 Ciampinus,

166 1176 578 1235 quanquam
601 1163 752 1221 alias
785 1166 1006 1223 dubius
1027 1169 1270 1237 haereat,
1299 1178 1498 1243 utpote
1520 1173 1622 1244 qui
1652 1178 1815 1229 tract:
1841 1178 1965 1230 tum
1994 1180 2058 1231 ut
2078 1189 2454 1246 anonymum
2477 1177 2761 1232 citaverit.
2793 1181 3017 1234 Revera
3045 1179 3174 1235 haec
3202 1163 3480 1250 leguntur
3494 1181 3573 1237 ad

169 1250 402 1307 ﬁnem
432 1254 652 1324 operis,
678 1261 1005 1317 auctorem.
1041 1263 1100 1314 ut
1130 1259 1324 1331 prima
1354 1260 1545 1316 fronte
1577 1261 1826 1322 videtur,
1851 1262 2175 1319 indicantia
2201 1280 2214 1318 :
2245 1265 2375 1334 Ego
2407 1265 2734 1322 Pantaleon
2760 1282 2891 1322 cum
2919 1282 3096 1323 essem
3118 1269 3218 1339 ibi,
3245 1269 3574 1326 Constanti-

169 1341 442 1409 nopoli,
471 1342 575 1396 ubi
605 1341 717 1400 hoc
738 1352 936 1401 actum
969 1354 1072 1415 est,
1096 1348 1206 1403 hoc
1231 1347 1453 1404 idcirco
1473 1349 1862 1405 Memorabile
1884 1352 2026 1419 feci.

283 1430 420 1485 Fuit
446 1435 650 1486 autem
669 1434 992 1491 Pantaleon
1015 1435 1308 1492 diaconus
1339 1442 1394 1492 et
1411 1437 1841 1510 chartophylax
1862 1440 2128 1496 Ecclesiae
2156 1441 2848 1513 Constantinopolitanae,
2873 1449 2930 1499 et
2957 1460 3029 1500 ex
3049 1460 3120 1500 eo
3145 1445 3312 1516 quod
3341 1446 3573 1502 dicatur

187 1518 388 1589 apud
421 1521 786 1590 Gretserum,
818 1526 920 1595 qui
949 1525 1137 1596 ipsius
1173 1531 1487 1581 tractatum
1514 1530 1573 1582 in
1607 1529 2035 1584 exultationem
2072 1532 2264 1585 crucis
2313 1530 2514 1600 edidit,
2553 1532 2866 1601 presbyter
2896 1535 3239 1588 monasterii
3282 1535 3570 1602 Byzanti-

185 1622 453 1673 norum,
483 1624 556 1663 ex
582 1608 842 1666 diacono
876 1613 1294 1684 presbyterum
1335 1613 1589 1684 alicujus
1621 1617 1962 1672 monasterii
2012 1617 2239 1672 factum
2285 1618 2523 1689 conjicit
2567 1619 2977 1674 Combeﬁsius.
3023 1621 3136 1690 Ipsi
3175 1620 3377 1676 tribuit
3413 1622 3572 1678 idem

192 1695 610 1751 Combeﬁsius
639 1699 948 1755 Orationes
981 1703 1042 1755 in
1084 1703 1674 1772 transﬁgurationem
1703 1705 1960 1760 Domini.
1997 1706 2358 1778 Quanquam
2387 1707 2440 1761 ei
2479 1707 2549 1762 sit
2585 1707 2787 1779 aliqua
2827 1709 3108 1779 suspicio,
3141 1724 3245 1764 eas
3276 1710 3572 1766 orationes

193 1783 368 1854 stylo
396 1785 814 1858 discrepantes
845 1787 1018 1844 binos
1045 1789 1267 1844 habere
1299 1797 1594 1862 parentes.
1631 1793 1896 1864 Denique
1924 1794 2118 1849 eidem
2152 1794 2496 1849 Pantaleoni
2526 1795 3152 1868 asseruitopusculum
3174 1798 3248 1853 de
3266 1799 3574 1855 miraculis

194 1873 550 1942 Michaelis,
578 1875 744 1946 quod
782 1876 994 1947 legitur
1031 1878 1195 1949 apud
1239 1880 1495 1947 Surium,
1527 1881 1789 1952 indeque
1829 1881 2152 1948 concludit,
2183 1883 2608 1938 Pantaleonem
2638 1883 2853 1939 vixisse
2879 1885 2982 1940 diu
3011 1891 3148 1957 post
3175 1885 3572 1952 Theodoram,

194 1961 345 2016 cum
383 1963 678 2019 miracula
706 1964 886 2036 longo
914 1970 1182 2038 tempore
1212 1975 1348 2039 post
1371 1969 1761 2040 imperatricis
1799 1970 2031 2026 obitum
2058 1976 2292 2042 patrata
2320 1973 2670 2027 narraverit.

273 2053 425 2116 Quae
457 2052 801 2108 Combefisii
832 2055 1175 2126 conjectura
1201 2057 1343 2112 satis
1370 2057 1614 2115 indicat.
1645 2059 1756 2130 ipsi
1791 2059 1973 2115 fuisse
1998 2061 2287 2115 incertam
2321 2060 2702 2116 Pantaleonis
2732 2065 2992 2128 aetatem,
3023 2062 3277 2135 ideoque
3308 2079 3430 2120 non
3458 2064 3572 2135 ipsi

197 2140 554 2196 vindicasse
592 2143 940 2200 Tractatum
970 2151 1183 2201 contra
1213 2145 1448 2201 Graecos
1479 2147 1653 2217 cujus
1689 2163 1907 2219 parens
1933 2149 2142 2221 procul
2166 2149 2355 2205 dubio
2385 2165 2482 2206 an.
2515 2154 2646 2205 1252
2669 2151 2883 2207 vixisse
2900 2151 3140 2221 debuit;
3171 2151 3339 2209 aliter
3367 2161 3570 2210 tamen

201 2227 332 2294 alii,
359 2233 424 2284 ut
442 2230 717 2303 superius
743 2231 1154 2290 observatum.

289 2320 410 2372 Nos
455 2318 612 2374 hunc
633 2325 980 2386 tractatum,
1007 2323 1066 2377 in
1098 2339 1221 2396 quo
1254 2323 1445 2379 multa
1470 2329 1793 2380 occurrunt
1814 2325 2464 2400 observationezdigna,
2487 2327 2546 2382 in
2580 2332 2696 2383 tres
2724 2331 2926 2400 partes
2956 2328 3401 2401 distinguimus,
3431 2345 3569 2404 quae

219 2408 316 2460 tot
339 2406 596 2464 habeant
629 2415 920 2466 auctores.

303 2497 466 2551 Prior
479 2513 774 2571 pars,quee
796 2507 1059 2572 quatuor
1073 2503 1524 2560 dissertationes
1549 2503 1842 2560 adversus
1859 2507 2094 2562 Graecos
2113 2504 2395 2572 continet,
2411 2520 2533 2562 non
2554 2506 2738 2562 modo
2755 2505 2914 2562 edita
2939 2512 3025 2563 est
3048 2507 3574 2579 Constantinopoli

213 2583 282 2637 in
316 2585 542 2641 aedibus
565 2587 852 2645 Fratrum
889 2591 1364 2648 Przdicatorum
1395 2607 1496 2648 an.
1536 2597 1687 2659 1252,
1719 2600 1781 2648 ut
1805 2593 1916 2650 fert
1943 2594 2185 2659 titulus;
2237 2594 2342 2649 sed
2382 2593 2460 2650 ab
2498 2594 2648 2667 ipsis
2691 2596 2996 2651 Fratribus
3027 2597 3431 2654 Dominicanis
3461 2597 3572 2654 fuit

203 2676 590 2732 concinnata.
622 2679 714 2734 Sic
743 2681 901 2736 enim
925 2681 1038 2753 ipsi
1059 2680 1415 2754 loquuntur:
1443 2684 1585 2738 Hazc
1613 2684 1847 2752 scripta
1873 2691 2011 2739 sunt
2032 2699 2192 2740 anno
2220 2685 2442 2752 1252,in
2472 2685 2712 2740 civitate
2741 2685 3266 2755 Constantinopoli
3283 2704 3320 2743 a
3341 2688 3573 2744 Fratri-

202 2761 314 2817 bus
341 2765 847 2825 Pradicatoribus
873 2771 953 2825 ad
982 2770 1430 2840 aediﬁcationem
1458 2778 1510 2828 et
1543 2773 1880 2842 profectum
1911 2775 2274 2844 animarum,
2305 2773 2386 2829 ad
2417 2773 2654 2829 laudem
2676 2778 2730 2829 et
2759 2775 3014 2842 gloriam
3037 2776 3243 2831 Patris
3263 2783 3318 2832 et
3341 2777 3492 2832 Filii
3514 2782 3571 2832 et

197 2853 473 2920 Spiritus
503 2859 720 2912 sancti.
744 2861 954 2916 Amen.

273 2942 406 2998 Duo
431 2951 574 3000 sunt
590 2947 886 3004 notanda:
926 2956 996 3002 ιο.
1019 2949 1118 3004 Hic
1141 2949 1408 3005 desinere
1441 2967 1596 3022 Opus
1627 2951 1794 3021 illud,
1829 2950 1994 3022 quod
2019 2957 2387 3008 tentaverant
2415 2953 2666 3021 Fratres;
2692 2950 2773 3006 illi
2795 2952 3013 3022 quippe
3035 2958 3294 3023 quatuor
3309 2953 3571 3024 capitula

194 3031 498 3089 adversus
522 3037 754 3092 Graecos
773 3039 1192 3109 probaverant,
1210 3040 1426 3095 deinde
1449 3040 1787 3096 clausulam
1810 3043 2021 3108 Amen,
2037 3057 2160 3113 qua
2175 3041 2312 3095 ﬁnis
2332 3042 2528 3112 operis
2555 3039 2874 3105 indicatur,
2891 3039 3262 3109 adjecerunt:
3284 3041 3566 3111 denique,

193 3126 260 3175 ut
293 3123 528 3194 patebit
555 3125 826 3194 interius,
845 3142 980 3198 quae
1008 3135 1342 3200 sequuntur
1361 3146 1432 3183 ex
1460 3129 1591 3184 aliis
1620 3129 1856 3201 scriptis
1885 3132 2024 3183 sunt
2045 3135 2341 3198 excerpta.
2377 3131 2455 3182 2°.
2481 3129 2622 3182 Inde
2676 3132 2831 3198 patet
2853 3127 3273 3184 Pantaleonem
3296 3144 3417 3184 non
3436 3143 3567 3184 esse

192 3210 385 3283 hujus
417 3215 621 3286 scripti
642 3213 968 3282 auctorem,
1001 3223 1205 3289 utpote
1231 3219 1332 3290 qui
1366 3217 1660 3274 diaconus
1698 3225 1799 3273 aut
1830 3217 2160 3290 aliquando
2186 3217 2531 3271 monasterii
2569 3217 2903 3289 presbyter,
2928 3231 3050 3272 non
3067 3233 3207 3273 vero
3234 3218 3568 3274 monachus

197 3299 463 3358 dicatur.
493 3309 566 3358 At
599 3304 917 3360 indubium
951 3311 1056 3373 est,
1083 3305 1248 3361 illum
1279 3312 1598 3364 tractatum
1625 3325 1662 3364 a
1689 3306 2006 3363 monachis
2035 3304 2370 3360 confectum
2401 3304 2609 3369 fuisse,
2638 3311 2692 3360 et
2724 3320 3099 3376 anonymum
3131 3322 3440 3362 remanere
3469 3306 3569 3363 de-

201 3387 434 3461 buisse,
464 3399 530 3448 ut
557 3393 747 3450 solent
771 3411 905 3467 quae
925 3396 1099 3464 jussu
1131 3401 1386 3467 etopera
1402 3397 1883 3468 congregationis
1909 3394 2162 3464 alicujus
2181 3394 2401 3465 scripta
2431 3399 2568 3448 sunt
2593 3412 2605 3448 :
2639 3393 2776 3448 ideo
2807 3393 3097 3465 plurimos
3117 3399 3390 3451 auctores
3419 3409 3569 3468 prae-

202 3477 316 3534 fert
346 3485 406 3536 et
435 3496 674 3553 semper
703 3482 919 3556 plurali
941 3479 1192 3540 numero
1221 3501 1353 3540 sese
1386 3486 1652 3541 indicant
1683 3490 1992 3541 auctores:
2026 3484 2098 3538 In
2126 3484 2412 3551 protemio
2444 3483 2626 3552 hujus
2657 3484 2932 3551 opusculi
2961 3485 3158 3539 testati
3182 3499 3406 3540 sumus.

282 3570 564 3626 Secunda
588 3587 727 3643 pars
759 3587 881 3628 non
911 3573 1021 3629 fuit
1043 3573 1596 3640 Dominicanorum,
1621 3575 1722 3628 sed
1756 3575 2018 3642 Hugonis
2048 3573 2388 3641 Etheriani,
2424 3574 2523 3645 qui
2558 3572 2778 3628 saaculo
2794 3573 3088 3644 praeterito
3118 3576 3350 3629 Graecos
3366 3574 3569 3630 confu-

213 3661 468 3714 taverat.
504 3660 673 3715 Miror
701 3661 815 3716 hoc
846 3677 966 3717 non
1007 3662 1221 3716 vidisse
1251 3663 1409 3717 viros
1438 3663 1719 3729 eruditos,
1763 3663 2005 3735 quippe,
2041 3667 2121 3726 3ο,
2156 3664 2239 3717 sic
2266 3663 2595 3735 loquuntur
2635 3665 2862 3718 Fratres
2893 3662 3310 3718 Praedicatores
3343 3681 3356 3718 :
3409 3664 3572 3732 Quod

209 3747 345 3803 licet
358 3749 492 3816 jam
516 3755 780 3820 quatuor
797 3750 970 3806 dictis
987 3752 1262 3806 articulis
1284 3753 1742 3821 demonstretur,
1761 3759 1958 3808 tamen
1979 3754 2179 3809 adhuc
2195 3755 2257 3807 in
2280 3752 2371 3808 his
2388 3768 2520 3824 qua?
2539 3753 2804 3822 subjecta
2821 3761 2961 3808 sunt
2982 3753 3333 3822 ostenditur,
3351 3769 3480 3826 quas
3496 3770 3572 3810 ea:

208 3836 384 3892 dictis
406 3839 686 3907 magistri
707 3840 980 3909 Hugonis
1013 3840 1372 3897 zEtheriani
1390 3855 1586 3909 nuper
1609 3847 1881 3897 extracta
1901 3840 2040 3897 huic
2066 3843 2233 3912 operi
2257 3842 2544 3897 duximus
2565 3841 2894 3897 inserenda.
2923 3843 3144 3898 Dicunt
3171 3844 3324 3898 enim
3349 3847 3403 3898 et
3423 3844 3568 3899 scri-

210 3924 379 3991 bunt,
413 3931 526 3982 etc.
563 3927 735 3982 Vides
763 3927 858 3982 hic
887 3927 1054 3984 ﬁnito
1081 3943 1280 3999 opere,
1309 3929 1592 4001 quaedam
1625 3945 1693 3984 ex
1720 3930 1986 4000 Hugonis
2015 3932 2252 3987 Etherii
2285 3931 2520 4003 scriptis
2549 3930 2746 4002 adjici.
2784 3931 2937 3996 Quid
2967 3930 3341 3987 evidentius?
3376 3935 3569 3987 Unum

211 4018 414 4069 tamen
448 4014 591 4070 addi
621 4021 835 4088 potest,
868 4015 1057 4071 multa
1079 4015 1162 4071 ibi
1186 4016 1302 4071 dici
1323 4032 1460 4089 quae
1499 4016 1798 4072 Fratribus
1833 4020 2328 4076 Praedicatoribus
2369 4035 2493 4075 non
2525 4019 2902 4076 conveniant.
2932 4020 3154 4074 Asserit
3182 4025 3408 4087 auctor,
3439 4036 3569 4076 sese

210 4103 368 4159 velut
407 4104 777 4175 singularem
799 4119 1124 4176 personam
1155 4104 1447 4171 indicans,
1482 4104 1705 4161 vidisse
1734 4109 2074 4164 sacerdotes
2103 4109 2353 4164 sacratis
2386 4106 2670 4164 manibus
2703 4110 2808 4180 qui
2829 4109 2942 4163 viri
2975 4109 3336 4178 sanguinum
3363 4115 3567 4178 essent,

210 4194 354 4250 dum
379 4203 773 4266 sequerentur
802 4198 1230 4266 imperatorem
1258 4211 1368 4265 per
1407 4196 1852 4266 Cappadociam
1881 4200 2320 4270 Persarumque
2355 4198 2639 4267 regiones.
2690 4195 2938 4267 Subjicit
2979 4195 3196 4252 deinde
3244 4212 3306 4252 se
3349 4197 3569 4254 vidisse

213 4284 456 4339 clericos
487 4283 801 4356 fustigatos
834 4291 889 4340 et
916 4285 1281 4344 verberatos.
1316 4284 1553 4341 sublata
1578 4287 1742 4358 prius
1781 4293 2026 4358 τιματίῳ,
2060 4288 2176 4342 hoc
2207 4291 2298 4341 est
2336 4291 2492 4342 veste
2527 4286 2820 4350 clericali,
2851 4285 3033 4357 idque
3063 4285 3177 4357 ipsi
3208 4286 3477 4342 evenisse
3507 4286 3568 4342 in

216 4374 412 4429 Niczea
434 4373 691 4430 civitate.
725 4380 813 4429 An
845 4373 1054 4430 credas
1087 4377 1351 4429 Fratrum
1378 4389 1622 4445 gregem
1655 4376 1918 4446 vestigiis
1939 4376 2316 4448 imperatoris
2347 4373 2853 4439 adhaesisse,dum
2877 4374 3200 4431 Orientales
3226 4381 3573 4447 peragraret

217 4464 488 4535 regiones
519 4465 546 4518 '?
579 4464 817 4531 Deinde,
859 4464 998 4536 quis
1029 4464 1355 4535 imperator
1384 4463 1480 4518 ille
1508 4465 1538 4518 ?
1566 4469 1652 4519 An
1685 4464 2014 4520 Balduinus
2058 4467 2120 4531 11,
2165 4465 2269 4536 qui
2309 4480 2339 4519 e
2378 4468 2546 4535 parte
2587 4463 2930 4519 Latinorum
2967 4466 3266 4536 prmerat?
3315 4465 3430 4522 Sed
3472 4465 3566 4520 hic

222 4551 509 4607 adversus
529 4554 736 4606 Persas
762 4551 987 4606 bellum
1007 4567 1326 4623 nunquam
1357 4553 1562 4622 gessit.
1593 4554 1806 4608 Verum
1831 4553 2080 4626 quidem
2106 4559 2211 4619 est,
2235 4554 2531 4609 Joannem
2554 4554 2875 4619 Vatalzem,
2899 4569 3080 4625 quem
3103 4556 3330 4610 Ducam
3361 4554 3567 4626 appel-

223 4639 340 4694 lant
367 4639 632 4710 plurimi,
663 4639 868 4695 Nicane
900 4639 1104 4695 sedem
1134 4639 1509 4710 imperialem
1541 4639 1844 4696 habuisse.
1879 4643 1991 4698 Sed
2023 4641 2339 4696 verisimile
2373 4657 2495 4696 non
2543 4640 2606 4696 ﬁt
2650 4641 3075 4698 Preedicatores
3112 4658 3184 4698 eo
3213 4647 3479 4715 tempore
3506 4642 3567 4697 in

225 4729 344 4798 ejus
367 4726 576 4784 aulam
605 4727 908 4785 admissos
939 4728 1149 4784 itinera
1178 4744 1316 4783 cum
1349 4729 1482 4800 ipso
1510 4729 1678 4786 varia
1703 4729 2052 4787 confecisse.
2084 4733 2219 4788 Haec
2243 4745 2367 4786 non
2397 4729 2580 4787 modo
2605 4730 2970 4796 verisimilia,
2999 4731 3104 4787 sed
3133 4747 3274 4787 vera
3316 4734 3453 4787 sunt
3489 4729 3567 4786 de

223 4817 494 4880 Etherio,
541 4816 667 4888 qui,
712 4832 853 4873 cum
900 4817 1095 4886 gratia
1131 4831 1373 4872 summa
1413 4816 1660 4889 polleret
1705 4817 1872 4890 apud
1901 4818 2230 4876 Manuelem
2262 4817 2659 4886 Comnenum,
2693 4819 2912 4874 Latinis
2941 4818 3242 4875 faventem
3267 4823 3323 4875 et
3346 4817 3566 4890 saepius

224 4905 506 4960 adversus
535 4906 752 4960 Turcas
777 4905 1228 4977 Saracenosque
1255 4904 1732 4975 belligerantem,
1753 4906 1954 4978 ipsum
1979 4923 2086 4980 per
2101 4907 2298 4964 varios
2325 4923 2502 4964 casus
2521 4907 2770 4964 etdiscri
2781 4908 2942 4963 mina
2961 4921 3162 4962 rerum
3179 4907 3563 4978 sequebatur.

225 4995 410 5052 Unum
435 4991 616 5063 objici
647 4998 858 5066 potest,
878 5009 1018 5066 quce
1047 4992 1328 5064 leguntur
1355 4993 1416 5049 in
1455 4995 1747 5050 Tractatu
1777 5001 1990 5052 contra
2021 4997 2255 5052 Graecos
2284 5011 2408 5052 non
2438 4995 2680 5068 reperiri
2704 4995 2867 5066 apud
2891 4995 3262 5060 Etherium;
3293 4995 3400 5051 sed
3425 4995 3567 5053 inde

222 5097 373 5140 nova
401 5081 545 5138 oriri
572 5086 763 5154 potest
792 5081 1154 5153 conjectura,
1185 5081 1447 5154 plurima
1475 5082 1741 5139 edidisse
1782 5083 2105 5140 Etherium
2137 5083 2432 5156 opuscula
2470 5082 2764 5138 adversus
2794 5084 3048 5150 Graecos,
3076 5098 3149 5139 ex
3176 5083 3400 5156 quibus
3428 5101 3567 5158 quas

223 5170 308 5228 hic
337 5171 723 5244 proferuntur
749 5170 970 5228 fuerint
999 5176 1297 5242 excerpta.

285 5260 474 5318 Tertia
503 5259 764 5332 denique
793 5275 934 5332 pars
961 5259 1143 5330 hujus
1169 5259 1393 5331 scripti,
1423 5259 1501 5317 ab
1531 5259 1661 5317 aliis
1685 5261 1862 5333 plane
1885 5261 2146 5331 diversa,
2175 5263 2439 5320 continet
2466 5267 2702 5320 tantum
2742 5262 3147 5321 narrationem
3175 5265 3432 5336 portenti
3459 5281 3564 5323 cu-

220 5350 456 5421 jusdam
487 5348 651 5421 quod
677 5348 1045 5420 temporibus
1069 5347 1367 5406 Michaelis
1397 5349 1678 5406 Cerularii
1703 5349 1911 5407 debuit
1933 5351 2222 5408 evenisse.
2258 5351 2372 5408 Sed
2398 5367 2521 5408 non
2548 5353 2741 5424 potuit
2763 5351 2986 5410 habere
3012 5354 3242 5409 Fratres
3279 5354 3566 5411 Praedica-

226 5446 368 5499 tores
399 5447 702 5507 auctores,
732 5441 836 5513 qui
864 5440 1032 5513 prius
1061 5439 1190 5496 fuse
1218 5445 1465 5509 egerant
1492 5439 1567 5496 de
1596 5440 1917 5498 schismate
1945 5439 2262 5506 Michaelis,
2297 5444 2354 5496 et
2377 5456 2453 5497 ne
2481 5440 2738 5498 verbum
2762 5442 3009 5514 quidem
3054 5443 3130 5499 de
3160 5442 3259 5499 illo
3289 5447 3564 5516 portento

228 5530 512 5599 dixerant,
545 5528 836 5602 quodque
869 5530 1004 5585 huic
1032 5529 1198 5602 operi
1229 5530 1355 5585 sine
1383 5528 1578 5586 ﬁbula
1598 5529 1707 5587 fuit
1733 5530 2002 5587 aﬂixum.
2035 5528 2140 5585 Illa
2158 5528 2358 5586 brevis
2392 5530 2655 5587 narratio
2685 5535 2878 5603 potest
2897 5547 3025 5587 esse
3055 5531 3450 5598 Pantaleonis,
3469 5530 3564 5586 cui

226 5619 376 5706 male
397 5623 592 5678 totum
621 5634 779 5693 opus
805 5617 1182 5677 adscribitur.

4079 843 4081 936 l

4079 969 4081 1002 ι

4079 1017 4081 1078 1

4079 1189 4081 1250 1

4079 1261 4081 1328 ι

4079 1439 4081 1502 1

4079 1889 4081 1952 l
