4106 6222
1482 1334 1598 1393 nn
1643 1303 2107 1389 OBEDIENTIA
2144 1287 2524 1357 ROMANZE
2568 1287 3022 1364 ECCLESUE,

778 1482 1004 1536 Editus
1062 1453 1610 1528 Constantinopoli,
1672 1450 1731 1508 in
1787 1440 2015 1505 uadibus
2070 1426 2355 1489 Fratrum
2413 1422 2942 1495 Prtedicatorum,
3010 1439 3176 1483 anno
3240 1419 3497 1483 Domini
3559 1421 3740 1481 1252.

636 1757 789 1810 Licet
809 1756 1147 1808 Graecorum
1175 1750 1505 1807 Ecclesiam
1538 1751 1816 1806 virtutum
1854 1739 2096 1799 ﬂoribus
2135 1741 2195 1796 et
2220 1742 2266 1795 Α
2304 1742 2590 1796 creaturas
2620 1739 2892 1797 fermenti
2917 1740 3171 1797 termino
3189 1739 3393 1796 volens
3418 1741 3904 1805 coarctare,voce

563 1838 950 1916 philosophiae
994 1840 1208 1895 studiis
1253 1837 1394 1894 olim
1442 1837 1782 1894 decoratam
1826 1828 2188 1899 noverimus,

559 1943 664 1988 nec
702 1943 825 1983 non
862 1930 920 1981 et
961 1932 1313 1982 sanctorum
1348 1926 1605 1988 Patrum,
1647 1920 2095 1993 prophetarum,
2138 1922 2197 1974 et

559 2016 970 2089 apostolorum
1019 2013 1209 2071 veloci
1239 2025 1415 2069 cursu
1441 2010 1676 2066 calcans
1710 2006 1975 2076 vestigia,
2004 2021 2193 2079 quam

557 2105 759 2176 plures
792 2120 863 2159 ex
892 2117 952 2156 se
988 2100 1163 2156 vivos
1191 2106 1248 2156 et
1268 2098 1488 2168 ignitos
1516 2095 1746 2168 lapides
1778 2095 1839 2149 in
1870 2094 2195 2151 aediﬁcium

555 2208 830 2263 supernae
907 2188 1233 2244 Jerusalem
1303 2184 1534 2241 dudum
1599 2183 1995 2240 transmiserit
2057 2200 2195 2242 con-

551 2279 926 2346 struendum,
956 2289 1118 2330 nunc
1143 2280 1341 2330 tamen
1371 2273 1431 2327 in
1471 2271 1587 2327 tine
1632 2276 1991 2345 temporum,
2028 2272 2195 2346 quod

548 2365 671 2422 sine
701 2365 873 2431 gravi
895 2376 1148 2417 maerore
1187 2360 1449 2432 proferre
1477 2375 1601 2415 non
1633 2376 1979 2433 possumus,
2022 2362 2196 2417 innu-

546 2449 723 2509 meris
746 2455 804 2504 et
832 2448 1078 2505 diversis
1103 2463 1375 2503 errorum
1399 2447 1719 2506 obfuscata
1744 2450 2103 2517 turbinibus,
2131 2451 2193 2506 in

543 2534 753 2596 eadem
767 2536 1023 2607 caligine
1035 2552 1283 2592 suarum
1294 2537 1671 2609 opinionum,
1685 2539 1923 2596 diversa
1938 2556 1973 2595 a
1985 2545 2194 2596 sancta

542 2630 813 2686 Romana
842 2623 1105 2680 Ecclesia
1134 2630 1495 2696 perseverat.
1546 2629 1612 2683 Et
1656 2627 1932 2700 quamvis
1959 2626 2194 2683 inﬁnita

540 2711 865 2775 haeresium
893 2714 1163 2785 germina
1191 2729 1228 2769 a
1270 2715 1545 2771 trecentis
1581 2716 1883 2785 octoginta
1907 2715 2106 2783 annis,
2135 2720 2193 2773 et

543 2802 716 2869 circa,
767 2801 833 2859 id
870 2809 978 2873 est,
1023 2818 1060 2859 a
1099 2808 1367 2875 tempore
1418 2804 1627 2869 Photii,
1672 2805 1761 2860 vel
1806 2804 2034 2861 Photini
2088 2806 2186 2878 (l),

543 2890 720 2971 primi
747 2891 933 2966 hujus
964 2892 1302 2949 schismatis
1329 2892 1679 2960 inventoris,
1704 2894 1766 2949 in
1794 2893 2045 2950 diversis
2068 2895 2190 2951 suis

545 2982 836 3059 partibus,
884 2988 1129 3055 propter
1173 2981 1471 3038 defectum
1516 2982 1799 3050 scientiae,
1843 2987 1901 3039 et
1950 2982 2188 3039 invidiae

2300 1827 2658 1901 blasphema
2677 1829 2981 1903 praedicat,
3002 1845 3123 1886 non
3145 1829 3258 1885 nisi
3284 1829 3347 1885 in
3370 1828 3707 1885 fermentati
3724 1825 3904 1900 panis

2302 1917 2557 1974 materia
2584 1919 2789 1990 perﬁci
2812 1935 2988 1992 posse
3015 1919 3369 1990 mysterium
3392 1916 3777 1975 sacramenti.
3806 1915 3915 1972 His-

2300 2006 2501 2079 itaque
2529 2006 2690 2077 ﬁdei,
2735 2014 2792 2064 et
2834 2009 3158 2076 charitatis,
3192 2008 3442 2080 speique
3480 2006 3824 2074 virtutibus,
3867 2021 3906 2061 a

2302 2096 2586 2153 cordibus
2609 2096 2878 2154 ﬁdelium
2903 2098 3065 2154 dicto
3097 2096 3296 2154 studio
3325 2101 3383 2153 et
3410 2096 3620 2153 ordine
3649 2095 3865 2152 deletis
3890 2111 3904 2149 :

2303 2184 2531 2253 ultimo,
2584 2185 2646 2241 in
2704 2186 2880 2243 totius
2946 2185 3536 2243 consummationem
3600 2183 3905 2256 nequitiae,

2301 2280 2584 2346 quartum
2614 2290 2749 2331 eam
2769 2274 2870 2342 (ad
2891 2290 3079 2347 quam
3100 2275 3320 2332 horum
3347 2278 3404 2331 et
3432 2271 3717 2329 similium
3742 2287 3907 2327 erro-

2300 2378 2437 2419 rum
2461 2368 2691 2436 spectat
2709 2364 3037 2436 correctio),
3059 2363 3122 2420 id
3139 2368 3242 2431 est,
3263 2368 3537 2419 sanctam
3562 2364 3906 2417 Romanam

2304 2452 2647 2518 Ecclesiam,
2669 2452 3051 2523 aggreditur;
3082 2468 3193 2509 nec
3220 2452 3273 2508 ei
3295 2450 3703 2508 obediendum
3735 2465 3906 2505 com-

2301 2540 2560 2596 muniter
2598 2540 2923 2598 asserenda
2964 2542 3271 2615 praedicat,
3311 2539 3583 2597 moribus
3612 2537 3903 2602 afﬁrmat,

2300 2633 2357 2686 et
2380 2629 2547 2686 factis
2572 2629 2731 2686 dicit.

2373 2721 2589 2776 Contra
2606 2735 2760 2792 quos
2781 2734 3010 2776 errores
3040 2718 3350 2793 pestiferos
3374 2716 3653 2791 quamvis
3682 2714 3908 2772 multo-

2299 2824 2432 2863 rum
2444 2808 2573 2880 jam
2589 2808 2858 2865 ﬁdelium
2872 2808 3188 2865 desudavit
3200 2808 3392 2873 labor,
3408 2812 3466 2863 et
3484 2806 3743 2879 plurima
3756 2803 3904 2860 serio

2297 2902 2402 2970 pta
2413 2897 2491 2953 ad
2504 2897 2915 2955 defensionem
2926 2914 3082 2954 verae
3094 2897 3232 2954 ﬁdei
3245 2896 3549 2954 catholicae
3561 2894 3904 2951 dimiserint

2299 2985 2687 3059 perlegenda:
2716 2987 2862 3059 quia
2888 2992 3091 3043 tamen
3110 2985 3386 3043 moderni
3412 2986 3615 3052 (ἔκ-θεοί,
3630 2984 3774 3039 novi
3791 2998 3901 3055 pa-

546 3073 1025 3138 amaritudinem,
1054 3070 1364 3126 manifeste
1395 3070 1855 3143 pullulaverint:
1890 3074 2188 3144 praecipue
2220 3090 2259 3145 Β
2298 3076 2454 3146 riter,
2489 3079 2544 3131 et
2573 3075 2805 3147 antiqui
2840 3074 3225 3141 schismatici,
3265 3090 3375 3130 nec
3405 3072 3771 3143 argumentis
3799 3071 3899 3127 vel

543 3166 742 3220 tamen
783 3160 844 3217 in
885 3165 1145 3232 quatuor
1173 3158 1435 3215 articulis
1479 3160 1846 3231 generaliter,
1878 3175 1987 3217 seu
2022 3176 2182 3218 com-

538 3248 797 3308 muniter
822 3248 1191 3317 dignoscitur
1209 3246 1450 3305 deviare
1470 3266 1507 3306 a
1531 3248 1727 3306 nobis.
1763 3251 2029 3316 Quorum
2056 3249 2183 3322 pri-

538 3353 692 3402 mus,
721 3337 865 3410 quia
887 3335 965 3393 ab
991 3337 1125 3408 ipsa
1148 3335 1351 3393 divina
1380 3338 1691 3410 majestate
1727 3338 2039 3406 inchoans,
2081 3354 2183 3395 ore

537 3425 766 3502 polluto
792 3424 1054 3483 afﬁrmat
1090 3430 1299 3482 contra
1327 3427 1697 3499 opinionem,
1720 3427 1841 3483 imo
1871 3427 2055 3483 ﬁdem
2085 3443 2184 3483 ca-

538 3515 838 3581 tholicam,
890 3514 1124 3571 tertiam
1171 3530 1495 3587 personam
1538 3516 1598 3571 in
1636 3515 1930 3582 Trinitate,
1977 3516 2039 3572 id
2072 3520 2181 3585 est,

537 3604 819 3677 Spiritum
858 3609 1135 3661 sanctum
1182 3626 1209 3654 ‹‹
1248 3620 1285 3661 a
1324 3605 1465 3661 Filio
1498 3604 1745 3661 minime
1777 3604 2121 3676 procedere,
2150 3626 2179 3656 ››

533 3691 622 3750 vel
652 3692 889 3765 spirari,
917 3698 1020 3750 aut
1047 3693 1452 3750 cxsistentiam
1474 3692 1719 3750 habere.

604 3782 917 3839 Secundus
949 3788 1171 3850 autem,
1196 3781 1527 3838 secundum
1551 3780 1881 3853 theologos,
1901 3782 2180 3839 virtutem

532 3887 786 3928 numero
807 3871 1162 3942 secundam,
1188 3871 1249 3927 id
1275 3875 1363 3927 est
1382 3886 1552 3943 spem
1572 3870 1863 3940 ﬁdelium,
1885 3871 2179 3929 virulento

532 3961 852 4018 conanime
877 3961 1214 4017 interimere
1254 3959 1523 4026 studens,
1558 3960 1789 4029 asserit,
1818 3984 1838 4009 ι
1874 3960 2180 4018 defuncto-

531 4066 667 4107 rum
701 4051 940 4109 animas
978 4067 1091 4107 nec
1120 4050 1389 4108 Paradisi
1420 4050 1655 4121 gaudiis
1679 4050 1924 4123 perfrui,
1953 4066 2064 4107 nec
2087 4053 2177 4108 in-

530 4139 839 4197 fernorum
885 4139 1213 4213 suppliciis,
1263 4139 1357 4197 vel
1398 4139 1535 4212 igne
1575 4140 1941 4213 purgatorio,
1982 4164 2001 4189 »
2032 4142 2181 4198 citra

531 4228 690 4285 diem
707 4230 935 4300 judicii,
952 4235 1055 4286 aut
1082 4234 1219 4285 ante
1242 4228 1430 4285 latam
1450 4229 1807 4285 sententiam
1824 4234 2175 4300 extremam,

523 4318 764 4390 judiciis
793 4335 970 4393 posse
994 4319 1124 4391 subj
1135 4335 1326 4377 acere.

602 4409 834 4466 Tertius
866 4424 1003 4467 vero
1032 4409 1235 4482 ipsam
1254 4408 1681 4481 omnipotentis
1726 4408 1823 4465 Dei
1847 4409 2177 4481 potentiam

2292 3164 2647 3231 rationibus,
2678 3180 2790 3220 nec
2819 3180 3004 3220 sacrae
3027 3164 3346 3236 Scriptura).
3376 3161 3753 3232 testimoniis,
3779 3160 3898 3215 nisi

2295 3269 2546 3309 suorum
2567 3253 2800 3326 scriptis
2822 3252 3421 3325 sanctorum,quibus
3445 3251 3779 3325 plurimum
3803 3250 3899 3305 in-

2291 3341 2562 3398 nituntur
2583 3346 2703 3399 tam
2726 3342 3111 3415 apocryphis,
3140 3357 3327 3414 quam
3353 3341 3527 3403 veris,
3555 3339 3771 3395 nolunt
3800 3354 3898 3394 su-

2293 3431 2487 3503 perari
2507 3450 2519 3487 :
2545 3431 2817 3488 fraternis
2833 3446 3075 3504 quoque
3097 3429 3375 3503 precibus
3391 3428 3897 3500 inclinatus,qua-

2292 3518 2420 3574 liter
2440 3534 2513 3574 ex
2533 3519 2656 3575 suis
2684 3518 2849 3574 libris
2877 3533 3086 3574 eorum
3112 3517 3500 3574 convincatur
3537 3514 3892 3588 pertinacia,

2291 3606 2525 3677 virtute,
2557 3622 2682 3679 qua
2709 3612 2939 3680 potero,
2965 3606 3279 3662 ostendere
3307 3604 3623 3662 laborabo.

2365 3696 2421 3752 Si
2475 3696 2620 3769 quid
2659 3711 2799 3766 ergo
2829 3695 3020 3765 vobis,
3053 3695 3233 3751 frater
3278 3693 3648 3762 charissime,
3693 3691 3757 3746 in
3796 3690 3894 3747 his

2291 3788 2528 3856 gratum
2542 3785 2733 3853 fuerit,
2751 3784 2828 3839 ad
2844 3784 3070 3840 fontem
3087 3783 3387 3841 bonorum
3404 3782 3678 3838 omnium
3697 3782 3894 3836 Deum

2288 3875 2626 3940 referentes,
2642 3874 2714 3947 ei,
2730 3874 2826 3929 cui
2846 3888 3026 3930 omne
3047 3889 3149 3929 cor
3168 3877 3351 3945 patet,
3374 3877 3427 3930 et
3458 3870 3660 3927 omnis
3681 3868 3894 3925 volun-

2289 3966 2380 4019 tas
2428 3963 2709 4036 loquitur,
2760 3964 3099 4020 orationum
3138 3962 3475 4034 frequentia
3524 3974 3622 4015 me
3671 3957 3893 4014 sedulo
3954 3960 3973 3975 ⁹

2288 4052 2730 4109 commendate.
2770 4052 2827 4108 Si
2872 4067 2998 4124 qua
3034 4067 3192 4117 vero,
3233 4055 3449 4122 praeter
3490 4048 3892 4104 intentionem

2288 4158 2507 4211 meam,
2525 4141 2723 4198 minus
2735 4140 2960 4197 veritati
2981 4155 3248 4195 consona
3265 4138 3468 4195 forsan
3480 4135 3887 4210 apparebunt,

2286 4236 2498 4288 vestrae
2545 4230 2925 4287 correctionis
2973 4228 3119 4285 lima
3174 4227 3499 4301 depuretis,
3548 4225 3627 4281 ad
3678 4225 3891 4281 lumen

2287 4320 2547 4377 veritatis
2577 4319 2956 4376 charitatisve
2984 4318 3360 4383 reducentes,
3392 4330 3542 4372 meae
3569 4314 3891 4387 imperitiae

2288 4414 2343 4466 et
2369 4409 2670 4467 brevitatis
2695 4408 2913 4481 inopina
2933 4407 3173 4464 veniam
3203 4404 3567 4463 concedatis.

1469 4584 1943 4654 SEQUUNTUR
1983 4587 2421 4646 OPINIONES
2456 4587 2940 4645 GR/ECORUM.

530 4715 811 4773 Rationes
856 4716 1198 4771 Graecorum
1228 4712 1310 4769 ad
1325 4712 1588 4781 primum
1620 4712 1989 4785 articulum:
2019 4713 2180 4785 quod

733 4788 999 4857 Spiritus
1023 4791 1266 4842 sanctus
1291 4800 1411 4839 non
1426 4784 1717 4853 procedat
1739 4799 1777 4839 a
1795 4784 1973 4840 Filio.

600 4892 783 4964 Igitur
811 4893 997 4949 Graeci
1021 4892 1284 4965 primum
1314 4888 1630 4947 articulum
1658 4888 1780 4945 suis
1818 4890 2175 4963 rationibus,

530 4986 587 5040 et
614 4982 1037 5040 auctoritatum
1060 4979 1413 5037 testimoniis
1444 4976 1764 5035 defendere
1785 4976 2073 5050 volentes,
2096 4980 2179 5038 ita

527 5071 881 5145 procedunt.

600 5160 795 5217 Primo
824 5178 837 5216 :
874 5160 931 5219 Si
957 5158 1205 5233 Spiritus
1231 5158 1494 5223 sanctus,
1521 5155 1823 5228 inquiunt,
1859 5157 2181 5228 procedita

526 5250 1055 5318 Patre,secundum
1069 5246 1476 5318 Evangelium,
1494 5244 1877 5317 autprocedit
1889 5246 2179 5318 perfecte;

531 5341 675 5405 sive,
711 5340 813 5397 illa
851 5337 1157 5412 processio
1186 5336 1449 5410 perfecta
1486 5340 1598 5405 est,
1632 5339 1736 5391 aut
1754 5350 1917 5391 non:
1971 5335 2022 5391 si
2047 5351 2181 5409 per-

529 5430 700 5501 fecta,
727 5435 792 5487 ut
819 5427 1180 5494 concedetis,
1206 5441 1395 5500 quare
1433 5440 1681 5482 necesse
1716 5429 1828 5494 est,
1868 5428 1933 5481 ut
1962 5441 1998 5482 a
2037 5424 2178 5483 Filio

2287 4713 2576 4786 procedat
2605 4712 2854 4785 Spiritus
2877 4713 3157 4768 sanctus?
3179 4713 3329 4781 Ergo
3351 4707 3890 4782 superﬂuitsccun-

2287 4804 2369 4860 da
2405 4803 2729 4875 processio,
2768 4801 2937 4874 quod
2977 4805 3065 4857 est
3106 4798 3502 4873 superfluum,
3534 4804 3638 4855 aut
3678 4799 3887 4855 incon—

2284 4893 2532 4949 veniens
2561 4892 2622 4947 in
2650 4891 2982 4948 Divinitate.
3019 4892 3190 4960 Ergo,
3224 4894 3334 4947 etc.

2360 4982 2526 5048 Item,
2556 4996 2694 5037 cum
2730 4995 2853 5036 una
2898 4980 2973 5035 sit
2996 4994 3183 5035 causa
3210 4982 3268 5034 et
3295 4977 3430 5034 fons
3459 4977 3521 5033 in
3547 4976 3884 5048 Divinitate,

2288 5070 2506 5126 scilicet
2544 5074 2730 5139 Pater,
2757 5074 2880 5126 tam
2925 5068 3099 5125 Filius
3139 5083 3327 5140 quam
3355 5067 3607 5139 Spiritus
3635 5072 3887 5123 sanctus

2287 5159 2583 5215 exsistunt
2610 5174 2646 5215 a
2675 5161 2863 5227 Patre,
2890 5157 2985 5213 ille
3012 5170 3117 5230 per
3146 5156 3613 5228 generationem,
3644 5155 3755 5211 iste
3780 5170 3894 5229 per

2286 5247 2760 5320 processionem.
2786 5246 2900 5304 Sed
2929 5247 2977 5301 si
3004 5262 3041 5302 a
3067 5245 3208 5302 Filio
3230 5245 3456 5301 exsistit
3482 5249 3586 5301 aut
3614 5244 3894 5316 procedit

2291 5336 2540 5410 Spiritus
2567 5341 2839 5405 sanctus,
2862 5335 3040 5392 etiam
3073 5334 3245 5391 Filius
3267 5334 3375 5389 erit
3411 5349 3597 5390 causa
3635 5332 3893 5405 Spiritus

2288 5428 2500 5496 sancti,
2527 5430 2586 5484 et
2602 5426 2684 5483 ita
2704 5424 2839 5482 duae
2867 5441 3067 5483 causae
3092 5441 3105 5480 :
3129 5429 3185 5480 et
3213 5440 3320 5497 per
3340 5437 3741 5496 consequens,
3764 5423 3894 5481 duo

596 5583 677 5665 (1)
713 5581 859 5644 Male
887 5597 902 5651 ;
933 5579 1175 5642 Photius
1202 5578 1364 5639 enim
1389 5593 1427 5640 a
1454 5578 1704 5640 Photino
1732 5577 1841 5639 fuit
1860 5540 2039 5654 plane
2068 5578 2363 5640 diversus.
2398 5580 2534 5639 BAS.
