4106 6222
75 297 190 354 489

1477 294 1759 357 CONTRA
1793 297 2088 361 GRAECOS

3435 325 3543 390 690

79 418 420 493 principia
442 419 502 476 in
530 418 862 478 Divinitate.
913 419 1030 478 Sed
1059 418 1177 478 hoc
1212 420 1303 478 est
1328 417 1781 482 inconveniens.
1812 421 1861 477 A
1895 426 2178 501 Spiritum
2199 429 2342 504 Filii,
2401 434 2494 491 vel
2520 435 2689 509 quod
2721 437 2972 511 Spiritus
2999 441 3270 502 mittatur
3334 463 3373 506 a
3401 449 3542 511 Filio

77 508 302 580 lgitur,
334 511 465 564 etc.

155 597 416 654 Tertio:
452 598 595 655 Item
625 598 689 655 in
716 600 946 656 Joanne
999 595 1143 656 dicit
1189 597 1416 656 Veritas
1467 599 1782 675 discipulis

84 685 247 740 suis:
283 687 522 744 Omnia
547 704 919 762 quaecunque
943 687 1155 746 audivi
1182 702 1220 744 a
1247 689 1436 747 Patre
1459 705 1607 763 meo,
1635 697 1782 750 nota

86 779 212 848 feci
241 779 429 835 vobis
464 780 502 833 ¹.
541 778 649 836 Ubi
688 779 832 836 dicit
852 779 1094 838 Glossa:
1130 799 1159 828 ‹‹
1196 779 1414 837 Omnia
1436 782 1781 841 necessaria

90 868 166 924 ad
195 867 483 926 salutem
513 869 738 943 scripta
786 875 928 927 sunt
949 869 1012 926 in
1044 869 1384 940 Evangelio.
1410 892 1439 922 »
1473 871 1588 929 Sed
1633 871 1780 929 illud

96 973 218 1014 non
247 961 348 1014 est
381 958 680 1031 scriptum
711 958 774 1016 in
828 957 1191 1031 Evangelio;
1246 973 1390 1030 ergo
1423 973 1548 1016 non
1586 964 1678 1018 est
1703 961 1778 1018 de

95 1047 474 1104 necessariis
521 1047 600 1104 ad
647 1047 921 1106 salutem.
977 1050 1132 1119 Ergo
1157 1062 1283 1105 non
1328 1051 1603 1106 tenemur
1657 1065 1781 1108 cre-

100 1134 265 1192 dere.
302 1136 434 1194 Sed
463 1152 600 1210 quae
640 1153 783 1195 vera
808 1143 948 1194 sunt
975 1141 1249 1194 tenemur
1291 1137 1556 1207 credere,
1591 1143 1650 1196 et
1682 1154 1781 1196 ve-

102 1225 325 1292 nerari,
349 1226 630 1284 maxime
676 1243 813 1300 quae
841 1226 1112 1284 divinam
1138 1225 1464 1284 essentiam
1501 1227 1783 1287 videntur

102 1313 471 1388 praedicare.
505 1313 621 1373 Sed
645 1315 809 1374 istud
837 1331 962 1373 non
991 1319 1266 1373 tenemur
1303 1315 1567 1375 credere.
1627 1320 1782 1390 Ergo

110 1419 230 1461 non
254 1407 348 1461 est
378 1419 627 1461 verum.

182 1493 413 1560 Quarto
440 1512 455 1550 :
478 1510 622 1551 cum
645 1493 870 1552 Veritas
902 1495 1123 1553 faceret
1143 1495 1512 1554 mentionem
1547 1495 1622 1553 de
1647 1511 1782 1570 pro-

119 1583 385 1640 cessione
401 1582 662 1657 Spiritus
697 1583 887 1642 sancti
920 1584 998 1641 ait
1019 1601 1032 1641 :
1050 1585 1165 1653 Qui
1188 1601 1225 1642 a
1245 1587 1431 1643 Patre
1451 1586 1720 1656 procedit
1737 1589 1781 1656 ί,

121 1687 238 1727 non
265 1671 452 1729 dixit:
497 1673 621 1729 Eia
654 1672 820 1730 Filio.
861 1672 1033 1740 Quod
1063 1673 1112 1730 si
1157 1674 1377 1731 Veritas
1407 1673 1571 1731 aliud
1617 1673 1786 1731 intel-

1889 511 2006 570 hoc
2025 515 2321 576 habuistis
2357 537 2372 576 ε
2398 521 2622 593 sciatis,
2643 541 2754 583 vos
2773 528 2870 585 vel
2887 545 3012 586 non
3033 531 3362 605 intelligere
3393 540 3543 596 Scri-

1889 608 2122 679 pturas,
2178 608 2270 665 vel
2323 610 2653 673 intellectas
2711 617 2974 676 studiose
3028 628 3383 694 pervertere,
3437 632 3544 690 aut

1889 698 2044 750 certe
2074 711 2182 768 per
2209 697 2616 770 ignorantiam
2643 705 2904 763 multum
2934 723 2972 764 a
2995 710 3242 769 veritate
3293 718 3352 770 et
3402 731 3542 774 san-

1887 787 2120 880 ctorum
2149 787 2622 860 expositionibus
2650 792 2912 852 deviare.
2947 799 3142 864 Quare
3171 801 3252 857 ad
3278 818 3413 871 nos,
3435 807 3542 880 qui

1886 870 2080 928 fontes
2111 890 2344 943 sumus,
2376 877 2718 950 redeuntes,
2765 884 2974 941 audire
3031 889 3296 960 poteritis
3325 870 3542 952 verita-

1886 962 2280 1055 tem-Dicitur
2307 966 2488 1038 igitur
2518 969 2771 1042 Spiritus
2803 973 2946 1047 Filii,
3006 992 3130 1034 non
3158 980 3304 1052 quia
3333 999 3542 1055 proce-

1887 1050 1974 1107 dit
1999 1051 2078 1109 ab
2114 1069 2205 1123 eo,
2237 1055 2342 1112 sed
2371 1059 2662 1130 quoniam
2717 1062 2948 1122 ratione
2976 1050 3198 1125 divina;
3247 1050 3539 1147 ess—cutim,

1889 1145 1982 1198 est
2009 1141 2064 1198 ei
2092 1144 2639 1206 ccnsubstantialis.

1962 1230 2128 1304 Item,
2175 1233 2613 1324 diciturrmitti,
2664 1242 2761 1299 vel
2813 1243 2944 1300 dari
2996 1261 3033 1306 a
3093 1247 3235 1307 Filio
3287 1253 3541 1324 Spiritus

1892 1324 2158 1386 sanctus,
2190 1323 2336 1394 quia
2365 1323 2445 1381 ab
2471 1324 2605 1399 ipso
2633 1329 2904 1401 mittitur,
2930 1333 3010 1389 ad
3037 1323 3542 1400 sanctiﬁcandum

1891 1415 2216 1478 creaturas,
2262 1411 2416 1470 sicut
2437 1413 2500 1470 in
2528 1417 2761 1474 Joanne
2810 1418 2940 1493 ipse
2991 1425 3242 1482 testatur
3285 1428 3538 1489 dicens:

1889 1497 1958 1554 Si
2000 1514 2121 1556 non
2141 1499 2358 1569 abiero,
2403 1505 2761 1563 Paractetus
2782 1525 2901 1567 non
2921 1514 3113 1570 veniet
3128 1515 3211 1572 ad
3225 1531 3326 1574 vos
3353 1521 3410 1575 si
3433 1535 3543 1577 au-

1893 1591 2006 1644 tem
2040 1588 2261 1656 abiero,
2290 1593 2525 1651 mittam
2545 1610 2679 1652 eum
2699 1597 2782 1653 ad
2812 1614 2912 1655 vos
2928 1601 2972 1656 ³.
3010 1603 3184 1668 Quod
3212 1620 3356 1664 vero
3401 1608 3545 1667 alibi

1892 1675 2035 1733 dicit
2057 1677 2186 1750 ipse
2217 1679 2428 1737 Filius:
2461 1685 2496 1739 Ι
2499 1685 2579 1740 tle
2602 1700 2695 1742 me
2742 1688 3122 1760 ctariﬁcabit,
3149 1695 3295 1766 quia
3320 1697 3395 1754 de
3417 1713 3545 1756 meo

126 1760 381 1832 lexisset,
431 1759 600 1817 aliud
637 1761 926 1830 dixisset;
988 1777 1102 1833 ego
1154 1767 1359 1820 autem
1397 1759 1594 1820 verbis
1652 1763 1784 1834 ejus
1820 1781 1862 1836 Β
1894 1768 2142 1836 accipiet
2171 1769 2211 1834 ⁸,
2245 1769 2701 1842 intelligendum
2731 1781 2842 1846 est,
2900 1778 2976 1835 de
3020 1759 3375 1842 meo-Patre.
3411 1788 3545 1844 0m-

132 1849 346 1906 addere
384 1865 513 1907 non
545 1850 766 1922 audeo,
796 1866 907 1908 nec
936 1866 1256 1924 praesumo.

199 1937 371 1994 Item:
403 1941 534 1995 Non
569 1937 766 1995 solum
796 1938 1060 1996 Christus
1097 1939 1214 1996 hoc
1255 1938 1458 2006 tacuit,
1508 1938 1615 1996 sed
1674 1955 1788 1998 nec

143 2026 346 2096 aliquis
383 2027 800 2100 apostolorum
830 2027 947 2085 tale
975 2027 1202 2102 aliquid
1219 2027 1398 2099 dixit;
1427 2028 1628 2085 nullus
1648 2045 1788 2088 san-

151 2119 368 2172 ctorum
393 2115 509 2173 hoc
530 2116 902 2190 praedicavit.
961 2117 1107 2185 lmo,
1162 2116 1330 2190 quod
1372 2117 1510 2190 plus
1554 2121 1667 2190 est,
1725 2119 1787 2174 in

160 2202 400 2260 editione
423 2220 574 2262 verae
606 2204 766 2275 ﬁdei,
803 2209 1014 2263 sancta
1037 2204 1292 2264 concilia
1311 2205 1458 2262 nihil
1478 2221 1658 2280 super
1671 2206 1789 2264 hoc

171 2289 511 2349 deﬁnierunt
529 2311 545 2361 ς
565 2293 670 2350 sed
695 2299 992 2366 ponentes
1010 2294 1073 2350 in
1091 2293 1402 2368 Symbolo,
1433 2311 1570 2368 quae
1588 2311 1791 2354 neces-

184 2379 326 2434 saria
344 2385 472 2436 sunt
491 2381 563 2438 ad
583 2383 854 2455 salutem,
879 2399 1125 2440 omnem
1145 2382 1538 2453 additionem,
1558 2383 1789 2458 exposi-

181 2466 404 2535 tionem,
458 2469 910 2528 declarationem
968 2471 1084 2528 sub
1113 2471 1520 2530 anathematis
1550 2473 1791 2530 vinculo

177 2556 561 2617 concluserunt
585 2565 641 2618 et
667 2561 1022 2634 rejecerunt.

231 2647 362 2703 Item
402 2648 567 2705 multi
603 2656 951 2708 nostrorum
988 2650 1303 2708 doctorum
1334 2667 1598 2724 quorum
1642 2651 1795 2709 anti-

155 2735 430 2806 quissima
442 2738 665 2812 scripta
677 2739 843 2812 apud
854 2755 966 2796 nos
981 2755 1174 2813 usque
1188 2739 1369 2797 hodie
1382 2745 1796 2814 perseverant,

167 2827 222 2878 ut
245 2825 642 2899 Theodoritus,
677 2833 733 2886 et
769 2829 1019 2902 quidam
1045 2828 1163 2901 alii,
1218 2829 1588 2887 contrarium
1615 2830 1800 2902 hujus

170 2912 436 2986 opinionis
463 2923 679 2974 vestris
722 2919 1087 2991 scripserunt
1107 2923 1165 2976 et
1191 2919 1651 2976 mandaverunt.
1687 2922 1800 2976 Da-

165 3017 452 3061 mascenus
481 3021 754 3080 quoque,
786 3007 962 3078 cujus
1005 3007 1241 3080 scriptis
1275 3012 1432 3065 certe
1491 3009 1800 3066 contradi-

167 3105 279 3149 cere
293 3109 408 3151 non
440 3097 713 3169 potestis,
743 3095 953 3153 volens
979 3096 1320 3169 ostendere,
1352 3097 1519 3170 quod
1548 3101 1672 3154 tam
1711 3097 1800 3155 Fi-

167 3179 266 3239 lius
291 3201 466 3258 quam
497 3187 755 3260 Spiritus
773 3192 1018 3244 sanctus
1065 3187 1361 3244 exsistunt
1419 3204 1455 3244 a
1507 3191 1695 3256 Patre,
1746 3193 1806 3246 et

169 3273 312 3344 quod
331 3276 581 3348 Spiritus
606 3280 852 3332 sanctus
879 3291 1003 3333 non
1051 3275 1322 3350 procedit
1351 3291 1388 3332 a
1417 3275 1579 3344 Filio,
1613 3281 1802 3335 meta-

171 3361 397 3434 phoram
415 3364 588 3423 vocis
611 3364 1021 3423 etintellectus
1061 3365 1371 3422 adducens
1395 3365 1457 3422 in
1508 3365 1799 3435 medium,

174 3450 534 3511 aitznPrimo
579 3459 668 3512 est
693 3453 1045 3521 intellectus,
1090 3455 1308 3512 deinde
1355 3454 1610 3512 verbum
1641 3459 1803 3512 exte-

175 3540 295 3608 rius,
323 3543 542 3600 scilicet
581 3558 740 3613 vox;
792 3543 1034 3616 spiritus
1076 3547 1280 3600 autem
1322 3543 1668 3600 vehiculum
1716 3547 1806 3602 est

179 3628 333 3686 verbi.
357 3633 694 3689 Intellectus
745 3631 926 3703 igitur
956 3631 1175 3689 format
1201 3647 1434 3701 vocem,
1486 3637 1541 3690 et
1580 3633 1641 3689 in
1670 3633 1806 3706 ipsa

181 3719 371 3789 spirata
397 3721 736 3778 ostenditur
759 3721 1114 3778 intellectus.
1160 3723 1224 3776 Et
1260 3721 1594 3778 intellectus
1626 3721 1801 3788 Patri,

179 3809 224 3860 et
247 3809 478 3867 verbum
504 3810 674 3877 Filio,
709 3810 949 3884 spiritus
994 3810 1233 3884 Spiritui
1285 3801 1495 3866 sancito
1535 3809 1803 3867 attribui—

179 3897 270 3950 tur.
293 3897 441 3956 Sicut
466 3914 617 3970 ergo
636 3899 938 3966 videmus,
964 3899 1130 3972 quod
1152 3899 1231 3956 ab
1251 3898 1554 3956 intellectu
1595 3913 1803 3972 proce-

177 3981 246 4040 dit
269 3987 494 4059 spiritus
546 3993 604 4044 et
642 4005 762 4045 vox
791 3993 849 4046 et
876 4005 1000 4046 non
1051 3989 1293 4062 spiritus
1349 4004 1386 4045 a
1431 4003 1616 4060 voce;
1660 3989 1802 4046 sica

177 4071 316 4131 Patre
339 4077 609 4150 procedit
627 4077 805 4135 Filius
857 4082 913 4135 et
967 4078 1217 4151 Spiritus
1265 4081 1528 4150 sanctus,
1571 4081 1629 4135 et
1675 4092 1800 4135 non

180 4159 390 4230 Spiritus
418 4171 666 4224 sanctus
705 4181 743 4224 a
763 4166 924 4224 Filio.
963 4189 990 4216 ιι

235 4252 582 4327 Epiphanius
609 4262 874 4326 sanctus,
903 4255 1224 4330 episcopus
1280 4255 1480 4330 Cypri,
1528 4256 1590 4312 in
1642 4255 1796 4312 libro

180 4340 376 4400 Dcuna
405 4347 664 4414 Deitate,
726 4345 801 4402 de
856 4346 1074 4418 Spiritu
1130 4350 1339 4402 sancto
1361 4345 1448 4400 sic
1506 4348 1791 4401 testatur:

183 4447 205 4473 κ
231 4429 452 4500 Spiritus
481 4439 732 4490 sanctus
753 4437 906 4491 Deus
933 4438 1042 4504 est,
1065 4439 1120 4491 et
1153 4433 1402 4507 Spiritus
1441 4433 1654 4490 Christi
1682 4437 1789 4505 est,

183 4528 280 4572 non
306 4523 632 4580 secundum
663 4524 931 4597 aliquam
960 4523 1482 4596 compositionem,
1499 4522 1793 4596 quemad-

183 4606 467 4668 modumin
483 4613 667 4670 nobis
697 4628 920 4686 corpus
941 4616 1000 4669 et
1015 4611 1219 4669 anima
1236 4629 1250 4668 :
1267 4611 1490 4668 scilicet
1510 4613 1573 4668 in
1592 4611 1793 4669 medio

186 4693 334 4754 Patris
365 4708 420 4758 et
444 4703 590 4760 Filii.
614 4723 646 4758 ›
667 4706 797 4760 Non
837 4718 979 4775 ergo
1026 4701 1333 4759 mediante
1381 4702 1544 4772 Filio,
1577 4706 1645 4759 ut
1682 4717 1792 4759 vos

185 4779 422 4862 deliratis,
446 4792 722 4866 procedit
770 4792 1016 4865 Spiritus
1064 4796 1309 4848 sanctus
1337 4793 1600 4856 aPatre;
1652 4806 1791 4848 cum

186 4878 471 4937 secundum
483 4881 672 4938 Patris
681 4881 863 4952 hujus
877 4895 1112 4947 vocem,
1141 4879 1378 4936 medius
1391 4879 1545 4936 inter
1557 4881 1792 4937 Patrem

186 4962 228 5013 et
248 4961 432 5025 Filium
461 4970 772 5027 ordinetur
802 4969 1060 5042 Spiritus
1089 4973 1361 5025 sanctus.

238 5051 380 5122 Item,
399 5059 534 5130 quis
552 5058 728 5116 vobis
765 5057 882 5116 hoc
896 5056 1187 5114 revelavit
1204 5058 1234 5114 ?
1258 5056 1424 5114 Unde
1443 5055 1742 5114 habuistis
1762 5058 1793 5114 ?

188 5134 342 5198 Quare
353 5146 526 5204 etiam
546 5147 725 5204 nobis
747 5147 866 5204 hoc
885 5162 1009 5203 non
1040 5146 1153 5203 fuit
1191 5146 1522 5203 revelatum
1542 5146 1571 5202 7
1597 5148 1792 5212 Quare

187 5219 232 5280 in
240 5227 500 5300 Symbolo
512 5236 626 5293 tale
635 5235 931 5308 quiddam
941 5233 1470 5308 inseruistis,quod
1480 5249 1790 5308 nusquam

190 5317 406 5380 Positum
417 5322 522 5382 fuit
534 5341 572 5382 a
584 5323 810 5382 sanctis
821 5323 1098 5382 Patribus
1110 5323 1140 5379 Τ
1153 5323 1211 5381 Si
1219 5339 1359 5381 vero
1378 5322 1788 5397 quorumdam

191 5404 461 5470 Verborum
495 5414 814 5473 occasione
841 5413 1062 5472 divinae
1087 5413 1430 5488 Scriptura,
1456 5412 1788 5472 dicentium

1893 1854 1995 1912 nia
2021 1855 2203 1924 enim,
2235 1872 2372 1929 quae
2392 1860 2580 1916 Patris
2603 1867 2761 1932 sunt,
2783 1868 3049 1939 exceptis
3076 1872 3545 1943 proprietatibus

1893 1944 2334 2018 personalibus,
2366 1951 2722 2007 communia
2754 1957 2896 2011 sunt
2916 1956 3150 2030 utrique
3181 1975 3196 2014 :
3229 1963 3546 2035 proprium

1894 2033 2155 2090 dicimus
2191 2050 2318 2092 esse
2347 2037 2522 2104 Patri,
2553 2042 2619 2095 ut
2649 2039 2727 2096 ab
2755 2041 2889 2114 ipso
2919 2047 3176 2118 tantum,
3217 2053 3277 2106 et
3315 2033 3440 2109 non
3465 2052 3545 2110 ab

1894 2122 2014 2180 alio
2040 2123 2329 2197 procedat
2355 2124 2604 2200 Spiritus
2637 2133 2906 2190 sanctus.

2107 2262 2428 2331 Responsio
2461 2269 2675 2324 contra
2702 2269 2904 2338 prima
2935 2269 3054 2328 duo
3079 2271 3335 2344 objecta.

1970 2377 2067 2434 llis
2096 2377 2350 2450 aliisque
2379 2394 2568 2452 quam
2607 2381 2884 2454 plurimis
2936 2388 3382 2461 conaminibus,
3413 2407 3550 2466 qua:

1901 2483 2086 2524 causa
2113 2465 2420 2524 brevitatis
2449 2484 2573 2526 non
2606 2475 2746 2528 sunt
2774 2473 2972 2545 posita
2998 2476 3123 2546 (illa
3152 2483 3354 2536 autem
3413 2465 3552 2554 quae

1903 2556 2100 2627 magis
2128 2557 2348 2614 usitata
2379 2561 2540 2628 sunt,
2573 2562 2771 2632 posita
2796 2564 2976 2635 sunt),
3037 2571 3311 2624 sanctam
3342 2572 3556 2628 Roma-

1904 2662 2048 2703 nam
2080 2646 2404 2704 Ecclesiam
2435 2663 2695 2720 errasse,
2727 2654 2785 2708 et
2834 2652 2894 2708 in
2927 2669 3226 2713 canonem
3259 2657 3397 2716 lata:
3429 2676 3560 2717 sen-

1905 2734 2097 2792 tentia:
2128 2735 2431 2808 incidisse,
2465 2737 2838 2796 mendaciter
2888 2742 3141 2801 fatentes
3167 2748 3366 2815 Graeci,
3399 2748 3562 2807 debi-

1907 2828 2032 2881 tam
2063 2823 2469 2880 obedientiam
2499 2830 2557 2882 et
2598 2830 2996 2888 reverentiam
3052 2833 3333 2894 devotam
3364 2838 3563 2895 eidem

1909 2911 2181 2968 Ecclesiae
2201 2913 2360 2984 juste
2385 2929 2449 2970 se
2479 2914 2868 2983 subtraxisse,
2901 2919 3251 2980 hominibus
3278 2925 3562 2998 simplici-

1911 3000 2028 3056 bus
2055 3001 2418 3074 persuadere
2463 3003 2762 3062 laborant.
2817 3009 2933 3064 Nos
2983 3025 3127 3067 vero
3154 3011 3361 3080 Latini,
3388 3013 3481 3070 his
3505 3020 3564 3072 et

1913 3090 2042 3147 aliis
2073 3091 2450 3148 contumeliis
2477 3092 2612 3150 loco
2640 3111 2750 3150 suo
2780 3095 3068 3166 dimissis,

1983 3179 2069 3236 Ad
2091 3180 2356 3252 primum
2379 3184 2436 3238 et
2457 3182 2791 3240 secundum
2814 3185 3122 3256 objectum
3142 3203 3330 3248 lmam
3349 3191 3564 3250 dantes

1912 3270 2372 3342 responsionem
2431 3269 2514 3327 sic
2567 3271 2892 3329 solvimus:
2949 3277 3351 3335 Concedimus
3400 3283 3566 3354 quod

1911 3359 2092 3432 plena
2113 3365 2168 3417 et
2189 3359 2452 3434 perfecta
2492 3362 2880 3432 processione
2901 3365 3170 3436 procedit
3191 3381 3227 3423 a
3248 3367 3391 3425 Filio
3414 3388 3427 3426 :
3452 3385 3567 3426 nec.

1912 3454 2115 3506 tamen
2139 3449 2408 3523 sequitur
2457 3449 2624 3522 quod
2681 3449 2798 3507 sint
2850 3451 2984 3508 duae
3040 3456 3476 3527 processiones,
3507 3463 3568 3520 et

1915 3554 2039 3594 una
2063 3554 2272 3596 earum
2321 3537 2648 3611 superﬂua,
2703 3539 2847 3612 quia
2901 3541 2958 3598 in
2991 3541 3095 3600 illa
3121 3537 3568 3620 simplicissima

1914 3627 2242 3684 Divinitatis
2293 3631 2529 3696 natura,
2583 3643 2690 3684 nec
2746 3644 3036 3687 numerus
3061 3633 3562 3707 vicissitudinum,

1913 3732 2025 3772 nec
2055 3716 2342 3788 temporis
2367 3717 2646 3786 varietas,
2677 3733 2788 3773 nec
2818 3719 3029 3776 localis
3059 3723 3294 3793 positio,
3323 3741 3432 3782 nec
3457 3728 3568 3784 ilu-

1911 3821 2045 3872 xus,
2105 3821 2217 3862 nec
2272 3804 2502 3870 incisio,
2557 3821 2670 3862 nec
2725 3807 3126 3882 interstitium,
3175 3817 3280 3869 aut
3303 3815 3564 3886 spatium

1912 3896 2202 3968 temporis
2259 3895 2473 3952 cadere
2531 3900 2744 3967 potest.
2798 3897 2939 3953 Inde
2969 3903 3078 3968 est,
3110 3901 3276 3972 quod
3301 3902 3401 3958 illa
3429 3919 3564 3975 pro-

1909 3985 2101 4041 cessio
2151 3999 2276 4057 qua
2330 3984 2580 4056 Spiritus
2631 3989 2876 4042 sanctus
2923 3987 3194 4058 procedit
3249 4005 3285 4044 a
3315 3993 3479 4048 Patre
3505 3996 3565 4050 et

1911 4073 2052 4130 Filio
2073 4088 2183 4128 nec
2203 4071 2511 4128 intervallo
2531 4074 2841 4145 temporis,
2861 4089 2972 4130 nec
3018 4076 3212 4149 spatio
3259 4077 3396 4149 loci,
3420 4095 3562 4138 cum

1907 4178 2031 4219 non
2063 4162 2135 4217 sit
2165 4161 2330 4234 prius
2359 4160 2456 4216 vel
2491 4161 2808 4232 posterius,
2846 4163 2997 4221 alias
3049 4167 3394 4238 perﬁcitur:
3451 4172 3563 4229 sed

1907 4251 2086 4308 simul
2140 4255 2198 4306 et
2252 4249 2438 4306 semel
2487 4255 2580 4306 est
2607 4266 2642 4306 a
2674 4251 2844 4308 Patre
2879 4258 2935 4309 et
2994 4254 3173 4326 Filio;
3207 4273 3242 4314 a
3272 4261 3442 4317 Patre
3465 4264 3561 4318 ta-

1905 4357 2046 4398 men
2071 4338 2423 4413 procedens,
2481 4339 2787 4397 mediante
2814 4341 2975 4406 Filio,
3034 4345 3368 4403 secundum
3398 4350 3562 4406 testi-

1902 4429 2112 4487 monia
2141 4427 2384 4485 inferius
2404 4428 2626 4501 posita,
2657 4430 2928 4502 procedit
2956 4450 2968 4488 :
3001 4431 3201 4500 idest,
3232 4435 3349 4494 hoc
3375 4437 3562 4496 habet

1906 4519 2145 4576 Filiusa
2190 4520 2378 4586 Patre,
2430 4521 2497 4572 ut
2551 4517 2630 4573 ab
2682 4520 2817 4592 ipso
2870 4522 3158 4594 procedat
3209 4527 3265 4580 et
3304 4526 3561 4599 spiretur

1905 4608 2154 4682 Spiritus
2209 4610 2474 4678 sanctus,
2533 4608 2802 4664 mittatur
2857 4613 2913 4665 et
2963 4611 3154 4667 detur.
3187 4613 3354 4670 Unde
3391 4619 3448 4671 et
3477 4615 3557 4671 ad

1900 4698 2100 4772 ipsum
2131 4699 2390 4765 Patrem,
2437 4694 2514 4750 de
2539 4711 2663 4769 quo
2714 4696 2897 4754 etiam
2926 4698 3110 4755 habet
3172 4701 3346 4757 Filius
3373 4717 3556 4759 omne

1899 4787 2065 4860 quod
2098 4801 2276 4842 suum
2307 4788 2414 4851 est,
2442 4784 2727 4852 referens,
2761 4791 2817 4840 et
2840 4785 2889 4842 ei
2950 4790 3143 4843 totum
3200 4789 3553 4859 attribuens,

1895 4876 2045 4933 dicit
2071 4875 2237 4948 apud
2265 4875 2563 4932 Joannem
2597 4890 2609 4929 :
2642 4875 2778 4930 Mea
2802 4873 3103 4944 doctrina,
3127 4893 3247 4933 non
3285 4884 3372 4935 est
3398 4895 3551 4947 mea,

1898 4965 2004 5023 sed
2033 4967 2162 5035 ejus
2193 4965 2300 5035 qui
2329 4964 2486 5019 misit
2521 4977 2613 5018 me
2646 4963 2688 5018 ⁵.
2729 4965 2791 5018 Et
2833 4963 3087 5020 iterum:
3125 4967 3272 5023 Cum
3325 4971 3555 5026 venerit

1897 5055 2182 5112 Paraclet
2189 5069 2275 5122 us,
2288 5066 2458 5123 quem
2471 5065 2566 5123 ego
2577 5052 2811 5108 mittam
2827 5052 3008 5120 vobis,
3023 5054 3316 5124 Spiritum
3336 5060 3551 5115 verita-

1900 5144 1996 5213 tis,
2022 5143 2127 5215 qui
2157 5157 2196 5199 a
2227 5141 2415 5198 Patre
2435 5141 2710 5211 procedit
2743 5142 2807 5210 6,'
2840 5156 2912 5197 ac
2969 5142 3020 5198 si
3079 5143 3302 5201 diceret
3335 5146 3548 5203 Filius:

1897 5235 2132 5290 Patrem
2162 5235 2395 5287 tantum
2451 5230 2513 5285 in
2557 5231 2944 5300 processione
2977 5231 3227 5305 Spiritus
3256 5235 3548 5291 nomino:

1896 5321 2042 5396 quia
2069 5334 2250 5377 omne
2279 5317 2443 5393 quod
2470 5317 2690 5387 habeo,
2723 5319 2952 5377 ratione
2995 5336 3131 5378 esse
3162 5326 3218 5379 et
3245 5315 3548 5397 principii,

1900 5412 1978 5469 ab
2006 5411 2143 5484 ipso
2173 5411 2362 5476 Patre,
2389 5408 2495 5480 qui
2531 5412 2622 5465 est
2647 5424 2834 5467 causa
2873 5415 2928 5466 et
2955 5411 3319 5485 principium
3349 5411 3416 5470 in
3457 5411 3548 5469 di-

245 5559 433 5621 iioan.
460 5581 557 5634 xv,
584 5571 668 5623 l5.
745 5568 768 5602 ²
797 5565 946 5623 ibid.
976 5568 1068 5622 26.
1143 5566 1167 5601 ⁸
1193 5567 1370 5626 Joau.
1397 5582 1512 5636 xvr,
1542 5572 1597 5628 7.
1674 5566 1698 5605 ⁴
1721 5562 1874 5623 Ibid.
1901 5565 1986 5624 ﬂ.
2061 5563 2083 5599 ⁵
2109 5563 2278 5622 Joan.
2307 5573 2409 5631 ut,
2447 5563 2529 5618 16.
2607 5562 2630 5596 ⁸
2653 5561 2824 5621 toan.
2853 5578 2952 5634 xv,
2982 5567 3073 5620 26.

496 5640 737 5696 PATKOL.
777 5639 881 5696 Gn.
921 5639 1073 5696 CXL.

3037 5639 3104 5691 16
