4106 6222
530 322 633 396 89!

1763 326 2244 398 PANTALEONIS
2282 334 2563 397 DIACONI
2597 334 2703 396 CP.

3850 330 3955 395 492

530 462 918 533 vinitate,me
936 436 1161 519 habere
1182 474 1509 531 cognosco.
1531 462 1680 519 Nam
1719 466 1785 520 ut
1822 480 1858 521 a
1880 464 2019 521 Filio
2044 482 2181 539 pro-
2213 458 2261 522 Ᾱ
2290 469 2473 535 ctum,
2524 466 2712 521 Deum
2764 468 2821 521 et
2875 463 3203 528 viviﬁcum,
3254 479 3326 520 ex
3375 465 3542 520 Patre
3596 478 3708 535 per
3742 463 3941 520 Filium

532 552 708 609 cedat
737 551 988 623 Spiritus
1019 553 1285 616 sanctus,
1344 548 1460 606 hoc
1484 550 1671 607 habet
1700 550 1879 608 Filius
1907 570 1943 610 a
1974 557 2179 623 Patre;

528 641 708 698 Pater
734 655 877 696 vero
905 655 1031 696 non
1068 639 1147 696 ab
1176 639 1311 707 alio,
1346 638 1455 695 sed
1484 655 1521 696 a
1548 656 1608 695 se
1636 646 1892 698 tantum.

601 730 785 786 Istam
838 730 1041 801 itaque
1070 728 1467 785 differentiam
1500 730 1653 786 sacri
1709 731 2008 797 doctores,
2041 733 2180 789 ﬁdei

528 818 708 875 oculo
736 817 1032 874 interioris
1081 817 1345 873 hominis
1402 823 1457 873 et
1488 833 1635 874 sane
1665 819 2091 889 discernentes,
2121 822 2180 877 in

527 907 730 964 multis
766 906 911 963 locis
966 907 1360 962 inveniuntur
1414 906 1658 978 dixisse,
1705 909 1871 981 quod
1928 910 2183 981 Spiritus

528 1002 771 1053 sanctus
796 996 1068 1068 procedit
1096 1012 1132 1052 a
1188 999 1357 1051 Patre
1400 998 1851 1067 principaliter.
1882 998 1988 1053 Alii
2020 999 2184 1054 dixe—

527 1090 686 1156 runt,
721 1084 889 1157 quod
913 1086 1159 1154 proprie
1198 1100 1234 1140 a
1264 1085 1437 1140 Patre
1466 1104 1479 1139 :
1515 1085 1613 1141 alii
1635 1086 1800 1158 quod
1825 1104 1859 1141 a
1884 1087 2051 1142 Patre
2078 1103 2184 1159 per

532 1174 761 1245 Filium,
817 1175 911 1229 vel
970 1174 1108 1229 Filio
1164 1176 1485 1230 mediante.
1537 1177 1603 1230 Et
1658 1174 1793 1230 licet
1843 1192 2051 1231 verum
2112 1176 2184 1231 sit

526 1271 693 1337 quod
724 1265 915 1319 sancti
946 1268 1241 1331 asserunt,
1289 1266 1345 1319 et
1392 1265 1719 1320 contradici
1774 1281 1896 1319 non
1953 1267 2180 1338 possit:

525 1370 651 1410 non
682 1359 883 1411 tamen
915 1354 1199 1425 sequitur,
1234 1353 1402 1423 quod
1434 1356 1671 1409 Graecus
1712 1354 2002 1424 intelligit,
2035 1354 2183 1409 scili-

526 1450 641 1513 cet,
661 1444 831 1515 quod
850 1443 1011 1498 idem
1036 1442 1285 1514 Spiritus
1324 1443 1493 1512 prius
1519 1458 1555 1497 a
1581 1444 1765 1507 Patre,
1791 1443 2185 1514 postmodum

528 1551 567 1589 a
596 1534 759 1601 Filio,
790 1533 884 1587 vel
915 1532 1081 1604 quod
1106 1531 1301 1601 magis
1330 1547 1367 1586 a
1398 1534 1567 1587 Patre
1598 1548 1786 1603 quam
1819 1547 1853 1586 a
1884 1532 2023 1587 Filio
2055 1547 2187 1604 pro-

529 1624 737 1679 cedat:
774 1628 875 1677 aut
896 1621 1063 1693 quod
1081 1622 1201 1675 sint
1220 1620 1355 1675 duae
1378 1620 1817 1692 processiones,
1846 1626 1902 1677 et
1940 1636 2065 1677 una
2089 1637 2186 1678 ea-

524 1728 661 1768 rum
680 1712 987 1783 superilua
1005 1729 1021 1780 ;
1046 1709 1151 1765 sed
1172 1710 1315 1781 quia
1330 1712 1499 1765 Pater
1538 1711 1842 1782 gignendo
1866 1710 1943 1767 ab
1965 1716 2186 1766 aeterno

2289 554 2736 628 procedentem.
2771 576 2799 603 ››

2366 643 2609 700 Basilius
2655 643 2716 698 in
2766 658 3043 698 sermone
3074 644 3151 698 de
3179 642 3379 698 Trinit.
3433 642 3537 716 qui
3585 642 3671 697 sic
3703 642 3943 716 incipit:

2294 734 2565 801 Cognitio
2592 732 2809 797 Patris,
2844 737 2991 788 etc.:
3030 755 3055 780 α
3090 732 3429 805 Antiquitus
3460 731 3797 787 Divinitatis
3832 748 3947 786 non

2290 823 2683 893 ignorabatur
2714 822 3090 891 mysterium.
3136 822 3319 877 Verbo
3375 823 3529 876 enim
3566 822 3838 887 Domini,
3867 822 3945 875 in-

2290 912 2419 984 quit
2476 909 2815 979 Psalmista,
2882 911 3009 965 cmli
3030 912 3260 978 ﬁrmati
3289 917 3448 973 sunt,
3478 916 3530 965 et
3558 909 3793 979 Spiritu
3836 912 3947 963 oris

2293 1001 2439 1068 ejus,
2494 1001 2684 1053 omnis
2728 1000 2918 1054 virtus
2969 1015 3170 1054 eorum
3198 1001 3215 1030 τ
3245 1016 3257 1063 ;
3293 999 3393 1053 sed
3427 1014 3535 1054 nec
3577 997 3697 1053 alio
3734 999 3941 1067 Verbo,

2292 1103 2479 1160 quam
2500 1086 2667 1155 Filio,
2694 1103 2800 1142 nec
2826 1086 2937 1141 alio
2980 1088 3220 1159 Spiritu,
3247 1102 3434 1157 quam
3470 1086 3691 1157 Spiritu
3716 1092 3941 1141 sancto.

2294 1180 2455 1232 Unus
2508 1182 2593 1231 est
2615 1176 2774 1231 enim
2814 1176 3084 1248 Spiritus.
3133 1178 3198 1231 Et
3244 1178 3393 1231 sicut
3442 1192 3511 1230 ex
3543 1191 3646 1231 ore
3683 1177 3789 1230 Dei
3819 1192 3943 1247 pro-

2293 1265 2537 1320 veniens
2570 1264 2764 1329 Filius,
2822 1265 2903 1319 sic
2935 1265 3277 1320 Trinitatem
3319 1264 3506 1319 Verbo
3538 1265 3686 1330 unit,
3713 1269 3777 1319 et
3810 1265 3943 1319 anti-

2294 1355 2517 1425 quitus,
2550 1358 2605 1407 et
2634 1369 2818 1409 nunc.
2856 1377 2881 1400 ››

2368 1454 2509 1507 [tem
2528 1452 2589 1505 in
2612 1450 2848 1515 eodem,
2872 1458 3007 1506 ante
3031 1452 3249 1507 ﬁnem:
3292 1476 3310 1501 ι
3346 1452 3445 1506 Via
3472 1451 3567 1506 Dei
3590 1452 3939 1521 cognitionis

2297 1544 2387 1596 est
2417 1539 2493 1595 ab
2526 1556 2646 1594 uno
2672 1540 2887 1611 Spiritu
2916 1558 3021 1612 per
3056 1541 3261 1596 Filium
3290 1557 3475 1595 unum
3509 1540 3587 1594 ad
3620 1557 3824 1595 unum
3849 1544 3940 1595 Pa-

2294 1636 2467 1686 trem.
2516 1629 2813 1685 Naturalis
2845 1629 3104 1695 bonitas,
3156 1635 3209 1686 et
3250 1647 3387 1702 quae
3418 1630 3755 1685 secundum
3788 1636 3946 1685 natu-

2294 1734 2424 1774 ram
2467 1717 2881 1785 sanctiﬁcatio,
2919 1722 2975 1773 et
3000 1718 3216 1788 regalis
3246 1716 3506 1787 dignitas
3536 1734 3609 1773 ex
3650 1718 3833 1774 Patre
3856 1735 3941 1789 per

527 1801 760 1869 Filium,
784 1800 948 1855 dedit
977 1800 1031 1856 ei
1077 1804 1266 1855 totum
1292 1815 1424 1854 esse
1475 1815 1673 1867 suum,
1707 1804 1794 1855 est
1823 1800 1982 1854 enim
2014 1816 2186 1854 verus
2220 1823 2259 1877 Β
2297 1807 2676 1877 Unigenitum
2708 1806 2787 1862 ad
2814 1807 3096 1878 Spiritum
3130 1808 3416 1878 pervenit.
3454 1830 3480 1855 ››

526 1892 683 1945 Deus
714 1889 789 1944 de
821 1891 978 1945 Deo:
1033 1892 1091 1945 et
1144 1887 1311 1959 quod
1364 1887 1524 1943 idem
1574 1887 1777 1955 Filius,
1831 1887 2187 1943 {eternaliter

526 1980 839 2041 exsistens,
870 1994 906 2034 a
956 1981 1125 2034 Patre
1152 1978 1461 2033 nascendo
1506 1978 1739 2049 accepit
1790 1993 1970 2032 omne
2018 1977 2185 2048 quod

523 2070 730 2139 habet,
762 2073 819 2124 et
846 2072 912 2123 ut
966 2067 1217 2139 Spiritus
1268 2067 1340 2121 sit
1364 2072 1421 2122 et
1449 2067 1740 2139 procedat
1765 2066 1843 2121 ab
1874 2082 1963 2122 co.
1991 2069 2184 2131 Quam

525 2158 849 2215 essentiam
877 2156 1133 2228 Spiritus
1160 2172 1197 2212 a
1219 2154 1361 2211 Filio
1381 2155 1572 2211 sancti
1593 2154 1892 2221 doctores,
1920 2156 2183 2211 maxime

494 2248 731 2317 .Graeci,
783 2245 1260 2311 considerantes,
1310 2243 1524 2300 Filium
1582 2260 1831 2300 causam
1870 2249 1929 2300 et
1957 2243 2184 2298 fontem

529 2336 778 2409 Spiritus
810 2334 1001 2390 sancti
1043 2333 1384 2400 nominant,
1427 2348 1536 2388 nec
1568 2348 1693 2387 non
1748 2340 1803 2387 et
1828 2333 2029 2405 ipsum
2061 2332 2183 2404 Spi~

524 2426 707 2481 ritum
736 2423 1069 2493 imaginem
1102 2421 1247 2477 Filii.
1306 2421 1835 2487 Quemadmodum
1870 2421 2071 2492 utique
2098 2421 2183 2475 Fi-

524 2514 641 2570 lius
672 2514 875 2582 imago
906 2516 994 2567 est
1038 2510 1250 2582 Patris,
1304 2516 1362 2565 et
1383 2510 1562 2566 talem
1594 2526 1915 2565 numerum
1943 2516 1997 2564 et
2025 2509 2183 2564 ordi-

524 2618 668 2658 nem
700 2601 943 2673 Spiritus
970 2599 1049 2655 ad
1104 2598 1314 2655 Filium
1369 2599 1703 2669 assignant,
1738 2598 1981 2669 qualem
2004 2598 2186 2653 habet

523 2691 702 2747 Filius
729 2690 809 2746 ad
868 2691 1099 2744 Patrem
1124 2706 1138 2744 :
1164 2688 1499 2744 secundum
1520 2686 1684 2760 quod
1709 2687 1771 2741 in
1797 2687 2186 2758 sequentibus

526 2779 764 2852 plenius
794 2777 1134 2850 apparebit.

595 2869 865 2924 Diximus
923 2881 1087 2936 ergo,
1113 2865 1280 2937 quod
1334 2864 1603 2937 procedit
1662 2864 1911 2936 Spiritus
1942 2867 2184 2919 sanctus

525 2958 752 3029 pariter
810 2960 867 3010 et
904 2952 1211 3026 aequaliter
1264 2969 1300 3008 a
1348 2952 1521 3008 Patre
1572 2957 1627 3007 et
1676 2951 1843 3018 Filio,
1896 2956 2185 3023 tanquam

523 3046 756 3104 donum
786 3044 1131 3111 amborum,
1178 3048 1233 3098 et
1263 3059 1437 3098 amor
1466 3043 1775 3114 utriusque
1800 3059 1811 3095 :
1848 3042 1953 3097 sed
1984 3055 2186 3113 proce-

524 3135 677 3192 dita
704 3138 870 3190 Patre
922 3147 1028 3205 per
1086 3131 1316 3199 Filium,
1369 3132 1463 3187 vel
1484 3130 1787 3186 mediante
1816 3129 1979 3194 Filio,
2012 3133 2075 3183 ut
2102 3126 2186 3182 di-

520 3224 723 3279 ximus
750 3241 763 3278 :
794 3227 896 3278 aut
920 3227 1076 3277 certe
1105 3219 1515 3293 principaliter
1544 3223 1601 3274 et
1658 3218 1897 3291 proprie
1928 3233 1965 3273 a
1996 3220 2181 3282 Patre,

524 3312 667 3386 quia
693 3316 757 3366 ut
785 3310 863 3366 ab
917 3325 989 3365 eo
1047 3307 1355 3381 procedat,
1410 3310 1582 3363 Pater
1638 3322 1675 3363 a
1720 3306 1883 3362 nullo
1936 3304 2181 3361 habuit:

527 3401 706 3458 Filius
742 3415 883 3455 vero
913 3413 1036 3454 nou
1081 3413 1119 3454 a
1144 3412 1227 3464 se,
1278 3395 1384 3451 sed
1440 3411 1479 3452 a
1510 3394 1682 3451 Patre
1714 3394 1962 3466 accepit.
1994 3398 2036 3447 Α
2062 3408 2184 3465 quo

528 3490 691 3546 enim
719 3489 919 3558 habet,
952 3491 1017 3541 ut
1043 3487 1135 3551 sit,
1168 3485 1247 3541 ab
1274 3484 1492 3540 eodem
1522 3484 1702 3539 etiam
1754 3483 1938 3538 habet
1964 3487 2029 3536 ut
2062 3481 2186 3554 Spi-

527 3579 677 3635 ritus
710 3581 956 3632 sanctus
987 3575 1059 3629 sit
1086 3573 1164 3630 ab
1217 3589 1309 3642 eo,
1336 3579 1393 3628 et
1416 3572 1725 3646 procedat,
1750 3572 1941 3639 detur,
1976 3577 2030 3627 et
2054 3572 2183 3626 mit-

527 3670 707 3738 tatur,
721 3669 787 3720 ut
816 3664 894 3720 ab
921 3679 992 3719 eo
1017 3677 1147 3717 esse
1173 3662 1447 3733 accipiat.
1479 3662 1619 3726 Quae
1651 3665 1869 3715 cuncta
1886 3658 2186 3715 vocabula

532 3772 681 3813 sane
711 3751 1180 3824 intelligentibus
1206 3766 1397 3806 unum
1436 3756 1494 3805 et
1512 3750 1697 3819 idem,
1730 3749 1792 3805 id
1820 3754 1928 3821 est,
1988 3764 2184 3804 essen-

526 3848 679 3903 tiam
733 3844 982 3918 Spiritus
1010 3858 1047 3898 a
1096 3841 1243 3897 Filio
1274 3839 1606 3907 praedicant
1662 3844 1720 3894 et
1775 3838 2179 3894 manifestam.

529 3935 706 4003 Quod
735 3938 960 4002 tamen,
993 3931 1148 3987 sicut
1189 3928 1473 3997 diximus,
1532 3930 1768 3984 Graecus
1826 3942 1948 3982 non
2000 3925 2182 3981 conﬁ-

529 4030 708 4083 tetur.

527 4198 1513 4264 Assertiocatholicceveritatis.Et
1540 4200 1803 4269 primum
1838 4211 1913 4253 ea:
1948 4195 2181 4251 Graeco-

885 4308 1021 4350 rum
1054 4291 1314 4348 Patrum
1339 4288 1825 4348 auctoritatibus.

602 4454 777 4524 Quod
842 4453 1093 4524 Spiritus
1139 4454 1385 4506 sanctus
1435 4446 1727 4521 procedat
1780 4461 1817 4501 a
1864 4444 2035 4500 Patre
2076 4457 2185 4517 per

2366 1908 2509 1959 Item
2567 1904 2932 1960 Athanasius
2988 1906 3045 1959 in
3104 1905 3362 1961 editione
3412 1905 3581 1967 ﬁdei.
3626 1906 3814 1974 cujus
3869 1914 3945 1960 est

2291 1994 2526 2048 initium
2547 2010 2557 2045 :
2586 1992 2897 2047 Credimus
2918 1994 2979 2047 in
2996 2010 3175 2048 unum
3192 1996 3563 2063 unigenitum
3586 1995 3801 2062 Deum,
3820 1998 3946 2059 etc.,

2291 2098 2508 2155 parum
2543 2086 2679 2137 ante
2708 2081 2891 2137 ﬁnem
2917 2100 2929 2135 :
2960 2106 2985 2129 ‹‹
3014 2083 3261 2154 Spiritus
3292 2088 3494 2137 autem
3542 2088 3796 2137 sanctus
3826 2097 3948 2153 pro-

2292 2171 2589 2226 cessivum
2629 2185 2736 2226 ens
2784 2170 2994 2239 Patris,
3051 2176 3108 2227 et
3161 2172 3401 2227 ferentis
3460 2171 3603 2237 Filii,
3631 2187 3741 2243 per
3768 2187 3943 2243 quem

2291 2259 2559 2331 implevit
2580 2259 2805 2315 omnia.
2843 2282 2870 2308 ››

2362 2361 2508 2412 Item
2529 2358 2590 2411 in
2636 2357 2897 2429 Epistola
2948 2358 3311 2414 Athanasius
3358 2358 3433 2412 de
3467 2358 3690 2429 Spiritu
3721 2362 3947 2423 sancto,

2289 2445 2370 2501 ad
2406 2447 2817 2518 Serapionem,
2875 2448 3048 2517 cujus
3074 2452 3181 2515 est,
3214 2446 3481 2502 initium:
3547 2447 3803 2502 Littera
3839 2454 3949 2501 tua:

2291 2535 2634 2605 devotionis,
2705 2540 2862 2590 etc.:
2910 2556 2937 2585 «
2992 2538 3117 2591 Uno
3160 2536 3480 2591 exsistente
3530 2534 3677 2591 Filio
3728 2535 3949 2589 viventi

2292 2639 2477 2679 unam
2508 2628 2741 2695 oportet
2761 2640 2891 2680 esse
2917 2625 3180 2697 plenam,
3213 2624 3558 2696 perfectam,
3592 2628 3650 2678 et
3682 2624 3948 2679 sanctiﬁ-

2292 2713 2550 2768 cativam
2574 2712 2757 2767 vitam
2785 2731 2797 2767 ε
2830 2729 2966 2785 quae
2997 2719 3085 2769 est
3114 2713 3381 2785 operatio
3405 2712 3560 2783 ejus,
3593 2716 3651 2767 et
3692 2712 3955 2783 donum,

2290 2800 2460 2874 quod
2480 2816 2551 2855 ex
2584 2804 2750 2856 Patre
2775 2801 2991 2857 dicitur
3039 2802 3397 2873 procedere:
3450 2801 3596 2872 quia
3625 2815 3703 2855 ex
3736 2800 3949 2867 Verbo,

2292 2890 2459 2963 quod
2488 2907 2562 2945 ex
2591 2893 2756 2946 Patre
2778 2896 2883 2959 est,
2916 2892 3234 2948 manifeste
3276 2890 3637 2963 resplendet,
3687 2895 3745 2946 et
3775 2890 3939 2945 mitti-

2294 2987 2390 3037 tur
2418 2985 2474 3035 et
2497 2981 2778 3035 donatur.
2809 3003 2837 3030 »

2366 3078 2679 3149 Gregorius
2727 3082 3032 3149 Nyssenus
3080 3080 3137 3133 in
3189 3078 3448 3150 Epistola
3498 3078 3575 3134 ad
3624 3077 3945 3141 Eulalinm,

2220 3179 2260 3233 Ο
2292 3184 2427 3240 quae
2447 3169 2531 3225 sic
2577 3169 2816 3241 incipit:
2884 3171 2987 3225 Vos
3036 3172 3195 3240 quod
3244 3172 3491 3241 iustum,
3549 3172 3688 3238 etc.,
3732 3184 3947 3240 parum

2293 3264 2430 3314 ante
2460 3259 2676 3313 ﬁnem:
2709 3282 2737 3308 ι(
2762 3258 3205 3314 Immutabilem
3228 3275 3364 3314 vere
3399 3257 3756 3313 conﬁtentes
3784 3273 3939 3323 eum,

2291 3348 2397 3419 qui
2418 3347 2756 3402 secundum
2786 3347 3166 3403 causativum
3197 3354 3253 3403 et
3284 3352 3599 3404 causatum
3634 3353 3749 3409 est,
3783 3344 3943 3400 diﬁc-

2290 3436 2545 3492 rentiam
2575 3452 2699 3492 non
2733 3453 3031 3508 negamus
3060 3453 3073 3501 ;
3120 3438 3179 3492 in
3211 3452 3332 3509 quo
3362 3436 3557 3491 solum
3578 3434 3844 3491 discerni
3870 3431 3947 3489 al-

2292 3530 2484 3581 terum
2519 3525 2597 3581 ab
2627 3525 2814 3580 altero
2860 3525 3451 3597 comprehendimus,
3485 3524 3603 3581 hoc
3630 3523 3950 3597 quoddam

2291 3614 2668 3669 causativum
2698 3613 3009 3668 credentes
3037 3632 3049 3681 ;
3078 3613 3192 3668 hoc
3222 3617 3415 3668 autem
3455 3628 3532 3668 ex
3558 3612 3878 3667 causativo
3896 3616 3953 3666 et

2291 3704 2424 3773 ejus
2454 3702 2623 3774 quod
2650 3718 2723 3758 ex
2751 3704 3060 3758 causativo
3085 3707 3176 3758 est
3203 3720 3215 3768 ;
3249 3701 3498 3757 alteram
3535 3701 3760 3756 iterum
3779 3699 3953 3756 diffe-
4028 3706 4049 3731 '

2290 3791 2543 3846 rentiam
2557 3789 2941 3861 intelligimus
2967 3832 2980 3855 ,
3005 3790 3118 3845 hoc
3138 3790 3299 3845 enim
3322 3789 3596 3860 proxime
3616 3788 3695 3843 de
3718 3788 3946 3860 primo:

2290 3881 2407 3937 hoc
2436 3884 2639 3936 autem
2670 3895 2777 3952 per
2800 3880 3148 3951 proximum
3178 3880 3253 3934 de
3275 3879 3495 3951 primo.
3534 3900 3560 3927 »ι

2362 3981 2526 4045 Item,
2550 3976 2711 4032 idem
2732 3976 2885 4032 libro
2904 3981 3115 4032 contra
3130 3976 3517 4042 Eunomium,
3531 3974 3711 4047 quasi
3732 3975 3795 4029 in
3808 3974 3946 4039 ﬁne,

2289 4067 2374 4124 ibi
2392 4066 2660 4139 loquitur
2685 4084 2697 4122 :
2720 4088 2747 4115 ‹‹
2771 4065 2931 4121 Sicut
2952 4065 3114 4120 enim
3135 4064 3451 4136 copulatur
3483 4064 3639 4120 Patri
3660 4063 3869 4128 Filius,
3894 4066 3951 4118 et

2290 4172 2364 4212 ex
2387 4157 2520 4228 ipso
2538 4171 2668 4211 esse
2692 4154 2947 4215 habens,
2974 4169 3098 4209 non
3122 4158 3213 4209 est
3266 4153 3560 4226 posterior
3610 4152 3951 4208 secundum

2289 4246 2735 4304 exsistentiam:
2769 4244 2853 4299 sic
2876 4244 3092 4299 iterum
3121 4248 3178 4299 et
3218 4243 3297 4300 ab
3347 4241 3662 4313 Unigenito
3692 4240 3951 4298 habetur

2294 4336 2542 4408 Spiritus
2572 4338 2836 4403 sanctus,
2871 4332 3173 4388 intellectu
3205 4332 3336 4389 solo
3382 4330 3726 4387 secundum
3754 4346 3949 4386 causa

2288 4426 2582 4482 rationem
2610 4422 3047 4496 praespeculata
3068 4422 3321 4494 Spiritus
3348 4419 3685 4494 hypostasi.
3720 4442 3752 4468 »

530 4517 767 4617 Filium,
821 4517 920 4601 vel
972 4539 1277 4597 mediante
1332 4517 1496 4606 Filio,
1540 4540 1606 4591 ut
1651 4534 1877 4590 dictum
1908 4537 2035 4600 est;
2089 4532 2184 4587 vel
2214 4529 2258 4583 D
2295 4614 2304 4617 _
2526 4520 2886 4617 Athanasius
2914 4520 2975 4575 in
2996 4534 3273 4617 sermone
3292 4523 3507 4617 contra
3537 4518 3747 4617 aerios
3774 4517 3947 4617 cujus

536 4637 705 4711 quod
728 4634 891 4691 idem
916 4630 1099 4687 Filius
1118 4628 1354 4684 dicatur
1393 4625 1550 4694 fons,
1583 4629 1641 4680 et
1693 4638 1878 4679 causa
1936 4622 2185 4693 Spiritus

528 4727 757 4785 sancti:
786 4730 845 4782 et
872 4724 1052 4780 etiam
1074 4718 1242 4793 quod
1270 4717 1431 4773 idem
1457 4714 1707 4788 Spiritus
1740 4717 1985 4769 sanctus
2014 4727 2183 4767 voce-

525 4824 625 4875 tur
673 4817 878 4886 imago
908 4813 1057 4879 Filii,
1104 4814 1163 4866 et
1206 4823 1337 4865 esse
1390 4805 1647 4877 accipiat
1679 4804 1758 4860 ab
1807 4801 2184 4860 eozomissis

528 4901 1155 4977 argumentationibus
1182 4896 1405 4961 multis,
1426 4911 1581 4967 quas
1603 4908 1713 4949 nec
1732 4891 2045 4965 recipiunt,
2071 4906 2183 4947 nec

524 4994 705 5067 plane
749 4992 1103 5061 intelligunt,
1158 4990 1506 5043 sanctorum
1538 4998 1788 5039 suorum
1826 4980 2181 5038 testimoniis

525 5082 889 5147 insistentes,
914 5080 1000 5135 sic
1029 5076 1402 5151 probamus:

599 5170 919 5243 Gregorius
974 5167 1389 5225 Nazianzenus
1420 5164 1484 5220 in
1511 5176 1813 5229 sermone,
1841 5160 1947 5233 qui
1972 5157 2183 5230 incipit

526 5264 808 5333 0dibiles,
844 5264 954 5317 etc.
963 5301 981 5331 ,
1005 5258 1093 5315 ita
1120 5257 1295 5313 dicit:
1334 5276 1362 5306 ‹‹
1394 5255 1645 5328 Spiritus
1677 5268 1747 5308 ex
1776 5250 2037 5308 essentia
2066 5252 2177 5304 Pa-

521 5354 628 5411 tris
646 5368 755 5427 per
795 5350 1009 5407 Filium
1040 5344 1393 5403 aeternaliter
1432 5344 1659 5400 missus
1691 5339 2024 5398 sanctiﬁcat
2050 5353 2177 5394 om-

522 5448 667 5501 nem
696 5446 1054 5507 creaturam,
1088 5458 1117 5490 »
1149 5440 1259 5493 etc.

592 5536 661 5589 In
686 5529 932 5605 Epistol.
981 5524 1285 5599 Dionysii:
1317 5544 1347 5575 ι(
1389 5521 1579 5580 Credo
1627 5521 1691 5577 in
1724 5517 2008 5592 Spiritum
2038 5534 2175 5578 san-

588 5687 611 5723 7
645 5685 797 5744 Psal.
831 5700 1002 5756 χχχιι,
1035 5687 1086 5739 6.
1166 5681 1186 5715 ⁸
1220 5676 1374 5735 Psal.
1405 5691 1585 5747 xxxv,
1625 5676 1703 5729 lO.
1786 5674 1805 5708 9
1827 5677 2038 5733 Jerem.
2075 5690 2135 5747 ιι,
2168 5676 2254 5733 13.

2290 4613 2527 4669 initium
2580 4615 2702 4668 est:
2762 4611 2877 4678 Qui
2934 4609 3253 4678 malitiose,
3287 4608 3349 4664 in
3395 4608 3517 4665 ﬁne
3565 4606 3830 4678 loquens
3873 4604 3944 4661 de

2289 4718 2452 4775 aqua
2482 4700 2732 4757 saliente
2760 4701 2824 4754 in
2862 4698 3046 4754 vitam
3097 4701 3408 4765 aeternam,
3462 4695 3551 4752 sic
3587 4695 3711 4751 ait:
3746 4714 3781 4749 ‹
3811 4695 3949 4750 Pro-

2286 4797 2420 4864 pter
2438 4791 2553 4847 hoc
2576 4787 2759 4845 David
2777 4787 3044 4859 psallens
3064 4788 3184 4842 Deo
3206 4786 3292 4842 sic
3314 4786 3426 4842 ait:
3459 4784 3759 4851 Quoniam
3784 4782 3950 4852 apud

2290 4887 2347 4937 te
2364 4887 2447 4937 est
2466 4880 2606 4949 fons
2622 4880 2783 4946 vitae,
2806 4883 2861 4933 et
2881 4878 2944 4931 in
2964 4877 3191 4931 lumine
3205 4883 3304 4931 tuo
3324 4874 3656 4931 videbimus
3677 4874 3887 4929 iumen
3906 4873 3947 4924 ³.

2290 4970 2533 5026 Sciebat
2568 4968 2730 5025 enim
2780 4966 2947 5040 apud
3001 4966 3237 5021 Patrem
3300 4979 3435 5021 esse
3476 4962 3689 5020 Filium
3717 4962 3954 5019 fontem

2290 5059 2539 5131 Spiritus
2565 5057 2795 5124 sancti;
2819 5055 2971 5111 sicut
3024 5069 3133 5127 per
3148 5053 3515 5126 prophetam
3548 5051 3729 5108 Filius
3753 5050 3905 5107 dicit
3941 5068 3955 5105 :

2286 5149 2383 5204 Me
2412 5148 2860 5218 dereliquerunt
2891 5145 3112 5214 fontem
3135 5156 3312 5213 aqua!
3344 5143 3498 5198 υίυω
3530 5144 3575 5209 9,
3608 5162 3630 5187 ι
3668 5144 3786 5196 etc.

2358 5248 2503 5301 ltem
2526 5244 2854 5316 Cyrﬂlusm
2875 5256 3151 5297 sermone
3193 5239 3472 5312 septimo,
3504 5238 3683 5308 cujus
3708 5237 3959 5293 initium

2285 5339 2405 5391 est:
2439 5336 2524 5389 De
2557 5332 2988 5390 humanatione
3027 5330 3352 5399 Unigeniti,
3397 5327 3578 5401 quasi
3624 5329 3773 5399 post
3794 5325 3963 5382 duas

2284 5431 2485 5499 partes
2534 5422 2867 5479 sermonis:
2903 5441 2927 5472 ι
2979 5418 3223 5476 Solvens
3251 5418 3413 5475 enim
3460 5421 3771 5489 apeccato
3808 5431 3962 5471 eum

2286 5516 2392 5590 qui
2412 5514 2527 5571 sibi
2574 5510 2888 5579 consentit,
2914 5508 3159 5583 proprio
3183 5506 3387 5580 jungit
3418 5506 3496 5563 de
3545 5508 3768 5562 caetero
3823 5503 3965 5575 Spi-
