4106 6222
198 403 310 462 493

1566 397 1844 461 CONTRA
1885 401 2203 459 GRAECOS.

3469 407 3576 463 494

194 528 346 595 ritu,
400 538 579 603 quem
609 526 876 586 immittit
904 527 1031 603 ipse
1064 544 1077 584 :
1127 534 1192 586 ut
1222 529 1374 586 sicut
1425 543 1497 586 ex
1547 529 1667 586 Deo
1697 531 1864 586 Patre
1892 533 1939 585 A
1965 529 2164 599 pimus
2185 528 2254 585 ⁸⁵.
2285 529 2351 584 Et
2373 526 2502 600 ipse
2551 527 2748 601 inquit
2781 527 3070 587 Dominus
3103 547 3117 586 :
3167 528 3459 598 Quoniam
3508 531 3582 589 de

196 623 292 674 est
322 619 606 686 Verbum,
639 619 724 676 ita
754 633 828 676 ex
855 618 1103 693 propria
1145 619 1318 676 nobis
1366 626 1585 676 natura
1613 619 1877 676 refundit

197 708 523 779 Spiritum.
563 731 584 756 ι

274 797 454 862 Quod
504 803 704 853 autem
732 797 830 853 hic
862 797 1109 866 refundi
1141 796 1418 869 dicimus,
1449 799 1509 853 in
1541 801 1744 854 Graeco
1784 797 1874 852 di-

197 887 358 941 citur
392 885 769 957 ἀωαπηγοὶζειν,
790 892 846 941 et
875 903 911 942 a
937 885 1116 942 fontis
1147 887 1391 942 nomine
1419 886 1750 942 secundum
1780 885 1874 938 ἀνὰ

201 975 700 1052 praepositionem
729 976 1058 1030 derivatur.
1091 978 1170 1030 Ex
1194 991 1314 1047 quo
1343 975 1574 1048 liquide
1603 979 1875 1060 apparet,

199 1071 488 1118 sanctum
543 1066 776 1119 Patrem
821 1063 1177 1120 intellexisse
1228 1064 1438 1120 Filium
1485 1079 1618 1120 esse
1647 1063 1874 1120 fontem

197 1152 462 1224 Spiritus
497 1153 714 1208 sancti.

274 1244 496 1297 Beatus
541 1242 878 1312 Gregorius,
921 1249 1326 1314 cognomento
1357 1241 1873 1312 Thaumaturgus,

196 1330 260 1385 in
291 1347 419 1385 sum
448 1329 710 1387 editione
736 1331 909 1396 Fidei,
943 1347 1079 1403 quin
1113 1331 1173 1386 in
1200 1332 1326 1386 Vita
1352 1332 1484 1402 ejus
1513 1331 1747 1401 legitur,
1790 1332 1874 1386 sic

201 1419 279 1474 ait
315 1437 328 1473 :
368 1441 396 1467 ‹‹
431 1421 596 1474 Unus
621 1419 872 1490 Spiritus
897 1426 1138 1474 sanctus
1156 1435 1228 1475 ex
1257 1420 1374 1474 Deo
1397 1435 1528 1475 esse
1550 1421 1872 1476 essentiam

199 1505 464 1574 habens,
499 1513 555 1562 et
583 1523 688 1580 per
733 1507 939 1562 Filium
969 1507 1176 1563 lucens
1224 1507 1450 1580 liquide
1505 1508 1870 1575 hominibus,

201 1597 409 1666 imago
439 1597 570 1652 Filii
599 1596 886 1669 perlecta.
917 1620 945 1646 ››

273 1687 425 1742 item
460 1689 710 1757 Magnus
733 1685 1116 1753 Athanasius,
1145 1687 1204 1742 in
1232 1703 1302 1743 ea
1330 1703 1465 1759 quae
1497 1689 1575 1743 ad
1603 1687 1870 1760 Serapio-

209 1792 347 1832 nem
372 1783 462 1832 est
489 1777 564 1831 de
595 1777 816 1847 Spiritu
850 1780 1078 1845 sancto,
1107 1775 1392 1848 Epistola,
1438 1776 1608 1845 cujus
1648 1781 1736 1832 est
1770 1777 1874 1831 ini-

215 1867 393 1921 tium:
419 1867 664 1921 Litteras
695 1872 812 1920 tua:
833 1880 1020 1920 sacra:
1051 1865 1405 1934 aﬂ‘ectionis,
1427 1871 1557 1932 etc.,
1582 1866 1668 1920 sic
1694 1865 1869 1921 dicit:
1905 1884 1946 1937 Β

219 1978 245 2004 ι(
277 1956 435 2010 Sicut
467 1956 526 2009 in
559 1954 806 2026 propria
863 1954 1128 2024 imagine
1161 1959 1252 2008 est
1299 1952 1478 2009 Filius
1508 1955 1568 2010 in
1609 1954 1824 2026 Spiritu
1861 1981 1872 2015 :

223 2045 300 2098 sic
331 2051 385 2099 et
414 2044 585 2099 Pater
614 2044 674 2098 in
701 2042 865 2098 Filio.
910 2065 936 2091 »
965 2045 1027 2097 Et
1053 2048 1188 2115 post
1219 2043 1528 2098 modicum
1566 2058 1577 2095 :
1615 2068 1633 2093 α
1674 2049 1877 2114 Imago

225 2133 344 2188 Filii
371 2133 584 2188 dicitur
605 2136 664 2187 et
693 2137 782 2186 est
813 2131 1062 2204 Spiritus
1085 2137 1351 2199 sanctus,
1389 2131 1620 2188 dicente
1647 2133 1830 2188 Paulo
1860 2152 1872 2188 :

235 2222 377 2288 Quos
395 2220 706 2290 praesciuit.
725 2221 866 2292 inqu
879 2225 1056 2288 am,ct
1068 2221 1524 2290 praedestinavit
1546 2223 1878 2291 conformes

242 2311 361 2378 ﬁeri
390 2310 653 2380 imaginis
674 2309 824 2364 Filii
851 2310 1073 2365 Deiw.»
1099 2309 1244 2364 Item
1277 2309 1335 2364 in
1367 2309 1616 2365 eadem:
1647 2332 1674 2359 ‹‹
1702 2312 1878 2366 Mani-

249 2397 456 2454 festum
503 2399 650 2454 enim
690 2397 821 2466 erit,
853 2397 1017 2470 quod
1049 2413 1244 2470 neque
1297 2403 1571 2454 creatura
1604 2400 1874 2472 Spiritus,

249 2501 432 2558 neque
463 2487 794 2556 angelorum
824 2487 1104 2554 essentia,
1147 2486 1202 2542 in
1237 2501 1309 2543 eo
1335 2487 1502 2559 quod
1523 2487 1605 2543 illi
1635 2503 1878 2544 conver-

248 2575 426 2630 tibiles
480 2583 626 2642 sunt,
686 2575 791 2631 sed
845 2576 1048 2646 imago
1079 2575 1253 2632 Verbi
1312 2580 1368 2632 et
1422 2577 1604 2631 Patris
1635 2576 1880 2649 propria

234 2673 333 2720 est.
368 2691 394 2714 μ
428 2669 560 2720 Item
593 2665 653 2720 in
699 2663 973 2736 ejusdem
1031 2664 1306 2737 Epistolas
1364 2663 1716 2721 abbreviato
1757 2683 1878 2722 ser-

231 2771 399 2810 mone
431 2771 445 2809 :
483 2778 508 2804 «
540 2755 597 2811 Si
637 2761 841 2810 autem
874 2755 1071 2809 bonus
1103 2755 1254 2810 odor
1284 2759 1341 2810 et
1367 2753 1564 2811 fo‘rma
1595 2755 1715 2811 Filii
1767 2761 1876 2822 est,

227 2843 604 2898 manifestum
636 2847 728 2897 est
757 2842 918 2914 quod
954 2857 1076 2897 non
1105 2843 1214 2898 erit
1245 2842 1495 2914 Spiritus
1521 2848 1813 2899 creatura.
1849 2866 1876 2893 ››

291 2934 427 2987 Item
463 2931 712 2987 Basilius
757 2931 818 2987 in
848 2937 1064 3004 quarto
1121 2947 1396 2988 sermone
1449 2936 1658 2988 contra
1690 2936 1881 2990 Euno-

223 3021 470 3089 minum,
497 3021 601 3092 qui
635 3020 718 3076 sic
760 3020 1013 3092 incipit:
1069 3021 1140 3077 Si
1183 3027 1410 3077 natura
1457 3021 1614 3077 Deus
1659 3023 1876 3087 Filius,

222 3113 346 3165 etc.:
382 3133 404 3159 ι
441 3113 652 3180 Imago
682 3109 962 3180 quaedam
993 3109 1094 3163 Dei
1144 3107 1406 3165 Christus
1438 3116 1526 3166 est
1561 3128 1574 3165 :
1611 3110 1724 3178 Qui
1773 3117 1880 3192 est,

1981 631 2109 674 meo
2139 619 2410 687 accipiet,
2441 622 2493 674 et
2523 620 2914 676 annuntiabit
2934 620 3114 676 vobis.
3149 641 3178 670 »

2055 709 2196 762 Item
2231 707 2544 775 Gregorius
2575 709 2885 779 Nyssenus
2939 709 2998 764 in
3053 725 3330 766 sermone
3368 715 3580 768 contra

1983 795 2186 850 Arium
2218 801 2275 850 et
2305 795 2648 862 Sabellium,
2673 797 2778 870 qui
2807 797 2890 853 sic
2913 797 3124 870 incipit
3150 816 3162 852 :
3217 799 3370 866 Quid
3398 800 3530 856 dico
3553 803 3580 854 ?

1983 887 2092 940 Dic
2123 887 2272 941 mihi
2297 902 2317 937 :
2346 887 2606 956 Spiritus
2631 895 2876 942 sanctus
2928 889 3288 945 immortalis
3318 896 3423 953 est,
3467 895 3575 946 etc.

1985 995 2012 1022 «
2072 976 2340 1040 Sanctus,
2384 975 2753 1046 principalis,
2795 977 3018 1047 justus,
3049 993 3241 1048 verus,
3277 977 3581 1050 profunda

1985 1069 2258 1118 scrutans
2313 1065 2432 1130 Dei,
2466 1080 2538 1119 ex
2567 1067 2736 1120 Patre
2764 1065 3122 1137 procedens,
3163 1081 3237 1122 ex
3279 1065 3425 1123 Filio
3451 1083 3580 1123 esse

1984 1152 2310 1224 accipiens,
2336 1176 2364 1202 »
2397 1161 2508 1209 etc.

2053 1241 2198 1296 Item
2233 1241 2602 1314 Epiphanius
2627 1243 2689 1297 in
2737 1242 2888 1299 libro
2936 1243 3043 1315 qui
3085 1245 3434 1315 Ancyrotus
3475 1260 3581 1300 seu

1981 1332 2325 1387 Ancoratus
2383 1331 2621 1397 dicitur,
2677 1333 2758 1387 sic
2793 1331 2971 1388 dicit:
3009 1355 3037 1382 ‹‹
3089 1333 3338 1404 Spiritus
3377 1338 3580 1390 autem

1983 1423 2246 1489 sanctus,
2281 1420 2531 1491 Spiritus
2569 1420 2667 1475 Dei
2697 1435 2804 1475 ens
2833 1436 2973 1476 cum
2999 1423 3166 1476 Patre
3185 1424 3242 1477 et
3271 1421 3434 1490 Filio,
3456 1437 3580 1478 non

1982 1516 2071 1566 est
2102 1511 2252 1566 alius
2302 1513 2456 1565 Deus
2486 1527 2522 1566 a
2549 1513 2667 1566 Deo
2696 1527 2708 1574 ;
2755 1526 2792 1566 a
2829 1513 2948 1566 Deo
2979 1515 3182 1566 autem
3212 1525 3318 1566 ens
3347 1527 3383 1568 a
3413 1515 3580 1568 Patre

1981 1600 2269 1672 procedit,
2299 1616 2334 1655 a
2375 1599 2516 1655 Filio
2546 1600 2784 1671 accipit,
2807 1605 2863 1654 et
2886 1599 2945 1654 in
2976 1599 3190 1655 eodem
3222 1600 3396 1655 Filius
3419 1616 3582 1656 reve-

1980 1691 2063 1745 Iat
2086 1689 2340 1744 Patrem.
2370 1687 2576 1744 Nullus
2605 1689 2769 1744 enim
2789 1689 2956 1744 novit
2991 1691 3223 1744 Patrem
3245 1689 3361 1744 nisi
3385 1689 3575 1762 Filius,

1982 1793 2018 1834 a
2042 1793 2165 1850 quo
2191 1777 2480 1849 procedit,
2509 1793 2546 1833 a
2570 1792 2693 1849 quo
2715 1777 2952 1848 accipit.
2980 1799 3009 1826 »

2056 1869 2199 1921 Ecce
2231 1871 2393 1937 patet
2411 1881 2482 1920 ex
2505 1865 3116 1937 praemissis,qualiter
3137 1867 3386 1939 Spiritus
3411 1882 3582 1923 sanc-

1987 1961 2078 2012 tus
2108 1955 2181 2009 sit
2206 1970 2279 2009 ex
2299 1954 2465 2023 Filio,
2494 1954 2955 2026 sive,quomodo
2982 1955 3245 2025 precedit
3271 1955 3582 2026 aequaliter

1985 2044 2062 2101 ab
2093 2048 2374 2115 utroque:
2409 2043 2554 2114 quia
2573 2042 2655 2097 nil
2685 2042 2850 2097 aliud
2881 2048 2970 2097 est
2996 2043 3279 2113 Spiritum
3303 2049 3580 2100 sanctum

1985 2149 2021 2187 a
2053 2135 2215 2187 Patre
2243 2148 2393 2197 esse,
2426 2131 2520 2187 vel
2545 2147 2583 2186 a
2617 2130 2776 2196 Filio,
2805 2146 2991 2203 quam
3013 2131 3336 2201 procedere
3363 2132 3443 2188 ab
3472 2132 3577 2188 eis.

1985 2222 2135 2288 Quia
2170 2237 2306 2277 cum
2332 2237 2454 2276 non
2487 2220 2562 2276 sit
2599 2220 2754 2277 alius
2783 2220 3024 2286 modus,
3063 2235 3188 2291 quo
3217 2235 3474 2291 persona
3505 2221 3582 2276 sit

1983 2313 2064 2367 ab
2085 2311 2223 2371 alia.
2237 2311 2350 2366 nisi
2367 2309 2896 2381 generationis,aut
2917 2308 3582 2381 processionis,necesse

1947 2431 1952 2434 -
1985 2405 2073 2456 est
2102 2405 2184 2464 ut,
2202 2401 2252 2454 si
2281 2405 2370 2456 est
2389 2415 2425 2456 a
2446 2399 2589 2454 Filio
2607 2398 2857 2471 Spiritus
2889 2398 3336 2470 sanctus,quod
3360 2413 3582 2469 negare

1987 2490 2222 2544 Graecus
2269 2503 2392 2544 non
2439 2493 2653 2560 potest,
2711 2487 2786 2542 sit
2835 2487 3014 2542 etiam
3053 2485 3134 2541 ab
3171 2501 3243 2541 eo
3298 2501 3406 2558 per
3451 2501 3582 2542 mo-

1985 2577 2132 2632 dum
2149 2576 2553 2649 processionis
2570 2593 2583 2630 :
2611 2575 2726 2631 nisi
2750 2575 2900 2632 forte
2916 2589 3140 2632 novam
3159 2573 3336 2631 velint
3355 2574 3583 2646 tingere

1985 2665 2285 2731 bmresim,
2315 2670 2380 2721 ut
2407 2665 2630 2732 dicant,
2669 2664 2837 2736 quod
2871 2663 3034 2720 idem
3063 2663 3313 2736 Spiritus
3337 2669 3582 2720 sanctus

1987 2760 2302 2824 generetur
2331 2770 2367 2811 a
2395 2755 2558 2822 Filio,
2592 2759 2651 2810 et
2694 2755 2812 2810 sint
2838 2754 2900 2810 in
2928 2754 3241 2810 Divinitate
3269 2753 3393 2810 duo
3436 2753 3577 2824 Filii,

1987 2849 2046 2899 et
2069 2860 2225 2898 unus
2249 2859 2457 2900 eorum
2479 2857 2690 2916 nepos.

2058 2934 2378 2989 Ostensum
2409 2939 2496 2989 est
2509 2931 2949 3005 insuper,quod
2971 2931 3222 3004 Spiritus
3247 2935 3586 2998 sanctus,ut

1987 3021 2062 3078 sit
2090 3037 2127 3077 a
2147 3021 2310 3091 Filio,
2325 3023 2440 3078 hoc
2463 3021 2648 3078 habet
2668 3021 2844 3077 Filius
2865 3037 2902 3077 a
2920 3023 3115 3077 Patre:
3145 3024 3389 3092 propter
3414 3019 3583 3092 quod

1987 3127 2025 3165 a
2063 3111 2236 3167 Patre
2273 3126 2381 3183 per
2407 3109 2638 3176 Filium,
2664 3109 2761 3165 vel
2785 3108 3089 3166 mediante
3118 3107 3276 3179 Filio,
3309 3107 3400 3164 vel
3425 3113 3581 3164 certe

219 3200 490 3273 inquam,
514 3201 713 3270 imago
748 3201 849 3254 Dei
864 3200 1182 3256 invisibilis
1209 3201 1272 3266 ιι,
1295 3199 1500 3272 imago
1532 3205 1731 3256 autem
1757 3197 1881 3257 Filii
1919 3231 1960 3288 ο
1989 3199 2394 3273 principaliter
2421 3204 2478 3256 et
2503 3200 2744 3271 proprie
2766 3197 2982 3254 dicitur
2999 3199 3250 3270 Spiritus
3279 3212 3387 3288 pro
3407 3197 3585 3254 edere

220 3291 487 3361 Spiritus.
531 3313 562 3338 ››

286 3383 426 3435 Item
461 3379 522 3434 in
572 3377 786 3433 eodem
834 3376 986 3434 libro
1040 3393 1173 3450 cap.
1211 3377 1383 3448 cujus
1425 3368 1629 3434 titulus
1662 3395 1675 3432 :
1709 3379 1878 3446 Quod

215 3470 358 3524 sicut
385 3469 590 3524 Filius
629 3467 710 3523 ad
748 3468 992 3524 Patrem
1032 3483 1092 3523 se
1132 3467 1329 3530 habet,
1370 3469 1454 3524 sic
1492 3467 1758 3537 Spiritus
1796 3471 1878 3526 ad

215 3557 434 3614 Filium
465 3576 478 3624 ;
509 3557 573 3612 in
601 3557 735 3629 ipso
759 3556 927 3613 initio
959 3556 1222 3628 capituli,
1276 3555 1360 3612 sic
1412 3557 1494 3613 ait
1522 3575 1533 3613 :
1575 3580 1601 3606 ‹‹
1632 3557 1877 3631 Propter

214 3643 320 3702 hoc
347 3653 404 3702 et
441 3647 546 3702 Dei
577 3643 888 3719 quoddam
920 3644 1172 3701 verbum
1223 3645 1435 3713 Filius;
1478 3645 1734 3702 verbum
1773 3663 1875 3703 au-

215 3739 324 3790 tem
357 3734 487 3791 Filii
515 3733 762 3805 Spiritus
794 3751 808 3788 :
845 3734 1123 3800 Portans,
1156 3733 1428 3806 inquam,
1463 3735 1668 3792 omnia
1698 3735 1875 3792 verba

215 3826 456 3880 virtutis
481 3838 607 3878 sum
631 3825 700 3877 ‘3.

281 3913 426 3968 Item
463 3912 676 3968 beatus
726 3911 978 3984 Cyrillus
1022 3911 1083 3968 in
1113 3909 1266 3969 libro
1315 3913 1702 3983 Dialogorum
1734 3927 1872 3969 cum

217 4001 452 4057 Hermia
484 4001 583 4073 (2),
615 3998 688 4055 de
731 4000 948 4072 Spiritu
999 4006 1208 4057 sancto
1263 4001 1541 4074 loquens,
1577 4001 1748 4073 cujus
1786 4006 1876 4057 est

215 4089 470 4152 initium.
501 4090 702 4145 Labor
751 4089 1054 4146 beatorum
1104 4091 1346 4160 fructus
1396 4093 1706 4163 gloriosus,
1735 4097 1869 4147 etc.:

223 4202 240 4227 ι
271 4180 594 4236 Character
617 4195 792 4234 verus
821 4183 877 4234 et
906 4179 1194 4234 naturalis
1241 4180 1320 4236 ad
1364 4197 1672 4237 summum
1703 4181 1872 4237 certi-

215 4269 464 4336 tudinis,
494 4286 631 4342 quae
663 4268 998 4324 secundum
1027 4269 1477 4326 similitudinem
1505 4271 1871 4341 intelligitur,

215 4358 331 4429 ipse
362 4361 461 4415 est
513 4357 722 4423 Filius;
779 4357 1104 4414 similitudo
1157 4375 1310 4431 pura
1351 4364 1407 4415 et
1431 4361 1722 4416 naturalis
1755 4359 1878 4418 Filii

217 4448 470 4518 Spiritus
499 4453 626 4512 est;
677 4446 974 4502 scribente
1011 4447 1219 4503 audies
1262 4448 1440 4504 beato
1467 4450 1647 4505 Paulo
1681 4467 1692 4504 :
1726 4450 1877 4518 Quia

217 4551 349 4606 quos
395 4537 739 4607 praescii-it,
775 4541 829 4591 et
865 4536 1315 4604 praedestinavit
1360 4540 1694 4607 conformes
1745 4541 1881 4607 ﬁeri
1912 4585 1958 4639 Β

217 4625 497 4696 imaginis
527 4625 679 4680 Filii
705 4627 834 4692 Dei,
868 4639 1013 4696 quos
1040 4631 1239 4682 autem
1267 4628 1744 4696 praedestinavit,
1775 4629 1880 4685 hos

218 4719 266 4769 et
294 4716 556 4771 vocavit.
593 4735 622 4764 ι)

280 4803 648 4859 Athanasius
679 4801 757 4859 ad
789 4804 1182 4876 Serapionem
1229 4804 1291 4859 in
1323 4805 1589 4878 Epistola
1626 4806 1700 4862 de
1759 4806 1884 4880 Spi.

221 4891 327 4948 ritu
380 4897 621 4959 sancto,
650 4897 715 4948 ut
766 4909 950 4964 supra
979 4893 1334 4949 adnotatum
1367 4900 1452 4951 est
1486 4911 1500 4950 :
1535 4917 1562 4946 α
1615 4899 1680 4952 Et
1703 4897 1882 4952 Filius

220 4978 580 5053 inquit,Qu£E
608 4982 818 5038 audivi
836 4997 872 5039 a
894 4983 1092 5048 Patre,
1110 4983 1234 5039 haec
1258 4987 1465 5054 loquor
1489 4986 1550 5040 in
1574 4988 1795 5042 mundo
1811 4987 1885 5060 ’⁸,

219 5070 476 5138 Spiritus
524 5077 725 5129 autem
781 5087 817 5128 a
866 5073 1026 5129 Filio
1071 5075 1349 5152 accipiet,
1396 5081 1452 5130 et
1489 5077 1880 5133 annuntiabit

224 5159 377 5216 υοὸίδ
399 5162 470 5215 μ.
502 5183 532 5211 ›)

287 5249 433 5304 Item
459 5247 711 5306 Basilius
736 5249 816 5306 ad
850 5249 1361 5322 Amphilochium,
1391 5267 1524 5326 cap.
1558 5257 1587 5308 5
1615 5271 1628 5310 :
1667 5277 1689 5304 ι
1727 5255 1878 5312 Scri-

223 5333 366 5392 hens
403 5336 485 5394 ad
535 5338 821 5410 Ephesios
859 5339 1080 5395 Paulus
1123 5341 1245 5396 ait:
1317 5342 1632 5399 Veritatem
1681 5349 1877 5402 autem

223 5423 526 5494 facientes,
555 5431 666 5483 etc.
689 5427 790 5484 Ea:
810 5429 1190 5499 plenitudine
1215 5433 1343 5500 ejus
1370 5445 1473 5486 nos
1499 5447 1700 5490 omnes
1718 5448 1878 5492 acce-

1986 3289 2081 3346 vel
2111 3290 2326 3362 spirari
2355 3305 2391 3345 a
2415 3292 2603 3346 Patre.
2641 3288 3048 3344 Terminatum
3082 3292 3175 3344 est
3213 3287 3395 3355 enim,
3435 3303 3584 3359 quo-

1986 3378 2171 3434 modo
2199 3378 2361 3434 idem
2388 3377 2637 3450 Spiritus
2663 3393 2700 3434 a
2728 3376 3011 3448 Fitio,qui
3038 3381 3128 3432 est
3155 3376 3287 3447 ejus
3315 3390 3500 3432 causa
3527 3379 3585 3432 et

1985 3468 2139 3533 fons,
2179 3471 2426 3540 propter
2452 3466 2706 3522 modum
2736 3465 2975 3522 essendi
3006 3481 3043 3522 a
3100 3465 3262 3533 Filio,
3294 3463 3583 3521 catholico

1985 3557 2201 3613 dicitur
2222 3571 2357 3612 esse
2384 3555 2534 3612 ratio
2565 3561 2622 3611 et
2648 3554 2843 3611 forma
2873 3554 3014 3610 Filii.
3044 3553 3210 3611 Unde
3231 3558 3289 3610 et
3327 3552 3583 3610 verbum

1986 3653 2044 3702 et
2071 3647 2274 3717 imago
2296 3645 2422 3702 Filii
2450 3649 2694 3718 propter
2711 3643 2990 3700 eamdem
3013 3643 3309 3700 rationem
3331 3641 3582 3716 Spiritus

1985 3739 2389 3807 nuncupatur.
2405 3736 2549 3800 Quae
2575 3732 2842 3806 prudens
2865 3731 3052 3788 lector
3077 3733 3125 3787 si
3146 3731 3481 3788 consideret
3499 3730 3587 3786 di-

1983 3825 2251 3895 ligenter,
2283 3822 2473 3879 multa
2501 3837 2638 3895 quae
2667 3838 2704 3878 a
2733 3820 2948 3878 Graecis
2987 3819 3445 3892 objiciebantur,
3485 3835 3583 3876 so-

1983 3913 2107 3968 luta
2127 3912 2384 3968 inveniet
2401 3931 2418 3982 ;
2447 3916 2506 3967 et
2525 3911 2661 3967 licet
2686 3909 3169 3977 breviter,tamen
3190 3912 3247 3965 et
3275 3906 3578 3979 catholica,

1984 4007 2042 4059 et
2065 4017 2202 4058 vere
2230 4003 2569 4058 terminata.

2301 4141 2533 4199 Salutio
2561 4141 2644 4196 ad
2671 4139 2911 4196 tertium
2948 4137 3258 4208 objectum.

2055 4269 2144 4324 Ad
2166 4268 2404 4325 tertium
2433 4271 2636 4322 autem
2661 4263 3160 4336 objectum,quod
3183 4263 3352 4320 dicit:
3370 4265 3584 4322 Omnia

1984 4371 2353 4430 quaecunque
2385 4355 2594 4412 audivi
2638 4369 2676 4410 a
2701 4354 2885 4409 Patre
2912 4368 3058 4418 meo,
3089 4359 3234 4409 nota
3252 4353 3482 4423 faciam
3515 4355 3581 4407 ¹⁶.

1987 4446 2385 4506 Concedimus
2409 4443 2560 4499 sicut
2575 4448 2631 4498 et
2648 4442 2765 4515 ipsi
2789 4441 3290 4512 glossant,omnia
3314 4457 3587 4498 necessa-

1985 4537 2076 4593 ria
2101 4536 2179 4591 ad
2201 4534 2599 4591 salutem.Hoc
2622 4537 2824 4588 tamen
2852 4531 3195 4588 necessario
3224 4531 3506 4586 addimus
3525 4531 3588 4586 in

1990 4625 2212 4695 glossa,
2228 4623 2416 4696 quod,
2437 4626 2540 4677 aut
2557 4619 2971 4692 implicite,aut
2990 4619 3262 4692 explicite
3282 4623 3425 4675 nota
3448 4619 3588 4674 facit

1987 4717 2072 4772 eis
2101 4715 2325 4770 omnia.
2358 4715 2506 4768 Nam
2534 4727 2670 4766 cum
2693 4709 2880 4765 verba
2909 4709 3028 4764 sint
3058 4709 3345 4777 Veritatis,
3365 4709 3586 4763 Veritas

1990 4803 2227 4861 mentiri
2256 4817 2377 4858 non
2409 4803 2619 4873 potest.
2655 4798 2798 4854 Dicit
2817 4798 2956 4853 enin
2986 4815 2999 4852 :
3026 4798 3224 4852 Multa
3246 4797 3370 4854 alia
3398 4796 3585 4852 habeo

1989 4895 2146 4952 vobis
2171 4894 2384 4962 dicere,
2408 4891 2511 4947 sed
2537 4905 2656 4944 non
2683 4888 2926 4957 potestis
2940 4892 3190 4956 portare
3215 4885 3406 4941 modo.
3437 4885 3586 4942 Cum

1991 4992 2189 5042 autem
2229 4982 2451 5039 venerit
2481 4980 2586 5034 ille
2610 4978 2873 5046 Spiritus
2902 4977 3188 5041 veritatis,
3229 4974 3456 5030 docebit
3489 4990 3588 5032 vos

1989 5087 2216 5130 omnem
2243 5067 2654 5136 veritatem‘°',
2680 5064 2856 5136 quasi
2880 5063 3042 5120 dicat
3074 5081 3087 5118 :
3121 5066 3344 5119 Horum
3365 5067 3422 5119 et
3445 5063 3590 5121 alio~

1987 5179 2123 5218 rum
2153 5159 2471 5215 verborum
2522 5168 2798 5210 meorum
2834 5152 3287 5222 intelligentiam
3313 5153 3588 5226 relinquo

1987 5249 2332 5323 magisterio
2385 5245 2634 5318 Spiritus
2661 5242 2873 5309 sancti,
2925 5241 3032 5314 qui
3076 5241 3318 5298 docebit
3362 5257 3493 5310 vos,
3535 5249 3589 5298 et

1984 5343 2261 5413 suggeret
2286 5337 2509 5401 omnia,
2539 5347 2896 5406 quacunque
2923 5331 3134 5388 dixero
3159 5330 3318 5389 vobis
3351 5331 3418 5385 ιτ.

2056 5425 2506 5501 ltem,quamvis
2529 5439 2652 5481 non
2668 5423 3006 5480 inveniatur
3021 5421 3355 5478 secundum
3374 5435 3587 5476 vocem

298 5548 343 5630 ‘f
369 5550 539 5606 ROm.
567 5553 864 5630 vn_1_,_20.m
888 5553 929 5630 ι]
965 5552 1190 5610 Coloss.
1224 5572 1261 5619 I,
1286 5559 1376 5630 15.
1416 5556 1692 5630 _}’__H‘e_br.
1722 5577 1760 5630 ι,
1790 5563 1843 5617 3.

1997 5559 2172 5615 Joan.
2204 5569 2322 5624 vin,
2343 5555 2434 5608 26.
2513 5550 2559 5586 “
2587 5551 2760 5608 Joan.
2785 5565 2902 5616 xvr,
2939 5549 3024 5604 14.
3107 5545 3152 5582 ¹⁵
3191 5547 3360 5602 Joan.
3403 5559 3443 5612 ι,
3486 5543 3579 5595 16.

236 5615 280 5650 ¹⁶
305 5620 470 5678 Joan.
499 5638 598 5693 xv,
633 5615 718 5680 l5.
799 5624 869 5662 ιδ’
893 5626 1061 5683 Joan.
1092 5641 1214 5697 xu,
1245 5615 1331 5685 i3.
1412 5628 1452 5665 ιτ
1487 5626 1637 5685 ibid.

299 5744 359 5828 (2
405 5743 533 5806 Lib.
558 5759 664 5810 vn.
