4106 6222
6 0 77 1951 ἴ

577 327 679 382 ιρις
1796 321 2276 383 PANTALEONIS
2314 325 2607 386 DIACONI
2644 327 2747 386 cr.
3851 298 3955 404 ut

577 447 643 503 in
668 447 1009 519 Evangelio,
1040 447 1205 520 quod
1235 446 1485 538 Spiritus
1535 447 1808 522 procedit
1850 463 1887 505 a
1931 448 2073 506 Filio
2103 447 2193 505 in-
2224 449 2273 503 A
2372 451 2543 522 Item,
2566 451 2684 511 alia
2702 455 3025 514 auctoritas
3050 458 3371 534 Evangelii,
3407 464 3695 538 Spiritum
3713 482 3789 525 ex
3814 468 3949 527 Filio

575 537 806 593 venitur
836 543 1038 593 tamen
1063 536 1398 593 secundum
1423 538 1735 594 veritatem
1762 538 2180 605 intellectus,in
2288 540 2617 612 procedere
2668 548 2972 617 comperte
3029 546 3271 611 clamat.
3332 536 3477 611 Dicit
3514 555 3676 612 enim
3718 556 3946 615 Filius:

578 625 848 697 pluribus
876 624 1041 681 locis.
1077 625 1296 682 Dicitur
1324 627 1485 683 enim
1519 626 1770 699 Spiritus
1794 627 2086 698 Veritatis,
2115 627 2178 684 id
2289 627 2404 695 Qui
2422 630 2615 687 credit
2642 631 2704 687 in
2734 647 2843 703 me,
2868 634 3024 691 sicut
3044 638 3192 695 dicit
3210 640 3532 712 Scriptura
3555 661 3573 697 :
3590 644 3859 713 ﬂumina
3880 647 3948 703 de

576 718 665 769 est
711 713 851 777 Filii,
881 715 1025 787 quia
1064 714 1139 771 de
1167 730 1231 770 se
1262 716 1490 772 Veritas
1522 717 1789 774 increata
1815 715 2178 791 loquebatur
2285 724 2492 775 ventre
2511 721 2638 789 ejus
2658 721 2850 791 ﬂuent
2868 737 3041 795 aquae
3064 727 3234 784 vivz.
3267 730 3398 787 Hoc
3423 721 3809 791 autemdivit
3844 736 3948 806 (ait

578 806 745 871 tunc,
778 803 1065 859 Christus.
1102 803 1159 861 Si
1185 819 1327 875 ergo
1357 810 1447 861 est
1486 805 1733 878 Spiritus
1764 806 2053 875 Veritatis,
2076 810 2178 862 aut
2284 808 2675 878 evangelista)
2705 811 2777 867 de
2797 812 3054 882 Spiritu,
3095 832 3267 889 quem
3306 823 3584 892 acepturi
3612 828 3795 879 erant
3820 803 3942 882 cre-

576 892 720 964 quia
743 892 994 963 Spiritus
1024 897 1116 949 est
1141 908 1178 949 a
1208 894 1480 959 Veritate,
1522 900 1626 951 aut
1650 894 1794 968 quia
1824 895 2046 952 Veritas
2088 898 2176 951 est
2281 895 2485 953 dentes
2540 899 2603 954 in
2648 914 2778 956 eum
2803 901 2873 956 ¹⁹.
2912 903 3163 975 Audisti,
3213 908 3434 977 Graece,
3467 911 3634 983 quod
3677 912 3937 985 Spiritus

575 996 612 1035 ει
664 980 900 1053 Spiritu.
935 981 1050 1037 Sed
1102 982 1271 1055 quod
1296 984 1518 1040 Veritas
1547 983 1621 1040 sit
1667 1000 1704 1040 a
1736 984 1955 1057 Spiritu
2006 998 2172 1040 error
2279 986 2550 1057 procedit
2587 987 2665 1044 ab
2709 1004 2780 1046 eo
2820 990 2924 1062 qui
2954 993 3141 1049 credit
3191 994 3253 1052 in
3299 1012 3439 1054 eum
3460 980 3940 1059 {Nonne—etiam

574 1074 680 1132 est,
711 1070 855 1142 quia
884 1070 1060 1126 Filius
1094 1088 1131 1128 a
1160 1075 1331 1129 Patre
1355 1072 1483 1129 solo
1504 1077 1593 1130 est
1618 1078 1675 1131 et
1697 1089 1822 1130 non
1846 1089 1880 1129 a
1911 1073 2127 1146 Spiritu
2152 1088 2165 1127 :
2279 1073 2409 1130 ﬂuit
2433 1091 2469 1132 a
2492 1075 2634 1133 Filio
2658 1077 2945 1150 Spiritus?
2975 1082 3122 1140 Imo.
3156 1084 3473 1151 Quomodo
3499 1103 3535 1145 a
3561 1088 3939 1148 credentium

572 1160 840 1216 conﬁteri
888 1176 1132 1217 necesse
1162 1166 1267 1232 est,
1300 1162 1468 1235 quod
1499 1162 1574 1218 sit
1603 1164 1853 1236 Spiritus
1878 1162 2167 1230 Veritatis,
2275 1163 2580 1220 mentibus
2606 1165 2793 1223 ﬂuere
2817 1166 2962 1226 dicit
3010 1171 3317 1247 Spiritum,
3355 1175 3471 1233 nisi
3515 1177 3658 1250 quia
3688 1178 3827 1236 ﬂuit
3863 1181 3937 1238 ab

572 1248 632 1304 id
658 1253 747 1303 est
774 1249 914 1316 Filii,
945 1250 1061 1306 hoc
1088 1254 1195 1319 est,
1228 1266 1264 1306 a
1294 1250 1453 1308 Filio.
1484 1251 1541 1309 Si
1569 1256 1769 1309 autem
1800 1268 1838 1309 a
1876 1252 2036 1322 Filio,
2063 1257 2168 1308 aut
2276 1267 2368 1322 eo,
2400 1268 2583 1325 quem
2614 1254 2797 1312 habet
2825 1255 2887 1313 in
2928 1274 2990 1314 se
3021 1261 3269 1319 credens
3297 1263 3360 1320 in
3384 1248 3553 1337 eum,
3586 1267 3704 1324 hoc
3741 1274 3857 1339 est,
3900 1286 3935 1328 δ.

570 1338 973 1405 generatione,
1006 1343 1109 1395 aut
1135 1340 1620 1411 processione,'ut
1642 1342 2005 1415 supra.Quia
2023 1357 2165 1398 vero
2273 1343 2415 1399 Filio
2434 1344 2461 1398 ?
2492 1344 2645 1411 Quid
2671 1350 2759 1403 est
2784 1362 2949 1418 vero,
2988 1351 3273 1424 Spiritum
3302 1369 3340 1411 a
3384 1355 3525 1412 Filio
3574 1356 3789 1426 ﬂuere,
3820 1338 3928 1417 nisi

572 1426 681 1499 [id]
716 1431 807 1483 est
849 1427 1025 1484 bonae
1068 1428 1478 1501 expositionis,
1525 1430 1755 1503 patebit
1802 1432 1863 1487 in
1912 1446 2163 1506 sequen-
2271 1432 2595 1504 procedere
2624 1434 2703 1492 ab
2732 1434 2909 1509 ipso?
2941 1440 3114 1504 Quod
3142 1446 3345 1499 autem
3376 1444 3633 1503 ﬂumina
3674 1448 3926 1520 Spiritus

566 1516 748 1574 tibus.
2272 1522 2462 1578 sancti
2516 1525 2868 1595 procedunt,
2900 1533 3270 1588 monstratur
3301 1533 3623 1591 manifeste
3674 1516 3739 1592 in
3776 1536 3927 1595 libro

563 1641 1171 1717 Spiritumsanctym
1217 1657 1337 1700 esse
1377 1643 1669 1713 Spiritum
1710 1646 2007 1716 Veritatis,
2050 1647 2160 1705 hoc
2268 1612 2411 1711 lein
2444 1611 2552 1717 ﬁlii
2570 1615 2620 1717 AS
2626 1613 2901 1717 “3011:;
2899 1632 2995 1717 99’
3020 1617 3231 1717 "3‘1"":
3259 1621 3574 1717 sapienti?
3603 1626 3797 1717 etiam:
3818 1628 3928 1696 μα’

635 1716 717 1767 cst
754 1714 921 1787 Filii,
944 1729 1020 1770 ex
1045 1715 1390 1772 ercorum
1416 1703 1665 1777 Patrum
1692 1703 2159 1787 expositionibus

2300 1703 2513 1758 mina”.
2566 1703 2721 1768 Quid
2758 1704 2919 1762 enim
2958 1707 3018 1762 in
3057 1707 3172 1765 hoc
3210 1708 3342 1767 loco
3380 1728 3489 1785 per
3528 1714 3921 1787 Sapientiam,

633 1785 1080 1855 comprobatur.
1765 1785 1779 1787 _
2195 1794 2235 1849 Β
2264 1790 2378 1847 nisi
2430 1791 2660 1862 Filium,
2701 1798 2759 1851 et
2811 1794 2961 1865 quid
3014 1813 3121 1870 per
3166 1797 3436 1874 ﬂumina,
3477 1785 3921 1876 nisi—Spiritum

633 1890 845 1945 Beatus
873 1890 1140 1962 Cyrillus,
1180 1890 1242 1947 in
1285 1892 1775 1964 recapituiatione
1821 1895 1897 1951 de
1938 1896 2157 1969 Spiritu
2263 1884 2540 1937 sanctum
2568 1881 2997 1953 intelligimus?
3028 1885 3411 1960 Effuditerso
3454 1890 3762 1963 Sapientia
3799 1892 3921 1951 ﬂu-

558 1982 785 2039 sancto,
807 1977 1410 2035 dimembrationibus
1442 1981 1756 2051 sexaginta
1779 1985 2155 2047 sex,demon-
2260 1969 2447 2039 mina:
2473 1970 2617 2044 (Ιυίᾶ
2644 1972 2819 2029 Filius
2848 1989 2920 2030 ex
2967 1990 3029 2032 se
3059 1976 3271 2035 3mm“
3304 1980 3607 2052 Spiritum,
3637 1980 3745 2054 (ἰαί
3784 1998 3920 2057 ΡΙὌ·

557 2066 841 2123 stratione
865 2068 947 2123 sic
973 2067 1083 2123 ait:
1110 2088 1137 2117 ‹‹
1162 2067 1227 2122 In
1257 2069 1590 2139 Evangeliis
1613 2071 1860 2144 quidem
1884 2072 2154 2131 Salvator
2260 2060 2415 2116 οθάίί
2438 2060 2517 2117 ab
2549 2061 2706 2134 ἱρεοο

556 2154 640 2210 δίο
669 2155 752 2212 ait
776 2155 851 2211 de
883 2171 944 2212 se
976 2171 990 2208 ε
1042 2157 1172 2227 Ego
1204 2172 1331 2213 sum
1366 2160 1673 2216 υρνίιαεη,
1708 2163 1919 2219 Beatus
1948 2168 2149 2222 autem
2328 2151 2473 2205 ltem
2510 2149 2653 2205 dicit
2681 2149 2756 2206 de
2781 2150 2996 2208 eodem
3037 2151 3215 2211 Filius
3248 2154 3309 2211 in
3337 2157 3660 2229 Evangelio
3690 2175 3705 2214 :
3746 2160 3921 2218 Sicut

550 2245 812 2301 Joannes
859 2260 926 2301 ex
956 2245 1145 2301 Patris
1172 2247 1449 2315 essentia,
1491 2253 1548 2305 et
1576 2248 1701 2306 Filii
1746 2251 2029 2323 Spiritum
2058 2269 2149 2310 os-

2297 2239 2441 2293 'ater
2488 2237 2667 2295 habet
2696 2240 2881 2296 vitam
2908 2241 2969 2296 in
3001 2243 3332 2313 semetipso,
3363 2246 3450 2302 sic
3478 2246 3641 2304 dedit
3674 2254 3732 2304 et
3758 2250 3918 2306 Filio

553 2333 827 2400 tendens,
854 2333 917 2389 in
947 2334 1283 2404 Evangeliis
1313 2335 1561 2408 quidem
1583 2337 1968 2409 είιεδρίνίιαε
1997 2344 2149 2401 veri.
2255 2324 2473 2383 habere
2500 2328 2681 2383 vitam
2702 2329 2763 2384 in
2792 2331 3102 2399 semetipso
3119 2332 3188 2387 ²¹.
3206 2332 3359 2398 Quid
3377 2332 3540 2390 aliud
3564 2334 3623 2390 in
3644 2334 3764 2393 hoc
3782 2336 3919 2396 loco

556 2424 717 2492 tatis,
751 2424 856 2494 qui
882 2437 919 2480 α
940 2423 1129 2480 patre
1147 2424 1441 2493 procedit.
1477 2446 1505 2475 ,ι
2254 2429 2360 2486 per
2405 2415 2612 2485 vitam,
2651 2416 2766 2472 nisi
2826 2417 3108 2489 Spiritum
3168 2426 3446 2479 sanctum
3501 2424 3916 2501 intelligimus,

620 2512 783 2568 Idem
809 2512 1151 2578 sanctus,in
1175 2516 1392 2585 quarta
1420 2513 1671 2586 epistola
1689 2516 1768 2573 ad
1786 2520 2139 2593 Nestorium,
2247 2516 2451 2593 quem
2475 2505 2644 2593 δίεν
2673 2503 2884 2593 -Ῑῖέδθῖ
2935 2504 2996 2561 in
3036 2521 3121 2572 se,
3164 2512 3220 2564 et
3256 2506 3421 2566 dedit
3458 2509 3643 2567 Filio:
3685 2518 3753 2569 ut
3791 2514 3918 2587 ipse

548 2603 720 2674 cujus
750 2607 838 2659 est
862 2601 1126 2657 initium:
1158 2602 1478 2660 Saluatore
1500 2611 1702 2661 nostro
1725 2594 1975 2678 dicente,
2001 2591 2135 2679 etc.,
2246 2596 2323 2681 ,ιδ
2356 2591 2643 2681 Spiritum
2670 2591 2895 2681 habeat
2921 2592 2982 2648 in
3006 2609 3070 2649 se
3091 2594 3250 2667 iPSOa
3292 2598 3445 2655 Sicut
3472 2598 3655 2657 habet
3686 2603 3864 2659 Ρᾶιϐι·
3888 2605 3916 2660 ?

547 2707 765 2764 parum
789 2696 927 2747 ante
955 2691 1142 2746 ﬁnem
1175 2707 1187 2745 :
1221 2712 1249 2739 «
1284 2694 1347 2746 Et
1378 2691 1429 2747 si
1459 2692 1519 2747 in
1549 2692 1861 2766 hypostasi
1889 2699 2139 2771 Spiritus
2243 2681 2418 2771 “5’80
2446 2680 2619 2737 Filius
2643 2696 2767 2771 non
2810 2680 3006 2738 50mm
3042 2682 3227 2741 habet
3256 2685 3557 2758 Spiritum,
3588 2705 3773 2762 quem
3803 2690 3913 2749 ha-

547 2785 794 2836 sanctus
825 2778 1092 2852 propria,
1121 2782 1178 2835 et
1200 2778 1546 2850 intelligitur
1565 2783 1898 2842 secundum
1928 2770 2010 2851 se,
2042 2791 2137 2846 vel
2241 2770 2343 2826 bet
2371 2772 2561 2841 Pater:
2593 2770 2700 2825 sed
2743 2771 2925 2827 ctiam
2956 2773 3040 2828 ίίᾶ
3067 2772 3249 2831 habet
3273 2776 3578 2848 δΡίτίίυως
3613 2779 3767 2837 δίοΠῖ
3805 2780 3912 2837 Ῑιειο

544 2869 709 2941 quod
748 2868 1000 2941 Spiritus
1037 2872 1148 2933 est,
1177 2871 1234 2923 et
1256 2882 1377 2923 non
1411 2868 1610 2937 Filius,
1654 2874 1855 2929 tamen
1894 2891 2016 2932 non
2046 2883 2138 2936 est
2240 2858 2342 2915 bet
2363 2862 2552 2918 Pater.
2578 2860 2906 2917 Videamus
2927 2861 3153 2935 itaque,
3182 2865 3493 2936 quomodo
3516 2870 3685 2925 Pater
3722 2869 3911 2929 habet

542 2959 773 3015 alienus
804 2956 882 3014 ab
912 2956 1043 3029 ipso
1077 2956 1236 3012 Filio.
1263 2956 1512 3029 Spiritus
1549 2959 1709 3015 enim
1736 2962 2003 3020 Veritatis
2031 2982 2136 3024 no-
2245 2949 2529 3021 Spiritum
2592 2949 2653 3004 in
2710 2950 3052 3022 Semen-Pso-
3102 2953 3271 3008 Ρδίθπ
3333 2959 3532 3011 autem
3595 2959 3681 3014 Sic
3718 2959 3905 3018 habEt

540 3048 801 3103 minatus
823 3051 928 3102 est.
964 3048 1061 3102 Est
1090 3050 1289 3101 autem
1330 3046 1595 3104 Christus
1623 3048 1875 3117 Veritas,
1906 3058 1963 3110 et
1998 3070 2132 3127 pro-
2242 3039 2524 3112 Spiritum
2550 3043 2614 3095 ηε
2642 3053 2879 3111 semper
2924 3041 2997 3095 ⁵η
3028 3039 3088 3095 in
3120 3043 3309 3113 Patre:
3337 3048 3394 3099 et
3421 3060 3659 3118 semper
3696 3063 3907 3120 Ρτοοθ·

540 3138 809 3195 funditur
859 3136 937 3192 ab
986 3136 1139 3208 ipso,
1170 3137 1694 3209 quemadmodum
1739 3141 1943 3214 utique
1974 3149 2030 3200 et
2067 3160 2140 3202 ex
2178 3150 2217 3203 C
2246 3127 2350 3183 dat
2394 3144 2431 3183 θα
2470 3131 2633 3185 Patre
2670 3145 2683 3182 ⁵
2733 3132 2791 3185 εί
2826 3129 2907 3187 ita
2946 3146 3183 3203 semper
3218 3133 3488 3203 Ρτοοθάίί
3527 3150 3563 3192 ἃ
3604 3138 3796 3209 Patre,
3838 3144 3903 3196 υῑ

536 3231 727 3285 Patre.
757 3225 911 3291 Quid
941 3230 1142 3281 autem
1173 3225 1246 3281 sit
1283 3225 1668 3297 profundere,
1699 3231 1945 3302 exponit
1972 3232 2132 3291 idem
2242 3233 2481 3289 semper
2516 3217 2577 3273 in
2616 3220 2783 3273 Patre
2821 3224 3081 3285 ωθηθὶιῖς
3122 3226 3180 3276 εἴ
3230 3221 3311 3278 ίίᾶ
3348 3238 3588 3296 semper
3624 3224 3688 3281 in
3730 3229 3896 3284 Ρᾶίτθ

537 3316 791 3389 Cyrillus
816 3314 877 3371 in
909 3313 1277 3385 expositione
1298 3314 1566 3385 Symboli
1595 3316 1836 3379 Nicaeni.
1868 3323 2129 3379 tractans
2239 3311 2461 3377 manet:
2490 3311 2554 3362 ιιι
2578 3310 2778 3362 tamen
2809 3322 3045 3379 semper
3075 3323 3112 3364 τι
3149 3312 3315 3366 Patre
3354 3312 3662 3383 Ρΐοοθάἂῐι
3708 3316 3766 3371 Si
3806 3318 3895 3373 Fi-

534 3406 788 3463 νεώρη,
827 3402 995 3471 illud,
1039 3404 1152 3470 Qui
1189 3417 1264 3459 ρα-
1294 3409 1474 3472 patre
1520 3407 1809 3475 procedit,
1865 3408 2071 3466 dicens
2112 3429 2125 3466 ε
2235 3394 2352 3450 lius
2378 3395 2492 3451 isto
2513 3395 2696 3451 modo
2723 3394 2905 3452 habet
2934 3396 3300 3469 Spiritumin
3324 3401 3892 3473 semetipso,verum

534 3518 564 3546 ‹‹
589 3497 914 3549 Transacto
936 3491 1011 3546 de
1042 3490 1272 3547 Christo
1312 3492 1445 3563 ipso
1476 3508 1772 3559 sermone,
1800 3511 1937 3552 cum
1964 3497 2128 3557 beati
2236 3488 2347 3554 est:
2377 3483 2543 3555 (ἰυοά
2572 3484 2698 3555 ipse
2745 3483 2888 3540 die“
2918 3500 2931 3537 ³
2961 3485 3128 3542 δέεαι
3159 3487 3339 3543 Pater
3368 3489 3543 3545 habet
3598 3492 3787 3549 vitam
3830 3497 3892 3551 in

531 3586 731 3639 Patres
747 3580 935 3636 sancti
957 3578 1208 3650 Spiritus
1228 3580 1583 3636 memoriam
1601 3580 1890 3641 facerent:
1916 3586 2124 3660 Credo,

2269 3574 2531 3643 eipso,sic
2560 3574 2721 3630 dedit
2750 3579 2805 3629 et
2833 3574 2987 3630 Filio
3016 3575 3234 3633 habere
3264 3580 3448 3634 vitam
3467 3581 3527 3635 in
3552 3584 3890 3652 semetipso.

529 3671 828 3737 dixerunt,
858 3668 921 3722 in
950 3679 1109 3737 eum,
1139 3667 1660 3738 quemadmodum
1694 3671 1752 3727 in
1786 3673 2041 3747 Patrem,
2066 3681 2125 3735 et
2234 3663 2291 3720 Si
2322 3668 2525 3719 autem
2554 3662 2667 3718 isto
2697 3661 2882 3719 modo
2923 3678 3046 3719 non
3074 3664 3281 3730 habet,
3320 3668 3632 3739 quomodo
3655 3670 3768 3727 erit
3792 3687 3892 3729 ve.

530 3759 780 3825 Filium;
819 3755 1350 3813 consubstantialis
1402 3757 1563 3813 enim
1615 3758 1720 3827 eis,
1761 3765 1817 3817 et
1853 3761 2122 3821 funditur

2266 3768 2384 3823 um,
2414 3751 2579 3825 quod
2605 3750 2746 3807 dicit
2775 3767 2789 3806 :
2820 3752 2987 3808 Sicut
3025 3754 3203 3810 Pater
3223 3753 3397 3812 habet
3425 3759 3609 3813 vitam
3642 3760 3705 3814 in
3739 3763 3887 3831 seip-

526 3843 1674 3922 spiritus,etprocedittanquamafonte
1689 3850 2117 3911 Deoetpatre,”
2225 3856 2311 3907 so,
2342 3844 2422 3896 sic
2458 3840 2621 3897 dedit
2650 3847 2704 3896 et
2729 3840 2885 3897 Filio
2925 3840 3143 3899 habere
3173 3845 3356 3899 vitam
3394 3846 3457 3899 in
3494 3848 3729 3915 seipso?
3769 3850 3884 3907 Sed

593 3939 810 3993 Beatus
839 3950 1085 4007 quoque
1131 3933 1398 4003 Basilius,
1440 3936 1501 3991 in
1545 3934 1698 3993 libro
1749 3938 1832 3995 De
1882 3940 2116 4011 Spiritu
2225 3930 2441 3987 falsum
2473 3944 2605 3985 esse
2633 3943 2757 3986 non
2782 3933 2999 4002 potest,
3030 3930 3197 4004 quod
3256 3949 3293 3988 a
3342 3934 3595 3992 Veritate
3644 3943 3737 3994 est
3764 3938 3884 3997 dic-

518 4031 751 4096 sancto,
778 4024 857 4081 ad
885 4021 1391 4095 Amphilochium,
1420 4039 1549 4095 cap.
1579 4026 1668 4080 is:
1692 4048 1719 4076 ‹‹
1750 4026 1965 4099 Siquis
1992 4030 2117 4100 sz'-
2224 4024 2372 4076 tum.
2407 4021 2558 4087 Ergo
2577 4033 2789 4074 verum
2817 4023 2909 4075 est
2930 4019 3097 4091 quod
3127 4020 3350 4077 Veritas
3378 4021 3541 4080 dixit.

518 4117 703 4171 ritum
739 4113 970 4172 Christi
988 4127 1109 4167 non
1142 4110 1340 4180 habet,
1375 4112 1472 4169 hic
1494 4129 1612 4169 non
1636 4120 1723 4171 est
1763 4117 1907 4185 ejus.
1950 4118 2114 4177 Unde
2293 4108 3106 4167 It8m=SicutPatersuscitat
3132 4116 3395 4168 mortuos
3416 4119 3469 4169 et
3498 4115 3880 4187 viviﬁcat,sic

517 4202 682 4260 solus
698 4200 2107 4277 gloriﬁcatDeum.Iltemeclareﬁcabit,inquam,
2220 4205 2275 4256 et
2302 4200 2495 4256 Filius
2542 4215 2688 4271 quos
2718 4200 2847 4256 vult
2896 4201 3156 4270 viviﬁcat
3178 4203 3245 4256 ²².
3283 4188 3589 4260 Viviticare
3624 4206 3876 4278 Spiritus

514 4295 659 4367 quia
687 4292 761 4348 de
779 4306 904 4348 meo
930 4290 1182 4359 accipiet
1207 4295 1263 4345 et
1289 4291 1679 4346 annuntiabit
1706 4291 1864 4348 vobis
1892 4308 2017 4350 non
2039 4295 2112 4351 si.
2218 4289 2407 4345 sancti
2428 4292 2532 4355 est,
2566 4292 2700 4359 etc.,
2733 4290 2886 4345 sicut
2910 4290 3138 4347 Veritas
3163 4289 3338 4347 dicit:
3369 4293 3638 4363 Spiritus
3653 4303 3744 4352 est
3774 4300 3880 4371 qui

512 4387 611 4440 cut
651 4384 941 4450 creatura,
978 4377 1084 4434 sed
1110 4376 1261 4433 sicut
1303 4378 1553 4450 Spiritus
1588 4379 1918 4451 sapientiae,
1951 4381 2109 4439 Chri-
2217 4379 2566 4447 viviﬁcat”,
2608 4381 2716 4435 etc.
2752 4377 3004 4443 Quando
3033 4394 3171 4450 ergo
3218 4380 3393 4437 Pater
3422 4387 3696 4440 mortuos
3729 4387 3877 4444 vivi-

508 4478 688 4535 stum,
713 4471 812 4527 Dei
840 4470 1119 4526 virtutem
1148 4470 1206 4523 et
1234 4466 1335 4522 Dei
1359 4466 1740 4538 sapientiam,
1760 4468 1821 4524 in
1838 4484 1950 4526 sua
1978 4486 2103 4530 ma-
2138 4500 2182 4554 ι)
2213 4467 2371 4535 ﬁcat,
2404 4465 2478 4522 de
2507 4465 2726 4538 Spiritu
2758 4470 2986 4533 sancto,
3015 4482 3196 4539 quem
3243 4469 3422 4533 mittit
3447 4470 3509 4526 in
3545 4486 3675 4541 eos,
3717 4474 3877 4531 vivi-

506 4561 816 4633 gnitudine
844 4557 1114 4615 revelans
1142 4572 1156 4611 :
1186 4559 1244 4611 et
1272 4556 1423 4611 sicut
1469 4555 1806 4612 Paracletus
1846 4560 2099 4629 Spiritus
2206 4557 2368 4614 ﬁcat.
2392 4554 2640 4627 Spiritus
2669 4559 2910 4612 sanctus
2931 4555 3090 4611 enim
3118 4560 3226 4627 est,
3250 4558 3355 4630 qui
3383 4564 3656 4617 mortuos
3677 4563 3875 4620 viviﬁ-

502 4649 925 4708 characterizat
945 4646 1235 4717 ejus,qua3
1252 4643 1651 4716 promisitper
1674 4645 2098 4717 Spiritum,Pa-
2202 4650 2303 4703 cat
2320 4645 2505 4700 vitam
2530 4643 2736 4700 dando
2776 4647 3027 4701 mortuis
3060 4647 3408 4718 operatione
3440 4664 3572 4718 sua,
3598 4655 3655 4706 et
3682 4652 3873 4712 etiam

498 4739 702 4796 racleti
732 4737 1076 4806 bonitatem,
1110 4738 1167 4789 et
1193 4734 1254 4788 in
1279 4732 1368 4788 sui
1401 4733 1685 4803 dignitate
1714 4734 2095 4806 majestatem
2203 4735 2385 4791 vitam
2418 4733 2621 4804 gratiae
2652 4734 2902 4790 mortuis
2933 4734 2992 4789 in
3017 4736 3280 4806 peccatis
3297 4736 3691 4809 inspiratione
3717 4757 3860 4799 sua.

497 4828 867 4886 demonstrat
886 4826 1037 4897 ejus.
1074 4846 1094 4871 ι
1133 4822 1297 4878 Unde
1323 4827 1380 4879 et
1402 4824 1709 4893 provenit;
1740 4824 1907 4897 quod
1928 4826 2090 4884 idem
2200 4824 2257 4881 Si
2288 4823 2466 4895 igitur
2496 4822 2674 4879 Filius
2704 4822 2785 4879 ita
2810 4822 2884 4879 de
2913 4823 3131 4895 Spiritu
3162 4828 3369 4882 sancto
3399 4825 3676 4899 viviﬁcat,
3707 4832 3872 4887 sicut

494 4922 601 4984 θεῖν
635 4915 797 4989 (ἴυσά
821 4914 1107 4985 70700641“-
2195 4916 2383 4979 Pater,
2427 4912 2697 4985 sequitur
2750 4911 2917 4984 quod
2973 4912 3124 4969 sicut
3184 4913 3262 4969 ad
3314 4917 3549 4972 Patrem
3602 4918 3869 4986 pertinet

563 5005 729 5060 Idem
777 5007 1019 5059 sanctus
1067 5000 1437 5074 Epiphanius
1487 5000 1547 5057 in
1578 5000 1730 5059 libro
1768 5005 1854 5061 De
1890 5005 2088 5063 Anco-
2152 4996 2165 5009 ’
2195 5003 2466 5075 Spiritus,
2490 5001 2673 5057 etiam
2710 5000 2810 5057 illo
2854 5000 3040 5058 modo
3068 5003 3321 5073 pertinet
3350 5003 3429 5058 ad
3459 5004 3691 5062 Filium.
3743 5010 3867 5067 Sed

488 5099 621 5150 rato
650 5109 663 5147 :
694 5114 721 5143 «
748 5095 915 5149 Pater
944 5090 1067 5147 veri
1098 5090 1218 5146 Filii
1251 5094 1340 5146 est
1359 5092 1547 5158 Pater,
1579 5090 1782 5149 lumen
1814 5097 1970 5150 totus
2003 5095 2087 5151 Fi-
2192 5092 2272 5149 ad
2301 5094 2540 5149 Patrem
2570 5092 2843 5165 pertinet,
2886 5094 2950 5148 ut
2980 5091 3057 5147 ab
3084 5093 3214 5164 ipso
3235 5094 3621 5165 procedendo
3651 5096 3757 5154 det
3778 5100 3865 5155 vi-

484 5181 619 5251 lius,
649 5181 841 5238 Patris
870 5180 1153 5249 Verbum,
1176 5179 1381 5236 lumen
1418 5196 1492 5235 ex
1526 5179 1773 5247 lumine,
1807 5198 1930 5239 non
1968 5183 2083 5240 uti-
2188 5184 2312 5238 tam
2350 5181 2598 5250 mundo,
2639 5180 2793 5237 sicut
2817 5180 2965 5238 alias
3009 5181 3296 5253 scriptum
3342 5187 3451 5239 est.
3486 5184 3573 5241 Ita
3611 5200 3759 5257 ergo
3799 5195 3863 5247 et

482 5286 603 5344 que
632 5270 789 5327 facta
812 5269 907 5327 vel
946 5274 1145 5328 creata
1172 5269 1573 5342 applicatione
1611 5270 1775 5342 sola;
1804 5276 1860 5327 et
1901 5271 2078 5343 Spiri-
2186 5270 2265 5327 ad
2299 5269 2528 5327 Filium.

480 5363 576 5416 tus
609 5364 872 5429 sanctus,
901 5358 1153 5432 Spiritus
1179 5359 1459 5425 veritatis,
1502 5358 1708 5417 lumen
1738 5361 1974 5417 tertium
2003 5376 2077 5418 ex
2258 5359 2373 5418 Sed
2410 5360 2566 5416 dicet
2594 5362 2830 5417 Graecus
2870 5375 2883 5414 :
2921 5381 2951 5410 ‹‹
2982 5360 3116 5416 Non
3171 5359 3254 5417 ita
3309 5361 3564 5433 pertinet
3593 5362 3856 5435 Spiritus

479 5449 655 5508 Patre
690 5454 748 5507 et
776 5449 937 5509 Filio.
966 5470 995 5501 »
1312 5493 1316 5497 ς
2179 5448 2259 5508 ad
2298 5449 2527 5522 Filium,
2563 5449 2718 5507 sicut
2756 5449 2838 5508 ad
2882 5451 3135 5520 Patrem,
3167 5448 3313 5524 quia
3344 5451 3519 5509 Pater
3553 5451 3723 5512 dedit
3761 5455 3854 5513 Fi-

541 5684 588 5723 η
612 5683 784 5746 Joan.
817 5699 934 5754 xxv,
956 5687 1007 5742 6.
1088 5684 1133 5723 ιο
1156 5682 1329 5744 Joan.
1357 5698 1454 5749 vn,
1486 5685 1574 5740 38.
1651 5682 1700 5719 ²⁰
1728 5681 1899 5743 Eccli.
1930 5698 2089 5757 XXIV,
2119 5685 2162 5741 44

2075 5685 2208 5757 ,40.
2287 5686 2523 5744 "toan.
2551 5702 2607 5758 ν,
2632 5688 2721 5742 26.
2797 5683 3139 5745 "Ibid.2l.
3215 5684 3696 5758 “Mammas.
