4106 6222
202 295 338 352 497
1617 290 1900 350 CONTRA
1937 289 2263 350 GRAECOS.
3552 295 3659 354 498

203 417 324 487 lio,
368 422 441 476 ut
462 418 652 492 possit
681 419 952 489 mittere;
987 419 1103 478 sibi
1147 421 1351 478 autem
1379 416 1643 484 retinuit,
1669 423 1737 476 ut
1763 435 1900 493 pro-
1927 419 1973 476 Δ
2076 419 2288 474 Beatus
2317 416 2568 490 Cyrinus
2596 417 2673 474 de
2715 417 2930 476 eodem
2964 416 3206 492 Spiritu,
3254 414 3424 490 quod
3477 416 3657 491 Spiri-

202 506 510 565 cedatab
529 524 622 566 eo.
647 531 676 559 »
702 508 872 567 Absit
889 509 968 568 ab
993 509 1212 567 animis
1244 507 1515 565 ﬁdelium
1540 507 1657 565 hoc
1681 507 1896 565 delira-
2003 511 2099 564 tus
2125 509 2371 564 sanctus
2393 508 2468 564 sit
2486 522 2559 564 ex
2581 507 2743 574 Filio,
2771 513 2832 564 et-
2855 507 3022 581 quod
3044 507 3175 580 ipse
3207 507 3389 563 Filius
3407 506 3658 564 dederat

203 601 535 666 mentum,
575 600 640 654 ut
689 597 939 671 Spiritus
988 603 1233 654 sanctus
1287 602 1579 654 coaeterus
1635 601 1695 653 et
1751 611 1894 654 con-
2002 599 2144 653 tunc
2173 595 2456 669 Spiritum
2487 602 2763 669 sanctum
2793 596 3080 670 apostolis
3109 612 3249 654 cum
3301 595 3654 666 insufﬂavit,

204 683 652 742 substantialis
709 686 869 743 Patri
895 690 953 744 et
987 686 1149 752 Filio,
1193 685 1362 743 aliter
1392 689 1449 742 et
1497 684 1668 742 aliter
1720 685 1895 742 detur
2000 685 2848 756 etdixit:AccipiteSpiritum
2864 692 3163 756 sanctum,
3185 685 3654 758 superGenesim

201 775 270 828 et
297 772 430 830 sit:
462 773 560 830 vel
587 775 758 849 quod
814 775 1044 849 aliquid
1075 776 1240 833 aliud
1292 775 1702 849 temporaliter
1728 791 1892 832 acce-
2001 775 2086 831 sic
2115 779 2400 831 testatur:
2431 796 2458 824 «
2485 775 2647 831 Sicut
2665 775 2878 831 beatus
2907 779 3135 847 Moyses
3165 774 3428 830 ostendit
3452 775 3652 830 homi-

200 858 304 931 pit
337 860 442 916 vel
465 861 634 918 aliud
654 863 1010 922 teternaliter
1030 864 1292 922 exsistat.
1321 865 1441 920 Ista
1457 864 1620 920 enim
1643 863 1893 920 varietas
2000 879 2140 920 nem
2157 879 2194 920 a
2221 866 2338 920 Deo
2354 863 2656 936 accepisse
2677 865 3041 937 spiraculum
3068 864 3222 930 vitae,
3251 864 3366 920 hoc
3388 864 3651 920 Christus

197 961 344 1034 non
379 949 550 1006 cadit
578 950 641 1007 in
671 954 882 1023 Deum,
925 953 1032 1010 sed
1075 954 1136 1009 in
1183 957 1511 1010 creaturas.
1569 956 1892 1026 Nunquam

198 1037 408 1095 etiam
446 1038 628 1097 Filius
656 1040 737 1098 ad
764 1058 1112 1099 mensuram
1141 1043 1371 1115 accepit
1400 1041 1701 1116 Spiritum,
1740 1042 1892 1099 sicut

1997 952 2298 1008 innovans
2322 952 2382 1008 in
2411 953 2588 1008 nobis
2609 958 2747 1026 post
2764 953 3302 1010 resurrectionnem
3323 969 3359 1010 a
3375 953 3646 1019 mortuis,

1997 1041 2326 1098 insufﬂavit
2343 1041 2648 1114 discipulis
2665 1042 2901 1098 dicens:
2920 1042 3495 1112 AccipiteSpiritum
3509 1057 3647 1098 san-

196 1131 262 1182 et
290 1142 445 1198 nos,
477 1133 537 1185 et
588 1129 674 1185 uti
703 1135 793 1187 est
823 1131 1129 1203 scriptum.
1183 1131 1459 1201 Legimus
1512 1131 1711 1187 enim:
1750 1131 1886 1188 Non

197 1216 290 1272 ad
321 1229 684 1275 mensuram
725 1219 832 1276 dat
861 1219 1018 1276 Deus
1045 1220 1344 1289 Spiritum
1367 1220 1412 1255 ²⁴
1441 1238 1457 1290 ;
1489 1219 1726 1292 supple,
1749 1218 1889 1276 Filio

197 1319 348 1361 suo.
389 1306 450 1362 Si
474 1322 688 1364 verum
717 1312 825 1375 est,
852 1307 1020 1382 quod
1050 1310 1223 1365 Pater
1255 1309 1337 1365 ita
1365 1307 1533 1365 dedit
1559 1307 1700 1364 Filio
1756 1308 1887 1380 Spi-

194 1393 496 1460 ritum,ut
513 1394 784 1469 aliquam
808 1397 1066 1468 gratiam
1087 1396 1518 1454 dominationis
1541 1397 1605 1452 in
1630 1412 1692 1453 se
1710 1396 1888 1454 Filius

196 1483 438 1556 (Pater)
527 1485 887 1553 retinuisset,
942 1491 1078 1542 tunc
1133 1501 1344 1543 revera
1411 1485 1678 1542 dedisset
1731 1485 1880 1542 Filio

203 1573 510 1644 Spiritum
540 1573 621 1631 ad
641 1589 1013 1643 mensuram,
1040 1575 1125 1632 ita
1142 1579 1206 1632 ut
1231 1589 1344 1631 nos
1364 1589 1692 1647 possemus
1718 1573 1884 1631 illam

199 1661 620 1720 donationem
647 1678 997 1721 mensurare
1021 1662 1324 1721 dicentes:
1354 1666 1475 1721 Hoc
1503 1664 1754 1736 quidem
1779 1662 1882 1720 de-

1998 1137 2179 1198 ctum,
2211 1135 2276 1187 ut
2303 1130 2520 1188 iterum
2535 1131 2843 1188 reformati
2863 1132 2941 1189 ad
2959 1132 3272 1204 pristinam
3295 1131 3644 1202 imaginem,

1996 1219 2336 1276 conformes
2367 1235 2774 1293 appareamus
2804 1221 3065 1278 Creatori
3113 1235 3219 1294 per
3246 1220 3648 1293 participatio-

1994 1323 2136 1364 nem
2164 1309 2435 1382 Spiritus.
2465 1330 2485 1358 ι

2067 1398 2318 1463 Quando
2365 1412 2509 1469 ergo
2538 1398 2789 1471 Spiritus
2821 1402 3066 1456 sanctus
3113 1399 3172 1454 in
3203 1398 3380 1456 nobis
3425 1397 3642 1466 factus,

1993 1487 2334 1543 conformes
2363 1502 2476 1543 nos
2509 1487 2608 1543 Dei
2637 1487 2915 1555 ostendit,
2946 1487 3216 1560 procedit
3242 1492 3444 1544 autem
3476 1504 3512 1543 a
3541 1503 3642 1560 pa-

1991 1577 2079 1630 tre
2109 1580 2166 1630 et
2215 1574 2380 1646 Filio,
2412 1575 2818 1646 manifestum,
2853 1577 2998 1648 quia
3025 1577 3102 1632 de
3131 1575 3346 1632 eadem
3388 1577 3647 1632 essentia

1992 1667 2085 1720 est
2103 1664 2494 1720 essentialiter
2512 1664 2572 1721 in
2592 1663 2746 1736 ipsa,
2779 1670 2836 1721 et
2861 1680 2929 1720 ex
2947 1664 3079 1736 ipsa
3098 1664 3452 1737 procedens,
3481 1663 3647 1720 velut

201 1749 295 1808 dit
313 1753 498 1808 Pater
519 1751 683 1821 Filio,
703 1751 821 1809 hoc
836 1757 1036 1810 autem
1059 1768 1184 1810 non
1206 1752 1405 1821 dedit;
1429 1753 1513 1810 sic
1528 1753 1712 1820 dedit,
1734 1753 1885 1810 etsic
1920 1769 1960 1824 Β
1991 1766 2066 1808 ex
2087 1751 2360 1809 humano
2389 1768 2492 1810 ore
2532 1753 2793 1810 excurrit
2834 1752 3197 1810 insutﬂatio:
3233 1753 3340 1809 etsi
3385 1768 3644 1825 parvum

201 1855 333 1896 non
360 1839 555 1898 dedit.
578 1843 786 1898 Nonne
811 1843 1050 1898 Griecus
1073 1847 1386 1899 mensurat
1406 1841 1546 1899 Filio
1570 1841 1878 1914 Spiritum,

198 1929 465 2003 quando
502 1929 650 1987 dicit
678 1947 691 1986 :
726 1929 904 1987 Filius
933 1930 1017 1987 sic
1036 1929 1221 1988 habet
1251 1930 1536 2004 Spiritum
1563 1936 1630 1988 ut
1656 1931 1881 1995 mittat,

206 2023 266 2075 et
296 2017 494 2076 donet
530 2017 744 2085 illum;
777 2018 885 2076 sed
913 2033 1038 2076 non
1069 2020 1152 2077 sic
1171 2019 1375 2090 habet,
1398 2023 1462 2076 ut
1485 2019 1774 2094 procedat
1803 2019 1883 2078 ab

207 2122 346 2181 ipso
357 2151 370 2164 .

285 2200 430 2254 Item
489 2197 669 2255 Filius
697 2197 775 2256 de
829 2198 1048 2272 Spiritu
1081 2202 1292 2256 sancto
1346 2199 1465 2256 ait:
1497 2200 1652 2256 Novi
1675 2199 1748 2256 de
1780 2214 1869 2257 me

223 2287 498 2345 virtutem
520 2291 710 2346 exisse
735 2289 807 2346 ³³.
831 2290 899 2345 Et
917 2287 1306 2360 Evangelium
1329 2287 1596 2346 similiter
1623 2306 1636 2344 :
1680 2289 1880 2346 Virtus

232 2374 302 2430 de
327 2377 432 2432 illo
455 2377 653 2435 exibat
670 2384 726 2435 et
758 2376 1016 2435 sanabat
1038 2379 1290 2436 omnes“
1322 2421 1332 2432 .
1367 2379 1510 2444 Quae
1532 2381 1737 2434 autem
1757 2380 1884 2434 erat

229 2461 334 2521 illa
358 2465 550 2534 virtus,
597 2483 738 2540 quas
773 2465 1033 2523 sanabat
1081 2481 1292 2522 omnes
1319 2468 1348 2524 ?
1386 2470 1466 2523 De
1511 2483 1635 2540 qua
1661 2466 1879 2522 virtute

224 2551 436 2610 iterum
465 2555 755 2628 scriptum
781 2560 870 2613 est
899 2573 912 2612 :
956 2556 1064 2612 Vos
1092 2561 1292 2613 autem
1316 2556 1510 2614 sedete
1533 2559 1595 2612 in
1626 2558 1870 2612 civitate

213 2643 571 2717 Jerusalem,
597 2659 904 2717 quousque
925 2645 1266 2703 induamini
1283 2646 1503 2702 virtute
1521 2660 1596 2702 ex
1615 2646 1764 2702 alto.
1797 2645 1864 2700 ³⁷.

209 2732 317 2797 Qui
343 2747 493 2804 ergo
532 2739 716 2803 negat
743 2735 1031 2806 Spiritum
1061 2749 1099 2792 a
1129 2733 1269 2790 Filio
1299 2733 1643 2806 procedere,
1692 2737 1879 2805 negat

203 2821 432 2894 pariter
451 2822 640 2879 verba
671 2838 786 2879 sua
812 2822 892 2880 ab
911 2822 1044 2896 ipso
1062 2837 1214 2879 esse.
1235 2822 1667 2880 Verumtamen
1692 2839 1878 2880 evan-

203 2911 420 2982 gelista
437 2929 462 2967 :
488 2913 883 2969 Mirabantur
907 2927 1104 2968 omnes
1136 2929 1200 2969 in
1221 2913 1417 2970 verbis
1445 2914 1682 2984 gratiae,
1739 2927 1876 2986 quae

191 3000 614 3070 procedebant
661 3015 764 3058 ore
793 3002 922 3071 ejus
949 3001 1024 3056 ³⁸.

200 3089 361 3156 Quid
444 3089 676 3161 plura?
723 3092 864 3162 Ipsa
929 3105 1194 3162 namque
1274 3089 1516 3158 Veritas,
1605 3088 1876 3148 Salvator
1905 3117 1947 3175 ρ

197 3185 432 3250 noster,
455 3179 672 3236 volens
701 3195 949 3236 omnem
973 3179 1431 3250 ambiguitatem
1451 3181 1628 3237 istam
1653 3180 1728 3236 de
1751 3197 1876 3236 me-

194 3268 295 3326 dio
314 3283 664 3334 removere,
692 3273 830 3342 post
854 3268 1108 3339 gloriam
1129 3269 1581 3325 resurrectionis
1605 3286 1726 3325 suae
1741 3270 1874 3341 jam

194 3356 569 3416 immortalis
590 3357 782 3414 factus
801 3357 1278 3431 etimpassibilis,
1297 3358 1578 3432 Spiritum
1594 3363 1873 3416 sanctum

195 3463 267 3505 ex
293 3463 368 3504 se
417 3445 852 3520 procedentem
880 3447 1167 3516 ostendit,
1214 3462 1353 3504 cum
1383 3447 1687 3519 inspirans
1729 3448 1874 3504 dici-

194 3537 358 3611 pulis
393 3536 517 3593 ait:
551 3537 830 3608 Accipite
846 3537 1144 3607 Spiritum
1173 3542 1448 3595 sanctum
1469 3538 1656 3604 *9,etc.
1681 3540 1872 3604 Quam

193 3625 630 3684 auctoritatem
659 3625 877 3683 beatus
909 3625 1271 3682 Athanasius
1304 3640 1616 3698 exponens
1649 3627 1710 3682 in
1744 3642 1872 3683 ser-

185 3731 376 3774 mone
431 3713 514 3771 de
563 3729 655 3781 ea,
687 3730 826 3787 quae
857 3715 917 3770 in
976 3729 1180 3781 carne,
1213 3712 1665 3786 dispensatione
1698 3706 1870 3772 Verbi

185 3803 306 3871 Dei,
341 3808 407 3859 et
439 3801 520 3858 de
547 3802 825 3859 'I‘rinitate
853 3808 1066 3860 contra
1094 3802 1370 3868 Arianos,
1407 3803 1588 3873 cujus
1634 3803 1870 3860 initium

185 3897 270 3948 est
296 3909 314 3948 :
355 3891 480 3959 Qui
505 3891 820 3962 malitiose,
849 3897 985 3957 etc.,
1009 3891 1095 3948 sic
1121 3889 1263 3948 dicit
1295 3894 1615 3964 :«PrOpter
1644 3893 1760 3950 hoc
1783 3893 1872 3949 in-

181 3982 394 4038 sufﬂat
412 3981 480 4038 in
499 3981 719 4038 faciem
739 3981 1155 4054 apostolorum
1176 3981 1382 4038 dicens
1403 4000 1416 4038 :
1439 3982 1718 4052 Accipite
1737 3979 1871 4052 Spi’

181 4072 378 4128 ritum
431 4075 739 4137 sanctum,
766 4075 832 4127 ut
882 4070 1214 4139 discamus,
1255 4069 1425 4142 quod
1481 4069 1558 4126 de
1613 4069 1869 4143 plenitu’

178 4157 322 4216 dine
357 4158 698 4216 Divinitatis
745 4163 857 4225 est,
901 4174 1027 4232 qua
1058 4157 1243 4215 datur
1294 4158 1548 4231 Spiritus
1606 4165 1857 4216 sanctus

181 4245 476 4321 dicipulis
505 4264 520 4302 :
541 4247 610 4303 In
630 4247 872 4304 Christo
893 4246 1306 4319 enim,inquit,
1330 4246 1448 4304 hoc
1467 4251 1574 4319 est,
1603 4247 1664 4304 in
1685 4263 1867 4305 carne

181 4337 337 4407 ejus,
379 4336 624 4394 habitat
648 4338 840 4394 omnis
865 4337 1183 4406 plenitudo
1210 4337 1568 4394 Divinitalis
1597 4337 1666 4392 ³ο.
1703 4329 1868 4395 Sicut

182 4427 453 4483 Joannes
481 4425 751 4498 Baptista
777 4425 939 4490 dicit:
967 4426 1091 4482 Nos
1117 4431 1316 4483 autem
1345 4441 1543 4483 omnes
1564 4425 1637 4486 de
1662 4427 1863 4496 pleni-

183 4515 400 4572 tudine
413 4516 547 4585 ejus
563 4515 898 4585 accepimus
915 4515 961 4550 δί
984 4553 999 4577 ,
1024 4537 1045 4563 ι
1068 4518 1180 4572 etc.
1203 4513 1513 4587 Corporali
1525 4515 1706 4572 etiam
1723 4531 1860 4589 spe-

185 4602 270 4661 cie
308 4603 491 4660 visus
515 4607 607 4660 est
644 4602 896 4676 Spiritus
945 4607 1186 4660 sanctus
1218 4602 1372 4660 sicut
1415 4602 1702 4662 columba
1756 4605 1860 4662 de-

185 4691 469 4761 scedens,
505 4695 564 4748 et
611 4707 864 4748 manens
902 4707 1085 4766 super
1113 4709 1277 4750 eum.
1327 4696 1392 4749 In
1445 4693 1623 4750 nobis
1655 4697 1858 4752 autem

183 4781 412 4853 pignus
437 4783 499 4837 et
549 4779 824 4853 primitias
855 4780 1187 4838 Divinitatis
1206 4781 1502 4850 habitant,
1532 4783 1596 4839 in
1627 4783 1729 4841 illo
1754 4800 1858 4842 au-

183 4875 304 4928 tem
333 4869 662 4944 plenitudo
682 4870 1034 4939 Divinitatis,
1050 4885 1127 4928 ne
1152 4871 1292 4944 quis
1317 4876 1506 4944 putet,
1536 4872 1704 4945 quod
1732 4889 1856 4931 non

181 4957 424 5018 habens
456 4959 765 5031 Spiritum,
796 4959 999 5032 ipsum
1028 4963 1173 5017 tunc
1221 4960 1473 5032 accepit.
1507 4965 1639 5033 Ipse
1691 4962 1855 5020 enim

149 5085 162 5094 .
182 5047 390 5122 ipsum
422 5048 750 5106 desursum
778 5047 1053 5106 mittebat
1085 5052 1151 5105 ut
1203 5049 1382 5118 Deus,
1411 5053 1470 5106 et
1497 5048 1624 5122 ipse
1650 5050 1855 5124 ipsum

182 5136 482 5196 deorsum
519 5136 848 5210 recipiebat
904 5140 970 5195 ut
1023 5137 1231 5194 homo.
1290 5139 1371 5193 Ex
1427 5137 1564 5211 ipso
1595 5154 1739 5212 ergo
1791 5141 1854 5198 in

184 5226 390 5298 ipsum
419 5224 854 5294 descendebat,
879 5241 955 5283 ex
983 5225 1292 5284 divinitate
1319 5225 1452 5298 ejus
1485 5226 1547 5284 in
1575 5227 1852 5287 humani-

185 5319 394 5374 tatem.
419 5337 452 5366 »
481 5317 551 5373 Et
576 5315 694 5374 hoc
722 5315 974 5389 quidem
998 5315 1388 5374 Athanasius.

1228 5442 1317 5496 46.
1421 5441 1470 5476 ²⁶
1503 5440 1638 5498 Luc.
1669 5457 1752 5510 vr,
1786 5444 1876 5503 t9.

253 5443 304 5476 ’⁸
340 5442 515 5497 Joan.
550 5455 627 5506 ιιι,
655 5441 747 5497 34.
849 5441 898 5476 ³⁵
925 5442 1042 5498 Luc
1073 5456 1194 5512 vni,
1228 5442 1317 5496 46.
1421 5441 1470 5476 ²⁶
1503 5441 1638 5498 Luc.
1669 5457 1752 5510 vr,
1786 5457 1794 5495 +

265 5511 492 5568 Coloss.
524 5526 586 5572 ll.
620 5515 676 5569 9.
769 5511 814 5547 ³¹
845 5512 1019 5569 Joan.
1051 5529 1088 5572 l.
1118 5513 1208 5571 16.
1311 5512 1360 5549 ³³
1390 5511 1588 5572 Matth.
1622 5529 1682 5572 x.
1722 5517 1794 5572 20

1575 5554 1588 5570 ο
1622 5554 1682 5582 ιδ,
1723 5554 1814 5572 ην.

190 5510 235 5583 ξ·
265 5511 492 5568 Coloss.
524 5526 586 5583 ll,
620 5515 676 5569 9.
769 5511 814 5547 ³¹
845 5512 1019 5569 Joan.
1051 5529 1088 5583 ι,
1118 5510 1208 5571 16.

191 5581 237 5618 ³⁸
267 5585 439 5644 Rom.
467 5581 588 5658 vui,
622 5586 678 5643 9.
753 5583 798 5620 ³⁷
828 5584 1004 5644 Joan.
1040 5581 1119 5659 vi,
1151 5586 1242 5643 64.

1917 5515 1967 5552 ⁸³
1993 5517 2164 5576 Joan.
2196 5531 2252 5580 χ,
2282 5518 2373 5573 30.

1991 1845 2050 1898 et
2074 1856 2200 1898 non
2229 1841 2484 1912 dignum
2515 1841 2593 1899 sit
2623 1841 2992 1915 exemplum.
3027 1842 3242 1900 Omnia
3274 1841 3436 1899 enim
3469 1857 3644 1915 supe-

1989 1928 2146 1988 rabit
2174 1933 2349 1987 Deus.

2060 2021 2206 2076 ltem
2280 2019 2631 2076 Anastasius
2701 2020 3044 2093 patriarcha
3089 2019 3518 2088 Antiochenus,
3580 2020 3644 2077 in

1991 2123 2272 2166 sermone
2305 2110 2382 2166 de
2410 2115 2574 2168 recta
2601 2111 2842 2167 veritate
2871 2109 3248 2181 dogmatum,
3299 2109 3402 2182 qui
3427 2109 3514 2165 sic
3557 2109 3644 2166 in-

1989 2197 2134 2270 cipit
2161 2215 2174 2254 :
2231 2199 2523 2256 Dominus
2548 2200 2706 2256 Deus
2734 2215 2897 2256 meus
2909 2199 3210 2269 fortitudo
3229 2214 3380 2270 mea,
3404 2202 3515 2255 etc.
3522 2238 3540 2269 ,
3565 2199 3643 2254 de

1989 2287 2208 2360 Spiritu
2242 2292 2454 2345 sancto
2487 2288 2576 2345 sic
2625 2292 2909 2346 testatur:
2977 2312 3000 2339 ι
3057 2288 3288 2346 Etenim
3343 2287 3638 2344 Dominus

1990 2373 2196 2447 ipsum
2247 2375 2530 2448 Spiritum
2579 2391 2652 2432 ex
2710 2391 2775 2432 se
2829 2376 3158 2434 ostendens
3225 2375 3500 2440 existere,
3556 2375 3644 2432 in-

1990 2463 2247 2522 sufﬂans
2279 2465 2483 2522 aiebat
2517 2482 2530 2520 :
2557 2466 2830 2536 Accipite
2846 2467 3142 2535 Spiritum
3167 2471 3466 2522 sanctum.
3501 2481 3532 2516 ›

1971 2577 1974 2579 λ
2061 2555 2308 2623 Ecce,ut
2335 2554 2840 2625 diximus,omnia
2868 2571 3003 2628 quea
3032 2554 3377 2612 necessaria
3406 2553 3644 2610 suntad

1988 2642 2264 2712 salutem,
2297 2648 2400 2701 aut
2441 2644 2736 2717 explicita,
2785 2648 2890 2702 aut
2917 2644 3201 2717 implicito
3245 2644 3464 2716 scripta
3505 2647 3645 2699 sunt

1985 2730 2049 2788 in
2080 2733 2402 2804 Evangelio
2431 2753 2444 2790 :
2477 2733 2645 2808 quod
2695 2751 2766 2790 ex
2814 2734 3008 2800 dictis,
3043 2739 3101 2791 et
3140 2734 3479 2791 subsecutis
3511 2748 3646 2790 san-

1987 2826 2221 2879 ctorum
2269 2824 2624 2880 testimoniis
2684 2823 3100 2897 probavimus,
3154 2828 3214 2882 et
3254 2825 3317 2880 in
3369 2822 3642 2896 sequenti

1987 2911 2249 2984 capitulo
2277 2912 2653 2971 manifestius
2686 2913 3020 2986 apparebit.

2547 3055 2648 3112 Ad
2681 3061 2966 3128 quartum
2992 3057 3211 3112 solutio

2053 3178 2143 3238 Ad
2163 3183 2449 3251 quartum
2464 3179 2789 3251 objectum,
2810 3196 2934 3252 quo
2953 3179 3200 3236 dicitur:
3220 3201 3249 3230 «
3265 3186 3312 3236 A
3327 3183 3495 3236 Patre
3514 3183 3641 3238 tan-

1984 3271 2109 3324 tum
2139 3268 2286 3324 dixit
2307 3268 2482 3325 Filius
2512 3269 2835 3341 procedere
2869 3269 3174 3342 Spiritum,
3211 3274 3269 3326 et
3296 3285 3420 3326 non
3465 3269 3635 3326 addi-

1982 3355 2089 3420 dit,
2115 3372 2151 3412 a
2179 3355 2343 3425 Filio,
2381 3380 2402 3406 ι
2437 3357 2697 3413 dicimus
2718 3356 2887 3430 quod
2916 3373 3035 3414 non
3059 3363 3148 3414 est
3177 3373 3441 3423 necesse,
3465 3357 3634 3430 quod

1983 3445 2329 3518 ubicunque
2386 3445 2713 3502 subticetur
2766 3460 2890 3502 una
2949 3460 3229 3518 persona,
3287 3444 3638 3501 excludatur

1980 3533 2136 3606 ipsa,
2167 3538 2222 3590 et
2255 3549 2377 3590 non
2405 3533 2768 3603 intelligatur
2803 3551 2816 3600 ;
2848 3533 3014 3606 quod
3044 3533 3158 3590 isto
3181 3532 3366 3591 modo
3391 3534 3452 3590 in
3483 3533 3635 3590 mul-

1981 3627 2073 3679 tos
2103 3639 2331 3680 errores
2362 3622 2788 3696 prmcipitasset
2839 3638 2952 3679 nos
2975 3621 3110 3695 ipsa
3159 3623 3404 3689 Veritas,
3453 3621 3633 3679 Filius

1982 3712 2106 3769 Dei.
2132 3713 2298 3769 Verbi
2321 3713 2532 3784 gratia,
2558 3713 2620 3768 in
2647 3712 2974 3783 Evangelio
3006 3713 3308 3786 Scriptum
3333 3713 3590 3783 legimus
3615 3729 3628 3769 :

1979 3803 2117 3858 Non
2141 3805 2296 3859 enim
2314 3819 2415 3860 vos
2426 3810 2561 3860 estis
2573 3804 2679 3876 qui
2689 3803 3022 3874 loquimini,
3042 3804 3145 3860 sed
3157 3803 3414 3874 Spiritus
3427 3805 3632 3860 Patris

1981 3893 2166 3949 vestri
2187 3908 2290 3964 qut
2316 3893 2586 3964 loquitur
2605 3894 2668 3948 in
2690 3893 2853 3950 vobis
2877 3894 2924 3928 ³³
2949 3934 2964 3949 .
2998 3894 3145 3949 Item
3175 3911 3188 3948 :
3220 3893 3347 3962 Ego
3372 3898 3426 3948 et
3453 3893 3632 3949 Pater

1980 3996 2166 4038 unum
2192 3997 2396 4038 sumus
2417 3981 2486 4050 ³³,
2510 3981 2658 4038 dixit
2683 3981 2877 4048 Filius,
2908 3985 2966 4038 et
2984 3981 3212 4038 nullam
3237 3981 3630 4036 mentionem-

1979 4069 2114 4126 fecit
2158 4069 2234 4126 de
2283 4069 2502 4142 Spiritu
2532 4075 2764 4128 sancto.
2797 4073 2861 4126 Et
2890 4071 3104 4126 iterum
3139 4086 3152 4124 :
3190 4071 3276 4126 De
3307 4070 3403 4125 die
3427 4072 3625 4126 autem

1977 4165 2034 4216 et
2061 4160 2212 4216 hora
2243 4160 2360 4216 illa
2388 4174 2558 4216 nemo
2583 4161 2694 4215 scit
2720 4160 2841 4215 nisi
2865 4162 3039 4216 Pater
3064 4159 3112 4194 ³⁸
3143 4199 3156 4212 .
3186 4162 3332 4214 Item
3360 4159 3581 4214 Paulus
3607 4176 3620 4211 :

1975 4248 2142 4304 Misit
2163 4250 2324 4305 Deus
2347 4249 2643 4318 Spiritum
2669 4249 2818 4304 Filii
2836 4250 2934 4304 sui
2953 4249 3002 4284 ³⁵
3032 4290 3047 4315 ,
3077 4263 3202 4304 non
3229 4246 3391 4312 dicit,
3420 4263 3620 4303 suum.

1975 4339 2043 4393 Et
2070 4336 2285 4394 iterum
2311 4354 2324 4393 :
2359 4337 2427 4393 Si
2449 4337 2585 4410 quis
2603 4336 2894 4406 Spiritum
2919 4337 3282 4394 Christinon
3305 4336 3501 4406 habet,
3529 4337 3624 4394 hic

1972 4441 2092 4482 non
2104 4432 2188 4483 est
2205 4428 2332 4496 ejus
2344 4427 2391 4462 3°
2410 4469 2420 4480 .
2447 4428 2589 4482 Item
2607 4424 2788 4481 Filius
2803 4425 2865 4480 in
2880 4425 3216 4496 Evangilio:
3239 4426 3496 4498 Spiritus
3513 4432 3617 4483 est.

1969 4516 2078 4588 qui
2095 4516 2359 4584 viviﬁcat
2373 4515 2442 4570 ³⁷.
2459 4515 2517 4572 Si
2533 4514 2714 4586 igitur
2734 4513 2834 4570 illa
2854 4514 2986 4570 sola
3003 4530 3264 4588 persona
3279 4514 3622 4585 intelligitur

1967 4605 2030 4662 in
2050 4604 2145 4661 his
2167 4603 2645 4673 auctoritatibus,
2659 4603 2735 4660 de
2752 4619 2875 4676 qua
2886 4603 2954 4660 ﬁt
2969 4604 3214 4669 mentio,
3234 4607 3291 4660 et
3322 4619 3446 4660 non
3467 4603 3615 4661 alia:

1967 4710 2110 4764 ergo
2157 4693 2430 4766 Spiritus,
2462 4693 2648 4750 Patris
2677 4697 2916 4750 tantum
2945 4697 3034 4749 est
3086 4693 3359 4764 Spiritus,
3389 4697 3447 4749 et
3492 4708 3618 4749 non

1966 4784 2114 4853 Filii,
2144 4785 2292 4857 quia
2318 4783 2395 4840 de
2421 4783 2570 4841 Filio
2609 4798 2734 4840 non
2762 4782 2830 4839 ﬁt
2857 4782 3105 4851 mentio,
3135 4782 3251 4838 nisi
3300 4782 3375 4839 de
3423 4786 3614 4841 Patre.

1965 4876 2112 4931 Item
2143 4873 2306 4930 solus
2337 4873 2589 4946 Spiritus
2613 4871 2896 4944 loquitur,
2930 4874 2990 4926 et
3019 4885 3144 4926 non
3170 4875 3355 4942 pater,
3388 4870 3482 4926 vel
3524 4872 3615 4927 Fi-

1961 4963 2098 5021 lius.
2122 4963 2268 5021 Item
2287 4963 2374 5022 sic
2389 4966 2557 5020 Pater
2574 4961 2741 5019 novit
2757 4977 2895 5034 quae
2912 4964 3167 5016 ventura
3191 4963 3332 5016 sunt
3359 4960 3615 5018 novissi-

1962 5052 2080 5109 mis
2107 5051 2345 5120 diebus,
2392 5055 2451 5108 et
2475 5065 2596 5108 non
2626 5049 2930 5123 Sapientia
2971 5047 3120 5120 ejus,
3151 5047 3217 5104 id
3245 5052 3353 5116 est,
3413 5047 3616 5121 Filius,

1961 5141 2059 5198 vel
2082 5141 2332 5214 Spiritus
2357 5143 2630 5198 sanctus.

2032 5231 2179 5288 Item
2207 5249 2220 5288 :
2257 5229 2399 5297 Quis
2425 5233 2514 5286 est
2532 5229 2642 5286 iste
2669 5227 2918 5301 Spiritus
2947 5226 3096 5295 Filii,
3127 5243 3314 5301 quem
3343 5228 3615 5286 immittit

1963 5320 2138 5379 Pater
2154 5319 2219 5377 in
2241 5318 2428 5377 corda
2446 5317 2819 5376 credentium
2838 5319 2866 5375 ?
2886 5317 3188 5392 numquid
3208 5317 3364 5376 alius
3386 5317 3496 5374 erit
3528 5317 3608 5374 ab

1972 5445 2016 5479 ³⁷
2053 5445 2188 5500 Luc:
2221 5458 2377 5508 xxiv,
2408 5445 2496 5498 49.
2575 5441 2623 5478 ³³
2656 5443 2793 5500 Luc.
2818 5456 2897 5511 ιν,
2927 5447 3017 5498 22.
3093 5444 3140 5478 ²⁹
3171 5443 3342 5498 Joan.
3381 5457 3480 5510 xx,
3512 5441 3606 5495 2i.

2470 5514 2519 5550 “
2548 5512 2747 5574 Matth.
2780 5529 2942 5586 xnv,
2972 5517 3062 5572 36.
3150 5513 3199 5550 ³⁵
3231 5511 3415 5572 Galat.
3449 5527 3522 5575 IV,
3556 5514 3610 5567 6.
