4106 6222
449 270 556 332 199

1619 266 2099 326 PANTALEONIS
2136 265 2425 324 DIACONI
2463 264 2573 322 ΟΡ.

3764 260 3871 316 500

451 399 609 472 ipso,
632 396 707 454 de
740 412 865 471 quo
887 396 1173 469 scriptum
1198 398 1319 452 est:
1346 394 1602 465 Spiritus
1622 393 1915 459 veritatis,
1939 394 2101 464 quia
2134 394 2181 449 Α
2209 389 2374 463 quod
2404 404 2528 445 non
2559 387 2793 444 alienus
2848 387 2939 442 est
2988 382 3067 442 ab
3121 383 3381 445 essentia.
3440 382 3565 440 Filii
3617 382 3870 472 Spiritus

449 490 640 545 Patre
682 488 955 557 procedit
993 487 1039 521 ³⁸
1065 488 1092 541 ?
1123 489 1262 541 [tem
1295 485 1369 540 de
1400 499 1656 556 persona
1688 483 1878 540 Patris
1909 482 2102 539 Domi-

452 594 572 634 nus
594 578 653 632 in
674 575 1260 646 Evangelioloquens
1285 574 1366 630 ait
1382 594 1394 629 :
1409 574 1475 629 Si
1488 574 1829 629 dimiseritis
1851 573 2100 628 homini-

454 667 558 723 bus
580 672 826 736 peecata
849 680 1072 731 eorum,
1096 666 1280 720 Pater
1291 669 1481 720 vester
1504 664 1762 718 dimittet
1783 662 1944 718 vobis
1964 676 2099 731 pec-

454 761 591 811 cata
616 759 813 810 vestra
831 755 877 787 39
913 771 926 819 ;
956 758 1013 808 et
1031 754 1245 808 iterum
1270 769 1282 806 :
1306 753 1656 822 Quicunque
1664 752 1877 821 lacerit
1894 751 2099 806 volun-

452 849 629 900 tatem
661 843 863 898 Patris
892 843 1005 898 mei
1034 843 1219 913 quiin
1242 843 1403 898 catis
1429 848 1512 897 est
1536 842 1584 875 ‘0
1605 883 1618 895 .
1649 840 1935 912 Nunquid
1963 844 2019 895 et
2038 839 2101 894 in

449 932 545 988 his
580 947 846 1004 persona
870 930 1016 999 Filii,
1052 946 1175 986 non
1205 929 1548 1000 intelligitur
1575 948 1589 997 ;
1622 945 1809 1001 quare
1839 928 2099 985 excludi-

450 1026 564 1089 tur,
597 1036 734 1076 cum
775 1019 1012 1087 dicitur,
1063 1020 1326 1089 Spiritus
1360 1020 1651 1083 veritatis,
1697 1019 1869 1089 quia
1926 1020 2101 1073 Patre

442 1108 767 1178 procedit?
805 1108 1133 1178 praesertim
1176 1122 1315 1161 cum
1345 1106 1420 1161 de
1451 1122 1514 1161 se
1540 1105 1789 1161 Veritate
1819 1104 2100 1176 loquatur

452 1198 653 1265 Filius,
684 1201 864 1269 prout
888 1196 947 1252 in
974 1195 1456 1268 praecedentibus
1477 1195 1960 1251 demonstratum
1989 1198 2095 1249 est.

450 1285 619 1342 Nulla
650 1291 742 1341 est
766 1286 937 1354 ratio,
965 1286 1077 1341 nisi
1108 1286 1254 1356 quia
1283 1285 1368 1340 sic
1396 1284 1621 1356 placuit
1651 1285 1865 1340 Graecis
1892 1283 2102 1340 adver-

450 1375 570 1431 sari
620 1375 982 1431 volentibus.
1012 1377 1435 1430 Verumtamen
1481 1374 1732 1429 ﬁrmiter
1779 1373 2099 1439 credimus,

448 1470 506 1522 et
534 1465 824 1521 catholice
854 1469 1149 1534 tenemus,
1176 1463 1338 1535 quod
1367 1463 1695 1536 aliquando
1716 1463 1898 1519 solius
1914 1463 2101 1519 Patris

448 1570 673 1612 nomen
705 1555 949 1626 ponitur
976 1556 1036 1609 in
1062 1554 1383 1621 locutione,
1411 1560 1467 1608 et
1490 1553 1679 1625 ipsius
1734 1554 1853 1610 Filii
1878 1570 2103 1610 nomen

448 1643 829 1713 intelligitur:
859 1648 917 1698 et
943 1642 1274 1714 aliquando
1302 1658 1526 1698 nomen
1555 1642 1682 1697 Filii
1720 1642 1782 1697 in
1836 1642 1931 1698 his
1979 1659 2102 1699 non

449 1732 825 1802 intelligitur,
859 1732 950 1787 vel
997 1732 1247 1803 Spiritus
1300 1731 1511 1797 sancti,
1569 1736 1626 1787 et
1671 1731 1820 1803 ipsis
1872 1736 2104 1788 tantum

448 1822 733 1893 personis
760 1821 1056 1887 convenit,
1086 1825 1145 1876 et
1163 1835 1287 1876 non
1312 1820 1488 1876 Patri.
1517 1820 1629 1876 Sed
1661 1825 1803 1876 tunc
1832 1821 2106 1877 conside-

445 1926 580 1965 rare
611 1914 864 1981 oportet,
918 1910 964 1963 si
995 1909 1055 1964 id
1086 1909 1251 1981 quod
1281 1909 1356 1964 de
1409 1924 1530 1964 una
1579 1925 1840 1981 persona
1868 1909 2105 1977 dicitur,

444 1999 635 2071 possit
650 1999 970 2053 convenire
983 1998 1136 2061 aliis,
1157 1997 1405 2053 servatis
1422 1998 1891 2070 proprietatibus
1910 2000 2110 2054 unius-

446 2086 741 2157 cujusque
770 2100 1043 2157 persona:
1072 2086 1201 2141 sine
1231 2086 1609 2142 confusione.
1641 2086 1810 2142 Unde
1853 2088 2110 2143 dicimus

445 2175 606 2246 quod
641 2174 923 2246 quandam
954 2176 1321 2231 conveniunt
1345 2176 1455 2232 soli
1486 2176 1655 2241 Patri,
1686 2176 1972 2248 quaedam
1995 2176 2112 2233 soli

447 2262 615 2329 Filio,
643 2262 921 2335 quaedam
954 2262 1061 2318 soli
1082 2263 1309 2334 spiritui
1329 2268 1555 2320 sancto.
1572 2265 1856 2327 Quaedam
1876 2265 2031 2320 Patri
2054 2269 2112 2320 et

447 2351 610 2417 Filio,
659 2356 717 2408 et
774 2352 1016 2422 Spiritui
1048 2357 1283 2418 sancto,
1337 2358 1394 2409 et
1442 2353 1725 2425 quaedam
1778 2354 1963 2410 simul
2009 2354 2109 2409 tri-

445 2440 564 2496 bus
595 2441 892 2512 personis.
919 2441 1075 2497 Patri
1127 2446 1361 2497 tantum
1392 2442 1670 2498 convenit
1722 2443 1836 2498 hoc
1884 2458 2110 2498 nomen

443 2532 769 2601 ingenitus,
795 2532 1262 2599 inprincipiatus
1285 2537 1341 2586 et
1361 2534 1597 2601 genitor
1617 2551 1639 2596 ;
1662 2532 1825 2602 Filio,
1848 2535 2109 2603 genitus,

452 2625 509 2676 et
524 2620 928 2689 principiatus
960 2637 972 2685 ;
1000 2621 1241 2692 Spiritui
1276 2627 1486 2677 sancto
1508 2623 1832 2691 procedens
1868 2640 1880 2687 ;
1912 2628 1969 2678 et
1997 2623 2112 2677 hoc

451 2725 697 2779 nomen,
756 2710 1007 2781 Spiritus
1060 2716 1325 2777 sanctus,
1378 2712 1768 2783 appropriato
1813 2712 2113 2767 vocabulo

455 2799 611 2855 Patri
630 2804 686 2855 et
716 2800 858 2855 Filio
876 2805 968 2855 est
997 2816 1340 2866 commune,
1363 2806 1490 2857 tam
1510 2802 1844 2857 secundum
1877 2804 2112 2857 Graecos

459 2894 723 2951 sanctos,
752 2904 937 2960 quam
972 2890 1307 2945 secundum
1356 2891 1627 2958 Latinos;
1661 2893 1823 2957 dare,
1855 2893 2112 2959 mittere,

459 2982 517 3034 et
546 2979 779 3043 habere,
810 2982 867 3034 et
896 2980 1145 3050 spirare,
1184 2984 1395 3036 sancto
1428 2981 1666 3052 Spiritui
1707 2997 1852 3036 vero
1886 2986 1943 3036 et
1974 2980 2116 3036 Filio

2211 484 2478 547 sanctus,
2533 477 2643 532 sed
2684 476 2747 530 in
2775 474 2934 545 ipso,
2968 480 3025 529 et
3066 490 3138 529 ex
3167 474 3322 544 ipso,
3376 472 3553 545 quasi
3596 471 3869 544 operatio

2207 568 2486 638 quaedem
2506 563 2799 622 naturalis
2818 563 3046 619 ommia
3062 567 3278 636 potens
3299 561 3555 635 explere,
3580 576 3869 633 quaecun-

2208 674 2320 729 que
2352 664 2409 714 et
2438 656 2581 712 vult.
2622 679 2643 705 ι»

2280 758 2349 810 Et
2373 759 2511 827 post
2535 768 2751 826 pauca,
2784 751 2986 808 verbis
3014 750 3391 823 respondens
3419 751 3869 817 haereticorum,

2207 844 2556 911 dicentium,
2577 842 2861 914 Spiritum
2881 840 3301 912 imperfectum
3333 855 3483 906 esse,
3507 844 3568 895 et
3587 838 3745 894 nihil
3765 837 3874 892 ha-

2206 934 2447 989 bentem
2494 948 2565 987 ex
2613 948 2698 997 se,
2727 930 2836 986 sed
2865 946 2937 985 ex
2965 928 3419 1001 participatione
3454 929 3873 991 exsistentem,

2208 1027 2455 1095 propter
2479 1020 2615 1085 hoc,
2674 1018 2838 1091 quod
2884 1018 2959 1073 de
3010 1019 3144 1090 ipso
3173 1017 3317 1074 dicit
3364 1017 3700 1073 Dominus:
3735 1016 3877 1070 Non

2208 1113 2366 1168 enim
2398 1112 2676 1180 loquetur
2699 1125 2738 1164 a
2764 1111 3071 1176 semetipso
3101 1109 3146 1142 "
3174 1152 3187 1174 ,
3217 1112 3354 1168 etc.,
3409 1108 3497 1162 sic
3527 1107 3613 1161 ait
3641 1124 3654 1160 :
3692 1129 3715 1153 ι
3748 1108 3877 1161 Non

2210 1200 2370 1256 enim
2393 1197 2807 1270 imperfectum
2834 1197 3117 1267 Spiritum
3148 1195 3475 1251 ostendens
3493 1194 3613 1251 hoc
3639 1194 3723 1249 de
3747 1195 3879 1265 ipso

2210 1289 2294 1344 ait
2335 1287 2622 1349 Salvator,
2681 1286 2789 1340 sed
2838 1292 2901 1339 ut
2952 1285 3147 1353 magis
3193 1283 3475 1340 certiﬁcet
3532 1283 3874 1349 audientes,

2210 1377 2378 1449 quod
2412 1376 2681 1433 essentiae
2711 1376 3004 1430 exsistens
3051 1375 3204 1444 ejus,
3238 1388 3363 1429 non
3393 1373 3559 1428 aliud
3586 1371 3747 1444 quid
3793 1371 3875 1426 lo-

2211 1466 2433 1538 quitur,
2465 1481 2649 1537 quam
2681 1465 2847 1536 quod
2890 1464 3018 1535 ipse
3048 1462 3188 1527 vult,
3223 1467 3281 1518 et
3310 1477 3527 1517 sensus
3578 1463 3878 1517 exsistens

2213 1555 2342 1625 ejus
2389 1555 2563 1625 juxta
2603 1555 2669 1608 Β.
2720 1552 2961 1608 Paulum
2992 1552 3292 1607 dicentem
3338 1551 3415 1606 de
3464 1550 3731 1622 Spiritu:
3761 1551 3879 1605 Nos

2212 1658 2445 1699 sensum
2464 1643 2697 1698 Christi
2711 1641 2993 1697 habemus
3012 1642 3058 1675 ‘3
3075 1657 3087 1695 :
3111 1639 3207 1696 ille
3218 1655 3464 1712 prorsus
3476 1639 3882 1695 rationabitur

2144 1743 2182 1795 Β
2215 1736 2270 1788 et
2290 1730 2610 1797 ordinabit,
2634 1746 2770 1803 quae
2798 1735 2856 1786 et
2880 1730 3030 1802 ipse,
3058 1730 3231 1799 cujus
3257 1733 3347 1785 est
3369 1744 3605 1784 sensus.
3633 1730 3883 1799 Propter

2214 1822 2329 1877 hoc
2354 1820 2503 1876 nihil
2529 1837 2603 1875 ex
2633 1835 2694 1875 se
2725 1820 2858 1891 ipso
2892 1818 3177 1889 Spiritum
3206 1817 3552 1874 locuturum
3600 1816 3885 1872 afﬁrma-

2215 1910 2319 1977 vit,
2372 1910 2554 1981 quasi
2602 1909 2953 1976 dicatzEgo
3000 1923 3137 1962 sum
3187 1907 3401 1962 iterum
3454 1906 3560 1978 qui
3613 1907 3883 1976 loquor;

2217 2000 2377 2056 velut
2407 1999 2457 2053 si
2482 2003 2541 2054 et
2568 1998 2672 2070 qui
2696 1998 2759 2053 in
2783 1997 3031 2052 homine
3055 2001 3143 2053 est
3166 2012 3402 2064 sensus,
3430 1995 3594 2051 dicat
3623 1995 3703 2050 de
3741 2009 3883 2066 pro-

2218 2088 2466 2144 cedente
2488 2104 2559 2143 ex
2581 2104 2642 2142 se
2663 2087 2795 2158 ipso
2815 2086 3043 2141 ratione
3069 2103 3081 2139 :
3108 2088 3233 2141 Non
3256 2085 3535 2156 loquetur
3556 2100 3592 2139 a
3633 2100 3697 2138 se
3746 2084 3884 2154 ipso

2219 2177 2469 2249 aliquid,
2503 2176 2607 2231 sed
2638 2189 3019 2248 quaecunque
3051 2173 3253 2229 audiet
3278 2174 3567 2245 loquetur.
3604 2196 3633 2221 ν

2290 2267 2360 2322 Et
2392 2266 2591 2321 statim
2617 2269 2758 2336 post
2788 2263 2992 2335 aliqua
3034 2262 3222 2318 verba
3250 2261 3597 2334 interposita
3628 2261 3713 2316 ait
3744 2276 3885 2316 san-

2220 2362 2349 2413 ctus
2370 2354 2620 2425 Cyrillus
2644 2372 2657 2409 :
2692 2376 2711 2403 ι
2738 2353 2939 2409 Talem
2959 2351 3290 2424 quemdam
3312 2351 3681 2407 intellectum
3706 2366 3889 2421 opor-

2220 2451 2303 2502 tet
2327 2444 2595 2516 accipere
2625 2443 2701 2498 de
2732 2442 2953 2513 Spiritu
2984 2447 3212 2497 sancto.
3247 2444 3395 2497 Cum
3428 2440 3588 2495 enim
3631 2441 3893 2494 exsistat

2223 2534 2473 2607 Spiritus
2500 2536 2745 2588 sanctus
2773 2530 3003 2593 Christi,
3038 2531 3246 2585 omnia
3271 2545 3408 2601 quae
3436 2529 3565 2600 ipse
3614 2528 3891 2599 loquitur

2220 2621 2554 2695 discipulis,
2570 2636 2690 2676 non
2707 2618 3332 2691 inseparataquadam
3345 2617 3651 2673 voluntate
3669 2617 3753 2673 ab
3791 2633 3888 2684 eo,

2220 2713 2282 2768 in
2304 2728 2426 2785 quo
2448 2716 2554 2779 est,
2574 2710 2839 2781 loquitur
2864 2728 2877 2764 :
2904 2708 3011 2763 sed
3034 2714 3326 2779 tanquam
3347 2724 3419 2762 ex
3442 2706 3708 2762 essentia
3726 2705 3890 2761 illius

2221 2800 2569 2857 naturaliter
2616 2798 2968 2870 procedens,
2997 2803 3053 2852 et
3085 2802 3270 2852 totam
3326 2797 3700 2851 voluntatem
3754 2796 3891 2864 ejus

2221 2889 2480 2957 habens,
2516 2889 2669 2943 sicut
2698 2892 2755 2942 et
2782 2886 3215 2958 operationem.
3252 2907 3273 2932 ι
3310 2883 3483 2950 Quod
3533 2888 3742 2938 autem
3792 2883 3889 2938 hic

2224 2978 2642 3035 transtulimus
2688 2976 3032 3046 procedens,
3084 2974 3147 3029 in
3192 2976 3395 3030 Graeco
3441 2971 3659 3028 dicitur
3696 2976 3883 3045 προῑὸν

455 3082 780 3123 commune
830 3072 938 3129 est,
968 3068 1132 3139 quod
1160 3068 1344 3124 ambo
1376 3070 1667 3125 exsistunt
1695 3070 2053 3125 aeternaliter
2082 3086 2119 3125 a
2149 3093 2189 3150 ρ
2228 3074 2286 3124 et
2303 3084 2376 3122 ex
2400 3066 2573 3122 dictis
2604 3070 2972 3127 sanctorum,
3006 3068 3062 3119 et
3083 3063 3141 3118 vi
3163 3062 3573 3132 grammaticae
3597 3060 3894 3133 aequipol-

456 3159 627 3212 Patre
656 3173 669 3211 :
696 3155 797 3210 hic
822 3171 931 3228 per
951 3157 1417 3227 processionem,
1448 3158 1542 3213 ille
1575 3164 1775 3215 autem
1802 3174 1909 3230 per
1945 3173 2121 3227 gene-

459 3245 780 3301 rationem.
803 3246 1017 3301 Omnia
1034 3261 1177 3301 vero
1199 3246 1320 3302 alia
1336 3248 1735 3303 communiter
1756 3248 2122 3303 conveniunt

462 3334 652 3389 tribus
695 3334 991 3405 personis.
1026 3337 1108 3390 Ea
1150 3350 1313 3403 ergo,
1346 3352 1482 3407 quae
1512 3351 1635 3391 non
1675 3337 1953 3392 auferunt
1978 3351 2122 3406 pro-

464 3423 800 3496 prietatem,
832 3439 943 3479 nec
970 3424 1351 3479 confundunt
1376 3425 1840 3489 distinctionem,
1871 3441 1995 3481 non
2034 3431 2123 3481 est

466 3527 732 3577 necesse,
786 3512 833 3566 si
882 3512 1161 3567 dicantur
1192 3512 1267 3567 de
1317 3529 1439 3568 una
1488 3519 1741 3579 tantum,
1793 3516 1957 3586 quod
2005 3515 2124 3570 alia

469 3604 716 3671 propter
745 3599 861 3654 hoc
893 3599 1265 3655 excludatur.
1298 3602 1446 3665 Quia
1476 3602 1537 3656 in
1576 3603 1797 3657 talibus
1840 3603 1973 3658 licet
2000 3618 2123 3659 non

472 3687 834 3753 nominetur,
866 3692 1069 3743 tamen
1103 3704 1342 3759 semper
1364 3690 1838 3761 subintelligitur,
1863 3692 1979 3747 etsi
2002 3707 2123 3748 non

476 3776 873 3847 speciﬁcetur,
906 3782 971 3832 ut
999 3776 1060 3831 in
1086 3778 1418 3850 praemissis
1439 3784 1527 3835 est
1554 3786 1886 3835 ostensum.

479 3866 647 3934 Quod
679 3866 937 3936 Spiritus
966 3874 1210 3922 sanctus
1229 3869 1498 3936 procedit
1534 3886 1573 3926 a
1602 3871 1780 3939 Filio,
1802 3872 2126 3928 secundum

903 3941 1223 4009 apostolos,
1252 3947 1304 3995 et
1342 3942 1600 3999 Graecos.

554 4137 807 4192 Ostenso
834 4134 1013 4205 igitur
1036 4134 1203 4207 quod
1239 4136 1489 4208 Spiritus
1514 4137 1786 4208 procedit
1809 4154 1846 4193 a
1874 4138 2021 4193 Filio
2043 4154 2133 4194 se-

484 4224 752 4280 cundum
780 4224 1191 4293 Evangelium,
1215 4226 1549 4281 secundum
1568 4227 1735 4298 quod
1765 4227 1917 4282 sacri
1932 4227 2133 4283 docto-

485 4329 577 4367 res
606 4311 785 4367 nobis
815 4319 1257 4383 exposuerunt:
1286 4319 1486 4385 restat,
1530 4320 1588 4370 et
1641 4332 1887 4370 necesse
1918 4324 2024 4379 est.
2073 4323 2139 4372 ut

2226 3157 2356 3213 lens
2406 3155 2778 3225 dignoscitur
2820 3162 2893 3205 τῶ
2924 3159 3315 3223 εκπορευόμινον
3345 3150 3681 3222 participio.
3706 3150 3894 3219 Cujus

2227 3244 2527 3318 participii
2554 3243 2805 3298 verbum
2830 3242 3045 3312 legitur
3073 3243 3135 3296 in
3166 3239 3508 3310 Evangelio,
3538 3238 3644 3295 ubi
3689 3255 3757 3294 es
3784 3242 3887 3294 Pa-

2230 3341 2313 3390 tre
2343 3334 2485 3388 dicit
2516 3331 2798 3405 Spiritum
2825 3330 3168 3403 procedere.

2303 3432 2463 3487 ldem
2497 3434 2739 3485 sanctus
2763 3444 3072 3500 exponens
3107 3427 3288 3484 aliam
3318 3427 3700 3483 autoritatem
3727 3424 3890 3481 beati

2230 3520 2413 3588 Pauli,
2437 3519 2593 3574 idem
2618 3518 2829 3590 repetit
2848 3518 3054 3571 dicens
3077 3533 3089 3570 :
3117 3540 3137 3566 α
3166 3516 3379 3571 Scribit
3400 3515 3619 3570 Paulus
3635 3514 3893 3587 quibus-

2230 3611 2373 3665 dam
2390 3608 2595 3663 dicens
2618 3606 2812 3661 taliter
2834 3624 2847 3660 :
2873 3607 3129 3673 Noti/ﬁco
3146 3612 3341 3660 autem
3359 3605 3518 3660 vobis
3534 3605 3697 3674 quod
3716 3617 3891 3658 nemo

2235 3701 2478 3768 loquens
2493 3699 2554 3751 in
2574 3696 2812 3765 Spiritu
2823 3696 2926 3750 Dei
2960 3695 3105 3750 dicit
3128 3694 3449 3749 anathema
3461 3695 3632 3749 Jesu:
3649 3700 3703 3747 et
3718 3708 3894 3748 nemo

2228 3793 2419 3857 potest
2434 3787 2647 3841 dicere:
2665 3786 2950 3840 Dominus
2960 3785 3129 3838 Jesus
3144 3784 3263 3838 nisi
3275 3785 3337 3838 in
3347 3784 3583 3851 Spiritu
3596 3790 3808 3837 sancto
3826 3784 3893 3833 “.

2237 3875 2610 3933 Manifestum
2643 3879 2732 3929 est
2765 3888 2927 3941 ergo,
2979 3872 3145 3943 quod
3197 3872 3301 3943 qui
3345 3871 3663 3943 participat
3717 3872 3898 3940 Spiri-

2238 3970 2366 4021 tum
2416 3968 2716 4027 sanctum,
2766 3963 2934 4017 novit
2961 3976 3090 4016 esse
3142 3961 3464 4016 Dominum
3516 3958 3901 4031 Jesumzqui

2239 4059 2442 4110 autem
2466 4066 2588 4107 non
2614 4051 2949 4123 participat,
2976 4050 3231 4119 ignorat.
3257 4049 3516 4114 Qualiter
3533 4049 3643 4121 qui
3661 4050 3900 4120 partici-

2240 4147 2347 4214 pat
2368 4141 2673 4212 Spiritum,
2698 4140 2863 4195 novit
2883 4155 3011 4194 esse
3028 4139 3346 4194 Dominum
3364 4139 3573 4192 Jesum
3590 4155 3603 4192 :
3623 4137 3776 4193 sicut
3795 4139 3905 4210 qui

2241 4231 2318 4285 de
2343 4228 2516 4284 melle
2562 4228 2911 4298 gustaverit,
2953 4227 3064 4281 scit
3090 4227 3259 4298 quod
3283 4225 3457 4281 dulce
3502 4232 3595 4281 est
3624 4226 3745 4281 mel
3771 4246 3783 4281 :
3820 4227 3905 4282 sic

2245 4325 2302 4374 et
2322 4317 2571 4389 Spiritus
2596 4316 2935 4388 participes.
2962 4319 3113 4383 Ergo
3133 4331 3205 4370 ex
3228 4318 3485 4370 essentia
3509 4314 3629 4369 Filii
3652 4315 3905 4385 Spiritus

488 4402 549 4455 in
581 4400 855 4471 pluribus
887 4401 1221 4456 mendaciis
1278 4402 1604 4459 adversarii
1634 4405 1897 4459 veritatis
1928 4406 2136 4477 depre-
2169 4438 2215 4492 Β
2247 4412 2491 4463 sanctus
2511 4406 2771 4478 qualitas
2793 4405 3181 4477 quasdammt
3201 4404 3283 4459 ita
3301 4403 3594 4466 dicamus,
3621 4403 3901 4459 Domina-

490 4488 684 4551 hensi,
737 4503 945 4543 eorum
976 4489 1405 4545 assertionibus
1435 4491 1601 4546 nulla
1628 4491 1702 4546 de
1733 4499 1945 4549 caetero
1992 4494 2140 4550 ﬁdes
2169 4488 2201 4492 ⁷
2249 4497 2425 4552 tionis
2453 4495 2651 4550 omnis
2686 4494 2802 4549 Dei.
2839 4516 2865 4542 »

492 4576 871 4633 adhibeatur.

566 4664 817 4738 Cyrillus
860 4665 943 4721 ita
985 4680 1299 4737 exponens
1339 4666 1498 4722 istud
1550 4667 1827 4729 verbum,
1876 4671 2042 4742 quod
2082 4673 2142 4727 in

494 4756 743 4812 Actibus
772 4754 1190 4828 apostolorum
1221 4756 1485 4826 positum
1516 4760 1605 4811 est
1631 4773 1643 4810 :
1666 4757 2145 4817 Ministrantibus

494 4852 692 4903 autem
721 4846 992 4916 Domino,
1015 4852 1068 4900 et
1080 4845 1521 4915 jejunantibus,
1545 4846 1703 4901 dixit
1724 4846 1985 4915 Spiritus
2014 4866 2147 4905 san-

496 4940 624 4989 ctus
643 4950 665 4989 :
682 4934 991 5003 Segretate
1011 4936 1161 4989 mihi
1186 4934 1521 4991 Bernabam
1544 4941 1599 4990 et
1619 4937 1873 4991 Saulum
1896 4939 1932 4971 ³¹
1947 4937 2048 4995 .ita
2065 4938 2149 4993 di-

498 5021 606 5077 cit:
636 5044 664 5071 «
699 5023 755 5078 Si
780 5023 958 5092 igitur
980 5028 1233 5078 vocante
1258 5022 1424 5093 ipsos
1458 5023 1515 5077 in
1539 5024 1877 5095 apostolatu
1912 5027 2148 5097 Spiritu,

497 5126 534 5166 a
557 5113 699 5165 Jcsu
749 5116 990 5167 vocatos
1022 5126 1125 5166 eos
1162 5111 1391 5177 dicunt,
1451 5112 1787 5168 ostenditur
1817 5118 2150 5177 manifeste.

569 5291 615 5325 ⁸⁸
640 5291 789 5363 toan
817 5305 913 5355 xv,
940 5292 1030 5346 26.
1060 5290 1156 5363 η⁸³
1182 5290 1379 5363 Matth.
1408 5307 1491 5356 vr,
1525 5295 1609 5347 14.
1688 5294 1735 5326 ⁸ο
1767 5293 1962 5349 Matth.
1996 5310 2097 5363 xu,
2128 5300 2214 5351 50.

500 5363 546 5396 “
578 5364 597 5415 l
629 5361 758 5415 Cor.
794 5377 887 5429 xu,
923 5365 974 5417 3.
1054 5361 1100 5395 ‘3
1132 5362 1324 5417 Matth.
1362 5379 1561 5417 xxvui.

2324 4583 2572 4655 Cyrillus
2590 4583 2652 4637 in
2675 4598 2853 4637 serm.
2871 4586 2925 4650 2,
2951 4582 3027 4637 ad
3051 4580 3350 4636 Hermiam
3370 4582 3472 4651 (3).
3510 4596 3732 4652 parum
3768 4586 3905 4636 ante

2252 4673 2519 4730 medium
2549 4687 2731 4743 super
2753 4671 2837 4739 id,
2868 4672 3022 4726 Ecce
3040 4685 3136 4741 ego
3169 4670 3461 4725 vobiscum
3488 4685 3617 4724 sum
3647 4672 3739 4736 δι’,
3768 4677 3905 4739 etc.,

2256 4762 2446 4817 dicit:
2494 4783 2513 4810 ι
2572 4760 2721 4815 Misit
2792 4759 2968 4814 nobis
3028 4758 3202 4813 Filius
3271 4759 3345 4813 de
3421 4758 3571 4813 caelo
3639 4758 3908 4815 Paracle-

2257 4858 2402 4922 tum,
2463 4867 2569 4922 per
2643 4867 2825 4923 quem
2884 4849 3045 4905 etin
3093 4865 3275 4921 quem
3334 4849 3676 4917 nobiscum,
3739 4856 3797 4904 et
3850 4850 3910 4905 in

2258 4940 2434 4997 nobis
2452 4946 2719 4994 moratur
2745 4959 2757 4994 :
2785 4954 2903 4994 non
2929 4939 3190 4993 alienum
3211 4938 3332 4993 sive
3356 4947 3708 4993 extraneum
3734 4939 3910 4994 nobis

2261 5029 2598 5095 effundens,
2622 5029 2726 5083 sed
2752 5029 3023 5083 essentia:
3043 5042 3184 5091 suae,
3204 5033 3261 5082 et
3281 5027 3472 5082 Patris
3491 5042 3769 5097 personae
3791 5030 3909 5099 Spi-

2259 5121 2459 5175 ritum.
2490 5141 2516 5167 ›)

2312 5297 2355 5331 ⁸³
2387 5301 2512 5353 Act.
2544 5312 2659 5363 xm,
2694 5301 2726 5351 2

2827 5297 2873 5332 δ’
2902 5298 3074 5351 Joan.
3101 5311 3216 5366 xxv,
3247 5296 3333 5351 10.
3428 5296 3475 5329 ⁸³
3508 5297 3525 5349 1
3559 5297 3691 5351 Cor.
3728 5311 3790 5362 ιι,
3832 5300 3910 5352 16.

538 5486 645 5571 ,(3)
686 5484 942 5571 mill-HV"
972 5484 1045 5543 de
1080 5487 1130 5541 Τ
1128 5487 1295 5548 "mito
1337 5488 1397 5547 in
1427 5503 1550 5571 quo
1579 5488 1871 5560 Pl‘ObB-lm‘
1899 5490 2227 5555 diVinitatis
2261 5491 2511 5564 Spiritus
2543 5492 2754 5560 sancti,
2787 5492 2939 5547 sicut
2965 5490 3031 5547 in
3058 5506 3161 5547 sex
3190 5490 3496 5562 prioribus
3534 5489 3796 5561 dialogis
3826 5490 3909 5547 di—

497 5557 713 5615 vinitas
745 5557 887 5617 Filii.
