4106 6222
185 233 330 293 ῦοί

1519 269 1530 277 ι
1611 251 1616 254 ·
1639 231 1920 292 CONTRA
1954 231 2276 292 GRECOS.

3571 209 3683 296 i562

281 360 464 420 Item
484 360 840 420 Anastasius
858 359 1264 418 Antiochenus
1299 359 1646 432 patriarcha
1663 359 1726 416 in
1744 374 1904 434 pras-
1937 362 1988 418 Δ
2019 359 2219 418 Sancti
2243 358 2442 417 hocin
2463 358 2752 432 Symbolo
2781 373 2907 416 non
2953 361 3311 429 posuerunt,
3367 358 3520 432 quia
3561 358 3680 416 mi-

181 444 358 504 fato
391 463 672 506 sermone
701 447 778 506 de
805 451 967 504 recta
992 446 1240 506 veritate
1267 447 1626 520 dogmatum
1656 447 1741 506 sic
1769 447 1851 506 ait
1881 465 1896 504 :

187 559 226 586 κ
267 537 380 594 De
410 553 568 594 sana
595 541 801 594 nostra
828 535 972 606 ﬁde,
992 537 1050 592 et
1074 535 1252 592 rectis
1273 535 1550 594 Ecclesiae
1575 537 1904 594 documen-

187 624 284 680 tis
317 625 610 696 diligenti
631 629 689 682 et
721 625 928 682 subtili
955 625 1188 682 ratione
1215 625 1484 697 corporis
1527 630 1587 684 et
1629 626 1899 699 proprie-

187 714 376 772 tatis
427 713 814 783 assumentis,
846 717 1138 786 tanquam
1179 712 1528 785 exemplum
1581 714 1905 772 distinctio-

187 816 386 860 num
414 802 764 860 divinarum
795 817 1212 875 personarum,
1235 801 1553 860 statuimus
1580 817 1688 874 per
1712 818 1902 860 mem-

185 891 488 947 brorum
509 887 965 964 proportionem
987 895 1043 948 et
1061 891 1492 963 proprietatem
1519 905 1896 964 comparare.

189 980 467 1036 Etenim
495 980 750 1053 Spiritus
775 979 900 1036 oris
924 983 1075 1050 ejus,
1109 979 1332 1036 scilicet
1361 979 1482 1050 Dei,
1516 979 1732 1036 dicitur
1779 979 1903 1053 Spi-

185 1071 379 1125 ritus
411 1073 684 1138 sanctus,
714 1084 820 1126 ore
839 1069 1160 1125 exsistente
1182 1068 1514 1139 Unigenito.
1555 1071 1621 1126 Et
1649 1069 1902 1143 Spiritus

189 1157 452 1214 iterum
480 1172 556 1212 ex
584 1157 718 1228 ipso
749 1156 1108 1228 procedens,
1139 1161 1196 1212 et
1219 1157 1442 1212 missus
1478 1172 1604 1214 non
1641 1157 1841 1216 solum
1860 1173 1898 1216 a

195 1247 429 1310 Patre,
452 1245 562 1301 sed
583 1245 770 1302 etiam
799 1261 836 1302 a
859 1245 1023 1302 Filio.
1062 1265 1090 1295 ››
1403 1308 1407 1312 ν

289 1335 680 1407 Epiphanius
710 1336 889 1408 Cypri
916 1336 980 1391 in
1021 1338 1360 1392 memorato
1403 1335 1560 1394 libro
1596 1341 1898 1394 Anc-orato

199 1421 298 1480 de
351 1423 752 1497 processione
795 1423 1046 1496 Spiritus
1093 1439 1132 1480 a
1182 1423 1324 1480 Filio
1376 1423 1520 1480 talia
1583 1429 1836 1480 testatur
1885 1442 1897 1479 :

206 1535 242 1562 «ι
306 1513 570 1585 Spiritus
646 1513 810 1570 enim
861 1516 1016 1570 Deus
1074 1519 1182 1580 est,
1249 1518 1308 1570 et
1372 1514 1623 1585 Spiritus
1692 1514 1898 1585 Patris,

205 1607 278 1659 et
310 1602 574 1675 Spiritus
597 1603 830 1671 Christi,
877 1618 1003 1660 non
1029 1602 1368 1660 secundum
1419 1602 1691 1678 aliquam
1741 1620 1903 1662 com-

2016 450 2182 507 nime
2200 449 2648 508 dubitaverunt.
2667 451 2799 506 Non
2811 449 2973 506 enim
2985 449 3420 523 proponebant
3437 447 3500 504 in
3526 447 3676 520 Sym

2014 538 2179 605 bolo,
2209 538 2306 596 vel
2329 537 2704 596 deﬁniebant
2729 538 2794 594 in
2814 539 3086 612 synodis,
3129 539 3248 596 nisi
3307 554 3380 595 ea
3431 553 3570 612 quae
3616 536 3681 593 in
3785 529 3790 534 ’

2013 627 2415 700 qumstionem
2463 626 2544 684 ab
2587 626 2882 684 haereticis
2931 628 3339 694 vertebantur,
3395 630 3455 684 et
3498 639 3679 682 mun-

2015 714 2165 772 dum
2193 715 2288 772 vel
2315 714 2722 772 universalem
2741 715 3069 774 Ecclesiam
3098 717 3161 773 in
3187 731 3456 773 errorem
3498 714 3682 771 duce-

2014 803 2181 862 bant.
2218 804 2384 862 Unde
2406 820 2520 861 nec
2567 804 2922 877 Symbolum
2977 810 3120 862 tunc
3156 803 3444 878 temporis
3498 817 3681 876 expo-

2015 892 2304 963 suissent,
2332 891 2449 949 nisi
2473 907 2578 949 eos
2616 892 2696 950 ad
2744 893 2878 949 haec
2928 893 3348 952 hmreticorum
3409 891 3680 965 pravitas

2015 982 2421 1055 compulisset.
2480 981 2647 1039 Unde
2692 981 2755 1038 in
2779 982 2978 1054 prima
3005 987 3064 1040 et
3090 986 3300 1040 sancta
3349 977 3680 1039 universali

2015 1074 2274 1148 synodo,
2295 1090 2432 1148 quas
2455 1073 2570 1130 sub
2593 1074 2974 1130 sanctissimo
2998 1089 3164 1147 papa
3184 1073 3506 1147 Sylvestro,
3527 1075 3680 1127 tem-

2014 1181 2162 1238 pore
2190 1163 2565 1222 Constantini
2592 1162 2906 1235 principis,
2955 1179 2994 1220 a
3019 1163 3300 1221 trecentis
3337 1160 3677 1219 octodecim

2015 1253 2293 1312 Patribus
2323 1253 2546 1309 sanctis
2590 1252 2654 1307 in
2709 1251 3020 1324 provincia
3074 1251 3384 1324 Bithyniae,
3439 1249 3676 1307 civitate

2015 1343 2233 1402 Nicaea.
2264 1345 2475 1399 contra
2503 1341 2937 1414 impiissimum
2968 1341 3196 1412 dogma
3219 1340 3360 1412 Arii,
3408 1338 3666 1414 dicentis

2015 1431 2227 1488 Filium
2256 1431 2360 1486 Dei
2391 1412 2620 1487 factum
2661 1435 2722 1488 et
2759 1434 3048 1502 creatum,
3103 1435 3194 1487 est
3243 1429 3566 1498 celebrata,
3585 1412 3674 1485 nil

2013 1522 2182 1579 aliud
2213 1520 2575 1578 deﬁnierunt
2603 1521 2680 1577 de
2711 1520 2932 1594 Spiritu
2961 1523 3189 1584 sancto,
3219 1519 3336 1575 nisi
3389 1518 3556 1592 quod
3609 1517 3674 1574 in

2013 1612 2152 1683 ipso
2177 1609 2339 1668 credi
2368 1608 2606 1678 debeat,
2643 1613 2702 1668 et
2729 1609 2900 1686 quod
2930 1609 3006 1669 sit
3050 1607 3366 1675 Dominus,
3418 1610 3476 1666 et
3513 1605 3674 1666 viviv

205 1692 620 1764 positionem,
671 1691 1196 1765 quemadmodum
1249 1693 1313 1748 in
1341 1691 1517 1748 nobis
1567 1707 1793 1765 corpus
1842 1697 1903 1749 et
1942 1705 1986 1760 Β
2015 1699 2228 1756 ﬁcans.

213 1784 480 1838 anima:
517 1781 626 1837 sed
653 1780 940 1840 inmedio
969 1781 1160 1838 Patris
1189 1786 1248 1838 et
1294 1781 1436 1849 Filii,
1495 1797 1570 1838 ex
1621 1784 1792 1840 Patre
1847 1786 1906 1838 et

219 1870 398 1927 Filio.
433 1895 464 1919 η

2088 1793 2151 1845 In
2183 1790 2453 1847 secunda
2480 1805 2626 1848 vero
2653 1791 2913 1863 synodo,
2943 1803 3080 1864 quae
3107 1790 3224 1846 sub
3274 1790 3458 1847 beato
3507 1803 3674 1861 papa

2017 1881 2298 1949 Damaso,
2331 1884 2601 1953 tempore
2628 1881 2948 1938 Theodosii
2978 1879 3285 1953 principis,
3337 1895 3378 1938 a
3422 1883 3670 1935 centum

301 1959 474 2016 Idem
522 1963 772 2018 sanctus
829 1959 894 2016 in
941 1959 1096 2018 libro
1146 1961 1234 2016 De
1275 1975 1396 2015 una
1447 1961 1680 2017 Deitate
1707 1977 1720 2015 ε
1750 1983 1780 2012 ι(
1813 1961 1906 2023 Ait
2017 1969 2460 2041 quinquaginta
2478 1969 2836 2026 Patribusin
2850 1967 3672 2040 urbeConstantinopolitana

223 2063 376 2118 ergo
427 2051 640 2106 Petrus
691 2048 807 2117 his,
852 2049 960 2121 qui
1003 2048 1164 2106 circa
1213 2048 1511 2104 Ananiam
1558 2053 1767 2106 erant:
1819 2051 1899 2106 Ut

230 2136 382 2206 quid
415 2142 607 2194 tentat
631 2153 736 2193 vos
786 2139 1035 2195 Satanas
1064 2137 1304 2194 mentiri
1335 2137 1574 2208 Spiritui
1627 2142 1836 2196 sancto
1860 2140 1888 2196 ?

239 2226 369 2280 Non
396 2225 535 2280 estis
567 2225 799 2281 mentiti
842 2226 1210 2294 hominibus,
1265 2226 1374 2282 sed
1431 2229 1574 2284 Deo.
1607 2249 1630 2276 ι
1690 2228 1891 2298 Ergo:

253 2334 282 2360 ιι
313 2312 462 2369 Deus
488 2330 557 2370 ex
582 2317 751 2372 Patre
779 2320 837 2372 et
867 2314 1009 2371 Filio
1038 2316 1308 2388 Spiritus,
1349 2316 1448 2372 cui
1486 2317 1716 2374 mentiti
1737 2321 1897 2382 sunt,

255 2401 358 2474 qui
393 2402 466 2458 de
495 2404 675 2475 pretio
706 2403 1157 2462 fraudaverunt.
1188 2427 1210 2454 ι

318 2494 460 2546 Item
495 2493 555 2547 in
580 2493 799 2549 eodem
854 2509 1073 2566 opere:
1103 2515 1132 2542 α
1179 2493 1308 2552 Vita
1361 2497 1487 2550 tota
1533 2493 1712 2563 Deus,
1759 2508 1901 2563 ergo

241 2580 357 2635 vita
385 2595 462 2636 ex
487 2580 604 2638 vita
643 2581 818 2636 Filius
856 2582 1027 2652 :Ego
1083 2583 1260 2649 enim,
1318 2581 1535 2655 inquit,
1593 2598 1725 2638 sum
1775 2584 1893 2653 via,

231 2670 458 2725 veritas
485 2678 539 2727 et
576 2672 724 2728 vita.
759 2671 1008 2743 Spiritus
1038 2670 1202 2727 enim
1230 2676 1475 2728 sanctus
1498 2671 1578 2728 ab
1597 2671 1899 2730 ambobus

227 2758 488 2830 Spiritus
519 2764 576 2815 et
605 2759 745 2816 vita.
772 2763 921 2816 Nam
946 2759 1198 2831 Spiritus
1228 2759 1384 2815 Deus
1407 2765 1514 2817 est.
1551 2779 1577 2807 ι

296 2850 369 2902 Et
395 2848 638 2903 iterum.
673 2870 699 2898 α
727 2848 1033 2922 Numquid
1056 2849 1314 2904 dicimus
1334 2849 1490 2906 duos
1510 2865 1642 2906 esse
1662 2849 1838 2906 Filios
1867 2851 1896 2906 ?

225 2939 292 2991 Et
317 2935 640 3009 quomodo
674 2937 1022 3007 Unigenitus
1042 2937 1070 2992 ?
1107 2937 1255 3005 lmo,
1287 2943 1352 2993 tu
1380 2939 1518 3010 quis
1550 2956 1634 3006 es,
1683 2939 1788 3011 qui
1811 2955 1899 2997 re-

2018 2063 2228 2114 contra
2252 2058 2688 2129 Macedoniam,
2715 2058 2978 2132 praefatae
2997 2057 3166 2114 urbis
3186 2057 3563 2130 episcopum,
3585 2055 3672 2112 di-

2014 2152 2247 2204 centem
2277 2147 2560 2220 Spiritum
2589 2152 2871 2205 sanctum
2899 2148 3195 2205 minorem
3223 2150 3392 2204 Patre
3417 2149 3475 2203 et
3500 2145 3667 2216 Filio,

2013 2236 2108 2292 vel
2137 2242 2294 2293 certe
2323 2237 2666 2294 ministrum
2696 2236 3017 2308 Trinitatis,
3049 2236 3350 2294 celebrata
3403 2239 3513 2306 est,
3569 2234 3670 2291 de-

2013 2325 2297 2382 ﬁnierunt
2338 2325 2607 2399 praedicti
2650 2329 2871 2393 Patres,
2928 2326 3211 2399 Spiritum
3265 2341 3391 2382 non
3438 2325 3668 2382 factum

2012 2430 2126 2470 nec
2150 2419 2437 2478 creatum,
2461 2414 2572 2472 sed
2593 2415 2798 2488 potius
2825 2420 3178 2484 creatorem,
3210 2414 3288 2472 ab
3327 2415 3460 2487 ipso
3504 2413 3668 2470 fonte

2013 2504 2076 2559 in
2123 2503 2457 2573 Divinitate,
2505 2504 2700 2576 Patre,
2735 2508 3030 2577 tanquam
3081 2519 3119 2561 a
3169 2504 3462 2577 primaria
3513 2516 3669 2559 vena

2011 2593 2459 2665 procedentem.
2489 2596 2556 2648 Et
2575 2593 2692 2650 hoc
2720 2593 2784 2650 in
2808 2593 3077 2650 secundo
3132 2592 3442 2666 Symbolo,
3499 2589 3667 2664 quod

2011 2679 2742 2754 Constantinopolitanum
2772 2681 3010 2748 dicitur,
3050 2681 3396 2754 diligentius
3424 2683 3666 2736 notave-

2008 2777 2168 2828 runt.
2192 2773 2342 2838 Quia
2369 2788 2513 2830 vero
2550 2788 2674 2830 non
2719 2772 2831 2830 fuit
2881 2773 3157 2852 qurpstio,
3206 2772 3332 2828 sive
3384 2770 3662 2828 dubium:

2012 2863 2217 2918 Utrum
2245 2861 2496 2934 Spiritus
2524 2878 2562 2918 a
2589 2862 2732 2919 Filio
2765 2862 3139 2936 procederet,
3178 2860 3276 2916 vel
3309 2874 3434 2916 non
3461 2859 3490 2914 τ
3528 2873 3665 2915 san-

2007 2950 2085 3006 cti
2105 2950 2332 3017 Patres,
2365 2951 2519 3006 sicut
2542 2957 2599 3007 et
2626 2950 2817 3007 multa
2845 2950 2964 3008 alia
2995 2965 3134 3023 quin
3162 2946 3557 3021 postmodum
3598 2946 3664 3003 in

213 3025 538 3097 spondeas
565 3029 684 3083 Deo
702 3026 730 3081 ‘?
754 3026 810 3082 Si
841 3026 1048 3084 Filium
1068 3027 1316 3099 quidem
1337 3032 1529 3093 vocat.
1545 3027 1730 3097 idest,
1751 3044 1888 3100 pro-
1922 3053 1963 3110 (ι
1999 3037 2132 3095 aliis
2160 3038 2429 3094 conciliis
2456 3039 2746 3096 catholico
2776 3039 3023 3096 deﬁnita
3044 3041 3204 3106 sunt,
3250 3035 3367 3092 sub
3425 3033 3662 3092 silentio

211 3114 382 3170 cedit
401 3131 478 3170 ex
498 3131 582 3182 se,
613 3116 896 3187 Spiritum
918 3131 1060 3172 vero
1083 3122 1359 3172 sanctum
1384 3132 1457 3172 ex
1484 3116 1788 3173 ambobus
1807 3118 1835 3172 ‘2
1861 3137 1888 3166 ››

294 3204 452 3268 Quid
485 3218 630 3274 ergo
651 3203 922 3260 dicemus
953 3205 980 3260 ?
1023 3204 1234 3262 Adhuc
1277 3220 1527 3275 egemus
1585 3207 1834 3262 testibus
1860 3207 1889 3262 ‘I

219 3291 587 3346 Audivimus
644 3294 983 3348 Graecorum
1021 3293 1443 3365 blasphemias
1497 3294 1830 3350 dicentium
1867 3311 1880 3350 :

223 3381 486 3452 Spiritus
518 3387 761 3437 sanctus
801 3397 924 3437 non
955 3381 1225 3453 procedit
1258 3398 1294 3437 a
1319 3380 1484 3448 Filio,
1513 3383 1658 3454 quia
1700 3382 1888 3455 perfe-

223 3475 316 3525 cte
348 3469 620 3541 procedit
650 3485 687 3525 a
717 3473 886 3525 Patre
920 3488 932 3524 :
987 3471 1164 3543 quasi
1213 3471 1394 3526 etiam
1442 3486 1567 3526 non
1629 3471 1889 3543 perfecte

227 3558 502 3614 mittatur
527 3565 585 3614 et
611 3559 784 3614 detur
813 3575 848 3614 a
879 3559 1020 3614 Filio
1042 3559 1070 3614 ?

295 3649 465 3714 Item,
496 3651 624 3703 Non
655 3649 942 3720 procedit,
969 3649 1269 3721 inquiunt,
1295 3666 1332 3706 a
1366 3649 1531 3719 Filio,
1577 3650 1723 3723 quia
1765 3650 1889 3707 duo

216 3743 421 3792 essent
450 3752 668 3801 causae,
702 3743 759 3792 et
780 3737 901 3792 duo
925 3737 1245 3809 principia.
1269 3741 1421 3804 Ergo
1448 3756 1587 3794 cum
1629 3741 1885 3812 Scriptu-

218 3841 300 3880 ra:
333 3842 519 3881 sacra:
551 3834 607 3881 et
639 3827 1024 3895 Evangelium
1088 3827 1301 3882 Filium
1357 3828 1723 3900 principium
1782 3830 1889 3885 sci-

215 3913 358 3969 licet
384 3915 462 3968 de
483 3914 777 3986 principio
807 3915 1140 3983 nominent,
1175 3921 1236 3970 ut
1263 3915 1448 3971 illud:
1501 3918 1628 3986 Ego
1659 3919 1885 3986 princi-

214 4019 408 4072 pium,
441 4006 546 4074 qui
573 4010 627 4059 et
664 4005 874 4075 loquor
899 4004 1060 4060 vobis
1082 4006 1148 4057 ³⁵.
1189 4010 1249 4058 Et
1304 4004 1618 4061 Psalmista
1647 4024 1660 4060 :
1697 4007 1774 4060 Et
1811 4012 1878 4062 tu

215 4095 282 4148 in
311 4093 638 4162 principio,
675 4095 944 4164 Domine,
975 4101 1200 4150 terram
1231 4095 1514 4164 fundasti
1533 4097 1602 4150 ⁸⁸.

293 4180 484 4249 Idem,
513 4196 637 4237 non
662 4182 998 4254 procedunt
1035 4198 1172 4254 quae
1230 4184 1458 4250 dicunt,
1506 4183 1671 4255 quod
1720 4185 1886 4240 Chri-

218 4279 351 4326 stus
407 4271 536 4326 haec
589 4272 792 4341 tacuit,
849 4273 1104 4344 apostoli
1163 4287 1285 4327 non
1329 4273 1621 4342 dixerunt,
1684 4275 1877 4330 sancti

1998 3128 2384 3184 transierunt.
2413 3131 2702 3184 Processu
2742 3144 2888 3185 vero
2936 3125 3246 3200 temporis,
3292 3125 3661 3180 increscente

1997 3217 2410 3288 quorumdam
2427 3216 2674 3283 malitia,
2693 3217 2756 3272 in
2767 3214 3247 3274 Occidentalibus
3261 3212 3559 3286 partibus,
3571 3212 3660 3268 di-

2001 3304 2262 3360 centium
2293 3305 2580 3378 Spiritum
2611 3309 2890 3362 sanctum
2919 3319 3044 3360 non
3073 3302 3398 3376 procedere
3432 3318 3469 3359 a
3491 3301 3654 3370 Filio,

2000 3410 2109 3467 pro
2131 3410 2202 3450 eo
2229 3395 2395 3467 quod
2431 3395 2494 3450 in
2525 3394 2813 3468 Symbolo
2840 3410 2966 3451 non
3015 3398 3297 3467 ponatur,
3346 3391 3660 3464 aggregati

1999 3483 2058 3539 in
2091 3499 2282 3540 unum
2310 3483 2580 3556 episcopi
2608 3484 2852 3541 illarum
2903 3485 3189 3558 partium,
3217 3483 3294 3539 de
3312 3481 3552 3540 licentia
3595 3484 3657 3538 et

1999 3573 2351 3630 auctoritate
2373 3574 2595 3630 summi
2610 3574 2930 3647 pontiﬁcis,
2953 3575 3263 3630 veritatem
3283 3572 3443 3638 ﬁdei,
3465 3586 3657 3644 quam

1999 3668 2279 3719 tenemus
2317 3665 2378 3720 in
2424 3664 2718 3735 Symbolo
2751 3663 3151 3733 declarantes,
3207 3663 3436 3720 cantari
3473 3662 3656 3718 etiam

1996 3753 2114 3808 hoc
2137 3753 2200 3808 in
2227 3752 2487 3809 Ecclesia
2505 3753 2586 3809 ab
2614 3753 2900 3810 omnibus
2946 3753 3410 3810 mandaverunt.
3469 3751 3655 3808 Graeci

1998 3855 2144 3896 vero
2182 3845 2240 3896 et
2275 3843 2466 3898 ceteri
2505 3843 2833 3899 Orientales
2894 3842 3090 3899 vocati
3146 3856 3268 3897 non
3326 3843 3488 3908 sunt,
3551 3843 3656 3896 aut

1997 3930 2143 4000 quia
2171 3929 2352 3986 nimis
2397 3930 2727 3995 distabant,
2782 3935 2888 3988 aut
2941 3931 3088 4004 quia
3131 3945 3255 3985 non
3297 3927 3656 3984 dubitabant

1998 4017 2182 4074 etiam
2210 4018 2328 4074 hoc
2356 4019 2657 4076 adducere
2676 4021 2738 4076 in
2762 4020 3182 4093 quaestionem:

2070 4106 2244 4171 Quod
2273 4112 2476 4163 autem
2496 4107 2580 4163 eis
2601 4112 2744 4163 tunc
2771 4107 3022 4177 licuerit,
3045 4111 3102 4162 et
3128 4105 3303 4161 liceat
3329 4104 3512 4162 hodie
3549 4119 3656 4160 no-

1996 4195 2092 4251 bis
2121 4195 2352 4267 aliquid
2382 4196 2662 4268 scribere,
2711 4196 3060 4269 praedicare,
3085 4199 3144 4252 et
3169 4199 3434 4263 cantare,
3487 4193 3657 4267 quod

1997 4282 2060 4337 in
2085 4283 2373 4354 Symbolo
2390 4301 2513 4341 non
2525 4290 2615 4343 est
2623 4301 2999 4358 expressum,
3016 4285 3307 4342 docemur
3325 4299 3400 4340 ex
3415 4286 3652 4356 quarto,

221 4361 406 4416 ctiam
431 4359 505 4451 de
529 4360 640 4451 hoc
660 4360 746 4416 nil
771 4360 1266 4451 praedicaverunt.
1303 4361 1414 4416 Sed
1440 4377 1508 4416 ex
1553 4363 1887 4434 prmmissis
1915 4398 1960 4451 Β
1996 4372 2228 4443 quinto,
2253 4378 2442 4442 sexto,
2479 4375 2736 4447 septimo
2761 4375 3045 4446 conciliis,
3077 4389 3340 4446 quorum
3367 4371 3657 4446 quadam

221 4448 700 4514 auctoritatibus,
757 4448 1090 4504 mendaciis
1130 4465 1341 4505 eorum
1359 4451 1490 4519 jam
1542 4451 1881 4522 patefactis,

219 4543 409 4594 restat
433 4554 590 4593 nunc
620 4537 937 4594 ostendere
979 4538 1234 4610 qualiter
1261 4544 1318 4594 et
1354 4540 1416 4594 in
1462 4540 1554 4595 his
1612 4557 1749 4613 quae
1797 4558 1884 4596 se-

220 4631 516 4700 quuntur,
547 4627 670 4682 suis
698 4626 1033 4682 rationibus
1066 4629 1454 4684 mentiantur.

299 4718 512 4772 Dicunt
541 4717 738 4772 enim:
774 4738 800 4766 ‹‹
837 4717 1034 4774 Sancti
1064 4720 1264 4772 Patres
1296 4717 1360 4773 in
1403 4719 1673 4775 conciliis
1705 4735 1889 4791 super

221 4806 340 4862 hoc
359 4804 444 4860 nil
467 4805 864 4861 definierunt:
899 4805 1008 4860 sed
1038 4809 1333 4876 ponentes
1361 4807 1422 4861 in
1455 4807 1766 4879 Symbolo,
1817 4824 1890 4864 ea

219 4911 362 4967 qua:
393 4900 532 4950 sunt
557 4895 894 4949 necessaria
923 4894 1002 4948 ad
1028 4893 1306 4957 salutem,
1339 4911 1443 4950 eos
1469 4897 1573 4967 qui
1597 4896 1759 4952 aliud
1786 4896 1890 4952 ad-

219 4987 438 5038 derent
462 4983 1179 5049 excommunicaverunt;
1215 4982 1322 5038 sed
1371 4999 1480 5038 vos
1518 4983 1836 5040 addidistis
1872 5002 1884 5040 :

220 5086 369 5141 ergo
397 5073 533 5127 estis
564 5072 1098 5127 excommunicati.
1131 5093 1158 5120 ››

655 5176 974 5244 Responsio
1002 5177 1380 5235 Latinorum.

294 5264 386 5320 Ad
427 5263 598 5337 quod
637 5264 1072 5335 respondentes
1146 5265 1406 5322 breviter
1446 5267 1533 5323 sio
1580 5266 1885 5323 dicimus:

222 5430 273 5461 ⁸⁸
301 5427 476 5482 Joan.
507 5425 646 5486 VIII,
679 5427 768 5478 25.
804 5424 852 5458 ⁸⁸
885 5424 1019 5480 Psal
1049 5425 1135 5490 Cl,
1168 5429 1258 5481 26.

297 5555 376 5623 (4)
409 5551 538 5606 Fuit
582 5548 857 5622 synodus
909 5545 1175 5605 Secunda
1201 5549 1885 5622 Constantinopolitana.

1997 4460 2318 4528 deﬁniunt,
2343 4463 2510 4536 quod
2536 4479 2660 4521 non
2689 4469 2782 4521 est
2818 4480 3169 4536 expressum
3213 4463 3276 4520 in
3325 4461 3654 4536 Symbolo:

1997 4564 2062 4605 ut
2089 4549 2164 4606 de
2177 4552 2378 4610 .sacris
2398 4553 2790 4624 imaginibus,
2814 4569 2996 4626 super
3011 4553 3239 4626 quibus
3270 4553 3527 4626 septima
3545 4550 3659 4608 fuit

1999 4640 2290 4710 synodus,
2319 4642 2466 4697 nihil
2490 4643 2554 4698 in
2597 4643 2884 4715 Symbolo
2912 4644 3268 4700 continetur.
3305 4643 3398 4698 Sic
3423 4657 3537 4698 nec
3583 4641 3657 4696 de

1999 4726 2242 4784 duabus
2275 4731 2686 4790 voluntatibus
2713 4737 2773 4788 et
2809 4731 3266 4804 operationibus
3308 4731 3371 4787 in
3425 4729 3656 4787 Christo

2003 4817 2360 4888 Symbolum
2391 4823 2706 4879 manifeste
2736 4822 3110 4892 determinat,
3146 4822 3222 4876 de
3246 4819 3469 4893 quibus
3489 4822 3659 4877 sexta

2001 4909 2276 4981 synodus
2305 4910 2610 4978 definivit;
2640 4912 2725 4968 sic
2740 4927 2851 4967 nec
2873 4910 3220 4966 Theodorus
3261 4908 3654 4982 Mopsuestia,

2001 5018 2113 5058 nec
2169 4999 2515 5056 Theodoriti
2570 5001 2812 5072 scripta,
2844 5015 2978 5072 quae
3006 5003 3218 5055 contra
3261 4998 3510 5055 beatum
3549 4999 3657 5071 Cy-

2000 5091 2200 5148 rillum
2223 5106 2355 5145 com
2365 5090 2586 5162 posuit,
2600 5089 2966 5145 condemnat
2983 5087 3361 5161 Symbolum,
3377 5088 3656 5162 quamvis

2003 5180 2272 5236 secunda
2303 5178 2629 5236 universali
2659 5176 2894 5250 synodo
2925 5179 3000 5249 (4)
3027 5178 3523 5234 condemnentur.
3563 5177 3657 5232 Sic

1999 5284 2112 5326 nec
2142 5268 2296 5324 duas
2337 5273 2584 5325 naturas
2635 5265 2982 5323 inconfusas
3032 5273 3090 5323 et
3139 5267 3544 5340 impermistas
3593 5264 3653 5332 in
