4106 6222
191 343 312 398 485
1167 355 1645 411 PANTALEONIS
1685 355 1969 412 DIACONI
2009 355 2283 414 CONTRA
2322 355 2632 416 GRAECOS.
3467 357 3572 420 486
3652 363 3658 376 “

194 473 2855 501 MM

1336 600 1773 696 JACOBI
1864 602 2468 697 BASNAGII

836 763 926 830 IN
975 763 1504 832 TRACTATUM
1554 766 1906 834 CONTRA
1953 767 2329 835 (ΞτΡιίΕΟΟΞ
2380 768 2946 836 OBSERVATIO.

271 994 638 1052 Pantaleoni
668 997 944 1056 tribuitur
972 999 1067 1058 hic
1097 1005 1415 1068 tractatus;
1467 1001 1526 1057 id
1553 1001 1807 1058 sensisse
1836 1002 2114 1058 videntur
2148 1003 2492 1060 novissimae
2523 1003 2892 1062 Bibliotheca
2929 1005 3174 1062 Patrum
3213 1005 3470 1064 editores
3509 1008 3572 1063 in

192 1081 632 1140 admonitione
695 1086 776 1141 ad
819 1087 1100 1144 lectorem
1154 1093 1299 1145 tom.
1353 1091 1524 1159 XXVI,
1586 1090 1689 1145 ubi
1742 1090 1817 1146 de
1867 1093 2095 1147 Joanne
2146 1092 2352 1148 Caleca
2395 1093 2606 1163 agitur.
2655 1093 2714 1149 td
2762 1095 2948 1150 sensit
2984 1095 3162 1150 etiam
3205 1095 3570 1168 Ciampinus,

193 1185 577 1244 quanquam
599 1172 749 1230 alias
781 1175 1004 1231 dubius
1024 1177 1266 1244 haereat,
1295 1185 1495 1250 utpote
1517 1179 1619 1252 qui
1648 1185 1813 1236 tract.-
1839 1184 1964 1236 tum
1991 1187 2056 1238 ut
2077 1195 2451 1252 anonymum
2474 1183 2759 1238 citaverit.
2792 1186 3015 1239 Revera
3043 1184 3172 1239 haec
3200 1184 3477 1253 leguntur
3493 1185 3571 1240 ad

191 1258 393 1315 ﬁnem
426 1262 650 1332 operis,
675 1270 1002 1326 auctorem.
1037 1272 1097 1321 ut
1127 1267 1322 1338 prima
1351 1266 1542 1323 fronte
1575 1267 1825 1328 videtur,
1850 1269 2172 1326 indicantia
2199 1286 2211 1323 :
2244 1271 2372 1340 Ego
2404 1272 2731 1327 Pantaleon
2757 1287 2888 1327 cum
2917 1287 3094 1327 essem
3115 1272 3215 1343 ibi,
3242 1273 3572 1329 Constanti-

191 1349 438 1416 nopoli,
469 1351 572 1404 ubi
603 1350 714 1408 hoc
735 1360 933 1409 actum
965 1361 1069 1423 est,
1093 1356 1204 1411 hoc
1229 1355 1450 1411 idcirco
1470 1357 1860 1412 Memorabile
1883 1359 2024 1426 feci.

274 1438 417 1493 Fuit
443 1444 650 1496 autem
667 1443 990 1498 Pantaleon
1012 1443 1306 1500 diaconus
1336 1449 1392 1499 et
1408 1444 1840 1518 chartophylax
1861 1446 2127 1502 Ecclesiae
2155 1447 2846 1519 Constantinopolitanae,
2870 1454 2926 1504 et
2954 1465 3026 1504 ex
3047 1465 3118 1504 eo
3143 1449 3311 1521 quod
3339 1449 3571 1506 dicatur

199 1528 383 1598 apud
419 1530 782 1598 Gretserum,
815 1534 918 1604 qui
946 1533 1134 1605 ipsius
1171 1539 1485 1589 tractatum
1512 1537 1572 1590 in
1606 1537 2033 1591 exaltationem
2070 1539 2262 1591 crucis
2312 1536 2512 1605 edidit,
2551 1537 2863 1606 presbyter
2894 1540 3236 1592 monasterii
3281 1539 3569 1607 Byzanti-

197 1631 452 1682 norum,
482 1633 555 1672 ex
581 1618 840 1674 diacono
873 1621 1292 1692 presbyterum
1333 1622 1587 1692 alicujus
1618 1623 1960 1678 monasterii
2011 1623 2238 1679 factum
2285 1624 2521 1694 conjicit
2564 1623 2974 1679 Combeﬁsius.
3020 1625 3134 1696 lpsi
3172 1625 3375 1681 tribuit
3412 1626 3570 1682 idem

201 1705 608 1761 Combeﬁsius
636 1709 946 1764 Orationes
979 1712 1040 1764 in
1081 1712 1673 1780 transﬁgurationem
1700 1712 1959 1766 Domini.
1995 1713 2358 1784 Quanquam
2387 1713 2438 1766 ei
2477 1713 2547 1767 sit
2583 1712 2784 1783 aliqua
2825 1713 3108 1784 suspicio,
3139 1728 3244 1769 eas
3275 1714 3571 1770 orationes

204 1793 368 1864 stylo
395 1795 810 1866 discrepantes
842 1796 1016 1853 binos
1043 1799 1265 1854 habere
1297 1805 1593 1872 parentes.
1631 1801 1894 1871 Denique
1923 1801 2117 1855 eidem
2151 1800 2492 1855 Pantaleoni
2525 1800 2775 1855 asseruit
2790 1801 3151 1873 opusculum
3173 1803 3247 1858 de
3264 1804 3572 1859 miraculis

203 1883 550 1951 Michaelis,
578 1885 743 1956 quod
778 1885 993 1956 legitur
1030 1887 1194 1958 apud
1238 1889 1494 1956 Surium,
1527 1889 1787 1960 indeque
1827 1888 2150 1955 concludit,
2183 1888 2604 1944 Pantaleonem
2636 1888 2851 1944 vixisse
2878 1890 2980 1945 diu
3011 1897 3147 1962 post
3175 1890 3570 1956 Theodoram,

205 1971 346 2025 cum
381 1972 677 2028 miracula
704 1973 884 2045 longo
912 1979 1180 2047 tempore
1211 1984 1346 2048 post
1370 1978 1759 2049 imperatricis
1797 1977 2030 2033 obitum
2057 1982 2292 2048 patrata
2320 1978 2667 2032 narraverit.

279 2063 424 2126 Quae
457 2061 801 2118 Combeﬁsii
831 2064 1173 2136 conjectura
1200 2065 1342 2121 satis
1369 2066 1612 2123 indicat.
1644 2067 1754 2138 ipsi
1788 2066 1972 2122 fuisse
1998 2067 2287 2122 incertam
2323 2066 2700 2122 Pantaleonis
2731 2071 2991 2133 aetatem,
3023 2067 3276 2140 ideoque
3307 2084 3430 2124 non
3457 2067 3570 2140 ipsi

211 2150 553 2206 vindicasse
593 2152 938 2208 Tractatum
969 2161 1181 2210 contra
1212 2155 1448 2210 Graecos
1478 2155 1651 2226 cujus
1687 2171 1905 2227 parens
1933 2155 2141 2228 procul
2165 2155 2354 2211 dubio
2384 2171 2482 2212 an.
2514 2159 2644 2210 1252
2667 2156 2882 2212 vixisse
2899 2157 3140 2225 debuit;
3171 2157 3338 2213 aliter
3367 2166 3570 2213 tamen

216 2239 330 2306 alii,
355 2243 419 2295 ut
439 2239 716 2312 superius
743 2240 1152 2298 observatum.

293 2331 402 2382 Nos
447 2328 610 2384 hunc
633 2333 980 2394 tractatum,
1008 2333 1065 2386 in
1097 2348 1220 2405 quo
1253 2332 1444 2388 multa
1469 2337 1792 2389 occurrunt
1813 2332 2464 2406 observationezdigna,
2487 2332 2546 2388 in
2579 2337 2696 2389 tres
2723 2337 2925 2405 partes
2957 2333 3401 2405 distinguimus,
3432 2351 3569 2408 quae

237 2419 317 2470 tot
337 2417 588 2474 habeant
626 2425 920 2475 auctores.

309 2507 460 2562 Prior
472 2524 620 2580 pars,
635 2525 774 2581 quae
796 2517 1059 2581 quatuor
1074 2511 1524 2567 dissertationes
1549 2511 1840 2567 adversus
1859 2515 2093 2569 Graecos
2113 2511 2395 2577 continet,
2412 2526 2534 2567 non
2554 2511 2737 2567 modo
2755 2510 2914 2567 edita
2939 2517 3024 2567 est
3048 2511 3574 2583 Constantinopoli

231 2594 290 2647 in
317 2596 533 2650 adibus
561 2598 853 2654 Fratrum
889 2600 1363 2656 Prwdicalorum
1394 2615 1496 2657 an.
1536 2605 1686 2665 1252,
1718 2608 1780 2656 ut
1804 2601 1914 2656 fert
1941 2601 2145 2658 titulus
2172 2618 2185 2666 ;
2237 2600 2342 2656 sed
2382 2600 2460 2656 ab
2499 2600 2648 2673 ipsis
2692 2600 2996 2656 Fratribus
3027 2601 3432 2658 Dominicanis
3461 2601 3571 2657 fuit

218 2686 589 2742 concinnata.
621 2689 713 2744 Sic
742 2690 902 2744 enim
924 2689 1039 2762 ipsi
1060 2689 1414 2762 loquuntur:
1442 2691 1585 2746 Haec
1613 2692 1846 2760 scripta
1871 2699 2011 2746 sunt
2031 2707 2192 2747 anno
2220 2691 2442 2756 t252,in
2472 2691 2712 2745 civitate
2740 2691 3266 2760 Constantinopoli
3283 2708 3320 2748 α
3342 2691 3574 2748 Fratri-

215 2771 318 2827 bus
341 2774 846 2833 Praedicatoribus
873 2780 953 2834 ad
983 2778 1430 2848 aediﬁcationem
1457 2786 1512 2836 et
1543 2781 1878 2849 profectum
1909 2782 2274 2850 animarum,
2305 2779 2386 2835 ad
2416 2779 2653 2834 laudem
2676 2783 2730 2834 et
2759 2780 3014 2848 gloriam
3038 2781 3244 2836 Patris
3263 2787 3320 2837 et
3342 2781 3492 2837 Filii
3514 2786 3570 2836 et

209 2861 474 2930 Spiritus
505 2867 720 2921 sancti.
744 2869 955 2924 Amen.

277 2952 408 3008 Duo
433 2956 886 3012 suntnotanda:
926 2963 997 3011 t0.
1021 2957 1119 3012 Hic
1141 2957 1409 3013 desinere
1442 2974 1596 3029 Opus
1628 2957 1792 3028 illud,
1828 2957 1992 3030 quod
2019 2963 2388 3014 tentaverant
2414 2960 2666 3026 Fratres;
2693 2955 2773 3011 illi
2795 2957 3014 3028 quippe
3036 2957 3571 3030 quatuorcapitula

202 3041 499 3098 adversus
523 3047 754 3101 Graecos
771 3047 1192 3119 probaverant,
1210 3048 1427 3103 deinde
1449 3048 1786 3104 clausulam
1810 3051 2020 3115 Amen,
2037 3065 2160 3120 qua
2176 3047 2313 3102 ﬁnis
2333 3047 2528 3118 operis
2556 3045 2874 3111 indicatur,
2891 3045 3264 3115 adjecerunt:
3285 3046 3566 3116 denique,

199 3135 262 3185 ut
294 3133 528 3204 patebit
555 3134 981 3208 inferius,quie
1008 3143 1344 3210 sequuntur
1361 3153 1432 3191 ex
1461 3137 1591 3192 aliis
1620 3136 1856 3208 scriptis
1884 3140 2023 3190 sunt
2043 3141 2342 3206 excerpta.
2377 3139 2456 3189 2°.
2481 3135 2623 3188 Inde
2676 3138 2832 3204 patet
2853 3132 3274 3189 Pantaleonem
3298 3149 3418 3188 non
3437 3148 3568 3188 esse

197 3220 385 3292 hujus
419 3223 620 3295 scripti
642 3230 968 3290 auctorem,
1001 3232 1205 3298 utpote
1232 3227 1332 3298 qui
1367 3225 1660 3282 diaconus
1698 3232 1799 3280 aut
1829 3224 2160 3298 aliquando
2185 3224 2531 3280 monasterii
2569 3223 2903 3296 presbyter,
2929 3237 3050 3277 non
3067 3237 3208 3278 vero
3235 3222 3570 3278 monachus

201 3308 464 3367 dicatur.
495 3319 565 3368 At
599 3313 918 3369 indubium
951 3321 1057 3382 est,
1081 3314 1249 3370 illum
1281 3319 1598 3371 tractatum
1625 3332 1661 3370 a
1690 3313 2006 3370 monachis
2035 3311 2372 3368 confectum
2403 3311 2609 3376 fuisse,
2638 3317 2692 3366 et
2724 3326 3101 3381 anonymum
3132 3326 3442 3366 remanere
3471 3311 3570 3367 de-

201 3397 436 3469 buisse,
465 3409 530 3456 ut
558 3402 748 3458 solent
771 3419 905 3476 qua:
926 3405 1099 3473 jussu
1131 3409 1386 3475 etopera
1402 3403 1885 3476 congregationis
1910 3402 2162 3472 alicujus
2181 3401 2402 3472 scripta
2432 3405 2606 3454 sunt:
2641 3399 2776 3455 ideo
2807 3398 3098 3471 plurimos
3117 3404 3392 3456 auctores
3421 3415 3569 3472 prae-

202 3487 316 3544 fert
346 3495 406 3545 et
437 3505 676 3562 semper
705 3491 919 3565 plurali
941 3508 1194 3548 numero
1223 3508 1354 3547 sese
1387 3493 1652 3548 indicant
1683 3497 1993 3548 auctores:
2027 3492 2098 3546 In
2127 3491 2413 3559 prowmio
2445 3490 2626 3558 hujus
2657 3489 2933 3557 opusculi
2962 3490 3159 3544 testati
3183 3503 3406 3545 sumus.

279 3579 565 3636 Secunda
591 3596 729 3652 pars
759 3597 882 3637 non
912 3581 1021 3637 fuit
1043 3581 1596 3647 Dominicanorum,
1621 3582 1722 3636 sed
1755 3582 2020 3650 llugonis
2050 3581 2390 3646 Etheriani,
2425 3581 2524 3652 qui
2559 3578 2779 3634 steculo
2795 3578 3089 3650 praeterito
3120 3581 3351 3635 Graecos
3367 3579 3571 3635 confu-

211 3672 469 3724 taverat.
504 3669 675 3724 Miror
701 3669 816 3725 hoc
848 3686 967 3726 non
1007 3671 1222 3725 vidisse
1253 3671 1410 3725 viros
1439 3671 1720 3736 eruditos,
1763 3671 2007 3742 quippe,
2042 3674 2122 3732 3ο,
2157 3671 2240 3724 sic
2266 3669 2596 3742 loquuntur
2637 3671 2862 3724 Fratres
2893 3668 3312 3724 Prtedicatores
3345 3686 3358 3723 :
3409 3669 3574 3737 Quod

207 3757 346 3812 licet
360 3759 493 3825 jam
517 3765 780 3830 quatuor
797 3759 970 3814 dictis
987 3760 1263 3814 articulis
1285 3760 1743 3829 demonstretur,
1761 3767 1959 3816 tamen
1980 3761 2180 3816 adhuc
2197 3762 2258 3814 in
2282 3759 2372 3814 his
2389 3775 2522 3830 qua
2541 3759 2804 3828 subjecta
2822 3767 2962 3813 sunt
2984 3759 3335 3826 ostenditur,
3352 3774 3482 3831 qua?
3498 3775 3574 3816 ex

205 3846 385 3901 dictis
407 3849 688 3917 magistri
709 3849 980 3918 Hugonis
1014 3848 1372 3904 zE'theriani
1392 3864 1586 3917 nuper
1610 3855 1882 3904 extracta
1903 3849 2042 3904 huic
2067 3851 2234 3919 operi
2257 3849 2546 3904 duximus
2567 3846 2895 3903 inserenda.
2925 3848 3148 3904 Dicunt
3173 3850 3327 3904 enim
3349 3853 3404 3903 et
3425 3849 3570 3903 scri-

207 3935 379 4000 bunt,
415 3940 527 3991 etc.
564 3936 736 3991 Vides
763 3937 859 3991 hic
887 3935 1056 3992 ﬁnito
1083 3951 1281 4008 opere,
1311 3936 1593 4009 quaedam
1626 3953 1695 3992 ex
1722 3938 1987 4007 Hugonis
2017 3939 2255 3994 Aitherii
2287 3938 2522 4009 scriptis
2551 3935 2748 4007 adjici.
2785 3936 2938 4002 Quid
2969 3936 3343 3992 evidentius“?
3377 3939 3570 3992 Unum

209 4028 416 4078 tamen
449 4023 592 4078 addi
621 4029 837 4096 potest,
869 4024 1163 4080 multaibi
1187 4024 1462 4096 diciquaa
1499 4024 1800 4080 Fratribus
1835 4027 2330 4083 Praedicatoribus
2371 4041 2495 4082 non
2527 4024 2904 4081 conveniant.
2934 4025 3156 4080 Asserit
3184 4030 3411 4091 auctor,
3441 4041 3571 4080 sese

205 4112 371 4168 velut
410 4112 778 4184 singularem
802 4129 1126 4185 personam
1157 4112 1449 4178 indicans,
1484 4112 1706 4169 vidisse
1736 4115 2075 4172 sacerdotes
2105 4115 2355 4172 sacratis
2389 4112 2672 4171 manibus
2704 4115 2810 4185 qui
2831 4114 2943 4168 viri
2977 4114 3337 4183 sanguinum
3365 4120 3569 4183 essent,

203 4203 356 4259 dum
381 4211 776 4274 sequerentur
807 4207 1232 4274 imperatorem
1259 4219 1370 4273 per
1408 4203 1855 4273 Cappadociam
1883 4206 2322 4276 Persarumque
2357 4205 2640 4274 regiones.
2692 4201 2940 4272 Subjicit
2981 4201 3198 4257 deinde
3246 4217 3307 4257 se
3351 4201 3571 4258 vidisse

205 4294 458 4348 clericos
490 4293 804 4365 tustigatos
837 4299 892 4348 et
919 4293 1282 4352 verberatos.
1318 4293 1555 4349 sublata
1580 4295 1744 4365 prius
1783 4300 2029 4366 τιματίῳ,
2062 4295 2177 4348 hoc
2209 4297 2300 4347 est
2339 4298 2493 4348 veste
2529 4292 2821 4356 clericali,
2853 4290 3035 4362 idque
3065 4290 3178 4362 ipsi
3211 4291 3480 4346 evenisse
3509 4291 3571 4346 in

209 4384 412 4438 Nicma
435 4383 694 4438 civitate.
728 4388 816 4438 An
848 4381 1056 4438 credas
1089 4385 1353 4437 Fratrum
1381 4397 1624 4453 gregem
1657 4384 1920 4453 vestigiis
1941 4381 2318 4454 imperatoris
2348 4379 2855 4446 adhtesisse,dum
2879 4379 3203 4436 Orientales
3228 4385 3576 4452 peragraret

207 4473 491 4545 regiones
521 4473 547 4528 ?
581 4472 820 4539 Deinde,
862 4472 999 4543 quis
1031 4472 1356 4542 imperator
1387 4471 1481 4525 ille
1511 4473 1540 4526 ?
1569 4476 1655 4526 An
1688 4472 2016 4528 Balduinus
2061 4474 2122 4538 ll,
2167 4471 2270 4543 qui
2312 4486 2342 4526 e
2381 4475 2548 4541 parte
2589 4470 2932 4525 Latinorum
2969 4470 3269 4542 praeerat?
3317 4468 3433 4527 Sed
3475 4469 3570 4524 hic

212 4561 511 4616 adversus
531 4563 740 4616 Persas
765 4560 989 4615 bellum
1009 4575 1329 4631 nunquam
1360 4561 1564 4630 gessit.
1595 4562 1808 4615 Verum
1833 4561 2082 4633 quidem
2108 4566 2214 4625 est,
2238 4561 2534 4616 Joannem
2558 4560 2878 4625 Vatatzem,
2901 4575 3082 4631 quem
3105 4561 3333 4615 Ducam
3363 4558 3570 4630 appel-

211 4649 340 4704 lant
369 4648 635 4720 plurimi,
665 4650 871 4704 Nictete
902 4647 1107 4704 sedem
1137 4647 1510 4719 imperialem
1543 4647 1847 4703 habuisse.
1881 4650 1993 4704 Sed
2025 4647 2342 4703 verisimile
2376 4663 2497 4702 non
2546 4646 2609 4702 iit
2653 4647 3076 4704 Praedicatores
3114 4663 3186 4703 eo
3215 4652 3483 4719 tempore
3508 4646 3571 4702 in

213 4739 344 4808 ejus
369 4736 580 4794 aulam
608 4736 911 4794 admissos
941 4737 1152 4794 itinera
1181 4753 1318 4792 cum
1352 4737 1485 4808 ipso
1515 4737 1681 4792 varia
1707 4736 2054 4794 confecisse.
2086 4740 2221 4794 Haec
2245 4751 2370 4793 non
2399 4735 2584 4793 modo
2608 4736 2972 4801 verisimilia,
3001 4735 3106 4792 sed
3133 4751 3276 4792 vera
3319 4739 3456 4791 sunt
3492 4734 3572 4790 de

212 4827 497 4890 £therio,
543 4825 670 4897 qui,
715 4841 856 4881 cum
902 4826 1098 4894 gratia
1135 4840 1375 4880 summa
1416 4824 1662 4897 polleret
1708 4825 1875 4897 apud
1904 4825 2233 4882 Manuelem
2265 4824 2662 4892 Comnenum,
2697 4824 2914 4880 Latinis
2943 4823 3244 4880 faventem
3269 4828 3326 4879 et
3349 4822 3570 4895 saepius

212 4915 508 4970 adversus
536 4915 754 4969 Turcas
781 4914 1230 4985 Saracenosque
1259 4912 1736 4983 belligerantem,
1756 4913 1957 4985 ipsum
1981 4930 2089 4987 per
2103 4915 2302 4972 varios
2327 4930 2504 4971 casus
2525 4913 2945 4970 etdiscrimina
2965 4927 3163 4967 rerum
3181 4911 3567 4984 sequebatur.

213 5005 412 5061 Unum
438 5001 619 5072 objici
649 5005 862 5074 potest,
882 5018 1021 5075 quae
1051 5001 1331 5072 leguntur
1358 5002 1419 5057 in
1458 5004 1750 5058 Tractatu
1781 5008 1994 5058 contra
2023 5004 2258 5059 Graecos
2287 5018 2411 5059 non
2441 5001 2682 5074 reperiri
2708 5001 2869 5073 apud
2894 5000 3264 5065 Etherium;
3296 5000 3404 5056 sed
3429 4999 3572 5057 inde

209 5108 374 5149 nova
403 5091 547 5147 oriri
574 5095 767 5163 potest
796 5089 1158 5162 conjectura,
1189 5089 1450 5163 plurima
1478 5090 1744 5146 edidisse
1785 5089 2108 5146 Etherium
2141 5089 2435 5162 opuscula
2473 5088 2768 5145 adversus
2797 5090 3051 5155 Graecos,
3079 5103 3150 5144 ex
3178 5088 3404 5162 quibus
3433 5105 3572 5162 quas

209 5180 306 5238 hic
340 5179 726 5253 proferuntur
753 5179 974 5237 fuerint
1002 5185 1301 5252 excerpta.

280 5270 476 5328 Tertia
505 5269 768 5341 denique
796 5284 938 5342 pars
965 5268 1146 5339 hujus
1175 5267 1396 5340 scripti,
1426 5267 1504 5325 ab
1534 5267 1664 5325 aliis
1689 5268 1865 5340 plane
1889 5267 2150 5337 diversa,
2179 5269 2442 5325 continet
2469 5272 2705 5326 tantum
2747 5267 3148 5326 narrationem
3177 5269 3436 5341 portenti
3463 5285 3568 5326 cu-

207 5360 458 5430 jusdam
488 5357 654 5432 quod
679 5357 1049 5430 temporibus
1073 5357 1370 5414 Michaelis
1400 5356 1681 5414 Cerularii
1705 5356 1914 5414 debuit
1937 5357 2226 5414 evenisse.
2262 5357 2376 5415 Sed
2401 5372 2524 5413 non
2551 5357 2745 5430 potuit
2767 5356 2990 5414 habere
3017 5359 3245 5414 Fratres
3283 5358 3570 5416 Priedica-

214 5456 369 5510 tores
399 5456 704 5518 auctores,
735 5450 840 5522 qui
868 5449 1036 5521 prius
1066 5448 1194 5504 fuse
1222 5453 1468 5518 egerant
1495 5447 1570 5503 de
1599 5447 1921 5505 schismate
1948 5445 2267 5514 Michaelis,
2301 5451 2456 5504 etne
2486 5445 2740 5504 verbum
2766 5447 3013 5520 quidem
3057 5447 3132 5504 de
3163 5447 3263 5504 illo
3293 5450 3568 5520 portento

216 5541 514 5608 dixerant,
549 5538 839 5612 quodque
874 5539 1008 5594 huic
1037 5537 1202 5609 operi
1233 5538 1359 5593 sine
1388 5536 1582 5594 ﬁbula
1602 5536 1710 5594 fuit
1737 5536 2006 5594 aﬂixum.
2040 5535 2145 5592 Illa
2163 5536 2362 5592 brevis
2395 5535 2658 5593 narratio
2689 5541 2882 5609 potest
2901 5551 3029 5592 esse
3059 5536 3454 5602 Pantaleonis,
3473 5535 3568 5592 cui

213 5629 374 5717 male
399 5633 597 5688 totum
626 5644 782 5702 opus
808 5626 1187 5686 adscribitur.
