4106 6222
24 1930 51 1969 ,ἱ

24 2078 51 2159 r:

499 263 608 343 te?
1701 272 2180 338 PANTALEONIS
2217 271 2504 338 DIACONI
2543 275 2645 338 cr;
3748 266 3869 337 488

1860 552 2496 638 TRACTATUS

1051 770 1623 880 CONTRA
1692 771 2356 882 ERRORES
2431 765 3313 900 GRAECORUM,
3392 814 3399 821 ·

714 1000 823 1065 DE
866 1000 1449 1066 PROCESSIONE
1494 1000 1890 1066 SPIRITUS
1936 1001 2261 1067 SANCTI.
2308 1002 2417 1064 DE
2460 1001 2913 1067 ANIMABUS
2959 997 3634 1065 DEFUNCTORUM.

1538 1135 1649 1197 DE
1689 1134 2014 1199 AZYMIS
2059 1137 2166 1199 ET
2206 1135 2811 1210 FERMENTATO,

1371 1269 1483 1331 DE
1531 1268 2043 1332 OBEDIENTIA
2084 1268 2479 1333 ROMANIE
2522 1269 2976 1345 ECCLESIE,

666 1399 889 1463 Editus
950 1400 1522 1480 Constantinopoli,
1581 1401 1644 1463 in
1702 1403 1952 1466 (edibus
2015 1403 2309 1467 Fratrum
2367 1403 2896 1476 Praedicatorum,
2963 1420 3129 1463 anno
3193 1399 3451 1464 Domini
3513 1400 3695 1461 1252.

580 1720 736 1777 Licet
755 1722 1087 1777 Graecorum
1114 1720 1444 1778 Ecclesiam
1474 1721 1761 1780 virtutum
1802 1721 2052 1779 ﬂoribus
2091 1724 2149 1779 et
2175 1724 2221 1778 A
2260 1724 2545 1777 creatura:
2574 1720 2847 1778 fermenti
2872 1720 3125 1778 termino
3142 1719 3347 1777 volens
3373 1722 3867 1786 coarctare,voce

505 1810 900 1883 philosophiae
943 1810 1149 1867 studiis
1196 1810 1338 1867 olim
1386 1810 1731 1869 decoratam
1777 1811 2143 1881 noverimus,

504 1914 616 1955 nec
653 1915 775 1955 non
813 1904 871 1955 et
912 1903 1258 1955 sanctorum
1294 1901 1553 1967 Patrum,
1596 1900 2051 1973 prophetarum,
2093 1904 2152 1957 et

505 1987 920 2061 apostolorum
967 1986 1152 2044 veloci
1184 2002 1364 2044 cursu
1390 1988 1629 2045 calcans
1662 1989 1931 2059 vestigia,
1961 2004 2149 2061 quam

505 2076 707 2149 plures
739 2091 811 2131 ex
841 2092 902 2131 se
937 2075 1108 2131 vivos
1137 2080 1195 2132 et
1217 2076 1439 2147 ignitos
1468 2076 1700 2149 lapides
1734 2078 1795 2133 in
1826 2077 2150 2134 aediﬁcium

505 2182 779 2239 supernae
856 2164 1182 2221 Jerusalem
1254 2165 1489 2222 dudum
1553 2166 1950 2223 transmiserit
2011 2181 2149 2223 con-

503 2254 878 2324 struendum,
909 2269 1070 2310 nunc
1094 2258 1296 2310 tamen
1325 2255 1386 2310 in
1425 2254 1542 2312 ﬁne
1588 2260 1946 2329 temporum,
1982 2254 2149 2328 quod

503 2345 631 2400 sine
661 2343 827 2413 gravi
848 2358 1104 2399 maerore
1141 2342 1405 2415 proferre
1433 2359 1557 2400 non
1589 2360 1934 2416 possumus,
1977 2344 2151 2399 innu-

503 2433 685 2490 meris
706 2437 762 2488 et
788 2431 1035 2487 diversis
1061 2447 1332 2487 errorum
1356 2432 1675 2489 obfuscata
1699 2432 2058 2499 turbinibus,
2086 2432 2147 2488 in

503 2522 715 2579 eadem
729 2521 981 2592 caligine
995 2536 1240 2576 suarum
1252 2521 1626 2593 opinionum,
1640 2521 1878 2578 diversa
1892 2538 1928 2577 a
1940 2527 2148 2578 sancta

501 2614 773 2667 Romana
802 2608 1063 2665 Ecclesia
1091 2614 1451 2680 perseverat.
1503 2612 1567 2666 Et
1611 2608 1887 2682 quamvis
1914 2607 2149 2665 inﬁnita

499 2699 823 2757 hmresium
850 2698 1119 2769 germina
1148 2713 1185 2753 a
1226 2698 1501 2754 trecentis
1537 2698 1839 2768 octoginta
1863 2697 2062 2765 annis,
2091 2702 2149 2754 et

501 2790 678 2857 circa,
727 2787 790 2843 id
828 2792 935 2856 est,
980 2803 1016 2843 a
1056 2791 1324 2858 tempore
1376 2787 1582 2850 Photii,
1628 2787 1717 2842 vel
1761 2786 1990 2843 Photini
2043 2787 2142 2860 (t),

499 2877 677 2952 primi
706 2877 889 2948 hujus
919 2875 1259 2932 schismatis
1286 2876 1634 2941 inventoris,
1660 2875 1721 2931 in
1750 2875 2001 2932 diversis
2024 2877 2147 2933 suis

499 2966 790 3040 partibus,
839 2970 1086 3039 propter
1130 2964 1427 3021 defectum
1473 2964 1755 3032 scientiae,
1800 2970 1857 3021 et
1906 2964 2145 3021 invidias

2255 1809 2613 1883 blasphema
2632 1810 2936 1884 praedicat,
2956 1826 3077 1867 non
3100 1809 3212 1866 nisi
3239 1810 3300 1866 in
3326 1808 3663 1865 fermentati
3680 1806 3868 1880 panis

2257 1898 2512 1956 materia
2538 1900 2743 1971 perﬁci
2767 1916 2943 1973 posse
2970 1899 3324 1971 mysterium
3347 1897 3735 1955 sacramenti.
3762 1896 3879 1953 His

2254 1988 2456 2061 itaque
2485 1988 2645 2059 ﬁdei,
2690 1995 2747 2045 et
2790 1989 3113 2057 charitatis,
3148 1988 3396 2061 speique
3435 1986 3781 2054 virtutibus,
3828 2001 3869 2042 a

2256 2077 2540 2134 cordibus
2564 2078 2834 2135 ﬁdelium
2859 2079 3020 2135 dicto
3053 2077 3251 2135 studio
3281 2081 3338 2134 et
3365 2076 3576 2133 ordine
3604 2075 3825 2131 deletis
3852 2091 3867 2131 :

2257 2165 2486 2234 ultimo,
2539 2167 2601 2223 in
2660 2168 2835 2224 totius
2901 2166 3491 2223 consummationem
3554 2163 3868 2236 nequitias,

2256 2261 2540 2327 quartum
2569 2271 2704 2312 eam
2724 2254 2826 2324 (ad
2846 2271 3034 2329 quam
3055 2255 3275 2313 horum
3303 2258 3360 2311 et
3387 2251 3674 2310 similium
3698 2266 3870 2308 erro-

2255 2360 2392 2401 rum
2416 2349 2647 2417 spectat
2665 2346 2993 2417 correctio),
3014 2344 3078 2401 id
3094 2348 3197 2411 est,
3219 2348 3491 2400 sanctam
3517 2345 3869 2398 Romanam

2258 2433 2603 2500 Ecclesiam,
2624 2433 3007 2504 aggreditur;
3038 2449 3149 2490 nec
3176 2433 3229 2489 ei
3250 2430 3660 2489 obediendum
3690 2445 3868 2485 com-

2256 2521 2516 2577 muniter
2553 2521 2879 2579 asserendo
2920 2522 3227 2596 prmdicat,
3266 2519 3537 2578 moribus
3568 2518 3865 2583 afﬁrmat,

2256 2615 2313 2668 et
2335 2610 2503 2668 factis
2528 2610 2687 2667 dicit.

2329 2703 2545 2758 Contra
2562 2717 2716 2773 quos
2737 2716 2967 2758 errores
2996 2699 3307 2774 pestiferos
3330 2696 3609 2771 quamvis
3638 2694 3869 2752 multo-

2255 2805 2388 2846 rum
2400 2790 2529 2862 jam
2546 2790 2815 2847 ﬁdelium
2828 2789 3144 2847 desudavit
3156 2788 3349 2855 labor,
3365 2793 3422 2843 et
3440 2786 3700 2859 plurima
3712 2784 3866 2840 scri-

2253 2883 2359 2952 pta
2370 2879 2447 2935 ad
2461 2878 2871 2936 defensionem
2884 2895 3039 2935 verte
3051 2878 3189 2934 ﬁdei
3201 2877 3506 2934 catholicas
3517 2874 3865 2931 dimiserint

2254 2966 2644 3041 perlegenda:
2673 2968 2818 3042 quia
2845 2974 3047 3024 tamen
3067 2966 3343 3023 moderni
3369 2963 3727 3034 Graeci,novi
3746 2979 3862 3035 pa-

499 3054 981 3123 amaritudinem,
1010 3054 1321 3110 manifeste
1352 3052 1811 3126 pullulaverint:
1847 3056 2145 3127 praecipue
2178 3072 2216 3127 Β
2254 3057 2411 3127 riter,
2446 3061 2501 3114 et
2530 3057 2762 3130 antiqui
2797 3055 3182 3123 schismatici,
3221 3071 3331 3111 nec
3361 3052 3727 3123 argumentis
3755 3051 3860 3107 vel

496 3149 699 3203 tamen
739 3143 801 3200 in
842 3148 1101 3216 quatuor
1130 3142 1391 3199 articulis
1435 3142 1802 3213 generaliter,
1835 3158 1942 3199 seu
1979 3158 2139 3200 com-

493 3234 754 3291 muniter
780 3232 1147 3302 dignoscitur
1166 3231 1406 3288 deviare
1426 3248 1463 3288 a
1487 3231 1683 3288 nobis.
1719 3234 1985 3299 Quorum
2013 3232 2140 3304 pri-

493 3340 651 3389 mus,
679 3321 822 3395 quia
844 3321 923 3377 ab
949 3321 1082 3393 ipsa
1105 3319 1307 3376 divina
1336 3320 1647 3391 majestate
1683 3321 1996 3387 inchoans,
2037 3337 2140 3377 ore

492 3411 723 3485 polluto
749 3409 1010 3467 afﬁrmat
1047 3415 1255 3466 contra
1282 3409 1653 3482 opinionem,
1676 3409 1797 3465 imo
1827 3409 2011 3465 ﬁdem
2041 3425 2140 3465 ca-

494 3501 797 3565 tholicam,
848 3499 1081 3555 tertiam
1128 3513 1451 3570 personam
1494 3498 1554 3553 in
1592 3497 1886 3563 Trinitate,
1933 3498 1996 3554 id
2029 3502 2138 3567 est,

496 3589 777 3660 Spiritum
817 3592 1092 3644 sanctum
1138 3608 1165 3637 α
1204 3603 1241 3643 a
1280 3587 1421 3644 Filio
1454 3586 1700 3643 minime
1733 3586 2078 3659 procedere,
2107 3608 2136 3637 »

491 3676 581 3732 vel
614 3675 847 3749 spirari,
876 3681 978 3732 aut
1005 3675 1408 3731 exsistentiam
1430 3674 1675 3732 habere.

564 3764 875 3823 Secundus
907 3769 1128 3830 autem,
1153 3763 1484 3820 secundum
1508 3763 1837 3835 theologos,
1858 3765 2137 3821 virtutem

490 3869 744 3911 numero
765 3853 1118 3923 secundam,
1144 3852 1205 3908 id
1231 3857 1319 3909 est
1338 3868 1507 3925 spem
1529 3852 1819 3922 ﬁdelium,
1841 3853 2137 3911 virulento

490 3944 809 4001 conanime
834 3942 1170 3999 interimere
1210 3941 1480 4008 studens,
1514 3942 1745 4009 asserit,
1774 3966 1793 3992 ι
1830 3943 2137 4000 defuncto-

486 4051 623 4091 rum
659 4035 896 4091 animas
934 4049 1047 4090 nec
1076 4032 1344 4090 Paradisi
1376 4032 1611 4103 gaudiis
1635 4032 1880 4105 perfrui,
1909 4049 2021 4089 nec
2044 4035 2134 4090 in-

488 4123 795 4180 ternorum
841 4122 1169 4196 suppliciis,
1220 4121 1313 4179 vel
1355 4121 1491 4194 igne
1532 4123 1897 4195 purgatorio,
1938 4146 1958 4171 ι
1989 4123 2137 4180 citra

489 4211 646 4267 diem
664 4212 891 4281 judicii,
908 4218 1011 4268 aut
1037 4216 1174 4268 ante
1198 4210 1387 4268 latam
1407 4212 1763 4268 sententiam
1780 4217 2133 4282 extremam,

481 4300 721 4371 judiciis
750 4316 926 4373 posse
950 4300 1282 4372 subjacere.

561 4389 791 4447 Tertius
822 4405 960 4446 vero
989 4389 1191 4462 ipsam
1211 4389 1638 4463 omnipotentis
1682 4390 1780 4446 Dei
1804 4391 2135 4463 potentiam

2249 3146 2604 3212 rationibus,
2635 3161 2747 3202 nec
2776 3161 2961 3202 sacrae
2983 3145 3303 3217 Scriptura:
3333 3141 3708 3211 testimoniis,
3733 3140 3856 3196 nisi

2251 3251 2503 3292 suorum
2524 3234 2757 3308 scriptis
2779 3233 3378 3306 sanctorum,quibus
3402 3232 3733 3306 plurimum
3757 3230 3857 3285 in-

2248 3324 2519 3380 nituntur
2540 3328 2660 3379 tam
2682 3323 3068 3396 apocryphis,
3096 3338 3284 3395 quam
3310 3322 3483 3383 veris,
3512 3318 3724 3376 nolunt
3752 3334 3856 3373 su-

2250 3412 2445 3485 perari
2464 3432 2477 3469 :
2503 3413 2774 3469 fraternis
2790 3428 3032 3485 quoque
3054 3410 3333 3484 precibus
3349 3408 3857 3480 inclinatus,qua—

2249 3499 2377 3556 liter
2397 3516 2469 3556 ex
2491 3500 2613 3556 suis
2642 3499 2805 3555 libris
2834 3515 3041 3555 eorum
3069 3498 3457 3554 convincatur
3494 3494 3849 3569 pertinacia,

2248 3588 2481 3660 virtute,
2514 3604 2639 3661 qua
2666 3593 2896 3661 potero,
2923 3587 3236 3643 ostendere
3264 3585 3579 3642 laborabo.

2322 3678 2378 3734 Si
2432 3678 2577 3750 quid
2616 3692 2757 3747 ergo
2787 3676 2977 3746 vobis,
3011 3676 3189 3731 frater
3236 3673 3603 3743 charissime,
3648 3671 3710 3727 in
3749 3670 3851 3727 his

2248 3770 2485 3838 gratum
2499 3767 2690 3833 fuerit,
2709 3765 2785 3820 ad
2802 3765 3028 3821 fontem
3044 3764 3344 3821 bonorum
3361 3763 3634 3819 omnium
3653 3763 3851 3817 Deum

2246 3858 2583 3921 referentes,
2599 3855 2671 3928 ei,
2687 3855 2783 3911 cui
2803 3870 2983 3911 omne
3004 3870 3107 3910 cor
3126 3858 3308 3926 patet,
3331 3858 3385 3911 et
3416 3850 3615 3909 omnis
3637 3848 3850 3906 volun-

2247 3948 2337 4000 tas
2386 3945 2667 4018 loquitur,
2717 3945 3056 4001 orationum
3096 3942 3432 4015 frequentia
3482 3955 3579 3996 me
3628 3937 3848 3994 sedulo
3918 3940 3938 3957 °

2245 4034 2687 4091 commendate.
2726 4033 2784 4089 Si
2830 4049 2954 4106 qua
2991 4048 3149 4097 vero,
3192 4036 3406 4103 praeter
3448 4027 3848 4085 intentionem

2245 4139 2464 4193 meam,
2483 4123 2680 4179 minus
2692 4122 2917 4178 veritati
2938 4136 3205 4177 consona
3224 4119 3424 4175 forsan
3438 4115 3843 4191 apparebunt,

2244 4218 2455 4270 vestrae
2503 4210 2882 4269 correctionis
2930 4209 3077 4266 lima
3131 4208 3456 4282 depuretis,
3506 4206 3583 4262 ad
3635 4205 3846 4261 lumen

2244 4301 2504 4359 veritatis
2534 4300 2913 4357 charitatisve
2941 4299 3317 4365 reducentes,
3350 4312 3500 4353 meae
3526 4292 3846 4366 imperitiae

2245 4396 2301 4448 et
2326 4390 2627 4449 brevitatis
2652 4389 2870 4462 inopiae
2892 4388 3131 4445 veniam
3160 4385 3524 4444 concedatis.

1426 4566 1901 4635 SEQUUNTUR
1940 4569 2379 4627 OPINIONES
2413 4568 2898 4626 GRzECORUM.

487 4696 768 4754 Rationes
813 4695 1155 4751 Graecorum
1185 4691 1267 4749 ad
1283 4692 1545 4761 primum
1576 4694 1903 4767 articulum
1925 4712 1945 4748 .·
1977 4694 2137 4767 quod

691 4768 955 4838 Spiritus
980 4772 1223 4822 sam-tus
1248 4780 1368 4819 non
1382 4764 1674 4833 procedat
1697 4780 1734 4820 a
1752 4765 1930 4821 Filio.

557 4875 739 4945 Igitur
767 4873 953 4930 Graeci
978 4873 1242 4945 primum
1271 4869 1588 4926 articulum
1615 4869 1738 4925 suis
1776 4872 2132 4945 rationibus,

486 4966 544 5019 et
571 4963 994 5020 auctoritatum
1017 4959 1369 5017 testimoniis
1401 4957 1721 5015 defendere
1742 4957 2031 5032 volentes,
2053 4962 2136 5019 ita

485 5051 837 5124 procedunt.

557 5140 794 5196 Primo:
830 5139 888 5197 Si
913 5138 1162 5212 Spiritus
1188 5140 1451 5205 sanctus,
1479 5136 1779 5210 inquiunt,
1815 5138 2138 5211 procedita

484 5228 1012 5295 Patre,secundum
1026 5226 1434 5298 Evangelium,
1451 5227 1833 5299 autprocedit
1846 5228 2136 5301 perfecte;

487 5320 631 5385 sive,
667 5318 769 5376 illa
807 5317 1114 5391 processio
1143 5316 1405 5389 perfecta
1442 5321 1554 5387 est,
1588 5322 1691 5373 aut
1711 5332 1873 5373 non:
1928 5318 1978 5374 si
2004 5333 2137 5390 per-

483 5409 656 5479 fecta,
684 5414 749 5465 ut
776 5406 1137 5473 concedetis,
1164 5421 1351 5479 quare
1390 5421 1638 5462 necesse
1672 5411 1784 5476 est,
1828 5411 1889 5463 ut
1919 5423 1955 5463 a
1994 5407 2135 5464 Filio

2244 4694 2533 4768 procedat
2562 4694 2811 4767 Spiritus
2834 4694 3114 4749 sanctus?
3138 4694 3287 4762 Ergo
3309 4688 3845 4763 superﬂuitsecun-

2244 4785 2326 4842 da
2362 4785 2686 4857 processio,
2725 4782 2894 4856 quod
2934 4786 3023 4838 est
3064 4779 3460 4854 superﬂuum,
3492 4784 3595 4835 aut
3634 4779 3843 4834 incon«

2241 4874 2489 4931 veniens
2519 4874 2579 4929 in
2607 4872 2940 4929 Divinitate.
2976 4874 3148 4942 Ergo,
3182 4875 3292 4927 etc.

2318 4964 2482 5030 Item,
2513 4978 2651 5018 cum
2687 4976 2811 5017 una
2855 4960 2931 5016 sit
2953 4975 3141 5015 causa
3168 4964 3227 5015 et
3254 4958 3388 5014 fons
3418 4957 3477 5013 in
3506 4956 3840 5028 Divinitate,

2245 5051 2463 5109 scilicet
2500 5055 2687 5121 Pater,
2715 5055 2837 5107 tam
2884 5049 3057 5106 Filius
3097 5064 3285 5121 quam
3313 5047 3565 5120 Spiritus
3593 5050 3844 5102 sanctus

2244 5140 2540 5197 exsistunt
2566 5154 2603 5197 a
2632 5142 2821 5207 Patre,
2848 5138 2942 5194 ille
2970 5150 3075 5210 per
3103 5137 3572 5209 generationem,
3603 5135 3711 5191 iste
3736 5150 3851 5208 per

2244 5229 2717 5302 processionem.
2743 5228 2857 5285 Sed
2886 5228 2935 5282 si
2961 5242 2998 5283 a
3025 5226 3166 5282 Filio
3187 5225 3413 5282 exsistit
3441 5229 3545 5281 aut
3572 5224 3850 5297 procedit

2248 5318 2497 5391 Spiritus
2524 5322 2795 5387 sanctus,
2819 5316 2997 5373 etiam
3030 5314 3203 5371 Filius
3225 5314 3333 5370 erit
3370 5329 3556 5371 causa
3593 5312 3849 5385 Spiritus

2246 5409 2457 5477 sancti,
2483 5412 2543 5465 et
2558 5408 2640 5465 ita
2660 5406 2796 5464 duae
2823 5421 3024 5465 causa:
3050 5421 3063 5461 :
3087 5408 3143 5461 et
3171 5420 3278 5478 per
3297 5417 3698 5476 consequens,
3719 5402 3849 5461 duo

552 5562 633 5643 (1)
669 5560 815 5622 Male
843 5576 859 5631 ;
889 5558 1131 5621 Photius
1159 5558 1321 5619 enim
1346 5574 1384 5619 a
1411 5558 1660 5621 Photino
1688 5558 1797 5620 fuit
1817 5522 1996 5634 plane
2024 5560 2319 5621 diversus.
2354 5561 2491 5621 Bas.
