4106 6222
1075 45 1118 68 ξι

617 95 702 119 ιον.-
727 93 788 119 .”·

117 163 162 178 ..η
407 177 448 179 .-

102 369 219 426 489

106 491 424 586 principia
442 490 505 548 in
535 491 868 551 Divinitate.
918 491 1035 551 Sed
1065 491 1182 550 hoc
1217 493 1308 551 est
1333 491 1787 555 inconveniens.
1817 494 1867 550 Α
1898 499 2184 586 Spiritum
2206 503 2346 577 Filii,
2406 507 2499 564 vel
2525 509 2694 582 quod
2726 511 2977 586 Spiritus
3005 515 3274 576 mittatur
3338 537 3378 580 a
3407 523 3547 585 Filio

103 580 325 652 Igitur,
357 584 466 637 etc.

176 669 422 725 Tertio:
452 669 601 728 Item
631 670 695 728 in
722 673 952 729 Joanne
1006 669 1148 728 dicit
1195 671 1422 729 Veritas
1473 672 1787 748 discipulis

107 757 267 814 suis:
303 759 526 817 Omnia
551 776 925 835 qutecunque
949 760 1160 818 audivi
1187 775 1225 817 a
1252 762 1441 820 Patre
1464 778 1612 835 meo,
1641 771 1787 824 nota

105 851 229 919 feci
257 851 434 907 vobis
465 852 506 905 ¹.
545 851 654 908 Ubi
693 851 837 909 dicit
857 852 1099 911 Glossa:
1135 873 1164 900 ‹‹
1201 852 1419 910 Omnia
1441 855 1786 914 necessaria

109 939 184 995 ad
212 939 485 998 salutem
517 942 743 1016 scripta
791 947 933 1000 sunt
955 942 1018 1000 in
1050 941 1388 1014 Evangelia.
1414 965 1444 995 n
1477 944 1592 1002 Sed
1638 945 1784 1002 illud

109 1045 233 1085 non
261 1033 362 1087 est
391 1031 684 1104 scriptum
716 1031 778 1088 in
833 1030 1196 1104 Evangelia;
1251 1047 1395 1104 ergo
1428 1047 1553 1090 non
1591 1038 1683 1091 est
1707 1034 1784 1092 de

110 1119 479 1176 necessariis
525 1119 605 1177 ad
651 1121 926 1179 salutem.
983 1123 1137 1192 Ergo
1161 1135 1288 1178 non
1333 1125 1608 1179 tenemur
1662 1139 1786 1181 cre-

112 1207 276 1264 dere.
315 1209 442 1266 Sed
468 1224 604 1282 qua:
644 1226 788 1268 vera
813 1215 952 1267 sunt
980 1215 1254 1267 tenemur
1296 1210 1562 1280 credere,
1596 1216 1655 1270 et
1687 1228 1786 1269 ve-

113 1297 337 1364 nerari,
361 1298 633 1356 maxime
680 1315 817 1373 quae
847 1299 1117 1357 divinam
1143 1299 1469 1357 essentiam
1507 1301 1788 1361 videntur

113 1385 476 1460 praedicare.
511 1387 626 1446 Sed
649 1388 812 1447 istud
842 1405 967 1447 non
995 1393 1270 1447 tenemur
1307 1389 1571 1448 credere.
1632 1393 1786 1464 Ergo

117 1490 238 1532 non
263 1479 358 1533 est
387 1492 631 1534 verum.

189 1565 420 1631 Quarto
447 1582 626 1623 :cum
649 1566 875 1624 Veritas
906 1568 1128 1626 faceret
1147 1569 1518 1627 mentionem
1551 1568 1626 1627 de
1652 1585 1786 1644 pro-

124 1654 392 1710 cessione
407 1654 666 1728 Spiritus
701 1655 892 1713 sancti
925 1656 1003 1713 ait
1024 1657 1169 1725 :Qui
1192 1673 1229 1714 a
1249 1659 1436 1716 Patre
1455 1659 1724 1729 procedit
1742 1663 1786 1730 ³,

125 1757 242 1798 non
269 1742 460 1800 dixit:
503 1744 568 1800 Et
590 1759 626 1799 a
657 1743 824 1801 Filio.
865 1744 1037 1811 Quod
1069 1745 1117 1802 si
1161 1745 1382 1803 Veritas
1411 1746 1576 1804 aliud
1622 1746 1791 1804 intel-

1483 367 1765 430 CONTRA
1798 370 2094 435 GRECOS

3440 399 3548 468 690

1895 585 2012 643 hoc
2030 589 2326 649 habuistis
2362 611 2377 650 :
2403 595 2627 668 sciatis,
2649 615 2758 657 vos
2778 601 2874 659 vel
2892 619 3017 660 non
3037 605 3366 680 intelligere
3399 614 3548 671 Scri-

1894 682 2127 752 pturas,
2183 681 2276 738 vel
2329 683 2658 744 intellectas
2716 691 2980 750 studiose
3033 703 3388 768 pervertere,
3442 707 3549 765 aut

1894 771 2050 824 certe
2079 784 2188 841 per
2213 770 2622 844 ignorantiam
2649 777 2908 837 multum
2938 797 2977 838 a
3000 784 3246 844 veritate
3299 793 3357 845 et
3407 806 3546 848 san-

1893 860 2125 955 ctorum
2155 860 2628 933 expositionibus
2655 867 2918 927 deviare.
2951 873 3146 938 Quare
3176 875 3256 932 ad
3283 892 3418 945 nos,
3440 882 3548 955 qui

1891 944 2085 1002 fontes
2116 963 2349 1017 sumus,
2382 951 2724 1022 redeuntes,
2770 959 2978 1016 audire
3035 965 3301 1034 poteritis
3330 944 3547 1027 verita-

1891 1035 2286 1130 tem._Dicitur
2312 1039 2493 1130 igitur
2523 1043 2776 1116 Spiritus
2808 1048 2951 1121 Filii,
3011 1066 3135 1109 non
3162 1055 3310 1128 quia
3338 1073 3546 1130 proce-

1891 1123 1979 1181 dit
2004 1125 2082 1221 ab
2119 1142 2210 1197 eo,
2243 1129 2348 1185 sed
2377 1132 2667 1203 quoniam
2721 1137 2953 1196 ratione
2981 1123 3202 1200 divina;
3252 1123 3543 1221 essentiae,

1893 1219 1986 1271 est
2014 1214 2068 1272 ei
2096 1218 2644 1280 consubstantialis.

1967 1303 2134 1400 Item,
2180 1306 2618 1400 diciturmitti,
2669 1317 2766 1372 vel
2818 1317 2950 1375 dari
3001 1336 3038 1380 a
3099 1323 3240 1382 Filio
3291 1328 3546 1400 Spiritus

1896 1398 2164 1461 sanctus,
2195 1397 2341 1468 quia
2370 1398 2450 1455 ab
2477 1399 2610 1473 ipso
2638 1403 2910 1476 mittitur,
2935 1407 3015 1464 ad
3042 1397 3546 1476 sanctiﬁcandum

1895 1489 2221 1552 creaturas,
2267 1485 2506 1545 sicutin
2533 1491 2766 1549 Joanne
2816 1493 2945 1567 ipse
2997 1500 3248 1558 testatur
3291 1503 3544 1564 dicens:
3659 1500 3682 1520 ’

1895 1572 1962 1628 Si
2005 1589 2126 1630 non
2145 1574 2364 1644 abiero,
2407 1579 2766 1638 Paractetus
2787 1600 2906 1641 non
2925 1589 3118 1644 veniet
3133 1590 3216 1646 ad
3231 1607 3332 1649 vos
3358 1595 3414 1650 si
3437 1609 3548 1651 au-

1899 1665 2011 1718 tem
2045 1662 2266 1730 abiero,
2295 1667 2529 1724 mittam
2551 1685 2683 1726 eum
2703 1671 2787 1727 ad
2819 1688 2917 1730 vos
2933 1676 2976 1730 ³.
3014 1678 3189 1743 Quod
3217 1694 3361 1738 vero
3405 1682 3550 1742 alibi

1897 1749 2040 1806 dicit
2062 1751 2191 1824 ipse
2222 1753 2396 1810 Filius
2420 1773 2433 1811 :
2465 1759 2584 1814 1th
2607 1774 2699 1816 me
2747 1762 3127 1833 ctariﬁcabit,
3155 1769 3300 1840 quia
3325 1771 3399 1828 de
3421 1787 3550 1830 meo

127 1831 385 1902 Iexisset,
437 1830 604 1888 aliud
641 1832 930 1902 dixisset;
993 1849 1107 1904 ego
1159 1839 1364 1892 autem
1403 1831 1599 1892 verbis
1657 1836 1788 1908 ejus
1825 1855 1866 1910 Β
1899 1842 2148 1911 accipiet
2175 1844 2216 1908 ⁸,
2250 1843 2706 1917 intelligendum
2735 1855 2848 1920 est,
2901 1830 2980 1909 de
3024 1830 3379 1916 meo-Patre.
3414 1862 3550 1918 0m-

131 1920 349 1977 addere
387 1936 519 1978 non
549 1921 770 1994 audeo,
800 1937 911 1980 nec
939 1938 1261 1996 praesumo.

199 2008 371 2066 Item:
406 2012 540 2067 Non
574 2008 771 2067 solum
801 2011 1065 2068 Christus
1101 2011 1218 2068 hoc
1261 2011 1463 2078 tacuit,
1513 2012 1620 2068 sed
1679 2027 1792 2070 nec

140 2097 345 2168 aliquis
382 2099 805 2172 apostolorum
834 2100 951 2158 tale
979 2100 1207 2175 aliquid
1223 2100 1404 2171 dixit;
1433 2100 1633 2158 nullus
1653 2117 1792 2160 san-

147 2191 363 2244 ctorum
392 2187 512 2245 hoc
533 2188 906 2262 praedicavit.
965 2189 1111 2258 Imo,
1166 2189 1335 2263 quod
1377 2189 1514 2263 plus
1560 2194 1672 2262 est,
1730 2191 1792 2248 in

155 2275 392 2333 editione
419 2292 580 2333 vera:
611 2276 772 2347 fidei,
808 2282 1018 2336 sancta
1041 2277 1296 2336 concilia
1315 2278 1463 2335 nihil
1483 2295 1664 2353 super
1675 2279 1793 2337 hoc

167 2362 505 2422 deﬁnierunt
528 2383 543 2434 ;
568 2365 676 2422 sed
702 2371 996 2438 ponentes
1015 2367 1077 2423 in
1096 2366 1407 2440 Symbolo,
1438 2383 1574 2441 quas
1593 2384 1795 2426 neces-

178 2453 318 2508 saria
335 2460 462 2510 sunt
481 2453 555 2511 ad
579 2455 858 2527 salutem,
883 2471 1129 2512 omnem
1149 2455 1542 2525 additionem,
1563 2456 1794 2530 exposi-

175 2539 398 2608 tionem,
453 2543 914 2601 declarationem
972 2544 1088 2601 sub
1117 2543 1524 2602 anathematis
1554 2545 1796 2603 vinculo

169 2629 564 2690 concluserunt
588 2637 646 2690 et
672 2633 1026 2706 rejecerunt.

224 2721 357 2776 ltem
397 2721 571 2778 multi
607 2728 955 2780 nostrorum
992 2723 1306 2780 doctorum
1338 2739 1601 2797 quorum
1647 2723 1800 2782 anti-

143 2808 431 2879 quissima
444 2811 669 2884 scripta
681 2811 846 2884 apud
858 2827 971 2869 nos
985 2827 1178 2886 usque
1192 2812 1373 2870 hodie
1385 2817 1800 2887 perseverant,

158 2900 213 2952 ut
236 2897 645 2972 Theodoritus,
680 2905 736 2958 et
773 2901 1023 2975 quidam
1049 2901 1166 2974 alii,
1221 2903 1592 2960 contrarium
1619 2903 1803 2976 hujus

157 2987 438 3058 opinionis
469 2994 683 3047 vestra:
725 2991 1090 3064 scripserunt
1111 2997 1169 3049 et
1195 2992 1655 3050 mandaverunt.
1690 2995 1804 3050 Da-

153 3090 458 3134 mascenus
488 3093 758 3153 quoque,
789 3079 966 3151 cujus
1009 3081 1245 3153 scriptis
1279 3085 1436 3138 certe
1495 3081 1804 3139 contradi-

154 3179 270 3224 cere
285 3183 406 3224 non
444 3169 716 3242 potestis,
749 3169 957 3226 volens
982 3169 1324 3242 ostendere,
1356 3170 1523 3244 quod
1553 3175 1675 3227 tam
1715 3171 1803 3228 Fi-

153 3253 256 3313 lius
282 3274 475 3332 quam
504 3259 758 3332 Spiritus
777 3265 1022 3317 sanctus
1067 3261 1364 3317 exsistunt
1423 3277 1459 3318 a
1512 3264 1698 3329 Patre,
1751 3267 1809 3320 et

155 3347 303 3420 quod
325 3349 586 3421 Spiritus
611 3353 855 3406 sanctus
883 3364 1006 3406 non
1055 3348 1326 3423 procedit
1355 3365 1392 3406 a
1422 3349 1583 3418 Filio,
1617 3354 1805 3408 meta-

157 3436 394 3509 phoram
415 3437 593 3494 vocis
615 3443 674 3494 et
690 3437 1024 3495 intellectus
1065 3438 1375 3496 adducens
1400 3439 1460 3496 in
1513 3438 1802 3508 medium,

160 3525 540 3584 aitznPrimo
583 3531 672 3584 est
696 3526 1048 3594 intellectus,
1093 3527 1312 3584 deinde
1358 3527 1613 3584 verbum
1644 3533 1806 3586 exte-

159 3615 284 3682 rius,
314 3616 547 3672 scilicet
585 3631 743 3686 vox;
795 3616 1038 3689 spiritus
1080 3620 1284 3673 autem
1326 3616 1670 3673 vehiculum
1719 3621 1810 3676 est

161 3703 325 3760 verbi.
351 3704 698 3762 Intellectus
747 3705 929 3776 igitur
959 3705 1178 3762 format
1204 3720 1438 3774 vocem,
1489 3711 1545 3762 et
1583 3706 1645 3762 in
1674 3705 1809 3780 ipsa

162 3794 365 3864 spirata
393 3793 740 3850 ostenditur
762 3793 1117 3851 intellectus.
1163 3796 1227 3850 Et
1264 3793 1598 3851 intellectus
1631 3794 1804 3861 Patri,

160 3885 208 3937 et
232 3883 489 3940 verbum
513 3882 678 3949 Filio,
712 3883 952 3956 spiritus
997 3882 1236 3956 Spiritui
1289 3888 1498 3940 sancto
1538 3881 1806 3940 attribui-

161 3974 256 4026 tur.
279 3972 444 4028 Sicut
477 3987 620 4043 ergo
640 3972 942 4040 videmus,
968 3972 1132 4044 quod
1155 3972 1234 4028 ab
1255 3971 1556 4028 intellectu
1599 3987 1806 4044 proce-

157 4058 229 4116 dit
254 4061 504 4134 spiritus
550 4065 607 4117 et
646 4077 766 4117 vox
795 4066 852 4118 et
879 4077 1003 4118 non
1053 4061 1296 4134 spiritus
1353 4077 1389 4118 a
1435 4076 1620 4132 voce;
1663 4061 1805 4119 sica

157 4149 302 4206 Patre
328 4150 612 4224 procedit
630 4149 808 4207 Filius
860 4155 916 4208 et
970 4151 1220 4224 Spiritus
1268 4154 1530 4222 sanctus,
1575 4155 1633 4208 et
1678 4165 1802 4208 non

159 4237 383 4307 Spiritus
413 4242 668 4296 sanctus
708 4239 927 4298 aFilio.
967 4262 994 4288 »

216 4329 587 4403 Epiphanius
612 4334 876 4399 sanctus,
906 4328 1226 4402 episcopus
1283 4328 1482 4402 Cypri,
1532 4329 1594 4385 in
1645 4327 1799 4386 libro

157 4419 366 4475 Deuna
399 4420 666 4486 Deitate,
728 4418 803 4474 de
858 4419 1077 4491 Spiritu
1133 4423 1342 4475 sancto
1365 4418 1450 4473 sic
1509 4421 1794 4474 testatur:

161 4525 182 4552 ιι
210 4507 454 4578 Spiritus
490 4511 734 4564 sanctus
756 4509 908 4564 Deus
935 4511 1044 4577 est,
1068 4512 1124 4564 et
1156 4507 1405 4580 Spiritus
1443 4507 1657 4563 Christi
1685 4511 1792 4579 est,

159 4607 260 4650 non
289 4596 634 4655 secundum
665 4597 934 4670 aliquam
962 4597 1484 4670 compositionem,
1502 4595 1796 4670 quemad-

160 4684 472 4743 modumin
491 4685 670 4743 nobis
699 4702 923 4760 corpus
943 4690 1001 4742 et
1016 4685 1222 4742 anima
1239 4703 1252 4740 :
1269 4685 1493 4742 scilicet
1513 4685 1575 4742 in
1594 4685 1796 4742 medio

162 4773 318 4832 Patris
354 4783 414 4834 et
441 4775 592 4834 Filii.
617 4796 649 4831 ›
671 4780 800 4833 Non
839 4792 982 4848 ergo
1028 4775 1335 4833 mediante
1383 4775 1548 4845 Filio,
1579 4779 1648 4832 ut
1685 4791 1795 4833 vos

160 4859 415 4938 deliratis,
441 4865 724 4939 procedit
772 4865 1018 4938 Spiritus
1066 4870 1312 4922 sanctus
1339 4867 1603 4930 aPatre;
1654 4880 1794 4921 cum

160 4955 474 5012 secundum
489 4955 674 5012 Patris
684 4954 866 5026 hujus
880 4969 1114 5021 vocem,
1143 4953 1380 5010 medius
1393 4953 1548 5010 inter
1560 4955 1794 5011 Patrem

68 5081 70 5084 .
160 5043 204 5094 et
227 5042 427 5101 Filium
459 5043 774 5100 ordinetur
803 5042 1061 5116 Spiritus
1091 5047 1363 5098 sanctus.

70 5173 72 5184 ς
213 5131 368 5197 Item,
390 5132 534 5206 quis
552 5131 730 5190 vobis
767 5131 883 5188 hoc
899 5129 1188 5188 revelavit
1205 5130 1236 5186 ‘i
1259 5129 1424 5187 Unde
1447 5128 1745 5187 habuistis
1765 5130 1796 5186 τ

70 5219 72 5265 F
161 5216 326 5280 Quare
340 5222 526 5278 etiam
547 5220 725 5277 nobis
749 5220 868 5277 hoc
888 5235 1010 5276 non
1042 5219 1154 5277 fuit
1193 5219 1524 5277 revelatum
1545 5219 1573 5275 ?
1600 5221 1794 5286 Quare

161 5303 206 5361 in
217 5308 499 5380 Symbolo
511 5309 626 5367 tale
636 5308 934 5382 quiddam
943 5308 1004 5366 in
1010 5308 1471 5382 seruistis,quod
1482 5323 1792 5382 nusquam

163 5397 396 5462 positum
410 5398 522 5456 fuit
534 5414 573 5456 a
584 5397 811 5456 sanctis
823 5397 1099 5455 Patribus
1112 5397 1141 5453 ?
1153 5397 1212 5454 Si
1221 5412 1361 5454 vero
1380 5396 1790 5471 quorumdam

164 5486 458 5546 verborum
494 5488 815 5547 occasione
842 5487 1062 5545 divinas
1089 5487 1430 5560 Scripturaa,
1458 5485 1790 5546 dicentium

1898 1928 2000 1985 nia
2027 1929 2208 1998 enim,
2239 1946 2377 2003 quae
2398 1935 2585 1990 Patris
2607 1942 2766 2007 sunt,
2788 1942 3053 2013 exceptis
3080 1946 3550 2018 proprietatibus

1898 2018 2338 2090 personalibus,
2371 2025 2727 2082 communia
2759 2033 2900 2086 sunt
2920 2031 3153 2105 utrique
3184 2049 3200 2088 :
3232 2037 3549 2109 proprium

1899 2105 2160 2163 dicimus
2195 2124 2323 2165 esse
2354 2111 2526 2178 Patri,
2558 2117 2624 2169 ut
2653 2114 2732 2170 ab
2760 2115 2893 2188 ipso
2923 2121 3179 2192 tantum,
3221 2105 3280 2181 et
3319 2105 3443 2184 n—on
3469 2127 3550 2184 ab

1898 2195 2018 2253 alio
2045 2196 2334 2270 procedat
2360 2198 2609 2273 Spiritus
2642 2207 2910 2264 sanctus.

2112 2335 2432 2404 Responsio
2465 2343 2679 2397 contra
2707 2343 2909 2411 prima
2940 2344 3057 2401 duo
3082 2345 3338 2418 objecta.

1976 2451 2072 2507 llis
2101 2450 2355 2523 aliisque
2385 2468 2573 2525 quam
2612 2455 2888 2528 plurimis
2940 2461 3385 2534 conaminibus,
3417 2481 3555 2540 quae

1906 2556 2091 2598 causa
2119 2539 2424 2597 brevitatis
2454 2557 2578 2600 non
2611 2550 2750 2602 sunt
2779 2547 2977 2619 posita
3002 2549 3126 2620 (illa
3155 2557 3357 2610 autem
3417 2539 3556 2629 quae

1908 2630 2104 2700 magis
2132 2631 2353 2687 usitata
2384 2635 2546 2701 sunt,
2578 2635 2775 2705 posita
2801 2638 2980 2709 sunt),
3041 2645 3314 2700 sanctam
3345 2646 3560 2702 Roma-

1909 2735 2054 2776 nam
2085 2719 2409 2777 Ecclesiam
2439 2737 2700 2792 errasse,
2731 2729 2790 2781 et
2838 2726 2898 2782 in
2931 2743 3230 2788 canonem
3262 2732 3401 2790 latae
3433 2751 3564 2792 sen-

1911 2807 2102 2865 tentia:
2132 2808 2436 2881 incidisse,
2470 2811 2842 2870 mendaciter
2891 2815 3145 2875 fatentes
3171 2823 3369 2890 Graeci,
3402 2823 3566 2882 debi-

1913 2901 2036 2953 tam
2068 2896 2474 2954 obedientiam
2504 2903 2562 2955 et
2602 2903 3000 2962 reverentiam
3056 2907 3336 2968 devotam
3368 2913 3567 2970 eidem

1913 2985 2186 3042 Ecclesiae
2206 2987 2364 3057 juste
2389 3003 2453 3044 se
2483 2987 2872 3056 subtraxisse,
2905 2992 3254 3053 hominibus
3281 2999 3564 3074 simplici-

1916 3073 2034 3130 bus
2060 3075 2422 3148 persuadere
2467 3076 2766 3135 laborant.
2821 3083 2937 3137 Nos
2987 3098 3130 3141 vero
3158 3085 3364 3155 Latini,
3391 3087 3484 3144 his
3509 3095 3568 3147 et

1917 3164 2047 3220 aliis
2077 3165 2454 3222 contumeliis
2481 3166 2616 3224 Ioco
2644 3184 2753 3224 suo
2784 3169 3071 3240 dimissis,

1987 3252 2074 3309 Ad
2097 3253 2359 3326 primum
2383 3259 2440 3311 et
2460 3257 2795 3313 secundum
2817 3259 3126 3331 objectum
3145 3278 3333 3323 unam
3351 3266 3568 3325 dantes

1916 3343 2376 3415 responsionem
2435 3343 2516 3400 sic
2570 3345 2896 3404 solvimus:
2953 3351 3354 3410 Concedimus
3403 3358 3569 3429 quod

1915 3432 2097 3506 plena
2117 3438 2172 3491 et
2193 3432 2455 3508 perfecta
2497 3436 2883 3506 processione
2905 3440 3173 3514 procedit
3194 3456 3230 3497 a
3253 3442 3393 3500 Filio
3418 3463 3430 3500 :
3456 3459 3570 3501 nec

1916 3527 2118 3580 tamen
2144 3523 2412 3596 sequitur
2459 3523 2628 3596 quod
2683 3524 2801 3581 sint
2854 3526 2988 3582 duae
3044 3531 3478 3601 processiones,
3510 3538 3572 3594 et

1919 3627 2042 3668 una
2067 3628 2276 3669 earum
2326 3611 2652 3684 superﬂua,
2707 3613 2850 3686 quia
2905 3615 2962 3672 in
2994 3615 3097 3674 illa
3124 3611 3572 3693 simplicissima

1919 3701 2247 3758 Divinitatis
2296 3705 2532 3770 natura,
2586 3717 2694 3758 nec
2750 3718 3038 3760 numerus
3063 3707 3566 3782 vicissitudinum,

1917 3805 2028 3846 nec
2059 3789 2346 3862 temporis
2371 3790 2648 3860 varietas,
2680 3806 2791 3847 nec
2822 3793 3031 3850 localis
3061 3797 3298 3868 positio,
3326 3815 3436 3856 nec
3461 3803 3572 3858 ﬂu-

1915 3895 2049 3946 xus,
2109 3894 2222 3935 nec
2277 3878 2506 3944 incisio,
2561 3895 2673 3935 nec
2728 3881 3128 3956 interstitium,
3177 3891 3283 3944 aut
3306 3889 3568 3961 spatium

1916 3970 2205 4041 temporis
2263 3968 2477 4025 cadere
2535 3974 2748 4041 potest.
2802 3971 2941 4026 Inde
2972 3977 3080 4041 est,
3112 3976 3279 4046 quod
3303 3977 3405 4033 illa
3432 3993 3568 4050 pro-

1913 4059 2105 4114 cessio
2155 4073 2280 4130 qua
2333 4057 2584 4130 Spiritus
2633 4062 2878 4115 sanctus
2925 4063 3196 4132 procedit
3252 4080 3287 4120 a
3319 4068 3483 4124 Patre
3507 4071 3569 4126 et

1915 4147 2055 4204 Filio
2077 4163 2186 4202 nec
2207 4145 2514 4202 intervallo
2534 4148 2843 4220 temporis,
2865 4163 2975 4205 nec
3021 4151 3215 4224 spatio
3262 4153 3399 4225 loci,
3423 4170 3565 4213 eum

1910 4252 2035 4293 non
2067 4236 2138 4291 sit
2168 4235 2333 4308 prius
2362 4233 2459 4290 vel
2494 4235 2811 4306 posterius,
2849 4238 3000 4295 alias
3053 4242 3396 4312 perﬁcitur:
3454 4248 3566 4305 sed

1911 4325 2089 4382 simul
2143 4328 2201 4380 et
2255 4324 2440 4380 semel
2490 4329 2582 4380 est
2611 4340 2646 4380 a
2677 4325 2847 4383 Patre
2882 4332 2938 4384 et
2999 4329 3176 4400 Pilio;
3210 4349 3245 4388 a
3275 4336 3443 4392 Patre
3468 4340 3564 4393 ta-

1908 4430 2048 4472 men
2075 4412 2426 4486 procedens,
2484 4413 2791 4472 mediante
2817 4415 2978 4480 Filio,
3037 4420 3370 4478 secundum
3401 4426 3564 4482 testi-

1905 4504 2116 4560 monia
2145 4502 2388 4558 inferius
2407 4503 2629 4576 posita,
2660 4505 2931 4576 procedit
2959 4525 2971 4562 :
3003 4506 3068 4564 id
3093 4513 3204 4574 est,
3236 4509 3352 4568 hoc
3379 4512 3564 4572 habet

1909 4593 2148 4650 Filiusa
2193 4593 2381 4660 Patre,
2433 4595 2500 4646 ut
2553 4591 2632 4647 ab
2685 4594 2820 4666 ipso
2873 4595 3162 4667 procedat
3212 4602 3268 4654 et
3307 4601 3563 4674 spiretur

1909 4681 2157 4756 Spiritus
2211 4684 2478 4752 sanctus,
2536 4681 2806 4738 mittatur
2859 4687 2915 4739 et
2966 4684 3157 4741 detur.
3191 4687 3356 4744 Unde
3393 4693 3451 4745 et
3479 4689 3558 4746 ad

1903 4771 2104 4845 ipsum
2135 4773 2393 4839 Patrem,
2440 4768 2515 4824 de
2541 4785 2666 4842 quo
2717 4770 2899 4827 etiam
2928 4771 3113 4829 habet
3175 4774 3348 4831 Filius
3375 4791 3558 4832 omne

1902 4860 2068 4934 quod
2101 4875 2280 4915 suum
2310 4862 2418 4924 est,
2445 4858 2729 4924 referens,
2762 4864 2819 4914 ct
2842 4859 2891 4915 ei
2953 4863 3146 4917 totum
3203 4862 3555 4933 attribuens,

1899 4949 2047 5006 dicit
2074 4948 2240 5021 apud
2269 4948 2566 5004 Joannem
2599 4965 2611 5002 :
2643 4949 2780 5004 Mea
2803 4947 3104 5018 doctrina,
3128 4966 3249 5007 non
3289 4957 3374 5009 est
3401 4969 3553 5022 mea,

1900 5039 2006 5096 sed
2036 5040 2164 5109 ejus
2196 5037 2304 5108 qui
2332 5037 2490 5092 misit
2524 5051 2615 5092 me
2647 5038 2690 5092 ⁵.
2731 5038 2793 5092 Et
2835 5037 3089 5095 iterum:
3127 5040 3274 5097 Cum
3328 5045 3558 5100 venerit

1899 5128 2277 5195 Paractetus,
2291 5139 2462 5196 quem
2474 5139 2568 5196 ego
2579 5126 2812 5182 mittam
2829 5127 3009 5194 vobis,
3025 5128 3319 5200 Spiritum
3339 5135 3554 5190 verita-

1903 5217 1998 5286 tis,
2025 5217 2129 5288 qui
2159 5230 2198 5272 a
2229 5215 2418 5270 Patre
2438 5214 2711 5284 procedit
2745 5217 2808 5283 ⁶;
2842 5230 2914 5271 ac
2971 5215 3022 5272 si
3080 5217 3304 5276 diceret
3338 5220 3550 5277 Filius:

1899 5309 2134 5364 Patrem
2165 5308 2398 5360 tantum
2455 5303 2516 5358 in
2560 5304 2946 5373 processione
2978 5305 3230 5379 Spiritus
3259 5309 3550 5366 nomino:

1898 5395 2044 5469 quia
2071 5407 2252 5450 omne
2281 5390 2446 5466 quod
2473 5390 2693 5460 habeo,
2725 5393 2954 5452 ratione
2997 5410 3133 5452 esse
3165 5399 3221 5453 et
3248 5387 3550 5471 principii,

1901 5485 1979 5542 ab
2008 5484 2145 5558 ipso
2174 5485 2364 5550 Patre,
2392 5480 2498 5554 qui
2533 5485 2623 5538 est
2650 5497 2836 5540 causa
2874 5489 2930 5540 et
2957 5485 3322 5559 principium
3352 5485 3418 5544 in
3460 5485 3550 5543 di-

220 5640 427 5701 ;Joan.
457 5657 557 5707 xv,
585 5645 668 5697 15.
745 5641 769 5675 ²
797 5637 946 5696 ibid.
977 5641 1069 5695 26.
1145 5639 1169 5674 ³
1195 5639 1371 5698 Joan.
1399 5655 1513 5710 xvr,
1544 5645 1598 5702 7.
1676 5639 1699 5678 ⁴
1723 5635 1876 5696 Ibid.
1903 5638 1988 5697 14.
2063 5637 2084 5672 ⁵
2110 5637 2279 5694 toan.
2310 5645 2412 5705 ut,
2449 5636 2532 5692 t6.
2609 5635 2632 5670 ⁸
2655 5635 2825 5694 toan.
2856 5651 2954 5708 xv,
2984 5641 3074 5695 26.

495 5715 738 5770 PLTBOL.
778 5712 882 5769 Gn.
921 5713 1074 5768 CXL.

3038 5714 3105 5766 16

3991 0 4041 1488 ζ

4031 1497 4043 1582 i

4043 1624 4045 1660 |

4043 1685 4045 1714 |

4047 1838 4049 1868 |

4049 1950 4051 1986 Ι

4051 2064 4053 2088 |

4051 2131 4055 2226 i!

4051 2249 4057 2330 1
