4106 6222
544 328 647 402 soi
1777 334 2257 405 PANTALEONIS
2296 340 2577 404 DIACONI
2612 339 2717 403 CP.
3877 343 3988 402 492

544 468 815 539 vinitate,
834 483 932 524 me
951 442 1175 524 habere
1195 481 1522 537 cognosco.
1545 468 1694 525 Nam
1733 473 1799 525 ut
1836 487 1871 527 a
1895 470 2032 527 Filio
2058 488 2195 545 pro-
2227 474 2275 528 A
2304 476 2487 542 ctum,
2538 473 2725 527 Deum
2778 475 2835 527 et
2888 470 3218 534 viviﬁcum,
3267 485 3341 527 ex
3388 471 3555 526 Patre
3611 484 3721 541 per
3753 469 3977 526 Filium

547 558 722 615 cedat
752 558 1002 629 Spiritus
1033 560 1298 623 sanctus,
1358 555 1474 613 hoc
1497 556 1684 614 habet
1714 557 1892 615 Filius
1921 576 1957 617 a
1986 563 2191 629 Patre;
2302 560 2749 634 procedentem.
2784 583 2813 609 »

542 647 722 704 Pater
748 661 891 702 vero
920 661 1044 703 non
1083 645 1161 702 ab
1190 646 1325 713 alio,
1360 645 1469 701 sed
1498 662 1535 702 a
1561 662 1622 702 se
1652 653 1906 705 tantum.
2380 649 2622 706 Basilius
2670 649 2731 704 in
2780 665 3057 705 sermone
3088 650 3164 705 de
3193 648 3392 704 Trinit.
3446 649 3551 722 qui
3599 648 3684 704 sic
3717 648 3977 721 incipit:

614 736 799 793 Istam
852 736 1055 807 itaque
1084 734 1482 792 differentiam
1514 737 1667 792 sacri
1723 737 2022 805 doctores,
2054 739 2193 795 fidei

542 824 721 881 oculo
750 823 1046 880 interioris
1095 822 1358 879 hominis
1415 829 1471 879 et
1501 840 1649 880 sane
1679 824 2106 896 discernentes,
2135 828 2193 883 in

541 913 744 969 multis
780 912 925 969 locis
980 912 1373 968 inveniuntur
1428 912 1672 983 dixisse,
1718 915 1884 987 quod
1942 917 2196 987 Spiritus

542 1008 785 1059 sanctus
810 1002 1082 1074 procedit
1110 1018 1146 1057 a
1204 1005 1370 1057 Patre
1414 1004 1865 1073 principaliter.
1896 1004 2001 1059 Alii
2034 1005 2197 1060 dixe-

542 1097 699 1162 runt,
734 1090 902 1162 quod
926 1092 1173 1160 proprie
1212 1106 1248 1146 a
1278 1092 1450 1146 Patre
1480 1110 1493 1145 :
1528 1091 1626 1147 alii
1649 1092 1812 1164 quod
1839 1110 1869 1147 a
1898 1093 2065 1149 Patre
2092 1110 2197 1165 per

546 1180 774 1251 Filium,
832 1181 925 1235 vel
982 1180 1122 1235 Filio
1177 1181 1498 1236 mediante.
1552 1183 1617 1236 Et
1672 1181 1807 1237 licet
1856 1198 2064 1237 verum
2126 1183 2197 1237 sit

539 1276 707 1343 quod
737 1271 927 1325 sancti
960 1274 1255 1335 asserunt,
1302 1274 1358 1324 et
1405 1271 1733 1326 contradici
1787 1287 1909 1326 non
1967 1273 2193 1344 possit:

539 1375 665 1416 non
694 1365 897 1416 tamen
928 1359 1213 1430 sequitur,
1248 1359 1416 1429 quod
1447 1362 1685 1414 Graacus
1725 1361 2015 1429 intelligit,
2049 1360 2198 1415 scili-

540 1455 655 1517 cet,
676 1450 843 1521 quod
864 1449 1023 1504 idem
1050 1448 1299 1520 Spiritus
1339 1450 1507 1518 prius
1533 1464 1569 1504 a
1594 1450 1780 1513 Patre,
1805 1450 2199 1520 postmodum

542 1555 581 1594 a
610 1539 773 1607 Filio,
805 1539 899 1593 vel
929 1538 1093 1609 quod
1120 1537 1315 1606 magis
1344 1552 1381 1591 a
1412 1540 1581 1592 Patre
1612 1554 1800 1609 quam
1833 1553 1867 1592 a
1896 1538 2037 1593 Filio
2069 1554 2199 1611 pro.

543 1629 752 1685 cedat:
788 1634 890 1683 aut
910 1627 1077 1699 quod
1095 1628 1215 1681 sint
1234 1626 1369 1681 duae
1392 1626 1830 1698 processiones,
1859 1632 1915 1683 et
1954 1643 2078 1683 una
2103 1643 2200 1684 ea-

538 1733 675 1773 rum
694 1718 1000 1788 superflua
1020 1735 1035 1786 ;
1060 1715 1165 1771 sed
1186 1715 1329 1787 quia
1345 1718 1513 1771 Pater
1552 1717 1856 1788 gignendo
1879 1717 1957 1773 ab
1979 1723 2200 1772 aeterno

2307 740 2579 808 Cognitio
2606 739 2823 803 Patris,
2858 745 3005 794 etc.:
3043 761 3069 787 ‹‹
3106 738 3442 812 Antiquitas
3476 736 3813 794 Divinitatis
3856 754 3979 793 non

2303 829 2697 898 ignorabatur
2728 829 3104 898 mysterium.
3150 828 3333 884 Verbo
3388 829 3543 883 enim
3580 829 3858 893 Domini,
3892 828 3978 881 in—

2304 919 2433 991 quit
2490 916 2828 985 Psalmista,
2896 918 3023 971 caeli
3045 918 3274 983 ﬁrmati
3303 923 3461 982 sunt,
3492 924 3545 971 et
3571 917 3807 985 Spiritu
3856 918 3979 971 oris

2306 1007 2453 1075 ejus,
2508 1007 2697 1060 omnis
2742 1006 2931 1059 virtus
2983 1021 3184 1060 eorum
3212 1007 3229 1037 τ
3259 1022 3270 1069 ;
3306 1005 3407 1059 sed
3441 1020 3549 1060 nec
3591 1004 3710 1059 alio
3748 1005 3973 1072 Verbo,

2305 1109 2491 1166 quam
2515 1093 2680 1161 Filio,
2708 1110 2813 1148 nec
2840 1093 2951 1147 alio
2993 1094 3234 1166 Spiritu,
3261 1109 3448 1164 quam
3484 1092 3704 1163 Spiritu
3731 1098 3971 1147 sancto.

2308 1186 2468 1238 Unus
2521 1183 2787 1238 estenim
2828 1182 3098 1254 Spiritus.
3147 1184 3212 1237 Et
3257 1184 3406 1237 sicut
3456 1198 3527 1236 ex
3558 1198 3657 1237 ore
3696 1182 3799 1237 Dei
3836 1199 3972 1253 pro-

2307 1272 2551 1326 veniens
2584 1271 2778 1335 Filius,
2835 1272 2917 1325 sic
2949 1272 3292 1327 Trinitatem
3332 1270 3521 1325 Verbo
3552 1271 3699 1337 unit,
3728 1275 3791 1326 et
3823 1272 3971 1326 anti-

2308 1361 2530 1431 quitus,
2563 1364 2617 1413 et
2650 1375 2832 1415 nunc.
2868 1383 2894 1407 »

2380 1461 2523 1513 Item
2542 1458 2603 1511 in
2626 1456 2862 1521 eodem,
2885 1464 3020 1513 anle
3044 1459 3226 1513 tinem
3253 1476 3263 1511 :
3305 1482 3323 1507 ι
3360 1458 3459 1513 Via
3484 1457 3581 1512 Dei
3604 1460 3967 1528 cognitionis

2310 1551 2400 1603 est
2431 1545 2507 1601 ab
2542 1562 2659 1600 uno
2686 1546 2901 1617 Spiritu
2928 1563 3034 1618 per
3071 1548 3277 1602 Filium
3304 1563 3489 1601 unum
3523 1546 3601 1601 ad
3636 1563 3835 1601 unum
3864 1550 3965 1601 Pa-

2308 1642 2480 1692 trem.
2531 1636 2826 1691 Naturalis
2858 1636 3118 1699 bonitas,
3170 1642 3222 1692 et
3264 1653 3400 1709 quis
3432 1636 3769 1691 secundum
3800 1644 3971 1692 natu-

2308 1741 2438 1780 ram
2481 1723 2895 1791 sanctiﬁcatio,
2932 1729 2989 1779 et
3014 1725 3230 1795 regalis
3260 1723 3520 1793 dignitas
3551 1740 3623 1778 ex
3664 1724 3847 1780 Patre
3871 1741 3966 1795 per

540 1806 775 1873 Filium,
798 1806 962 1860 dedit
991 1805 1043 1861 ei
1091 1810 1281 1860 totum
1307 1821 1438 1860 esse
1489 1821 1686 1871 suum,
1720 1812 1808 1861 est
1837 1807 1995 1860 enim
2026 1822 2200 1860 verus
2234 1830 2273 1882 Β
2310 1813 2689 1883 Unigenitum
2721 1812 2799 1867 ad
2827 1813 3109 1884 Spiritum
3144 1815 3429 1884 pervenit.
3468 1836 3493 1861 )›

540 1898 697 1950 Deus
728 1894 803 1949 de
836 1896 992 1949 Deo:
1047 1897 1105 1949 et
1158 1892 1324 1964 quod
1380 1892 1538 1948 idem
1590 1892 1791 1961 Filius,
1844 1894 2201 1949 {eternaliter

539 1984 853 2045 exsistens,
884 1999 919 2039 a
970 1986 1139 2038 Patre
1165 1982 1475 2037 nascendo
1520 1983 1752 2054 accepit
1804 1998 1984 2038 omne
2032 1983 2199 2053 quod

536 2074 744 2141 habet,
775 2077 832 2128 et
860 2077 926 2128 ut
980 2071 1231 2144 Spiritus
1281 2071 1354 2126 sit
1378 2076 1434 2127 et
1462 2072 1753 2143 procedat
1779 2072 1856 2127 ab
1887 2088 1977 2127 eo.
2004 2074 2197 2137 Quam

539 2162 863 2219 essentiam
891 2161 1146 2233 Spiritus
1174 2176 1211 2217 a
1232 2159 1374 2216 Filio
1394 2160 1585 2216 sancti
1607 2158 1905 2226 doctores,
1934 2162 2197 2216 maxime

506 2252 745 2321 Graeci,
797 2249 1274 2317 considerantes,
1324 2248 1538 2304 Filium
1595 2265 1845 2306 causam
1884 2256 1942 2305 et
1971 2249 2197 2304 fontem

542 2341 792 2414 Spiritus
823 2339 1015 2395 sancti
1056 2339 1397 2405 nominant,
1440 2354 1549 2394 nec
1582 2354 1704 2393 non
1760 2345 1817 2394 et
1840 2338 2043 2410 ipsum
2074 2338 2196 2409 Spi-

537 2431 719 2487 ritum
749 2429 1081 2499 imaginem
1116 2427 1259 2483 Filii.
1318 2427 1848 2493 Quemadmodum
1883 2427 2083 2498 utique
2112 2427 2197 2482 Fi-

537 2520 654 2576 lius
685 2520 888 2588 imago
919 2522 1007 2573 est
1052 2516 1263 2588 Patris,
1317 2522 1374 2572 et
1396 2515 1574 2572 talem
1608 2531 1927 2571 numerum
1956 2522 2011 2570 et
2039 2514 2197 2570 ordi—

536 2624 680 2664 nem
713 2607 956 2679 Spiritus
982 2605 1061 2661 ad
1116 2604 1327 2660 Filium
1382 2606 1716 2674 assignant,
1750 2604 1994 2675 qualem
2018 2604 2199 2658 habet

536 2698 714 2754 Filius
742 2696 821 2752 ad
880 2698 1112 2750 Patrem
1136 2712 1150 2749 ;
1177 2694 1512 2750 secundum
1532 2692 1697 2766 quod
1722 2693 1784 2747 in
1810 2693 2200 2764 sequentibus

539 2786 777 2858 plenius
807 2783 1147 2856 apparebit.

608 2876 878 2930 Diximus
936 2887 1101 2942 ergo,
1126 2870 1293 2943 quod
1346 2870 1617 2943 procedit
1675 2870 1924 2942 Spiritus
1955 2873 2198 2924 sanctus

538 2964 765 3036 pariter
822 2965 880 3016 et
916 2958 1224 3032 aequaliter
1277 2975 1313 3014 a
1360 2958 1535 3014 Patre
1584 2963 1640 3013 et
1689 2957 1856 3023 Filio,
1908 2962 2198 3029 tanquam

536 3053 769 3110 donum
800 3050 1145 3117 amborum,
1192 3053 1246 3104 et
1276 3064 1450 3104 amor
1480 3049 1788 3119 utriusque
1814 3065 1825 3101 :
1862 3047 1965 3102 sed
1998 3060 2200 3119 proce-

536 3142 691 3198 dita
718 3144 884 3196 Patre
936 3154 1042 3211 per
1100 3137 1330 3205 Filium,
1384 3137 1477 3193 vel
1497 3136 1800 3192 mediante
1828 3135 1992 3199 Filio,
2026 3139 2088 3189 ut
2115 3132 2199 3188 di-

533 3230 737 3286 ximus
764 3247 777 3284 :
807 3234 909 3284 aut
934 3234 1091 3283 certe
1119 3225 1528 3300 principaliter
1557 3229 1614 3281 et
1671 3224 1910 3296 proprie
1941 3239 1978 3279 a
2008 3226 2195 3287 Patre,

536 3319 681 3393 quia
705 3322 770 3372 ut
799 3316 877 3372 ab
931 3332 1002 3372 eo
1060 3314 1369 3387 procedat,
1424 3316 1595 3369 Pater
1652 3329 1689 3369 a
1734 3312 1897 3368 nullo
1952 3310 2194 3367 habuit:

540 3408 720 3464 Filius
756 3421 897 3462 vero
926 3420 1050 3460 non
1095 3420 1133 3459 a
1158 3419 1241 3471 se,
1292 3401 1397 3457 sed
1454 3417 1493 3458 a
1524 3401 1695 3457 Patre
1727 3400 1976 3472 accepit.
2006 3405 2049 3453 A
2076 3414 2198 3470 quo

541 3496 705 3552 enim
732 3495 932 3565 habet,
965 3498 1031 3548 ut
1057 3493 1148 3558 sit,
1182 3492 1261 3548 ab
1288 3489 1505 3546 eodem
1535 3490 1715 3545 etiam
1768 3489 1951 3544 habet
1978 3493 2043 3543 ut
2075 3487 2200 3559 Spi-

540 3585 691 3641 ritus
724 3587 969 3638 sanctus
1000 3580 1073 3635 sit
1100 3580 1178 3636 ab
1231 3595 1323 3647 eo,
1350 3585 1407 3634 et
1431 3578 1738 3651 procedat,
1764 3578 1954 3643 detur,
1989 3583 2044 3632 et
2069 3578 2197 3632 mit-

540 3678 720 3744 tatur,
734 3676 801 3727 ut
829 3670 907 3726 ab
935 3686 1005 3725 eo
1031 3684 1160 3724 esse
1186 3667 1461 3739 accipiat.
1493 3668 1633 3731 Quae
1664 3671 1882 3722 cuncta
1900 3664 2200 3721 vocabula

544 3778 695 3820 sane
724 3758 1193 3831 intelligentibus
1220 3772 1411 3813 unum
1449 3761 1507 3811 et
1526 3756 1710 3824 idem,
1743 3755 1806 3810 id
1834 3759 1942 3826 est,
2002 3770 2198 3810 essen-

539 3854 691 3911 tiam
747 3850 996 3924 Spiritus
1024 3864 1061 3905 a
1110 3847 1258 3903 Filio
1288 3845 1620 3913 praedicant
1676 3850 1734 3900 et
1788 3844 2193 3899 manifestant.

542 3942 718 4009 Quod
748 3945 973 4008 tamen,
1006 3937 1161 3993 sicut
1203 3935 1487 4002 diximus,
1546 3936 1781 3990 Graecus
1840 3948 1962 3988 non
2014 3931 2195 3987 conﬁ-

542 4036 721 4091 tetur.

540 4214 804 4269 Assertio
818 4204 1525 4268 catholicceveritatis.Et
1554 4206 1815 4275 primum
1852 4217 1927 4259 ea:
1962 4201 2195 4258 Graeco-

898 4315 1035 4357 rum
1069 4298 1328 4354 Patrum
1354 4294 1839 4354 auctoritatibus.

614 4460 790 4531 Quod
856 4459 1107 4530 Spiritus
1153 4460 1399 4512 sanctus
1450 4453 1740 4527 procedat
1793 4467 1831 4507 a
1878 4451 2049 4507 Patre
2090 4464 2198 4522 per

2380 1914 2523 1966 Item
2580 1910 2945 1965 Athanasius
3002 1912 3057 1965 in
3118 1912 3376 1968 editione
3426 1911 3595 1975 ﬁdei,
3642 1913 3827 1980 cujus
3884 1922 3969 1967 est

2305 2000 2539 2054 initium
2560 2016 2571 2051 :
2600 1999 2910 2053 Credimus
2931 2000 2993 2053 in
3009 2016 3188 2055 unum
3208 2002 3577 2069 unigenitum
3598 2001 3814 2067 Deum,
3834 2005 3968 2067 etc.,

2305 2104 2522 2161 parum
2556 2092 2692 2143 ante
2722 2087 2905 2142 finem
2931 2105 2942 2141 :
2973 2112 2997 2135 «
3028 2088 3274 2161 Spiritus
3305 2094 3508 2144 autem
3557 2094 3812 2144 sanctus
3840 2104 3971 2160 pro—

2305 2177 2603 2232 cessivum
2642 2191 2749 2232 ens
2798 2177 3007 2245 Patris,
3064 2183 3121 2233 et
3176 2178 3414 2233 ferentis
3474 2177 3616 2243 Filii,
3646 2194 3757 2249 per
3783 2194 3964 2249 quem

2304 2265 2573 2338 implevit
2594 2265 2817 2321 omnia.
2856 2288 2883 2313 »

2376 2367 2521 2419 Item
2542 2364 2603 2418 in
2648 2363 2910 2434 Epistola
2961 2364 3324 2420 Athanasius
3371 2364 3446 2419 de
3480 2364 3703 2435 Spiritu
3736 2368 3965 2431 sancto,

2303 2452 2383 2508 ad
2419 2453 2830 2524 Serapionem,
2889 2454 3062 2523 cujus
3088 2457 3195 2522 est_
3228 2453 3494 2508 initium:
3560 2453 3819 2508 Littera:
3856 2460 3968 2508 tua:

2305 2542 2647 2611 devotionis,
2718 2546 2875 2596 etc.:
2923 2563 2950 2591 «
3006 2544 3131 2598 Uno
3174 2542 3493 2597 exsistente
3544 2540 3690 2597 Filio
3745 2540 3967 2595 viventi

2305 2645 2490 2685 unam
2521 2634 2753 2700 oportet
2774 2646 2905 2686 esse
2930 2630 3193 2702 plenam,
3226 2630 3572 2701 perfectam,
3605 2635 3665 2685 et
3696 2630 3966 2686 sanctiu-

2305 2718 2561 2774 cativam
2590 2718 2770 2774 vitam
2798 2736 2810 2773 :
2843 2736 2978 2791 qua:
3010 2725 3098 2775 est
3126 2718 3394 2791 operatio
3419 2719 3573 2789 ejus,
3606 2722 3666 2773 et
3706 2718 3970 2790 donum,

2303 2806 2473 2879 quod
2493 2822 2564 2861 ex
2597 2809 2763 2862 Patre
2788 2807 3005 2862 dicitur
3052 2808 3411 2880 procedere:
3464 2807 3609 2878 quia
3639 2822 3715 2861 ex
3753 2807 3964 2874 Verbo,

2304 2896 2471 2969 quod
2502 2914 2574 2951 ex
2605 2899 2769 2952 Patre
2791 2902 2896 2965 est,
2930 2898 3247 2954 manifeste
3290 2896 3652 2969 resplendet,
3700 2902 3761 2952 et
3792 2896 3953 2951 mitti

2308 2992 2403 3043 tur
2431 2991 2487 3040 et
2510 2986 2791 3042 donatur.
2823 3009 2851 3036 »

2380 3084 2693 3155 Gregorius
2740 3087 3046 3156 Nyssenus
3093 3086 3151 3139 in
3203 3084 3462 3157 Epistola
3512 3084 3589 3140 ad
3640 3084 3960 3145 Eulalinm,

2305 3190 2440 3247 quae
2461 3175 2544 3230 sic
2590 3175 2829 3247 incipit:
2896 3177 3001 3231 Vos
3049 3177 3208 3246 quod
3257 3179 3505 3246 justum,
3563 3180 3702 3245 etc.,
3744 3190 3960 3246 parum

2306 3269 2443 3320 ante
2474 3266 2689 3319 tinem:
2722 3287 2749 3314 ‹‹
2775 3265 3219 3320 Immutabilem
3241 3281 3378 3320 vere
3413 3264 3770 3320 confitentes
3799 3278 3953 3327 eum,

2305 3354 2410 3425 qui
2432 3353 2767 3408 secundum
2800 3353 3179 3409 causativum
3210 3359 3267 3409 et
3298 3357 3612 3410 causatum
3648 3357 3763 3417 est,
3798 3351 3955 3407 diffe-

2304 3443 2558 3498 rentiam
2589 3458 2713 3498 non
2746 3459 3044 3513 negamus
3073 3459 3087 3509 ;
3134 3444 3193 3497 in
3224 3459 3346 3515 quo
3375 3442 3571 3498 solum
3592 3440 3857 3497 discerni
3884 3437 3958 3495 al-

2306 3536 2498 3587 terum
2532 3531 2610 3587 ab
2641 3531 2827 3586 altero
2874 3531 3465 3603 comprehendimus,
3498 3531 3616 3587 hoc
3642 3530 3959 3603 quoddam

2305 3620 2681 3675 causativum
2712 3619 3022 3674 credentes
3050 3637 3063 3687 ;
3092 3619 3206 3674 hoc
3236 3624 3429 3675 autem
3470 3634 3545 3675 ex
3573 3618 3891 3673 causativo
3908 3620 3963 3671 et

2305 3709 2437 3779 ejus
2467 3708 2635 3780 quod
2663 3724 2736 3763 ex
2764 3710 3073 3764 causativo
3098 3713 3189 3764 est
3216 3727 3230 3775 ;
3263 3707 3512 3763 alteram
3550 3708 3772 3763 iterum
3791 3705 3963 3761 diﬂe-
4034 3708 4057 3737 '

2304 3797 2557 3852 rentiam
2570 3794 2954 3867 intelligimus
2980 3838 2994 3861 ,
3018 3796 3133 3851 hoc
3152 3796 3313 3851 enim
3336 3796 3610 3867 proxime
3629 3794 3707 3849 de
3728 3794 3956 3866 primo:

2303 3886 2420 3943 hoc
2450 3891 2653 3942 autem
2683 3901 2790 3958 per
2814 3885 3161 3957 proximum
3192 3886 3267 3940 de
3288 3885 3509 3957 primo.
3547 3905 3574 3933 »

2376 3986 2541 4051 Item,
2564 3983 2725 4038 idem
2745 3982 2900 4038 libro
2917 3988 3128 4038 contra
3145 3983 3532 4047 Eunomium,
3544 3980 3721 4053 quasi
3741 3980 3804 4035 in
3818 3979 3955 4043 ﬁne,

2302 4073 2388 4129 ibi
2406 4072 2674 4145 loquitur
2698 4089 2711 4127 :
2733 4093 2759 4121 α
2785 4071 2945 4127 Sicut
2966 4071 3128 4126 enim
3149 4071 3465 4142 copulatur
3498 4070 3651 4126 Patri
3674 4068 3878 4131 Filius,
3906 4071 3959 4123 et

2305 4178 2378 4218 ex
2401 4162 2533 4234 ipso
2552 4177 2682 4217 esse
2706 4160 2961 4220 habens.
2987 4175 3112 4215 non
3136 4165 3227 4215 est
3280 4159 3574 4233 posterior
3622 4157 3959 4213 secundum

2303 4252 2748 4310 exsistentiam:
2783 4250 2866 4305 sic
2890 4250 3105 4305 iterum
3135 4253 3192 4305 et
3232 4249 3311 4306 ab
3362 4247 3674 4319 Unigenito
3703 4245 3959 4303 habetur

2307 4341 2556 4414 Spiritus
2586 4344 2850 4409 sanctus,
2884 4338 3188 4394 intellectu
3218 4338 3350 4395 solo
3396 4336 3735 4394 secundum
3762 4350 3957 4391 causa

2303 4431 2596 4488 rationem
2624 4427 3061 4501 praespeculata
3082 4427 3335 4500 Spiritus
3362 4425 3698 4499 hypostasi.
3730 4448 3759 4473 »

543 4521 781 4624 Filium,
835 4521 933 4607 vel
986 4545 1291 4603 mediante
1346 4521 1509 4613 Filio,
1552 4547 1620 4598 ut
1664 4541 1891 4597 dictum
1921 4543 2049 4607 est;
2095 4521 2198 4594 vel
2228 4535 2272 4589 D
2308 4620 2318 4624 _
2540 4526 2900 4624 Athanasius
2927 4526 2989 4580 in
3010 4540 3287 4624 sermone
3306 4529 3521 4624 contra
3551 4524 3755 4624 Aerias
3782 4521 3953 4624 cujus

550 4644 718 4718 quod
740 4641 905 4698 idem
930 4637 1112 4693 Filius
1132 4634 1367 4691 dicatur
1408 4632 1563 4701 fons,
1597 4635 1654 4687 et
1706 4644 1891 4685 causa
1949 4627 2198 4700 Spiritus

542 4734 770 4792 sancti:
800 4736 859 4789 et
886 4730 1065 4786 etiam
1087 4725 1256 4800 quod
1283 4724 1445 4780 idem
1471 4722 1721 4795 Spiritus
1754 4724 1999 4775 sanctus
2027 4732 2198 4773 voce-

539 4830 639 4881 tur
686 4824 892 4894 imago
921 4819 1070 4887 Filii,
1117 4821 1176 4873 et
1219 4831 1351 4872 esse
1403 4813 1661 4884 accipiat
1693 4810 1772 4866 ab
1820 4807 2197 4865 eozomissis

542 4908 1169 4983 argumentationibus
1194 4904 1418 4969 multis,
1441 4918 1595 4975 quas
1616 4915 1727 4955 nec
1746 4897 2059 4971 recipiunt,
2085 4912 2197 4953 nec

538 5000 719 5074 plane
761 4999 1117 5069 intelligunt,
1171 4998 1520 5051 sanctorum
1552 5003 1803 5046 suorum
1839 4985 2195 5043 testimoniis

540 5089 902 5155 insistentes,
928 5088 1013 5142 sic
1042 5083 1416 5157 probamus:

612 5177 933 5249 Gregorius
988 5174 1403 5232 Nazianzenus
1434 5171 1499 5226 in
1525 5181 1827 5234 sermone,
1855 5165 1961 5238 qui
1986 5163 2196 5237 incipit

541 5270 822 5339 0dibiles,
859 5271 968 5323 etc.
977 5307 995 5338 ,
1020 5265 1107 5321 ita
1134 5262 1310 5318 dicit:
1348 5281 1377 5312 «
1408 5260 1659 5333 Spiritus
1691 5273 1763 5314 ex
1790 5256 2051 5313 essentia
2080 5258 2191 5310 Pa-

536 5359 643 5417 tris
660 5374 769 5433 per
809 5355 1023 5413 Filium
1053 5350 1408 5409 aeternaliter
1447 5348 1673 5405 missus
1705 5346 2039 5403 sanctificat
2064 5360 2190 5401 om-

538 5464 682 5507 nem
711 5452 1068 5512 creaturam,
1102 5464 1131 5495 »
1163 5446 1273 5497 etc.

607 5542 676 5595 In
702 5534 947 5611 Epistol.
996 5530 1298 5604 Dionysii:
1331 5550 1361 5579 «
1403 5526 1593 5585 Credo
1641 5526 1705 5583 in
1737 5524 2023 5599 Spiritum
2053 5540 2190 5583 san-

603 5693 625 5729 ’²
660 5691 813 5749 Psal.
846 5705 1017 5762 mut,
1050 5692 1101 5744 6.
1179 5687 1199 5721 ³
1233 5682 1388 5741 Psal.
1419 5697 1598 5754 xxxv,
1638 5684 1716 5738 to.
1799 5683 1818 5716 ε’
1841 5685 2053 5740 Jerem.
2089 5697 2150 5753 ιι,
2183 5681 2269 5738 13.

2303 4619 2541 4675 initium
2593 4622 2715 4673 est:
2775 4617 2891 4684 Qui
2948 4616 3266 4684 malitiose,
3301 4614 3363 4670 in
3410 4614 3531 4670 ﬁne
3579 4612 3837 4684 loquens
3880 4609 3950 4665 de

2303 4724 2466 4780 aqua
2495 4707 2746 4763 saliente
2773 4706 2837 4759 in
2876 4704 3060 4760 vitam
3111 4708 3422 4769 aeternam,
3476 4701 3564 4758 sic
3601 4701 3723 4758 ait:
3755 4718 3788 4753 ‹
3820 4700 3954 4755 Pro-

2300 4802 2434 4870 pter
2452 4797 2566 4852 hoc
2588 4793 2771 4850 David
2791 4792 3059 4865 psallens
3079 4794 3198 4848 Deo
3220 4792 3306 4847 sic
3328 4792 3440 4848 ait:
3472 4790 3769 4856 Quoniam
3792 4786 3955 4858 apud

2304 4893 2360 4941 te
2378 4892 2461 4942 est
2480 4886 2620 4955 fons
2636 4886 2797 4951 vitae,
2819 4889 2874 4939 et
2894 4884 2957 4937 in
2977 4883 3205 4937 lumine
3219 4890 3318 4938 tuo
3338 4880 3668 4937 videbimus
3690 4879 3893 4934 lumen
3912 4877 3949 4928 ⁸.

2304 4976 2546 5031 Sciebat
2582 4974 2743 5031 enim
2793 4972 2960 5045 apud
3015 4971 3251 5027 Patrem
3314 4986 3449 5026 esse
3491 4968 3702 5026 Filium
3728 4967 3956 5024 fontem

2303 5064 2553 5137 Spiritus
2579 5063 2771 5118 sancti
2795 5079 2809 5130 ;
2833 5061 2985 5116 sicut
3038 5076 3148 5132 per
3162 5059 3528 5131 prophetam
3562 5056 3740 5114 Filius
3764 5054 3910 5112 dicit
3943 5071 3955 5109 :

2300 5155 2397 5211 Me
2426 5154 2873 5223 deretiquerunt
2905 5151 3127 5220 fontem
3149 5162 3327 5219 aquae
3358 5149 3511 5204 vince
3543 5149 3589 5215 θ,
3624 5168 3643 5194 ι
3680 5150 3795 5201 etc.

2372 5255 2517 5307 Item
2540 5249 2791 5322 Cyrttlus
2807 5263 2868 5303 in
2889 5262 3165 5303 sermone
3208 5244 3486 5317 septimo,
3518 5244 3695 5314 cujus
3720 5241 3959 5298 initium

2299 5346 2419 5397 est:
2453 5342 2537 5396 De
2571 5338 3001 5395 humanatione
3042 5335 3366 5405 Unigeniti,
3410 5332 3591 5406 quasi
3636 5334 3783 5404 post
3804 5330 3961 5386 duas

2298 5438 2499 5505 partes
2548 5428 2880 5485 sermonis:
2917 5447 2941 5477 ι
2993 5425 3237 5482 Solvens
3266 5424 3426 5480 enim
3474 5425 3782 5495 apeccato
3820 5435 3960 5477 eum
4056 5498 4057 5501 η

2301 5522 2406 5595 qui
2426 5520 2541 5577 sibi
2588 5516 2902 5585 consentit,
2928 5515 3173 5589 proprio
3198 5512 3400 5586 jungit
3432 5511 3510 5570 de
3559 5514 3779 5567 caetero
3834 5506 3961 5579 Spi-
4056 5506 4057 5509 “
