4106 6222
214 367 327 426 493

1591 362 1866 426 CONTRA
1907 365 2224 425 GRAECOS.

3491 373 3597 428 494

210 491 362 559 ritu,
421 505 604 568 quem
634 491 899 552 immittit
926 492 1052 568 ipse
1085 509 1098 549 :
1148 499 1213 552 ut
1244 494 1396 552 sicut
1447 510 1519 551 ex
1569 495 1688 551 Deo
1719 497 1885 552 Patre
1914 497 1961 551 Α
1987 493 2184 564 pimus
2207 493 2275 550 ⁸⁵.
2307 495 2372 549 Et
2394 492 2522 565 ipse
2571 492 2768 567 inquit
2802 470 3090 552 Dominus
3125 513 3138 551 :
3188 493 3480 564 Quoniam
3529 496 3603 555 de

211 587 306 638 est
338 584 630 652 Verbum,
662 585 746 640 ita
775 599 848 641 ex
877 584 1124 658 propria
1166 585 1341 640 nobis
1389 591 1606 641 natura
1635 584 1898 641 refundit

211 672 546 744 Spiritum.
586 696 607 721 ι

289 761 476 826 Quod
526 768 726 818 autem
756 763 852 818 hic
883 763 1131 831 refundi
1162 762 1440 834 dicimus,
1471 764 1530 819 in
1563 765 1765 819 Graeco
1806 761 1896 818 di-

211 851 374 906 citur
411 849 791 922 ἁναπηγάζειν,
813 857 870 906 et
898 868 933 907 a
958 851 1138 907 fontis
1169 852 1412 907 nomine
1441 853 1772 908 secundum

213 940 722 1010 praepositionem
751 940 1080 995 derivatur.
1113 943 1192 995 Ex
1216 957 1336 1012 quo
1364 940 1595 1012 liquide
1624 944 1896 1025 apparet,

211 1034 509 1082 sanctum
566 1031 798 1084 Patrem
843 1029 1200 1085 intellexisse
1251 1029 1459 1085 Filium
1507 1045 1638 1085 esse
1669 1028 1896 1104 fontem

210 1116 485 1188 Spiritus
519 1117 736 1173 sancti.

287 1208 519 1262 Beatus
563 1207 902 1277 Gregorius,
944 1214 1348 1278 cognomento
1379 1208 1894 1278 1haumaturgus,

207 1295 272 1350 in
304 1312 443 1349 sum
470 1294 732 1352 editione
756 1295 932 1361 Fidei,
967 1313 1102 1368 quas
1137 1295 1196 1350 in
1221 1297 1347 1352 Vita
1374 1297 1506 1367 ejus
1534 1297 1768 1365 legitur,
1812 1297 1895 1352 sic

211 1383 292 1438 ait
329 1401 343 1438 :
387 1407 418 1432 ι‹
455 1386 618 1439 Unus
643 1384 895 1456 Spiritus
919 1391 1160 1438 sanctus
1178 1399 1250 1440 ex
1281 1385 1396 1439 Deo
1419 1401 1548 1440 esse
1572 1386 1894 1441 essentiam

207 1471 485 1540 habens,
521 1478 578 1526 et
606 1488 710 1545 per
755 1472 962 1527 Filium
993 1472 1198 1528 lucens
1247 1473 1472 1545 liquide
1527 1473 1892 1540 hominibus,

209 1562 432 1632 imago
461 1561 592 1617 Filii
621 1561 908 1634 perfecta.
941 1585 968 1610 »

285 1652 446 1707 Item
480 1653 732 1722 Magnus
755 1651 1139 1718 Athanasius,
1167 1652 1226 1706 in
1255 1667 1325 1708 ea
1352 1667 1487 1724 quae
1518 1654 1597 1708 ad
1625 1653 1891 1725 Serapio-

217 1758 362 1797 nem
388 1748 482 1796 est
510 1741 586 1796 de
618 1742 837 1812 Spiritu
872 1745 1101 1809 sancto,
1129 1740 1414 1812 Epistola,
1460 1741 1630 1810 cujus
1669 1746 1758 1797 est
1791 1742 1895 1796 ini-

2003 599 2130 640 meo
2160 584 2431 653 accipiet,
2461 588 2514 640 et
2544 585 2934 640 annuntiabit
2957 585 3135 642 vobis.
3169 607 3198 635 ››

2076 675 2217 728 Item
2252 673 2564 741 Gregorius
2594 675 2905 745 Nyssenus
2958 674 3020 730 in
3074 691 3351 731 sermone
3389 680 3600 734 contra

2006 761 2208 816 Arium
2239 767 2296 816 ct
2327 760 2668 828 Sabellium,
2693 764 2798 834 qui
2828 763 2911 818 sic
2935 763 3145 836 incipit
3171 782 3183 818 :
3237 764 3392 831 Quid
3420 765 3551 820 dico
3573 769 3602 819 ?

2006 851 2114 905 Dic
2144 852 2292 906 mihi
2317 867 2337 902 :
2367 852 2627 920 Spiritus
2652 861 2896 908 sanctus
2949 855 3309 910 immortalis
3339 861 3444 916 est,
3487 860 3596 912 etc.

2007 961 2033 986 «
2094 941 2361 1004 Sanctus,
2405 941 2773 1012 principalis,
2815 943 3038 1012 justus,
3070 958 3262 1014 verus,
3298 943 3602 1016 profunda

2007 1034 2279 1082 scrutaris
2333 1030 2453 1095 Dei,
2487 1045 2558 1084 ex
2589 1033 2756 1085 Patre
2785 1030 3142 1102 procedens,
3185 1047 3258 1087 ex
3300 1031 3446 1088 Filio
3472 1048 3601 1089 esse

2006 1117 2330 1189 accipiens,
2357 1141 2384 1167 »
2418 1127 2529 1174 etc.

2075 1207 2219 1262 Item
2253 1207 2622 1279 Epiphanius
2649 1208 2709 1262 in
2758 1207 2908 1264 libro
2958 1210 3063 1281 qui
3106 1211 3455 1281 Ancyrotus
3496 1227 3601 1267 seu

2003 1298 2346 1351 Ancoratus
2405 1296 2641 1363 dicitur,
2697 1298 2779 1352 sic
2815 1297 2992 1353 dicit:
3031 1319 3058 1348 ιι
3111 1298 3360 1370 Spiritus
3399 1304 3601 1356 autem

2004 1389 2266 1454 sanctus,
2303 1385 2552 1456 Spiritus
2591 1386 2687 1440 Dei
2718 1401 2826 1440 ens
2855 1401 2995 1440 cum
3021 1389 3188 1442 Patre
3207 1391 3263 1442 et
3292 1387 3455 1454 Filio,
3477 1402 3600 1443 non

2003 1482 2091 1531 est
2123 1475 2273 1531 alius
2323 1478 2477 1531 Deus
2508 1491 2544 1531 a
2569 1478 2688 1531 Deo
2717 1492 2728 1538 ;
2775 1491 2812 1531 a
2851 1478 2970 1531 Deo
3001 1481 3203 1531 autem
3233 1491 3339 1530 ens
3369 1493 3405 1532 a
3433 1479 3601 1532 Patre

2004 1565 2290 1637 procedit,
2320 1581 2356 1620 a
2397 1565 2536 1620 Filio
2567 1564 2804 1636 accipit,
2827 1570 2883 1619 et
2907 1564 2966 1619 in
2999 1564 3212 1620 eodem
3243 1564 3418 1620 Filius
3440 1581 3604 1621 reve-

2001 1655 2084 1710 lat
2105 1653 2362 1708 Patrem.
2392 1653 2597 1709 Nullus
2625 1654 2790 1710 enim
2810 1654 2977 1709 novit
3012 1656 3244 1708 Patrem
3267 1653 3384 1709 nisi
3405 1654 3597 1727 Filius,

2003 1758 2040 1798 a
2063 1758 2186 1814 quo
2211 1741 2502 1813 procedit,
2529 1759 2568 1798 a
2591 1757 2714 1813 quo
2735 1742 2974 1814 accipit.
3003 1764 3031 1791 »

222 1832 411 1886 tium:
435 1832 686 1886 Littera:
718 1837 834 1886 tua:
855 1845 1043 1886 sacra:
1073 1831 1427 1900 a/I‘Pctionis,
1449 1835 1579 1897 etc.,
1604 1831 1689 1886 sic
1716 1830 1890 1886 dicit:
1928 1849 1968 1902 Β
2077 1834 2220 1886 Ecce
2253 1835 2414 1902 patet
2433 1845 2503 1884 ex
2526 1830 3137 1902 praemissis,qualiter
3159 1831 3408 1904 Spiritus
3433 1847 3604 1888 sanc-

226 1944 253 1968 α
287 1921 452 1974 Sicut
484 1921 548 1974 in
581 1919 828 1992 propria
885 1919 1151 1988 imagine
1184 1923 1275 1974 est
1322 1917 1500 1974 Filius
1530 1919 1591 1974 in
1631 1919 1847 1991 Spiritu
1882 1946 1894 1979 :

229 2009 311 2063 sic
342 2015 398 2063 et
430 2009 607 2063 Pater
637 2009 697 2062 in
725 2007 888 2063 Filio.
932 2030 959 2056 »
987 2010 1050 2062 Et
1075 2013 1210 2079 post
1241 2008 1551 2062 modicum
1588 2023 1599 2060 ς
1635 2033 1656 2058 «
1695 2014 1898 2078 Imago

232 2098 354 2153 Filii
382 2097 605 2152 dicitur
627 2101 686 2152 et
715 2103 804 2152 est
835 2097 1084 2169 Spiritus
1107 2102 1373 2163 sanctus,
1411 2096 1642 2153 dicente
1669 2097 1851 2154 Paulo
1881 2117 1893 2154 :

242 2186 386 2253 Quos
405 2185 730 2256 prwscivit,
747 2186 889 2257 inqu
901 2191 1078 2254 am,ct
1090 2186 1546 2255 prmdestinavit
1568 2188 1900 2256 con/armes

248 2277 368 2344 ﬁeri
397 2275 676 2345 imaginis
698 2274 846 2329 Filii
874 2275 1095 2330 Πρω.»
1121 2275 1264 2329 Item
1299 2274 1357 2329 in
1389 2275 1638 2330 eadem:
1669 2298 1695 2324 «
1724 2276 1898 2332 Mani-

254 2364 464 2420 festum
513 2363 674 2418 enim
714 2363 844 2431 erit,
876 2362 1039 2434 quod
1071 2378 1266 2436 neque
1319 2368 1593 2419 creatura
1626 2365 1895 2437 Spiritus,

255 2467 444 2524 neque
474 2452 817 2522 angelorum
847 2451 1126 2520 essentia,
1167 2451 1226 2506 in
1259 2467 1331 2508 eo
1357 2451 1525 2524 quod
1546 2452 1627 2508 illi
1656 2468 1898 2508 conver-

253 2541 436 2596 tibiles
492 2547 648 2608 sunt,
708 2539 814 2595 sed
868 2540 1071 2610 imago
1103 2540 1275 2596 Verbi
1334 2546 1390 2596 et
1445 2542 1626 2596 Patris
1657 2541 1900 2614 propria

239 2639 341 2687 est.
379 2656 405 2678 »ι
442 2635 581 2686 Item
614 2631 674 2686 in
722 2627 996 2701 ejusdem
1056 2629 1327 2702 Epistolas
1385 2628 1737 2686 abbreviato
1779 2647 1900 2687 ser-

237 2737 414 2776 mone
448 2738 461 2775 :
503 2743 530 2770 ‹‹
561 2720 619 2778 Si
659 2727 862 2776 autem
895 2719 1094 2774 bonus
1126 2719 1276 2776 odor
1305 2724 1362 2775 et
1389 2719 1586 2776 forma
1615 2721 1736 2776 Filii
1787 2725 1896 2787 est,

232 2809 626 2864 manifestum
658 2812 750 2863 est
779 2807 940 2880 quod
975 2823 1098 2862 non
1128 2807 1236 2862 erit
1267 2806 1517 2879 Spiritus
1543 2813 1834 2864 creatura.
1870 2831 1898 2858 »

298 2901 448 2953 Item
483 2897 733 2953 Basilius
778 2897 839 2952 in
869 2901 1086 2969 quarto
1142 2909 1418 2952 sermone
1471 2901 1679 2952 contra
1711 2900 1902 2955 Euno—

226 2988 491 3056 minum,
521 2987 622 3058 qui
656 2985 740 3042 sic
782 2985 1034 3058 incipit:
1091 2986 1161 3042 Si
1205 2992 1431 3041 natura
1479 2987 1636 3041 Deus
1681 2987 1896 3052 Filius,

225 3079 365 3132 etc.:
405 3098 426 3124 ι
463 3079 672 3146 Imago
703 3074 984 3146 quaedam
1017 3073 1115 3128 Dei
1165 3071 1428 3130 Christus
1460 3080 1548 3130 est
1583 3092 1596 3130 :
1633 3075 1745 3142 Qui
1795 3083 1901 3157 est,

2007 1925 2098 1976 tus
2129 1920 2202 1974 sit
2227 1935 2298 1974 ex
2321 1919 2486 1988 Filio,
2515 1919 2976 1990 sive,quomodo
3004 1919 3266 1990 precedit
3293 1919 3604 1992 aequaliter

2006 2009 2082 2066 ab
2113 2013 2395 2080 utroque:
2429 2007 2574 2080 quia
2594 2007 2676 2061 nil
2705 2007 2871 2062 aliud
2901 2013 2990 2062 est
3017 2009 3301 2078 Spiritum
3325 2015 3601 2064 sanctum

2007 2113 2042 2152 a
2073 2100 2236 2152 Patre
2265 2113 2414 2163 esse,
2447 2096 2541 2152 vel
2566 2112 2604 2152 a
2637 2095 2795 2163 Filio,
2826 2111 3013 2168 quam
3035 2096 3356 2166 procedere
3383 2097 3464 2152 ab
3495 2097 3598 2153 eis.

2007 2187 2156 2252 Quia
2191 2202 2328 2242 cum
2353 2201 2475 2241 non
2508 2184 2583 2242 sit
2619 2186 2774 2242 alius
2803 2185 3045 2250 modus,
3085 2200 3208 2257 quo
3238 2200 3496 2257 persona
3527 2186 3604 2242 sit

2005 2277 2086 2332 ab
2107 2275 2244 2335 alia.
2258 2276 2371 2330 nisi
2389 2275 2917 2345 generationis,aut
2937 2274 3604 2346 processionis,necesse

2005 2371 2094 2420 est
2123 2370 2206 2427 ut,
2223 2364 2273 2419 si
2303 2369 2391 2420 est
2410 2380 2446 2420 a
2468 2363 2610 2420 Filio
2628 2363 2878 2436 Spiritus
2910 2363 3357 2436 sanctus,quod
3382 2379 3603 2435 negare

2008 2455 2243 2509 Graecus
2290 2468 2414 2509 non
2460 2458 2674 2525 potest,
2731 2452 2807 2507 sit
2856 2452 3036 2508 etiam
3075 2451 3156 2507 ab
3193 2467 3264 2507 eo
3319 2467 3428 2524 per
3473 2468 3604 2508 mo-

2005 2541 2154 2597 dum
2169 2541 2574 2614 processionis
2592 2558 2604 2596 :
2632 2540 2748 2596 nisi
2771 2541 2921 2597 forte
2937 2555 3161 2598 novam
3181 2539 3359 2596 velint
3377 2540 3604 2612 ﬁngere

2006 2630 2306 2694 haeresim,
2337 2635 2402 2686 ut
2429 2630 2652 2698 dicant,
2691 2629 2858 2702 quod
2894 2629 3056 2686 idem
3085 2629 3335 2703 Spiritus
3360 2634 3604 2686 sanctus

2007 2724 2323 2789 generetur
2352 2735 2388 2776 a
2417 2720 2580 2788 Filio,
2613 2724 2673 2776 et
2716 2720 2834 2776 sint
2861 2719 2922 2775 in
2951 2719 3264 2776 Divinitate
3292 2718 3415 2776 duo
3458 2719 3599 2789 Filii,

2009 2814 2067 2864 et
2088 2825 2247 2864 unus
2271 2824 2478 2864 eorum
2500 2824 2712 2881 nepos.

2081 2899 2400 2954 Ostensum
2431 2904 2516 2954 est
2531 2897 2971 2970 insuper,quod
2992 2897 3244 2970 Spiritus
3269 2900 3607 2963 sanctus,ut

2009 2985 2083 3042 sit
2111 3003 2148 3042 a
2169 2986 2332 3056 Filio,
2345 2987 2462 3043 hoc
2486 2987 2670 3043 habet
2691 2987 2866 3042 Filius
2886 3003 2923 3043 a
2942 2989 3137 3042 Patre:
3167 2989 3411 3057 propter
3435 2984 3604 3057 quod

2009 3091 2047 3131 a
2085 3076 2258 3132 Patre
2295 3091 2402 3148 per
2429 3075 2659 3142 Filium,
2685 3075 2783 3130 vel
2808 3073 3111 3131 mediante
3140 3073 3297 3144 Filio,
3330 3073 3422 3129 vel
3446 3079 3602 3129 certe

222 3167 512 3239 inquam,
537 3165 734 3236 imago
768 3166 871 3220 Dei
886 3165 1203 3220 invisibilis
1231 3165 1294 3231 ³³,
1317 3163 1522 3236 imago
1554 3170 1752 3221 autem
1777 3163 1902 3221 Filii
1940 3197 1981 3253 ρ
2009 3164 2416 3238 principaliter
2443 3170 2500 3221 et
2525 3165 2764 3237 proprie
2787 3163 3003 3219 dicitur
3020 3164 3271 3236 Spiritus
3301 3178 3409 3253 pro
3429 3163 3607 3220 edere

223 3256 508 3328 Spiritus.
553 3279 582 3304 »

304 3349 450 3400 Item
482 3343 544 3399 in
593 3343 808 3399 eodem
855 3341 1007 3399 libro
1061 3358 1194 3416 cap.
1233 3341 1404 3414 cujus
1448 3335 1651 3400 titulus
1684 3360 1696 3398 :
1731 3343 1900 3411 Quod

219 3437 386 3490 sicut
413 3435 611 3490 Filius
650 3431 732 3489 ad
769 3433 1013 3488 Patrem
1053 3447 1113 3489 se
1153 3432 1351 3496 habet,
1392 3435 1477 3489 sic
1513 3433 1779 3503 Spiritus
1817 3436 1900 3492 ad

219 3525 459 3580 Filium
487 3541 500 3590 ;
533 3523 593 3578 in
623 3523 756 3594 ipso
780 3521 948 3578 initio
980 3522 1243 3594 capituli,
1297 3521 1383 3578 sic
1433 3522 1516 3578 ait
1545 3541 1556 3578 :
1597 3545 1624 3572 ‹‹
1653 3523 1898 3597 Propter

219 3612 345 3668 hoc
376 3618 434 3668 et
465 3611 569 3667 Dei
598 3609 908 3683 quoddam
941 3611 1194 3667 verbum
1245 3610 1456 3679 Filius;
1501 3611 1756 3668 verbum
1794 3629 1896 3669 au~

222 3705 349 3756 tem
385 3699 510 3756 Filii
538 3698 784 3771 Spiritus
817 3717 829 3754 :
868 3700 1144 3766 Portans,
1178 3700 1450 3772 inquam,
1485 3701 1690 3757 omnia
1720 3701 1896 3759 verbo

223 3791 479 3845 virtutis
504 3803 629 3843 sua:
654 3790 722 3842 ιε.

303 3879 454 3933 Item
486 3877 698 3933 beatus
748 3877 1000 3949 Cyrillus
1043 3877 1104 3934 in
1133 3877 1288 3934 libro
1337 3879 1724 3949 Dialogorum
1756 3895 1894 3934 cum

227 3966 475 4022 Hermia
507 3965 605 4036 (‘2),
637 3965 710 4020 de
752 3966 971 4037 Spiritu
1021 3972 1229 4022 sancto
1284 3967 1563 4040 loquens,
1599 3967 1770 4038 cujus
1808 3971 1898 4022 est

226 4057 492 4119 initium,
524 4055 724 4111 Labor
773 4054 1075 4111 beatorum
1125 4057 1368 4126 fructus
1417 4059 1728 4129 gloriosus,
1758 4063 1890 4113 etc.:
1963 4083 1966 4086 ί

236 4169 257 4194 ι
294 4145 617 4200 Character
639 4160 814 4198 verus
843 4149 898 4199 et
928 4145 1215 4200 naturalis
1262 4145 1342 4201 ad
1385 4163 1694 4202 summum
1725 4147 1894 4203 certi-

225 4235 486 4301 tudinis,
518 4251 652 4306 quas
685 4233 1020 4290 secundum
1048 4235 1498 4292 similitudinem
1525 4236 1893 4307 intelligitur,

227 4325 361 4395 ipsc
395 4327 483 4378 est
537 4323 745 4389 Filius;
801 4323 1125 4380 similitudo
1179 4341 1331 4397 pura
1372 4330 1429 4381 et
1452 4327 1744 4382 naturalis
1776 4325 1898 4383 Filii

229 4412 493 4485 Spiritus
523 4418 648 4478 est;
701 4412 996 4468 scribente
1033 4413 1240 4468 audies
1284 4413 1461 4470 beato
1488 4416 1668 4472 Paulo
1702 4433 1714 4470 :
1747 4416 1899 4484 Quia

228 4517 380 4573 quos
429 4503 762 4571 praesciuit,
799 4507 852 4557 et
887 4502 1338 4569 praadestinavit
1381 4505 1716 4574 conformes
1766 4506 1902 4572 ﬁeri
1933 4551 1980 4604 Β

231 4592 521 4661 imaginis
553 4591 702 4646 Filii
729 4592 857 4658 Dei,
891 4605 1034 4662 quos
1062 4597 1260 4648 autem
1288 4594 1766 4662 praedestinavit,
1797 4595 1901 4650 hos

230 4685 286 4737 et
319 4680 578 4736 vocavit.
616 4701 645 4729 »

301 4767 672 4824 Athanasius
702 4767 780 4824 ad
813 4769 1203 4842 Serapionem
1251 4770 1312 4826 in
1345 4771 1610 4844 Epistola
1647 4771 1721 4828 de
1780 4771 1906 4846 Spi.

231 4859 351 4914 ritu
411 4863 644 4924 sancto,
673 4863 738 4913 ut
789 4874 972 4930 supra
1003 4859 1355 4916 adnotatum
1388 4866 1472 4916 est
1507 4877 1520 4915 :
1556 4883 1584 4912 ι(
1635 4864 1701 4917 Et
1725 4861 1903 4918 Filius

229 4946 604 5020 inquit,Quae
632 4947 842 5003 audivi
860 4963 896 5004 a
917 4949 1114 5015 Patre,
1132 4949 1256 5004 haec
1280 4953 1486 5020 loquor
1511 4953 1570 5006 in
1595 4953 1816 5008 mundo
1833 4952 1907 5026 ³³,

229 5038 500 5107 Spiritus
547 5043 748 5094 autem
805 5053 841 5094 a
891 5039 1048 5094 Filio
1094 5040 1370 5118 accipiet,
1417 5045 1470 5096 et
1510 5043 1901 5099 annuntiabit

235 5127 404 5183 vobis
425 5127 494 5180 ίι.
525 5149 554 5176 ››

303 5217 456 5270 Item
483 5213 735 5270 Basilius
759 5214 840 5272 ad
873 5213 1382 5288 Amphilochium,
1413 5233 1544 5291 cap.
1579 5223 1608 5274 5
1636 5236 1649 5275 :
1688 5243 1709 5269 ι
1747 5221 1898 5277 Scri-

231 5303 389 5360 bens
427 5301 508 5359 ad
556 5303 844 5376 Ephesios
883 5303 1102 5360 Paulus
1146 5305 1266 5361 ait:
1338 5307 1653 5364 Veritatem
1702 5313 1897 5367 autem

227 5393 548 5464 facientes,
577 5395 690 5449 etc.
711 5393 812 5450 Ex
833 5393 1212 5464 plenitudine
1236 5398 1365 5466 ejus
1391 5411 1494 5452 nos
1520 5412 1720 5455 omnes
1738 5411 1899 5457 acce-

2007 3255 2102 3312 vel
2133 3255 2347 3327 spirari
2376 3270 2412 3310 a
2437 3257 2624 3311 Patre.
2662 3253 3070 3310 Terminatum
3105 3257 3197 3309 est
3235 3252 3417 3320 enim,
3456 3269 3606 3324 quo-

2007 3343 2192 3400 modo
2220 3343 2382 3398 idem
2409 3341 2658 3415 Spiritus
2684 3357 2721 3399 a
2749 3341 2913 3412 Filio,
2927 3341 3035 3414 qui
3061 3347 3152 3398 est
3177 3341 3309 3412 ejus
3337 3356 3522 3397 causa
3548 3345 3607 3398 et

2007 3433 2160 3499 fons,
2200 3436 2447 3504 propter
2474 3431 2727 3488 modum
2757 3430 2997 3488 essendi
3028 3446 3066 3487 a
3123 3430 3285 3498 Filio,
3316 3427 3605 3486 catholica

2007 3522 2222 3578 dicitur
2243 3537 2378 3578 esse
2406 3521 2556 3578 ratio
2586 3526 2644 3576 et
2670 3519 2865 3576 forma
2893 3519 3036 3576 Filii.
3066 3519 3232 3577 Unde
3254 3524 3310 3576 et
3349 3518 3606 3575 verbum

2008 3619 2066 3668 et
2093 3613 2296 3682 imago
2317 3611 2443 3667 Filii
2472 3615 2716 3683 propter
2731 3609 3011 3666 eamdem
3034 3609 3332 3666 rationem
3354 3607 3606 3681 Spiritus

2006 3704 2410 3772 nuncupatur.
2427 3701 2571 3765 Quae
2596 3698 2864 3771 prudens
2887 3697 3074 3754 lector
3099 3698 3148 3753 si
3169 3697 3504 3754 consideret
3522 3695 3610 3753 di-

2003 3791 2272 3860 ligenter,
2305 3788 2495 3844 multa
2523 3802 2660 3860 quas
2689 3804 2726 3843 a
2755 3786 2970 3843 Grmcis
3009 3785 3468 3858 objiciebantur,
3507 3801 3606 3841 so-

2003 3879 2128 3934 luta
2148 3877 2406 3934 inveniet
2423 3896 2440 3948 ;
2469 3881 2528 3932 et
2547 3876 2683 3932 licet
2708 3875 3192 3943 breviter,tamen
3213 3879 3270 3930 et
3297 3873 3599 3944 catholice,

2005 3973 2063 4024 et
2086 3983 2224 4024 vere
2252 3968 2591 4023 terminata.

2323 4107 2554 4164 Salutio
2583 4106 2664 4162 ad
2692 4105 2933 4161 tertium
2970 4103 3281 4174 objectum.

2078 4234 2166 4290 Ad
2187 4234 2424 4290 tertium
2455 4235 2657 4287 autem
2683 4228 3183 4302 objectum,quod
3205 4229 3375 4285 dicit:
3393 4230 3607 4287 Omnia

2005 4335 2374 4396 quaecunque
2406 4320 2615 4377 audivi
2660 4335 2697 4375 a
2724 4319 2906 4375 Patre
2933 4334 3080 4384 meo,
3111 4325 3256 4374 nota
3275 4319 3503 4388 faciam
3538 4319 3603 4371 ιθ.

2009 4411 2406 4471 Concedimus
2430 4409 2581 4465 sicut
2596 4414 2653 4464 et
2670 4407 2787 4480 ipsi
2812 4407 3312 4477 glossant,omnia
3336 4421 3610 4464 necessa-

2007 4503 2098 4558 ria
2123 4501 2200 4557 ad
2223 4499 2621 4556 salutem.Hoc
2644 4504 2847 4553 tamen
2875 4497 3218 4553 necessario
3247 4495 3528 4552 addimus
3546 4496 3610 4551 in

2011 4591 2233 4661 glossa,
2250 4588 2436 4661 quod,
2458 4592 2561 4643 aut
2579 4585 2993 4658 implicite,aut
3013 4584 3284 4656 explicita
3304 4589 3447 4640 nota
3469 4583 3610 4639 facit

2009 4681 2094 4738 eis
2123 4680 2346 4735 omnia.
2379 4681 2528 4734 Nam
2555 4693 2692 4732 cum
2715 4675 2902 4731 verba
2931 4675 3050 4730 sint
3081 4674 3368 4743 Veritatis,
3386 4674 3607 4728 Veritas

2012 4769 2247 4826 mentiri
2278 4782 2398 4823 non
2430 4769 2640 4838 potest.
2678 4764 2820 4820 Dicit
2839 4764 2979 4818 enin
3008 4781 3020 4818 :
3048 4764 3246 4818 Multa
3268 4763 3392 4818 alia
3420 4761 3606 4817 habeo

2010 4861 2168 4918 vobis
2193 4859 2405 4928 dicere,
2429 4856 2532 4912 sed
2558 4871 2678 4910 non
2705 4853 2947 4923 potestis
2962 4858 3211 4922 portare
3237 4850 3428 4907 modo.
3458 4851 3607 4906 Cum

2012 4957 2209 5007 autem
2248 4947 2473 5004 venerit
2502 4946 2608 5000 ille
2632 4944 2895 5012 Spiritus
2924 4943 3210 5007 veritatis,
3251 4940 3479 4997 docebit
3510 4956 3610 4998 vos

2011 5053 2238 5096 omnem
2265 5033 2676 5102 veritatemw',
2701 5030 2877 5103 quasi
2901 5029 3064 5086 dicat
3095 5047 3109 5085 :
3144 5032 3365 5085 Horum
3386 5033 3444 5085 et
3467 5029 3612 5085 alio-

2008 5143 2144 5184 rum
2175 5125 2493 5181 verborum
2544 5135 2819 5176 meorum
2855 5118 3308 5189 intelligentiam
3335 5118 3610 5190 relinquo

2009 5214 2354 5289 magisterio
2407 5210 2655 5284 Spiritus
2683 5207 2895 5274 sancti,
2947 5207 3054 5279 qui
3098 5207 3339 5264 docebit
3384 5222 3515 5275 vos,
3557 5213 3611 5263 et

2006 5310 2285 5378 suggeret
2309 5302 2530 5366 omnia,
2560 5312 2919 5372 quaecunque
2945 5297 3155 5354 dixero
3180 5296 3339 5354 vobis
3372 5296 3438 5350 ιτ.

2077 5391 2528 5466 ltem,quamvis
2551 5404 2673 5446 non
2689 5387 3028 5445 inveniatur
3043 5386 3375 5444 secundum
3395 5401 3609 5442 vocem

311 5517 361 5596 ‘_°
389 5517 560 5572 Rom.
591 5531 717 5596 vui,
739 5519 886 5596 20.“,
911 5519 952 5596 ί]
988 5517 1212 5575 Coloss.
1247 5525 1397 5596 1,15.
1437 5522 1713 5596 __13__H_e_br.
1742 5542 1782 5596 ι,
1811 5528 1864 5582 3.

2018 5524 2195 5580 Joan.
2226 5535 2344 5589 vui,
2365 5521 2456 5574 26.
2535 5515 2580 5552 ³⁸
2609 5516 2782 5573 Joan.
2807 5529 2924 5582 xvx,
2961 5515 3046 5569 14.
3128 5509 3174 5547 ¹⁸
3212 5511 3382 5567 Joan.
3424 5523 3464 5576 1,
3508 5507 3600 5560 16.

243 5587 290 5622 ³⁸
318 5589 492 5644 Joan.
521 5604 620 5660 xv,
657 5592 740 5646 l5.
821 5589 891 5627 ιθ·
915 5591 1084 5649 Joan.
1114 5605 1236 5661 xu,
1267 5595 1354 5650 i3.
1433 5593 1474 5630 ιτ
1508 5592 1657 5651 ibid.

310 5714 376 5798 (2
423 5709 553 5772 Lib.
580 5723 686 5775 vn.

4045 0 4080 974 3}
