4106 6222
583 383 687 438 iss
1803 376 2283 437 PANTALEONIS
2322 379 2616 440 DIACONI
2653 381 2755 440 cr.
3855 354 3967 457 49¢

585 503 650 560 in
676 503 1017 575 Evangelio,
1048 503 1213 576 quod
1243 502 1492 577 Spiritus
1542 502 1815 577 procedit
1859 518 1895 560 a
1938 502 2080 560 Filio
2110 502 2201 559 in-
2232 504 2281 558 A
2381 505 2551 577 Item,
2574 506 2692 565 alia
2711 508 3033 568 auctoritas
3057 512 3379 589 Evangelii,
3415 518 3701 591 Spiritum
3721 535 3795 578 ex
3819 521 3961 580 Filio

583 594 814 649 venitur
843 599 1045 649 tamen
1070 592 1406 649 secundum
1430 594 1743 650 veritatem
1769 593 2187 660 intellectus,in
2296 594 2625 667 procedere
2676 603 2980 671 comperte
3036 600 3279 665 clamat.
3339 606 3485 664 Dicit
3522 608 3684 666 enim
3725 609 3911 667 Filius
3944 630 3958 667 :

586 681 856 753 pluribus
884 681 1049 737 locis.
1085 681 1304 738 Dicitur
1331 682 1493 738 enim
1526 682 1778 755 Spiritus
1803 682 2094 751 Veritatis,
2123 682 2187 739 id
2297 682 2411 749 Qui
2431 684 2624 741 credit
2650 686 2712 742 in
2743 701 2851 758 me,
2876 689 3032 745 sicut
3053 691 3200 749 dicit
3219 693 3540 765 Scriptura
3563 715 3581 750 :
3598 697 3863 767 ﬂumina
3887 700 3961 756 de

584 774 673 825 est
719 769 858 835 Filii,
888 770 1032 842 quia
1071 769 1147 826 de
1174 786 1238 825 se
1270 772 1498 828 Veritas
1530 773 1796 829 increata
1823 771 2186 845 loquebatur
2294 778 2500 829 ventre
2519 776 2646 843 ejus
2665 776 2858 845 ﬂuent
2876 791 3048 849 aqua:
3072 780 3243 838 vivae.
3276 784 3406 840 Hoc
3431 776 3815 844 autem'dixit
3849 788 3960 859 (ait

586 862 753 927 tunc,
786 859 1073 915 Christus.
1110 859 1167 916 Si
1193 874 1335 930 ergo
1365 865 1455 916 est
1494 861 1741 933 Spiritus
1772 861 2062 930 Veritatis,
2084 864 2187 916 aut
2292 862 2683 933 evangelista)
2712 865 2785 922 de
2805 866 3062 936 Spiritu,
3103 886 3276 942 quem
3314 876 3592 945 acepturi
3620 882 3801 933 erant
3826 893 3955 936 cre-

584 948 729 1020 quia
751 948 1001 1038 Spiritus
1031 953 1124 1038 est
1149 964 1186 1005 a
1216 949 1488 1038 Veritate,
1531 955 1634 1007 aut
1657 949 1803 1023 quia
1832 950 2054 1006 Veritas
2095 952 2185 1005 est
2289 950 2494 1008 dentes
2547 954 2611 1009 in
2656 968 2786 1011 eum
2812 955 2881 1010 ‘9.
2920 957 3172 1029 Audisti,
3222 962 3442 1030 Graece,
3475 964 3641 1037 quod
3684 966 3949 1038 Spiritus

583 1052 621 1091 a
672 1036 908 1109 Spiritu.
942 1036 1057 1092 Sed
1111 1037 1279 1110 quod
1304 1040 1525 1096 Veritas
1556 1039 1629 1096 sit
1675 1054 1713 1095 a
1744 1039 1963 1112 Spiritu
2014 1053 2180 1095 error
2288 1040 2559 1112 procedit
2595 1041 2673 1099 ab
2717 1058 2789 1100 eo
2827 1044 2933 1116 qui
2962 1047 3150 1103 credit
3199 1048 3261 1105 in
3307 1066 3447 1109 eum
3468 1036 3503 1108 ‘t
3525 1036 3746 1110 Nonne
3764 1055 3952 1112 etiam

582 1130 688 1188 est,
719 1125 863 1198 quia
892 1125 1067 1182 Filius
1103 1143 1139 1183 a
1169 1130 1339 1184 Patre
1363 1128 1492 1184 solo
1513 1132 1601 1185 est
1626 1133 1684 1185 et
1706 1144 1829 1185 non
1854 1144 1888 1185 a
1919 1128 2174 1201 Spiritu:
2288 1128 2417 1185 ﬂuit
2441 1145 2478 1186 a
2500 1129 2643 1187 Filio
2667 1131 2954 1205 Spiritus?
2984 1136 3131 1194 Imo.
3164 1138 3482 1205 Quomodo
3507 1157 3543 1199 a
3570 1142 3952 1201 credentium

580 1216 848 1272 conﬁteri
896 1231 1140 1272 necesse
1171 1221 1275 1288 est,
1308 1217 1476 1290 quod
1507 1217 1583 1273 sit
1611 1219 1861 1292 Spiritus
1886 1217 2175 1285 Veritatis,
2284 1218 2588 1275 mentibus
2614 1219 2801 1277 ﬂuere
2826 1221 2970 1280 dicit
3019 1225 3327 1299 Spiritum,
3364 1228 3480 1286 nisi
3522 1230 3667 1303 quia
3694 1231 3832 1289 ﬂuit
3868 1234 3949 1291 ab

581 1304 640 1359 id
666 1309 756 1359 est
782 1304 922 1371 Filii,
954 1305 1069 1361 hoc
1096 1309 1204 1375 est,
1236 1322 1273 1362 a
1303 1306 1461 1363 Filio.
1493 1306 1549 1364 Si
1577 1312 1777 1364 autem
1809 1323 1847 1364 a
1884 1307 2045 1377 Filio,
2071 1312 2176 1363 aut
2284 1322 2377 1375 eo,
2408 1323 2592 1380 quem
2622 1308 2805 1366 habet
2834 1310 2896 1367 in
2937 1328 2999 1369 se
3029 1315 3278 1373 credens
3306 1316 3368 1373 in
3392 1332 3554 1390 eum,
3594 1320 3711 1377 hoc
3747 1326 3863 1392 est,
3908 1339 3947 1381 a

579 1393 982 1461 generatione,
1014 1399 1118 1451 aut
1144 1396 1629 1467 processione,'ut
1651 1396 2013 1470 supra.Quia
2031 1412 2174 1453 vero
2282 1397 2423 1454 Filio
2443 1399 2470 1453 ?
2500 1398 2653 1465 Quid
2680 1405 2768 1457 est
2793 1416 2958 1473 vero,
2997 1405 3281 1477 Spiritum
3310 1422 3349 1465 a
3392 1408 3534 1466 Filio
3582 1409 3796 1478 ﬂuere,
3827 1412 3939 1470 nisi

580 1482 690 1573 [id]
725 1486 816 1539 est
858 1483 1034 1540 bonae
1077 1484 1486 1556 expositionis,
1534 1485 1764 1558 patebit
1810 1487 1871 1542 in
1921 1501 2171 1563 sequen-
2280 1486 2603 1559 procedere
2633 1489 2711 1546 ab
2741 1488 2918 1564 ipso?
2950 1493 3123 1558 Quod
3151 1500 3354 1552 autem
3384 1498 3641 1557 ﬂumina
3682 1500 3939 1573 Spiritus

575 1572 756 1629 tibus.
2280 1577 2471 1633 sancti
2525 1578 2877 1649 procedunt,
2909 1587 3278 1641 monstratur
3310 1586 3631 1645 manifeste
3683 1572 3746 1645 in
3784 1589 3939 1648 libro

573 1696 869 1771 Spiritum
906 1704 1180 1771 sanctum
1226 1713 1346 1756 esse
1386 1698 1678 1769 Spiritum
1719 1701 2016 1770 Veritatis,
2059 1702 2169 1759 hoc
2277 1666 2419 1766 ἐξα
2453 1665 3004 1771 ἓιῆἒίῗίξθωβθίῧ
3029 1671 3240 1771 “imm!
3268 1674 3582 1771 sapienti?
3611 1679 3941 1771 eludi/1*

645 1772 726 1822 est
763 1769 931 1842 Filii.
954 1785 1029 1826 es:
1055 1770 1399 1827 Graecorum
1424 1756 1675 1831 Patrum
1701 1756 2168 1842 expositionibus
2276 1756 2521 1812 νηίηα²⁰σ
2576 1756 2729 1823 Ουίά
2767 1759 2927 1815 enim
2967 1760 3027 1816 in
3066 1761 3181 1818 hoc
3219 1762 3351 1820 Ῐοθο
3389 1781 3497 1839 Per
3536 1767 3936 1840 sapientiam:

643 1841 1088 1910 comprobatur.
1777 1841 1786 1842 7
2204 1848 2243 1904 Β
2274 1844 2386 1901 nisi
2440 1845 2669 1916 Filium,
2710 1852 2767 1904 et
2820 1848 2970 1919 quid
3023 1866 3130 1923 per
3176 1851 3446 1927 ﬂumina,
3486 1855 3602 1912 nisi
3641 1856 3934 1929 Spiritum

643 1947 854 2001 Beatus
882 1945 1149 2017 Cyrillus,
1190 1946 1251 2001 in
1294 1947 1784 2019 recapitulatione
1830 1950 1906 2006 de
1948 1951 2166 2023 Spiritu
2272 1938 2549 1991 5300mm
2577 1935 3006 2007 intelligimus‘?
3039 1939 3421 2013 Effuditerso
3463 1943 3772 2016 Sapientia
3810 1946 3934 2003 ﬂu-

567 2037 794 2094 sancto.
816 2032 1420 2090 dimembrationibus
1451 2036 1765 2106 sexaginta
1788 2040 2164 2101 sex,demon-
2269 2024 2457 2093 mina,
2483 2024 2626 2098 (Ιυίει
2653 2025 2827 2083 Filius
2857 2043 2929 2084 ex
2977 2043 3039 2085 se
3068 2030 3280 2089 9mm“
3314 2033 3615 2106 Spiritum,
3645 2033 3752 2107 (ἰαί
3793 2050 3933 2109 Pm‘

26 2113 41 2211 ξ
566 2121 851 2178 stratione
874 2123 957 2178 sic
982 2122 1092 2178 ait:
1118 2122 1235 2177 «In
1266 2124 1599 2195 Evangeliis
1622 2126 1869 2198 quidem
1893 2127 2163 2186 Salvator
2270 2114 2425 2211 0‘39"
2448 2113 2715 2211 abjPSOj

26 2203 29 2282 ξ
565 2210 650 2266 δίο
678 2210 761 2267 ait
786 2210 860 2267 de
892 2226 953 2267 se
985 2226 998 2263 ε
1052 2212 1181 2282 Ego
1213 2227 1340 2268 sum
1376 2215 1683 2271 υρνίιαεικ,
1717 2218 1928 2274 Beatus
1957 2222 2158 2276 autem
2337 2205 2482 2259 Item
2520 2203 2663 2260 dicit
2690 2203 2765 2260 de
2790 2203 3006 2262 eodem
3047 2206 3225 2264 Filius
3258 2207 3319 2264 in
3346 2210 3669 2281 Evangelio
3698 2228 3713 2267 :
3754 2213 3933 2270 Sicut

24 2264 29 2369 ἵ
560 2264 823 2356 άὸὲιιῖἐιέἐ
838 2264 853 2267 ⁷
868 2264 948 2356 εἰ
966 2264 1458 2370 Ραῦἷέθὲέέέιιῖεἷζ
1484 2264 1645 2359 Bisi

2309 2294 2450 2347 'ater
2498 2291 2675 2349 habet
2705 2294 2890 2350 vitam
2918 2295 2978 2349 in
3010 2296 3342 2367 semetipso,
3683 2264 3738 2357 et

20 2378 25 2505 i
562 2388 836 2455 tendens,
864 2388 927 2445 in
957 2389 1292 2459 Evangeliis
1322 2390 1570 2462 quidem
1592 2392 1977 2463 aitzSpiritus
2006 2399 2158 2455 veri-
2264 2378 2483 2436 habere
2509 2382 2691 2438 vitam
2712 2382 2773 2438 in
2802 2384 3112 2452 semetipso
3129 2386 3198 2440 ²¹.
3216 2385 3368 2451 Quid
3386 2386 3550 2443 aliud
3573 2387 3634 2443 in
3654 2387 3773 2446 hoc
3793 2389 3931 2449 loco

569 2479 709 2505 οηιέ..
765 2479 866 2505 ......-
895 2492 927 2505 ι.
962 2478 1139 2505 ηηο..-
1160 2479 1429 2505 ...υηηηι
1488 2501 1510 2505 .-
2264 2483 2369 2505 nm-
2415 2469 2595 2505 (γηοπῇ
2662 2469 2772 2505 ηἰρῖ
2835 2471 3113 2505 enin-Hum
3178 2480 3452 2505 cunni"...
3512 2476 3906 2505 :..r-lr:..:.....-

18 2469 23 2557 ξ
566 2479 726 2547 tatis,
760 2479 866 2549 qui
891 2492 928 2535 a
949 2478 1139 2535 Patre
1157 2479 1450 2548 procedit.
1488 2501 1514 2530 »
2264 2483 2369 2541 per
2415 2469 2622 2547 vitam,
2660 2469 2805 2557 nisi,
2835 2471 3117 2543 Spiritum
3178 2480 3455 2532 sanctum
3512 2476 3928 2553 intelligimus,

628 2546 793 2624 Idem
819 2546 1402 2639 sanctus,in_quarta
1430 2567 1681 2641 epistola
1699 2571 1778 2627 ad
1796 2574 2148 2646 Nestorium,
2257 2570 2460 2646 quem,
2485 2546 2654 2613 Pater
2684 2556 2893 2646 ghabe‘
2944 2558 3006 2614 in
3046 2574 3131 2625 se,
3173 2565 3230 2617 εί
3266 2559 3430 2619 ded“
3467 2562 3652 2621 Filio:
3695 2546 3760 2622 ὑί
3800 2546 3931 2639 ίρεέ

557 2658 729 2729 cujus
759 2662 847 2713 est
870 2656 1136 2712 initium:
1167 2657 1487 2714 Salvatore
1510 2665 1712 2716 nostro
1735 2661 1985 2731 dicente,
2010 2645 2145 2733 etc.,
2256 2650 2332 2733 ,ίδ
2365 2645 2652 2717 Spiritum
2680 2645 2904 2702 habeat
2930 2646 2992 2701 ίῑι
3015 2663 3080 2703 se
3102 2648 3260 2720 ίρεον
3302 2652 3455 2707 δίοοῑ
3482 2651 3665 2709 habet
3694 2656 3872 2711 Pater
3898 2657 3929 2713 ?

556 2722 774 2819 parum
798 2750 936 2801 ante
965 2746 1152 2801 tinem
1184 2762 1197 2800 :
1231 2768 1259 2795 ‹‹
1293 2748 1358 2801 Et
1388 2746 1439 2802 si
1469 2747 1529 2802 in
1558 2747 1871 2821 hypostasi
1899 2722 2148 2825 Spiritus
2252 2722 2428 2806 ίετεο
2456 2734 2629 2791 Filius
2652 2750 2777 2825 n9“
2819 2734 3015 2791 50mm
3052 2735 3237 2794 habet
3266 2738 3567 2812 smmum:
3598 2758 3779 2815 quem
3811 2743 3926 2801 δεμ

557 2840 805 2892 sanctus
836 2833 1103 2907 propria,
1131 2838 1188 2890 et
1210 2833 1556 2905 intelligitur
1574 2838 1908 2896 secundum
1938 2824 2019 2905 se,
2052 2845 2147 2901 vel
2251 2824 2353 2880 bet
2380 2826 2571 2895 Pater:
2602 2824 2709 2879 39d
2752 2825 2935 2881 “iam
2966 2826 3050 2881 ίίᾶ
3077 2826 3259 2884 habet
3283 2829 3588 2902 δΡίτίίυων
3622 2832 3775 2890 δίουῖ
3814 2833 3924 2890 ha'

554 2924 719 2997 quod
757 2923 1010 2996 spiritus
1047 2928 1159 2989 est,
1187 2926 1244 2978 et
1266 2937 1389 2979 non
1420 2922 1620 2992 Filius,
1664 2929 1865 2984 tamen
1904 2946 2026 2986 non
2055 2938 2148 2991 est
2251 2912 2352 2970 bet
2374 2916 2561 2971 Pater.
2588 2913 2916 2971 Videamus
2937 2914 3163 2988 itaque,
3192 2919 3502 2989 quomodo
3526 2923 3694 2978 Pater
3730 2922 3922 2981 habet

552 3014 783 3070 alienus
814 3012 893 3069 ab
921 3012 1053 3085 ipso
1088 3011 1246 3068 Filio.
1273 3011 1521 3084 Spiritus
1559 3014 1718 3070 enim
1746 3017 2013 3075 Veritatis
2041 3037 2147 3078 no-
2254 3003 2539 3076 Spiritum
2602 3003 2663 3058 in
2719 3003 3061 3075 εθωθῖίρεο·
3111 3007 3282 3062 Pater
3343 3013 3543 3064 autem
3605 3012 3689 3067 8ἱο
3727 3011 3916 3071 habet

549 3104 812 3159 minatus
832 3106 938 3157 est.
973 3104 1071 3157 Est
1100 3106 1299 3157 autem
1340 3102 1605 3159 Christus
1633 3103 1886 3171 Veritas,
1916 3112 1972 3164 et
2007 3125 2143 3182 pro-
2252 3093 2534 3182 Spiritum
2560 3097 2624 3148 υί
2651 3108 2889 3165 semper
2934 3094 3006 3149 ⁵η
3038 3092 3098 3148 in
3131 3096 3319 3166 Patre:
3347 3102 3405 3152 εἴ
3431 3113 3668 3171 semper
3704 3116 3916 3173 Pmce'

550 3193 819 3251 funditur
869 3192 947 3248 ab
996 3192 1149 3263 ipso,
1181 3192 1704 3265 quemadmodum
1748 3196 1953 3269 utique
1983 3181 2040 3255 et
2077 3215 2150 3257 ex
2188 3204 2227 3257 ρ
2255 3181 2360 3238 dat
2404 3198 2441 3237 a
2480 3184 2643 3239 Patre
2680 3199 2693 3236 :
2743 3187 2800 3238 et
2836 3183 2917 3240 ita
2956 3199 3192 3257 semper
3229 3186 3499 3257 procedit
3537 3204 3574 3245 a
3614 3191 3804 3261 Patre,
3846 3196 3912 3248 ut

547 3287 737 3341 Patre.
767 3280 921 3347 Quid
952 3286 1152 3337 autem
1183 3281 1257 3336 sit
1293 3280 1678 3352 profundere,
1709 3286 1955 3356 exponit
1982 3287 2142 3345 idem
2253 3287 2491 3344 semper
2526 3271 2586 3327 in
2627 3274 2793 3327 patre
2831 3278 3091 3338 manem,
3132 3279 3190 3329 et
3240 3275 3321 3331 ίίᾶ
3359 3292 3599 3349 θεωρεῖ·
3634 3277 3696 3335 in
3737 3281 3906 3336 Patre

548 3371 801 3446 Cyrillus
827 3370 887 3426 in
919 3369 1287 3441 expositione
1308 3369 1576 3440 Symboli
1605 3372 1846 3435 Nicaeni.
1877 3378 2139 3434 tractans
2249 3365 2471 3431 manet,
2500 3365 2564 3417 ιιι
2588 3364 2787 3417 tamen
2819 3376 3056 3433 semper
3085 3377 3122 3418 α
3160 3366 3325 3420 Patre
3364 3366 3672 3436 Procedat-
3714 3368 3772 3424 Si
3812 3370 3904 3425 Fi-

544 3462 799 3519 νεώρη]
838 3458 1005 3527 illud,
1049 3459 1163 3526 Qui
1199 3473 1274 3515 ραι
1304 3465 1485 3528 patre
1531 3462 1819 3529 procedit,
1875 3463 2081 3522 dicens
2122 3483 2135 3521 ε
2246 3448 2362 3504 lius
2388 3450 2502 3505 isto
2524 3449 2706 3506 modo
2732 3448 2914 3506 habet
2944 3450 3227 3523 Spiritum
3250 3452 3311 3508 in
3335 3454 3902 3527 semetipso,verum

545 3574 574 3601 ‹‹
600 3553 925 3605 Transacto
947 3547 1021 3601 de
1052 3546 1283 3602 Christo
1323 3547 1455 3619 ipso
1486 3563 1783 3615 sermone,
1811 3566 1946 3607 cum
1973 3553 2138 3611 beati

2283 3543 2358 3609 st,
2388 3537 2553 3610 quod
2582 3538 2708 3610 ipse
2756 3537 2899 3594 dicit
2928 3554 2941 3591 :
2971 3539 3139 3596 Sicut
3169 3541 3350 3597 Pater
3379 3542 3553 3599 habet
3608 3545 3793 3601 vitam
3839 3550 3902 3603 in

541 3642 742 3695 Patres
758 3635 946 3691 sancti
967 3634 1219 3706 Spiritus
1238 3636 1594 3691 memoriam
1612 3636 1901 3695 facerent:
1926 3641 2134 3714 Credo,
2244 3629 2541 3697 seipsO,8iC
2570 3628 2730 3684 dedit
2761 3633 2814 3683 σί
2844 3627 2997 3684 Ρίίίο
3027 3629 3245 3687 habere
3276 3633 3459 3687 vitam
3477 3634 3538 3688 ίη
3563 3638 3903 3704 397718117330-

540 3727 839 3793 dixerum,
869 3723 931 3778 in
961 3738 1119 3793 eum,
1149 3722 1671 3794 quemadmodum
1704 3725 1763 3782 in
1797 3728 2052 3801 Patrem,
2077 3735 2136 3789 ει
2245 3718 2301 3775 Si
2333 3722 2535 3773 autem
2564 3716 2677 3773 isto
2707 3714 2892 3772 modo
2934 3732 3057 3773 non
3085 3718 3291 3783 habet,
3331 3721 3641 3792 quomodo
3664 3722 3774 3780 erit
3799 3740 3904 3781 ve-

541 3814 790 3881 Filium;
830 3810 1361 3869 consubstantialis
1413 3812 1574 3868 enim
1626 3813 1731 3881 eis,
1771 3820 1828 3871 et
1865 3816 2134 3875 funditur
2240 3821 2394 3877 “1m,
2426 3805 2590 3878 (ἰυοά
2616 3804 2756 3861 die“
2786 3820 2800 3859 ⁵
2831 3806 2998 3862 δίεπε
3036 3807 3213 3863 Paw"
3234 3807 3408 3865 habet
3436 3812 3619 3867 υίίαηι
3650 3813 3712 3867 in
3745 3815 3900 3883 53"!"

537 3899 1685 3978 Spiritus,etprocedittanquamafonte
1699 3905 2129 3965 Deoeipau-e,”
2236 3910 2322 3961 so,
2353 3898 2433 3951 sic
2469 3894 2633 3951 dedit
2661 3901 2715 3949 et
2740 3894 2896 3950 Filio
2935 3894 3154 3953 habere
3184 3898 3366 3953 vitam
3406 3900 3469 3953 in
3506 3901 3736 3969 seipse?
3775 3903 3897 3959 Sed

604 3996 820 4050 Beatus
850 4006 1096 4063 quoque
1141 3988 1409 4058 Basilius,
1451 3992 1512 4046 in
1556 3990 1710 4048 libro
1760 3993 1843 4050 De
1893 3994 2127 4065 Spiritu
2236 3983 2453 4041 falsum
2485 3998 2615 4039 esse
2645 3997 2768 4039 non
2793 3986 3010 4056 potest,
3041 3984 3208 4058 quod
3267 4001 3303 4042 a
3353 3987 3605 4045 Veritate
3653 3995 3743 4046 est
3770 3990 3897 4049 dic~

530 4089 761 4152 sancto,
788 4080 867 4137 ad
895 4077 1402 4151 Amphilochium,
1431 4094 1560 4151 cap.
1590 4080 1680 4134 18:
1703 4102 1730 4130 ‹‹
1762 4080 1827 4136 Si
1846 4084 1976 4153 quis
2003 4084 2128 4154 Spi-
2236 4078 2383 4131 tum.
2418 4075 2569 4141 Ergo
2588 4087 2800 4128 verum
2828 4077 2920 4129 est
2941 4072 3109 4145 quod
3138 4074 3361 4131 Veritas
3389 4075 3551 4133 dixit.

529 4174 713 4228 ritum
750 4170 981 4229 Christi
999 4184 1120 4224 non
1152 4166 1352 4235 habet,
1386 4167 1483 4224 hic
1504 4184 1624 4223 non
1646 4175 1734 4225 est
1774 4171 1917 4239 ejus.
1961 4173 2125 4231 Unde
2304 4166 2480 4218 Item:
2503 4162 2852 4218 SicutPater
2869 4164 3117 4220 suscitat
3142 4170 3407 4221 mortuos
3427 4173 3480 4243 et
3509 4168 3892 4239 viviﬁcat,sic

528 4259 693 4316 solus
709 4257 2120 4332 gloriﬁcatDeum.literneclareﬁcabit,inquam,
2232 4259 2286 4310 et
2314 4254 2506 4310 Filius
2554 4269 2700 4325 quos
2729 4254 2858 4309 vult
2907 4254 3257 4324 viviﬁcat”.
3294 4256 3599 4313 Viviticare
3633 4259 3889 4331 Spiritus

525 4351 670 4422 quia
699 4347 773 4402 de
791 4361 915 4402 meo
941 4346 1193 4414 accipiet
1218 4350 1274 4400 et
1300 4346 1691 4401 annuntiabit
1718 4346 1876 4403 vobis
1904 4363 2028 4405 non
2051 4350 2123 4405 si-
2230 4344 2417 4399 sancti
2439 4346 2543 4409 est,
2578 4346 2711 4412 etc.,
2745 4344 2897 4399 sicut
2921 4344 3150 4401 Veritas
3174 4343 3349 4401 dicit:
3380 4346 3648 4417 Spiritus
3664 4356 3750 4406 est
3780 4353 3891 4423 qui

523 4441 623 4494 cut
663 4438 954 4503 creatura,
990 4432 1096 4489 sed
1122 4432 1273 4488 sicut
1314 4433 1565 4504 Spiritus
1600 4433 1929 4506 sapientiae,
1963 4436 2121 4493 Chri-
2228 4434 2577 4501 viviﬁcat”,
2620 4436 2728 4489 etc.
2763 4431 3016 4497 Quando
3044 4448 3183 4503 ergo
3229 4433 3405 4490 Pater
3434 4441 3706 4493 mortuos
3737 4439 3887 4496 vivi-

519 4531 700 4589 stum,
726 4524 826 4581 Dei
853 4523 1130 4579 virtutem
1160 4525 1218 4578 et
1246 4520 1347 4577 Dei
1371 4521 1834 4594 sapientiam,in
1850 4539 1962 4581 sua
1989 4541 2115 4585 ma-
2151 4554 2194 4608 Ι)
2226 4521 2383 4588 ﬁcat,
2416 4520 2490 4576 de
2518 4520 2738 4592 Spiritu
2769 4524 2997 4587 sancto,
3026 4536 3207 4592 quem
3255 4522 3433 4579 mittit
3459 4523 3521 4579 in
3557 4539 3686 4595 eos,
3726 4527 3884 4584 vivi-

517 4614 829 4689 gnitudine
856 4611 1125 4669 revelans
1154 4627 1168 4665 :
1197 4614 1255 4666 et
1284 4610 1434 4665 sicut
1481 4609 1818 4668 Paracletus
1858 4614 2111 4686 Spiritus
2218 4611 2380 4669 ﬁcat.
2404 4609 2652 4681 Spiritus
2682 4613 2921 4665 sanctus
2942 4608 3102 4665 enim
3130 4614 3238 4681 est,
3261 4611 3367 4683 qui
3395 4618 3668 4670 mortuos
3688 4616 3882 4673 viviﬁ-

514 4703 937 4764 characterizat
957 4701 1247 4772 ejus,qua3
1264 4698 1539 4771 promisit
1557 4714 1664 4772 per
1686 4700 1987 4774 Spiritum,
2003 4704 2110 4762 Pa-
2214 4705 2315 4759 cat
2332 4699 2517 4756 vitam
2542 4697 2748 4754 dando
2788 4700 3039 4754 mortuis
3072 4701 3421 4771 operatione
3452 4717 3584 4770 sua,
3610 4708 3666 4760 et
3694 4705 3879 4764 etiam

510 4795 714 4852 racleti
744 4792 1087 4860 bonitatem,
1123 4793 1179 4843 et
1206 4788 1265 4843 in
1291 4787 1380 4843 sui
1413 4788 1696 4858 dignitate
1726 4791 2107 4862 majestatem
2215 4790 2397 4846 vitam
2430 4787 2632 4858 gratiis
2664 4787 2914 4844 mortuis
2944 4787 3004 4843 in
3030 4789 3291 4859 peccatis
3308 4789 3702 4863 inspiratione
3728 4810 3867 4851 sua.

508 4885 878 4942 demonstrat
898 4880 1049 4952 ejus.
1087 4900 1106 4927 ι
1144 4877 1309 4933 Unde
1335 4882 1392 4933 et
1414 4880 1721 4948 provenit;
1752 4880 1919 4953 quod
1940 4881 2103 4939 idem
2213 4880 2269 4935 Si
2302 4878 2479 4950 igitur
2508 4876 2686 4933 Filius
2718 4876 2797 4933 ita
2821 4876 2895 4932 de
2924 4877 3143 4949 Spiritu
3174 4882 3381 4935 sancto
3411 4878 3689 4952 vivificat,
3718 4885 3877 4941 sicut

505 4979 613 5041 est,
647 4971 808 5045 quod
832 4969 1119 5041 procedit.
2207 4970 2396 5033 Pater,
2440 4966 2709 5038 sequitur
2761 4964 2928 5038 quod
2985 4966 3135 5022 sicut
3196 4966 3272 5023 ad
3327 4970 3561 5025 Patrem
3614 4971 3875 5040 pertinet

576 5061 741 5117 Idem
788 5061 1031 5116 sanctus
1080 5056 1448 5130 Epiphanius
1498 5057 1559 5113 in
1590 5056 1741 5115 libro
1779 5061 1866 5116 De
1901 5061 2101 5117 Anco-
2166 5049 2177 5063 ’
2208 5056 2479 5129 Spiritus,
2502 5055 2685 5111 etiam
2721 5054 2822 5111 illo
2867 5054 3052 5112 modo
3080 5056 3334 5127 pertinet
3363 5057 3442 5112 ad
3472 5057 3703 5116 Filium.
3754 5063 3874 5120 Sed

502 5155 632 5206 rato
662 5166 674 5205 :
705 5171 733 5199 ‹‹
758 5152 927 5205 Pater
957 5147 1078 5203 veri
1110 5146 1229 5202 Filii
1263 5151 1351 5203 est
1370 5149 1559 5215 Pater,
1590 5147 1794 5204 lumen
1824 5152 1983 5205 totus
2016 5149 2101 5205 Fi-
2205 5146 2285 5203 ad
2316 5147 2552 5202 Patrem
2582 5146 2855 5218 pertinet,
2899 5149 2962 5201 ut
2992 5145 3069 5201 ab
3096 5146 3226 5218 ipso
3247 5148 3634 5220 procedendo
3664 5150 3770 5207 det
3790 5153 3873 5209 vi-

496 5238 631 5307 lius,
662 5238 853 5295 Patris
884 5236 1164 5306 Verbum,
1188 5236 1393 5293 lumen
1430 5252 1503 5292 ex
1538 5235 1786 5301 lumine,
1819 5252 1942 5293 non
1981 5237 2097 5294 uti-
2202 5239 2325 5292 tam
2362 5235 2610 5304 mundo,
2651 5234 2805 5291 sicut
2830 5234 2978 5291 alias
3022 5235 3308 5307 scriptum
3355 5241 3464 5294 est.
3499 5238 3586 5295 Ita
3624 5254 3771 5311 ergo
3811 5248 3870 5300 et

494 5342 614 5401 que
643 5327 801 5383 facta
824 5325 918 5383 vel
958 5331 1156 5384 creata
1183 5325 1585 5399 applicatione
1623 5324 1787 5395 sola;
1817 5329 1873 5381 et
1913 5325 2092 5398 Spiri-
2199 5324 2278 5382 ad
2311 5324 2541 5381 Filium.

492 5420 589 5472 tus
621 5420 884 5483 sanctus,
912 5415 1164 5488 Spiritus
1190 5414 1471 5479 veritatis,
1515 5412 1721 5469 lumen
1751 5414 1987 5472 tertium
2016 5430 2090 5473 ex
2270 5413 2385 5472 Sed
2422 5414 2578 5470 dicet
2606 5415 2843 5472 Graecus
2883 5430 2896 5469 :
2935 5435 2964 5464 α
2995 5414 3128 5471 Non
3184 5414 3267 5471 ita
3322 5415 3576 5487 pertinet
3607 5416 3864 5490 Spiritus

491 5505 667 5564 Patre
702 5510 760 5563 et
787 5504 949 5564 Filio.
978 5527 1007 5557 ››
1324 5549 1328 5553 .
2192 5503 2273 5562 ad
2310 5503 2539 5576 Filium,
2576 5502 2730 5561 sicut
2769 5503 2851 5562 ad
2895 5505 3148 5574 Patrem,
3180 5503 3327 5579 quia
3358 5506 3531 5563 Pater
3566 5505 3736 5566 dedit
3772 5508 3863 5566 Fi-

553 5740 599 5778 ³⁸
624 5738 796 5801 Joan.
829 5755 945 5808 xxv,
969 5741 1019 5796 6.
1100 5738 1146 5777 ιθ
1169 5736 1341 5796 Joan.
1370 5752 1467 5803 vn,
1499 5738 1587 5794 38.
1663 5737 1713 5776 ³ο
1741 5737 1912 5798 Eccli.
1943 5753 2102 5810 xxrv,
2132 5739 2221 5797 40.
2299 5740 2345 5778 ’ί
2367 5740 2536 5798 toan.
2564 5756 2620 5813 v,
2644 5741 2734 5795 26.
2810 5738 2858 5775 ²⁹
2881 5736 3031 5797 Ibid.
3060 5741 3152 5799 2t.
3228 5739 3277 5779 ³³
3305 5741 3477 5825 Joau.
3509 5750 3590 5811 Vt,
3621 5743 3710 5827 ϐξ.

4054 4850 4055 4883 1

4044 5142 4047 5201 Α

4044 5204 4045 5281 ι
