4106 6222
241 285 360 343 497

1629 282 1912 342 CONTRA
1949 281 2274 341 GRAECOS.

3563 286 3670 346 498

241 407 350 478 lio,
387 411 454 466 ut
474 408 662 482 possit
691 409 964 478 mittere;
999 409 1115 468 sibi
1160 412 1364 468 autem
1391 407 1655 476 retinuit,
1682 414 1748 468 ut
1775 426 1912 484 pro-
1939 411 1985 466 Α
2089 411 2299 466 Beatus
2329 407 2580 482 Cyrillus
2607 409 2684 466 de
2725 409 2942 468 eodem
2976 408 3218 484 Spiritu,
3265 407 3435 482 quod
3488 408 3668 483 Spiri-

243 497 522 556 cedatab
541 513 634 556 eo.
659 521 688 549 »
715 499 883 557 Absit
900 499 980 557 ab
1004 499 1224 557 animis
1256 497 1529 556 ﬁdelium
1553 498 1670 556 hoc
1694 498 1908 556 delira-

243 591 547 656 mentum,
587 590 652 644 ut
700 587 952 661 Spiritus
1001 593 1246 645 sanctus
1300 591 1591 644 comterus
1647 592 1707 644 et
1763 603 1907 644 con-

245 674 665 732 substantialis
721 675 882 733 Patri
907 681 966 734 et
999 677 1162 743 Filio,
1205 675 1375 733 aliter
1405 680 1461 732 et
1510 675 1681 733 aliter
1732 675 1908 733 detur

243 767 303 819 et
327 763 444 820 sit:
477 763 572 820 vel
599 765 772 839 quod
826 765 1057 840 aliquid
1087 766 1253 824 aliud
1305 765 1715 839 temporaliter
1740 781 1905 822 acce-

240 850 334 922 pit
363 850 458 906 vel
481 851 646 909 aliud
666 854 1023 911 seternaliter
1043 855 1304 912 exsistat.
1333 855 1453 910 Ista
1469 854 1631 910 enim
1655 854 1906 910 varietas

239 953 369 994 non
398 939 562 996 cadit
590 940 653 997 in
683 944 894 1013 Deum,
937 943 1044 1000 sed
1088 944 1148 1000 in
1195 947 1524 1000 creaturas.
1580 946 1905 1016 Nunquam

239 1018 425 1085 etiam
461 1028 640 1086 Filius
669 1031 750 1088 ad
776 1047 1124 1089 mensuram
1153 1033 1383 1105 accepit
1412 1032 1713 1106 Spiritum,
1752 1033 1904 1089 sicut

237 1120 296 1172 et
321 1132 462 1188 nos,
492 1122 549 1175 et
599 1119 688 1175 uti
715 1125 806 1176 est
835 1121 1141 1193 scriptum.
1195 1121 1471 1191 Legimus
1525 1122 1724 1178 enim:
1763 1122 1898 1178 Non

234 1205 321 1262 ad
351 1219 696 1264 mensuram
739 1208 846 1266 dat
873 1209 1030 1266 Deus
1057 1211 1356 1280 Spiritum
1379 1210 1424 1245 ²⁴
1453 1229 1470 1281 ;
1501 1209 1738 1282 supple,
1761 1208 1901 1266 Filio

234 1310 372 1352 suo.
407 1296 467 1352 Si
490 1311 700 1354 verum
729 1303 837 1366 est,
865 1298 1032 1372 quod
1063 1300 1235 1355 Pater
1266 1299 1350 1356 ita
1377 1298 1546 1355 dedit
1573 1298 1712 1355 Filio
1769 1298 1899 1370 Spi—

227 1383 510 1450 ritum,ut
525 1384 796 1459 aliquam
819 1387 1079 1458 gratiam
1099 1386 1531 1444 dominationis
1554 1387 1617 1443 in
1642 1403 1705 1444 se
1723 1387 1900 1444 Filius

229 1473 452 1546 (Pater)
538 1475 899 1544 retinuisset,
953 1481 1091 1532 tunc
1145 1492 1357 1534 revera
1423 1477 1690 1533 dedisset
1743 1476 1892 1533 Filio

234 1562 523 1635 Spiritum
551 1563 632 1622 ad
653 1579 1026 1634 mensuram,
1052 1565 1138 1622 ita
1155 1569 1218 1622 ut
1243 1581 1356 1622 nos
1378 1581 1704 1638 possemus
1729 1565 1897 1622 illam

227 1652 632 1710 donationem
659 1668 1010 1711 mensurare
1035 1652 1337 1712 dicentes:
1367 1657 1488 1712 Hoc
1516 1655 1766 1728 quidem
1792 1654 1895 1710 de-

2016 502 2111 555 tus
2137 501 2383 556 sanctus
2405 500 2478 556 sit
2497 514 2571 556 ex
2591 499 2754 566 Filio,
2782 505 2842 556 et
2866 499 3034 573 quod
3055 500 3186 572 ipse
3219 498 3400 555 Filius
3419 499 3670 557 dederat

2015 591 2156 644 tunc
2185 587 2468 660 Spiritum
2498 593 2774 661 sanctum
2803 589 3092 663 apostolis
3121 604 3261 646 cum
3312 587 3665 659 insufﬂavit,

2013 679 2072 732 et
2088 675 2237 732 dixit
2255 694 2267 731 :
2293 677 2559 746 Accipite
2571 677 2859 748 Spiritum
2875 684 3174 750 sanctum,
3197 693 3377 750 super
3390 678 3665 734 Genesim

2013 765 2099 821 sic
2128 770 2412 822 testatur:
2443 786 2471 815 ‹‹
2497 767 2659 822 Sicut
2677 767 2889 824 beatus
2918 771 3146 840 Moyses
3176 766 3439 822 ostendit
3463 767 3662 822 homi-

2013 869 2153 910 nem
2170 869 2206 910 a
2231 856 2351 910 Deo
2366 854 2668 926 accepisse
2689 857 3052 928 spiraculum
3079 857 3233 923 vitae,
3262 857 3377 912 hoc
3399 856 3662 912 Christus

2011 943 2310 998 innovans
2333 943 2394 998 in
2423 943 2600 999 nobis
2621 951 2758 1017 post
2775 945 3312 1002 resurrectionnem
3333 960 3370 1002 a
3386 945 3656 1012 mortuis,

2010 1031 2338 1088 insufﬂavit
2355 1032 2661 1105 discipulis
2678 1033 2912 1090 dicens:
2932 1036 3200 1103 Accipite
3209 1034 3506 1104 Spiritum
3519 1049 3658 1090 san-

2010 1128 2191 1188 ctum,
2222 1125 2288 1177 ut
2315 1121 2532 1178 iterum
2547 1122 2854 1178 reformati
2874 1123 2952 1180 ad
2970 1123 3284 1196 pristinam
3305 1123 3655 1194 imaginem,

2009 1209 2348 1266 conformes
2379 1226 2786 1283 appareamus
2817 1211 3076 1269 Creatori
3124 1226 3231 1284 per
3258 1211 3658 1284 participatio-

2006 1313 2148 1354 nem
2177 1299 2447 1372 Spiritus.
2477 1320 2497 1348 ι

2079 1388 2330 1454 Quando
2378 1403 2520 1460 ergo
2550 1388 2802 1462 Spiritus
2833 1393 3076 1445 sanctus
3125 1389 3185 1444 in
3215 1388 3391 1446 nobis
3435 1387 3652 1456 factus,

2006 1477 2347 1533 conformes
2375 1492 2489 1533 nos
2521 1477 2620 1532 Dei
2649 1477 2926 1545 ostendit,
2956 1477 3227 1550 procedit
3254 1483 3456 1534 autem
3487 1494 3524 1534 a
3551 1494 3653 1550 pa-

2003 1568 2091 1621 tre
2121 1569 2179 1622 et
2227 1565 2392 1636 Filio,
2424 1565 2830 1636 manifestum,
2865 1566 3009 1639 quia
3037 1566 3113 1622 de
3144 1565 3360 1622 eadem
3400 1567 3658 1623 essentia

2005 1657 2098 1711 est
2117 1654 2506 1711 essentialiter
2523 1654 2585 1712 in
2605 1654 2758 1727 ipsa,
2791 1660 2848 1711 et
2873 1670 2940 1711 ex
2959 1654 3091 1726 ipsa
3109 1654 3463 1728 procedens,
3493 1653 3659 1711 velut

227 1740 314 1798 dit
332 1744 509 1799 Pater
529 1742 696 1813 Filio,
715 1742 832 1800 hoc
849 1748 1048 1800 autem
1071 1759 1195 1801 non
1219 1743 1383 1801 dedit
1404 1761 1418 1812 ;
1442 1745 1526 1800 sic
1540 1743 1723 1812 dedit,
1746 1745 1897 1801 etsic
1932 1760 1973 1815 Β
2003 1757 2078 1798 ex
2099 1742 2372 1800 humano
2401 1759 2504 1800 ore
2543 1743 2805 1800 excurrit
2845 1743 3210 1800 insufﬂatio:
3245 1743 3352 1800 etsi
3396 1758 3656 1816 parvum

223 1845 348 1888 non
373 1830 567 1888 dedit.
589 1834 799 1888 Nonne
824 1833 1062 1889 Graecus
1086 1838 1399 1890 mensurat
1420 1832 1559 1889 Filio
1582 1832 1890 1905 Spiritum,

219 1919 477 1993 quando
513 1919 662 1977 dicit
690 1937 704 1977 :
739 1920 916 1977 Filius
946 1921 1030 1978 sic
1049 1921 1234 1979 habet
1263 1921 1549 1994 Spiritum
1575 1926 1642 1979 ut
1669 1921 1893 1986 mittat,

223 2013 279 2066 et
308 2007 505 2067 donet
540 2007 756 2077 illum;
789 2009 898 2067 sed
925 2024 1052 2067 non
1081 2011 1164 2068 sic
1184 2009 1387 2080 habet,
1411 2014 1474 2067 ut
1497 2010 1786 2084 procedat
1815 2009 1895 2068 ab

219 2113 381 2172 ipso.

292 2190 442 2244 Item
500 2187 682 2244 Filius
710 2188 788 2246 de
841 2188 1060 2262 Spiritu
1093 2193 1304 2246 sancto
1359 2188 1477 2245 ait:
1508 2190 1665 2246 Novi
1687 2189 1760 2246 de
1791 2205 1881 2247 me

227 2279 508 2335 virtutem
529 2281 722 2336 exisse
747 2280 819 2336 ’⁵.
843 2280 911 2335 Et
930 2277 1318 2349 Evangelium
1340 2278 1609 2335 similiter
1635 2297 1648 2335 :
1692 2280 1892 2336 Virtus

237 2365 307 2421 de
334 2367 444 2422 illo
467 2367 667 2425 exibat
683 2373 740 2424 et
771 2366 1028 2424 sanabat
1051 2369 1302 2425 omnes'5
1333 2411 1344 2422 .
1379 2368 1523 2434 Quae
1545 2372 1749 2424 autem
1769 2371 1897 2425 erat

231 2453 342 2510 illa
367 2455 563 2525 virtus,
609 2473 750 2530 quae
785 2455 1045 2513 sanabat
1095 2471 1304 2513 omnes
1331 2458 1360 2513 ‘l
1399 2459 1478 2512 De
1524 2471 1648 2530 qua
1675 2457 1891 2512 virtute

227 2541 448 2600 iterum
474 2545 767 2618 scriptum
793 2549 882 2603 est
911 2563 925 2602 :
968 2546 1076 2602 Vos
1104 2551 1304 2603 autem
1328 2546 1522 2603 sedete
1546 2549 1609 2602 in
1639 2548 1882 2602 civitate

218 2633 583 2707 Jerusalem,
609 2649 917 2707 quousque
937 2635 1277 2692 induamini
1295 2636 1516 2692 virtute
1535 2650 1609 2692 ea:
1628 2636 1778 2692 alto.
1809 2635 1876 2688 ³⁷.

215 2722 326 2786 Qui
353 2737 503 2793 ergo
545 2730 728 2794 negat
755 2724 1044 2796 Spiritum
1073 2740 1110 2781 a
1140 2723 1281 2780 Filio
1310 2723 1656 2797 procedere,
1705 2727 1892 2794 negat

213 2812 445 2884 pariter
463 2812 653 2869 verba
683 2829 798 2870 sua
825 2813 904 2870 ab
923 2813 1055 2886 ipso
1074 2828 1225 2869 esse.
1247 2813 1680 2870 Verumtamen
1705 2828 1890 2870 evan.

215 2901 434 2972 gelista
451 2918 474 2958 :
499 2903 895 2960 Mirabantur
919 2918 1116 2958 omnes
1147 2906 1212 2959 in
1233 2903 1428 2960 verbis
1457 2904 1694 2974 gratite,
1752 2917 1888 2976 quae

205 2990 626 3061 procedebant
673 3005 775 3048 ore
806 2993 934 3062 ejus
961 2991 1036 3046 ³⁸.

215 3079 375 3146 Quid
457 3079 688 3151 plura?
735 3082 876 3153 Ipsa
939 3094 1206 3152 namque
1285 3079 1528 3148 Veritas,
1616 3078 1888 3137 Salvator
1917 3107 1958 3164 ρ

212 3174 446 3240 noster,
469 3169 683 3226 volens
713 3185 960 3226 omnem
984 3169 1442 3240 ambiguitatem
1462 3170 1640 3226 istam
1665 3169 1740 3226 de
1763 3186 1888 3226 me-

211 3258 316 3315 dio
335 3274 675 3324 removere,
702 3262 841 3332 post
865 3258 1120 3329 gloriam
1140 3258 1593 3314 resurrectionis
1617 3275 1738 3315 sum
1754 3259 1886 3330 jam

212 3346 580 3405 immortalis
600 3347 794 3404 factus
812 3352 868 3404 et
881 3346 1290 3421 impassibilis,
1308 3347 1590 3420 Spiritum
1605 3353 1886 3404 sanctum

213 3453 290 3494 ex
316 3453 382 3493 se
431 3435 863 3510 procedentem
891 3437 1178 3506 ostendit,
1225 3451 1365 3493 cum
1395 3436 1700 3508 inspirans
1741 3437 1886 3493 dici-

213 3526 374 3600 pulis
406 3527 530 3582 ait:
563 3526 840 3598 Accipite
857 3526 1155 3596 Spiritum
1183 3532 1459 3584 sanctum
1480 3527 1668 3593 “,etc.
1693 3529 1883 3592 Quam

211 3615 642 3674 auctoritatem
670 3615 888 3672 beatus
919 3615 1282 3672 Athanasius
1315 3630 1628 3687 exponens
1660 3615 1722 3672 in
1757 3631 1884 3672 ser-

205 3720 392 3762 mone
445 3703 526 3761 de
575 3719 666 3770 ea,
699 3719 837 3777 quin
867 3704 928 3760 in
987 3719 1191 3771 carne,
1224 3701 1677 3776 dispensatione
1710 3695 1884 3761 Verbi

204 3791 332 3859 Dei,
363 3797 423 3847 et
453 3791 532 3848 de
558 3791 836 3849 'l‘rinitate
864 3798 1076 3850 contra
1105 3793 1380 3859 Arianos,
1419 3793 1600 3863 cujus
1645 3792 1882 3850 initium

205 3885 298 3936 est
323 3897 338 3936 :
373 3880 492 3948 Qui
518 3881 830 3953 malitiose,
860 3887 996 3947 etc.,
1020 3881 1106 3938 sic
1131 3880 1274 3938 dicit
1305 3898 1320 3938 :
1346 3883 1626 3954 «Propter
1655 3882 1772 3940 hoc
1795 3883 1885 3939 in'

200 3970 409 4027 sufﬂat
428 3970 491 4027 in
511 3970 730 4028 faciem
749 3971 1166 4044 apostolorum
1187 3971 1393 4028 dicens
1414 3990 1427 4028 :
1450 3973 1730 4043 Accipite
1749 3969 1883 4043 Spi'

201 4060 394 4114 n’tum
446 4064 750 4126 sanctum,
777 4063 843 4116 ut
894 4059 1225 4129 discamus,
1266 4059 1436 4132 quod
1492 4059 1569 4117 de
1625 4061 1881 4133 plenitu‘

197 4145 345 4204 dine
374 4146 708 4204 Divinitatis
757 4151 869 4214 est,
913 4163 1038 4221 qua
1069 4147 1254 4204 datur
1305 4149 1559 4221 Spiritus
1617 4155 1868 4206 sanctus

201 4233 488 4308 dicipulis
517 4253 532 4291 :
553 4236 621 4292 In
641 4236 884 4294 Christo
905 4235 1317 4310 enim,inquit,
1341 4236 1458 4294 hoc
1479 4240 1585 4309 est,
1614 4237 1675 4294 in
1697 4253 1878 4295 carne

201 4325 356 4396 ejus,
394 4324 634 4383 habitat
659 4327 851 4383 omnis
877 4326 1194 4395 plenitudo
1221 4327 1578 4384 Divinitatis
1609 4327 1678 4381 ³ο.
1714 4319 1880 4385 Sicut

202 4415 466 4470 Joannes
493 4414 762 4488 Baptista
789 4414 950 4480 dicit:
978 4415 1103 4472 Nos
1129 4420 1327 4472 autem
1357 4431 1554 4474 omnes
1575 4415 1648 4476 de
1673 4418 1874 4487 pleni-

203 4501 417 4560 tudine
429 4505 558 4574 ejus
574 4505 910 4574 accepimus
927 4505 972 4540 ³⁸
995 4542 1010 4567 ,
1036 4525 1057 4552 ι
1080 4508 1192 4560 etc.
1215 4503 1717 4576 Corporalietiam
1734 4521 1871 4579 spe-

204 4590 297 4648 cie
330 4591 503 4648 visus
529 4597 618 4649 est
655 4591 908 4666 Spiritus
956 4596 1198 4649 sanctus
1229 4591 1384 4649 sicut
1426 4591 1713 4651 columba
1767 4595 1870 4652 de-

203 4679 481 4750 scedens,
519 4684 575 4738 et
621 4696 876 4738 manens
913 4697 1096 4755 super
1125 4697 1289 4738 eum.
1337 4685 1403 4738 In
1456 4681 1634 4739 nobis
1667 4687 1869 4742 autem

199 4769 428 4842 pignus
452 4773 512 4826 et
559 4769 836 4843 primitiae
867 4769 1198 4827 Divinitatis
1217 4769 1514 4840 habitant,
1544 4771 1607 4828 in
1638 4771 1740 4830 illo
1765 4789 1870 4830 au-

199 4865 324 4916 tem
351 4857 672 4932 plenitudo
693 4858 1044 4930 Divinitatis,
1061 4875 1138 4918 ne
1163 4859 1303 4934 quis
1328 4865 1518 4933 putet,
1549 4862 1716 4934 quod
1743 4879 1868 4921 non

195 4946 439 5006 habens
468 4947 776 5020 Spiritum,
807 4947 1011 5021 ipsum
1040 4953 1184 5006 tunc
1232 4949 1484 5023 accepit.
1519 4954 1650 5023 Ipse
1703 4952 1867 5010 enim

161 5075 174 5086 -
196 5037 407 5111 ipsum
436 5037 762 5094 desursum
790 5037 1064 5096 mittebat
1095 5042 1161 5096 ut
1214 5040 1393 5108 Deus,
1421 5043 1482 5096 et
1508 5038 1636 5112 ipse
1663 5040 1866 5114 ipsum

195 5126 495 5184 deorsum
530 5125 860 5199 recipiebat
916 5129 982 5184 ut
1034 5127 1242 5184 homo.
1300 5129 1382 5184 Ex
1439 5127 1576 5202 ipso
1605 5145 1752 5202 ergo
1802 5132 1866 5188 in

194 5217 405 5288 ipsum
432 5213 866 5284 descendebat,
891 5231 966 5272 ex
995 5215 1303 5273 divinitate
1330 5215 1464 5288 ejus
1496 5217 1559 5274 in
1586 5217 1864 5278 humani-

195 5309 407 5363 tatem.
431 5326 462 5356 »
493 5307 562 5363 Et
587 5303 706 5364 hoc
734 5304 986 5378 quidem
1009 5305 1400 5364 Athanasius.

268 5431 316 5502 ’ἒ
351 5431 526 5502 toan.
561 5445 640 5496 ιιι,
667 5431 759 5487 34.
788 5501 795 5502 ί
860 5431 908 5466 ³⁵
937 5431 1053 5487 Luc
1084 5446 1205 5502 vui,

198 5501 248 5573 ?°
278 5501 504 5557 Coloss.
535 5516 600 5572 ιι,
633 5505 688 5558 9.
781 5501 825 5538 ³⁸
856 5502 1031 5560 Joan.
1062 5518 1099 5573 ι,
1130 5501 1219 5561 16.

199 5571 248 5609 ³⁸
277 5574 450 5634 Rom.
477 5571 601 5647 vui,
636 5576 692 5633 9.
765 5573 810 5610 ³⁷
840 5574 1016 5634 Joan.
1051 5571 1130 5649 vi,
1163 5577 1253 5634 64.

1239 5432 1328 5487 46.
1433 5431 1481 5468 ³⁸
1515 5431 1650 5489 Luc.
1681 5448 1763 5502 γι,
1797 5434 1887 5494 t9.

1322 5502 1372 5540 ³³
1401 5503 1600 5562 Matth.
1633 5519 1694 5572 x,
1733 5507 1825 5562 20.

1928 5505 1977 5542 ³³
2003 5507 2175 5565 Joan.
2207 5521 2264 5570 x,
2293 5508 2383 5562 30.

2004 1836 2062 1888 et
2087 1847 2212 1888 non
2241 1831 2496 1903 dignum
2527 1831 2604 1890 sit
2635 1832 3004 1906 exemplum.
3039 1833 3254 1891 Omnia
3285 1832 3448 1890 enim
3480 1848 3656 1906 supe-

2001 1919 2158 1979 rabit
2187 1923 2360 1978 Deus.

2074 2012 2218 2066 Item
2293 2009 2642 2067 Anastasius
2712 2011 3056 2083 patriarcha
3100 2011 3529 2080 Antiochenus,
3590 2011 3654 2068 in

2004 2113 2283 2156 sermone
2317 2100 2394 2156 de
2421 2105 2584 2157 recta
2610 2101 2854 2157 veritate
2883 2100 3258 2172 dogmatum,
3311 2100 3412 2173 qui
3438 2100 3525 2156 sic
3567 2100 3654 2157 in-

2002 2187 2146 2260 cipit
2173 2205 2187 2244 :
2243 2189 2534 2246 Dominus
2559 2190 2718 2247 Deus
2746 2205 2909 2246 meus
2921 2190 3221 2260 fortitudo
3241 2205 3391 2260 mea,
3414 2192 3525 2246 etc.
3532 2229 3551 2260 ,
3575 2190 3654 2244 de

2001 2278 2220 2350 Spiritu
2253 2282 2464 2335 sancto
2499 2279 2586 2336 sic
2637 2283 2921 2337 testatur:
2989 2302 3012 2330 ι
3069 2278 3298 2336 Etenim
3353 2277 3651 2334 Dominus

2003 2364 2208 2438 ipsum
2259 2366 2540 2438 Spiritum
2590 2383 2663 2424 ex
2722 2383 2786 2423 se
2841 2367 3170 2424 ostendens
3235 2365 3511 2429 existere,
3567 2365 3655 2421 in-

2002 2453 2259 2512 suiﬂans
2290 2455 2495 2512 aiebat
2528 2473 2542 2511 :
2569 2457 2840 2526 Accipite
2858 2457 3154 2526 Spiritum
3179 2461 3477 2512 sanctum.
3511 2471 3543 2506 ›

2072 2545 2320 2613 Ecce,ut
2347 2545 2851 2616 diximus,omnia
2879 2561 3014 2618 quae
3043 2543 3388 2602 necessaria
3417 2547 3558 2600 sunt
3574 2543 3655 2599 ad

2000 2632 2276 2703 salutem,
2308 2639 2411 2690 aut
2453 2635 2747 2707 explicite,
2796 2638 2901 2692 aut
2929 2633 3212 2707 implicita
3255 2633 3475 2706 scripta
3515 2638 3656 2690 sunt

1997 2721 2060 2778 in
2093 2723 2414 2793 Evangelio
2443 2743 2456 2780 :
2489 2724 2657 2797 quod
2707 2741 2777 2779 ex
2825 2723 3019 2790 dictis,
3054 2729 3111 2781 et
3151 2723 3490 2780 subsecutis
3522 2739 3656 2780 san-

1999 2815 2232 2868 ctorum
2281 2813 2636 2870 testimoniis
2694 2813 3111 2886 probavimus,
3165 2819 3226 2871 et
3264 2814 3328 2871 in
3380 2813 3653 2886 sequenti

1999 2899 2260 2973 capitulo
2289 2902 2665 2959 manifestius
2697 2902 3030 2975 apparebit.

2558 3045 2659 3101 Ad
2692 3050 2976 3118 quartum
3002 3046 3222 3102 solutio

2065 3167 2154 3227 Ad
2174 3173 2461 3241 quartum
2476 3169 2800 3241 objectum,
2820 3186 2945 3242 quo
2963 3169 3180 3226 dicitur
3197 3186 3210 3225 :
3231 3191 3259 3220 ‹‹
3275 3175 3324 3226 Α
3338 3173 3506 3228 Patre
3526 3174 3652 3228 tan-

1994 3259 2122 3314 tum
2150 3258 2297 3314 dixit
2319 3258 2494 3314 Filius
2524 3259 2845 3330 procedere
2879 3259 3185 3331 Spiritum,
3223 3264 3280 3316 et
3307 3275 3432 3316 non
3476 3259 3646 3317 addi-

1993 3344 2100 3410 dit,
2127 3361 2163 3402 a
2189 3345 2356 3415 Filio,
2393 3368 2414 3396 »
2449 3346 2708 3402 dicimus
2729 3346 2896 3419 quod
2926 3363 3046 3404 non
3069 3353 3159 3404 est
3188 3363 3453 3414 necesse,
3476 3347 3645 3420 quod

1993 3434 2341 3507 ubicunque
2398 3434 2724 3491 subticetur
2777 3450 2900 3492 una
2959 3451 3240 3507 persona,
3299 3435 3649 3492 excludatur

1991 3522 2148 3596 ipsa,
2179 3527 2234 3580 et
2266 3539 2389 3579 non
2416 3523 2779 3593 intelligatur
2814 3540 2827 3590 ;
2859 3523 3026 3596 quod
3055 3524 3170 3581 isto
3192 3523 3377 3582 modo
3401 3524 3464 3580 in
3495 3524 3646 3580 mul-

1991 3615 2084 3668 tos
2114 3627 2343 3669 errores
2374 3611 2800 3685 praecipitasset
2850 3628 2963 3669 nos
2985 3612 3121 3686 ipsa
3169 3613 3415 3680 Veritas,
3465 3613 3644 3670 Filius

1993 3701 2116 3758 Dei.
2143 3703 2311 3758 Verbi
2333 3703 2543 3773 gratia,
2570 3703 2632 3758 in
2658 3703 2986 3774 Evangelio
3018 3704 3320 3777 Scriptum
3345 3703 3602 3773 legimus
3627 3721 3640 3760 :

1991 3793 2128 3848 Non
2153 3794 2308 3848 enim
2326 3808 2426 3850 vos
2438 3799 2573 3849 estis
2585 3794 2691 3866 qui
2702 3793 3034 3864 loquimini,
3054 3794 3157 3851 sed
3169 3794 3426 3864 Spiritus
3439 3795 3644 3850 Patris

1993 3882 2178 3938 vestri
2199 3898 2302 3954 qui
2327 3883 2598 3954 loquitur
2617 3883 2680 3938 in
2702 3883 2864 3940 vobis
2889 3883 2935 3919 ³⁸
2961 3925 2975 3939 .
3009 3884 3156 3939 Item
3185 3901 3199 3938 :
3231 3884 3358 3953 Ego
3383 3887 3438 3938 et
3464 3884 3644 3939 Pater

1991 3985 2177 4028 unum
2203 3987 2407 4028 sumus
2427 3971 2498 4040 ⁸³,
2522 3970 2671 4027 dixit
2695 3971 2888 4038 Filius,
2919 3975 2977 4028 et
2995 3971 3224 4028 nullam
3249 3970 3642 4026 mentionem-

1989 4059 2126 4116 fecit
2169 4059 2245 4116 de
2294 4059 2514 4131 Spiritu
2543 4064 2776 4118 sancto.
2807 4062 2873 4115 Et
2902 4060 3116 4115 iterum
3150 4075 3164 4114 :
3201 4061 3287 4116 De
3318 4060 3414 4115 die
3439 4062 3636 4116 autem

1989 4155 2045 4206 et
2072 4150 2224 4206 hora
2255 4150 2372 4206 illa
2399 4164 2569 4206 nemo
2595 4151 2706 4206 scit
2731 4149 2853 4204 nisi
2878 4151 3051 4205 Pater
3075 4149 3124 4184 ³⁴
3155 4189 3168 4202 .
3197 4151 3342 4204 Item
3370 4149 3592 4204 Paulus
3617 4166 3630 4201 :

1986 4238 2152 4294 Misit
2174 4239 2336 4294 Deus
2358 4238 2652 4307 Spiritum
2680 4237 2830 4293 Filii
2848 4239 2946 4293 sui
2965 4238 3013 4273 ⁸⁵
3044 4280 3058 4305 ,
3090 4252 3212 4294 non
3241 4236 3402 4302 dicit,
3431 4253 3631 4293 suum.

1987 4329 2054 4383 Et
2081 4327 2296 4384 iterum
2321 4343 2335 4382 :
2370 4327 2438 4383 Si
2460 4327 2596 4398 quis
2614 4326 2905 4396 Spiritum
2931 4326 3161 4384 Christi
3172 4342 3294 4384 non
3316 4325 3512 4396 habet,
3540 4326 3636 4384 hic

1984 4431 2103 4472 non
2115 4422 2198 4472 est
2215 4417 2343 4486 ejus
2355 4417 2402 4451 ³⁸
2421 4459 2431 4470 .
2459 4418 2599 4472 Item
2618 4413 2800 4471 Filius
2815 4415 2875 4470 in
2892 4414 3228 4486 Evangilio:
3251 4415 3508 4487 Spiritus
3524 4421 3628 4472 est.

1981 4506 2089 4578 qui
2106 4506 2370 4574 viviﬁcat
2383 4505 2453 4560 ³⁷.
2471 4504 2528 4562 Si
2545 4504 2726 4576 igitur
2745 4503 2845 4561 illa
2865 4503 2997 4560 sola
3015 4519 3275 4577 persona
3290 4503 3633 4574 intelligitur

1978 4595 2043 4651 in
2061 4593 2156 4650 his
2177 4593 2656 4664 auctoritatibus,
2670 4593 2746 4650 de
2763 4593 2965 4666 quatit
2979 4593 3225 4659 mentio,
3245 4597 3302 4650 et
3333 4608 3457 4650 non
3478 4592 3626 4650 alia:

1978 4700 2122 4754 ergo
2168 4683 2441 4756 Spiritus,
2473 4683 2660 4740 Patris
2690 4687 2927 4739 tantum
2955 4687 3045 4739 est
3097 4682 3370 4753 Spiritus,
3399 4687 3458 4738 et
3503 4697 3629 4739 non

1977 4774 2125 4843 Filii,
2156 4775 2302 4848 quia
2329 4774 2405 4831 de
2432 4773 2580 4832 Filio
2620 4788 2745 4830 non
2774 4772 2841 4829 fit
2868 4773 3116 4841 mentio,
3145 4771 3261 4828 nisi
3311 4772 3386 4829 de
3433 4775 3625 4831 Patre.

1977 4866 2124 4921 Item
2153 4863 2318 4920 solus
2349 4863 2600 4936 Spiritus
2624 4861 2908 4934 loquitur,
2941 4864 3000 4916 et
3031 4875 3155 4916 non
3179 4865 3366 4933 pater,
3399 4859 3493 4916 vel
3535 4861 3625 4917 Fi-

1972 4953 2109 5011 lius.
2133 4953 2279 5012 Item
2299 4953 2384 5012 sic
2399 4956 2568 5010 Pater
2585 4951 2751 5009 novit
2769 4965 2907 5024 qua:
2924 4953 3177 5006 ventura
3201 4953 3342 5006 sunt
3369 4949 3626 5007 novissi-

1973 5042 2091 5100 mis
2117 5041 2356 5110 diebus,
2403 5045 2462 5098 et
2486 5055 2606 5098 non
2637 5039 2941 5114 Sapientia
2982 5037 3131 5110 ejus,
3163 5036 3226 5094 id
3255 5041 3363 5106 est,
3423 5037 3627 5111 Filius,

1972 5131 2069 5189 vel
2093 5131 2344 5204 Spiritus
2369 5133 2640 5188 sanctus.

2043 5221 2190 5277 Item
2217 5239 2231 5277 :
2268 5219 2410 5287 Quis
2436 5219 2653 5276 estiste
2680 5217 2928 5291 Spiritus
2957 5216 3107 5284 Filii,
3138 5233 3324 5291 quem
3353 5218 3626 5276 immittit

1973 5311 2148 5369 Pater
2165 5309 2229 5366 in
2251 5307 2440 5367 corda
2457 5307 2830 5366 credentium
2848 5307 2877 5364 ?
2897 5307 3199 5381 numquid
3218 5307 3375 5365 alius
3397 5307 3507 5365 erit
3539 5307 3619 5365 ab

1982 5435 2027 5469 ³⁷
2064 5433 2200 5490 Luc:
2232 5449 2388 5498 xxw,
2419 5435 2507 5488 49.
2585 5431 2633 5467 ³³
2665 5432 2804 5489 Luc.
2829 5445 2908 5500 iv,
2938 5435 3028 5488 22.
3103 5433 3151 5466 '9
3181 5432 3353 5501 Joan.
3393 5447 3490 5501 xx,
3522 5431 3617 5486 2t.

2480 5504 2530 5540 “
2559 5503 2758 5565 Matth.
2791 5517 2952 5574 xxxv,
2983 5505 3073 5562 36.
3161 5503 3209 5539 ³⁵
3242 5500 3426 5561 Galat.
3459 5500 3532 5566 iv,
3567 5505 3620 5558 6.
