4106 6222
445 270 552 333 499

1615 266 2095 327 PANTALEONIS
2131 264 2421 325 DIACONI
2461 264 2569 322 ΟΡ.

3760 262 3867 318 500

448 399 605 473 ipso,
628 397 703 455 de
737 413 860 472 quo
882 397 1168 469 scriptum
1194 398 1315 452 est:
1342 395 1598 465 Spiritus
1618 394 1910 460 veritatis,
1935 395 2097 466 quia
2130 395 2177 449 Α
2204 390 2369 464 quod
2400 404 2523 446 non
2555 388 2791 446 alienus
2844 390 2934 443 est
2983 384 3063 444 ab
3117 384 3376 443 essentia
3436 383 3561 441 Filii
3610 385 3869 459 Spiritus

445 490 635 546 Patre
678 488 950 558 procedit
988 488 1035 521 ³⁸
1061 488 1088 542 ‘2
1118 489 1257 542 Item
1290 486 1363 540 de
1396 500 1652 557 persona
1684 484 1873 541 Patris
1906 484 2097 540 Domi-

448 594 566 634 nus
588 578 649 633 in
668 575 1256 646 Evangelioloquens
1280 574 1362 631 ait
1377 594 1389 630 :
1404 575 1471 630 Si
1484 575 1825 630 dimiseritis
1846 574 2095 629 homini-

449 668 553 723 bus
576 672 821 736 peccata
844 681 1068 732 eorum,
1092 666 1276 720 Pater
1286 670 1476 721 vester
1499 664 1757 719 dimittet
1779 663 1939 719 vobis
1958 677 2095 732 pec-

449 761 587 812 cata
610 760 807 811 vestra
826 756 873 788 39
908 772 921 821 ;
952 759 1008 809 et
1026 755 1239 809 iterum
1265 769 1278 807 :
1301 754 1652 823 Quicunque
1660 753 1872 822 lecerit
1890 753 2095 807 volun-

448 849 624 900 tatem
656 844 859 899 Patris
887 844 1001 899 mei
1030 844 1134 914 qui
1154 846 1215 898 in
1237 844 1398 899 catis
1425 849 1507 898 est
1532 843 1579 876 ⁸ο
1601 884 1614 896 .
1644 840 1930 913 Nunquid
1958 845 2015 897 et
2033 840 2097 895 in

444 932 539 988 his
574 947 841 1004 persona
867 930 1012 1000 Filii,
1047 946 1169 986 non
1200 930 1543 1001 intelligitur
1570 949 1584 997 ;
1617 946 1804 1003 quare
1834 929 2094 985 excludi-

446 1026 559 1090 tur,
592 1037 729 1076 cum
771 1020 1007 1089 dicitur,
1058 1021 1321 1089 Spiritus
1355 1020 1647 1083 veritatis,
1692 1020 1864 1091 quia
1921 1021 2096 1074 Patre

436 1110 762 1179 procedit?
800 1108 1127 1179 praesertim
1172 1124 1310 1162 cum
1340 1107 1415 1162 de
1447 1123 1510 1162 se
1535 1106 1785 1162 Veritate
1814 1105 2095 1177 loquatur

447 1198 648 1266 Filius,
679 1201 860 1270 prout
882 1197 943 1253 in
969 1196 1451 1269 praecedentibus
1472 1196 1955 1252 demonstratum
1984 1200 2090 1250 est.

445 1286 615 1342 Nulla
645 1292 737 1341 est
761 1287 932 1355 ratio,
960 1286 1073 1341 nisi
1103 1287 1248 1357 quia
1279 1286 1363 1341 sic
1392 1285 1616 1357 placuit
1646 1286 1861 1341 Graecis
1888 1284 2097 1340 adver-

445 1375 564 1431 sari
615 1376 976 1431 volentibus.
1008 1378 1429 1430 Verumtamen
1475 1374 1727 1430 ﬁrmiter
1775 1374 2095 1440 credimus,

444 1470 501 1522 et
529 1465 819 1521 catholice
849 1470 1144 1534 tenemus,
1171 1464 1333 1536 quod
1362 1463 1690 1537 aliquando
1711 1464 1893 1519 solius
1910 1464 2096 1519 Patris

442 1571 667 1612 nomen
699 1555 944 1627 ponitur
971 1556 1031 1610 in
1057 1555 1377 1622 locutione,
1405 1560 1461 1609 et
1485 1554 1675 1626 ipsius
1729 1554 1847 1610 Filii
1872 1570 2098 1611 nomen

442 1643 824 1713 intelligitur:
854 1648 911 1699 et
938 1643 1267 1715 aliquando
1296 1659 1521 1699 nomen
1549 1642 1676 1699 Filii
1716 1644 1775 1698 in
1831 1643 1926 1698 his
1975 1660 2097 1700 non

2206 485 2474 549 sanctus,
2529 478 2639 534 sed
2680 477 2743 531 in
2771 476 2930 547 ipso,
2964 480 3020 531 et
3062 492 3135 531 ex
3164 475 3317 547 ipso,
3371 475 3547 547 quasi
3590 474 3865 546 operatio

2203 569 2481 639 quandem
2501 565 2795 625 naturalis
2813 565 3042 621 ommia
3057 568 3273 637 potens
3294 563 3550 637 explere,
3575 578 3865 636 quaecum

2203 675 2316 731 que
2347 665 2404 716 et
2432 657 2577 713 vult.
2619 680 2639 705 ι

2276 760 2345 812 Et
2368 760 2507 828 post
2531 770 2746 828 pauca,
2780 753 2981 810 verbis
3009 752 3387 825 respondens
3414 752 3864 821 haereticorum,

2202 845 2552 913 dicentium,
2573 844 2856 916 Spiritum
2877 841 3297 913 imperfectum
3329 857 3480 909 esse,
3503 846 3562 897 et
3581 840 3731 896 nihil
3754 839 3869 894 ha-

2202 934 2442 991 bentem
2489 949 2561 988 ex
2608 950 2693 999 se,
2722 931 2831 987 sed
2861 948 2933 987 ex
2960 930 3415 1003 participatione
3450 931 3867 993 exsistentem,

2203 1028 2450 1096 propter
2474 1022 2611 1087 hoc,
2668 1020 2833 1092 quod
2880 1020 2953 1075 de
3006 1021 3139 1091 ipso
3169 1020 3313 1076 dicit
3360 1020 3688 1075 Dominus:
3722 1018 3871 1073 Non

2204 1114 2360 1169 enim
2393 1113 2671 1181 loquetur
2695 1126 2733 1165 a
2759 1112 3066 1178 semetipso
3096 1111 3141 1144 ’δ’
3170 1154 3183 1175 ,
3212 1114 3349 1169 etc.,
3405 1109 3492 1165 sic
3523 1109 3605 1164 ait
3633 1126 3646 1162 :
3682 1130 3701 1156 ι
3734 1111 3871 1164 Non

2205 1201 2365 1257 enim
2388 1199 2803 1271 imperfectum
2829 1198 3114 1269 Spiritum
3143 1197 3471 1253 ostendens
3488 1197 3605 1254 hoc
3631 1196 3707 1251 de
3731 1197 3871 1268 ipso

2206 1289 2288 1345 ait
2330 1288 2618 1349 Salvator,
2676 1287 2784 1342 sed
2832 1294 2896 1341 ut
2947 1287 3142 1356 magis
3188 1285 3471 1342 cert-iﬁcet
3527 1285 3867 1351 audientes,

2205 1378 2373 1450 quod
2406 1378 2675 1434 essentiae
2706 1377 2998 1432 exsistens
3046 1376 3199 1446 ejus,
3233 1390 3359 1431 non
3388 1375 3553 1431 aliud
3580 1374 3734 1446 quid
3780 1374 3867 1428 lo-

2206 1468 2428 1539 quitur,
2461 1482 2643 1538 quam
2677 1466 2843 1537 quod
2886 1465 3014 1537 ipse
3042 1465 3183 1529 vult,
3218 1470 3276 1520 et
3305 1479 3521 1519 sensus
3572 1464 3871 1519 exsistens

2208 1556 2337 1626 ejus
2384 1556 2557 1626 juxta
2598 1556 2663 1609 Β.
2715 1554 2955 1609 Paulum
2987 1553 3287 1609 dicentem
3333 1553 3410 1608 de
3459 1552 3717 1624 Spiritu:
3746 1552 3870 1607 Nos

2206 1660 2440 1700 sensum
2459 1644 2692 1700 Christi
2707 1642 2988 1699 habemus
3007 1644 3054 1676 ⁸³
3070 1659 3082 1696 :
3106 1640 3202 1697 ille
3213 1657 3459 1714 prorsus
3471 1640 3874 1697 rationabitur

444 1732 819 1802 intelligitur,
850 1733 945 1787 vel
991 1732 1241 1804 Spiritus
1294 1732 1505 1799 sancti,
1563 1737 1620 1788 et
1665 1732 1815 1804 ipsis
1866 1737 2101 1789 tantum
2138 1743 2177 1797 Β
2209 1738 2265 1789 et
2285 1732 2605 1799 ordinabit,
2629 1748 2765 1804 quae
2793 1737 2852 1787 et
2874 1731 3025 1803 ipse,
3053 1732 3226 1801 cujus
3252 1735 3341 1787 est
3365 1746 3597 1786 sensus.
3624 1732 3875 1801 Propter

442 1822 728 1894 personis
754 1821 1051 1888 convenit,
1080 1826 1139 1877 et
1157 1836 1280 1876 non
1306 1821 1482 1877 Patri.
1511 1821 1624 1877 Sed
1656 1826 1799 1878 tunc
1827 1822 2100 1878 conside-

440 1926 575 1966 rare
606 1915 858 1982 oportet,
912 1910 959 1965 si
988 1910 1050 1965 id
1081 1910 1246 1981 quod
1275 1910 1350 1965 de
1403 1926 1525 1965 una
1573 1926 1834 1982 persona
1863 1910 2099 1978 dicitur,

438 2000 629 2072 possit
645 2000 964 2054 convenire
977 1998 1130 2064 aliis,
1151 1998 1399 2055 servatis
1415 1999 1886 2071 proprietatibus
1904 2000 2105 2056 unius-

440 2087 734 2159 cujusque
765 2102 1039 2158 personae
1067 2088 1195 2142 sine
1226 2087 1603 2143 confusione.
1635 2088 1805 2143 Unde
1848 2088 2105 2144 dicimus

440 2177 601 2248 quod
635 2176 917 2248 quaedam
949 2178 1315 2233 conveniunt
1340 2177 1450 2233 soli
1481 2178 1649 2244 Patri,
1681 2177 1967 2249 quaedam
1989 2177 2107 2233 soli

440 2263 609 2332 Filio,
638 2264 916 2336 quaedam
949 2264 1056 2319 soli
1076 2265 1303 2335 spiritui
1323 2270 1549 2321 sancto.
1567 2266 1851 2328 Quaedam
1870 2266 2024 2322 Patri
2048 2271 2106 2321 et

440 2353 605 2417 Filio,
653 2357 711 2408 et
770 2353 1010 2424 Spiritui
1042 2358 1277 2419 sancto,
1331 2360 1388 2410 et
1436 2354 1720 2425 quaedam
1773 2355 1957 2410 simul
2004 2355 2104 2410 tri-

439 2441 559 2497 bus
590 2442 887 2512 personis.
914 2442 1070 2497 Patri
1122 2446 1356 2497 tantum
1386 2444 1665 2499 convenit
1717 2444 1831 2499 hoc
1878 2459 2104 2499 nomen

437 2531 764 2600 ingenitus,
790 2531 1257 2599 inprincipiatus
1280 2536 1336 2586 et
1356 2534 1592 2601 genitor
1611 2551 1633 2595 ,ο
1655 2532 1819 2602 Filio,
1843 2536 2104 2603 genitus,

446 2625 504 2675 et
520 2619 924 2689 principiatus
954 2636 967 2685 ;
995 2620 1237 2692 Spiritui
1270 2627 1481 2677 sancto
1502 2623 1827 2690 procedens
1862 2640 1874 2689 ;
1907 2629 1963 2678 et
1991 2623 2106 2678 hoc

445 2723 692 2777 nomen,
751 2709 1002 2780 Spiritus
1054 2715 1319 2776 sanctus,
1373 2712 1763 2783 appropriato
1807 2712 2107 2767 vocabulo

449 2799 606 2853 Patri
625 2803 681 2853 et
712 2798 853 2854 Filio
870 2804 962 2854 est
991 2815 1334 2866 commune,
1356 2806 1483 2856 tam
1505 2802 1839 2857 secundum
1871 2804 2107 2857 Graecos

453 2892 718 2951 sanctos,
746 2903 932 2959 quam
966 2889 1302 2945 secundum
1349 2891 1621 2958 Latinos;
1656 2893 1818 2957 dare,
1849 2893 2105 2960 mittere,

452 2981 510 3032 et
541 2977 773 3043 habere,
804 2981 861 3033 et
889 2979 1139 3049 spirare,
1178 2985 1389 3035 sancto
1422 2981 1661 3052 Spiritui
1701 2997 1846 3037 vero
1880 2987 1937 3037 et
1967 2981 2110 3037 Filio

2208 1823 2324 1879 hoc
2350 1822 2497 1878 nihil
2524 1838 2597 1877 ex
2627 1837 2690 1876 se
2719 1822 2853 1892 ipso
2886 1820 3173 1891 Spiritum
3202 1819 3547 1876 locuturum
3593 1818 3875 1874 affirma—

2210 1912 2315 1977 vit,
2367 1911 2549 1982 quasi
2598 1910 2948 1978 dicatzEgo
2995 1924 3132 1964 sum
3182 1908 3396 1964 iterum
3448 1908 3553 1980 qui
3606 1909 3873 1978 loquor;

2211 2001 2372 2057 velut
2402 2000 2453 2055 si
2477 2004 2536 2055 et
2563 1999 2668 2071 qui
2692 2000 2754 2055 in
2778 1999 3025 2054 homine
3050 2003 3137 2054 est
3160 2013 3398 2066 sensus,
3424 1997 3587 2053 dicat
3615 1996 3692 2053 de
3730 2011 3874 2067 pro—

2212 2090 2461 2145 cedente
2483 2105 2553 2144 εχ
2576 2106 2637 2144 se
2657 2089 2790 2160 ipso
2810 2088 3038 2143 ratione
3064 2105 3076 2141 :
3103 2091 3229 2142 Non
3251 2087 3529 2158 loquetur
3550 2102 3585 2141 a
3625 2101 3687 2141 se
3733 2086 3876 2155 ipso

2214 2178 2464 2250 aliquid,
2498 2177 2604 2233 sed
2633 2191 3014 2250 quaecunque
3046 2175 3248 2231 audiet
3273 2176 3560 2247 loquetur.
3598 2196 3625 2223 ››

2285 2269 2355 2323 Et
2387 2267 2586 2323 statim
2612 2271 2753 2337 post
2783 2265 2987 2336 aliqua
3028 2264 3217 2319 verba
3244 2263 3590 2336 interposita
3620 2264 3704 2319 ait
3734 2278 3877 2318 san-

2215 2363 2343 2413 ctus
2364 2356 2615 2427 Cyrillus
2639 2373 2652 2410 :
2686 2378 2707 2405 ι
2732 2354 2934 2410 Talem
2954 2353 3285 2426 quemdam
3307 2352 3671 2409 intellectum
3696 2368 3879 2423 opor-

2215 2452 2297 2503 tet
2322 2445 2589 2517 accipere
2620 2444 2696 2500 de
2727 2443 2947 2514 Spiritu
2978 2448 3207 2498 sancto.
3241 2445 3390 2498 Cum
3422 2442 3585 2497 enim
3623 2442 3884 2497 exsistat

2218 2535 2467 2608 Spiritus
2494 2538 2739 2589 sanctus
2767 2532 2998 2596 Christi,
3032 2532 3241 2587 omnia
3266 2547 3402 2603 quas
3431 2531 3558 2601 ipse
3608 2530 3883 2602 loquitur

2214 2623 2549 2695 discipulis,
2564 2637 2684 2677 non
2702 2621 3045 2693 inseparata
3054 2620 3327 2692 quadam
3341 2619 3643 2675 voluntate
3660 2619 3744 2674 ab
3780 2635 3880 2685 eo,

2215 2714 2276 2769 in
2298 2728 2420 2785 quo
2442 2717 2548 2780 est,
2568 2711 2833 2782 loquitur
2858 2729 2871 2765 :
2899 2710 3006 2765 sed
3026 2715 3320 2781 tanquam
3342 2725 3415 2764 ex
3436 2709 3699 2764 essentia
3716 2707 3883 2763 illius

2215 2800 2564 2858 naturaliter
2611 2799 2961 2871 procedens,
2991 2805 3048 2854 et
3080 2804 3264 2853 totam
3320 2799 3692 2853 voluntatem
3745 2798 3883 2866 ejus

2215 2890 2474 2957 habens,
2509 2890 2663 2944 sicut
2692 2893 2749 2943 et
2777 2888 3209 2959 operationem.
3248 2910 3267 2935 ι
3304 2885 3479 2952 Quod
3527 2890 3733 2941 autem
3784 2885 3884 2940 hic

2218 2979 2635 3036 transtulimus
2682 2977 3026 3047 procedens,
3079 2977 3140 3031 in
3186 2978 3388 3033 Graeco
3435 2974 3651 3030 dicitur
3688 2978 3876 3048 προὶὸν

448 3081 774 3121 commune
824 3071 932 3128 est,
962 3068 1126 3138 quod
1154 3068 1337 3124 ambo
1369 3070 1661 3126 exsistunt
1689 3070 2047 3126 teternaliter
2076 3086 2112 3125 a
2143 3094 2183 3151 ρ
2222 3075 2279 3125 et
2298 3085 2370 3124 ex
2394 3068 2567 3123 dictis
2597 3071 2966 3130 sanctorum,
2999 3069 3057 3120 et
3076 3064 3135 3120 vi
3156 3064 3567 3134 grammatica:
3590 3062 3887 3135 aequipol-

449 3158 621 3211 Patre
650 3173 663 3209 :
690 3154 789 3209 hic
817 3171 924 3227 per
944 3157 1410 3227 processionem,
1441 3158 1536 3213 ille
1568 3164 1769 3215 autem
1796 3175 1903 3231 per
1938 3174 2115 3227 gene-

452 3244 773 3300 rationem.
796 3245 1011 3300 Omnia
1028 3261 1170 3301 vero
1194 3246 1314 3302 alia
1330 3248 1729 3303 communiter
1749 3248 2116 3303 conveniunt

455 3332 645 3387 tri-bus
690 3333 984 3404 personis.
1020 3336 1102 3389 Ea
1144 3350 1307 3403 ergo,
1340 3352 1476 3407 qua:
1506 3351 1627 3391 non
1668 3337 1947 3393 auferunt
1973 3351 2115 3407 pro-

457 3421 793 3494 prietatem,
826 3438 937 3478 nec
963 3423 1344 3479 confundunt
1369 3425 1833 3492 distinctionem,
1864 3442 1988 3482 non
2028 3431 2117 3482 est

459 3526 725 3577 necesse,
780 3512 827 3565 si
875 3511 1154 3567 dicantur
1186 3512 1261 3568 de
1310 3529 1432 3568 una
1482 3519 1734 3578 tantum,
1786 3516 1949 3587 quod
1998 3516 2116 3571 alia

462 3603 710 3671 propter
738 3599 853 3653 hoc
886 3598 1258 3655 excludatur.
1291 3602 1440 3665 Quia
1470 3603 1530 3656 in
1568 3603 1790 3657 talibus
1832 3603 1967 3659 licet
1994 3619 2116 3659 non

464 3687 827 3753 nominetur,
860 3692 1062 3742 tamen
1096 3704 1335 3759 semper
1357 3690 1831 3761 subintelligitur.
1856 3693 1971 3748 etsi
1995 3708 2115 3748 non

469 3774 865 3847 speciﬁcetur,
898 3780 964 3830 ut
992 3775 1052 3831 in
1079 3778 1411 3849 praemissis
1432 3784 1520 3834 est
1547 3786 1878 3836 ostensum.

472 3865 639 3933 Quod
672 3865 931 3934 Spiritus
959 3873 1203 3922 sanctus
1222 3869 1490 3936 procedit
1527 3886 1566 3925 a
1596 3870 1772 3939 Filio,
1795 3872 2119 3928 secundum

896 3940 1215 4008 apostolos,
1244 3945 1296 3995 et
1335 3941 1593 3998 Graecos.

547 4136 799 4190 Ostenso
826 4134 1006 4205 igitur
1029 4134 1195 4206 quod
1231 4135 1482 4207 Spiritus
1507 4137 1779 4208 procedit
1802 4154 1838 4193 a
1867 4139 2013 4194 Filio
2035 4154 2125 4194 se-

477 4223 744 4278 cundum
771 4222 1184 4292 Evangelium,
1208 4225 1541 4281 secundum
1561 4226 1727 4297 quod
1758 4227 1908 4282 sacri
1924 4228 2126 4283 docto-

477 4327 570 4365 res
599 4310 778 4365 nobis
808 4319 1249 4382 exposuerunt:
1278 4319 1477 4385 restat,
1522 4320 1581 4370 et
1633 4332 1879 4371 necesse
1909 4323 2016 4381 est,
2065 4324 2132 4372 ut

2220 3158 2350 3214 lens
2399 3156 2771 3226 dignoscitur
2814 3164 2887 3207 τὼ
2918 3160 3309 3226 εκποριυὸμινον
3339 3152 3672 3225 participio.
3698 3153 3888 3221 Cujus

2221 3246 2521 3319 participii
2546 3244 2799 3299 verbum
2824 3244 3038 3314 legitur
3067 3244 3129 3299 in
3160 3242 3501 3312 Evangelio,
3532 3241 3637 3297 ubi
3680 3257 3748 3296 es
3776 3244 3881 3297 Pa-

2222 3341 2307 3391 tre
2337 3335 2478 3390 dicit
2509 3333 2792 3405 Spiritum
2820 3332 3162 3404 procedere.

2296 3433 2457 3488 Idem
2490 3436 2732 3486 sanctus
2756 3446 3065 3502 exponens
3100 3429 3282 3486 aliam
3311 3429 3692 3485 autoritatem
3718 3426 3885 3483 beati

2224 3521 2406 3589 Pauli,
2430 3520 2586 3575 idem
2612 3520 2822 3591 repetit
2842 3519 3048 3574 dicens
3070 3535 3083 3572 :
3111 3542 3130 3568 ε
3160 3517 3372 3573 Scribit
3392 3517 3611 3573 Paulus
3628 3516 3885 3589 quibus-

2223 3612 2365 3666 dam
2384 3610 2588 3664 dicens
2612 3608 2805 3663 taliter
2827 3625 2840 3661 :
2868 3608 3122 3675 Notiﬁco
3139 3613 3335 3662 autem
3352 3607 3512 3662 vobis
3527 3607 3688 3677 quod
3706 3620 3883 3661 nemo

2227 3701 2471 3769 loquens
2486 3700 2546 3752 in
2568 3698 2805 3766 Spiritu
2817 3698 2919 3752 Dei
2953 3697 3099 3752 dicit
3121 3696 3442 3751 anathema
3454 3697 3625 3751 Jesu:
3641 3702 3693 3750 et
3708 3709 3886 3750 nemo

2220 3795 2412 3858 potest
2428 3788 2639 3843 dicere:
2658 3788 2943 3841 Dominus
2953 3788 3122 3841 Jesus
3137 3787 3255 3840 nisi
3268 3787 3329 3840 in
3340 3786 3575 3853 Spiritu
3587 3792 3797 3839 sancto
3812 3786 3886 3836 ³³.

2230 3876 2603 3934 Manifestum
2635 3880 2725 3930 est
2758 3890 2920 3943 ergo,
2973 3874 3138 3946 quod
3190 3874 3294 3945 qui
3338 3873 3654 3945 participat
3707 3873 3891 3941 Spiri-

2230 3971 2359 4022 tum
2409 3970 2708 4029 sanctum,
2759 3965 2926 4019 novit
2954 3979 3083 4018 esse
3134 3962 3456 4017 Dominum
3508 3960 3893 4033 Jesumzqui

2232 4060 2435 4111 autem
2458 4068 2579 4108 non
2606 4053 2942 4124 participat,
2968 4053 3224 4121 ignorat.
3248 4051 3507 4116 Qualiter
3525 4051 3635 4122 qui
3653 4052 3892 4122 partici-

2233 4148 2338 4215 pat
2360 4142 2666 4213 Spiritum,
2691 4142 2855 4196 novit
2876 4157 3003 4196 esse
3019 4141 3338 4195 Dominum
3356 4141 3594 4194 Jesum:
3614 4140 3765 4195 sicut
3786 4140 3897 4212 qui

2234 4232 2309 4286 de
2335 4230 2508 4285 melle
2554 4229 2903 4299 gustaverit,
2946 4229 3056 4283 scit
3083 4228 3249 4299 quod
3275 4227 3449 4283 dulce
3494 4234 3585 4283 est
3614 4228 3733 4283 mel
3760 4247 3773 4283 :
3810 4228 3899 4284 sic

2237 4325 2294 4375 et
2314 4319 2563 4390 Spiritus
2588 4318 2927 4389 participes.
2955 4320 3105 4386 Ergo
3125 4333 3197 4372 ex
3220 4320 3477 4371 essentia
3500 4316 3621 4372 Filii
3644 4317 3898 4387 Spiritus

479 4400 542 4455 in
573 4398 847 4470 pluribus
880 4400 1213 4455 mendaciis
1270 4402 1597 4458 adversarii
1625 4405 1889 4460 veritatis
1919 4406 2128 4477 depre-
2162 4439 2207 4492 Β
2239 4412 2483 4464 sanctus
2503 4407 2763 4479 qualitas
2785 4406 3174 4478 quaedam.ut
3193 4406 3274 4461 ita
3293 4405 3585 4469 dicamus,
3613 4405 3895 4460 Domiw

482 4487 676 4551 hensi,
729 4502 938 4542 eorum
968 4488 1397 4544 assertionibus
1428 4490 1593 4546 nulla
1620 4491 1693 4545 de
1726 4499 1937 4549 caetero
1983 4494 2133 4550 fides
2162 4487 2196 4492 ”
2240 4498 2417 4553 tionis
2445 4496 2643 4551 omnis
2677 4495 2794 4551 Dei.
2831 4518 2858 4543 »

484 4575 863 4632 adhibeatur.

558 4663 810 4737 Cyl-illus
852 4664 935 4720 ita
977 4679 1292 4736 exponens
1332 4665 1491 4721 istud
1542 4667 1820 4728 verbum.
1868 4672 2032 4742 quod
2073 4673 2134 4727 in

486 4755 735 4811 Actibus
764 4753 1182 4827 apostolorum
1214 4755 1477 4825 positum
1508 4760 1597 4811 est
1623 4773 1635 4809 :
1658 4757 2137 4817 Ministrantibus

486 4851 684 4901 autem
712 4846 984 4915 Domino,
1006 4851 1059 4900 et
1072 4844 1513 4914 jejunantibus,
1537 4845 1695 4901 dixit
1716 4847 1976 4915 Spiritus
2006 4867 2140 4906 san-

488 4940 615 4989 ctus
636 4950 656 4988 :
675 4934 983 5003 Segretate
1002 4935 1153 4989 mihi
1178 4933 1512 4990 Bernabam
1535 4940 1590 4990 et
1611 4936 1865 4991 Saulum
1888 4940 1925 4971 ι’
1939 4938 2039 5001 ,ita
2057 4938 2141 4994 di-

489 5020 597 5076 cit:
628 5043 655 5070 «
691 5022 745 5078 Si
770 5022 949 5091 igitur
971 5028 1225 5077 vocante
1251 5021 1416 5093 ipsos
1450 5023 1509 5077 in
1531 5024 1869 5095 apostolatu
1903 5027 2140 5097 Spiritu,

488 5125 525 5165 a
549 5112 689 5164 Jcsu
740 5115 981 5167 vocatos
1014 5126 1117 5165 eos
1154 5110 1383 5176 dicunt,
1443 5112 1779 5168 ostenditur
1810 5118 2141 5179 manifeste.

561 5290 607 5324 ³⁸
631 5291 780 5363 Joan
809 5306 904 5355 xv,
932 5293 1022 5347 26.
1054 5362 1057 5363 ν
1099 5290 1149 5324 ³³
1174 5290 1372 5363 Matth.
1400 5307 1479 5356 v1,
1517 5295 1601 5347 14.
1680 5293 1727 5326 ⁴⁰
1758 5293 1953 5349 Matth.
1988 5311 2088 5363 xu,
2118 5301 2206 5353 50.

492 5362 537 5395 ιι
569 5363 589 5415 1
620 5361 749 5416 Cor.
785 5377 878 5429 xu,
914 5366 966 5417 3.
1045 5362 1092 5395 ⁸⁸
1122 5362 1316 5418 Matth.
1352 5379 1553 5418 xxvm.

489 5557 705 5614 vinitas
736 5557 878 5613 Filii.

2315 4585 2564 4656 Cyrillus
2581 4584 2643 4639 in
2668 4600 2845 4638 serm.
2863 4588 2917 4652 2,
2943 4583 3020 4639 ad
3042 4582 3341 4637 Hermiam
3362 4584 3464 4651 (3).
3502 4598 3722 4655 parum
3758 4589 3900 4639 ante

2244 4674 2511 4730 medium
2541 4688 2722 4744 super
2746 4673 2828 4739 id,
2860 4674 3014 4728 Ecce
3032 4686 3128 4742 ego
3161 4672 3453 4727 vobiscum
3480 4688 3608 4726 sum
3637 4674 3729 4738 Ψ,
3759 4678 3898 4742 etc.,

2248 4763 2438 4818 dicit:
2485 4784 2504 4811 ι
2564 4762 2713 4817 Misit
2784 4760 2959 4816 nobis
3020 4761 3194 4815 Filius
3262 4760 3337 4815 de
3414 4760 3563 4815 c0310
3630 4760 3901 4818 Paracle—

2250 4860 2394 4923 tum,
2455 4868 2561 4923 per
2635 4868 2815 4924 quem
2875 4851 3037 4906 etin
3085 4866 3267 4922 quem
3326 4851 3666 4917 nobiscum,
3728 4857 3787 4906 et
3841 4852 3903 4907 in

2251 4942 2426 4998 nobis
2444 4948 2710 4996 moratur
2737 4960 2748 4995 :
2777 4956 2895 4996 non
2920 4940 3182 4995 alienum
3203 4940 3323 4994 sive
3347 4948 3699 4995 extraneum
3724 4941 3903 4996 nobis

2253 5031 2589 5093 effundens,
2614 5030 2715 5085 sed
2743 5030 3014 5084 essentise
3034 5043 3176 5093 suae,
3196 5035 3251 5083 et
3274 5029 3464 5083 Patris
3481 5044 3757 5099 personae
3781 5032 3904 5101 Spi-

2251 5122 2450 5176 ritum.
2480 5142 2507 5167 ››

2304 5298 2347 5332 ⁴¹
2379 5302 2503 5353 Act.
2535 5314 2650 5364 xui,
2684 5302 2717 5353 2
2817 5299 2864 5333 δ’
2892 5300 3065 5353 toan.
3092 5313 3207 5367 xxv,
3239 5298 3324 5352 to.
3420 5297 3466 5331 ‘3
3499 5300 3516 5351 ι
3551 5300 3682 5353 Cor.
3718 5313 3781 5361 ιι,
3821 5303 3905 5354 t6.

560 5486 636 5571 (3)
677 5485 934 5571 malum
963 5486 1037 5544 de
1072 5487 1286 5546 Trinit.
1328 5488 1388 5544 in
1418 5504 1541 5571 quo
1571 5488 1862 5560 probatur
1890 5490 2218 5569 divinitatis
2253 5492 2502 5564 Spiritus
2534 5494 2745 5561 sancti,
2778 5493 2929 5549 sicut
2955 5492 3021 5549 in
3048 5508 3153 5549 sex
3181 5492 3486 5564 prioribus
3525 5492 3785 5564 dialogis
3815 5493 3903 5549 (Ην
