4106 6222
199 246 316 308 501
1500 244 1872 306 -GONTIU

1989 245 2257 304 amcos.
2443 255 2448 264 ·
3207 243 3210 246 ’
3552 223 3664 308 ἓόξ

277 374 448 432 Item
467 372 822 432 Anastasius
839 371 1246 430 Antiochenns
1281 371 1626 444 patriarcha
1644 371 1708 430 in
1725 386 1884 446 prte-
1918 375 1968 430 Λ
1999 371 2200 430 Sancti
2224 371 2341 430 hoc
2359 371 2423 429 in
2443 371 2733 444 Symbolo
2762 386 2888 430 non
2934 373 3292 442 posuerunt,
3348 371 3500 445 quia
3541 371 3661 429 mi-

196 459 336 518 fato
367 475 653 520 sermone
683 460 758 518 de
786 464 948 517 recta
973 459 1220 518 veritate
1248 459 1607 532 dogmatum
1637 460 1722 518 sic
1749 460 1832 520 ait
1861 477 1876 517 :

202 572 232 600 ιι
264 552 358 606 De
389 565 548 606 sana
575 553 782 606 nostra
809 548 954 618 ﬁde,
973 551 1032 606 et
1055 548 1234 605 rectis
1254 548 1531 606 Ecclesia
1556 549 1885 607 documen-

201 639 278 695 tis
304 638 590 708 diligenti
612 642 670 695 et
703 637 909 694 subtili
936 637 1168 694 ratione
1196 637 1466 710 corporis
1509 642 1568 696 et
1610 638 1879 712 proprie-

201 727 354 785 tatis
409 725 795 795 assumentis,
827 730 1120 800 tanquam
1160 725 1509 798 exemplum
1561 726 1886 784 distinctio-

201 831 365 872 num
395 815 745 874 divinarum
776 830 1193 888 personarum,
1215 814 1534 874 statuimus
1560 830 1668 888 per
1692 831 1882 874 mem-

199 904 469 961 brorum
491 899 946 976 proportionem
968 907 1025 960 et
1042 904 1472 976 proprietatem
1499 919 1877 977 comparare.

201 993 448 1050 Etenim
476 992 730 1065 Spiritus
755 992 881 1049 oris
905 996 1056 1064 ejus,
1090 992 1313 1049 scilicet
1341 992 1464 1062 Dei,
1497 993 1712 1050 dicitur
1760 993 1884 1066 Spi-

197 1085 358 1138 ritus
389 1085 666 1151 sanctus,
695 1097 800 1138 ore
821 1081 1140 1138 exsistente
1163 1081 1494 1152 Unigenito.
1537 1083 1601 1137 Et
1630 1082 1883 1155 Spiritus

199 1171 432 1226 iterum
461 1184 537 1224 ex
565 1169 700 1240 ipso
729 1168 1090 1241 procedens,
1119 1175 1176 1226 et
1201 1169 1423 1224 missus
1459 1183 1585 1228 non
1621 1169 1822 1228 solum
1841 1185 1878 1227 a

205 1261 408 1323 Patre,
432 1257 543 1313 sed
565 1257 750 1314 etiam
780 1273 817 1314 a
840 1257 1004 1314 Filio.
1043 1279 1071 1306 ››
1383 1321 1386 1324 ἢ

279 1347 662 1419 Epiphanius
691 1348 871 1419 Cypri
898 1347 962 1402 in
1003 1350 1341 1404 memorato
1383 1346 1540 1404 libro
1577 1351 1878 1406 Anc-orato

206 1435 283 1490 de
331 1435 733 1508 processione
776 1435 1028 1508 Spiritus
1075 1451 1112 1492 a
1165 1435 1306 1491 Filio
1356 1434 1500 1492 talia
1563 1440 1817 1493 testatur
1866 1454 1877 1490 :

213 1547 241 1576 α
290 1525 552 1596 Spiritus
628 1525 791 1582 enim
840 1527 997 1582 Deus
1055 1531 1163 1592 est,
1229 1529 1288 1582 et
1353 1526 1603 1597 Spiritus
1673 1526 1880 1596 Patris,

211 1619 268 1670 et
293 1613 556 1686 Spiritus
579 1615 811 1684 Christi,
859 1629 984 1671 non
1010 1613 1348 1672 secundum
1400 1614 1672 1690 aliquam
1722 1631 1884 1674 com-

1997 463 2164 520 nime
2181 461 2629 520 dubitaverunt.
2647 465 2780 520 Non
2793 462 2954 520 enim
2966 461 3400 536 proponebant
3417 461 3481 517 in
3507 461 3656 533 Sym

1995 550 2160 618 bolo,
2190 551 2286 608 vel
2311 550 2684 609 deﬁniebant
2710 552 2775 608 in
2795 552 3067 625 synodis,
3109 551 3229 608 nisi
3287 567 3362 608 ea
3413 565 3552 624 quae
3596 549 3661 606 in
3765 543 3769 546 λ

1995 639 2396 712 quaestionem
2443 639 2524 696 ab
2569 639 2863 698 haereticis
2911 641 3320 707 vertebantur,
3376 642 3436 696 et
3478 652 3660 695 mun-

1995 727 2146 786 dum
2174 728 2270 786 vel
2297 728 2700 786 universalem
2723 729 3050 787 Ecclesiam
3078 730 3142 786 in
3169 743 3436 786 errorem
3479 727 3662 784 duce-

1994 816 2162 876 bant.
2197 817 2365 875 Unde
2386 833 2501 874 nec
2547 817 2902 890 Symbolum
2959 823 3100 876 tunc
3136 816 3426 892 temporis
3478 830 3661 890 expo-

1996 905 2286 976 suissent,
2313 904 2430 962 nisi
2454 920 2560 962 eos
2597 906 2676 962 ad
2724 906 2858 962 haec
2909 907 3328 964 haereticorum
3389 905 3660 979 pravitas

1995 993 2402 1068 compulisset.
2462 994 2628 1052 Unde
2673 994 2735 1051 in
2759 995 2958 1067 prima
2985 1001 3045 1054 et
3071 1000 3280 1054 sancta
3329 991 3660 1052 universali

1995 1086 2254 1160 synodo,
2275 1103 2413 1160 quas
2437 1086 2550 1142 sub
2572 1086 2955 1144 sanctissimo
2979 1102 3144 1160 papa
3165 1087 3486 1160 Sylvestro,
3507 1089 3659 1142 tem-

1994 1193 2142 1250 pore
2171 1175 2546 1234 Constantini
2572 1175 2886 1248 principis,
2935 1193 2974 1234 a
2999 1176 3280 1234 trecentis
3317 1174 3657 1233 octodecim

1996 1265 2274 1324 Patribus
2303 1265 2527 1322 sanctis
2571 1265 2634 1320 in
2690 1265 3000 1337 provincia
3054 1264 3365 1338 Bithynia,
3418 1263 3656 1320 civitate

1995 1355 2213 1415 Nicaea.
2245 1358 2456 1412 contra
2484 1354 2916 1427 impiissimum
2948 1355 3176 1426 dogma
3199 1353 3341 1425 Arii,
3388 1353 3647 1427 dicentis

1995 1443 2208 1501 Filium
2236 1443 2340 1500 Dei
2371 1426 2601 1500 factum
2642 1449 2702 1500 et
2739 1448 3028 1516 creatum,
3083 1448 3174 1501 est
3224 1442 3546 1512 celebrata,
3566 1426 3654 1498 nil

1994 1534 2162 1591 aliud
2194 1533 2556 1591 deﬁnierunt
2583 1533 2660 1590 de
2691 1533 2912 1606 Spiritu
2942 1537 3170 1597 sancto,
3199 1533 3316 1588 nisi
3369 1531 3537 1606 quod
3590 1531 3655 1587 in

1994 1623 2133 1696 ipso
2158 1622 2319 1680 credi
2349 1622 2588 1691 debeat,
2623 1625 2684 1680 et
2709 1621 2880 1698 quod
2911 1621 2987 1681 sit
3031 1621 3346 1688 Dominus,
3399 1624 3457 1680 et
3493 1618 3656 1680 "viViv

210 1704 601 1776 positionem,
652 1703 1178 1776 quemadmodum
1230 1704 1294 1760 in
1321 1703 1498 1759 nobis
1549 1719 1774 1778 corpus
1823 1709 1884 1761 et
1923 1717 1967 1772 Β
1995 1711 2209 1769 ﬁcans.

215 1797 461 1850 anima:
498 1793 606 1849 sed
634 1792 922 1852 inmedio
951 1793 1141 1849 Patris
1169 1798 1228 1849 et
1275 1792 1416 1860 Filii,
1475 1809 1550 1850 ex
1602 1797 1774 1852 Patre
1828 1799 1886 1851 et

221 1882 378 1938 Filio.
415 1907 445 1931 υ

2069 1805 2133 1857 In
2165 1802 2435 1860 secunda
2461 1818 2606 1860 vero
2635 1803 2894 1875 synodo,
2925 1817 3062 1876 quae
3088 1802 3204 1859 sub
3255 1803 3439 1860 beato
3488 1816 3654 1874 papa

1997 1894 2280 1962 Damaso,
2312 1897 2582 1965 tempore
2609 1893 2928 1951 Theodosii
2958 1893 3266 1966 principis,
3318 1908 3358 1951 a
3403 1896 3650 1949 centum

287 1971 454 2028 Idem
502 1975 752 2028 sanctus
811 1971 874 2026 in
923 1971 1078 2028 libro
1127 1973 1215 2028 De
1256 1987 1377 2027 αηα
1427 1973 1660 2029 Deitate
1688 1989 1701 2028 :
1731 1995 1760 2024 ί(
1794 1974 1886 2036 Ait
1997 1981 2440 2053 quinquaginta
2459 1982 2817 2039 Patribusin
2830 1980 3652 2054 urbeConstantinopolitana

223 2074 360 2129 ergo
411 2062 620 2116 Petrus
671 2059 788 2128 his,
833 2060 941 2132 qui
985 2060 1144 2116 circa
1193 2060 1492 2117 Ananiam
1539 2065 1748 2118 erant:
1800 2063 1880 2119 Ut

229 2147 368 2218 quid
398 2152 588 2204 tentat
611 2163 718 2204 vos
766 2150 1017 2206 Satanas
1047 2149 1285 2206 mentiri
1316 2149 1554 2221 Spiritui
1607 2155 1816 2208 sancto
1841 2152 1869 2208 Τ

235 2237 355 2291 Non
381 2237 516 2292 estis
548 2237 781 2293 mentiti
823 2237 1190 2306 hominibus,
1246 2238 1355 2294 sed
1411 2241 1556 2296 Deo.
1588 2261 1610 2287 ι
1671 2240 1828 2310 Ergo
1859 2257 1872 2294 :

246 2347 274 2373 ιι
299 2324 446 2381 Deus
471 2343 538 2383 ex
564 2329 732 2384 Patre
760 2332 817 2383 et
847 2325 990 2388 Filio
1019 2327 1288 2399 Spiritus,
1330 2327 1430 2384 cui
1467 2329 1695 2384 mentiti
1717 2333 1878 2394 sunt,

248 2414 346 2485 qui
379 2414 450 2470 de
475 2416 655 2488 pretio
686 2416 1138 2472 fraudaverunt.
1169 2439 1191 2466 ι

309 2506 442 2560 item
477 2506 536 2560 in
561 2505 780 2562 eodem
835 2521 1054 2578 opere:
1085 2527 1112 2554 α
1161 2505 1288 2564 Vita
1342 2509 1468 2562 tota
1513 2505 1691 2575 Deus,
1739 2520 1882 2575 ergo

237 2591 344 2646 vita
370 2608 444 2647 ex
468 2593 585 2650 vita
621 2593 798 2650 Filius
837 2595 1007 2666 :Ego
1064 2595 1240 2661 enim,
1297 2594 1516 2667 inquit,
1573 2610 1705 2650 sum
1755 2595 1874 2666 via,

229 2681 440 2737 veritas
467 2690 522 2738 et
556 2683 703 2740 vita.
738 2683 988 2755 Spiritus
1019 2683 1182 2739 enim
1211 2687 1455 2740 sanctus
1479 2683 1558 2740 ab
1577 2683 1880 2740 ambobus

225 2770 470 2841 Spiritus
500 2777 558 2826 et
586 2771 725 2828 vita.
751 2775 900 2828 Nam
927 2772 1178 2843 Spiritus
1209 2772 1364 2828 Deus
1387 2777 1495 2828 est.
1532 2791 1557 2819 ι

287 2860 348 2913 Et
375 2859 618 2915 iterum.
654 2882 680 2910 «
707 2860 1014 2933 Numquid
1037 2861 1294 2918 dicimus
1314 2861 1469 2917 duos
1490 2877 1622 2918 esse
1642 2861 1818 2918 Filios
1847 2863 1876 2918 ?

224 2949 282 3002 Et
303 2947 620 3020 quomodo
653 2949 1050 3019 Unigenitus?
1087 2949 1236 3017 Imo,
1267 2955 1332 3005 tu
1359 2951 1498 3022 quis
1529 2968 1615 3017 es,
1664 2951 1768 3023 qui
1791 2967 1879 3008 re-

1998 2075 2209 2128 contra
2233 2070 2668 2142 Macedonium,
2695 2071 2958 2144 profata:
2977 2071 3147 2127 urbis
3166 2071 3543 2144 episcopum,
3565 2069 3652 2125 di-

1993 2165 2228 2216 centem
2257 2160 2541 2232 Spiritum
2570 2165 2851 2218 sanctum
2879 2161 3176 2218 minorem
3203 2163 3372 2216 Patre
3397 2163 3454 2216 et
3480 2157 3647 2229 Filio,

1993 2249 2088 2304 vel
2117 2253 2274 2305 certe
2303 2249 2646 2305 ministrum
2677 2249 2997 2320 Trinitatis,
3029 2249 3331 2306 celebrata
3383 2252 3492 2318 est,
3547 2247 3650 2303 de-

1993 2337 2277 2394 ﬁnierunt
2318 2338 2588 2410 praedicti
2631 2341 2851 2405 Patres,
2907 2339 3192 2411 Spiritum
3246 2353 3371 2394 non
3418 2337 3648 2394 factum

1993 2442 2106 2483 nec
2129 2431 2417 2490 creatum,
2442 2426 2553 2483 sed
2575 2427 2778 2500 potius
2805 2432 3158 2496 creatorem,
3190 2426 3269 2484 ab
3307 2427 3440 2499 ipso
3484 2424 3647 2481 fonte

1994 2516 2057 2571 in
2104 2515 2438 2585 Divinitate,
2486 2516 2681 2587 Patre,
2716 2520 3010 2589 tanquam
3062 2532 3100 2574 a
3149 2515 3442 2589 primaria
3493 2528 3648 2571 vena

1991 2605 2440 2676 procedentem.
2469 2607 2536 2660 Et
2555 2605 2673 2662 hoc
2701 2605 2765 2662 in
2789 2605 3057 2662 secundo
3112 2604 3422 2678 Symbolo,
3479 2602 3648 2676 quod

1993 2692 2724 2766 Constantinopolitanum
2753 2693 2990 2760 dicitur,
3030 2693 3376 2765 diligentius
3404 2696 3647 2749 notave-

1988 2789 2148 2840 runt.
2173 2784 2322 2850 Quia
2349 2800 2494 2842 vero
2531 2801 2655 2842 non
2700 2784 2812 2842 fuit
2862 2785 3137 2864 qugastio,
3186 2784 3312 2841 sive
3365 2783 3643 2840 dubium:

1993 2875 2197 2929 Utrum
2224 2873 2475 2946 Spiritus
2504 2889 2542 2930 a
2570 2874 2712 2930 Filio
2746 2874 3118 2948 procederet,
3158 2873 3256 2928 vel
3289 2887 3414 2928 non
3441 2871 3471 2926 ?
3509 2887 3645 2928 san-

1987 2961 2064 3018 cti
2085 2961 2312 3028 Patres,
2345 2963 2499 3018 sicut
2522 2969 2579 3019 et
2606 2961 2798 3019 multa
2825 2961 2944 3019 alia
2975 2977 3114 3034 quae
3142 2959 3538 3033 postmodum
3579 2959 3644 3016 in

215 3037 520 3108 spondeas
547 3040 663 3095 Deo
683 3038 710 3092 ‘?
734 3038 790 3094 Si
822 3038 1030 3095 Filium
1049 3038 1296 3111 quidem
1317 3044 1508 3105 V0084,
1525 3039 1585 3095 id
1601 3045 1710 3110 est,
1730 3055 1868 3112 pI‘O-
1902 3065 1943 3121 ο
1979 3049 2112 3106 aliis
2141 3050 2409 3106 conciliis
2435 3050 2728 3108 catholico
2756 3050 3003 3108 deﬁnita
3025 3053 3184 3119 sunt,
3231 3048 3347 3105 sub
3405 3047 3642 3105 silentio

214 3125 357 3182 cedit
377 3142 458 3182 ex
479 3143 563 3193 se,
593 3127 876 3199 Spiritum
899 3143 1040 3184 vero
1064 3134 1340 3184 sanctum
1363 3144 1438 3184 ex
1463 3128 1815 3186 ambobus?
1841 3149 1869 3178 »

278 3215 430 3279 Quid
466 3230 610 3285 ergo
632 3215 902 3272 dicemus
933 3217 961 3272 ?
1004 3216 1214 3273 Adhuc
1257 3232 1507 3288 egemus
1565 3219 1814 3274 testibus
1840 3219 1869 3274 ‘I

213 3303 567 3358 Audivimus
625 3305 963 3360 Graecorum
1002 3304 1424 3377 blasphemiae
1477 3306 1809 3362 dicentium
1846 3324 1860 3362 :

213 3392 466 3463 Spiritus
499 3399 742 3448 sanctus
781 3409 904 3449 non
936 3393 1206 3466 procedit
1238 3410 1274 3449 a
1299 3393 1464 3459 Filio,
1493 3395 1638 3468 quia
1679 3394 1868 3467 perfe-

212 3485 292 3536 cte
321 3481 602 3553 procedit
630 3497 667 3537 a
697 3484 912 3538 Patre:
968 3483 1144 3555 quasi
1193 3483 1374 3539 etiam
1422 3498 1547 3538 non
1609 3483 1869 3555 perfecte

213 3571 483 3626 mittatur
507 3578 566 3625 et
592 3571 766 3626 detur
793 3587 829 3626 a
861 3571 1001 3626 Filio
1023 3572 1050 3626 ?

273 3660 445 3727 Item,
477 3663 605 3715 Non
635 3661 922 3732 procedit,
950 3661 1248 3732 inquiunt,
1275 3677 1311 3718 a
1345 3661 1511 3731 Filio,
1557 3662 1702 3734 quia
1745 3663 1868 3718 duo

205 3755 394 3804 essent
428 3764 649 3813 causae,
683 3754 740 3804 et
761 3749 882 3804 duo
906 3749 1224 3821 principia.
1248 3753 1400 3816 Ergo
1428 3767 1567 3806 cum
1609 3753 1864 3823 Scriptu-

205 3851 276 3892 ra:
303 3853 500 3894 sacra:
532 3845 588 3893 et
620 3838 1004 3907 Evangelium
1067 3839 1280 3894 Filium
1337 3839 1704 3912 principium
1761 3841 1868 3897 sci-

203 3923 326 3981 licet
352 3927 440 3982 de
461 3927 758 3998 principio
788 3927 1120 3995 nominent,
1155 3933 1215 3982 ut
1243 3927 1427 3983 illud:
1480 3929 1609 3998 Ego
1638 3931 1865 3998 princi-

202 4031 380 4082 pium,
417 4018 527 4086 qui
553 4022 606 4072 et
645 4017 854 4087 loquor
879 4016 1039 4072 vobis
1063 4017 1128 4069 ⁸³.
1168 4021 1228 4070 Et
1283 4017 1639 4073 Psalinista:
1676 4018 1754 4072 Et
1790 4025 1858 4074 tu

205 4105 259 4158 in
284 4106 618 4175 principio,
655 4107 924 4174 Domine,
955 4112 1178 4162 terram
1211 4107 1580 4175 fundasti“.

269 4194 461 4261 Idem,
493 4209 618 4249 non
642 4195 978 4266 procedunt
1015 4209 1152 4266 quae
1209 4195 1436 4262 dicunt,
1485 4195 1651 4267 quod
1699 4197 1866 4252 Chri-

208 4290 320 4338 stus
379 4284 516 4339 haec
569 4284 770 4352 tacuit,
827 4283 1084 4356 apostoli
1142 4299 1264 4338 non
1309 4284 1600 4352 dixerunt,
1663 4287 1856 4342 sancti

1977 3139 2363 3196 transierunt.
2393 3142 2681 3196 Processu
2722 3155 2868 3196 vero
2916 3139 3227 3211 temporis,
3273 3138 3640 3194 increscente

1977 3228 2389 3300 quorumdam
2407 3228 2653 3294 malitia,
2672 3229 2734 3284 in
2747 3226 3228 3286 Occidentalibus
3242 3225 3538 3300 partibus,
3550 3225 3638 3281 di-

1980 3316 2242 3372 centium
2273 3317 2558 3390 Spiritum
2589 3321 2870 3374 sanctum
2898 3331 3024 3373 non
3053 3315 3379 3388 procedere
3412 3330 3450 3372 a
3471 3314 3632 3382 Filio,

1979 3422 2090 3479 pro
2111 3423 2181 3463 eo
2208 3407 2374 3480 quod
2410 3407 2474 3463 in
2504 3407 2793 3480 Symbolo
2820 3423 2946 3464 non
2995 3411 3278 3480 ponatur,
3327 3403 3638 3476 aggregati

1979 3496 2040 3551 in
2071 3512 2262 3552 unum
2289 3496 2559 3569 episcopi
2588 3497 2832 3554 illarum
2883 3497 3170 3570 partium,
3198 3495 3274 3552 de
3293 3494 3531 3552 licentia
3575 3497 3635 3550 et

1980 3586 2330 3642 auctoritate
2353 3586 2574 3642 summi
2590 3587 2910 3659 pontiﬁcis,
2934 3587 3244 3642 veritatem
3264 3584 3424 3650 ﬁdei,
3446 3598 3635 3657 quam

1979 3680 2258 3731 tenemus
2297 3677 2358 3732 in
2403 3676 2698 3747 Symbolo
2731 3676 3131 3746 declarantes,
3187 3675 3416 3731 cantari
3454 3675 3635 3731 etiam

1977 3765 2094 3820 hoc
2117 3766 2180 3821 in
2205 3764 2466 3821 Ecclesia
2485 3765 2566 3822 ab
2593 3765 2880 3822 omnibus
2926 3765 3392 3822 mandaverunt.
3450 3763 3634 3820 Graeci

1979 3868 2124 3908 vero
2162 3857 2220 3908 et
2255 3854 2446 3910 caeteri
2485 3855 2813 3912 Orientales
2873 3854 3070 3911 vocati
3126 3869 3249 3909 non
3307 3856 3468 3920 sunt,
3531 3855 3636 3908 aut

1978 3942 2123 4012 quia
2151 3941 2330 3998 nimis
2377 3942 2707 4007 distabant,
2762 3948 2868 4000 aut
2921 3943 3067 4016 quia
3111 3955 3236 3998 non
3278 3940 3634 3996 dubitabant

1978 4029 2162 4084 etiam
2190 4031 2306 4086 hoc
2335 4031 2637 4088 adducere
2656 4033 2717 4088 in
2741 4032 3163 4105 quaestionem:

2051 4117 2224 4183 Quod
2253 4123 2456 4175 autem
2475 4119 2560 4175 eis
2580 4124 2724 4175 tunc
2750 4119 3002 4188 licuerit,
3025 4123 3082 4174 et
3107 4118 3283 4174 liceat
3309 4116 3492 4174 hodie
3527 4131 3634 4172 no-

1976 4206 2072 4262 bis
2101 4206 2332 4278 aliquid
2361 4208 2641 4280 scribere,
2691 4208 3040 4280 prmdicare,
3065 4211 3124 4264 et
3149 4211 3414 4275 cantare,
3466 4205 3635 4279 quod

1977 4293 2040 4349 in
2064 4295 2352 4365 Symbolo
2369 4312 2493 4353 non
2505 4302 2979 4369 estexpressum,
2996 4297 3287 4354 docemur
3305 4311 3380 4352 ex
3394 4299 3630 4368 quarto,

209 4373 378 4428 ctiam
406 4371 484 4464 de
507 4373 619 4464 hoc
640 4371 724 4427 nil
751 4372 1246 4464 praedicaverunt.
1282 4373 1395 4464 Sed
1419 4389 1487 4428 ex
1531 4375 1866 4464 prmmissis
1895 4410 1941 4464 Β
1976 4383 2208 4455 quinto.
2233 4390 2421 4453 sexto,
2459 4386 2716 4458 septimo
2741 4386 3026 4457 conciliis,
3058 4401 3320 4459 quorum
3347 4383 3636 4458 quedam

210 4460 680 4526 auctoritatibus,
737 4460 1069 4516 mendaciis
1109 4462 1471 4531 eorumjam
1521 4463 1861 4534 patefactis,

208 4556 383 4606 restat
408 4566 570 4605 nunc
599 4549 915 4605 ostendere
957 4550 1213 4622 qualiter
1240 4556 1296 4606 et
1333 4552 1394 4606 in
1442 4551 1534 4606 his
1591 4569 1728 4625 quae
1775 4570 1864 4608 se—

209 4645 496 4710 quuntur,
527 4640 649 4694 suis
677 4638 1012 4694 rationibus
1045 4641 1434 4696 mentiantur.

275 4731 492 4784 Dicunt
521 4730 717 4784 enim:
753 4750 778 4778 «
815 4729 1013 4785 Sancti
1043 4732 1242 4784 Patres
1275 4730 1339 4785 in
1383 4730 1652 4786 conciliis
1683 4747 1868 4803 super

211 4815 312 4872 hoc
331 4817 424 4873 nil
445 4817 842 4873 deﬁnierunt:
878 4817 986 4872 sed
1017 4823 1312 4889 ponentes
1341 4819 1402 4874 in
1434 4819 1746 4891 Symbolo,
1795 4836 1870 4877 ea

211 4921 335 4976 qua:
367 4911 512 4961 sunt
536 4907 873 4961 necessaria
903 4906 980 4961 ad
1008 4905 1285 4968 salutem,
1318 4924 1423 4962 eos
1449 4909 1552 4980 qui
1575 4909 1738 4964 aliud
1764 4909 1869 4965 ad.

211 4996 414 5049 dei-ent
441 4995 1158 5062 excommunicaverunt;
1194 4995 1300 5050 sed
1353 5011 1459 5050 vos
1497 4996 1815 5052 addidistis
1851 5015 1863 5052 :

213 5097 344 5153 ergo
373 5083 513 5139 estis
542 5084 1077 5139 excommunicati.
1109 5105 1137 5132 ››

633 5189 954 5256 Responsio
981 5189 1360 5248 Latinorum.

276 5276 366 5334 Ad
407 5276 576 5349 quod
615 5276 1053 5348 respondentes
1125 5278 1385 5334 breviter
1425 5279 1511 5335 sic
1559 5278 1864 5335 dicimus:

220 5437 261 5469 ⁸⁵
286 5438 456 5493 Joan.
487 5437 624 5498 VIII,
657 5440 745 5490 25.
782 5437 829 5472 ⁸³
863 5435 997 5492 Psal
1029 5435 1115 5502 Cl,
1148 5441 1237 5493 26.

284 5563 358 5634 (Ii)
389 5563 517 5618 Fuit
562 5560 835 5634 synodus
885 5557 1154 5617 Secunda
1181 5562 1863 5635 Constantinopolitana.

1977 4471 2296 4541 deﬁniunt,
2322 4475 2488 4547 quod
2515 4490 2639 4532 non
2668 4480 2762 4532 est
2797 4491 3149 4548 expressum
3193 4475 3255 4531 in
3305 4473 3633 4548 Symbolo:

1976 4576 2044 4617 ut
2069 4562 2144 4618 de
2157 4564 2358 4620 .sacris
2378 4564 2770 4635 imaginibus,
2793 4581 2976 4638 super
2993 4565 3219 4638 quibus
3249 4565 3506 4638 septima
3523 4562 3638 4620 fuit

1979 4652 2270 4722 synodus,
2299 4653 2445 4709 nihil
2468 4655 2533 4709 in
2576 4655 2864 4727 Symbolo
2893 4656 3247 4712 continetur.
3285 4655 3378 4709 Sic
3401 4668 3516 4709 nec
3562 4653 3636 4708 de

1979 4738 2222 4796 duabus
2255 4743 2664 4802 voluntatibus
2693 4750 2753 4800 et
2788 4742 3244 4816 operationibus
3287 4743 3351 4798 in
3404 4741 3635 4798 Christo

1983 4830 2338 4900 Symbolum
2369 4835 2686 4892 manifeste
2715 4834 3090 4903 determinat,
3125 4833 3200 4887 de
3225 4831 3448 4904 quibus
3468 4833 3638 4888 sexta

1981 4922 2254 4993 synodus
2284 4923 2552 4980 deﬁnivit
2576 4941 2588 4991 ;
2619 4925 2704 4980 sic
2719 4939 2831 4979 nec
2853 4922 3200 4979 Theodorus
3240 4919 3632 4992 Mopsuestia,

1980 5029 2092 5070 nec
2148 5011 2493 5068 Theodoriti
2549 5013 2792 5085 scripta,
2823 5027 2958 5084 quae
2985 5014 3197 5067 contra
3241 5009 3488 5066 beatum
3527 5011 3635 5082 Cy-

1979 5103 2180 5160 rillum
2202 5118 2332 5157 com
2344 5102 2564 5174 posuit,
2579 5101 2945 5157 condemnat
2963 5099 3339 5173 Symbolum,
3355 5099 3634 5174 quamvis

1982 5191 2252 5248 secunda
2282 5190 2609 5248 universali
2638 5189 2873 5263 synodo
2903 5191 2979 5261 (4)
3007 5190 3502 5246 condemnentur.
3542 5189 3635 5244 Sic

1979 5296 2091 5338 nec
2120 5280 2274 5336 duas
2316 5285 2562 5336 naturas
2615 5277 2961 5336 inconfusas
3011 5285 3069 5336 et
3118 5279 3522 5352 impermistas
3572 5276 3630 5344 in
