4106 6222
429 240 536 298 503

1663 242 2149 304 PAN'I‘ALEONIS
2186 238 2472 304 DIACONI
2506 244 2609 305 (ΞΡ.

3734 248 3735 251 “
3748 240 3849 303 ως

422 366 652 426 Christo
681 366 744 424 in
764 367 989 425 unitate
1018 383 1318 441 personas,
1349 367 1477 428 sine
1499 371 1667 429 omni
1689 371 2076 430 conversione
2106 373 2155 429 Α
2185 372 2532 430 sanctorum
2550 368 2998 429 deﬁnitionibus
3013 386 3139 430 non
3154 370 3396 435 scribat,
3413 370 3509 428 vel
3526 369 3837 444 pradicet,

421 472 532 529 per
559 456 917 529 Symbolum
944 457 1244 515 habemus
1265 474 1637 533 expressum,
1662 477 1802 519 cum
1838 461 1926 519 sic
1942 477 2078 520 esse

2188 462 2298 519 sed
2324 461 2494 535 quod
2538 476 2751 517 verum
2812 465 2918 530 est,
2972 467 3031 519 et
3075 462 3249 533 cujus
3301 460 3654 534 oppositum
3706 458 3844 518 facit

424 545 722 603 deﬁnierit
782 550 1002 629 quarta
1051 547 1408 606 universalis
1474 551 1767 623 synodus,
1822 554 2079 610 Leonem
2185 549 2487 619 haeresim,
2553 564 2665 607 nec
2714 564 2840 606 non
2903 554 2961 607 et
3011 552 3142 623 ejus
3205 549 3427 607 veritas
3508 546 3851 621 periculoso

426 650 654 707 papam
682 635 948 707 primum
995 640 1232 693 secuta:
1288 638 1599 711 epistolam
1650 656 1895 714 quoque
1950 642 2082 713 ejus

431 739 616 796 quem
675 724 1084 796 praediximus,
1149 725 1292 783 ﬁdei
1344 728 1696 786 orthodoxae
1734 730 2083 787 columnam

429 827 624 885 usque
668 811 848 868 hodie
901 816 1139 870 Graecus
1195 814 1462 888 appellat
1500 834 1515 873 :
1565 823 1623 875 et
1664 819 1830 892 quod
1877 820 2084 877 forsan

430 901 650 974 aliquis
680 901 946 967 miretur,
970 908 1180 961 sancta
1195 909 1254 962 et
1280 906 1630 964 universalis
1650 909 1923 981 synodus
1947 924 2085 982 pro-

432 989 617 1056 hibet,
642 1006 717 1047 ne
746 990 920 1047 alicui
978 991 1154 1050 liceat
1205 994 1490 1067 proferre,
1544 998 1637 1053 vel
1686 997 1967 1068 scribere,
1992 997 2089 1054 vel

438 1094 801 1150 componere
856 1078 1107 1137 alteram
1172 1082 1357 1139 ﬁdem
1411 1083 1490 1140 ab
1537 1101 1611 1141 ea
1661 1101 1797 1159 quae
1844 1086 2091 1143 deﬁnita

439 1172 529 1224 est
548 1183 585 1222 a
605 1167 827 1223 sanctis
848 1168 1126 1225 Patribus
1148 1170 1352 1227 Nicaea;
1384 1175 1778 1244 congregatis,
1808 1174 2093 1247 quamvis

442 1255 710 1313 secunda
733 1256 1007 1327 synodus
1059 1258 1416 1330 Symbolum
1463 1261 1733 1330 ediderit,
1795 1269 1858 1320 ut
1908 1279 2094 1336 supra

442 1350 753 1403 ostensum
782 1350 891 1417 est,
932 1346 995 1403 in
1024 1363 1145 1420 quo
1177 1348 1381 1422 aliqua
1406 1350 1804 1421 continentur,
1853 1370 1991 1426 quae
2034 1354 2094 1409 in

445 1434 684 1492 Nicaeno
710 1434 963 1492 concilio
989 1452 1112 1493 non
1132 1436 1466 1495 habentur:
1494 1441 1660 1512 quod
1681 1457 1751 1497 ex
1783 1442 2097 1499 collatione

446 1524 754 1597 utriusque
789 1525 1006 1597 synodi
1052 1528 1438 1585 manifestum
1486 1535 1578 1586 est
1627 1530 1853 1588 lectori.
1898 1535 2099 1604 Ipsam

449 1630 593 1671 vero
624 1614 1096 1685 prohibitionem
1118 1616 1198 1673 ad
1226 1618 1481 1675 verbum
1502 1620 1585 1675 sic
1608 1621 1890 1691 continet,
1912 1621 2099 1678 tertiae

2191 637 2423 696 silentio
2457 636 2796 711 petentibus
2832 638 3196 711 denegatur:
3230 642 3394 712 patet
3421 638 3613 711 quod,
3633 638 3683 692 si
3713 653 3854 710 pro-

2190 733 2321 800 pter
2366 727 2602 801 pietatis
2647 727 3054 799 naufragium,
3108 728 3277 801 quod
3319 726 3697 789 imminebat,
3748 725 3855 783 ad-

2191 816 2343 873 didit
2367 816 2677 873 veritatem
2707 816 2872 885 ﬁdei,
2894 816 2958 874 in
2998 816 3286 890 Symbolo
3316 831 3441 873 non
3468 830 3851 888 expressam,

2193 920 2318 963 non
2339 910 2431 962 est
2449 906 2995 963 excommunicata.

2266 995 2324 1049 Si
2379 1010 2523 1051 vero
2575 1000 2821 1068 propter
2848 995 3318 1052 declarationem
3347 994 3489 1051 ﬁdei
3543 994 3755 1060 talem,
3796 996 3862 1050 ut

2198 1086 2383 1141 Graeci
2402 1089 2697 1151 asserunt,
2736 1084 3108 1141 additionem
3161 1084 3384 1141 factam
3431 1083 3493 1139 in
3544 1080 3859 1154 Symbolo,

2200 1172 2841 1232 excommunicationis
2859 1174 3217 1229 sententiam
3238 1172 3424 1229 Latini
3445 1172 3858 1236 incurrerunt,

2202 1261 2468 1320 conﬁteri
2486 1278 2731 1318 necesse
2748 1267 2839 1319 est
2859 1277 3071 1319 omnes
3090 1263 3195 1335 qui
3216 1263 3276 1318 in
3300 1262 3587 1331 secundo,
3615 1267 3863 1333 quarto,

2201 1351 2435 1423 quinto,
2468 1356 2656 1416 sexto,
2689 1350 2965 1423 septimo,
3000 1350 3267 1407 conciliis
3314 1350 3577 1414 fuerunt,
3634 1364 3749 1421 pro
3793 1363 3861 1404 eo

2203 1439 2371 1513 quod
2394 1445 2606 1513 praeter
2634 1456 2706 1498 ea
2728 1456 2865 1513 quae
2910 1440 2971 1496 in
3005 1439 3292 1512 Symbolo
3340 1439 3549 1497 Nicaeae
3593 1438 3864 1494 contine-

2203 1528 2447 1599 bantur,
2476 1529 2679 1602 aliqua
2707 1529 2830 1585 imo
2848 1528 3124 1587 multade
3153 1529 3271 1585 ﬁde
3296 1528 3683 1597 deﬁnierunt,
3720 1541 3869 1584 ana.

2207 1618 2485 1675 thematis
2541 1617 2742 1688 gladio
2806 1618 2994 1675 fuisse
3081 1632 3419 1690 percussos.
3521 1617 3639 1673 Sed
3727 1631 3869 1689 quae

453 1702 670 1775 synodi
696 1718 829 1775 cap.
889 1704 1035 1760 ult.:
1087 1705 1161 1761 Iis
1195 1707 1373 1777 igitur
1421 1708 1587 1765 lectis
1630 1709 1836 1766 deﬁnit
1893 1715 2101 1768 sancta
2136 1730 2177 1784 Β
2209 1707 2404 1777 major
2423 1706 2743 1772 dementia,
2777 1712 2834 1763 et
2882 1707 3079 1778 major
3124 1706 3383 1771 caecitas,
3429 1720 3617 1779 quam
3643 1704 3866 1772 dicere,

453 1792 747 1864 synodus,
777 1792 1027 1851 alteram
1056 1795 1241 1852 ﬁdem
1270 1797 1497 1854 nemini
1511 1797 1685 1854 licere
1703 1800 1985 1872 proferre,
2008 1799 2103 1856 vel

455 1879 736 1952 scribere,
763 1880 856 1938 vel
885 1897 1268 1955 componere,
1294 1891 1508 1957 praeter
1527 1902 1684 1953 eam,
1709 1904 1844 1960 quae
1861 1888 2104 1946 deﬁnita

455 1975 546 2026 est
571 1984 608 2026 a
629 1971 846 2026 sanctis
878 1971 1148 2028 Patribus
1176 1975 1385 2030 Nicaeae
1409 1991 1546 2031 cum
1580 1982 1791 2033 sancto
1841 1977 2059 2050 Spiritu
2087 1996 2101 2046 ;

455 2063 886 2130 praesumentes
914 2061 1164 2118 alteram
1193 2062 1397 2127 ﬁdem,
1421 2063 1706 2136 proferre,
1749 2065 1845 2122 vel
1873 2065 2104 2136 oﬁ‘erre,

457 2148 721 2204 converti
749 2148 1022 2206 nolentes
1060 2149 1139 2206 ad
1168 2152 1534 2221 agnitionem
1589 2153 1847 2211 veritatis
1897 2170 1972 2211 ex
2016 2156 2107 2225 ju-

456 2237 717 2307 daismo,
748 2238 840 2294 vel
865 2238 1077 2295 haeresi
1105 2239 1530 2313 qualicunque,
1572 2242 1704 2311 hos,
1758 2243 1807 2299 si
1861 2243 2109 2316 quidem

457 2325 697 2393 fuerint,
730 2326 1243 2385 anathematizari.
1275 2352 1304 2381 ››

534 2416 650 2472 Sed
677 2415 834 2473 dicet
862 2416 1141 2473 Graecus:
1177 2418 1330 2483 Quid
1373 2419 1531 2477 ultra
1569 2421 1858 2493 quaeritur
1883 2421 1911 2477 ?
1963 2425 2109 2480 Ecce

460 2503 760 2561 habemus
789 2505 1168 2577 propositum
1198 2524 1270 2562 ex
1299 2507 1672 2565 deﬁnitione.
1986 2498 1995 2511 ’

923 2647 1239 2718 Responsio
1271 2648 1649 2707 Latinorum.

535 2777 624 2834 Ad
643 2778 810 2849 quod
844 2780 1273 2851 respondentes
1313 2782 1397 2838 sic
1443 2782 1736 2841 dicimus:
1793 2786 2114 2845 Prohibitio

466 2868 658 2925 sancti
687 2868 919 2925 concilii
951 2869 1103 2927 sicut
1128 2876 1338 2928 sancta
1360 2877 1417 2928 et
1446 2889 1590 2931 vera
1604 2890 1737 2931 esse
1759 2877 2111 2934 ostenditur.

466 2957 548 3014 ita
588 2957 672 3013 nil
700 2961 909 3015 contra
936 2962 1245 3016 veritatem
1279 2961 1652 3030 dignoscitur
1671 2964 1993 3021 continere.
2025 2967 2114 3023 Di-

463 3046 542 3102 cit
568 3046 727 3138 enim
753 3063 774 3138 :
803 3047 861 3104 Si
883 3048 1019 3138 quis
1047 3048 1229 3105 aliam
1254 3050 1437 3106 ﬁdem
1469 3066 1506 3107 a
1533 3053 1778 3109 veritate
1820 3056 2114 3126 praedica-
2147 3082 2187 3138 ρ

462 3136 634 3205 verit,
666 3136 985 3207 scripserit,
1018 3138 1344 3194 anathema
1372 3139 1462 3195 sit.
1508 3141 1623 3197 Sed
1642 3142 1885 3198 Latinus
1912 3145 2118 3202 scribit

462 3230 521 3281 et
544 3225 831 3296 prmdicat
860 3226 1025 3294 illud,
1052 3227 1217 3299 quod
1264 3233 1611 3285 sanctorum
1659 3233 2114 3290 auctoritatibus

458 3319 516 3370 et
540 3330 725 3370 sacrae
756 3315 1069 3386 Scripturas
1103 3316 1453 3373 testimoniis
1484 3318 1848 3389 probatesse
1872 3338 2104 3379 verum.

457 3406 609 3475 Ergo
634 3420 756 3461 non
788 3405 991 3470 aliam,
1021 3405 1124 3461 sed
1172 3406 1452 3464 eamdem
1508 3408 1709 3465 minus
1764 3426 2115 3483 expressam

458 3493 604 3551 olim
631 3494 695 3550 in
728 3493 1035 3566 Symbolo,
1073 3499 1197 3551 tam
1226 3494 1505 3553 ﬁdelibus
1531 3513 1718 3569 quam
1748 3499 2113 3572 inﬁdelibus,

458 3582 751 3655 prtedicat
773 3582 977 3639 ﬁdem.

532 3670 703 3737 Quod
744 3675 941 3727 autem
992 3685 1131 3727 vera
1179 3672 1252 3729 sit
1301 3674 1615 3745 expositio,
1667 3676 1955 3748 probatur
2010 3695 2119 3752 per

463 3758 880 3815 auctoritatem
891 3759 1152 3830 Apostoli
1163 3805 1176 3828 ,
1189 3766 1247 3817 et
1262 3777 1368 3834 per
1383 3762 1549 3836 ipsos
1567 3770 1911 3822 tractatores
1932 3784 2116 3824 sacrm

462 3846 624 3915 ﬁdei,
652 3847 756 3920 qui
787 3848 849 3904 in
877 3848 1049 3904 dictis
1100 3850 1368 3906 conciliis
1406 3852 1798 3924 personaliter
1828 3854 2117 3912 interesse

462 3942 833 3994 meruerunt.
886 3937 1031 3994 Dicit
1082 3953 1226 4008 ergo
1280 3939 1495 3995 Paulus
1555 3941 1919 4012 quibusdam
1990 3944 2114 3999 sic:

467 4028 975 4100 Quicunquevobis
995 4029 1171 4084 aliud
1184 4029 1860 4099 pi'wdicaverilmrwler
1880 4032 1943 4087 id
1962 4034 2121 4104 quod

465 4119 790 4189 accepistis,
827 4123 938 4175 hoc
968 4124 1075 4182 est,
1109 4119 1158 4174 si
1178 4117 1317 4190 quis
1341 4118 1511 4174 vobis
1536 4118 1721 4191 aliud,
1750 4120 1809 4176 id
1834 4127 1939 4191 est,
1972 4138 2119 4179 con-

466 4206 715 4263 trarium
749 4207 1258 4276 evangelizaverit,
1306 4206 1399 4263 vel
1428 4210 1723 4266 contrario
1777 4210 1960 4267 modo
2012 4211 2119 4268 do-

467 4295 675 4360 cucrit,
699 4295 1021 4351 anathema
1045 4298 1117 4351 sil
1135 4298 1199 4350 ⁸⁷.
1256 4299 1382 4353 Non
1428 4298 1604 4356 dicit:
1663 4298 1721 4356 Si
1768 4300 1903 4372 quis
1949 4301 2123 4359 vobis

469 4380 784 4439 addiderit.
820 4384 970 4438 Nam
1003 4383 1051 4437 si
1071 4383 1215 4439 illud
1260 4384 1525 4456 dixisset,
1578 4386 1689 4443 sibi
1732 4388 1845 4459 ipsi
1910 4390 2117 4460 prteju-

469 4470 749 4538 dicasset,
788 4470 891 4542 qui
916 4470 1200 4541 cupiebat
1245 4475 1443 4531 venire
1500 4480 1564 4531 ut
1609 4475 1935 4548 suppleret,
1988 4494 2122 4550 quae

470 4574 680 4616 eorum
704 4558 845 4615 ﬁdei
871 4558 1132 4616 deerant.
1158 4561 1273 4619 Sed
1298 4563 1404 4635 qui
1434 4562 1691 4637 supplet,
1718 4563 1884 4636 quod
1923 4565 2121 4622 minus

472 4654 596 4706 erat
620 4648 806 4716 addit,
828 4664 950 4706 non
976 4650 1144 4721 quod
1170 4651 1364 4709 inerat
1400 4652 1571 4710 tollit.

544 4739 651 4800 Qui
670 4738 1152 4813 prrstcrgreditur
1178 4740 1319 4798 ﬁdei
1341 4742 1633 4814 regulam,
1665 4758 1788 4799 non
1834 4742 2002 4800 addit
2043 4743 2119 4800 ad

473 4829 700 4893 omnia,
723 4830 829 4886 sed
854 4829 1130 4887 recedita
1159 4830 1275 4889 via.
1324 4832 1513 4889 Aliud
1558 4848 1700 4902 ergo
1740 4834 2003 4904 positum
2038 4838 2125 4890 est

474 4934 585 4991 pro
627 4920 931 4993 opposito.
978 4922 1144 4992 Nam,
1200 4938 1337 4994 quae
1383 4922 1457 4978 de
1506 4922 1627 4978 Deo
1678 4927 1783 4985 est.
1819 4924 2123 4979 veritatem

474 5008 675 5064 nullus
737 5008 1053 5066 hominum
1108 5011 1426 5082 prohibere
1480 5015 1698 5083 potest,
1741 5011 1889 5084 quin
1939 5013 2127 5084 possit

477 5097 724 5162 cantari,
752 5097 888 5167 legi,
915 5103 972 5153 et
997 5099 1309 5169 praedicari
1343 5099 1404 5154 in
1433 5099 1717 5156 ecclesiis.
1769 5099 1931 5156 Unde
1965 5100 2125 5157 idem

477 5185 800 5259 Apostolus
811 5187 892 5243 ait
906 5203 920 5241 :
934 5188 1107 5243 Nihil
1115 5204 1347 5256 possum
1355 5204 1422 5244 us
1432 5189 1719 5246 adversus
1733 5192 2038 5246 veritatem
2056 5192 2121 5225 "-

481 5278 631 5334 Cum
659 5275 838 5345 igitur
859 5277 1132 5332 Romana
1153 5276 1408 5334 Ecclesia
1428 5277 1611 5345 aliud,
1629 5284 1734 5340 aut
1761 5279 2125 5338 contrarium

555 5411 598 5445 ‘7
625 5410 669 5465 II
702 5409 834 5465 Cor.
869 5411 1001 5481 xm,
1033 5410 1077 5444 ιθ
1104 5411 1145 5464 II
1174 5411 1305 5468 Cor.
1334 5412 1530 5480 xm,8,

553 5534 634 5613 (5)
664 5534 777 5594 Loc
786 5550 854 5595 us
875 5533 1227 5609 mendosus.

2209 1801 2313 1853 aut
2338 1795 2622 1869 proferre,
2664 1802 2767 1852 aut
2804 1811 3055 1869 prorsus
3091 1795 3373 1866 cogitare,
3416 1793 3585 1868 quod
3622 1795 3873 1851 tertium

2211 1885 2531 1942 concilium
2603 1884 3214 1942 excommunicaverit
3262 1884 3615 1957 praeteritos,
3666 1888 3726 1940 et
3780 1883 3876 1938 fu-

2211 1979 2397 2038 turos,
2457 1975 2563 2048 qui
2612 1974 2842 2048 aliquid
2892 1974 3050 2048 plus,
3100 1974 3382 2045 quamvis
3437 1989 3673 2040 verum,
3728 1972 3879 2028 deﬁ-

2212 2065 2449 2122 nierunt
2478 2065 2539 2120 in
2562 2064 2839 2134 Ecclesia,
2870 2080 3059 2138 quam
3116 2062 3284 2127 illud,
3329 2064 3501 2136 quod
3551 2061 3879 2118 deﬁnitum

2214 2159 2306 2212 est
2335 2170 2372 2211 a
2412 2154 2633 2211 sanctis
2662 2154 2930 2211 Patribus
2980 2154 3041 2210 in
3094 2158 3302 2211 sancta
3349 2154 3586 2210 Nicsena
3635 2151 3881 2225 synodo

2216 2244 2551 2302 constitutis
2564 2245 2592 2300 ?

2290 2337 2456 2404 Item,
2487 2334 2784 2407 numquid
2804 2333 3134 2400 Nicaenum,
3170 2337 3274 2390 aut
3328 2329 3877 2403 Constantinopoli-

2217 2426 2429 2480 tanum
2452 2422 2806 2495 Symbolum
2827 2423 3036 2480 omnia
3054 2422 3337 2487 continet,
3360 2437 3497 2493 quae
3527 2419 3878 2477 necessaria

2222 2518 2364 2570 sunt
2377 2512 2455 2569 ad
2473 2512 2745 2579 salutem,
2769 2512 3116 2569 ubinullum
3131 2511 3206 2568 de
3218 2515 3450 2584 septem
3479 2509 3883 2566 sacramentis

2220 2602 2510 2666 Ecclesiae,
2533 2607 2781 2674 excepto
2811 2601 3136 2674 baptismo,
3166 2599 3334 2657 aliud
3363 2614 3727 2672 expressum
3772 2597 3884 2653 ibi-

2222 2693 2363 2749 dem
2392 2692 2774 2748 continetur?
2819 2691 2922 2747 Cui
2953 2707 3096 2762 ergo
3134 2690 3393 2746 dubium
3422 2688 3678 2754 videtur,
3712 2703 3885 2760 quae-

2222 2781 2367 2838 dam
2397 2796 2539 2837 vera
2568 2796 2704 2837 esse
2733 2779 2808 2836 de
2839 2783 2977 2851 Deo,
3031 2796 3167 2853 quae
3198 2779 3259 2835 in
3300 2777 3471 2834 libris
3526 2793 3652 2833 non
3694 2776 3887 2834 conti-

2221 2872 2482 2927 nentur?
2514 2873 2578 2925 Et
2606 2873 2671 2925 ut
2694 2869 2770 2924 de
2798 2868 2892 2925 his
2922 2884 3084 2924 nunc
3117 2876 3450 2935 taceamus,
3486 2868 3562 2937 (5)
3610 2867 3719 2939 qui
3757 2880 3889 2922 non

2220 2958 2377 3015 lecta
2391 2956 2637 3028 expletis
2665 2962 3029 3030 sequuntur:
3060 2957 3293 3013 Patrem
3323 2961 3381 3011 et
3402 2954 3709 3027 Spiritum,
3740 2953 3888 3010 Filio

2222 3048 2557 3113 incarnato,
2584 3046 2931 3104 incarnatos
2952 3061 3076 3102 non
3106 3060 3254 3111 esse,
3283 3048 3386 3101 aut
3413 3058 3652 3116 passos,
3691 3042 3799 3099 ubi
3823 3042 3889 3099 in

2225 3137 2527 3209 Scriptura
2555 3136 2774 3207 poteris
2804 3134 3107 3191 invenire?
3136 3134 3301 3206 quod
3334 3138 3538 3190 tamen
3562 3132 3646 3189 ita
3672 3148 3889 3188 verum

2224 3232 2333 3289 est,
2366 3230 2431 3281 ut
2466 3224 2814 3297 oppositum
2864 3223 2956 3279 vel
3003 3228 3202 3280 mente
3261 3221 3596 3295 concipere,
3658 3221 3734 3277 sit
3782 3220 3887 3277 ad-

2225 3314 2497 3372 surdum.

2296 3412 2462 3477 Item,
2476 3404 2785 3479 quomodo
2802 3405 3034 3461 tertium
3052 3403 3374 3461 concilium
3397 3400 3891 3459 excommunicat

2223 3497 2487 3570 primum
2517 3501 2574 3552 et
2601 3500 2905 3568 quartum,
2926 3494 3227 3567 quintum,
3256 3499 3314 3549 et
3334 3496 3595 3560 sextum,
3622 3495 3681 3548 et
3703 3491 3887 3564 septi-

2224 3601 2390 3642 mum
2411 3586 2438 3641 ‘2
2465 3584 2675 3640 cumin
2699 3584 2817 3641 ﬁne
2833 3583 3150 3654 cujuslibet
3167 3580 3397 3638 concilii
3420 3582 3577 3637 hanc
3600 3579 3888 3636 eamdem

2223 3673 2685 3747 prohibitionem
2719 3673 2940 3729 factam
2972 3673 3050 3729 ab
3082 3671 3166 3727 eis
3206 3671 3473 3743 recipiat,
3516 3668 3780 3725 scilicet:
3820 3670 3892 3725 Si

2226 3766 2357 3837 quis
2383 3766 2634 3821 alteram
2662 3764 2862 3832 fidem,
2911 3768 3021 3818 etc.
3049 3762 3105 3819 Si
3168 3777 3309 3816 vero
3375 3758 3890 3815 excommunicati

2225 3853 2535 3926 quomodo
2563 3853 2775 3921 sancti,
2798 3851 2845 3908 si
2868 3857 3068 3908 autem
3103 3849 3292 3906 sancti
3323 3864 3445 3905 non
3467 3847 3890 3905 excommuni-

2226 3944 2367 3999 cati.
2408 3942 2725 4008 Quomodo
2756 3947 2958 3998 tamen
3006 3955 3129 3996 non
3187 3937 3718 4003 excommunicati,
3770 3936 3892 3991 nisi

2225 4032 2643 4106 prohibitionis
2684 4032 2858 4102 juxta
2889 4028 3268 4099 sententiam,
3301 4028 3549 4083 alteram
3593 4025 3801 4092 ﬁdem,
3829 4025 3891 4082 id

2228 4127 2333 4193 est,
2376 4120 2741 4177 contrariam
2771 4124 2946 4176 rectm
2968 4119 3106 4175 ﬁdei
3139 4120 3656 4192 prmsumpserunt
3682 4114 3893 4186 praedi-

2230 4226 2364 4267 care
2384 4211 2411 4266 ?
2445 4209 2615 4276 Quod
2644 4225 2786 4265 vero
2816 4214 2942 4265 tam
2975 4207 3241 4264 studiose
3263 4211 3319 4262 et
3343 4205 3587 4262 sollicite
3616 4205 3679 4260 in
3721 4202 3895 4259 omni

2231 4299 2481 4356 concilio
2514 4299 2628 4354 hoc
2653 4298 2853 4371 ipsum
2903 4296 3357 4370 prohibuerunt,
3414 4300 3622 4350 contra
3662 4293 3896 4349 haereti-

2232 4406 2356 4457 cos,
2419 4404 2541 4445 non
2586 4390 2647 4444 in
2705 4386 3103 4461 preajudicum
3155 4384 3419 4443 veritatis
3469 4384 3693 4441 factum
3757 4398 3894 4438 esse

2231 4484 2434 4551 aperte
2466 4477 2727 4550 probant
2754 4493 2891 4550 quae
2921 4477 2982 4532 in
3004 4474 3393 4548 sequentibus
3409 4474 3812 4530 continentur.

2305 4567 2451 4623 Dicit
2475 4568 2639 4624 enim
2680 4566 2895 4621 beatus
2918 4564 3166 4637 Cyrillus
3193 4564 3253 4619 in
3285 4563 3548 4636 Epistola
3582 4561 3657 4618 ad
3688 4565 3894 4618 Nesto-

2230 4655 2387 4714 rium
2413 4673 2426 4711 :
2452 4678 2481 4706 «
2514 4658 2643 4713 Non
2672 4655 2777 4711 tibi
2796 4653 3048 4711 sufﬁciet
3067 4653 3332 4710 conﬁteri
3355 4650 3710 4725 Symbolum
3751 4648 3898 4705 ﬁdei

2234 4745 2431 4801 solum
2460 4743 2684 4800 editum
2710 4759 2818 4816 pro
2838 4749 3104 4816 tempore
3126 4742 3187 4798 in
3210 4742 3449 4814 Spiritu,
3471 4756 3509 4796 a
3528 4755 3758 4809 magna
3794 4754 3899 4809 sy-

2231 4833 2396 4891 nodo
2447 4849 2557 4907 pro
2598 4839 2863 4906 tempore
2891 4835 3257 4902 congregata
3286 4830 3514 4886 Nicreae.
3551 4827 3896 4884 Intellexisti

2233 4923 2395 4979 enim
2414 4938 2533 4978 non
2565 4926 2753 4978 recte:
2784 4921 3330 4992 sedinterpretatus
3385 4934 3450 4974 es
3501 4933 3624 4974 non
3682 4921 3842 4972 recte
3880 4934 3896 4972 :

2234 5011 2340 5068 sed
2369 5027 2643 5085 perverse
2690 5016 2901 5068 contra
2946 5008 3363 5066 haereticorum
3413 5005 3902 5079 importunitates

2234 5101 2462 5159 dictum
2488 5106 2594 5168 est,
2621 5100 2756 5173 plus
2782 5098 2877 5155 vel
2909 5097 3109 5154 minus
3139 5096 3324 5153 aliam
3353 5095 3537 5179 ﬁdem
3569 5094 3881 5152 afﬁrmare

2235 5190 2631 5253 conscribere,
2661 5203 3047 5261 componere,
3077 5185 3317 5255 docere,
3345 5185 3439 5241 vel
3469 5200 3719 5262 sapere:
3756 5200 3901 5257 quas

2234 5280 2462 5354 aliquid
2493 5278 2980 5353 superinducere,
3015 5275 3107 5334 vel
3158 5274 3509 5337 subtrahere
3565 5272 3904 5333 moliuntur

4050 1304 4053 1405 λ

4058 1618 4059 1683 l
