4106 6222
452 293 556 350 W7

1676 285 2159 345 PANTALEONIS
2192 282 2481 342 DIAGONI
2520 282 2624 339 CP.

3756 257 3897 319 508

448 415 665 489 junxit,
698 414 865 489 quod
898 416 1135 472 Graecus
1184 412 1622 470 occultaverat:
1655 434 1676 464 ι
1714 412 1997 487 Spiritum
2027 427 2101 468 ex
2132 414 2177 468 Α
2210 410 2459 484 Spiritus
2482 407 2624 473 Filii,
2659 420 2771 479 pro
2800 419 2872 461 eo
2899 400 3067 476 quod
3085 398 3350 457 mittatur
3378 391 3458 450 ad
3478 387 3890 489 sanctiﬁcata.-

410 566 427 583 δ
455 508 627 565 Patre
655 510 712 562 et
730 504 894 561 Filia.
922 526 951 555 »

530 596 641 653 Sed
672 598 729 650 et
780 592 1025 649 Basilius
1076 592 1139 648 in
1197 605 1476 647 sermone
1524 591 1630 664 qui
1687 592 1928 664 incipit:
1963 591 2100 647 Non

458 689 606 741 erat.
636 686 705 738 ut
727 682 985 746 videtur,
1034 685 1168 749 etc.,
1208 679 1495 736 vicesimo
1524 680 1778 752 septimo
1819 678 2099 753 capitulo,

458 773 630 843 cujus
667 774 757 826 est
780 770 1049 826 initium:
1080 769 1196 827 Sed
1211 770 1373 839 forte
1398 769 1551 826 dicet
1580 772 1733 841 quis,
1757 773 1890 835 etc.,
1917 769 2000 825 sic
2023 772 2103 823 te-

458 865 684 917 statur:
726 880 747 909 »
781 861 947 915 Pater
971 857 1217 931 quidem
1270 858 1399 914 sine
1428 858 1741 931 principio,
1796 863 1853 914 et
1880 856 2105 927 ingeni-

457 953 574 1018 tus,
605 951 663 1003 et
690 962 928 1019 semper
971 946 1337 1017 intelligitur.
1384 949 1467 1002 Ex
1507 946 1640 1019 ipso
1668 953 1869 1003 autem
1898 960 2106 1002 secun-

459 1035 1048 1109 dumpropinquum,
1082 1035 1210 1091 sine
1242 1035 1930 1105 interstitio,unigenitus
1956 1033 2109 1090 Patri

460 1125 802 1181 communis
822 1128 929 1179 est.
946 1124 1271 1195 Peripsum
1286 1127 1486 1179 autem
1511 1123 1894 1193 Unigenitum
1927 1122 2107 1178 etiam

461 1229 600 1269 cum
629 1214 761 1283 ipso
800 1216 1126 1283 antequam
1163 1210 1278 1267 alia
1318 1211 1393 1281 (9)
1441 1212 1663 1282 majus,
1695 1216 1753 1266 et
1780 1211 2109 1265 subsistens

461 1317 568 1373 per
589 1300 855 1356 medium
880 1299 1175 1355 intercidit
1198 1299 1515 1361 intellecto,
1547 1301 1742 1355 statim
1764 1304 1821 1355 et
1858 1298 2108 1370 Spiritus

464 1394 710 1446 sanctus
724 1388 1107 1460 copulatione
1118 1387 1665 1458 comprehenditur.
1692 1409 1713 1438 ι
1736 1388 1957 1443 Dicitur
1968 1402 2110 1458 ergo

462 1478 723 1540 medius,
770 1481 950 1549 prout
981 1476 1265 1537 diximus,
1298 1476 1443 1547 quia
1471 1492 1644 1531 amor
1663 1481 1751 1531 est
1776 1476 2108 1546 utriusque.

466 1567 785 1623 Ordinatur
802 1576 943 1621 vero
963 1570 1097 1638 post
1117 1564 1346 1633 Filium,
1367 1564 1513 1637 quia
1532 1581 1607 1620 ex
1648 1564 1952 1621 ambobus
1975 1580 2111 1635 pro-

466 1655 644 1711 cedit.

540 1742 705 1799 Unde
734 1742 794 1797 in
832 1744 1137 1798 Ancorato
1186 1742 1506 1814 Epiphanii

466 1832 791 1902 ingenitus,
840 1832 1160 1899 incrcatus,
1218 1831 1875 1904 incomprehensibilis:
1911 1831 2110 1900 Filius,

469 1921 725 1992 genitus,
754 1926 810 1975 et
837 1910 1074 1991 semper
1100 1920 1423 1989 increatus,
1453 1926 1510 1976 et
1540 1920 2115 1993 incomprehensibi-

469 2009 572 2064 lis:
600 2008 851 2081 Spiritus
905 2013 1171 2076 sanctus,
1234 2023 1471 2080 semper
1514 2024 1637 2065 non
1686 2010 1940 2079 genitus,
1992 2023 2115 2065 non

470 2102 726 2162 creatus,
756 2111 878 2153 non
909 2098 1222 2167 confrater,
1272 2113 1393 2153 non
1425 2113 1499 2153 ex
1545 2101 1714 2154 Patre
1760 2098 1961 2166 frater,
1992 2112 2117 2153 non

470 2185 669 2258 proles
682 2185 862 2241 Patris
873 2227 886 2247 ,
898 2201 1021 2241 non
1035 2185 1237 2257 proles
1249 2185 1371 2241 Filii
1391 2203 1404 2251 ;
1426 2186 1529 2241 sed
1541 2201 1614 2241 ex
1630 2187 1843 2243 eadem
1864 2186 2121 2242 essentia

473 2274 659 2330 Patris
706 2279 763 2330 et
800 2274 925 2330 Filii
969 2274 1215 2346 Spiritus
1266 2280 1533 2346 sanctus,
1566 2275 1818 2347 Spiritus
1847 2275 2119 2331 omnium

474 2362 628 2419 Deus
657 2366 763 2428 est,
802 2384 823 2411 ι

544 2450 633 2506 Ad
658 2450 827 2519 illud,
848 2453 1017 2522 quod
1036 2452 1449 2523 quaerebatur:
1479 2474 1509 2503 «
1532 2452 1675 2518 Qui‘s
1697 2452 1873 2508 vobis
1902 2452 2124 2508 revela-

474 2540 559 2596 vit
574 2539 693 2595 hoc
710 2540 737 2594 ?
760 2539 924 2595 Unde
946 2539 1239 2595 habuistis
1258 2540 1285 2594 ?
1311 2542 1522 2607 Quare,
1556 2546 1613 2596 et
1642 2540 1818 2596 nobis
1863 2556 1985 2596 non
2013 2540 2125 2595 fuit

473 2628 847 2686 revelatum?
872 2629 1066 2692 Quare
1109 2628 1172 2683 in
1214 2630 1505 2700 Symbolo
1555 2629 1669 2685 tale
1715 2630 1863 2702 quid
1892 2629 2124 2684 intrusi-

476 2718 599 2789 stis,
634 2740 662 2767 »
694 2722 830 2784 etc.,
861 2716 1081 2789 quiain
1113 2718 1522 2789 superioribus
1550 2723 1862 2774 ostensum
1889 2724 2001 2785 est,
2031 2718 2128 2773 vel

474 2820 836 2878 responsum
862 2810 1036 2860 estet
1092 2804 1379 2875 solutum,
1431 2805 1568 2861 ideo
1614 2805 1712 2861 hic
1750 2805 1864 2861 sub
1894 2805 2126 2861 silentio

476 2892 945 2967 praetermissum
960 2936 974 2949 .

549 2982 637 3038 Ad
657 2984 1039 3039 auctoritates
1071 2983 1251 3039 etiam
1282 2982 1608 3054 Evangelii,
1636 3000 1791 3056 quas
1824 2999 2005 3056 prave
2033 2999 2127 3039 ex-

475 3076 728 3143 ponunt,
752 3070 1019 3127 dicentes
1042 3090 1055 3127 :
1106 3094 1134 3121 ‹‹

478 3159 725 3216 mittitur
777 3158 856 3215 ab
906 3174 977 3215 eo
1024 3159 1106 3214 ad
1158 3160 1620 3217 sanctiﬁcandas
1672 3166 2009 3216 creaturas:
2042 3158 2133 3215 vel

478 3248 625 3321 quia
641 3248 1275 3305 estconsubstantialis
1294 3250 1366 3318 ei,
1396 3272 1424 3299 »
1471 3250 1556 3305 sic
1579 3250 2021 3322 respondemus
2044 3266 2057 3303 :

551 3337 884 3402 Quaarimus
907 3352 943 3391 a
969 3338 1186 3393 Griecis
1212 3354 1225 3392 :
1246 3342 1360 3393 Aut
1383 3339 1630 3409 Spiritus
1652 3342 1775 3394 erat
1801 3337 1880 3393 ab
1911 3343 2131 3392 aeterno

483 3424 627 3491 Filii,
657 3430 761 3480 aut
785 3425 833 3480 si
853 3424 1081 3487 dicunt.
1110 3426 1261 3493 Non,
1321 3430 1531 3482 contra
1577 3426 1895 3495 Gregorius
1934 3426 2132 3480 Thau-

479 3520 793 3581 maturgus
822 3516 882 3569 in
914 3514 1172 3571 editione
1192 3514 1333 3570 ﬁdei
1356 3531 1504 3581 suae,
1528 3532 1661 3587 quae
1682 3514 1743 3570 in
1767 3530 1882 3577 sua
1907 3515 2034 3568 Vita
2057 3513 2133 3569 le—

481 3600 658 3671 gitur,
700 3602 948 3672 Spiritus
991 3618 1120 3658 esse
1166 3603 1284 3657 Filii
1312 3603 1389 3659 ab
1420 3608 1640 3659 mterno
1672 3604 1838 3659 claro
1860 3618 2133 3659 sermone

480 3688 842 3744 denuntians
895 3690 1012 3744 ait:
1043 3713 1064 3739 ι
1092 3694 1295 3762 Neque
1338 3690 1618 3747 defecerit
1648 3707 1920 3763 unquam
1963 3691 2134 3747 Filius

483 3776 661 3844 Patri,
688 3792 797 3832 nec
825 3777 1074 3848 Spiritus
1096 3778 1259 3842 Filio,
1320 3778 1430 3834 sed
1477 3780 1940 3836 inconvertibilis
1966 3785 2020 3835 et
2049 3780 2136 3834 in.

482 3864 806 3921 alteraliilis
829 3866 1044 3922 eadem
1073 3867 1328 3923 Trinitas
1356 3883 1613 3940 semper.
1643 3889 1672 3917 »

552 3958 697 4011 item
727 3955 1043 4025 Gregorius
1064 3956 1399 4025 Theologus
1432 3956 1489 4011 in
1505 3971 1783 4012 sermone
1813 3956 1888 4012 de
1902 3959 2133 4012 Penete-

483 4049 663 4113 coste,
688 4044 794 4116 qui
819 4045 902 4103 sic
932 4045 1158 4118 incipit,
1192 4047 1275 4102 De
1308 4046 1421 4101 hac
1454 4047 1831 4102 solemnitate
1882 4046 2139 4102 breviter

482 4136 762 4204 philosop
775 4134 994 4199 temur,
1032 4136 1189 4191 circa
1211 4135 1477 4191 medium
1503 4136 1821 4204 sermonis,
1850 4134 1932 4191 sic
1963 4140 2140 4190 testa-

483 4228 578 4279 tur
601 4224 677 4279 de
705 4223 919 4279 eodem
945 4226 1162 4295 Spiritu
1192 4242 1204 4278 :
1240 4247 1267 4273 «
1290 4227 1423 4280 Erat
1462 4240 1699 4296 semper
1724 4224 1975 4296 Spiritus
1996 4239 2139 4279 san-

486 4315 639 4375 ctus,
671 4316 855 4375 etest,
882 4316 936 4365 et
966 4312 1092 4377 erit,
1144 4327 1339 4382 neque
1366 4312 1588 4383 incepit
1627 4327 1822 4384 neque
1867 4312 2135 4367 deﬁciet:

488 4398 593 4453 sed
619 4413 855 4467 semper
880 4399 1029 4453 Patri
1059 4404 1113 4455 et
1149 4400 1287 4454 Filio
1318 4400 1701 4455 coordinatur
1729 4406 1785 4454 et
1816 4415 2141 4455 connume-

488 4491 673 4541 ratur.
726 4488 927 4556 Neque
979 4486 1229 4543 decebat
1287 4487 1543 4542 deﬁcere
1612 4489 1819 4543 Filium
1856 4488 2007 4543 Patri
2034 4503 2139 4542 un-

490 4590 698 4647 quam,
732 4580 789 4628 et
817 4574 1099 4645 Spiritum
1133 4575 1298 4632 Filio.
1344 4599 1371 4624 ››

542 4666 687 4720 item
704 4662 1090 4734 Epiphanius,
1110 4664 1432 4734 episcopus
1449 4664 1647 4735 Cypri,
1668 4663 1742 4717 de
1762 4664 2024 4734 perfecta
2036 4664 2149 4720 hu-

488 4752 835 4811 manatione
888 4752 985 4808 Dei
1026 4752 1239 4807 Verbi:
1300 4754 1402 4807 «Et
1452 4753 1743 4821 quoniam
1796 4753 2068 4809 animam
2093 4759 2151 4809 et

492 4842 859 4899 intellectum
891 4842 1154 4914 suscipit,
1190 4847 1245 4896 et
1288 4856 1642 4912 quanquam
1675 4847 1762 4895 est
1790 4841 1996 4897 homo.
2032 4866 2059 4892 »
2084 4846 2150 4898 Et

493 4931 568 4988 de
592 4930 867 4987 Trinitate
896 4937 1030 5003 post
1060 4947 1247 4986 unum
1281 4930 1491 4985 folium
1528 4946 1539 4983 :
1572 4952 1597 4978 «
1625 4930 1799 4986 Pater
1825 4935 1951 4985 erat
1995 4947 2148 4986 sem-

496 5034 623 5090 per,
654 5028 711 5075 et
757 5020 936 5075 Filius
985 5036 1053 5076 ex
1113 5024 1277 5076 Patre
1321 5026 1448 5075 erat
1492 5034 1749 5090 semper,
1805 5025 1860 5074 et
1903 5021 2151 5091 Spiritus

502 5112 749 5183 sanctus
778 5124 849 5162 ex
878 5110 1046 5164 Patre
1068 5114 1125 5164 et
1165 5108 1307 5164 Filio
1362 5112 1490 5163 erat
1541 5123 1799 5178 semper.
1856 5110 1922 5163 Et
1956 5124 2152 5180 neque

505 5188 682 5251 Filius
701 5203 958 5259 creatus,
979 5213 1173 5268 neque
1195 5198 1464 5269 Spiritus,
1483 5201 1776 5265 creatura,
1794 5202 1930 5264 etc.,
1953 5197 2056 5251 sed
2075 5198 2153 5253 ab

504 5288 749 5349 aeterno,
784 5286 1053 5340 utsancti
1085 5290 1395 5353 testantur,
1421 5285 1528 5340 fuit
1563 5285 1813 5358 Spiritus
1845 5286 1989 5351 Filii,
2040 5291 2095 5340 et
2120 5302 2157 5342 a

510 5371 670 5429 Filio.
704 5395 725 5423 ι
771 5372 1087 5439 Quomodo
1118 5388 1260 5443 ergo
1284 5374 1425 5430 dicit
1471 5376 1729 5445 Graecus,
1759 5375 1925 5447 quod
1945 5374 2159 5431 dicitur

583 5570 662 5643 (9)
695 5570 884 5626 Locus
912 5568 1085 5626 valde
1110 5574 1444 5643 corruptus.

2208 474 2320 555 das
2347 474 2681 561 creaturas,—
2695 510 2835 551 cum
2861 474 2938 548 ab
2960 496 3186 547 aeterno
3205 501 3328 543 non
3343 487 3502 539 esset
3520 479 3625 552 qui
3646 474 3891 533 sancti-

2210 589 2505 653 ficaretur,
2526 601 2597 641 eo
2617 583 2784 657 quod
2801 586 3086 637 creaturae
3104 575 3400 648 incipiunt
3418 562 3887 662 subtempore?

2211 681 2365 749 Ergo
2401 652 2525 732 non
2555 652 2770 729 dicitur
2818 670 2959 735 Filii,
3009 668 3154 741 quia
3193 663 3442 721 mittitur
3482 658 3561 715 ad
3592 652 3889 749 sanctiﬁ-

2210 740 2439 823 candas
2464 769 2786 828 creaturas,
2835 758 2938 815 sed
2959 740 3102 831 quia
3130 750 3484 810 reternaliter
3507 746 3762 802 exsistat
3789 740 3888 798 ab

2212 872 2304 913 eo.
2347 855 2404 911 Si
2435 860 2637 910 autem
2663 851 2891 907 exsistit
2918 848 2996 905 ab
3026 862 3098 902 eo
3132 840 3505 905 eeternaliter,
3559 839 3665 892 aut
3685 847 3891 903 gone.

2211 943 2461 1003 ratione,
2487 944 2589 997 aut
2612 938 3014 1012 processione,
3054 938 3120 989 ut
3157 944 3361 1002 supra.
3623 1015 3630 1017 _
3746 1007 3886 1017 -.Ν

2288 1031 2401 1089 Sed
2426 1030 2566 1087 dicit
2595 1008 2833 1085 Graecus
2881 1027 3097 1081 iterum
3126 1040 3139 1077 :
3164 1019 3416 1093 Spiritus
3465 1015 3715 1071 sanctus

2216 1137 2349 1177 esse
2378 1119 2611 1183 dicitur,
2640 1117 2786 1190 quia
2822 1114 3053 1171 ratione
3109 1110 3334 1167 divinae
3364 1101 3636 1162 essentia
3684 1098 3743 1155 ei
3780 1100 3893 1153 est

2218 1206 2769 1266 consubstantialis.

2292 1297 2562 1352 Latinus:
2595 1295 2765 1350 Absit
2785 1292 2863 1349 ab
2915 1289 3163 1347 auribus
3214 1283 3486 1342 ﬁdelium
3513 1280 3631 1336 hoc
3656 1275 3889 1333 delira-

2217 1390 2510 1442 mentum.
2544 1384 2695 1449 Quia
2723 1383 2771 1437 si
2800 1382 2915 1437 ista
2933 1380 3164 1436 ratione
3189 1375 3406 1432 dicitur
3453 1384 3585 1426 esse
3616 1364 3884 1437 Spiritus

2218 1473 2363 1537 Filii,
2389 1473 2609 1529 scilicet
2650 1470 2795 1544 quia
2819 1475 2911 1525 est
2939 1469 2991 1524 ei
3046 1458 3623 1523 consubstantialis:

2218 1563 2445 1618 ratione
2468 1561 2641 1616 Filius
2667 1543 2813 1631 ipse,
2839 1562 2895 1613 et
2924 1558 3100 1612 Pater
3127 1554 3309 1611 etiam
3366 1543 3885 1640 dicerentur-Spi-

2218 1653 2368 1707 ritus
2426 1651 2634 1715 sancti,
2684 1630 2846 1705 vela
2903 1647 3123 1719 Spiritu
3174 1646 3404 1709 sancto,
3429 1637 3574 1711 quia
3603 1630 3889 1690 similiter

1550 1761 1563 1798 :
1608 1773 1635 1793 ς.
1668 1744 1841 1798 Pater
1877 1756 2113 1814 semper
2144 1764 2184 1817 Β
2220 1746 2361 1796 sunt
2386 1740 2439 1795 ei
2465 1737 3028 1795 consubstantiales.

2291 1829 2526 1896 Videtis,
2588 1828 2792 1898 Graeci,
2833 1840 3129 1899 quorsum
3161 1821 3414 1879 tendunt
3446 1816 3539 1871 hic
3592 1824 3888 1881 congruae

2221 1919 2624 1991 expositiones
2670 1918 2932 1973 vestrae?
2986 1919 3135 1971 Nam
3188 1911 3387 1984 prima
3437 1900 3888 1991 Macedonium,

2223 1990 2409 2064 altera
2441 2007 2763 2064 Sabellium
2819 2005 3210 2077 blasphemos
3266 1999 3594 2055 imitantur.
3644 1990 3893 2046 Primus

2226 2098 2385 2154 enim
2411 2096 2689 2169 Spiritum
2717 2100 2992 2151 sanctum
3023 2094 3173 2148 inter
3232 2093 3537 2145 creaturas
3594 2079 3889 2169 ordinat,

2230 2166 2532 2243 secundus
2592 2187 2654 2241 in
2702 2185 2979 2242 Trinitate
3035 2181 3311 2238 ordinem
3368 2171 3704 2231 confundit.
3774 2166 3894 2222 Ubi

2229 2293 2373 2349 ergo
2403 2292 2563 2332 nunc
2609 2283 2697 2332 est
2723 2280 2921 2331 vestra
2968 2271 3260 2344 gloriatio,
3296 2267 3439 2340 quia
3494 2258 3893 2334 impudenter

2227 2382 2337 2420 vos
2368 2365 2442 2420 de
2469 2364 2908 2437 pulchritudine
2967 2360 3227 2417 scientiae
3264 2354 3526 2428 jactatis,
3569 2350 3845 2406 dicentes
3874 2360 3889 2397 :

2233 2476 2261 2509 ‹
2292 2456 2347 2512 Si
2382 2460 2584 2509 autem
2610 2454 2923 2509 occasione
2956 2447 3365 2523 quorumdam
3395 2442 3742 2503 verborum,
3772 2458 3801 2483 ››
3828 2440 3893 2488 et

2233 2550 2464 2599 caetera.
2494 2548 2594 2599 Ast
2613 2559 2822 2598 rursus
2854 2541 2931 2596 ad
2952 2555 3065 2595 nos
3091 2538 3408 2594 redeuntes
3429 2530 3638 2587 audire
3668 2524 3894 2599 poteri—

2231 2634 2307 2691 tis
2334 2633 2659 2688 veritatem.
2695 2635 2863 2687 Estne
2911 2631 3030 2685 ista
3080 2627 3300 2683 veritas
3350 2623 3559 2696 primae
3594 2615 3890 2681 veritatis,

2235 2730 2299 2778 ut
2343 2722 2561 2778 relictis
2592 2728 2935 2776 sanctorum
2986 2718 3232 2773 Patrum
3291 2709 3616 2778 sententiis,
3669 2717 3895 2775 sequa-

2235 2827 2372 2867 mur
2414 2810 2824 2867 Macedonium
2878 2814 2937 2864 et
3000 2804 3325 2862 Sabellium
3389 2798 3699 2856 haereticos
3752 2793 3895 2862 jam

2236 2890 2712 2955 condemnatos?
2760 2897 2911 2963 Quid
2932 2911 3075 2965 ergo
3139 2894 3271 2950 est?
3324 2890 3542 2946 Dicitur
3593 2883 3721 2939 Filii
3761 2880 3899 2952 Spi-

2236 2989 2404 3049 ritus,
2436 2988 2770 3044 secundum
2829 3001 3041 3042 omnes
3084 2998 3228 3039 sane
3286 2979 3702 3049 intelligentes,
3737 2970 3896 3043 quia

1199 3072 1418 3128 Dicitur
1476 3072 1729 3145 Spiritus
1785 3072 1926 3137 Filii,
1985 3072 2130 3165 quia
2168 3110 2208 3165 ε
2237 3077 2507 3151 procedit
2536 3077 2615 3132 ab
2643 3092 2750 3132 eo:
2784 3074 2950 3147 quod
2968 3074 3173 3145 otique
3202 3072 3286 3126 ita
3310 3069 3657 3165 verum‘est,
3690 3066 3751 3116 ut
3783 3058 3897 3165 quit

2239 3146 2605 3222 contrarium
2635 3146 2920 3220 sentitvel
2958 3161 3265 3234 praedicat,
3322 3153 3657 3212 secundum
3720 3146 3894 3220 quod

2241 3255 2466 3328 patebit
2495 3254 2759 3320 inferius,
2796 3253 2964 3308 estin
2987 3252 3085 3307 via
3122 3246 3493 3322 perditionis.

2312 3346 2459 3410 Quia
2488 3344 2664 3415 igitur
2696 3334 2885 3397 multo
2915 3340 3233 3396 conamine
3270 3337 3384 3392 nisi
3411 3337 3553 3389 sunt
3571 3329 3757 3387 Graeci
3782 3330 3896 3383 Ro-

2240 3449 2489 3489 manum
2515 3431 2876 3503 pontiﬁcem,
2909 3434 2964 3485 et
2991 3434 3178 3484 totam
3220 3421 3658 3482 Occidentalem
3694 3416 3895 3473 Eccle-

2241 3521 2391 3576 siam
2417 3522 2731 3576 ostendere
2778 3520 2840 3574 in
2893 3532 3189 3573 canonem
3235 3515 3370 3569 latas
3420 3505 3896 3566 sententiaaiuci-

2241 3611 2420 3679 disse,
2452 3616 2509 3665 et
2550 3609 2714 3682 quod
2757 3609 2935 3679 juste,
2993 3612 3051 3661 et
3112 3606 3238 3660 sine
3290 3601 3463 3674 culpa
3516 3598 3721 3669 aliqua
3771 3596 3895 3649 sint

2242 3700 2497 3770 separati
2533 3715 2568 3753 a
2618 3698 2813 3764 nobis,
2870 3703 2927 3752 et
2984 3695 3232 3750 minime
3278 3692 3640 3763 potuerunt:
3706 3687 3896 3740 restat

2240 3803 2404 3842 nunc
2451 3787 2781 3851 ostendere,
2833 3785 3090 3857 qualiter
3144 3781 3257 3853 ipsi
3278 3780 3338 3835 in
3359 3778 3668 3850 laqueum,
3705 3787 3896 3844 quem

2242 3877 2355 3947 ipsi
2410 3882 2775 3948 paraverunt
2807 3874 3001 3938 nobis,
3058 3871 3412 3930 inciderunt,
3463 3871 3522 3921 et
3576 3870 3778 3919 utrum
3805 3862 3897 3916 di-

2244 3964 2416 4020 cendi
2443 3964 2560 4019 sint
2603 3963 2881 4029 haeretici,
2941 3962 3034 4017 vel
3078 3966 3311 4017 tantum
3361 3951 3897 4015 excommunicati,

2243 4054 2511 4126 velquod
2529 4053 2718 4119 magis
2735 4052 3305 4113 dolendum,utrum
3340 4046 3661 4115 utrumque
3690 4040 3899 4096 simul.

2248 4144 2513 4199 Ostendit
2549 4144 2775 4198 Grzrcos
2804 4142 3086 4196 incidisse
3113 4141 3173 4195 in
3203 4150 3489 4193 canonem
3532 4133 3602 4189 ob
3630 4145 3900 4188 errorem

2744 4230 2815 4285 de
2842 4232 3076 4298 Spiritu
3106 4234 3333 4283 sancto.

2322 4320 2488 4386 Quod
2522 4320 2580 4374 in
2611 4335 2907 4373 cunonem
2940 4318 3073 4372 latre
3097 4314 3405 4372 sententiae
3438 4311 3779 4368 inciderunt
3812 4308 3902 4364 sic

2248 4412 2538 4482 probatur
2567 4426 2578 4462 :
2607 4408 2989 4477 Constatjam
3012 4406 3318 4473 omnibus,
3347 4402 3511 4475 quod
3546 4400 3662 4471 ipsi
3692 4399 3906 4453 dicunt

2252 4500 2531 4569 Spiritum
2566 4504 2837 4552 sanctum
2865 4512 2979 4551 non
3010 4495 3331 4567 procedere
3362 4509 3398 4548 a
3430 4491 3590 4553 Filio,
3623 4505 3736 4544 nec
3767 4502 3901 4542 esse

2251 4587 2498 4642 omnino
2525 4603 2596 4641 ex
2636 4588 2799 4659 ipso:
2839 4592 2895 4640 et
2949 4585 3115 4656 quod
3168 4599 3277 4639 nec
3327 4583 3504 4638 datur
3555 4579 3632 4634 ab
3664 4594 3756 4641 eo,
3792 4592 3902 4631 nec

2254 4676 2518 4737 mittitur,
2542 4676 2652 4729 nisi
2688 4674 3089 4745 temporaliter
3119 4673 3192 4727 ad
3241 4668 3708 4726 sanetiticandas
3741 4681 3906 4719 crea-

2254 4771 2437 4820 turas.
2476 4766 2539 4818 Et
2594 4770 2823 4817 constat
2886 4762 3173 4829 similiter,
3208 4762 3265 4815 in
3301 4759 3528 4815 cunctis
3582 4753 3904 4825 Scripturis

2255 4853 2631 4911 authenticis,
2661 4858 2715 4906 et
2744 4853 2995 4923 receptis
3026 4850 3309 4919 conciliis,
3344 4849 3457 4903 hoc
3504 4845 3665 4918 quod
3692 4842 3907 4915 praedi-

2254 4941 2479 5007 ximus,
2516 4940 2751 5002 scilicet,
2783 4940 2947 5011 quod
2971 4940 3218 5010 Spiritus
3248 4941 3491 4992 sanctus
3512 4939 3600 4989 est
3626 4930 3912 4986 essentia-

2256 5029 2387 5084 litcr
2415 5046 2451 5084 a
2479 5029 2634 5095 Filio,
2660 5035 2715 5083 et
2744 5029 3013 5100 procedit
3051 5028 3128 5083 ab
3178 5043 3266 5097 eo,
3307 5023 3683 5080 manifestius
3725 5020 3911 5075 conti-

2261 5118 2407 5173 neri.
2447 5120 2584 5182 Quae
2618 5120 2833 5190 scripta
2865 5120 2946 5174 ita
3001 5122 3240 5189 recepta
3286 5121 3343 5170 et
3381 5112 3719 5186 approbata
3770 5114 3913 5163 sunt

2262 5221 2371 5277 per
2403 5207 2653 5262 concilia
2675 5208 2997 5276 generalia,
3034 5212 3096 5261 ut
3124 5204 3227 5278 qui
3259 5220 3467 5260 eorum
3496 5200 3657 5256 aliud
3677 5204 3913 5254 contra-

2264 5294 2420 5350 rium
2479 5297 2650 5351 sentit
2697 5296 2784 5350 vel
2842 5295 3151 5368 praedicat,
3187 5294 3319 5366 ipso
3367 5293 3523 5347 facto
3570 5296 3627 5343 et
3655 5288 3793 5357 jure
3844 5290 3915 5343 sit

2265 5385 2844 5440 excommunicatus-
