4106 6222
115 317 230 373 509
1549 318 1827 378 CONTRA
1863 317 2178 378 GRAECOS.
3457 320 3564 377 510

187 439 440 498 Deﬁnit
501 439 666 498 enim
715 440 1054 500 secundum
1098 441 1424 500 concilium
1462 442 1578 512 μθ)
1638 441 1725 498 sic
1785 460 1798 496 :
1831 444 1881 500 Δ
1917 458 2080 500 anno
2107 442 2188 500 ab
2210 443 2620 502 incarnatione
2650 443 2890 502 Domini
2918 443 3236 502 milesimo
3264 441 3564 517 quinqua-

118 529 686 586 uCondemnamus
699 530 1352 588 etanathematizamus
1371 548 1508 588 cum
1522 531 1806 588 omnibus
1915 533 2148 604 gesimo
2233 541 2468 605 quarto,
2549 534 3190 591 excommunicationis
3268 531 3564 588 sententia

121 618 256 674 aliis
296 619 614 676 haereticis
655 619 1076 676 condemnatis
1114 627 1174 677 et
1213 636 1333 677 ana
1361 621 1812 678 thematizatisa
1915 629 2125 678 contra
2172 637 2276 678 eos
2301 622 2364 678 in
2389 622 2538 678 urbe
2566 623 2730 692 regia
2755 615 3415 694 Constantinopolitana
3441 619 3566 676 lata

122 708 446 765 catholica
481 708 1178 781 etapostolicaEcclesia,
1194 710 1374 766 etiam
1405 709 1807 781 Theodorum,
1917 715 2028 767 est.
2061 713 2124 768 Et
2166 726 2457 782 magnum
2487 712 2762 783 ejusdem
2792 711 3046 769 civitatis
3076 711 3342 768 ecclesiae
3380 709 3566 766 altare

122 798 228 870 qui
279 796 406 854 fuit
459 797 782 870 episcopus
831 799 1224 871 Mopsuestia,
1282 805 1340 856 et
1400 799 1622 871 impias
1672 799 1810 870 ejus
1917 799 2076 856 hanc
2100 801 2299 873 ipsam
2341 801 2608 858 continet
2629 802 2984 860 sententiam
3006 800 3373 873 impositam,
3422 798 3566 854 scri-

125 885 652 956 conscriptiones,
679 901 792 942 nec
819 901 946 942 non
980 890 1040 942 et
1059 885 1248 958 impia
1294 886 1518 958 scripta
1554 902 1594 942 a
1621 886 1807 942 Theo-
1918 894 2086 962 ptem
2115 906 2152 946 a
2189 891 2348 946 sedis
2380 891 2726 963 apostolicis
2765 891 3001 961 legatis,
3036 897 3304 962 tempore
3355 888 3567 944 Leonis

126 974 332 1030 dorito
355 974 664 1031 adversus
702 979 930 1032 rectam
955 974 1160 1044 ﬁdem,
1199 980 1258 1032 et
1302 981 1514 1032 contra
1545 975 1812 1046 capitula
1918 994 2096 1051 papae
2152 982 2215 1034 IX
2245 985 2309 1035 ut
2362 979 2692 1036 videndum
2735 979 3022 1036 exhibent
3056 995 3194 1052 quae
3241 977 3408 1050 apud
3430 991 3567 1033 eam

125 1065 322 1120 Patris
353 1065 560 1121 nostri
588 1063 750 1121 beati
783 1064 982 1137 Cyrilli
1029 1070 1088 1122 et
1127 1065 1312 1122 tertiae
1339 1070 1564 1121 sancite
1592 1064 1812 1136 synodi
1921 1068 2133 1124 urbem
2177 1075 2334 1134 sunt,
2377 1075 2504 1126 tam
2535 1072 2740 1127 Graeca
2781 1084 2971 1143 quam
3004 1069 3211 1126 Latina
3255 1067 3440 1138 hujus
3481 1065 3569 1122 rei

129 1152 504 1226 Ephesium;
535 1158 596 1210 et
644 1153 946 1226 quidqu
997 1154 1076 1210 ad
1125 1154 1580 1225 suggestionem
1631 1154 1813 1210 Theo-

127 1242 264 1298 dori
301 1246 366 1298 et
399 1242 665 1298 Nestorii
692 1243 812 1314 (11)
840 1263 874 1290 >>

199 1333 350 1387 Esse
393 1330 793 1393 audivimus;
825 1331 986 1387 beati
1034 1331 1236 1402 Cyrilli
1291 1331 1618 1392 duodecim
1655 1330 1813 1403 capi-

131 1419 279 1483 tula,
309 1420 424 1476 ubi
459 1419 732 1476 maxime
763 1419 1110 1476 exsistentia
1136 1420 1330 1477 sancti
1367 1421 1618 1492 Spiritus
1665 1436 1703 1475 a
1727 1420 1814 1474 Fi-

135 1508 218 1566 lio
245 1516 549 1581 tangitur,
580 1512 662 1566 ita
715 1509 1132 1566 universaliter
1159 1515 1304 1566 sunt
1326 1517 1586 1582 recepta,
1615 1517 1682 1566 ut
1709 1509 1814 1581 qui

139 1615 354 1655 eorum
387 1599 580 1655 sentit
605 1599 928 1664 contraria,
956 1599 1052 1655 vel
1081 1599 1392 1671 praedicat,
1421 1601 1556 1672 ipso
1581 1601 1716 1670 jure
1743 1599 1818 1656 sit
1927 1605 2206 1656 sanctum
2235 1600 2314 1656 ab
2346 1606 2618 1672 utroque,
2641 1624 2660 1647 ι
2682 1617 2929 1658 omnem
2959 1598 3502 1658 excommunicavit
3518 1602 3576 1654 et

144 1687 723 1746 excommunicatus
753 1702 894 1748 cum
929 1687 1070 1744 aliis
1091 1687 1392 1746 hmreticis
1416 1693 1473 1746 et
1500 1687 1646 1746 olim
1675 1703 1816 1744 eon-
1926 1688 2449 1752 anathematizavit
2470 1689 3162 1755 haeresim,extollentem
3189 1703 3256 1744 se
3284 1686 3576 1744 adversus

145 1777 474 1834 demnatis.
511 1775 662 1832 Dicit
701 1775 908 1848 itaque
947 1775 1218 1848 Cyrinus,
1257 1776 1324 1832 in
1359 1792 1526 1833 nono
1554 1776 1818 1849 capitulo
1844 1763 1892 1818 Β
1927 1793 2060 1834 eam
2117 1793 2308 1850 quam
2343 1779 2703 1850 composuit,
2757 1785 3034 1836 sanctam
3083 1777 3482 1834 orthodoxam
3522 1780 3579 1832 et

147 1868 586 1940 predictorum
617 1866 986 1923 duodecim:
1033 1889 1054 1916 ι
1109 1866 1165 1923 Si
1211 1867 1354 1938 quis
1406 1867 1566 1938 dicit,
1626 1882 1818 1923 unum

1921 1164 2333 1214 monumenta.

1995 1248 2106 1302 Sed
2166 1247 2542 1306 Innocentius
2593 1265 2756 1321 papa
2799 1252 2887 1317 ill,
2952 1249 3016 1304 in
3070 1247 3330 1304 editione
3379 1261 3569 1318 quam

1923 1333 2059 1392 fecit
2085 1336 2388 1391 catholica;
2412 1336 2552 1392 ﬁdei
2575 1337 2948 1408 temporibus
2973 1335 3218 1406 nostris,
3236 1334 3568 1407 praesidens

1922 1422 1986 1478 in
2014 1423 2276 1492 generali
2302 1423 2550 1482 consilio
2583 1425 2854 1482 Laterani
2887 1425 3208 1492 celebrato,
3239 1428 3298 1479 et
3322 1422 3566 1478 dicens:

1929 1532 1949 1560 ε
1979 1513 2210 1568 Patrem
2244 1527 2281 1567 a
2322 1511 2512 1578 nullo,
2544 1511 2754 1568 Filium
2795 1528 2834 1570 a
2871 1515 3040 1570 Patre
3089 1511 3242 1578 solo,
3286 1509 3568 1582 Spiritum

153 1959 482 2017 Dominum
539 1960 746 2014 Jesum
795 1957 1098 2013 Christum
1151 1957 1554 2028 gloriﬁcatum
1601 1973 1734 2014 esse
1782 1973 1820 2013 a

159 2047 398 2119 Spiritu,
429 2051 732 2117 tanquam
751 2044 950 2102 aliena
970 2045 1186 2100 virtute
1214 2044 1294 2101 ab
1323 2045 1456 2117 ipso
1483 2045 1628 2102 data
1652 2051 1819 2101 uten-

161 2141 280 2193 tem
325 2143 388 2191 et
449 2134 536 2191 ab
585 2135 724 2206 ipso
774 2133 1180 2205 recipientem,
1249 2138 1317 2189 ut
1357 2134 1596 2205 operari
1636 2133 1821 2205 possit

169 2231 372 2281 contra
426 2223 678 2296 spiritus
729 2221 1082 2278 immundos
1109 2227 1166 2278 et
1188 2221 1438 2294 implere
1461 2222 1522 2278 in
1543 2222 1820 2278 homines

179 2313 370 2369 divina
391 2313 564 2382 signa
589 2329 604 2376 ;
635 2311 966 2368 anathema
989 2315 1142 2367 esto.
1179 2333 1208 2361 ››
1237 2313 1406 2368 Hunc
1450 2317 1650 2367 autem
1680 2327 1824 2367 ana-

186 2401 622 2457 thematismum
656 2400 785 2472 ipse
802 2399 968 2455 idem
981 2403 1226 2456 sanctus
1242 2402 1412 2456 Pater
1428 2399 1824 2472 interpretans

192 2490 280 2545 sic
321 2492 434 2546 ait:
465 2512 491 2540 σι
523 2492 714 2546 Homo
757 2487 954 2545 factus
1004 2489 1352 2558 Unigenitus
1409 2489 1514 2544 Dei
1565 2488 1825 2544 Verbum

183 2578 518 2650 permansit,
559 2583 618 2633 et
639 2578 794 2634 sicut
811 2579 968 2633 Deus
1000 2579 1208 2633 omnia
1227 2576 1524 2633 exsistens
1541 2591 1827 2649 quiecun-

173 2683 288 2739 que
309 2673 364 2724 et
380 2671 796 2738 pater,prteter
822 2665 1020 2722 solum
1045 2681 1174 2721 esse
1202 2666 1396 2735 Pater,
1431 2671 1488 2721 et
1514 2667 1827 2738 proprium

173 2757 422 2823 habens,
455 2755 628 2828 quod
663 2772 736 2812 ex
787 2758 957 2811 Patre
997 2760 1102 2820 est,
1135 2760 1194 2810 et
1219 2755 1611 2811 essentialiter
1647 2755 1830 2810 inhae-

170 2862 300 2902 rens
443 2846 700 2919 Spiritus
734 2851 1006 2911 sanctus,
1039 2847 1212 2915 signa
1242 2844 1336 2900 illa
1366 2844 1590 2900 divinae
1621 2850 1828 2915 poten-

171 2935 260 2992 tite
305 2941 608 3008 operatus
649 2940 758 2992 est.
807 2955 838 2983 »
900 2935 1076 2989 Istam
1156 2933 1335 3002 igitur
1393 2933 1831 3004 expositionem

1927 1865 2288 1923 catholicam
2314 1866 2518 1923 ﬁdem.
2553 1868 2668 1924 Sed
2699 1870 2934 1926 Graecus
2961 1866 3274 1924 manifeste
3305 1881 3368 1921 se
3409 1863 3578 1934 erigit

1927 1959 2136 2010 contra
2167 1954 2490 2014 articulum
2518 1955 2593 2011 de
2625 1957 2846 2027 Spiritu
2871 1960 3098 2012 sancto.
3134 1957 3308 2024 Ergo,
3339 1957 3452 2010 etc.

2000 2046 2146 2100 Item
2171 2063 2189 2110 ς
2215 2043 2458 2100 Falsarii
2478 2045 2915 2116 Scripturarum
2941 2043 3424 2100 authentiearum
3440 2046 3578 2096 sunt

1929 2133 2434 2190 excommunicati
2481 2149 2587 2204 per
2625 2132 2918 2201 concilia;
2948 2131 3054 2188 sed
3101 2131 3216 2203 ipsi
3261 2129 3580 2186 talsiﬁcant

1930 2221 2286 2294 Scripturas,
2342 2226 2399 2278 et
2446 2228 2694 2280 utuntur
2735 2221 2920 2286 falsis,
2975 2225 3032 2276 et
3073 2219 3346 2276 scienter.
3427 2220 3578 2288 Ergo

1933 2311 2333 2366 anathematis
2383 2311 2586 2381 gladio
2643 2310 2912 2383 percussi
2965 2309 3252 2368 incedunt
3289 2306 3580 2380 perviam

1933 2398 2358 2456 damnationis.

2007 2489 2072 2542 Et
2121 2486 2335 2544 beatus
2379 2488 2742 2544 Athanasius
2787 2487 2850 2542 in
2876 2486 3164 2560 Symbolo
3200 2489 3378 2542 rectae
3416 2483 3580 2552 ﬁdei,

1936 2590 2074 2632 cum
2106 2575 2352 2634 dixisset
2379 2595 2391 2632 :
2425 2601 2446 2626 ι
2482 2578 2656 2634 Pater
2684 2593 2722 2633 a
2749 2577 2915 2646 nullo
2945 2581 3034 2633 est
3057 2577 3268 2643 factus,
3290 2589 3400 2630 nec
3423 2587 3583 2628 crea-

1939 2670 2055 2730 tus,
2111 2682 2221 2721 nec
2253 2667 2530 2737 genitus:
2592 2667 2769 2724 Filius
2816 2683 2854 2722 a
2905 2668 3076 2723 Patre
3121 2664 3252 2721 solo
3303 2668 3408 2733 est,
3459 2675 3584 2717 non

1939 2753 2152 2820 factus,
2184 2771 2294 2812 nec
2323 2761 2583 2818 creatus,
2611 2755 2720 2812 sed
2759 2756 2993 2825 genitus
3025 2774 3039 2825 ;
3074 2754 3323 2827 Spiritus
3353 2768 3390 2808 a
3416 2754 3584 2808 Patre

1942 2852 2000 2904 et
2028 2847 2190 2908 Filio.
2224 2863 2347 2902 non
2377 2846 2590 2909 factus,
2623 2861 2734 2902 nec
2762 2849 3016 2913 creatus,
3046 2859 3157 2900 nec
3195 2841 3448 2912 genitus,
3478 2839 3585 2896 sed

1940 2936 2296 3011 procedens,
2333 2959 2353 2984 ι
2384 2940 2444 2990 in
2473 2935 2592 2992 ﬁne
2620 2934 2756 2990 libri
2799 2933 3112 3004 subjunxit
3139 2937 3196 2988 et
3222 2933 3340 2988 ait:
3398 2953 3420 2980 ι
3451 2931 3586 2985 Hac

169 3024 400 3098 accepit
465 3024 640 3080 tertia
699 3022 992 3095 synodus,
1049 3022 1263 3094 quinta
1331 3020 1722 3091 confirmavit,
1775 3023 1833 3076 et
1862 3028 1904 3084 C
1942 3032 2030 3084 est
2049 3026 2199 3082 ﬁdes
2221 3024 2536 3092 catholica,
2556 3040 2740 3096 quam
2759 3023 2876 3078 nisi
2895 3023 3150 3094 quisque
3169 3019 3458 3077 ﬁdeliter:
3490 3018 3587 3074 ﬁr-

169 3112 652 3169 contradicentes
683 3111 1270 3176 excommunicavit;
1303 3109 1566 3166 Ecclesia
1596 3109 1832 3163 univer-

170 3201 304 3257 salis
353 3207 542 3270 tenet,
573 3207 630 3257 et
687 3200 893 3265 tenuit,
943 3206 998 3256 et
1047 3199 1429 3271 approbavit.
1485 3197 1600 3253 Sed
1653 3195 1836 3254 Graeci

170 3291 358 3347 nostri
389 3290 683 3363 temporis
739 3289 1162 3346 contradicunt
1201 3303 1366 3344 nono
1421 3285 1687 3358 capitulo
1738 3301 1834 3340 ex-

173 3380 552 3452 pooitionum
590 3378 890 3449 ejusdem,
928 3384 986 3433 et
1029 3377 1292 3447 allegant
1346 3391 1456 3446 pro
1496 3390 1559 3430 se
1620 3373 1841 3444 scripta

172 3469 520 3525 Theodoriti
547 3468 830 3533 herretici,
883 3473 940 3522 et
990 3483 1096 3539 per
1120 3465 1446 3522 concilium
1488 3477 1839 3520 excommu-

175 3558 360 3614 nicati
389 3573 594 3628 ;ergo,
622 3555 956 3613 secundum
988 3557 1106 3610 vim
1127 3555 1452 3626 propositae
1479 3550 1842 3609 deﬁnitionis

180 3647 452 3702 heretici
468 3651 608 3702 sunt
643 3644 977 3716 judicandi.
1005 3645 1172 3701 Unde
1213 3644 1428 3698 beatus
1473 3640 1843 3712 Augustinus

179 3734 238 3791 in
257 3735 426 3791 libro
445 3737 535 3792 De
563 3735 684 3803 ﬁde
703 3734 786 3790 ad
803 3735 1068 3802 Petrum,
1089 3749 1228 3788 cum
1250 3733 1310 3787 in
1334 3738 1549 3788 octavo
1577 3726 1845 3800 capitulo

179 3823 486 3894 ejusdem,
518 3823 804 3889 Spiritum
838 3827 1114 3878 sanctum
1149 3838 1223 3876 ex
1257 3823 1423 3875 Patre
1449 3825 1510 3875 et
1543 3817 1682 3874 Filio
1714 3831 1847 3888 pro-

181 3914 400 3970 cedere
474 3911 774 3966 ﬁrmasset
827 3909 1204 3976 testimoniis,
1281 3908 1340 3963 in
1388 3907 1509 3963 ﬁne
1575 3905 1849 3960 omnium

181 4000 598 4075 capitulorum
642 3999 760 4067 (.12)
799 3997 1133 4068 subjunxit,
1161 4003 1218 4052 et
1260 3997 1342 4052 ait
1396 3998 1598 4051 Petro:
1653 4017 1680 4044 «
1717 3995 1849 4047 Haec

183 4090 426 4147 interim
442 4087 850 4161 quadraginta
865 4085 1126 4157 capitula
1143 4085 1219 4141 ad
1239 4084 1510 4155 regulam
1532 4099 1690 4138 verae
1711 4079 1850 4136 ﬁdei

185 4177 536 4234 ﬁrmissime
591 4175 968 4247 pertinentia,
1036 4173 1286 4229 ﬁdeliter
1338 4172 1558 4236 crede;
1629 4171 1854 4226 fortiter

189 4275 345 4332 tene,
395 4264 644 4320 ﬁrmiter
693 4263 974 4320 defende.
1015 4265 1080 4318 Et
1111 4262 1364 4334 siquem
1412 4259 1714 4316 contraria
1763 4258 1852 4311 his

189 4354 606 4425 dogmatizare
637 4351 1010 4421 cognoveris,
1038 4355 1332 4422 tanquam
1356 4355 1582 4420 pestem
1612 4348 1770 4417 fuge,
1799 4351 1855 4400 et

192 4452 498 4516 tanquam
542 4441 887 4497 haereticum
929 4439 1143 4510 abjice.
1179 4462 1206 4488 ››
1254 4440 1336 4492 ita
1366 4439 1527 4493 enim
1556 4437 1671 4492 ista
1720 4451 1856 4506 quae

198 4533 538 4605 posuimus,
582 4529 722 4605 fidei
769 4528 1080 4584 catholica:
1132 4533 1490 4596 congruunt,
1539 4531 1603 4581 ut
1633 4526 1680 4580 si
1721 4524 1858 4596 quis

200 4639 324 4678 non
357 4620 557 4676 solum
595 4599 905 4685 omnibus,
937 4617 1040 4673 sed
1075 4618 1256 4672 etiam
1307 4616 1556 4686 singulis
1608 4613 1861 4670 voluerit

201 4709 522 4776 contraire,
553 4708 616 4764 in
639 4723 712 4764 eo
733 4706 900 4778 quod
923 4705 1171 4774 singulis
1191 4705 1408 4760 horum
1429 4702 1862 4759 contumaciter

199 4803 524 4873 repugnat,
555 4803 613 4852 et
655 4795 748 4851 his
795 4796 1098 4850 contraria
1149 4793 1366 4848 docere
1427 4809 1550 4848 non
1604 4790 1861 4858 dubitat,

202 4888 548 4953 haereticus,
580 4890 638 4940 et
669 4882 810 4940 ﬁdei
842 4882 1193 4938 Christianae
1224 4881 1526 4946 inimicus,
1573 4886 1754 4952 atque
1783 4883 1863 4934 ob

203 4979 320 5034 hoc
365 4974 658 5032 omnibus
696 4971 1004 5027 catholicis
1044 4969 1646 5028 anathematizandus
1676 4983 1864 5040 appa-

203 5073 356 5124 reat.

273 5157 523 5225 Propter
547 5151 826 5209 eamdem
859 5150 1108 5220 insuper
1139 5163 1408 5216 causam,
1443 5146 1556 5200 hoc
1584 5150 1691 5212 est,
1723 5144 1867 5216 quia

208 5244 512 5299 obstinato
581 5240 788 5296 animo
834 5242 1058 5306 negant
1105 5235 1554 5308 processionem
1614 5233 1865 5305 Spiritus

211 5334 402 5390 sancti
433 5348 471 5386 a
501 5330 661 5396 Filio,
703 5335 760 5384 et
791 5328 1082 5400 plurimos
1112 5327 1292 5381 etiam
1324 5324 1473 5379 alios
1501 5339 1748 5393 errores,
1806 5322 1866 5378 in

211 5422 438 5495 quibus
473 5423 694 5476 sanctae
757 5420 1042 5473 Romanis
1101 5413 1374 5469 Ecclesiae
1449 5411 1864 5479 adversantur,

283 5535 300 5591 (
315 5534 332 5583 t
346 5529 402 5594 0)
434 5523 1187 5594 ConstantinOpolitanum.

283 5599 402 5670 (11)
433 5601 610 5655 Deest
634 5595 886 5668 aliquid.

1943 3117 2237 3188 miterque
2254 3114 2594 3179 crediderit,
2628 3113 2826 3170 salvus
2852 3128 2988 3169 esse
3008 3127 3134 3168 non
3161 3110 3392 3184 poterit.
3425 3132 3452 3158 »
3475 3107 3590 3165 Sed

1944 3205 2126 3264 Graeci
2155 3219 2278 3259 non
2307 3203 2720 3274 creduntque
2743 3202 2808 3257 in
2824 3217 2900 3258 eo
2919 3200 3301 3258 continentur
3325 3217 3340 3268 ;
3370 3195 3590 3254 salvari

1946 3326 2088 3382 ergo
2117 3326 2238 3366 non
2269 3313 2542 3381 possunt.

2016 3403 2134 3457 Nos
2162 3403 2362 3455 autem
2395 3402 2744 3470 sanctorum
2779 3399 3120 3452 Graecorum
3153 3397 3212 3449 et
3253 3393 3596 3448 Latinorum

1949 3487 2274 3544 sententias
2286 3485 2796 3551 secuti,credimu~s
2812 3484 3595 3552 etconﬁtemur,cantamus,

1952 3583 2010 3634 et
2035 3576 2374 3640 scribimus,
2394 3579 2452 3630 et
2470 3573 2760 3630 docemus
2775 3576 3007 3628 Patrem
3032 3587 3070 3626 a
3090 3586 3174 3640 se,
3197 3585 3318 3632 non
3340 3568 3420 3625 ab
3439 3568 3560 3624 alio
3582 3585 3596 3623 :

1955 3667 2166 3722 Filium
2199 3682 2240 3720 a
2259 3669 2424 3720 Patre
2453 3664 2582 3719 solo
2612 3663 2880 3733 genitum
2906 3679 2920 3714 :
2953 3661 3236 3734 Spiritum
3267 3663 3540 3714 sanetum
3567 3672 3604 3712 ο,

1955 3759 2122 3812 Patre
2172 3757 2232 3810 et
2275 3752 2416 3808 Filio
2459 3751 2772 3823 aequaliter
2793 3751 3244 3824 procedentem,
3282 3753 3342 3803 et
3385 3746 3606 3819 pariter

1957 3849 2076 3900 tres
2098 3842 2344 3914 quidem
2374 3841 2686 3910 discretas,
2718 3839 3054 3905 distinctas,
3085 3843 3144 3893 et
3169 3837 3462 3908 perfectas
3490 3835 3604 3906 hy-

1957 3938 2231 4007 postases
2269 3931 2418 3995 ;sed
2457 3947 2644 3987 unam
2687 3929 3031 3994 essentiam,
3065 3943 3251 3982 unam
3303 3925 3605 3989 deitatem,

1961 4039 2145 4082 unam
2171 4025 2550 4094 potestatem.
2574 4035 2762 4076 unam
2786 4033 3035 4074 causam
3064 4034 3076 4070 :
3108 4032 3144 4070 a
3163 4029 3282 4086 quo
3311 4013 3532 4075 omnia.
3553 4014 3611 4067 et

1961 4129 2068 4184 per
2082 4129 2287 4183 quem,
2316 4112 2458 4168 etin
2487 4127 2612 4182 quo
2633 4115 2772 4165 sunt
2791 4109 2999 4164 omnia
3025 4123 3039 4160 :
3067 4111 3124 4160 et
3143 4105 3256 4175 ipsi
3285 4108 3374 4158 est
3397 4101 3608 4172 gloria,

1963 4207 2022 4258 et
2073 4202 2290 4264 honor,
2345 4205 2403 4255 et
2455 4197 2782 4270 imperium
2827 4196 2890 4251 in
2942 4192 3168 4250 saecula
3225 4191 3607 4246 surculorum.

1881 4315 1929 4372 η
1967 4296 2175 4345 Amen.

2041 4376 2172 4432 Illos
2205 4391 2348 4430 vero
2375 4373 2478 4445 qui
2503 4373 2748 4429 dicunt:
2788 4370 3040 4438 Spiritus
3075 4372 3322 4424 sanctus
3347 4363 3616 4438 procedit

1967 4465 2218 4538 quidem
2264 4480 2301 4519 a
2358 4464 2547 4533 Patre,
2601 4460 2708 4516 sed
2753 4475 2878 4516 non
2906 4475 2943 4514 a
2991 4457 3150 4527 Filio,
3201 4455 3294 4510 vel
3332 4454 3518 4519 aliter,
3557 4456 3617 4507 et

1968 4555 2105 4628 plus
2151 4570 2188 4609 a
2233 4556 2424 4616 Patre,
2468 4566 2654 4623 quam
2686 4567 2724 4608 a
2765 4549 2904 4605 Filio
2945 4565 2962 4602 :
3024 4552 3126 4602 aut
3157 4545 3390 4616 priusa
3427 4543 3614 4608 Patre,

1970 4660 2158 4716 quam
2188 4660 2224 4699 a
2250 4643 2408 4708 Filio,
2431 4649 2487 4696 et
2505 4640 2745 4704 similia,
2773 4638 3002 4694 ratione
3032 4635 3170 4692 ﬁdei
3197 4631 3568 4689 adversantia
3600 4649 3614 4685 :

1970 4738 2027 4788 et
2072 4733 2187 4787 hoc
2233 4729 2556 4786 asserendo
2589 4728 2858 4797 credunt,
2886 4725 3218 4798 praedicant
3240 4727 3299 4778 et
3329 4719 3616 4785 scribunt,

1973 4821 2124 4876 sicut
2144 4821 2268 4888 iam
2296 4818 2533 4873 dudum
2557 4816 2872 4872 deﬁnitum
2891 4818 2984 4869 est
3007 4829 3046 4866 a
3073 4811 3296 4866 sanctis
3327 4807 3616 4871 Patribus,

1975 4915 2265 4980 tanquam
2295 4906 2602 4962 haereticos
2622 4920 2656 4958 a
2683 4902 2976 4960 catholica
2993 4899 3250 4956 Ecclesia
3274 4896 3618 4968 abjicimus,

1976 5005 2033 5054 et
2066 5003 2344 5060 vitamus,
2374 4993 2808 5062 maledicimus,
2837 4997 2894 5048 et
2917 4988 3334 5061 reprobamus.

2401 5119 2720 5174 Distinctio
2737 5117 2811 5172 de
2836 5114 3174 5172 animabus.

2046 5227 2333 5300 Expedite
2361 5225 2422 5282 in
2451 5222 2928 5297 praecedentibus
2977 5221 3174 5293 primo
3203 5217 3470 5284 articulo,
3504 5216 3616 5271 sci-

1975 5319 2111 5374 licet
2157 5317 2232 5371 de
2289 5315 2672 5389 processione
2733 5312 2984 5385 Spiritus
3017 5310 3208 5366 sancti
3261 5325 3297 5364 a
3355 5307 3516 5372 Filio,
3559 5306 3620 5360 in

1975 5424 2119 5482 quo,
2155 5412 2218 5462 ut
2247 5406 2496 5476 singulis
2526 5403 2776 5460 versutis
2805 5405 3146 5458 Graecorum
3189 5394 3624 5478 objectionibus

2051 5515 2165 5586 (l2)
2193 5514 2341 5586 Cap.
2380 5513 2467 5572 44.
