4106 6222
523 275 622 334 511

521 403 965 477 respondimus,
997 411 1054 466 et
1083 409 1246 483 ipsos
1276 417 1569 487 tanquam
1598 416 1861 474 veritatis
1898 417 2170 476 falsarios
2203 420 2248 472 Α

523 503 596 545 ex
620 491 786 548 libris
817 495 960 562 suis,
992 498 1213 570 quibus
1244 517 1306 558 se
1343 503 1597 575 jactant,
1633 512 1688 563 et
1716 512 1923 564 contra
1953 510 2172 565 Roma-

523 594 665 634 nam
689 581 922 650 erigunt
943 587 1286 662 Ecclesiam,
1315 607 1439 648 non
1458 594 1654 651 solum
1681 612 1929 667 errasse,
1959 613 2168 653 verum

522 668 700 760 etiam
722 671 780 727 in
814 672 1117 733 Canonem
1148 678 1282 736 latm
1308 686 1614 741 sententim
1644 686 1924 743 incidisse
1945 687 2167 760 proba-

520 756 718 848 vimus
744 779 756 826 ;
790 760 991 820 forsan
1018 765 1153 837 plus
1180 774 1517 829 necessario
1547 781 1761 847 prmter
1791 756 2166 848 propositum

519 846 730 938 prolixi
778 849 1040 919 fuimus;
1087 862 1271 915 restat
1318 877 1480 919 nunc
1531 846 1732 920 videre
1791 846 1922 938 pen
1952 865 2167 922 eadem

521 935 878 1008 testimonia,
900 941 1004 998 ubi
1026 945 1244 1002 animm
1271 950 1500 1022 talium,
1537 953 1598 1008 id
1625 959 1732 1019 est,
1756 935 2089 1011 inﬁdelium
2110 960 2166 1010 et

520 1026 1096 1117 maleqcredentium,
1131 1046 1412 1096 exeuntes
1443 1057 1479 1098 a
1508 1058 1756 1117 corpore
1781 1045 2163 1117 recipiantur.

522 1115 733 1206 Dpinio
755 1119 913 1176 enim
930 1136 1139 1181 eorum
1163 1132 1269 1195 est,
1294 1130 1444 1186 sicut
1460 1115 1724 1188 diximus
1748 1153 1760 1190 :
1789 1115 1953 1206 quod
1972 1149 2165 1206 neque

519 1202 580 1257 in
605 1206 956 1274 paradisum
976 1211 1172 1285 bonm,
1208 1232 1403 1290 neque
1434 1219 1492 1275 in
1516 1202 1829 1278 infernum—
1843 1230 1980 1279 ante
2003 1202 2162 1279 diem

513 1291 717 1361 judicii
778 1298 1003 1356 vadunt
1056 1304 1273 1360 animm
1343 1309 1790 1380 reproborum:
1846 1318 2163 1384 sequentes

517 1384 846 1452 quemdam
860 1388 1040 1460 hujus
1054 1392 1352 1452 haereseos
1366 1396 1753 1472 inventorem,
1771 1402 2164 1474 archiepisco-

515 1486 664 1542 pum
677 1476 985 1545 quondam
1005 1482 1282 1539 Cmsarem
1301 1488 1717 1559 Cappadociae,
1742 1490 2044 1547 Andream
2061 1507 2165 1547 no-

519 1561 701 1629 mine,
747 1564 850 1635 qui
908 1566 1049 1625 dicit
1105 1575 1349 1645 propria
1397 1592 1652 1649 corpora
1699 1580 2050 1651 prmstolari,
2097 1587 2164 1639 ut

520 1664 672 1740 cum;
690 1651 793 1716 eis,
820 1670 955 1712 cum
989 1658 1208 1729 quibus
1234 1661 1396 1720 bona
1426 1665 1515 1721 vel
1544 1667 1706 1724 mala
1731 1670 2158 1740 commiserint,

515 1738 932 1830 retributiones
1005 1748 1272 1807 similiter
1335 1753 1629 1812 factorum
1691 1759 1996 1830 recipiant.
2055 1738 2166 1827 Qui

517 1826 694 1883 etiam
708 1830 784 1885 ad
798 1833 1276 1897 confirmandam
1289 1859 1461 1900 suam
1474 1826 2138 1917 opinionem'erroneam
2148 1893 2167 1922 ,

517 1920 930 2010 auctoritatem
976 1928 1250 1997 Apostoli
1283 1931 1362 1987 ad
1411 1933 1690 1992 Hebrmos
1741 1954 1850 2010 pro
1881 1956 1942 1995 se
1979 1920 2164 1997 intro;

516 2003 699 2074 ducit,
749 2024 872 2098 qua
900 2011 1152 2072 dicitur:
1188 2019 1266 2074 Et
1317 2022 1383 2077 hi
1412 2038 1609 2081 omnes
1645 2003 1976 2084 testimonio
2023 2031 2168 2098 ﬁdei

509 2097 773 2188 probati,
808 2114 927 2155 non
960 2114 1309 2173 receperunt
1341 2114 1854 2179 repromissionem
1902 2097 2029 2174 Deo,
2047 2135 2163 2188 pro

515 2183 683 2238 nobis
710 2188 921 2244 melius
947 2192 1183 2264 aliquid
1207 2200 1576 2267 providente,
1611 2211 1677 2260 ut
1707 2221 1826 2262 non
1849 2209 1975 2264 sine
1997 2183 2163 2266 nobis

515 2286 1078 2337 consummarentur
1098 2286 1165 2339 δι.

587 2363 692 2458 Cui
715 2366 963 2456 Andrem
1009 2371 1215 2430 obviat
1247 2375 1459 2434 beatus
1503 2382 1766 2439 Joannes
1819 2386 2163 2458 Chrysosto-

513 2465 649 2505 mus
677 2452 737 2508 in
768 2452 1136 2528 expOsitione
1180 2465 1453 2533 ejusdem
1480 2471 1769 2542 Epistolm,
1804 2481 1861 2531 et
1905 2452 2042 2532 talia
2071 2482 2159 2534 te-

511 2543 696 2629 statur
712 2561 724 2594 :
739 2566 765 2594 «
788 2547 1179 2620 Perceperunt
1191 2555 1434 2625 quidem
1445 2559 1616 2629 juxta
1634 2578 1888 2618 coronas
1903 2565 2154 2622 debitas.

509 2628 565 2684 Si
596 2645 786 2688 unum
817 2649 1036 2707 corpus
1067 2657 1275 2698 sumus
1304 2661 1534 2719 omnes,
1560 2651 1755 2721 major
1789 2652 2040 2710 efﬁcitur
2060 2655 2156 2712 isti

511 2721 746 2810 corpori
778 2723 1089 2784 delectatio
1121 2731 1238 2787 sive
1267 2733 1481 2804 fruitio,
1533 2742 1782 2810 quando
1821 2748 2157 2802 communi-

509 2809 612 2870 ter,
637 2814 694 2866 et
715 2826 837 2868 non
859 2819 1291 2884 particulariter
1311 2809 1693 2886 coronantur.
1725 2833 1951 2888 Etenim
1974 2836 2157 2892 etiam

1753 288 2236 350 PANTALEONIS
2273 287 2559 347 DlACONI
2598 286 2701 345 (ΞΡ.

3832 282 3945 342 512

2378 415 2802 471 Verumtamen
2858 425 2931 468 ex
2977 408 3192 466 divinis
3242 408 3556 481 Scripturis
3608 408 3930 476 docemur,

2281 503 2446 576 quod
2479 505 2866 575 peccatorum
2895 499 3114 556 animm
3166 498 3226 554 in
3249 497 3482 554 inferno
3528 504 3689 568 sunt,
3718 498 3932 555 subtus

2278 608 2524 650 omnem
2556 596 2774 648 terram
2805 595 2861 646 et
2889 604 3075 653 mare,
3120 588 3289 653 sicut,
3349 587 3525 644 docet
3571 587 3932 644 Psalmista:

2276 683 2348 737 In
2385 682 2705 738 tenebrosis
2753 687 2812 736 et
2845 679 3059 735 umbra
3107 680 3334 746 mortis,
3389 684 3443 734 et
3495 678 3629 733 lacu
3687 678 3938 747 inferio-

2275 772 2334 826 ri
2359 772 2430 828 ⁵⁸.
2474 772 2538 825 Et
2568 769 2721 825 sicut
2751 768 3041 840 scriptum
3074 767 3135 822 in
3185 765 3331 822 Job:
3383 767 3454 822 In
3484 773 3710 822 terram
3772 772 3936 822 tene-

2278 858 2511 915 brosam
2525 864 2579 914 et
2595 857 3026 922 turbulentam,
3043 857 3105 910 in
3121 862 3347 912 terram
3370 855 3750 912 tenebrarum
3767 863 3936 912 mter-

2275 963 2512 1015 narum,
2548 947 2651 1002 ubi
2699 962 2819 1002 non
2862 957 2946 1002 est
2974 945 3248 1013 claritas,
3279 959 3388 1000 nec
3416 944 3616 1000 videre
3641 946 3831 1000 vitam
3862 947 3936 1002 ⁵³.

2273 1038 2574 1092 Justorum
2622 1040 2824 1092 autem
2873 1034 3090 1090 animm
3138 1038 3275 1104 post
3320 1031 3650 1088 adventnm
3695 1032 3935 1099 Christi,

2275 1125 2428 1181 sicut
2453 1124 2514 1180 in
2543 1124 2772 1180 latrone
2804 1122 3147 1192 didicimus,
3184 1121 3247 1177 in
3295 1120 3579 1193 paradiso
3608 1127 3771 1177 sunt.
3804 1125 3935 1177 Non

2272 1213 2433 1270 enim
2459 1218 2705 1286 propter
2734 1212 3004 1269 animam
3037 1210 3228 1267 solam
3254 1210 3500 1266 latronis
3531 1209 3803 1266 Christus
3829 1213 3934 1267 Do-

2274 1302 2472 1357 minus
2502 1300 2856 1374 paradisum
2889 1300 3142 1373 aperuit,
3177 1299 3284 1356 sed
3314 1304 3370 1356 et
3396 1303 3637 1372 propter
3667 1299 3932 1372 reliquas

2272 1396 2619 1447 sanctorum
2649 1391 2904 1447 animas.
2963 1431 2968 1434 -

2343 1483 2421 1536 De
2469 1481 2584 1536 isto
2613 1480 2858 1552 insuper
2883 1478 3113 1535 latrone
3142 1480 3400 1534 Joannes
3432 1477 3922 1549 Chrysostomus,

2271 1583 2579 1641 exponens
2606 1568 2753 1624 illud
2776 1567 3029 1624 verbum
3055 1570 3256 1622 Luem:
3283 1569 3471 1623 Amen
3502 1567 3635 1622 dico
3671 1566 3803 1633 tibi,
3834 1568 3929 1622 ho-

2270 1658 2367 1715 die
2388 1673 2614 1715 mecum
2643 1657 2758 1714 eris
2787 1657 2849 1714 in
2870 1656 3160 1728 paradiso
3182 1657 3250 1722 5“,
3278 1655 3358 1713 ita
3397 1655 3697 1728 loquitur:
3731 1677 3763 1704 ‹‹
3790 1656 3933 1721 Qui-

2195 1745 2234 1799 B
2271 1745 2416 1803 dam
2445 1747 2653 1802 dicunt
2679 1746 2954 1802 nondum
2980 1751 3324 1802 assecutum
3350 1761 3483 1800 esse
3507 1744 3812 1801 latronem
3827 1761 3931 1817 pa-

2273 1834 2458 1892 radisi
2488 1835 2891 1902 mansionem,
2942 1833 3050 1890 sed
3081 1837 3325 1906 propter
3367 1833 3789 1906 promissionis
3836 1832 3932 1889 ﬁr-

2273 1924 2560 1990 mitatem,
2621 1928 2677 1979 et
2725 1922 3272 1979 immutabilitatem
3327 1921 3533 1978 dicunt
3605 1921 3937 1978 dominum

2273 2011 2533 2069 dixisse:
2568 2013 2762 2069 Hodie
2786 2027 3012 2069 mecum
3040 2013 3155 2067 eris
3186 2015 3248 2066 in
3267 2011 3580 2081 paradiso.
3617 2035 3636 2059 ι
3673 2011 3786 2067 Alii
3817 2028 3934 2067 au-

2272 2104 2413 2163 tem,
2491 2105 2546 2156 et
2602 2100 2681 2157 ad
2738 2099 3101 2156 vocabulum
3157 2102 3399 2169 cogunt.
3454 2099 3665 2155 Dicunt
3718 2099 3929 2155 enim:

2273 2191 2515 2262 Oportet
2556 2205 2670 2246 nos
2727 2189 3002 2245 distincte
3048 2193 3105 2244 et
3146 2188 3479 2260 punctatim
3544 2189 3742 2259 legere
3791 2189 3876 2245 sic
3917 2209 3930 2243 :

2268 2282 2458 2336 Amen
2475 2280 2601 2335 dico
2619 2279 2748 2344 tibi,
2767 2279 2940 2336 hodie
2954 2294 3179 2335 mecum
3198 2282 3313 2335 eris
3332 2279 3391 2334 in
3405 2280 3691 2348 paradiso
3716 2298 3728 2346 ;
3748 2280 3934 2351 quasi

2268 2367 2331 2423 in
2376 2368 2645 2424 futurum
2693 2373 2931 2439 tempus
2982 2368 3277 2423 mstiment
3328 2368 3624 2440 respicere
3674 2368 3935 2440 promis-

2270 2455 2520 2513 sionem.
2538 2456 2911 2528 lmpossibile
2933 2461 3042 2526 est,
3064 2456 3360 2528 inquiunt,
3387 2455 3585 2528 ipsum
3602 2472 3768 2512 nunc
3795 2473 3930 2514 esse

2268 2545 2330 2601 in
2377 2545 2684 2617 paradiso,
2733 2562 2871 2601 cum
2925 2545 3249 2618 Apostolus
3289 2545 3450 2602 dicat
3490 2544 3564 2600 de
3606 2547 3837 2602 sanctis
3870 2548 3929 2602 in

2267 2635 2529 2706 Epistola
2579 2636 2658 2692 ad
2691 2635 2964 2691 Hebrmos
3000 2655 3012 2690 :
3045 2636 3129 2690 Hi
3155 2650 3352 2692 omnes
3400 2650 3520 2690 non
3561 2644 3928 2705 receperunt

2264 2725 2705 2792 promissiones,
2725 2729 2790 2778 ut
2813 2740 2930 2779 non
2950 2726 3078 2780 sine
3095 2724 3264 2780 nobis
3281 2729 3904 2780 consummarentur‘"
3917 2770 3930 2781 .

2268 2815 2332 2866 Et
2362 2820 2501 2884 post
2542 2829 2739 2884 pauca
2768 2812 3044 2882 adjungit
3074 2812 3234 2868 idem
3281 2819 3544 2876 sanctus,
3587 2814 3930 2884 reprobatis

502 2895 651 2996 justi
680 2899 875 2996 inhoc
897 2908 1462 2981 suntadmirabﬂes,
1485 2919 1630 2990 quia
1650 2921 1916 2990 gaudent
1957 2924 2156 2981 frater.
2188 2942 2227 2996 ϐ
2266 2899 2516 2996 istorum
2548 2901 2955 2996 opinionibus,
3005 2902 3213 2996 dicens
3243 2919 3254 2956 :
3288 2923 3315 2952 ι(
3351 2904 3425 2996 νΕι
3477 2900 3643 2996 latro_
3671 2903 3930 2996 quidem

507 2986 601 3040 nis
623 2987 798 3086 bonis
824 2996 1115 3086 tanquam
1137 2998 1196 3054 in
1216 3004 1471 3074 propriis
1486 2986 1546 3062 .‘I
1556 2986 1732 3080 taque
1748 3016 1805 3066 et
1820 3011 1934 3068 hoc
1955 3014 2153 3086 ipsum

509 3079 846 3136 secundum
876 3083 1244 3144 voluntatem
1294 3107 1502 3151 eorum
1533 3079 1650 3163 est,
1695 3105 1760 3156 ut
1789 3079 2155 3164 simul-cum

507 3166 763 3264 propriis
804 3172 1091 3229 membris
1134 3186 1530 3252 coronentur;
1560 3202 1699 3242 nam
1735 3190 1911 3246 simul
1939 3193 2154 3262 gloriﬁ-

505 3270 628 3352 cart
662 3272 884 3352 magna
931 3267 1018 3318 est
1045 3265 1095 3320 ei
1119 3265 1334 3326 fruitio.
1372 3295 1397 3322 ››
1455 3278 1632 3340 Quasi
1685 3279 1845 3337 dicat
1888 3291 2148 3352 sanctus,

499 3345 849 3441 juxtanillud
876 3353 1268 3428 Apocalypsis
1293 3378 1305 3414 :
1343 3363 1514 3420 Data:
1539 3374 1676 3422 sunt
1707 3372 1964 3441 singulis
1989 3345 2152 3433 stolm

503 3433 661 3531 aibas
681 3437 749 3534 τῇ,
776 3443 1286 3534 praetendentibus
1309 3451 1632 3511 vindictam
1663 3433 1887 3532 proprii
1912 3467 2152 3534 sangui-

503 3522 616 3586 nis,
645 3524 706 3578 id
750 3533 855 3594 est,
889 3529 1367 3594 desiderantibus
1398 3522 1794 3604 mutationem
1819 3551 1880 3606 in
1936 3522 2149 3613 melius

504 3625 847 3716 corporum:
870 3617 1126 3716 Singulae
1153 3626 1317 3680 stolm
1338 3629 1511 3698 albm,
1544 3634 1604 3688 id
1623 3641 1728 3701 est,
1754 3641 1949 3710 prima
1972 3645 2142 3716 stola,

501 3712 638 3796 qum
671 3705 761 3754 est
790 3703 1142 3799 glorificatio
1187 3715 1443 3774 animm:
1477 3722 1553 3777 Et
1580 3703 1801 3783 dictum
1831 3737 1912 3786 est
1940 3735 2039 3799 eis,
2086 3703 2146 3790 ut

500 3794 806 3856 quiescant
819 3794 1026 3890 adhuc
1044 3801 1335 3862 modicum
1355 3815 1604 3882 tempus,
1620 3816 1804 3875 donec
1823 3794 2149 3890 impleatur

499 3891 776 3970 numerus
798 3882 1068 3950 fratrum
1111 3897 1438 3955 vestrorum
1467 3902 1516 3936 ⁵³
1549 3921 1561 3970 ;
1599 3904 1711 3961 hoc
1755 3909 1862 3965 erit
1904 3882 1969 3967 in
2026 3912 2145 3970 tine

498 3967 732 4070 mundi,
761 3974 1010 4070 quando
1032 3986 1352 4056 resumptis
1382 3994 1733 4064 corporibus
1755 3998 2051 4070 gloriosis,
2083 4002 2143 4058 in

498 4063 774 4163 iitroque,
792 4066 962 4163 etde
980 4074 1230 4146 utroque
1262 4080 1632 4146 gaudebunt.
1692 4063 1853 4144 Tunc
1895 4063 2143 4163 quidem

496 4145 806 4252 habebunt
831 4157 1157 4252 perfectum
1181 4145 1469 4234 gaudium
1495 4176 1706 4244 sancti,
1725 4178 1827 4249 qui
1851 4145 2143 4252 qdoniam

495 4234 918 4342 habentmodo
940 4248 1138 4307 adhuc
1167 4256 1409 4315 oculum
1437 4263 1653 4319 mentis
1685 4234 1764 4321 ad
1794 4234 2012 4342 corpus
2042 4288 2144 4328 na-

501 4326 707 4430 turale,
739 4347 956 4430 eorum
973 4342 1262 4408 gaudium
1286 4347 1703 4421 imperfectum
1733 4326 1936 4430 aliquo
1959 4363 2142 4420 modo

495 4419 673 4512 etiam
705 4435 741 4476 a
770 4425 992 4480 sanctis
1023 4432 1244 4487 nostris
1277 4419 1624 4497 doctoribus
1651 4419 1977 4512 judicatur.

569 4508 782 4564 Beatus
802 4526 1046 4586 quoque
1068 4519 1453 4592 Athanasius,
1474 4530 1532 4586 in
1562 4508 1714 4589 libro
1738 4535 2139 4601 Quiestionum

494 4608 761 4666 suarum,
781 4603 1334 4677 cuminterrogatus
1363 4615 1588 4686 fuisset,
1627 4622 1726 4678 ubi
1755 4633 1950 4682 essent
1982 4645 2143 4686 nunc

493 4688 709 4746 animm
726 4692 1147 4757 defunctorum
1165 4704 1192 4758 ?
1210 4707 1519 4776 respondit
1533 4715 1823 4782 qumrenti
1847 4734 1859 4771 :
1884 4740 1912 4765 ‹‹
1940 4720 2140 4775 Extra-

491 4796 608 4839 nea
637 4786 905 4857 quidem,
938 4794 994 4846 et
1045 4795 1370 4852 metuenda
1401 4800 1674 4870 quaestio,
1707 4809 1763 4859 et
1790 4804 2141 4864 hominibus

491 4875 806 4934 occultata.
841 4882 966 4937 Non
997 4882 1157 4938 enim
1179 4886 1450 4957 permisit
1474 4890 1784 4962 Dominus,
1811 4898 2142 4966 quemlibet

491 4976 699 5020 eorum
725 4967 896 5035 solvi,
919 4971 1023 5042 qui
1049 4972 1132 5028 ibi
1165 4981 1322 5046 sunt,
1349 4982 1406 5033 et
1433 4978 1511 5034 ad
1543 4996 1656 5036 nos
1673 4984 1890 5051 venire,
1924 4987 2025 5042 ubi
2047 4988 2142 5045 vel

489 5056 800 5122 quomodo
858 5059 974 5116 sint
1024 5073 1482 5139 prmassumptm
1536 5069 1754 5128 animm
1817 5073 2136 5134 defuncto-

489 5155 646 5196 rum.
683 5165 711 5192 )>

561 5346 828 5428 “ﬁebr.
907 5366 986 5421 x1,
1053 5355 1141 5428 39.
1209 5355 1256 5391 ⁵³
1299 5359 1484 5428 Apoc.
1570 5375 1646 5425 v1,
1715 5364 1798 5417 ll.
1862 5364 1911 5397 ⁵³
1940 5361 2089 5420 ibid.

2169 5366 2412 5426 “Psal.
2478 5384 2688 5437 Lxxvn,
2759 5374 2815 5428 7.
2898 5367 3087 5428 r"Job
3161 5386 3218 5441 χ,

2265 2990 2617 3062 paradisum
2647 2991 2936 3061 possidet,
2970 2991 3094 3046 sive
3124 2995 3435 3046 assecutus
3457 2998 3568 3048 est.
3600 2991 3732 3047 Non
3761 2994 3932 3050 enim

2265 3077 2500 3132 mentiri
2533 3081 2744 3150 potest,
2768 3079 2871 3150 qui
2897 3078 3073 3134 dicit:
3115 3079 3304 3134 Hodie
3331 3094 3556 3136 mecum
3583 3081 3700 3136 eris
3729 3082 3792 3136 in
3818 3097 3927 3151 pa-

2265 3167 2484 3222 radiso.
2511 3190 2538 3217 ››

2337 3260 2480 3312 Item
2512 3257 2572 3312 in
2599 3255 3056 3329 prmdictolibro
3088 3258 3514 3326 Qumstionum,
3542 3274 3678 3315 cum
3701 3260 3922 3316 iterum

2262 3344 2483 3401 diceret
2512 3361 2873 3418 qumrens:_«
2911 3347 3214 3418 Numquid
3245 3363 3366 3402 non
3402 3364 3699 3404 memores
3748 3355 3925 3406 erunt

2263 3435 2479 3490 animm
2507 3440 2981 3506 prmassumptm,
3022 3436 3175 3491 sicut
3194 3436 3390 3506 angeli
3414 3453 3714 3493 memores
3732 3439 3923 3494 sunt?

2261 3529 2607 3579 sanctorum
2637 3524 2884 3596 quidem
2911 3525 3128 3580 animm
3153 3540 3402 3596 prorsus
3423 3541 3722 3582 memores
3740 3535 3920 3594 sunt;

2259 3616 2644 3684 peccatorum
2674 3628 2815 3668 vero
2873 3613 3088 3668 animm
3117 3629 3254 3668 cum
3283 3615 3397 3669 sint
3425 3615 3485 3670 in
3517 3614 3776 3683 inferno,
3809 3631 3915 3673 ne-

2257 3716 2375 3772 que
2410 3700 2526 3765 Dei,
2564 3715 2760 3772 neque
2789 3701 2974 3756 nostri
3006 3717 3305 3757 memores
3338 3708 3493 3758 sunt.
3521 3726 3548 3753 ››
3584 3705 3649 3758 Et
3679 3703 3920 3762 addidit

2258 3789 2441 3844 David
2464 3789 2761 3845 dicentem
2785 3789 2860 3845 ad
2892 3790 3211 3845 Dominum
3238 3809 3249 3845 :
3277 3792 3568 3858 Quoniam
3595 3807 3714 3848 non
3746 3800 3830 3849 est
3853 3797 3916 3850 in

2254 3884 2444 3933 morte
2468 3880 2570 3948 qui
2588 3894 2812 3934 memor
2830 3879 2904 3933 sit
2931 3881 3037 3942 tui,
3068 3885 3128 3934 in
3157 3881 3390 3950 inferno
3408 3887 3604 3938 autem
3627 3884 3762 3952 quis
3779 3899 3920 3943 con-

2251 3967 2521 4033 ﬁtebitur
2547 3967 2654 4022 tibi
2679 3969 2724 4002 ⁵⁸
2750 3967 2776 4022 ?
2804 3970 2864 4023 Et
2884 3967 3094 4023 iterum
3121 3984 3134 4023 :
3169 3969 3302 4023 Non
3322 3973 3545 4025 mortui
3565 3971 3916 4027 laudabunt

2255 4062 2328 4120 te,
2362 4058 2628 4121 Domine,
2663 4072 2850 4127 neque
2881 4073 3081 4114 omnes
3106 4058 3211 4128 qui
3239 4058 3605 4115 descendunt
3637 4061 3699 4115 in
3730 4063 3919 4132 infer-

2256 4161 2398 4200 num
2435 4147 2503 4200 ⁵³.

2327 4235 2490 4290 Idem
2519 4239 2765 4290 sanctus
2794 4235 2852 4290 in
2885 4235 3170 4307 prmdicto
3195 4235 3371 4303 libro,
3400 4237 3480 4293 ad
3531 4236 3715 4294 aliam
3747 4255 3913 4311 qum-

2254 4323 2510 4379 stionem
2543 4323 2656 4380 sibi
2681 4323 2906 4380 factam
2934 4343 2946 4380 :
2977 4325 3150 4390 Quid,
3184 4324 3423 4391 scilicet,
3474 4326 3554 4382 ibi
3589 4333 3919 4399 operentur

2254 4428 2417 4468 nunc
2442 4413 2662 4468 animm
2694 4418 3166 4485 prmassumptm,
3210 4415 3554 4486 respondit:
3585 4439 3612 4466 «
3645 4417 3918 4474 Animaa

2253 4517 2502 4573 corpore
2531 4501 2745 4566 soluta,
2779 4517 2888 4558 nec
2911 4502 3162 4568 bonum,
3186 4518 3296 4558 nec
3326 4503 3554 4560 malum
3579 4505 3736 4561 valet
3765 4522 3912 4579 ope-

2253 4591 2530 4660 rari(t3).
2564 4594 2711 4646 Nam
2764 4590 3039 4658 visiones,
3081 4607 3236 4664 qnas
3289 4592 3494 4648 vident
3547 4593 3806 4664 quidam
3837 4596 3912 4651 de

2254 4677 2346 4733 his
2373 4671 2477 4750 q'ui
2500 4679 2718 4734 mortui
2747 4683 2905 4747 snnt,
2929 4679 3375 4753 dispensatione
3403 4682 3691 4738 Dominus
3711 4689 3914 4740 osten-

2251 4766 2337 4822 dit
2358 4767 2436 4823 ad
2457 4771 2726 4824 nostram
2750 4769 3083 4825 utilitatem.
3115 4770 3276 4826 Sicut
3295 4771 3458 4827 enim
3486 4771 3620 4842 lyra
3658 4788 3786 4830 non
3809 4774 3914 4830 ha-

2251 4856 2402 4912 bens
2433 4856 2797 4929 pulsantem,
2821 4858 3015 4914 otiosa
3033 4859 3193 4929 jacet
3212 4865 3268 4915 et
3290 4859 3522 4933 absque
3569 4877 3747 4932 opere
3774 4882 3786 4918 :
3825 4864 3913 4920 sic

2257 4945 2463 5001 anima
2488 4950 2545 5002 et
2572 4962 2793 5018 corpus
2816 4946 2894 5002 ab
2914 4947 3169 5004 invicem
3189 4955 3465 5021 separata
3489 4949 3635 5006 nihil
3672 4940 3916 5022 operari

2256 5040 2504 5107 queunt.
2541 5039 2897 5093 Sanctorum
2929 5042 3132 5094 autem
3155 5039 3372 5095 animm
3395 5055 3431 5095 a
3454 5040 3676 5112 Spiritu
3701 5048 3916 5099 sancto

2252 5125 2526 5197 impulsm
2559 5127 2684 5182 sive
2734 5130 2906 5184 tactae
2939 5143 3079 5184 cum
3133 5129 3358 5198 angelis
3402 5129 3464 5185 in
3506 5135 3662 5188 terra
3713 5132 3916 5190 viven-

2249 5214 2400 5271 tium
2431 5215 2755 5273 Dominum
2784 5215 3059 5287 laudant,
3081 5221 3138 5275 et
3167 5217 3485 5276 exsultant.
3513 5241 3539 5269 ››

3301 5372 3390 5428 2t.
3447 5371 3666 5429 “Luc.
3743 5389 3909 5448 xxm,

488 5421 574 5476 43.
634 5421 676 5455 57
713 5420 891 5491 Hebr,
953 5420 1028 5489 x1,
1079 5427 1169 5492 40,
1225 5429 1271 5463 ⁵⁸
1303 5420 1459 5486 Psal.
1504 5446 1580 5497 Vl,
1630 5420 1682 5487 6.
1747 5434 1974 5493 “Psal.
2039 5452 2153 5494 cxn

2271 5420 2340 5494 i7.

558 5546 671 5616 (l3)
709 5546 993 5607 Meritorie
1021 5550 1261 5623 scilicet,
1290 5554 1379 5614 vel
1409 5555 1809 5620 demeritorie.
