4106 6222
18 299 22 362 Ὺ
125 316 234 401 ais
1557 305 1835 386 com
1869 307 2184 381 amcos.
3469 335 3576 398 5,4

199 469 365 524 Ecce
396 461 710 522 habemus
735 473 811 518 ex
836 457 934 517 his
957 454 1201 530 magnis
1261 451 1506 512 duobus
1554 447 1808 508 testibus
1834 445 1896 519 Al
1923 445 2244 539 beatorum
2298 449 2532 521 dicitur,
2585 453 2913 528 infornum,
2973 461 3232 523 limbum
3273 467 3333 524 et
3358 479 3578 539 purga-

130 553 489 614 Athanasio
499 557 559 610 et
567 552 1016 624 Chrysostomo,
1028 545 1195 622 quod
1208 547 1557 602 sanctorum
1569 539 1810 610 animae,
1927 537 2150 596 torium
2159 581 2173 598 .

131 644 502 702 secundum
530 640 718 698 ﬁdem
767 643 827 696 et
855 652 1029 711 spem
1061 639 1350 693 Romanae
1387 629 1686 699 Ecclesiae,
1717 641 1818 684 re-
1998 629 2079 685 De
2108 628 2306 701 primo
2333 636 2391 690 et
2421 635 2687 695 secundo
2711 639 2872 699 dicta
2900 642 3220 704 sufﬁciant.

133 735 332 806 gnant
353 730 554 788 etiam
613 743 778 785 nunc
820 742 959 784 cum
985 723 1250 792 Christo;
1282 719 1502 779 animae
1532 714 1819 806 reprobo-
1998 718 2080 775 De
2105 719 2275 777 tertio
2293 724 2682 796 respondebit
2715 731 3076 790 Athanasius
3098 734 3230 791 vice
3253 738 3478 794 nostra.
3512 735 3580 791 ln

133 803 296 889 rum,
331 820 650 878 factorum
678 831 930 874 suorum
977 814 1222 886 dignam
1279 808 1621 868 mercedem
1677 803 1821 862 reci-
1927 807 2215 880 praedicto
2239 809 2538 885 siquidem
2557 814 2712 874 libro
2735 819 3141 888 Quaestionum
3162 839 3580 892 suarum,mo-

134 911 402 986 pientes,
463 906 807 967 cruciantur
867 904 930 961 in
982 902 1216 960 inferno
1266 900 1329 956 in
1389 895 1612 955 stecula
1645 908 1822 950 saecu-
1929 899 2381 960 veturiteruma
2412 911 2715 977 quaerente
2738 912 2992 984 quaestio
3011 913 3179 970 talis:
3211 915 3340 983 Ubi,
3358 931 3576 988 quaeso,

138 1002 370 1058 lorum.
1683 1071 1704 1073 ῃ
1930 992 2759 1067 sunt,velperveniuntpum
2783 1001 3078 1073 defuncti,
3092 1006 3258 1060 velin
3271 1005 3579 1062 tormentis

207 1086 398 1156 Quod
416 1085 696 1144 similiter
711 1080 1076 1142 itafuitolim
1094 1083 1323 1137 certum
1377 1073 1649 1134 Ecclesiae
1669 1071 1821 1164 Grae-
1931 1079 2026 1135 vel
2047 1081 2110 1135 in
2140 1085 2369 1151 regno?
2421 1085 2488 1140 Et
2517 1084 2620 1142 ubi
2659 1071 2990 1147 inﬁdelium
3039 1071 3248 1164 pueri?
3271 1092 3377 1150 Ubi
3400 1093 3580 1150 etiam
3661 1098 3666 1104 '

141 1192 385 1248 eorum,
437 1175 611 1251 quod
663 1189 789 1232 non
839 1171 1038 1230 solum
1069 1169 1355 1238 inlibris,
1406 1180 1618 1223 verum
1639 1162 1823 1220 etiam
1931 1183 2055 1225 non
2103 1169 2412 1244 baptizati,
2457 1179 2518 1232 et
2551 1175 2817 1236 defuncti
2858 1180 2886 1235 ?
2943 1162 3084 1238 cum
3145 1181 3427 1240 fidelibus
3485 1183 3582 1240 vel

138 1267 500 1343 parietibus
559 1262 949 1323 ecclesiarum
1003 1275 1274 1326 suarum,
1332 1253 1564 1328 antiqui
1623 1254 1825 1344 Patres
1931 1258 2321 1319 inﬁdelibus?
2373 1263 2463 1320 Ad
2508 1264 2620 1322 has
2657 1267 2861 1342 itaque
2915 1272 3279 1344 quaestiones
3327 1273 3583 1330 breviter

143 1355 504 1415 manifestis
533 1353 774 1412 indiciis
797 1351 1143 1426 imprimere
1194 1348 1576 1406 curaverunt.
1607 1345 1672 1398 In
1695 1338 1826 1414 qui-
1935 1348 2306 1408 satisfaciens
2337 1355 2626 1426 quam“
2648 1338 2997 1432 ,θεροηάίξε
3027 1384 3056 1412 α
3091 1364 3344 1420 Domino
3373 1367 3582 1420 nostro

140 1447 418 1505 busdam
468 1445 634 1503 enim
679 1443 952 1517 picturis,
1000 1438 1249 1512 angelos
1302 1435 1454 1494 lucis
1493 1433 1824 1490 deterentes

1949 1439 2168 1498 licente
2191 1457 2206 1497 :
2233 1441 2426 1501 Sinite
2443 1447 2739 1514 parvulos
2767 1451 2970 1507 venire
2993 1450 3076 1507 ad
3101 1468 3214 1522 me,
3245 1454 3466 1510 talium
3497 1457 3582 1510 est

147 1541 514 1595 sanctorum
544 1533 785 1592 animas
827 1531 891 1588 in
920 1529 1104 1588 ccelos
1131 1525 1562 1600 conspicimus.
1591 1525 1656 1578 In
1681 1534 1828 1613 non-
1938 1546 2189 1602 regnum
2211 1533 2490 1589 σωιονωη
2514 1535 2599 1606 eo;
2632 1534 2969 1611 iterumque
2997 1540 3283 1613 Apostolo
3312 1541 3580 1600 dicente:

151 1626 334 1684 nullis
365 1639 523 1682 “3P0
555 1626 792 1682 satana?
817 1619 1064 1692 81³8810³
1079 1633 1151 1675 εκ
1176 1611 1828 1705 αοΓΡοΐὶριΕ-Πιοτὶθω
1889 1672 1893 1676 .
1937 1622 2105 1678 Nunc
2145 1627 2346 1679 autem
2399 1624 2520 1693 ﬁlii
2564 1627 2751 1684 vestri
2788 1629 2989 1686 sancti
3009 1611 3147 1687 sunt
3175 1633 3244 1703 “,
3273 1631 3588 1688 manifeste

157 1715 307 1773 tium
334 1713 772 1788 reproborum,
827 1725 969 1767 cum
1010 1703 1295 1782 quadam
1319 1701 1605 1762 violentia
1633 1705 1826 1790 extra-
1855 1755 1901 1790 η
1938 1713 2189 1783 constat,
2222 1713 2390 1785 quod
2437 1717 2734 1789 umquam
2781 1717 3132 1776 mundatiet
3155 1701 3386 1790 ﬁdeles,
3411 1720 3474 1777 in
3501 1735 3588 1776 τε.

158 1803 370 1861 hentes
403 1787 673 1868 animas,
690 1803 749 1857 et
766 1798 830 1856 in
850 1801 1078 1855 tartara
1099 1810 1308 1853 secum
1334 1793 1587 1850 ferentes
1607 1787 1826 1862 reperi-

1949 1813 2129 1870 gnum
2182 1801 2410 1859 intrant
2455 1787 2930 1864 Christianorum
2985 1807 3093 1865 ﬁlii
3116 1787 3423 1883 baptizati.
3456 1811 3588 1866 Non

165 1910 320 1950 ωυε-
357 1891 532 1949 Unde
553 1887 864 1964 qu°m0d°
892 1901 1056 1944 nunc
1095 1884 1176 1943 ad
1195 1887 1430 1942 tamam
1458 1879 1828 1971 ἀθωβιξιίαω
1935 1887 2219 1962 baptizati
2249 1895 2472 1962 autem,
2499 1897 2558 1950 et
2585 1893 2763 1952 etiam
2813 1895 3126 1967 gentilium
3168 1879 3357 1970 p—ueri,
3389 1912 3588 1971 neque

172 1985 552 2041 devenerunt
580 1984 644 2038 ut
671 1979 894 2044 dicant,
921 1976 1235 2034 defunctos
1258 1988 1370 2030 nec
1399 1968 1664 2045 paradisi
1693 1982 1828 2040 per-
1938 1977 2001 2033 in
2030 1992 2287 2048 mgnum
2307 1979 2548 2051 inn-ant,
2578 1997 2776 2056 neque
2805 1983 3018 2042 iterum
3051 1985 3130 2042 ad
3160 1968 3460 2043 ξοι-ωέηιε,
3483 1968 3590 2042 ἦα.

181 2070 576 2144 fruigaudiis,
600 2084 714 2126 nec
735 2067 1035 2124 cruciatus
1077 2061 1400 2122 infernales
1419 2075 1529 2135 pro
1546 2058 1830 2147 varietate
1937 2067 2125 2126 dunt:
2185 2073 2325 2126 sunt
2375 2069 2536 2126 enim
2581 2076 2855 2144 expertes
2895 2073 3126 2146 peccati
3179 2073 3316 2147 (14).
3359 2095 3390 2124 ››
3437 2074 3589 2132 Cum

185 2162 536 2219 meritorum
575 2157 890 2225 sustinere,
923 2155 1248 2224 nescimus,
1276 2151 1384 2208 sed
1407 2150 1605 2207 solum
1625 2144 1832 2204 mirari

1949 2157 2116 2229 igitur
2142 2158 2319 2216 Pater
2355 2163 2599 2218 sanctus
2615 2144 2941 2220 asserendo
2967 2163 3148 2232 dicat,
3180 2144 3418 2221 animas
3445 2177 3590 2236 pue-

188 2265 523 2324 possumus.
553 2244 884 2305 Praesertim
902 2260 1043 2302 cum
1071 2243 1146 2300 de
1164 2242 1280 2299 hoc
1305 2239 1513 2314 populi
1542 2253 1720 2295 aures
1743 2249 1832 2292 re-

1949 2263 2143 2306 rorum
2169 2262 2294 2306 non
2315 2249 2754 2323 baptizatorum
2773 2267 2886 2310 nec
2900 2253 3170 2325 paradisi
3195 2253 3418 2327 perfrui
3444 2268 3589 2325 gau-

199 2339 400 2413 Ρὶθδιιὶ
419 2341 482 2395 in
498 2335 782 2420 900195“?
807 2334 870 2391 in
917 2332 1116 2391 οίΠοίο
1165 2345 1276 2388 δυο
1313 2329 1715 2420 frequentatoo
1937 2337 2075 2410 diis,
2101 2353 2300 2412 neque
2327 2339 2544 2398 iterum
2565 2341 2866 2398 cruciatus
2887 2341 3127 2412 inferni,
3149 2325 3292 2400 cum
3322 2343 3440 2399 sint
3459 2341 3592 2399 sine

207 2415 964 2497 cunlenimdemal‘lyribus
989 2422 1102 2479 είοε
1132 2441 1160 2471 (ε
1197 2415 1834 2505 ῐθᾶωοείεείωξωεξτῒῖ·
1938 2427 2276 2486 actualibus
2304 2429 2586 2502 peccatis,
2651 2430 2960 2499 sustinere,
3011 2429 3249 2505 reliquit
3275 2429 3337 2488 in
3383 2436 3594 2489 nostra

197 2531 309 2582 res,
325 2533 420 2574 vos
438 2522 582 2574 terra
601 2529 728 2572 non
743 2510 1075 2577 absorbuit,
1088 2509 1179 2567 vel
1197 2507 1473 2572 occultat,
1490 2504 1594 2562 sed
1612 2501 1832 2561 coelum
1937 2501 2325 2588 intelligentia;
2341 2517 2542 2575 locum
2559 2519 2821 2589 tertium,
2842 2519 2947 2576 ubi
2967 2501 3187 2578 animi,
3213 2520 3444 2591 unum,
3471 2519 3592 2577 Deo

192 2606 462 2679 suscepit,
499 2610 558 2662 et
583 2605 747 2661 intus
793 2601 1144 2659 exsistentes
1194 2597 1360 2668 ligno
1390 2595 1526 2652 vitae
1553 2606 1833 2651 rcmune-
1935 2604 2203 2677 jubente,
2237 2610 2378 2678 post
2399 2605 2558 2662 hanc
2581 2606 2771 2664 vitam
2817 2607 3204 2681 recipiuntur,
3249 2608 3312 2665 in
3336 2622 3455 2681 quo
3485 2606 3593 2665 sci.

184 2694 291 2752 rati
341 2695 526 2752 estis:
576 2691 745 2766 apud
799 2690 1097 2748 Christum
1152 2685 1516 2751 intercedite,
1573 2688 1639 2740 ut
1661 2681 1836 2739 detur
1939 2693 2209 2752 ιίοεεηθο
2261 2694 2409 2753 boni
2445 2697 2851 2768 praesentiam,
2896 2712 3009 2755 nec
3055 2697 3202 2754 mali
3250 2697 3594 2755 sensibilem

183 2784 354 2842 nobis
385 2800 510 2857 pax
531 2788 586 2841 et
605 2797 834 2856 magna
859 2778 1289 2838 misericordia.
1324 2799 1352 2827 »

253 2875 437 2931 Item:
463 2895 493 2923 «
529 2872 672 2940 Vos,
729 2871 835 2944 qui
883 2885 996 2944 pro
1038 2867 1230 2926 Verbo
1279 2865 1445 2938 passi
1473 2862 1613 2920 estis
1639 2875 1834 2934 usque

183 2962 257 3020 ad
290 2968 579 3029 mortem,
637 2959 892 3028 athletae,
952 2957 1187 3016 animas
1229 2953 1478 3029 quidem
1507 2950 1745 3009 habetis
1773 2949 1835 3006 in

1941 2799 2189 2856 pmnam
2239 2783 2510 2857 aliquam
2564 2786 2966 2859 experiantur.
3019 2787 3089 2842 Et
3115 2786 3255 2844 licet
3291 2787 3433 2844 huic
3458 2785 3594 2844 loco

1942 2875 2112 2930 Pater
2127 2878 2370 2930 sanctus
2389 2889 2614 2932 nomen
2633 2891 2758 2932 non
2780 2876 3150 2949 imposuerit,
3175 2877 3370 2933 sancti
3391 2880 3594 2933 tamen

1945 2962 2152 3030 Latini,
2184 2967 2250 3020 ut
2267 2965 2654 3035 Augustinus.
2689 2967 3004 3038 Gregorius
3033 2970 3090 3023 et
3118 2965 3335 3036 cteteri,
3367 2965 3593 3039 quippe

182 3051 345 3108 callis
375 3052 439 3108 in
463 3066 656 3108 manu
680 3049 801 3120 Deis
834 3054 890 3106 εί
910 3063 1018 3122 P9P
1043 3046 1394 3103 universum
1415 3041 1626 3099 01‘me
1646 3041 1838 3096 h0n0'
1865 3064 1906 3120 c
1943 3052 2050 3125 qui
2079 3051 2295 3109 eodem
2323 3054 2534 3126 spiritu
2573 3054 2784 3126 repleti
2833 3055 3093 3123 fuerunt,
3124 3054 3592 3111 determinantes

181 3141 420 3199 ramini.
454 3143 692 3196 Vestras
716 3137 999 3212 reliquias
1023 3135 1368 3193 sacerdotes
1397 3136 1456 3188 et
1489 3145 1662 3202 reges
1690 3128 1836 3186 ado-

179 3237 334 3300 rant,
355 3235 418 3288 et
437 3244 652 3288 omnes
672 3227 881 3302 populi
899 3225 1267 3284 exsultantes
1297 3220 1521 3280 assueti
1541 3219 1832 3276 clamant:

178 3323 442 3378 Somnus
475 3319 776 3393 pretiosus
807 3321 895 3375 est
921 3316 986 3373 in
1049 3317 1376 3388 conspectu
1406 3308 1641 3368 Domini
1671 3322 1837 3365 mors

180 3415 536 3467 sanctorum
575 3407 731 3480 ejus.
770 3430 791 3456 ι

244 3503 396 3556 Item
417 3498 481 3554 in
510 3497 724 3555 eodem
745 3494 944 3553 ofﬁcio
975 3493 1119 3552 talia
1151 3493 1512 3550 cantantur:
1547 3510 1578 3540 ‹‹
1611 3486 1837 3544 Chorus

178 3595 532 3647 sanctorum
555 3587 786 3646 invenit
803 3586 1030 3644 fontem
1075 3584 1235 3652 vitae,
1262 3583 1517 3655 ianuam
1547 3575 1834 3651 paradisi.

178 3678 494 3736 inveniam
511 3683 570 3735 et
593 3692 706 3750 ego
726 3676 968 3734 veniam
990 3689 1100 3749 per
1122 3669 1572 3747 paenitentiam;
1595 3666 1724 3724 ovis
1749 3681 1836 3723 er-

177 3767 464 3825 rabunda
491 3782 605 3839 ego
634 3782 808 3823 sum:
861 3780 1076 3822 revoca
1103 3778 1221 3832 me,
1265 3759 1554 3827 Salvator,
1585 3761 1644 3814 et
1670 3755 1837 3814 salva

177 3872 293 3915 me.
329 3878 364 3908 ι)

247 3948 442 4005 Item:
476 3969 506 3998 κ
544 3950 650 4004 Per
698 3962 810 4003 vos
844 3989 861 4016 ,
904 3943 1011 4019 qni
1050 3941 1444 4017 praedicantes
1468 3941 1705 4008 Agnum
1733 3934 1835 3998 Dei

180 4037 364 4095 occisi
398 4036 538 4093 estis
569 4041 636 4092 ut
683 4051 853 4099 oves,
884 4039 943 4091 et
993 4033 1072 4092 ad
1099 4033 1288 4089 vitam
1316 4045 1454 4102 quae
1493 4027 1620 4083 sine
1666 4023 1834 4082 senio

178 4132 288 4196 est,
319 4130 384 4184 et
403 4125 833 4198 sempiternam
887 4121 1235 4196 transpositi
1283 4118 1442 4176 estis.
1477 4116 1644 4172 Hunc
1672 4113 1834 4170 enim

179 4222 426 4288 Agnum
451 4215 733 4272 attentius
763 4217 1060 4286 martyres
1088 4210 1284 4284 petite,
1313 4207 1654 4265 debitorum
1681 4203 1832 4262 solu-

177 4306 411 4363 tionem
438 4304 616 4362 nobis
641 4303 957 4360 donantes.
995 4323 1017 4352 ι

250 4397 404 4452 Item
436 4394 500 4450 in
526 4392 733 4451 Ofﬁcio
778 4395 1157 4449 mortuorum
1205 4387 1347 4445 talia
1385 4401 1497 4459 pro
1535 4383 1835 4442 defunctis

182 4488 362 4540 orant
380 4499 394 4538 :
411 4505 438 4534 ‹‹
455 4485 622 4539 Dona
641 4482 1116 4555 requiem,Deus,
1133 4477 1376 4536 famulis
1394 4476 1532 4546 tuis,
1548 4479 1606 4532 et
1623 4473 1840 4531 ordina

185 4588 286 4630 eos
305 4573 369 4629 in
392 4571 698 4646 paradiso,
715 4570 820 4628 ubi
836 4570 1004 4628 chori
1026 4571 1374 4626 sanctorum
1392 4569 1552 4629 sunt,
1565 4562 1836 4632 Domine,

187 4666 242 4717 et
265 4662 417 4733 justi
457 4659 690 4731 fulgent
741 4659 802 4715 in
829 4657 1039 4730 gloria,
1076 4677 1106 4706 ‹‹
1138 4657 1237 4712 His
1261 4654 1344 4711 ita
1367 4669 1430 4710 se
1455 4651 1839 4720 habentibus,

186 4752 323 4824 quis
354 4765 565 4808 eorum
595 4751 792 4824 potest
819 4745 1092 4805 excusari
1116 4744 1192 4801 de
1217 4742 1602 4816 ignorantia?

403 4966 493 5023 De
513 4974 772 5038 quatuor
791 4959 1177 5036 receptaculis
1196 4958 1642 5030 defunctorum.

254 5161 373 5219 Sed
405 5165 462 5218 et
481 5162 533 5218 si
557 5161 696 5236 plus
748 5159 975 5236 aliquid
1026 5153 1176 5215 scire
1237 5155 1488 5229 cupiunt
1534 5155 1720 5212 Grieci
1767 5151 1843 5210 de

186 5251 513 5310 animabus
535 5251 980 5316 defunctorum,
999 5247 1201 5320 legant
1229 5250 1287 5302 et
1301 5244 1634 5316 intelligant
1656 5243 1842 5300 libros

185 5357 351 5414 suos,
385 5345 444 5398 et
469 5341 771 5398 invenient
813 5344 1074 5413 quatuor
1128 5333 1507 5408 receptacula
1533 5333 1844 5390 defuncto-

182 5445 346 5496 rum,
375 5429 598 5487 scilicet
617 5429 835 5488 calum
857 5437 1234 5500 empyreum,
1253 5423 1420 5496 quod
1449 5425 1506 5479 et
1526 5421 1844 5494 paradisus

1943 3140 2020 3198 de
2049 3141 2296 3198 nomine
2319 3141 2457 3212 loci,
2477 3143 2639 3199 hunc
2658 3143 2860 3200 locum
2903 3145 3101 3200 sinum
3152 3144 3438 3209 Abrahae,
3472 3141 3594 3198 sive

1943 3228 2212 3287 limbum-
2248 3231 2739 3302 nominaverunt,
2770 3232 2830 3288 in
2868 3246 3052 3306 quem
3101 3236 3238 3289 ante
3267 3230 3594 3288 adventum

1946 3318 2154 3376 Christi
2171 3319 2358 3376 sancti
2372 3323 2570 3377 Patres
2582 3319 3052 3377 descendebant.
3066 3323 3232 3377 Nunc
3243 3333 3388 3376 vero
3399 3318 3592 3392 pueri,

1943 3408 2049 3481 qui
2078 3407 2310 3482 absque
2338 3407 2643 3482 baptismo
2684 3408 3006 3483 decedunt,
3051 3409 3183 3466 sine
3207 3424 3391 3483 parua
3413 3407 3596 3466 sensi-

1943 3495 2066 3569 bili,
2095 3501 2162 3556 ut
2186 3497 2415 3556 dictum
2441 3501 2550 3568 est,
2594 3497 2951 3572 detinentur,

2250 3680 2552 3754 Probatio,
2586 3679 2748 3754 quod
2772 3681 2852 3738 sit
2876 3680 3320 3754 purgatorium.

2015 3889 2095 3946 De
2124 3892 2342 3964 quarto
2388 3887 2546 3955 loco,
2585 3883 2650 3942 id
2691 3887 2781 3941 est
2823 3881 3197 3956 purgatorio,
3240 3878 3430 3938 multa
3466 3891 3600 3935 san.

1943 3981 2176 4037 ciorum
2200 3982 2443 4038 Patrum
2468 3973 2813 4034 testimonia
2839 3972 3194 4044 reperimus.
3225 3971 3292 4026 Et
3311 3967 3507 4042 primo
3534 3967 3599 4024 in

1940 4069 2208 4142 Epistola
2255 4069 2332 4126 ad
2369 4057 2722 4129 Corinthios,
2765 4059 2869 4118 ubi
2896 4060 3161 4132 loquitur
3212 4056 3531 4130 Apostolus
3584 4086 3601 4126 ε

1939 4161 2423 4218 Fundamentum
2441 4156 2614 4214 aliud
2628 4168 2796 4210 nemo
2811 4156 3002 4223 potest
3026 4162 3266 4219 ponere,
3291 4152 3518 4218 praeter
3535 4145 3600 4201 id

1869 4279 1916 4334 ι)
1943 4249 2104 4322 quod
2128 4249 2380 4319 positum
2411 4250 2516 4312 est,
2550 4243 2708 4316 quod
2731 4247 2815 4298 est
2842 4239 3120 4297 Christus
3157 4238 3348 4294 Jesus.
3375 4235 3441 4292 Si
3467 4237 3600 4307 quis

1945 4342 2141 4395 autem
2169 4334 2610 4406 superaediﬁcat
2638 4346 2824 4401 supra
2863 4329 3326 4400 fundamentum
3358 4325 3602 4390 hoc,au-

1946 4443 2102 4497 rum,
2125 4431 2465 4498 argentum,
2489 4422 2781 4493 pretiosos
2805 4417 3050 4489 lapides,
3075 4418 3330 4488 lignum,
3345 4414 3598 4484 fumum,

1946 4517 2232 4587 stipulam
2249 4530 2260 4570 :
2278 4513 2749 4582 uniuscujusque
2761 4522 2907 4578 opus
2922 4505 3305 4574 manifestum
3319 4501 3600 4558 erit.Dies

1950 4607 2104 4662 enim
2133 4601 2377 4661 Domini
2401 4598 2760 4668 declarabit,
2789 4599 2892 4670 qui
2924 4596 2987 4651 in
3027 4595 3159 4666 igne
3191 4589 3597 4656 revelabitur;

1951 4699 2005 4752 et
2026 4694 2498 4763 uniuscujusque
2513 4704 2680 4760 opus,
2705 4687 2882 4759 quale
2901 4687 2999 4752 sit,
3019 4683 3180 4755 ignis
3203 4679 3505 4752 probabit.
3538 4677 3606 4735 Si

1951 4786 2278 4854 cujusopus
2319 4777 2804 4850 manserit,quod
2837 4771 3357 4845 supermdiﬁcavit,
3385 4782 3604 4826 merce-

1951 4872 2081 4929 dem
2100 4872 2350 4942 accipiet
2364 4887 2388 4942 ;
2402 4871 2455 4926 si
2462 4883 2607 4938 opus
2624 4863 3283 4935 arserit,detrimentum
3293 4858 3602 4931 patietur;

1951 4969 2284 5036 ipseautem
2297 4962 2500 5020 salvus
2529 4958 2642 5015 erit
2666 4956 2776 5025 ;sic
2799 4959 2996 5010 tamen
3027 4949 3600 5022 quasiperignem“.

1955 5056 2102 5114 Cum
2125 5053 2374 5128 quidam
2394 5051 2709 5106 doctorum
2738 5057 2989 5100 suorum
3010 5041 3164 5096 inter
3192 5053 3295 5095 eos
3320 5037 3603 5095 attentius

1950 5151 2016 5204 ut
2033 5126 2256 5200 dictum
2270 5143 2469 5199 locum
2487 5137 2832 5210 exponeret,
2863 5130 3111 5202 adjecit:
3138 5149 3166 5177 ‹‹
3187 5131 3394 5198 ignem
3423 5126 3603 5182 istum

1951 5234 2248 5294 credimus
2285 5233 2656 5306 καθάρτήριον,
2687 5224 2750 5281 id
2799 5226 2885 5280 est
2922 5217 3498 5284 mundificatorium,
3540 5215 3602 5270 in

1949 5341 2074 5401 quo
2105 5324 2322 5381 animae
2347 5319 2769 5376 defunctorum
2798 5311 3134 5387 probantur
3158 5312 3450 5380 tanquam
3495 5317 3603 5360 au-

1948 5431 2086 5475 rum
2113 5413 2178 5470 in
2205 5411 2465 5470 fornace.
2505 5429 2534 5458 »

258 5558 307 5595 ⁶⁰
338 5554 539 5615 Matth.
571 5572 624 5623 x,
653 5557 747 5614 13.
775 5556 820 5593 ἰ
851 5552 874 5608 Ι
909 5553 1040 5612 Cor.
1079 5565 1182 5621 vn,
1211 5550 1305 5610 14.
1329 5549 1376 5585 ⁶²
1407 5548 1452 5606 Ι.
1483 5547 1614 5605 Cor.
1648 5560 1732 5618 iii,
1767 5547 1961 5605 11-15.

262 5683 375 5756 (ιι)
407 5677 670 5738 Actualis
700 5677 946 5736 scilicet.
