4106 6222
474 335 587 399 Ulli

1706 332 2186 399 PANTAL‘EONIS
2222 326 2513 399 mecm
2552 341 2652 397 CP-

486 468 703 526 Sancta
726 481 970 541 quoque
1024 465 1303 534 Macrina,
1351 476 1521 522 soror
1548 462 1708 522 beati
1736 464 1948 531 Basilii,
1982 480 2120 523 cum
2150 471 2196 524 Α
2233 482 2341 540 per
2367 466 2612 525 beatum
2644 464 3026 539 Gregorium,
3058 464 3163 541 qui
3195 463 3480 536 Dialogus
3522 464 3762 533 dicitur,
3792 464 3921 523 fuit

484 562 641 613 esset
664 556 1009 613 liberalibus
1038 555 1247 611 studiis
1273 554 1508 611 imbuta
1528 559 1586 610 et
1642 556 1861 627 Spiritu
1918 562 2125 612 sancto

485 645 725 716 repleta,
754 644 905 699 inter
932 644 1051 698 alia
1074 659 1211 714 qum
1231 642 1307 698 de
1347 643 1533 698 sacris
1582 642 2018 699 eruditionibus
2043 644 2127 699 di-

482 732 1514 805 vinarumScripturarumcxposuit,
1533 732 1607 787 de
1622 733 1756 802 igne
1784 733 2127 804 purgatorio

486 823 625 879 talia
651 828 863 878 testata
911 830 1003 878 est
1042 823 1283 877 dicens:
1312 844 1338 871 ε(
1383 823 1623 893 Oportet
1665 824 1930 877 animam
1954 822 2032 878 ad
2057 823 2127 877 si-

484 912 880 968 militudinem
909 912 1010 965 Dei
1034 911 1279 975 factam,
1305 911 1384 965 ad
1410 912 1607 982 ipsum
1640 911 1829 966 redire
1855 930 1866 975 ;
1896 926 2015 966 non
2040 926 2127 966 rc-

485 1001 572 1056 dit
596 1005 797 1055 autem
816 1000 929 1054 nisi
960 1005 1250 1070 purgata;
1280 1004 1571 1070 purgatur
1602 1014 1744 1054 vero
1768 1015 1873 1071 per
1903 1001 2127 1069 ignem,

484 1090 798 1162 posthanc
839 1089 1023 1143 vitam
1047 1093 1347 1159 paratum.
1381 1109 1409 1135 η

556 1178 717 1233 Istud
743 1177 1149 1232 testimonium
1178 1176 1469 1247 reperitur
1521 1176 1582 1230 in
1635 1176 1985 1231 tractatibus
2028 1177 2132 1250 qui

483 1268 762 1323 Macrina
799 1266 1207 1321 nominantur.
1253 1264 1369 1320 Sed
1423 1265 1623 1320 forsan
1667 1265 1865 1320 dicent
1914 1265 2129 1321 nobis:

482 1360 600 1411 Nos
648 1354 1056 1411 testimonium
1088 1352 1407 1409 mulierum
1450 1368 1574 1408 non
1604 1354 1927 1409 credimus.
1953 1357 2088 1409 Esto
2114 1355 2128 1408 ε

483 1443 742 1499 Audiant
768 1444 947 1511 igitur
975 1442 1216 1497 fratrem
1252 1442 1524 1512 ejusdem
1553 1441 1799 1511 virginis
1840 1456 2132 1511 magnum

482 1533 789 1589 doctorem
820 1530 1087 1585 Ecclesiae
1107 1530 1352 1585 beatum
1394 1530 1741 1599 Gregorium
1770 1534 2129 1601 Nyssenum,

483 1637 643 1693 quas,
678 1625 735 1675 et
761 1618 968 1691 qualia
998 1618 1057 1671 in
1088 1632 1391 1683 sermone,
1424 1618 1615 1689 quiin
1639 1618 1835 1689 primo
1869 1618 2135 1674 Sabbato

484 1713 912 1783 postPeutecos
921 1712 1016 1762 ten
1028 1706 1087 1761 in
1100 1706 1675 1762 commemoratione
1690 1706 2132 1769 defunctorum,

487 1799 724 1867 legitur,
776 1796 851 1850 de
923 1796 1061 1864 igne
1110 1793 1457 1865 purgatorio
1519 1794 1735 1849 referat
1770 1796 2131 1851 testimonia.

493 1887 638 1944 Dicit
668 1886 828 1941 enim
878 1901 951 1938 :«
990 1883 1047 1937 Si
1098 1883 1432 1938 humanam
1477 1889 1752 1938 naturam
1801 1884 2136 1939 voluntarie

485 1978 658 2046 juxta
674 1974 843 2029 liberi
861 1972 1088 2027 arbitrii
1110 1975 1344 2026 motum
1360 1970 1607 2042 quidem
1626 1970 1967 2027 indecenter
1984 1988 2135 2044 prae-

490 2063 833 2134 cipitantem
863 2075 947 2127 se,
974 2058 1259 2114 violenter
1278 2072 1350 2113 ac
1372 2064 1579 2114 coacte
1605 2059 1679 2114 ad
1737 2075 1916 2114 suum
1958 2060 2136 2116 bene-

490 2151 775 2222 placitum
796 2152 1234 2219 transponeret,
1262 2147 1323 2202 id
1352 2150 1458 2211 est,
1493 2147 1567 2202 ad
1594 2164 1655 2202 se
1674 2148 1932 2203 traheret
1962 2151 2134 2213 Deus,

489 2240 584 2294 vel
610 2238 936 2301 induceret,
966 2234 1188 2292 ablatio
1212 2239 1371 2291 esset
1405 2235 1535 2291 hasc
1558 2236 1763 2308 utique
1788 2237 2134 2307 prazhabitze

487 2327 769 2383 bonitatis
793 2332 851 2381 et
898 2323 1332 2395 aequipollentis
1370 2324 1471 2379 Dei
1513 2324 1817 2393 dignitatis
1856 2325 2129 2395 privatio.

490 2414 743 2486 IEquale
774 2413 875 2467 Dei
902 2417 991 2468 est
1017 2411 1270 2467 liberum
1300 2411 1639 2468 arbitrium.
1677 2415 1745 2468 Ut
1769 2428 1911 2482 ergo
1945 2420 2001 2469 et
2026 2430 2132 2485 po-

491 2508 674 2558 testas
702 2506 970 2557 maneret
999 2506 1251 2568 naturae,
1281 2504 1339 2555 et
1366 2499 1598 2555 malum
1618 2498 1974 2569 aboleretur,
2020 2504 2133 2559 hoc

491 2591 716 2647 invenit
735 2589 835 2644 Dei
877 2588 1167 2659 sapientia
1195 2588 1530 2654 consilium,
1562 2588 1859 2645 dimittere
1916 2590 2137 2649 scilicet

490 2680 801 2737 hominem
829 2678 889 2733 in
918 2678 1030 2744 his,
1061 2676 1123 2731 in
1149 2676 1374 2748 quibus
1400 2678 1588 2733 voluit
1614 2693 1771 2742 esse,
1795 2685 1861 2734 ut
1885 2681 2135 2750 gustatis

492 2768 687 2834 malis,
718 2782 856 2839 quas
881 2770 1164 2838 operatus
1179 2770 1287 2832 est,
1308 2781 1519 2821 rursus
1549 2767 1754 2823 redeat
1780 2784 1888 2840 per
1907 2769 2137 2825 deside-

489 2859 643 2915 rium
674 2855 1076 2912 voluntarium
1104 2854 1183 2910 ad
1202 2854 1514 2925 pristinam
1532 2854 1981 2926 beatitudinem,
2013 2873 2140 2913 om-

491 2962 689 3019 neque
711 2945 989 3000 vitiosum
1014 2948 1073 2998 et
1115 2942 1521 2999 irrationabile
1543 2944 1857 3015 quoddam
1897 2946 2140 3017 pondus

490 3041 880 3108 postponens,
904 3037 961 3087 et
994 3047 1312 3087 removens
1342 3047 1378 3087 a
1408 3038 1643 3104 natura,
1702 3034 1826 3089 sive
1854 3036 2137 3106 praesenti
2167 3057 2208 3109 ο

491 3127 608 3181 vita
633 3140 740 3197 per
778 3123 1079 3179 orationes
1122 3126 1179 3177 et
1221 3122 1669 3179 observantiam
1710 3125 2139 3181 mandatorum

489 3213 832 3285 expleatur:
867 3210 963 3267 vel
987 3216 1121 3283 post
1164 3211 1323 3266 hanc
1345 3211 1527 3267 vitam
1575 3214 1817 3285 penitus
1870 3229 1977 3285 per
2002 3228 2141 3285 pur-

493 3301 710 3373 gatorii
734 3300 889 3370 ignis
911 3299 1339 3355 conﬂationem
1365 3304 1685 3371 purgetur.
1725 3321 1755 3351 η

565 3395 711 3447 Item
754 3389 969 3446 beatus
1026 3388 1295 3451 Basﬂius,
1363 3388 1753 3446 introducens
1811 3406 2141 3462 personam

494 3478 758 3536 defuncti
796 3477 1142 3550 loquentem
1196 3477 1259 3533 in
1306 3477 1512 3533 Ofﬁcio
1568 3484 1947 3535 mortuorum
2000 3479 2142 3536 talia

496 3568 674 3624 dicit:
708 3568 971 3635 «Imago
998 3582 1133 3620 sum
1169 3565 1486 3621 ineffabilia
1531 3566 1734 3636 glorise
1779 3573 1913 3623 tuae.
1966 3571 2033 3624 Et
2090 3569 2141 3623 si

496 3658 780 3726 stigmata
794 3654 887 3710 vel
904 3654 1256 3725 punctiones
1275 3659 1448 3725 porto
1463 3655 1837 3727 delictorum,
1862 3658 2141 3712 miserere

497 3750 615 3801 tuae
646 3742 1082 3816 plasmationis,
1112 3743 1378 3809 Domine,
1424 3748 1478 3799 et
1529 3760 1724 3816 purga
1771 3762 1877 3817 per
1913 3746 2143 3801 viscera

497 3832 921 3890 misericordia:
944 3836 1087 3888 tute:
1113 3837 1170 3887 et
1219 3831 1680 3889 desiderabilem
1727 3835 2141 3907 paenitentiam

497 3922 760 3983 concede
780 3923 947 3991 mihi,
969 3922 1237 3996 paradisi
1258 3922 1450 3979 civem
1474 3939 1684 3979 rursus
1715 3924 1939 3981 faciens
1965 3941 2080 3981 me.
2110 3948 2138 3976 ››

538 4018 683 4072 Item
696 4013 1198 4083 Damascenus,in
1219 4028 1496 4069 sermone
1518 4019 1915 4081 mortuorum,
1932 4014 2140 4071 volens

496 4104 752 4177 probare
769 4103 933 4176 quod
955 4103 1374 4175 eleemosynze,
1413 4107 1468 4158 et
1483 4104 1806 4171 orationes,
1834 4109 1891 4160 et
1906 4103 2023 4160 alia
2038 4104 2143 4161 be-

494 4194 710 4251 neficia
732 4193 1001 4248 Ecclesia:
1019 4193 1249 4265 prosint
1264 4192 1584 4255 defunctis,
1602 4192 1944 4259 introducit,
1974 4193 2143 4249 verbi

497 4282 708 4352 gratia,
727 4282 1089 4352 exemplum,
1109 4281 1273 4353 quod
1290 4282 1349 4335 in
1367 4282 1506 4336 Vitis
1524 4286 1761 4337 Patrum
1781 4282 1854 4337 de
1872 4282 2141 4354 quodam

497 4370 793 4442 discipulo
824 4369 1138 4440 cujusdam
1162 4370 1347 4425 Patris
1393 4370 1625 4441 legitur,
1650 4376 1707 4426 et
1735 4370 1913 4426 dicit:
1940 4395 1969 4423 ‹‹
1993 4373 2142 4427 Cum

497 4462 698 4515 autem
725 4456 1040 4512 defunctus
1060 4460 1215 4511 esset
1231 4456 1561 4528 discipulus
1585 4458 1735 4528 ejus,
1770 4459 1917 4513 scire
1940 4458 2143 4515 volens

498 4561 695 4615 senex,
723 4561 855 4618 quae
877 4549 933 4600 et
962 4544 1163 4617 qualia
1183 4546 1497 4600 meruisset
1523 4546 1583 4599 in
1630 4546 1753 4600 vita
1778 4562 1887 4601 sua
1909 4547 2143 4617 juvenis

496 4634 791 4706 ille,ccepit
802 4648 976 4689 aures
990 4632 1222 4688 Domini
1236 4633 1573 4688 orationum
1587 4633 1869 4689 instantia
1882 4635 2140 4707 pulsare.

500 4727 765 4798 Cumque
812 4724 926 4779 ista
970 4737 1077 4794 per
1113 4720 1318 4794 aliqua
1372 4720 1659 4777 horarum
1697 4721 1889 4794 spatia
1913 4722 2142 4794 ﬁerent,

496 4816 645 4872 vidit
673 4830 852 4870 senex
874 4811 1226 4885 praedictum
1243 4810 1527 4881 juvenem
1555 4810 1615 4865 in
1640 4810 1825 4867 ﬂuvio
1851 4812 2027 4882 igneo
2050 4830 2147 4870 us-

498 4920 615 4977 que
630 4903 707 4960 ad
723 4902 928 4973 gulam
950 4902 1322 4957 demersum.
1347 4903 1495 4958 Cum
1510 4916 1650 4956 vero
1662 4902 1916 4957 orationi
1932 4902 2146 4958 anxius

497 4993 891 5061 incumberet,
906 4990 1210 5063 prospexit
1223 4988 1504 5045 eumdem
1519 5005 1711 5062 usque
1725 4989 1799 5045 ad
1815 4990 2142 5060 cingulum.

501 5079 716 5136 Ultimo
736 5085 937 5137 autem
966 5080 1251 5136 orationis
1278 5078 1571 5135 beneﬂcio
1591 5095 1663 5135 ex
1687 5082 1811 5135 toto
1827 5078 2145 5136 liberatum

499 5168 752 5241 aspexit.
787 5189 815 5218 ››

573 5256 688 5315 Sed
712 5256 913 5312 dicent
940 5255 1142 5312 forsan
1183 5255 1397 5312 Graeci:
1425 5278 1452 5305 «
1486 5258 1690 5326 Ignem
1739 5256 1920 5313 istum
1959 5257 2146 5313 credi-

498 5364 633 5404 mus
651 5347 853 5418 ignem
874 5345 1245 5412 infernalem,
1265 5361 1301 5401 a
1320 5360 1442 5417 quo
1461 5346 1640 5401 etiam
1659 5345 1910 5418 quidam
1931 5346 2145 5403 virtute

499 5435 787 5496 orationis
816 5434 1163 5499 liberantur,
1195 5438 1260 5489 ut
1315 5433 1606 5505 Trajanus
1642 5434 1989 5506 imperator,
2042 5433 2147 5507 qui

568 5636 621 5713 9³
646 5638 670 5692 I
699 5636 831 5693 Cor.
866 5649 947 5703 in,
986 5637 1070 5691 11.

2234 561 2620 613 sustentatus.
2652 580 2679 606 ››
2697 557 2812 611 Sed
2842 560 3049 612 contra
3068 556 3281 613 beatus
3318 554 3564 612 Basilius
3598 558 3659 611 in
3684 555 3913 613 Ofﬁcio

2235 651 2631 709 mortuorum,
2646 646 3101 701 deinfructuosa
3115 645 3463 717 prenitentia
3477 646 3915 701 exsistentinm

2238 734 2297 790 in
2319 735 2549 790 inferno
2575 734 2710 790 talia
2732 736 2978 790 fatetur:
3008 757 3034 783 α
3071 734 3220 799 Quid
3246 734 3503 789 turbaris
3527 735 3915 807 importune,

2238 840 2272 879 o
2300 825 2525 879 homo?
2551 840 2669 879 una
2695 824 2858 890 hora,
2893 829 2949 878 et
2979 824 3184 879 omnia
3212 828 3604 907 praetereunt:
3639 840 3766 878 non
3814 830 3919 880 est

2238 914 2297 968 in
2327 913 2557 968 inferno
2580 913 2923 985 paenitentia
2952 932 2964 977 ;
2989 928 3099 967 nec
3130 918 3217 968 est
3236 912 3318 967 ibi
3368 912 3627 983 requies.
3652 912 3741 968 Ibi
3770 929 3917 967 ver-

2240 1004 2376 1072 mis,
2402 1004 2505 1074 qui
2530 1018 2649 1057 non
2678 1002 2917 1072 dormit,
2951 1002 3030 1056 ibi
3066 1008 3220 1057 terra
3265 1000 3529 1057 obscura
3556 1006 3614 1056 et
3640 1006 3770 1057 tota
3800 1017 3913 1056 ne—

2238 1092 2477 1148 bulosa.
2520 1114 2545 1140 »

2314 1181 2458 1236 Item
2490 1180 2701 1235 beatus
2731 1178 3111 1246 Athanasius,
3136 1195 3274 1233 cum
3292 1183 3716 1249 queereretura
3735 1194 3908 1250 quo-

2242 1270 2405 1334 dam,
2431 1285 2565 1341 quze
2588 1273 2785 1323 esSent
2802 1267 2901 1322 illa
2920 1273 3187 1338 peccata,
3211 1283 3346 1338 quae
3368 1282 3474 1338 per
3491 1268 3819 1333 orationes,
3847 1270 3908 1322 et

2244 1359 2362 1414 alia
2393 1357 2704 1425 beneﬁcia,
2734 1364 2791 1411 et
2814 1355 3103 1428 suffragia
3133 1355 3435 1411 diluentur
3462 1362 3599 1427 post
3620 1362 3906 1423 mortem,

2244 1446 2550 1519 respondit
2572 1446 2839 1500 dehis:«
2866 1446 3118 1513 Magnus
3161 1445 3482 1515 Dionysius
3515 1446 3599 1499 sic
3630 1444 3810 1499 dicit:
3848 1446 3905 1499 Si

2245 1536 2486 1609 quidem
2508 1534 2661 1589 levia
2681 1539 2736 1588 et
2754 1534 2997 1588 subtilia
3016 1533 3307 1587 exsistunt
3324 1541 3571 1603 peccata
3591 1534 3914 1588 defuncto-

2245 1641 2399 1687 rum,
2425 1623 2761 1694 percipiunt
2791 1616 3101 1677 utilitatem
3133 1621 3206 1676 de
3256 1620 3584 1683 beneﬁciis,
3627 1638 3763 1692 quin
3799 1636 3915 1694 pro

2244 1714 2328 1767 eis
2347 1711 2563 1767 fuerint
2586 1730 2597 1764 :
2620 1712 2667 1765 si
2687 1727 2826 1766 vero
2849 1711 3058 1778 gravia
3083 1710 3173 1765 vel
3197 1710 3394 1783 turpia
3417 1710 3636 1765 fuerint
3655 1718 3915 1782 peccata

2244 1802 2525 1865 hominis,
2561 1801 2852 1856 conclusit
2884 1804 3096 1855 contra
3124 1815 3284 1865 eum,
3309 1800 3401 1854 vel
3441 1799 3732 1854 adversus
3764 1814 3909 1855 eum

2245 1895 2420 1947 Deus.
2448 1894 2660 1945 Verum
2692 1894 2893 1944 tamen
2936 1892 3169 1960 oportet
3216 1904 3324 1943 nos
3348 1904 3555 1942 curam
3586 1903 3797 1956 gerere
3830 1890 3911 1943 de

2244 1979 2501 2051 propriis
2517 1978 2859 2045 animabus,
2875 1983 2929 2033 et
2946 1993 3067 2032 non
3085 1993 3328 2049 sperare
3344 1982 3479 2048 post
3506 1984 3763 2031 mortem
3792 1993 3907 2048 per

2243 2068 2390 2123 alias
2405 2067 2738 2123 oblationes
2756 2066 3043 2137 consequi
3058 2066 3295 2121 veniam
3319 2065 3694 2120 delictorum.
3716 2087 3742 2114 ››
3766 2068 3908 2121 Haec

2244 2163 2296 2212 et
2322 2158 2415 2211 his
2439 2156 2655 2211 similia
2682 2155 2743 2210 in
2771 2156 2911 2211 Vitis
2944 2157 3203 2219 Patrum,
3259 2159 3314 2209 et
3346 2154 3405 2209 in
3447 2154 3692 2224 Dialogo
3744 2155 3912 2210 beati

2243 2246 2523 2315 Gregorii,
2574 2261 2752 2317 quem
2807 2243 3073 2299 similiter
3123 2244 3437 2316 recipiunt,
3468 2242 3542 2298 de
3573 2244 3912 2298 animabus

2241 2337 2660 2391 defunctorum
2691 2334 3067 2405 reperiuntur
3088 2332 3472 2391 testimonia:
3506 2348 3641 2403 quae
3672 2346 3913 2405 purga-

2239 2426 2457 2482 torium
2497 2425 2695 2479 locum
2725 2428 2861 2496 post
2890 2427 3144 2478 mortem
3177 2437 3305 2477 esse
3350 2420 3714 2477 sufﬁcienter
3742 2421 3910 2477 indi-

2237 2521 2393 2579 cant,
2422 2514 2528 2569 etsi
2577 2512 2796 2568 Paulus
2838 2512 3138 2568 tacuisset.
3167 2510 3349 2566 Graeci
3382 2510 3571 2565 nostri
3597 2512 3908 2582 temporis

2239 2610 2610 2660 terrenarum
2634 2616 2831 2657 rerum
2857 2599 3276 2665 sollicitudine,
3339 2613 3462 2654 non
3494 2604 3621 2654 tam
3659 2615 3776 2671 pro
3824 2616 3912 2665 se.

2240 2710 2429 2766 quam
2460 2689 2871 2762 prouxoribus
2912 2689 3033 2744 suis
3056 2696 3111 2744 et
3132 2687 3268 2743 ﬁliis
3283 2688 3809 2760 occupati,tenent
3841 2689 3915 2744 li-

2242 2785 2383 2839 bros
2416 2780 2697 2854 pulchros
2713 2779 2960 2851 quidem
2993 2782 3049 2834 et
3074 2794 3268 2845 veros,
3288 2779 3405 2833 nisi
3434 2792 3589 2849 quos
3618 2792 3913 2852 corrupe-

2243 2876 2401 2940 runt,
2452 2870 2707 2940 clausos,
2736 2868 2882 2940 quin
2919 2872 2974 2923 et
3005 2866 3119 2922 sibi
3164 2868 3403 2939 penitus
3433 2867 3707 2936 ignotos;
3745 2867 3913 2922 unde

2244 2961 2420 3017 nobis
2449 2960 2781 3025 veritatem,
2813 2972 3002 3029 quam
3024 2962 3245 3024 tenent,
3273 2961 3328 3012 et
3360 2956 3658 3025 ignorant,
3693 2956 3913 3028 praedi-

2249 3049 2546 3116 cantibus,
2562 3047 2738 3121 quasi
2750 3047 3005 3103 falsariis
3020 3047 3480 3118 Scripturarum,
3498 3051 3727 3102 etnova
3741 3049 3912 3102 inau—

2250 3140 2375 3195 dita
2390 3136 2935 3208 dogmatizantibus
2960 3135 3367 3192 contradicere
3390 3151 3511 3191 non
3530 3142 3833 3191 verentur.

2320 3228 2427 3283 Alii
2456 3242 2595 3283 vero
2620 3225 2883 3282 obducto
2911 3225 3235 3297 supercilio
3267 3224 3523 3294 grandia
3570 3224 3759 3281 verba
3786 3231 3904 3280 tru-

2250 3316 2528 3383 tinantes,
2570 3316 2983 3371 auctoritatem
3030 3313 3297 3385 Apostoli
3347 3313 3424 3369 ad
3451 3313 3787 3370 Corinthios
3816 3329 3906 3369 re-

2249 3410 2643 3479 pugnantem,
2688 3420 2798 3476 pro
2852 3420 2914 3459 se
2970 3418 3271 3475 exponere
3318 3408 3635 3459 conantur.
3693 3403 3909 3458 Dicunt

2250 3496 2410 3550 enim
2437 3512 2451 3548 :
2479 3493 2967 3549 Fundamentum
3016 3491 3190 3548 aliud
3221 3507 3391 3548 nemo
3447 3506 3668 3561 ponere
3710 3497 3909 3561 potest

2247 3588 2469 3654 praeter
2493 3582 2749 3655 id,quod
2776 3584 3029 3651 positum
3063 3586 3167 3647 est,
3200 3582 3360 3653 quod
3390 3587 3475 3637 est
3506 3581 3785 3637 Christus
3816 3582 3908 3638 Je

2249 3690 2347 3728 sus
2371 3674 2437 3727 ⁸³.
2459 3673 2943 3727 Fundamentum
2959 3685 3171 3739 unum,
3197 3669 3479 3741 sicutjam
3508 3669 3796 3735 diximus,
3821 3672 3913 3726 est

2248 3762 2344 3818 ille
2370 3762 2521 3835 lapis
2550 3761 2857 3831 angularis
2884 3760 3174 3829 Christus,
3208 3775 3391 3832 super
3417 3776 3601 3833 quem
3625 3759 3910 3815 aediﬁcati

2252 3857 2392 3907 sunt
2420 3850 2674 3923 apostoli
2704 3855 2761 3905 et
2778 3850 3105 3922 prophetas,
3131 3854 3187 3905 et
3207 3849 3311 3921 qui
3340 3865 3450 3921 pro
3494 3855 3766 3921 tempore
3784 3849 3912 3905 fue-

2250 3946 2389 3995 runt
2403 3942 2598 3995 Patres
2617 3939 2866 4011 Spiritus
2882 3940 2981 3995 Dei
2999 3939 3180 4011 pleni.
3198 3946 3429 3995 Aurum
3442 3955 3602 4005 vero,
3619 3946 3675 3995 et
3692 3955 3914 4010 argen-

2252 4033 2404 4093 tum,
2427 4034 2483 4084 et
2506 4028 2740 4100 lapides
2772 4029 3017 4100 pretiosi
3049 4033 3186 4083 sunt
3206 4028 3554 4097 evangelica
3579 4036 3910 4100 praecepta,

2254 4123 2311 4174 et
2322 4117 2568 4173 altitudo
2582 4117 2923 4173 divinorum
2938 4117 3314 4187 dogmatum,
3346 4124 3554 4173 contra
3565 4133 3702 4189 quae
3716 4124 3910 4190 portae

2255 4207 2425 4263 inferi
2450 4222 2573 4263 non
2604 4211 2856 4278 possunt
2893 4205 3241 4277 praevalere.
3292 4207 3493 4263 Conati
3523 4212 3662 4261 sunt
3689 4205 3914 4263 nihilo-

2257 4297 2456 4352 minus
2471 4311 2650 4367 super
2662 4295 2803 4350 illud
2818 4294 3283 4350 fundamentum
3296 4294 3624 4364 immobile,
3654 4294 3916 4351 malitio-

2172 4360 2215 4413 D
2257 4386 2304 4440 si
2335 4382 3691 4447 sectatores,haeresiarchtedico,adulterantes
3704 4388 3763 4437 et
3784 4398 3919 4439 cor-

2250 4478 2596 4544 rumpentes
2632 4486 2974 4527 sermonem
3004 4471 3284 4540 veritatis,
3346 4471 3681 4533 aediﬁcare;
3726 4471 3792 4527 id
3820 4477 3914 4528 est

2253 4577 2497 4618 omnem
2521 4561 2833 4616 materiam
2862 4575 3063 4631 pravae
3094 4560 3382 4616 doctrinae
3416 4561 3911 4633 superinducere,

2254 4656 2557 4724 putantes,
2577 4648 2733 4705 utita
2746 4649 3041 4719 dicamus,
3065 4648 3124 4703 in
3147 4649 3260 4704 hoc
3284 4664 3345 4704 se
3363 4648 3724 4721 obsequium
3756 4666 3913 4721 prte-

2254 4746 2408 4796 stare
2436 4743 2574 4795 Deo.
2606 4739 2717 4793 Sed
2740 4738 2933 4793 veniet
2974 4738 3275 4793 secundus
3306 4739 3541 4793 Domini
3584 4739 3909 4808 adventus,

2256 4831 2381 4885 sive
2403 4828 2719 4901 apparitio,
2774 4832 2831 4882 et
2880 4826 3108 4882 inutilia
3154 4826 3439 4899 quaedam
3487 4827 3911 4884 aadiﬁcationis

2254 4934 2438 4992 opera
2449 4924 2796 4973 caeterorum
2812 4916 3127 4972 doctorum
3144 4933 3279 4971 cum
3313 4916 3668 4973 detrimento
3685 4933 3912 4973 consu-

2255 5013 2511 5073 mentur,
2544 5006 2669 5061 sive
2730 5004 3189 5070 comburentur;
3230 5005 3343 5076 ipsi
3398 5010 3599 5062 autem
3631 5006 3719 5062 sic
3750 5006 3911 5062 salvi

2254 5101 2445 5165 erunt,
2469 5095 2643 5167 quasi
2671 5110 2777 5166 per
2798 5094 3022 5164 ignem,
3068 5093 3611 5164 inexstinguibilem
3662 5094 3908 5151 scilicet.

2255 5186 2591 5244 Salvabitur
2628 5199 2769 5253 ergo
2828 5183 2983 5252 talis,
3040 5183 3379 5250 sanabitur,
3439 5185 3778 5241 servabitur
3803 5201 3914 5259 per

2252 5276 2454 5346 ignem
2477 5274 2629 5329 sicut
2648 5272 2921 5339 adamas,
2943 5271 3048 5344 qui
3066 5288 3379 5344 nunquam
3400 5274 3773 5330 consumitur
3804 5289 3915 5346 per

2254 5364 2475 5435 ignem.
2508 5362 2599 5418 Sic
2630 5365 2687 5417 et
2710 5359 2827 5433 ipsi
2858 5359 3116 5415 haeretici
3165 5364 3221 5415 et
3258 5359 3544 5416 malitiosi
3588 5366 3915 5418 sectatores

2252 5451 2664 5521 salvabuntur,
2681 5465 2805 5507 non
2825 5448 2905 5507 ad
2926 5446 3332 5521 purgandum,
3376 5448 3483 5507 sed
3502 5449 3583 5509 ad
3612 5451 3915 5510 cruciatus

3798 334 4015 399 δίΰὲ
