4106 6222
205 324 311 379 sn
1631 295 1912 370 comm
1945 307 2243 372 caecos
3519 313 3627 376 sis

204 453 445 504 aeternos
473 444 888 511 sustinendos,
919 443 1057 501 Haec
1098 445 1205 512 est,
1245 441 1548 515 inquiunt,
1571 437 1860 513 expositio
1892 443 1936 494 Α
1971 439 2194 509 Incipit
2224 442 2403 499 tertia
2449 439 2773 499 distinctio.
2818 439 2905 498 De
2947 448 3324 500 sacramento
3365 443 3610 501 altaris.

203 553 355 602 vera,
387 541 441 591 et
471 535 573 591 hic
605 551 826 591 sensus
859 541 1198 591 auctorum.

267 627 356 681 Ad
379 627 574 698 quod,
599 625 741 681 licet
778 627 1056 696 superius
1095 623 1237 679 satis
1282 622 1744 678 determinatam
1765 620 1858 686 sit,

202 716 516 788 dupliciter
535 715 1006 786 respondemus.
1029 713 1248 777 Primo,
1263 727 1369 784 per
1383 713 1658 766 virtutem
1675 709 1858 774 verbi,

201 805 360 879 quod
399 805 645 876 dicitur,
689 804 1064 859 salvabt’tur.
1099 801 1260 856 lstud
1292 815 1559 872 namque
1610 800 1858 854 verbum

203 897 374 955 σώζω.
403 894 577 967 quod
609 893 819 948 Latine
853 892 1175 960 redditum,
1201 897 1394 954 sonat,
1417 891 1599 959 solvo,
1627 891 1704 944 ita
1731 905 1860 961 pro-

197 987 322 1056 prie
372 983 684 1052 signiﬁcat.
737 981 1013 1049 salutem,
1067 980 1127 1034 id
1183 985 1288 1044 est,
1328 979 1745 1034 liberationem
1785 980 1862 1035 ab

201 1074 360 1129 omni
379 1072 697 1127 molestia:
723 1069 888 1142 quod
903 1086 1240 1141 nunquam,
1256 1069 1660 1124 etmaximein
1681 1084 1864 1139 pmna

195 1161 743 1216 conservationem.
779 1162 842 1214 Et
886 1174 1024 1213 eum
1073 1157 1604 1214 abundantissima
1643 1161 1700 1213 et
1755 1173 1864 1212 co-

199 1251 549 1324 piosissima
576 1250 828 1304 exsistat
857 1249 1066 1319 lingua
1093 1251 1318 1316 Greeca,
1353 1249 1431 1304 ita
1461 1248 1861 1320 appropriataa

197 1347 330 1396 sunt
367 1339 708 1394 verborum
737 1339 1202 1407 signiﬁcationes
1236 1340 1358 1393 suis
1389 1337 1656 1393 terminis
1685 1338 1863 1408 :quia

197 1445 529 1500 nunquam,
559 1429 1008 1493 autrarissime,
1035 1429 1336 1499 prmeipne
1365 1428 1422 1482 in
1446 1443 1618 1481 sacra
1640 1427 1861 1498 pagina

199 1519 432 1590 ponitur
463 1531 667 1571 unum
689 1531 800 1588 pro
817 1517 1069 1588 reliquo.
1096 1517 1260 1571 Unde
1291 1516 1459 1571 aliter
1479 1516 1859 1584 definierunt,

199 1609 509 1673 custodire,
541 1605 720 1661 aliter
740 1621 1111 1668 conservare,
1135 1606 1301 1660 aliter
1327 1620 1562 1660 sanare.
1605 1604 1862 1660 Primum

2040 529 2205 585 Dicto
2231 530 2504 602 superius
2533 531 2607 586 de
2665 530 3043 602 processione
3093 532 3342 603 Spiritus
3407 533 3619 601 sancti,

1969 631 2156 688 quam
2198 619 2381 675 (ἐι-θεοί
2406 625 2628 689 negant
2649 625 2703 676 et
2731 619 2805 676 de
2827 619 3133 691 paradiso,
3157 625 3214 675 et
3237 621 3490 692 inferno,
3521 638 3634 678 nec

1970 723 2091 762 non
2123 713 2178 764 et
2221 707 2295 764 de
2333 709 2701 780 purgatorio,
2748 707 2820 763 de
2872 707 3093 779 quibus
3152 707 3416 764 similiter
3478 710 3633 766 male

1971 797 2259 852 sentiunt:
2297 812 2457 850 nunc
2512 796 2585 850 de
2627 801 3002 852 sacramento
3049 796 3371 868 charitatis,
3427 797 3488 852 id
3546 814 3635 867 est

1975 884 2378 950 Eueharistim,
2403 889 2836 956 consequenter
2863 883 3194 940 videamus.
3226 887 3439 940 Verum
3487 886 3633 958 quia

1971 971 2270 1044 quasdam
2305 971 2543 1026 frivolas
2564 972 2825 1027 rationes
2855 971 3122 1027 videntur
3147 973 3518 1046 praetendere
3569 975 3631 1028 in

1973 1075 2149 1115 suam
2174 1058 2583 1115 defensionem
2633 1060 2724 1114 sui
2766 1059 3006 1124 erroris,
3063 1057 3165 1114 illa
3209 1062 3634 1134 postponenda

1973 1155 2133 1218 sunt,
2161 1165 2296 1222 quas
2327 1149 2441 1203 sub
2470 1154 2759 1221 praetextu
2789 1149 3024 1221 pietatis
3059 1164 3255 1204 errore
3284 1149 3633 1220 hujusmodi

1970 1238 2258 1306 nutriunt,
2295 1243 2356 1292 ut
2377 1253 2497 1292 non
2525 1237 2721 1292 solum
2749 1237 2890 1292 visis
2921 1237 3252 1292 rationibus
3291 1243 3346 1296 et
3377 1239 3632 1294 auctori-

1973 1327 2210 1398 tatibus,
2244 1327 2673 1398 reprobentur:
2707 1342 2911 1382 verum
2945 1325 3124 1395 unde,
3171 1332 3226 1381 et
3264 1343 3300 1383 a
3349 1317 3491 1400 quo'
3521 1327 3634 1383 ba-

1970 1417 2229 1471 buerunt
2283 1416 2573 1484 originem
2629 1414 3022 1484 declaramus,
3079 1421 3143 1470 ut
3206 1432 3344 1472 cum
3404 1417 3634 1488 absque

1970 1505 2187 1563 robore
2217 1505 2533 1572 ﬁrmitatis,
2567 1504 2726 1560 velut
2781 1507 3000 1560 domus
3034 1505 3160 1560 sine
3217 1504 3631 1572 fundamento,

1974 1595 2378 1668 apparuerint,
2399 1595 2478 1649 ad
2498 1595 2803 1649 modicum
2826 1591 3154 1666 impulsum
3183 1593 3474 1662 fidelium,
3511 1609 3634 1649 om-

199 1710 453 1767 namque
490 1695 712 1750 dicunt
735 1695 1004 1765 ςιυὶάσσω,
1041 1694 1377 1749 secundum
1412 1703 1578 1766 τηρῶ,
1621 1695 1861 1749 tertium
1895 1707 1938 1760 Β
1976 1685 2067 1740 nis
2106 1699 2315 1738 eorum
2353 1690 2646 1738 structura
2689 1683 2993 1756 nequitiae,
3038 1683 3225 1738 ruinas
3271 1687 3635 1755 exponatur.

205 1789 368 1846 σώζω,
399 1783 582 1855 quod
603 1782 887 1850 salutem,
919 1783 979 1836 id
1011 1789 1117 1848 est,
1151 1782 1565 1836 liberationem
1590 1782 1668 1836 ab
1698 1783 1864 1838 omni

205 1871 619 1938 incommodo,
651 1871 823 1943 quod
849 1878 936 1926 est
957 1871 1314 1938 electorum:
1356 1887 1477 1942 quo
1507 1871 1688 1925 verbo
1723 1888 1864 1925 usus

209 1969 288 2015 est
311 1961 642 2034 Apostolus
667 1960 730 2014 in
760 1961 1075 2031 praemissa
1094 1960 1461 2022 auctoritate,
1485 1960 1864 2014 definierunt.

213 2053 293 2104 Sic
341 2051 519 2112 σώζω,
579 2048 744 2104 unde
782 2054 1020 2120 σωτηρία
1067 2047 1251 2110 salus,
1293 2055 1348 2103 et
1398 2051 1593 2120 σωτὴρ,
1645 2048 1706 2102 id
1759 2053 1864 2115 est,

213 2137 493 2193 Salvator.
517 2136 692 2192 Unde
711 2136 825 2190 iste
841 2135 1141 2206 expositor
1158 2136 1483 2207 prmmissm
1505 2135 1869 2190 auctoritatis

227 2226 478 2296 Apostoli
505 2230 607 2281 aut
645 2226 932 2280 virtutem
989 2224 1311 2280 verborum
1365 2224 1702 2294 ignoravit:
1745 2227 1866 2287 aut,

231 2315 396 2386 quod
431 2315 612 2383 magis
641 2313 1137 2386 praesumendum
1157 2319 1264 2377 est,
1297 2314 1491 2368 sciens
1522 2320 1577 2369 et
1607 2312 1871 2384 prudens

241 2404 530 2458 veritatem
559 2402 694 2458 ﬁdei
729 2402 1026 2458 malitiose
1057 2402 1394 2458 abscondit.

286 2582 560 2638 Secundo
604 2582 1076 2654 respondemus,
1119 2583 1285 2654 quod
1321 2583 1665 2654 praepositio
1703 2582 1870 2637 verbi

209 2672 414 2742 hujus,
427 2687 564 2740 per,
577 2673 844 2726 sumitur
857 2677 960 2726 aut
973 2673 1873 2740 cansative,autinstruementa-

205 2761 353 2817 liter.
383 2763 768 2832 Quocunque
801 2761 1050 2815 istorum
1069 2760 1388 2817 modorum
1411 2769 1702 2827 sumatur,
1720 2777 1870 2814 nus-

209 2868 396 2924 quam
423 2850 689 2906 adamas
709 2850 979 2906 salvatur
1000 2851 1328 2906 secundum
1349 2867 1451 2906 eos
1493 2867 1600 2922 per
1619 2851 1820 2919 ignem
1856 2866 1869 2914 ;

209 2940 354 3012 quia
381 2955 512 2995 non
543 2939 726 2994 habet
759 2939 874 2994 hoc
903 2939 983 2994 ab
1010 2939 1166 3009 igne,
1195 2945 1260 2994 ut
1302 2945 1686 2995 conservetur
1724 2939 1875 3010 lapis

2048 1779 2216 1827 Anno
2251 1772 2452 1842 itaque
2483 1770 2559 1825 ab
2591 1772 2998 1826 incarnatione
3039 1772 3272 1825 Domini
3318 1771 3636 1828 millesimo

1975 1859 2476 1932 quinquagesimo
2512 1859 2699 1924 tertio,
2721 1863 2985 1930 tempore
3019 1860 3228 1912 Leonis
3247 1875 3421 1930 papa:
3470 1861 3633 1926 noni,

1977 1947 2352 2018 fuitquidam
2387 1945 2725 2016 patriarcha
2747 1945 2804 1999 in
2841 1945 2982 1998 urbe
3013 1945 3177 2012 regia
3221 1947 3636 2001 Constantino-

1978 2036 2118 2109 poli,
2162 2035 2405 2090 nomine
2446 2033 2688 2088 Michael
2706 2033 3054 2087 Circularios
3098 2031 3498 2108 [Cerularius.]
3533 2033 3637 2089 Hic

1978 2126 2024 2180 si
2052 2125 2297 2196 quidem
2321 2128 2555 2178 secutus
2577 2137 2682 2193 per
2697 2122 2902 2176 omnia
2927 2120 3428 2192 prtedecessorem
3458 2137 3636 2178 suum

1982 2213 2252 2269 Photium
2297 2210 2720 2284 patriarcham,
2755 2209 2858 2282 qui
2890 2209 3053 2281 prius
3089 2208 3414 2282 superbam
3454 2210 3637 2266 cervi-

1979 2319 2108 2359 cem
2131 2317 2308 2357 suam
2339 2305 2547 2356 contra
2574 2315 2884 2354 summum
2914 2297 3257 2372 pontiﬁcem
3285 2300 3509 2370 erigere
3547 2303 3636 2357 at-

1981 2392 2246 2460 tentavit,
2270 2390 2434 2446 nisus
2455 2396 2543 2445 est
2570 2395 2869 2462 quantum
2895 2389 3106 2460 potuit,
3131 2389 3239 2444 etsi
3268 2404 3391 2445 non
3438 2403 3637 2462 quan-

1980 2490 2107 2540 tum
2119 2482 2192 2537 lic
2202 2482 2301 2548 uit,
2321 2480 2578 2545 Latinos,
2592 2494 2699 2551 qm
2712 2479 2772 2533 in
2785 2477 2998 2534 eadem
3012 2478 3158 2533 urbe
3173 2481 3312 2533 tunc
3353 2480 3638 2551 temporis

1980 2573 2093 2632 sub
2117 2571 2478 2642 imperatore
2509 2571 2710 2624 Graeco
2740 2567 3060 2639 degebant,
3093 2567 3171 2623 ad
3195 2569 3535 2624 Graecorum
3561 2569 3639 2624 ri-

1983 2667 2099 2726 tus,
2133 2667 2190 2716 et
2222 2659 2524 2732 praecipue
2555 2658 2632 2714 ad
2661 2656 3129 2713 sacrificandum
3155 2657 3217 2712 in
3259 2655 3638 2727 fermentato,

1978 2749 2225 2806 tandem
2251 2764 2357 2820 per
2383 2762 2701 2802 censuram
2723 2743 3186 2801 ecclesiasticam
3217 2745 3483 2802 invitare.
3522 2745 3639 2802 Sed

1981 2840 2126 2912 quia
2151 2844 2386 2894 tantum
2413 2837 2580 2892 nefas
2627 2835 2732 2890 diu
2777 2837 3111 2890 Romanam
3171 2835 3402 2889 curiam
3456 2833 3638 2890 latere

1985 2943 2108 2984 non
2130 2928 2338 2999 potuit,
2370 2925 2540 2980 missi
2572 2929 2710 2979 sunt
2736 2940 2771 2978 a
2794 2923 3071 2995 pontiﬁce
3097 2938 3336 2976 summo
3356 2921 3530 2990 legati
3558 2921 3638 2978 ad

210 3010 463 3096 illmsus,
479 3027 594 3082 sed
615 3028 814 3098 potius
835 3041 872 3082 a
891 3033 1108 3082 natura
1121 3027 1314 3083 taliter
1330 3028 1442 3082 sibi
1469 3043 1502 3082 a
1527 3030 1641 3084 Deo
1675 3029 1874 3098 insita,

1990 3017 2336 3091 praedictam
2353 3014 2673 3078 civitatem,
2702 3013 2805 3084 qui
2825 3011 2926 3082 huj
2939 3010 3172 3066 usmodi
3189 3010 3509 3065 furentium
3525 3010 3638 3066 im-

209 3125 276 3174 nt
303 3117 537 3173 scilicet
564 3117 644 3172 ab
668 3116 964 3172 elemento
994 3116 1148 3187 ignis
1173 3133 1294 3172 non
1335 3119 1522 3189 possit
1551 3118 1874 3190 corrumpi.

209 3207 496 3264 Similiter
531 3211 588 3260 et
605 3207 791 3261 homo
817 3206 1218 3278 corruptibilis
1257 3223 1396 3262 cum
1428 3208 1522 3274 sit,
1542 3223 1665 3262 non
1694 3209 1878 3263 habe-

215 3298 303 3353 bit
329 3298 450 3352 hoc
478 3295 559 3352 ab
589 3296 728 3365 igne
763 3296 885 3351 sive
928 3297 1121 3365 gratia
1164 3297 1340 3366 ignis,
1393 3302 1456 3352 ut
1491 3298 1551 3353 in
1587 3303 1879 3353 aeternum

217 3387 346 3442 sive
401 3385 618 3440 vivens
660 3385 722 3440 in
761 3385 900 3455 igne
925 3386 1254 3454 crucietur;
1287 3387 1394 3442 sed
1444 3390 1562 3443 Deo
1606 3388 1878 3458 jubente,

219 3491 411 3548 supra
438 3479 726 3530 naturam
743 3473 823 3529 ad
848 3473 1076 3530 malum
1103 3491 1301 3546 suum,
1329 3476 1445 3532 tale
1461 3476 1608 3548 quid
1634 3482 1769 3549 post
1789 3492 1879 3532 re-

217 3563 659 3620 surrectionem
687 3562 947 3635 recipiet,
979 3568 1042 3619 ut
1071 3563 1143 3619 sit
1191 3564 1253 3619 in
1298 3570 1587 3620 aeternum
1643 3566 1877 3633 vivens,

215 3655 348 3708 sine
373 3651 496 3707 ﬁne
523 3667 630 3724 per
657 3652 880 3722 ignem,
907 3656 968 3708 et
1003 3653 1064 3708 in
1095 3653 1252 3724 igne,
1285 3669 1407 3708 non
1430 3653 1560 3724 jam
1599 3654 1879 3722 salvetur,

218 3741 281 3797 id
311 3745 430 3806 est,
461 3745 844 3796 conservetur
869 3740 1202 3797 secundum
1229 3743 1487 3812 Graecos,
1529 3742 1635 3798 sed
1683 3744 1882 3815 potius

221 3830 546 3885 crucietur.
577 3829 805 3885 Salvari
846 3843 989 3899 ergo
1017 3830 1327 3886 hominem
1369 3830 1648 3894 dicimus,
1681 3847 1819 3887 cum
1846 3847 1883 3887 a

217 3924 620 3991 peccatorum
655 3917 973 3974 venialium
1005 3919 1278 3982 maculis,
1307 3920 1604 3976 mediante
1625 3920 1724 3975 illo
1745 3921 1883 3990 igne

219 4008 552 4081 temporali
571 4013 628 4065 et
655 4010 1021 4082 purgatorio,
1044 4011 1394 4067 liberabitur
1415 4030 1429 4067 :
1454 4017 1520 4066 ut
1556 4011 1638 4066 sic
1676 4010 1882 4066 videli-

219 4103 316 4153 cet
347 4098 558 4153 anima
577 4102 856 4169 purgata,
875 4113 982 4154 seu
997 4098 1313 4171 puriﬁeata
1334 4099 1590 4171 propriis
1610 4097 1881 4165 maculis,

219 4185 420 4256 digna
449 4187 796 4258 conspectui
813 4187 1032 4258 judicis
1060 4187 1432 4260 quandoque
1470 4192 1881 4260 praesentetur.

223 4276 538 4347 Scriptum
563 4280 656 4330 est
682 4276 845 4330 enim
870 4276 1044 4332 Nihil
1069 4278 1510 4347 coinquinatum
1540 4276 1792 4332 intrabit
1821 4276 1880 4330 in
1913 4290 1961 4346 Β

221 4379 360 4420 eam
388 4365 438 4398 ⁸⁵
453 4376 476 4433 ;
493 4362 601 4419 sed
617 4364 820 4420 anima
836 4370 1033 4436 portat
1055 4365 1515 4436 inquinamenta
1540 4365 1884 4426 venialium,

221 4460 296 4510 ut
337 4469 529 4525 supra
566 4458 882 4509 ostensum
931 4457 1021 4511 est
1073 4470 1180 4526 per
1234 4454 1400 4510 illam
1461 4455 1884 4528 antiphonam:

229 4547 433 4613 Imago
444 4559 575 4598 sum
587 4543 933 4613 ine/rabilis,
952 4549 1010 4600 et
1029 4549 1261 4600 caetera.
1279 4547 1451 4615 Ergo,
1464 4560 1591 4600 non
1610 4544 1724 4600 nisi
1743 4560 1890 4616 pur-

227 4637 397 4702 gata.
421 4635 489 4687 Et
513 4632 664 4689 sicut
691 4632 990 4688 habemus
1013 4632 1088 4688 de
1103 4632 1283 4689 divite
1325 4639 1383 4689 et
1429 4636 1664 4700 Lazaro,
1725 4631 1895 4705 quod

225 4721 725 4790 irrefragabiliter
741 4737 1104 4794 responsum
1116 4723 1363 4794 accepit,
1381 4723 1546 4796 quod
1558 4739 1681 4781 non
1694 4727 1896 4795 posset

223 4813 495 4867 transire
526 4811 740 4884 aliquis
760 4827 798 4868 a
820 4811 953 4868 loco
984 4816 1437 4885 tormentorum,
1469 4813 1649 4883 igitur
1675 4827 1896 4886 purga-

226 4901 402 4958 bitur
426 4899 586 4956 alibi.
617 4903 799 4957 Istum
823 4901 1018 4958 locum
1039 4901 1296 4958 dicimus
1322 4901 1524 4959 locum
1544 4901 1896 4974 purgatorii,

225 4990 320 5046 ad
349 5005 538 5062 quem
569 4995 876 5047 transeunt
907 4994 1145 5052 animae.
1172 5008 1309 5064 qua:
1335 4991 1482 5047 dum
1513 4993 1713 5049 adhuc
1740 4995 1898 5049 vive-

223 5085 392 5157 l.ent,
410 5078 487 5135 de
520 5080 642 5134 suis
666 5081 1011 5136 excessibus
1032 5081 1297 5154 plenarie
1320 5096 1440 5136 non
1464 5083 1896 5142 satisfecerunt.

227 5169 546 5226 Habemus
576 5168 757 5240 igitur
785 5185 859 5225 ex
884 5171 1209 5241 prasmissis
1238 5179 1500 5242 quatuor
1526 5173 1902 5245 receptacula

227 5258 686 5325 defunctorum,
700 5258 762 5314 id
773 5263 879 5326 est,
893 5260 1247 5331 paradisum
1261 5259 1583 5330 bonorum,
1598 5261 1899 5320 internum

229 5347 697 5415 damnatorum,
735 5347 1013 5420 lymbum
1051 5363 1376 5421 puerorum
1405 5361 1529 5406 non
1571 5349 1896 5423 baptizato-

237 5452 406 5505 rum,
428 5442 488 5493 et
507 5437 931 5509 purgatorium
951 5438 1384 5512 poenitentium.

319 5577 373 5655 εδ
400 5582 654 5660 Apocal.
676 5597 790 5654 In,
821 5585 913 5641 27.

1987 3111 2192 3179 petum
2217 3120 2317 3175 per
2337 3102 2752 3158 auctoritatem
2778 3099 2937 3154 sedis
2965 3097 3308 3171 apostolicae
3337 3097 3638 3155 refrenan-

1987 3200 2093 3264 tes,
2128 3209 2268 3248 eum
2298 3197 2353 3247 et
2374 3205 2664 3262 sequaces
2689 3190 2817 3254 ejus
2848 3187 3246 3242 anathematis
3278 3185 3480 3257 gladio
3509 3202 3640 3259 per-

1989 3287 2322 3351 cusserunt,
2347 3295 2418 3335 ex
2458 3284 2598 3334 tunc
2634 3277 2835 3350 itaque
2889 3276 3071 3332 Graeci
3113 3276 3362 3348 majoris
3395 3275 3637 3332 invidias

1990 3370 2241 3430 stimulis
2266 3368 2491 3438 agitati,
2523 3381 2707 3440 quam
2745 3365 2944 3439 plures
2985 3363 3193 3434 libros,
3225 3381 3330 3422 seu
3357 3369 3640 3421 tractatus

1989 3463 2052 3517 in
2097 3459 2511 3536 confusionem
2565 3457 2852 3511 Romanas
2883 3453 3155 3510 Ecclesiae
3199 3453 3534 3521 ediderunt,
3583 3456 3642 3510 et

1991 3551 2115 3605 suis
2157 3547 2410 3621 posteris
2447 3543 2759 3616 legendos,
2811 3549 3104 3617 tanQuam
3147 3543 3539 3610 authenticos,
3585 3545 3645 3598 et

1989 3638 2126 3695 ﬁdei
2159 3635 2462 3694 catholicas
2487 3633 2830 3690 ﬁrmitatem
2859 3633 3170 3704 habentes,
3193 3631 3454 3688 districte
3475 3646 3645 3688 man—

1991 3728 2320 3793 daverunt;
2353 3740 2455 3781 eos
2484 3740 2648 3791 vero,
2679 3724 2784 3796 qui
2808 3723 2870 3778 in
2897 3723 2992 3779 his
3022 3723 3319 3779 contraria
3343 3719 3644 3792 dogmati-

1991 3833 2126 3873 zare
2143 3818 2596 3889 prmsumerent,
2614 3812 2998 3869 annuatimin
3011 3811 3293 3882 ecclesiis,
3324 3824 3471 3866 voce
3493 3823 3646 3881 prm-

1992 3905 2181 3976 conis,
2203 3904 2370 3978 quod
2400 3919 2591 3976 usque
2634 3903 2814 3959 hodie
2855 3903 2917 3956 in
2951 3916 3161 3956 eorum
3193 3897 3458 3954 ecclesiis
3505 3911 3647 3953 con-

1993 3994 2374 4051 ventualibus
2396 3991 2765 4059 observatur,
2791 3987 3101 4044 haereticos
3130 3987 3570 4042 denuntiarent.

2065 4087 2232 4139 Hunc
2273 4082 2451 4149 igitur
2489 4077 2831 4134 Michaelem
2863 4077 3048 4131 Graeci
3097 4089 3288 4146 usque
3343 4073 3522 4130 hodie
3559 4089 3647 4129 se-

1992 4177 2265 4245 quentes,
2295 4167 2535 4224 Latinos
2568 4167 2878 4236 Azymitas
2903 4179 3050 4220 voce
3087 4161 3335 4236 publica
3378 4175 3645 4218 asserere

1994 4275 2116 4316 non
2151 4262 2446 4315 verentur.
2503 4254 2670 4312 Unde
2707 4254 2768 4309 in
2806 4259 3036 4309 tantam
3079 4251 3542 4308 excaacationem
3589 4254 3647 4305 et

1997 4351 2408 4419 contemptum
2437 4343 2601 4416 apud
2627 4358 2728 4398 eos
2775 4341 3015 4398 devenit
3049 4340 3401 4413 mysterium
3443 4352 3649 4394 sacra-

1998 4438 2205 4504 menti,
2237 4439 2302 4491 ut
2329 4449 2452 4490 non
2483 4431 2680 4488 solum
2710 4431 2772 4487 in
2795 4430 3002 4486 mortis
3030 4427 3279 4485 articulo
3317 4443 3389 4484 ex
3435 4439 3508 4482 eo
3552 4441 3651 4480 su-

1999 4544 2163 4586 mere
2191 4528 2490 4592 recusent,
2521 4536 2725 4578 verum
2755 4521 2936 4577 etiam
2982 4517 3243 4575 incendii
3284 4515 3650 4589 supplicium

2000 4618 2204 4691 potius
2233 4614 2455 4684 eligant
2481 4611 2717 4675 sentire,
2751 4625 2936 4683 quam
2971 4606 3318 4680 simpliciter
3357 4603 3648 4661 conﬁteri.

2005 4705 2228 4762 Probat
2257 4703 2372 4758 hoc
2392 4700 2662 4772 Cyprius,
2677 4699 2780 4770 qui
2801 4697 3018 4754 nostris
3036 4694 3408 4768 temporibus
3425 4691 3653 4747 duode-

2006 4798 2122 4853 cim
2149 4790 2482 4850 monachos
2512 4791 2765 4859 Graecos,
2792 4787 2903 4842 isto
2925 4800 3121 4842 errore
3145 4783 3511 4848 laborantes,
3541 4793 3652 4837 no-

2005 4903 2113 4945 vos
2139 4880 2365 4941 diaboli
2393 4882 2708 4950 martyres,
2741 4892 2848 4949 per
2865 4875 3146 4932 ﬂammas
3174 4872 3330 4943 ignis
3350 4869 3652 4945 produxit.

2008 4977 2293 5034 Dicebant
2334 4969 2493 5027 enim
2538 4966 2807 5040 praedicti
2848 4964 3168 5022 monachi:
3201 4961 3655 5020 Sacramentum

2009 5066 2352 5124 Latinorum
2403 5059 2595 5114 lutum
2649 5071 2800 5126 esse,
2839 5060 2896 5112 et
2936 5069 3060 5111 non
3089 5056 3571 5110 sacramentum:
3600 5053 3658 5105 et

2009 5155 2172 5230 quod
2204 5147 2632 5214 sacriﬁcantes,
2662 5145 2756 5202 vel
2780 5148 3084 5201 sumentes
3113 5157 3186 5199 ex
3212 5157 3306 5214 eo,
3332 5155 3496 5196 more
3519 5151 3657 5209 gen-

2005 5245 2201 5304 tilium
2225 5236 2544 5296 daemoniis
2561 5234 2960 5292 immolarent.
2989 5232 3266 5290 Rationes
3283 5235 3484 5286 autem
3503 5239 3658 5300 quas

2010 5336 2218 5390 contra
2245 5327 2485 5384 Latinos
2515 5322 2798 5397 allegant,
2824 5327 2882 5380 et
2912 5319 3135 5396 quibus
3175 5333 3237 5376 se
3265 5318 3417 5375 tueri
3451 5313 3656 5371 viden-

2007 5428 2124 5493 tur,
2145 5425 2285 5480 sunt
2299 5421 2430 5478 istm

3727 60 3822 89 ,⁷η
3867 64 4075 89 (ΨΥ..-
