4106 6222
435 345 539 401 519

1658 310 2136 386 PANTALEDNIS
2174 310 2458 382 DIACONI
2495 320 2605 381 cp.

3768 323 3872 379 520

432 466 713 525 Rationes
728 463 1077 523 amcorum
1088 463 1301 519 contra
1320 456 1567 515 Latinos
1578 454 1635 513 in
1648 469 1858 527 azyma
1905 467 2099 511 ροηδε·
2126 449 2175 505 Δ
2285 447 2448 506 Idem
2460 447 2967 521 superJoannem:
2996 448 3165 505 «Non
3177 461 3339 519 ergo,
3360 445 3604 505 utaliter
3614 445 3868 520 opinan-

1108 554 1366 607 orantes.

507 698 700 755 Primo
729 695 956 765 dicunt,
981 690 1149 767 quod
1174 689 1467 748 Dominus
1495 692 1717 759 noster,
1756 686 1862 761 qui
1886 686 1948 743 in
2007 684 2098 742 sui

436 786 794 846 memoriam
823 783 937 842 hoc
966 781 1094 839 ﬁeri
1124 779 1454 847 mandavit,
1485 794 1607 836 non
1628 779 1691 835 in
1721 792 1956 850 azymo,
1993 774 2099 832 sed

431 875 791 934 fermentato
818 888 975 948 pane
1001 870 1245 930 tradidit
1286 868 1599 942 discipulis
1652 867 1798 923 suis.
1858 869 2101 924 Constat

436 964 794 1039 enim,quod
809 962 1143 1021 secundum
1164 960 1361 1031 legem
1405 959 1607 1032 Moysi,
1634 960 1851 1032 quarta
1862 956 2101 1013 decima

433 1051 1114 1113 lunafiebatimmolatio
1126 1050 1267 1121 agni
1284 1053 1342 1107 et
1370 1064 1507 1106 esus
1524 1062 1899 1120 azymorum,
1949 1044 2102 1101 sicut

435 1144 724 1218 scriptum
748 1147 837 1198 est
859 1139 1095 1198 Levitici
1120 1155 1239 1205 xm,
1265 1154 1403 1211 quas
1440 1136 1568 1193 dies
1596 1134 1830 1193 Pascha
1861 1131 2101 1207 proprie

434 1234 786 1292 vocabatur.
807 1230 922 1288 Sed
937 1229 1224 1286 Dominus
1231 1228 1405 1299 juxta
1426 1223 1812 1297 Evangelium
1825 1222 2099 1288 Joannis,

435 1323 739 1380 antediem
750 1322 967 1391 festum
983 1318 1273 1376 Pascha:65
1287 1319 1335 1353 ⁸⁸
1348 1314 1689 1372 celebravit.
1704 1315 1949 1371 Grecam
1962 1328 2101 1370 cum

434 1412 741 1485 discipulis
770 1410 914 1479 suis,
942 1414 999 1466 et
1028 1406 1380 1480 mysterium
1401 1404 1669 1478 corporis
1700 1408 1757 1461 et
1788 1401 2101 1473 sanguinis

439 1504 531 1559 sui
551 1499 811 1558 tradidit.
842 1500 899 1556 Si
924 1499 984 1554 in
1014 1496 1118 1554 tali
1164 1496 1279 1567 die,
1315 1496 1421 1567 qui
1466 1498 1594 1551 erat
1637 1493 1805 1551 tertia
1866 1492 2103 1549 decima

436 1591 602 1661 luna,
648 1587 969 1646 celebravit
1024 1584 1271 1647 Pascha,
1299 1589 1440 1641 tunc
1479 1583 1798 1640 utebantur
1836 1582 2098 1639 fermen-

440 1684 560 1737 tato
584 1698 597 1749 ;
626 1694 768 1746 ergo
797 1676 871 1732 de
898 1677 1249 1731 fermentato
1271 1671 1515 1730 tradidit
1541 1687 1760 1745 corpus
1789 1686 1987 1740 suum,

2210 536 2369 594 tibus
2388 536 2587 593 visum
2608 540 2718 604 est,
2742 535 3030 593 Dominus
3061 536 3352 602 Salvator,
3377 536 3483 610 qui
3513 541 3570 592 et
3594 535 3730 609 ipse
3748 535 3865 592 ait:

2206 628 2341 684 Non
2370 628 2510 685 veni
2537 627 2763 684 solvere
2789 627 2997 698 legem,
3034 628 3139 683 sed
3166 627 3499 696 adimplere
3533 627 3601 697 ⁸⁸,
3638 625 3869 683 Pascha

2207 732 2387 772 suum
2412 714 2804 787 anticipavit:
2843 714 2950 771 sed
2978 719 3269 788 tempore,
3327 720 3385 771 et
3426 714 3612 771 modo
3660 713 3868 770 debito

2207 808 2423 863 cuncta
2445 803 2907 863 consummavit.
2937 825 2966 854 »
2988 804 3142 862 Fecit
3160 820 3303 877 ergo
3327 804 3553 861 Pascha
3574 803 3868 860 Dominus

2207 910 2346 950 cum
2398 892 2711 966 discipulis
2774 893 2919 959 suis,
2969 894 3122 950 sicut
3170 893 3538 965 evangelista
3590 897 3865 959 testatur,

2206 983 2456 1057 quando
2484 983 2623 1041 fecit
2648 999 2789 1040 cum
2817 983 3045 1056 azymis
3071 974 3129 1042 et
3147 1000 3308 1056 agno
3342 983 3761 1050 immaculato,
3805 987 3872 1039 ut

2208 1074 2270 1130 in
2290 1071 2419 1144 lege
2445 1072 2734 1146 scriptum
2763 1077 2869 1130 est.

2282 1166 2424 1219 item
2445 1148 2943 1236 Theophylactus,
2971 1162 3263 1236 Bulgaria:
3293 1163 3634 1238 episcopus,
3677 1176 3873 1235 expo-

2209 1267 2361 1310 nens
2382 1251 2530 1308 illud
2549 1250 2718 1323 quod
2737 1251 2949 1323 legitur
2973 1251 3053 1308 ad
3096 1252 3428 1310 Corinthios
3452 1270 3466 1308 :
3516 1254 3629 1308 Con
3639 1253 3875 1309 venien-

2212 1343 2372 1399 tibus
2401 1341 2561 1399 vobis
2585 1342 2649 1398 in
2676 1343 2939 1408 unum",
2971 1346 3082 1400 etc.
3106 1343 3188 1399 ita
3215 1341 3389 1400 dicit:
3415 1366 3444 1394 «
3464 1344 3594 1399 Non
3610 1357 3868 1414 possum

2211 1447 2333 1488 non
2348 1430 2696 1500 concedere,
2718 1430 3110 1505 quandoipse
3137 1430 3423 1489 Dominus
3439 1446 3661 1504 corpus
3687 1446 3867 1487 suum

2210 1536 2281 1577 ex
2305 1535 2483 1594 pane,
2505 1535 2689 1592 quem
2718 1519 3003 1586 habebat,
3036 1520 3255 1577 scilicet
3276 1536 3512 1593 azymo,
3561 1536 3703 1577 cum
3747 1519 3872 1576 dies

2209 1614 2809 1682 essentAzymorum,
2836 1609 3080 1667 tradidit
3106 1611 3416 1683 discipulis
3468 1610 3614 1678 suis,
3664 1610 3715 1666 si
3780 1626 3876 1665 se-

2210 1697 2477 1755 cundum
2502 1698 2822 1768 Evangelia
2833 1703 2889 1755 et
2901 1703 3249 1756 sanctorum
3265 1703 3504 1756 Patrum
3517 1698 3874 1766 sententias,

510 1770 658 1825 “em
681 1768 849 1824 3N0"
874 1766 1235 1860 intf'Oie’WP‘
1251 1763 1630 1860 Ρνίθίρζίαητς
1660 1767 1866 1860 “tumin
1889 1766 2095 1860 ξ’θῖπὼ
2128 1801 2173 1857 Β
2211 1786 2536 1845 celebravit
2562 1763 2850 1843 Dominus
2878 1792 3147 1860 tempore
3172 1787 3376 1845 debito
3400 1788 3664 1853 Pascha;
3705 1763 3874 1844 unde

438 1860 841 1925 minarentur,
867 1854 972 1911 sed
993 1853 1424 1909 manducarent
1446 1850 1674 1907 Pascha
1707 1852 1774 1905 ⁵⁷.
1803 1849 1917 1907 Sed
1960 1854 2101 1906 tunc

2216 1880 2352 1933 tunc
2408 1875 2798 1933 fermentatus
2840 1849 3121 1950 apparuit
3162 1881 3372 1933 contra
3411 1849 3661 1947 legem‘f
3708 1878 3876 1933 Sicut

439 1948 550 2007 fuit
574 1946 721 2003 luna
738 1948 994 2018 quarta:
1040 1942 1276 1998 decima
1311 1955 1454 2011 ergo
1482 1939 1541 1995 in
1575 1939 1952 2012 praecedenti,
1994 1941 2102 1997 fuit

438 2035 587 2092 luna
615 2033 786 2090 tertia
812 2031 1069 2099 decima,
1099 2028 1347 2103 quando
1377 2028 1669 2085 Dominus
1695 2027 1938 2086 tradidit
1974 2044 2101 2087 cor-

437 2140 554 2199 pus
582 2139 762 2180 suum
784 2161 799 2190 ,
830 2127 887 2179 et
903 2121 1044 2177 inde
1071 2125 1133 2177 ut
1157 2119 1341 2193 prius.

512 2216 659 2270 Item
689 2228 827 2269 cum
858 2208 1227 2282 evangelista
1255 2208 1330 2265 de
1361 2207 1611 2266 materia
1632 2208 1787 2266 illius
1815 2209 1990 2283 panis
2015 2210 2100 2267 fa-

440 2307 599 2361 ceret
626 2301 1013 2362 mentionem,
1043 2314 1165 2356 non
1192 2298 1341 2355 dixit
1365 2316 1379 2355 :
1400 2300 1570 2355 Jesus
1599 2299 1830 2372 accepit
1863 2315 2099 2372 azyma,

444 2391 588 2447 sed:
622 2390 931 2462 Accipiens
948 2391 1116 2444 lesus
1144 2389 1299 2462 ἄρτον
1359 2390 1427 2444 Et
1464 2388 1620 2461 ἄρτος
1668 2388 1953 2461 supponit
1994 2404 2105 2461 pro

442 2482 817 2539 fermentato.
842 2480 1013 2549 Ergo,
1037 2481 1148 2533 etc.

516 2572 661 2625 Item
691 2582 829 2623 eum
859 2565 1148 2638 scriptum
1175 2564 1267 2635 sit,
1297 2563 1463 2637 quod
1486 2565 1702 2622 stando
1742 2571 1799 2622 et
1829 2582 1969 2623 cum
2016 2566 2109 2625 la-

444 2661 632 2721 ctucis
690 2655 1023 2729 agrestibus
1075 2658 1133 2711 et
1176 2653 1524 2711 festinanter
1579 2655 1824 2712 deberet
1875 2658 2109 2716 comedi

446 2766 642 2822 agnus
670 2743 1001 2820 paschalis,
1032 2742 1265 2799 nullum
1312 2742 1429 2799 tale
1484 2742 1633 2816 quid
1678 2743 1741 2801 in
1788 2747 2109 2817 Evangelio

445 2837 755 2913 reperitur.
789 2833 953 2889 Unde
974 2837 1226 2900 constat,
1271 2830 1439 2905 quod
1488 2832 1590 2891 illa
1632 2848 1803 2891 ccena
1851 2850 1975 2892 non
2002 2836 2111 2905 fuit

446 2928 677 2988 Pascha
732 2923 1097 2991 Iudaeorum,
1152 2920 1257 2978 sed
1304 2922 1502 2994 potius
1559 2938 1732 2980 cmna
1782 2928 1840 2980 et
1878 2926 2105 2983 Pascha

449 3016 914 3075 Christianorum
925 3056 939 3081 ,
953 3016 1009 3068 et
1028 3026 1151 3067 non
1163 3026 1302 3067 cum
1314 3011 1560 3084 azymis,
1583 3012 1685 3068 sed
1700 3027 1838 3069 cum
1853 3014 2103 3071 fermen-

2210 1965 2370 2023 enim
2402 1964 2693 2038 scriptum
2751 1965 2929 2022 estin
2983 1966 3187 2022 Exodo
3248 1981 3325 2021 xu
3376 1967 3627 2036 Septem-
3663 1965 3876 2022 diebus

2208 2056 2635 2125 fermentatum
2665 2069 2784 2110 non
2830 2054 3146 2125 apparebit
3186 2056 3250 2111 in
3278 2054 3547 2112 domibus
3573 2054 3875 2111 vestris".

2213 2144 2386 2212 Quod
2415 2145 2466 2200 si
2496 2143 2798 2201 credimus
2839 2143 3039 2201 verbis
3098 2144 3367 2201 Veritatis
3413 2144 3704 2201 dicentis:
3736 2146 3877 2201 Non

2212 2235 2349 2291 veni
2370 2234 2598 2291 solvere
2626 2235 2835 2306 legem,
2862 2237 3009 2301 etc.,
3041 2232 3414 2291 credendum
3433 2237 3544 2303 est,
3570 2236 3627 2290 et
3655 2232 3878 2307 praedi-

2214 2322 2501 2391 candum,
2516 2323 2838 2379 Dominum
2851 2325 3055 2380 Jesum
3065 2336 3177 2380 nec
3191 2338 3384 2379 unum
3399 2322 3540 2388 iota,
3555 2338 3669 2379 nec
3683 2338 3876 2379 unum

2217 2413 2449 2486 apicem
2474 2412 2621 2484 legis
2645 2413 3017 2485 praeteriisse,
3048 2417 3106 2470 et
3127 2417 3194 2469 ut
3240 2412 3421 2471 totius
3449 2413 3877 2483 transgressio-

2215 2502 2309 2561 nis
2332 2502 2687 2571 immuuem,
2712 2502 2935 2558 dixisse
2962 2501 3410 2558 insidiatoribus
3440 2502 3599 2558 suis:
3633 2503 3782 2571 Quis
3802 2517 3879 2559 ex

2218 2593 2381 2650 vobis
2408 2597 2615 2663 arguet
2637 2606 2730 2649 me
2748 2592 2821 2649 de
2845 2592 3204 2662 pecccato“?
3229 2590 3455 2665 alioqui
3483 2606 3593 2648 nec
3620 2597 3879 2664 peccata

2216 2680 2546 2739 multorum
2573 2681 2819 2752 tulisset,
2848 2696 2960 2738 nec
2985 2696 3097 2754 pro
3125 2680 3666 2752 transgressoribus
3703 2695 3877 2738 oras-

2219 2778 2312 2829 set
2338 2778 2403 2829 ut
2430 2788 2554 2829 non
2585 2773 2864 2845 perirent,
2884 2786 2995 2829 nec
3019 2786 3131 2844 pro
3151 2771 3322 2828 nobis
3345 2786 3582 2843 passus,
3610 2769 3722 2827 sed
3760 2786 3874 2843 pro

2220 2878 2334 2919 sua
2360 2861 2858 2935 praevaricatione
2870 2862 3036 2930 jusle
3056 2861 3306 2929 punitus
3330 2862 3378 2895 ⁷³
3435 2859 3665 2928 fuisset,
3720 2874 3875 2932 prm-

2220 2951 2422 3009 sertim
2444 2949 2611 3023 quod
2634 2965 2757 3007 non
2782 2948 2976 3006 solum
3006 2954 3411 3020 transgressor
3427 2948 3576 3020 legis
3594 2948 3877 3005 inventus

2214 3046 2371 3097 esset
2391 3040 2681 3098 fermento
2707 3043 2845 3095 tunc
2864 3037 3031 3111 apud
3057 3055 3119 3095 se
3147 3044 3415 3112 reperto;
3479 3038 3586 3096 sed
3623 3038 3878 3111 insuper

447 3112 769 3202 tat-0P3“:
800 3100 968 3202 qugd
983 3099 1280 3202 δίεξξίδξδεξί
1296 3100 1507 3202 Christ?
1533 3101 2105 3202 Ρθιὲθοιίρηετηιῖιιίί
2134 3120 2174 3177 C
2213 3130 2435 3187 multos
2461 3128 2788 3202 discipulos
2802 3099 2937 3185 reos
2961 3128 3169 3185 mortis
3193 3099 3504 3195 effecisset,
3532 3127 3746 3184 cibans
3766 3099 3875 3184 eos

448 3196 835 3255 celebratum.
877 3193 1026 3248 Nam
1066 3189 1329 3246 Christus
1369 3194 1570 3246 noster
1616 3192 1906 3247 Dominus
1951 3192 2105 3249 duas

448 3290 694 3343 naturas
718 3283 781 3339 in
809 3297 995 3338 unam
1018 3293 1344 3352 personam
1376 3279 1491 3335 sibi
1520 3280 1730 3350 univit,
1758 3285 1814 3337 et
1837 3281 1989 3338 sicut
2016 3282 2105 3338 di-

446 3375 592 3431 vina
620 3376 709 3429 est
738 3369 1202 3443 simplicissima,
1228 3368 1310 3424 ita
1326 3368 1601 3425 humana
1644 3375 1733 3425 est
1770 3370 2106 3443 composita

448 3478 523 3520 ex
560 3463 765 3518 anima
801 3463 859 3515 et
894 3473 1160 3530 corpore,
1202 3458 1325 3513 sive
1362 3473 1561 3513 carne.
1633 3460 1792 3516 Sicut
1845 3475 1989 3530 ergo
2044 3459 2106 3515 in

450 3550 678 3609 Christo
708 3548 892 3604 fuitet
923 3551 1015 3603 est
1037 3545 1339 3612 divinitas,
1373 3548 1595 3617 anima,
1626 3552 1682 3603 et
1707 3539 1965 3621 corpus“.
2025 3550 2109 3606 ita

448 3640 511 3696 in
539 3636 824 3710 mysterio
863 3633 1221 3690 sacramenti
1259 3634 1467 3703 nostri,
1502 3635 1669 3707 quod
1718 3652 1791 3692 ex
1846 3637 2108 3709 perfecto

448 3741 627 3801 pane,
656 3724 718 3781 id
749 3728 839 3780 est
884 3724 1259 3789 fermentato,
1309 3723 1631 3795 perficitur,
1678 3724 1944 3782 similiter
1995 3728 2109 3785 tria

446 3814 844 3889 reperiuntur,
886 3810 1104 3868 scilicet
1130 3811 1348 3877 forma,
1380 3812 1762 3881 fermentum,
1824 3820 1881 3871 et
1922 3832 2109 3890 aqua.

448 3908 722 3963 Vestrum
744 3907 945 3960 autem
969 3904 1417 3958 sacramentum
1451 3916 1575 3957 non
1602 3902 1797 3959 solum
1849 3920 1972 3961 non
2021 3914 2115 3968 est

448 4009 657 4051 verum
688 3994 1157 4060 sacramentum,
1190 3988 1296 4046 sed
1320 4004 1433 4046 nec
1480 3996 1926 4049 sacramentum
1979 3995 2113 4067 qui-

448 4083 610 4153 dem,
637 4081 804 4156 quod
834 4085 1068 4138 tantum
1099 4078 1395 4152 discrepat
1424 4095 1461 4136 a
1507 4080 1774 4140 veritate.
1823 4085 1920 4139 HtB
1975 4088 2118 4141 sunt

445 4173 729 4241 rationes,
754 4186 909 4243 quas
936 4169 998 4225 in
1020 4183 1230 4224 eorum
1249 4168 1417 4225 libris
1451 4184 1548 4225 me
1570 4169 1870 4227 invenisse
1892 4174 2112 4245 recolo,

449 4266 508 4317 et
538 4259 616 4316 ab
645 4273 747 4316 ore
775 4259 1041 4330 ipsorum
1071 4257 1371 4313 audivisse
1400 4256 1459 4313 in
1488 4258 1909 4331 disputatione.

731 4347 1053 4415 Responsio
1080 4345 1161 4401 ad
1184 4347 1446 4404 rationes
1477 4348 1837 4406 Grcecorum.

520 4433 616 4527 Ad
638 4433 902 4527 primum
948 4432 1463 4527 igitur_objectum
1506 4447 1945 4527 respondemus
1978 4440 2062 4497 sic
2090 4458 2104 4497 :
2137 4472 2182 4525 ο
2221 4432 2405 4527 Ἳξθᾘ
2422 4432 2578 4526 Et,“
2597 4467 2740 4524 dicit
2764 4470 3037 4526 amens:

450 4522 622 4589 Quod
650 4522 785 4577 fecit
805 4521 1092 4577 Dominus
1124 4521 1349 4577 Pascha
1379 4526 1646 4595 tempore
1672 4528 1729 4580 et
1772 4526 1958 4583 modo
2008 4528 2109 4584 de-

447 4612 593 4683 bito,
641 4616 744 4669 aut
779 4626 924 4667 non.
983 4610 1041 4666 Si
1095 4609 1318 4678 dicaut,
1363 4626 1533 4667 non:
1594 4619 1801 4670 contra
1849 4618 2106 4675 Joannes

448 4702 931 4774 Chrysostomus,
964 4698 1213 4755 homilia
1246 4701 1616 4770 octagesima
1656 4708 1873 4774 quarta
1927 4723 2108 4779 super

447 4791 808 4859 Matthaaum,
839 4790 921 4846 ita
945 4788 1124 4846 dicit:
1158 4810 1187 4838 «
1228 4791 1355 4845 Non
1397 4788 1559 4845 enim
1611 4791 1872 4850 Christus
1919 4800 2107 4853 trans-

447 4880 713 4949 greditur
740 4880 985 4937 Paschaa
1012 4883 1269 4950 tempus,
1325 4877 1434 4934 sed
1487 4879 1695 4949 Judaei,
1748 4883 1853 4954 qui
1902 4886 2107 4944 omnia

447 4973 841 5040 praesumunt,
865 4968 1163 5025 Christum
1180 4967 1535 5024 conculcant
1554 4970 1784 5041 etleges
1809 4992 1824 5040 ;
1855 4975 1998 5046 quia
2018 4975 2107 5032 di-

443 5056 695 5126 ligenter
722 5056 1033 5113 fervebant
1062 5056 1281 5125 furore,
1304 5059 1361 5113 et
1393 5072 1552 5128 saepe
1595 5064 1879 5117 conantes
1926 5063 2106 5121 inter-

444 5144 637 5212 ficere,
659 5159 783 5201 non
810 5143 1127 5201 valuerunt
1156 5162 1169 5199 :
1194 5148 1335 5201 tunc
1365 5146 1724 5218 accipientes
1776 5150 1980 5222 ipsum
2033 5170 2106 5211 ex

443 5233 770 5305 insperato,
800 5233 1117 5290 voluerunt
1144 5234 1327 5291 etiam
1357 5234 1582 5293 Pascha
1621 5236 1936 5311 dimittere,
1994 5259 2105 5316 pro

443 5317 751 5376 homicida
776 5334 889 5375 sua
928 5318 1225 5376 voluntate
1270 5319 1599 5393 implenda.
1656 5325 1900 5398 Propter
1937 5330 2106 5402 quod

444 5407 790 5480 congregati
819 5412 961 5466 sunt
986 5423 1217 5477 omnes,
1242 5429 1271 5459 »
1298 5413 1408 5467 etc.

2210 3220 2586 3285 fermentato,
2619 3222 2675 3275 et
2696 3218 2758 3273 in
2787 3216 3067 3289 injuriam
3094 3217 3311 3274 divinas
3328 3217 3515 3289 legis;
3548 3216 3720 3290 quod
3773 3220 3867 3273 est

2212 3307 2603 3381 impossibile.
2636 3328 2664 3357 »

2287 3398 2451 3455 Unde
2475 3412 2754 3471 quamws
2788 3396 3086 3471 principes
3107 3396 3488 3454 sacerdotum
3544 3396 3768 3453 falsum
3790 3400 3874 3453 te-

2216 3488 2564 3545 stimonium
2576 3485 2931 3559 quaesissent
2943 3485 3020 3542 ad
3029 3500 3233 3543 versus
3245 3501 3405 3551 eum,
3421 3490 3488 3541 ut
3524 3501 3662 3541 eum
3693 3485 3874 3543 morti

2215 3577 2535 3640 traderent,
2550 3575 2783 3632 nullum
2796 3581 2999 3633 tamen
3010 3576 3125 3632 tale
3152 3576 3295 3647 quid
3311 3575 3677 3646 objecerunt,
3694 3576 3876 3647 quale

2219 3669 2401 3724 Graeci
2425 3682 2587 3724 nunc
2615 3664 2918 3737 objiciunt.
2943 3665 3114 3732 Quod
3135 3665 3185 3720 si
3208 3664 3417 3723 fuisset
3449 3664 3881 3735 objectum,so-

2217 3756 2345 3813 lum
2374 3755 2704 3812 suffecisset
2728 3754 2806 3811 ad
2827 3753 3199 3827 perdendum
3233 3769 3393 3810 enm.
3428 3757 3541 3811 Nec
3572 3754 3758 3810 Pilato
3790 3753 3879 3810 di-

2220 3849 2387 3901 cente
2408 3863 2419 3900 :
2435 3844 2703 3913 Accipite
2712 3858 2846 3900 eum
2858 3858 2977 3914 vos,
2994 3849 3046 3900 et
3057 3842 3385 3899 secundum
3400 3844 3581 3912 legem
3614 3848 3880 3899 vestram

2211 3934 2489 4005 judicale
2508 3948 2661 3999 eum,
2683 3931 2973 3988 dixissent
2988 3948 3013 3989 .·
3032 3932 3167 3988 Νοη
3189 3932 3326 3988 licet
3347 3932 3514 3987 nobis
3541 3932 3883 3998 interﬁcere

2225 4036 2574 4095 quemquam
2596 4021 2669 4088 ⁷³,
2690 4021 2835 4093 quia
2855 4020 2969 4092 ipsi
3000 4025 3301 4093 praecepto
3348 4020 3498 4089 legis
3539 4019 3877 4076 interfecis-

2226 4117 2357 4169 sent
2377 4109 2713 4168 fermentati
2728 4109 3099 4182 participem,
3119 4114 3177 4166 et
3188 4109 3481 4165 dixissent
3506 4127 3518 4164 :
3539 4110 3663 4165 Nos
3687 4111 3875 4181 legem

2226 4201 2531 4263 habemus,
2554 4205 2607 4256 et
2629 4200 2953 4256 secundum
3003 4199 3188 4268 legem
3236 4198 3403 4255 debet
3447 4199 3603 4254 mori
3618 4199 3690 4264 υ,
3729 4197 3878 4270 quia

2222 4289 2643 4346 fermentatum
2655 4288 2914 4345 comedit
2925 4288 2984 4343 in
2998 4287 3244 4354 Pascha,
3259 4291 3363 4344 aut
3373 4291 3528 4343 certe
3541 4286 3705 4359 apud
3729 4302 3873 4343 eum

2218 4380 2516 4454 apparuit.

3063 4470 3189 4525 Non
3236 4466 3297 4523 in
3327 4466 3590 4539 publico,
3647 4466 3753 4523 sed
3804 4466 3866 4522 in

2214 4558 2443 4615 occulto
2463 4558 2579 4614 hoc
2604 4556 2742 4626 egit.
2775 4555 2974 4612 Absit!
3000 4557 3150 4621 Quia
3170 4571 3291 4611 non
3345 4555 3544 4611 solum
3586 4553 3663 4609 de
3692 4554 3864 4611 factis

2213 4648 2357 4714 suis,
2384 4646 2490 4703 sed
2511 4646 2690 4703 etiam
2717 4644 2792 4701 de
2813 4644 2987 4701 dictis
3036 4645 3118 4701 ait
3136 4645 3252 4717 ipsi
3284 4659 3526 4700 summo
3556 4642 3861 4714 pontifici:

2212 4737 2341 4808 Ego
2349 4737 2553 4806 palam
2578 4736 2809 4791 locutus
2824 4750 2955 4790 sum
2977 4735 3220 4799 mundo,
3241 4739 3294 4791 et
3322 4735 3387 4789 in
3407 4732 3758 4790 abscondito
3782 4734 3866 4788 lo-

2213 4832 2383 4883 eutus
2399 4841 2528 4881 sum
2545 4824 2725 4881 nihil.
2746 4823 2903 4891 Quid
2918 4839 3010 4879 me
3042 4825 3382 4894 interrogas
3396 4827 3424 4877 Ρ
3440 4823 3747 4893 interroga
3769 4837 3864 4879 eos

2213 4917 2320 4988 qui
2341 4915 2662 4973 audierunt
2682 4913 2870 4971 75.Sed
2906 4914 3087 4969 etiam
3104 4912 3405 4985 numquid
3415 4912 3734 4969 dominum
3751 4912 3863 4969 do-

2211 5021 2370 5069 mus,
2392 5004 2453 5060 in
2476 5019 2601 5077 qua
2626 5002 2858 5059 Pascha
2885 5002 3229 5068 celebravit,
3258 5001 3476 5058 latuit?
3507 5006 3610 5057 aut
3637 5006 3797 5059 certe
3814 5001 3865 5057 si

2212 5093 2343 5166 ipse
2373 5092 2693 5159 consensit,
2724 5090 3025 5163 numquid
3044 5089 3328 5146 etludam
3348 5088 3706 5161 complicem
3734 5106 3867 5148 ma-

2212 5182 2512 5251 lignorum
2544 5181 2728 5237 latere
2767 5179 2998 5252 potuit?
3034 5179 3137 5252 qui
3179 5179 3343 5247 iuxta
3382 5177 3711 5234 Psalmistas
3749 5193 3867 5235 vo-

2213 5285 2376 5325 cem:
2398 5269 2543 5325 Dus:
2564 5284 2725 5325 meus
2745 5273 2801 5324 et
2830 5272 3005 5323 notus
3025 5282 3184 5324 meus
3210 5267 3525 5324 vocatur"
3550 5284 3563 5333 ;
3609 5280 3866 5337 praeser-

2210 5358 2318 5415 tim
2348 5373 2486 5414 cum
2508 5357 2681 5414 fuerit
2701 5356 3106 5429 dispensator,
3128 5371 3310 5429 quem
3334 5355 3622 5411 Dominus
3642 5353 3862 5411 dilecto

516 5539 835 5617 esssgoan.
894 5557 1015 5611 xm,
1075 5541 1126 5593 l.
1180 5538 1406 5617 "ipsa
1462 5557 1619 5611 xvm,
1678 5543 1769 5601 28.
1827 5545 1874 5581 ⁸⁸
1906 5547 2102 5605 Matth.

2218 5590 2231 5605 .
2294 5552 2382 5605 i7.
2422 5548 2469 5585 ⁸ο
2502 5546 2525 5601 Ι
2570 5546 2700 5603 Cor.
2733 5561 2797 5613 ιι,
2833 5549 2918 5617 t8,
2949 5548 2999 5582 ⁷ο
3024 5544 3210 5603 Exod.
3241 5561 3341 5611 xu,
3374 5548 3463 5601 20.
3490 5545 3543 5617 ,τί
3576 5545 3727 5601 loan
3756 5558 3857 5599 vni

442 5617 533 5674 46.
592 5613 929 5683 "Isauri,
964 5610 1005 5672 1⁷
1044 5624 1213 5685 seqq.
1259 5610 1503 5671 "Joan.
1565 5630 1720 5687 xvm,
1777 5620 1869 5674 31.
1923 5619 2171 5679 7tloan.
2227 5635 2344 5688 xix,
2398 5625 2453 5677 7.
2502 5618 2748 5677 75Joan.
2781 5610 2960 5685 'xvm,
3014 5623 3103 5685 20,
3162 5620 3254 5676 21.
3301 5610 3528 5675 “Psal.
3586 5632 3699 5685 1.1V,
3750 5617 3844 5672 14.
