4106 6222
181 8 414 26 ‘w—J'V-V
441 8 466 20 γ
493 6 596 22 δ’

317 39 346 48 ς.
381 31 508 70 γ-υο

125 312 236 374 εει
1554 319 1832 380 CONTRA
1863 312 2188 381 GRJECOS.
2441 351 2446 355 -
3472 336 3578 394 522

128 457 250 498 suo
269 443 511 505 Joanni
530 444 954 531 demonstrans
969 439 1237 517 aitzlpse
1252 450 1356 516 est,
1381 436 1479 502 cui
1497 447 1819 504 intinctam
1847 447 1900 502 Α
1927 461 2192 520 azymos.
2234 439 2417 518 Unde,
2464 447 2600 505 licet
2657 441 2946 506 Dominus
2999 445 3213 509 dixerit
3269 450 3579 531 discipulis

127 527 778 603 panemporreamro’7
803 535 1051 604 ;et:0ui
1071 535 1556 608 mecumintingit
1573 551 1819 593 manum
1928 537 2090 594 suis:
2119 537 2301 595 Scitis
2329 533 2473 610 quia
2488 543 2622 609 post
2659 537 2902 596 biduum
2935 539 3180 599 Pascha
3201 544 3305 612 ﬁet
3339 527 3576 617 l"’,—etc.,

129 622 197 676 in
224 623 600 694 paropside,
629 624 728 680 hic
755 639 845 682 me
886 626 1082 682 tradet
1105 625 1172 679 τε.
1203 623 1373 691 Quod
1393 624 1441 680 si
1457 625 1540 681 ita
1555 630 1664 693 est,
1683 641 1820 698 quae
1928 626 2234 684 Mattheeus
2263 631 2465 684 tamen
2490 626 2679 700 ipsius
2709 627 2844 694 diei,
2872 628 2932 684 in
2953 633 3127 700 cujus
3154 647 3428 706 vespera,
3455 651 3581 709 qua

128 726 228 765 res
261 712 600 783 prohibuit
622 713 921 772 infelicem
942 716 972 770 ,ι
983 715 1186 780 udam,
1219 713 1296 770 de
1325 720 1659 773 memorato
1706 715 1820 771 fer-
1928 717 2156 772 Pascha
2183 716 2389 784 ﬁebat,
2417 717 2780 774 mentionem
2813 718 3038 775 faciens
3072 720 3189 777 ait:
3239 723 3436 781 Primo
3483 729 3580 783 die

130 805 428 858 mentato
445 801 650 876 ipsum
671 803 925 876 prodere
943 804 1302 874 sanguinem
1325 805 1561 878 justum
1591 803 1816 877 palam,
1927 819 2274 876 azymorum
2288 812 2658 864 accesserunt
2683 807 2969 877 discipuli
2986 809 3055 876 ⁸³,
3075 814 3184 866 etc.
3209 811 3311 868 Cui
3332 828 3578 871 concor-

132 906 330 964 quem
354 891 659 949 omnibus
677 892 873 949 modis
894 893 1203 966 quaerebat
1218 893 1471 966 prodere
1492 893 1649 949 clam
1666 893 1694 949 ?
1716 897 1821 950 aut
1925 891 2082 948 dans
2107 896 2335 950 Marcus
2366 895 2483 952 ait:
2523 895 2672 951 Erat
2719 901 2913 952 autem
2968 897 3201 955 Pascha
3267 907 3319 957 et
3361 916 3578 972 azyma

133 978 287 1054 quid
309 995 577 1037 necesse
597 981 810 1038 habuit
833 981 1029 1039 dicere
1054 999 1067 1037 :
1105 983 1362 1040 Peccavi
1413 983 1656 1039 tradens
1681 997 1818 1038 san-
1850 1033 1854 1036 .
1922 987 2056 1052 post
2070 981 2394 1039 biduum”.
2419 986 2865 1056 Etpostpauca:
2891 987 3086 1043 Prima
3099 987 3191 1042 die
3209 1002 3578 1061 azymorum,

133 1071 394 1137 guinem
416 1069 656 1140 justum
682 1071 732 1105 ⁷³
753 1087 768 1140 ;
792 1086 930 1128 cum
963 1070 1255 1128 tradendo
1311 1075 1817 1141 transgressorem

133 1155 314 1228 legis,
351 1157 634 1216 avertita
667 1174 730 1214 se
761 1162 818 1216 et
845 1176 881 1216 a
909 1159 1136 1233 populo
1178 1160 1441 1217 furorem
1472 1160 1727 1233 Domini,
1762 1163 1820 1218 et

136 1246 414 1317 gratiam
469 1247 855 1319 promeruit?
909 1249 1069 1306 Sicut
1115 1249 1275 1305 enim
1325 1249 1612 1322 scriptum
1642 1250 1817 1306 estin

141 1335 633 1392 Deuteronomio
650 1353 663 1391 :
681 1338 750 1394 Si
759 1338 1053 1406 propheta
1069 1338 1339 1410 quilibet,
1362 1343 1467 1394 aut
1477 1339 1643 1407 ﬁlius
1655 1343 1814 1406 tuus,

140 1430 246 1480 aut
277 1425 449 1496 ﬁlia,
481 1439 584 1482 seu
614 1441 796 1495 uaor,
831 1433 886 1483 et
907 1428 1135 1484 amicus
1153 1442 1327 1499 quem
1365 1427 1568 1497 diligis
1596 1433 1664 1483 ut
1690 1429 1818 1485 ani-

143 1529 304 1570 mam
328 1521 532 1582 tuam,
551 1517 951 1573 voluereclam
965 1517 1326 1586 persuadere
1350 1517 1478 1587 tibi,
1496 1523 1563 1573 ut
1583 1523 1816 1575 averta-

149 1604 229 1659 ris
259 1619 298 1660 a
328 1606 712 1661 rceremoniis
735 1606 909 1676 leges,
937 1622 1057 1662 non
1085 1607 1425 1678 acquiescas
1459 1606 1559 1675 eis,
1589 1621 1694 1664 nec
1715 1622 1816 1664 au-

149 1692 283 1748 dias
309 1710 324 1748 ε
360 1709 477 1750 nec
499 1702 720 1764 parcat
741 1695 796 1751 ei
819 1696 1026 1750 oculus
1057 1701 1216 1763 tuus,
1245 1710 1352 1752 nec
1376 1696 1736 1766 miserearis,
1761 1703 1816 1753 et

157 1784 422 1840 occultes
442 1798 601 1853 eum,
617 1789 672 1840 ct
696 1787 900 1841 statim
911 1783 1376 1877 proditopopulo
1398 1786 1736 1877 interﬁcies,
1751 1791 1818 1842 ut
1847 1821 1890 1877 Β

158 1877 328 1928 avert
339 1878 480 1929 stur
504 1874 796 1930 Dominus
809 1889 843 1930 a
853 1874 884 1930 b
903 1875 998 1932 ira
1023 1875 1256 1945 fm'oris
1269 1875 1384 1942 sui,
1398 1881 1452 1932 et
1464 1876 1819 1933 misereatur

164 1961 268 2031 tui,
300 1963 788 2035 multiplicatque
817 1970 872 2020 te
897 1964 966 2033 ⁸ο,
1001 1968 1108 2020 etc.

232 2050 346 2106 Sed
405 2051 621 2108 iterum
665 2050 874 2109 dicunt
913 2053 1127 2108 Graeci:
1164 2051 1218 2108 Si
1260 2051 1519 2109 creditur
1547 2052 1820 2126 omnipo-

162 2142 312 2204 tens,
336 2138 745 2212 potuitutique
760 2139 957 2196 subito
978 2140 1401 2197 fermentatum
1418 2140 1819 2214 undecunque

173 2226 464 2290 exhibere,
492 2233 595 2284 aut
625 2233 781 2285 certe
812 2228 1013 2302 ipsum
1071 2243 1354 2301 azymum
1407 2228 1820 2287 benedicendo

183 2313 543 2375 fermentare.
565 2317 737 2384 Quod
759 2334 944 2392 quam
965 2319 1038 2375 sit
1059 2318 1352 2388 frivolum,
1376 2335 1557 2377 nemo
1583 2325 1694 2391 est,
1714 2320 1821 2394 qui

194 2420 314 2460 non
330 2405 621 2476 intelligat:
655 2408 800 2481 quia
823 2423 1181 2482 quocunque
1202 2408 1386 2466 modo
1403 2408 1566 2482 apud
1595 2425 1733 2466 eum
1759 2411 1820 2466 in

190 2491 323 2566 ipsa
357 2494 707 2553 solemnitate
756 2497 1179 2554 fermentatum
1233 2499 1630 2570 apparuisset,
1674 2499 1821 2572 legis

188 2590 569 2654 transgressor
597 2586 780 2654 fieret,
816 2591 869 2641 et
919 2591 1095 2659 plane
1127 2586 1349 2657 dignus
1376 2587 1595 2660 puniri,
1629 2588 1732 2660 qui
1758 2589 1820 2645 in

175 2678 388 2730 sancta:
412 2673 559 2744 legis
583 2674 1009 2730 contumeliam
1038 2675 1460 2732 fermentatum
1487 2681 1816 2733 tractasset.

175 2761 280 2818 Sed
302 2767 358 2816 et
377 2762 424 2818 si
446 2764 717 2836 quolibet
739 2764 922 2821 modo
955 2770 1188 2822 tantum
1213 2765 1571 2822 miraculum
1595 2767 1818 2822 factum

171 2850 388 2917 fuisset,
405 2851 619 2926 aliquis
633 2853 1137 2924 evangelistarum
1151 2861 1468 2924 narrasset;
1486 2872 1623 2911 cum
1639 2857 1817 2912 etiam

166 2940 444 3010 quaedam
469 2942 745 3011 minima,
768 2958 876 2998 nec
905 2943 1247 2999 narratione
1263 2943 1631 3013 adeodigna,
1648 2949 1712 3000 ut
1742 2942 1816 3000 de

165 3031 546 3087 contentione
579 3031 1034 3104 discipulorum,
1095 3032 1405 3102 diligenter
1436 3032 1656 3089 fuerint
1683 3048 1816 3088 nar-

161 3129 305 3176 rata.
326 3119 551 3176 Omnia
569 3136 710 3191 ergo
734 3125 852 3176 tam
872 3121 1172 3177 obstinato
1195 3121 1424 3177 silentio
1458 3121 1818 3177 reticuerunt

161 3209 1128 3280 necessariisacramentiinitium,
1145 3211 1309 3282 quod
1334 3210 1509 3267 totius
1540 3210 1816 3267 Ecclesiae

164 3299 412 3355 exsistat
442 3299 1098 3356 fundamentum.Unde
1131 3301 1410 3373 quamvis
1440 3301 1516 3357 sit
1545 3301 1817 3374 omnipo-

167 3391 307 3454 tens,
344 3388 510 3444 istud
543 3388 737 3444 facere
784 3405 904 3445 non
945 3389 1156 3460 potuit,
1205 3390 1349 3462 quia
1385 3389 1590 3446 noluit.
1624 3391 1817 3456 Quare

165 3477 400 3533 noluit?
429 3479 580 3543 Quia
610 3477 943 3548 transgredi
971 3478 1165 3548 legem
1195 3479 1404 3536 noluit.
1431 3478 1600 3535 Unde
1621 3479 1650 3534 ‘.’
1682 3479 1816 3536 Non

167 3569 296 3623 veni
329 3567 562 3624 solvere
583 3569 789 3638 legem,
841 3567 943 3624 sed
965 3568 1296 3637 adimplere
1325 3569 1390 3623 ⁸¹.
1418 3568 1589 3633 Quod
1615 3573 1817 3624 autem

166 3657 607 3729 omnipotentis.
664 3673 777 3712 sua
827 3655 1038 3727 ligetur
1082 3657 1311 3713 ratione
1363 3657 1702 3714 necessaria
1761 3662 1818 3715 et

166 3745 308 3816 utili,
335 3745 632 3819 probatur
650 3762 757 3819 per
777 3745 1206 3816 evangelistam
1229 3746 1584 3818 Matthaeum,
1620 3745 1820 3804 dicen-

166 3839 276 3890 tem
310 3835 391 3890 de
417 3833 614 3906 patria
641 3834 848 3890 Christi
874 3852 886 3889 :
918 3836 1052 3892 Non
1073 3837 1264 3904 potuit
1283 3837 1366 3892 ibi
1393 3841 1640 3892 virtutes
1667 3838 1818 3893 mul-

164 3928 248 3980 tas
269 3925 317 3994 Γ
311 3938 508 3992 acere,
541 3931 795 3994 propter
821 3925 1310 3982 incredulitatem
1339 3941 1538 3982 eorum
1571 3927 1638 3981 ⁸³.

414 4041 739 4111 Responsio
764 4041 846 4098 ad
870 4045 1288 4099 auctoritatem
1319 4044 1584 4099 Joannis.

231 4154 328 4211 Ad
360 4155 699 4212 secundum
729 4155 1031 4229 objectum
1057 4156 1131 4213 de
1159 4158 1505 4214 auctoritate
1535 4158 1818 4216 Joannis:

169 4245 290 4314 Ipsi
315 4261 439 4300 non
461 4245 820 4302 introierunt
843 4246 911 4310 ⁸³,
931 4251 1066 4315 etc.,
1087 4245 1369 4315 dicimus,
1396 4247 1564 4319 quod
1591 4249 1824 4305 Pascha

170 4335 576 4407 multipliciter
603 4335 948 4408 accipiatur.
983 4333 1326 4408 Aliquando
1358 4337 1519 4392 enim
1551 4341 1642 4393 est
1696 4338 1824 4394 dies

171 4424 640 4481 immolationis:
674 4423 835 4480 unde
873 4424 1109 4480 Levitici
1146 4445 1158 4484 :
1203 4426 1438 4481 Decimo
1488 4433 1706 4498 quarto
1731 4427 1825 4484 die

1925 1072 2165 1141 quando
2201 1071 2425 1129 Pascha
2448 1073 2838 1130 immolabant
2865 1074 2936 1144 9‘,
2963 1080 3072 1131 etc.
3108 1075 3166 1131 Si
3189 1076 3368 1147 igitur
3420 1079 3584 1136 vide-

1923 1164 2086 1216 retur
2112 1175 2233 1217 non
2255 1161 2671 1234 accipiendum
2693 1163 2925 1219 Pascha
2946 1167 3001 1220 et
3030 1179 3264 1236 azyma,
3310 1172 3375 1224 ut
3397 1168 3581 1225 modo

1924 1249 2170 1318 Pascha,
2198 1265 2307 1322 pro
2338 1250 2486 1307 festo
2511 1267 2886 1325 azymorum,
2909 1256 2964 1308 et
2993 1253 3176 1311 modo
3201 1255 3418 1312 festum
3445 1274 3581 1329 azy-

1924 1353 2162 1393 morum
2190 1338 2548 1410 intelligatur
2566 1355 2676 1412 pro
2699 1340 2966 1409 Pascha;
2998 1344 3306 1413 quomodo
3351 1345 3531 1403 stabit
3562 1363 3577 1402 :

1923 1426 2078 1483 Erat
2111 1429 2345 1485 Pascha
2379 1435 2432 1484 et
2461 1444 2675 1499 azyma
2703 1435 2835 1500 post
2875 1430 3118 1487 biduum
3139 1433 3168 1485 ?
3217 1433 3331 1488 Sed
3367 1432 3582 1490 beatus

1927 1517 2114 1572 Lucas
2145 1532 2390 1572 omnem
2419 1517 2654 1574 solvens
2681 1518 2925 1575 haeresis
2953 1520 3420 1578 controversiam
3463 1523 3578 1580 ait:

1924 1606 1972 1660 A
1981 1606 2467 1678 ppropinquabat
2483 1607 2606 1664 dies
2618 1608 3095 1679 azymorum,qui
3114 1609 3331 1666 dicitur
3351 1611 3583 1669 Pascha

1926 1696 1996 1763 9';
2013 1695 2221 1767 etquia
2233 1711 2370 1751 cum
2385 1711 2476 1766 eo,
2491 1695 2594 1768 qui
2609 1697 2847 1768 proprie
2861 1697 3086 1754 Pascha
3097 1698 3427 1768 dicebatur,
3441 1700 3581 1756 sub-

1926 1787 2244 1855 sequentes
2271 1799 2515 1857 quoque
2541 1783 2668 1840 dies
2699 1800 3050 1858 azymorum
3077 1785 3325 1844 abusive
3349 1803 3580 1846 nuncu-

1927 1875 2148 1945 pantur
2171 1872 2420 1939 Pascha,
2469 1889 2653 1946 quem
2683 1874 2844 1930 diem
2893 1873 3066 1932 vellet
3093 1875 3358 1947 intelligi,
3389 1877 3450 1934 in
3481 1895 3578 1935 se-

1927 1960 2252 2034 quentibus
2303 1961 2828 2018 ostenditdieens:
2870 1963 3037 2018 Venit
3071 1969 3266 2020 autem
3287 1965 3408 2021 dies
3434 1981 3577 2036 azy-

1927 2065 2161 2106 morum
2192 2051 2255 2106 in
2283 2065 2402 2122 qua
2429 2046 2661 2107 necesse
2688 2057 2817 2106 erat
2843 2051 3036 2107 occidi
3053 2051 3276 2109 Pascha
3301 2054 3374 2110 93.
3404 2054 3576 2119 Quod

1927 2138 2105 2212 plane
2135 2138 2197 2195 in
2227 2139 2462 2196 decima
2493 2144 2710 2212 quarta
2737 2138 2884 2196 luna
2911 2139 3096 2196 ﬁebat
3124 2140 3201 2197 ad
3229 2154 3576 2214 vesperum,

1927 2227 2172 2300 quando
2203 2242 2396 2299 agnus
2425 2227 2848 2298 occidebatur;
2902 2244 3086 2301 quem
3133 2229 3313 2285 etiam
3347 2230 3580 2291 Pascha

1928 2316 2067 2383 dici,
2100 2316 2469 2388 evangelista
2500 2317 2585 2374 sic
2629 2317 2949 2390 perhibuit,
3004 2321 3072 2375 ut
3099 2317 3160 2374 in
3189 2317 3321 2390 ipso
3346 2319 3580 2378 Pascha

1928 2405 2326 2463 occidendum
2352 2405 2592 2463 diceret.

1999 2498 2200 2561 Porro,
2219 2496 2479 2568 qualiter
2496 2495 2742 2567 intelligi
2763 2495 2999 2565 debeat,
3025 2494 3190 2568 quod
3220 2495 3336 2553 ait:
3370 2495 3578 2554 Utnon

1929 2588 2505 2657 contaminarentur,
2525 2587 2629 2642 sed
2641 2593 2704 2643 ut
2720 2587 3160 2643 manducarent
3183 2587 3408 2644 Pascha
3421 2589 3489 2643 9‘.
3505 2589 3575 2644 9°.

1929 2674 2109 2731 Paulo
2132 2679 2266 2747 post
2285 2673 2367 2731 ait
2390 2690 2402 2729 :
2425 2674 2580 2730 Erat
2601 2681 2798 2731 autem
2823 2677 3141 2730 Parasceve
3159 2674 3404 2732 Paschas
3431 2676 3579 2733 hora

1927 2765 2102 2836 quasi
2133 2771 2304 2820 sexta
2352 2767 2392 2820 ¹.
2451 2765 2772 2820 Parasceve
2803 2763 3058 2828 Paschae,
3083 2764 3440 2835 praeparatio
3473 2767 3578 2822 Pa.

1930 2854 2091 2909 schte
2115 2854 2564 2926 interpretatur:
2597 2853 2845 2926 quando
2865 2853 2995 2924 jam
3025 2853 3496 2926 prreparabatur,
3521 2858 3579 2912 et

1927 2941 2506 3000 instabatcelebritas
2521 2943 2639 2998 diei
2652 2942 2857 3011 magni
2875 2941 3140 3008 Sabbati,
3157 2940 3261 3014 qui
3288 2941 3578 3000 celebrior

1926 3032 2154 3087 cunctis
2179 3031 2392 3087 diebus
2441 3035 2582 3087 tunc
2629 3029 2966 3088 habebatur
2993 3029 3379 3102 paschalibus
3409 3028 3576 3104 apud

1924 3120 2160 3175 Iudaeos
2186 3119 2369 3175 :adeo
2393 3123 2455 3174 ut
2480 3118 2860 3175 observantia
2905 3118 3034 3190 ejus
3059 3118 3293 3188 gentilis
3310 3115 3573 3175 hominis

1925 3208 2388 3275 cohabitatione,
2413 3208 2591 3264 veluti
2617 3209 2857 3264 introitu
2883 3209 3164 3281 praetorii,
3187 3208 3570 3281 pollueretur.

1929 3300 2112 3370 Igitur
2132 3300 2250 3354 :Ne
2261 3300 2323 3354 in
2341 3314 2514 3355 cruce
2529 3305 2908 3355 remanerent
2931 3313 3186 3368 corpora
3207 3299 3269 3354 in
3291 3297 3570 3368 Sabbato,

1927 3393 2222 3459 rogarunt
2248 3388 2526 3454 Pilatum,
2562 3395 2626 3442 ut
2659 3387 3017 3442 tollerentur
3039 3387 3082 3444 ².
3115 3385 3347 3442 Pascha
3369 3387 3571 3458 igitur,

1924 3477 1986 3532 in
2010 3477 2324 3549 prtemissa
2344 3475 3005 3548 auctoritate,accipitur
3027 3491 3135 3548 pro
3165 3475 3394 3548 azymis
3417 3494 3429 3528 :
3449 3491 3573 3547 quo

1925 3566 2264 3624 necessario
2278 3580 2583 3634 concesso,
2597 3569 2787 3621 cessat
2799 3564 3281 3622 adversariorum
3292 3563 3390 3635 obj
3400 3563 3572 3622 ectio.

2406 3682 2641 3739 Salutio
2671 3681 2753 3738 ad
2784 3684 3045 3740 tertiam.

1997 3799 2084 3854 Ad
2105 3799 2360 3863 tertiam,
2382 3797 2550 3871 quod
2584 3796 2810 3866 dicunt,
2843 3797 3009 3871 quod
3035 3799 3188 3870 ἄρτος
3214 3797 3574 3871 supponitur

1926 3904 2035 3961 pro
2060 3889 2434 3956 fermentata,
2467 3887 2746 3955 dicimus,
2767 3887 2934 3959 quod
2959 3886 3218 3943 multum
3241 3887 3578 3958 discrepant

1929 3995 1966 4035 a
1989 3979 2232 4036 veritate
2261 3996 2274 4034 :
2307 3977 2452 4051 quia
2489 3978 2645 4049 ἄρτος
2671 3977 2732 4032 in
2781 3992 2952 4032 sacra
2998 3975 3300 4048 Scriptura
3335 3991 3458 4031 non
3485 3991 3578 4032 so-

1928 4069 2054 4125 lum
2071 4084 2181 4140 pro
2201 4082 2434 4139 azymo,
2462 4082 2672 4122 verum
2689 4065 2866 4121 etiam
2889 4080 2998 4136 pro
3019 4063 3285 4136 quolibet
3306 4078 3461 4135 pane
3483 4079 3578 4120 sus

1931 4159 2131 4226 mitur,
2176 4159 2351 4228 prout
2381 4155 2442 4210 in
2477 4152 2864 4226 sequentibus
2894 4151 3228 4225 apparebit.
3281 4151 3578 4224 Scriptum

1931 4251 2020 4303 est
2048 4247 2109 4302 in
2143 4249 2320 4312 Luca,
2349 4243 2516 4316 quod
2572 4259 2711 4299 cum
2770 4242 3057 4298 Dominus
3105 4241 3484 4314 apparuisset
3519 4243 3579 4298 in

1934 4336 2130 4408 specie
2155 4333 2468 4406 peregrini,
2507 4337 2750 4389 coactus
2777 4332 2939 4388 fuita
2982 4331 3224 4388 duobus
3252 4329 3579 4404 discipulis,

1932 4429 1998 4480 ut
2037 4424 2460 4491 discumberet,
2508 4426 2565 4476 et
2611 4420 3039 4492 postzaccepit
3086 4421 3262 4494 ἄρτον,
3316 4425 3370 4476 et
3419 4420 3584 4476 bene‘

173 4518 392 4571 mensis
407 4514 490 4570 ad
505 4529 810 4584 vesperam
834 4496 1516 4583 PaschaDominiestW;
1541 4521 1596 4571 et
1618 4517 1677 4572 in
1692 4519 1822 4572 Mat-
1854 4517 1900 4572 D
1933 4496 2109 4579 difcit,
2142 4515 2198 4567 et
2225 4526 2359 4583 quae
2383 4514 2713 4581 sequuntur
2744 4510 2784 4562 ³.
2819 4507 2934 4564 Sed
2960 4513 3215 4574 constat,
3265 4507 3429 4580 quod
3455 4508 3585 4563 luec

175 4603 333 4660 thaso
358 4621 370 4657 :
407 4604 592 4660 Scitis
615 4604 760 4675 quia
779 4609 912 4673 post
936 4603 1180 4658 biduum
1214 4602 1447 4660 Pascha
1473 4605 1573 4672 fiet
1609 4605 1677 4659 ⁸⁵.
1712 4604 1824 4660 Ali—

175 4693 428 4766 quando
456 4708 652 4764 agnus
682 4693 1051 4760 immolatus,
1081 4698 1182 4749 ut:
1221 4694 1388 4750 Unde
1428 4696 1514 4751 vis
1542 4711 1826 4765 paremus

179 4783 282 4838 tibi
292 4783 535 4839 Pascha
552 4783 639 4838 δεῖ)
651 4782 1026 4856 Quandoque
1038 4798 1180 4838 vero
1192 4782 1322 4839 dies
1335 4786 1828 4855 azymorum,sic-

177 4877 236 4927 ut
266 4871 530 4928 habetur
557 4871 618 4927 in
660 4871 906 4928 Actibus
949 4871 1359 4944 apostolorum
1386 4873 1461 4928 de
1492 4875 1697 4930 Petro:
1737 4877 1831 4932 Vo-

178 4961 448 5030 lenspost
453 4961 788 5030 producere
799 4977 925 5019 eum
941 4963 1186 5031 populo;
1199 4968 1372 5017 erant
1384 4963 1538 5018 enim
1553 4963 1682 5020 dies
1693 4979 1829 5034 azy-

175 5065 411 5106 morum
425 5051 490 5104 ⁸⁷.
512 5049 848 5122 Aliquando
868 5055 1064 5106 autem
1079 5065 1266 5122 panes
1288 5051 1503 5123 azymi,
1537 5051 1826 5109 sicuthic:

176 5138 308 5195 Non
339 5140 712 5195 introierunt
743 5141 810 5195 in
837 5140 1286 5209 prcetorium,ut
1308 5155 1427 5196 non
1459 5143 1828 5213 contamina,

178 5233 412 5293 rentur,
426 5227 534 5284 sed
545 5233 607 5283 ut
630 5227 1312 5285 manducarentPascha
1327 5229 1398 5296 ⁸⁸,
1429 5228 1492 5285 id
1509 5235 1612 5302 est,
1640 5246 1827 5303 panes

1933 4601 2093 4658 facta
2159 4605 2296 4655 sunt
2333 4597 2512 4654 indie
2557 4597 3042 4661 Resurrectionis,
3101 4597 3217 4652 hoc
3265 4601 3370 4660 est,
3401 4596 3463 4651 in
3488 4596 3586 4651 die

1936 4706 2308 4764 azymorum,
2341 4688 2445 4760 qui
2475 4702 2582 4760 per
2611 4692 2838 4759 septem
2869 4686 2997 4741 dies
3027 4684 3360 4741 secundum
3389 4685 3585 4754 legem

1937 4778 2325 4850 durabant,in
2339 4778 2558 4850 quibus
2572 4793 2694 4832 non
2735 4775 2928 4831 solum
2961 4790 3082 4830 non
3100 4774 3353 4843 comedi,
3375 4788 3585 4828 verum

1941 4887 2048 4927 nec
2071 4871 2129 4925 in
2151 4866 2456 4934 domibus,
2487 4865 2674 4920 necin
2697 4863 2917 4920 finibus
2938 4863 3049 4918 illis
3075 4861 3377 4930 omnibus,
3410 4861 3587 4932 panis

1938 4961 2330 5016 fermentatus
2360 4959 2594 5028 poterat
2629 4953 2908 5008 inveniri.
2949 4953 3189 5007 Constat
3221 4965 3384 5020 ergo,
3416 4949 3586 5022 quod

1937 5050 2040 5107 ille
2105 5048 2298 5123 panis,
2346 5045 2451 5118 qui
2499 5043 2831 5100 secundum
2888 5045 3116 5097 Grmcos
3147 5041 3302 5113 ἄρτος
3350 5039 3587 5101 dicitur.

1939 5155 2063 5196 non
2122 5138 2231 5194 fuit
2295 5135 2701 5204 fermentatus,
2757 5130 2862 5186 sed
2904 5147 3175 5202 azymus.
3212 5129 3398 5204 "Apro;
3444 5144 3586 5200 ergo

1953 5227 2242 5300 supponit
2270 5241 2380 5298 pro
2402 5238 2634 5295 azymo.

4061 2553 4083 3460 ι

249 5408 295 5442 ττ
329 5406 506 5463 Joan.
538 5423 648 5472 xm,
676 5411 765 5464 26.
843 5410 912 5463 78
940 5407 1137 5464 Matth.
1169 5424 1320 5476 XYTI,
1348 5411 1436 5463 23.
1494 5409 1543 5442 ἰθ
1572 5407 1771 5465 Matth.
1802 5423 1974 5470 xxvu.
2007 5410 2060 5462 4.
2090 5405 2180 5480 Αίδοί
2198 5406 2366 5480 Deut.
2403 5413 2521 5462 ιιιιι,
2551 5403 2721 5480 (μοί,
2757 5399 3048 5480 ftMatth.
3080 5413 3136 5480 ξς,
3175 5403 3265 5480 l7.
3322 5397 3367 5432 ⁸³
3394 5395 3592 5480 Matth.

185 5493 302 5552 χιιι,
333 5483 423 5534 58.
499 5469 672 5534 Mare.
704 5495 781 5534 vr.
808 5480 907 5552 ﬂ”
936 5481 1110 5552 Joan.
1145 5469 1415 5548 xvm,'28.
1495 5480 1542 5512 8‘
1577 5480 1762 5534 Exod.
1793 5496 1820 5533 ιι

1931 5469 2007 5532 18.
2026 5548 2057 5552 Δ
2087 5477 2142 5552 εξε-
2165 5474 2538 5552 mellinam,
2561 5477 2617 5530 2.
2678 5474 2724 5507 δε
2757 5470 3047 5552 ιιήᾱεηιῖξ..
3077 5471 3304 5552 ,δτᾷΑειηη
3327 5472 3509 5552 riga,
3540 5469 3596 5520 4.

189 5551 232 5583 ⁸⁸
260 5539 430 5606 Joan.
462 5566 617 5622 xvm,
663 5554 743 5606 l8.
802 5551 849 5585 ⁸⁸
883 5551 1078 5606 Matth.
1107 5567 1217 5615 xw,
1269 5539 1324 5608 2'.
1391 5552 1439 5585 9°
1470 5552 1647 5607 Marc.
1675 5567 1793 5619 xw,

1941 5551 1983 5584 εί
2021 5547 2168 5604 ibid.
2203 5548 2286 5603 t2.
2352 5547 2400 5580 ⁹²
2429 5539 2567 5600 Luc.
2603 5560 2741 5612 χχιι,
2780 5549 2828 5598 1.
2893 5544 2942 5577 9³
2969 5540 3116 5598 Ibid.
3145 5547 3196 5597 7.
3266 5539 3400 5580 lit-93
3429 5541 3598 5594 Joan.

193 5637 338 5694 nun,
365 5625 456 5677 28.
538 5625 550 5656 ¹
579 5624 751 5677 Joan.
783 5637 895 5695 init,
925 5623 1014 5677 14.
1049 5623 1114 5695 μ’
1145 5621 1292 5679 Ibid.
1322 5623 1409 5680 3t.
1489 5622 1511 5656 ³
1548 5625 1686 5680 Luc.
1718 5638 1819 5678 xxx

1931 5625 2001 5678 13.
3122 5645 3146 5695 ,-

545 5695 786 5751 ΡΑτιιοι..
827 5687 931 5750 δι’..
975 5692 1125 5750 CXL.

3116 5687 3177 5742 17
