4106 6222
480 375 584 431 523

1703 364 2183 421 PANTALEONIS
2221 364 2507 422 DIACONI
2548 364 2653 423 CP.

3791 365 3897 418 524

552 503 741 571 Atque
768 496 884 552 hoc
934 494 1136 567 ipsum
1165 489 1465 547 habemus
1492 486 1553 542 in
1583 488 1858 554 Levitico,
1886 489 1987 545 ubi
2010 492 2131 546 Mo—
2165 496 2210 545 A
2240 507 2428 563 quam
2455 492 2940 563 pravaricatores
2967 489 3135 561 legis.
3188 486 3389 546 Primo
3418 487 3596 559 igitur
3626 487 3725 543 die
3762 504 3894 560 azy-

483 604 577 644 ses
595 585 671 641 de
699 583 960 657 panibus
988 576 1418 654 propositionis
1443 575 1577 632 fecit
1608 576 1995 642 mentionem,
2027 578 2134 651 qui

482 673 675 746 azymi
724 676 914 737 erant,
960 667 1294 726 secundum
1349 665 1544 737 legem
1593 666 1633 718 ‘.
1668 669 1827 733 Item,
1884 667 1985 722 ubi
2019 668 2130 723 ait:
2224 720 2225 723 η

485 761 814 822 Comedetis
826 774 1013 829 panes
1030 771 1267 828 azymos
1299 770 1431 811 cum
1466 755 1717 809 lactucis
1748 756 2130 826 aqrestibus“,

480 848 714 907 habens
731 848 793 904 in
823 850 1044 914 Graco,
1066 843 1390 902 comedetis
1419 850 1589 916 ἀρτον.
1630 842 1773 898 Item
1802 844 1863 898 in
1896 844 2134 916 Sapien-

484 939 583 1005 tia,
613 938 714 995 ubi
746 938 1041 1008 scriptura
1069 934 1144 991 de
1200 949 1356 1007 pane
1386 932 1627 1002 calesti,
1674 933 1735 988 id
1770 938 1856 990 est
1885 951 2135 1005 manna,

477 1034 769 1101 paratum
799 1026 873 1083 de
901 1017 1047 1083 calo
1078 1026 1120 1091 ⁵,
1154 1029 1287 1090 etc.,
1317 1021 1458 1079 dicit
1487 1023 1745 1085 Gracus,
1778 1024 1953 1097 ἄρτον.
1993 1024 2136 1080 Item

486 1117 815 1180 Psalmista,
841 1115 943 1171 ubi
963 1130 1075 1171 nos
1095 1112 1353 1168 dicimus
1378 1128 1391 1165 :
1412 1110 1631 1167 Panem
1642 1112 1995 1182 angelorum
2017 1114 2036 1145 ⁷
2056 1112 2138 1180 ,in

486 1208 687 1265 Graeco
759 1204 1015 1261 habetur
1064 1204 1215 1276 ἄρτον
1244 1230 1249 1233 η
1279 1199 1519 1271 ἀγγέλων.
1582 1199 1726 1255 Item
1788 1199 2070 1256 Salomon
2122 1218 2135 1254 :

482 1295 700 1353 Suavis
727 1300 809 1351 est
833 1295 1010 1363 panis
1062 1289 1422 1347 mendacii“.
1455 1291 1601 1344 Ecce
1654 1288 1969 1344 manifesto
2001 1304 2138 1344 con-

487 1388 621 1451 stat,
645 1381 811 1456 quod
828 1381 942 1437 hoc
961 1394 1185 1436 nomen
1196 1379 1373 1448 panis
1410 1375 1815 1433 indifferenter
1826 1376 2136 1449 accipitur,

486 1474 613 1529 tam
668 1486 779 1543 pro
831 1485 1067 1541 azymo,
1118 1483 1301 1539 quam
1332 1482 1441 1538 pro
1491 1464 1885 1530 fermentato;
1919 1472 1977 1522 et
2015 1472 2138 1523 tam

488 1562 562 1617 de
596 1576 667 1615 eo
695 1558 861 1632 quod
889 1558 1077 1630 replet
1098 1560 1391 1624 ventrem,
1414 1570 1600 1621 quam
1631 1571 1739 1627 pro
1764 1571 1834 1611 eo
1852 1556 2017 1628 quod
2049 1573 2139 1612 sa-

489 1648 595 1705 tiat
618 1650 904 1712 mentem,
930 1645 1046 1701 hoc
1067 1648 1173 1716 est,
1207 1642 1573 1699 desiderium
1616 1642 1899 1711 hominis,
1928 1644 2046 1700 sive
2075 1645 2135 1701 in

488 1736 675 1804 bono,
702 1735 828 1790 sive
858 1734 917 1789 in
944 1731 1128 1789 malo.

2243 594 2502 647 morum,
2534 580 2637 652 qui
2658 585 2784 637 erat
2811 580 2957 645 dies,
2982 579 3249 634 fecerunt
3274 576 3573 632 Christum
3604 575 3824 632 occidi.

2739 716 3060 785 Responsio
3087 714 3171 770 ad
3197 713 3390 769 aliud.

2315 850 2403 906 Ad
2433 849 2513 920 id,
2560 849 2729 921 quod
2772 850 3059 921 sequitur,
3105 847 3395 920 quoniam
3443 845 3540 902 illa
3587 846 3717 913 tria,
3761 863 3898 920 qua

2246 940 2465 995 suntin
2498 937 2750 1007 Christo,
2810 937 3028 992 scilicet
3069 951 3308 1008 corpus,
3350 940 3408 991 et
3443 935 3669 1001 anima,
3700 942 3761 991 et
3814 936 3902 991 di-

2248 1028 2478 1091 vinitas,
2512 1026 2557 1081 si
2584 1026 2696 1081 ista
2722 1025 2928 1082 fabula
2947 1025 3152 1096 aliquo
3197 1024 3383 1079 modo
3411 1024 3597 1093 digna
3621 1029 3785 1080 esset
3817 1041 3903 1079 re-

2248 1114 2589 1187 sponsione,
2623 1131 2946 1186 possumus
2976 1112 3192 1181 dicere,
3212 1111 3380 1185 quod
3403 1118 3616 1184 prater
3635 1112 3737 1168 illa
3765 1113 3897 1181 tria,

2248 1204 2375 1261 alia
2404 1203 2539 1259 dua
2567 1203 2955 1276 proprietates
2983 1206 3226 1273 possent
3280 1202 3343 1257 in
3396 1217 3508 1256 suo
3542 1201 3899 1257 fermentata

2249 1292 2566 1361 assignari.
2597 1293 2694 1347 Est
2714 1291 2872 1347 enim
2896 1292 2955 1346 in
2982 1290 3176 1347 farina
3199 1290 3554 1345 fermentata
3579 1288 3692 1354 sal,
3713 1306 3899 1362 aqua,

2249 1385 2305 1436 et
2342 1380 2514 1450 ignis,
2567 1380 2693 1434 sine
2746 1395 2868 1451 quo
2917 1394 3188 1451 unquam
3242 1378 3418 1451 panis
3441 1378 3520 1433 ad
3576 1379 3895 1435 essentiam

2249 1486 2424 1525 suam
2459 1474 2648 1540 potest
2690 1469 3017 1541 pervenire.
3052 1471 3114 1523 Et
3142 1467 3225 1524 ita
3271 1482 3394 1523 non
3458 1468 3779 1541 ternarius,
3836 1475 3896 1526 ut

2246 1559 2360 1629 ipsi
2390 1557 2773 1619 mentiuntur,
2803 1557 2907 1612 sed
2942 1556 3363 1630 quaternarius
3379 1560 3438 1611 et
3455 1557 3773 1629 quinarius
3793 1574 3900 1614 nu-

2246 1662 2448 1702 merus
2478 1646 2537 1700 in
2565 1660 2719 1717 pane
2742 1644 3040 1700 invenitur
3062 1643 3435 1701 fermentato.

2319 1736 2379 1788 In
2410 1738 2613 1788 nostro
2638 1748 2776 1788 vero
2808 1737 3204 1798 sacramento,
3236 1732 3296 1787 in
3335 1748 3458 1804 quo
3502 1732 3647 1788 nihil
3692 1739 3785 1787 est
3811 1749 3903 1787 sa

564 1825 678 1883 Sed
722 1824 863 1881 dicit
898 1824 1113 1879 iterum
1167 1823 1439 1878 Gracus:
1474 1821 1696 1876 Veritas
1744 1820 1922 1878 debet
1945 1838 2135 1879 corre-
2169 1837 2208 1890 Β
2247 1820 2564 1893 perﬂuum,
2586 1820 2765 1876 etiam
2780 1820 3904 1889 secundumsigniﬁcationessuas,tria

492 1912 791 1987 spondere
818 1911 1067 1968 umbra.
1095 1910 1209 1967 Sed
1229 1914 1445 1981 quarta
1473 1908 1708 1965 decima
1735 1909 1881 1966 luna
1901 1912 1979 1966 ad
2010 1929 2140 1967 ves-

489 2018 699 2075 peram
722 1999 1151 2056 immolabatur
1177 2013 1372 2069 agnus
1395 1997 1650 2069 typicus.
1666 2000 1815 2069 Ergo
1837 2000 1896 2054 in
1925 1998 2019 2055 die
2036 2004 2139 2057 Pa-

488 2105 728 2147 rasceve
758 2089 867 2144 fuit
894 2089 1039 2145 luna
1058 2092 1275 2161 quarta
1302 2086 1556 2142 decima.
1590 2088 1736 2159 quia
1754 2094 1968 2161 quarta
1988 2090 2143 2147 deci-

489 2194 592 2236 ma
610 2178 756 2234 luna
783 2176 1131 2233 immolatus
1178 2174 1288 2231 fuit
1339 2180 1541 2246 Agnus
1576 2191 1772 2232 verus.
1806 2178 1956 2249 Ergo
2004 2180 2141 2236 etin

490 2266 703 2339 quinta
732 2265 879 2321 feria
906 2264 1265 2337 praecedenti
1313 2262 1421 2319 fuit
1448 2263 1594 2319 luna
1619 2264 1791 2321 tertia
1811 2265 2066 2334 decima,
2087 2274 2144 2325 et

491 2359 632 2411 tunc
662 2350 798 2409 fecit
827 2353 1091 2410 Christus
1121 2350 1354 2407 Pascha
1375 2354 1735 2422 suum.Ergo
1762 2353 2025 2410 Christus
2043 2371 2142 2412 co-

491 2442 679 2499 medit
705 2457 919 2514 azyma
940 2440 1192 2497 Pascha.

562 2529 825 2587 Dicimus
856 2530 1022 2602 quod
1050 2528 1268 2585 veritas
1314 2528 1643 2600 respondet
1686 2529 1939 2595 umbra,
1997 2532 2141 2604 quia

492 2620 554 2677 in
567 2619 799 2677 Pascha
818 2618 1019 2691 typico
1047 2621 1217 2673 erant
1227 2616 1373 2683 duo,
1392 2615 1613 2674 scilicet
1631 2620 1770 2688 agni
1786 2618 2139 2690 immolatio,

494 2715 551 2767 et
591 2708 895 2767 comestio.
937 2711 1142 2778 Agnus
1214 2706 1449 2779 typicus
1509 2706 1938 2763 immolabatur
2001 2709 2142 2764 luna

493 2802 713 2871 quarta
740 2796 960 2853 dicima
997 2813 1011 2865 ;
1060 2799 1117 2851 et
1170 2793 1502 2850 immolatio
1529 2793 1652 2849 veri
1681 2795 1829 2864 Agni
1862 2795 2141 2853 inchoata

494 2891 582 2942 est
607 2885 754 2942 luna
776 2884 1012 2941 decima
1035 2882 1407 2956 quartanua
1436 2887 1647 2953 captus
1674 2888 1802 2939 erat
1828 2885 2135 2941 Dominus.

493 2978 559 3032 Et
587 2973 919 3031 immolatio
975 2971 1299 3044 respondet
1355 2970 1777 3027 immolationi.
1848 2974 2139 3032 Comestio

494 3070 697 3122 autem
717 3061 1069 3120 comestioni
1106 3059 1360 3117 totaliter
1386 3060 1709 3133 respondet
1733 3079 1746 3129 ;
1774 3061 1918 3133 quia
1948 3078 2142 3133 agnus

2247 1916 2479 1967 tantum
2502 1910 2894 1980 reperiuntur,
2927 1908 3149 1964 scilicet
3176 1908 3390 1977 farina,
3414 1925 3575 1980 aqua
3613 1913 3671 1963 et
3698 1909 3861 1978 ignis
3887 1925 3903 1973 ;

2248 1998 2549 2054 mediante
2569 2013 2691 2070 quo
2714 1998 2909 2054 farina
2928 2002 2983 2053 et
3009 2013 3167 2070 aqua
3190 1997 3323 2068 conj
3334 2002 3655 2066 unguntur.
3687 1996 3905 2052 Farina

2249 2087 2534 2159 supponit
2562 2101 2671 2158 pro
2702 2101 2882 2141 carne
2915 2103 2928 2153 ;
2959 2100 3139 2157 aqua,
3176 2101 3284 2157 pro
3309 2085 3512 2141 anima
3536 2085 3729 2154 ;ignis
3758 2101 3905 2141 vero

2250 2191 2357 2249 pro
2387 2174 2728 2240 divinitate;
2760 2190 2896 2245 qua
2947 2180 3201 2245 utraque
3258 2175 3589 2245 assumpsit
3617 2174 3678 2228 in
3711 2174 3907 2230 unita-

2249 2270 2368 2321 tem
2398 2279 2694 2337 persona.
2727 2264 2841 2320 Sed
2870 2263 3016 2335 quid
3042 2261 3217 2318 nobis
3240 2263 3315 2318 de
3346 2262 3470 2317 istis
3496 2261 3716 2318 fabulis
3745 2270 3907 2319 vetu-

2247 2352 2443 2408 larum
2474 2351 2501 2405 ?
2527 2351 2788 2406 Audiant
2818 2350 3000 2408 Graci
3058 2366 3240 2421 super
3264 2351 3379 2405 hoc
3399 2349 3647 2405 beatum
3682 2353 3906 2420 Grego-

2247 2440 2405 2496 rium
2436 2440 2495 2495 in
2529 2439 2803 2509 Dialogis,
2856 2455 3013 2511 qua,
3054 2444 3111 2494 et
3158 2438 3363 2510 qualia
3392 2445 3775 2494 sacramento
3805 2440 3909 2495 de-

2249 2530 2620 2587 trahentibus
2665 2528 3037 2600 responderit
3090 2530 3295 2583 Graco
3317 2544 3615 2596 sermone,
3673 2544 3816 2583 cum
3848 2530 3909 2586 in

2250 2620 2472 2676 Gracia
2525 2617 2986 2687 translegatione
3044 2616 3408 2685 fungeretur.
3480 2616 3631 2672 Dicit
3685 2617 3905 2673 enim:

2248 2731 2276 2759 (ι
2330 2707 2487 2764 Solet
2532 2706 2710 2779 plane
2765 2704 2993 2761 moveri
3053 2705 3327 2777 quastio,
3359 2705 3609 2777 quodin
3638 2705 3911 2764 Ecclesia

2249 2797 2347 2852 alii
2369 2797 2786 2851 fermentatum
2809 2793 3067 2849 offerunt
3091 2812 3104 2862 ;
3129 2794 3228 2850 alii
3258 2809 3447 2866 panes
3467 2810 3735 2865 azymos.
3764 2798 3909 2851 Esse

2248 2900 2513 2956 namque
2539 2883 2859 2939 Ecclesiam
2885 2882 3229 2938 distinctam
3264 2888 3524 2956 quatuor
3560 2881 3905 2952 ordinibus,

2250 2973 2554 3037 novimus,
2580 2970 2801 3027 scilicet
2850 2973 3280 3037 Romanorum,
3331 2970 3906 3040 Alexandrinorum,

2252 3062 2954 3135 Hierosolymitanorum,
3012 3066 3069 3116 et
3149 3061 3652 3117 Antiochenorum
3703 3079 3718 3117 :
3768 3078 3909 3136 qua

495 3153 733 3227 typicus
759 3150 1189 3208 comedebatur
1207 3154 1425 3221 quarta
1480 3149 1717 3205 decima
1766 3149 1928 3217 luna,
1954 3156 2011 3207 et
2035 3151 2143 3209 Do-
2173 3180 2211 3235 ρ
2254 3152 2527 3207 Ecclesiae
2558 3150 2909 3221 generaliter
2929 3156 3377 3221 nuncupantur,
3440 3166 3577 3205 cum
3607 3166 3793 3207 unam
3829 3159 3907 3208 te-

493 3241 697 3297 minus
726 3238 893 3296 dedit
921 3253 1138 3310 corpus
1171 3252 1348 3292 suum
1370 3235 1681 3308 discipulis
1715 3236 1855 3292 suis.

570 3330 626 3385 Si
648 3332 846 3385 autem
877 3326 1192 3397 objiciatur
1242 3324 1318 3380 de
1359 3323 1731 3395 mulieribus,
1764 3326 1929 3397 quod
1969 3343 2143 3398 para-

501 3418 713 3472 verunt
741 3418 1034 3480 aromata,
1065 3412 1230 3484 quod
1260 3426 1383 3467 non
1431 3410 1710 3467 fecissent
1747 3412 1806 3466 in
1832 3412 1927 3467 die
1954 3414 2101 3470 festo
2126 3433 2139 3471 :

499 3501 824 3561 dicendum
853 3506 961 3569 est,
989 3499 1159 3573 quod
1179 3514 1364 3572 opera
1402 3499 1829 3555 misericordia
1860 3517 1982 3557 non
2013 3518 2147 3574 pro-

498 3590 879 3658 hibebantur,
903 3588 1009 3645 sed
1035 3591 1271 3644 tantum
1308 3602 1493 3658 opera
1534 3587 1791 3657 servilia,
1826 3589 1976 3645 sicut
2004 3590 2147 3647 dixit

501 3680 792 3736 Dominus
811 3679 887 3734 de
914 3675 1294 3747 Magdalena:
1324 3676 1512 3732 Sinite
1568 3677 1761 3745 illam,
1794 3685 1857 3734 ut
1898 3681 1961 3735 in
1990 3682 2144 3738 diem

499 3768 830 3837 sepultura
859 3781 1001 3823 mea
1024 3771 1213 3821 servet
1244 3765 1403 3820 illud
1432 3766 1474 3819 9.
1508 3767 1672 3832 Item,
1724 3767 2145 3827 circumcidere

496 3855 716 3913 licebat
741 3855 803 3912 in
832 3855 929 3911 die
953 3853 1234 3921 Sabbato,
1266 3854 1411 3927 quia
1462 3853 1579 3909 hoc
1611 3860 1739 3912 erat
1780 3872 1936 3929 opus
1978 3860 2147 3931 spiri-

498 3944 677 4018 tuale,
705 3960 829 4001 non
850 3944 1080 4009 servile,
1114 3942 1491 4000 sicutdicitur
1529 3943 1727 3999 Matth.
1761 3961 1861 4014 xu,
1893 3952 1923 4001 5
1950 3965 1962 4002 :
1994 3948 2147 4004 Sab-

500 4036 652 4093 bati:
662 4035 991 4092 sacerdotes
1008 4034 1071 4089 in
1084 4034 1304 4102 templo
1315 4032 1645 4090 Sabbatum
1658 4035 1887 4090 violant
1899 4035 2147 4093 circum-

497 4123 748 4181 cidendo
776 4123 1109 4185 hominem,
1141 4127 1198 4178 et
1226 4122 1352 4178 sine
1381 4123 1629 4178 crimine
1662 4130 1822 4179 sunt.

569 4214 626 4269 Si
646 4229 784 4271 vero
813 4211 1203 4286 opposuerint
1229 4210 1408 4267 nobis
1437 4210 1511 4267 de
1538 4211 1635 4267 die
1664 4211 1909 4269 Sabbati
1944 4230 1956 4243 ·
1994 4215 2145 4282 Quia

2252 3246 2432 3296 neant
2463 3240 2817 3295 catholicam
2876 3238 3081 3305 ﬁdem,
3130 3237 3379 3293 diversis
3428 3244 3630 3294 tamen
3658 3246 3907 3295 utuntur

2252 3327 2587 3383 ofﬁciorum
2618 3327 2940 3399 mysteriis.
2978 3326 3142 3382 Unde
3182 3325 3266 3389 ﬁt,
3316 3331 3380 3382 ut
3412 3328 3683 3382 Romana
3712 3329 3911 3384 Eccle-

2254 3416 2341 3471 sia
2366 3416 2575 3472 offerat
2614 3432 2801 3488 panes
2826 3432 3092 3488 azymos,
3120 3420 3363 3488 propter
3391 3415 3553 3487 quod
3589 3417 3746 3471 Deus
3781 3418 3910 3473 sine

2253 3505 2375 3561 ulla
2404 3505 2818 3561 commistione
2848 3521 3087 3560 carnem
3121 3504 3401 3576 suscepit.
3435 3503 3733 3572 Scriptum
3773 3511 3905 3561 est:

2263 3594 2515 3650 Verbum
2534 3609 2674 3650 caro
2686 3593 2921 3662 factum
2941 3598 3047 3661 est,
3070 3601 3123 3649 et
3148 3592 3441 3649 habitavit
3461 3594 3522 3647 in
3541 3594 3709 3648 nobis
3726 3595 3792 3646 ιε.
3814 3593 3909 3650 Sic

2255 3700 2395 3756 ergo
2420 3700 2575 3756 pane
2607 3698 2820 3756 azymo
2841 3681 3089 3737 efﬁcitur
3114 3698 3333 3753 corpus
3361 3681 3588 3737 Christi.
3608 3685 3761 3737 Nam
3795 3699 3911 3739 ca-

2256 3779 2390 3830 tera
2414 3773 2772 3845 supradicta
2828 3771 3103 3827 Ecclesia
3151 3770 3407 3827 offerunt
3455 3769 3907 3843 fermentatum,

2255 3878 2365 3935 pro
2403 3877 2495 3925 eo,
2526 3860 2689 3933 quod
2714 3861 2967 3915 Verbum
2992 3860 3175 3916 Patris
3194 3859 3470 3915 indutum
3495 3865 3582 3914 est
3610 3875 3815 3930 carne,
3849 3865 3911 3917 et

2256 3957 2343 4007 est
2371 3966 2543 4005 verus
2570 3950 2790 4015 homo;
2851 3949 2933 4003 ita
2992 3948 3159 4019 quod
3197 3947 3617 4003 fermentatum
3648 3949 3911 4004 commi-

2255 4043 2491 4095 sceatur
2521 4037 2745 4109 farina,
2770 4043 2827 4092 et
2855 4036 3147 4091 efﬁciatur
3170 4052 3388 4108 corpus
3424 4035 3658 4091 Domini
3715 4038 3906 4093 nostri

2254 4129 2395 4184 Jesu
2447 4127 2655 4208 Christi
2700 4141 2926 4181 verum.
2965 4125 3077 4180 Sed
3117 4130 3242 4180 tam
3307 4127 3574 4180 Romana
3621 4125 3905 4192 Ecclesia,

2253 4232 2439 4289 quam
2472 4213 2770 4288 praedicta
2802 4229 2910 4285 pro
2956 4212 3245 4269 ineﬂ'abili
3280 4213 3584 4285 mysterio,
3614 4218 3735 4270 tam
3794 4213 3909 4271 fer-

496 4305 629 4357 erat
673 4315 896 4371 magna
926 4301 1040 4355 illa
1089 4300 1213 4355 dies
1243 4300 1285 4333 ¹⁰
1317 4316 1330 4366 ;
1382 4299 1708 4355 dicendum
1734 4302 1987 4373 estquia
2015 4302 2144 4359 dies
2178 4320 2219 4373 ι)
2253 4310 2608 4373 mentatum,
2638 4319 2824 4375 quam
2849 4318 3152 4375 azymum,
3186 4302 3333 4358 dum
3356 4303 3676 4369 sumimus,
3709 4318 3909 4361 unum

492 4387 738 4445 Sabbati
758 4402 1016 4458 magnus
1037 4386 1367 4453 dicebatur,
1390 4387 1533 4458 quia
1548 4392 1675 4442 erat
1697 4388 1823 4444 dies
1874 4390 2142 4461 Sabbati,

494 4482 554 4534 et
600 4475 847 4547 insuper
902 4474 1124 4531 festum
1176 4489 1565 4545 azymorum;
1619 4490 1744 4531 non
1790 4477 1936 4548 quia
1990 4485 2146 4537 esset

489 4565 724 4638 primus
765 4561 1321 4637 azymorum;quia
1368 4577 1579 4618 omnes
1620 4562 1750 4618 dies
1799 4564 1880 4620 illi
1910 4572 2141 4639 septem

490 4657 665 4711 erant
708 4652 949 4723 magni;
993 4652 1226 4724 primus
1280 4655 1481 4706 tamen
1503 4655 1559 4707 et
1608 4650 1854 4708 ultimus
1873 4656 2138 4727 majores

490 4747 677 4801 erant.
724 4741 825 4797 Hic
872 4744 1074 4798 autem
1124 4738 1435 4795 dicebatur
1486 4754 1746 4810 magnus
1790 4756 1942 4811 esse,
1972 4746 2135 4817 quia,

490 4832 645 4890 sicut
671 4831 899 4889 dictum
920 4835 1026 4897 est,
1061 4829 1185 4885 duo
1234 4827 1694 4897 concurrebant,
1729 4830 1951 4889 scilicet
1988 4834 2135 4891 Sab-

484 4920 719 4987 batum,
749 4927 803 4977 et
831 4920 1048 4976 festum
1077 4921 1463 4991 Azymorum,
1521 4916 1583 4973 id
1610 4923 1697 4975 est
1752 4935 1874 4977 una
1895 4921 2023 4979 dies
2060 4923 2137 4979 de

486 5014 716 5081 septem
745 5009 980 5065 diebus.
1014 5010 1093 5064 De
1130 5007 1246 5063 hoc
1298 5021 1460 5072 vero,
1492 5006 1659 5079 quod
1693 5008 1883 5064 Judai
1912 5010 2136 5069 clama-

482 5100 731 5153 verunt:
765 5097 901 5153 Non
926 5100 989 5152 in
1030 5096 1125 5151 die
1172 5096 1328 5165 festo
1361 5113 1375 5162 ;
1406 5109 1549 5163 ergo
1568 5111 1693 5152 non
1740 5101 1865 5153 erat
1892 5096 2133 5167 festum,

480 5183 729 5256 quando
759 5183 1071 5240 cruciﬁxus
1093 5187 1219 5239 erat
1246 5184 1554 5250 Dominus,
1586 5184 1846 5240 dicimus
1885 5188 2051 5260 quod
2070 5190 2135 5245 li-

480 5276 573 5328 cet
608 5271 1042 5344 clamaverunt,
1070 5275 1271 5327 tamen
1318 5271 1587 5328 fecerunt
1637 5278 1847 5329 contra
1884 5291 1967 5344 se,
2002 5282 2131 5333 tan-

551 5397 574 5430 ⁸
602 5395 783 5452 Levit.
816 5412 921 5469 xiii,
955 5394 1039 5469 l7.
1066 5467 1084 5469 Ἀ
1131 5394 1152 5428 ⁵
1177 5394 1361 5451 Exod.
1389 5411 1495 5460 xu,
1522 5399 1590 5462 8;
1614 5398 1799 5469 Num.
1833 5401 1883 5469 9,
1923 5404 2005 5455 11.

479 5468 500 5505 ³
524 5469 693 5524 Joan.
727 5483 821 5537 xu,
847 5467 902 5521 7.
982 5466 1029 5501 ¹⁰
1058 5467 1233 5521 Joan.
1261 5482 1382 5533 xxx,
1411 5471 1501 5522 31.
1581 5468 1624 5504 ιι
1655 5466 1877 5525 Ιοδηη.
1902 5476 1948 5536 1.
1981 5474 2071 5528 14.

2092 5403 2114 5438 ⁸
2144 5406 2282 5477 Sap.
2316 5421 2431 5474 xw,
2463 5407 2555 5462 20.

2252 4410 2470 4466 corpus
2502 4392 2689 4448 nostri
2725 4392 3049 4449 Salvatoris
3081 4391 3352 4447 efficitur.
3377 4413 3406 4442 »
3447 4391 3586 4448 Hac
3608 4397 3748 4448 sunt
3774 4408 3909 4448 ver-

2250 4483 2331 4539 ba
2378 4481 2659 4552 Gregorii,
2694 4497 2832 4553 qua
2877 4482 2941 4537 in
2972 4481 3099 4537 Vita
3134 4480 3324 4553 ipsius
3380 4480 3581 4536 Graco
3622 4495 3906 4538 sermone

2247 4572 2626 4645 reperiuntur
2661 4571 2796 4640 (l5).

2322 4661 2436 4719 Sed
2465 4663 2725 4716 Joannes
2768 4658 3253 4729 Chrysostomus,
3284 4674 3424 4714 cum
3452 4657 3808 4729 liujusmodi
3836 4660 3901 4715 li-

2247 4756 2367 4807 tem
2388 4750 2561 4805 vellet
2582 4749 2658 4803 de
2680 4747 2879 4804 medio
2898 4762 3226 4813 removere,
3257 4748 3319 4802 in
3338 4746 3608 4818 quadam
3643 4745 3905 4819 epistola

2247 4854 2378 4907 sua,
2408 4853 2596 4910 quam
2630 4836 2845 4893 Gracis
2876 4834 2951 4891 de
2983 4841 3361 4891 sacramento
3392 4840 3450 4890 et
3490 4834 3622 4890 aliis
3644 4847 3903 4890 consue-

2246 4925 2555 4982 tudinibus
2587 4925 2932 4980 Latinorum
2961 4923 3398 4991 dubitantibus,
3450 4922 3527 4978 de
3561 4920 3902 4979 Constanti-

2244 5014 2450 5086 nopoli
2492 5014 2844 5084 transmisit,
2900 5013 2981 5070 ita
3040 5012 3224 5068 dicit:
3260 5034 3288 5060 ιι
3344 5002 3696 5068 Volentibus
3720 5010 3904 5067 nobis

2245 5104 2474 5177 aliquid
2527 5104 2723 5160 dicere
2749 5103 2824 5160 de
2869 5119 3045 5159 sacra
3089 5102 3541 5165 communione,
3592 5106 3797 5157 utrum
3826 5116 3903 5157 ex

2245 5207 2480 5263 azymo,
2539 5192 2634 5248 vel
2661 5191 3020 5247 fermentata
3060 5190 3123 5246 in
3171 5205 3345 5246 sacra
3383 5182 3693 5245 DOminica
3722 5203 3906 5245 cana

2246 5281 2404 5337 facta
2428 5280 2602 5336 fuerit
2633 5299 2646 5335 :
2680 5278 2964 5351 longioris
3013 5280 3323 5351 temporis,
3356 5284 3411 5333 et
3443 5278 3625 5334 etiam
3672 5276 3903 5349 perfec-

2646 5407 2665 5441 7
2704 5404 2856 5461 Psal.
2896 5420 3106 5475 Lxxvn,
3133 5407 3224 5474 24,
3250 5406 3339 5460 25.
3424 5404 3444 5437 ⁸
3474 5406 3644 5460 Prov.
3674 5418 3774 5471 xx,
3806 5403 3896 5458 17.

544 5593 687 5673 (15)Δ
699 5590 847 5648 Vide
892 5592 950 5650 S.
997 5590 1292 5647 Thomam
1328 5604 1540 5662 opusc.
1573 5594 1859 5666 extremo,
1892 5593 1967 5652 de
1994 5611 2177 5656 error.
2226 5600 2504 5671 Gracor.;
2547 5601 2819 5661 Gennad.
2869 5600 3126 5659 scholar.
3167 5615 3280 5673 pro
3320 5598 3532 5658 concil.
3561 5598 3715 5657 Flor.
3739 5613 3801 5656 ο.
3830 5600 3894 5668 2,

473 5669 622 5741 sect.
658 5667 715 5722 8.
