  <div class='ocr_page' id='page_1' title='image "/cluster/home/n/w/nwhite01/storage/ocr_20150623/140/hvd.32044073502551/292.png"; bbox 0 0 4106 6222; ppageno 0'>
   <div class='ocr_carea' id='block_1_1' title="bbox 221 337 2208 422">
    <p class='ocr_par' dir='ltr' id='par_1_1' title="bbox 221 337 2208 422">
     <span class='ocr_line' id='line_1_1' title="bbox 221 337 2208 422; baseline -0.001 -2"><span class='ocrx_word' id='word_1_1' title='bbox 221 365 291 420; x_wconf 83' lang='lat'><strong>25</strong></span> <span class='ocrx_word' id='word_1_2' title='bbox 1575 349 1852 420; x_wconf 63' lang='lat' dir='ltr'><strong>Coms</strong></span> <span class='ocrx_word' id='word_1_3' title='bbox 1898 337 2208 422; x_wconf 57' lang='lat' dir='ltr'><strong>Gnaeos.</strong></span> 
     </span>
    </p>
   </div>
   <div class='ocr_carea' id='block_1_2' title="bbox 3491 367 3594 426">
    <p class='ocr_par' dir='ltr' id='par_1_2' title="bbox 3491 367 3594 426">
     <span class='ocr_line' id='line_1_2' title="bbox 3491 367 3594 426; baseline 0 0"><span class='ocrx_word' id='word_1_4' title='bbox 3491 367 3594 426; x_wconf 77' lang='lat'><strong>526</strong></span> 
     </span>
    </p>
   </div>
   <div class='ocr_carea' id='block_1_3' title="bbox 185 473 3595 561">
    <p class='ocr_par' dir='ltr' id='par_1_3' title="bbox 185 473 3595 561">
     <span class='ocr_line' id='line_1_3' title="bbox 185 473 3595 561; baseline 0.001 -18"><span class='ocrx_word' id='word_1_5' title='bbox 185 489 347 544; x_wconf 88' lang='lat' dir='ltr'><strong>tioris</strong></span> <span class='ocrx_word' id='word_1_6' title='bbox 403 488 706 561; x_wconf 82' lang='lat' dir='ltr'><strong>scriptoris</strong></span> <span class='ocrx_word' id='word_1_7' title='bbox 743 473 1088 558; x_wconf 85' lang='lat' dir='ltr'><strong>indigemus</strong></span> <span class='ocrx_word' id='word_1_8' title='bbox 1165 483 1389 560; x_wconf 88' lang='lat' dir='ltr'><strong>spatio.</strong></span> <span class='ocrx_word' id='word_1_9' title='bbox 1458 477 1573 543; x_wconf 84' lang='lat' dir='ltr'><strong>Sed</strong></span> <span class='ocrx_word' id='word_1_10' title='bbox 1632 487 1834 543; x_wconf 87' lang='lat' dir='ltr'><strong>multis</strong></span> <span class='ocrx_word' id='word_1_11' title='bbox 1866 491 1914 542; x_wconf 68' lang='grc' dir='ltr'>Α</span> <span class='ocrx_word' id='word_1_12' title='bbox 1950 491 2086 544; x_wconf 92' lang='lat' dir='ltr'><strong>cant</strong></span> <span class='ocrx_word' id='word_1_13' title='bbox 2116 488 2362 561; x_wconf 88' lang='lat' dir='ltr'><strong>Eloquia</strong></span> <span class='ocrx_word' id='word_1_14' title='bbox 2393 503 2566 546; x_wconf 90' lang='lat' dir='ltr'><strong>sacra</strong></span> <span class='ocrx_word' id='word_1_15' title='bbox 2597 507 2610 544; x_wconf 77' lang='grc' dir='ltr'>ε</span> <span class='ocrx_word' id='word_1_16' title='bbox 2643 489 2762 547; x_wconf 86' lang='lat' dir='ltr'><strong>Sed</strong></span> <span class='ocrx_word' id='word_1_17' title='bbox 2791 507 2970 560; x_wconf 80' lang='lat' dir='ltr'><strong>super</strong></span> <span class='ocrx_word' id='word_1_18' title='bbox 2991 491 3083 548; x_wconf 71' lang='lat' dir='ltr'><strong>his</strong></span> <span class='ocrx_word' id='word_1_19' title='bbox 3121 492 3392 549; x_wconf 84' lang='lat' dir='ltr'><strong>omnibus</strong></span> <span class='ocrx_word' id='word_1_20' title='bbox 3418 493 3595 548; x_wconf 85' lang='lat' dir='ltr'><strong>tertin</strong></span> 
     </span>
    </p>
   </div>
   <div class='ocr_carea' id='block_1_4' title="bbox 183 565 1839 649">
    <p class='ocr_par' dir='ltr' id='par_1_4' title="bbox 183 565 1839 649">
     <span class='ocr_line' id='line_1_4' title="bbox 183 565 1839 649; baseline -0.001 -18"><span class='ocrx_word' id='word_1_21' title='bbox 183 577 444 636; x_wconf 89' lang='lat' dir='ltr'><strong>omissis.</strong></span> <span class='ocrx_word' id='word_1_22' title='bbox 477 577 532 632; x_wconf 89' lang='lat' dir='ltr'><strong>id</strong></span> <span class='ocrx_word' id='word_1_23' title='bbox 556 575 714 648; x_wconf 84' lang='lat' dir='ltr'><strong>quod</strong></span> <span class='ocrx_word' id='word_1_24' title='bbox 743 577 879 631; x_wconf 84' lang='lat' dir='ltr'><strong>utile</strong></span> <span class='ocrx_word' id='word_1_25' title='bbox 902 583 958 631; x_wconf 85' lang='lat' dir='ltr'><strong>et</strong></span> <span class='ocrx_word' id='word_1_26' title='bbox 986 577 1304 649; x_wconf 85' lang='lat' dir='ltr'><strong>pacificum</strong></span> <span class='ocrx_word' id='word_1_27' title='bbox 1356 582 1461 638; x_wconf 89' lang='lat' dir='ltr'><strong>est,</strong></span> <span class='ocrx_word' id='word_1_28' title='bbox 1497 565 1618 631; x_wconf 90' lang='lat' dir='ltr'><strong>imo</strong></span> <span class='ocrx_word' id='word_1_29' title='bbox 1667 581 1729 630; x_wconf 91' lang='lat' dir='ltr'><strong>ut</strong></span> <span class='ocrx_word' id='word_1_30' title='bbox 1759 571 1839 630; x_wconf 86' lang='lat' dir='ltr'><strong>ita</strong></span> 
     </span>
    </p>
   </div>
   <div class='ocr_carea' id='block_1_5' title="bbox 183 664 1840 737">
    <p class='ocr_par' dir='ltr' id='par_1_5' title="bbox 183 664 1840 737">
     <span class='ocr_line' id='line_1_5' title="bbox 183 664 1840 737; baseline 0.001 -20"><span class='ocrx_word' id='word_1_31' title='bbox 183 666 402 730; x_wconf 89' lang='lat' dir='ltr'><strong>dicam,</strong></span> <span class='ocrx_word' id='word_1_32' title='bbox 419 667 584 737; x_wconf 86' lang='lat' dir='ltr'><strong>quod</strong></span> <span class='ocrx_word' id='word_1_33' title='bbox 601 667 796 734; x_wconf 85' lang='lat' dir='ltr'><strong>magis</strong></span> <span class='ocrx_word' id='word_1_34' title='bbox 813 673 900 720; x_wconf 83' lang='lat' dir='ltr'><strong>est</strong></span> <span class='ocrx_word' id='word_1_35' title='bbox 912 665 1245 720; x_wconf 89' lang='lat' dir='ltr'><strong>secundum</strong></span> <span class='ocrx_word' id='word_1_36' title='bbox 1259 664 1768 736; x_wconf 77' lang='lat' dir='ltr'><strong>dispensationem</strong></span> <span class='ocrx_word' id='word_1_37' title='bbox 1783 667 1840 718; x_wconf 90' lang='lat' dir='ltr'><strong>et</strong></span> 
     </span>
    </p>
   </div>
   <div class='ocr_carea' id='block_1_6' title="bbox 186 752 1836 826">
    <p class='ocr_par' dir='ltr' id='par_1_6' title="bbox 186 752 1836 826">
     <span class='ocr_line' id='line_1_6' title="bbox 186 752 1836 826; baseline -0.001 -18"><span class='ocrx_word' id='word_1_38' title='bbox 186 754 614 818; x_wconf 83' lang='lat' dir='ltr'><strong>necessarium,</strong></span> <span class='ocrx_word' id='word_1_39' title='bbox 655 759 712 809; x_wconf 89' lang='lat' dir='ltr'><strong>et</strong></span> <span class='ocrx_word' id='word_1_40' title='bbox 754 753 911 826; x_wconf 90' lang='lat' dir='ltr'><strong>quod</strong></span> <span class='ocrx_word' id='word_1_41' title='bbox 958 752 1152 824; x_wconf 86' lang='lat' dir='ltr'><strong>magis</strong></span> <span class='ocrx_word' id='word_1_42' title='bbox 1199 753 1461 808; x_wconf 89' lang='lat' dir='ltr'><strong>continet</strong></span> <span class='ocrx_word' id='word_1_43' title='bbox 1508 752 1836 816; x_wconf 84' lang='lat' dir='ltr'><strong>veritatem,</strong></span> 
     </span>
    </p>
   </div>
   <div class='ocr_carea' id='block_1_7' title="bbox 184 842 1843 914">
    <p class='ocr_par' dir='ltr' id='par_1_7' title="bbox 184 842 1843 914">
     <span class='ocr_line' id='line_1_7' title="bbox 184 842 1843 914; baseline 0 -18"><span class='ocrx_word' id='word_1_44' title='bbox 184 842 512 898; x_wconf 85' lang='lat' dir='ltr'><strong>dicendum</strong></span> <span class='ocrx_word' id='word_1_45' title='bbox 555 849 642 897; x_wconf 89' lang='lat' dir='ltr'><strong>est</strong></span> <span class='ocrx_word' id='word_1_46' title='bbox 693 861 707 908; x_wconf 86' lang='lat'><strong>;</strong></span> <span class='ocrx_word' id='word_1_47' title='bbox 759 843 932 914; x_wconf 91' lang='lat' dir='ltr'><strong>panis</strong></span> <span class='ocrx_word' id='word_1_48' title='bbox 991 847 1317 913; x_wconf 84' lang='lat' dir='ltr'><strong>antequam</strong></span> <span class='ocrx_word' id='word_1_49' title='bbox 1363 846 1762 908; x_wconf 88' lang='lat' dir='ltr'><strong>consecretur,</strong></span> <span class='ocrx_word' id='word_1_50' title='bbox 1786 846 1843 896; x_wconf 93' lang='lat' dir='ltr'><strong>et</strong></span> 
     </span>
    </p>
   </div>
   <div class='ocr_carea' id='block_1_8' title="bbox 185 927 1838 1003">
    <p class='ocr_par' dir='ltr' id='par_1_8' title="bbox 185 927 1838 1003">
     <span class='ocr_line' id='line_1_8' title="bbox 185 927 1838 1003; baseline -0.002 -17"><span class='ocrx_word' id='word_1_51' title='bbox 185 931 562 991; x_wconf 80' lang='lat' dir='ltr'><strong>conﬁciatur,</strong></span> <span class='ocrx_word' id='word_1_52' title='bbox 597 929 722 987; x_wconf 84' lang='lat' dir='ltr'><strong>sive</strong></span> <span class='ocrx_word' id='word_1_53' title='bbox 751 947 1018 1003; x_wconf 84' lang='lat' dir='ltr'><strong>azymus,</strong></span> <span class='ocrx_word' id='word_1_54' title='bbox 1073 931 1196 984; x_wconf 87' lang='lat' dir='ltr'><strong>sive</strong></span> <span class='ocrx_word' id='word_1_55' title='bbox 1222 929 1611 985; x_wconf 72' lang='lat' dir='ltr'><strong>fermentatus</strong></span> <span class='ocrx_word' id='word_1_56' title='bbox 1646 927 1838 997; x_wconf 86' lang='lat' dir='ltr'><strong>fuerit,</strong></span> 
     </span>
    </p>
   </div>
   <div class='ocr_carea' id='block_1_9' title="bbox 184 1016 1838 1092">
    <p class='ocr_par' dir='ltr' id='par_1_9' title="bbox 184 1016 1838 1092">
     <span class='ocr_line' id='line_1_9' title="bbox 184 1016 1838 1092; baseline -0.002 -18"><span class='ocrx_word' id='word_1_57' title='bbox 184 1018 596 1076; x_wconf 69' lang='lat' dir='ltr'><strong>indifferenter</strong></span> <span class='ocrx_word' id='word_1_58' title='bbox 623 1019 800 1092; x_wconf 90' lang='lat' dir='ltr'><strong>panis</strong></span> <span class='ocrx_word' id='word_1_59' title='bbox 842 1025 928 1074; x_wconf 89' lang='lat' dir='ltr'><strong>est</strong></span> <span class='ocrx_word' id='word_1_60' title='bbox 966 1025 1021 1073; x_wconf 91' lang='lat' dir='ltr'><strong>et</strong></span> <span class='ocrx_word' id='word_1_61' title='bbox 1063 1017 1280 1074; x_wconf 89' lang='lat' dir='ltr'><strong>dicitur</strong></span> <span class='ocrx_word' id='word_1_62' title='bbox 1326 1020 1510 1073; x_wconf 88' lang='lat' dir='ltr'><strong>sacris</strong></span> <span class='ocrx_word' id='word_1_63' title='bbox 1559 1016 1838 1089; x_wconf 89' lang='lat' dir='ltr'><strong>Eloquiis,</strong></span> 
     </span>
    </p>
   </div>
   <div class='ocr_carea' id='block_1_10' title="bbox 186 1099 1841 1180">
    <p class='ocr_par' dir='ltr' id='par_1_10' title="bbox 186 1099 1841 1180">
     <span class='ocr_line' id='line_1_10' title="bbox 186 1099 1841 1180; baseline -0.002 -16"><span class='ocrx_word' id='word_1_64' title='bbox 186 1113 356 1180; x_wconf 88' lang='lat' dir='ltr'><strong>prout</strong></span> <span class='ocrx_word' id='word_1_65' title='bbox 388 1107 786 1180; x_wconf 74' lang='lat' dir='ltr'><strong>postmodum</strong></span> <span class='ocrx_word' id='word_1_66' title='bbox 835 1107 1240 1163; x_wconf 91' lang='lat' dir='ltr'><strong>ostendemus.</strong></span> <span class='ocrx_word' id='word_1_67' title='bbox 1282 1099 1607 1178; x_wconf 81' lang='lat' dir='ltr'><strong>Postquam</strong></span> <span class='ocrx_word' id='word_1_68' title='bbox 1636 1120 1841 1161; x_wconf 85' lang='lat' dir='ltr'><strong>conse-</strong></span> 
     </span>
    </p>
   </div>
   <div class='ocr_carea' id='block_1_11' title="bbox 185 1194 1841 1268">
    <p class='ocr_par' dir='ltr' id='par_1_11' title="bbox 185 1194 1841 1268">
     <span class='ocr_line' id='line_1_11' title="bbox 185 1194 1841 1268; baseline -0.002 -16"><span class='ocrx_word' id='word_1_69' title='bbox 185 1205 378 1252; x_wconf 87' lang='lat' dir='ltr'><strong>cratus</strong></span> <span class='ocrx_word' id='word_1_70' title='bbox 412 1195 613 1261; x_wconf 89' lang='lat' dir='ltr'><strong>fuerit,</strong></span> <span class='ocrx_word' id='word_1_71' title='bbox 655 1213 852 1268; x_wconf 91' lang='lat' dir='ltr'><strong>neque</strong></span> <span class='ocrx_word' id='word_1_72' title='bbox 907 1212 1156 1268; x_wconf 86' lang='lat' dir='ltr'><strong>azymus</strong></span> <span class='ocrx_word' id='word_1_73' title='bbox 1205 1211 1401 1268; x_wconf 91' lang='lat' dir='ltr'><strong>neque</strong></span> <span class='ocrx_word' id='word_1_74' title='bbox 1453 1194 1841 1250; x_wconf 80' lang='lat' dir='ltr'><strong>fermentatus</strong></span> 
     </span>
    </p>
   </div>
   <div class='ocr_carea' id='block_1_12' title="bbox 185 1275 1841 1356">
    <p class='ocr_par' dir='ltr' id='par_1_12' title="bbox 185 1275 1841 1356">
     <span class='ocr_line' id='line_1_12' title="bbox 185 1275 1841 1356; baseline -0.001 -17"><span class='ocrx_word' id='word_1_75' title='bbox 185 1275 414 1350; x_wconf 86' lang='lat' dir='ltr'><strong>dicitur,</strong></span> <span class='ocrx_word' id='word_1_76' title='bbox 477 1285 570 1340; x_wconf 90' lang='lat' dir='ltr'><strong>vel</strong></span> <span class='ocrx_word' id='word_1_77' title='bbox 610 1291 734 1351; x_wconf 86' lang='lat' dir='ltr'><strong>est;</strong></span> <span class='ocrx_word' id='word_1_78' title='bbox 788 1285 892 1341; x_wconf 91' lang='lat' dir='ltr'><strong>sed</strong></span> <span class='ocrx_word' id='word_1_79' title='bbox 941 1300 1161 1356; x_wconf 90' lang='lat' dir='ltr'><strong>corpus</strong></span> <span class='ocrx_word' id='word_1_80' title='bbox 1213 1289 1268 1339; x_wconf 91' lang='lat' dir='ltr'><strong>et</strong></span> <span class='ocrx_word' id='word_1_81' title='bbox 1300 1301 1438 1338; x_wconf 89' lang='lat' dir='ltr'><strong>caro</strong></span> <span class='ocrx_word' id='word_1_82' title='bbox 1467 1281 1717 1351; x_wconf 87' lang='lat' dir='ltr'><strong>Domini,</strong></span> <span class='ocrx_word' id='word_1_83' title='bbox 1747 1299 1841 1338; x_wconf 91' lang='lat' dir='ltr'><strong>ea-</strong></span> 
     </span>
    </p>
   </div>
   <div class='ocr_carea' id='block_1_13' title="bbox 187 1371 1842 1445">
    <p class='ocr_par' dir='ltr' id='par_1_13' title="bbox 187 1371 1842 1445">
     <span class='ocr_line' id='line_1_13' title="bbox 187 1371 1842 1445; baseline -0.001 -17"><span class='ocrx_word' id='word_1_84' title='bbox 187 1373 319 1429; x_wconf 88' lang='lat' dir='ltr'><strong>dem</strong></span> <span class='ocrx_word' id='word_1_85' title='bbox 385 1390 502 1429; x_wconf 90' lang='lat' dir='ltr'><strong>nec</strong></span> <span class='ocrx_word' id='word_1_86' title='bbox 536 1371 674 1439; x_wconf 88' lang='lat' dir='ltr'><strong>alia,</strong></span> <span class='ocrx_word' id='word_1_87' title='bbox 727 1389 916 1445; x_wconf 88' lang='lat' dir='ltr'><strong>quam</strong></span> <span class='ocrx_word' id='word_1_88' title='bbox 939 1389 1073 1444; x_wconf 76' lang='lat' dir='ltr'><strong>quae</strong></span> <span class='ocrx_word' id='word_1_89' title='bbox 1105 1371 1182 1427; x_wconf 90' lang='lat' dir='ltr'><strong>ab</strong></span> <span class='ocrx_word' id='word_1_90' title='bbox 1231 1372 1575 1444; x_wconf 88' lang='lat' dir='ltr'><strong>incorrupta</strong></span> <span class='ocrx_word' id='word_1_91' title='bbox 1606 1371 1842 1441; x_wconf 84' lang='lat' dir='ltr'><strong>Virgine</strong></span> 
     </span>
    </p>
   </div>
   <div class='ocr_carea' id='block_1_14' title="bbox 189 1459 1844 1534">
    <p class='ocr_par' dir='ltr' id='par_1_14' title="bbox 189 1459 1844 1534">
     <span class='ocr_line' id='line_1_14' title="bbox 189 1459 1844 1534; baseline -0.001 -16"><span class='ocrx_word' id='word_1_92' title='bbox 189 1480 222 1518; x_wconf 89' lang='lat' dir='ltr'><strong>a</strong></span> <span class='ocrx_word' id='word_1_93' title='bbox 253 1463 442 1518; x_wconf 81' lang='lat' dir='ltr'><strong>Verbo</strong></span> <span class='ocrx_word' id='word_1_94' title='bbox 487 1461 588 1517; x_wconf 87' lang='lat' dir='ltr'><strong>Dei</strong></span> <span class='ocrx_word' id='word_1_95' title='bbox 633 1467 967 1534; x_wconf 90' lang='lat' dir='ltr'><strong>assumpta,</strong></span> <span class='ocrx_word' id='word_1_96' title='bbox 1013 1461 1069 1516; x_wconf 90' lang='lat' dir='ltr'><strong>et</strong></span> <span class='ocrx_word' id='word_1_97' title='bbox 1099 1462 1159 1516; x_wconf 91' lang='lat' dir='ltr'><strong>in</strong></span> <span class='ocrx_word' id='word_1_98' title='bbox 1191 1459 1434 1516; x_wconf 85' lang='lat' dir='ltr'><strong>dextera</strong></span> <span class='ocrx_word' id='word_1_99' title='bbox 1463 1460 1772 1528; x_wconf 86' lang='lat' dir='ltr'><strong>collocata,</strong></span> <span class='ocrx_word' id='word_1_100' title='bbox 1807 1475 1844 1516; x_wconf 92' lang='lat' dir='ltr'><strong>a</strong></span> 
     </span>
    </p>
   </div>
   <div class='ocr_carea' id='block_1_15' title="bbox 190 1543 1840 1622">
    <p class='ocr_par' dir='ltr' id='par_1_15' title="bbox 190 1543 1840 1622">
     <span class='ocr_line' id='line_1_15' title="bbox 190 1543 1840 1622; baseline -0.002 -15"><span class='ocrx_word' id='word_1_101' title='bbox 190 1549 354 1607; x_wconf 89' lang='lat' dir='ltr'><strong>nobis</strong></span> <span class='ocrx_word' id='word_1_102' title='bbox 378 1551 741 1606; x_wconf 81' lang='lat' dir='ltr'><strong>orthodoxis</strong></span> <span class='ocrx_word' id='word_1_103' title='bbox 799 1556 856 1606; x_wconf 92' lang='lat' dir='ltr'><strong>et</strong></span> <span class='ocrx_word' id='word_1_104' title='bbox 903 1549 1212 1606; x_wconf 86' lang='lat' dir='ltr'><strong>catholicis</strong></span> <span class='ocrx_word' id='word_1_105' title='bbox 1270 1550 1517 1622; x_wconf 87' lang='lat' dir='ltr'><strong>mystice</strong></span> <span class='ocrx_word' id='word_1_106' title='bbox 1565 1543 1840 1613; x_wconf 80' lang='lat' dir='ltr'><strong>sumitur,</strong></span> 
     </span>
    </p>
   </div>
   <div class='ocr_carea' id='block_1_16' title="bbox 192 1635 1842 1713">
    <p class='ocr_par' dir='ltr' id='par_1_16' title="bbox 192 1635 1842 1713">
     <span class='ocr_line' id='line_1_16' title="bbox 192 1635 1842 1713; baseline -0.001 -18"><span class='ocrx_word' id='word_1_107' title='bbox 192 1643 424 1713; x_wconf 84' lang='lat' dir='ltr'><strong>Propter</strong></span> <span class='ocrx_word' id='word_1_108' title='bbox 467 1639 638 1712; x_wconf 90' lang='lat' dir='ltr'><strong>quod</strong></span> <span class='ocrx_word' id='word_1_109' title='bbox 683 1635 739 1696; x_wconf 82' lang='lat' dir='ltr'><strong>et</strong></span> <span class='ocrx_word' id='word_1_110' title='bbox 777 1639 1148 1711; x_wconf 81' lang='lat' dir='ltr'><strong>mysterium,</strong></span> <span class='ocrx_word' id='word_1_111' title='bbox 1202 1639 1316 1696; x_wconf 91' lang='lat' dir='ltr'><strong>hoc</strong></span> <span class='ocrx_word' id='word_1_112' title='bbox 1373 1643 1477 1710; x_wconf 92' lang='lat' dir='ltr'><strong>est,</strong></span> <span class='ocrx_word' id='word_1_113' title='bbox 1528 1635 1842 1695; x_wconf 89' lang='lat' dir='ltr'><strong>abscondi-</strong></span> 
     </span>
    </p>
   </div>
   <div class='ocr_carea' id='block_1_17' title="bbox 195 1727 1844 1800">
    <p class='ocr_par' dir='ltr' id='par_1_17' title="bbox 195 1727 1844 1800">
     <span class='ocr_line' id='line_1_17' title="bbox 195 1727 1844 1800; baseline 0 -15"><span class='ocrx_word' id='word_1_114' title='bbox 195 1735 312 1785; x_wconf 89' lang='lat' dir='ltr'><strong>tum</strong></span> <span class='ocrx_word' id='word_1_115' title='bbox 345 1730 717 1785; x_wconf 85' lang='lat' dir='ltr'><strong>nominatur.</strong></span> <span class='ocrx_word' id='word_1_116' title='bbox 769 1729 833 1784; x_wconf 85' lang='lat' dir='ltr'><strong>Et</strong></span> <span class='ocrx_word' id='word_1_117' title='bbox 867 1727 1001 1783; x_wconf 92' lang='lat' dir='ltr'><strong>ideo</strong></span> <span class='ocrx_word' id='word_1_118' title='bbox 1036 1727 1341 1784; x_wconf 88' lang='lat' dir='ltr'><strong>nonnullis</strong></span> <span class='ocrx_word' id='word_1_119' title='bbox 1380 1731 1472 1783; x_wconf 90' lang='lat' dir='ltr'><strong>est</strong></span> <span class='ocrx_word' id='word_1_120' title='bbox 1509 1731 1844 1800; x_wconf 89' lang='lat' dir='ltr'><strong>incompre-</strong></span> 
     </span>
    </p>
   </div>
   <div class='ocr_carea' id='block_1_18' title="bbox 1950 577 3598 653">
    <p class='ocr_par' dir='ltr' id='par_1_18' title="bbox 1950 577 3598 653">
     <span class='ocr_line' id='line_1_18' title="bbox 1950 577 3598 653; baseline 0.003 -21"><span class='ocrx_word' id='word_1_121' title='bbox 1950 579 2075 633; x_wconf 84' lang='lat' dir='ltr'><strong>dies</strong></span> <span class='ocrx_word' id='word_1_122' title='bbox 2096 585 2201 643; x_wconf 89' lang='lat' dir='ltr'><strong>est,</strong></span> <span class='ocrx_word' id='word_1_123' title='bbox 2225 593 2340 648; x_wconf 84' lang='lat' dir='ltr'><strong>quo</strong></span> <span class='ocrx_word' id='word_1_124' title='bbox 2362 577 2488 634; x_wconf 72' lang='lat' dir='ltr'><strong>haec</strong></span> <span class='ocrx_word' id='word_1_125' title='bbox 2507 579 2676 648; x_wconf 86' lang='lat' dir='ltr'><strong>facta</strong></span> <span class='ocrx_word' id='word_1_126' title='bbox 2705 585 2843 635; x_wconf 85' lang='lat' dir='ltr'><strong>sunt</strong></span> <span class='ocrx_word' id='word_1_127' title='bbox 2869 581 2933 647; x_wconf 63' lang='grc' dir='ltr'><strong>ει,</strong></span> <span class='ocrx_word' id='word_1_128' title='bbox 2961 581 3117 636; x_wconf 86' lang='lat' dir='ltr'><strong>infra</strong></span> <span class='ocrx_word' id='word_1_129' title='bbox 3145 587 3346 637; x_wconf 90' lang='lat' dir='ltr'><strong>autem</strong></span> <span class='ocrx_word' id='word_1_130' title='bbox 3365 588 3598 653; x_wconf 88' lang='lat' dir='ltr'><strong>septem</strong></span> 
     </span>
    </p>
   </div>
   <div class='ocr_carea' id='block_1_19' title="bbox 1949 667 3596 742">
    <p class='ocr_par' dir='ltr' id='par_1_19' title="bbox 1949 667 3596 742">
     <span class='ocr_line' id='line_1_19' title="bbox 1949 667 3596 742; baseline 0.004 -22"><span class='ocrx_word' id='word_1_131' title='bbox 1949 667 2096 728; x_wconf 88' lang='lat' dir='ltr'><strong>dies,</strong></span> <span class='ocrx_word' id='word_1_132' title='bbox 2148 672 2273 722; x_wconf 89' lang='lat' dir='ltr'><strong>erat</strong></span> <span class='ocrx_word' id='word_1_133' title='bbox 2325 667 2450 722; x_wconf 91' lang='lat' dir='ltr'><strong>dies</strong></span> <span class='ocrx_word' id='word_1_134' title='bbox 2509 667 2628 724; x_wconf 89' lang='lat' dir='ltr'><strong>illa.</strong></span> <span class='ocrx_word' id='word_1_135' title='bbox 2679 667 2869 742; x_wconf 72' lang='grc' dir='ltr'><strong>’Ἄρτος</strong></span> <span class='ocrx_word' id='word_1_136' title='bbox 2907 685 3050 740; x_wconf 89' lang='lat' dir='ltr'><strong>ergo</strong></span> <span class='ocrx_word' id='word_1_137' title='bbox 3093 676 3361 738; x_wconf 85' lang='lat' dir='ltr'><strong>vocatur,</strong></span> <span class='ocrx_word' id='word_1_138' title='bbox 3395 674 3456 725; x_wconf 91' lang='lat' dir='ltr'><strong>ut</strong></span> <span class='ocrx_word' id='word_1_139' title='bbox 3500 687 3596 726; x_wconf 90' lang='lat' dir='ltr'><strong>os-</strong></span> 
     </span>
    </p>
   </div>
   <div class='ocr_carea' id='block_1_20' title="bbox 1950 756 3597 832">
    <p class='ocr_par' dir='ltr' id='par_1_20' title="bbox 1950 756 3597 832">
     <span class='ocr_line' id='line_1_20' title="bbox 1950 756 3597 832; baseline 0.003 -22"><span class='ocrx_word' id='word_1_140' title='bbox 1950 761 2184 810; x_wconf 90' lang='lat' dir='ltr'><strong>tensum</strong></span> <span class='ocrx_word' id='word_1_141' title='bbox 2209 761 2314 820; x_wconf 88' lang='lat' dir='ltr'><strong>est,</strong></span> <span class='ocrx_word' id='word_1_142' title='bbox 2346 771 2614 827; x_wconf 85' lang='lat' dir='ltr'><strong>azymus.</strong></span> <span class='ocrx_word' id='word_1_143' title='bbox 2650 759 2797 812; x_wconf 82' lang='lat' dir='ltr'><strong>Nam</strong></span> <span class='ocrx_word' id='word_1_144' title='bbox 2818 756 2932 813; x_wconf 91' lang='lat' dir='ltr'><strong>hoc</strong></span> <span class='ocrx_word' id='word_1_145' title='bbox 2971 773 3193 814; x_wconf 90' lang='lat' dir='ltr'><strong>nomen</strong></span> <span class='ocrx_word' id='word_1_146' title='bbox 3225 759 3376 832; x_wconf 78' lang='grc' dir='ltr'><em>ἄρτος</em></span> <span class='ocrx_word' id='word_1_147' title='bbox 3405 773 3597 827; x_wconf 89' lang='lat' dir='ltr'><strong>genus</strong></span> 
     </span>
    </p>
   </div>
   <div class='ocr_carea' id='block_1_21' title="bbox 1950 841 3595 918">
    <p class='ocr_par' dir='ltr' id='par_1_21' title="bbox 1950 841 3595 918">
     <span class='ocr_line' id='line_1_21' title="bbox 1950 841 3595 918; baseline 0.003 -21"><span class='ocrx_word' id='word_1_148' title='bbox 1950 849 2038 899; x_wconf 90' lang='lat' dir='ltr'><strong>est</strong></span> <span class='ocrx_word' id='word_1_149' title='bbox 2085 841 2418 899; x_wconf 84' lang='lat' dir='ltr'><strong>fermentati</strong></span> <span class='ocrx_word' id='word_1_150' title='bbox 2466 849 2522 899; x_wconf 91' lang='lat' dir='ltr'><strong>et</strong></span> <span class='ocrx_word' id='word_1_151' title='bbox 2542 855 2771 916; x_wconf 87' lang='lat' dir='ltr'><strong>azyml;</strong></span> <span class='ocrx_word' id='word_1_152' title='bbox 2805 851 2861 901; x_wconf 90' lang='lat' dir='ltr'><strong>et</strong></span> <span class='ocrx_word' id='word_1_153' title='bbox 2908 845 2982 902; x_wconf 91' lang='lat' dir='ltr'><strong>de</strong></span> <span class='ocrx_word' id='word_1_154' title='bbox 3031 847 3335 902; x_wconf 90' lang='lat' dir='ltr'><strong>ambobus</strong></span> <span class='ocrx_word' id='word_1_155' title='bbox 3382 847 3595 918; x_wconf 58' lang='lat' dir='ltr'><strong>praedi-</strong></span> 
     </span>
    </p>
   </div>
   <div class='ocr_carea' id='block_1_22' title="bbox 1949 931 3597 1005">
    <p class='ocr_par' dir='ltr' id='par_1_22' title="bbox 1949 931 3597 1005">
     <span class='ocr_line' id='line_1_22' title="bbox 1949 931 3597 1005; baseline 0.003 -19"><span class='ocrx_word' id='word_1_156' title='bbox 1949 937 2136 994; x_wconf 90' lang='lat' dir='ltr'><strong>catur,</strong></span> <span class='ocrx_word' id='word_1_157' title='bbox 2185 931 2336 987; x_wconf 89' lang='lat' dir='ltr'><strong>sicut</strong></span> <span class='ocrx_word' id='word_1_158' title='bbox 2387 932 2461 986; x_wconf 91' lang='lat' dir='ltr'><strong>de</strong></span> <span class='ocrx_word' id='word_1_159' title='bbox 2500 933 2833 1004; x_wconf 89' lang='lat' dir='ltr'><strong>speciebus.</strong></span> <span class='ocrx_word' id='word_1_160' title='bbox 2885 935 2965 989; x_wconf 84' lang='lat' dir='ltr'><strong>Ex</strong></span> <span class='ocrx_word' id='word_1_161' title='bbox 2995 935 3086 989; x_wconf 86' lang='lat' dir='ltr'><strong>his</strong></span> <span class='ocrx_word' id='word_1_162' title='bbox 3112 950 3254 1005; x_wconf 92' lang='lat' dir='ltr'><strong>ergo</strong></span> <span class='ocrx_word' id='word_1_163' title='bbox 3284 935 3497 1000; x_wconf 84' lang='lat' dir='ltr'><strong>verbis,</strong></span> <span class='ocrx_word' id='word_1_164' title='bbox 3532 939 3597 991; x_wconf 87' lang='lat' dir='ltr'><strong>ut</strong></span> 
     </span>
    </p>
   </div>
   <div class='ocr_carea' id='block_1_23' title="bbox 1949 1019 3598 1094">
    <p class='ocr_par' dir='ltr' id='par_1_23' title="bbox 1949 1019 3598 1094">
     <span class='ocr_line' id='line_1_23' title="bbox 1949 1019 3598 1094; baseline 0.004 -21"><span class='ocrx_word' id='word_1_165' title='bbox 1949 1019 2174 1075; x_wconf 88' lang='lat' dir='ltr'><strong>dictum</strong></span> <span class='ocrx_word' id='word_1_166' title='bbox 2204 1025 2312 1090; x_wconf 88' lang='lat' dir='ltr'><strong>est,</strong></span> <span class='ocrx_word' id='word_1_167' title='bbox 2341 1021 2764 1092; x_wconf 87' lang='lat' dir='ltr'><strong>Chrysostomi,</strong></span> <span class='ocrx_word' id='word_1_168' title='bbox 2797 1026 2854 1077; x_wconf 92' lang='lat' dir='ltr'><strong>et</strong></span> <span class='ocrx_word' id='word_1_169' title='bbox 2891 1021 3021 1077; x_wconf 89' lang='lat' dir='ltr'><strong>aliis</strong></span> <span class='ocrx_word' id='word_1_170' title='bbox 3051 1035 3160 1094; x_wconf 91' lang='lat' dir='ltr'><strong>pro</strong></span> <span class='ocrx_word' id='word_1_171' title='bbox 3210 1023 3320 1078; x_wconf 90' lang='lat' dir='ltr'><strong>ista</strong></span> <span class='ocrx_word' id='word_1_172' title='bbox 3348 1023 3598 1081; x_wconf 86' lang='lat' dir='ltr'><strong>materia</strong></span> 
     </span>
    </p>
   </div>
   <div class='ocr_carea' id='block_1_24' title="bbox 1950 1106 3595 1183">
    <p class='ocr_par' dir='ltr' id='par_1_24' title="bbox 1950 1106 3595 1183">
     <span class='ocr_line' id='line_1_24' title="bbox 1950 1106 3595 1183; baseline 0.002 -21"><span class='ocrx_word' id='word_1_173' title='bbox 1950 1107 2236 1177; x_wconf 81' lang='lat' dir='ltr'><strong>allegatis,</strong></span> <span class='ocrx_word' id='word_1_174' title='bbox 2289 1109 2432 1164; x_wconf 88' lang='lat' dir='ltr'><strong>satis</strong></span> <span class='ocrx_word' id='word_1_175' title='bbox 2480 1106 2790 1165; x_wconf 86' lang='lat' dir='ltr'><strong>manifeste</strong></span> <span class='ocrx_word' id='word_1_176' title='bbox 2847 1109 3159 1181; x_wconf 85' lang='lat' dir='ltr'><strong>colligitur,</strong></span> <span class='ocrx_word' id='word_1_177' title='bbox 3218 1113 3382 1183; x_wconf 85' lang='lat' dir='ltr'><strong>quod</strong></span> <span class='ocrx_word' id='word_1_178' title='bbox 3406 1111 3595 1168; x_wconf 86' lang='lat' dir='ltr'><strong>sancti</strong></span> 
     </span>
    </p>
   </div>
   <div class='ocr_carea' id='block_1_25' title="bbox 1952 1193 3594 1272">
    <p class='ocr_par' dir='ltr' id='par_1_25' title="bbox 1952 1193 3594 1272">
     <span class='ocr_line' id='line_1_25' title="bbox 1952 1193 3594 1272; baseline 0.004 -22"><span class='ocrx_word' id='word_1_179' title='bbox 1952 1193 2152 1252; x_wconf 80' lang='lat' dir='ltr'><strong>Patres</strong></span> <span class='ocrx_word' id='word_1_180' title='bbox 2191 1199 2444 1269; x_wconf 84' lang='lat' dir='ltr'><strong>antiqui,</strong></span> <span class='ocrx_word' id='word_1_181' title='bbox 2476 1201 2597 1254; x_wconf 91' lang='lat' dir='ltr'><strong>tam</strong></span> <span class='ocrx_word' id='word_1_182' title='bbox 2632 1199 2836 1266; x_wconf 82' lang='lat' dir='ltr'><strong>Graeci,</strong></span> <span class='ocrx_word' id='word_1_183' title='bbox 2885 1211 3072 1272; x_wconf 88' lang='lat' dir='ltr'><strong>quam</strong></span> <span class='ocrx_word' id='word_1_184' title='bbox 3129 1201 3333 1267; x_wconf 84' lang='lat' dir='ltr'><strong>Latini,</strong></span> <span class='ocrx_word' id='word_1_185' title='bbox 3366 1206 3489 1256; x_wconf 88' lang='lat' dir='ltr'><strong>tam</strong></span> <span class='ocrx_word' id='word_1_186' title='bbox 3519 1201 3594 1256; x_wconf 89' lang='lat' dir='ltr'><strong>de</strong></span> 
     </span>
    </p>
   </div>
   <div class='ocr_carea' id='block_1_26' title="bbox 1950 1287 3592 1358">
    <p class='ocr_par' dir='ltr' id='par_1_26' title="bbox 1950 1287 3592 1358">
     <span class='ocr_line' id='line_1_26' title="bbox 1950 1287 3592 1358; baseline 0.002 -18"><span class='ocrx_word' id='word_1_187' title='bbox 1950 1287 2570 1353; x_wconf 84' lang='lat' dir='ltr'><strong>sacramentoaltaris,</strong></span> <span class='ocrx_word' id='word_1_188' title='bbox 2620 1301 2806 1358; x_wconf 89' lang='lat' dir='ltr'><strong>quam</strong></span> <span class='ocrx_word' id='word_1_189' title='bbox 2857 1287 2931 1342; x_wconf 93' lang='lat' dir='ltr'><strong>de</strong></span> <span class='ocrx_word' id='word_1_190' title='bbox 2988 1289 3118 1343; x_wconf 91' lang='lat' dir='ltr'><strong>aliis</strong></span> <span class='ocrx_word' id='word_1_191' title='bbox 3149 1289 3287 1344; x_wconf 80' lang='lat' dir='ltr'><strong>fidei</strong></span> <span class='ocrx_word' id='word_1_192' title='bbox 3309 1289 3592 1358; x_wconf 80' lang='lat' dir='ltr'><strong>articulis,</strong></span> 
     </span>
    </p>
   </div>
   <div class='ocr_carea' id='block_1_27' title="bbox 1953 1374 3594 1434">
    <p class='ocr_par' dir='ltr' id='par_1_27' title="bbox 1953 1374 3594 1434">
     <span class='ocr_line' id='line_1_27' title="bbox 1953 1374 3594 1434; baseline 0.003 -6"><span class='ocrx_word' id='word_1_193' title='bbox 1953 1375 2104 1428; x_wconf 92' lang='lat' dir='ltr'><strong>sicut</strong></span> <span class='ocrx_word' id='word_1_194' title='bbox 2133 1375 2388 1430; x_wconf 85' lang='lat' dir='ltr'><strong>Ecclesia</strong></span> <span class='ocrx_word' id='word_1_195' title='bbox 2419 1377 2708 1434; x_wconf 82' lang='lat' dir='ltr'><strong>Romana.</strong></span> <span class='ocrx_word' id='word_1_196' title='bbox 2740 1374 3026 1430; x_wconf 80' lang='lat' dir='ltr'><strong>catholica</strong></span> <span class='ocrx_word' id='word_1_197' title='bbox 3061 1379 3116 1431; x_wconf 88' lang='lat' dir='ltr'><strong>et</strong></span> <span class='ocrx_word' id='word_1_198' title='bbox 3145 1381 3346 1432; x_wconf 86' lang='lat' dir='ltr'><strong>sancte</strong></span> <span class='ocrx_word' id='word_1_199' title='bbox 3395 1393 3594 1433; x_wconf 89' lang='lat' dir='ltr'><strong>sense-</strong></span> 
     </span>
    </p>
   </div>
   <div class='ocr_carea' id='block_1_28' title="bbox 1952 1462 3597 1536">
    <p class='ocr_par' dir='ltr' id='par_1_28' title="bbox 1952 1462 3597 1536">
     <span class='ocr_line' id='line_1_28' title="bbox 1952 1462 3597 1536; baseline 0.002 -18"><span class='ocrx_word' id='word_1_200' title='bbox 1952 1467 2106 1518; x_wconf 90' lang='lat' dir='ltr'><strong>runt.</strong></span> <span class='ocrx_word' id='word_1_201' title='bbox 2139 1462 2396 1519; x_wconf 83' lang='lat' dir='ltr'><strong>Moderni</strong></span> <span class='ocrx_word' id='word_1_202' title='bbox 2427 1479 2566 1519; x_wconf 88' lang='lat' dir='ltr'><strong>vero</strong></span> <span class='ocrx_word' id='word_1_203' title='bbox 2625 1464 2818 1529; x_wconf 69' lang='lat' dir='ltr'><strong>Graeci,</strong></span> <span class='ocrx_word' id='word_1_204' title='bbox 2835 1464 2977 1536; x_wconf 84' lang='lat' dir='ltr'><strong>quia</strong></span> <span class='ocrx_word' id='word_1_205' title='bbox 3003 1464 3219 1535; x_wconf 90' lang='lat' dir='ltr'><strong>jugum</strong></span> <span class='ocrx_word' id='word_1_206' title='bbox 3244 1465 3597 1522; x_wconf 70' lang='lat' dir='ltr'><strong>obedientia:</strong></span> 
     </span>
    </p>
   </div>
   <div class='ocr_carea' id='block_1_29' title="bbox 1954 1551 3596 1610">
    <p class='ocr_par' dir='ltr' id='par_1_29' title="bbox 1954 1551 3596 1610">
     <span class='ocr_line' id='line_1_29' title="bbox 1954 1551 3596 1610; baseline 0.002 -4"><span class='ocrx_word' id='word_1_207' title='bbox 1954 1555 2352 1607; x_wconf 75' lang='lat' dir='ltr'><strong>sacrosanctae</strong></span> <span class='ocrx_word' id='word_1_208' title='bbox 2386 1551 2557 1606; x_wconf 72' lang='lat' dir='ltr'><strong>dictae</strong></span> <span class='ocrx_word' id='word_1_209' title='bbox 2587 1553 2872 1607; x_wconf 71' lang='lat' dir='ltr'><strong>Romana:</strong></span> <span class='ocrx_word' id='word_1_210' title='bbox 2923 1552 3194 1608; x_wconf 76' lang='lat' dir='ltr'><strong>Ecclesiae</strong></span> <span class='ocrx_word' id='word_1_211' title='bbox 3223 1567 3260 1608; x_wconf 90' lang='lat' dir='ltr'><strong>a</strong></span> <span class='ocrx_word' id='word_1_212' title='bbox 3288 1553 3439 1609; x_wconf 92' lang='lat' dir='ltr'><strong>collo</strong></span> <span class='ocrx_word' id='word_1_213' title='bbox 3485 1567 3596 1610; x_wconf 89' lang='lat' dir='ltr'><strong>suo</strong></span> 
     </span>
    </p>
   </div>
   <div class='ocr_carea' id='block_1_30' title="bbox 1953 1632 3596 1706">
    <p class='ocr_par' dir='ltr' id='par_1_30' title="bbox 1953 1632 3596 1706">
     <span class='ocr_line' id='line_1_30' title="bbox 1953 1632 3596 1706; baseline 0.002 -12"><span class='ocrx_word' id='word_1_214' title='bbox 1953 1632 2217 1695; x_wconf 88' lang='lat' dir='ltr'><strong>indebite</strong></span> <span class='ocrx_word' id='word_1_215' title='bbox 2247 1641 2520 1695; x_wconf 85' lang='lat' dir='ltr'><strong>excutere</strong></span> <span class='ocrx_word' id='word_1_216' title='bbox 2544 1638 2875 1706; x_wconf 90' lang='lat' dir='ltr'><strong>voluerunt,</strong></span> <span class='ocrx_word' id='word_1_217' title='bbox 2896 1639 3098 1696; x_wconf 90' lang='lat' dir='ltr'><strong>multis</strong></span> <span class='ocrx_word' id='word_1_218' title='bbox 3115 1641 3596 1698; x_wconf 86' lang='lat' dir='ltr'><strong>eaminvolutam</strong></span> 
     </span>
    </p>
   </div>
   <div class='ocr_carea' id='block_1_31' title="bbox 1952 1727 3596 1800">
    <p class='ocr_par' dir='ltr' id='par_1_31' title="bbox 1952 1727 3596 1800">
     <span class='ocr_line' id='line_1_31' title="bbox 1952 1727 3596 1800; baseline 0.002 -18"><span class='ocrx_word' id='word_1_219' title='bbox 1952 1741 2084 1783; x_wconf 88' lang='lat' dir='ltr'><strong>esse</strong></span> <span class='ocrx_word' id='word_1_220' title='bbox 2115 1727 2416 1783; x_wconf 88' lang='lat' dir='ltr'><strong>erroribus</strong></span> <span class='ocrx_word' id='word_1_221' title='bbox 2448 1728 2775 1800; x_wconf 82' lang='lat' dir='ltr'><strong>praedicare</strong></span> <span class='ocrx_word' id='word_1_222' title='bbox 2833 1743 2956 1784; x_wconf 91' lang='lat' dir='ltr'><strong>non</strong></span> <span class='ocrx_word' id='word_1_223' title='bbox 3004 1734 3302 1785; x_wconf 89' lang='lat' dir='ltr'><strong>verentur.</strong></span> <span class='ocrx_word' id='word_1_224' title='bbox 3339 1729 3490 1796; x_wconf 90' lang='lat' dir='ltr'><strong>Quia</strong></span> <span class='ocrx_word' id='word_1_225' title='bbox 3515 1736 3596 1786; x_wconf 90' lang='lat' dir='ltr'><strong>ta-</strong></span> 
     </span>
    </p>
   </div>
   <div class='ocr_carea' id='block_1_32' title="bbox 195 1814 3597 1889">
    <p class='ocr_par' dir='ltr' id='par_1_32' title="bbox 195 1814 3597 1889">
     <span class='ocr_line' id='line_1_32' title="bbox 195 1814 3597 1889; baseline -0.001 -12"><span class='ocrx_word' id='word_1_226' title='bbox 195 1819 484 1877; x_wconf 90' lang='lat' dir='ltr'><strong>hensibile</strong></span> <span class='ocrx_word' id='word_1_227' title='bbox 524 1820 638 1874; x_wconf 87' lang='lat' dir='ltr'><strong>hoc</strong></span> <span class='ocrx_word' id='word_1_228' title='bbox 666 1823 1149 1886; x_wconf 86' lang='lat' dir='ltr'><strong>sacramentum;</strong></span> <span class='ocrx_word' id='word_1_229' title='bbox 1182 1815 1616 1874; x_wconf 81' lang='lat' dir='ltr'><strong>transmutatur</strong></span> <span class='ocrx_word' id='word_1_230' title='bbox 1639 1823 1840 1876; x_wconf 83' lang='lat' dir='ltr'><strong>autem</strong></span> <span class='ocrx_word' id='word_1_231' title='bbox 1882 1831 1922 1885; x_wconf 76' lang='grc' dir='ltr'><strong><em>Β</em></strong></span> <span class='ocrx_word' id='word_1_232' title='bbox 1954 1832 2088 1870; x_wconf 90' lang='lat' dir='ltr'><strong>men</strong></span> <span class='ocrx_word' id='word_1_233' title='bbox 2121 1815 2418 1887; x_wconf 88' lang='lat' dir='ltr'><strong>ipsisuam</strong></span> <span class='ocrx_word' id='word_1_234' title='bbox 2448 1814 2832 1872; x_wconf 88' lang='lat' dir='ltr'><strong>rebellionem</strong></span> <span class='ocrx_word' id='word_1_235' title='bbox 2848 1817 3212 1888; x_wconf 85' lang='lat' dir='ltr'><strong>pertinacem</strong></span> <span class='ocrx_word' id='word_1_236' title='bbox 3231 1818 3597 1889; x_wconf 78' lang='lat' dir='ltr'><strong>quibusdam</strong></span> 
     </span>
    </p>
   </div>
   <div class='ocr_carea' id='block_1_33' title="bbox 198 1907 1842 1980">
    <p class='ocr_par' dir='ltr' id='par_1_33' title="bbox 198 1907 1842 1980">
     <span class='ocr_line' id='line_1_33' title="bbox 198 1907 1842 1980; baseline 0 -18"><span class='ocrx_word' id='word_1_237' title='bbox 198 1909 390 1964; x_wconf 88' lang='lat' dir='ltr'><strong>divina</strong></span> <span class='ocrx_word' id='word_1_238' title='bbox 446 1909 660 1964; x_wconf 89' lang='lat' dir='ltr'><strong>virtute</strong></span> <span class='ocrx_word' id='word_1_239' title='bbox 691 1925 726 1963; x_wconf 90' lang='lat' dir='ltr'><strong>a</strong></span> <span class='ocrx_word' id='word_1_240' title='bbox 771 1907 988 1978; x_wconf 87' lang='lat' dir='ltr'><strong>Spiritu</strong></span> <span class='ocrx_word' id='word_1_241' title='bbox 1022 1907 1230 1962; x_wconf 85' lang='lat' dir='ltr'><strong>sancto</strong></span> <span class='ocrx_word' id='word_1_242' title='bbox 1278 1907 1338 1962; x_wconf 92' lang='lat' dir='ltr'><strong>in</strong></span> <span class='ocrx_word' id='word_1_243' title='bbox 1383 1923 1602 1980; x_wconf 90' lang='lat' dir='ltr'><strong>corpus</strong></span> <span class='ocrx_word' id='word_1_244' title='bbox 1627 1913 1683 1964; x_wconf 91' lang='lat' dir='ltr'><strong>et</strong></span> <span class='ocrx_word' id='word_1_245' title='bbox 1707 1919 1842 1962; x_wconf 89' lang='lat' dir='ltr'><strong>san-</strong></span> 
     </span>
    </p>
   </div>
   <div class='ocr_carea' id='block_1_34' title="bbox 203 1990 1842 2069">
    <p class='ocr_par' dir='ltr' id='par_1_34' title="bbox 203 1990 1842 2069">
     <span class='ocr_line' id='line_1_34' title="bbox 203 1990 1842 2069; baseline 0.002 -17"><span class='ocrx_word' id='word_1_246' title='bbox 203 1999 430 2069; x_wconf 88' lang='lat' dir='ltr'><strong>guinem</strong></span> <span class='ocrx_word' id='word_1_247' title='bbox 458 1999 598 2053; x_wconf 85' lang='lat' dir='ltr'><strong>Jesu</strong></span> <span class='ocrx_word' id='word_1_248' title='bbox 657 1990 890 2065; x_wconf 77' lang='lat' dir='ltr'><strong>Christi,</strong></span> <span class='ocrx_word' id='word_1_249' title='bbox 929 1996 1262 2052; x_wconf 89' lang='lat' dir='ltr'><strong>secundum</strong></span> <span class='ocrx_word' id='word_1_250' title='bbox 1287 1997 1474 2068; x_wconf 82' lang='lat' dir='ltr'><strong>.quod</strong></span> <span class='ocrx_word' id='word_1_251' title='bbox 1517 1996 1650 2068; x_wconf 91' lang='lat' dir='ltr'><strong>ipsa</strong></span> <span class='ocrx_word' id='word_1_252' title='bbox 1671 1997 1842 2055; x_wconf 80' lang='lat' dir='ltr'><strong>sacra</strong></span> 
     </span>
    </p>
   </div>
   <div class='ocr_carea' id='block_1_35' title="bbox 205 2077 1836 2154">
    <p class='ocr_par' dir='ltr' id='par_1_35' title="bbox 205 2077 1836 2154">
     <span class='ocr_line' id='line_1_35' title="bbox 205 2077 1836 2154; baseline 0 -10"><span class='ocrx_word' id='word_1_253' title='bbox 205 2094 417 2145; x_wconf 84' lang='lat' dir='ltr'><strong>secreta</strong></span> <span class='ocrx_word' id='word_1_254' title='bbox 445 2087 693 2154; x_wconf 89' lang='lat' dir='ltr'><strong>indicat,</strong></span> <span class='ocrx_word' id='word_1_255' title='bbox 726 2087 972 2142; x_wconf 90' lang='lat' dir='ltr'><strong>etetiam</strong></span> <span class='ocrx_word' id='word_1_256' title='bbox 997 2086 1352 2142; x_wconf 83' lang='lat' dir='ltr'><strong>manifestat.</strong></span> <span class='ocrx_word' id='word_1_257' title='bbox 1375 2086 1630 2141; x_wconf 88' lang='lat' dir='ltr'><strong>Dicimus</strong></span> <span class='ocrx_word' id='word_1_258' title='bbox 1643 2077 1836 2144; x_wconf 90' lang='lat' dir='ltr'><strong>enim:</strong></span> 
     </span>
    </p>
   </div>
   <div class='ocr_carea' id='block_1_36' title="bbox 206 2167 1838 2248">
    <p class='ocr_par' dir='ltr' id='par_1_36' title="bbox 206 2167 1838 2248">
     <span class='ocr_line' id='line_1_36' title="bbox 206 2167 1838 2248; baseline 0 -16"><span class='ocrx_word' id='word_1_259' title='bbox 206 2179 276 2232; x_wconf 87' lang='lat' dir='ltr'><strong>Te</strong></span> <span class='ocrx_word' id='word_1_260' title='bbox 290 2193 586 2248; x_wconf 79' lang='lat' dir='ltr'><strong>rogamus,</strong></span> <span class='ocrx_word' id='word_1_261' title='bbox 622 2177 834 2231; x_wconf 89' lang='lat' dir='ltr'><strong>Sancte</strong></span> <span class='ocrx_word' id='word_1_262' title='bbox 859 2181 1224 2244; x_wconf 88' lang='lat' dir='ltr'><strong>sanctorum,</strong></span> <span class='ocrx_word' id='word_1_263' title='bbox 1251 2167 1702 2246; x_wconf 88' lang='lat' dir='ltr'><strong>utbeneplacito</strong></span> <span class='ocrx_word' id='word_1_264' title='bbox 1723 2180 1838 2232; x_wconf 64' lang='lat' dir='ltr'><strong>tua:</strong></span> 
     </span>
    </p>
   </div>
   <div class='ocr_carea' id='block_1_37' title="bbox 216 2261 1836 2335">
    <p class='ocr_par' dir='ltr' id='par_1_37' title="bbox 216 2261 1836 2335">
     <span class='ocr_line' id='line_1_37' title="bbox 216 2261 1836 2335; baseline 0.001 -17"><span class='ocrx_word' id='word_1_265' title='bbox 216 2263 474 2320; x_wconf 81' lang='lat' dir='ltr'><strong>bonitatis</strong></span> <span class='ocrx_word' id='word_1_266' title='bbox 519 2264 719 2320; x_wconf 88' lang='lat' dir='ltr'><strong>veniat</strong></span> <span class='ocrx_word' id='word_1_267' title='bbox 759 2261 1008 2334; x_wconf 90' lang='lat' dir='ltr'><strong>Spiritus</strong></span> <span class='ocrx_word' id='word_1_268' title='bbox 1031 2267 1275 2317; x_wconf 90' lang='lat' dir='ltr'><strong>sanctus</strong></span> <span class='ocrx_word' id='word_1_269' title='bbox 1330 2263 1465 2318; x_wconf 91' lang='lat' dir='ltr'><strong>tuus</strong></span> <span class='ocrx_word' id='word_1_270' title='bbox 1496 2279 1678 2335; x_wconf 89' lang='lat' dir='ltr'><strong>super</strong></span> <span class='ocrx_word' id='word_1_271' title='bbox 1705 2279 1836 2333; x_wconf 89' lang='lat' dir='ltr'><strong>nos,</strong></span> 
     </span>
    </p>
   </div>
   <div class='ocr_carea' id='block_1_38' title="bbox 223 2343 1840 2426">
    <p class='ocr_par' dir='ltr' id='par_1_38' title="bbox 223 2343 1840 2426">
     <span class='ocr_line' id='line_1_38' title="bbox 223 2343 1840 2426; baseline 0.001 -20"><span class='ocrx_word' id='word_1_272' title='bbox 223 2355 275 2412; x_wconf 73' lang='lat' dir='ltr'><strong>et</strong></span> <span class='ocrx_word' id='word_1_273' title='bbox 289 2369 455 2426; x_wconf 83' lang='lat' dir='ltr'><strong>super</strong></span> <span class='ocrx_word' id='word_1_274' title='bbox 476 2353 668 2408; x_wconf 88' lang='lat' dir='ltr'><strong>omnia</strong></span> <span class='ocrx_word' id='word_1_275' title='bbox 684 2347 815 2408; x_wconf 67' lang='lat' dir='ltr'><strong>haec</strong></span> <span class='ocrx_word' id='word_1_276' title='bbox 834 2357 935 2407; x_wconf 90' lang='lat' dir='ltr'><strong>tua</strong></span> <span class='ocrx_word' id='word_1_277' title='bbox 955 2349 1120 2406; x_wconf 90' lang='lat' dir='ltr'><strong>dona</strong></span> <span class='ocrx_word' id='word_1_278' title='bbox 1134 2351 1284 2421; x_wconf 88' lang='lat' dir='ltr'><strong>(sive</strong></span> <span class='ocrx_word' id='word_1_279' title='bbox 1307 2353 1578 2421; x_wconf 78' lang='lat' dir='ltr'><strong>munera)</strong></span> <span class='ocrx_word' id='word_1_280' title='bbox 1592 2349 1648 2408; x_wconf 84' lang='lat' dir='ltr'><strong>et</strong></span> <span class='ocrx_word' id='word_1_281' title='bbox 1669 2343 1840 2408; x_wconf 51' lang='lat' dir='ltr'><strong>bene!</strong></span> 
     </span>
    </p>
   </div>
   <div class='ocr_carea' id='block_1_39' title="bbox 223 2437 1838 2512">
    <p class='ocr_par' dir='ltr' id='par_1_39' title="bbox 223 2437 1838 2512">
     <span class='ocr_line' id='line_1_39' title="bbox 223 2437 1838 2512; baseline 0.001 -18"><span class='ocrx_word' id='word_1_282' title='bbox 223 2437 388 2509; x_wconf 89' lang='lat' dir='ltr'><strong>dicat,</strong></span> <span class='ocrx_word' id='word_1_283' title='bbox 418 2437 472 2495; x_wconf 86' lang='lat' dir='ltr'><strong>et</strong></span> <span class='ocrx_word' id='word_1_284' title='bbox 498 2440 832 2503; x_wconf 84' lang='lat' dir='ltr'><strong>sanetiticet,</strong></span> <span class='ocrx_word' id='word_1_285' title='bbox 855 2443 912 2496; x_wconf 88' lang='lat' dir='ltr'><strong>et</strong></span> <span class='ocrx_word' id='word_1_286' title='bbox 958 2437 1234 2495; x_wconf 89' lang='lat' dir='ltr'><strong>ostendat</strong></span> <span class='ocrx_word' id='word_1_287' title='bbox 1276 2437 1521 2512; x_wconf 90' lang='lat' dir='ltr'><strong>quidem</strong></span> <span class='ocrx_word' id='word_1_288' title='bbox 1551 2437 1712 2496; x_wconf 89' lang='lat' dir='ltr'><strong>hunc</strong></span> <span class='ocrx_word' id='word_1_289' title='bbox 1737 2455 1838 2512; x_wconf 86' lang='lat' dir='ltr'><strong>pa-</strong></span> 
     </span>
    </p>
   </div>
   <div class='ocr_carea' id='block_1_40' title="bbox 222 2527 1839 2601">
    <p class='ocr_par' dir='ltr' id='par_1_40' title="bbox 222 2527 1839 2601">
     <span class='ocr_line' id='line_1_40' title="bbox 222 2527 1839 2601; baseline 0.002 -19"><span class='ocrx_word' id='word_1_290' title='bbox 222 2545 350 2583; x_wconf 86' lang='lat' dir='ltr'><strong>nem</strong></span> <span class='ocrx_word' id='word_1_291' title='bbox 389 2529 574 2601; x_wconf 89' lang='lat' dir='ltr'><strong>ipsum</strong></span> <span class='ocrx_word' id='word_1_292' title='bbox 607 2528 939 2600; x_wconf 88' lang='lat' dir='ltr'><strong>pretiosum</strong></span> <span class='ocrx_word' id='word_1_293' title='bbox 989 2543 1208 2600; x_wconf 88' lang='lat' dir='ltr'><strong>corpus</strong></span> <span class='ocrx_word' id='word_1_294' title='bbox 1237 2528 1468 2584; x_wconf 88' lang='lat' dir='ltr'><strong>Domini</strong></span> <span class='ocrx_word' id='word_1_295' title='bbox 1491 2533 1549 2585; x_wconf 91' lang='lat' dir='ltr'><strong>et</strong></span> <span class='ocrx_word' id='word_1_296' title='bbox 1580 2527 1678 2584; x_wconf 90' lang='lat' dir='ltr'><strong>Dei</strong></span> <span class='ocrx_word' id='word_1_297' title='bbox 1720 2528 1839 2586; x_wconf 85' lang='lat' dir='ltr'><strong>Sal~</strong></span> 
     </span>
    </p>
   </div>
   <div class='ocr_carea' id='block_1_41' title="bbox 209 2615 1116 2673">
    <p class='ocr_par' dir='ltr' id='par_1_41' title="bbox 209 2615 1116 2673">
     <span class='ocr_line' id='line_1_41' title="bbox 209 2615 1116 2673; baseline 0.002 -5"><span class='ocrx_word' id='word_1_298' title='bbox 209 2617 412 2673; x_wconf 86' lang='lat' dir='ltr'><strong>vatoris</strong></span> <span class='ocrx_word' id='word_1_299' title='bbox 438 2617 623 2673; x_wconf 89' lang='lat' dir='ltr'><strong>nostri</strong></span> <span class='ocrx_word' id='word_1_300' title='bbox 649 2617 791 2673; x_wconf 87' lang='lat' dir='ltr'><strong>.lesu</strong></span> <span class='ocrx_word' id='word_1_301' title='bbox 822 2615 1052 2672; x_wconf 81' lang='lat' dir='ltr'><strong>Christi.</strong></span> <span class='ocrx_word' id='word_1_302' title='bbox 1089 2637 1116 2664; x_wconf 85' lang='grc'>››</span> 
     </span>
    </p>
   </div>
   <div class='ocr_carea' id='block_1_42' title="bbox 265 2695 1841 2771">
    <p class='ocr_par' dir='ltr' id='par_1_42' title="bbox 265 2695 1841 2771">
     <span class='ocr_line' id='line_1_42' title="bbox 265 2695 1841 2771; baseline 0.001 -9"><span class='ocrx_word' id='word_1_303' title='bbox 265 2707 318 2762; x_wconf 87' lang='lat' dir='ltr'><strong>Si</strong></span> <span class='ocrx_word' id='word_1_304' title='bbox 364 2695 547 2771; x_wconf 79' lang='lat' dir='ltr'><strong>igitur</strong></span> <span class='ocrx_word' id='word_1_305' title='bbox 610 2705 814 2762; x_wconf 91' lang='lat' dir='ltr'><strong>divina</strong></span> <span class='ocrx_word' id='word_1_306' title='bbox 860 2705 1065 2770; x_wconf 89' lang='lat' dir='ltr'><strong>virtus,</strong></span> <span class='ocrx_word' id='word_1_307' title='bbox 1116 2703 1240 2761; x_wconf 77' lang='lat' dir='ltr'><strong>sive</strong></span> <span class='ocrx_word' id='word_1_308' title='bbox 1284 2703 1442 2761; x_wconf 89' lang='lat' dir='ltr'><strong>Deus</strong></span> <span class='ocrx_word' id='word_1_309' title='bbox 1482 2707 1841 2763; x_wconf 81' lang='lat' dir='ltr'><strong>transmutat</strong></span> 
     </span>
    </p>
   </div>
   <div class='ocr_carea' id='block_1_43' title="bbox 197 2793 1841 2868">
    <p class='ocr_par' dir='ltr' id='par_1_43' title="bbox 197 2793 1841 2868">
     <span class='ocr_line' id='line_1_43' title="bbox 197 2793 1841 2868; baseline 0.001 -19"><span class='ocrx_word' id='word_1_310' title='bbox 197 2793 492 2868; x_wconf 89' lang='lat' dir='ltr'><strong>proposita</strong></span> <span class='ocrx_word' id='word_1_311' title='bbox 539 2795 704 2851; x_wconf 91' lang='lat' dir='ltr'><strong>dona</strong></span> <span class='ocrx_word' id='word_1_312' title='bbox 766 2795 828 2850; x_wconf 93' lang='lat' dir='ltr'><strong>in</strong></span> <span class='ocrx_word' id='word_1_313' title='bbox 899 2811 1119 2867; x_wconf 89' lang='lat' dir='ltr'><strong>corpus</strong></span> <span class='ocrx_word' id='word_1_314' title='bbox 1180 2799 1238 2850; x_wconf 91' lang='lat' dir='ltr'><strong>et</strong></span> <span class='ocrx_word' id='word_1_315' title='bbox 1292 2795 1649 2866; x_wconf 88' lang='lat' dir='ltr'><strong>sanguinem</strong></span> <span class='ocrx_word' id='word_1_316' title='bbox 1701 2798 1841 2852; x_wconf 81' lang='lat' dir='ltr'><strong>Jesu</strong></span> 
     </span>
    </p>
   </div>
   <div class='ocr_carea' id='block_1_44' title="bbox 197 2879 1840 2957">
    <p class='ocr_par' dir='ltr' id='par_1_44' title="bbox 197 2879 1840 2957">
     <span class='ocr_line' id='line_1_44' title="bbox 197 2879 1840 2957; baseline 0 -19"><span class='ocrx_word' id='word_1_317' title='bbox 197 2879 416 2948; x_wconf 85' lang='lat' dir='ltr'><strong>Christi,</strong></span> <span class='ocrx_word' id='word_1_318' title='bbox 440 2883 817 2957; x_wconf 87' lang='lat' dir='ltr'><strong>superfluum</strong></span> <span class='ocrx_word' id='word_1_319' title='bbox 850 2885 937 2938; x_wconf 92' lang='lat' dir='ltr'><strong>est</strong></span> <span class='ocrx_word' id='word_1_320' title='bbox 963 2883 1336 2950; x_wconf 88' lang='lat' dir='ltr'><strong>contendere,</strong></span> <span class='ocrx_word' id='word_1_321' title='bbox 1378 2881 1577 2940; x_wconf 86' lang='lat' dir='ltr'><strong>utrum</strong></span> <span class='ocrx_word' id='word_1_322' title='bbox 1600 2891 1670 2939; x_wconf 84' lang='lat' dir='ltr'><strong>ex</strong></span> <span class='ocrx_word' id='word_1_323' title='bbox 1702 2901 1840 2956; x_wconf 80' lang='lat' dir='ltr'><strong>azy-</strong></span> 
     </span>
    </p>
   </div>
   <div class='ocr_carea' id='block_1_45' title="bbox 192 2969 1839 3042">
    <p class='ocr_par' dir='ltr' id='par_1_45' title="bbox 192 2969 1839 3042">
     <span class='ocr_line' id='line_1_45' title="bbox 192 2969 1839 3042; baseline 0.001 -15"><span class='ocrx_word' id='word_1_324' title='bbox 192 2971 314 3036; x_wconf 87' lang='lat' dir='ltr'><strong>mis,</strong></span> <span class='ocrx_word' id='word_1_325' title='bbox 361 2973 491 3029; x_wconf 87' lang='lat' dir='ltr'><strong>sive</strong></span> <span class='ocrx_word' id='word_1_326' title='bbox 536 2971 840 3027; x_wconf 85' lang='lat' dir='ltr'><strong>fermentis</strong></span> <span class='ocrx_word' id='word_1_327' title='bbox 899 2969 1090 3039; x_wconf 88' lang='lat' dir='ltr'><strong>fuerit,</strong></span> <span class='ocrx_word' id='word_1_328' title='bbox 1149 2971 1271 3026; x_wconf 89' lang='lat' dir='ltr'><strong>sive</strong></span> <span class='ocrx_word' id='word_1_329' title='bbox 1323 2970 1548 3042; x_wconf 88' lang='lat' dir='ltr'><strong>album,</strong></span> <span class='ocrx_word' id='word_1_330' title='bbox 1580 2971 1701 3028; x_wconf 89' lang='lat' dir='ltr'><strong>sive</strong></span> <span class='ocrx_word' id='word_1_331' title='bbox 1739 2987 1839 3028; x_wconf 85' lang='lat' dir='ltr'><strong>ru-</strong></span> 
     </span>
    </p>
   </div>
   <div class='ocr_carea' id='block_1_46' title="bbox 188 3059 1840 3134">
    <p class='ocr_par' dir='ltr' id='par_1_46' title="bbox 188 3059 1840 3134">
     <span class='ocr_line' id='line_1_46' title="bbox 188 3059 1840 3134; baseline 0.001 -18"><span class='ocrx_word' id='word_1_332' title='bbox 188 3061 357 3118; x_wconf 88' lang='lat' dir='ltr'><strong>brum</strong></span> <span class='ocrx_word' id='word_1_333' title='bbox 387 3061 643 3118; x_wconf 86' lang='lat' dir='ltr'><strong>forsitan</strong></span> <span class='ocrx_word' id='word_1_334' title='bbox 677 3061 906 3129; x_wconf 90' lang='lat' dir='ltr'><strong>vinum,</strong></span> <span class='ocrx_word' id='word_1_335' title='bbox 938 3063 994 3116; x_wconf 90' lang='lat' dir='ltr'><strong>et</strong></span> <span class='ocrx_word' id='word_1_336' title='bbox 1012 3059 1676 3134; x_wconf 81' lang='lat' dir='ltr'><strong>hujusmodiquasdam</strong></span> <span class='ocrx_word' id='word_1_337' title='bbox 1701 3061 1840 3117; x_wconf 88' lang='lat' dir='ltr'><strong>stul-</strong></span> 
     </span>
    </p>
   </div>
   <div class='ocr_carea' id='block_1_47' title="bbox 1951 1905 3596 1978">
    <p class='ocr_par' dir='ltr' id='par_1_47' title="bbox 1951 1905 3596 1978">
     <span class='ocr_line' id='line_1_47' title="bbox 1951 1905 3596 1978; baseline 0.002 -17"><span class='ocrx_word' id='word_1_338' title='bbox 1951 1905 2074 1961; x_wconf 90' lang='lat' dir='ltr'><strong>suis</strong></span> <span class='ocrx_word' id='word_1_339' title='bbox 2099 1905 2430 1961; x_wconf 87' lang='lat' dir='ltr'><strong>rationibus</strong></span> <span class='ocrx_word' id='word_1_340' title='bbox 2450 1905 2694 1977; x_wconf 89' lang='lat' dir='ltr'><strong>palliare</strong></span> <span class='ocrx_word' id='word_1_341' title='bbox 2718 1921 2841 1961; x_wconf 91' lang='lat' dir='ltr'><strong>non</strong></span> <span class='ocrx_word' id='word_1_342' title='bbox 2863 1911 3142 1961; x_wconf 85' lang='lat' dir='ltr'><strong>verentur</strong></span> <span class='ocrx_word' id='word_1_343' title='bbox 3169 1924 3182 1961; x_wconf 90' lang='lat'><strong>:</strong></span> <span class='ocrx_word' id='word_1_344' title='bbox 3215 1907 3362 1978; x_wconf 89' lang='lat' dir='ltr'><strong>quid</strong></span> <span class='ocrx_word' id='word_1_345' title='bbox 3387 1923 3596 1964; x_wconf 89' lang='lat' dir='ltr'><strong>eorum</strong></span> 
     </span>
    </p>
   </div>
   <div class='ocr_carea' id='block_1_48' title="bbox 1947 1989 3595 2066">
    <p class='ocr_par' dir='ltr' id='par_1_48' title="bbox 1947 1989 3595 2066">
     <span class='ocr_line' id='line_1_48' title="bbox 1947 1989 3595 2066; baseline 0 -16"><span class='ocrx_word' id='word_1_346' title='bbox 1947 1989 2081 2051; x_wconf 86' lang='lat' dir='ltr'><strong>libri</strong></span> <span class='ocrx_word' id='word_1_347' title='bbox 2115 1998 2323 2050; x_wconf 90' lang='lat' dir='ltr'><strong>contra</strong></span> <span class='ocrx_word' id='word_1_348' title='bbox 2349 1993 2626 2061; x_wconf 89' lang='lat' dir='ltr'><strong>clament,</strong></span> <span class='ocrx_word' id='word_1_349' title='bbox 2659 2010 2731 2049; x_wconf 83' lang='lat' dir='ltr'><strong>ex</strong></span> <span class='ocrx_word' id='word_1_350' title='bbox 2761 1994 2962 2050; x_wconf 87' lang='lat' dir='ltr'><strong>multis</strong></span> <span class='ocrx_word' id='word_1_351' title='bbox 2995 2011 3191 2066; x_wconf 89' lang='lat' dir='ltr'><strong>pauca</strong></span> <span class='ocrx_word' id='word_1_352' title='bbox 3235 1995 3298 2051; x_wconf 90' lang='lat' dir='ltr'><strong>in</strong></span> <span class='ocrx_word' id='word_1_353' title='bbox 3325 1995 3595 2051; x_wconf 89' lang='lat' dir='ltr'><strong>medium</strong></span> 
     </span>
    </p>
   </div>
   <div class='ocr_carea' id='block_1_49' title="bbox 1948 2081 2341 2157">
    <p class='ocr_par' dir='ltr' id='par_1_49' title="bbox 1948 2081 2341 2157">
     <span class='ocr_line' id='line_1_49' title="bbox 1948 2081 2341 2157; baseline -0.005 -18"><span class='ocrx_word' id='word_1_354' title='bbox 1948 2081 2341 2157; x_wconf 86' lang='lat' dir='ltr'><strong>proferemus.</strong></span> 
     </span>
    </p>
   </div>
   <div class='ocr_carea' id='block_1_50' title="bbox 1949 2227 3592 2313">
    <p class='ocr_par' dir='ltr' id='par_1_50' title="bbox 1949 2227 3592 2313">
     <span class='ocr_line' id='line_1_50' title="bbox 1949 2227 3592 2313; baseline 0.001 -29"><span class='ocrx_word' id='word_1_355' title='bbox 1949 2230 2178 2313; x_wconf 79' lang='lat' dir='ltr'><strong>Quarta</strong></span> <span class='ocrx_word' id='word_1_356' title='bbox 2195 2228 2520 2284; x_wconf 75' lang='lat' dir='ltr'><strong>distinctio.</strong></span> <span class='ocrx_word' id='word_1_357' title='bbox 2544 2228 2618 2284; x_wconf 89' lang='lat' dir='ltr'><strong>In</strong></span> <span class='ocrx_word' id='word_1_358' title='bbox 2639 2242 2760 2300; x_wconf 79' lang='lat' dir='ltr'><strong>qua</strong></span> <span class='ocrx_word' id='word_1_359' title='bbox 2773 2227 3104 2285; x_wconf 73' lang='lat' dir='ltr'><strong>ostenditur</strong></span> <span class='ocrx_word' id='word_1_360' title='bbox 3125 2228 3284 2300; x_wconf 82' lang='lat' dir='ltr'><strong>quod</strong></span> <span class='ocrx_word' id='word_1_361' title='bbox 3321 2243 3486 2299; x_wconf 81' lang='lat' dir='ltr'><strong>papa</strong></span> <span class='ocrx_word' id='word_1_362' title='bbox 3509 2235 3592 2287; x_wconf 83' lang='lat' dir='ltr'><strong>est</strong></span> 
     </span>
    </p>
   </div>
   <div class='ocr_carea' id='block_1_51' title="bbox 2513 2317 3354 2386">
    <p class='ocr_par' dir='ltr' id='par_1_51' title="bbox 2513 2317 3354 2386">
     <span class='ocr_line' id='line_1_51' title="bbox 2513 2317 3354 2386; baseline 0.002 -13"><span class='ocrx_word' id='word_1_363' title='bbox 2513 2323 2696 2386; x_wconf 85' lang='lat' dir='ltr'><strong>caput</strong></span> <span class='ocrx_word' id='word_1_364' title='bbox 2729 2317 3034 2376; x_wconf 65' lang='lat' dir='ltr'><strong>Ecclesia.</strong></span> <span class='ocrx_word' id='word_1_365' title='bbox 3351 2341 3354 2344; x_wconf 52' lang='grc' dir='ltr'>λ</span> 
     </span>
    </p>
   </div>
   <div class='ocr_carea' id='block_1_52' title="bbox 2021 2431 3596 2513">
    <p class='ocr_par' dir='ltr' id='par_1_52' title="bbox 2021 2431 3596 2513">
     <span class='ocr_line' id='line_1_52' title="bbox 2021 2431 3596 2513; baseline -0.001 -14"><span class='ocrx_word' id='word_1_366' title='bbox 2021 2439 2338 2499; x_wconf 87' lang='lat' dir='ltr'><strong>Sciendum</strong></span> <span class='ocrx_word' id='word_1_367' title='bbox 2363 2453 2525 2508; x_wconf 87' lang='lat' dir='ltr'><strong>vero,</strong></span> <span class='ocrx_word' id='word_1_368' title='bbox 2559 2437 2726 2513; x_wconf 89' lang='lat' dir='ltr'><strong>quod</strong></span> <span class='ocrx_word' id='word_1_369' title='bbox 2755 2439 2834 2497; x_wconf 87' lang='lat' dir='ltr'><strong>ad</strong></span> <span class='ocrx_word' id='word_1_370' title='bbox 2880 2431 3266 2513; x_wconf 88' lang='lat' dir='ltr'><strong>probandam</strong></span> <span class='ocrx_word' id='word_1_371' title='bbox 3304 2439 3596 2497; x_wconf 91' lang='lat' dir='ltr'><strong>obedien-</strong></span> 
     </span>
    </p>
   </div>
   <div class='ocr_carea' id='block_1_53' title="bbox 1947 2525 3595 2586">
    <p class='ocr_par' dir='ltr' id='par_1_53' title="bbox 1947 2525 3595 2586">
     <span class='ocr_line' id='line_1_53' title="bbox 1947 2525 3595 2586; baseline 0.001 -1"><span class='ocrx_word' id='word_1_372' title='bbox 1947 2527 2091 2586; x_wconf 85' lang='lat' dir='ltr'><strong>tiam</strong></span> <span class='ocrx_word' id='word_1_373' title='bbox 2117 2534 2174 2586; x_wconf 91' lang='lat' dir='ltr'><strong>et</strong></span> <span class='ocrx_word' id='word_1_374' title='bbox 2219 2529 2486 2586; x_wconf 86' lang='lat' dir='ltr'><strong>debitam</strong></span> <span class='ocrx_word' id='word_1_375' title='bbox 2537 2528 2932 2585; x_wconf 88' lang='lat' dir='ltr'><strong>reverentiam</strong></span> <span class='ocrx_word' id='word_1_376' title='bbox 2987 2525 3261 2584; x_wconf 65' lang='lat' dir='ltr'><strong>Ecclesiae</strong></span> <span class='ocrx_word' id='word_1_377' title='bbox 3308 2531 3595 2586; x_wconf 67' lang='lat' dir='ltr'><strong>Romanae</strong></span> 
     </span>
    </p>
   </div>
   <div class='ocr_carea' id='block_1_54' title="bbox 1947 2616 3599 2690">
    <p class='ocr_par' dir='ltr' id='par_1_54' title="bbox 1947 2616 3599 2690">
     <span class='ocr_line' id='line_1_54' title="bbox 1947 2616 3599 2690; baseline -0.001 -14"><span class='ocrx_word' id='word_1_378' title='bbox 1947 2621 2178 2690; x_wconf 90' lang='lat' dir='ltr'><strong>oportet</strong></span> <span class='ocrx_word' id='word_1_379' title='bbox 2198 2631 2308 2674; x_wconf 90' lang='lat' dir='ltr'><strong>nos</strong></span> <span class='ocrx_word' id='word_1_380' title='bbox 2327 2629 2595 2690; x_wconf 74' lang='lat' dir='ltr'><strong>quaerere</strong></span> <span class='ocrx_word' id='word_1_381' title='bbox 2621 2617 2817 2690; x_wconf 89' lang='lat' dir='ltr'><strong>primo</strong></span> <span class='ocrx_word' id='word_1_382' title='bbox 2841 2621 2944 2674; x_wconf 82' lang='lat' dir='ltr'><strong>:«A</strong></span> <span class='ocrx_word' id='word_1_383' title='bbox 2962 2631 3084 2690; x_wconf 90' lang='lat' dir='ltr'><strong>quo</strong></span> <span class='ocrx_word' id='word_1_384' title='bbox 3105 2616 3316 2674; x_wconf 88' lang='lat' dir='ltr'><strong>habuit</strong></span> <span class='ocrx_word' id='word_1_385' title='bbox 3338 2617 3599 2676; x_wconf 86' lang='lat' dir='ltr'><strong>Ecclesia</strong></span> 
     </span>
    </p>
   </div>
   <div class='ocr_carea' id='block_1_55' title="bbox 1946 2705 3654 2780">
    <p class='ocr_par' dir='ltr' id='par_1_55' title="bbox 1946 2705 3654 2780">
     <span class='ocr_line' id='line_1_55' title="bbox 1946 2705 3654 2780; baseline -0.001 -16"><span class='ocrx_word' id='word_1_386' title='bbox 1946 2709 2119 2764; x_wconf 91' lang='lat' dir='ltr'><strong>istam</strong></span> <span class='ocrx_word' id='word_1_387' title='bbox 2143 2711 2498 2780; x_wconf 89' lang='lat' dir='ltr'><strong>potestatem</strong></span> <span class='ocrx_word' id='word_1_388' title='bbox 2520 2705 2548 2761; x_wconf 69' lang='grc' dir='ltr'>τ</span> <span class='ocrx_word' id='word_1_389' title='bbox 2569 2705 2853 2768; x_wconf 89' lang='lat' dir='ltr'><strong>secundo,</strong></span> <span class='ocrx_word' id='word_1_390' title='bbox 2876 2705 3125 2779; x_wconf 89' lang='lat' dir='ltr'><strong>quando</strong></span> <span class='ocrx_word' id='word_1_391' title='bbox 3143 2706 3170 2762; x_wconf 76' lang='lat'><strong>7</strong></span> <span class='ocrx_word' id='word_1_392' title='bbox 3194 2707 3362 2763; x_wconf 89' lang='lat' dir='ltr'><strong>tertio</strong></span> <span class='ocrx_word' id='word_1_393' title='bbox 3393 2722 3470 2763; x_wconf 90' lang='lat' dir='ltr'><strong>an</strong></span> <span class='ocrx_word' id='word_1_394' title='bbox 3498 2723 3598 2763; x_wconf 89' lang='lat' dir='ltr'><strong>su-</strong></span> <span class='ocrx_word' id='word_1_395' title='bbox 3645 2733 3654 2739; x_wconf 81' lang='grc'><strong>·</strong></span> 
     </span>
    </p>
   </div>
   <div class='ocr_carea' id='block_1_56' title="bbox 1948 2793 3430 2870">
    <p class='ocr_par' dir='ltr' id='par_1_56' title="bbox 1948 2793 3430 2870">
     <span class='ocr_line' id='line_1_56' title="bbox 1948 2793 3430 2870; baseline -0.001 -18"><span class='ocrx_word' id='word_1_396' title='bbox 1948 2811 2054 2870; x_wconf 90' lang='lat' dir='ltr'><strong>per</strong></span> <span class='ocrx_word' id='word_1_397' title='bbox 2081 2793 2754 2861; x_wconf 81' lang='lat' dir='ltr'><strong>omnes&#39;universaliter,</strong></span> <span class='ocrx_word' id='word_1_398' title='bbox 2787 2811 2863 2851; x_wconf 88' lang='lat' dir='ltr'><strong>an</strong></span> <span class='ocrx_word' id='word_1_399' title='bbox 2893 2795 3325 2866; x_wconf 89' lang='lat' dir='ltr'><strong>particulariter</strong></span> <span class='ocrx_word' id='word_1_400' title='bbox 3344 2796 3373 2850; x_wconf 91' lang='lat'><strong>?</strong></span> <span class='ocrx_word' id='word_1_401' title='bbox 3401 2817 3430 2844; x_wconf 73' lang='grc' dir='ltr'><strong>ν</strong></span> 
     </span>
    </p>
   </div>
   <div class='ocr_carea' id='block_1_57' title="bbox 2020 2880 3600 2956">
    <p class='ocr_par' dir='ltr' id='par_1_57' title="bbox 2020 2880 3600 2956">
     <span class='ocr_line' id='line_1_57' title="bbox 2020 2880 3600 2956; baseline -0.001 -17"><span class='ocrx_word' id='word_1_402' title='bbox 2020 2885 2319 2950; x_wconf 90' lang='lat' dir='ltr'><strong>Quantum</strong></span> <span class='ocrx_word' id='word_1_403' title='bbox 2340 2881 2417 2938; x_wconf 90' lang='lat' dir='ltr'><strong>ad</strong></span> <span class='ocrx_word' id='word_1_404' title='bbox 2437 2882 2590 2956; x_wconf 90' lang='lat' dir='ltr'><strong>prim</strong></span> <span class='ocrx_word' id='word_1_405' title='bbox 2601 2880 3064 2952; x_wconf 89' lang='lat' dir='ltr'><strong>um,distingue:</strong></span> <span class='ocrx_word' id='word_1_406' title='bbox 3107 2883 3255 2948; x_wconf 90' lang='lat' dir='ltr'><strong>Quia</strong></span> <span class='ocrx_word' id='word_1_407' title='bbox 3269 2882 3600 2939; x_wconf 89' lang='lat' dir='ltr'><strong>authabuit</strong></span> 
     </span>
    </p>
   </div>
   <div class='ocr_carea' id='block_1_58' title="bbox 1947 2967 3596 3044">
    <p class='ocr_par' dir='ltr' id='par_1_58' title="bbox 1947 2967 3596 3044">
     <span class='ocr_line' id='line_1_58' title="bbox 1947 2967 3596 3044; baseline -0.001 -15"><span class='ocrx_word' id='word_1_408' title='bbox 1947 2989 1984 3030; x_wconf 91' lang='lat' dir='ltr'><strong>a</strong></span> <span class='ocrx_word' id='word_1_409' title='bbox 2016 2975 2154 3039; x_wconf 93' lang='lat' dir='ltr'><strong>Deo,</strong></span> <span class='ocrx_word' id='word_1_410' title='bbox 2179 2972 2477 3028; x_wconf 90' lang='lat' dir='ltr'><strong>mediante</strong></span> <span class='ocrx_word' id='word_1_411' title='bbox 2509 2967 2697 3036; x_wconf 51' lang='lat' dir='ltr'><strong>Petro,</strong></span> <span class='ocrx_word' id='word_1_412' title='bbox 2724 2976 2828 3027; x_wconf 88' lang='lat' dir='ltr'><strong>aut</strong></span> <span class='ocrx_word' id='word_1_413' title='bbox 2848 2987 2884 3026; x_wconf 90' lang='lat' dir='ltr'><strong>a</strong></span> <span class='ocrx_word' id='word_1_414' title='bbox 2901 2969 3272 3044; x_wconf 86' lang='lat' dir='ltr'><strong>principibus</strong></span> <span class='ocrx_word' id='word_1_415' title='bbox 3295 2971 3596 3027; x_wconf 76' lang='lat' dir='ltr'><strong>saeculari-</strong></span> 
     </span>
    </p>
   </div>
   <div class='ocr_carea' id='block_1_59' title="bbox 1947 3057 3596 3130">
    <p class='ocr_par' dir='ltr' id='par_1_59' title="bbox 1947 3057 3596 3130">
     <span class='ocr_line' id='line_1_59' title="bbox 1947 3057 3596 3130; baseline -0.001 -14"><span class='ocrx_word' id='word_1_416' title='bbox 1947 3061 2063 3117; x_wconf 88' lang='lat' dir='ltr'><strong>bus</strong></span> <span class='ocrx_word' id='word_1_417' title='bbox 2088 3078 2102 3128; x_wconf 93' lang='lat'><strong>;</strong></span> <span class='ocrx_word' id='word_1_418' title='bbox 2135 3063 2239 3116; x_wconf 87' lang='lat' dir='ltr'><strong>aut</strong></span> <span class='ocrx_word' id='word_1_419' title='bbox 2265 3058 2447 3115; x_wconf 88' lang='lat' dir='ltr'><strong>simul</strong></span> <span class='ocrx_word' id='word_1_420' title='bbox 2476 3057 2555 3116; x_wconf 89' lang='lat' dir='ltr'><strong>ab</strong></span> <span class='ocrx_word' id='word_1_421' title='bbox 2583 3059 2708 3115; x_wconf 89' lang='lat' dir='ltr'><strong>istis</strong></span> <span class='ocrx_word' id='word_1_422' title='bbox 2730 3057 2921 3114; x_wconf 88' lang='lat' dir='ltr'><strong>tribus</strong></span> <span class='ocrx_word' id='word_1_423' title='bbox 2947 3075 2960 3126; x_wconf 91' lang='lat'><strong>;</strong></span> <span class='ocrx_word' id='word_1_424' title='bbox 2991 3064 3093 3115; x_wconf 88' lang='lat' dir='ltr'><strong>aut</strong></span> <span class='ocrx_word' id='word_1_425' title='bbox 3121 3073 3158 3115; x_wconf 90' lang='lat' dir='ltr'><strong>a</strong></span> <span class='ocrx_word' id='word_1_426' title='bbox 3202 3059 3471 3115; x_wconf 90' lang='lat' dir='ltr'><strong>conciliis</strong></span> <span class='ocrx_word' id='word_1_427' title='bbox 3499 3074 3596 3130; x_wconf 88' lang='lat' dir='ltr'><strong>ge-</strong></span> 
     </span>
    </p>
   </div>
   <div class='ocr_carea' id='block_1_60' title="bbox 188 3146 3596 3230">
    <p class='ocr_par' dir='ltr' id='par_1_60' title="bbox 188 3146 3596 3230">
     <span class='ocr_line' id='line_1_60' title="bbox 188 3146 3596 3230; baseline 0 -24"><span class='ocrx_word' id='word_1_428' title='bbox 188 3156 266 3206; x_wconf 83' lang='lat' dir='ltr'><strong>tas</strong></span> <span class='ocrx_word' id='word_1_429' title='bbox 307 3151 691 3206; x_wconf 89' lang='lat' dir='ltr'><strong>curiositates</strong></span> <span class='ocrx_word' id='word_1_430' title='bbox 721 3149 796 3205; x_wconf 88' lang='lat' dir='ltr'><strong>de</strong></span> <span class='ocrx_word' id='word_1_431' title='bbox 818 3149 1154 3205; x_wconf 88' lang='lat' dir='ltr'><strong>metuendis</strong></span> <span class='ocrx_word' id='word_1_432' title='bbox 1179 3155 1238 3205; x_wconf 92' lang='lat' dir='ltr'><strong>et</strong></span> <span class='ocrx_word' id='word_1_433' title='bbox 1265 3149 1586 3205; x_wconf 88' lang='lat' dir='ltr'><strong>tremendis</strong></span> <span class='ocrx_word' id='word_1_434' title='bbox 1616 3155 1838 3222; x_wconf 86' lang='lat' dir='ltr'><strong>myste-</strong></span> <span class='ocrx_word' id='word_1_435' title='bbox 1871 3174 1913 3230; x_wconf 71' lang='grc' dir='ltr'>ο</span> <span class='ocrx_word' id='word_1_436' title='bbox 1946 3147 2285 3218; x_wconf 89' lang='lat' dir='ltr'><strong>neralibus;</strong></span> <span class='ocrx_word' id='word_1_437' title='bbox 2320 3151 2422 3204; x_wconf 90' lang='lat' dir='ltr'><strong>aut</strong></span> <span class='ocrx_word' id='word_1_438' title='bbox 2443 3147 2623 3203; x_wconf 91' lang='lat' dir='ltr'><strong>simul</strong></span> <span class='ocrx_word' id='word_1_439' title='bbox 2672 3147 2750 3205; x_wconf 93' lang='lat' dir='ltr'><strong>ab</strong></span> <span class='ocrx_word' id='word_1_440' title='bbox 2797 3146 2928 3203; x_wconf 90' lang='lat' dir='ltr'><strong>istis</strong></span> <span class='ocrx_word' id='word_1_441' title='bbox 2957 3146 3178 3219; x_wconf 82' lang='lat' dir='ltr'><strong>tribus;</strong></span> <span class='ocrx_word' id='word_1_442' title='bbox 3229 3151 3335 3204; x_wconf 88' lang='lat' dir='ltr'><strong>aut</strong></span> <span class='ocrx_word' id='word_1_443' title='bbox 3362 3165 3400 3205; x_wconf 92' lang='lat' dir='ltr'><strong>a</strong></span> <span class='ocrx_word' id='word_1_444' title='bbox 3430 3148 3596 3206; x_wconf 90' lang='lat' dir='ltr'><strong>nullo</strong></span> 
     </span>
    </p>
   </div>
   <div class='ocr_carea' id='block_1_61' title="bbox 183 3237 700 3312">
    <p class='ocr_par' dir='ltr' id='par_1_61' title="bbox 183 3237 700 3312">
     <span class='ocr_line' id='line_1_61' title="bbox 183 3237 700 3312; baseline 0.002 -20"><span class='ocrx_word' id='word_1_445' title='bbox 183 3239 275 3295; x_wconf 93' lang='lat' dir='ltr'><strong>riis</strong></span> <span class='ocrx_word' id='word_1_446' title='bbox 305 3237 700 3312; x_wconf 87' lang='lat' dir='ltr'><strong>perscrutari.</strong></span> 
     </span>
    </p>
   </div>
   <div class='ocr_carea' id='block_1_62' title="bbox 246 3323 1835 3401">
    <p class='ocr_par' dir='ltr' id='par_1_62' title="bbox 246 3323 1835 3401">
     <span class='ocr_line' id='line_1_62' title="bbox 246 3323 1835 3401; baseline 0 -17"><span class='ocrx_word' id='word_1_447' title='bbox 246 3330 406 3394; x_wconf 86' lang='lat' dir='ltr'><strong>Quia</strong></span> <span class='ocrx_word' id='word_1_448' title='bbox 427 3343 575 3384; x_wconf 85' lang='lat' dir='ltr'><strong>vero</strong></span> <span class='ocrx_word' id='word_1_449' title='bbox 603 3323 853 3398; x_wconf 83' lang='lat' dir='ltr'><strong>quidam</strong></span> <span class='ocrx_word' id='word_1_450' title='bbox 883 3342 1094 3382; x_wconf 92' lang='lat' dir='ltr'><strong>eorum</strong></span> <span class='ocrx_word' id='word_1_451' title='bbox 1117 3325 1323 3383; x_wconf 88' lang='lat' dir='ltr'><strong>volunt</strong></span> <span class='ocrx_word' id='word_1_452' title='bbox 1353 3344 1423 3383; x_wconf 85' lang='lat' dir='ltr'><strong>ex</strong></span> <span class='ocrx_word' id='word_1_453' title='bbox 1455 3327 1584 3384; x_wconf 90' lang='lat' dir='ltr'><strong>sola</strong></span> <span class='ocrx_word' id='word_1_454' title='bbox 1604 3331 1835 3401; x_wconf 82' lang='lat' dir='ltr'><strong>etymo-</strong></span> 
     </span>
    </p>
   </div>
   <div class='ocr_carea' id='block_1_63' title="bbox 179 3416 1834 3490">
    <p class='ocr_par' dir='ltr' id='par_1_63' title="bbox 179 3416 1834 3490">
     <span class='ocr_line' id='line_1_63' title="bbox 179 3416 1834 3490; baseline 0 -18"><span class='ocrx_word' id='word_1_455' title='bbox 179 3416 332 3490; x_wconf 82' lang='lat' dir='ltr'><strong>logia</strong></span> <span class='ocrx_word' id='word_1_456' title='bbox 366 3416 656 3486; x_wconf 88' lang='lat' dir='ltr'><strong>nominis,</strong></span> <span class='ocrx_word' id='word_1_457' title='bbox 707 3431 984 3486; x_wconf 81' lang='lat' dir='ltr'><strong>azymum</strong></span> <span class='ocrx_word' id='word_1_458' title='bbox 1035 3431 1156 3470; x_wconf 91' lang='lat' dir='ltr'><strong>non</strong></span> <span class='ocrx_word' id='word_1_459' title='bbox 1217 3433 1347 3473; x_wconf 89' lang='lat' dir='ltr'><strong>esse</strong></span> <span class='ocrx_word' id='word_1_460' title='bbox 1401 3418 1577 3490; x_wconf 77' lang='grc' dir='ltr'><strong>ἄρτον,</strong></span> <span class='ocrx_word' id='word_1_461' title='bbox 1633 3417 1692 3472; x_wconf 88' lang='lat' dir='ltr'><strong>id</strong></span> <span class='ocrx_word' id='word_1_462' title='bbox 1724 3421 1834 3487; x_wconf 88' lang='lat' dir='ltr'><strong>est,</strong></span> 
     </span>
    </p>
   </div>
   <div class='ocr_carea' id='block_1_64' title="bbox 181 3495 1835 3578">
    <p class='ocr_par' dir='ltr' id='par_1_64' title="bbox 181 3495 1835 3578">
     <span class='ocr_line' id='line_1_64' title="bbox 181 3495 1835 3578; baseline 0 -17"><span class='ocrx_word' id='word_1_463' title='bbox 181 3521 430 3577; x_wconf 87' lang='lat' dir='ltr'><strong>panem,</strong></span> <span class='ocrx_word' id='word_1_464' title='bbox 479 3506 573 3561; x_wconf 91' lang='lat' dir='ltr'><strong>eia</strong></span> <span class='ocrx_word' id='word_1_465' title='bbox 607 3495 683 3559; x_wconf 89' lang='lat' dir='ltr'><strong>de</strong></span> <span class='ocrx_word' id='word_1_466' title='bbox 729 3503 844 3559; x_wconf 91' lang='lat' dir='ltr'><strong>hoc</strong></span> <span class='ocrx_word' id='word_1_467' title='bbox 891 3504 1147 3559; x_wconf 89' lang='lat' dir='ltr'><strong>breviter</strong></span> <span class='ocrx_word' id='word_1_468' title='bbox 1175 3503 1654 3578; x_wconf 85' lang='lat' dir='ltr'><strong>disputabimus:</strong></span> <span class='ocrx_word' id='word_1_469' title='bbox 1693 3528 1713 3555; x_wconf 87' lang='grc'>‹</span> <span class='ocrx_word' id='word_1_470' title='bbox 1743 3505 1835 3561; x_wconf 87' lang='lat' dir='ltr'><strong>Di-</strong></span> 
     </span>
    </p>
   </div>
   <div class='ocr_carea' id='block_1_65' title="bbox 177 3589 1832 3666">
    <p class='ocr_par' dir='ltr' id='par_1_65' title="bbox 177 3589 1832 3666">
     <span class='ocr_line' id='line_1_65' title="bbox 177 3589 1832 3666; baseline 0 -17"><span class='ocrx_word' id='word_1_471' title='bbox 177 3595 323 3651; x_wconf 90' lang='lat' dir='ltr'><strong>citur</strong></span> <span class='ocrx_word' id='word_1_472' title='bbox 380 3595 544 3649; x_wconf 90' lang='lat' dir='ltr'><strong>enim</strong></span> <span class='ocrx_word' id='word_1_473' title='bbox 597 3595 754 3666; x_wconf 74' lang='grc' dir='ltr'><strong>ᾶρτος</strong></span> <span class='ocrx_word' id='word_1_474' title='bbox 797 3589 876 3648; x_wconf 89' lang='lat' dir='ltr'><strong>ab</strong></span> <span class='ocrx_word' id='word_1_475' title='bbox 905 3593 1119 3666; x_wconf 77' lang='grc' dir='ltr'><strong>ἄρθεως,</strong></span> <span class='ocrx_word' id='word_1_476' title='bbox 1176 3593 1236 3649; x_wconf 90' lang='lat' dir='ltr'><strong>id</strong></span> <span class='ocrx_word' id='word_1_477' title='bbox 1285 3599 1398 3660; x_wconf 90' lang='lat' dir='ltr'><strong>est,</strong></span> <span class='ocrx_word' id='word_1_478' title='bbox 1424 3596 1832 3664; x_wconf 74' lang='lat' dir='ltr'><strong>perfectione:</strong></span> 
     </span>
    </p>
   </div>
   <div class='ocr_carea' id='block_1_66' title="bbox 175 3675 1836 3756">
    <p class='ocr_par' dir='ltr' id='par_1_66' title="bbox 175 3675 1836 3756">
     <span class='ocr_line' id='line_1_66' title="bbox 175 3675 1836 3756; baseline 0.002 -18"><span class='ocrx_word' id='word_1_479' title='bbox 175 3699 435 3756; x_wconf 77' lang='lat' dir='ltr'><strong>azymus</strong></span> <span class='ocrx_word' id='word_1_480' title='bbox 503 3687 703 3737; x_wconf 88' lang='lat' dir='ltr'><strong>autem</strong></span> <span class='ocrx_word' id='word_1_481' title='bbox 764 3697 886 3736; x_wconf 91' lang='lat' dir='ltr'><strong>non</strong></span> <span class='ocrx_word' id='word_1_482' title='bbox 933 3675 1023 3736; x_wconf 84' lang='lat' dir='ltr'><strong>est</strong></span> <span class='ocrx_word' id='word_1_483' title='bbox 1068 3684 1365 3754; x_wconf 87' lang='lat' dir='ltr'><strong>perfectus</strong></span> <span class='ocrx_word' id='word_1_484' title='bbox 1411 3702 1424 3738; x_wconf 92' lang='lat'>:</span> <span class='ocrx_word' id='word_1_485' title='bbox 1472 3685 1614 3754; x_wconf 80' lang='lat' dir='ltr'><strong>quia</strong></span> <span class='ocrx_word' id='word_1_486' title='bbox 1674 3679 1836 3741; x_wconf 80' lang='lat' dir='ltr'><strong>caret</strong></span> 
     </span>
    </p>
   </div>
   <div class='ocr_carea' id='block_1_67' title="bbox 176 3761 1834 3843">
    <p class='ocr_par' dir='ltr' id='par_1_67' title="bbox 176 3761 1834 3843">
     <span class='ocr_line' id='line_1_67' title="bbox 176 3761 1834 3843; baseline 0 -17"><span class='ocrx_word' id='word_1_487' title='bbox 176 3779 222 3825; x_wconf 84' lang='lat' dir='ltr'><strong>et</strong></span> <span class='ocrx_word' id='word_1_488' title='bbox 247 3771 590 3826; x_wconf 87' lang='lat' dir='ltr'><strong>fermento:</strong></span> <span class='ocrx_word' id='word_1_489' title='bbox 632 3784 773 3839; x_wconf 86' lang='lat' dir='ltr'><strong>ergo</strong></span> <span class='ocrx_word' id='word_1_490' title='bbox 817 3777 936 3824; x_wconf 85' lang='lat' dir='ltr'><strong>nou</strong></span> <span class='ocrx_word' id='word_1_491' title='bbox 992 3773 1078 3824; x_wconf 90' lang='lat' dir='ltr'><strong>est</strong></span> <span class='ocrx_word' id='word_1_492' title='bbox 1109 3771 1284 3843; x_wconf 81' lang='grc' dir='ltr'><strong>οῐρτος.</strong></span> <span class='ocrx_word' id='word_1_493' title='bbox 1321 3761 1612 3826; x_wconf 85' lang='lat' dir='ltr'><strong>Dominus</strong></span> <span class='ocrx_word' id='word_1_494' title='bbox 1632 3777 1834 3826; x_wconf 90' lang='lat' dir='ltr'><strong>autem</strong></span> 
     </span>
    </p>
   </div>
   <div class='ocr_carea' id='block_1_68' title="bbox 175 3847 1835 3935">
    <p class='ocr_par' dir='ltr' id='par_1_68' title="bbox 175 3847 1835 3935">
     <span class='ocr_line' id='line_1_68' title="bbox 175 3847 1835 3935; baseline 0.003 -24"><span class='ocrx_word' id='word_1_495' title='bbox 175 3861 328 3935; x_wconf 67' lang='grc' dir='ltr'><strong>ἄρτον</strong></span> <span class='ocrx_word' id='word_1_496' title='bbox 361 3847 692 3915; x_wconf 80' lang='lat' dir='ltr'><strong>benedixit.</strong></span> <span class='ocrx_word' id='word_1_497' title='bbox 717 3877 746 3909; x_wconf 83' lang='grc'><strong>›</strong></span> <span class='ocrx_word' id='word_1_498' title='bbox 777 3857 930 3913; x_wconf 89' lang='lat' dir='ltr'><strong>Talis</strong></span> <span class='ocrx_word' id='word_1_499' title='bbox 961 3863 1050 3914; x_wconf 86' lang='lat' dir='ltr'><strong>est</strong></span> <span class='ocrx_word' id='word_1_500' title='bbox 1081 3853 1373 3914; x_wconf 86' lang='lat' dir='ltr'><strong>mirabilis</strong></span> <span class='ocrx_word' id='word_1_501' title='bbox 1402 3873 1611 3916; x_wconf 90' lang='lat' dir='ltr'><strong>eorum</strong></span> <span class='ocrx_word' id='word_1_502' title='bbox 1659 3859 1835 3932; x_wconf 85' lang='lat' dir='ltr'><strong>syllo-</strong></span> 
     </span>
    </p>
   </div>
   <div class='ocr_carea' id='block_1_69' title="bbox 175 3943 1831 4020">
    <p class='ocr_par' dir='ltr' id='par_1_69' title="bbox 175 3943 1831 4020">
     <span class='ocr_line' id='line_1_69' title="bbox 175 3943 1831 4020; baseline 0.001 -17"><span class='ocrx_word' id='word_1_503' title='bbox 175 3949 430 4018; x_wconf 86' lang='lat' dir='ltr'><strong>gismus.</strong></span> <span class='ocrx_word' id='word_1_504' title='bbox 463 3949 581 4003; x_wconf 81' lang='lat' dir='ltr'><strong>Nos</strong></span> <span class='ocrx_word' id='word_1_505' title='bbox 612 3963 753 4002; x_wconf 89' lang='lat' dir='ltr'><strong>vero</strong></span> <span class='ocrx_word' id='word_1_506' title='bbox 788 3943 866 4002; x_wconf 91' lang='lat' dir='ltr'><strong>ad</strong></span> <span class='ocrx_word' id='word_1_507' title='bbox 921 3947 1252 4020; x_wconf 82' lang='lat' dir='ltr'><strong>syllogismi</strong></span> <span class='ocrx_word' id='word_1_508' title='bbox 1300 3947 1486 4019; x_wconf 90' lang='lat' dir='ltr'><strong>hujus</strong></span> <span class='ocrx_word' id='word_1_509' title='bbox 1519 3949 1831 4005; x_wconf 89' lang='lat' dir='ltr'><strong>machina-</strong></span> 
     </span>
    </p>
   </div>
   <div class='ocr_carea' id='block_1_70' title="bbox 176 4033 1830 4107">
    <p class='ocr_par' dir='ltr' id='par_1_70' title="bbox 176 4033 1830 4107">
     <span class='ocr_line' id='line_1_70' title="bbox 176 4033 1830 4107; baseline -0.001 -14"><span class='ocrx_word' id='word_1_510' title='bbox 176 4044 476 4098; x_wconf 87' lang='lat' dir='ltr'><strong>mentum,</strong></span> <span class='ocrx_word' id='word_1_511' title='bbox 500 4051 636 4091; x_wconf 90' lang='lat' dir='ltr'><strong>cum</strong></span> <span class='ocrx_word' id='word_1_512' title='bbox 661 4033 882 4090; x_wconf 90' lang='lat' dir='ltr'><strong>nullius</strong></span> <span class='ocrx_word' id='word_1_513' title='bbox 907 4035 1125 4091; x_wconf 90' lang='lat' dir='ltr'><strong>valoris</strong></span> <span class='ocrx_word' id='word_1_514' title='bbox 1153 4037 1244 4101; x_wconf 89' lang='lat' dir='ltr'><strong>sit,</strong></span> <span class='ocrx_word' id='word_1_515' title='bbox 1296 4037 1625 4107; x_wconf 86' lang='lat' dir='ltr'><strong>inﬁrmum,</strong></span> <span class='ocrx_word' id='word_1_516' title='bbox 1656 4042 1712 4092; x_wconf 92' lang='lat' dir='ltr'><strong>et</strong></span> <span class='ocrx_word' id='word_1_517' title='bbox 1732 4037 1830 4092; x_wconf 87' lang='lat' dir='ltr'><strong>de-</strong></span> 
     </span>
    </p>
   </div>
   <div class='ocr_carea' id='block_1_71' title="bbox 175 4123 1827 4197">
    <p class='ocr_par' dir='ltr' id='par_1_71' title="bbox 175 4123 1827 4197">
     <span class='ocr_line' id='line_1_71' title="bbox 175 4123 1827 4197; baseline -0.002 -14"><span class='ocrx_word' id='word_1_518' title='bbox 175 4129 310 4189; x_wconf 83' lang='lat' dir='ltr'><strong>bile,</strong></span> <span class='ocrx_word' id='word_1_519' title='bbox 329 4143 369 4182; x_wconf 79' lang='grc' dir='ltr'><strong>ιι</strong></span> <span class='ocrx_word' id='word_1_520' title='bbox 382 4125 563 4181; x_wconf 87' lang='lat' dir='ltr'><strong>ullam</strong></span> <span class='ocrx_word' id='word_1_521' title='bbox 581 4123 874 4180; x_wconf 89' lang='lat' dir='ltr'><strong>faciamus</strong></span> <span class='ocrx_word' id='word_1_522' title='bbox 893 4127 1382 4197; x_wconf 89' lang='lat' dir='ltr'><strong>responsionem;</strong></span> <span class='ocrx_word' id='word_1_523' title='bbox 1404 4139 1476 4182; x_wconf 92' lang='lat' dir='ltr'><strong>ne</strong></span> <span class='ocrx_word' id='word_1_524' title='bbox 1493 4125 1827 4195; x_wconf 86' lang='lat' dir='ltr'><strong>videamus,</strong></span> 
     </span>
    </p>
   </div>
   <div class='ocr_carea' id='block_1_72' title="bbox 171 4211 1830 4286">
    <p class='ocr_par' dir='ltr' id='par_1_72' title="bbox 171 4211 1830 4286">
     <span class='ocr_line' id='line_1_72' title="bbox 171 4211 1830 4286; baseline -0.001 -14"><span class='ocrx_word' id='word_1_525' title='bbox 171 4217 247 4272; x_wconf 87' lang='lat' dir='ltr'><strong>ad</strong></span> <span class='ocrx_word' id='word_1_526' title='bbox 277 4215 694 4272; x_wconf 85' lang='lat' dir='ltr'><strong>ostensionem</strong></span> <span class='ocrx_word' id='word_1_527' title='bbox 726 4213 775 4286; x_wconf 90' lang='lat' dir='ltr'><strong>ej</strong></span> <span class='ocrx_word' id='word_1_528' title='bbox 789 4224 879 4276; x_wconf 82' lang='lat' dir='ltr'><strong>us,</strong></span> <span class='ocrx_word' id='word_1_529' title='bbox 916 4231 1053 4286; x_wconf 65' lang='lat' dir='ltr'><strong>quae</strong></span> <span class='ocrx_word' id='word_1_530' title='bbox 1085 4215 1143 4270; x_wconf 93' lang='lat' dir='ltr'><strong>in</strong></span> <span class='ocrx_word' id='word_1_531' title='bbox 1196 4211 1371 4271; x_wconf 90' lang='lat' dir='ltr'><strong>nobis</strong></span> <span class='ocrx_word' id='word_1_532' title='bbox 1411 4223 1498 4273; x_wconf 91' lang='lat' dir='ltr'><strong>est</strong></span> <span class='ocrx_word' id='word_1_533' title='bbox 1525 4215 1830 4272; x_wconf 83' lang='lat' dir='ltr'><strong>rationalis</strong></span> 
     </span>
    </p>
   </div>
   <div class='ocr_carea' id='block_1_73' title="bbox 172 4299 1831 4374">
    <p class='ocr_par' dir='ltr' id='par_1_73' title="bbox 172 4299 1831 4374">
     <span class='ocr_line' id='line_1_73' title="bbox 172 4299 1831 4374; baseline 0.001 -15"><span class='ocrx_word' id='word_1_534' title='bbox 172 4305 468 4367; x_wconf 67' lang='lat' dir='ltr'><strong>scientiae,</strong></span> <span class='ocrx_word' id='word_1_535' title='bbox 530 4301 717 4358; x_wconf 91' lang='lat' dir='ltr'><strong>multa</strong></span> <span class='ocrx_word' id='word_1_536' title='bbox 764 4299 932 4374; x_wconf 90' lang='lat' dir='ltr'><strong>loqui</strong></span> <span class='ocrx_word' id='word_1_537' title='bbox 977 4307 1034 4358; x_wconf 88' lang='lat' dir='ltr'><strong>et</strong></span> <span class='ocrx_word' id='word_1_538' title='bbox 1079 4304 1446 4360; x_wconf 77' lang='lat' dir='ltr'><strong>inutiliter.A</strong></span> <span class='ocrx_word' id='word_1_539' title='bbox 1500 4306 1718 4361; x_wconf 90' lang='lat' dir='ltr'><strong>sanctis</strong></span> <span class='ocrx_word' id='word_1_540' title='bbox 1745 4311 1831 4360; x_wconf 87' lang='lat' dir='ltr'><strong>ta-</strong></span> 
     </span>
    </p>
   </div>
   <div class='ocr_carea' id='block_1_74' title="bbox 175 4391 1832 4470">
    <p class='ocr_par' dir='ltr' id='par_1_74' title="bbox 175 4391 1832 4470">
     <span class='ocr_line' id='line_1_74' title="bbox 175 4391 1832 4470; baseline 0.001 -21"><span class='ocrx_word' id='word_1_541' title='bbox 175 4407 313 4450; x_wconf 89' lang='lat' dir='ltr'><strong>men</strong></span> <span class='ocrx_word' id='word_1_542' title='bbox 349 4391 683 4463; x_wconf 85' lang='lat' dir='ltr'><strong>Evangeliis</strong></span> <span class='ocrx_word' id='word_1_543' title='bbox 712 4393 867 4466; x_wconf 74' lang='grc' dir='ltr'><strong>ἄρτον</strong></span> <span class='ocrx_word' id='word_1_544' title='bbox 901 4395 1179 4449; x_wconf 86' lang='lat' dir='ltr'><strong>vocatum</strong></span> <span class='ocrx_word' id='word_1_545' title='bbox 1215 4409 1349 4449; x_wconf 89' lang='lat' dir='ltr'><strong>esse</strong></span> <span class='ocrx_word' id='word_1_546' title='bbox 1379 4409 1664 4470; x_wconf 75' lang='lat' dir='ltr'><strong>azymum</strong></span> <span class='ocrx_word' id='word_1_547' title='bbox 1696 4405 1832 4467; x_wconf 87' lang='lat' dir='ltr'><strong>pro-</strong></span> 
     </span>
    </p>
   </div>
   <div class='ocr_carea' id='block_1_75' title="bbox 1944 3236 3599 3309">
    <p class='ocr_par' dir='ltr' id='par_1_75' title="bbox 1944 3236 3599 3309">
     <span class='ocr_line' id='line_1_75' title="bbox 1944 3236 3599 3309; baseline 0.002 -15"><span class='ocrx_word' id='word_1_548' title='bbox 1944 3239 2194 3295; x_wconf 87' lang='lat' dir='ltr'><strong>istorum</strong></span> <span class='ocrx_word' id='word_1_549' title='bbox 2229 3255 2242 3294; x_wconf 93' lang='lat'><strong>:</strong></span> <span class='ocrx_word' id='word_1_550' title='bbox 2276 3237 2381 3294; x_wconf 91' lang='lat' dir='ltr'><strong>sed</strong></span> <span class='ocrx_word' id='word_1_551' title='bbox 2403 3245 2695 3309; x_wconf 85' lang='lat' dir='ltr'><strong>nsurpato</strong></span> <span class='ocrx_word' id='word_1_552' title='bbox 2726 3236 2840 3293; x_wconf 88' lang='lat' dir='ltr'><strong>sibi</strong></span> <span class='ocrx_word' id='word_1_553' title='bbox 2869 3237 3097 3293; x_wconf 90' lang='lat' dir='ltr'><strong>honore</strong></span> <span class='ocrx_word' id='word_1_554' title='bbox 3128 3237 3310 3294; x_wconf 90' lang='lat' dir='ltr'><strong>utitur</strong></span> <span class='ocrx_word' id='word_1_555' title='bbox 3339 3237 3599 3297; x_wconf 84' lang='lat' dir='ltr'><strong>Ecclesia</strong></span> 
     </span>
    </p>
   </div>
   <div class='ocr_carea' id='block_1_76' title="bbox 1944 3324 3598 3396">
    <p class='ocr_par' dir='ltr' id='par_1_76' title="bbox 1944 3324 3598 3396">
     <span class='ocr_line' id='line_1_76' title="bbox 1944 3324 3598 3396; baseline 0.002 -13"><span class='ocrx_word' id='word_1_556' title='bbox 1944 3325 2227 3384; x_wconf 88' lang='lat' dir='ltr'><strong>violenter</strong></span> <span class='ocrx_word' id='word_1_557' title='bbox 2257 3325 2311 3382; x_wconf 90' lang='lat' dir='ltr'><strong>et</strong></span> <span class='ocrx_word' id='word_1_558' title='bbox 2335 3326 2600 3396; x_wconf 83' lang='lat' dir='ltr'><strong>indigne.</strong></span> <span class='ocrx_word' id='word_1_559' title='bbox 2631 3327 2696 3381; x_wconf 85' lang='lat' dir='ltr'><strong>Et</strong></span> <span class='ocrx_word' id='word_1_560' title='bbox 2720 3324 2897 3382; x_wconf 88' lang='lat' dir='ltr'><strong>istam</strong></span> <span class='ocrx_word' id='word_1_561' title='bbox 2923 3325 3198 3383; x_wconf 87' lang='lat' dir='ltr'><strong>ultimam</strong></span> <span class='ocrx_word' id='word_1_562' title='bbox 3256 3327 3598 3386; x_wconf 90' lang='lat' dir='ltr'><strong>concedunt</strong></span> 
     </span>
    </p>
   </div>
   <div class='ocr_carea' id='block_1_77' title="bbox 1945 3405 3595 3487">
    <p class='ocr_par' dir='ltr' id='par_1_77' title="bbox 1945 3405 3595 3487">
     <span class='ocr_line' id='line_1_77' title="bbox 1945 3405 3595 3487; baseline 0.001 -15"><span class='ocrx_word' id='word_1_563' title='bbox 1945 3416 2149 3472; x_wconf 66' lang='lat' dir='ltr'><strong>Graeci.</strong></span> <span class='ocrx_word' id='word_1_564' title='bbox 2185 3417 2250 3472; x_wconf 87' lang='lat' dir='ltr'><strong>Et</strong></span> <span class='ocrx_word' id='word_1_565' title='bbox 2276 3413 2484 3470; x_wconf 89' lang='lat' dir='ltr'><strong>dicunt</strong></span> <span class='ocrx_word' id='word_1_566' title='bbox 2534 3412 2702 3486; x_wconf 86' lang='lat' dir='ltr'><strong>quod</strong></span> <span class='ocrx_word' id='word_1_567' title='bbox 2732 3405 2946 3469; x_wconf 84' lang='lat' dir='ltr'><strong>nullus</strong></span> <span class='ocrx_word' id='word_1_568' title='bbox 2998 3413 3413 3487; x_wconf 87' lang='lat' dir='ltr'><strong>apostolorum</strong></span> <span class='ocrx_word' id='word_1_569' title='bbox 3483 3415 3595 3473; x_wconf 89' lang='lat' dir='ltr'><strong>fuit</strong></span> 
     </span>
    </p>
   </div>
   <div class='ocr_carea' id='block_1_78' title="bbox 1944 3501 3594 3576">
    <p class='ocr_par' dir='ltr' id='par_1_78' title="bbox 1944 3501 3594 3576">
     <span class='ocr_line' id='line_1_78' title="bbox 1944 3501 3594 3576; baseline 0.001 -16"><span class='ocrx_word' id='word_1_570' title='bbox 1944 3503 2140 3575; x_wconf 87' lang='lat' dir='ltr'><strong>major</strong></span> <span class='ocrx_word' id='word_1_571' title='bbox 2189 3501 2415 3559; x_wconf 89' lang='lat' dir='ltr'><strong>altero:</strong></span> <span class='ocrx_word' id='word_1_572' title='bbox 2497 3502 2597 3557; x_wconf 90' lang='lat' dir='ltr'><strong>sed</strong></span> <span class='ocrx_word' id='word_1_573' title='bbox 2641 3515 2855 3558; x_wconf 91' lang='lat' dir='ltr'><strong>omnes</strong></span> <span class='ocrx_word' id='word_1_574' title='bbox 2911 3501 3152 3558; x_wconf 90' lang='lat' dir='ltr'><strong>fuerunt</strong></span> <span class='ocrx_word' id='word_1_575' title='bbox 3213 3503 3476 3576; x_wconf 67' lang='lat' dir='ltr'><strong>aequales</strong></span> <span class='ocrx_word' id='word_1_576' title='bbox 3536 3509 3594 3562; x_wconf 76' lang='lat' dir='ltr'><strong>et</strong></span> 
     </span>
    </p>
   </div>
   <div class='ocr_carea' id='block_1_79' title="bbox 1944 3583 3596 3663">
    <p class='ocr_par' dir='ltr' id='par_1_79' title="bbox 1944 3583 3596 3663">
     <span class='ocr_line' id='line_1_79' title="bbox 1944 3583 3596 3663; baseline 0.001 -14"><span class='ocrx_word' id='word_1_577' title='bbox 1944 3583 2173 3661; x_wconf 81' lang='lat' dir='ltr'><strong>fratres,</strong></span> <span class='ocrx_word' id='word_1_578' title='bbox 2225 3591 2397 3663; x_wconf 82' lang='lat' dir='ltr'><strong>juxta</strong></span> <span class='ocrx_word' id='word_1_579' title='bbox 2472 3588 2652 3646; x_wconf 88' lang='lat' dir='ltr'><strong>illud:</strong></span> <span class='ocrx_word' id='word_1_580' title='bbox 2712 3590 2924 3647; x_wconf 83' lang='lat' dir='ltr'><strong>Omnes</strong></span> <span class='ocrx_word' id='word_1_581' title='bbox 2979 3595 3178 3647; x_wconf 86' lang='lat' dir='ltr'><strong>autem</strong></span> <span class='ocrx_word' id='word_1_582' title='bbox 3235 3602 3335 3648; x_wconf 88' lang='lat' dir='ltr'><strong>vos</strong></span> <span class='ocrx_word' id='word_1_583' title='bbox 3371 3595 3596 3663; x_wconf 77' lang='lat' dir='ltr'><strong>fratres</strong></span> 
     </span>
    </p>
   </div>
   <div class='ocr_carea' id='block_1_80' title="bbox 1943 3678 3588 3750">
    <p class='ocr_par' dir='ltr' id='par_1_80' title="bbox 1943 3678 3588 3750">
     <span class='ocr_line' id='line_1_80' title="bbox 1943 3678 3588 3750; baseline 0.001 -13"><span class='ocrx_word' id='word_1_584' title='bbox 1943 3681 2102 3749; x_wconf 82' lang='lat' dir='ltr'><strong>estis,</strong></span> <span class='ocrx_word' id='word_1_585' title='bbox 2131 3685 2184 3736; x_wconf 84' lang='lat' dir='ltr'><strong>et</strong></span> <span class='ocrx_word' id='word_1_586' title='bbox 2215 3685 2450 3748; x_wconf 79' lang='lat' dir='ltr'><strong>patrem</strong></span> <span class='ocrx_word' id='word_1_587' title='bbox 2477 3679 2664 3735; x_wconf 86' lang='lat' dir='ltr'><strong>nolite</strong></span> <span class='ocrx_word' id='word_1_588' title='bbox 2695 3691 2910 3736; x_wconf 87' lang='lat' dir='ltr'><strong>vocare</strong></span> <span class='ocrx_word' id='word_1_589' title='bbox 2941 3678 3104 3736; x_wconf 85' lang='lat' dir='ltr'><strong>vobis</strong></span> <span class='ocrx_word' id='word_1_590' title='bbox 3133 3693 3317 3750; x_wconf 84' lang='lat' dir='ltr'><strong>super</strong></span> <span class='ocrx_word' id='word_1_591' title='bbox 3347 3685 3588 3750; x_wconf 86' lang='lat' dir='ltr'><strong>terram,</strong></span> 
     </span>
    </p>
   </div>
   <div class='ocr_carea' id='block_1_81' title="bbox 1943 3771 3162 3844">
    <p class='ocr_par' dir='ltr' id='par_1_81' title="bbox 1943 3771 3162 3844">
     <span class='ocr_line' id='line_1_81' title="bbox 1943 3771 3162 3844; baseline -0.002 -18"><span class='ocrx_word' id='word_1_592' title='bbox 1943 3773 2082 3844; x_wconf 82' lang='lat' dir='ltr'><strong>quia</strong></span> <span class='ocrx_word' id='word_1_593' title='bbox 2105 3786 2261 3826; x_wconf 86' lang='lat' dir='ltr'><strong>unus</strong></span> <span class='ocrx_word' id='word_1_594' title='bbox 2287 3771 2466 3826; x_wconf 85' lang='lat' dir='ltr'><strong>Pater</strong></span> <span class='ocrx_word' id='word_1_595' title='bbox 2493 3775 2683 3827; x_wconf 81' lang='lat' dir='ltr'><strong>vester</strong></span> <span class='ocrx_word' id='word_1_596' title='bbox 2703 3771 2952 3827; x_wconf 66' lang='lat' dir='ltr'><strong>caelestis</strong></span> <span class='ocrx_word' id='word_1_597' title='bbox 2980 3776 3063 3825; x_wconf 82' lang='lat' dir='ltr'><strong>est</strong></span> <span class='ocrx_word' id='word_1_598' title='bbox 3097 3771 3162 3824; x_wconf 75' lang='grc'><strong>’³.</strong></span> 
     </span>
    </p>
   </div>
   <div class='ocr_carea' id='block_1_82' title="bbox 2013 3857 3590 3931">
    <p class='ocr_par' dir='ltr' id='par_1_82' title="bbox 2013 3857 3590 3931">
     <span class='ocr_line' id='line_1_82' title="bbox 2013 3857 3590 3931; baseline 0.001 -16"><span class='ocrx_word' id='word_1_599' title='bbox 2013 3859 2101 3915; x_wconf 86' lang='lat' dir='ltr'><strong>Ad</strong></span> <span class='ocrx_word' id='word_1_600' title='bbox 2125 3858 2290 3931; x_wconf 85' lang='lat' dir='ltr'><strong>quod</strong></span> <span class='ocrx_word' id='word_1_601' title='bbox 2312 3859 2742 3930; x_wconf 84' lang='lat' dir='ltr'><strong>respondentes</strong></span> <span class='ocrx_word' id='word_1_602' title='bbox 2788 3857 3067 3924; x_wconf 83' lang='lat' dir='ltr'><strong>dicimus,</strong></span> <span class='ocrx_word' id='word_1_603' title='bbox 3105 3859 3270 3930; x_wconf 87' lang='lat' dir='ltr'><strong>quod</strong></span> <span class='ocrx_word' id='word_1_604' title='bbox 3303 3860 3590 3917; x_wconf 88' lang='lat' dir='ltr'><strong>Dominus</strong></span> 
     </span>
    </p>
   </div>
   <div class='ocr_carea' id='block_1_83' title="bbox 1940 3945 3591 4018">
    <p class='ocr_par' dir='ltr' id='par_1_83' title="bbox 1940 3945 3591 4018">
     <span class='ocr_line' id='line_1_83' title="bbox 1940 3945 3591 4018; baseline -0.001 -13"><span class='ocrx_word' id='word_1_605' title='bbox 1940 3949 2036 4005; x_wconf 89' lang='lat' dir='ltr'><strong>hic</strong></span> <span class='ocrx_word' id='word_1_606' title='bbox 2059 3963 2180 4003; x_wconf 91' lang='lat' dir='ltr'><strong>non</strong></span> <span class='ocrx_word' id='word_1_607' title='bbox 2210 3951 2478 4003; x_wconf 89' lang='lat' dir='ltr'><strong>removet</strong></span> <span class='ocrx_word' id='word_1_608' title='bbox 2500 3946 2764 4003; x_wconf 85' lang='lat' dir='ltr'><strong>ofﬁcium</strong></span> <span class='ocrx_word' id='word_1_609' title='bbox 2795 3945 3177 4018; x_wconf 73' lang='lat' dir='ltr'><strong>praelationis,</strong></span> <span class='ocrx_word' id='word_1_610' title='bbox 3206 3961 3342 4002; x_wconf 89' lang='lat' dir='ltr'><strong>cum</strong></span> <span class='ocrx_word' id='word_1_611' title='bbox 3367 3947 3591 4004; x_wconf 84' lang='lat' dir='ltr'><strong>Paulus</strong></span> 
     </span>
    </p>
   </div>
   <div class='ocr_carea' id='block_1_84' title="bbox 1943 4035 3592 4110">
    <p class='ocr_par' dir='ltr' id='par_1_84' title="bbox 1943 4035 3592 4110">
     <span class='ocr_line' id='line_1_84' title="bbox 1943 4035 3592 4110; baseline -0.001 -16"><span class='ocrx_word' id='word_1_612' title='bbox 1943 4036 2252 4110; x_wconf 88' lang='lat' dir='ltr'><strong>apostolus</strong></span> <span class='ocrx_word' id='word_1_613' title='bbox 2265 4036 2424 4091; x_wconf 87' lang='lat' dir='ltr'><strong>dicat</strong></span> <span class='ocrx_word' id='word_1_614' title='bbox 2443 4051 2456 4090; x_wconf 90' lang='lat'><strong>:</strong></span> <span class='ocrx_word' id='word_1_615' title='bbox 2475 4035 2710 4092; x_wconf 86' lang='lat' dir='ltr'><strong>Obedite</strong></span> <span class='ocrx_word' id='word_1_616' title='bbox 2714 4035 3052 4104; x_wconf 73' lang='lat' dir='ltr'><strong>praepositis</strong></span> <span class='ocrx_word' id='word_1_617' title='bbox 3068 4036 3298 4101; x_wconf 83' lang='lat' dir='ltr'><strong>vestris,</strong></span> <span class='ocrx_word' id='word_1_618' title='bbox 3313 4040 3369 4092; x_wconf 87' lang='lat' dir='ltr'><strong>et</strong></span> <span class='ocrx_word' id='word_1_619' title='bbox 3389 4037 3592 4107; x_wconf 81' lang='lat' dir='ltr'><strong>subju-</strong></span> 
     </span>
    </p>
   </div>
   <div class='ocr_carea' id='block_1_85' title="bbox 1937 4121 3590 4190">
    <p class='ocr_par' dir='ltr' id='par_1_85' title="bbox 1937 4121 3590 4190">
     <span class='ocr_line' id='line_1_85' title="bbox 1937 4121 3590 4190; baseline 0.001 -10"><span class='ocrx_word' id='word_1_620' title='bbox 1937 4133 2057 4183; x_wconf 88' lang='lat' dir='ltr'><strong>cete</strong></span> <span class='ocrx_word' id='word_1_621' title='bbox 2083 4126 2164 4182; x_wconf 89' lang='lat' dir='ltr'><strong>eis</strong></span> <span class='ocrx_word' id='word_1_622' title='bbox 2216 4125 2280 4190; x_wconf 63' lang='lat'><strong>&#39;5,</strong></span> <span class='ocrx_word' id='word_1_623' title='bbox 2315 4123 2420 4178; x_wconf 91' lang='lat' dir='ltr'><strong>sed</strong></span> <span class='ocrx_word' id='word_1_624' title='bbox 2475 4123 2787 4179; x_wconf 89' lang='lat' dir='ltr'><strong>libidinem</strong></span> <span class='ocrx_word' id='word_1_625' title='bbox 2825 4121 3200 4179; x_wconf 84' lang='lat' dir='ltr'><strong>dominandi.</strong></span> <span class='ocrx_word' id='word_1_626' title='bbox 3260 4123 3426 4179; x_wconf 90' lang='lat' dir='ltr'><strong>Unde</strong></span> <span class='ocrx_word' id='word_1_627' title='bbox 3464 4139 3590 4181; x_wconf 90' lang='lat' dir='ltr'><strong>non</strong></span> 
     </span>
    </p>
   </div>
   <div class='ocr_carea' id='block_1_86' title="bbox 1938 4211 3588 4271">
    <p class='ocr_par' dir='ltr' id='par_1_86' title="bbox 1938 4211 3588 4271">
     <span class='ocr_line' id='line_1_86' title="bbox 1938 4211 3588 4271; baseline -0.001 0"><span class='ocrx_word' id='word_1_628' title='bbox 1938 4215 2086 4271; x_wconf 82' lang='lat' dir='ltr'><strong>dixit</strong></span> <span class='ocrx_word' id='word_1_629' title='bbox 2137 4229 2150 4268; x_wconf 92' lang='lat'><strong>:</strong></span> <span class='ocrx_word' id='word_1_630' title='bbox 2215 4211 2400 4268; x_wconf 77' lang='lat' dir='ltr'><strong>Nolite</strong></span> <span class='ocrx_word' id='word_1_631' title='bbox 2458 4216 2715 4268; x_wconf 87' lang='lat' dir='ltr'><strong>statuere</strong></span> <span class='ocrx_word' id='word_1_632' title='bbox 2767 4227 2780 4265; x_wconf 89' lang='lat'>:</span> <span class='ocrx_word' id='word_1_633' title='bbox 2877 4213 3078 4268; x_wconf 87' lang='lat' dir='ltr'><strong>Nolite</strong></span> <span class='ocrx_word' id='word_1_634' title='bbox 3152 4213 3588 4270; x_wconf 78' lang='lat' dir='ltr'><strong>vocarizunde</strong></span> 
     </span>
    </p>
   </div>
   <div class='ocr_carea' id='block_1_87' title="bbox 1939 4299 3586 4373">
    <p class='ocr_par' dir='ltr' id='par_1_87' title="bbox 1939 4299 3586 4373">
     <span class='ocr_line' id='line_1_87' title="bbox 1939 4299 3586 4373; baseline 0.001 -14"><span class='ocrx_word' id='word_1_635' title='bbox 1939 4319 2078 4359; x_wconf 90' lang='lat' dir='ltr'><strong>cum</strong></span> <span class='ocrx_word' id='word_1_636' title='bbox 2099 4317 2208 4358; x_wconf 91' lang='lat' dir='ltr'><strong>nos</strong></span> <span class='ocrx_word' id='word_1_637' title='bbox 2226 4299 2504 4372; x_wconf 87' lang='lat' dir='ltr'><strong>eligimus</strong></span> <span class='ocrx_word' id='word_1_638' title='bbox 2523 4304 2830 4372; x_wconf 88' lang='lat' dir='ltr'><strong>pastorem</strong></span> <span class='ocrx_word' id='word_1_639' title='bbox 2851 4299 3145 4365; x_wconf 64' lang='lat' dir='ltr'><strong>Ecclesiae,</strong></span> <span class='ocrx_word' id='word_1_640' title='bbox 3159 4315 3286 4358; x_wconf 90' lang='lat' dir='ltr'><strong>non</strong></span> <span class='ocrx_word' id='word_1_641' title='bbox 3307 4301 3586 4373; x_wconf 86' lang='lat' dir='ltr'><strong>eligimus</strong></span> 
     </span>
    </p>
   </div>
   <div class='ocr_carea' id='block_1_88' title="bbox 1941 4388 3592 4464">
    <p class='ocr_par' dir='ltr' id='par_1_88' title="bbox 1941 4388 3592 4464">
     <span class='ocr_line' id='line_1_88' title="bbox 1941 4388 3592 4464; baseline -0.001 -15"><span class='ocrx_word' id='word_1_642' title='bbox 1941 4391 2116 4448; x_wconf 87' lang='lat' dir='ltr'><strong>nobis</strong></span> <span class='ocrx_word' id='word_1_643' title='bbox 2140 4395 2396 4463; x_wconf 88' lang='lat' dir='ltr'><strong>patrem,</strong></span> <span class='ocrx_word' id='word_1_644' title='bbox 2433 4388 2522 4444; x_wconf 83' lang='lat' dir='ltr'><strong>vel</strong></span> <span class='ocrx_word' id='word_1_645' title='bbox 2554 4394 2806 4445; x_wconf 87' lang='lat' dir='ltr'><strong>matrem</strong></span> <span class='ocrx_word' id='word_1_646' title='bbox 2837 4388 3204 4462; x_wconf 86' lang='lat' dir='ltr'><strong>simpliciter,</strong></span> <span class='ocrx_word' id='word_1_647' title='bbox 3239 4392 3345 4447; x_wconf 87' lang='lat' dir='ltr'><strong>sed</strong></span> <span class='ocrx_word' id='word_1_648' title='bbox 3370 4391 3592 4464; x_wconf 82' lang='lat' dir='ltr'><strong>potius</strong></span> 
     </span>
    </p>
   </div>
   <div class='ocr_carea' id='block_1_89' title="bbox 173 4477 3592 4559">
    <p class='ocr_par' dir='ltr' id='par_1_89' title="bbox 173 4477 3592 4559">
     <span class='ocr_line' id='line_1_89' title="bbox 173 4477 3592 4559; baseline -0.001 -20"><span class='ocrx_word' id='word_1_649' title='bbox 173 4483 490 4543; x_wconf 89' lang='lat' dir='ltr'><strong>babimus,</strong></span> <span class='ocrx_word' id='word_1_650' title='bbox 523 4482 648 4536; x_wconf 89' lang='lat' dir='ltr'><strong>sive</strong></span> <span class='ocrx_word' id='word_1_651' title='bbox 707 4479 1117 4551; x_wconf 85' lang='lat' dir='ltr'><strong>Ostendemus,</strong></span> <span class='ocrx_word' id='word_1_652' title='bbox 1183 4485 1241 4538; x_wconf 85' lang='lat' dir='ltr'><strong>et</strong></span> <span class='ocrx_word' id='word_1_653' title='bbox 1287 4483 1547 4540; x_wconf 83' lang='lat' dir='ltr'><strong>mendax</strong></span> <span class='ocrx_word' id='word_1_654' title='bbox 1577 4483 1832 4540; x_wconf 90' lang='lat' dir='ltr'><strong>istorum</strong></span> <span class='ocrx_word' id='word_1_655' title='bbox 1865 4505 1910 4559; x_wconf 74' lang='grc' dir='ltr'><strong>Ι)</strong></span> <span class='ocrx_word' id='word_1_656' title='bbox 1945 4479 2234 4536; x_wconf 87' lang='lat' dir='ltr'><strong>vicarium</strong></span> <span class='ocrx_word' id='word_1_657' title='bbox 2265 4478 2449 4534; x_wconf 87' lang='lat' dir='ltr'><strong>Patris</strong></span> <span class='ocrx_word' id='word_1_658' title='bbox 2467 4477 2653 4534; x_wconf 87' lang='lat' dir='ltr'><strong>nostri</strong></span> <span class='ocrx_word' id='word_1_659' title='bbox 2672 4477 2793 4534; x_wconf 89' lang='lat' dir='ltr'><strong>veri</strong></span> <span class='ocrx_word' id='word_1_660' title='bbox 2833 4481 2888 4534; x_wconf 93' lang='lat' dir='ltr'><strong>et</strong></span> <span class='ocrx_word' id='word_1_661' title='bbox 2927 4478 3202 4550; x_wconf 75' lang='lat' dir='ltr'><strong>Magistri,</strong></span> <span class='ocrx_word' id='word_1_662' title='bbox 3235 4480 3339 4551; x_wconf 90' lang='lat' dir='ltr'><strong>qui</strong></span> <span class='ocrx_word' id='word_1_663' title='bbox 3366 4480 3428 4535; x_wconf 89' lang='lat' dir='ltr'><strong>in</strong></span> <span class='ocrx_word' id='word_1_664' title='bbox 3471 4496 3592 4536; x_wconf 82' lang='lat' dir='ltr'><strong>coe-</strong></span> 
     </span>
    </p>
   </div>
   <div class='ocr_carea' id='block_1_90' title="bbox 173 4567 1837 4645">
    <p class='ocr_par' dir='ltr' id='par_1_90' title="bbox 173 4567 1837 4645">
     <span class='ocr_line' id='line_1_90' title="bbox 173 4567 1837 4645; baseline 0.001 -19"><span class='ocrx_word' id='word_1_665' title='bbox 173 4568 546 4643; x_wconf 80' lang='lat' dir='ltr'><strong>etymologia</strong></span> <span class='ocrx_word' id='word_1_666' title='bbox 568 4567 900 4640; x_wconf 89' lang='lat' dir='ltr'><strong>apparebit.</strong></span> <span class='ocrx_word' id='word_1_667' title='bbox 931 4572 993 4624; x_wconf 88' lang='lat' dir='ltr'><strong>In</strong></span> <span class='ocrx_word' id='word_1_668' title='bbox 1022 4572 1178 4626; x_wconf 87' lang='lat' dir='ltr'><strong>Luca</strong></span> <span class='ocrx_word' id='word_1_669' title='bbox 1207 4571 1363 4626; x_wconf 90' lang='lat' dir='ltr'><strong>enim</strong></span> <span class='ocrx_word' id='word_1_670' title='bbox 1397 4571 1686 4645; x_wconf 89' lang='lat' dir='ltr'><strong>scriptum</strong></span> <span class='ocrx_word' id='word_1_671' title='bbox 1713 4575 1837 4639; x_wconf 74' lang='lat' dir='ltr'><strong>est;</strong></span> 
     </span>
    </p>
   </div>
   <div class='ocr_carea' id='block_1_91' title="bbox 170 4655 1842 4732">
    <p class='ocr_par' dir='ltr' id='par_1_91' title="bbox 170 4655 1842 4732">
     <span class='ocr_line' id='line_1_91' title="bbox 170 4655 1842 4732; baseline 0 -18"><span class='ocrx_word' id='word_1_672' title='bbox 170 4659 246 4714; x_wconf 83' lang='lat' dir='ltr'><strong>Et</strong></span> <span class='ocrx_word' id='word_1_673' title='bbox 274 4660 516 4729; x_wconf 75' lang='lat' dir='ltr'><strong>factum</strong></span> <span class='ocrx_word' id='word_1_674' title='bbox 543 4662 646 4718; x_wconf 87' lang='lat' dir='ltr'><strong>est,</strong></span> <span class='ocrx_word' id='word_1_675' title='bbox 675 4655 1080 4716; x_wconf 81' lang='lat' dir='ltr'><strong>discumbente</strong></span> <span class='ocrx_word' id='word_1_676' title='bbox 1105 4673 1169 4715; x_wconf 86' lang='lat' dir='ltr'><strong>eo</strong></span> <span class='ocrx_word' id='word_1_677' title='bbox 1215 4675 1348 4716; x_wconf 88' lang='lat' dir='ltr'><strong>cum</strong></span> <span class='ocrx_word' id='word_1_678' title='bbox 1375 4660 1456 4716; x_wconf 85' lang='lat' dir='ltr'><strong>eis</strong></span> <span class='ocrx_word' id='word_1_679' title='bbox 1492 4659 1556 4715; x_wconf 69' lang='grc' dir='ltr'><strong><em>η.</em></strong></span> <span class='ocrx_word' id='word_1_680' title='bbox 1593 4661 1655 4716; x_wconf 87' lang='lat' dir='ltr'><strong>Et</strong></span> <span class='ocrx_word' id='word_1_681' title='bbox 1703 4663 1842 4732; x_wconf 89' lang='lat' dir='ltr'><strong>post</strong></span> 
     </span>
    </p>
   </div>
   <div class='ocr_carea' id='block_1_92' title="bbox 170 4747 1837 4824">
    <p class='ocr_par' dir='ltr' id='par_1_92' title="bbox 170 4747 1837 4824">
     <span class='ocr_line' id='line_1_92' title="bbox 170 4747 1837 4824; baseline 0.001 -21"><span class='ocrx_word' id='word_1_682' title='bbox 170 4763 416 4822; x_wconf 88' lang='lat' dir='ltr'><strong>pauca:</strong></span> <span class='ocrx_word' id='word_1_683' title='bbox 448 4747 876 4815; x_wconf 79' lang='lat' dir='ltr'><strong>Cognoverant</strong></span> <span class='ocrx_word' id='word_1_684' title='bbox 923 4761 1055 4803; x_wconf 89' lang='lat' dir='ltr'><strong>eum</strong></span> <span class='ocrx_word' id='word_1_685' title='bbox 1117 4749 1178 4803; x_wconf 83' lang='lat' dir='ltr'><strong>in</strong></span> <span class='ocrx_word' id='word_1_686' title='bbox 1224 4749 1529 4818; x_wconf 81' lang='lat' dir='ltr'><strong>fractione</strong></span> <span class='ocrx_word' id='word_1_687' title='bbox 1576 4749 1735 4824; x_wconf 77' lang='grc' dir='ltr'>ἄρτου</span> <span class='ocrx_word' id='word_1_688' title='bbox 1770 4749 1837 4805; x_wconf 75' lang='grc' dir='ltr'><strong>η.</strong></span> 
     </span>
    </p>
   </div>
   <div class='ocr_carea' id='block_1_93' title="bbox 175 4833 1840 4909">
    <p class='ocr_par' dir='ltr' id='par_1_93' title="bbox 175 4833 1840 4909">
     <span class='ocr_line' id='line_1_93' title="bbox 175 4833 1840 4909; baseline 0 -16"><span class='ocrx_word' id='word_1_689' title='bbox 175 4839 342 4906; x_wconf 84' lang='lat' dir='ltr'><strong>Ecce,</strong></span> <span class='ocrx_word' id='word_1_690' title='bbox 373 4833 457 4890; x_wconf 91' lang='lat' dir='ltr'><strong>ibi</strong></span> <span class='ocrx_word' id='word_1_691' title='bbox 497 4848 785 4904; x_wconf 85' lang='lat' dir='ltr'><strong>azymum</strong></span> <span class='ocrx_word' id='word_1_692' title='bbox 819 4835 975 4909; x_wconf 75' lang='grc' dir='ltr'><strong>ἄρτον</strong></span> <span class='ocrx_word' id='word_1_693' title='bbox 1021 4837 1379 4892; x_wconf 90' lang='lat' dir='ltr'><strong>nominavit.</strong></span> <span class='ocrx_word' id='word_1_694' title='bbox 1441 4837 1611 4902; x_wconf 91' lang='lat' dir='ltr'><strong>Quod</strong></span> <span class='ocrx_word' id='word_1_695' title='bbox 1639 4843 1840 4894; x_wconf 86' lang='lat' dir='ltr'><strong>autem</strong></span> 
     </span>
    </p>
   </div>
   <div class='ocr_carea' id='block_1_94' title="bbox 174 4920 1836 4997">
    <p class='ocr_par' dir='ltr' id='par_1_94' title="bbox 174 4920 1836 4997">
     <span class='ocr_line' id='line_1_94' title="bbox 174 4920 1836 4997; baseline 0.001 -17"><span class='ocrx_word' id='word_1_696' title='bbox 174 4939 426 4997; x_wconf 80' lang='lat' dir='ltr'><strong>azymus</strong></span> <span class='ocrx_word' id='word_1_697' title='bbox 458 4920 772 4984; x_wconf 85' lang='lat' dir='ltr'><strong>fueritille,</strong></span> <span class='ocrx_word' id='word_1_698' title='bbox 795 4924 898 4994; x_wconf 87' lang='lat' dir='ltr'><strong>qui</strong></span> <span class='ocrx_word' id='word_1_699' title='bbox 947 4927 1088 4980; x_wconf 89' lang='lat' dir='ltr'><strong>tunc</strong></span> <span class='ocrx_word' id='word_1_700' title='bbox 1139 4925 1200 4980; x_wconf 92' lang='lat' dir='ltr'><strong>in</strong></span> <span class='ocrx_word' id='word_1_701' title='bbox 1245 4927 1532 4980; x_wconf 87' lang='lat' dir='ltr'><strong>Emmaus</strong></span> <span class='ocrx_word' id='word_1_702' title='bbox 1563 4923 1836 4997; x_wconf 61' lang='lat' dir='ltr'><strong>Cleophis</strong></span> 
     </span>
    </p>
   </div>
   <div class='ocr_carea' id='block_1_95' title="bbox 176 5009 1837 5079">
    <p class='ocr_par' dir='ltr' id='par_1_95' title="bbox 176 5009 1837 5079">
     <span class='ocr_line' id='line_1_95' title="bbox 176 5009 1837 5079; baseline 0.002 -11"><span class='ocrx_word' id='word_1_703' title='bbox 176 5019 231 5068; x_wconf 88' lang='lat' dir='ltr'><strong>et</strong></span> <span class='ocrx_word' id='word_1_704' title='bbox 256 5010 695 5068; x_wconf 88' lang='lat' dir='ltr'><strong>concomitanti</strong></span> <span class='ocrx_word' id='word_1_705' title='bbox 735 5011 848 5066; x_wconf 91' lang='lat' dir='ltr'><strong>sibi</strong></span> <span class='ocrx_word' id='word_1_706' title='bbox 877 5009 1052 5069; x_wconf 88' lang='lat' dir='ltr'><strong>datus</strong></span> <span class='ocrx_word' id='word_1_707' title='bbox 1097 5017 1204 5079; x_wconf 92' lang='lat' dir='ltr'><strong>est,</strong></span> <span class='ocrx_word' id='word_1_708' title='bbox 1245 5013 1388 5069; x_wconf 91' lang='lat' dir='ltr'><strong>hinc</strong></span> <span class='ocrx_word' id='word_1_709' title='bbox 1444 5019 1534 5070; x_wconf 89' lang='lat' dir='ltr'><strong>est</strong></span> <span class='ocrx_word' id='word_1_710' title='bbox 1576 5013 1837 5071; x_wconf 91' lang='lat' dir='ltr'><strong>manife-</strong></span> 
     </span>
    </p>
   </div>
   <div class='ocr_carea' id='block_1_96' title="bbox 175 5096 1836 5174">
    <p class='ocr_par' dir='ltr' id='par_1_96' title="bbox 175 5096 1836 5174">
     <span class='ocr_line' id='line_1_96' title="bbox 175 5096 1836 5174; baseline 0.002 -18"><span class='ocrx_word' id='word_1_711' title='bbox 175 5106 356 5157; x_wconf 85' lang='lat' dir='ltr'><strong>stum.</strong></span> <span class='ocrx_word' id='word_1_712' title='bbox 395 5100 531 5154; x_wconf 83' lang='lat' dir='ltr'><strong>Post</strong></span> <span class='ocrx_word' id='word_1_713' title='bbox 558 5096 1034 5156; x_wconf 86' lang='lat' dir='ltr'><strong>immolationem</strong></span> <span class='ocrx_word' id='word_1_714' title='bbox 1067 5101 1208 5171; x_wconf 88' lang='lat' dir='ltr'><strong>agnl</strong></span> <span class='ocrx_word' id='word_1_715' title='bbox 1239 5105 1465 5174; x_wconf 90' lang='lat' dir='ltr'><strong>septem</strong></span> <span class='ocrx_word' id='word_1_716' title='bbox 1497 5102 1712 5159; x_wconf 84' lang='lat' dir='ltr'><strong>diebus</strong></span> <span class='ocrx_word' id='word_1_717' title='bbox 1743 5119 1836 5159; x_wconf 93' lang='lat' dir='ltr'><strong>co-</strong></span> 
     </span>
    </p>
   </div>
   <div class='ocr_carea' id='block_1_97' title="bbox 178 5186 1838 5263">
    <p class='ocr_par' dir='ltr' id='par_1_97' title="bbox 178 5186 1838 5263">
     <span class='ocr_line' id='line_1_97' title="bbox 178 5186 1838 5263; baseline 0.001 -17"><span class='ocrx_word' id='word_1_718' title='bbox 178 5187 510 5246; x_wconf 86' lang='lat' dir='ltr'><strong>medebant</strong></span> <span class='ocrx_word' id='word_1_719' title='bbox 524 5188 549 5242; x_wconf 80' lang='lat' dir='ltr'><strong>J</strong></span> <span class='ocrx_word' id='word_1_720' title='bbox 558 5186 715 5243; x_wconf 73' lang='grc' dir='ltr'><strong>ιιόωὶ</strong></span> <span class='ocrx_word' id='word_1_721' title='bbox 732 5205 966 5260; x_wconf 86' lang='lat' dir='ltr'><strong>azyma,</strong></span> <span class='ocrx_word' id='word_1_722' title='bbox 979 5191 1204 5263; x_wconf 89' lang='lat' dir='ltr'><strong>quibus</strong></span> <span class='ocrx_word' id='word_1_723' title='bbox 1219 5190 1432 5246; x_wconf 90' lang='lat' dir='ltr'><strong>diebus</strong></span> <span class='ocrx_word' id='word_1_724' title='bbox 1450 5191 1838 5248; x_wconf 87' lang='lat' dir='ltr'><strong>fermentatus</strong></span> 
     </span>
    </p>
   </div>
   <div class='ocr_carea' id='block_1_98' title="bbox 177 5271 1839 5352">
    <p class='ocr_par' dir='ltr' id='par_1_98' title="bbox 177 5271 1839 5352">
     <span class='ocr_line' id='line_1_98' title="bbox 177 5271 1839 5352; baseline 0.002 -20"><span class='ocrx_word' id='word_1_725' title='bbox 177 5275 354 5349; x_wconf 87' lang='lat' dir='ltr'><strong>panis</strong></span> <span class='ocrx_word' id='word_1_726' title='bbox 375 5287 500 5330; x_wconf 89' lang='lat' dir='ltr'><strong>non</strong></span> <span class='ocrx_word' id='word_1_727' title='bbox 523 5271 939 5333; x_wconf 87' lang='lat' dir='ltr'><strong>inveniebatur</strong></span> <span class='ocrx_word' id='word_1_728' title='bbox 959 5277 1124 5352; x_wconf 91' lang='lat' dir='ltr'><strong>apud</strong></span> <span class='ocrx_word' id='word_1_729' title='bbox 1153 5295 1275 5335; x_wconf 90' lang='lat' dir='ltr'><strong>eos.</strong></span> <span class='ocrx_word' id='word_1_730' title='bbox 1303 5277 1462 5335; x_wconf 83' lang='lat' dir='ltr'><strong>infra</strong></span> <span class='ocrx_word' id='word_1_731' title='bbox 1480 5285 1680 5335; x_wconf 88' lang='lat' dir='ltr'><strong>autem</strong></span> <span class='ocrx_word' id='word_1_732' title='bbox 1709 5295 1839 5352; x_wconf 90' lang='lat' dir='ltr'><strong>sep-</strong></span> 
     </span>
    </p>
   </div>
   <div class='ocr_carea' id='block_1_99' title="bbox 180 5360 1838 5440">
    <p class='ocr_par' dir='ltr' id='par_1_99' title="bbox 180 5360 1838 5440">
     <span class='ocr_line' id='line_1_99' title="bbox 180 5360 1838 5440; baseline 0.002 -19"><span class='ocrx_word' id='word_1_733' title='bbox 180 5371 300 5421; x_wconf 89' lang='lat' dir='ltr'><strong>tem</strong></span> <span class='ocrx_word' id='word_1_734' title='bbox 349 5363 504 5429; x_wconf 88' lang='lat' dir='ltr'><strong>dies,</strong></span> <span class='ocrx_word' id='word_1_735' title='bbox 565 5360 873 5422; x_wconf 81' lang='lat' dir='ltr'><strong>benedixit</strong></span> <span class='ocrx_word' id='word_1_736' title='bbox 918 5367 1202 5423; x_wconf 88' lang='lat' dir='ltr'><strong>Dominus</strong></span> <span class='ocrx_word' id='word_1_737' title='bbox 1261 5381 1484 5440; x_wconf 88' lang='lat' dir='ltr'><strong>panem</strong></span> <span class='ocrx_word' id='word_1_738' title='bbox 1533 5365 1838 5434; x_wconf 89' lang='lat' dir='ltr'><strong>istum,de</strong></span> 
     </span>
    </p>
   </div>
   <div class='ocr_carea' id='block_1_100' title="bbox 184 5452 1840 5529">
    <p class='ocr_par' dir='ltr' id='par_1_100' title="bbox 184 5452 1840 5529">
     <span class='ocr_line' id='line_1_100' title="bbox 184 5452 1840 5529; baseline 0.002 -18"><span class='ocrx_word' id='word_1_739' title='bbox 184 5471 304 5529; x_wconf 86' lang='lat' dir='ltr'><strong>quo</strong></span> <span class='ocrx_word' id='word_1_740' title='bbox 331 5452 694 5509; x_wconf 84' lang='lat' dir='ltr'><strong>memoriam</strong></span> <span class='ocrx_word' id='word_1_741' title='bbox 745 5455 1017 5526; x_wconf 90' lang='lat' dir='ltr'><strong>fecimus,</strong></span> <span class='ocrx_word' id='word_1_742' title='bbox 1049 5458 1110 5514; x_wconf 94' lang='lat' dir='ltr'><strong>in</strong></span> <span class='ocrx_word' id='word_1_743' title='bbox 1164 5461 1466 5526; x_wconf 88' lang='lat' dir='ltr'><strong>Emmaus,</strong></span> <span class='ocrx_word' id='word_1_744' title='bbox 1514 5457 1840 5514; x_wconf 89' lang='lat' dir='ltr'><strong>sicutindi—</strong></span> 
     </span>
    </p>
   </div>
   <div class='ocr_carea' id='block_1_101' title="bbox 255 5582 1681 5651">
    <p class='ocr_par' dir='ltr' id='par_1_101' title="bbox 255 5582 1681 5651">
     <span class='ocr_line' id='line_1_101' title="bbox 255 5582 1681 5651; baseline -0.004 -8"><span class='ocrx_word' id='word_1_745' title='bbox 255 5589 301 5624; x_wconf 74' lang='lat'>“</span> <span class='ocrx_word' id='word_1_746' title='bbox 339 5589 476 5643; x_wconf 88' lang='lat' dir='ltr'><strong>Luc.</strong></span> <span class='ocrx_word' id='word_1_747' title='bbox 508 5602 664 5651; x_wconf 79' lang='lat' dir='ltr'><strong>xxiv,</strong></span> <span class='ocrx_word' id='word_1_748' title='bbox 695 5585 783 5640; x_wconf 92' lang='lat'><strong>30.</strong></span> <span class='ocrx_word' id='word_1_749' title='bbox 891 5583 938 5618; x_wconf 85' lang='grc'><strong>¹³</strong></span> <span class='ocrx_word' id='word_1_750' title='bbox 967 5582 1117 5640; x_wconf 85' lang='lat' dir='ltr'><strong>Ibid.</strong></span> <span class='ocrx_word' id='word_1_751' title='bbox 1149 5586 1237 5640; x_wconf 79' lang='lat'><strong>35.</strong></span> <span class='ocrx_word' id='word_1_752' title='bbox 1339 5586 1383 5620; x_wconf 66' lang='grc' dir='ltr'><strong>ιδ</strong></span> <span class='ocrx_word' id='word_1_753' title='bbox 1413 5582 1561 5640; x_wconf 82' lang='lat' dir='ltr'><strong>ibid.</strong></span> <span class='ocrx_word' id='word_1_754' title='bbox 1593 5587 1681 5640; x_wconf 82' lang='lat' dir='ltr'><strong>2t.</strong></span> 
     </span>
    </p>
   </div>
   <div class='ocr_carea' id='block_1_102' title="bbox 194 5658 754 5717">
    <p class='ocr_par' dir='ltr' id='par_1_102' title="bbox 194 5658 754 5717">
     <span class='ocr_line' id='line_1_102' title="bbox 194 5658 754 5717; baseline -0.004 -3"><span class='ocrx_word' id='word_1_755' title='bbox 194 5658 235 5692; x_wconf 80' lang='lat'>&quot;</span> <span class='ocrx_word' id='word_1_756' title='bbox 259 5658 464 5717; x_wconf 70' lang='lat' dir='ltr'><strong>Matth.</strong></span> <span class='ocrx_word' id='word_1_757' title='bbox 504 5673 668 5714; x_wconf 87' lang='grc' dir='ltr'><strong>χχιιι.</strong></span> <span class='ocrx_word' id='word_1_758' title='bbox 698 5659 754 5714; x_wconf 86' lang='grc'><strong>9.</strong></span> 
     </span>
    </p>
   </div>
   <div class='ocr_carea' id='block_1_103' title="bbox 1781 5583 2436 5650">
    <p class='ocr_par' dir='ltr' id='par_1_103' title="bbox 1781 5583 2436 5650">
     <span class='ocr_line' id='line_1_103' title="bbox 1781 5583 2436 5650; baseline -0.015 -5"><span class='ocrx_word' id='word_1_759' title='bbox 1781 5585 1827 5622; x_wconf 83' lang='grc'><strong>¹⁸</strong></span> <span class='ocrx_word' id='word_1_760' title='bbox 1857 5583 2059 5644; x_wconf 70' lang='lat' dir='ltr'><strong>Matth.</strong></span> <span class='ocrx_word' id='word_1_761' title='bbox 2092 5598 2253 5648; x_wconf 77' lang='grc' dir='ltr'><strong>χχιιι,</strong></span> <span class='ocrx_word' id='word_1_762' title='bbox 2287 5584 2341 5650; x_wconf 91' lang='lat'><strong>8,</strong></span> <span class='ocrx_word' id='word_1_763' title='bbox 2384 5584 2436 5636; x_wconf 85' lang='lat'><strong>9.</strong></span> 
     </span>
    </p>
   </div>
   <div class='ocr_carea' id='block_1_104' title="bbox 1946 4566 3592 4642">
    <p class='ocr_par' dir='ltr' id='par_1_104' title="bbox 1946 4566 3592 4642">
     <span class='ocr_line' id='line_1_104' title="bbox 1946 4566 3592 4642; baseline 0.001 -17"><span class='ocrx_word' id='word_1_764' title='bbox 1946 4569 2017 4625; x_wconf 92' lang='lat' dir='ltr'><strong>lis</strong></span> <span class='ocrx_word' id='word_1_765' title='bbox 2029 4572 2136 4640; x_wconf 90' lang='lat' dir='ltr'><strong>est,</strong></span> <span class='ocrx_word' id='word_1_766' title='bbox 2156 4569 2279 4632; x_wconf 89' lang='lat' dir='ltr'><strong>sed,</strong></span> <span class='ocrx_word' id='word_1_767' title='bbox 2294 4583 2403 4623; x_wconf 88' lang='lat' dir='ltr'><strong>nec</strong></span> <span class='ocrx_word' id='word_1_768' title='bbox 2414 4583 2595 4640; x_wconf 89' lang='lat' dir='ltr'><strong>quem</strong></span> <span class='ocrx_word' id='word_1_769' title='bbox 2611 4566 2827 4638; x_wconf 88' lang='lat' dir='ltr'><strong>eligere</strong></span> <span class='ocrx_word' id='word_1_770' title='bbox 2844 4566 3122 4624; x_wconf 90' lang='lat' dir='ltr'><strong>volumus</strong></span> <span class='ocrx_word' id='word_1_771' title='bbox 3140 4584 3273 4637; x_wconf 87' lang='lat' dir='ltr'><strong>nos,</strong></span> <span class='ocrx_word' id='word_1_772' title='bbox 3291 4569 3392 4624; x_wconf 88' lang='lat' dir='ltr'><strong>sed</strong></span> <span class='ocrx_word' id='word_1_773' title='bbox 3407 4583 3592 4642; x_wconf 88' lang='lat' dir='ltr'><strong>quem</strong></span> 
     </span>
    </p>
   </div>
   <div class='ocr_carea' id='block_1_105' title="bbox 1950 4657 3594 4728">
    <p class='ocr_par' dir='ltr' id='par_1_105' title="bbox 1950 4657 3594 4728">
     <span class='ocr_line' id='line_1_105' title="bbox 1950 4657 3594 4728; baseline 0.001 -14"><span class='ocrx_word' id='word_1_774' title='bbox 1950 4659 2104 4714; x_wconf 89' lang='lat' dir='ltr'><strong>Deus</strong></span> <span class='ocrx_word' id='word_1_775' title='bbox 2117 4657 2280 4719; x_wconf 82' lang='lat' dir='ltr'><strong>dare,</strong></span> <span class='ocrx_word' id='word_1_776' title='bbox 2294 4657 2466 4726; x_wconf 87' lang='lat' dir='ltr'><strong>juxta</strong></span> <span class='ocrx_word' id='word_1_777' title='bbox 2481 4657 2820 4712; x_wconf 90' lang='lat' dir='ltr'><strong>sanctiones</strong></span> <span class='ocrx_word' id='word_1_778' title='bbox 2833 4661 2888 4712; x_wconf 91' lang='lat' dir='ltr'><strong>et</strong></span> <span class='ocrx_word' id='word_1_779' title='bbox 2904 4671 3166 4712; x_wconf 90' lang='lat' dir='ltr'><strong>canones</strong></span> <span class='ocrx_word' id='word_1_780' title='bbox 3180 4657 3594 4728; x_wconf 89' lang='lat' dir='ltr'><strong>apostolorum</strong></span> 
     </span>
    </p>
   </div>
   <div class='ocr_carea' id='block_1_106' title="bbox 1949 4743 3594 4814">
    <p class='ocr_par' dir='ltr' id='par_1_106' title="bbox 1949 4743 3594 4814">
     <span class='ocr_line' id='line_1_106' title="bbox 1949 4743 3594 4814; baseline 0.001 -12"><span class='ocrx_word' id='word_1_781' title='bbox 1949 4762 2222 4810; x_wconf 87' lang='lat' dir='ltr'><strong>suorum,</strong></span> <span class='ocrx_word' id='word_1_782' title='bbox 2255 4743 2560 4801; x_wconf 84' lang='lat' dir='ltr'><strong>constituit</strong></span> <span class='ocrx_word' id='word_1_783' title='bbox 2584 4749 2641 4800; x_wconf 88' lang='lat' dir='ltr'><strong>et</strong></span> <span class='ocrx_word' id='word_1_784' title='bbox 2660 4745 2976 4809; x_wconf 87' lang='lat' dir='ltr'><strong>ordinavit,</strong></span> <span class='ocrx_word' id='word_1_785' title='bbox 3025 4745 3198 4814; x_wconf 85' lang='lat' dir='ltr'><strong>juxta</strong></span> <span class='ocrx_word' id='word_1_786' title='bbox 3243 4743 3430 4801; x_wconf 76' lang='lat' dir='ltr'><strong>illud:</strong></span> <span class='ocrx_word' id='word_1_787' title='bbox 3477 4747 3594 4803; x_wconf 85' lang='lat' dir='ltr'><strong>Ne-</strong></span> 
     </span>
    </p>
   </div>
   <div class='ocr_carea' id='block_1_107' title="bbox 1945 4833 3596 4905">
    <p class='ocr_par' dir='ltr' id='par_1_107' title="bbox 1945 4833 3596 4905">
     <span class='ocr_line' id='line_1_107' title="bbox 1945 4833 3596 4905; baseline -0.002 -13"><span class='ocrx_word' id='word_1_788' title='bbox 1945 4834 2354 4892; x_wconf 84' lang='lat' dir='ltr'><strong>mosumitsibi</strong></span> <span class='ocrx_word' id='word_1_789' title='bbox 2363 4833 2664 4895; x_wconf 78' lang='lat' dir='ltr'><strong>honorem,</strong></span> <span class='ocrx_word' id='word_1_790' title='bbox 2681 4834 2800 4888; x_wconf 86' lang='lat' dir='ltr'><strong>nisi</strong></span> <span class='ocrx_word' id='word_1_791' title='bbox 2823 4837 3068 4888; x_wconf 86' lang='lat' dir='ltr'><strong>vocatus</strong></span> <span class='ocrx_word' id='word_1_792' title='bbox 3095 4848 3131 4888; x_wconf 89' lang='lat' dir='ltr'><strong>a</strong></span> <span class='ocrx_word' id='word_1_793' title='bbox 3147 4833 3284 4902; x_wconf 91' lang='lat' dir='ltr'><strong>Deo,</strong></span> <span class='ocrx_word' id='word_1_794' title='bbox 3305 4839 3596 4905; x_wconf 85' lang='lat' dir='ltr'><strong>tanquam</strong></span> 
     </span>
    </p>
   </div>
   <div class='ocr_carea' id='block_1_108' title="bbox 1945 4920 3594 4993">
    <p class='ocr_par' dir='ltr' id='par_1_108' title="bbox 1945 4920 3594 4993">
     <span class='ocr_line' id='line_1_108' title="bbox 1945 4920 3594 4993; baseline 0.001 -14"><span class='ocrx_word' id='word_1_795' title='bbox 1945 4925 2154 4981; x_wconf 84' lang='lat' dir='ltr'><strong>Aaron</strong></span> <span class='ocrx_word' id='word_1_796' title='bbox 2185 4925 2248 4976; x_wconf 77' lang='grc' dir='ltr'><strong>ιτ.</strong></span> <span class='ocrx_word' id='word_1_797' title='bbox 2279 4921 2444 4978; x_wconf 91' lang='lat' dir='ltr'><strong>Unde</strong></span> <span class='ocrx_word' id='word_1_798' title='bbox 2471 4921 2678 4976; x_wconf 87' lang='lat' dir='ltr'><strong>Glossa</strong></span> <span class='ocrx_word' id='word_1_799' title='bbox 2695 4935 2874 4993; x_wconf 90' lang='lat' dir='ltr'><strong>super</strong></span> <span class='ocrx_word' id='word_1_800' title='bbox 2903 4920 3071 4976; x_wconf 89' lang='lat' dir='ltr'><strong>illum</strong></span> <span class='ocrx_word' id='word_1_801' title='bbox 3097 4920 3295 4976; x_wconf 90' lang='lat' dir='ltr'><strong>locum</strong></span> <span class='ocrx_word' id='word_1_802' title='bbox 3319 4937 3331 4976; x_wconf 91' lang='lat'><strong>:</strong></span> <span class='ocrx_word' id='word_1_803' title='bbox 3363 4924 3594 4980; x_wconf 84' lang='lat' dir='ltr'><strong>Patrem</strong></span> 
     </span>
    </p>
   </div>
   <div class='ocr_carea' id='block_1_109' title="bbox 1945 5009 3595 5079">
    <p class='ocr_par' dir='ltr' id='par_1_109' title="bbox 1945 5009 3595 5079">
     <span class='ocr_line' id='line_1_109' title="bbox 1945 5009 3595 5079; baseline -0.001 -9"><span class='ocrx_word' id='word_1_804' title='bbox 1945 5014 2130 5070; x_wconf 82' lang='lat' dir='ltr'><strong>nolite</strong></span> <span class='ocrx_word' id='word_1_805' title='bbox 2150 5011 2311 5068; x_wconf 83' lang='lat' dir='ltr'><strong>vobis</strong></span> <span class='ocrx_word' id='word_1_806' title='bbox 2333 5025 2546 5067; x_wconf 86' lang='lat' dir='ltr'><strong>vocare</strong></span> <span class='ocrx_word' id='word_1_807' title='bbox 2572 5025 2754 5079; x_wconf 85' lang='lat' dir='ltr'><strong>super</strong></span> <span class='ocrx_word' id='word_1_808' title='bbox 2787 5014 3011 5065; x_wconf 86' lang='lat' dir='ltr'><strong>terram</strong></span> <span class='ocrx_word' id='word_1_809' title='bbox 3073 5011 3141 5077; x_wconf 72' lang='grc' dir='ltr'><strong>η,</strong></span> <span class='ocrx_word' id='word_1_810' title='bbox 3170 5010 3253 5065; x_wconf 86' lang='lat' dir='ltr'><strong>sic</strong></span> <span class='ocrx_word' id='word_1_811' title='bbox 3284 5009 3395 5067; x_wconf 89' lang='lat' dir='ltr'><strong>ait:</strong></span> <span class='ocrx_word' id='word_1_812' title='bbox 3422 5011 3595 5077; x_wconf 88' lang='lat' dir='ltr'><strong>Quod</strong></span> 
     </span>
    </p>
   </div>
   <div class='ocr_carea' id='block_1_110' title="bbox 1948 5097 3594 5170">
    <p class='ocr_par' dir='ltr' id='par_1_110' title="bbox 1948 5097 3594 5170">
     <span class='ocr_line' id='line_1_110' title="bbox 1948 5097 3594 5170; baseline 0 -14"><span class='ocrx_word' id='word_1_813' title='bbox 1948 5101 2064 5158; x_wconf 88' lang='lat' dir='ltr'><strong>Deo</strong></span> <span class='ocrx_word' id='word_1_814' title='bbox 2091 5100 2364 5161; x_wconf 88' lang='lat' dir='ltr'><strong>debetur.</strong></span> <span class='ocrx_word' id='word_1_815' title='bbox 2405 5097 2577 5153; x_wconf 88' lang='lat' dir='ltr'><strong>vobis</strong></span> <span class='ocrx_word' id='word_1_816' title='bbox 2624 5111 2748 5154; x_wconf 92' lang='lat' dir='ltr'><strong>non</strong></span> <span class='ocrx_word' id='word_1_817' title='bbox 2791 5098 3175 5170; x_wconf 65' lang='lat' dir='ltr'><strong>praesumatis</strong></span> <span class='ocrx_word' id='word_1_818' title='bbox 3226 5113 3240 5165; x_wconf 92' lang='lat'><strong>;</strong></span> <span class='ocrx_word' id='word_1_819' title='bbox 3303 5114 3414 5154; x_wconf 90' lang='lat' dir='ltr'><strong>nec</strong></span> <span class='ocrx_word' id='word_1_820' title='bbox 3443 5101 3594 5158; x_wconf 90' lang='lat' dir='ltr'><strong>alios</strong></span> 
     </span>
    </p>
   </div>
   <div class='ocr_carea' id='block_1_111' title="bbox 1946 5186 3591 5256">
    <p class='ocr_par' dir='ltr' id='par_1_111' title="bbox 1946 5186 3591 5256">
     <span class='ocr_line' id='line_1_111' title="bbox 1946 5186 3591 5256; baseline -0.001 -10"><span class='ocrx_word' id='word_1_821' title='bbox 1946 5189 2137 5246; x_wconf 83' lang='lat' dir='ltr'><strong>Rabbi</strong></span> <span class='ocrx_word' id='word_1_822' title='bbox 2163 5187 2405 5256; x_wconf 90' lang='lat' dir='ltr'><strong>vocetis,</strong></span> <span class='ocrx_word' id='word_1_823' title='bbox 2430 5201 2540 5242; x_wconf 89' lang='lat' dir='ltr'><strong>nec</strong></span> <span class='ocrx_word' id='word_1_824' title='bbox 2577 5186 2847 5242; x_wconf 90' lang='lat' dir='ltr'><strong>divinum</strong></span> <span class='ocrx_word' id='word_1_825' title='bbox 2903 5186 3198 5242; x_wconf 88' lang='lat' dir='ltr'><strong>honorem</strong></span> <span class='ocrx_word' id='word_1_826' title='bbox 3242 5187 3591 5246; x_wconf 86' lang='lat' dir='ltr'><strong>hominibus</strong></span> 
     </span>
    </p>
   </div>
   <div class='ocr_carea' id='block_1_112' title="bbox 1944 5273 3592 5334">
    <p class='ocr_par' dir='ltr' id='par_1_112' title="bbox 1944 5273 3592 5334">
     <span class='ocr_line' id='line_1_112' title="bbox 1944 5273 3592 5334; baseline -0.001 0"><span class='ocrx_word' id='word_1_827' title='bbox 1944 5277 2242 5334; x_wconf 89' lang='lat' dir='ltr'><strong>deferatis.</strong></span> <span class='ocrx_word' id='word_1_828' title='bbox 2278 5297 2308 5327; x_wconf 67' lang='grc' dir='ltr'><strong>ι)</strong></span> <span class='ocrx_word' id='word_1_829' title='bbox 2335 5277 2476 5331; x_wconf 83' lang='lat' dir='ltr'><strong>Item</strong></span> <span class='ocrx_word' id='word_1_830' title='bbox 2504 5273 2619 5330; x_wconf 88' lang='lat' dir='ltr'><strong>alia</strong></span> <span class='ocrx_word' id='word_1_831' title='bbox 2640 5275 2880 5331; x_wconf 85' lang='lat' dir='ltr'><strong>Glossa:</strong></span> <span class='ocrx_word' id='word_1_832' title='bbox 2911 5297 2939 5328; x_wconf 73' lang='grc' dir='ltr'><strong>ιι</strong></span> <span class='ocrx_word' id='word_1_833' title='bbox 2981 5274 3136 5331; x_wconf 85' lang='lat' dir='ltr'><strong>Deus</strong></span> <span class='ocrx_word' id='word_1_834' title='bbox 3179 5275 3394 5332; x_wconf 87' lang='lat' dir='ltr'><strong>dicitur</strong></span> <span class='ocrx_word' id='word_1_835' title='bbox 3422 5279 3592 5334; x_wconf 90' lang='lat' dir='ltr'><strong>Pater</strong></span> 
     </span>
    </p>
   </div>
   <div class='ocr_carea' id='block_1_113' title="bbox 1945 5363 3596 5437">
    <p class='ocr_par' dir='ltr' id='par_1_113' title="bbox 1945 5363 3596 5437">
     <span class='ocr_line' id='line_1_113' title="bbox 1945 5363 3596 5437; baseline -0.001 -14"><span class='ocrx_word' id='word_1_836' title='bbox 1945 5371 2002 5422; x_wconf 89' lang='lat' dir='ltr'><strong>et</strong></span> <span class='ocrx_word' id='word_1_837' title='bbox 2053 5365 2336 5437; x_wconf 80' lang='lat' dir='ltr'><strong>Magister,</strong></span> <span class='ocrx_word' id='word_1_838' title='bbox 2397 5379 2541 5419; x_wconf 90' lang='lat' dir='ltr'><strong>nam</strong></span> <span class='ocrx_word' id='word_1_839' title='bbox 2589 5363 2964 5434; x_wconf 87' lang='lat' dir='ltr'><strong>indulgentia</strong></span> <span class='ocrx_word' id='word_1_840' title='bbox 3027 5366 3215 5430; x_wconf 83' lang='lat' dir='ltr'><strong>Pater,</strong></span> <span class='ocrx_word' id='word_1_841' title='bbox 3262 5371 3326 5422; x_wconf 87' lang='lat' dir='ltr'><strong>ut</strong></span> <span class='ocrx_word' id='word_1_842' title='bbox 3396 5365 3596 5421; x_wconf 89' lang='lat' dir='ltr'><strong>honor</strong></span> 
     </span>
    </p>
   </div>
   <div class='ocr_carea' id='block_1_114' title="bbox 1947 5453 3594 5525">
    <p class='ocr_par' dir='ltr' id='par_1_114' title="bbox 1947 5453 3594 5525">
     <span class='ocr_line' id='line_1_114' title="bbox 1947 5453 3594 5525; baseline -0.002 -12"><span class='ocrx_word' id='word_1_843' title='bbox 1947 5457 2107 5513; x_wconf 73' lang='lat' dir='ltr'><strong>aetati</strong></span> <span class='ocrx_word' id='word_1_844' title='bbox 2134 5455 2452 5523; x_wconf 85' lang='lat' dir='ltr'><strong>deferatur,</strong></span> <span class='ocrx_word' id='word_1_845' title='bbox 2484 5467 2608 5508; x_wconf 90' lang='lat' dir='ltr'><strong>non</strong></span> <span class='ocrx_word' id='word_1_846' title='bbox 2633 5459 2844 5511; x_wconf 89' lang='lat' dir='ltr'><strong>auctor</strong></span> <span class='ocrx_word' id='word_1_847' title='bbox 2871 5460 3006 5510; x_wconf 69' lang='lat' dir='ltr'><strong>vitae</strong></span> <span class='ocrx_word' id='word_1_848' title='bbox 3036 5453 3364 5510; x_wconf 88' lang='lat' dir='ltr'><strong>habeatur:</strong></span> <span class='ocrx_word' id='word_1_849' title='bbox 3401 5455 3594 5525; x_wconf 87' lang='lat' dir='ltr'><strong>magi-</strong></span> 
     </span>
    </p>
   </div>
   <div class='ocr_carea' id='block_1_115' title="bbox 2557 5579 3579 5651">
    <p class='ocr_par' dir='ltr' id='par_1_115' title="bbox 2557 5579 3579 5651">
     <span class='ocr_line' id='line_1_115' title="bbox 2557 5579 3579 5651; baseline 0.001 -15"><span class='ocrx_word' id='word_1_850' title='bbox 2557 5583 2600 5616; x_wconf 86' lang='grc'>¹⁶</span> <span class='ocrx_word' id='word_1_851' title='bbox 2630 5579 2780 5638; x_wconf 86' lang='lat' dir='ltr'><strong>Heb.</strong></span> <span class='ocrx_word' id='word_1_852' title='bbox 2817 5597 2938 5651; x_wconf 84' lang='grc' dir='ltr'><strong>χιιι,</strong></span> <span class='ocrx_word' id='word_1_853' title='bbox 2974 5585 3061 5638; x_wconf 84' lang='grc'><strong>17.</strong></span> <span class='ocrx_word' id='word_1_854' title='bbox 3139 5583 3181 5617; x_wconf 88' lang='grc'>¹⁷</span> <span class='ocrx_word' id='word_1_855' title='bbox 3217 5579 3390 5636; x_wconf 90' lang='lat' dir='ltr'><strong>Hebr.</strong></span> <span class='ocrx_word' id='word_1_856' title='bbox 3428 5596 3487 5650; x_wconf 89' lang='lat' dir='ltr'><strong>v,</strong></span> <span class='ocrx_word' id='word_1_857' title='bbox 3518 5582 3579 5637; x_wconf 76' lang='grc'><strong>4.</strong></span> 
     </span>
    </p>
   </div>
   <div class='ocr_carea' id='block_1_116' title="bbox 3991 0 4078 1874">
    <p class='ocr_par' dir='ltr' id='par_1_116' title="bbox 3991 31 4060 1798">
     <span class='ocr_line' id='line_1_116' title="bbox 3999 31 4042 46; baseline 0 0"><span class='ocrx_word' id='word_1_858' title='bbox 3999 33 4002 38; x_wconf 94' lang='grc'><strong>¹</strong></span> <span class='ocrx_word' id='word_1_859' title='bbox 4019 31 4042 46; x_wconf 57' lang='grc' dir='ltr'><strong>φ’</strong></span> 
     </span>
     <span class='ocr_line' id='line_1_117' title="bbox 3991 67 4050 86; baseline 0 -16"><span class='ocrx_word' id='word_1_860' title='bbox 3991 75 4010 86; x_wconf 52' lang='grc'><strong>.</strong></span> <span class='ocrx_word' id='word_1_861' title='bbox 4047 67 4050 70; x_wconf 85' lang='grc'>.</span> 
     </span>
     <span class='ocr_line' id='line_1_118' title="bbox 3997 113 4022 138; baseline 0 0"><span class='ocrx_word' id='word_1_862' title='bbox 3997 113 4022 138; x_wconf 57' lang='grc' dir='ltr'><em>Δ</em></span> 
     </span>
     <span class='ocr_line' id='line_1_119' title="bbox 4017 203 4040 222; baseline 0 -1"><span class='ocrx_word' id='word_1_863' title='bbox 4017 203 4040 222; x_wconf 72' lang='lat' dir='ltr'><strong>.J</strong></span> 
     </span>
     <span class='ocr_line' id='line_1_120' title="bbox 3995 249 4036 288; baseline 0 -32"><span class='ocrx_word' id='word_1_864' title='bbox 3995 249 4036 288; x_wconf 30' lang='grc' dir='ltr'><strong>..ο</strong></span> 
     </span>
     <span class='ocr_line' id='line_1_121' title="bbox 4045 511 4050 522; baseline 0 0"><span class='ocrx_word' id='word_1_865' title='bbox 4045 511 4050 522; x_wconf 79' lang='grc'>1</span> 
     </span>
     <span class='ocr_line' id='line_1_122' title="bbox 4001 579 4038 606; baseline 0 0"><span class='ocrx_word' id='word_1_866' title='bbox 4001 579 4038 606; x_wconf 77' lang='lat'><strong>~-.&#39;</strong></span> 
     </span>
     <span class='ocr_line' id='line_1_123' title="bbox 4005 715 4028 724; baseline 0.087 -2"><span class='ocrx_word' id='word_1_867' title='bbox 4005 715 4028 724; x_wconf 83' lang='grc'><strong>-.</strong></span> 
     </span>
     <span class='ocr_line' id='line_1_124' title="bbox 4031 1073 4050 1102; baseline 0 0"><span class='ocrx_word' id='word_1_868' title='bbox 4031 1073 4050 1102; x_wconf 49' lang='grc' dir='ltr'>Α</span> 
     </span>
     <span class='ocr_line' id='line_1_125' title="bbox 4041 1241 4054 1252; baseline 0 -2"><span class='ocrx_word' id='word_1_869' title='bbox 4041 1241 4054 1252; x_wconf 80' lang='lat'><strong>.</strong></span> 
     </span>
     <span class='ocr_line' id='line_1_126' title="bbox 4037 1541 4046 1550; baseline 0 0"><span class='ocrx_word' id='word_1_870' title='bbox 4037 1541 4046 1550; x_wconf 93' lang='lat'><strong>.</strong></span> 
     </span>
     <span class='ocr_line' id='line_1_127' title="bbox 4041 1607 4060 1622; baseline 0 -4"><span class='ocrx_word' id='word_1_871' title='bbox 4041 1607 4060 1622; x_wconf 46' lang='grc' dir='ltr'><strong>,Ι</strong></span> 
     </span>
     <span class='ocr_line' id='line_1_128' title="bbox 4041 1625 4058 1642; baseline 0 -4"><span class='ocrx_word' id='word_1_872' title='bbox 4041 1625 4058 1642; x_wconf 66' lang='grc' dir='ltr'><strong>,ρ</strong></span> 
     </span>
     <span class='ocr_line' id='line_1_129' title="bbox 4033 1763 4046 1780; baseline 0 0"><span class='ocrx_word' id='word_1_873' title='bbox 4033 1763 4046 1780; x_wconf 69' lang='grc'><strong>1</strong></span> 
     </span>
     <span class='ocr_line' id='line_1_130' title="bbox 4029 1787 4038 1798; baseline 0 0"><span class='ocrx_word' id='word_1_874' title='bbox 4029 1787 4038 1798; x_wconf 72' lang='grc' dir='ltr'>ι</span> 
     </span>
    </p>
   </div>
  </div>
