4106 6222
503 346 603 403 527

1722 341 2132 398 PANTALEON
2140 340 2201 398 IS
2240 341 2526 399 DIACONI
2562 341 2668 399 CP.

2883 18 4101 260 η...

3797 344 3903 398 5‘28

501 475 638 527 ster.
669 484 740 525 ex
766 467 1064 525 consortio
1087 466 1211 522 veri
1228 463 1485 535 Magistri
1514 467 1807 536 tanquam
1832 465 1962 536 ejus
1992 480 2142 520 nun-
2173 506 2220 560 Α
2249 465 2499 522 omnino
2530 465 2732 533 tacuit,
2763 468 2867 522 aut
2910 465 2985 522 de
3040 481 3150 523 suo
3193 465 3657 538 superaddendo
3688 482 3904 524 verum

499 561 637 627 tius,
669 563 725 614 et
764 573 872 628 pro
901 556 1231 612 reverentia
1261 556 1414 627 ejus,
1471 554 1576 627 qui
1629 554 1898 622 mittitur,
1959 556 2145 611 hono-

496 655 677 703 ratur.

565 737 769 790 Petrus
786 738 986 790 autem
1000 733 1678 806 habuitpraerogativam
1712 731 2016 802 dignitatis
2046 747 2142 786 su-

492 839 598 896 per
645 823 968 896 apostolos,
1013 827 1068 877 et
1115 822 1546 894 plenitudinem
1595 821 1908 894 potestatis
1964 835 2144 892 super

493 929 705 968 omnes
736 912 1036 967 homines.
1066 911 1238 976 Quod
1267 911 1558 983 probatur
1588 911 1706 966 sic:
1736 915 1797 965 In
1826 909 2142 978 Evangelio

493 1002 759 1069 Joannis,
813 1017 951 1056 cum
1005 1001 1293 1056 Dominus
1345 1005 1430 1056 ter
1480 999 1829 1072 requisisset
1884 1014 1919 1054 a
1973 1001 2142 1053 Petro

495 1091 874 1160 singulariter
939 1094 996 1146 ct
1062 1090 1415 1163 specialiter,
1476 1105 1553 1146 an
1596 1090 1796 1161 ipsum
1853 1088 2141 1158 diligeret,

491 1180 750 1235 audivit:
777 1181 958 1236 Pasce
1005 1195 1137 1234 oves
1168 1194 1326 1234 meas
1357 1181 1422 1232 ἐν.
1478 1180 1666 1250 Super
1723 1192 1905 1250 quem
1944 1177 2144 1232 locum

490 1269 639 1324 dixit
667 1269 930 1324 Joannes
962 1267 1428 1339 Chrysostomus
1459 1284 1471 1321 :
1501 1290 1528 1317 «
1587 1266 1738 1332 Quia
1781 1265 1958 1335 igitur
2005 1264 2142 1319 finis

489 1362 616 1415 erat
641 1359 855 1425 C(nnce,
915 1358 1082 1412 Petro
1136 1356 1596 1429 prmposituram
1650 1356 1812 1412 orbis
1870 1354 2144 1411 omnium

487 1448 823 1517 committit,
851 1462 970 1503 non
1001 1445 1168 1501 alteri
1190 1445 1312 1512 dat,
1334 1446 1438 1501 sed
1469 1445 1608 1500 huic
1629 1449 1886 1501 tantum.
1913 1445 2146 1508 Quare?

489 1536 638 1601 Quia
665 1536 934 1591 omnium
956 1534 1297 1606 praecipuus
1327 1539 1384 1590 et
1427 1539 1608 1605 caput
1632 1534 1814 1590 totius
1868 1532 2052 1588 chori.
2081 1531 2148 1586 Et

487 1624 620 1679 ideo
651 1625 852 1690 etiam,
885 1628 947 1679 ut
974 1623 1256 1679 ostendat
1280 1623 1350 1693 ei,
1377 1623 1544 1694 quod
1598 1626 1793 1694 potest
1820 1621 2140 1685 conﬁdere,

485 1718 777 1785 tanquam
795 1712 1112 1782 negatione
1132 1710 1468 1767 oblitterata
1491 1729 1503 1778 ;
1527 1711 1673 1784 quia
1692 1711 1744 1766 ei
1762 1725 1957 1782 neque
1979 1709 2142 1766 illam

485 1803 872 1874 improperat,
897 1817 1006 1856 nec
1028 1801 1251 1872 profert
1275 1800 1336 1855 in
1357 1800 1624 1855 medium
1650 1819 1661 1858 :
1697 1799 1801 1855 sed
1827 1821 1840 1854 :
1866 1800 1923 1855 Si
1942 1799 2140 1869 diligis

483 1907 605 1958 me,
626 1896 878 1962 praeesto
902 1889 1202 1960 fratribus,
1225 1894 1280 1944 et
1304 1888 1628 1944 ferventem
1648 1903 1938 1955 amorem,
1956 1905 2140 1960 quem

483 1980 543 2034 in
573 1995 670 2034 me
694 1979 917 2035 habere
949 1978 1195 2034 dicebas
1251 1978 1332 2034 ita
1353 1983 1416 2033 ut
1462 1979 1616 2034 mori
1673 1977 1854 2033 velles
1883 1994 1992 2050 pro
2022 1995 2140 2034 me,

483 2084 644 2123 nunc
673 2067 941 2124 ostende.
1001 2069 1327 2136 lnterrogat
1351 2071 1550 2122 autem
1605 2082 1744 2122 eum
1804 2071 1909 2131 ter,
1961 2067 2141 2123 simul

482 2162 775 2229 quantam
798 2153 1323 2211 curamhabeatde
1337 2155 1552 2210 ovibus
1583 2155 1698 2210 sibi
1722 2155 2078 2210 commissis.
2110 2179 2138 2205 ››

486 2245 552 2298 Et
580 2248 716 2314 post
744 2243 948 2315 aliqua
977 2243 1118 2299 dicit
1148 2243 1244 2300 ei:
1276 2243 1532 2315 Sequere
1574 2258 1665 2298 me
1718 2244 1792 2298 ³ο.
1829 2243 2139 2298 Commisit

482 2332 730 2403 quidem
746 2333 914 2388 Petro
935 2332 1343 2403 praelationem
1362 2332 1635 2388 omnium
1666 2331 1956 2388 fidelium.
1984 2333 2137 2397 Quia

483 2421 590 2476 etsi
633 2421 891 2477 Jacobus
927 2421 1532 2492 Hierosolymitanam
1587 2421 1791 2476 sedem
1846 2422 2130 2493 suscepit,

483 2513 688 2565 Petrus
716 2515 916 2566 tamen
944 2511 1122 2566 totius
1146 2510 1340 2567 orbis:
1401 2511 1574 2582 quasi
1624 2511 1828 2566 dicat:
1883 2513 2134 2567 Sanctus

480 2603 728 2654 vocatus
749 2599 1111 2654 estJacobus
1144 2599 1202 2654 in
1234 2599 1502 2670 partibus
1536 2599 2084 2671 Hierosolymitanis
2116 2617 2128 2667 ;

477 2689 583 2744 sed
615 2689 897 2743 Petrusin
920 2688 1286 2760 plenitudine
1307 2689 1635 2761 potestatis.
1663 2689 1832 2744 Unde
1863 2690 1924 2744 in
1963 2705 2131 2745 man-

474 2779 645 2834 dato:
667 2778 956 2834 Tibidabo
970 2779 1355 2847 claves",tibi
1376 2778 1688 2834 discretive
1701 2779 1872 2850 quasi
1888 2779 1965 2834 ab
1979 2779 2129 2848 aliis,

472 2867 634 2923 dabo
667 2867 932 2924 claves.»
970 2872 1158 2938 Super
1186 2883 1311 2940 quo
1371 2871 1630 2923 Joannes
1671 2867 2163 2943 Chrysostomus.

471 2958 592 3011 ita:
631 2979 657 3006 «
696 2956 855 3012 Sicut
889 2961 1056 3012 Pater
1075 2956 1238 3011 dedit
1278 2955 1383 3010 tibi
1427 2956 1853 3011 revelationem
1907 2957 2133 3012 confes-

474 3045 659 3101 sionis
682 3062 834 3101 verae
854 3045 991 3101 ﬁdei
1019 3064 1030 3114 ;
1057 3046 1138 3100 sic
1161 3061 1273 3115 ego
1290 3045 1452 3101 dabo
1478 3045 1580 3101 tibi
1614 3047 1811 3101 claves
1840 3046 2127 3115 caelestes.

469 3135 816 3190 Divinorum
863 3150 1004 3204 ergo
1043 3134 1619 3204 dignitatestradidit
1661 3138 1844 3200 l’reto,
1875 3141 2132 3206 potesta-

473 3224 591 3279 tive
617 3225 678 3279 in
708 3225 874 3279 terris
901 3224 1213 3291 exsistens,
1245 3229 1301 3280 et
1327 3224 1672 3279 cmlestibus
1693 3224 1939 3280 intrans.
1975 3249 2002 3274 υ

542 3316 686 3369 ltem
717 3313 1214 3384 Chrysostomus:
1252 3336 1279 3362 «
1305 3315 1370 3368 Et
1401 3312 1648 3384 quidem
1697 3313 1844 3368 alios
1898 3319 2129 3385 prmter-

471 3404 731 3470 mittens,
765 3403 925 3469 huic,
958 3401 1018 3456 id
1058 3406 1169 3468 est,
1205 3405 1396 3469 Petro,
1445 3401 1519 3456 de
1571 3401 1783 3457 ovibus
1841 3401 2125 3474 disponit,

470 3509 610 3548 cum
647 3493 719 3547 sit
736 3492 1020 3564 princeps
1039 3491 1474 3563 apostolorum,
1505 3496 1561 3544 et
1583 3495 1764 3562 caput
1784 3492 1969 3547 chori.
1995 3494 2127 3547 Pro-

471 3587 598 3652 pter
631 3581 795 3653 quod
828 3580 1045 3636 Paulus
1096 3580 1364 3634 ascendit
1431 3579 1925 3650 Hierosolymam,
1984 3584 2124 3635 tunc

473 3669 674 3724 videre
705 3669 906 3740 ipsum
927 3684 1048 3740 pra:
1077 3668 1328 3722 caeteris.
1368 3690 1397 3716 »
1423 3667 1558 3722 Haec
1577 3674 1713 3723 sunt
1735 3669 1917 3724 verba
1943 3669 2123 3739 Chry-

477 3757 743 3814 sostomi.

547 3861 610 3912 In
627 3855 996 3929 quibusdam
1015 3859 1213 3911 tamen
1235 3853 1544 3910 codicibus
1566 3854 1961 3926 reperiuntur,
1986 3854 2121 3926 quas

476 3945 752 4002 videntur
771 3960 1000 4017 sapere,
1033 3942 1200 4016 quod
1222 3959 1341 3999 non
1367 3943 1564 3998 solum
1589 3945 1775 4010 Petro,
1804 3942 1910 3998 sed
1942 3943 2123 3998 etiam

478 4034 766 4107 apostolis
793 4035 1190 4090 communiter
1228 4031 1508 4088 eamdem
1566 4031 1807 4086 tradidit
1838 4031 2125 4086 Dominus

476 4129 850 4195 potestatem.
883 4125 1071 4194 Super
1091 4137 1212 4194 quo
1242 4120 1544 4176 voluimus
1585 4120 1962 4176 admonitum
1993 4136 2124 4176 esse

479 4213 874 4280 lcctorem,ut
912 4211 1154 4278 habeat,
1196 4225 1316 4281 quo
1366 4209 1581 4264 debeat
1628 4209 1989 4264 adversariis
2038 4224 2121 4263 re-

479 4301 794 4373 spondere,
812 4300 1003 4371 siquae
1021 4300 1476 4354 inveniunturin
1495 4298 1700 4353 Glossa
1716 4297 2122 4370 illirysostomi

480 4391 692 4462 posita,
735 4405 870 4460 quas
917 4387 1119 4443 dicunt
1167 4387 1600 4458 plenitudinem
1651 4388 1955 4458 potestatis
2000 4403 2124 4442 non

479 4495 608 4538 esse
653 4477 932 4533 traditam
982 4480 1214 4531 tantum
1258 4479 1442 4540 Petro,
1505 4476 1609 4529 sed
1654 4475 1938 4531 omnibus
1971 4476 2121 4547 aliis,

478 4536 710 4641 absque
731 4564 1097 4620 dubitatione
1129 4564 1331 4636 aliqua
1348 4536 1867 4635 dicit,quicunque
1897 4536 2121 4636 legerit,
2158 4536 2201 4590 Ι)

478 4658 643 4732 quod
665 4656 769 4712 illa
799 4669 921 4710 non
953 4660 1090 4708 sunt
1111 4653 1295 4708 verba
1317 4653 1743 4723 Chrysostomi,
1793 4653 1896 4708 sed
1927 4655 2123 4725 potius

477 4745 922 4820 'l‘heophylacti,
957 4742 1389 4815 archiepiscopi
1420 4741 1827 4813 Bulgarorum,
1853 4743 1956 4815 qui
1983 4749 2123 4799 mis-

479 4857 580 4895 sus
601 4843 687 4894 est
713 4853 749 4892 a
778 4835 1006 4903 Photio,
1025 4839 1291 4905 tempore
1315 4832 1656 4888 sehismatis
1676 4831 1737 4887 in
1761 4833 2120 4903 Bulgariam,

477 4934 542 4983 ut
560 4929 722 4998 ipsos
740 4925 1043 4994 Bulgaros,
1066 4927 1207 4980 tunc
1230 4922 1513 4994 temporis
1547 4920 1819 4977 Ecclesiae
1841 4925 2122 4980 Romana:

474 5016 725 5072 devotos
760 5020 816 5071 et
844 5013 1206 5083 obedientes,
1234 5012 1311 5068 ad
1343 5013 1675 5067 Graecorum
1706 5011 1852 5068 ritus
1902 5017 1957 5069 et
1980 5013 2122 5069 obe-

474 5104 763 5160 dientiam
785 5107 1108 5159 revocaret.
1132 5101 1300 5167 Quod
1327 5106 1381 5157 et
1407 5102 1628 5157 factum
1651 5106 1761 5156 est.
1785 5104 1898 5158 lste
1923 5102 2122 5176 itaque

472 5191 968 5264 Theophylactus,
1003 5207 1141 5246 cum
1163 5206 1358 5247 omnia
1379 5191 1496 5246 fere
1517 5190 1736 5261 scripta
1760 5190 1925 5247 beati
1949 5194 2123 5249 Joan-

471 5284 566 5339 nis
600 5281 1005 5352 Chrysostomi
1037 5295 1146 5335 suo
1194 5280 1434 5350 ingenio
1485 5279 1916 5347 abbreviasset,
1949 5281 2122 5354 quid-

469 5372 615 5446 quid
636 5387 746 5445 pro
773 5370 1113 5427 Latinorum
1145 5369 1400 5427 Ecclesia
1421 5369 1614 5426 facere
1649 5368 1984 5442 videbatur,
2017 5377 2119 5429 aut

2164 3198 2202 3251 C

2246 554 2607 611 intellectum
2638 554 2924 627 corrupit.
2965 556 3355 612 Inveniuntur
3384 561 3584 612 tamen
3613 556 3903 627 quaedam

2248 643 2560 713 originalia
2612 643 3020 714 Chrysostomi
3076 643 3275 700 adhuc
3306 643 3489 701 illaesa
3523 644 3583 700 in
3623 645 3904 700 armariis

2246 733 2749 789 monasteriorum
2791 736 3152 790 Graecorum.

2321 822 2462 876 Item
2495 822 2679 877 Graeci
2706 821 2767 876 in
2798 821 2995 877 officio
3028 837 3137 878 suo
3181 821 3256 878 de
3311 821 3595 894 apostolis
3643 823 3820 878 Petro
3849 828 3905 879 et

2249 910 2427 966 Paulo
2456 910 2593 966 talia
2623 916 2934 976 testantur,
2969 911 3210 966 cuilibet
3257 911 3499 968 laudem
3553 917 3900 968 cantantes:

2249 1022 2274 1049 ‹‹
2312 1000 2499 1064 Petro,
2549 1000 2651 1071 qui
2695 998 2868 1054 divisi
2929 1004 3070 1055 sunt
3103 1015 3350 1071 corpore
3381 1003 3518 1069 (16),
3561 1001 3709 1055 uniti
3763 1006 3905 1056 sunt

2251 1088 2481 1160 spiritu.
2511 1089 2855 1144 Divinorum
2881 1089 3341 1160 praedicatorum
3373 1090 3764 1161 praepositos;
3797 1092 3905 1144 Pe-

2250 1181 2405 1232 trum
2432 1177 2678 1249 quidem
2728 1183 3018 1249 tanquam
3067 1178 3478 1250 apostolorum
3531 1178 3901 1250 principem;

2251 1265 2500 1322 Paulum
2540 1281 2682 1321 vero
2713 1270 3006 1337 tanquam
3038 1281 3159 1337 prae
3189 1266 3416 1321 czeteris
3438 1264 3844 1324 laborantem.
3879 1290 3898 1316 ι

2320 1358 2462 1410 ltem
2498 1357 2782 1410 Dominus
2804 1354 2864 1409 in
2892 1355 3214 1424 Evangelio
3244 1354 3319 1410 de
3345 1355 3549 1412 Petro:
3593 1356 3678 1410 Tu
3727 1371 3904 1412 voca-

2253 1444 2404 1500 beris
2435 1444 2746 1515 Cephas",
2789 1444 2955 1517 quod
3007 1444 3068 1499 in
3132 1444 3337 1500 Latino
3393 1444 3692 1500 redditum
3728 1451 3900 1502 sonat

2251 1540 2470 1603 caput;
2508 1539 2569 1589 ut
2591 1550 2662 1590 ex
2691 1533 2823 1604 ipsa
2863 1532 3247 1604 impositione
3286 1533 3548 1588 nominis
3593 1542 3775 1604 caput
3804 1537 3902 1590 Ec-

2251 1622 2442 1678 clesiae
2473 1622 2756 1678 eumdem
2797 1621 3257 1677 demonstraret.
3292 1621 3463 1688 Quod
3503 1623 3654 1678 sacri
3688 1628 3906 1679 tracta-

2250 1715 2407 1768 tores
2429 1710 2569 1766 fidei
2590 1709 3064 1776 considerantes,
3083 1709 3427 1781 ubicunque
3448 1709 3522 1765 de
3545 1714 3712 1767 Petro
3738 1727 3907 1767 men-

2252 1803 2475 1858 tionem
2507 1801 2774 1873 aliquam
2800 1799 3086 1868 fecerunt,
3133 1809 3410 1873 κορυφαῖον
3446 1809 3544 1852 τῶν
3576 1799 3906 1870 ἀποστόλων,

2251 1891 2312 1946 id
2343 1898 2450 1960 est,
2473 1894 2654 1962 caput
2673 1889 2763 1945 vel
2781 1889 3054 1944 verticem
3079 1889 3506 1960 apostolorum,
3536 1890 3627 1946 vel
3667 1891 3909 1964 apicem

2248 1980 2728 2036 nominaverunt.
2762 1980 2949 2043 Quam
2969 1979 3429 2049 praerogativam
3461 1979 3724 2034 nominis
3756 1996 3914 2038 nun-

2248 2086 2435 2142 quam
2466 2069 2606 2125 alibi
2628 2068 3130 2139 legi.Quanquam
3151 2071 3479 2123 Germanus
3510 2072 3786 2125 Nicaanus
3817 2086 3913 2125 aro

2248 2159 2684 2230 chiepiscopus,
2736 2158 2844 2211 iste
2898 2155 3140 2226 scilicet,
3193 2157 3296 2229 qui
3340 2172 3533 2229 nuper
3583 2157 3910 2214 defunctus

2246 2253 2353 2315 est,
2387 2247 2444 2302 in
2469 2246 2837 2318 quibusdam
2869 2245 2992 2299 suis
3025 2243 3253 2308 litteris,
3295 2261 3449 2318 quas
3504 2253 3715 2303 contra
3749 2250 3913 2303 Lati-

2244 2353 2461 2393 norum
2483 2336 2665 2392 tidem
2709 2350 2902 2408 nuper
2951 2335 3295 2402 transmisit,
3347 2336 3526 2392 etiam
3559 2338 3908 2408 apostolum

2243 2426 2490 2483 Paulum
2517 2433 2796 2500 κορυφαῖον
2844 2433 2942 2475 τῶν
2995 2423 3294 2476 ἀποστόλων
3342 2426 3696 2482 nominavit.
3749 2428 3909 2492 Quia

2241 2522 2442 2572 autem
2468 2513 2716 2586 quidam
2751 2515 3098 2571 Graacorum
3117 2515 3434 2586 episcopus
3466 2530 3788 2588 nunquam
3821 2521 3909 2573 ta-

2238 2605 2355 2660 lem
2387 2603 2741 2659 abusionem
2774 2619 2834 2657 se
2863 2601 3160 2657 audivisse
3219 2607 3465 2658 testatus
3497 2610 3601 2674 est,
3639 2604 3802 2659 unde
3833 2612 3893 2661 et

2237 2693 2441 2749 derisit
2477 2692 2806 2748 hominem.
2853 2689 2966 2746 Sed
2991 2695 3137 2747 esto.
3171 2691 3320 2755 Quid
3347 2690 3424 2746 ad
3445 2708 3569 2747 rem
3599 2695 3626 2746 Ἰ
3675 2695 3895 2750 Roma-

2237 2799 2351 2838 nus
2383 2797 2648 2853 namque
2670 2779 2954 2852 pontifex,
2985 2795 3109 2835 non
3133 2779 3328 2834 solum
3362 2780 3534 2850 Petri,
3564 2782 3669 2838 sed
3705 2786 3894 2839 etiam

2239 2871 2401 2925 Pauli
2451 2869 2667 2925 meruit
2721 2885 2853 2924 esse
2907 2883 3234 2924 successor.
3300 2872 3461 2925 Petro
3509 2873 3798 2927 successit
3831 2873 3896 2927 in

2241 2963 2528 3030 potestate
2558 2958 2836 3028 clavium,
2866 2956 3046 3012 Paulo
3068 2957 3126 3012 in
3149 2956 3519 3013 discussione
3542 2975 3888 3015 causarum.

2242 3052 2387 3104 Nam
2417 3048 2568 3102 sicut
2590 3051 2791 3102 Petrus
2823 3046 3234 3101 auctoritatem
3282 3045 3506 3116 ligandi
3555 3055 3737 3120 atque
3771 3049 3890 3104 sol-

2240 3137 2418 3192 vendi
2476 3137 2701 3207 accepit
2771 3152 2806 3190 a
2880 3135 3151 3200 Domino,
3216 3136 3296 3190 ita
3353 3137 3566 3192 Paulus
3629 3126 3891 3193 scientiae

2240 3225 2692 3299 plenitudinem.
2740 3227 2801 3279 lit
2830 3224 2962 3279 licet
3009 3240 3220 3279 omnes
3270 3225 3525 3297 apostoli
3572 3226 3805 3296 ligandi
3836 3233 3888 3283 et

2240 3316 2507 3371 solvendi
2539 3315 2736 3370 claves
2763 3330 2797 3368 a
2833 3313 3082 3368 Domino
3115 3316 3499 3386 susceperint,
3548 3317 3750 3372 nullus
3805 3325 3884 3373 ta-

2240 3421 2378 3460 men
2409 3403 2790 3477 plenitudinis
2820 3408 3176 3475 potestatem
3215 3403 3328 3458 sibi
3368 3404 3572 3476 aliquo
3616 3411 3887 3479 tempore

2240 3494 2582 3549 vindicavit.
2617 3495 2761 3548 Sunt
2788 3507 2928 3546 vero
2973 3491 3168 3546 vocati
3202 3491 3262 3546 in
3315 3498 3543 3564 partem
3599 3495 3888 3551 sollicitu-

2233 3583 2414 3650 dinis,
2443 3583 2595 3637 sicut
2624 3581 3057 3652 archiepiscopi
3087 3597 3123 3635 a
3149 3596 3329 3652 papa.
3363 3583 3627 3655 episcopi
3662 3583 3741 3639 ab
3792 3601 3888 3640 ar-

2232 3671 2647 3743 chiepiscopis,
2698 3675 2754 3725 et
2797 3670 2874 3723 ab
2940 3669 3237 3740 episc0pis
3291 3673 3649 3727 sacerdotes.
3717 3674 3887 3730 [Inde

2231 3761 2453 3815 factum
2473 3765 2581 3827 est,
2615 3763 2678 3814 ut
2709 3773 3087 3813 successores
3140 3758 3391 3815 aliorum
3441 3761 3884 3832 apostolorum,

2231 3864 2354 3903 non
2382 3847 2604 3903 summi
2634 3846 2966 3919 pontifices,
2990 3846 3090 3901 sed
3125 3847 3601 3919 archiprzesules,
3653 3849 3746 3904 vel
3784 3866 3886 3906 ar-

2234 3936 2598 4009 chiepiscopi
2629 3937 3385 4006 nuncupentur.Romanus
3419 3953 3558 3991 vero
3590 3939 3885 4008 pontifex,

2234 4027 2377 4098 quia
2399 4028 2590 4093 Petro,
2622 4026 2680 4080 id
2735 4029 2842 4093 est,
2893 4024 3099 4080 Christi
3132 4025 3355 4080 vicario
3411 4028 3715 4096 successit,
3759 4045 3887 4084 non

2232 4118 2528 4172 immerito
2550 4131 2824 4170 summus
2854 4114 3118 4186 pontifex
3150 4120 3205 4170 et
3233 4132 3410 4187 papa,
3442 4115 3554 4172 hoc
3577 4123 3685 4184 est,
3713 4122 3887 4174 Pater

2232 4209 2508 4272 Patrum,
2543 4205 2919 4276 singulariter
2944 4211 3350 4278 nuncupatur.

2303 4299 2569 4354 Aliorum
2596 4298 2772 4352 etiam
2794 4296 3065 4352 locorum
3083 4298 3369 4369 episcopi,
3405 4300 3461 4354 in
3492 4299 3714 4372 quibus
3746 4301 3885 4374 ipse

2233 4387 2622 4461 personaliter
2654 4386 2903 4458 praefuit,
2956 4391 3019 4442 ut
3069 4388 3414 4456 Antiochiae,
3446 4388 3534 4444 vel
3584 4391 3664 4446 ad
3693 4408 3885 4462 quam

2233 4477 2521 4533 vicarium
2550 4491 2725 4530 suum
2765 4474 2944 4541 misit,
2995 4480 3058 4530 ut
3096 4477 3356 4531 Marcum
3407 4477 3801 4546 Alexandriae,
3825 4486 3885 4538 et

2232 4567 2369 4634 item
2399 4568 2677 4622 Cmsareze
2712 4563 3061 4631 Palzestiuze,
3085 4563 3185 4619 ubi
3217 4565 3535 4622 concilium
3557 4568 3878 4638 ordinavit,

2232 4661 2289 4713 et
2327 4656 2375 4711 ei
2404 4655 2562 4710 vices
2611 4669 2750 4710 suas
2799 4653 3116 4721 commisit,
3148 4660 3390 4726 propter
3423 4656 3575 4712 Petri
3598 4673 3880 4715 reveren-

2233 4746 2378 4802 tiam
2410 4744 2710 4813 singulare
2743 4741 3116 4814 privilegium
3145 4748 3201 4798 et
3256 4727 3572 4812 digniﬁtes
3616 4762 3739 4818 prte
3773 4764 3882 4803 cas-

2233 4836 2368 4891 teris
2393 4833 2660 4889 Ecclesiis
2684 4837 3046 4900 meruerunt,
3075 4836 3138 4888 ut
3162 4831 3456 4890 dictarum
3480 4835 3882 4894 Ecclesiarum

2233 4923 2518 4997 episcopi,
2540 4937 2662 4978 non
2678 4921 2872 4977 solum
2891 4921 3158 4992 episcopi
3175 4922 3268 4977 vel
3294 4923 3749 4997 archiepiscopi,
3776 4925 3884 4983 sed

2233 5011 2606 5086 patriarchae,
2632 5011 2746 5067 hoc
2769 5015 2873 5078 est,
2919 5010 3216 5082 principes
3275 5013 3534 5083 Patrum,
3600 5014 3692 5069 vel
3724 5015 3887 5087 prin-

2233 5103 2480 5176 cipales,
2508 5100 2893 5174 appropriato
2925 5099 3240 5168 vocabulo,
3274 5117 3309 5158 a
3339 5103 3566 5158 cunctis
3597 5104 3887 5162 nomina-

2232 5199 2454 5249 rentur.

2307 5282 2362 5339 Si
2387 5297 2526 5337 vero
2553 5279 2858 5353 qua-ritur,
2886 5278 3049 5335 Unde
3107 5295 3248 5350 ergo
3273 5280 3604 5338 Jerusalem
3648 5287 3704 5339 et
3736 5285 3892 5342 Con-

2233 5370 2649 5443 stantinopolis
2668 5369 2891 5427 habent
2922 5369 3323 5442 patriarcham
3347 5371 3374 5427 ?
3408 5371 3886 5444 respondemus:

542 5529 586 5564 ’9
618 5526 792 5583 Joan.
820 5541 940 5595 xxx,
974 5523 1059 5580 t7.
1139 5525 1186 5561 ³ο
1219 5521 1365 5582 Ibid.
1399 5527 1490 5583 22.
1567 5526 1608 5561 ²¹
1644 5524 1840 5582 Matth.
1870 5539 1985 5596 xw,
2021 5528 2104 5583 19.

2260 5526 2429 5582 Joan.
2466 5540 2503 5595 ι,
2536 5525 2629 5579 42.

538 5673 652 5749 (16)
696 5671 883 5728 Locus
911 5669 1248 5743 corruptus.
