4106 6222
432 30 445 45 Ὁ

10 148 45 195 [ι

10 200 19 247 i

275 274 391 329 529
1675 276 1954 335 CONTRA
1996 278 2309 337 GRIECOS.
3587 279 3692 335 530

273 397 346 453 In
387 396 585 470 primo
613 395 872 468 generali
900 397 1170 470 concilio,
1196 397 1400 457 Patres
1431 400 1640 472 sancti,
1675 401 1779 474 qui
1801 402 1939 459 ade-
1967 407 2014 459 Α
2043 403 2344 476 ρι’ωάἱοῑεε
2374 400 2627 458 civitatis
2666 401 2971 475 episcopo,
3026 400 3247 475 petenti
3286 400 3689 460 conﬁrmatio-

273 490 436 555 rant,
460 486 908 544 considerantes
935 487 1049 543 loci
1077 489 1492 556 reverentiam,
1512 492 1585 546 de
1604 491 1935 549 Jerusalem
2043 508 2184 549 nem
2215 509 2338 549 suae
2388 490 2713 563 dignitatis,
2744 495 2798 547 et
2827 491 3099 564 querenti
3146 491 3221 546 de
3262 490 3476 560 legatis
3526 491 3686 547 sedis

274 576 520 645 scilicet,
548 592 736 651 quam
766 576 1126 651 Redemptor
1175 578 1447 636 omnium
1477 596 1588 637 sua
1616 582 1936 654 praesentia
2043 580 2405 654 apostolica,
2435 596 2506 637 eo
2530 578 2696 653 quod
2725 594 2848 635 non
2896 584 3331 636 consenserunt
3384 578 3687 651 praedictas

275 670 337 722 et
390 681 501 723 suo
552 680 765 723 cruore
804 665 1077 740 piissime
1108 666 1391 739 dignatus
1428 673 1517 725 est
1555 685 1928 735 consecrare,
2040 670 2420 736 ordinationi,
2449 669 2531 727 ita
2557 669 2698 725 dicit
2730 685 2742 724 :
2777 690 2807 719 (ι
2838 668 2953 725 Sed
3001 669 3383 741 temetipsum
3413 684 3683 737 accusas,

271 755 574 815 honorem
642 755 1009 828 hujusmodi,
1071 762 1128 815 et
1168 759 1605 832 patriarchatus
1631 761 1931 831 ejusmodi
2038 759 2208 832 quod
2260 760 2342 817 eis
2383 758 2637 830 (legatis)
2686 772 2897 830 parere
2950 757 3232 823 nolueris,
3296 757 3444 812 dum
3485 756 3689 814 illicita

269 843 392 902 loci
418 846 703 919 episcopo
729 845 1135 919 dispensative
1155 853 1599 906 concesserunt.
1647 850 1931 907 Dixerunt
2036 848 2300 916 moliris;
2348 847 2647 921 superﬂue
2701 861 2827 903 non
2866 845 3251 903 concedenda
3294 850 3587 917 appetens
3629 850 3688 903 et

270 934 476 992 enim:
526 956 555 985 ς(
600 935 947 1001 Statuimus,
998 941 1064 993 ut
1108 935 1267 993 Eliae
1314 938 1633 1012 episcopus
1684 943 1928 1011 propter
2034 937 2415 995 insalubriter
2444 935 2736 992 contraria
2777 935 3233 1009 concupiscens,
3266 950 3402 1007 quae
3447 934 3682 991 nullum

264 1024 666 1081 reverentiam
725 1024 976 1096 Domini,
1010 1026 1525 1098 praeminentiam
1571 1027 1661 1083 vel
1702 1043 1926 1101 praero-
2033 1043 2305 1101 unquam
2335 1028 2656 1099 potuerunt
2678 1028 2955 1081 nostrum
2984 1024 3251 1081 obtinere
3282 1039 3671 1082 consensum.

268 1113 533 1186 gativam
594 1113 888 1169 honorem
947 1114 1387 1186 patriarchatus
1440 1115 1700 1173 habeat:
1757 1116 1925 1175 salvo
2033 1116 2199 1172 Absit
2224 1116 2382 1172 enim
2413 1132 2450 1171 a
2479 1114 2841 1172 conscientia
2878 1130 3034 1183 mea,
3065 1118 3131 1170 ut
3154 1117 3278 1170 tam
3299 1128 3491 1186 prava
3516 1114 3682 1186 cupi-

262 1203 404 1275 jure
465 1207 523 1259 et
586 1202 915 1259 reverentia
981 1203 1349 1276 metropolis,
1408 1226 1435 1255 n
1492 1205 1607 1261 hoc
1667 1209 1776 1273 est,
1828 1222 1923 1263 ar-
2033 1206 2188 1264 ditas
2230 1206 2378 1262 meis
2422 1204 2634 1261 studiis
2682 1204 3022 1275 adjuvetur,
3050 1225 3078 1253 ››
3122 1207 3230 1259 etc.
3283 1204 3419 1259 Htec
3469 1204 3679 1262 autem

265 1290 643 1365 chiepiscopi
688 1289 1013 1347 Palaestinae
1045 1292 1351 1349 Caesareae.
1393 1292 1563 1359 Quod
1615 1292 1751 1349 ideo
1798 1292 1921 1350 fac-
2032 1298 2251 1371 scripta
2273 1297 2483 1353 suntin
2511 1296 2692 1367 gestis
2714 1294 2915 1368 quarti
2931 1293 3184 1365 concilii,
3210 1292 3286 1350 de
3302 1310 3423 1368 quo
3445 1294 3676 1367 praefati

268 1385 401 1436 tum
468 1384 578 1449 est,
640 1379 786 1453 quia
856 1379 1162 1437 Cornelius
1223 1381 1511 1448 centurio,
1557 1381 1708 1439 sicut
1768 1383 1921 1440 dixi-
2031 1403 2267 1443 sumus.

265 1485 427 1536 mus,
457 1484 495 1526 a
522 1471 687 1525 Petro
717 1468 993 1542 apostolo
1022 1470 1343 1542 episcopus
1358 1469 1582 1526 ibidem
1606 1471 1921 1529 ordinatus
2101 1476 2214 1532 Sed
2230 1474 2546 1544 Gregorius
2565 1473 2846 1543 Dialogus
2858 1472 3213 1546 episcopum
3227 1471 3497 1541 ejusdem
3509 1472 3676 1528 urbis

263 1558 426 1613 vices
451 1557 646 1628 ipsius
675 1556 932 1629 apostoli
960 1557 1371 1629 apostolorum
1402 1559 1688 1633 principis
1716 1560 1776 1616 in
1798 1560 1921 1618 vita
2029 1558 3441 1634 Eleemosynariumreprehendens,eoquodtale
3454 1575 3677 1616 nomen

263 1663 378 1704 sua
408 1647 679 1717 gerebat.
713 1644 1017 1703 Distinctio
1048 1648 1426 1717 sexagesima
1470 1648 1681 1721 quinta
1708 1650 1790 1706 ita
1816 1648 1921 1707 ha-
2026 1652 2247 1710 habere
2279 1650 2751 1725 praesumpserit,
2780 1649 2862 1705 ita
2891 1648 3094 1704 scribit
3114 1648 3176 1702 in
3208 1662 3316 1703 suo
3360 1647 3624 1717 Registro
3658 1665 3671 1703 :

258 1737 379 1806 bet,
413 1751 605 1809 quam
640 1751 773 1791 mos
806 1735 1090 1809 antiquus
1119 1740 1175 1791 et
1204 1741 1441 1793 vetusta
1470 1736 1709 1794 traditio
1759 1739 1917 1795 obti-
1944 1754 1989 1807 Β
2027 1766 2053 1795 ‹‹
2090 1742 2257 1815 Papa
2277 1742 2527 1813 insuper
2568 1743 2875 1795 Romanus
2904 1754 3043 1794 cum
3080 1736 3351 1792 oblatum
3380 1740 3534 1792 esset
3556 1736 3609 1792 ei
3638 1752 3675 1792 a

258 1826 413 1893 nuit,
440 1829 507 1879 ut
553 1823 739 1890 Elite,
761 1823 821 1879 id
863 1827 972 1890 est,
1022 1825 1346 1880 Jerusalem
1389 1826 1673 1898 episcopo
1721 1827 1919 1883 honor
2026 1830 2290 1887 conciliis
2312 1845 2536 1886 nomen
2556 1828 3063 1899 illud,nunquam
3084 1826 3271 1882 voluit
3296 1825 3616 1896 suscipere:
3644 1847 3671 1875 ››

258 1914 590 1982 deferatur,
646 1912 867 1969 habeat
930 1918 1367 1985 consequenter
1411 1915 1726 1982 honorem,
1786 1932 1915 1972 ma-
2024 1923 2091 1977 Et
2145 1924 2282 1992 post
2309 1934 2546 1992 pauca:
2583 1940 2612 1969 ‹‹
2647 1916 2925 1985 Sufficiet,
2959 1916 3172 1988 inquit,
3231 1914 3357 1983 tibi,
3393 1914 3560 1986 quod
3589 1914 3675 1970 di-

254 2009 439 2060 nente
482 2008 689 2060 tamen
723 2001 1197 2074 metropolitante
1244 2002 1492 2059 civitatis
1538 2003 1784 2077 propria
1829 2004 1916 2060 di-
2024 2009 2311 2080 gnitatem
2342 2006 2819 2080 patriarcharum
2868 2004 3146 2060 dedimus
3186 2002 3313 2071 tibi,
3374 2018 3514 2057 cum
3548 2018 3672 2058 non

256 2093 508 2163 ειιὶιειιε·
2020 2097 2246 2154 habeas
2294 2096 2520 2152 sedem.
2554 2113 2584 2149 ›
2618 2094 2831 2151 Sedem
2860 2096 3035 2148 vocat
3085 2090 3496 2148 auctoritatem
3524 2091 3671 2147 Petri

332 2180 882 2254 Constantinopolis
895 2202 923 2230 «
932 2181 1383 2252 propriesedem
1402 2200 1509 2237 non
1521 2182 1697 2239 habet
1722 2201 1734 2252 ;
1755 2204 1784 2232 ››
1809 2183 1914 2239 sed
2020 2185 2327 2242 videlicet:
2373 2184 2575 2240 locum
2606 2198 2787 2257 quem
2820 2195 2923 2253 per
2950 2196 3031 2247 se,
3054 2179 3150 2234 vel
3178 2194 3285 2252 per
3313 2177 3499 2234 alium
3522 2194 3671 2250 prae-

263 2269 635 2326 ‘l‘heodosius
673 2268 1000 2341 imperator
1025 2269 1087 2324 in
1119 2268 1387 2325 secundo
1417 2270 1667 2326 concilio
1724 2272 1916 2341 coegit
2024 2274 2278 2331 sidendo
2326 2271 2807 2329 auctorisabilem
2841 2275 2898 2325 et
2950 2268 3341 2324 reverendum
3388 2266 3666 2334 reddidit,

276 2363 518 2415 rentum
539 2357 970 2430 quinquaginta
1001 2360 1218 2427 Patres,
1253 2358 1409 2414 clam
1437 2375 1677 2417 summo
1728 2360 1915 2415 Ponti-
2022 2367 2086 2420 ut
2112 2363 2321 2419 merito
2354 2360 2529 2419 sedes
2560 2359 2894 2434 apostolica
2912 2357 3272 2413 nominetur.
3299 2358 3419 2412 Hoc
3435 2371 3672 2427 semper

275 2446 411 2519 tice,
458 2448 577 2503 sine
619 2447 789 2519 cujus
834 2461 1136 2503 consensu
1163 2446 1290 2503 ﬁeri
1319 2462 1444 2503 non
1495 2448 1707 2520 potuit,
1737 2453 1915 2521 prout
2023 2450 2565 2523 Constantinopolis
2604 2448 2857 2505 curavit.
2911 2449 3153 2519 Propter
3197 2443 3365 2517 quod
3416 2449 3475 2499 et
3518 2444 3670 2500 inter

254 2535 590 2606 legentibus
616 2535 781 2592 hunc
808 2535 1075 2592 libellum
1108 2536 1352 2608 patebit,
1397 2540 1464 2593 ut
1498 2538 1914 2594 Constantino-
2022 2541 2194 2597 sedes
2224 2539 2585 2613 apostolicas
2610 2552 2732 2593 non
2758 2540 3108 2593 numeratur
3138 2532 3233 2589 vel
3265 2537 3667 2605 computatur.

248 2625 409 2698 polis
438 2625 641 2681 sedem
674 2624 1088 2687 sublimarent,
1119 2639 1345 2681 nomen
1375 2626 1427 2682 ei
1471 2626 1911 2698 patriarchatus
2096 2628 2262 2684 Unde
2295 2631 2406 2684 [.eo
2452 2642 2617 2700 papa
2647 2626 2709 2681 in
2764 2641 2817 2680 ιν
2874 2622 3125 2679 concilio
3180 2620 3258 2677 ad
3319 2621 3669 2677 Martianum

245 2714 668 2783 attribuentes,
705 2714 873 2787 quod
926 2720 1063 2771 ante
1110 2730 1235 2771 non
1291 2714 1575 2771 habebat.
1626 2719 1911 2772 Processu
2022 2717 2467 2790 imperatorem,
2497 2715 2572 2771 de
2594 2713 2886 2777 Anatolio,
2916 2710 3178 2782 praefatae
3200 2708 3365 2765 urbis
3386 2709 3670 2780 episcopo

240 2818 387 2858 vero
419 2804 734 2876 temporis,
759 2809 1061 2860 crescente
1088 2806 1421 2860 Graecorum
1452 2804 1699 2874 malitia,
1731 2809 1788 2860 et
1807 2820 1910 2877 po-
2024 2811 2243 2863 temere
2270 2808 2597 2877 usurpante
2618 2802 2718 2874 jus
2743 2816 2867 2857 non
2889 2799 3004 2856 sibi
3022 2814 3400 2866 concessum,
3429 2798 3511 2853 ita
3533 2797 3668 2853 scri-

240 2892 426 2948 tentia
458 2892 889 2958 invalescente,
941 2894 1166 2960 Patres,
1221 2894 1324 2964 qui
1385 2898 1791 2949 convenerant
1844 2893 1906 2948 in
2021 2895 2150 2952 bit:
2190 2918 2210 2944 ι
2248 2895 2513 2952 Sufﬁciat
2557 2892 2864 2965 praedicto,
2900 2888 3120 2945 scilicet
3162 2885 3455 2952 Anatolio,
3505 2886 3672 2957 quod

236 2985 457 3052 quarto
488 2980 762 3045 concilio,
791 2996 974 3036 suasu
996 2981 1281 3053 principis
1304 2982 1593 3051 Martiani,
1621 2981 1905 3054 quaedam
2021 2989 2138 3040 tuae
2185 2984 2421 3056 pietatis
2475 2981 2696 3038 auxilio
2720 2986 2776 3036 et
2840 2977 3039 3035 studio
3088 2990 3193 3032 seu
3250 2974 3667 3038 sollicitudine,

234 3068 557 3142 privilegia
587 3073 873 3126 Romanas
924 3070 1086 3126 sedis
1136 3070 1380 3140 similia,
1432 3076 1489 3126 et
1534 3071 1648 3127 hoc
1683 3086 1902 3128 nomen
1948 3100 1989 3156 ρ
2019 3076 2227 3129 nostro
2260 3087 2513 3128 assensu
2555 3074 2733 3126 tanta-'2
2782 3066 3032 3135 civitatis
3079 3063 3490 3156 episcopatum
3522 3062 3668 3117 obti-

238 3159 599 3230 οἰκουμινικὸς
652 3158 1012 3230 patriarcha,
1060 3158 1228 3231 quod
1280 3163 1473 3221 sonat,
1523 3159 1899 3227 orbicularis,
1957 3150 1989 3156 ⁷
2017 3162 2181 3218 nuit:
2210 3176 2321 3217 nec
2366 3159 2684 3228 indignum
2716 3172 2776 3213 se
2825 3155 3001 3213 faciat
3029 3152 3253 3208 habere
3290 3150 3552 3220 regalem
3583 3151 3663 3206 ci-

239 3248 366 3303 sive
382 3248 738 3304 universalis
755 3248 1115 3317 patriarcha,
1141 3248 1335 3305 eidem
1358 3249 1904 3321 Constantinopoli-
2012 3251 2295 3307 vitatem:
2331 3264 2518 3321 quam
2548 3246 2796 3319 quidem
2843 3241 3239 3316 apostolicum
3285 3240 3512 3308 locum,
3544 3238 3663 3295 sive

243 3342 385 3393 tano
409 3337 719 3409 episcOpo,
749 3337 1301 3394 contradicentibus
1355 3338 1698 3410 apostolica!
1743 3334 1901 3394 sedis
2014 3339 2217 3395 sedem
2250 3338 2443 3393 facere
2473 3351 2594 3392 non
2625 3334 2858 3407 poterit.
2904 3330 3021 3388 Sed
3076 3344 3187 3386 nec
3235 3328 3437 3399 aliquo
3475 3325 3661 3382 modo

240 3424 475 3495 legatis,
524 3425 921 3482 contulerunt.
980 3428 1067 3489 Et,
1138 3431 1200 3482 ut
1239 3426 1462 3482 habeat
1509 3426 1774 3498 primum
1813 3426 1899 3482 lo-
2013 3432 2227 3501 speret,
2252 3426 2418 3499 quod
2438 3423 2801 3481 offendendo
2821 3421 2989 3491 alios,
3015 3417 3352 3492 possitipse
3374 3431 3657 3471 crescere.

244 3530 385 3570 cum
399 3520 540 3586 post
552 3529 774 3586 papam
793 3530 959 3570 :cum
973 3513 1405 3570 Alexandrinus
1417 3516 1903 3588 archiepiscopus
2012 3520 2161 3574 Nam
2178 3514 2584 3588 praerogativae
2598 3513 2898 3569 honorum
2917 3513 3261 3565 sanctarum
3273 3504 3660 3561 ecclesiarum

244 3604 532 3677 primitus
562 3620 697 3660 eam
727 3603 1083 3674 dignitatem
1131 3603 1432 3674 habuerit,
1483 3606 1544 3660 in
1594 3606 1810 3677 primo,
1845 3610 1902 3662 et
2010 3608 2246 3662 Patrum
2268 3602 2626 3667 canonibus,
2646 3606 2702 3656 et
2722 3597 3076 3656 venerabilis
3098 3593 3313 3667 synodi
3338 3593 3544 3648 Nicaeae
3566 3607 3658 3647 ce-

245 3692 543 3760 secundo,
579 3698 634 3749 et
682 3693 854 3749 tertio
884 3692 1161 3760 concilio,
1212 3698 1454 3766 propter
1502 3695 1898 3751 reverentiam
2008 3693 2252 3750 lebrataa
2278 3691 2547 3761 decretis,
2578 3690 2916 3758 constituta,
2964 3684 3130 3742 nulla
3173 3686 3427 3757 possunt
3475 3686 3659 3736 teme-

242 3781 408 3837 beati
460 3781 654 3845 Marci,
699 3781 978 3852 discipuli
1019 3780 1180 3837 beati
1227 3782 1399 3841 Petri.
1476 3786 1897 3839 Verumtamen
2007 3784 2197 3841 ritatis
2226 3781 2481 3839 audacia
2506 3778 2888 3846 moveri,nec
2935 3775 3113 3831 etiam
3146 3772 3349 3845 aliqua
3395 3769 3658 3827 novitate

240 3870 391 3942 quia
416 3886 491 3926 ea
529 3869 969 3926 definiebantur
994 3869 1056 3925 in
1105 3870 1369 3927 conciliis
1421 3870 1547 3927 sine
1600 3888 1897 3928 consensu
2008 3871 2247 3929 mutari.
2285 3894 2312 3921 ››
2349 3870 2512 3927 Unde
2553 3869 2768 3925 beatus
2800 3864 3115 3935 Gregorius
3166 3860 3445 3929 Dialogus
3494 3858 3656 3925 die“.

238 3974 443 4031 papae,
479 3957 572 4014 vel
596 3957 930 4029 legatorum
961 3958 1172 4030 ipsius,
1217 3956 1403 4015 robur
1438 3959 1735 4016 firmitatis
1792 3961 1898 4017 ha-
2006 3977 2146 4017 cum
2177 3960 2253 4017 de
2275 3959 2519 4015 sedibus
2550 3954 2930 4028 generalibus
2986 3952 3209 4008 faceret
3262 3948 3650 4013 mentionem,

236 4047 385 4103 bere
412 4062 536 4103 non
565 4051 860 4119 poterant,
891 4046 1033 4103 dicti
1072 4049 1271 4103 Patres
1301 4063 1351 4102 ιν
1398 4047 1631 4104 concilii
1656 4054 1893 4117 cuncta,
2007 4051 2163 4107 sicut
2192 4064 2375 4122 supra
2396 4049 2455 4104 in
2479 4050 2730 4103 tractatu
2750 4044 2826 4099 de
2857 4043 3234 4097 sacramento
3272 4035 3654 4093 Eucharistite

237 4152 381 4208 quae
413 4140 676 4205 egerant,
709 4133 790 4191 ad
813 4135 1014 4207 ipsum
1045 4135 1530 4195 transmittentes.
1556 4142 1765 4209 petunt
1788 4138 1895 4193 hu-
2005 4144 2315 4196 ostensum
2347 4142 2452 4202 est,
2480 4133 2799 4191 Ecclesiam
2831 4132 3091 4201 quatuor
3119 4124 3434 4182 ordinibus
3457 4123 3656 4179 distri-

237 4224 462 4282 militer
490 4224 842 4281 earumdem
872 4224 1414 4282 conﬁrmationem.
1447 4226 1561 4282 Sed
1585 4226 1729 4298 quia
1780 4226 1896 4283 tale
2005 4226 2215 4283 butam
2241 4240 2391 4293 esse,
2416 4224 2475 4279 id
2502 4228 2608 4287 est,
2633 4226 3061 4282 Romanorum,
3082 4213 3653 4285 Hierosolymorum,

238 4314 592 4371 ambitionis
621 4315 1898 4387 nomenetpotestatemusurpatamindebi-
2005 4313 2647 4380 Alexandrinorum,et
2701 4306 3211 4363 Antiochenorum
3254 4319 3267 4357 :
3319 4300 3423 4373 qui
3479 4315 3657 4371 gene-

239 4408 321 4469 te,
356 4418 481 4458 non
505 4403 631 4458 sine
648 4402 1108 4474 magnainjuria
1129 4402 1386 4459 aliorum
1415 4404 1897 4475 patriarcharum
1929 4450 1972 4504 D
2004 4404 2224 4467 raliter,
2249 4401 2519 4474 inquam,
2556 4396 2814 4455 Ecclesia
2856 4393 3221 4504 nominetur.

283 4497 294 4504 .
472 4493 482 4502 ι
843 4492 874 4504 η
905 4492 917 4503 ο
1352 4496 1361 4504 .
1390 4493 1421 4504 μ.
1554 4492 1564 4503 ο
1606 4492 1617 4504 ο
1645 4492 1660 4504 1
1762 4492 1775 4504 ι
2080 4492 2140 4504 --ο
2322 4491 2331 4501 -
2392 4490 2405 4504 1
2477 4489 2488 4504 ι
2599 4488 2652 4504 ,αι
2689 4502 2715 4504 ,_
2811 4484 3062 4504 ,-___IA_-...
3097 4480 3153 4504 --Ξ
3208 4496 3221 4504 ι

241 4497 304 4548 et
322 4493 586 4548 maxime
611 4492 921 4565 papze,sibi
936 4496 1368 4561 arrogaverunt
1383 4492 1739 4556 Grieci;ideo
1760 4492 1899 4550 bea-
1929 4477 1972 4504 υ
2079 4492 2179 4548 Hic
2204 4507 2266 4547 se
2287 4491 2371 4546 sic
2391 4488 2776 4553 habentibus,
2808 4484 3068 4540 multum
3097 4479 3336 4537 videtur
3356 4477 3655 4551 oppositio

239 4587 342 4638 tus
376 4585 490 4638 Leo
521 4597 679 4655 papa
705 4582 969 4655 petitioni
996 4581 1230 4638 concilii
1271 4582 1436 4638 nullo
1465 4582 1646 4639 modo
1700 4599 1901 4641 assen-
2005 4579 2415 4656 quorumdam
2458 4578 2804 4634 Latinorum
2848 4573 3163 4639 infirmari,
3216 4568 3384 4642 quod
3428 4568 3655 4656 dicunt,

242 4686 384 4727 sum
403 4670 672 4742 prmbere
688 4670 892 4735 voluit,
915 4670 1022 4726 sed
1039 4670 1273 4743 scripsit
1287 4670 1370 4726 eis
1384 4671 1468 4726 sic
1485 4674 1600 4742 (17)
1622 4692 1679 4732 ;‹‹
1700 4672 1782 4728 De
1802 4688 1863 4729 ne

2034 4655 2172 4743 juod
2201 4668 2575 4743 patriarchiaa
2622 4666 2798 4721 dictae
2854 4666 3012 4733 sunt,
3065 4660 3211 4734 quia
3260 4658 3323 4714 in
3374 4657 3467 4714 his
3508 4655 3655 4712 locis

241 4760 425 4829 gotiis
453 4758 593 4814 ﬁdei
621 4758 924 4831 synodum
945 4758 1299 4828 congregari
1327 4759 1729 4831 permisimus,
1754 4766 1811 4816 et
1838 4764 1904 4817 ut
2005 4758 2261 4834 apostoli
2285 4756 2717 4830 praesederunt.
2738 4752 2853 4810 Sed
2878 4767 2970 4820 eo,
2988 4748 3154 4824 quod
3179 4747 3490 4820 apostolus
3507 4760 3657 4817 prae-

238 4854 593 4903 sanctorum
626 4848 869 4903 Patrum
896 4862 1162 4903 canones
1198 4853 1644 4914 conserventur,
1678 4865 1813 4922 quae
1843 4850 1901 4905 in
1966 4882 1972 4888 ο
2008 4851 2182 4919 sidet,
2215 4849 2277 4905 id
2304 4852 2393 4904 est
2438 4850 2661 4914 Petrus,
2715 4843 2810 4900 vel
2838 4857 2945 4915 per
2976 4857 3059 4907 se,
3125 4838 3221 4893 vel
3276 4851 3456 4891 suum
3498 4834 3657 4890 vica-

238 4936 481 4995 Nicaena
512 4935 748 5008 synodo
775 4936 1147 4992 inconcussis
1174 4934 1563 5004 dogmatibus
1593 4937 1751 4995 edita
1779 4937 1898 4993 fue-
2004 4940 2183 5003 rium,
2213 4937 2437 4994 valeret
2479 4934 2641 5008 quod
2694 4933 2927 4989 dicitur.
2982 4929 3041 4985 Si
3099 4924 3446 4998 simpliciter
3491 4923 3659 4980 intel-

233 5032 404 5083 runt.
439 5027 836 5098 Quapropter,
869 5025 1143 5098 inquam,
1177 5025 1653 5082 consideratione
1688 5032 1898 5083 vestrae
2003 5028 2107 5099 ligi
2138 5026 2363 5093 volunt,
2393 5022 2705 5098 quomodo
2731 5025 2890 5077 stare
2931 5018 3122 5091 possit
3165 5028 3289 5071 non
3335 5013 3653 5070 videmus:

236 5114 577 5171 sanctitatis
606 5114 937 5180 innotesco,
969 5113 1134 5186 quod
1160 5113 1579 5181 Ecclesiarum,
1612 5121 1791 5188 prout
1821 5116 1900 5173 ab
2004 5116 2296 5191 quoniam
2327 5118 2524 5171 essent
2551 5112 2773 5186 plures,
2797 5123 2984 5182 quam
3003 5106 3149 5162 haec.
3175 5106 3290 5160 Nec
3319 5103 3529 5159 omnia
3563 5117 3657 5158 su-

234 5203 356 5261 illis
403 5202 682 5258 trecentis
728 5201 937 5258 decem
996 5206 1054 5257 et
1100 5208 1235 5258 octo
1294 5203 1569 5259 Patribus
1616 5204 1901 5261 divinitus
2003 5204 2442 5280 pranominata
2460 5202 2595 5259 loca
2613 5194 3264 5274 patriarchali,honore
3281 5194 3655 5280 ornarentur.

238 5291 553 5365 inspiratis
583 5290 742 5347 edita
772 5295 930 5356 sunt,
963 5290 1245 5348 volumus
1276 5296 1341 5347 ut
1372 5300 1803 5364 permaneant;
1836 5299 1902 5352 ut
2005 5276 2216 5352 Nullus
2245 5292 2405 5349 enim
2440 5288 2858 5363 apostolorum
2908 5283 3083 5340 sedit.
3119 5276 3658 5352 Constantinopoli,

239 5381 326 5439 nil
349 5378 758 5436 inverecunda
775 5378 1023 5437 ambitio
1044 5378 1365 5437 desideret.
1401 5404 1428 5431 ››
1464 5382 1605 5439 Inde
1624 5382 1900 5441 Anatolio
2007 5382 2102 5439 vel
2124 5379 2515 5447 Alexandrina,
2548 5377 2663 5435 nisi
2709 5375 2861 5434 Petri
2889 5370 3191 5445 dicipulus
3243 5373 3485 5428 sanctus
3514 5370 3662 5424 Mar-

318 5552 433 5635 (t?)
465 5552 525 5617 Ι.
556 5550 675 5616 Lee
704 5548 783 5616 ad
811 5546 1134 5616 consilium
1164 5559 1224 5616 ιν
