4106 6222
454 240 551 295 531

1670 229 2155 291 PANTALEONIS
2193 228 2479 286 DIACONI
2522 229 2631 284 (ΖΡ.

3763 222 3892 277 532

457 379 583 418 cus.
614 361 774 419 Sedit
798 361 955 417 enim
987 358 1297 416 Mediolani
1323 357 1650 426 Barnabas,
1680 358 1900 414 electus
1957 371 2100 429 apo-
2131 358 2180 413 Α
2212 354 2476 415 tentiam.
2499 356 2822 424 antequam
2842 368 2914 409 ea
2932 366 3067 423 quae
3087 354 3254 419 gesta
3272 355 3431 415 sunt,
3456 364 3592 405 cum
3622 346 3902 402 veritate

460 453 646 506 stolus
677 451 944 522 gentium
965 465 1101 503 cum
1123 448 1297 503 beato
1324 446 1535 509 Paulo,
1553 452 1611 503 et
1632 446 1815 517 aliqui
1845 446 1918 501 de
1946 460 2097 515 apo-

462 539 625 595 stolis
675 538 1039 610 quibusdam
1085 535 1431 607 regionibus
1478 535 1809 607 specialiter
1854 531 2106 607 praefue-

461 632 620 684 runt.
655 626 765 683 Sed
800 626 847 681 si
895 624 1304 698 quorumdam
1336 623 1770 697 apostolorum,
1820 628 1877 677 et
1930 620 2104 676 disci-

462 716 741 788 pulorum
777 715 1009 771 Domini
1040 714 1225 771 sessio
1246 713 1467 769 faceret
1490 712 1733 768 sedem:
1767 711 2105 767 necessario

462 809 636 870 esset,
670 802 821 859 sicut
873 803 1156 867 diximus,
1197 802 1363 875 quod
1409 805 1607 857 essent
1653 800 1875 874 plures,
1920 813 2105 875 quam

462 893 727 965 quinque
758 891 1112 964 patriarchae
1138 892 1199 946 in
1230 889 1479 946 mundo.
1534 888 1647 945 Sed
1678 888 1967 960 quoniam
1990 886 2106 941 hoc

460 996 583 1037 non
614 980 904 1049 videmus,
939 980 1222 1052 sequitur,
1256 977 1421 1051 quod
1453 979 1645 1048 gratia
1688 977 1833 1033 Petri
1890 974 2105 1049 praedi-

462 1075 691 1126 ctarum
723 1069 1028 1125 civitatum
1060 1069 1233 1124 sedes
1265 1068 1557 1125 honorem
1587 1065 1941 1138 hujusmodi
1985 1079 2107 1136 prae

462 1158 685 1214 cmteris
724 1158 995 1213 Ecclesiis
1052 1161 1425 1213 meruerunt.
1481 1155 1751 1228 Suscepit
1796 1154 2001 1209 Petrus
2046 1151 2105 1206 in

458 1246 827 1320 plenitudine
853 1247 1261 1319 potestatis,et
1275 1262 1409 1302 eam
1441 1246 1692 1318 posteris
1724 1244 1845 1299 suis
1876 1257 2109 1298 succes-

459 1336 586 1391 sivo
608 1337 741 1405 jure
772 1335 1035 1403 dimisit;
1068 1340 1132 1390 ut
1161 1335 1263 1407 qui
1294 1334 1355 1389 in
1385 1350 1457 1389 ea
1482 1333 1645 1401 sede,
1693 1348 1902 1405 quam,
1936 1336 2000 1386 ut
2028 1330 2110 1385 ita

457 1423 678 1495 dicam,
711 1424 1001 1496 martyrio
1029 1424 1223 1479 crucis
1280 1422 1654 1480 consecravit
1678 1438 1787 1497 pro
1834 1419 2105 1483 Domino,

455 1512 627 1584 isque
677 1514 1011 1569 secundum
1044 1527 1339 1567 canonem
1372 1511 1547 1567 fuerit
1596 1511 1839 1575 electus,
1900 1507 2109 1565 Christi

461 1601 715 1656 vicarius
745 1617 867 1657 non
899 1601 1198 1657 immerito
1224 1606 1642 1669 cognoscatur.
1684 1598 1856 1665 Quod
1904 1604 1966 1654 ut
2002 1612 2106 1662 ne:

2217 442 2562 508 audiamus,
2597 464 2625 490 »
2652 445 2763 496 etc.

2289 530 2452 586 Idem
2476 532 2588 584 Leo
2628 544 2788 602 papa
2811 529 2924 592 his,
2966 528 3152 601 quiin
3178 527 3431 583 concilio
3483 523 3693 598 Ephesi
3729 519 3902 579 cele-

2215 618 2388 674 brato
2419 622 2605 683 erant,
2635 618 2712 673 ita
2740 618 2945 673 scribit
2972 635 2984 672 :
3019 640 3046 665 «
3074 622 3273 690 Itaque
3322 616 3398 671 ad
3442 613 3899 688 perfectionem

2216 706 2501 763 divinitus
2555 711 2914 762 statutorum
2973 704 3314 778 apostolicae
3364 702 3662 759 cathedrae
3706 699 3903 772 petiit

2215 797 2542 869 imperator
2572 795 2797 868 apponi
2852 794 3370 851 conﬁrmationem
3417 796 3705 866 tanquam
3737 806 3782 846 a
3809 791 3888 844 Β.

2214 888 2383 941 Petro
2414 884 2587 940 fuerit
2617 883 2790 940 facta.
2825 906 2852 934 ››

2284 974 2430 1030 Item
2460 974 2763 1049 principes
2796 973 2899 1046 qui
2931 974 3253 1031 intererant
3294 972 3549 1028 concilio
3599 970 3736 1027 loco
3775 970 3897 1026 im-

2214 1066 2530 1137 peratoris,
2561 1064 2636 1119 de
2680 1080 2839 1136 papa
2870 1066 2949 1120 ita
3000 1063 3368 1136 loquuntur:
3405 1087 3425 1111 α
3488 1062 3638 1129 Quia
3694 1060 3901 1130 igitur

2214 1148 2368 1209 lecta
2396 1158 2484 1209 est
2535 1153 2785 1226 epistola
2818 1153 3045 1209 domini
3090 1154 3275 1208 nostri
3329 1150 3514 1208 sancti
3570 1150 3761 1205 Patris
3795 1164 3896 1204 ar-

2217 1241 2582 1314 chiepiscopi
2611 1242 2837 1309 Leonis,
2867 1242 2966 1313 qui
2992 1240 3341 1295 cathedram
3366 1238 3763 1312 apostolicam
3794 1253 3897 1293 or-

2217 1336 2340 1396 nat,
2368 1330 2597 1403 expedit
2634 1331 2810 1387 etiam
2869 1340 2931 1384 ut
2972 1330 3129 1385 beati
3184 1328 3378 1401 Cyrilli
3410 1326 3683 1403 epistola,
3740 1342 3894 1403 quae

2217 1424 2423 1475 contra
2450 1420 2778 1475 Nestorium
2816 1420 3057 1491 scripta,
3090 1418 3346 1489 legatur.
3382 1440 3407 1465 »ι

2288 1507 2427 1563 Item
2452 1508 2590 1563 dicti
2628 1508 2834 1563 Leonis
2858 1522 3030 1580 papae
3062 1506 3375 1579 epistolam
3413 1506 3488 1562 de
3510 1504 3755 1560 duabus
3778 1520 3890 1559 na-

2218 1596 2363 1651 turis
2392 1597 2452 1651 in
2484 1596 2732 1663 Christo,
2766 1595 3005 1669 plenam
3048 1595 3231 1653 ﬁdem
3290 1595 3699 1651 continentem
3756 1601 3894 1647 tota

456 1688 780 1745 scientibus
807 1693 1087 1761 antiquas
1130 1688 1412 1745 historias
1460 1689 1813 1754 innotescat,
1860 1701 2108 1759 quoquo
2139 1702 2180 1761 Β
2216 1685 2477 1759 perfecta
2501 1686 2772 1757 synodus
2800 1686 3011 1740 devote
3055 1685 3388 1757 suspiciens
3415 1688 3471 1739 et
3498 1670 3889 1759 approbatis,

459 1777 644 1833 modo
674 1777 750 1832 de
779 1776 981 1833 multis
1010 1790 1205 1851 pauca
1237 1778 1299 1845 in
1322 1776 1589 1833 medium
1619 1775 1997 1831 adducimus.

529 1866 920 1921 Scribitenim
952 1868 1062 1922 Leo
1100 1881 1261 1939 papa
1292 1864 1406 1937 (18)
1458 1864 1837 1933 congregatis
1888 1863 2109 1918 sanctis

454 1953 724 2011 Patribus
753 1954 812 2009 in
844 1959 1060 2025 quarto
1091 1954 1345 2010 consilio
1386 1954 1501 2010 sic:
1536 1976 1563 2002 «
1599 1954 1748 2009 Misit
1794 1951 1971 2008 nobis
2002 1953 2109 2007 im-

452 2047 710 2114 perator,
743 2046 807 2097 ut
833 2041 1153 2099 venerabili
1172 2042 1407 2114 synodo
1425 2047 1693 2098 nostram
1726 2046 2106 2113 prtesentiam

452 2130 893 2202 praeberemus;
922 2131 1086 2203 quod
1118 2130 1364 2203 quidem
1396 2147 1505 2187 nec
1531 2131 1859 2187 necessitas
1885 2136 2109 2199 tempo-

451 2220 552 2285 ris,
584 2235 695 2276 nec
728 2219 850 2275 ulla
899 2219 1274 2276 consuetudo
1324 2225 1555 2292 poterat
1601 2219 1962 2295 permittere.
1995 2220 2108 2275 Ta-

450 2323 593 2363 men
627 2307 688 2363 in
713 2307 805 2363 his
845 2307 1125 2363 fratribus
1157 2307 1519 2365 Paschasino
1566 2311 1624 2363 et
1667 2306 1944 2364 Lucentio
1978 2305 2107 2378 epi-

453 2396 672 2469 scopis,
732 2395 1037 2453 Bonifacio
1086 2401 1142 2453 et
1194 2395 1411 2453 Basilio
1450 2396 1836 2468 presbyteris,
1882 2394 1986 2469 qui
2030 2394 2107 2450 ab

455 2484 786 2558 apostolica
835 2485 979 2540 sede
1026 2485 1234 2541 directi
1282 2490 1442 2549 sunt,
1484 2501 1581 2541 me
1621 2482 1857 2557 synodo
1910 2488 2109 2540 vestra

454 2573 797 2631 fraternitas
824 2574 1116 2630 existimet
1152 2573 1514 2646 praesidere:
1549 2589 1659 2629 nec
1710 2574 2043 2643 sejunctam
2073 2588 2109 2627 a

456 2662 627 2719 vobis
658 2663 1039 2735 praesentiam
1073 2679 1276 2719 meam
1307 2662 1594 2725 confidat,
1620 2662 1722 2735 qui
1743 2678 1903 2717 nunc
1933 2662 1994 2716 in
2022 2661 2101 2716 vi-

408 2736 423 2749 χ
457 2751 630 2807 cariis
651 2751 801 2806 meis
826 2752 1067 2820 adsum,
1098 2751 1447 2821 etjamdum
1470 2750 1610 2807 ﬁdei
1632 2750 1940 2805 catholicze
1965 2766 2107 2822 prm-

454 2839 754 2897 dicatione
773 2855 895 2895 non
916 2839 1156 2903 desum,
1184 2862 1211 2890 ››
1241 2844 1349 2896 etc.
1375 2839 1483 2906 Qui
1501 2840 1676 2908 legati
1693 2840 2105 2894 auctoritatem

457 2929 680 2985 summi
726 2927 1027 3001 pontificis
1083 2927 1291 2995 functi,
1369 2928 1455 2983 sic
1497 2928 1557 2983 in
1608 2927 1858 2983 concilio
1928 2926 2109 2982 locuti

456 3023 597 3074 sunt
619 3034 632 3072 :

530 3166 557 3191 ‹‹
590 3147 637 3198 Α
665 3141 1017 3199 beatissimo
1051 3146 1108 3197 et
1136 3140 1466 3213 apostolico
1502 3141 1787 3213 episcopo
1812 3143 2104 3209 Romano,

456 3232 558 3304 qui
579 3236 665 3286 est
686 3230 1155 3302 caputomnium
1176 3229 1594 3294 Ecclesiarum,
1618 3228 1906 3285 mandata
1928 3228 2107 3284 habe-

457 3336 615 3389 mus,
642 3325 705 3375 ut
720 3320 1062 3385 Dioscorus,
1094 3318 1437 3390 patriarcha
1465 3318 1860 3384 Alexandriae,
1889 3318 1947 3373 in
1969 3333 2109 3373 con-

457 3409 592 3465 cilio
614 3424 734 3464 non
750 3407 976 3463 sedeat.
1004 3407 1178 3473 Quod
1201 3407 1247 3461 si
1272 3407 1496 3475 sedeat,
1519 3407 1870 3477 expellatur.
1895 3430 1910 3454 ι
1941 3410 2103 3473 Item,

457 3496 634 3565 legati
660 3497 804 3552 dant
835 3500 1042 3551 contra
1066 3495 1415 3550 Dioscorum
1442 3495 1817 3559 sententiam.
1850 3496 2043 3563 rogati
2070 3510 2107 3549 Δ

454 3586 709 3641 concilio
737 3586 851 3639 sic:
891 3608 911 3634 ι
947 3588 1251 3655 Rogamus
1280 3585 1650 3639 sanctitatem
1683 3590 1963 3653 vestram,
2003 3585 2107 3656 qui

453 3672 654 3728 locum
685 3672 961 3727 obtinetis
988 3671 1346 3726 sanctissimi
1406 3672 1844 3743 archiepiscOpi
1877 3672 2105 3736 Leonis,

456 3766 520 3818 ut
541 3762 865 3816 sententias
895 3766 1108 3816 contra
1130 3776 1291 3825 eum,
1323 3766 1379 3814 et
1406 3776 1617 3831 poenas
1667 3776 1800 3832 quae
1845 3760 1905 3816 in
1935 3777 2110 3818 cano-

454 3850 633 3906 nibus
650 3850 1045 3918 continentur,
1067 3848 1433 3904 definiatisin
1458 3848 1675 3919 ipsum.
1725 3850 1929 3905 Omnis
1951 3850 2108 3905 enim

455 3944 509 3996 et
537 3944 661 3995 tota
692 3938 1050 3995 universalis
1088 3937 1360 4010 synodus
1412 3942 1622 3993 vestrae
1655 3938 1960 3994 sententiae
1991 3954 2111 3995 non

467 4029 863 4085 discordabit.
886 4051 914 4077 »
933 4027 1409 4095 Quideﬁnientes
1430 4026 1706 4082 dixerunt
1729 4044 1741 4081 :
1766 4026 2116 4084 «Manifesta

453 4120 605 4175 ﬁant
633 4118 917 4175 omnibus
955 4134 1026 4173 ea
1051 4134 1185 4189 quae
1214 4116 1377 4183 [dixit
1426 4116 1773 4172 Dioscorus.
1805 4138 1833 4165 »ι
1876 4119 1939 4171 Et
1978 4106 2116 4189 pos?

453 4225 652 4282 pauca
680 4207 1036 4263 sententiam
1073 4187 1320 4271 dantes,
1353 4205 1765 4276 deposuerunt
1819 4187 2114 4262 eumiCul

456 4296 759 4351 sententiae
799 4296 1174 4350 concordans
1200 4294 1544 4366 patriarcha
1576 4295 2109 4367 Constantinopoli-

456 4391 655 4447 tanus,
689 4390 745 4438 et
777 4390 898 4437 tota
948 4383 1257 4453 synodus:
1292 4405 1318 4431 «
1360 4386 1500 4451 Ego,
1530 4389 1629 4446 ait,
1674 4399 1765 4445 ea,
1793 4399 1929 4454 quae
1958 4400 2109 4454 apo-
2144 4386 2187 4441 Γ)

457 4472 703 4528 stolicus
739 4472 989 4526 thronus
1020 4487 1127 4541 per
1153 4470 1361 4525 omnia
1389 4471 1583 4538 sentit,
1632 4472 1834 4539 sentio,
1883 4476 1938 4525 et
1968 4487 2107 4527 con.

455 4561 647 4617 sentio
672 4560 918 4631 deponi,
957 4580 983 4608 ››
1010 4564 1119 4613 etc.

526 4653 667 4705 Item
704 4642 1010 4721 Leo'papa
1036 4646 1193 4702 dicto
1218 4646 1575 4719 patriarchas
1607 4648 1689 4702 sic
1726 4647 1928 4702 scribit
1956 4652 2107 4705 :«De

453 4738 716 4812 Eutyche
742 4753 861 4793 non
894 4736 1316 4805 cognovimus,
1361 4752 1484 4807 qua
1510 4735 1743 4806 justitia
1773 4752 1805 4789 a
1836 4752 2107 4791 commu-

448 4831 626 4885 nione
653 4834 740 4884 est
764 4826 1482 4899 separatus.Quapropter
1509 4840 1877 4892 cognoscere
1920 4825 2111 4880 volen-

445 4924 532 4974 tes
544 4920 617 4973 de
632 4915 1128 4985 causa,volumus
1155 4914 1237 4969 tui
1261 4914 1396 4970 facti
1420 4913 1713 4969 rationem
1727 4928 2110 4982 cognoscere,

447 5011 513 5063 ut
538 5007 745 5062 omnia
777 5005 1249 5077 suspendantur,
1280 5019 1473 5074 usque
1516 5002 1593 5058 ad
1644 5008 1910 5057 nostram
1964 5004 2103 5058 noti.

446 5096 607 5151 tiam.
634 5094 934 5159 Quoniam
971 5110 1107 5161 nos,
1141 5092 1245 5164 qui
1277 5092 1556 5157 volumus
1590 5090 1969 5147 sacerdotum
2003 5094 2110 5146 Do-

445 5182 774 5252 minijusta
804 5196 938 5236 esse
964 5180 1217 5249 judicia,
1252 5168 1373 5235 non
1401 5195 1732 5250 possumus
1752 5195 1869 5234 non
1906 5180 2110 5250 cogni-

444 5273 517 5330 tis
545 5270 726 5327 rebus
750 5269 811 5324 in
841 5267 1268 5341 prtejudicium
1299 5267 1553 5338 alicujus
1588 5268 1773 5340 partis
1800 5266 1951 5323 ferre
1973 5280 2109 5323 sen'

509 5532 623 5605 (18)
654 5529 817 5602 Epist
846 5530 933 5598 47,
964 5528 1041 5585 ad
1073 5526 1378 5599 synodum
1409 5524 1987 5583 Chalcedonensem.

2215 1775 2275 1832 in
2303 1775 2600 1849 episcOpis
2632 1774 2904 1843 singulis,
2937 1778 2994 1829 et
3018 1790 3126 1846 per
3171 1772 3440 1843 singulos
3488 1773 3630 1828 dicit
3659 1789 3673 1826 :
3712 1794 3741 1820 ‹‹
3777 1774 3891 1827 Fa-

2217 1869 2343 1921 teor
2372 1863 2685 1937 epistolam
2718 1864 3117 1936 archiplscopi
3154 1863 3339 1919 nostri
3373 1863 3581 1918 Leonis
3635 1869 3893 1933 aposto-

2215 1952 2342 2008 licae
2391 1952 2550 2008 sedis
2610 1953 2991 2024 patriarchre,
3048 1968 3377 2008 consonam
3434 1966 3565 2006 esse
3625 1949 3890 2005 editioni

2217 2047 2614 2097 trecentorum
2661 2041 2866 2096 decem
2923 2048 2980 2097 et
3031 2046 3167 2096 octo
3217 2044 3476 2106 Patrum,
3533 2040 3637 2111 qui
3679 2038 3744 2094 in
3794 2038 3893 2094 Ni-

2218 2146 2405 2200 caena,
2451 2137 2507 2186 et
2536 2136 2775 2187 centum
2808 2129 3273 2207 quinquaginta,
3310 2128 3412 2202 qui
3445 2128 3505 2183 in
3540 2127 3889 2182 Constanti-

2216 2216 2592 2290 n0politana,
2620 2233 2729 2272 nec
2761 2233 2883 2275 non
2924 2217 2981 2272 in
3015 2217 3163 2288 ejus,
3196 2233 3332 2297 quas
3364 2215 3423 2272 in
3478 2214 3716 2287 Epheso
3765 2214 3889 2270 sub

2218 2308 2277 2361 B.
2312 2305 2526 2378 Cyrillo
2556 2306 2665 2363 fuit
2695 2304 3017 2362 celebrata.
3050 2309 3111 2362 Et
3146 2305 3342 2361 eidem
3399 2303 3669 2378 epistolae
3721 2319 3877 2360 con-

2216 2395 2407 2450 sentio
2433 2400 2489 2450 et
2518 2393 2854 2450 subscribe.
2890 2416 2916 2443 ››

2288 2520 2396 2576 Alii
2423 2526 2626 2577 autem
2656 2537 2728 2577 ex
2755 2522 2900 2594 ipsis
2921 2527 3141 2578 vocant
3168 2537 3309 2577 eum
3360 2521 3703 2590 episcopum
3759 2536 3861 2576 om

2216 2611 2384 2665 nium
2425 2611 2860 2666 Ecclesiarum.
2894 2609 3194 2669 Nonnulli.
3223 2624 3466 2679 papam,
3523 2610 3737 2678 plures
3766 2624 3884 2677 pa-

2218 2707 2368 2755 trem
2398 2716 2570 2755 suum
2593 2716 2616 2756 .’
2639 2702 2753 2755 alii
2773 2700 3193 2769 patriarcha":
3216 2699 3658 2758 recumenicum.
3681 2698 3743 2753 id
3764 2704 3881 2763 est,

2218 2789 2638 2844 uniuersalem.
2665 2788 2922 2854 Quidam
2942 2804 3078 2844 vero
3103 2789 3406 2843 dominum
3431 2803 3628 2854 suum,
3650 2786 3886 2842 adden-

2217 2882 2307 2933 tes
2333 2877 2559 2949 plures,
2591 2879 2999 2947 apostolorum
3022 2878 3148 2934 sedi
3165 2876 3605 2946 prasidentem,
3637 2882 3693 2931 et
3716 2875 3885 2931 simi-

2216 2965 2317 3027 lia,
2350 2982 2487 3036 quae
2515 2982 2703 3022 causa
2732 2966 3046 3021 brevitatis
3068 2966 3163 3021 hic
3191 2980 3311 3020 non
3340 2965 3645 3037 ponimus.
3681 2966 3745 3019 Et
3788 2970 3887 3019 ta—

2142 3044 2183 3099 C
2216 3069 2356 3110 men
2385 3054 2433 3109 si
2464 3054 2538 3110 de
2569 3054 2819 3125 singulis
2854 3054 3037 3110 velint
3066 3054 3377 3117 veritieari,
3402 3045 3603 3121 legant
3622 3052 3884 3108 concilia

2216 3143 2535 3212 generalia.
2570 3150 2627 3199 et
2660 3143 2921 3199 maxime
2951 3150 3233 3214 quartum
3276 3142 3618 3207 concilium,
3648 3143 3883 3197 Graeco-

2214 3248 2348 3287 rum
2393 3232 2682 3287 Chronica
2723 3232 3066 3304 inspiciunt,
3098 3231 3199 3286 ubi
3248 3231 3543 3286 dictorum
3596 3231 3871 3284 omnium

2214 3321 2446 3391 absque
2468 3320 2656 3375 dubio
2697 3321 2991 3391 reperient
3019 3321 3352 3375 veritatem.

2265 3408 2762 3480 Itempatriarcha
2776 3407 3479 3480 Constantinopolitanus
3493 3406 3569 3461 ad
3585 3406 3874 3462 eumdem

2214 3514 2439 3569 papam
2472 3501 2721 3553 Leonem
2756 3497 3124 3569 pontiﬁcem,
3150 3498 3252 3553 illa
3282 3496 3515 3552 scribit:
3552 3519 3579 3544 ί(
3615 3497 3873 3551 Sanctis-

2217 3588 2369 3641 simo
2389 3594 2444 3642 et
2472 3586 2821 3642 beatissimo
2846 3586 3017 3653 Patri,
3051 3593 3202 3642 »etc.
3226 3587 3485 3642 Narratis
3516 3584 3790 3655 his,qum
3816 3587 3875 3639 in

2217 3676 2468 3730 concilio
2496 3682 2660 3743 gesta
2694 3674 2950 3739 fuerunt,
2982 3674 3153 3729 dicit:
3186 3698 3213 3724 ‹‹
3248 3676 3490 3746 Oportet
3517 3674 3645 3729 haec
3665 3673 3881 3729 omnia

2218 3764 2291 3819 ad
2321 3765 2590 3819 notitiam
2623 3765 2952 3819 sanctitatis
2995 3770 3107 3818 ture
3162 3764 3492 3835 pervenire,
3535 3762 3881 3818 necessario

2217 3854 2458 3908 mittens
2484 3870 2553 3908 ea
2582 3854 2715 3907 illuc
2749 3869 2852 3924 per
2876 3853 3075 3919 talem,
3125 3860 3183 3908 et
3212 3852 3389 3908 talem
3438 3852 3819 3923 episcopum,
3853 3874 3881 3900 »ι

2219 3947 2333 3996 etc.
2374 3943 2439 3995 Et
2476 3942 2667 3996 infra:
2699 3964 2724 3988 ‹‹
2756 3944 2894 4007 Ome
2943 3958 3046 4012 per
3086 3957 3191 3996 eos
3246 3941 3561 3995 manifesta
3592 3939 3881 4005 facimus,

2219 4035 2500 4103 optamus
2533 4036 2594 4083 ut
2624 4046 2728 4100 per
2773 4045 3126 4102 prosperam
3160 4029 3639 4101 responsionem,
3688 4044 3885 4099 quam

2220 4133 2328 4173 vos
2357 4118 2545 4175 decet.
2581 4120 2689 4172 uati
2723 4119 2797 4172 ad
2819 4134 2928 4173 nos
2946 4122 3212 4184 redeant,
3244 4117 3561 4173 laudantes
3586 4117 3644 4172 in
3684 4118 3881 4171 omni-

2220 4205 2335 4261 bus
2360 4207 2706 4262 charitatem
2740 4215 2795 4262 et
2823 4208 3259 4279 providentiam
3318 4212 3530 4261 vestra:
3558 4205 3880 4260 beatitudi-

2220 4295 2331 4360 nis,
2362 4310 2545 4366 quam
2573 4312 2716 4365 erga
2749 4296 2953 4351 sedem
2986 4295 3167 4365 hujus
3198 4296 3372 4364 regiae
3399 4293 3581 4364 urbis,
3624 4299 3880 4364 paterna

2220 4399 2459 4454 semper
2492 4384 2889 4439 consuevistis
2921 4384 3315 4439 sollicitudine
3342 4382 3586 4438 habere.
3620 4404 3647 4431 ν»
3697 4384 3761 4436 Et
3787 4381 3876 4439 iu-

2214 4471 2343 4527 fra:
2372 4494 2398 4522 ι(
2445 4474 2669 4528 Etenim
2716 4474 2889 4528 sedes
2942 4472 3609 4544 Constantiuopolitana
3637 4477 3870 4542 patrem

2216 4560 2397 4616 habet
2417 4562 2811 4632 apostolicum
2837 4562 3121 4617 thronum
3146 4568 3430 4617 vestrum.
3460 4560 3623 4616 Unde
3644 4575 3717 4614 ea
3732 4575 3872 4630 quae

2217 4650 2275 4704 in
2297 4658 2503 4705 sancta
2523 4653 2759 4721 synodo
2776 4652 3151 4707 consecutive
3170 4657 3341 4719 gesta
3358 4656 3497 4705 sunt
3511 4648 3872 4705 confirmare

2217 4737 2543 4805 dignemini
2572 4756 2585 4793 :
2616 4756 2724 4794 nec
2749 4755 2866 4797 non
2895 4738 3246 4805 definitioni,
3270 4739 3344 4794 de
3365 4754 3488 4810 qua
3514 4737 3739 4793 dictum
3762 4743 3872 4805 est,

2217 4825 2400 4895 hujus
2433 4827 3105 4899 ('Ionstantinopolitame
3137 4828 3319 4883 sedis.
3350 4846 3380 4879 »

2292 4917 2355 4969 Et
2386 4916 2501 4970 ﬁne
2533 4917 2711 4970 totius
2755 4916 2892 4971 dicti
2952 4916 3186 4972 concilii
3246 4933 3318 4971 ex
3377 4920 3543 4988 parte
3595 4915 3871 4970 on‘nium

2220 5004 2527 5067 scribunt;
2558 5007 2642 5059 sic
2673 5006 2750 5060 ad
2777 5006 3058 5061 eumdem
3094 5011 3427 5074 narrantes,
3459 5021 3594 5077 qua:
3626 5005 3681 5059 in
3729 5019 3872 5059 con-

2216 5091 2352 5148 cilio
2382 5100 2548 5162 gesta
2574 5101 2732 5159 sunt,
2764 5100 2821 5150 et
2850 5094 3368 5150 conﬁrmationem
3388 5093 3736 5149 eorumdem
3766 5108 3869 5164 po-

2217 5181 2528 5237 stulantes.
2565 5182 2774 5239 Dicunt
2820 5198 3005 5251 ergo:
3039 5206 3066 5233 «
3121 5184 3468 5238 Beatissimo
3514 5188 3574 5238 et
3620 5182 3846 5237 sanctis

2215 5270 2389 5351 Simo,
2432 5293 2458 5319 ››
2487 5276 2598 5326 etc.
2629 5274 2693 5327 Et
2748 5278 2918 5344 post:
2952 5294 2980 5320 ‹‹
3041 5272 3351 5344 Repletum
3396 5277 3485 5328 est
3525 5270 3749 5341 gaudio
3795 5286 3864 5325 os
