4106 6222
30 243 38 276 ι
170 217 275 272 533

1573 207 1852 266 CONTRA
1889 207 2211 272 GRECOS.

3480 206 3603 277 453$

167 343 483 398 nostrum.
515 339 570 392 et
596 333 804 404 lingua
860 335 1067 389 nostra
1124 301 1596 388 exsultatione.»
1646 331 1715 386 Et
1754 331 1844 388 in-
1874 337 1922 390 A
1955 333 2389 405 ambigutatem
2414 334 2700 394 immisit:
2750 339 2953 394 utrum
2993 335 3269 392 videlicet
3303 337 3407 391 tua
3449 333 3600 390 bea-

168 429 292 483 fra:
320 449 349 476 «
375 428 577 492 Quam
605 423 790 480 ﬁdem
821 428 886 478 tu
913 421 1097 478 veluti
1127 438 1378 478 aureum
1397 420 1622 477 flumen
1650 437 1847 492 usque

171 515 248 571 ad
272 529 392 569 nos
417 518 725 588 pracepto
764 510 1087 568 conditoris
1133 510 1460 566 deductum
1511 509 1846 577 custodisti,

170 603 468 660 omnibus
488 603 646 657 beati
679 603 825 656 Petri
855 601 1166 672 interpres,
1225 599 1317 656 vel
1356 598 1659 671 expositor
1710 613 1850 653 con-

173 693 441 748 stitutus.
470 693 639 748 Unde
666 703 778 745 nos
805 694 858 744 te
878 693 1171 762 tanquam
1215 689 1520 742 auctorem
1571 686 1713 742 boni
1769 685 1848 742 ad

173 780 500 837 utilitatem
542 781 792 842 utentes,
818 783 1040 833 sortem
1081 775 1348 831 veritatis
1386 774 1522 831 ﬁliis
1569 773 1846 831 Ecclesia

174 870 706 926 demonstramus.
735 889 756 916 ι
791 866 976 921 Infra:
1013 891 1036 917 ς
1067 863 1122 921 Si
1147 864 1308 920 enim
1339 863 1438 919 ubi
1498 867 1639 919 sunt
1699 865 1841 934 duo,

175 957 267 1014 vel
286 965 413 1014 tres
437 955 794 1027 congregati
821 955 883 1010 in
925 953 1169 1010 nomine
1196 952 1348 1024 ejus,
1375 950 1438 1007 id
1466 956 1575 1020 est,
1615 951 1736 1019 Dei,
1765 951 1846 1008 ibi

175 1048 326 1103 dixit
353 1062 426 1102 se
453 1061 592 1102 esse
622 1045 683 1101 in
733 1043 954 1112 medio,
1009 1046 1302 1114 quantam
1349 1046 1526 1111 putas
1555 1041 1712 1096 circa
1740 1039 1849 1094 du-

175 1141 382 1193 centos
401 1134 622 1206 viginti
636 1137 979 1190 sacerdotes
996 1129 1495 1187 inhabitationem
1510 1128 1841 1198 ostendere,

176 1232 231 1283 et
285 1225 786 1293 familiaritatem,
827 1237 964 1294 qua
1023 1221 1200 1276 etiam
1279 1220 1356 1287 (9)
1417 1219 1741 1291 patientia.
1792 1223 1848 1272 et

177 1315 402 1382 labori,
432 1313 786 1384 cognitioni,
818 1327 954 1384 qua
985 1309 1045 1365 in
1075 1308 1451 1365 confessione
1481 1306 1670 1379 ipsius
1699 1320 1849 1377 pra-

182 1407 544 1479 posuerunt,
573 1402 796 1474 quibus
825 1405 890 1455 tu
919 1399 1121 1472 utique
1141 1403 1207 1453 ut
1230 1402 1412 1469 caput
1432 1395 1848 1452 membrorum

181 1491 564 1568 prasidebas
579 1492 611 1546 ?
631 1509 662 1542 ›

255 1585 322 1638 Et
345 1581 512 1638 infra
537 1597 550 1635 :
572 1603 598 1629 «ι
629 1577 894 1635 Dioscori
917 1574 1290 1632 Alexandria
1328 1573 1594 1647 prasulis
1632 1587 1849 1628 causas

1955 422 2166 486 titudo,
2197 439 2268 479 ea
2294 439 2429 496 qua
2461 424 2521 479 in
2552 425 2787 496 synodo
2820 427 3032 482 sancta
3053 424 3212 482 edita
3241 428 3398 490 sunt,
3458 437 3603 478 con-

1954 509 2297 566 firmaverit.
2325 512 2388 565 Et
2411 517 2654 586 propter
2679 513 2809 569 hac
2841 518 3039 569 vestra
3068 511 3401 568 reverentia
3449 509 3602 565 litte-

1954 611 2053 652 ras
2085 598 2314 654 mittere
2335 599 2631 670 dignetur,
2652 617 2760 674 per
2804 617 2959 674 quas
3000 599 3285 656 omnibus
3333 597 3602 654 ecclesiis

1955 691 2012 741 et
2033 685 2272 759 populis
2303 693 2512 742 notum
2543 689 2635 756 sit,
2661 689 2962 758 universa,
2991 705 3127 764 qua
3157 689 3218 743 in
3245 691 3458 743 sancta
3500 702 3604 759 sy-

1954 776 2117 832 nodo
2141 781 2308 846 gesta
2357 781 2514 848 sunt,
2556 793 2593 834 a
2638 781 2744 834 tua
2789 777 3161 834 beatitudine
3209 792 3339 832 esse
3386 774 3604 832 conﬁr-

1954 869 2136 922 mata.
2171 865 2322 921 Illud
2345 870 2567 936 tamen,
2599 873 2664 923 ut
2693 868 2946 924 decebat
2989 869 3341 942 episcopum
3365 869 3604 940 aposto-

1953 952 2081 1010 lica
2112 953 2292 1022 sedis,
2337 959 2441 1010 tua
2495 956 2779 1012 sanctitas
2823 956 3174 1012 excellenter
3215 954 3384 1026 dixit,
3434 951 3602 1026 quod

1955 1043 2392 1100 ecclesiasticos
2421 1061 2683 1102 canones
2718 1061 3103 1126 conservans,
3135 1044 3286 1101 nihil
3329 1042 3406 1100 ab
3453 1041 3603 1099 anti-

1928 1131 2077 1203 ‘qua
2129 1133 2559 1189 consuetudine
2603 1135 2664 1189 in
2707 1134 3084 1190 ordinatione
3124 1133 3268 1190 olim
3324 1131 3506 1200 edita,
3547 1134 3604 1186 et

1953 1219 2268 1286 immobili,
2298 1237 2488 1294 usque
2525 1222 2704 1278 hodie
2755 1221 3175 1296 perseveranti,
3231 1219 3458 1293 aliquid
3498 1233 3604 1292 pa-

1953 1307 2212 1364 tiebatur
2231 1308 2519 1366 diminui:
2554 1333 2580 1359 »
2613 1313 2678 1366 Et
2711 1310 2902 1366 infra:
2936 1332 2966 1360 «
3013 1315 3160 1368 Cum
3212 1313 3415 1366 autem
3462 1323 3577 1364 con

1952 1395 2279 1453 ﬁrmaverit
2295 1398 2650 1455 catholicam
2667 1399 2848 1456 ﬁdem
2868 1403 2925 1455 et
2949 1414 3156 1456 veram
3178 1397 3597 1467 orthodoxam,

1952 1486 2238 1543 noveritis
2270 1486 2754 1544 Chalcedonense
2782 1487 3125 1558 concilium,
3151 1487 3434 1545 omnibus
3480 1485 3601 1558 epi-

1955 1576 2153 1647 scopis
2196 1577 2734 1648 consentientibus,
2779 1577 2967 1633 fuisse
3024 1582 3311 1634 secutam.
3359 1579 3604 1649 Propter

188 1669 587 1744 depositionis
607 1670 976 1740 exponentes
1001 1665 1153 1720 inter
1173 1663 1363 1719 multa
1405 1660 1733 1717 intulerunt
1772 1659 1848 1716 de
1879 1677 1918 1730 B
1954 1664 2096 1748 hoc.
2118 1665 2284 1737 quod
2314 1671 2370 1721 et
2399 1671 2502 1721 tua
2548 1666 2990 1739 venerabilitas,
3046 1666 3323 1740 proprias
3361 1671 3419 1720 et
3471 1678 3601 1736 spe-

192 1760 362 1817 vinea
393 1757 654 1828 Domini,
687 1761 742 1812 et
764 1754 1009 1810 custode
1039 1753 1192 1824 ejus.
1233 1755 1487 1822 Insuper
1529 1748 1843 1820 inquiunt:

196 1853 406 1906 Contra
437 1849 643 1920 ipsum
679 1844 868 1900 vinea
926 1840 1258 1911 custodem,
1310 1839 1414 1912 qui
1459 1854 1496 1893 a
1543 1835 1848 1893 Salvatore

194 1937 515 2012 deputatus
544 1939 634 1991 est
659 1921 882 1995 custos,
914 1930 1215 1986 insaniam
1241 1943 1414 1983 suam
1445 1924 1724 1993 ostendit,
1758 1924 1846 1979 di-

200 2029 383 2082 cimus
405 2024 629 2081 scilicet
661 2021 1040 2076 sanctitatem
1082 2024 1246 2073 tuam
1269 2023 1325 2072 et
1372 2013 1850 2070 incommunica—

202 2115 368 2170 bilem
402 2128 542 2169 eum
565 2111 670 2184 qui
693 2123 911 2181 corpus
941 2106 1209 2162 Ecclesia
1230 2105 1394 2159 unire
1423 2102 1707 2158 sollicitus
1736 2107 1843 2169 est,

208 2205 514 2262 meditatus
544 2201 653 2258 fuit
701 2200 911 2256 facere.
949 2221 976 2248 »
1014 2199 1080 2254 Et
1101 2196 1256 2252 infra
1280 2212 1292 2249 :
1318 2217 1344 2245 «
1375 2197 1452 2249 Ea
1481 2193 1678 2265 igitur,
1709 2208 1844 2266 qua

215 2294 514 2349 deﬁnimus
543 2291 621 2347 ad
653 2289 1046 2346 remotionem
1088 2285 1269 2341 totius
1329 2281 1716 2348 confusionis,
1767 2280 1844 2336 ad

222 2383 390 2438 robur
407 2397 537 2436 vero
584 2377 1004 2434 ecclesiastica
1048 2371 1443 2430 ordinationis
1491 2369 1737 2444 prOpria
1788 2375 1846 2425 et

224 2471 554 2537 amicabilia,
568 2469 642 2526 ad
659 2469 935 2525 decorem
953 2479 1241 2532 congrua,
1258 2461 1524 2518 stabilire
1554 2459 1840 2528 digneris,

218 2561 568 2618 sanctissime
601 2564 658 2614 et
683 2555 1024 2613 beatissime
1051 2555 1236 2607 Pater.
1292 2554 1438 2606 Nam
1467 2549 1550 2617 hi,
1601 2546 1706 2620 qui
1750 2546 1843 2603 lo-

210 2667 335 2706 cum
351 2657 514 2706 tuum
537 2648 809 2705 obtinent
825 2642 1189 2700 sanctissimi
1209 2638 1474 2714 episcopi
1490 2635 1842 2693 Paschasius

203 2745 254 2795 et
284 2739 618 2805 Lucentius,
644 2741 700 2792 et
725 2735 808 2803 hi,
841 2733 944 2807 qui
975 2747 1110 2788 cum
1137 2730 1221 2784 eis
1243 2727 1448 2784 directi
1487 2723 1842 2798 presbyteri,

201 2829 530 2885 Bonifacius
557 2832 615 2882 et
648 2823 914 2894 Basilius,
949 2821 1122 2877 dictis
1173 2817 1625 2874 deﬁnitionibus
1685 2813 1840 2870 forti-

198 2923 276 2973 ter
295 2919 670 2979 assisterunt,
699 2911 967 2969 volentes
995 2923 1266 2982 prorsus,
1298 2911 1359 2960 ut
1390 2907 1504 2960 hoc
1536 2905 1766 2959 bonum
1803 2918 1840 2957 a

195 3015 379 3063 vestra
428 3002 810 3078 providentia
868 2997 1206 3070 incipiatur,

192 3096 460 3166 ejusdem
495 3095 579 3149 sic
636 3090 987 3164 loquitur:«
1031 3088 1099 3142 Ut
1139 3088 1336 3140 autem
1401 3081 1626 3148 sciatis,
1677 3078 1840 3152 quod

190 3201 301 3241 non
333 3184 416 3240 ad
449 3182 728 3254 gratiam,
765 3183 866 3234 aut
891 3177 964 3232 ad
988 3174 1194 3232 odium
1217 3171 1535 3227 fecerimus
1563 3168 1842 3237 alicujus,

190 3276 283 3330 sed
338 3281 640 3345 tanquam
671 3269 875 3325 divino
903 3271 1053 3321 nutu
1086 3260 1400 3332 gubernati
1431 3265 1485 3315 et
1511 3257 1716 3314 directi
1749 3271 1842 3310 su-

192 3379 337 3425 mus,
368 3366 588 3418 cuncta
618 3357 789 3414 vobis
821 3361 1124 3427 gestarum
1148 3365 1345 3405 rerum
1382 3353 1525 3403 nota
1563 3345 1841 3412 facimus,

191 3459 248 3508 ut
276 3467 310 3510 a
345 3450 546 3514 vobis,
579 3463 715 3522 qua
746 3451 917 3515 gesta
949 3445 1109 3506 sunt,
1134 3443 1494 3505 statuantur,
1546 3434 1840 3490 roboren-

188 3547 290 3600 tur.
333 3545 402 3597 et
438 3520 866 3595 concedantur.
905 3556 932 3582 »
973 3529 1197 3586 Pariter
1235 3525 1519 3599 quadam
1559 3520 1840 3578 consimi-

185 3632 276 3696 lia,
305 3635 427 3686 etc.

251 3719 656 3790 Imperatores
690 3729 827 3769 vero
857 3711 1010 3767 Petri
1052 3705 1462 3763 auctoritatem
1514 3705 1570 3756 et
1616 3715 1847 3756 succes-

187 3825 395 3864 sorum
427 3809 556 3878 ejus
580 3820 698 3859 non
729 3804 1094 3873 ignorantes,
1119 3795 1196 3851 ad
1237 3792 1520 3850 eumdem
1587 3793 1838 3845 Leonem

188 3897 262 3953 ita
291 3896 607 3953 scribunt:
637 3916 661 3942 α
693 3891 952 3946 Victores
1000 3883 1466 3948 Valentinianus,
1511 3883 1566 3934 et
1603 3878 1844 3934 Marcia-

185 4002 310 4052 nus,
389 3982 633 4054 gloriosi
692 3977 1173 4051 triumphatores,
1264 3985 1504 4041 semper
1568 3967 1841 4034 Augusti,

185 4075 565 4131 sanctissimo
644 4070 796 4126 Patri
875 4073 931 4122 et
977 4060 1304 4120 venerabili
1384 4056 1843 4127 archiepiscopo

184 4164 364 4221 Leoni
391 4181 403 4218 :
440 4159 870 4218 Beatitudinem
894 4161 1060 4213 tuam
1089 4149 1336 4226 syllabis
1367 4152 1584 4202 nostra
1629 4143 1844 4199 sereni-

184 4256 314 4310 tatis
400 4251 771 4308 velocissime
823 4245 1014 4300 valere
1065 4245 1382 4312 optamus:
1452 4233 1840 4305 inquirentes,

185 4349 243 4398 ut
269 4357 424 4398 cura
480 4336 904 4414 omnipotentis
947 4331 1062 4401 Dei,
1094 4333 1431 4383 vestrarum
1479 4319 1839 4427 precumnin-
1874 4373 1916 4427 Β

185 4436 450 4487 terventu
484 4409 1063 4486 nobis'concedatur,
1088 4419 1168 4474 ita
1221 4419 1284 4471 ut
1333 4415 1433 4486 pia
1490 4417 1547 4466 et
1584 4409 1841 4482 paciﬁca

185 4539 290 4577 sua
332 4516 798 4588 magnificentia,
828 4511 1037 4569 omnia
1086 4519 1382 4580 prospera
1427 4506 1483 4557 et
1510 4505 1715 4572 optata
1737 4514 1841 4588 no-

185 4617 300 4665 stro
342 4587 597 4680 imperio
635 4603 963 4660 concedere
1002 4598 1299 4663 dignetur.
1335 4592 1613 4648 Miramur
1654 4587 1838 4642 maxi-

184 4715 292 4764 me,
323 4675 492 4769 quod
525 4697 658 4767 post
682 4690 982 4764 synodum
1022 4681 1593 4769 Chalcedonensem,
1648 4681 1705 4730 et
1747 4675 1838 4769 lit-

183 4764 807 4844 teras‘venerabilium
847 4779 1294 4850 episcoporum,
1335 4768 1432 4840 qui
1479 4767 1555 4822 ad
1582 4770 1749 4822 tuam
1775 4764 1836 4819 in

182 4875 296 4932 Deo
327 4875 653 4930 amicitiam
701 4870 898 4926 missa
958 4870 1116 4932 sunt,
1166 4877 1271 4935 per
1322 4873 1474 4931 quas
1529 4855 1735 4911 omnia
1773 4854 1833 4908 in

182 4966 308 5038 ipsa
338 4964 519 5026 facta,
553 4961 722 5016 vobis
744 4957 1196 5014 nuntiaverunt:
1230 4961 1619 5021 nequaquam
1640 4960 1679 5038 a
1735 4947 1834 4999 tua

181 5029 494 5108 sanctitate
521 5049 668 5106 tales
684 5047 888 5103 littera
907 5044 1103 5099 missa
1125 5045 1281 5104 sunt,
1303 5053 1440 5110 qua
1477 5029 1750 5088 videlicet
1770 5031 1830 5085 in

182 5141 573 5197 sanctissimis
603 5135 867 5193 ecclesiis
917 5131 1083 5186 lecta
1129 5125 1207 5182 ad
1239 5123 1514 5179 omnium
1558 5119 1828 5173 notitiam

1264 3017 1291 3044 ››
1351 2999 1480 3082 etc.
1615 2992 1676 3047 in
1721 2991 1839 3082 fine
1877 3028 1917 3082 Ο

1955 1753 2134 1810 ciales
2166 1753 2541 1810 velocissime
2566 1755 2777 1821 mittat,
2807 1771 2914 1827 per
2933 1771 3088 1828 quas
3115 1753 3472 1811 conﬁrmare
3494 1767 3599 1808 vos

1954 1843 2170 1916 ipsam,
2202 1859 2337 1916 qua
2367 1843 2428 1898 in
2461 1843 2931 1900 Chalcedonensi
2956 1844 3254 1901 celebrata
3279 1847 3387 1911 est,
3418 1857 3602 1915 syno-

1955 1931 2100 1987 dum
2156 1931 2643 1988 manifestissime
2687 1932 3048 1989 ostendatis:
3096 1936 3162 1988 ut
3203 1947 3314 1988 nec
3360 1930 3464 2000 illi,
3495 1930 3602 2004 qui

1953 2019 2314 2090 desiderant,
2336 2020 2808 2090 ignominiosam
2828 2021 3060 2094 possint
3079 2019 3304 2077 habere
3331 2018 3602 2092 aliquam

1954 2107 2358 2180 suspicionem
2391 2108 2466 2164 de
2482 2108 2709 2180 judicio
2738 2113 2852 2165 tua
2897 2108 3220 2164 sanctitatis
3272 2107 3480 2177 gloria,
3540 2105 3602 2163 id

1954 2203 2063 2264 est,
2082 2198 2246 2270 quod
2263 2204 2364 2254 tua
2381 2198 2668 2254 sanctitas
2686 2197 2760 2253 de
2775 2199 2890 2267 his,
2903 2213 3038 2270 qua
3055 2201 3190 2254 acta
3201 2201 3362 2265 sunt,
3369 2195 3603 2270 judicat

1953 2302 2086 2342 esse
2112 2287 2460 2343 tenendum.
2485 2309 2514 2337 ››
2538 2289 2658 2343 Hoc
2693 2291 2896 2343 autem
2908 2285 3068 2352 dicit,
3083 2286 3226 2358 quia
3244 2285 3373 2342 sine
3385 2283 3601 2341 conﬁr-

1954 2376 2217 2433 matione
2239 2391 2436 2450 papa,
2464 2375 2552 2432 vel
2570 2375 2906 2446 legatorum
2924 2375 3078 2448 ejus,
3108 2373 3396 2450 infectum
3419 2389 3601 2444 nego-

1953 2465 2100 2522 tium
2127 2445 2480 2521 habebatur.
2499 2465 2619 2522 Ista
2639 2445 2841 2522 autem
2854 2445 2990 2538 qua
3003 2463 3286 2535 diximus,
3310 2445 3602 2533 colligun-

1953 2558 2048 2609 tur
2076 2568 2148 2609 ex
2179 2556 2246 2609 ιν
2271 2553 2544 2610 concilio-

2028 2641 2141 2698 Sed
2156 2657 2231 2697 ne
2254 2641 2559 2713 aliquibus
2583 2640 2878 2705 videatur,
2903 2639 3071 2714 quod
3091 2644 3335 2716 propter
3378 2639 3602 2698 dictam

1953 2730 2386 2795 definitionem,
2411 2730 2635 2787 editam
2664 2730 2726 2786 in
2755 2734 3092 2787 memorato
3138 2728 3410 2801 concilio,
3453 2727 3602 2802 quid

1951 2820 2228 2876 videatur
2246 2819 2634 2875 imminutum
2653 2818 2728 2874 de
2753 2823 3047 2892 potestate
3070 2835 3265 2891 papa,
3298 2816 3374 2874 de
3395 2831 3603 2874 conse-

1951 2909 2276 2982 quentibus
2290 2908 2577 2974 conciliis,
2591 2924 2728 2982 qua
2741 2907 2931 2964 multo
2944 2908 3390 2980 postcelebrata
3440 2909 3598 2971 sunt,
3625 2965 3628 2968 ,

1953 2998 2155 3071 aliqua
2184 3013 2620 3070 pr0ponamus.
2655 2998 2719 3051 In
2752 3001 2920 3052 sexta
2971 2996 3133 3052 enim
3180 2995 3415 3068 synodo
3465 2993 3599 3066 (20),

1952 3103 2089 3159 qua
2113 3086 2226 3142 sub
2243 3101 2404 3159 papa
2421 3085 2748 3158 Agathone,
2767 3090 3036 3158 tempore
3057 3082 3427 3140 Constantini
3443 3081 3602 3156 prin-

1953 3176 2126 3248 cipis,
2157 3179 2212 3230 et
2252 3173 2518 3238 Heraclii,
2573 3179 2630 3229 et
2675 3173 2889 3229 Tiberii
2926 3172 3178 3229 fratrum
3225 3185 3494 3238 suorum,
3540 3171 3604 3226 in

1954 3265 2100 3320 urbe
2116 3261 2647 3334 Constantinopoli,
2664 3265 2873 3318 contra
2884 3259 3290 3318 Monothelitas
3301 3258 3603 3316 celebrata

1951 3357 2057 3418 est,
2089 3355 2284 3408 Patres
2313 3351 2417 3423 qui
2447 3354 2868 3415 convenerant,
2887 3349 3300 3406 auctoritatem
3316 3347 3602 3421 principis

1954 3441 2370 3514 apostolorum
2387 3454 2510 3495 non
2523 3440 2889 3510 ignorantes,
2909 3438 2982 3494 de
2997 3436 3376 3494 successione
3387 3437 3598 3511 ipsius,

1952 3531 2011 3586 in
2034 3536 2248 3586 octava
2287 3528 2550 3584 sessione
2581 3528 2711 3599 ejus
2731 3527 2863 3584 libri
2894 3526 3040 3583 talia
3061 3526 3324 3584 fatentur
3361 3530 3418 3584 et
3462 3526 3598 3582 scri-

1951 3622 2124 3676 bunt.
2195 3617 2522 3674 Demetrius
2548 3615 2890 3690 [Domitius]
2922 3617 3246 3690 episcopus
3312 3615 3602 3672 Phisiadis

1955 3707 2324 3782 [Prusiados]
2357 3706 2606 3762 civitatis
2651 3705 2734 3762 ita
2767 3705 2940 3762 dicit:
2972 3724 3002 3759 ‹
3031 3704 3436 3761 Relationibus
3456 3705 3602 3760 mis-

1955 3798 2036 3852 sis
2087 3797 2165 3853 ab
2213 3795 2545 3869 apostolica
2583 3799 2640 3851 et
2689 3793 3004 3868 principali
3057 3793 3198 3850 sede
3249 3792 3604 3866 antiquioris

1954 3891 2176 3953 Roma,
2207 3885 2268 3941 id
2293 3889 2380 3941 est
2409 3884 2743 3954 Agathone,
2777 3883 2854 3940 ad
2889 3899 2927 3939 a
2981 3885 3100 3938 Deo
3144 3886 3499 3938 coronatum
3547 3886 3606 3938 et

1953 3977 2338 4032 mitissimum
2355 3974 2670 4031 dominum
2693 3977 2966 4029 nostrum
2992 3986 3283 4041 magnum
3307 3970 3601 4026 Victorem

1951 4065 2704 4138 imperatorem,tanquam
2735 4076 2770 4116 a
2803 4060 3020 4132 Spiritu
3041 4062 3250 4114 sancto
3270 4057 3464 4124 editis,
3491 4073 3601 4131 per

1953 4169 2021 4208 os
2053 4153 2261 4216 sancti,
2294 4157 2352 4207 et
2394 4148 2682 4223 principis
2729 4147 3142 4221 apostolorum
3187 4146 3357 4214 Petri,
3402 4150 3460 4202 et
3490 4160 3601 4218 per

1951 4240 2205 4310 digitum
2227 4238 2291 4293 Β.
2318 4236 2616 4294 benedicti
2637 4251 2834 4309 papa,
2853 4234 3183 4306 Agathonis
3203 4233 3460 4306 scriptis,
3485 4248 3597 4305 ego

1950 4329 2262 4394 assentior,
2291 4332 2347 4383 et
2374 4327 2457 4382 sic
2495 4325 2694 4392 credo,
2752 4329 2810 4380 et
2846 4324 2931 4380 sic
2980 4324 3192 4391 sentio,
3237 4322 3389 4379 istas
3440 4322 3599 4379 duas

1952 4423 2187 4473 nostras
2216 4415 2553 4472 voluntates
2581 4413 2644 4469 in
2674 4412 2900 4470 Christo
2927 4413 3129 4469 unitas
3155 4426 3452 4484 persona,
3477 4415 3591 4469 etc.

2023 4504 2556 4570 Item,’l‘heodorus
2605 4503 2929 4576 episcopus
2985 4501 3335 4558 Berissensis
3390 4503 3598 4558 Arme-

1947 4595 2089 4651 nia:
2116 4616 2144 4644 «
2165 4596 2284 4664 Ego
2306 4591 2556 4648 audiens
2572 4591 2890 4647 relationes
2914 4589 3134 4646 missas
3162 4589 3240 4646 ad
3268 4588 3594 4646 Dominum

1947 4689 2219 4740 nostrum
2241 4679 2772 4750 benignissimum,
2807 4695 2845 4735 a
2870 4680 3040 4736 Patre
3062 4683 3291 4743 nostro,
3325 4680 3596 4736 Romano

1944 4789 2108 4846 papa
2129 4772 2458 4842 Agathone,
2483 4773 2540 4824 et
2555 4768 2978 4825 auctoritatum
2995 4783 3132 4838 qua
3153 4766 3212 4822 in
3231 4765 3380 4838 ipsis
3397 4765 3592 4820 ferun-

1943 4867 2056 4927 tur,
2081 4860 2469 4915 intentionem
2497 4857 2780 4928 capiens;
2823 4854 3022 4920 credo,
3053 4854 3205 4908 sicut
3233 4851 3420 4908 credit
3463 4852 3592 4924 ipse

1943 4950 2114 5004 Pater
2144 4954 2343 5004 noster
2387 4961 2546 5019 papa
2601 4942 2954 5017 antiquioris
3004 4945 3228 4998 Roma.
3269 4961 3296 4990 »
3317 4943 3380 4996 In
3425 4939 3591 4996 hunc

1943 5038 2191 5093 modum
2223 5052 2434 5092 omnes
2481 5033 2749 5108 episcopi
2788 5035 3220 5102 consurgentes
3271 5028 3586 5086 dixerunt:

1941 5151 1970 5178 «
2000 5131 2114 5184 Nos
2133 5143 2345 5182 omnes
2367 5125 2467 5182 illa
2488 5123 2812 5189 credimus,
2835 5127 2893 5178 et
2912 5120 3076 5178 illam
3091 5119 3275 5176 ﬁdem
3290 5125 3586 5186 tenemus,

181 5229 579 5300 pervenirent,
639 5231 747 5296 pro
802 5217 1210 5294 quorumdam
1276 5210 1624 5269 animabus,
1691 5219 1828 5277 qua

1953 5222 1996 5273 at
2022 5217 2196 5271 istam
2230 5215 2556 5287 sequimur,
2587 5235 2608 5262 ι
2644 5217 2754 5268 etc.
2788 5214 2852 5268 Et
2881 5210 3134 5283 peractis
3155 5208 3260 5265 rite
3305 5208 3589 5264 omnibus

185 5317 518 5389 Eutychetis
563 5328 812 5386 pravam
857 5310 1055 5366 adhuc
1103 5303 1450 5377 Opinionem
1504 5302 1825 5357 sectantur,

248 5507 357 5577 tl9)
381 5507 574 5560 Locus
603 5504 938 5571 corruptus.

1936 5305 2257 5362 referentes
2291 5307 2406 5358 Deo
2431 5303 2674 5372 gratias,
2706 5307 2974 5373 etpapa,
2999 5298 3102 5372 qui
3130 5313 3234 5355 eos
3262 5296 3476 5353 direxit
3509 5295 3588 5352 ad

2007 5483 2124 5555 (20)
2165 5485 2321 5538 Conc
2353 5483 2416 5534 Vl
2449 5484 2566 5536 act.
2593 5481 2646 5533 8.
