4106 6222
492 242 598 298 535

1701 227 2178 289 PANTALEONIS
2216 228 2500 289 DIACONI
2538 232 2645 291 ΟΡ.

3504 14 3525 21 -
3586 32 3597 37 η
3652 0 3949 67 ἀίξῃ
4030 0 4075 261 Ὗ

3816 247 3933 301 536

494 365 732 423 bonum
776 363 840 420 in
882 362 1126 420 laudem
1177 360 1383 432 ipsius,
1434 360 1624 417 totum
1663 356 1983 415 concilium
2032 356 2149 413 ista
2178 355 2225 410 Α
2259 359 2389 411 tur:
2421 377 2447 406 ιι
2468 359 2712 431 PrOpter
2735 375 2923 433 quam
2949 378 3198 423 causam
3218 365 3396 424 nobis
3418 366 3789 436 necessario,
3813 364 3929 422 fra-

499 454 775 528 scripsit:
810 476 837 503 ‹‹
891 449 1280 508 Sanctissimo
1327 452 1383 505 et
1427 448 1854 516 beatissimo,»
1929 453 2039 504 etc.
2086 449 2149 502 Et

500 543 688 601 infra:
722 564 752 592 «ι
786 541 950 601 Unde
976 544 1031 595 et
1060 554 1171 595 nos
1191 554 1402 594 omnes
1436 538 1560 605 tibi,
1587 542 1879 611 tanquam
1929 535 2146 609 princi-

500 632 622 705 pali
652 631 778 687 sedi
810 629 1078 685 Ecclesiae
1099 627 1277 683 totius
1309 627 1490 693 orbis,
1543 627 1707 701 quod
1755 629 1989 697 gestum
2038 629 2142 690 est,

500 718 899 783 attribuimus,
916 717 1007 774 vel
1021 718 1451 773 committimus
1465 732 1648 789 supra
1658 716 1896 772 firmam
1911 720 2145 788 petram

497 808 639 866 ﬁdei
666 807 865 873 stanti,
896 806 1225 879 litterisque
1244 822 1281 862 a
1307 810 1494 863 vestra
1510 805 1874 863 beatitudine
1904 805 1983 862 ad
2005 805 2146 878 piis-

500 898 725 955 simum
764 896 1190 968 imperatorem
1220 894 1437 961 missis,
1494 895 1555 950 in
1585 894 1804 967 quibus
1830 910 1971 951 vera
2009 910 2148 951 con-

495 988 677 1046 fessio
700 987 1052 1052 continetur,
1087 985 1337 1041 libenter
1370 986 1805 1052 consensimus,
1828 1001 1965 1059 quae
2023 991 2147 1042 tan-

497 1093 687 1151 quam
718 1076 1150 1150 summolapice
1180 1074 1587 1148 apostolorum
1609 1075 1935 1144 enuntiata,
1968 1091 2150 1148 agno-

498 1167 745 1225 scimus.
773 1187 805 1219 »

572 1264 714 1315 item
746 1261 1025 1324 Joannes,
1068 1256 1386 1329 episcopus
1432 1257 2145 1330 Constantinopolitanus,

501 1348 892 1405 Constantino
922 1363 1098 1420 papae
1118 1348 1201 1403 ita
1222 1347 1459 1403 scribit:
1487 1370 1515 1396 «
1542 1349 1946 1413 Sanctissimo,
1977 1371 2003 1397 ››
2035 1353 2146 1404 etc.

502 1439 569 1493 Et
598 1437 788 1493 infra:
815 1458 841 1485 ‹‹
872 1436 1028 1493 Licet
1066 1452 1188 1491 suae
1224 1436 1547 1493 divinitatis
1590 1442 1646 1493 et
1691 1438 1969 1510 potentiae
1998 1438 2149 1494 indi-

504 1527 665 1582 cium
685 1526 885 1598 ipsam
907 1525 1387 1594 magnitudinem
1417 1524 1750 1591 creationis,
1775 1542 1909 1598 quae
1928 1527 1985 1582 in
2016 1526 2147 1583 visi-

501 1616 726 1672 bilibus
752 1620 857 1680 est,
888 1615 1089 1687 posuit
1118 1618 1270 1670 Deus
1298 1632 1309 1669 :
1335 1615 1633 1686 praecipue
1672 1620 1874 1672 tamen
1922 1616 1980 1673 in
2024 1632 2151 1689 pre-

504 1704 835 1761 tiosissima
872 1703 1137 1759 sensibili
1183 1708 1474 1770 creatura,
1524 1703 1639 1760 hoc
1684 1710 1790 1769 est,
1842 1703 1900 1760 in
1945 1696 2148 1761 nostro
2180 1707 2220 1761 Β

504 1793 816 1866 plasmate,
847 1792 965 1859 illa,
988 1808 1125 1865 quae
1152 1808 1273 1847 suae
1305 1792 1507 1861 gloria:
1542 1797 1599 1848 et
1638 1794 1944 1865 sapientiae
1987 1799 2143 1859 sunt,

502 1882 954 1938 demonstravit.
986 1884 1065 1937 Ex
1096 1897 1218 1953 quo
1236 1881 1413 1937 etiam
1451 1880 1873 1938 admirandam
1896 1899 2026 1939 esse
2049 1885 2149 1940 Dei

501 1970 862 2042 sapientiam
892 1969 1190 2041 Propheta
1220 1970 1579 2025 exclamavit
1603 1970 1753 2042 ipse.
1796 1974 2003 2044 Itaque
2040 1989 2147 2029 no-

500 2063 638 2115 strae
659 2063 887 2114 natura:
920 2057 1202 2115 Conditor
1222 2058 1488 2128 diligenti
1520 2060 1865 2131 operatione
1893 2062 1993 2118 toti
2022 2079 2146 2118 cor-

499 2147 631 2219 pori
664 2151 844 2218 caput
869 2147 1218 2218 praeposuit,
1253 2147 1314 2202 in
1353 2163 1477 2219 quo
1516 2148 1964 2219 perfectionem,
2023 2152 2147 2208 sive

498 2237 899 2308 integritatem
930 2251 1217 2292 sensuum
1258 2252 1591 2309 apponens,
1628 2239 1752 2295 sive
1792 2240 2143 2307 attribuens,

500 2339 747 2381 omnem
776 2324 915 2380 inde
954 2324 1322 2396 reliquorum
1368 2325 1781 2383 membrorum
1819 2334 2050 2384 motum
2093 2335 2148 2386 et

499 2413 927 2487 perfectionem
950 2413 1077 2468 ﬁeri
1109 2417 1165 2469 et
1200 2414 1539 2469 conservari
1568 2414 1722 2481 fecit,
1748 2416 1829 2471 ita
1862 2422 1924 2471 ut
1954 2417 1999 2471 si
2046 2418 2150 2473 ho-

498 2518 633 2558 rum
648 2501 894 2574 aliquod
912 2501 1135 2557 offendi
1148 2503 1474 2571 contigerit.
1498 2508 1601 2559 aut
1613 2503 1728 2559 alio
1741 2520 1841 2559 mo
1854 2502 1924 2559 lo
1943 2504 2145 2575 afﬂigi,

498 2606 623 2646 non
666 2590 792 2645 sine
826 2589 1130 2662 provisine
1172 2606 1383 2646 eorum
1441 2606 1583 2646 cura
1642 2592 1713 2647 sit
1768 2593 1983 2664 posita,
2042 2594 2150 2649 sed

499 2678 682 2737 etiam
706 2678 768 2735 in
782 2676 1146 2749 novissimis,
1178 2678 1486 2747 membris,
1510 2680 1632 2735 sive
1654 2679 1873 2736 viribus
1911 2686 2150 2740 natura-

499 2768 621 2824 lem
648 2768 1129 2840 compassionem
1171 2768 1447 2834 ostendit,
1473 2784 1581 2841 per
1602 2784 1891 2825 manuum
1926 2770 2150 2827 submi-

499 2856 916 2913 nistrationem
945 2861 1001 2913 et
1030 2856 1343 2913 oculorum
1382 2873 1488 2930 per
1508 2857 1796 2914 visionem
1836 2858 2146 2928 ducatum,

505 2950 775 3015 sanatur,
801 2946 964 3019 quod
994 2945 1280 3002 amictum
1313 2951 1397 3002 est
1418 2946 1691 3015 etdolet;
1742 2963 1865 3003 non
1907 2948 2149 3020 injuria-

2259 447 2376 500 tres
2405 445 2559 502 adeo
2584 447 2989 521 honorabiles,
3022 461 3378 527 praesentem
3407 455 3664 512 litteram
3704 454 3923 511 mani-

2256 533 2418 591 festae
2449 537 2816 594 certitudinis
2841 541 3117 599 misimus
3152 545 3340 611 vobis,
3391 548 3447 601 et
3498 544 3917 611 ostendimus,

2255 638 2439 696 quam
2463 624 2536 680 sit
2559 625 2938 699 importabile
2955 633 3195 702 pondus
3214 634 3430 707 plagas,
3453 638 3699 706 propter
3739 633 3917 706 quod

2255 716 2311 769 et
2336 730 2527 786 usque
2556 715 2636 771 ad
2665 721 2920 775 vestram
2938 722 3334 794 sanctitatem,
3354 723 3690 781 secundum
3736 723 3918 795 quod

2255 803 2437 874 exigit
2464 806 2834 863 consuetudo
2857 809 3171 880 synodalis
3201 811 3613 879 attestationis,
3632 826 3741 868 seu
3772 829 3916 885 pro-

2256 893 2652 962 clamationis,
2686 894 2963 955 devenire
2990 900 3439 973 prohibeamur,
3471 902 3789 974 tyrannice
3812 903 3919 962 de-

2256 983 2420 1050 tenti,
2445 1006 2473 1034 ››
2491 996 2601 1047 etc,

2331 1078 2518 1143 Quem
2540 1080 2601 1137 in
2622 1081 2890 1141 favorem
2912 1086 3182 1145 Ecclesiae
3206 1088 3558 1160 ponendum
3592 1089 3916 1147 decretum

2260 1167 2648 1237 Constantini,
2676 1174 2839 1245 quod
2859 1182 2995 1247 post
3026 1183 3329 1250 receptam
3370 1179 3625 1249 gratiam
3662 1180 3728 1235 in
3760 1178 3917 1235 urbe

2260 1258 2531 1316 Romana
2558 1259 2735 1317 beato
2764 1266 2930 1320 Petro
2957 1270 3015 1321 et
3036 1269 3207 1339 Papae
3231 1269 3685 1325 successoribus
3707 1268 3919 1324 condi-

2260 1345 2365 1415 dit,
2398 1353 2454 1403 et
2477 1354 2597 1406 tam
2644 1353 2860 1409 Latinis
2919 1371 3103 1427 quam
3164 1358 3377 1413 Graecis
3429 1358 3635 1415 litteris
3680 1359 3917 1415 cunctis

2258 1435 2536 1494 fidelibus
2560 1439 2619 1496 in
2651 1447 2872 1500 aeterna
2903 1446 3193 1502 memoria
3216 1446 3469 1520 reliquit.
3507 1448 3725 1506 Scribit
3753 1449 3915 1505 enim

2260 1542 2342 1582 810
2367 1543 2380 1581 ε

2614 1638 3009 1710 Privilegium
3040 1643 3426 1700 Constantini
3454 1645 3593 1714 (‘22).

2332 1800 2359 1826 «
2383 1781 2789 1837 Necessarium
2811 1783 3154 1854 jndicamus
3175 1802 3313 1842 cum
3344 1787 3628 1843 omnibus
3649 1788 3915 1860 satrapis

2258 1868 2478 1924 nostris
2501 1873 2557 1926 et
2582 1875 2704 1926 toto
2735 1873 3031 1945 consultu,
3056 1881 3112 1929 et
3133 1876 3503 1949 principibus
3537 1881 3596 1932 et
3654 1877 3915 1950 populo,

2257 1956 2360 2028 qui
2391 1958 2612 2014 estsub
2639 1965 2927 2031 potestate
2967 1965 3250 2019 Romanae
3300 1964 3601 2034 Ecclesiae,
3653 1970 3720 2020 ut
3763 1966 3918 2022 sicut

2258 2050 2498 2101 sanctus
2524 2049 2727 2103 Petrus
2753 2066 2823 2105 ex
2850 2065 3106 2121 persona
3134 2051 3327 2109 fidelis
3358 2053 3453 2109 Dei
3475 2058 3563 2110 est
3609 2053 3672 2109 in
3733 2058 3915 2121 terra,

2258 2134 2341 2189 sic
2363 2135 2629 2208 episcopi
2657 2142 2711 2193 et
2736 2155 3109 2195 successores
3139 2141 3424 2214 principis
3468 2142 3917 2214 apostolorum,

2258 2227 2610 2295 potestatem
2643 2226 2703 2281 in
2734 2232 2888 2283 terra
2916 2227 3179 2285 habeant
3224 2232 3436 2301 magis,
3485 2247 3675 2303 quam
3726 2232 3919 2304 impe-

2258 2311 2414 2368 rium
2436 2318 2710 2370 nostrum
2742 2316 2944 2386 gloriae
2967 2323 3207 2374 nostrae.
3244 2321 3307 2375 Et
3348 2318 3459 2375 hoc
3490 2336 3861 2377 concessum
3887 2337 3921 2376 a

2258 2401 2458 2470 nobis,
2488 2408 2543 2458 et
2568 2403 2645 2459 ab
2678 2404 2930 2477 imperio
2961 2412 3168 2463 nostro
3196 2412 3251 2464 et
3272 2407 3551 2464 volumus
3578 2425 3690 2465 nos
3714 2410 3921 2482 ipsum

2258 2492 2591 2563 principem
2621 2495 3056 2567 apostolorum,
3074 2502 3128 2552 et
3151 2514 3529 2554 successores
3546 2500 3677 2571 ejus
3697 2516 3771 2554 ex
3794 2516 3921 2572 per-

2260 2596 2406 2637 sona
2427 2583 2575 2652 ejus,
2608 2585 2835 2657 primos
2862 2585 2938 2641 ad
2971 2590 3155 2642 Deum
3188 2590 3387 2643 Patres
3417 2605 3547 2644 esse
3592 2595 3650 2644 et
3705 2588 3920 2645 defen-

2261 2686 2445 2726 sores.
2476 2676 2539 2728 Et
2572 2675 2721 2730 sicut
2750 2675 3076 2746 imperialis
3116 2681 3378 2749 potestas
3418 2683 3621 2735 nostra
3655 2679 3717 2735 in
3764 2684 3922 2735 terra

2259 2766 2572 2818 veneratur
2602 2767 2658 2819 et
2685 2763 3141 2829 honoratur,sic
3166 2766 3483 2837 faciamus,
3511 2773 3574 2823 ut
3598 2774 3921 2824 veneretur

2260 2858 2314 2908 et
2344 2852 2667 2908 honoretur
2697 2856 2967 2911 Romana
2992 2855 3265 2921 Ecclesia,
3291 2862 3346 2912 et
3370 2857 3563 2927 magis
3593 2874 3787 2929 quam
3811 2857 3919 2913 im-

2260 2942 2491 3015 perium
2512 2948 2805 2999 nostrum.
2835 2946 2896 2999 Et
2918 2949 3202 3000 aeternam
3257 2946 3461 3001 sedem
3493 2952 3766 3001 sanctam
3814 2963 3916 3003 ca-

504 3039 619 3104 tur,
647 3035 917 3109 despicit,
944 3042 1045 3092 aut
1074 3036 1261 3107 rejicit
1284 3036 1503 3092 horum
1541 3038 2024 3109 cooperationem
2058 3040 2151 3096 vel
2184 3053 2224 3107 (3
2263 3031 2536 3088 ihedram
2568 3032 2725 3088 beati
2757 3033 2902 3088 Petri
2939 3034 3221 3089 volumus
3276 3034 3595 3105 gioriiicari
3653 3041 3711 3090 et
3750 3034 3915 3092 exal-

505 3125 791 3189 oiﬁcium,
824 3130 1111 3198 tanquam
1132 3124 1354 3181 inutile.
1382 3129 1446 3181 Et
1469 3126 1561 3182 his
1586 3126 1810 3199 itaque,
1844 3144 1976 3200 quae
1997 3130 2153 3185 circa

504 3220 769 3272 vestram
792 3215 1176 3286 praesentiam
1199 3220 1359 3282 sunt,
1377 3215 1672 3271 habemus
1699 3217 2041 3288 parabolice
2070 3219 2153 3275 lo-

508 3304 633 3377 qui,
654 3320 689 3359 o
708 3304 1106 3359 sanctissime.
1128 3306 1271 3360 Nam
1289 3321 1427 3360 cum
1446 3307 1972 3377 caputsacerdotii,
1991 3308 2156 3380 quod

508 3393 571 3449 in
601 3392 829 3449 Christo
856 3397 962 3463 est,
999 3392 1286 3449 canonice
1306 3409 1415 3449 vos
1441 3409 1570 3448 esse
1600 3399 1970 3465 reputamus,
2016 3412 2155 3451 con-

511 3496 656 3551 grue
677 3482 1005 3553 quaerimus
1029 3497 1135 3552 per
1163 3497 1271 3535 vos
1298 3480 1583 3536 auxilium
1617 3481 1831 3547 dolori,
1872 3484 1974 3554 qui
2017 3500 2158 3539 con-

510 3572 702 3640 tingit,
724 3574 780 3625 et
806 3571 1078 3625 tristitite.
1114 3569 1520 3625 Ecclesiastico
1546 3585 1688 3641 ergo
1707 3572 1959 3642 corpori,
1992 3573 2157 3645 quod

511 3660 573 3715 in
604 3658 779 3714 nobis
801 3664 905 3728 est,
939 3663 1182 3729 propter
1203 3657 1579 3729 pestilentem
1597 3666 1652 3714 et
1669 3660 2007 3716 morbidum
2029 3662 2155 3734 pla-

511 3763 654 3818 gam
685 3746 1026 3802 animarum
1066 3762 1103 3802 a
1158 3747 1472 3818 tyrannica
1514 3752 1803 3818 potestate
1848 3750 2153 3823 inﬂictam,

513 3836 987 3893 consolationem
1024 3835 1253 3891 mittite.
1291 3839 1535 3892 Prorsus
1582 3837 1741 3893 enim
1763 3839 1989 3895 ratione
2020 3857 2157 3912 pro-

510 3926 780 4000 prietatis
807 3924 1038 3997 capitis,
1066 3924 1542 3996 nosinconsulte,
1568 3927 1659 3981 vel
1687 3942 1807 3982 non
1828 3927 2157 3985 voluntarie

512 4015 846 4071 inﬁrmatos
894 4029 1012 4069 non
1057 4013 1425 4084 despiciatis,
1472 4031 1666 4087 neque
1707 4016 2075 4073 identitalem
2125 4036 2160 4074 a

513 4109 732 4159 natura
761 4101 950 4172 obliti,
979 4101 1277 4174 repellatis
1307 4119 1417 4158 nos
1449 4105 1578 4174 (2t),
1608 4104 1709 4158 sed
1750 4107 1942 4174 magis
1966 4106 2158 4178 plagis

511 4192 731 4248 nostris
764 4192 1153 4249 condoleatis.
1182 4195 1329 4250 Cum
1353 4193 1512 4249 enim
1540 4197 1771 4262 patitur
1790 4212 1970 4252 unum
1990 4214 2161 4254 mem-

515 4281 776 4351 brorum,
828 4281 1161 4336 secundum
1221 4282 1383 4336 Pauli
1430 4298 1660 4351 vocem,
1720 4288 2163 4353 conzpalimzlur

2266 3121 2376 3178 tari
2402 3139 2412 3175 :
2434 3121 2642 3177 dantes
2666 3121 2717 3176 ei
2745 3125 3118 3193 potestatem,
3144 3129 3199 3179 et
3223 3123 3424 3194 gloriae
3446 3124 3824 3194 dignitatem.
3869 3130 3925 3179 et

2269 3211 2672 3267 discernentes
2693 3211 2998 3266 sancimus
3026 3218 3088 3268 ut
3116 3213 3337 3268 habeat
3365 3217 3722 3285 potestatem
3756 3214 3915 3284 prin-

2272 3300 2545 3372 cipalem,
2580 3306 2635 3355 et
2663 3301 2735 3355 sit
2755 3303 2888 3372 ipsa
2915 3307 3094 3373 caput
3119 3307 3380 3374 quatuor
3420 3301 3677 3365 sedium,
3702 3302 3919 3358 scilicet

2272 3390 2429 3445 sedis
2460 3389 2855 3455 Alexandriae,
2889 3390 3232 3455 Antiochiae,
3259 3391 3840 3463 Hierosolymorum,
3866 3397 3922 3446 et

2273 3478 2830 3551 Constantinopolis.
2858 3481 2922 3535 Et
2943 3479 3209 3535 similiter
3236 3481 3296 3536 in
3324 3480 3610 3536 omnibus
3642 3479 3924 3537 Ecclesiis

2271 3569 2452 3623 totius
2484 3567 2645 3623 orbis
2673 3568 3010 3640 episcopus,
3044 3570 3146 3640 qui
3176 3575 3265 3625 est
3289 3569 3349 3626 in
3390 3576 3599 3625 sancta
3652 3573 3931 3626 Romana
3972 3644 3975 3645 ν

2272 3656 2530 3713 Ecclesia
2552 3657 2833 3712 sacerdos
2853 3657 3079 3713 mundi.
3106 3660 3169 3712 Et
3184 3658 3477 3731 quidquid
3502 3662 3590 3715 est
3602 3658 3681 3714 ad
3697 3660 3926 3715 sancti-

2270 3754 2472 3811 titem,
2507 3746 2599 3802 vel
2637 3746 2945 3802 utilitatem
2979 3747 3099 3817 Dei,
3123 3752 3180 3803 et
3220 3748 3667 3813 correctionem,
3728 3753 3785 3804 et
3832 3748 3932 3803 ﬁr-

2272 3838 2539 3893 mitatem
2571 3835 2705 3890 ﬁdei
2731 3835 3219 3903 Christianorum,
3252 3840 3315 3892 ut
3342 3836 3419 3892 ab
3446 3837 3574 3908 ipso
3592 3837 3921 3909 judicetur.

2271 3929 2503 3981 Justum
2528 3928 2614 3979 est
2646 3924 2825 3991 enim,
2857 3927 2919 3979 ut
2946 3923 3027 3979 ibi
3052 3930 3263 3982 sancta
3290 3924 3627 3981 luxliabcat
3653 3932 3839 3997 caput
3866 3931 3923 3981 et

2272 4013 2654 4086 principium,
2677 4012 2781 4084 qui
2802 4016 3043 4067 sanctus
3074 4012 3415 4085 Legislator,
3441 4013 3499 4068 id
3521 4018 3628 4079 est,
3653 4013 3929 4070 Salvator

2272 4110 2474 4160 noster
2498 4105 2668 4157 Jcsus
2699 4100 2964 4157 Christus
2992 4101 3166 4158 beato
3201 4102 3569 4173 Petrojussit
3599 4110 3796 4159 tenere
3830 4120 3927 4160 ca-

2272 4193 2568 4255 thedram,
2600 4195 2654 4246 et
2684 4189 2861 4246 etiam
2894 4190 2997 4246 ubi
3029 4191 3371 4262 passionem
3399 4191 3679 4248 sustinuit
3702 4194 3924 4259 crucis,

2271 4289 2325 4340 et
2354 4282 2545 4338 beata:
2576 4281 2781 4336 mortis
2813 4280 3056 4335 calicem
3085 4280 3252 4352 bibit,
3288 4282 3478 4337 factus
3508 4282 3771 4337 imitator
3813 4286 3925 4338 Ma-

512 4369 726 4425 mcrito
752 4370 951 4424 omnia
974 4371 1239 4425 membra
1258 4371 1323 4424 ³³.
1354 4373 1517 4425 Nunc
1539 4371 1715 4439 igitur
1743 4380 1797 4426 ct
1823 4390 2159 4440 rrcursum,
2200 4409 2240 4461 υ
2272 4371 2436 4442 gistri
2465 4377 2520 4426 et
2552 4369 2783 4425 Domini
2814 4369 2924 4438 sui,
2970 4375 3025 4424 et
3057 4374 3120 4423 ut
3144 4370 3366 4425 ibidem
3399 4376 3605 4440 gentes
3635 4370 3927 4426 inclinent

512 4458 717 4530 quoad
750 4457 1066 4513 sanitatem
1093 4459 1190 4525 sit,
1216 4458 1296 4513 ad
1340 4459 1771 4515 restitutionem
1833 4462 2157 4531 perfectam

510 4548 688 4604 nobis
712 4546 1017 4603 concedite
1039 4546 1387 4617 justissime.
1412 4550 1772 4614 Etmaxime,
1798 4552 2043 4621 quando
2075 4553 2161 4609 in-

510 4640 764 4697 ﬁrmitas
791 4639 1169 4695 occasionem
1209 4653 1331 4694 non
1364 4639 1490 4695 sine
1521 4656 1705 4696 causa
1753 4642 2018 4713 corporis
2064 4645 2159 4700 sui

511 4729 977 4785 stabilimentum
992 4727 1305 4800 acceperit,
1321 4727 1426 4783 sed
1448 4728 1525 4783 ad
1547 4728 1915 4784 extrinsecus
1952 4737 2158 4788 coacto

509 4822 567 4875 et
590 4816 1357 4890 improvisoimpensa,sive
1380 4832 1589 4871 casum
1614 4833 1789 4872 suum
1803 4820 2156 4890 acceperit.»

577 4908 797 4964 Postea
820 4910 1013 4963 mutat
1039 4921 1381 4979 personam,
1422 4905 1565 4979 quia
1593 4904 1856 4978 loquitur
1884 4907 2153 4976 concilio,

506 4996 670 5067 quod
697 5003 1169 5066 congregaverat
1200 5013 1379 5069 papa,
1419 5002 1663 5069 propter
1693 4996 1967 5052 eamdem
2019 5014 2155 5054 cau-

507 5098 657 5153 sam,
693 5083 767 5138 de
798 5100 919 5155 qua
949 5085 1044 5140 hic
1086 5085 1282 5154 igitur,
1316 5085 1535 5140 scilicet
1561 5089 1802 5157 propter
1834 5087 2151 5142 iconoma-

503 5170 676 5241 chos,
693 5170 910 5229 scilicet
932 5171 1383 5245 impugnatores
1402 5173 1756 5244 imaginum.
1778 5174 1915 5231 Inde
1940 5174 2147 5231 subdi-

573 5405 624 5442 ³³
661 5404 833 5460 lCor.
860 5419 963 5468 xu,
994 5406 1084 5460 29.

576 5530 661 5599 (21
732 5528 918 5583 Locus
940 5526 1235 5583 obscurus
1266 5532 1323 5585 et
1348 5526 1703 5586 mendosus.

575 5527 689 5673 (αὖ
728 5599 862 5657 meo
893 5597 1257 5658 Constantini
1285 5599 1532 5661 donatio
1560 5598 1703 5660 fidei

2273 4461 2468 4532 capita
2499 4475 2607 4514 sua
2648 4464 2891 4530 propter
2943 4458 3382 4514 confessionem
3443 4459 3705 4515 nominis
3763 4460 3923 4515 Chri-

2274 4550 2368 4613 sti,
2425 4549 2523 4604 ubi
2567 4549 2775 4604 doctor
2821 4563 3030 4603 eorum
3084 4547 3297 4604 beatus
3340 4548 3561 4605 Paulus
3607 4550 3919 4621 apostolus

2270 4644 2513 4711 propter
2544 4638 2839 4693 Christum
2872 4637 3199 4694 extendens
3252 4640 3565 4705 cervicem,
3629 4655 3919 4695 coronam

2270 4728 2537 4798 martyrii
2560 4728 2841 4799 suscepit,
2874 4732 2932 4782 et
2960 4743 3149 4799 usque
3180 4728 3236 4782 in
3270 4728 3451 4784 tinem
3481 4730 3692 4784 mundi
3732 4729 3812 4783 ibi
3837 4745 3925 4785 re-

2268 4817 2507 4889 quirant
2537 4816 2867 4883 doctorem,
2889 4815 2990 4871 ubi
3019 4821 3363 4873 sanctorum
3394 4817 3658 4890 reliquiae
3689 4819 3924 4891 requie-

2267 4910 2459 4962 scunt.
2483 4927 2511 4955 »

2336 4999 2401 5051 Et
2426 4995 2617 5050 infra:
2656 5018 2675 5044 ι
2712 4998 2953 5067 Propter
2982 4995 3096 5051 hoc
3126 4995 3262 5051 utile
3292 4996 3689 5064 aestimamus,
3734 4997 3922 5069 impe-

2265 5085 2417 5140 rium
2436 5089 2707 5140 nostrum
2724 5090 2781 5140 et
2801 5086 3134 5156 potentiam
3158 5086 3389 5157 imperii
3416 5086 3489 5142 ad
3507 5090 3707 5158 partes
3730 5088 3923 5142 orien-

2265 5174 2409 5231 tales
2439 5173 2765 5239 transfcrri,
2807 5173 2953 5230 etin
2991 5175 3295 5246 regionem
3347 5176 3632 5248 Byzantii,
3687 5175 3745 5232 in
3792 5175 3925 5231 loco

728 5599 862 5657 Haec
893 5597 1257 5658 Constantini
1285 5599 1532 5661 donatio
1560 5598 1743 5660 tidem
1771 5613 1897 5663 non
1926 5605 2187 5665 meretur
2227 5603 2285 5664 σι
2309 5615 2346 5665 ι
2374 5597 2594 5664 criticis
2624 5597 2911 5664 omnibus
2935 5595 3315 5677 reprobatura
