4106 6222
197 274 319 328 537
1628 269 1905 328 CONTRA
1947 269 2260 328 GRAECOS.
3539 273 3644 330 538

197 395 345 454 utili
381 394 684 452 civitatem
707 393 986 464 condere,
1017 396 1074 452 et
1119 394 1441 469 imperium
1469 399 1744 453 nostrum
1772 396 1878 453 ibi-
1915 403 1960 452 Α
1989 395 2156 470 quod
2181 395 2361 467 legati
2392 396 2560 453 missi
2591 396 2670 454 ab
2699 412 2770 456 ea
2800 397 3378 471 Constantinopolim
3403 410 3644 454 summo

199 485 361 543 dem
395 485 716 542 collocare.
747 484 1046 551 Quoniam
1067 483 1171 540 ubi
1193 488 1280 541 est
1297 483 1661 558 principium
1692 501 1882 543 sacer-
1993 501 2128 542 cum
2160 486 2390 544 honore
2412 491 2467 543 et
2490 487 2776 545 laudibus
2803 488 3228 562 reciperentur.
3261 487 3403 545 inde
3450 491 3560 557 est,
3583 492 3648 546 ut

202 575 396 644 dotii,
432 579 490 632 et
520 577 704 648 caput
723 573 1068 632 Christianae
1130 573 1434 644 religionis
1463 590 1500 632 a
1528 577 1682 645 Rege
1708 575 1883 632 cmlo-
1991 575 2120 648 ipse
2135 575 2461 648 imperator
2480 575 2554 632 de
2574 592 2732 650 equo
2753 578 2997 651 proprio
3019 576 3542 650 resiliens,equum
3569 575 3647 632 le-
4075 625 4088 651 τ

201 680 357 721 rum
380 637 701 729 traditum,
725 661 1046 734 indignum
1065 667 1172 733 est,
1203 637 1272 720 ut
1317 663 1400 720 ibi
1457 678 1562 722 rex
1612 637 1884 722 terrenus
1993 637 2268 735 gatorum
2291 663 2564 737 pedester
2602 637 3006 740 traheret.(25)
3042 682 3236 741 usque
3259 637 3333 722 ad
3355 637 3646 737 palatium
3991 695 4004 702 ο
4077 637 4093 916 ᾗ

203 753 454 812 habeat
484 757 866 827 potestatem.
895 774 924 803 »
1993 752 2161 826 quod
2215 753 2624 811 Cardinalium
2672 755 3024 823 vocabatur,
3080 755 3372 812 imitando
3427 750 3648 808 scilicet
4069 821 4080 828 ⁴

285 845 435 899 Haec
467 847 526 899 et
554 841 652 898 his
683 840 908 898 similia
939 857 1126 915 quam
1143 841 1404 916 plurima
1424 843 1804 901 continentur
1822 843 1882 901 in
1994 842 2403 900 Constantium
2465 843 2506 911 Ι,
2595 844 3070 902 Christianorum
3129 844 3487 916 principem,
3539 838 3647 912 qui
4067 857 4088 916 ζΔ

203 753 454 812 habeat
484 757 866 827 potestatem.
895 774 924 803 »
1993 752 2161 826 quod
2215 753 2624 811 Cardinalium
2672 755 3024 823 vocabatur,
3080 755 3372 812 imitando
3427 750 3648 808 scilicet

285 845 435 899 Haec
467 847 526 899 et
554 841 652 898 his
683 840 908 898 similia
939 857 1126 915 quam
1143 841 1404 916 plurima
1424 843 1804 901 continentur
1822 843 1882 901 in
1994 842 2403 900 Constantium
2465 843 2506 911 Ι,
2595 844 3070 902 Christianorum
3129 844 3487 918 principem,
3539 838 3647 912 qui
4067 857 4080 902 ζ

206 931 387 989 dicto
417 929 734 1004 privilegio
761 930 1148 1002 Constantini,
1177 931 1343 1005 quod
1387 931 1468 989 ad
1507 932 1801 991 honorem
1828 937 1884 990 et
1992 929 2170 988 beato
2200 931 2500 1004 Sylvestro
2530 933 2714 991 talem
2739 935 3139 992 reverentiam
3174 931 3546 1004 dignoscitur
3569 929 3648 985 fe-

203 1021 629 1080 reverentiam
657 1024 1054 1078 sacrosanctae
1099 1023 1385 1079 Romanae
1445 1021 1743 1090 Ecclesiae,
1783 1021 1883 1080 illo
1994 1019 2168 1087 cisse,
2201 1025 2379 1093 prout
2399 1021 2464 1077 in
2493 1022 2741 1095 praefato
2767 1023 3078 1095 privilegio
3095 1020 3428 1078 continetur
3456 1016 3646 1075 mani-

204 1114 501 1184 tempore
525 1111 746 1168 Graecis
776 1113 834 1167 et
858 1109 1097 1177 Latinis,
1119 1114 1184 1167 ut
1217 1109 1446 1168 dictum
1503 1115 1614 1178 est,
1673 1109 1882 1169 litteris
1993 1109 2164 1168 feste.
2196 1109 2286 1166 Ait
2306 1110 2498 1171 enim:
2527 1134 2555 1162 «
2583 1115 2646 1168 Et
2664 1115 2927 1169 tenentes
2957 1111 3190 1169 frenum
3221 1112 3372 1184 ejus,
3403 1111 3648 1182 propter
4065 1109 4093 1188 -ξ

205 1200 659 1274 promulgavit.
681 1202 802 1256 Hoc
825 1205 1028 1256 tamen
1051 1215 1086 1256 a
1107 1200 1427 1274 semetipso
1475 1217 1599 1258 non
1649 1201 1881 1269 habuit,
1993 1201 2268 1256 timorem
2303 1206 2360 1257 et
2398 1203 2795 1259 reverentiam
2821 1204 2886 1260 Β.
2935 1203 3101 1272 Petri,
3160 1200 3428 1258 stratoris
3448 1197 3646 1254 ofﬁcio

209 1291 327 1347 sed
351 1307 500 1347 cum
522 1296 678 1347 esset
694 1295 833 1346 tunc
855 1294 1124 1362 tempore
1160 1290 1732 1356 Christianissimus,
1755 1307 1888 1348 san-
1996 1290 2087 1346 usi
2114 1306 2347 1358 sumus,
2375 1307 2481 1363 per
2512 1293 2871 1366 scripturam
2891 1292 3198 1366 publicam
3219 1290 3449 1347 cunctis
3471 1288 3645 1344 inno-
4063 1341 4066 1344 ,
4091 1293 4093 1328 i

209 1385 460 1436 ciorum
501 1384 903 1436 trecentorum
933 1377 1140 1435 decem
1174 1383 1229 1435 et
1259 1381 1652 1446 octo;Patrum
1693 1379 1888 1436 conci-
1995 1381 2246 1435 tescant.
2291 1402 2308 1431 ι
2356 1380 2520 1436 Unde
2543 1386 2706 1438 tanta
2727 1382 2962 1439 caecitas
2989 1379 3294 1438 modernis
3323 1377 3556 1442 Graecis,
3587 1381 3646 1434 et

210 1470 296 1526 lio
315 1469 612 1526 interesse
641 1469 858 1526 meruit
886 1467 979 1525 vel
1017 1468 1279 1534 studuit;
1323 1472 1377 1525 et
1399 1469 1611 1525 eodem
1670 1470 1887 1542 Spiritu
1998 1470 2214 1525 mentis
2246 1469 2570 1540 hebetudo,
2595 1475 2658 1528 ut
2687 1472 2910 1539 dicant,
2932 1487 2993 1527 se
3021 1487 3144 1528 non
3191 1469 3375 1527 teneri
3400 1467 3478 1525 ad
3506 1465 3646 1524 obe-

213 1574 345 1631 quo
377 1562 434 1614 et
455 1557 575 1630 ipsi
627 1557 807 1630 pleni,
855 1557 1058 1614 sedem
1104 1556 1520 1629 apostolorum
1577 1557 1884 1630 principis,
1997 1557 2283 1614 dientiam
2318 1559 2588 1616 Ecclesiae
2623 1559 2960 1617 Romanae?

215 1650 399 1722 prout
433 1647 499 1703 in
530 1646 854 1716 Evangelia
880 1662 916 1703 a
946 1645 1199 1702 Domino
1232 1645 1543 1717 didicerat,
1569 1646 1630 1702 in
1660 1647 1887 1703 honore
2069 1649 2211 1702 item
2239 1663 2606 1720 quaeramus,
2647 1652 2703 1705 et
2731 1649 2848 1722 ipsi
2891 1647 3327 1722 respondeant:
3377 1648 3493 1702 Aut
3513 1643 3647 1701 reli-

219 1737 482 1808 dignam
513 1752 643 1793 esse
673 1737 953 1794 decrevit.
975 1736 1058 1792 ibi
1091 1735 1250 1792 enim
1274 1735 1540 1808 prredicti
1564 1737 1755 1792 sancti
1788 1739 1887 1793 Pa-
1919 1754 1960 1806 Β
1997 1735 2127 1810 quit
2149 1735 2388 1792 Petrum
2413 1737 2780 1794 utvicarium
2803 1737 2959 1794 sedis
2987 1754 3134 1808 suae,
3160 1739 3264 1794 aut
3279 1751 3421 1792 non.
3453 1733 3510 1791 Si
3539 1733 3644 1803 sic,

220 1833 342 1884 tres
356 1826 818 1899 praerogativam
839 1825 1193 1895 dignitatem
1221 1823 1494 1880 Ecclesiis
1520 1839 1627 1896 per
1657 1825 1890 1881 univer-
1998 1825 2296 1882 habemus
2323 1826 2721 1898 propositum,
2748 1832 2806 1883 et
2831 1831 3028 1884 cessat
3055 1826 3252 1882 omnis
3296 1821 3568 1898 quaestio,
3592 1826 3650 1879 et

223 1933 362 1972 sum
401 1915 620 1972 orbem
687 1914 1122 1988 dispensantes,
1178 1917 1516 1971 Romanam
1568 1914 1889 1971 Ecclesiam
2001 1931 2216 1970 sumus
2248 1916 2310 1972 in
2335 1932 2504 1988 pace.
2530 1916 2587 1972 Si
2620 1932 2777 1972 non:
2828 1917 2936 1973 sed
2984 1916 3196 1972 eadem
3222 1915 3475 1982 ratione,
3503 1912 3648 1984 quia

228 2020 358 2061 esse
375 2009 564 2078 caput
579 2004 855 2060 omnium
875 2003 1270 2060 Ecciesiarum
1304 2003 1363 2058 in
1388 2003 1511 2058 suis
1531 2001 1891 2060 definierunt
2001 2007 2203 2060 Petrus
2229 2019 2348 2060 non
2377 2005 2746 2078 relinquitur,
2769 2021 2880 2061 nec
2910 2006 3200 2069 Andreas,
3227 2019 3336 2060 nec
3363 1999 3642 2068 Jacobus,

231 2094 538 2149 sententiis
567 2111 581 2162 ;
608 2097 787 2166 prout
816 2093 878 2148 in
927 2091 1325 2166 praealiegatis
1381 2090 1644 2148 conciliis
1693 2107 1892 2148 neces-
2000 2109 2110 2149 nec
2141 2093 2360 2166 aliquis
2387 2093 2537 2149 alius
2564 2093 2890 2166 apostolus.
2920 2094 3084 2150 Unde
3115 2107 3258 2163 ergo
3287 2092 3350 2147 in
3385 2089 3647 2147 Ecclesia

235 2183 386 2239 sario
413 2181 868 2255 comprobatur.
2002 2181 2319 2238 multitudo
2345 2182 2599 2248 sedium,
2634 2187 2690 2238 et
2714 2181 3071 2254 dignitatum
3097 2181 3432 2246 diversitas,
3492 2182 3548 2234 et
3575 2177 3646 2234 li-

317 2271 505 2328 Sedet
553 2271 766 2344 reliqui
810 2271 1200 2344 imperatores
1241 2268 1558 2326 orthodoxi
1603 2269 1889 2327 thronum
2001 2271 2182 2340 gandi
2208 2275 2388 2344 atque
2409 2271 2672 2328 solvendi
2701 2271 3124 2328 animastanta
3143 2265 3646 2343 potestas?iinde

256 2359 683 2416 Petriomnibus
707 2359 839 2416 aliis
860 2357 1434 2433 praeferentes,tales
1479 2358 1554 2414 de
1576 2358 1890 2431 ipsaieges
1999 2359 2177 2415 etiam
2209 2359 2866 2432 Constantinopolitano
2923 2357 3162 2433 praesuli
3195 2362 3358 2415 tanta
3394 2355 3487 2412 vel
3515 2353 3648 2411 talis
4079 2353 4093 2432 If

257 2449 668 2505 condiderunt:
705 2473 732 2498 «
762 2449 1067 2520 Volumus,
1119 2453 1183 2505 ut
1229 2449 1428 2505 omnis
1485 2449 1651 2518 regio
1707 2449 1887 2507 eccle-
1996 2453 2286 2520 potestas,
2320 2451 2480 2504 unde
2509 2449 2670 2506 dicat
2709 2465 2774 2506 se
2804 2449 3069 2521 primum
3099 2452 3235 2521 post
3281 2461 3527 2520 papam,
3559 2443 3650 2500 vel
4083 2445 4093 2521 ξ

249 2538 1248 2596 siasticaconsuetudinesliomante
1270 2536 1884 2597 Ecciesiasimitelur.»
1998 2553 2179 2610 super
2235 2537 2383 2594 alios
2435 2540 2810 2611 patriarchas
2868 2539 2896 2594 ?
2938 2538 3051 2596 Sed
3107 2538 3331 2604 dicunt,
3389 2534 3556 2608 quod
3614 2548 3650 2590 a
4085 2534 4093 2611 ξ

239 2627 578 2683 Etiierum:
610 2651 629 2678 ι
670 2629 895 2684 Dictam
924 2628 1126 2684 sedem
1155 2626 1321 2683 omni
1361 2625 1590 2682 honore
1637 2627 1884 2697 dignam
1998 2627 2285 2684 conciliis.
2320 2627 2433 2684 Sed
2453 2629 2708 2684 concilia
2755 2627 2960 2684 sedem
3015 2627 3186 2696 Petri,
3228 2628 3408 2698 prout
3451 2626 3650 2680 osten-
4079 2619 4093 2698 j

231 2715 630 2786 decrevimus,
663 2718 808 2790 quia
860 2716 1155 2790 quidquid
1186 2716 1260 2772 ad
1291 2714 1715 2772 correctionem
1746 2718 1886 2776 fidei
1997 2732 2132 2772 sum
2165 2720 2272 2785 est,
2301 2717 2430 2772 aliis
2459 2718 2802 2791 praeferunt.
2836 2717 3002 2774 Unde
3049 2717 3260 2774 beatus
3312 2713 3648 2786 Stephanus

229 2811 481 2878 spectat,
514 2807 594 2862 ab
623 2807 724 2862 illa
751 2807 889 2862 sede
921 2805 1028 2863 fuit
1054 2822 1292 2880 semper
1337 2809 1664 2877 receptum,
1699 2823 1888 2866 corre-
1995 2810 2120 2874 νέος,
2164 2804 2226 2860 id
2265 2810 2375 2870 est.
2410 2823 2598 2863 novus
2637 2812 2866 2879 mar-lyr
2896 2805 3154 2878 (supple.
3183 2805 3298 2873 his:
3330 2802 3436 2875 (Ιιιί
3470 2816 3650 2858 νοθα-

227 2899 389 2952 ctum
412 2901 473 2952 et
502 2897 910 2952 emendatum.
943 2919 971 2945 »
1995 2894 2145 2951 bant
2171 2909 2310 2950 eum
2339 2895 2422 2968 ad
2446 2896 2758 2969 quoddam
2791 2896 3012 2952 falsum
3042 2894 3380 2962 concilium)
3406 2904 3649 2963 respon-

297 2931 389 2952 μω
412 2931 473 2952 υ.
502 2931 910 2952 σωσυυαιυιυ.
943 2931 971 2945 η
1995 2931 2145 2951 ua...
2171 2931 2310 2950 tu...
2339 2931 2422 2968 aq
2446 2931 2758 2969 ιιιιυυυαω
2791 2931 3012 2952 una...“
3042 2931 3380 2962 υυυυιυαωι
3407 2931 3626 2963 more...
4051 2935 4062 2960 λ

297 2987 443 3052 Quae
483 2990 705 3042 cuncta
773 2985 822 3041 si
851 2984 1104 3054 diligens
1153 2985 1338 3043 lector
1373 2988 1669 3046 discutere
1707 2986 1886 3056 volet,
1997 2984 2118 3040 dit:
2145 3007 2174 3036 α
2207 2985 2522 3051 Quomodo
2546 2991 2742 3042 vestra
2771 2984 3043 3057 synodus
3068 2981 3428 3039 universalis
3475 2994 3650 3036 voca-

4090 2517 4093 2582 Ξ

231 3076 505 3132 inveniet
555 3073 657 3130 illa
712 3073 844 3140 tria,
893 3091 1028 3148 quae
1084 3074 1146 3130 in
1192 3075 1485 3150 principio
1513 3077 1682 3134 istius
1706 3077 1890 3150 partis
1920 3102 1960 3159 ρ
1998 3072 2263 3140 bitur,iu
2306 3089 2426 3145 quo
2475 3075 2747 3128 Romano
2798 3087 2920 3128 non
2967 3071 3192 3144 placuit
3231 3067 3491 3142 praesuli,
3521 3067 3647 3122 sine

229 3165 478 3221 fuerant
505 3164 778 3237 quaesita,
820 3180 948 3220 esse
1001 3164 1216 3222 soluta.
1269 3167 1549 3225 Videlicet
1599 3183 1721 3240 quo
1748 3171 1893 3222 tem-
1932 3156 1960 3159 ⁷
1999 3178 2122 3236 quo
2153 3161 2523 3235 impossibile
2554 3166 2642 3217 est
2660 3176 2929 3234 prorsus,
2960 3176 3057 3216 res
3086 3156 3521 3215 ecclesiasticas
3543 3170 3648 3212 ca-

227 3270 381 3328 pore
403 3256 682 3309 Romana
734 3253 988 3310 Ecclesia
1035 3253 1247 3311 habuit
1295 3255 1470 3313 istam
1517 3260 1889 3328 potestatem,
2001 3249 2264 3307 nonizari
2294 3252 2322 3307 ‘2
2353 3272 2380 3300 ››
2413 3249 2574 3305 istud
2604 3248 3009 3306 testimonium
3038 3247 3332 3304 invenitur
3370 3243 3646 3318 passione

224 3341 323 3398 vel
350 3358 386 3398 a
415 3357 564 3414 quo,
587 3346 862 3397 etutrum
885 3357 1066 3414 super
1089 3358 1302 3400 omnes
1346 3344 1775 3414 universaliter,
1799 3343 1894 3398 vel
2003 3355 2114 3395 sua
2134 3338 2511 3396 conﬁrmare.
2541 3341 2606 3395 Et
2626 3338 2853 3411 alioqui
2905 3338 3208 3395 infirmare
3247 3340 3384 3392 ante
3420 3335 3648 3404 legatos

225 3429 674 3504 particulariter
703 3445 884 3502 super
908 3429 1167 3503 aliquos.
1227 3433 1398 3499 Quod
1456 3433 1670 3490 iterum
1718 3448 1892 3504 repe-
2001 3445 2124 3485 non
2163 3433 2395 3502 poterat
2450 3428 2792 3496 concilium,
2832 3443 2942 3484 nec
2985 3425 3338 3498 congregari
3384 3422 3648 3479 similiter

221 3524 430 3577 tentes
448 3519 707 3574 dicimus
736 3535 750 3574 :
777 3519 950 3585 Quod
966 3520 1381 3578 auctoritatem
1405 3522 1618 3578 habuit
1637 3519 1896 3577 Ecclesia
2005 3519 2134 3572 sine
2166 3531 2462 3572 consensu
2493 3531 2691 3589 papae.
2727 3519 2878 3586 Ergo
2917 3519 2975 3572 et
3024 3517 3327 3571 Romanus
3382 3509 3648 3584 pontifex

222 3625 261 3667 a
285 3609 551 3678 Christo,
582 3607 885 3664 mediante
917 3611 1102 3678 Petro,
1134 3611 1230 3666 cui
1262 3627 1405 3668 cura
1436 3611 1710 3668 omnium
1727 3608 1892 3682 spiri-
2001 3605 2183 3662 habet
2211 3609 2565 3678 potestatem
2590 3604 2856 3662 similiter
2876 3602 3319 3680 principalema
3343 3599 3645 3666 conciliis;

223 3698 492 3756 tualium
533 3697 868 3769 specialiter
890 3697 1386 3773 singulariterque
1410 3700 1518 3756 fuit
1539 3697 1890 3756 commissa:
2005 3700 2060 3749 et
2083 3694 2222 3750 inde
2244 3698 2308 3750 ut
2337 3694 2522 3766 prius.
3119 3699 3122 3702 ’

228 3786 690 3844 exsecutionem
709 3792 908 3842 tamen
953 3788 1283 3858 potestatis,
1309 3785 1896 3844 velauctoritatisha-
2079 3783 2134 3840 Si
2165 3798 2304 3838 vero
2332 3782 2624 3838 dixerint:
2673 3786 2788 3839 Nos
2816 3786 3170 3856 reputamus
3220 3797 3358 3837 eum
3414 3793 3649 3836 excom-

223 3876 331 3933 bet
355 3875 622 3931 Ecclesia
641 3890 675 3930 a
697 3875 894 3947 primo
913 3875 1164 3931 concilio
1187 3879 1386 3932 Nicmue
1407 3876 1702 3933 celebrato
1752 3876 1890 3945 (23):
2005 3873 2376 3928 muuicatum
2391 3873 2794 3928 ethaereticum
2819 3873 2990 3945 gquia
3013 3870 3313 3928 addiditin
3329 3866 3645 3942 Symbolo:

223 3966 287 4022 in
307 3979 441 4037 quo
465 3979 852 4036 unaquaeque
884 3964 1054 4020 sedes
1083 3965 1419 4022 secundum
1444 3966 1580 4039 plus
1596 3971 1650 4021 et
1671 3965 1894 4032 minus,
2008 3961 2312 4031 Filioque;
2340 3965 2395 4016 et
2416 3960 2550 4016 ideo
2573 3975 2693 4016 non
2725 3960 3078 4015 obediemus
3111 3959 3162 4014 ei
3193 3960 3328 4029 ('26).

222 4054 534 4110 honorem
570 4051 647 4108 ab
678 4053 972 4124 apostolis
1003 4059 1327 4125 receperat,
1354 4060 1409 4110 et
1432 4055 1631 4110 minus
1654 4053 1759 4109 fuit
1784 4052 1897 4126 pri-
2079 4053 2220 4104 item
2247 4047 2534 4120 quaeritur
2559 4047 2637 4102 ab
2683 4047 2798 4102 eis:
2853 4049 2916 4102 in
2969 4061 3092 4118 quo
3138 4041 3413 4108 concilio,
3461 4039 3650 4096 autin
4087 4049 4089 4126 ξ

223 4142 516 4212 vilegiata
551 4147 607 4197 et
662 4119 954 4198 ert-altata:
1014 4119 1368 4214 dignitatem
1423 4159 1564 4199 vero
1605 4149 1661 4198 et
1687 4119 1895 4215 poten-
2001 4153 2129 4210 qua
2157 4119 2393 4208 synodo
2419 4141 2618 4191 tantus
2671 4139 2882 4208 pastor
2910 4139 2966 4190 et
3025 4137 3193 4190 Pater
3250 4129 3519 4189 Ecclesia
3539 4128 3655 4185 fuit

224 4233 379 4288 tiam
403 4229 799 4302 temporalem
820 4230 1386 4303 recepitaﬁdelibus
1410 4230 1891 4304 imperatoribus,
2005 4225 2314 4282 convictus
2335 4224 2408 4280 de
2431 4223 2749 4280 mendacio
2766 4228 2822 4279 et
2846 4222 3075 4287 haeresi,
3097 4219 3405 4277 communi
3421 4222 3653 4274 senten-

224 4233 379 4288 tiam
403 4229 799 4302 temporalem
820 4199 1386 4303 recepitauﬁdelibus
1410 4232 1487 4287 im
1499 4199 1891 4304 peratdribus,
2005 4225 2314 4282 convictus
2335 4224 2408 4280 de
2431 4223 2749 4280 mendacio
2766 4228 2822 4279 et
2846 4222 3075 4287 haeresi,
3097 4219 3405 4277 communi
3421 4222 3653 4274 senten-

223 4320 335 4394 qui
369 4335 408 4374 a
429 4324 701 4391 tempore
735 4321 794 4373 Β.
820 4319 1122 4391 Sylvestri,
1173 4335 1283 4391 pro
1311 4336 1382 4375 ea
1406 4319 1684 4392 publicas
1731 4320 1893 4388 leges
2005 4315 2085 4372 tia
2110 4313 2579 4370 condemnatus:
2608 4328 2743 4384 quae
2778 4327 2914 4366 cum
2943 4310 3257 4366 ostendere
3295 4323 3418 4364 non
3449 4314 3653 4380 potuc-
4081 4353 4084 4356 .

224 4407 709 4482 promulgantes,
739 4407 791 4463 ei
819 4423 1027 4480 pacem
1061 4408 1376 4466 dederunt.
1422 4409 1605 4480 Unde,
1642 4415 1697 4464 et
1719 4409 1894 4464 donis
1925 4435 1968 4490 υ
2003 4408 2160 4466 runt,
2193 4404 2340 4476 quia
2367 4416 2680 4474 nunquam
2728 4400 2954 4490 factum
2993 4403 3100 4490 est,
3154 4399 3427 4490 dicimus,
3487 4394 3655 4469 quod

225 4497 574 4566 largissime
595 4498 818 4561 dotata,
841 4495 942 4566 jus
969 4513 1148 4551 suum
1178 4495 1360 4552 libere
1384 4513 1563 4570 super
1583 4514 1814 4566 omnes,
1839 4502 1896 4553 et
1926 4487 1955 4490 ⁷
2004 4492 2237 4548 etiamsi
2267 4506 2474 4545 verum
2526 4493 2702 4554 esset,
2747 4487 2913 4561 quod
2961 4489 3015 4544 ei
3057 4487 3403 4561 imponitur.
3454 4489 3655 4542 tamen

229 4586 462 4660 ubique
486 4601 560 4640 ex
581 4590 722 4640 tunc
753 4583 934 4657 coepit
962 4585 1300 4641 extendere.
1334 4586 1496 4642 Unde
1529 4591 1586 4642 et
1609 4586 1760 4642 duos
1791 4602 1893 4659 pa-
2003 4580 2342 4650 falsumest,
2364 4577 3296 4651 sicutsuprademonstravimus.
3318 4578 3654 4647 Antequam

229 4675 527 4732 triarchas
558 4673 1280 4746 Photium,etquemdam
1327 4674 1512 4730 alium
1538 4676 1727 4745 (24)ἱο
1747 4675 1892 4730 urbe
2004 4673 2398 4726 convincatur
2451 4665 2861 4741 principaliter
2919 4681 3027 4738 per
3067 4664 3406 4731 concilium,
3451 4667 3659 4718 manet

227 4761 902 4834 ConstantinOpolitana
977 4760 1336 4834 deposuisse
1385 4761 1777 4831 dignoscitur,
1839 4765 1897 4817 et
2006 4773 2443 4831 semperpenes
2473 4773 2613 4813 eum
2655 4755 3019 4820 auctoritas;
3073 4769 3184 4812 nec
3238 4752 3416 4810 debet
3459 4750 3653 4819 vitari,

4088 3191 4091 3222 ι

4088 3231 4091 3274 ι

4088 3665 4091 3727 4

231 4811 902 4834 ..ν-η--η---τν---π
980 4811 1334 4834 “rw—"-—
1389 4811 1530 4831 --ο--
1556 4811 1777 4828 --η-η,
1844 4811 1896 4817 --
2007 4811 2159 4829 ηῇ.
2192 4811 2233 4814 η
2260 4811 2287 4831 τ
2313 4811 2435 4814 -ην
2480 4811 2497 4813 -
2518 4811 2611 4813 μή
2663 4811 2762 4813 κη-
2805 4811 2819 4813 -
2842 4811 2845 4812 γ
2870 4811 2902 4812 η
3007 4811 3018 4820 .
3639 4811 3652 4819 .

227 4853 542 4928 quosdam
565 4851 716 4908 alios
739 4850 1323 4907 excommunicasse.
1352 4855 1475 4906 imo
1495 4851 1554 4907 in
1578 4856 1793 4908 cuncta
1809 4865 1894 4906 re-
2006 4847 2112 4904 sed
2133 4863 2346 4903 omnes
2371 4851 2645 4902 tenentur
2696 4845 2750 4901 ei
2797 4844 3063 4912 obedire,
3116 4855 3450 4916 quousque,
3507 4839 3656 4895 sicut

227 4941 501 5000 verentia
525 4939 735 4998 habita
755 4944 847 4996 est
867 4945 1004 4996 ante
1033 4940 1300 4996 schisma
1333 4943 1506 4996 sedes
1539 4939 1892 5012 apostolica,
2003 4937 2288 5006 diximus,
2319 4937 2379 4993 in
2400 4953 2507 4992 sua
2528 4934 2846 5009 praesentia
2867 4938 3264 5003 cognoscatur
3285 4945 3490 4987 causa.
3533 4929 3655 4987 Hoc
4079 4979 4084 4988 .

226 4941 501 5000 verentia
525 4939 735 4998 habita
755 4944 847 4996 est
867 4945 1004 4996 ante
1033 4940 1300 4996 schisma
1333 4943 1506 4996 sedes
1539 4939 1892 5012 apostolica,

302 5113 421 5180 (23)
452 5111 572 5166 Hoc
591 5125 750 5181 sano
782 5125 964 5165 sensu
986 5109 1178 5181 accipi
1207 5108 1404 5164 debet.
1441 5111 1620 5166 Srsw.

307 5184 428 5251 (24)
466 5180 818 5236 Anthimum
844 5181 1098 5252 forsan,
1120 5179 1207 5235 'ab
1241 5185 1506 5252 Agapeto
1549 5181 1892 5252 depositum

231 5252 621 5327 temporibus
639 5251 983 5327 Justiniani,
1006 5251 1195 5327 voluit
1227 5251 1514 5327 indicare.
1545 5251 1711 5327 limis.

307 5322 420 5396 (25‘)
457 5323 712 5396 Romani
739 5322 1053 5396 pontifices
1079 5322 1595 5396 Constantinopoli
1622 5339 1764 5396 suos
1792 5322 1896 5380 ha-

233 5393 794 5468 bere_responsaies_
820 5393 943 5449 sive
995 5393 1601 5468 apocrisiarios,_’sed
1643 5393 1724 5449 illi
1769 5409 1893 5468 non

235 5462 822 5537 dicebanturlegati,
862 5479 973 5520 nec
1023 5462 1640 5537 fueruntcardinaies,
1692 5464 1894 5537 nec_id

238 5531 1120 5609 atemporibus'COnstantini.
1170 5531 1280 5609 sed
1328 5531 1894 5609 Justiniani_potiu_s

236 5599 603 5666 innutritum;
629 5601 743 5666 Ne‘o
774 5610 917 5665 tunc
942 5601 1232 5680 temporis
1271 5599 1566 5679 palatium
1597 5599 1718 5666 fuit
1763 5599 1894 5663 σιμ

2003 4937 2288 5006 diximus,
2319 4937 2379 4993 in
2400 4953 2507 4992 sua
2528 4934 2846 5009 praesentia
2867 4938 3264 5003 cognoscatur
3285 4945 3490 4987 causa.
3533 4929 3655 4987 Hoc

2004 5107 2330 5170 dinaiium;
2363 5105 2587 5178 quippe
2617 5119 2738 5178 non
2772 5101 3087 5178 inaedib‘us
3129 5100 3406 5178 propriis,
3467 5099 3572 5178 sed
3593 5099 3655 5156 in

2007 5178 2230 5250 palatio
2257 5173 2421 5250 regio
2445 5173 3212 5250 habitabantapocrisiarii,
3266 5176 3542 5250 ut__pate_t_
3585 5187 3654 5226 ex

2004 5241 2258 5324 epistola
2277 5241 2486 5324 Phocea
2515 5247 2595 5304 ad
2625 5241 2972 5324 Gregorium
2999 5247 3299 5324 Magnum.
3327 5241 3440 5324 Nec
3466 5241 3655 5324 ullum

2003 5315 2260 5378 occurrit
2289 5318 2579 5390 palatium
2610 5316 3007 5390 cardinalium
3035 5315 3199 5388 apud
3243 5315 3656 5390 Constantino-

2045 5391 2210 5448 oiim.
2260 5385 2376 5462 Nec
2405 5389 2663 5462 denique
2682 5388 2943 5462 mosfuit
2962 5385 3434 5459 imperatoribus
3459 5389 3654 5443 tantos

2045 5409 2210 5448 011m.
2260 5409 2376 5447 nec
2405 5409 2663 5462 denique
2682 5409 2813 5444 [D05
2835 5409 2943 5443 ῐυιι
2962 5409 3058 5459 ιω]

2002 5409 2264 5532 Βοηοτβε
2292 5459 2502 5532 legatis
2530 5458 2854 5532 deferendi.
2893 5462 3058 5515 Bm.

2075 5535 2196 5606 (36)
2214 5530 2387 5590 Deest
2404 5531 2742 5604 responsio;
