4106 6222
492 253 596 309 539

1737 251 2221 311 PANTALEONIS
2260 253 2543 310 DIACONI
2580 254 2688 311 (ΞΡ.

493 375 715 433 docent
736 376 1009 447 concilia,
1039 375 1189 433 ratio
1244 375 1417 432 docet
1436 379 1494 433 et
1532 376 1815 451 suggerit,
1857 381 1913 431 et
1958 391 2136 433 cano-
2166 376 2212 431 Α
2246 380 2453 439 tasset,
2491 376 2840 451 compulsus
2879 381 2971 434 est
3016 377 3337 450 praedictus
3395 394 3557 453 papa
3601 393 3906 448 magnum

493 480 600 521 nes
630 465 1019 538 compellunt.
1043 464 1207 521 Unde
1256 464 1315 520 in
1345 470 1559 536 quarto
1590 464 1843 519 concilio
1890 465 2136 537 patriar-

494 558 608 615 cha
643 557 1078 613 Alexandrinus
1124 556 1460 626 Dioscorus,
1502 562 1559 613 et
1611 555 1906 629 Eutyches
1950 556 2137 611 archi-

492 646 814 717 mandrita,
859 661 995 700 cum
1029 659 1135 717 per
1182 660 1355 700 suam
1401 643 1810 701 facinorosum
1860 644 2138 701 haeresim

492 735 687 792 forent
714 733 1074 808 deponendi,
1102 739 1237 790 ante
1267 738 1469 791 tamen
1492 733 1675 791 latam
1699 736 2055 791 sententiam
2086 738 2143 790 et

492 840 738 881 causam
762 824 1086 894 cognitam,
1111 822 1424 880 manifeste
1444 822 1577 879 loca
1605 838 1715 878 sua
1744 823 2139 881 tenueruntin

480 913 763 978 concilio,
792 918 848 968 et
869 926 1109 985 semper
1137 912 1504 971 venerabile:
1526 913 1759 980 Patres,
1811 916 1865 969 et
1888 919 2140 969 sanctis-

488 1004 622 1061 simi
648 1003 1044 1058 vocabantur.

564 1092 704 1147 Cum
747 1091 925 1160 igitur
978 1106 1089 1146 nec
1128 1090 1189 1147 in
1233 1090 1349 1147 hoc
1407 1105 1470 1145 se
1559 1090 1794 1162 possint
1857 1104 2144 1145 excusare

490 1179 693 1243 Graeci,
744 1178 903 1235 unde
955 1186 1064 1245 est,
1122 1178 1290 1252 quod
1353 1194 1390 1235 a
1444 1183 1633 1235 matre
1677 1178 1933 1235 Ecclesia
1981 1185 2144 1235 tanto

498 1275 768 1342 tempore
825 1269 1191 1337 recedentes,
1231 1268 1421 1325 redire
1464 1268 1539 1324 ad
1585 1267 1991 1324 obedientiam
2024 1274 2142 1323 tam

496 1356 799 1415 obstinato
854 1360 1061 1414 animo
1130 1364 1407 1413 recusant
1448 1357 1475 1410 ‘.’
1540 1359 1685 1412 Puto
1741 1356 1905 1430 quod
1958 1356 2147 1426 lougi'

491 1449 744 1515 turnitas
830 1446 1119 1518 temporis
1206 1447 1363 1502 hanc
1460 1446 1786 1502 cmcitatem
1851 1444 2144 1501 interioris

496 1535 759 1592 hominis
781 1535 1016 1591 induxit
1036 1536 1137 1591 eis.
1158 1534 1461 1591 Transacti
1511 1541 1652 1591 sunt
1701 1534 1859 1591 enim
1909 1539 2144 1606 trecenti

489 1625 795 1694 octoginta
843 1625 987 1680 anni
1047 1629 1104 1679 et
1159 1621 1442 1696 amplius,
1517 1628 1580 1678 ut
1646 1622 1921 1693 creditur,
1981 1622 2144 1694 quod

2248 465 2525 521 Carolum
2548 466 2622 521 de
2650 465 2883 521 Gallicis
2928 467 3199 539 partibus
3243 484 3514 531 evocare,
3563 468 3703 523 etin
3736 468 3909 522 Italia

2248 556 2669 628 imperatorem
2700 557 3077 624 constituere,
3101 562 3158 613 et
3180 557 3449 613 Ecclesiae
3497 555 3909 612 defensorem.

2252 644 2471 700 Etenim
2518 651 2645 699 erat
2666 644 2762 701 ille
2802 646 2937 710 Leo,
2982 650 3045 701 ut
3092 644 3327 715 legitur,
3377 645 3550 701 valde
3589 645 3911 717 voluptuo-

2251 751 2373 797 sus,
2398 740 2453 789 et
2478 734 2612 789 ideo
2642 735 2701 789 in
2725 734 3011 802 regimine
3042 735 3275 806 imperii
3328 735 3423 791 sui
3473 732 3647 791 valde
3694 734 3911 791 remis-

2251 839 2372 893 sus.
2409 822 2572 879 Unde
2602 838 2711 879 suo
2761 829 3027 896 tempore
3081 825 3360 881 Saraceni
3418 824 3677 897 Syriam,
3731 824 3911 878 Turci

2252 927 2388 967 vero
2442 911 2890 983 Cappadociam
2942 912 3350 980 obtinuerunt,
3390 917 3448 968 et
3476 912 3560 968 sic
3603 912 3766 969 facta
3819 915 3915 967 est

2252 998 2463 1056 divisio
2496 1000 2729 1072 imperii
2758 1000 3032 1057 Romani.

2326 1087 2601 1145 Secunda
2633 1089 2873 1144 occasio
2897 1088 3204 1145 divisionis
3228 1088 3355 1155 fuit,
3406 1089 3551 1162 quia
3601 1104 3726 1145 non
3773 1095 3912 1145 tue—

2254 1177 2599 1233 runtvocati
2635 1176 2713 1231 ad
2749 1177 3068 1235 concilium
3086 1177 3632 1247 Ultramontanum,
3650 1177 3911 1249 quando

2254 1265 2348 1321 illa
2375 1265 2590 1324 dictio:
2646 1267 2935 1339 Filioque,
2974 1266 3082 1323 fuit
3119 1267 3420 1340 apposita.
3472 1268 3709 1334 Verum,
3760 1267 3916 1340 quia

2256 1357 2526 1428 superius
2547 1371 2791 1412 causam
2816 1356 3203 1425 signavimus,
3238 1354 3334 1412 hic
3366 1355 3760 1444 subticemus.

2324 1446 2512 1502 Tertia
2536 1447 2776 1503 occasio
2799 1445 2921 1511 fuit,
2966 1461 3154 1518 quam
3194 1444 3309 1518 ipsi
3350 1445 3681 1518 aliquando
3730 1445 3910 1502 nobis

2253 1534 2313 1591 in
2373 1535 2647 1595 familiari
2685 1535 2984 1608 colloquio
3019 1536 3495 1604 assignaverunt,
3536 1534 3759 1591 scilicet
3811 1552 3909 1591 su-

2254 1623 2445 1696 perha
2483 1624 2660 1680 nimis
2708 1626 2939 1681 exactio
2983 1624 3317 1695 legatorum
3366 1638 3562 1695 papae.
3614 1623 3913 1680 Dicebant

486 1711 645 1787 istud
679 1712 942 1769 schisma
966 1717 1022 1769 et
1043 1712 1397 1769 scandalum
1440 1712 1619 1783 coepit
1646 1712 1810 1768 oriri.
1856 1711 1968 1767 Sed
1991 1727 2144 1767 nun-
2185 1710 2224 1765 Β
2255 1729 2518 1786 namque
2571 1715 2686 1783 (2‘7)
2747 1713 3088 1773 referentes.
3152 1711 3317 1785 quod
3386 1711 3636 1785 quando
3724 1711 3913 1784 legati

486 1800 630 1875 quid
662 1808 900 1875 tempus
924 1800 1273 1875 praejudicat
1297 1800 1353 1857 in
1379 1800 1593 1856 talibus
1614 1800 1779 1856 ?imo
1804 1805 1968 1856 tanto
2014 1814 2136 1856 ma-

485 1889 580 1960 gis
606 1890 689 1945 rei
720 1886 1080 1958 schismatis,
1118 1887 1283 1958 apud
1340 1903 1594 1944 examen
1627 1888 1832 1945 aeterni
1880 1887 2125 1952 iudicis,

486 1982 715 2050 quanto
766 1977 1009 2034 indultae
1088 1976 1448 2049 paenitentiae
1509 1976 1878 2048 temporibus
1915 1976 2135 2047 ingrati

484 2064 852 2132 abutuntur;
885 2065 1215 2139 praesertim
1237 2081 1375 2120 cum
1423 2063 1767 2130 semel,bis,
1826 2070 1931 2131 ter,
1988 2065 2139 2120 sicut

484 2154 545 2210 in
569 2154 782 2210 Graecis
802 2156 1177 2227 reperiuntur
1206 2152 1484 2215 historiis,
1508 2168 1615 2224 per
1638 2152 1868 2223 legatos
1917 2155 2134 2209 Itoma-

483 2257 577 2300 βω
600 2243 797 2308 curiae,
822 2248 878 2299 et
918 2258 1110 2314 nuper
1156 2258 1263 2315 per
1307 2240 1515 2298 fratres
1551 2241 1737 2297 nostri
1781 2241 2026 2309 ordinis,
2079 2246 2135 2297 et

484 2331 716 2387 Fratres
749 2332 998 2387 Minores
1024 2337 1288 2403 tempore
1321 2329 1581 2399 Gregorii
1628 2331 1693 2384 IX
1732 2344 1925 2403 papae.
1958 2347 1986 2386 δ
2024 2346 2133 2385 suo

482 2433 681 2474 errore
711 2419 927 2475 fuerint
956 2418 1205 2475 dulciter
1258 2418 1556 2475 revocati:
1594 2426 1655 2474 ut
1701 2418 1969 2485 tandem,
2000 2417 2134 2474 licet

482 2522 637 2574 sero,
678 2506 754 2562 ad
797 2507 995 2563 sinum
1050 2507 1257 2562 matris
1316 2506 1586 2562 Ecclesiae
1634 2506 1967 2574 redeuntes,
2009 2522 2131 2563 uno

481 2609 606 2663 ore,
638 2594 914 2667 quamvis
935 2594 1180 2650 diversis
1205 2610 1493 2650 sonorum
1524 2593 1793 2663 vocibus,
1818 2593 2129 2650 benedice-

474 2698 685 2753 ,remus
708 2683 924 2755 pariter
961 2683 1420 2757 Redemptorem
1449 2688 1717 2738 nostrum
1741 2685 1940 2738 Jesum
1974 2684 2130 2740 Chri-

482 2776 660 2845 stum,
692 2773 795 2845 qui
824 2777 912 2827 est
958 2769 1310 2827 benedictus
1354 2770 1413 2827 in
1476 2770 1697 2827 saecula
1745 2771 2125 2828 saeculorum.

479 2850 689 2917 Amen.

556 2952 794 3007 Constat
825 2966 966 3019 ergo
993 2966 1064 3006 ex
1104 2949 1196 3006 his
1224 2967 1359 3025 quae
1381 2948 1540 3006 dicta
1591 2954 1751 3013 sunt,
1796 2950 1963 3023 quod
2012 2952 2127 3006 Bo-

2253 1804 2472 1857 summi
2498 1801 2790 1875 pontificis
2806 1802 2884 1859 ab
2906 1803 3036 1875 ipsa
3059 1801 3199 1857 sede
3231 1800 3566 1873 apostolica
3585 1803 3911 1857 annuatim

2250 1892 2829 1965 Constantinopolim
2852 1892 3113 1947 chrisma
3163 1888 3533 1959 deferebant,
3581 1891 3699 1946 nisi
3742 1897 3913 1947 octo-

2247 1980 2414 2049 ginta
2442 1979 2627 2036 libras
2654 1981 2847 2037 auria
2872 1979 3029 2036 clero
3079 1985 3136 2035 ct
3189 1978 3353 2035 urbis
3386 1978 3636 2053 populo,
3684 1985 3912 2053 praeter

2246 2068 2361 2124 alia
2396 2070 2559 2125 dona
2589 2076 2645 2125 et
2699 2069 3061 2125 munuscula
3101 2068 3330 2125 eisdem
3387 2068 3909 2141 impenderentur,

2246 2173 2359 2212 non
2388 2157 2765 2213 recedebant.
2795 2161 2983 2213 Taceo
3004 2172 3137 2226 age,
3169 2156 3431 2224 aiebant,
3458 2156 3532 2213 de
3563 2173 3812 2231 pompa,
3850 2163 3913 2214 et

2244 2246 2550 2318 superbia,
2573 2263 2757 2320 quam
2801 2247 2914 2320 ipsi
2944 2245 3363 2303 ostendebant.

2314 2337 2535 2400 Quarta
2560 2352 2695 2392 vero
2727 2342 2781 2392 et
2807 2335 3143 2409 potissima.
3166 2340 3463 2408 quantum
3511 2333 3590 2390 ad
3647 2334 3904 2399 clerum,

2241 2423 2348 2480 fuit
2371 2423 2666 2496 depositio
2698 2424 2881 2481 Photii
2910 2425 3288 2496 patriarchae,
3316 2428 3370 2479 et
3412 2423 3909 2480 excommunica-

2242 2512 2538 2584 tioipsius,
2580 2522 2636 2569 et
2674 2513 2928 2569 aliorum
2944 2512 3348 2585 praelatorum,
3398 2519 3453 2568 et
3482 2512 3907 2585 quorumdam

2238 2600 2549 2657 abbatum.
2584 2602 2697 2658 Sed
2727 2602 3027 2676 numquid
3060 2602 3187 2658 haec
3216 2600 3520 2657 sufficiunt
3541 2601 3615 2656 ad
3650 2616 3905 2656 excusa-

2240 2691 2460 2746 tionem
2490 2691 2633 2746 tanti
2664 2691 3024 2757 schismatis,
3060 2699 3114 2747 et
3145 2689 3539 2763 perditionem
3569 2693 3652 2745 tot
3668 2690 3907 2747 anima-

2237 2795 2368 2834 rum
2394 2780 2419 2834 ‘t
2442 2779 2676 2834 Minime
2734 2780 2845 2836 Sed
2866 2804 2891 2828 ‹‹
2926 2780 3305 2835 occasionem
3336 2794 3444 2852 pro
3473 2779 3625 2834 facto
3656 2780 3900 2851 quaerit,

2236 2866 2486 2938 quivult
2516 2869 2792 2923 recedere
2854 2869 2931 2923 ab
2970 2870 3185 2924 amico.
3213 2892 3232 2917 ι
3267 2868 3379 2923 Sed
3429 2866 3573 2942 quid
3626 2869 3903 2941 sequitur

2237 2956 2292 3011 in
2318 2957 2666 3012 auctoritate
2687 2958 2714 3014 ?
2737 2958 2912 3013 Omni
2928 2966 3209 3027 tempore,
3233 2957 3426 3031 inquit
3444 2955 3752 3025 Salomon,
3784 2960 3898 3013 erit

478 3054 700 3097 manus
725 3039 988 3117 pontifex
1017 3044 1199 3112 caput
1235 3045 1321 3095 est
1376 3040 1645 3095 omnium
1708 3037 2127 3104 Ecclesiarum‘,
2166 3051 2206 3107 C
2236 3047 2619 3103 exsecrabilis
2645 3048 2710 3112 ³⁸,
2743 3047 2803 3101 n1
2832 3052 2937 3109 est,
2980 3046 3260 3103 vitandus
3310 3045 3389 3102 ab
3433 3045 3741 3111 omnibus,
3795 3059 3899 3101 ae-

474 3127 601 3197 sive
663 3126 1008 3185 universalis
1055 3128 1327 3184 Ecclesiae
1383 3144 1520 3183 cum
1578 3142 1699 3183 una
1754 3127 1849 3191 sit,
1891 3131 1961 3197 et,
2002 3142 2124 3182 non

478 3215 703 3295 plures,
727 3232 1158 3288 successorque
1208 3217 1355 3271 Petri
1379 3221 1435 3272 et
1482 3215 1735 3272 vicarius
1795 3216 1895 3273 Dei
1926 3215 1987 3271 in
2020 3221 2127 3270 ter-

476 3304 586 3369 ris;
615 3310 671 3360 et
700 3304 750 3360 ei
776 3312 1063 3378 tanquam
1088 3305 1200 3377 ipsi
1226 3304 1476 3361 Domino
1519 3309 1755 3377 oportet
1804 3303 2034 3372 fideles,
2065 3305 2123 3360 in

475 3391 711 3466 hisquze
738 3394 1066 3450 secundum
1090 3396 1276 3450 Deum
1306 3400 1463 3463 sunt,
1485 3393 1698 3449 devote
1721 3400 1777 3449 et
1819 3392 2125 3449 humiliter

477 3480 741 3537 obedire.
776 3485 886 3539 Eos
918 3500 1077 3550 vero,
1111 3483 1213 3555 qui
1260 3483 1690 3538 contumaciter
1740 3482 2124 3555 impugnant,

478 3575 532 3626 et
553 3570 747 3642 ipsam
780 3572 981 3628 sedem
1015 3571 1284 3628 Ecclesiae
1308 3588 1426 3627 non
1456 3577 1728 3627 asserunt
1757 3587 1891 3626 esse
1922 3578 2121 3645 caput,

480 3660 828 3729 sicutjama
855 3660 1237 3731 pontificibus
1280 3660 1547 3730 ejusdem
1601 3659 1758 3716 sedis
1815 3660 2124 3717 decretum

478 3751 586 3813 est,
612 3747 1008 3805 anathematis
1040 3748 1239 3817 gladio
1269 3749 1557 3822 percussi,
1612 3764 1750 3804 cum
1811 3749 2039 3805 Dathan
2070 3759 2126 3805 et

479 3835 701 3891 Abiron
721 3836 1059 3893 schismatis
1083 3837 1430 3894 incursuros
1451 3837 1708 3893 dicimus
1730 3836 2118 3910 dispendium

476 3923 881 3982 damnationis
908 3931 1165 3985 aeternas.

799 4041 884 4097 De
908 4047 1173 4112 quatuor
1199 4044 1393 4097 causis
1421 4039 1777 4095 schismatis.

550 4155 777 4210 Causas
803 4172 942 4212 vero
973 4157 1095 4211 sive
1125 4156 1538 4212 excusationes
1569 4153 1907 4210 schismatis
1937 4154 2122 4210 credi-

477 4256 614 4295 mus
641 4259 771 4298 esse
800 4251 1078 4316 quatuor.
1107 4246 1298 4301 Prima
1330 4246 1437 4300 fuit
1482 4244 1694 4300 divisio
1739 4242 1994 4316 imperii.
2034 4244 2119 4299 Li-

477 4334 570 4383 cet
599 4331 759 4386 enim
786 4332 1193 4403 imperatores,
1216 4333 1319 4405 qui
1350 4332 1684 4399 regnabant
1707 4333 2121 4387 Constantino-

478 4416 621 4489 poli,
653 4424 787 4490 post
815 4436 1112 4475 recessum
1147 4421 1515 4476 Constantini
1547 4421 1625 4474 ab
1653 4420 1799 4474 urbe
1832 4422 2118 4485 Romana,

475 4521 587 4578 pro
636 4523 705 4561 eo
741 4509 901 4579 quod
971 4512 1161 4563 totum
1226 4508 1599 4563 contulerant
1636 4507 1936 4575 Ecclesiae,-
1972 4509 2123 4564 sicut

478 4611 661 4667 supra
686 4579 970 4662 diximus,
1001 4595 1229 4651 nullum
1251 4596 1349 4666 jus
1380 4597 1663 4651 haberent
1693 4596 1750 4649 in
1804 4595 1987 4662 Italia,
2040 4598 2124 4651 in-

477 4683 715 4740 terdum
736 4689 935 4739 tamen
966 4685 1187 4756 ubique
1212 4689 1630 4755 regnaverunt.
1678 4683 1787 4739 Sed
1811 4699 1947 4738 cum
1972 4684 2125 4741 infra

480 4773 707 4830 Italiam
740 4790 931 4846 usque
962 4774 1035 4830 ad
1073 4776 1321 4829 Romam
1344 4773 1606 4829 barbara
1646 4787 1793 4843 gens
1839 4773 2122 4839 irruisset,

476 4870 533 4917 et
563 4880 837 4919 summus
864 4864 1128 4937 pontifex
1154 4863 1441 4919 auxilium
1465 4861 1841 4934 imperatoris
1892 4864 2121 4930 Leonis,

478 4950 741 5021 quierat
787 4952 1322 5025 Constantinopoli,
1364 4952 1736 5023 requisisset,
1793 4957 1849 5006 et
1885 4950 1979 5006 ille
2025 4966 2123 5007 ne-

476 5039 762 5109 gligenter
783 5043 1340 5111 agendo,auxilium
1371 5048 1654 5114 praestare.
1677 5038 1945 5095 Ecclesiae
1966 5041 2122 5115 refu-

553 5156 600 5190 ²⁸
636 5155 809 5210 Prov.
846 5173 1043 5225 xxviii,
1074 5161 1126 5213 9.
1156 5159 1203 5193 ³⁵
1236 5160 1345 5213 lsa.
1378 5173 1527 5222 xxxv,
1561 5160 1613 5211 2.

544 5270 658 5341 (27)
680 5269 902 5345 Eadem
936 5289 1182 5345 prorsus
1223 5272 1330 5328 fuit
1362 5272 1614 5345 ALutheri
1653 5276 1711 5327 et
1757 5271 2119 5345 Lutherano-

475 5354 612 5417 rum
640 5342 781 5417 olim
810 5341 1325 5417 querela,quando
1341 5343 1732 5417 defectionem
1761 5341 1838 5397 ab
1862 5342 2118 5417 Ecclesia.

476 5412 909 5488 moliebantur;
939 5412 1143 5488 iniqu'a
1175 5431 1439 5488 prorsus,
1483 5415 1765 5482 mendax,
1813 5420 1870 5469 et
1890 5414 2115 5470 calum-

476 5432 909 5480 mouebantur;
939 5432 1020 5470 ιω
1070 5432 1143 5469 ua
1175 5432 1212 5488 p

475 5484 649 5539 niosa
675 5432 1212 5557 utrobiqtie.(Srsw.

547 5557 663 5627 (28)
696 5556 792 5611 llic
839 5554 965 5612 erat
1008 5556 1143 5614 ﬁnis
1200 5560 1484 5612 tractatus
1516 5554 1802 5612 adversus
1850 5554 2106 5624 Graecos,

2238 3142 2475 3209 spectus
2532 3142 2588 3193 et
2649 3136 2829 3205 vilis;
2882 3137 3048 3211 quod
3090 3152 3353 3210 prtesens
3397 3136 3525 3191 dies
3580 3135 3808 3191 indicat
3837 3136 3895 3192 in

2235 3224 2499 3279 ecclesiis
2557 3226 2915 3281 Graecorum.
2998 3229 3143 3282 Nam
3192 3225 3640 3281 incarcerantur
3683 3240 3888 3279 eorum

2235 3312 2425 3368 clerici
2454 3320 2510 3368 et
2541 3316 2843 3379 monachi,
2877 3316 3026 3370 sicut
3064 3315 3257 3370 caeteri
3290 3314 3512 3380 rustici,
3561 3312 3887 3386 etpopula-

2234 3419 2327 3456 res
2362 3406 2698 3458 exactiones
2722 3410 2776 3459 et
2801 3404 3058 3476 pedagia
3106 3404 3257 3459 fiunt
3309 3418 3489 3476 super
3531 3419 3655 3467 eos,
3684 3419 3892 3474 quem-

2234 3491 2563 3548 admodum
2590 3510 2769 3565 super
2810 3494 3018 3551 laicos.
3081 3500 3139 3549 ut
3194 3508 3399 3549 verum
3464 3493 3557 3557 sit,
3592 3492 3755 3564 quod
3786 3507 3895 3564 per

2235 3582 2590 3653 prOpIIetam
2622 3582 2904 3652 scriptum
2926 3588 3051 3637 est:
3084 3582 3248 3637 Sicut
3272 3583 3554 3651 populus,
3584 3582 3669 3637 sic
3694 3596 3894 3635 sacer-

2233 3670 2337 3723 dos
2369 3672 2435 3724 ’5.
2470 3669 2770 3725 Translata
2794 3670 3125 3743 estquippe
3144 3670 3335 3741 gloria
3364 3670 3441 3726 ab
3475 3670 3558 3724 eis
3608 3667 3891 3724 sacerdo-

2235 3758 2389 3827 talis,
2414 3761 2669 3829 dignitas
2692 3769 2750 3816 et
2785 3759 3189 3815 ecclesiastica
3245 3760 3484 3815 libertas
3516 3760 3575 3814 in
3624 3765 3892 3814 contem-

2234 3855 2400 3919 ptum
2434 3852 2693 3906 redacta.
2730 3855 2877 3906 Nam
2931 3867 3067 3922 quas
3120 3849 3245 3905 vult
3290 3850 3435 3921 ipse,
3482 3848 3589 3922 qui
3628 3847 3893 3919 imperat

2230 3938 2859 4024 instituere,iustituit;
2913 3948 3168 4011 etquem
3203 3938 3328 3993 vult
3352 3938 3672 4010 deponere,
3720 3937 3884 3991 simi-

2228 4025 2358 4095 liter
2386 4026 2650 4099 deponit.
2678 4031 2738 4083 Et
2769 4028 2999 4083 merito.
3029 4028 3098 4083 Ut
3136 4027 3238 4099 qui
3294 4028 3543 4082 subesse
3610 4026 3891 4081 Ecclesia

2230 4115 2515 4170 Romanae
2547 4123 2600 4172 et
2623 4119 2893 4189 personis
2924 4115 3342 4172 ecclesiasticis
3373 4122 3890 4189 contempserunt,

2231 4204 2581 4273 subjaceant
2612 4222 2769 4261 nunc
2802 4206 2966 4261 laicis
2991 4204 3362 4278 principibus
3416 4209 3506 4259 vel
3560 4204 3748 4260 inviti.
3783 4208 3891 4262 Re-

2230 4301 2598 4358 c0gnoscant
2642 4293 2986 4349 distantiam
3039 4294 3359 4354 servitutis.
3394 4299 3451 4349 et
3496 4293 3889 4350 dominorum

2150 4396 2197 4451 ι)
2232 4381 2393 4437 orbis
2442 4387 2729 4439 terrarum
2790 4391 2846 4438 et
2912 4388 3352 4449 convertantur,
3398 4390 3455 4437 et
3522 4381 3782 4437 clament
3805 4382 3887 4438 ad

2236 4472 2573 4536 fluminum,
2597 4480 2649 4526 et
2673 4489 2977 4527 summum
2998 4472 3366 4544 pontificem,
3389 4478 3441 4526 et
3466 4470 3671 4525 liberet
3690 4487 3814 4526 eos.

2307 4563 2435 4615 Haec
2458 4570 2656 4615 autem
2674 4561 2893 4632 scripta
2918 4568 3056 4619 sunt
3075 4577 3234 4616 anno
3265 4560 3493 4616 Domini
3544 4559 3883 4628 millesimo,

2233 4648 2644 4704 ducentesimo
2671 4649 3174 4722 quinquagesimo
3205 4648 3471 4704 secundo
3530 4664 3591 4704 in
3645 4649 3886 4705 civitate

2234 4738 2796 4811 Constantinopolis,
2847 4755 2882 4793 a
2931 4738 3213 4794 fratribus
3268 4737 3779 4805 Przedicatoribus,
3803 4739 3884 4795 ad

2232 4826 2686 4882 aedificationem
2725 4828 3009 4885 Ecclesiae.
3039 4832 3093 4881 et
3134 4827 3467 4903 profectum
3515 4829 3881 4893 animarum,

2233 4915 2307 4970 ad
2337 4914 2575 4970 laudem
2610 4924 2665 4971 et
2715 4916 2962 4985 gloriam
3014 4916 3224 4983 Patris,
3251 4921 3306 4972 et
3333 4915 3471 4985 Filii,
3528 4920 3584 4970 et
3630 4915 3884 4988 Spiritus

2232 5005 2444 5060 sancti.
2475 5010 2660 5059 Amen
2691 5008 2824 5073 (28).

2227 5286 2407 5343 quem
2431 5277 2901 5342 composuerunt
2933 5270 3137 5326 fratres
3187 5270 3579 5343 Dominicani.
3613 5272 3757 5337 Quae
3788 5287 3880 5327 se-

2226 5342 2493 5415 quuntur
2526 5348 2662 5397 sunt
2721 5343 2962 5415 alterius
3002 5342 3601 5415 auctoris,Hugon§s
3655 5358 3877 5415 nempe

2222 5414 2598 5485 dit/teriam,
2637 5415 2741 5485 qui
2765 5414 3085 5485 scripserat
3132 5428 3229 5468 an.
3295 5414 3451 5471 1170.
3510 5413 3566 5468 Id
3616 5421 3779 5484 patet
3802 5413 3875 5470 ex

2220 5484 2371 5609 ἱρεοῖ
2410 5484 2577 5610 ῑέιιιιο
2610 5502 2624 5539 :
2662 5484 2811 5553 Quae
2858 5484 3115 5541 ddmista
3158 5484 3491 5554 prcedictis.
3546 5485 3686 5539 Vide
3736 5485 3874 5540 obs.

2220 5568 2385 5610 prce.
2463 5570 2591 5610 ASN.

2218 5568 2385 5626 prter.
2423 5568 2591 5610 mss.
