4106 6222
23 17 123 150 ¹1
163 13 504 150 'l-‘la
555 133 564 146 -'

23 17 264 326 ΓΞ

533 395 818 466 Quaedam
855 394 1116 462 admixta
1139 394 1470 466 praedictis.

1578 270 1850 330 CONTRA
1891 273 2207 332 GRAECOS.
3477 283 3584 342 5&2

1860 404 1906 456 A
1937 397 2465 472 quadragesimum
2488 415 2632 458 suos
2648 415 2867 474 pueros
2899 401 3235 474 prohibent.
3258 403 3583 464 »Historias

229 499 488 562 Sicutin
518 503 814 575 prooemio
839 503 1020 574 hujus
1049 501 1324 575 opusculi
1356 501 1548 558 testati
1599 518 1828 564 sumus.

155 592 522 648 Graecorum
555 591 814 648 Ecclesia
843 591 1172 664 doctorque
1201 591 1341 648 olim
1375 607 1485 648 sua
1521 597 1830 648 venustate

153 695 357 752 quam
383 681 681 753 plurimos
708 679 788 736 ad
817 679 1265 736 aemulationem
1296 679 1430 736 ﬁdei
1463 679 1834 751 provocabat

155 775 216 824 et
243 783 528 832 morum.
553 769 634 826 ita
665 773 724 826 et
753 783 913 826 nunc
943 769 1157 828 erroris
1178 768 1434 838 caligine
1457 767 1828 834 obfnscatus,

155 857 680 929 quod-horrorem
699 873 810 916 sua
825 857 1089 916 foeditate
1107 857 1537 928 aspicientibus
1561 857 1829 923 incutiat,

157 952 222 1002 ut
235 947 380 1017 jam
398 962 526 1006 non
551 946 812 1004 Ecclesia
831 946 1120 1014 ﬁdelium,
1145 945 1252 1002 sed
1279 947 1476 1020 potius
1507 961 1829 1016 congrega~

160 1035 240 1091 tio
272 1051 406 1092 non
433 1035 737 1092 immerito
756 1035 1288 1094 haaresiarcharum
1303 1034 1490 1107 possit
1519 1033 1828 1108 appellari.

157 1123 364 1188 Quod,
391 1123 532 1180 licet
549 1124 679 1194 jam
701 1131 962 1200 quatuor
981 1123 1155 1181 dictis
1183 1123 1445 1182 articulis
1465 1123 1833 1184 demonstre—

157 1218 275 1278 tur,
301 1217 516 1268 tamen
539 1212 740 1268 adhuc
769 1213 828 1268 in
861 1213 974 1277 his,
1005 1229 1141 1285 quae
1168 1212 1437 1283 subjecta
1462 1218 1598 1267 sunt
1636 1216 1832 1266 osten-

158 1299 349 1356 ditur.
385 1302 536 1366 Ouai
567 1315 641 1357 ex
662 1299 835 1357 dictis
850 1302 1156 1372 magistris
1183 1302 1453 1371 Hugonis
1473 1300 1834 1356 zEtheriani

156 1403 361 1462 nuper
405 1396 700 1456 extracta,
738 1389 877 1446 huic
932 1389 1100 1462 operi
1151 1389 1435 1448 duximus
1487 1387 1832 1448 inserenda.

159 1477 382 1534 Dicunt
413 1476 603 1546 enim,
635 1482 691 1533 et
710 1477 977 1534 scribunt
1005 1477 1081 1533 de
1103 1477 1321 1536 Latinis
1345 1477 1456 1534 sic:

445 1602 680 1659 Contra
705 1601 1037 1659 Romanum
1075 1601 1383 1672 poniﬁrem
1408 1601 1546 1672 (29).

227 1709 554 1764 Romanus
575 1707 862 1776 Pontifex,
881 1714 940 1764 et
980 1725 1191 1764 omnes
1217 1707 1476 1780 partium
1499 1705 1830 1764 occidenta-

163 1797 313 1854 lium
363 1797 707 1866 Christiani,
757 1797 1095 1853 sacerdotes
1134 1803 1191 1854 et
1231 1797 1364 1854 laici
1415 1803 1629 1871 praeter
1665 1795 1831 1851 Cala-

163 1885 330 1954 bros,
357 1893 499 1942 ante
533 1885 722 1942 multa
749 1891 1024 1958 tempora
1048 1893 1212 1942 extra
1251 1885 1610 1941 catholicam
1645 1883 1810 1940 Eccle

175 1975 327 2031 siam
347 1980 764 2050 pervagantur
779 1991 929 2032 evan
938 1975 1283 2044 gelistarum
1306 1974 1834 2048 etapostolicarum

183 2064 576 2120 traditionum
624 2063 842 2135 ignari,
872 2070 928 2120 et
958 2079 993 2120 a
1022 2064 1140 2120 ﬁde
1171 2065 1370 2122 alieni.
1404 2067 1550 2119 Nam
1591 2065 1834 2119 Theoto-

187 2153 300 2209 uici
349 2155 468 2224 (30)
498 2168 534 2209 a
561 2153 772 2210 ritibus
802 2153 1070 2226 gentium
1102 2169 1316 2226 parum
1375 2152 1742 2220 discordant,
1773 2150 1835 2206 in

185 2245 364 2297 Deum
413 2241 609 2314 impii;
675 2241 779 2297 sed
845 2241 1100 2307 Calabri,
1147 2248 1200 2298 et
1255 2241 1448 2297 cteteri
1495 2238 1833 2306 orthodoxi,

193 2331 338 2386 sicut
364 2331 705 2404 antiquitus,
728 2335 785 2386 et
808 2330 1176 2403 apostolicae.
1210 2335 1267 2387 et
1295 2329 1564 2387 Ecclesiae
1615 2334 1834 2384 nostrae

207 2418 552 2492 alumniejus
573 2419 846 2474 moribus
879 2418 1181 2475 informati
1202 2423 1358 2474 sunt.
1379 2417 1584 2473 Ceteri
1623 2432 1835 2472 omnes

202 2508 548 2572 exciderunt,
576 2509 799 2581 impios
823 2523 859 2563 a
898 2523 1147 2580 corpore
1171 2507 1440 2563 Ecclesiae
1484 2521 1602 2562 non
1636 2505 1832 2561 solum

196 2611 383 2650 mores
402 2595 544 2652 alios
567 2601 624 2652 et
657 2597 896 2666 ignotos
919 2595 1362 2668 amplectentes,
1397 2610 1602 2650 verum
1635 2594 1832 2666 ipsam

185 2682 518 2741 Trinitatem
573 2691 846 2741 sanctam
890 2683 1403 2757 blasphemantes.
1457 2682 1682 2738 Etenim
1723 2699 1835 2738 sua

187 2774 700 2844 concinnantes,et
730 2773 941 2830 alienis
963 2774 1361 2839 adhaerentes,
1389 2789 1583 2845 neque
1615 2771 1833 2826 divinis

179 2865 496 2936 Scripturis
519 2862 1020 2933 redarguentibus
1069 2863 1308 2919 illorum
1329 2878 1579 2923 errores,
1635 2876 1832 2934 neque

187 2952 312 3012 illis.
335 2955 443 3026 qui
467 2967 575 3008 eos
603 2953 914 3018 miserunt,
965 2952 1167 3009 volunt
1193 2968 1418 3007 morem
1453 2967 1676 3021 gerere.

241 3044 432 3112 Magis
457 3049 699 3099 sanctos
725 3046 924 3099 Patres
949 3049 1183 3098 nostros
1199 3048 1254 3096 et
1271 3041 1568 3106 doctores,
1590 3041 1672 3095 sic
1695 3055 1829 3094 sen-

179 3132 577 3197 sisse,etinde
593 3148 654 3188 se
683 3131 905 3188 habere
938 3131 1507 3188 talemtraditionem
1539 3131 1832 3186 mentiun-

175 3227 282 3277 tur.
307 3226 467 3278 Nam
491 3223 550 3277 in
578 3228 785 3278 sancto
816 3221 1128 3294 Symbolo,
1163 3221 1324 3293 quod
1361 3237 1396 3275 a
1431 3220 1699 3275 Patribus
1731 3235 1831 3274 no-

177 3312 332 3381 stris,
366 3311 475 3382 qui
517 3310 680 3383 apud
714 3312 968 3367 Nicaeam
1025 3314 1430 3372 convenerant
1511 3307 1830 3363 universali

181 3399 378 3472 prima
397 3401 636 3472 synodo
650 3406 1084 3474 consequenter
1107 3399 1414 3454 manifeste
1437 3397 1833 3452 sicdetinitum

175 3496 292 3544 est:
331 3511 362 3538 κ
389 3489 533 3544 Etin
568 3489 846 3562 Spiritum
872 3495 1146 3544 sanctum
1209 3487 1549 3552 Dominum,
1594 3490 1651 3540 et
1692 3484 1832 3539 vivi-

174 3577 484 3641 ficantem,
509 3595 579 3632 ex
605 3575 771 3632 Patre
796 3576 1215 3649 procedentem
1244 3621 1256 3644 ,
1284 3599 1309 3623 η
1344 3575 1445 3629 sed
1471 3582 1523 3628 et
1549 3576 1603 3628 in
1624 3579 1834 3628 sancto

175 3665 502 3734 Evangelio
522 3666 824 3722 evidenter
843 3667 1186 3722 clamitante
1206 3665 1279 3720 de
1325 3664 1540 3736 Spiritu
1591 3669 1796 3717 sancto
1817 3679 1830 3716 :

173 3757 277 3822 ()ut
314 3772 356 3811 α
386 3757 576 3811 Patre
601 3755 883 3823 procedit,
917 3771 1100 3826 supra
1140 3753 1428 3809 nominati
1469 3752 1570 3806 viri
1595 3751 1836 3807 addide-

169 3851 330 3900 runt:
352 3845 428 3899 Et
453 3859 530 3900 ea:
559 3845 736 3908 Filio,
767 3843 1068 3909 fallaciter,
1095 3849 1150 3897 et
1175 3843 1250 3897 ad
1273 3857 1448 3895 suum
1479 3839 1832 3913 periculum.

167 3935 614 3994 Verumtamen,
665 3940 730 3986 ut
754 3933 969 4005 opinor
990 3948 1096 4004 per
1119 3930 1458 4000 angustiam
1483 3929 1838 3998 suaélinguaa

165 4021 322 4078 idem
348 4037 488 4076 esse
530 4021 794 4076 arbitrati
823 4026 981 4082 sunt.
1014 4020 1264 4092 Spiritus
1293 4035 1365 4078 ex
1413 4021 1576 4072 Patre
1601 4033 1836 4089 proces-

167 4112 505 4165 sionem.et
529 4124 782 4164 causam
805 4125 940 4182 quae
961 4125 1066 4182 per
1091 4107 1301 4163 Filium
1329 4108 1426 4174 sit,
1458 4107 1532 4160 ad
1556 4120 1664 4160 nos
1697 4105 1836 4160 mis-

167 4200 401 4255 sionem
452 4197 711 4253 barbare
745 4205 802 4254 et
835 4197 1326 4253 inconvenienter
1393 4194 1829 4250 intellexerunt.

231 4291 350 4344 Pro
382 4287 743 4343 fermentata
767 4303 980 4358 azyma
1016 4287 1296 4349 offerunt,
1321 4290 1376 4338 et
1396 4282 1837 4338 calumniantur

172 4384 450 4435 sanctum
489 4376 750 4442 Petrum,
797 4383 851 4431 et
882 4383 1121 4431 sanctos
1146 4377 1339 4428 Patres
1361 4377 1660 4429 Romanos
1683 4387 1833 4444 pon-

174 4465 360 4522 tifices
385 4471 670 4521 auctores
697 4466 946 4520 exstisse
1004 4464 1136 4520 talis
1159 4463 1509 4518 traditionis.

245 4553 604 4611 Sacerdotes
637 4553 931 4627 principes
961 4569 1096 4607 cum
1129 4551 1295 4606 laicis
1333 4551 1408 4606 ad
1450 4549 1605 4605 bella
1644 4549 1831 4622 proﬁ-

176 4643 480 4699 ciscuntur
499 4643 734 4708 armati,
785 4649 840 4698 et
863 4643 919 4698 in
944 4641 1068 4697 acie
1102 4641 1325 4696 bellant
1350 4646 1484 4695 ante
1517 4637 1666 4694 alios
1698 4654 1831 4710 gra-

177 4733 407 4788 dientes
443 4775 456 4788 .
539 4732 822 4803 Jejunant
877 4732 936 4787 in
993 4730 1295 4791 Sabbatis;
1331 4730 1455 4784 etsi
1505 4729 1652 4783 festa
1703 4726 1830 4782 dies

179 4821 504 4878 Nativitatis
523 4822 615 4886 sit,
634 4821 722 4876 vel
747 4821 1113 4894 Epiphaniae,
1136 4834 1254 4875 non
1278 4818 1514 4874 solvunt
1532 4817 1828 4889 jejunium

177 4907 596 4983 Septimanam
616 4909 816 4965 edulio
833 4910 989 4966 casei
1015 4909 1275 4963 dicatam
1293 4923 1409 4962 non
1435 4912 1828 4972 agnoscentes

175 5014 382 5055 carnes
407 4998 757 5055 comedunt.
795 4991 1072 5055 Secunda
1092 4997 1186 5052 die
1207 4995 1366 5051 Jovis
1393 5011 1530 5074 ova,
1559 5009 1824 5063 caseum,

174 5088 339 5144 etlac
402 5087 862 5154 manducant,a
902 5087 1124 5160 quibus
1178 5083 1446 5151 minime,
1471 5099 1577 5157 per
1635 5088 1824 5140 totam

239 5215 287 5250 ³⁸
307 5218 440 5272 Act.
468 5229 565 5281 xv,
587 5213 676 5280 28,
701 5216 788 5269 29.

209 5373 872 5454 _(29)_1_\iotandum,n_in
895 5373 1008 5430 hoc
1028 5449 1037 5454 Δ
1057 5371 1327 5445 sequenti
1375 5371 1670 5454 opusculo
1699 5370 1825 5454 plu-

177 5441 469 5502 rima'dici
521 5461 596 5501 ex
648 5441 954 5501 auditione
989 5449 1046 5500 et
1093 5441 1334 5499 rumore
1390 5441 1548 5510 vulgi
1598 5441 1827 5511 ignobi-
1869 5483 1884 5502 .

183 5515 249 5571 lis
307 5523 366 5573 et
427 5516 642 5588 ignari.
664 5515 828 5582 item,
883 5531 954 5570 ex
990 5514 1148 5588 odio
1196 5519 1288 5588 ‘et
1338 5512 1581 5588 invidia
1618 5518 1826 5569 contra

182 5589 234 5643 S.
254 5589 401 5646 Rom
417 5629 430 5642 .
454 5581 698 5645 'sedem.
727 5581 1122 5666 Novatoribus
1149 5583 1439 5670 pigraque
1462 5581 1658 5658 potius
1684 5597 1826 5677 con-

1940 493 2285 542 sanctorum
2317 494 2523 558 praeter
2545 489 2890 560 passionem
2938 491 3168 561 Christi,
3194 491 3256 548 in
3313 491 3587 550 Ecclesiis

1939 575 2061 628 suis
2097 591 2217 630 non
2265 575 2656 646 designant.»
2691 580 2753 633 Et
2805 579 2998 651 ipsam
3023 595 3143 636 non
3192 581 3447 653 pictura.
3480 581 3588 638 sed

1939 679 2120 735 opere
2146 665 2446 738 plumario
2467 665 2527 720 in
2566 665 2950 724 similitudine
2995 669 3382 742 sculptilium,
3422 673 3480 726 et
3523 671 3584 727 in

1939 756 2094 806 terra
2123 752 2404 808 similium
2430 752 2746 827 [fictiliuth
2776 754 3018 812 faciunt.
3046 755 3108 814 in
3133 761 3337 814 sancta
3366 758 3590 832 templa

1939 839 2336 909 ingredientes
2363 858 2543 914 super
2583 846 2926 915 pavimenta
2944 845 3168 902 cadunt
3192 847 3252 902 in
3275 845 3508 912 faciem,
3530 850 3588 902 et

1939 929 2136 1002 primo
2168 937 2502 988 susurrant.
2551 931 2771 989 Deinde
2818 948 3057 990 crucem
3101 951 3224 994 uno
3266 935 3451 1006 digito
3497 935 3586 998 in.-

1943 1024 2254 1087 snrgentes
2274 1019 2642 1088 osculantur,
2667 1026 2722 1078 et
2749 1021 2906 1078 hanc
2933 1023 3266 1080 orationem
3299 1039 3587 1084 consum-

1943 1112 2178 1161 mantes
2211 1111 2482 1178 surgunt,
2507 1114 2562 1166 et
2592 1124 2794 1164 sacras
2817 1107 3108 1180 imagines
3129 1117 3390 1168 renuunt
3412 1127 3582 1168 oscu-

1940 1193 2068 1250 lari.
2123 1197 2400 1252 Sanctam
2453 1197 2549 1252 Dei
2597 1197 2971 1265 Genitricem,
3028 1201 3270 1258 Matrem
3351 1199 3586 1256 Domini

1941 1285 2121 1340 nostri
2189 1286 2327 1341 Jesu
2378 1287 2604 1342 Christi.
2642 1294 2870 1344 tantum
2904 1296 3172 1346 sanctam
3195 1290 3456 1348 Mariam
3494 1305 3586 1346 vo-

1941 1382 2095 1428 cant.
2132 1377 2311 1430 Secus
2343 1375 2526 1432 altare
2557 1374 2942 1436 ecclesiarum
3000 1377 3286 1460 quaslibet
3335 1377 3584 1447 accedit,

1941 1461 2356 1534 cujuscunque
2390 1463 2462 1518 sit
2491 1479 2693 1532 sexus,
2718 1463 3026 1530 aetatis,vel
3083 1464 3339 1520 ordinis.
3405 1467 3471 1520 Et
3523 1463 3586 1520 in

1942 1548 2318 1605 solemnitate
2350 1551 2674 1608 missarum
2689 1553 2966 1608 mulieres
2988 1553 3190 1608 sedere
3235 1557 3505 1626 possunt,
3537 1553 3586 1608 si

1942 1637 2142 1702 velint,
2174 1639 2231 1694 in
2265 1639 2406 1694 sede
2434 1641 2835 1698 sacerdotum.
2867 1643 2958 1698 Sic
2983 1642 3174 1698 sciunt
3225 1642 3587 1712 distinguere

1943 1727 2091 1784 inter
2120 1745 2289 1786 sacra
2318 1735 2374 1786 et
2407 1730 2690 1801 profana!
2725 1731 3049 1790 comedunt
3073 1731 3384 1798 suffocata,
3412 1737 3590 1802 capta
3611 1735 3628 1750 '

1943 1831 1979 1871 a
2031 1814 2257 1885 bestiis,
2317 1817 2630 1876 morticina
2688 1820 3068 1890 sanguinem,
3128 1835 3318 1890 ursos,
3379 1817 3584 1890 fibros,

1943 1920 2096 1978 quos
2118 1912 2336 1960 vocant
2358 1908 3137 1984 castores.ericios,quthue
3166 1909 3256 1964 bis
3279 1909 3589 1984 spurciora

1944 1999 2150 2048 contra
2181 1995 2577 2066 apostolicum
2603 1996 2909 2054 decretum
2935 2015 2948 2052 :
2973 1998 3123 2053 sicut
3153 1995 3341 2054 Lucas
3362 1999 3422 2052 in
3443 2012 3588 2068 apo-

1946 2081 2235 2138 stolorum
2259 2081 2505 2141 historia
2521 2084 2696 2140 refert
2715 2085 2807 2142 his
2835 2085 3058 2142 verbis:
3083 2087 3277 2142 Visum
3297 2091 3382 2144 est
3429 2087 3586 2144 enim

1944 2172 2199 2244 Spiritui
2213 2179 2499 2235 sancto,et
2527 2175 2694 2230 nobis
2704 2176 2879 2239 ,nihil
2896 2176 3060 2232 ultra
3079 2178 3380 2248 imponere
3402 2175 3584 2246 vobis,

1943 2276 2122 2336 quam
2155 2261 2278 2318 haec
2307 2266 2662 2329 necessaria,
2691 2271 2754 2320 ut
2779 2263 3124 2324 abstineam
3151 2280 3248 2322 vos
3275 2265 3352 2321 ab
3383 2265 3587 2322 immo-

1946 2349 2085 2404 latis
2123 2351 2607 2420 simulacrorum,
2639 2358 2692 2410 et
2723 2354 3038 2424 sanguine.
3097 2359 3154 2410 et
3194 2353 3503 2424 stt/foculo,
3531 2358 3588 2410 et

1938 2439 2344 2508 fornicatione
2379 2442 2445 2495 ³⁸.

2018 2529 2366 2586 Sacerdotes
2380 2530 2714 2604 etepiscopi
2738 2530 3140 2588 sacerdotales
3163 2529 3368 2600 stolas,
3389 2529 3451 2588 id
3477 2533 3586 2600 est,

1943 2616 2149 2674 casula
2179 2633 2299 2674 non
2326 2617 2401 2674 de
2437 2617 2597 2685 lana,
2631 2617 2736 2674 sed
2757 2618 2830 2674 de
2879 2618 3080 2674 sericis
3131 2624 3344 2676 netura
3393 2623 3588 2675 conte-

1942 2713 2148 2764 xentes
2177 2707 2261 2764 eis
2299 2711 2671 2782 operiuntur.
2703 2709 3018 2766 diuturnas
3045 2709 3158 2783 (3t)
3218 2709 3386 2782 ipsas
3437 2724 3586 2784 prte-

1942 2802 2244 2870 parantes;
2277 2814 2413 2854 cum
2442 2798 2794 2868 bujusmodi
2822 2798 2992 2864 stola,
3021 2797 3078 2854 id
3111 2803 3219 2867 est,
3268 2797 3474 2855 casula
3495 2795 3588 2853 vel

1943 2884 2180 2956 planetu
2195 2886 2398 2941 Christi
2415 2885 2686 2942 habitum
2717 2893 3165 2958 reprmsentant,
3181 2887 3301 2942 sive
3313 2886 3585 2943 habitum

1939 2989 2120 3046 quem
2154 2973 2382 3038 habuit,
2409 2984 2657 3046 quando
2699 2979 2910 3030 exutus
2941 2974 3050 3031 fuit
3082 2973 3468 3042 vestimentis,
3522 2973 3584 3028 in

1939 3062 1974 3115 d
1988 3068 2120 3116 ntus
2138 3069 2228 3118 est
2247 3063 2566 3136 chlamyde
2580 3065 2879 3129 coccinea,
2901 3080 3036 3137 quae
3057 3063 3130 3120 de
3148 3063 3289 3122 lana
3310 3067 3587 3118 contexta

1941 3156 2232 3222 erat,qua
2276 3168 2386 3206 nos
2441 3153 2661 3206 utimur
2714 3150 3230 3223 Quadragesimali
3293 3155 3581 3222 tempore.

1941 3242 2002 3293 In
2035 3239 2242 3293 alienis
2271 3255 2413 3294 vero
2442 3239 2654 3295 diebus
2670 3241 2890 3295 utimur
2927 3239 3104 3306 albis,
3135 3256 3206 3296 eo
3230 3238 3394 3312 quod
3429 3238 3586 3295 Chri-

1941 3333 2066 3382 stus
2093 3343 2287 3395 agnus
2329 3327 2674 3383 immOlatus
2703 3329 2954 3384 dicatur.
2983 3332 3047 3384 Et
3102 3328 3237 3384 ideo
3293 3343 3362 3383 ex
3415 3327 3586 3382 vesti-

1940 3417 2155 3470 mentis
2184 3415 2387 3471 ovium
2435 3415 2608 3472 nobis
2638 3417 2843 3473 casula
2885 3434 3320 3491 prmparamus.
3390 3416 3455 3472 In
3514 3414 3584 3471 si-

1941 3518 2127 3572 gnum
2143 3503 2642 3560 sanctaelicclesiaa
2655 3503 3081 3578 desponsation
3093 3505 3140 3560 is
3156 3521 3274 3562 ann
3285 3504 3412 3562 ulos
3453 3519 3588 3576 por-

1941 3597 2088 3660 tant,
2140 3600 2197 3648 et
2222 3593 2618 3662 chirothecas,
2651 3595 2711 3650 in
2741 3595 2950 3651 dextra
3004 3595 3251 3668 quidem
3285 3592 3583 3650 scribunt:

1941 3683 2181 3736 Domini
2207 3683 2444 3748 dextra,
2478 3683 2534 3738 in
2553 3683 2785 3740 sinistra
2815 3701 2975 3739 vero:
3002 3687 3213 3755 Agnus
3239 3684 3354 3740 Dei.
3386 3684 3588 3738 Sacer-

1943 3770 2113 3824 dotes
2127 3770 2606 3826 eorumsolumin
2623 3788 2781 3845 aqua
2807 3771 3128 3846 baptizant,
3155 3778 3212 3827 et
3236 3771 3495 3827 salemin
3517 3785 3586 3826 os

1945 3857 2238 3914 mittentes
2252 3859 3014 3934 baptizandi;baptizandos
3028 3866 3350 3934 postquam
3365 3862 3591 3934 spuunt

1941 3946 1999 4001 in
2025 3948 2262 4004 sinistra
2283 3964 2463 4004 manu
2495 3949 2768 4005 etdextra
2791 3951 3104 4005 miscentes
3123 3930 3588 4004 salivam.?nun-

1942 4051 2061 4105 gun
2073 4045 2111 4091 t.
2131 4041 2301 4108 l’ostq
2313 4054 2449 4093 nam
2470 4039 2546 4094 ad
2560 4043 2792 4094 aetatem
2809 4033 3488 4110 pervenerunt,peccatis
3507 4033 3586 4088 ob

1939 4126 2152 4181 noxios
2184 4127 2314 4182 olco
2339 4128 2748 4198 perunguntin
2762 4127 3176 4182 remissionem
3206 4128 3586 4198 peccatorum

1939 4221 1995 4269 et
2027 4213 2116 4268 bis
2139 4215 2423 4285 baptizari
2452 4214 2744 4270 videntur.
2771 4214 2952 4270 lidem
3001 4213 3344 4269 sacerdotes
3408 4226 3588 4282 quas-

1939 4305 2079 4359 dam
2136 4305 2522 4376 purgationes
2546 4303 2772 4360 faciunt
2792 4305 3028 4374 jugiter,
3063 4310 3120 4359 et
3147 4300 3586 4376 aspersionem,

1938 4395 2158 4468 quibus
2207 4392 2528 4461 alligantur
2577 4393 2887 4466 culparum
2946 4393 3210 4448 Judaicis
3269 4391 3587 4446 servientes

1939 4484 2460 4556 ritibus:quinqne
2492 4483 2690 4553 digitis
2744 4482 3056 4556 quomodo
3118 4481 3300 4554 aliqui
3341 4477 3588 4535 benedi-

1939 4580 2104 4642 cunt,
2125 4585 2180 4628 et
2208 4591 2344 4629 cum
2375 4573 2581 4644 pollice
2609 4573 2818 4628 faciem
2855 4573 3113 4640 signant,
3148 4578 3438 4643 tanquam
3469 4569 3585 4624 Mo-

1940 4662 2258 4718 nothelittc.
2295 4664 2439 4718 Cum
2480 4662 2657 4730 igitur
2705 4661 2964 4716 debeant
3011 4659 3248 4732 disponi
3305 4657 3472 4725 digiti
3524 4656 3584 4711 in

1938 4749 2519 4823 consignationibus,
2536 4750 2696 4824 quod
2715 4767 2818 4823 per
2831 4767 2933 4804 eos
2947 4750 3081 4803 duae
3101 4757 3326 4802 natura:
3361 4744 3585 4814 signiﬁ-

1938 4847 2235 4906 centur,et
2257 4847 2372 4894 tres
2415 4855 2708 4912 pel‘SODtP,
2749 4843 2922 4910 prout
2969 4835 3234 4894 Christus
3282 4840 3581 4888 monstra-

1938 4930 2032 4995 vit,
2057 4927 2304 5004 quando
2332 4928 2393 4982 in
2411 4927 2629 4982 ctelum
2657 4940 3016 4980 ascensurus
3033 4920 3343 4992 discipulis
3390 4918 3582 4974 mani-

1934 5025 2050 5073 bus
2111 5019 2371 5072 elevatus
2419 5015 2807 5071 benedixit.A
2855 5009 3311 5084 Septuagesima
3363 5023 3581 5080 usque-

1932 5105 2012 5163 ad
2035 5106 2265 5162 Pascha
2286 5120 2405 5162 non
2427 5109 2670 5160 cantant
2689 5103 2977 5159 Alleluia.
3002 5099 3452 5156 Afﬁrmantnon
3477 5095 3582 5152 de-

2003 5354 2271 5411 veniunt.
2312 5355 2496 5409 Srsw.

2007 5509 2126 5577 (30)
2174 5507 2477 5562 Teutones.
2553 5497 2558 5502 ’

2007 5573 2118 5650 (3t)
2142 5578 2377 5634 Videtur
2405 5577 2572 5644 locus
2596 5573 2944 5660 mendosus.
