4106 6222
14 1890 16 1959 i

14 2122 16 2177 ν

14 2182 16 2261 ν

14 3878 15 3937 1

14 4032 17 4095 l

14 4170 15 4223 1

14 4354 17 4429 ι

14 4464 17 4535 l

533 289 634 345 543

1764 283 1988 342 ΡΑΝΤΑ
1997 284 2247 342 LEONIS
2286 281 2569 341 DIACONI
2609 281 2712 337 ΟΡ.

3859 280 3959 334 544

531 412 675 470 bere
697 411 826 469 aliis
844 411 1064 483 linguis
1092 410 1413 469 Dominum
1442 410 1736 479 venerari,
1764 397 1877 466 nisi
1902 409 2031 468 istis
2075 411 2178 468 tri-
2213 414 2258 468 Α
2294 406 2610 467 ambulant
2638 403 2913 462 extinctis
2937 402 3271 461 luminibus
3316 405 3379 461 in
3410 402 3704 468 ecclesiis,
3756 405 3958 459 teme-

532 502 670 569 bus,
694 501 911 557 scilicet
963 500 1229 567 Hebrma,
1272 502 1487 571 Graeca,
1513 504 1570 557 et
1650 499 1877 557 Latina.
1928 502 2184 557 Mortuos

534 589 827 662 sepeliunt
851 589 1135 647 manibus
1156 605 1367 646 eorum
1392 604 1908 663 nequaquaquam
1974 590 2188 646 consti-

536 678 674 735 tutis
718 680 777 735 in
811 679 1062 737 modum
1094 680 1310 750 crucis,
1349 679 1457 737 sed
1483 679 1766 737 deorsum
1796 679 2000 736 missis
2030 679 2188 739 circa

533 766 813 825 inferiora
858 769 1275 826 instrumenta.

606 857 820 914 Omnia
840 873 975 915 cera
995 859 1284 932 oppilant.
1315 858 1664 917 Sacerdotes
1678 863 1767 916 ter
1779 859 2066 931 quaterin
2096 858 2192 916 die

532 944 837 1004 celebrant
878 963 1058 1021 super
1098 964 1219 1005 uno
1254 948 1451 1017 altari,
1494 948 1835 1021 ubicunque
1858 948 2192 1020 contigerit.

540 1036 611 1092 Ut
623 1050 776 1091 unus
791 1039 1066 1094 sacerdos
1078 1040 1185 1107 ter,
1198 1036 1515 1111 velquater
1532 1036 2082 1110 celebratquaterin
2099 1036 2193 1092 die

542 1141 679 1181 cum
694 1126 838 1183 felix
876 1128 971 1197 sit,
993 1128 1095 1201 qui
1129 1144 1318 1185 unam
1340 1127 1519 1198 digne
1540 1126 1729 1199 possit
1757 1130 2020 1184 cantare.
2055 1127 2193 1183 Tra‘

537 1213 690 1269 dunt
742 1215 897 1272 tilias
943 1233 1085 1273 suas
1132 1216 1349 1289 nuptui
1429 1214 1790 1287 accipientes
1854 1213 2196 1271 consororis

535 1299 723 1359 ﬁliam
749 1302 873 1361 ﬁlio
902 1320 1031 1376 suo,
1089 1308 1193 1360 aut
1248 1303 1433 1367 fratri,
1475 1307 1579 1359 aut
1619 1304 2087 1374 consanguineo.
2140 1304 2197 1366 Si

543 1390 678 1463 quis
701 1394 1036 1449 monachus
1056 1394 1117 1449 in
1139 1394 1487 1466 episcopum
1508 1397 1948 1464 promoveatur,
1984 1406 2195 1448 carnes

538 1480 866 1538 manducet
890 1482 1207 1556 intrepide.
1226 1481 1590 1538 Etmonacbi
1608 1496 1800 1554 parva
1820 1481 2013 1537 vexati
2060 1481 2204 1550 zrgri

538 1568 746 1627 tudine
803 1572 1084 1629 carnibus
1139 1576 1483 1629 vescuntur.
1530 1570 1936 1627 Communiter
1983 1575 2183 1628 autem

538 1671 749 1713 omnes
777 1660 1141 1732 pinguedine
1159 1659 1406 1733 porcina
1445 1663 1710 1715 utuntur.

2296 502 2496 554 motus
2528 495 2774 561 faciunt,
2801 493 2996 560 sedes,
3038 491 3295 560 tabulas,
3321 492 3581 565 parietes
3609 491 3953 564 percutiunt

2295 584 2588 644 malleolis
2619 588 2675 640 et
2692 583 2940 653 lagenas
2969 581 3388 651 confringant;
3421 586 3635 637 etcum
3659 579 3951 636 deberent

2295 674 2541 745 vigilare
2565 673 2627 729 in
2677 670 3054 729 orationibus
3108 670 3207 727 alii
3236 670 3297 726 in
3348 675 3657 742 stuporem
3711 668 3949 735 mentis,

2299 764 2396 822 alii
2426 763 2486 820 in
2522 762 2712 819 risum
2755 763 3204 827 convertuntur,
3237 763 3295 815 et
3321 758 3438 815 alia
3466 756 3845 831 quaedamin
3873 756 3955 829 ip-

2300 855 2382 912 sis
2410 852 2668 910 tenebris
2716 850 2891 919 ﬁunt,
2925 865 3062 923 quae
3105 865 3217 905 nec
3264 848 3392 905 fatu
3426 848 3614 919 digna
3654 847 3949 919 judicavi.

2300 946 2516 1001 Verum
2540 942 2655 999 hac
2685 938 2760 996 de
2790 939 3099 1010 grecogice
3127 939 3240 1012 (33)
3259 937 3551 995 laicorum
3580 936 3831 1010 lapsum
3857 950 3952 997 ex-

2302 1031 2515 1106 eerpsi,
2542 1034 2611 1087 ut
2639 1030 2687 1086 si
2716 1028 2964 1103 quando
2995 1028 3075 1084 ad
3116 1042 3291 1085 aures
3335 1042 3545 1084 eorum
3577 1025 3952 1095 devenerint,

2303 1121 2382 1180 ad
2411 1136 2477 1178 se
2505 1119 2730 1177 reversi
2758 1116 3227 1175 correctionibus
3256 1120 3488 1173 vacent.

2606 1265 2947 1321 Graecorum
2977 1264 3152 1320 mala,
3181 1261 3656 1320 consuetudines.

2377 1393 2714 1448 Graecorum
2731 1388 3119 1445 intolerabilis
3133 1385 3953 1458 est,redargutio,Vulcanum

2304 1478 2618 1546 imitando,
2650 1477 2752 1551 qui
2780 1476 2965 1534 altero
2994 1477 3148 1550 pede
3170 1476 3421 1533 claudus
3449 1475 3688 1532 dicitur.
3713 1478 3950 1531 Matrem

2308 1584 2485 1625 suam
2510 1567 2731 1624 scilicet
2760 1566 2967 1623 sedem
3013 1567 3162 1623 Petri
3192 1565 3605 1639 apostolorum
3637 1564 3953 1637 principis,

2307 1662 2515 1714 contra
2560 1655 2784 1712 faciens
2846 1655 3194 1722 contemnit,
3244 1659 3301 1711 et
3354 1653 3718 1711 abhonorat.
3777 1656 3957 1709 Porro

611 1746 1021 1804 Venerabilem
1043 1749 1286 1822 quidem
1331 1763 1569 1803 crucem
1618 1746 1680 1803 in
1706 1746 1838 1803 aliis
1872 1746 2084 1803 diebus
2114 1746 2175 1802 in
2231 1775 2271 1829 Β
2308 1746 2550 1803 stultam
2579 1745 2715 1801 fecit
2743 1747 2896 1800 Dens
2929 1743 3133 1801 talium
3166 1744 3544 1817 sapientiam.
3594 1745 3745 1799 Nam
3788 1741 3958 1799 vani-

543 1836 791 1893 ecclesia
804 1838 1006 1894 vident
1028 1843 1085 1895 et
1112 1838 1388 1904 adorant;
1404 1836 1461 1892 in
1480 1843 1683 1893 sancta
1731 1836 2201 1906 Quadragesima

543 1922 739 1980 velant
759 1926 1138 1989 sindonibus.
1179 1942 1313 1983 cum
1340 1941 1461 1998 qua
1483 1929 1539 1983 et
1575 1926 1878 1981 occultant
1907 1926 2197 2000 Alleluia.

544 2014 606 2068 Et
636 2012 697 2069 in
728 2021 933 2072 sancto
960 2032 1184 2088 magno
1217 2015 1480 2073 Sabbato
1512 2014 1586 2071 de
1613 2013 2018 2088 penetralibus
2057 2015 2197 2071 edu-

546 2107 744 2159 centes
774 2104 993 2177 ipsam,
1020 2110 1311 2177 tanquam
1337 2103 1411 2161 de
1458 2103 1732 2177 sepulcro
1784 2108 2197 2173 resurgentem

542 2192 955 2250 demonstrant
985 2194 1230 2268 populo;
1257 2200 1313 2251 et
1332 2194 1407 2251 de
1432 2193 1629 2249 subito
1653 2210 1791 2249 cum
1827 2208 2050 2264 magno
2080 2191 2193 2248 cla.

542 2298 711 2338 more
729 2288 993 2339 cantant:
1021 2285 1315 2351 Alleluia,
1338 2287 1395 2339 et
1412 2283 1737 2351 multoties,
1761 2286 1817 2338 et
1845 2297 1952 2354 per
1974 2280 2195 2337 multas

544 2370 728 2426 horas
750 2371 1171 2439 vociferantur,
1191 2371 1709 2445 quemadmodum
1765 2370 2027 2427 Christus
2065 2386 2193 2425 sur-

545 2459 712 2514 rexit.
750 2461 897 2517 Cum
938 2460 1138 2516 missae
1172 2460 1549 2516 celebrantur
1569 2463 1625 2516 et
1673 2458 1963 2532 mysteria
2011 2458 2192 2513 conﬁ-

542 2550 796 2615 cluntur,
821 2548 1089 2621 plerique
1126 2549 1533 2605 assistentium
1585 2547 1952 2609 laicorum,si
2000 2547 2193 2617 placet

543 2635 645 2700 eis,
671 2635 998 2707 loquuntur
1016 2645 1070 2694 et
1115 2638 1340 2693 sedent.
1397 2636 1923 2709 Participationem
1969 2640 2189 2691 sanctte

543 2725 1156 2792 communionis,non
1197 2725 1462 2782 similiter
1488 2731 1551 2781 ut
1600 2740 1710 2782 nos
1757 2724 1961 2791 Graeci,
2012 2724 2189 2796 perti-

544 2813 832 2870 ciuntsed
874 2814 1079 2873 dicunt
1100 2815 1265 2888 quod
1286 2815 1390 2888 qui
1431 2815 1681 2871 missam
1728 2814 2191 2870 celebratsacer-

542 2901 986 2972 dos,osculatur
998 2904 1292 2960 volentem
1307 2904 1888 2975 communicare,pro
1897 2903 2187 2958 motiones

543 2990 965 3063 episcoporum
981 2993 1335 3049 etlaicorum
1349 3008 1468 3048 non
1483 3008 1588 3064 per
1600 3008 1777 3048 omne
1792 2998 2025 3065 tempus
2037 2992 2187 3063 perii

543 3082 1029 3145 ciuntantistites,
1053 3083 1157 3139 sed
1176 3088 1412 3139 tantum
1437 3084 1495 3138 in
1516 3098 1676 3138 anno
1734 3087 2040 3154 quater,et
2086 3098 2191 3154 per

543 3169 977 3228 observabilem
999 3172 1180 3228 diem.
1228 3175 1375 3229 Nam
1398 3187 1536 3227 cum
1568 3172 1708 3227 anni
1748 3176 2006 3242 quatuor
2049 3174 2193 3227 tem-

543 3275 694 3331 pora
715 3265 874 3329 sunt,
911 3262 1135 3319 scilicet
1173 3278 1296 3330 ver,
1337 3266 1533 3332 aestas,
1580 3265 1926 3325 autumnus,
1977 3259 2191 3323 hiems,

542 3348 765 3405 horum
806 3354 1147 3422 temporum
1188 3351 1376 3417 initia,
1434 3351 1627 3423 primo
1660 3364 1795 3403 eum
1832 3348 1945 3419 (3'2)
2006 3348 2197 3403 mensi

544 3437 724 3493 Martii
756 3437 994 3504 scilicet,
1025 3445 1079 3496 et
1109 3439 1287 3506 Junii,
1307 3436 1690 3510 Septembris,
1724 3440 1903 3506 atque
1962 3438 2198 3491 Decem-

542 3525 667 3581 bris
706 3525 1130 3585 observant.ln
1157 3527 1367 3600 primis
1404 3523 1891 3582 hebdomadibus
1931 3523 2194 3594 clericos,

545 3617 601 3669 et
628 3613 937 3685 diaconos,
981 3616 1384 3688 presbyteros,
1422 3615 1759 3686 episcopos,
1799 3618 2195 3685 promovent:

545 3701 704 3757 male
731 3704 1067 3771 sentientes,
1103 3710 1160 3760 et
1201 3704 1533 3771 barbarice,
1568 3701 1896 3757 adventum
1953 3702 2200 3773 Spiritus

547 3790 733 3846 sancti
758 3806 879 3847 non
902 3792 1237 3848 secundum
1252 3792 1528 3847 virtutem
1554 3790 1965 3861 promoventis
1983 3795 2038 3845 et
2058 3806 2202 3863 pro-

546 3879 693 3934 moti
722 3879 1076 3936 arbitrantes
1107 3880 1470 3936 descendere
1505 3898 1518 3949 ;
1557 3877 1661 3933 sed
1695 3877 1753 3932 in
1802 3877 2017 3933 diebus
2065 3894 2202 3950 qni-

542 3967 804 4026 busdam
835 3974 1049 4043 putant
1076 3970 1237 4026 hunc
1266 3968 1484 4039 venire,
1522 3972 1587 4023 ut
1644 3965 2017 4038 insipientes.
2076 3970 2201 4022 Non

542 4059 854 4131 patiuntur
874 4060 1211 4117 sacerdotes
1241 4059 1461 4117 habere
1483 4071 1746 4125 uxorem,
1773 4060 1829 4111 et
1859 4071 2204 4111 sacramen-

544 4153 741 4206 torum
770 4165 1055 4223 peragere
1088 4141 1400 4222 mysteria.
1426 4150 1585 4203 Duos
1604 4145 1813 4201 fratres
1839 4144 2080 4202 duabus
2107 4160 2204 4200 so-

546 4238 781 4294 roribus
837 4239 1152 4295 carnaliter
1204 4238 1474 4312 copulari
1527 4236 1906 4308 permittunt.
1966 4233 2206 4291 Radunt

546 4325 768 4381 barbas
808 4327 1143 4399 presbyteri
1175 4342 1339 4383 more
1387 4344 1631 4383 suorum
1668 4326 1950 4391 militum,
1995 4328 2209 4395 praeter

548 4415 939 4486 apostolicam
971 4417 1399 4472 institutionem
1421 4460 1433 4472 .
1462 4420 1746 4476 Sanctam
1772 4412 2207 4469 Eucharistiam

547 4503 1062 4574 negligentissime
1094 4510 1395 4575 spectant:
1422 4520 1563 4562 nam
1593 4507 1667 4563 ad
1691 4519 1885 4573 aegros
1901 4501 2210 4573 prolicien-

548 4599 636 4650 tes
664 4593 789 4648 sine
819 4591 1045 4648 lumine
1071 4592 1267 4666 ipsam
1296 4592 1571 4651 deferunt
1591 4599 1649 4651 et
1681 4592 1978 4649 tribuunt.
2013 4592 2076 4645 Et
2106 4595 2210 4662 qui

548 4687 743 4741 castra
767 4687 1119 4756 sequuntur,
1158 4681 1216 4737 in
1240 4684 1560 4755 marsupio
1597 4685 1851 4757 ponunt,
1879 4684 1935 4736 et
1973 4683 2213 4753 portant

546 4774 607 4831 in
646 4772 937 4840 vestibus,
971 4772 1031 4827 in
1076 4771 1280 4845 pileis.
1311 4771 1516 4828 Clerici
1568 4787 1779 4828 eorum
1828 4772 1885 4824 et
1913 4768 2045 4823 laici
2084 4783 2206 4823 non

550 4869 690 4920 sunt
720 4861 1011 4930 distincti;
1044 4862 1230 4919 altare
1270 4860 1464 4916 velato
1487 4860 1681 4933 capite
1706 4857 2027 4915 accedunt.
2064 4858 2207 4912 San-

550 4955 656 5008 ctis
682 4969 752 5009 ac
795 4952 1160 5008 terribilibus
1181 4950 1328 5007 locis
1358 4949 1587 5006 nullam
1622 4953 1725 5006 aut
1768 4945 2069 5002 modicam
2100 4961 2201 5001 ex-

548 5041 753 5097 bibent
782 5040 1209 5096 reverentiam.
1269 5039 1356 5095 Ad
1418 5043 1655 5110 tempus
1708 5051 1925 5091 sonum
1955 5049 2204 5089 rcaasen-

551 5127 733 5184 tando
754 5128 813 5183 in
828 5133 1000 5185 nocte
1020 5128 1349 5185 Nativitatis
1374 5126 1628 5197 Domini,
1650 5123 1943 5183 Matutinm
1956 5126 2203 5177 cantan-

550 5222 666 5287 tur;
700 5217 927 5273 vesicas
982 5217 1223 5290 explodi
1271 5216 1623 5289 permittunt
1665 5216 1825 5271 circa
1882 5210 2089 5279 altare,
2137 5215 2202 5267 ut

548 5305 817 5363 habeant
837 5305 988 5362 risus
1011 5306 1347 5363 materiam.
1389 5309 1453 5362 In
1478 5304 1693 5363 diebus
1719 5298 2038 5369 Passionis,
2063 5315 2201 5356 cum

621 5432 664 5466 ³⁷
709 5429 860 5487 Psal.
894 5445 1026 5499 LVII,
1058 5432 1113 5488 4.
1188 5430 1236 5466 ³⁸
1277 5432 1452 5487 Prov.
1485 5446 1578 5496 xx,
1611 5432 1702 5485 2t.
1777 5429 1825 5464 ²⁹
1858 5424 2076 5500 Ephes.
2109 5441 2162 5495 v,
2199 5427 2257 5485 4.

619 5586 734 5666 {32)
773 5588 960 5650 Locus
989 5584 1347 5661 mandatus;
1380 5583 1529 5649 torti
1558 5599 1781 5650 eorum;

2222 3128 2261 3183 C

2309 1837 2441 1893 tatis
2470 1834 2751 1908 opinione
2797 1833 2976 1906 pleni,
3030 1849 3235 1905 poma,
3268 1837 3331 1889 ut
3374 1831 3683 1911 Tantalqs,
3716 1830 3960 1901 fugacia

2306 1924 2651 1997 quaeritant.
2669 1924 2742 1979 At
2766 1938 2906 1978 vero
2923 1922 3155 1979 munda
3174 1922 3301 1978 vult
3322 1921 3540 1993 [debet]
3561 1936 3695 1978 esse
3710 1936 3959 1983 manus,

2306 2030 2442 2088 quae
2468 2013 2617 2069 alias
2649 2012 2823 2068 debet
2842 2016 3068 2080 tergere
3094 2011 3324 2068 sordes.
3354 2013 3545 2075 Quare
3570 2008 3824 2081 collyrio
3847 2009 3961 2081 pri-

2305 2119 2475 2159 mum
2491 2102 2784 2171 inungant
2803 2100 3011 2158 oculos
3031 2116 3195 2168 suos,
3215 2097 3545 2156 abstersuri
3561 2097 3776 2154 saltem
3792 2097 3960 2153 dein-

2304 2207 2444 2266 ceps
2472 2190 2891 2264 lippitudinem
2919 2189 3266 2263 aliquando,
3297 2194 3356 2245 et
3383 2188 3636 2246 aliorum
3665 2188 3815 2243 vitia
3848 2203 3958 2244 ne—

2301 2281 2561 2355 quibnnt
2584 2280 2921 2337 discernere
2948 2279 3259 2335 subtiliter.
3292 2281 3355 2334 ln
3386 2276 3674 2334 scatebris
3704 2277 3957 2349 quidem

2302 2370 2727 2439 temeritatum,
2743 2371 2804 2424 in
2821 2367 3309 2441 praesumptionis
3330 2366 3560 2431 aculeo,
3581 2365 3643 2421 in
3660 2366 3958 2436 jactantia

2302 2458 2638 2516 amaritiem
2687 2456 3068 2530 proferendo,
3112 2455 3281 2529 quod
3322 2456 3489 2528 prius
3521 2454 3799 2511 auditum
3833 2469 3952 2511 non

2302 2554 2410 2614 est,
2438 2548 2720 2621 Spiritum
2747 2551 3023 2603 sanctum
3050 2546 3270 2603 scilicet
3292 2561 3365 2602 ex
3397 2544 3525 2602 solo
3548 2547 3716 2600 Patre
3744 2559 3952 2617 proce-

2300 2638 2461 2704 dere,
2521 2636 2818 2710 talparum
2876 2634 3384 2708 formicarumque
3431 2632 3743 2689 cuniculos
3794 2633 3951 2689 male

2300 2725 2482 2782 fortes
2502 2730 2939 2781 exstruxerunt.
2972 2723 3250 2779 Dividunt
3277 2722 3511 2795 utrique
3538 2737 3680 2779 cum
3704 2721 3850 2778 Ario
3871 2721 3955 2777 di-

2299 2818 2504 2873 vinam
2545 2814 2969 2872 substantiam.
3002 2817 3151 2869 Nam
3182 2830 3254 2869 ex
3283 2828 3494 2869 eorum
3523 2812 3957 2885 disputatione,

2301 2907 2471 2961 Patre
2501 2904 2699 2960 minor
2737 2902 3077 2961 necessario
3122 2902 3299 2957 Filius
3324 2902 3638 2973 reperitur.
3697 2901 3962 2957 Confun-

2301 2992 2781 3050 duntnascentis
2828 2997 2884 3048 et
2933 2991 3313 3064 procedentis
3358 2990 3787 3059 differentiam,
3828 3005 3961 3062 quae

2301 3082 2362 3138 in
2400 3083 2515 3137 hoc
2569 3086 2771 3137 tamen
2818 3081 2973 3136 bene
3021 3080 3413 3150 dignoscitur,
3447 3079 3613 3152 quod
3654 3078 3840 3134 Filius
3888 3094 3960 3134 ex

2301 3184 2422 3226 uno
2454 3169 2601 3235 solo,
2637 3168 2887 3240 Spiritus
2921 3183 3061 3224 vero
3092 3184 3165 3223 ex
3192 3166 3434 3223 duobus
3475 3167 3775 3239 provenit.
3807 3169 3953 3222 Nam

2303 3274 2441 3314 cum
2470 3257 2718 3330 Spiritus
2747 3256 2950 3327 imago
2984 3256 3105 3312 Filii
3133 3257 3206 3312 sit
3236 3255 3606 3323 naturaliter,
3643 3256 3799 3310 sicut
3824 3269 3944 3309 ma-

2305 3362 2460 3418 gnus
2486 3344 2757 3415 Basilius,
2791 3344 3126 3413 Theologus
3154 3344 3488 3413 Gregorius,
3533 3349 3714 3415 atque
3746 3343 3953 3399 Dama-

2305 3451 2519 3491 scenus
2550 3434 2811 3503 tradunt,
2860 3449 3103 3489 necesse
3134 3438 3221 3489 est
3250 3432 3475 3489 habere
3501 3431 3577 3488 de
3630 3432 3769 3504 ipso
3800 3430 3955 3488 exsi-

2307 3525 2606 3593 stentiam,
2638 3528 2693 3580 et
2719 3523 3067 3596 procedere.
3109 3526 3424 3594 Propterea
3449 3522 3599 3578 liber
3628 3520 3744 3577 sub
3776 3521 3958 3593 impe-

2306 3615 2395 3670 rio
2417 3614 2696 3670 Manuelis
2714 3612 2927 3677 editus,
2947 3627 3129 3684 quem
3150 3613 3235 3667 De
3255 3612 3589 3667 immortali
3608 3625 3796 3667 causa
3813 3625 3961 3683 prse-

2308 3701 2505 3772 signat
2526 3701 2745 3765 titulus,
2771 3701 2867 3756 cui
2886 3700 3071 3756 Graeci
3095 3699 3504 3757 contradicere
3529 3714 3652 3754 non
3676 3704 3961 3770 possunt,

2308 3791 2528 3847 scilicet
2559 3791 2841 3863 Spiritum
2866 3806 2938 3845 ex
2965 3790 3207 3845 duobus
3237 3788 3458 3862 pariter
3486 3788 3842 3861 procedere,
3876 3788 3963 3843 in-

2309 3880 2818 3953 expugnabilibus
2893 3880 3263 3950 argumentis
3339 3879 3732 3936 demonstrat.
3810 3881 3967 3948 Ergo

2312 3970 2493 4026 Graeci
2525 3970 2709 4025 locuti
2735 3976 2873 4025 sunt
2897 3970 3085 4040 falsa,
3133 3975 3186 4025 et
3217 3974 3575 4026 erraverunt
3614 3968 3691 4023 ab
3723 3973 3898 4024 utero
3922 3969 3963 4002 ετ

2312 4058 2519 4115 matris
2542 4074 2665 4113 suae
2689 4057 2983 4128 Ecclesiae,
3010 4074 3196 4129 quam
3229 4057 3498 4114 Christus
3528 4056 3587 4111 in
3618 4055 3885 4127 synodo,
3916 4060 3975 4112 et

2312 4146 2705 4219 imperatores
2731 4146 3005 4202 omnium
3030 4145 3428 4202 Ecclesiarum
3457 4144 3795 4219 principem
3829 4160 3974 4201 con-

2315 4237 2647 4291 stituerunt.
2676 4235 2850 4292 Obliti
2884 4240 3023 4291 sunt
3048 4235 3196 4290 illud
3225 4234 3563 4292 Salomonis
3592 4251 3604 4289 :
3637 4234 3970 4301 Conserva,

2311 4326 2407 4395 ﬁli
2434 4326 2535 4390 mi,
2562 4326 2755 4394 patris
2796 4326 2889 4379 tui
2910 4330 3228 4394 praecepta.
3263 4330 3316 4380 ct
3364 4340 3436 4379 ne
3483 4324 3747 4380 dimittas
3780 4324 3971 4393 legem

2314 4415 2526 4469 matris
2556 4419 2703 4470 tuae.
2734 4414 2887 4483 Liga
2907 4429 3034 4469 eam
3065 4414 3127 4468 in
3156 4413 3332 4470 corde
3362 4419 3462 4468 tuo
3483 4414 3738 4482 jugiter,
3766 4419 3824 4468 et
3855 4415 3974 4467 cir-

2316 4518 2601 4572 cumpone
2627 4502 2864 4573 gutturi
2890 4508 2990 4557 tuo
3021 4503 3090 4571 ⁸⁸,
3131 4509 3311 4573 atque
3336 4515 3375 4557 a
3402 4501 3694 4564 stuttitiis,
3719 4515 3857 4571 quce
3887 4500 3971 4557 ad

2315 4606 2437 4648 rem
2470 4606 2589 4647 non
2611 4593 2929 4661 pertinent,
2973 4597 3242 4648 avertere
3275 4592 3343 4644 ’³.
3403 4588 3655 4645 Arefacti
3680 4589 3961 4644 conversi

2316 4684 2455 4736 sunt
2494 4681 2556 4737 in
2600 4680 2847 4737 arbores
2874 4679 3254 4736 autumoales
3280 4678 3552 4752 expositi,
3592 4693 3717 4734 non
3760 4678 3967 4735 solum

2314 4768 2534 4825 scilicet
2561 4769 2621 4826 in
2646 4769 2846 4838 rebus,
2878 4785 3085 4825 verum
3112 4769 3291 4825 etiam
3336 4768 3397 4823 in
3425 4766 3724 4839 plerisque
3754 4765 3969 4822 fructi-

2310 4857 2427 4913 bus
2454 4858 2739 4922 veritatis,
2769 4858 2937 4930 quod
2960 4873 3033 4914 ex
3061 4861 3307 4914 tractato
3334 4855 3594 4930 capitulo
3625 4860 3681 4913 et
3718 4854 3972 4930 reliquis

2310 4961 2448 5018 quas
2476 4945 2956 5016 subscribuntur,
2991 4951 3177 5019 patet.

2383 5036 2600 5090 Contra
2622 5034 3074 5092 instructionem
3102 5033 3309 5091 Christi
3362 5033 3707 5098 Salvatoris,
3751 5033 3969 5102 nostri,

2309 5121 2663 5179 fermentata
2675 5122 3099 5194 otferunt,cum
3115 5122 3433 5196 supercilio
3453 5122 3615 5178 enim
3658 5121 3970 5193 ignorant,

2309 5211 2446 5285 quis
2474 5210 2600 5267 dux
2630 5211 2802 5269 fuerit
2825 5212 2985 5268 illius
3017 5212 3390 5281 traditionis;
3422 5211 3653 5269 Christo
3681 5209 3743 5265 in
3786 5212 3976 5266 Coena

2310 5299 2702 5359 benedicente
2733 5317 2970 5375 azyma,
3021 5301 3187 5374 quod
3229 5301 3410 5359 trium
3456 5297 3973 5372 exangelistarum

2377 5581 2489 5663 (33)
2528 5584 2855 5647 lion-trum
2883 5576 3073 5648 nrblt

4089 170 4091 313 Ν
