4106 6222
153 319 270 385 ste
1599 308 1872 380 Comm
1907 309 2218 382 unicos.
2411 309 2414 313 ’
3495 323 3598 390 sic

149 451 452 510 ﬁrmatur
479 449 847 508 testimonio.
880 447 1110 516 Dicunt,
1139 449 1198 504 et
1258 445 1424 520 quod
1455 460 1843 520 nequaquam
1872 448 1922 502 Α
1951 451 2134 505 tatem
2174 447 2516 514 obtinuerit,
2573 449 3142 524 excommunicetur,
3183 454 3242 510 et
3268 457 3597 526 separetur,

156 540 370 598 relatu
394 540 650 612 dignum
670 543 848 608 esset,
867 535 1167 611 nisiquod
1214 537 1265 593 ei
1287 549 1523 604 omnes,
1549 541 1844 609 tanquam
1951 543 2009 594 et
2034 553 2245 595 omnes
2275 538 2404 610 ejus
2436 543 2800 596 consortes.»
2845 540 2958 597 Sed
3017 542 3237 599 etenim
3295 547 3351 600 et
3395 541 3600 602 tertius

159 645 410 700 magno
468 627 904 702 propugnatori
957 625 1309 692 innituntur,
1369 629 1705 681 asserentes
1736 624 1845 680 fer-

161 719 431 775 mentati
455 718 630 792 panis
654 719 844 774 vitam
883 721 939 773 et
957 715 1387 772 animationem
1411 712 1702 784 conferre,
1731 711 1842 768 Sed

161 821 360 865 omne
411 822 630 879 corpus
677 805 886 874 articii,
935 804 1088 860 sicut
1139 819 1211 860 ex
1243 819 1305 860 se
1335 801 1524 858 simile
1552 817 1671 858 non
1714 817 1846 874 pro-

167 895 372 968 ducit,
407 897 493 954 ita
519 895 642 952 vita
672 900 835 952 caret
866 898 924 951 et
949 891 1336 950 animatione.
1394 891 1681 948 Nimirum
1710 906 1847 946 cau-

165 1001 309 1042 sam
331 984 710 1042 extrinsecus
731 983 914 1040 habet
931 987 1298 1051 moventem,
1329 985 1391 1037 ut
1419 985 1726 1049 stannum,
1747 978 1850 1034 do-

162 1089 335 1145 mus,
363 1090 532 1142 arca,
553 1073 944 1130 fermentatus
970 1070 1168 1145 panis,
1201 1076 1258 1127 et
1289 1069 1679 1135 similia.Qute
1711 1083 1849 1124 vero

170 1164 552 1221 intrinsecus
593 1163 818 1220 habent
846 1166 1186 1218 moventem
1233 1175 1500 1224 causam,
1550 1156 1852 1215 naturalia

176 1259 350 1317 sunt.
392 1258 457 1310 ut
484 1268 741 1327 quisque
771 1251 1056 1308 animata.
1088 1253 1214 1306 Non
1243 1253 1445 1306 autem
1478 1252 1567 1304 est
1603 1247 1661 1304 in
1693 1250 1851 1320 pane

166 1343 260 1398 vis
287 1341 813 1413 sanctiﬁcationis,
837 1340 939 1397 sed
968 1340 1030 1396 in
1055 1338 1262 1396 verbo.
1285 1339 1448 1394 Unde
1473 1353 1596 1394 non
1616 1337 1852 1394 videtur

169 1432 320 1489 fidei
343 1431 687 1489 consentire
713 1429 1068 1503 hujusmodi
1095 1444 1305 1486 eorum
1332 1427 1555 1484 factum
1581 1429 1638 1483 et
1662 1441 1849 1482 asser-

1953 642 2148 684 canon
2173 627 2411 701 synodi,
2440 643 2625 700 quam
2654 627 2837 685 Graeci
2857 629 3176 702 septimam
3195 639 3438 703 vocant,
3465 648 3600 706 pro-

1953 715 2189 772 nuntiat
2215 732 2460 773 omnem
2490 716 2836 774 electionem
2881 734 2917 776 a
2972 719 3342 792 principibus
3397 722 3600 780 saeculi

1955 805 2176 862 factam
2198 805 2320 862 fore
2341 806 2799 865 irritam.Unum
2821 807 3016 865 solum
3051 809 3402 880 Sabbatum,
3433 811 3600 885 quod

1957 910 2067 950 nos
2098 899 2373 951 sanctum
2394 911 2702 967 vocamus,
2737 913 2845 969 pro
2877 897 3182 971 sepultura
3212 899 3446 956 Domini
3475 900 3599 958 Sal-

1957 981 2177 1038 vatoris
2221 982 2451 1053 jejunio
2504 984 3121 1043 commendaverunt:
3176 986 3406 1060 reliqua
3455 1004 3600 1045 vero

1959 1070 2103 1127 anni
2123 1069 2621 1143 Sabbata,epula:,
2643 1071 2877 1141 balnea,
2905 1077 2964 1130 et
2984 1074 3235 1143 ludicra,
3249 1079 3306 1132 et
3323 1075 3604 1148 quaelibet

1959 1176 2143 1234 penes
2162 1159 2296 1216 illos
2322 1160 2708 1218 celeberrima
2735 1179 2867 1219 esse
2926 1165 3322 1236 praetendunt.
3351 1166 3465 1222 Sed
3511 1182 3601 1223 er-

1959 1265 2091 1306 rore
2118 1250 2260 1306 satis
2283 1249 2554 1321 jucundo
2573 1250 3303 1326 traducuntur,quomodo
3317 1255 3602 1327 apostolis

1961 1340 2256 1396 sancitum
2276 1356 2406 1396 esse
2423 1339 2536 1397 sub
2557 1340 2936 1399 anathemate
2951 1343 3294 1401 mentiendo
3308 1353 3596 1419 astruant,

174 1522 278 1593 tio,
305 1537 452 1595 qua:
469 1521 786 1595 penuriam
818 1524 1153 1577 monstrare
1181 1517 1466 1585 volentes,
1491 1520 1557 1574 ut
1583 1503 1844 1584 Armeni,

175 1611 283 1684 qui
303 1611 396 1668 nil
425 1611 607 1685 aquei
634 1609 829 1667 laticis
873 1625 998 1666 suae
1053 1605 1452 1664 immolationi
1507 1609 1841 1679 apponunt,

179 1701 482 1776 superflui
537 1699 946 1757 inveniuntur.
993 1700 1140 1755 Nam
1169 1696 1345 1753 simul
1377 1695 1678 1766 frigidam,
1710 1695 1847 1752 cali-

1957 1427 2310 1486 dicentibus:
2343 1429 2708 1499 Maledictus,
2727 1431 2832 1504 qui
2857 1431 2918 1487 in
2943 1431 3204 1489 Sabbato
3219 1432 3299 1504 jej
3311 1436 3599 1505 unaverit,

1957 1524 2169 1591 praeter
2197 1535 2410 1576 unum.
2440 1522 2588 1576 Nam
2620 1519 2666 1575 si
2697 1524 2939 1594 propter
2973 1519 3338 1592 singularem
3368 1524 3603 1581 Domini

1954 1607 2447 1664 resurrectionem
2477 1623 2690 1664 omnes
2717 1607 2844 1664 dies
2872 1609 3160 1666 Dominici
3208 1609 3370 1667 cultu
3418 1611 3602 1683 digno

1955 1701 2335 1766 venerantur,
2367 1701 2424 1753 et
2454 1701 2695 1769 propter
2725 1697 3089 1768 singularem
3119 1701 3398 1770 mortem,
3437 1705 3606 1761 sexta

179 1791 456 1864 damque
487 1789 709 1856 denuo,
743 1788 918 1862 quasi
944 1785 1280 1844 benedictio
1309 1785 1610 1859 impotens
1664 1783 1847 1842 conti-
1888 1802 1928 1857 Β
1957 1784 2122 1856 feria,
2157 1801 2360 1841 nonne
2387 1791 2442 1842 et
2492 1789 2735 1858 propter
2791 1787 3157 1858 singularem
3212 1787 3601 1862 sepulturam,

182 1879 382 1936 ciendi
411 1878 608 1944 fuerit,
635 1877 944 1935 Dominico
969 1875 1248 1948 sanguini
1272 1874 1349 1932 ad
1381 1873 1845 1932 consummatio-

184 1982 325 2024 nem
359 1967 718 2024 admiscent.

255 2055 480 2113 Diebus
505 2054 900 2129 paschalibus
929 2069 1068 2110 cum
1090 2051 1351 2126 populus
1376 2067 1508 2108 com
1519 2049 1847 2108 municatu-

190 2159 291 2202 rus
318 2145 486 2202 aride
514 2147 880 2218 praeparant,
912 2143 1158 2216 insuper
1196 2141 1633 2198 abundantiam
1664 2139 1847 2197 conti-

201 2235 353 2291 ciunt
367 2233 430 2290 in
455 2233 838 2290 Dominicum
853 2249 1093 2306 corpus,
1108 2235 1166 2288 et
1178 2235 1314 2306 post
1340 2229 1841 2295 distributionem,

208 2321 584 2395 reliquiarum
632 2337 902 2388 acervos,
934 2321 1078 2394 quia
1106 2319 1377 2376 durabile
1398 2334 1521 2376 non
1551 2322 1656 2380 est.
1681 2333 1843 2390 sepe-

218 2410 907 2468 liunt.Communicandis
922 2425 1140 2483 panem
1154 2408 1466 2465 intinctum
1481 2410 1842 2481 praeparant.

220 2506 276 2556 et
297 2499 692 2556 accedentibus
718 2500 871 2557 offas
894 2500 1206 2573 porrigunt
1251 2503 1413 2554 tcum
1467 2496 1840 2553 cochlearto:

200 2589 359 2662 quod
390 2588 644 2646 Christus
673 2604 1061 2663 nequaquam
1097 2588 1309 2644 fecisse
1335 2586 1570 2658 legitur.
1602 2584 1846 2642 Diaconi

191 2693 389 2735 eorum
409 2676 516 2752 qui
539 2678 620 2735 ad
649 2677 916 2751 aliquem
939 2677 1380 2750 promotionem
1409 2675 1718 2740 incedunt,
1751 2691 1849 2731 ac-

185 2766 408 2840 cipiunt
429 2783 673 2836 uxores,
701 2783 776 2825 ne
796 2767 1056 2824 honores
1081 2766 1355 2840 perdant,
1403 2764 1569 2838 quod
1608 2769 1844 2822 contra-

181 2855 329 2913 rium
344 2861 436 2914 est
455 2856 697 2914 decimo
722 2857 939 2914 canoni
957 2857 1207 2913 Nicaeum
1226 2855 1462 2927 synodi.
1498 2853 1845 2911 Sacerdotes

181 2959 384 3002 eorum
406 2945 471 3002 in
488 2945 791 3019 plerisque
815 2945 982 3017 locis,
1011 2945 1118 3001 viri
1152 2942 1520 3015 sanguinum
1533 2943 1842 3008 exsistunt,

179 3039 232 3091 et
275 3034 546 3092 inferunt
570 3037 679 3107 (34)
711 3035 956 3092 sacratis
988 3034 1269 3091 manibus
1294 3052 1311 3105 ;
1359 3032 1525 3106 quod
1585 3031 1844 3106 propriis

1959 1873 2211 1946 singulis
2242 1874 2540 1945 Sabbatis,
2573 1875 2686 1930 nisi
2713 1874 3064 1933 solemnitas
3093 1876 3379 1945 inhibeat,
3415 1895 3453 1936 a
3479 1895 3604 1952 qua

1957 1969 2014 2021 et
2037 1964 2357 2036 jejunium,
2381 1968 2435 2020 et
2467 1964 2692 2021 tristitia
2713 1963 3074 2023 abducenda
3093 1982 3215 2023 non
3231 1967 3350 2026 sint
3387 1968 3602 2026 beatus

1959 2053 2256 2126 Sylvester
2283 2053 2564 2110 asseruit?

1961 2215 1964 2218 ἢ
2028 2145 2249 2199 Natura
2277 2141 2523 2214 quidem
2565 2139 2828 2200 hominis
2857 2158 2894 2200 a
2949 2143 3242 2217 principio
3270 2145 3332 2202 in
3360 2145 3600 2205 ruinam

1956 2230 2149 2306 posita
2178 2236 2294 2297 est,
2323 2246 2533 2287 verum
2564 2233 2903 2288 Graecorum
2929 2231 3070 2311 gula
3111 2249 3249 2290 cum
3277 2249 3352 2292 ea
3400 2239 3600 2305 certet,

1954 2337 2090 2394 quae
2125 2336 2156 2376 e
2186 2319 2527 2392 corruptine
2558 2320 2710 2379 inest
2762 2319 3007 2379 malitia.
3044 2325 3191 2380 Nam
3219 2337 3342 2380 non
3403 2323 3600 2381 solum

1953 2407 2066 2476 bis,
2087 2408 2683 2482 sedquotiescunque
2695 2410 3110 2482 opportunitas
3123 2409 3326 2484 aliqua
3353 2411 3600 2484 praebet,

1955 2497 2238 2555 alimenta
2261 2496 2348 2554 ori
2373 2498 2722 2555 immittunt.
2754 2498 2898 2555 Hinc
2925 2505 3014 2556 est
3041 2499 3207 2572 quod
3245 2499 3308 2556 in
3351 2499 3603 2573 quibus-

1955 2587 2098 2644 dam
2128 2587 2344 2644 diebus
2385 2587 3008 2661 \‘eneris,postposita
3042 2589 3208 2645 omni
3223 2589 3602 2660 verecundia,

1957 2678 2239 2736 carnibus
2267 2683 2608 2744 vescuntur;
2641 2682 2870 2750 septem
2899 2677 3042 2736 solis
3079 2677 3293 2736 diebus
3337 2679 3398 2736 in
3440 2695 3602 2736 anno

1951 2768 2246 2840 jejunant:
2280 2767 2546 2840 quinque
2577 2782 2684 2841 pro
2717 2766 3418 2839 totaQuadragesima,in
3437 2770 3603 2843 prin-

1956 2855 2114 2928 cipio
2158 2871 2280 2914 sua
2336 2855 2575 2912 illorum
2627 2856 3000 2928 septimanae,
3053 2855 3316 2914 Sabbato
3373 2863 3599 2932 sancto,

1955 2944 2016 3001 in
2048 2944 2248 3016 vigilia
2273 2944 2619 3017 Epiphaniae
2650 2944 2903 3000 Domini.
2937 2943 3167 3001 Etenim
3196 2961 3304 3018 per
3358 2961 3604 3004 omnem

1955 3023 2242 3106 magnam
2259 3033 2792 3104 Quadragesimam
2818 3049 2989 3090 coena
3005 3034 3248 3090 minime
3279 3034 3603 3106 abstinent,

176 3124 362 3180 oculis
375 3125 809 3214 imperatorem
825 3123 1134 3214 sequendo
1149 3138 1252 3196 per
1266 3121 1846 3214 Cappadociamt35)
1883 3159 1924 3214 ο
1956 3123 2061 3214 sed
2091 3122 2294 3214 posito
2309 3137 2415 3194 per
2427 3121 2695 3193 singulos
2720 3121 3127 3214 semelcomed
3136 3127 3258 3191 unt;
3273 3138 3381 3179 nec
3394 3139 3607 3181 secun-

179 3216 622 3286 Persarumque
635 3213 932 3285 regiones,
967 3212 1215 3268 intuitus
1235 3227 1392 3267 sum.
1425 3209 1846 3268 Sacerdotibus
1895 3209 1917 3214 ⁷
1957 3211 2106 3268 dum
2135 3211 2480 3284 opinionem
2508 3225 2680 3266 suam
2710 3210 3250 3280 Quadragesimam
3280 3211 3604 3284 celebrant,

178 3302 457 3360 debitum
496 3303 794 3361 honorem
873 3302 1313 3374 subtrahentes,
1370 3302 1522 3358 inter
1572 3299 1848 3358 convivii
1959 3317 2097 3358 cum
2131 3300 2604 3371 Quadragesima
2628 3300 2925 3371 jejunium
2947 3300 3351 3373 quadraginta
3375 3303 3608 3362 dierum

181 3392 294 3448 sibi
335 3392 627 3449 assistere
663 3393 907 3449 faciunt.
942 3395 1050 3448 Pro
1071 3391 1227 3448 facili
1258 3390 1592 3458 occasione,
1649 3389 1843 3462 pomis
1958 3388 2556 3462 signiticethsivero
2573 3386 2866 3460 majorem
2888 3375 3290 3461 septimanam
3305 3405 3608 3448 anumero

181 3487 236 3537 et
257 3481 525 3551 ﬂagellis
557 3481 898 3538 sacerdotes
912 3481 1226 3537 etclericos
1248 3479 1435 3535 instar
1463 3495 1845 3551 paganorum
1959 3478 2446 3549 Quadragesimas
2477 3476 2848 3534 secludentes
2878 3493 2980 3533 sex
3009 3477 3411 3536 hebdomadis
3459 3483 3609 3546 Qua-

185 3570 492 3642 afﬂigunt.
515 3571 583 3626 Et
607 3576 671 3626 ut
696 3569 959 3627 habeant
998 3569 1233 3626 ridendi
1272 3567 1611 3638 materiam,
1651 3568 1714 3623 in
1743 3583 1847 3624 ca-
1955 3568 2365 3638 dragesimam
2394 3565 2706 3623 claudunt.
2734 3569 2842 3623 Tot
2871 3566 3031 3623 enim
3057 3572 3196 3624 sunt
3219 3584 3256 3625 a
3294 3569 3490 3640 prima
3508 3583 3609 3628 eo-

181 3659 408 3732 pitibus
453 3674 666 3716 eorum
711 3659 899 3732 pileos
940 3660 1160 3732 pugnis
1211 3660 1654 3730 conquassant:
1705 3672 1844 3712 cum
1953 3673 2089 3714 rum
2121 3658 2457 3730 septimana
2486 3672 2674 3729 usque
2706 3656 3151 3724 atlSabbatum,
3184 3658 3352 3731 quod
3368 3659 3598 3731 palma-

184 3750 484 3821 scriptum
509 3748 586 3804 sit
607 3750 716 3820 (36)
742 3767 755 3805 :
794 3771 814 3799 ι
837 3749 892 3806 Si
919 3749 1056 3821 quis
1077 3763 1329 3803 manum
1360 3747 1420 3802 in
1450 3745 1732 3802 clericum
1753 3746 1843 3816 je-
1953 3764 2089 3804 rum
2119 3747 2526 3818 arborumque
2539 3761 2742 3802 ramos
2759 3746 3062 3819 prrecedit,
3082 3747 3143 3802 in
3164 3763 3288 3820 quo
3307 3747 3611 3807 universa-

183 3839 347 3906 cerit,
371 3842 482 3894 aut
523 3837 650 3893 sine
680 3853 867 3894 causa
909 3853 1014 3893 seu
1061 3836 1413 3907 contingens
1442 3834 1843 3904 occasionem,
1954 3838 2084 3895 liter
2113 3836 2325 3894 abillis
2348 3839 2675 3894 cantatum»
2709 3837 2849 3902 Quae
2877 3835 3094 3892 animae
3114 3836 3273 3893 utilis
3303 3843 3410 3903 est,
3443 3855 3609 3896 com-

183 3927 516 3983 anathema
545 3929 695 3983 esto.
732 3948 758 3976 »
1957 3927 2194 4001 plemus
2213 3925 2856 3996 Quadragesimam,»a
2873 3923 3097 3998 quibus
3119 3941 3220 3982 sex
3233 3927 3604 3998 septimanis,

252 4019 320 4072 ln
345 4019 510 4072 sorte
539 4015 798 4072 Simonis
821 4013 970 4086 Magi
998 4013 1218 4085 dejure
1241 4011 1506 4086 ponendi
1537 4015 1674 4068 sunt
1699 4014 1850 4070 Grte-
1960 4017 2012 4072 si
2037 4033 2139 4072 sex
2159 4015 2286 4072 dies
2307 4013 2598 4071 Dominici
2628 4030 2766 4070 cum
2793 4013 3036 4069 totidem
3059 4013 3336 4070 Sabbatis
3371 4014 3608 4073 subtra-

185 4119 395 4162 corum
425 4104 762 4178 pontiﬁces,
795 4105 898 4177 qui
924 4103 1102 4160 nullis
1131 4101 1414 4160 ecelesias
1443 4101 1569 4157 sine
1591 4102 1852 4175 pecunia
1958 4105 2196 4176 bantur,
2223 4105 2460 4175 triginta
2490 4103 2687 4159 solum
2717 4101 2844 4157 dies
2872 4101 3263 4159 invenientur.
3287 4105 3368 4160 De
3411 4103 3608 4161 Domi-

186 4193 546 4266 largiuntur.
585 4195 743 4260 Quos
782 4209 916 4250 vere
973 4192 1161 4262 tangit
1216 4191 1364 4247 illud
1430 4189 1846 4264 apostolicum:
1958 4195 2109 4252 nicis
2139 4210 2280 4250 vero
2309 4192 2522 4248 diebus
2549 4205 2989 4263 supervacuum
3042 4194 3130 4246 est
3183 4190 3491 4248 disserere:
3545 4193 3608 4250 in

190 4283 449 4340 Pecunia
477 4288 585 4339 tua
613 4289 805 4340 tecum
834 4283 987 4339 sitm
1001 4281 1395 4352 perditionem
1428 4281 1496 4334 ³ο.
1538 4281 1746 4337 Sacros
1761 4295 1854 4336 or-
1959 4284 2182 4358 quibus
2211 4281 2556 4338 Christianis
2585 4278 2866 4338 omnibus
2895 4278 3243 4352 prohibetur
3286 4279 3604 4353 jejunium.

192 4370 380 4440 dines,
415 4371 525 4445 qui
556 4373 736 4441 gratis
765 4371 986 4428 dedent
1013 4369 1164 4439 dari,
1217 4369 1332 4425 nisi
1369 4384 1589 4425 manus
1641 4383 1851 4425 eorum
1961 4377 2035 4430 At
2063 4373 2239 4445 igitur
2259 4372 2308 4428 si
2338 4370 2522 4428 Graeci
2567 4369 2843 4441 jejunant
2891 4369 2954 4424 in
3004 4367 3218 4424 diebus
3285 4369 3608 4427 Dominicis

196 4477 308 4518 εὲτθ
337 4466 686 4532 graventur,
711 4476 835 4516 non
867 4459 1152 4527 tribuum;
1185 4457 1523 4531 εθρυῙίυΓᾶε
1551 4457 1612 4512 in
1633 4471 1852 4514 C(Bme-
1881 4508 1923 4563 Β
1963 4466 2128 4537 (nam
2141 4461 2366 4519 eisdem
2379 4459 2620 4516 cibariis
2647 4457 3044 4516 vescunturin
3075 4456 3397 4530 Sabbatis),
3423 4475 3610 4518 anna-

197 4550 349 4607 teriis
369 4565 498 4607 non
529 4549 770 4619 faciunt,
800 4549 916 4606 nisi
947 4553 1192 4621 accepta
1219 4547 1495 4621 pecunia,
1538 4562 1575 4605 a
1601 4545 1851 4620 quibus-

198 4638 352 4712 libet,
386 4655 639 4713 prorsus
667 4638 954 4694 inficiant.
989 4637 1338 4694 Patriarchae
1369 4650 1600 4708 eorum,
1641 4637 1700 4691 et
1754 4649 1852 4692 ar-

199 4727 588 4802 chiepiscopi,
619 4731 677 4784 et
723 4725 1229 4790 archimandritas,
1309 4723 1644 4781 secundum
1687 4722 1853 4796 quod

199 4817 531 4893 aliquando
554 4817 663 4874 fuit
688 4817 750 4873 in
775 4815 1076 4890 primitiva
1105 4814 1371 4874 Ecclesia
1414 4812 1847 4884 haereticorum,

198 4909 272 4965 ad
296 4908 665 4966 obtinendos
691 4908 976 4972 honores,
1015 4905 1412 4974 celsitudines,
1438 4920 1475 4962 a
1502 4902 1669 4960 laicis
1714 4919 1852 4977 pro—

199 5003 534 5055 moventur.
559 4997 730 5064 Quod
747 5013 993 5070 prorsus
1014 4997 1130 5052 hoc
1151 4996 1207 5052 in
1233 5000 1500 5067 tempore
1521 4992 1854 5050 tricesimus

198 5086 612 5159 apostolorum
627 5102 822 5142 canon
836 5083 1066 5142 inhibet
1085 5081 1230 5153 ﬁeri,
1249 5083 1351 5157 qui
1369 5087 1457 5141 est
1469 5078 1573 5153 huj
1583 5080 1851 5138 usmodi:

199 5197 224 5222 ιι
248 5177 305 5233 Si
319 5175 458 5249 quis
473 5175 800 5249 episcopus
821 5189 928 5248 per
950 5171 1294 5232 mundanos
1316 5171 1617 5246 principes
1658 5169 1854 5244 digni-

1965 4552 2237 4610 thematis
2266 4551 2350 4607 rei
2381 4555 2521 4606 sunt
2544 4548 2814 4613 canonis,
2836 4547 3235 4620 dicunturque
3260 4548 3604 4610 anathema:

1962 4645 2046 4701 sic
2074 4644 2177 4717 qui
2201 4643 2261 4698 in
2293 4639 2566 4700 Sabbatis
2586 4639 2964 4711 jejunaverit,
2997 4644 3210 4710 praeter
3238 4653 3424 4694 unum
3459 4643 3608 4697 Cum

1960 4733 2137 4805 igitur
2152 4731 2656 4788 dieSabbatorum
2665 4728 2743 4800 jej
2755 4727 2909 4784 uniis
2937 4725 3313 4792 valefaciant,
3331 4732 3388 4784 et
3403 4728 3610 4786 omnia

1959 4823 2061 4880 illa
2089 4822 2164 4878 de
2193 4819 2503 4878 festivitate
2535 4818 2673 4890 (37),
2695 4815 2874 4872 etiam
2924 4815 2973 4870 si
3028 4815 3225 4886 major
3271 4815 3612 4886 septimana

1961 4913 2203 4985 reliquis
2227 4913 2588 4978 numeretur,
2609 4903 3053 4962 evidentissima
3069 4907 3317 4974 constat,
3354 4917 3458 4960 eos
3483 4919 3610 4963 non

1961 5003 2186 5062 habere
2209 4997 2774 5068 Quadragesimam.

2035 5090 2305 5150 Monachi
2331 5096 2496 5146 extra
2526 5085 2856 5142 claustrum
2879 5085 3393 5156 pernoctantes,ut
3427 5097 3610 5157 pecu-

1963 5185 2094 5254 des,
2126 5179 2374 5252 singulis
2403 5176 2568 5235 horis
2608 5177 2670 5231 in
2707 5172 2916 5247 plateis
2971 5171 3086 5246 ipsi
3137 5171 3482 5243 comedunt,
3537 5177 3612 5232 de

201 5326 248 5362 ”
267 5331 392 5397 Act,
423 5343 553 5400 vni,
579 5331 669 5385 20.

266 5453 656 5536 (3t).Videtur
684 5451 893 5511 deesse
922 5447 1139 5513 vocula
1166 5458 1434 5523 mortem,
1489 5455 1594 5510 aut
1649 5448 1857 5508 similis

206 5531 574 5666 quttgfsmlimeec
617 5611 740 5654 non
795 5597 1157 5655 conveniunt
1183 5595 1485 5654 Fratribus
1511 5594 1858 5652 Praedicato-

211 5666 394 5742 ribus,
427 5669 556 5737 sed,
588 5668 949 5740 Etheriano,
1002 5668 1108 5743 qui
1158 5670 1862 5739 Manualemﬁraecorum

1964 5382 2406 5454 imperatorem,
2442 5372 2828 5448 sequebatur,
2860 5369 3009 5430 dum
3053 5370 3213 5431 bella
3267 5373 3496 5444 gereret
3549 5369 3612 5426 in

1964 5474 2238 5543 Egypto,
2271 5466 2424 5537 Asia,
2450 5469 2561 5522 etc.
2586 5466 2757 5521 BASN.

2039 5581 2145 5654 (36)
2171 5579 2312 5654 Dan.
2345 5577 2546 5649 Apost.
2599 5581 2608 5587 '

2041 5647 2156 5727 {37)
2185 5652 2374 5708 Locus
2398 5647 2736 5719 corruptus.
