4106 6222
423 328 526 398 847

1648 302 2133 374 PANTALEONIS
2169 302 2449 369 DIACONI
2491 312 2590 369 CP.

3734 324 3859 378 548

431 466 587 532 sinu,
614 466 903 532 tanquam
923 469 994 509 ex
1016 465 1155 508 arca
1167 442 1408 517 fructus,
1438 445 1531 501 vel
1549 441 1773 517 aliquid
1789 436 2067 497 vescibile
2121 444 2160 494 Α
2196 438 2632 532 Suffocatorum
2664 460 2773 499 nec
2790 445 3092 505 abstinent
3112 449 3405 519 sanguine
3428 466 3442 513 ;
3462 464 3609 504 nam
3628 445 3847 501 turbos

428 554 822 615 extrahentes,
852 540 1239 599 manducant.
1260 537 1563 593 Declinant
1596 541 1655 587 ut
1700 534 2088 604 caupones,et

430 643 622 703 calido
654 646 803 712 lyaeo
830 636 1094 690 comesta
1124 627 1403 683 inferiora
1431 623 1701 680 credunt.

501 705 690 787 Penes
719 723 1046 781 monachos
1068 733 1187 773 non
1213 721 1300 770 est
1323 731 1508 770 unum
1540 709 1939 783 :narsupium,
1975 705 2081 762 sed

430 819 593 879 obliti
623 817 938 873 dicentem:
991 809 1123 863 Nisi
1164 806 1289 878 quis
1329 801 1762 860 renuntiaverit
1794 796 2083 858 omnibus,

429 926 560 986 qua?
576 905 835 979 possidet
866 902 933 966 ³¹,
962 904 1098 966 etc.,
1121 893 1339 965 singuli
1363 892 1587 947 habent
1611 888 1866 986 singula.
1902 883 2085 986 graeci

434 976 821 1071 nequaquam
868 990 1219 1044 venerantes
1265 986 1628 1054 prmceptum
1685 976 2113 1049 apostolicum‘

433 1064 599 1147 illud:
647 1064 745 1139 θίν’
767 1083 818 1135 si
845 1093 1073 1134 comam
1102 1072 1356 1137 nutriat,
1384 1068 1711 1140 ignominia
1738 1070 1821 1121 est
1876 1064 1974 1118 illi
2016 1064 2087 1115 ³³.

436 1184 656 1237 Omnes
688 1189 826 1227 cum
860 1165 1124 1222 maximo
1156 1160 1351 1217 studio
1408 1155 1788 1214 incrementis
1838 1167 2089 1225 operam

438 1266 740 1343 praestant.
768 1258 950 1328 Hujus
980 1254 1188 1326 lapsus
1220 1247 1413 1305 clerici
1442 1246 1703 1302 maxime
1726 1246 1803 1298 rei
1848 1246 2003 1309 sunt,
2033 1242 2093 1293 et

437 1330 633 1420 etiam,
662 1365 815 1423 quos
844 1344 1005 1401 nullo
1055 1340 1235 1395 modo
1266 1337 1436 1393 decet
1466 1382 1480 1405 ,
1503 1332 1779 1423 monachi
1801 1330 2087 1423 nutriunt.

440 1416 751 1502 Etenim-in
782 1449 1019 1491 coronae
1053 1428 1323 1491 modum,
1354 1425 1507 1480 sicut
1548 1422 1753 1493 regula
1804 1416 2087 1491 prmcipit,

440 1543 747 1593 tonsuram
781 1521 1137 1595 capillorum
1164 1520 1282 1572 non
1312 1513 1553 1581 faciunt,
1582 1511 1686 1565 sed
1706 1525 1855 1583 pene
1873 1516 1935 1562 ut
1967 1523 2100 1595 mu-

440 1625 610 1680 lieres
632 1620 691 1675 in
725 1594 913 1671 fronte
960 1605 1285 1665 dividendo
1339 1602 1775 1668 discriminant,
1849 1594 2096 1651 serva;is

447 1710 710 1781 undique
736 1701 984 1774 capillis,
1012 1703 1074 1753 ut
1103 1695 1236 1751 colli
1258 1693 1441 1762 nuda,
1464 1697 1523 1747 et
1549 1690 1784 1781 aurium
1804 1684 2097 1781 cartilagi-

2195 530 2518 585 comedunt
2544 530 2771 604 laqueis
2803 538 3230 606 strangulatos,
3276 544 3332 595 et
3372 538 3521 594 alias
3574 553 3738 600 aves,
3786 543 3859 590 et

2195 618 2471 675 intestina
2501 623 2791 691 sanguine
2816 628 3061 694 porcino
3092 627 3426 700 implentes,
3461 643 3569 699 pro
3614 626 3849 681 deliciis

2198 716 2536 773 vescuntur,
2565 717 2769 767 contra
2797 714 3213 784 apostolorum
3243 716 3500 773 decreta.
3541 716 3855 782 Sanguine

2195 797 2461 853 humano
2493 816 2706 871 porcos
2743 802 2932 863 alunt.
2972 805 3077 876 qui
3132 813 3320 861 artem
3374 804 3687 860 minuendi
3733 806 3851 872 (38)

2196 895 2487 942 exercent.
2524 891 2671 944 Cum
2701 890 2775 945 ad
2812 903 3114 949 mortuum
3164 893 3572 966 sepeliendum
3634 908 3859 948 conve-

2199 975 2388 1044 niunt,
2420 977 2536 1031 noti
2562 979 2737 1033 amici
2760 985 2817 1035 et
2838 982 3077 1049 cognati
3104 982 3474 1046 accedentes,
3491 982 3540 1037 ei
3566 980 3853 1037 osculum

2198 1064 2724 1137 praestanlsinguli.
2744 1074 3033 1141 tanquam
3063 1070 3359 1127 licentiam
3375 1071 3698 1143 accepturi,
3729 1085 3861 1125 mo-

2200 1168 2671 1225 repagauorum,
2712 1156 2906 1228 quiad
2954 1166 3219 1214 mortuos
3244 1159 3636 1215 intendebant
3668 1158 3857 1213 verba.

2200 1243 2326 1295 haec
2349 1265 2374 1291 ‹‹
2404 1241 2724 1307 Vade,cum
2751 1252 3031 1302 naturate
3054 1247 3348 1303 vocaverit
3372 1263 3725 1319 ,sequemur
3744 1253 3854 1301 te.»

2203 1332 2499 1386 Misturam
2524 1334 2832 1401 sanguinis
2872 1336 3238 1405 prohibitam
3261 1354 3296 1393 a
3327 1339 3545 1392 sanctis
3570 1336 3853 1391 Patribus

2204 1418 2679 1490 faciuntjugiter.
2702 1424 2848 1477 Nam
2872 1424 3623 1480 consobriniconsobrinas
3642 1440 3853 1479 uxores

2207 1507 2452 1563 ducunt.
2490 1508 2550 1563 ln
2604 1508 2964 1582 baptizando
3008 1520 3220 1584 praeter
3257 1513 3576 1569 Salvatoris
3635 1528 3859 1584 praece-

2210 1602 2377 1669 ptum
2398 1598 2929 1673 apostolorumque
2951 1602 3472 1672 consuetudinem,
3488 1602 3608 1656 duo
3632 1602 3865 1657 faciunt

2210 1687 2465 1741 multum
2512 1688 2941 1758 superstitiosa.
2975 1691 3168 1746 Unum
3197 1690 3466 1763 quidem,
3512 1690 3679 1763 quod
3725 1689 3862 1745 oleo

445 1817 552 1857 nes
583 1774 917 1869 protegant.
948 1786 1213 1843 Mulieres
1243 1782 1478 1837 deserto
1511 1776 1765 1869 naturali
1797 1774 1959 1869 cultu
1997 1788 2093 1828 ca-
2128 1780 2171 1834 B
2213 1790 2315 1846 per
2361 1781 2569 1869 totum,
2616 1776 3046 1869 baptizandum
3099 1784 3374 1849 perungit
3417 1780 3721 1847 sacer-los,
3790 1794 3867 1833 ne

445 1864 749 1962 pilio-rum,
769 1877 956 1935 comis
980 1879 1353 1929 mortuorum
1375 1866 1748 1924 densiSsimis
1768 1864 2100 1919 subornan-

448 1951 563 2045 lur,
596 1976 803 2029 contra
828 1964 1219 2022 monitionem
1251 1958 1409 2014 beati
1429 1956 1571 2012 Petri
1594 1952 1867 2027 apostoli,
1899 1951 2101 2006 dicen-

449 2069 543 2126 tis:
574 2057 924 2120 Mulierzbus
954 2068 1074 2108 non
1103 2052 1179 2105 sit
1200 2049 1567 2105 extrinsecus
1589 2044 2103 2113 capillatura,aut

450 2149 839 2214 circumdatio
852 2144 1118 2211 auri,aut
1138 2136 1473 2194 indumenti
1484 2134 1960 2191 vestimentorum
1978 2132 2117 2185 cut-

451 2253 545 2303 tus
576 2244 646 2297 ³³.
670 2237 933 2297 Mulieres
963 2232 1133 2288 fusco
1164 2226 1350 2301 [fuco]
1383 2230 1438 2281 et
1469 2222 1723 2297 puniceo
1756 2222 1935 2277 facies
1967 2236 2109 2276 suas

451 2334 727 2408 pingunt,
756 2332 813 2382 et
839 2321 1019 2380 variis
1046 2316 1347 2375 coloribus
1381 2312 1810 2408 insigniuntur.

523 2394 639 2476 Viri
666 2394 723 2474 et
766 2413 1039 2471 mulieres
1064 2410 1506 2462 sacramentum
1530 2401 1662 2471 conj
1674 2398 1791 2471 ugii
1825 2415 1933 2463 pro
1963 2394 2113 2465 futili

455 2512 755 2585 reputant.
792 2489 937 2560 Nam
973 2496 1207 2571 quoties
1232 2493 1378 2585 alter
1428 2490 1753 2585 displicet,“
1783 2487 1875 2545 vel
1929 2488 2113 2543 altera

456 2577 647 2661 alteri,
678 2608 879 2651 coram
907 2592 1159 2661 praetore
1189 2582 1421 2638 urbano
1444 2577 1851 2634 voluntatibus
1901 2593 2111 2633 eorum

458 2685 769 2761 expositis,
798 2673 1288 2745 instrumentiset
1342 2668 1596 2737 cingulis
1653 2666 1930 2739 praecisis.
1986 2666 2112 2720 sine

458 2755 926 2835 contradictione
952 2762 1059 2818 viri
1089 2774 1324 2829 uxores,
1360 2762 1413 2813 et
1445 2755 1723 2811 mulieres
1784 2755 1944 2808 viros
2003 2768 2113 2825 pro

458 2865 627 2923 libitu
678 2856 996 2929 accipiunt,
1042 2856 1251 2906 contra
1282 2845 1659 2912 mandatum,
1711 2841 1875 2914 quod
1926 2841 2110 2896 dicit;

465 2950 620 3025 Quod
645 2928 1160 3012 Deusconjunxit,
1183 2936 1349 2991 homo
1376 2948 1449 2989 ne
1477 2937 1709 3025 separet
1736 2931 1896 3025 “.ln
1922 2928 2117 2985 domi-

458 3021 574 3102 bus
596 3038 719 3095 suis
760 3026 1209 3092 mansiunculas
1240 3027 1613 3089 construunt,
1644 3021 1703 3076 in
1728 3021 1949 3094 quibus
1980 3034 2115 3074 san-

2212 1880 2384 1936 aquie
2417 1864 2669 1920 tinctura
2691 1864 2855 1921 illum
2879 1869 3174 1938 pertingat
3199 1884 3211 1932 ;
3237 1867 3490 1923 alterum
3508 1884 3663 1935 vero,
3691 1867 3866 1939 quod

2210 1968 2433 2025 aquam
2449 1954 2573 2009 ﬁeri
2588 1954 3148 2012 mandantcalidam
3162 1955 3522 2012 infantulum
3536 1972 3871 2029 perpurga-

2215 2048 2446 2098 turam:
2473 2042 2637 2114 quod
2661 2059 2877 2115 neque,
2900 2045 3164 2101 Christus
3203 2061 3398 2118 neque
3427 2044 3643 2118 aliquis
3691 2045 3869 2101 disci-

2218 2130 2496 2203 pulorum
2529 2130 2736 2188 fecisse
2765 2132 3009 2201 legitur:
3038 2149 3224 2206 quare
3247 2133 3367 2189 duo
3388 2133 3761 2206 baptismata
3786 2134 3875 2191 fa—

2220 2221 2399 2289 ciunt,
2442 2237 2579 2275 cum
2610 2220 2895 2294 scriptum
2948 2222 3056 2279 sit:
3104 2222 3265 2280 Unus
3315 2224 3624 2292 Dominus,
3677 2238 3877 2279 unum

2222 2310 2539 2380 baptisma,
2569 2327 2691 2367 una
2714 2311 2858 2379 ﬁdes
2880 2313 2949 2366 ³6.

2295 2401 2527 2456 Frustra
2556 2399 2803 2472 quidem
2847 2407 3106 2469 arguunt
3142 2402 3376 2458 Latinos
3424 2402 3628 2468 Graaci,
3692 2417 3881 2474 aqua;

2222 2506 2567 2562 causa,quae
2591 2504 2695 2561 per
2723 2488 2849 2545 dies
2880 2490 3221 2547 Dominicos
3254 2491 3314 2547 in
3341 2489 3605 2547 ecclesiis
3629 2490 3712 2546 ad
3738 2506 3885 2546 san-

2221 2578 2605 2635 ctiﬁcandum
2634 2578 2927 2651 populum
2958 2578 3424 2644 benedicuntur;
3460 2595 3601 2635 cum
3647 2580 3697 2634 si
3747 2578 3885 2634 hec

2223 2667 2398 2739 culpa
2422 2666 2513 2737 sit,
2551 2665 2664 2737 ipsi
2694 2665 3092 2739 multipliciter
3120 2666 3201 2721 rei
3257 2668 3391 2722 sint.
3441 2669 3589 2723 Nam
3650 2664 3885 2736 singuli

2223 2755 2469 2829 papyris
2490 2755 2620 2809 oleo
2637 2755 3060 2826 lampadarum
3081 2754 3420 2811 ardentium
3435 2771 3641 2812 coram
3656 2755 3881 2824 imagi-

2223 2844 2400 2899 nibus
2424 2849 2769 2899 sanctorum
2794 2844 3069 2909 intinctis,
3094 2842 3318 2900 frontes
3340 2860 3483 2901 suas
3506 2849 3880 2916 perungunt,

2223 2940 2279 2988 et
2303 2947 2461 3004 aqua
2488 2947 2547 2986 se
2571 2939 2913 3003 aspergunt,
2949 2949 2985 2989 a
3024 2930 3286 3005 reliquiis
3331 2937 3676 2989 sanctorum
3737 2947 3883 2987 con-

2226 3026 2414 3085 tacta;
2444 3026 2497 3075 et
2522 3021 2579 3075 in
2603 3021 2854 3091 singulis
2876 3020 3153 3077 Kalendis
3177 3018 3624 3091 diligeutissime
3642 3036 3880 3092 aquam

461 3138 695 3191 ctorum
725 3121 1017 3191 imagines
1037 3115 1353 3179 collocant,
1373 3112 1528 3167 eteis
1549 3125 1730 3167 omne
1755 3109 2116 3181 obsequium
2151 3126 2191 3179 C
2230 3109 2619 3165 sanctificant.
2666 3109 2755 3165 Ad
2799 3127 2983 3184 quam
3013 3109 3359 3180 tollendam,
3393 3108 3468 3165 de
3519 3109 3738 3165 vicinia
3785 3124 3885 3164 ve-

465 3218 745 3279 exhibent
780 3207 1232 3282 lampadarum,
1275 3198 1606 3264 cereorum,
1668 3204 1723 3254 et
1749 3198 2012 3261 incensi;
2063 3198 2126 3253 et

465 3304 808 3384 synodales,
840 3314 994 3372 quas
1026 3300 1223 3368 patres
1251 3306 1459 3348 eorum
1509 3293 1989 3359 construxerunt,
2033 3303 2126 3342 ec-

465 3375 704 3459 clesias,
738 3390 796 3445 in
831 3376 1212 3442 solitudinem
1232 3380 1434 3435 sinunt
1450 3382 1507 3432 et
1524 3375 1583 3431 in
1603 3381 2017 3447 paupertatem
2036 3388 2127 3429 re-

464 3485 629 3557 digi:
661 3488 717 3537 et
749 3491 900 3551 pene
922 3475 981 3529 in
1014 3469 1313 3527 cubitibus
1346 3466 1468 3522 suis
1516 3464 1743 3520 faciunt
1799 3465 2122 3520 missarum

468 3552 761 3632 solemnia
780 3559 1086 3625 celebrari,
1115 3558 1292 3613 beato
1321 3553 1620 3627 Sylvestro
1652 3553 1766 3608 hoc
1793 3552 2117 3608 inhibente.

470 3668 610 3721 Can.
635 3682 661 3708 «
692 3653 893 3713 Nullus
921 3647 1231 3722 presbyter
1253 3644 1552 3699 celebrare
1613 3647 1956 3712 prtesumat,
2007 3641 2099 3695 nis

470 3754 530 3808 in
555 3740 979 3805 sacratislocis,
999 3736 1057 3791 in
1073 3734 1242 3798 villis,
1263 3733 1320 3787 in
1340 3730 1580 3803 Oppidis
1599 3728 2066 3802 provinciarum.
2088 3753 2115 3780 ››

472 3843 695 3897 Uxores
719 3828 1122 3888 sacerdotum,
1154 3821 1405 3877 chorum
1432 3818 1850 3891 ingredientes,
1884 3818 2117 3874 oblatos

469 3940 660 4003 panes
684 3922 759 3978 de
784 3915 951 3977 altari
974 3913 1207 3975 tollunt,
1233 3914 1299 4003 Aet
1326 3908 1693 4003 obsequium
1716 3906 1950 3963 diaconi
1983 3922 2117 4003 per-

472 3997 737 4090 agentes,
782 4011 997 4066 cuncta
1051 4017 1187 4075 quas
1230 4000 1289 4055 in
1328 3999 1556 4054 cunctis
1604 3997 1728 4052 suis
1782 3998 2120 4053 necessaria

473 4086 841 4164 suntoﬂiciis
885 4096 1229 4154 missarum,
1272 4092 1633 4161 praeparant.
1697 4086 1927 4142 Missam
1962 4087 2121 4141 circa

473 4198 685 4253 horam
713 4188 966 4253 tertiam,
1001 4195 1151 4255 pene
1183 4176 1380 4233 nullos
1422 4174 1722 4231 auditores
1764 4175 1993 4231 habens
2029 4189 2120 4230 sa-

476 4282 685 4341 cerdos
702 4276 978 4333 celebrat.
997 4267 1229 4340 thuod
1246 4265 1413 4321 nefas
1428 4269 1591 4337 puto,
1620 4263 1809 4329 uxori,
1830 4263 1919 4318 vel
1937 4277 2121 4334 puero

476 4372 599 4429 ﬁlio
620 4364 974 4428 associatus,
997 4374 1149 4430 quos
1170 4370 1291 4411 non
1310 4354 1493 4409 habet
1513 4352 1727 4419 socios,
1762 4351 1853 4406 vel
1875 4352 2123 4407 comites

2237 3199 2460 3255 nientes
2490 3204 2668 3271 atque
2699 3203 3069 3270 asportantes
3098 3199 3158 3253 in
3180 3198 3395 3254 domos
3427 3214 3592 3265 suas,
3634 3214 3754 3254 non
3785 3214 3877 3253 so-

2236 3287 2360 3343 lum
2390 3288 2499 3361 ipsi
2530 3294 2877 3359 aspergunt,
2910 3287 3013 3343 sed
3044 3287 3239 3344 verius
3281 3284 3566 3343 delibant.
3608 3285 3882 3360 Apostoli

2235 3378 2765 3450 apostolorumque
2812 3392 3188 3431 successores
3234 3392 3479 3448 prorsus
3510 3375 3691 3430 etiam
3741 3391 3886 3432 cum

2235 3484 2413 3523 uxore
2434 3467 2611 3534 coire,
2628 3482 2700 3521 ne
2723 3465 3127 3521 sacerdotium
3149 3464 3500 3537 polluerent,
3520 3464 3887 3531 omiserunt;

2231 3550 2414 3612 Graeci
2446 3572 2583 3610 vero
2615 3554 2970 3617 sacerdotes,
3003 3554 3296 3609 derelictis
3323 3559 3673 3609 sanctorum
3704 3552 3886 3609 vesti-

2228 3647 2356 3717 giis,
2384 3652 2446 3699 ut
2478 3643 2785 3714 animales,
2822 3643 3238 3698 contrahentes
3270 3641 3888 3707 matrimonium,non

2221 3736 2565 3805 percipiunt
2585 3749 2650 3789 ea
2672 3748 2803 3804 qua:
2824 3733 2931 3788 Dei
2949 3739 3081 3787 sunt
3104 3732 3172 3781 ³⁷.
3204 3733 3269 3786 Et
3287 3732 3454 3803 quod
3496 3729 3887 3786 abominabi-

2225 3825 2338 3881 lius
2367 3830 2470 3883 est,
2502 3839 2537 3879 a
2592 3822 2914 3877 concubitu
2969 3821 3231 3876 mulieris
3285 3824 3618 3892 surgentes,
3662 3826 3892 3877 sancta

2227 3913 2545 3987 profanant
2569 3911 2873 3981 mysteria,
2906 3927 3041 3982 quae
3067 3909 3321 3982 pollutos
3352 3914 3409 3965 et
3445 3912 3711 3964 receuter
3739 3925 3889 3965 cum

2230 4000 2577 4058 mulieribus
2609 3999 3028 4071 coinquinatos
3067 3998 3230 4054 nullo
3290 3997 3473 4053 modo
3530 3995 3889 4054 admittunt.

2230 4091 2526 4147 Christum
2555 4088 2751 4143 minus
2773 4102 3172 4160 posse,quam
3204 4088 3383 4161 x-thov
3438 4088 3674 4158 putant.
3732 4087 3890 4142 Nam

2230 4196 2299 4234 ex
2331 4179 2444 4233 hoc
2493 4176 2735 4250 probari
2782 4180 2993 4247 potest,
3022 4174 3186 4247 quod
3218 4174 3445 4231 Christe
3473 4174 3686 4231 eleison
3730 4190 3889 4229 nun-

2230 4283 2413 4340 quam
2437 4265 2790 4321 concinunt:
2816 4266 2990 4334 Hyrie
3006 4264 3222 4320 eleison
3238 4262 3719 4336 frequentissime
3738 4278 3887 4319 can-

2232 4361 2357 4412 tant
2389 4356 2445 4410 in
2470 4352 2681 4410 officiis
2714 4353 2854 4408 suis.
2894 4351 3157 4407 Praelatio
3189 4350 3505 4407 sacerdotii
3555 4349 3719 4423 apud
3779 4366 3887 4407 eos

479 4454 799 4518 salutando
827 4450 1010 4506 dicit:
1045 4465 1074 4499 ‹
1102 4448 1220 4500 Pax
1248 4443 1443 4499 vobis.
1472 4464 1499 4491 ››
1545 4440 1843 4529 Omnibus,
1879 4439 1943 4529 in
1962 4442 2125 4529 Ω-υᾶ-
2157 4476 2199 4529 D
2234 4452 2464 4501 lautum
2495 4444 2643 4498 inter
2682 4442 3014 4497 monachos
3062 4457 3189 4498 esse
3242 4440 3494 4497 videtur.
3548 4440 3667 4497 Soli
3720 4440 3887 4496 enim

479 4540 862 4618 dragesimali
884 4543 1152 4608 tempore
1176 4531 1470 4596 Sabbatis,
1490 4535 1543 4586 et
1565 4528 1884 4584 Dominicis
1912 4527 2126 4618 diebus

482 4616 699 4696 missas
724 4628 1046 4691 celebrant,
1070 4628 1126 4678 et
1146 4620 1522 4675 Dominicum
1539 4632 1759 4689 corpus
1778 4616 2123 4672 conﬁciunt.

482 4724 741 4800 Reliquis
769 4733 906 4776 vero
923 4729 1061 4771 cum
1087 4710 1282 4781 major
1306 4706 1597 4763 incumbit
1622 4706 1969 4775 necessitas,
1994 4706 2129 4761 mis-

481 4796 683 4877 sarum
707 4812 828 4870 sole
839 4806 1109 4863 mnitates
1131 4815 1377 4874 prorsus
1398 4796 1771 4858 abdicantes,
1790 4797 2130 4868 praesancti-

482 4908 673 4966 ﬁcatis
695 4904 960 4959 utuntur.
987 4897 1048 4949 In
1071 4887 1551 4958 Quadragesima
1576 4885 1810 4942 silentio
1832 4902 2134 4942 commen-

485 4998 665 5054 dant:
700 4994 853 5047 Deus
871 4984 1181 5045 Dominus,
1207 4984 1259 5035 et
1282 4977 1487 5033 illuxit
1508 4975 1679 5031 nobis
1711 4976 1781 5041 ³³,
1808 4975 1974 5048 quod
2008 4976 2135 5033 rell-

484 5084 620 5155 quis
644 5079 783 5135 anni
806 5069 1180 5145 temporibus
1196 5066 1537 5155 decantaut.
1558 5062 1907 5119 Sacerdotes
1925 5080 2134 5121 eorum

487 5151 654 5232 more
678 5164 947 5229 Iudaico,
977 5156 1329 5231 promittunt
1358 5151 1599 5215 barbas,
1618 5166 1754 5223 quae
1768 5156 1909 5208 sunt
1938 5155 2134 5210 Domi-

488 5262 624 5321 nico
674 5251 989 5324 sanguine,
1031 5260 1167 5302 cum
1219 5242 1297 5298 ab
1336 5239 1446 5295 illis
1503 5239 1749 5309 bibitur,
1804 5241 2134 5299 madentes.

564 5435 605 5468 3'
645 5432 779 5486 Luc.
808 5437 927 5484 xiv,
970 5420 1056 5474 33.
1134 5412 1226 5469 ³²1
1258 5413 1387 5467 Cor.
1413 5426 1494 5478 xx,
1532 5410 1613 5466 14.

491 5523 573 5574 ιν,
613 5508 643 5558 5
717 5499 759 5532 ⁸⁷
814 5494 982 5548 lCor.
1023 5503 1083 5554 ιι,
1121 5488 1204 5542 14.

563 5644 679 5721 (38)
705 5633 962 5699 Secandi
986 5644 1197 5690 venas.

1691 5411 1739 5446 ⁸³
1788 5413 1984 5471 lPetr.
2032 5429 2111 5483 Ill,
2153 5416 2215 5473 3.

2231 4533 2514 4590 monachi
2544 4535 2897 4605 potestatem
2930 4530 3202 4587 solvendi
3242 4536 3421 4602 atque
3446 4528 3671 4598 ligandi
3714 4544 3883 4584 exer-

2234 4628 2527 4694 centquaa
2555 4622 2739 4685 Petro,
2783 4618 3050 4691 Petrique
3091 4617 3536 4674 successoribus
3577 4617 3884 4690 principa-

2236 4713 2363 4769 liter
2390 4716 2477 4767 est
2505 4710 2737 4766 tradita.
2765 4711 2892 4777 Qua
2914 4708 2989 4764 de
3019 4725 3206 4765 causa
3260 4707 3529 4763 studium
3575 4705 3888 4776 singulare

2237 4801 2505 4873 pecuniae
2523 4799 2860 4855 sacerdotes
2882 4798 2941 4853 in
2960 4797 3289 4853 monastico
3302 4796 3513 4852 habitu
3525 4796 3887 4852 constitutos

2240 4888 2669 4961 complectitur,
2687 4885 3144 4958 multaqueinde
3161 4885 3429 4941 facinora
3454 4883 3785 4958 proﬂuunt,
3827 4880 3897 4941 ut

2241 4976 2673 5035 evanescantin
2704 4974 3166 5045 cogitationibus
3198 4974 3323 5029 suis
3371 4976 3427 5028 et
3454 4973 3899 5044 redargutioni-

2243 5066 2357 5122 bus
2382 5068 2503 5120 suis
2529 5070 2751 5121 truces.
2780 5066 2928 5119 Nam
2959 5060 3126 5135 quod
3151 5062 3210 5117 in
3244 5078 3466 5133 magno
3520 5060 3901 5118 Constantini

2246 5154 2463 5227 palatio
2493 5152 2942 5224 diligentissime
2968 5150 3343 5215 observatur,
3373 5150 3483 5206 hoc
3525 5150 3762 5206 Latinos
3810 5149 3903 5206 fa-

2246 5244 2462 5300 cientes
2493 5247 2848 5312 coarguunt.
2866 5244 2929 5296 In
2966 5240 3231 5296 Ecclesia
3255 5239 3460 5312 utique
3496 5236 3637 5294 dicti
3664 5236 3896 5310 palatii,

2296 5410 2345 5448 ³⁸
2380 5409 2576 5469 Matth.
2633 5424 2753 5475 xix,
2791 5412 2842 5464 ϐ.
2921 5410 2969 5443 ³⁵
3014 5407 3166 5464 Psal.
3226 5421 3397 5475 cxm,
3430 5410 3521 5463 27.
3596 5406 3644 5441 ³⁸
3678 5405 3903 5478 Ephes-
