4106 6222
1625 331 1903 397 comas
1939 327 2251 398 amans.
3499 321 3601 402 5'56

171 463 288 520 ubi
320 467 546 521 sanctae
568 463 940 521 constituunt
981 462 1268 537 reliquiae,
1309 467 1528 520 sanctae
1553 463 1652 519 Dei
1682 463 1848 520 Geni-
1876 468 1922 519 Α
1953 465 2148 518 carnis
2179 464 2470 520 edulium.
2501 465 2706 521 Omnis
2736 465 2915 532 enim,
2949 467 3054 539 qui
3076 466 3135 522 in
3156 466 3320 537 regia
3339 467 3488 522 urbe
3525 453 3602 522 de

173 553 350 608 tricis
379 553 582 625 imago
615 557 750 624 post
779 551 962 609 altare
998 551 1129 617 sita,
1159 569 1347 624 quam
1371 552 1637 624 quodam
1661 551 1851 608 excel-

1954 541 2235 609 fratribus
2265 555 2603 609 Graecorum
2635 571 2882 610 uxorem
2901 553 3082 620 ducit,
3099 555 3316 626 scripto
3349 553 3607 627 spondet

170 641 386 697 lentiae
421 641 734 714 privilegio
761 646 976 696 vecant
1005 641 1317 697 dominam
1359 640 1579 696 domus
1609 659 1620 708 ;
1651 642 1848 696 statim
1950 643 2293 713 juramento
2315 643 2480 714 quod
2501 643 2716 698 deinde
2737 659 2854 699 non
2891 643 3355 700 manducabitin
3374 643 3624 717 azymis

176 746 220 786 a
243 731 449 803 capite
469 730 682 801 jejunii
707 730 768 785 in
798 728 1064 785 conclavi
1096 729 1391 785 clauditur
1407 746 1596 802 usque
1621 729 1695 786 ad
1727 747 1851 784 ma-

174 836 384 890 gnum
411 819 764 885 Sabbatum,
786 835 991 891 panno
1037 818 1193 874 illius
1237 824 1423 890 portae
1476 818 1849 891 operiuntur,

175 909 466 965 similiter
491 915 694 964 autem
723 909 910 964 sancti
939 907 1258 972 mantellis,
1301 909 1610 981 sanctique
1669 908 1853 963 Κονδ-

174 999 364 1055 midii
386 1000 498 1069 (39)
521 999 705 1066 locos,
735 998 1217 1068 Quadragesimae
1241 1003 1530 1069 tempore,
1559 1013 1753 1069 usque
1775 995 1849 1052 ad

171 1089 343 1144 illud
390 1088 726 1145 Sabbatum
780 1087 1180 1148 velaminibus
1219 1091 1408 1142 tectos
1464 1087 1852 1152 custodiunt;

176 1181 423 1234 sancta:
458 1179 553 1234 Dei
607 1177 910 1234 Genitricis
954 1176 1303 1246 imaginem,
1343 1181 1406 1232 ut
1455 1175 1606 1232 ﬁlios
1655 1182 1854 1248 partu-

175 1268 306 1324 riat
333 1265 721 1339 compellant,
772 1282 961 1338 eaque
1012 1257 1327 1322 mediante.
1372 1266 1570 1336 ipsam
1616 1265 1851 1321 Domini

175 1358 462 1420 Matrem,
491 1361 555 1410 ut
597 1360 928 1410 commater
955 1351 1076 1418 ﬂat,
1111 1361 1445 1418 accersunt,
1492 1355 1605 1408 hoc
1643 1353 1845 1408 modo.

177 1442 451 1516 lmagini
480 1441 798 1498 sindonem
815 1447 1192 1506 connectunt,
1228 1447 1290 1496 ut
1315 1441 1679 1512 baptizatum
1704 1456 1847 1511 pue-

179 1548 329 1587 rum
359 1531 436 1586 de
461 1545 653 1586 manu
681 1529 1034 1597 sacerdotis,
1055 1529 1193 1601 ipsa
1225 1535 1287 1584 ut
1313 1534 1646 1584 commater
1693 1529 1845 1584 acci-

183 1621 336 1692 piat.
366 1622 562 1688 Quam
585 1619 1070 1691 superstitionem
1102 1634 1136 1673 a
1168 1634 1229 1673 se
1259 1616 1385 1672 ﬁeri
1407 1633 1681 1673 sermone
1713 1633 1846 1689 pro-

185 1711 459 1765 fitentur.
484 1707 598 1765 Sed
627 1707 776 1780 quid
801 1707 1314 1779 imagoloquatur,
1347 1711 1450 1761 aut
1474 1705 1655 1762 ﬁdem
1669 1721 1848 1777 spon-

1957 747 2199 785 carnem
2233 732 2486 794 Domini,
2521 749 2628 787 nec
2651 732 2803 787 filios
2834 733 3167 788 secundum
3206 734 3384 788 ritum
3428 731 3607 790 faciet

1959 819 2269 891 baptizari,
2298 836 2492 893 neque
2523 820 2818 876 sacerdoti
2882 823 3084 876 Latino
3139 827 3384 894 peccata
3424 819 3604 877 conﬂ-

1958 907 2196 974 tebitur,
2221 925 2416 980 neque
2437 909 2496 963 in
2525 909 2787 965 Sabbato
2811 907 3112 980 jcjunabit
3147 917 3359 983 praeter
3413 911 3606 966 unum

1961 995 2178 1066 solum,
2200 1009 2395 1070 neque
2410 1013 2528 1052 non
2542 1013 2577 1052 a
2594 997 2899 1052 Dominica
2912 997 3399 1069 Quadragesimaa
3414 987 3606 1070 usque

1960 1085 2036 1140 ad
2069 1085 2298 1140 Pascha
2332 1092 2601 1141 vescetur
2631 1085 2937 1143 carnibus.

2031 1177 2369 1231 Graecorum
2402 1175 2743 1230 sacerdotes
2767 1175 3050 1230 omnibus
3084 1175 3280 1232 modis
3331 1174 3608 1234 laborant

1957 1261 2270 1319 ostendere
2310 1261 2443 1333 plus
2470 1263 2638 1318 factis
2667 1280 2852 1335 quam
2882 1263 3076 1326 dictis,
3105 1262 3271 1334 quod
3321 1263 3606 1320 inviolata

1956 1351 2108 1407 ﬁdes
2127 1355 2526 1408 sacrosanctae
2551 1353 2833 1408 Romanae
2867 1351 3144 1406 Ecclesiae
3163 1352 3322 1407 irrita
3345 1352 3434 1407 sit.
3457 1353 3606 1407 Nam

1953 1445 2378 1514 quemcunque
2414 1440 2680 1496 Latinum
2732 1441 2845 1496 sibi
2891 1441 3193 1496 associant
3237 1456 3346 1512 per
3399 1441 3606 1508 ﬁdem,

1954 1531 2076 1587 sive
2096 1530 2365 1596 latenter,
2403 1529 2527 1584 sive
2576 1535 2847 1601 patenter
2877 1529 3205 1602 baptizant.
3253 1528 3416 1586 Unde
3461 1530 3611 1586 Lati-

1953 1635 2171 1676 norum
2199 1619 2372 1688 tilios,
2425 1617 2831 1675 mediantibus
2886 1616 3200 1682 matribus,
3246 1616 3385 1672 dicti
3416 1631 3610 1673 sacer-

1953 1709 2143 1768 dotes,
2177 1708 2450 1780 patribus
2484 1705 2903 1773 nescientibus,
2933 1704 3322 1776 rebaptizant,
3345 1704 3611 1778 baptiza-

187 1799 334 1854 deat
355 1813 466 1868 pro
492 1813 698 1870 puero,
723 1803 826 1852 aut
856 1795 1261 1852 testimonium
1289 1795 1500 1851 reddat
1541 1794 1844 1867 baptismi,
1877 1806 1917 1859 Β
1955 1797 2183 1868 tosjam
2206 1796 2542 1852 secundum
2556 1795 2734 1850 ritum
2753 1793 3302 1858 Latinorum.Quod
3325 1794 3610 1849 omnibus

192 1889 306 1943 nisi
343 1888 534 1943 Deum
566 1891 932 1948 contemnat,
955 1886 1091 1958 quis
1117 1885 1340 1941 audeat
1367 1900 1632 1940 asserere
1658 1884 1685 1939 ?
1714 1884 1852 1938 Nul-

187 1977 312 2033 lam
345 1975 788 2050 superstitionis
840 1975 1099 2047 speciem
1147 1973 1411 2030 volentes
1463 1973 1752 2042 omittere,
1799 1977 1856 2028 et

191 2067 364 2121 vivos
389 2065 605 2121 fratres
635 2063 926 2120 habentes
951 2063 1111 2128 odio,
1139 2067 1381 2118 sanctos
1397 2077 1503 2135 per
1536 2078 1680 2117 suas
1707 2061 1853 2118 ima-

191 2153 363 2224 gines
384 2153 606 2209 invitos
637 2151 755 2208 sibi
794 2151 1005 2208 fratres
1056 2150 1298 2206 faciunt.
1349 2150 1462 2216 Qui
1513 2150 1673 2205 enim
1731 2163 1853 2205 non

196 2241 388 2313 diligit
407 2241 652 2298 fratrem
678 2255 1074 2312 suum,quem
1103 2237 1277 2304 videt,
1299 2239 1701 2310 Deum,quem
1729 2251 1851 2292 non

203 2329 479 2395 intuetur,
501 2343 699 2401 neque
720 2327 1050 2398 cognoscit,
1079 2326 1389 2398 quomodo
1405 2325 1645 2395 diliget?
1667 2325 1852 2394 Magis

212 2422 418 2474 autem
435 2433 563 2474 cum
582 2416 724 2473 ﬁcta
745 2419 803 2472 et
823 2415 1102 2471 simulata
1123 2420 1210 2471 est
1231 2419 1288 2470 et
1315 2414 1549 2470 inunita
1586 2411 1852 2468 fraterni-

214 2513 308 2563 tas
335 2506 692 2577 hujusmodi,
727 2521 843 2561 tere
869 2504 1218 2560 conducunt
1257 2502 1652 2566 sacerdotem,
1711 2517 1851 2557 cum

201 2596 265 2651 in
307 2594 560 2651 Ecclesia
595 2597 872 2651 cantatur
910 2593 1134 2658 missa;
1176 2591 1507 2647 funduntur
1555 2606 1661 2663 pro
1691 2605 1852 2646 exse-

197 2682 412 2740 crabili
441 2683 810 2740 fraternitate
839 2698 1046 2756 preces
1103 2695 1226 2737 non
1254 2679 1669 2736 exaudiendus.
1721 2679 1853 2734 Ani-

198 2771 377 2827 malis
409 2773 575 2828 enim
604 2777 694 2827 est
729 2769 1081 2841 hujusmodi
1115 2768 1471 2833 fraternitas,
1512 2783 1633 2823 non
1682 2767 1854 2839 spiri-

193 2858 376 2916 tualis
398 2902 413 2915 .
452 2859 614 2918 Cerei
631 2859 710 2916 ad
739 2859 937 2914 minus
957 2855 1519 2921 accendunturduo,
1550 2861 1607 2910 et
1635 2869 1855 2928 perun-

192 2950 354 3020 gitur
382 2949 518 3005 oleo
547 2949 724 3005 ﬁctus
778 2947 977 3013 frater,
1037 2952 1090 3002 et
1143 2951 1414 3002 sanctam
1479 2944 1858 3016 amplectitur

193 3039 554 3109 imaginem,
581 3053 768 3110 quam
794 3052 979 3091 ausus
995 3041 1086 3092 est
1109 3036 1304 3091 dicere
1333 3034 1598 3099 fratrem;
1629 3035 1731 3105 qui
1752 3033 1855 3088 ho-

1958 1887 2132 1942 dictis
2163 1902 2348 1958 supra
2379 1881 2932 1942 abominationibus
2958 1881 3363 1938 detestabilius
3391 1887 3495 1938 est.
3529 1886 3611 1940 Ex

1960 1975 2154 2031 indice
2177 1976 2289 2030 hoc
2323 1974 2611 2030 mellitum
2661 1971 2752 2026 lac
2782 1971 2933 2026 inter
2974 1976 3218 2026 caeteras
3268 1973 3608 2027 Graecorum

1961 2062 2424 2120 consuetudines
2464 2065 2764 2133 repertum
2792 2059 3060 2130 expressi
3087 2077 3099 2114 :
3125 2066 3202 2138 put
3231 2075 3371 2115 cum
3403 2075 3474 2115 eo
3493 2058 3608 2131 ipsi

1962 2159 2204 2225 pectora
2219 2149 2622 2225 purgaverint,
2651 2154 2736 2204 ter
2747 2147 3009 2221 plurium
3030 2147 3370 2204 animarum
3388 2161 3450 2204 se
3471 2161 3606 2203 reos

1959 2245 2415 2312 recognoscant.

2383 2384 2468 2439 De
2503 2381 2777 2438 conciliis
2804 2379 3203 2451 generalibus.

2027 2513 2474 2583 Consequenter
2526 2511 2664 2581 post
2705 2505 2989 2578 prmdicta
3035 2503 3362 2561 videndum
3397 2508 3490 2562 est
3533 2503 3610 2562 de

1960 2599 2226 2656 conciliis
2265 2596 2647 2670 generalibus
2710 2600 2768 2652 et
2806 2593 3289 2667 particularibus,
3341 2593 3610 2651 videlicet

1965 2689 2089 2756 ubi,
2110 2704 2274 2761 quan
2287 2687 2379 2752 io,
2401 2692 2458 2742 et
2477 2702 2514 2742 a
2532 2685 2773 2758 quibus,
2807 2689 2864 2740 et
2886 2697 2994 2756 pro
3015 2682 3236 2755 quibus
3261 2683 3459 2738 causis
3485 2681 3610 2739 fue-

1964 2784 2102 2834 runt
2121 2775 2456 2833 celebrata:
2489 2779 2547 2830 et
2564 2775 2745 2830 etiam
2772 2772 2878 2844 qui
2905 2772 3043 2837 sint,
3099 2771 3204 2844 qui
3259 2770 3433 2828 dictis
3473 2785 3610 2828 con-

1964 2868 2112 2924 ciliis
2145 2867 2383 2923 fuerunt
2406 2863 2810 2921 condemnati.

2037 2955 2379 3024 Sciendum,
2407 2952 2574 3026 quod
2604 2952 2737 3007 licet
2774 2955 3004 3022 septem
3033 2949 3127 3004 vel
3172 2953 3308 3004 octo
3336 2949 3612 3005 dicantur

1964 3045 2216 3102 concilia
2264 3043 2428 3115 apud
2481 3041 2778 3114 sapientes
2827 3041 3190 3106 Graecorum,
3244 3037 3304 3092 in
3333 3036 3486 3094 libro
3503 3037 3612 3110 qui

197 3127 426 3184 micida
457 3143 591 3183 esse
611 3125 1003 3191 convincitur,
1032 3139 1172 3180 cum
1197 3124 1408 3180 fratres
1429 3139 1572 3178 suos
1594 3122 1858 3177 viventes
1888 3144 1928 3199 ε
1961 3136 2346 3192 Νοηιοραηοη
2385 3130 2618 3194 dicitur,
2636 3127 2973 3184 invenimus
2990 3125 3470 3198 tamenquinque
3483 3131 3616 3182 tan-

196 3216 344 3273 odio
374 3215 602 3272 habeat
636 3259 647 3270 .

269 3305 705 3363 Contradicunt
737 3305 968 3360 Christo
997 3307 1286 3375 patenter,
1319 3307 1377 3357 et
1406 3314 1588 3372 super
1608 3299 1857 3355 sanctis-

205 3394 369 3450 simo
401 3393 561 3450 illius
577 3407 825 3466 corpore
845 3391 1045 3448 verbis
1065 3390 1470 3463 operibusque
1499 3394 1822 3444 occursant
1844 3428 1857 3442 .

199 3487 356 3540 Nam
380 3499 519 3538 cum
569 3485 694 3556 ipse
724 3497 1075 3555 azymorum
1133 3479 1308 3551 panis
1364 3478 1560 3550 specie
1617 3491 1862 3534 carnem

201 3588 386 3628 suam
417 3571 730 3644 discipulis
752 3570 986 3648 dederit
1005 3571 1065 3625 hi
1085 3572 1360 3624 asserunt
1387 3581 1632 3638 azymos
1675 3579 1863 3636 panes

199 3661 264 3716 in
296 3675 544 3716 carnem
573 3675 694 3716 non
726 3674 902 3732 posse
941 3657 1207 3714 converti
1231 3671 1339 3729 per
1359 3654 1862 3712 benedictionem.

207 3752 346 3816 Qua
373 3765 447 3806 ex
475 3766 558 3820 re,
587 3749 947 3805 sacramenti
1002 3745 1269 3819 corporis
1331 3743 1564 3800 Domini
1629 3743 1864 3798 Latinos

207 3839 382 3895 aiunt
411 3842 682 3911 expertes
717 3879 728 3892 .
763 3835 879 3894 Sed
907 3851 943 3892 ο
973 3834 1301 3904 Pelagiana
1331 3830 1717 3887 incredulitas
1746 3829 1759 3884 ι
1814 3828 1863 3883 si

203 3943 334 3983 non
356 3927 566 3983 credas
599 3925 868 3982 Latinum
918 3923 1293 3980 sacerdotem
1332 3921 1708 3976 incruentam
1755 3919 1862 3973 imo

202 4015 440 4073 molare
465 4015 745 4080 hostiam,
777 4012 1070 4070 conficere
1102 4025 1322 4082 corpus
1353 4007 1585 4079 Christi,
1637 4006 1863 4062 haereti-

201 4123 313 4162 cus
344 4122 408 4160 es
439 4148 450 4159 .
477 4107 626 4160 Nam
656 4103 826 4159 multi
847 4118 953 4174 per
981 4101 1177 4172 ipsam
1208 4096 1684 4154 immolationem
1727 4110 1862 4150 san-

200 4194 546 4251 ctificantur
626 4207 734 4265 per
803 4205 1065 4264 quorum
1114 4187 1396 4260 reliquias
1439 4185 1659 4256 jugiter
1709 4184 1863 4239 fiunt

201 4281 524 4340 miracula.
569 4284 791 4337 Rursus
839 4279 890 4335 si
919 4278 1132 4343 credis,
1162 4275 1484 4332 hereticus.
1525 4277 1672 4330 Nam
1703 4273 1861 4330 dete-

202 4371 382 4428 staris
403 4370 570 4443 quod
598 4369 857 4425 Ecclesia
879 4367 1221 4424 Latinorum
1245 4364 1486 4421 coniicit
1506 4377 1726 4434 corpus
1755 4364 1858 4417 Do-

205 4461 502 4516 mihicum
535 4476 550 4524 ;
595 4465 651 4514 et
686 4455 888 4530 potius
926 4455 1017 4511 vis
1054 4454 1116 4510 in
1155 4459 1312 4510 sorte
1347 4451 1515 4508 ludas
1562 4449 1863 4508 traditoris

207 4547 816 4619 annumerari,quam
845 4544 1004 4600 illius
1025 4541 1395 4599 sanctissimi
1421 4539 1689 4612 corporis
1717 4555 1862 4611 par-

205 4634 455 4705 ticipare
489 4649 503 4700 ;
534 4631 641 4687 sed
696 4629 1002 4687 attendere
1030 4626 1212 4683 debet
1264 4624 1654 4691 Christianus,
1697 4623 1863 4696 quod

206 4724 364 4779 sicut
392 4722 532 4778 vina
554 4721 798 4777 diversa
835 4717 1086 4774 verbum
1133 4716 1233 4772 Dei
1263 4715 1324 4771 in
1350 4713 1728 4784 sanguinem,
1781 4713 1866 4769 ita

206 4825 400 4884 panes
422 4825 668 4882 azymos
685 4815 743 4864 et
771 4807 1180 4866 fermentatos,
1202 4817 1327 4860 non
1353 4802 1504 4858 adeo
1524 4801 1868 4856 differentes

205 4905 516 4974 permutat
539 4901 598 4956 in
629 4913 874 4955 carnem
907 4937 920 4950 .
960 4895 1018 4953 Si
1059 4893 1212 4950 forte
1263 4892 1504 4948 Latinus
1560 4889 1866 4958 sacerdos,

203 4991 374 5065 quod
386 4991 488 5046 vix
510 4988 866 5062 permittitur
890 4985 954 5042 in
989 4981 1262 5040 Ecclesiis
1295 4997 1525 5045 eorum,
1563 4979 1872 5036 Dominica

202 5088 482 5160 peragat,
522 5083 760 5138 Graecus
790 5091 913 5132 non
941 5074 1056 5129 nisi
1087 5071 1292 5128 abluto
1321 5068 1493 5126 altari
1522 5068 1747 5124 ibidem
1779 5081 1874 5125 ce-

203 5156 424 5232 lebrat.
456 5168 728 5232 Ulterius,
769 5163 1014 5221 Latinus
1052 5175 1195 5216 cum
1233 5161 1436 5214 Graeca
1472 5156 1723 5212 muliere
1762 5173 1870 5213 vo-

201 5264 336 5322 lens
361 5255 816 5318 matrimonium
840 5249 1215 5312 contrahere,
1236 5247 1582 5318 juramento
1607 5244 1871 5316 compel-

199 5356 344 5413 litur
358 5352 638 5409 deserere
667 5342 1159 5402 communionem
1190 5353 1385 5402 suam,
1426 5335 1868 5392 confessionem

206 5458 410 5512 suam,
439 5429 1139 5511 baptismum,jejunium
1151 5426 1634 5487 Sabbatorum,et
1659 5424 1870 5482 Christi

280 5649 399 5721 (59)
431 5647 624 5704 Locus
649 5639 988 5710 corruptus.

1964 3230 2093 3281 tum
2130 3237 2203 3278 ex
2231 3221 2380 3293 ipsis
2409 3233 2545 3292 quae
2566 3215 2871 3288 generalia
2897 3215 3197 3271 habentur
3239 3214 3513 3286 concilia,
3554 3219 3614 3273 et

1966 3329 2088 3368 non
2121 3311 2313 3384 plura,
2347 3314 2405 3365 et
2432 3307 2568 3364 ideo
2596 3305 2917 3374 contigisse
2945 3304 3219 3372 credunt,
3263 3302 3433 3376 quod
3488 3319 3612 3361 non

1966 3399 2298 3458 intercessit
2325 3399 2387 3454 in
2408 3397 2492 3453 eis
2514 3393 2810 3468 pontificis
2864 3393 3116 3449 Romani
3162 3391 3525 3460 auctoritas;
3555 3398 3616 3450 et

1967 3489 2232 3563 episcopi
2261 3502 2383 3543 non
2408 3485 2649 3541 fuerunt
2677 3479 3089 3538 universaliter
3115 3480 3296 3550 citati,
3339 3479 3434 3537 vel
3456 3487 3616 3538 certe

1969 3579 2114 3651 quia
2133 3591 2254 3633 non
2285 3574 2601 3631 ediderunt
2629 3585 2910 3640 canones,
2944 3568 3085 3625 ﬁdei
3111 3568 3448 3626 doctrinam
3476 3584 3616 3626 con.

1972 3669 2242 3731 tinentes,
2265 3667 2372 3720 sed
2401 3659 2822 3720 tantummodo
2851 3659 2951 3715 illa
2968 3673 3106 3731 qua
3139 3657 3219 3714 ad
3237 3658 3616 3716 honestatem

1971 3761 2030 3812 et
2050 3770 2246 3811 mores
2267 3752 2533 3809 Ecclesiae
2561 3749 2955 3824 pertinebant.
3006 3748 3227 3804 Verum
3277 3747 3401 3803 sive
3442 3761 3618 3817 gene-

1972 3844 2142 3916 ralia,
2187 3844 2312 3899 sive
2370 3839 2773 3914 particularia,
2833 3837 2926 3894 vel
2970 3851 3337 3909 quocunque
3373 3835 3620 3892 nomine

1973 3938 2348 3999 censeantur,
2380 3936 2598 3986 cuncta
2627 3935 2847 3996 tamen,
2897 3942 3035 3998 quea
3059 3925 3120 3980 in
3171 3924 3317 3996 ipsis
3368 3923 3621 3980 ﬁdeliter

1972 4027 2138 4093 gesta
2168 4026 2325 4090 sunt,
2359 4017 2758 4075 communiter
2804 4020 2942 4068 sunt
2970 4017 3209 4084 recepta
3268 4015 3368 4067 :et
3409 4025 3618 4066 eorum

1971 4112 2311 4176 auctoritas,
2335 4114 2460 4165 tam
2489 4108 2547 4164 in
2579 4105 2832 4174 negotiis
2850 4102 3010 4169 ﬁdei,
3043 4116 3232 4174 quam
3255 4100 3318 4156 in
3333 4099 3484 4167 aliis,
3515 4113 3619 4172 pa-

1969 4216 2097 4257 rem
2121 4199 2348 4256 obtinet
2375 4195 2738 4252 ﬁrmitatem.

1971 4347 2055 4402 De
2076 4344 2278 4414 prima
2303 4344 2514 4397 sancta
2539 4343 2594 4396 et
2619 4334 2952 4392 universali
2969 4331 3198 4404 synodo
3209 4331 3489 4402 Niccena;
3519 4331 3620 4388 ho-

2037 4433 2306 4490 mousion
2343 4430 2568 4486 Filium
2593 4425 2772 4482 Patri
2796 4423 3024 4494 deﬁnit,
3059 4437 3264 4479 verum
3321 4420 3512 4478 Deum
3565 4423 3622 4476 et

2044 4523 2358 4585 hominem,
2381 4522 2703 4574 creatorem
2725 4513 3011 4578 omnium,
3034 4526 3156 4567 non
3180 4515 3548 4567 creaturam.

2047 4647 2240 4704 Prima
2275 4643 2455 4716 igitur
2491 4645 2702 4697 sancta
2746 4643 2806 4695 et
2849 4635 3204 4694 universalis
3260 4633 3532 4706 synodus
3559 4633 3624 4690 in

1978 4736 2279 4810 provincia
2312 4730 2615 4804 Bithyniae,
2647 4727 2878 4785 civitate
2908 4726 3125 4789 Nicaea,
3157 4727 3424 4795 tempore
3477 4722 3622 4810 Con-

1978 4807 2220 4881 stantini
2249 4821 2440 4890 Magni
2472 4817 2776 4890 principis,
2797 4830 2981 4888 quem
3013 4811 3198 4869 Grmci
3227 4811 3288 4866 in
3339 4807 3623 4880 Catalogo

1981 4919 2330 4970 sanctorum
2358 4911 2700 4970 numerant,
2728 4905 2843 4960 sub
2863 4901 3211 4960 beatissimo
3232 4913 3396 4972 papa
3427 4896 3626 4971 Sylve-

1981 5010 2121 5072 stro,
2145 5000 2251 5056 ubi
2286 4995 2551 5055 interfuit
2594 4993 2765 5050 Osius
2820 4991 3140 5063 episcopus
3197 4986 3510 5053 Cordubae,
3567 4989 3628 5043 et

1982 5093 2172 5149 Victor
2195 5089 2272 5145 de
2300 5087 2489 5155 Italia,
2514 5082 2720 5140 vicarii
2737 5079 2970 5137 domini
2990 5081 3182 5150 Papae,
3212 5076 3625 5148 Metrophanes

1981 5179 2466 5252 archiepiscopus
2486 5167 3106 5242 Constantinopolitan
3115 5183 3205 5238 us,
3221 5170 3280 5223 et
3291 5164 3630 5223 Alexander

1981 5267 2322 5343 patriarcha
2345 5260 2798 5326 Alexandrinus,
2827 5256 3168 5314 Eustathius
3195 5253 3626 5318 Antiochenus,

1978 5357 2268 5416 Macarius
2299 5349 2890 5422 Hierosolymitanus.
2948 5346 3210 5402 Fuerunt
3257 5348 3461 5401 autem
3485 5356 3628 5398 cum

1976 5447 2104 5504 istis
2118 5452 2176 5504 et
2203 5445 2302 5504 alii
2333 5446 2534 5500 Patres
2550 5438 2761 5507 sancti,
2807 5451 3061 5493 numero
3115 5432 3357 5492 trecenti
3381 5436 3439 5489 et
3491 5434 3627 5488 octo

1978 5536 2462 5682 θιὲἓὲεῐοέοωηι
2483 5622 2692 5677 autem
2715 5619 2928 5674 contra
2943 5611 3154 5671 Arium
3199 5623 3360 5668 vana
3387 5606 3629 5680 sapien-

4055 0 4078 626 ἦ
