4106 6222
505 262 601 328 851

1736 256 2212 331 PANTALEONIS
2250 270 2536 332 DlACONI
2573 272 2676 333 ΟΡ.

3813 280 3922 344 551

501 397 643 467 tem,
688 393 792 468 qui
845 394 954 451 fuit
990 396 1131 452 tunc
1181 390 1467 460 temporis
1523 390 1835 466 presbyter
1878 395 2151 453 Ecclesiae
2181 424 2231 478 Α
2260 397 2495 455 tellectu
2530 398 2801 458 humano
2839 399 2993 458 etin
3040 404 3232 459 morte
3280 404 3548 476 corporis
3612 422 3923 468 commor-

501 483 935 541 Alexandrinee.
973 484 1070 539 Hic
1098 481 1347 555 quidem
1378 480 1547 537 Arius
1567 480 2012 554 blasphemavit
2044 488 2155 542 Do-

501 572 732 628 minum
765 578 1036 629 nostrum
1069 574 1291 637 Jesum,
1353 572 1540 627 Deum
1592 586 1823 632 verum.
1867 576 1924 629 et
1943 589 2150 631 verum

498 660 827 718 hominem.
887 659 1130 717 Dicebat
1176 659 1335 717 enim
1390 659 1563 715 illum
1612 674 1742 716 esse
1791 667 2145 720 creaturam.

500 750 637 805 Ideo
667 748 908 821 impius,
960 752 1017 806 et
1060 747 1637 806 consubstantialem
1671 751 1789 805 Deo
1843 751 1996 807 Patri
2038 767 2149 808 nec

497 853 767 911 unquam
796 838 1082 906 conﬁteri,
1104 854 1214 894 nec
1240 837 1617 895 considerare
1638 854 1776 895 cum
1799 839 1926 896 aliis
1943 841 2147 897 catho-

495 909 622 983 licis
650 926 793 983 viris
834 927 1052 995 voluit;
1104 944 1243 984 cum
1298 928 1412 985 ista
1460 927 1757 983 confessio
1806 932 2145 987 communis

497 1021 651 1074 esset
685 1016 989 1085 omnibus,
1023 1018 1253 1074 cunctis
1301 1016 1647 1090 praedicata,
1707 1017 1926 1076 scilicet
1977 1021 2142 1093 quod

493 1107 691 1164 omnis
716 1106 872 1162 ﬁlius
895 1107 1167 1178 ejusdem
1222 1111 1451 1163 natura:
1497 1106 1573 1163 sit
1623 1123 1762 1163 cum
1802 1108 2063 1181 genitore
2085 1113 2142 1166 et

493 1194 874 1268 substantiae;
899 1201 975 1263 et,
1008 1195 1111 1268 qui
1143 1193 1347 1252 Filium
1371 1195 1525 1251 inter
1567 1200 1870 1253 creaturas
1892 1214 2135 1272 compu-

492 1288 593 1350 tat,
626 1284 699 1339 de
737 1284 1083 1341 necessitate
1106 1285 1281 1341 etiam
1315 1287 1541 1340 Patrem
1567 1290 1903 1343 creaturam
1955 1288 2135 1343 conii-

490 1377 663 1430 tetur.
697 1372 883 1439 Unde,
939 1373 1100 1429 hunc
1140 1379 1432 1446 tanquam
1487 1373 1797 1430 inimicum
1852 1375 2132 1444 veritatis,

490 1462 669 1533 simul
698 1462 982 1529 cumillis,
1025 1462 1129 1535 qui
1158 1462 1317 1519 idem
1357 1462 1692 1534 sapiebant,
1747 1464 2137 1522 anathemati-

491 1540 709 1619 zantes,
733 1552 811 1608 ab
841 1551 1100 1608 Ecclesia
1128 1549 1449 1623 ejecerunt,
1482 1551 1599 1608 hoc
1646 1558 1755 1625 est,
1811 1554 2135 1612 Eusebium

491 1640 870 1709 Nicomediae,
927 1640 1285 1696 Eunomium
1324 1645 1380 1696 et
1408 1640 1842 1698 Macedonium.
1875 1644 1944 1699 Hi
1977 1643 2134 1700 enim
2164 1650 2167 1653 ’

490 1729 849 1801 quamvisin
879 1728 1242 1785 dictionibus
1292 1729 1413 1785 suis
1465 1728 1788 1798 differrent,
1839 1735 2042 1788 tamen
2073 1737 2138 1790 ut

490 1818 663 1874 Arius
702 1835 739 1876 a
789 1818 1032 1875 veritate
1086 1817 1453 1876 exciderunt.
1485 1817 1891 1877 Orthodoxam
1935 1828 2136 1879 autem

489 1903 671 1963 ﬁdem
696 1906 1221 1973 conﬁrmaverunt,
1255 1906 1828 1965 consubstantialem
1871 1912 2023 1967 P‘atri
2052 1911 2136 1968 Fi-

486 1992 632 2050 lium
663 1995 1091 2052 conﬁrmantes
1122 2001 1176 2052 et
1207 1995 1627 2068 praedicantes,
1682 2003 2134 2073 creatoremque

485 2083 905 2153 univcrsitatis,
931 2090 987 2140 et
1010 2099 1131 2141 non
1164 2090 1523 2154 creaturam,
1551 2085 1655 2141 sed
1704 2103 1915 2144 verum
1948 2091 2133 2145 Deum

486 2176 542 2230 et
560 2172 999 2231 dominatorem
1058 2169 1143 2248 [in
1175 2172 1485 2248 Symbolo]
1517 2175 1918 2246 declararunt,
1968 2178 2134 2251 quod

486 2262 601 2335 ipsi
626 2264 815 2319 sancti
854 2266 1053 2320 Patres
1074 2263 1134 2318 in
1186 2264 1575 2336 inspiratione
1631 2268 1820 2323 sancti
1880 2267 2129 2340 Spiritus

488 2356 629 2409 tunc
665 2352 949 2426 temporis
977 2350 1311 2409 ediderunt.

492 2463 577 2519 De
602 2461 863 2519 secunda
904 2461 1152 2533 synodo,
1199 2462 1870 2533 Constantinopolitana
1908 2468 2128 2536 prima,

561 2566 695 2622 quia
709 2550 1000 2620 Spiritum
1020 2554 1291 2606 sanctum
1313 2549 1484 2608 Patri
1491 2558 1542 2609 et
1556 2551 1713 2608 Filio
1739 2554 2129 2611 consubstan-

560 2640 763 2697 tialem
797 2640 1172 2710 pronuntiat.

557 2745 833 2804 Secunda
889 2750 1091 2803 autem
1126 2749 1335 2803 sancta
1385 2751 1443 2804 et
1479 2747 1829 2805 universalis
1855 2751 2127 2822 synodus

483 2835 593 2893 fuit
612 2835 1287 2909 Constantinopolitana,
1307 2841 1573 2908 tempore
1592 2838 1794 2907 magni
1814 2839 2127 2897 Theodosii

482 2924 877 2999 imperatoris,
904 2925 1018 2981 sub
1040 2928 1296 2981 Damaso
1325 2941 1508 2997 papa.
1534 2926 1641 2983 Ubi
1671 2926 1780 2983 fuit
1822 2928 2124 2984 Nectarius

483 3014 755 3086 ejusdem
781 3013 947 3070 urbis
979 3014 1487 3087 archiepiscopus,
1545 3019 1604 3071 et
1629 3016 1971 3073 Timotheus
2024 3034 2126 3090 pa-

2259 491 2424 545 tuam
2449 487 2845 561 divinitatem,
2870 490 3445 559 asserebant,Sancti
3477 509 3617 553 vero
3642 498 3922 571 praedicti

2258 579 2457 633 Patres
2485 577 2683 651 ipsam
2712 595 2954 636 carnem
2985 580 3311 638 animatam
3342 586 3400 638 et
3442 582 3917 645 intellectualem

2257 665 2783 732 conﬁrmaverunt,
2823 668 3146 727 habentem
3168 671 3435 728 animam
3447 674 3667 732 nostris
3680 676 3918 734 anima-

2255 754 2371 812 bus
2399 755 2653 813 similem
2693 762 2750 814 et
2772 758 3131 818 rationalem
3164 803 3175 815 .

2327 848 2389 901 In
2415 851 2622 903 sancta
2651 851 2852 904 tamen
2886 848 3122 921 synodo
3153 849 3347 906 dictus
3378 850 3705 926 imperator
3728 855 3917 915 Theo-

2254 933 2461 992 dosius
2491 935 2747 993 multum
2773 938 3051 1007 excessit,
3087 939 3317 996 faciens
3354 942 3659 1014 quaedam,
3702 951 3919 1004 contra

2252 1023 2461 1096 prima:
2499 1028 2557 1081 et
2596 1030 2817 1082 sancta:
2857 1027 3094 1099 synodi,
3136 1043 3208 1084 ac
3245 1030 3590 1087 reverendae
3616 1033 3914 1094 instituta.

2250 1114 2479 1198 Etenim
2538 1118 2728 1198 coegit
2758 1132 2943 1190 supra
2971 1117 3312 1175 nominatos
3342 1124 3582 1178 centum
3607 1123 3915 1198 quinqua-

2249 1193 2410 1263 ginta
2449 1197 2646 1251 Patres
2672 1195 2825 1253 clam
2849 1213 3091 1254 summo
3113 1198 3394 1270 pontiﬁce
3412 1205 3467 1257 et
3493 1193 3713 1259 vicario
3752 1193 3908 1275 ejus,

2248 1288 2311 1339 ut
2350 1284 3077 1357 Constantinopolitanam
3120 1287 3325 1343 sedem
3365 1288 3762 1349 sublimarent
3801 1310 3909 1351 no-

2247 1363 2407 1419 mine
2438 1364 2807 1437 patriarchae.
2843 1365 2926 1421 illi
2952 1367 3359 1438 attribuentes,
3391 1372 3556 1442 quod
3596 1377 3736 1430 ante
3780 1390 3905 1432 non

2246 1452 2528 1510 habebat.
2562 1456 2704 1520 Qum
2726 1470 2818 1509 res
2850 1456 3219 1512 vehementis
3244 1456 3559 1516 discordiae
3588 1466 3646 1517 et
3676 1468 3904 1535 pertur-

2244 1540 2503 1597 bationis
2542 1542 2776 1600 sentina
2811 1546 2869 1601 et
2904 1560 3091 1601 causa
3112 1545 3351 1616 exstitit,
3383 1550 3440 1604 ct
3477 1564 3673 1623 usque
3722 1551 3905 1609 hodie

2246 1636 2603 1703 perseverat.

2177 1790 2217 1845 Β
2243 1802 2330 1859 De
2360 1805 2537 1860 tertia
2558 1803 2808 1874 synodo,
2830 1803 3107 1875 Ephsina
3136 1805 3337 1875 prima
3371 1822 3385 1862 :
3420 1807 3529 1864 Dei
3548 1806 3905 1871 Genitricem

2739 1895 3060 1963 conﬁtetur
3097 1894 3357 1952 Mariam

2312 2026 2502 2084 Tertia
2528 2031 2736 2084 sancta
2765 2032 2823 2084 et
2860 2027 3216 2084 universalis
3257 2029 3527 2101 synodus
3598 2032 3909 2094 celebrata

2241 2112 2350 2171 fuit
2388 2115 2552 2188 apud
2576 2117 2872 2189 Ephesum
2906 2116 3906 2189 temporishusTheodosiiJunioris

2241 2202 2354 2259 sub
2377 2203 2689 2261 leestino
2710 2221 2872 2278 papa
2901 2208 3193 2263 Romano.
3229 2206 3337 2263 Ubi
3359 2208 3620 2267 interfuit
3643 2212 3904 2284 Cyrillus

2242 2309 2500 2363 magnus
2529 2293 2755 2365 doctor,
2781 2300 2834 2351 et
2856 2294 3196 2368 patriarcha
3226 2295 3602 2356 Alexandriae
3641 2307 3702 2357 et
3753 2317 3899 2373 pro-

2239 2388 2539 2454 pugnator
2566 2383 2868 2453 Ecclesiae,
2903 2386 3163 2441 Joannes
3191 2385 3535 2453 Antiochiae,
3589 2391 3899 2447 iuvenalis

2241 2473 2811 2546 Hierosolymorum,
2830 2479 2885 2530 et
2901 2477 3176 2532 Memnon
3199 2474 3607 2547 Ephesiorum.
3637 2481 3899 2537 Praeerat

2239 2569 2438 2619 autem
2466 2569 2607 2619 tunc
2638 2564 2921 2635 temporis
2939 2564 3064 2620 sedi
3083 2565 3757 2638 Constantinopolitanae
3786 2569 3898 2625 im-

2239 2651 2374 2723 pius
2422 2651 2723 2707 Nestorins
2775 2654 2923 2708 Cum
2972 2652 3067 2707 his
3122 2653 3326 2728 itaque
3365 2654 3583 2712 sanctis
3619 2655 3901 2713 Patribus

2239 2741 2564 2799 fueruntet
2600 2740 2698 2797 alii
2736 2741 2927 2797 sancti
2965 2756 3155 2814 quam
3193 2744 3414 2816 plures,
3453 2760 3712 2802 numero
3789 2746 3902 2802 du-

2236 2832 2409 2888 centi.
2428 2834 2845 2889 Convenerunt
2873 2836 3073 2888 autem
3090 2839 3299 2891 contra
3314 2835 3515 2907 ipsum
3561 2835 3902 2892 Nestorium

2236 2920 2895 2994 anthropolatriensem,
2910 2920 2970 2977 id
2989 2926 3076 2977 est
3094 2921 3357 2980 hominis
3387 2925 3673 2981 cultorem
3700 2941 3714 2979 :
3738 2925 3881 2981 Chri

2236 3015 2391 3066 stum
2422 3015 2806 3083 separantem
2844 3015 2900 3066 et
2928 3010 3314 3068 dividentem.
3384 3012 3625 3069 Dicebat
3684 3013 3897 3085 ipsum

479 3104 738 3161 irim-clis
776 3103 1165 3169 Alexandriae,
1194 3102 1452 3160 Meletius
1477 3105 1822 3172 Antiochiae,
1849 3107 1955 3178 qui
1984 3113 2041 3163 et
2064 3108 2125 3164 in
2165 3142 2206 3198 ϐ
2234 3099 2541 3156 hominem
2567 3116 2696 3156 esse
2725 3115 2967 3171 purum.
3008 3104 3208 3156 etnon
3238 3101 3429 3158 Deum
3482 3102 3897 3161 incarnatum.

477 3193 611 3266 ipsa
631 3192 867 3266 synodo
886 3192 1021 3249 vitae
1038 3193 1445 3249 ﬁniitcursum
1469 3210 1481 3259 ;
1511 3194 1764 3266 Cyrillus
1788 3195 2121 3269 Hierosoly-

476 3295 733 3352 morum,
777 3280 1043 3337 Gelasius
1074 3283 1356 3337 Caesarem
1410 3281 1755 3353 Palaestinas,
1808 3285 2123 3355 Gregorius

475 3374 799 3443 Nyssenus,
831 3370 1145 3440 Gregorius
1168 3371 1503 3441 Theologus
1525 3374 1647 3428 sive
1695 3374 2119 3443 Nazianzenus,

473 3462 581 3533 qui
608 3467 751 3517 tunc
778 3460 1063 3532 temporis
1080 3460 1363 3517 thronum
1379 3461 1688 3518 obtinebat
1703 3465 2119 3521 Constantino-

474 3548 658 3621 polis:
700 3548 803 3620 qui
824 3546 1090 3620 quidem,
1122 3547 1483 3603 discessione
1505 3548 1680 3620 facta,
1709 3550 2117 3610 voluntariein

472 3636 606 3710 ipsa
621 3636 857 3708 synodo
876 3636 1239 3691 renuntiavit
1258 3636 1782 3703 honori,secedens
1809 3639 1869 3696 in
1888 3640 2113 3711 locum,

472 3728 576 3800 qui
601 3726 814 3782 dicitur
842 3724 1219 3780 Nazianzum.
1273 3727 1529 3782 Fuerunt
1564 3732 1763 3784 autem
1796 3745 1931 3785 cum
1988 3730 2116 3787 istis

472 3820 530 3871 et
574 3814 675 3872 alii
741 3812 933 3870 sancti
989 3812 1191 3870 Patres
1242 3828 1498 3871 numero
1542 3820 1781 3873 centum
1819 3819 2114 3891 quinqua-

470 3904 653 3975 ginta.

539 3994 955 4051 Convenerunt
967 3994 1166 4049 autem
1180 3997 1389 4050 contra
1400 3992 1654 4067 impium
1678 3995 2087 4053 Macedonium
2098 4038 2111 4063 ,

466 4083 569 4156 qui
595 4080 1057 4156 patriarchalem
1088 4081 1292 4139 sedem
1315 4081 1566 4139 civitatis
1592 4083 1807 4141 furtive
1837 4089 1894 4142 et
1915 4090 2113 4157 tyran-

464 4172 597 4228 nice
624 4175 926 4243 rapuerat,
956 4173 1013 4226 et
1040 4169 1481 4242 blasphemavit
1520 4174 1583 4229 in
1634 4173 1917 4245 Spiritum
1974 4189 2113 4231 san-

466 4263 629 4315 ctum
650 4258 876 4324 dicens,
909 4258 1076 4330 quod
1104 4274 1228 4315 non
1250 4265 1403 4316 esset
1434 4264 1605 4318 Deus.
1653 4264 1781 4328 Quo
1826 4263 1984 4334 juste
2013 4262 2112 4319 de-

463 4349 682 4420 posito,
712 4346 1021 4403 ordinatus
1051 4347 1157 4403 fuit
1178 4350 1378 4405 statim
1402 4352 1704 4406 Nectarius
1736 4353 1810 4407 de
1867 4369 1989 4425 quo
2014 4369 2109 4409 su-

447 4454 575 4512 pra
599 4436 851 4492 fecimus
880 4437 1268 4495 mentionem.
1318 4441 1641 4511 Eapropter
1695 4442 2107 4499 Macedonium

463 4532 531 4583 ut
557 4524 875 4582 inimicum
904 4523 1159 4598 pictatis,
1209 4526 1292 4582 ibi
1351 4543 1488 4583 cum
1539 4529 1662 4583 suis
1709 4531 2107 4601 complicibus

462 4615 1033 4673 anathematizantes
1062 4614 1639 4675 condemnaverunt.
1685 4619 1873 4674 Deum
1902 4626 2104 4677 autem

460 4721 691 4770 verum,
723 4719 796 4761 ac
834 4701 1234 4759 universitatis
1285 4704 1602 4761 dominum
1657 4708 2105 4766 sanctissimum

462 4794 742 4869 Spiritum
760 4793 820 4849 in
839 4791 1127 4864 Symbolo
1157 4792 1594 4865 ampliaverunt
1640 4810 1653 4847 :
1687 4799 1746 4850 et
1772 4796 1937 4868 quod
1960 4813 2104 4855 con-

461 4882 874 4940 substantialis
900 4881 977 4937 sit
1004 4880 1177 4948 Patri,
1206 4886 1263 4938 et
1292 4881 1453 4948 Filio,
1485 4887 1541 4938 et
1569 4882 1843 4953 ejusdem
1894 4887 2106 4945 divini-

459 4970 621 5036 tatis,
653 4975 833 5041 prout
862 4969 924 5025 in
955 4969 1242 5042 Symbolo
1264 4969 1401 5025 ﬁdei
1432 4971 1789 5040 continetur,
1810 4976 1977 5046 quod
1992 4977 2108 5049 ipsi

457 5057 634 5115 latius
664 5061 722 5114 et
749 5057 1021 5114 diﬂusius
1045 5059 1236 5130 gratia
1281 5057 1555 5130 ejusdem
1597 5061 1845 5134 Spiritus
1915 5066 2106 5123 sancti

458 5145 960 5221 praedicaverunt.

528 5240 780 5308 Insuper
799 5238 1010 5292 contra
1028 5236 1460 5309 Apollinarium
1475 5238 1804 5309 Laodiceae,
1823 5246 1881 5299 et
1902 5242 2105 5300 Sabel-

454 5325 604 5382 lium
625 5323 847 5396 Libyae,
877 5323 1292 5397 blasphemos,
1323 5332 1380 5383 et
1428 5328 1700 5400 quicum
1757 5330 1846 5387 his
1892 5332 2108 5390 similia

455 5413 736 5483 sentiunt,
768 5413 1412 5472 excommunicationis
1441 5419 1797 5476 sententiam
1842 5421 2105 5493 protule-

454 5506 612 5562 runt.
633 5502 743 5568 Qui
759 5501 1038 5560 dicebant
1058 5519 1300 5561 carnem
1316 5507 1551 5563 Domini
1580 5509 1770 5565 nostri
1790 5512 1925 5565 Jesu
1948 5512 2107 5569 Chri-

456 5592 530 5653 sti
551 5591 969 5666 inanimatam,
993 5592 1056 5651 id
1084 5596 1194 5665 est,
1220 5594 1348 5655 sine
1394 5597 1601 5657 anima
1624 5599 1985 5669 rationali,et
2020 5602 2107 5661 in-

2236 3192 2393 3245 Duos
2422 3188 2578 3245 ﬁlios
2606 3190 2666 3244 in
2699 3204 2821 3245 uno
2846 3188 3072 3245 Christo
3104 3192 3223 3245 Deo
3253 3190 3479 3246 docens
3500 3196 3556 3247 et
3576 3190 3733 3248 duas
3757 3207 3892 3264 per-

2233 3277 2620 3335 sonas.Unde
2646 3293 2755 3333 nec
2782 3282 3055 3335 sanctam
3086 3279 3331 3335 Mariam
3373 3279 3691 3351 Virginem,
3750 3296 3884 3351 quas

2230 3369 2458 3442 peperit
2512 3367 2715 3440 ipsum
2774 3367 3069 3423 Christum
3120 3370 3344 3435 Jesum,
3395 3371 3629 3421 Osotcxov
3663 3369 3727 3425 id
3774 3375 3882 3433 est,

2232 3459 2331 3515 Dei
2374 3456 2748 3526 Genitricem,
2781 3456 2886 3512 sed
2946 3462 3298 3529 Χριστοτόκον
3351 3459 3708 3515 nominibat.
3765 3461 3885 3514 Ilu-

2222 3547 2323 3619 jus
2355 3547 2435 3602 rei
2459 3546 2645 3618 gratia
2660 3546 2819 3603 dicta
2832 3546 3104 3617 synodus
3122 3554 3600 3620 perseverantem
3623 3548 3684 3603 in
3721 3547 3889 3604 dicta

2225 3635 2604 3708 blasphemia
2640 3635 2937 3708 deposuit,
2981 3641 3275 3709 tanquam
3314 3636 3580 3701 Judaice,
3615 3634 3887 3709 ἀνθρωπο-

2225 3724 2417 3800 λάτρην
2457 3730 2514 3781 et
2554 3725 2813 3797 proprie,
2855 3729 2911 3781 et
2949 3740 3081 3780 vero
3114 3726 3214 3781 Dei
3244 3726 3618 3791 Genitricem,
3676 3725 3886 3781 omni-

2225 3814 2438 3870 fariam
2460 3817 2730 3870 sanctam
2756 3812 3053 3884 Virginem
3083 3814 3325 3870 Mariam
3366 3813 3887 3881 demonstrarunt,

2225 3907 2283 3958 et
2318 3918 2479 3973 eum,
2517 3903 2623 3974 qui
2660 3919 2731 3959 ex
2770 3902 2904 3974 ipsa
2937 3902 3065 3957 sine
3106 3904 3332 3959 semine
3370 3904 3717 3959 incarnatus
3768 3908 3884 3971 est,

2225 3992 2546 4048 Dominum
2575 3996 2846 4048 nostrum
2878 3994 3086 4048 Jesum
3114 3991 3420 4051 Christum
3442 3991 3653 4048 Filium
3684 3992 3808 4057 Dei,
3828 3996 3888 4049 et

2224 4083 2411 4136 Deum
2438 4097 2646 4137 verum
2677 4080 3175 4154 praedicaverunt.

2292 4170 2555 4227 Joannes
2589 4171 3159 4238 vero,Antiochenus
3187 4171 3550 4243 patriarcha,
3572 4170 3883 4228 contrista-

2221 4264 2335 4332 tus,
2359 4260 2523 4333 quod
2539 4261 2666 4315 sine
2696 4260 2830 4333 ipso
2857 4259 3169 4333 depositus
3207 4259 3415 4316 fuisset
3441 4259 3769 4327 Nestorius,
3787 4275 3886 4316 ac-

2221 4349 2445 4422 cipiens
2474 4350 2578 4422 qui
2602 4365 2807 4405 secum
2833 4355 3119 4406 venerant
3156 4350 3495 4423 episcopos,
3537 4349 3599 4405 in
3655 4349 3883 4422 quibus

2220 4438 2824 4495 eteratTheodoritus
2856 4439 3133 4511 deposuit
3173 4439 3479 4510 Cyrillum,
3511 4437 3680 4510 quod
3707 4438 3881 4494 nefas

2217 4535 2309 4587 est
2335 4528 2553 4597 dicere,
2574 4528 2680 4600 qui
2709 4528 2889 4585 etiam
2916 4528 2977 4583 in
3013 4529 3147 4600 ipso
3176 4527 3474 4599 Ephesino
3514 4526 3772 4583 concilio
3796 4526 3881 4584 lo-

2217 4634 2355 4674 cum
2383 4618 2602 4672 summi
2633 4616 2931 4689 pontiﬁcis
2956 4616 3283 4681 obtinebat,
3309 4615 3490 4672 veluti
3511 4620 3731 4687 praeter
3785 4631 3881 4672 ca-

2215 4722 2403 4763 nones
2418 4706 2692 4763 Ecclesiae
2712 4706 2935 4762 dictam
2948 4705 3181 4761 fecisset
3200 4705 3600 4778 synodum.Et
3621 4705 3703 4761 ita
3719 4704 3876 4761 fecit.

2216 4798 2646 4855 schismainter
2675 4813 2798 4853 eos.
2832 4799 3040 4853 Postea
3070 4811 3211 4852 vero
3236 4811 3381 4852 cura
3401 4800 3458 4851 et
3478 4794 3881 4851 sollicitudine

2215 4886 2485 4959 ejusdem
2515 4885 2896 4958 imperatoris
2923 4884 3137 4941 iterum
3164 4885 3311 4940 uniti
3341 4884 3583 4939 fuerunt
3614 4898 3884 4939 consen-

2215 4977 2423 5033 tientes
2448 4974 2508 5030 in
2550 4990 2758 5030 unum.
2803 4974 3105 5031 Nestorius
3142 4974 3345 5046 itaque
3384 4971 3607 5045 impius
3655 4971 3887 5028 missus

2216 5068 2303 5121 est
2329 5064 2389 5120 in
2420 5062 2718 5120 exsilium.

2287 5152 2564 5211 Secunda
2592 5167 2735 5222 ergo
2775 5152 3064 5225 synodus,
3106 5167 3244 5225 quae
3284 5149 3501 5208 eodem
3544 5148 3885 5207 Theodosio

2215 5244 2457 5300 Juniore
2486 5242 2547 5299 in
2580 5242 2811 5313 Epheso
2850 5241 3007 5297 facta
3044 5245 3152 5308 est,
3194 5245 3488 5311 tanquam
3527 5238 3753 5295 furtiva
3828 5242 3886 5295 et

2215 5331 2475 5405 reproba
2503 5329 2779 5388 habetur.
2813 5328 2881 5385 Et
2905 5330 3197 5402 quoniam
3230 5328 3496 5385 Dioscori
3532 5342 3726 5399 prava
3791 5341 3884 5384 sa-

2216 5421 2457 5495 pientis,
2497 5426 2553 5478 et
2591 5419 2929 5492 Eutychetis
2967 5418 3269 5477 fatuitates
3299 5417 3603 5474 consensit
3651 5421 3878 5479 tenere.

2216 5519 2275 5570 et
2298 5511 2674 5584 approbavit,
2707 5526 2744 5566 a
2766 5514 2972 5566 sancta
2992 5508 3287 5565 catholica
3304 5511 3361 5563 et
3380 5503 3712 5579 apostolica
3776 5507 3882 5562 Ec-

2216 5603 2400 5661 clesia
2429 5601 2635 5660 merito
2665 5604 2755 5658 est
2788 5598 3031 5672 repulsa
3066 5597 3355 5671 praedicta
3395 5594 3691 5667 synodus.
