4106 6222
125 304 214 359 553
1527 292 1806 356 CONTRA
1846 287 2164 356 caecos.

3441 313 3547 368 554

127 428 203 482 De
229 429 462 497 quarta
481 418 709 496 synodo
740 395 1443 483 Chalcedonensizverum
1468 423 1784 488 hominem,
1817 421 1865 475 Α
1896 420 2243 493 Antiochiae,
2273 427 2330 480 et
2351 425 2647 497 Eutyches
2671 424 3218 501 Hierosolymorum
3230 445 3372 488 cum
3419 431 3550 489 aliis

188 513 239 561 et
268 521 484 561 verum
516 505 826 562 Christum
848 508 1171 575 conﬁtetur
1201 507 1263 562 in
1285 507 1512 564 duabus
1527 503 1786 570 naturis,

188 594 322 650 sine
348 595 704 664 confusione
731 601 786 652 et
816 596 1119 652 divisimze.

190 741 427 804 Quarta
465 755 607 794 vero
655 745 868 796 sancta
897 742 953 795 et
980 738 1334 796 universalis
1386 738 1660 812 synodus
1702 751 1790 791 ce-

125 829 359 885 lebrata
401 829 509 885 fuit
541 829 602 884 in
634 829 1102 887 Chalcedonensi
1137 830 1303 896 urbe,
1337 835 1604 901 tempore
1644 829 1792 883 Mar.

126 918 268 974 ciani
310 918 720 990 imperatoris,
772 919 885 974 sub
938 919 1318 976 sanctissimo
1373 921 1561 974 Leone
1609 931 1790 990 papa,

127 1022 360 1078 magna
377 1005 665 1063 columna
689 1006 982 1064 Ecclesiae.
1006 1012 1065 1063 In
1083 1023 1205 1080 qua
1233 1007 1472 1063 fuerunt
1487 1005 1796 1062 Anatolius

127 1096 628 1169 archiepiscopus
645 1096 1360 1169 Constantinopolitanus.
1383 1095 1672 1152 Maximus
1686 1101 1801 1151 An-

134 1185 479 1252 tiochenus,
499 1185 527 1237 J
537 1201 689 1242 uven
700 1185 810 1241 alis
825 1185 1399 1258 Hierosolymorum;
1431 1184 1801 1241 Alexandriae

130 1290 261 1331 vero
296 1273 415 1330 fuit
439 1274 760 1330 Dioscorus
791 1275 1113 1347 superbus,
1168 1290 1306 1330 cum
1330 1273 1552 1347 quibus
1600 1278 1656 1330 et
1703 1270 1802 1330 alii

124 1364 315 1420 sancti
343 1363 551 1420 Patres
571 1378 826 1419 numero
851 1379 983 1418 nam.
1015 1362 1272 1437 [ncxxx].
1419 1347 1424 1356 ’

193 1456 629 1509 Convenerunt
661 1457 864 1509 autem
897 1457 1104 1509 contra
1131 1452 1331 1525 ipsum
1366 1451 1714 1508 Dioscoruin
1747 1455 1804 1506 et

130 1541 439 1614 Eutychen
461 1541 998 1598 archimandritam
1017 1541 1386 1609 monasterii,
1402 1544 1804 1612 cognomento

132 1632 340 1698 Studii,
371 1631 545 1704 quod
571 1633 630 1687 in
664 1633 795 1704 ipsa
824 1632 985 1703 regia
1017 1631 1168 1688 urbe
1198 1637 1305 1687 est.
1326 1632 1389 1687 lli
1417 1631 1576 1688 enim
1608 1630 1807 1687 Salva-

131 1723 271 1779 toris
305 1728 361 1778 et
397 1722 496 1777 Dei
530 1721 719 1778 nestri
767 1724 906 1777 Jesu
938 1721 1149 1778 Christi
1199 1722 1677 1777 incarnationem
1720 1736 1806 1776 re-

133 1812 452 1882 cusabant,
538 1810 821 1867 facientes
869 1826 1119 1884 prorsus
1177 1810 1377 1882 ipsum
1427 1809 1805 1883 phantastice

135 1901 410 1957 indutum
441 1916 710 1956 carnem.
743 1901 907 1956 Unde
965 1899 1100 1955 etin
1159 1915 1280 1955 una
1330 1904 1550 1956 natura
1607 1899 1806 1971 ipsum

141 1991 420 2046 exsistere
487 1988 795 2058 dicebant,
865 1987 1164 2044 divinitati
1208 1987 1598 2044 attribuentes
1654 2003 1808 2060 quas

148 2079 426 2135 sustinuit
456 2078 797 2151 passiones.
831 2077 1081 2149 Propter
1109 2076 1221 2132 hoc
1254 2091 1417 2146 ergo,
1439 2076 1584 2149 ipsis
1615 2092 1809 2148 perse-

145 2167 484 2224 verantibus
514 2167 575 2222 in
607 2166 961 2237 hujusmodi
987 2181 1206 2234 errore,
1253 2165 1802 2221 excommunicavit

157 2263 210 2313 et
255 2256 773 2313 anathematizavit
823 2260 880 2312 et
947 2271 1160 2311 omnes
1217 2255 1303 2311 eis
1357 2255 1805 2312 consentientes

168 2353 362 2402 sancta
397 2345 686 2418 synodus.

237 2435 610 2505 Promulgavit
643 2450 786 2504 ergo
819 2449 1002 2507 super
1033 2434 1162 2489 haec
1183 2439 1568 2490 sacramenta
1598 2432 1810 2488 deﬁni-

169 2524 404 2590 tionem,
439 2525 596 2596 quod
627 2524 756 2598 ipsc
789 2525 862 2580 sit
891 2523 1188 2596 perfectus
1218 2525 1394 2590 Deus,
1427 2528 1482 2578 et
1512 2522 1809 2596 perfectus

155 2615 327 2670 homo
357 2614 418 2670 in
449 2614 692 2670 duabus
730 2613 986 2682 naturis,
1020 2614 1148 2669 sine
1175 2613 1525 2670 confusione
1555 2619 1612 2669 et
1659 2612 1807 2668 divi-

167 2704 340 2760 sione.

217 2793 538 2866 Epistolam
581 2809 827 2866 quoque
907 2793 1269 2848 sanctissimi
1326 2792 1557 2863 Leonis,
1619 2808 1806 2865 quam

147 2884 294 2938 misit
323 2882 617 2938 Flaviano
667 2897 951 2954 episcopo
1003 2881 1629 2954 Constantinopoleos,
1683 2887 1806 2936 tan-

144 2989 323 3040 quam
350 2971 706 3027 columnam
766 2971 1117 3027 orthodoxae
1177 2970 1337 3038 ﬁdei,
1389 2975 1801 3042 susceperunt,

143 3068 194 3118 et
223 3077 417 3134 usque
448 3061 626 3116 hodie
657 3061 742 3116 sic
773 3060 1134 3133 appellatur.

211 3152 368 3207 Scire
401 3151 584 3206 etiam
607 3154 856 3222 oportet,
890 3151 1054 3222 quod
1081 3149 1161 3215 lii,
1195 3149 1591 3221 quidicuntur
1618 3148 1802 3203 Theo-

143 3241 354 3296 dositae
386 3256 423 3296 a
455 3239 726 3312 quodam
751 3238 1106 3306 Theodosio,
1135 3243 1191 3294 et
1245 3238 1525 3294 Jacohitee
1562 3255 1599 3294 a
1655 3253 1801 3308 quo-

140 3329 547 3394 damiacobo,
568 3328 989 3384 etSeveriania
1007 3327 1277 3400 quodam
1311 3330 1548 3395 Severo,
1586 3326 1802 3382 similia

142 3418 365 3473 scilicet
454 3417 753 3490 praedictis
815 3417 1074 3472 Dioscori
1104 3422 1161 3472 et
1235 3416 1613 3488 Euthychetis
1661 3415 1802 3470 abo-

143 3507 523 3562 minabilium
556 3505 972 3561 haereticorum
1001 3510 1058 3561 et
1087 3505 1593 3562 exsecrandorum
1642 3519 1802 3559 erro-

142 3595 334 3661 ribus,
379 3601 671 3667 tanquam
731 3593 842 3666 ipsi
899 3595 1208 3659 exsecrati,
1268 3610 1374 3648 seu
1431 3591 1801 3658 exsecrandi,

143 3685 410 3740 sentiunt
440 3689 496 3739 et
526 3682 788 3754 sapiunt,
820 3687 877 3738 et
905 3684 1205 3752 resistunt,
1234 3699 1371 3739 cum
1405 3682 1536 3738 aliis
1612 3683 1809 3738 haere-

142 3773 540 3846 ticis,seipsos
554 3772 881 3828 alienantcs
908 3776 1162 3827 asancta
1185 3771 1447 3827 Ecclesia
1477 3771 1795 3827 catholica.

218 3865 511 3934 Tempore
537 3861 724 3933 ipsius
756 3862 1027 3917 Marciani
1062 3863 1330 3933 pervenit
1359 3861 1435 3916 ad
1452 3878 1624 3916 aures
1646 3860 1806 3916 beati

149 3951 384 4020 Leonis,
422 3949 496 4006 de
525 3967 647 4022 quo
678 3949 834 4006 facta
863 3956 950 4006 est
987 3950 1424 4022 mentio,-quod
1476 3951 1802 4015 Anatolius,

147 4041 821 4112 t'Zonstantinopolitanae
855 4041 1011 4096 sedis
1043 4041 1304 4103 antistes,
1326 4041 1635 4096 invaderet
1661 4057 1806 4112 pau-

145 4131 311 4188 latim
341 4131 571 4187 alienas
602 4131 770 4186 sedes
801 4131 1172 4202 suoqueillas
1200 4130 1446 4186 adderet
1476 4131 1805 4202 pontiﬁcio,

148 4223 413 4293 ideoque
444 4220 640 4275 dictus
671 4235 833 4292 papa
869 4219 1162 4288 Anatolio,
1195 4225 1259 4275 ut
1313 4219 1390 4275 ab
1453 4219 1807 4288 hujusmodi

149 4311 368 4383 rapina
399 4314 686 4376 cessaret,
720 4308 972 4380 scripsit.
1009 4308 1122 4365 Sed
1153 4310 1352 4364 omnis
1384 4309 1514 4380 ejus
1557 4307 1808 4363 monitio

151 4417 291 4456 cum
324 4397 472 4455 nihil
508 4397 837 4469 proﬁceret,
872 4398 1048 4453 cessit
1075 4398 1134 4453 in
1166 4398 1416 4454 irritum.
1455 4401 1534 4453 Ex
1587 4398 1812 4470 quibus

151 4497 296 4545 tunc
322 4503 446 4542 non
479 4492 864 4542 cessaverunt
888 4486 1058 4543 dictae
1089 4487 1246 4543 sedis
1275 4487 1562 4559 praesules
1615 4489 1816 4542 fovere

151 4577 549 4641 discordiam,
583 4581 639 4631 et
669 4575 747 4632 ob
779 4575 1119 4648 depositum
1150 4593 1288 4632 cum
1319 4579 1590 4633 Romana
1629 4576 1820 4632 Eccle-

155 4668 246 4724 sia
281 4664 667 4722 contendere.
728 4665 891 4720 Unde
919 4671 974 4720 et
1027 4664 1088 4720 in
1115 4670 1330 4737 quarto
1389 4666 1641 4721 concilio
1695 4666 1821 4721 sine

156 4771 464 4812 consensu
494 4769 666 4827 papae
693 4758 749 4810 et
776 4753 1115 4823 legatorum
1147 4753 1298 4824 ejus,
1330 4754 1481 4810 sicut
1537 4755 1706 4820 alias,
1760 4756 1821 4810 in

155 4850 418 4902 tractatu
449 4845 535 4899 De
558 4848 852 4912 potestate
879 4858 1048 4913 papae
1074 4842 1308 4901 dictum
1355 4848 1460 4907 est,
1525 4861 1820 4900 canonem

155 4951 264 5008 pro
297 4949 363 4988 se
404 4931 745 4997 ediderunt,
805 4931 880 4987 de
924 4947 1046 5004 quo
1103 4932 1165 4987 in
1217 4932 1337 4988 ﬁne
1388 4933 1570 5004 hujus
1625 4934 1821 5005 operis

153 5024 365 5096 aliqua
393 5021 792 5077 disseremus.

155 5160 240 5213 De
268 5159 489 5230 quinta
521 5156 770 5226 synodo,
808 5156 1482 5227 Constantinopolitana
1534 5158 1815 5214 secunda.

225 5283 454 5350 Quinta
487 5285 698 5337 sancta
736 5285 793 5336 et
818 5281 1171 5338 universalis
1201 5282 1471 5354 synodus
1528 5283 1825 5340 celebrata

157 5381 244 5429 est.
276 5369 822 5441 Constantinopoli,
853 5371 1222 5442 temporibus
1271 5373 1584 5428 Justiniani
1639 5373 1824 5444 impe-

156 5465 395 5530 ratoris,
432 5461 548 5516 sub
575 5477 737 5533 papa
765 5461 970 5530 Vigilio
1031 5463 1321 5518 Romano.
1383 5463 1489 5522 Ubi
1551 5463 1824 5518 interfue-

155 5559 296 5610 runt
331 5550 636 5623 Eutyches
686 5549 1177 5623 archiepiscopus
1224 5552 1827 5624 Constantinopolita-

156 5639 717 5716 nus,Apollinarius
731 5639 1070 5710 patriarcha
1080 5641 1538 5706 Alexandrinus,
1558 5643 1824 5698 Domnus

564 5737 809 5794 PATROL.
851 5739 952 5794 Gn.
994 5739 1144 5798 CXL.

1897 515 2138 575 centum
2166 513 2568 586 septuaginta.

1970 601 2113 666 Quae
2143 606 2353 660 sancta
2405 605 2679 677 synodus
2711 607 2774 662 in
2825 606 3035 678 primis
3084 609 3448 682 approbavit
3493 613 3552 668 et:

1899 691 2277 749 conﬁrmavit
2315 695 2872 754 Chalcedonensem
2929 699 3233 769 synodum
3275 705 3550 759 sanctam

1900 795 2010 835 nec
2039 796 2162 836 non
2195 786 2250 838 et
2278 784 2615 841 orthodoxa
2645 790 2701 842 et
2743 786 3025 844 salutaria
3054 788 3181 859 ejus
3235 789 3546 860 dogmata.

1903 871 1968 924 Et
1992 885 2127 941 quae
2157 887 2193 927 a
2213 872 2460 930 diversis
2486 880 2706 932 exortae
2739 879 2878 932 sunt
2897 876 3156 932 haereses
3197 879 3552 936 anathema-

1904 957 2120 1026 tizavit,
2141 962 2198 1015 et
2227 962 2771 1020 excommunicavit
2799 963 3014 1020 eadem
3043 969 3251 1022 sancta
3273 967 3548 1038 synodus

1907 1046 2244 1117 Origenem,
2272 1054 2330 1106 et
2349 1052 2554 1107 omnia
2576 1052 2705 1123 ejus
2733 1052 2918 1125 impia
2941 1054 3180 1125 scripta,
3207 1055 3548 1126 Evagrium,

1908 1139 1965 1190 et
1995 1135 2334 1208 Didymum,
2365 1145 2423 1196 et
2451 1141 2694 1208 similes,
2737 1147 2794 1198 et
2839 1141 3097 1214 aequalia
3124 1144 3442 1214 sapientes,
3499 1151 3556 1201 et

1908 1224 2192 1281 doctrinis
2221 1228 2530 1296 gentilium
2561 1235 3012 1286 contemnentes
3057 1232 3437 1301 [inhaerentes
3462 1233 3556 1289 vel

1909 1313 2282 1386 insistentes]
2317 1319 2543 1374 Etenim
2569 1318 2682 1390 ipsi
2711 1335 2986 1391 corpora,
3032 1320 3091 1374 in
3145 1319 3367 1392 quibus
3395 1337 3560 1379 nunc

1913 1419 2147 1473 sumus,
2179 1404 2476 1474 dixerunt,
2501 1411 2792 1480 tanquam
2825 1408 2950 1464 sine
2973 1408 3271 1466 intellectu
3313 1416 3370 1467 et
3415 1412 3561 1468 insi-

1913 1492 2163 1564 pienter,
2193 1509 2316 1551 non
2346 1510 2482 1550 esse
2512 1501 2934 1568 resurrectura,
2966 1500 3021 1554 et
3040 1497 3206 1570 quod
3239 1499 3564 1571 paradisus

1915 1581 2212 1638 sensibilis
2238 1599 2360 1640 non
2387 1590 2475 1640 est
2502 1585 2694 1642 factus
2722 1600 2758 1640 a
2783 1587 2923 1654 Deo,
2974 1602 3084 1642 nec
3133 1591 3261 1654 est;
3290 1593 3348 1646 et
3398 1588 3568 1662 quod

1913 1671 2108 1728 Adam
2136 1687 2260 1729 non
2289 1673 2393 1730 fuit
2418 1674 2709 1730 formatus
2735 1691 2772 1730 a
2797 1678 2914 1730 Deo
2945 1676 3004 1731 in
3046 1691 3256 1745 carne;
3291 1681 3349 1734 et
3399 1678 3568 1750 quod

1839 1770 1877 1824 Β
1917 1777 2098 1833 poena
2127 1763 2522 1834 reproborum
2549 1763 2733 1820 tinem
2765 1764 3026 1832 habeat;
3060 1769 3115 1821 et
3145 1766 3312 1839 quod
3341 1767 3568 1824 daemo-

1915 1864 2021 1906 nes
2049 1850 2410 1908 reducentur
2426 1852 2485 1907 in
2515 1856 2740 1910 statum
2763 1853 3106 1924 pristinum,
3137 1870 3315 1926 quem
3339 1855 3568 1912 habue-

1915 1944 2074 2008 runt,
2144 1940 2363 1996 scilicet
2419 1946 2744 2012 antequam
2806 1942 3106 2000 caderent.
3184 1946 3312 1999 Non
3371 1945 3569 2000 solum

1919 2035 2121 2085 autem
2148 2029 2284 2098 hoc,
2313 2029 2418 2085 sed
2440 2033 2496 2085 et
2523 2029 2673 2084 alias
2700 2028 2964 2086 inﬁnitas
2992 2029 3403 2103 blasphemias
3450 2032 3572 2088 col-

1917 2117 2166 2188 ligentes
2197 2118 2427 2190 seipsos
2453 2118 2879 2174 immerserunt
2902 2119 2964 2174 in
2997 2119 3391 2190 profundum.
3426 2122 3570 2186 Quae

1920 2212 2120 2264 tamen
2147 2223 2337 2279 usque
2366 2206 2425 2262 in
2449 2206 2780 2279 publicum,
2812 2207 2907 2263 vel
2935 2207 2998 2263 in
3025 2207 3574 2265 manifestationem

1919 2312 2040 2352 non
2070 2295 2570 2368 praedicaverunt,
2604 2295 2709 2352 sed
2742 2295 2910 2368 apud
2949 2295 3186 2368 aliquos
3231 2299 3293 2352 in
3339 2297 3575 2352 occulto

1921 2384 2321 2451 habebantur,
2347 2401 2456 2440 nec
2482 2389 2806 2457 potuerunt
2832 2384 3089 2457 perfecte
3112 2385 3399 2441 aestimari
3423 2401 3577 2458 prae-

1921 2475 2080 2530 dicta
2110 2474 2400 2543 dogmata
2427 2473 2503 2529 de
2534 2478 2743 2530 sancta
2769 2473 3028 2546 synodo.
3061 2475 3212 2539 Quia
3241 2490 3380 2529 cum
3438 2475 3580 2530 dicti

1921 2568 2039 2620 tres
2093 2563 2352 2619 haeretici
2404 2561 2593 2618 multo
2651 2563 3018 2635 antiquiores
3085 2562 3335 2618 fuissent
3421 2579 3578 2634 prae-

1920 2652 2079 2708 dicto
2108 2651 2318 2724 quinto
2349 2651 2620 2716 concilio,
2651 2651 2967 2707 multos‘in
3018 2650 3266 2707 diversis
3300 2652 3577 2723 partibus

1917 2742 2130 2798 mundi
2149 2745 2518 2797 attraxerant
2539 2741 2671 2796 sibi.
2708 2743 2974 2812 Cumque
2998 2739 3252 2796 multum
3284 2741 3576 2813 populum

1923 2830 2245 2901 coepissent
2273 2828 2624 2900 hujusmodi
2654 2827 2842 2899 impia
2863 2828 3155 2897 dogmata
3172 2843 3578 2898 corrumpere,

1919 2920 2118 2974 statim
2145 2918 2513 2988 etquintum
2567 2917 2888 2973 concilium
2945 2916 3250 2972 voluntate
3309 2915 3409 2970 Dei
3462 2917 3575 2973 fuit

1915 3007 2299 3071 celebratum,
2334 3005 2438 3061 ubi
2459 3006 2643 3077 ipsos,
2689 3010 2974 3060 eteorum
3027 3004 3439 3077 blasphemias
3481 3021 3571 3060 re-

1911 3096 2200 3170 probans,
2233 3111 2335 3150 eos
2366 3099 2650 3150 etomnes
2701 3093 2919 3149 similia
2956 3097 3275 3164 sequentes
3316 3094 3572 3150 anathe-

1911 3186 2092 3242 matis
2127 3184 2330 3254 gladio
2361 3183 2674 3256 percussit.

1980 3279 2232 3347 Insuper
2247 3279 2304 3330 et
2319 3273 2698 3328 Theodorum
2723 3271 3096 3343 MOpsuestiae
3120 3271 3290 3344 impii
3321 3272 3574 3345 Nestorii

1909 3362 2269 3436 discipulum
2283 3377 2421 3418 cum
2437 3359 2560 3415 suis
2581 3359 2905 3416 exsecratis
2918 3359 3304 3431 dogmatibus
3326 3376 3570 3416 excom-

1908 3452 2322 3510 municavitet
2361 3450 2532 3522 ejecit
2571 3449 2648 3505 ab
2704 3448 2986 3505 Ecclesia.
3040 3451 3184 3506 Cum
3237 3449 3460 3522 quibus
3513 3455 3571 3507 et

1912 3540 2289 3608 Antiochum,
2323 3543 2378 3594 et
2399 3542 2630 3594 Petrum
2663 3541 2841 3593 Zoam
2875 3537 3236 3604 eliminavit,
3288 3554 3396 3593 nec
3444 3552 3571 3595 non

1913 3637 1969 3686 et
2001 3629 2446 3697 Theodoritum,
2497 3627 2602 3699 qui
2633 3633 2844 3682 contra
2876 3635 3392 3698 propugnatorem
3449 3629 3571 3699 pic-

1915 3719 2048 3776 tatis
2071 3722 2126 3774 et
2154 3717 2441 3783 veritatis,
2469 3716 2718 3772 beatum
2751 3715 3058 3788 Cyrillum,
3090 3715 3348 3771 multum
3387 3715 3570 3788 impie

1913 3814 1968 3864 et
1996 3807 2150 3864 male
2183 3807 2566 3878 scripserunt,
2601 3810 2656 3860 et
2682 3805 2861 3860 etiam
2893 3809 3099 3861 contra
3121 3805 3383 3876 primam
3425 3821 3568 3861 san-

1912 3903 2071 3954 ctam
2100 3895 2404 3969 synodum
2437 3894 2823 3966 Ephesinam,
2865 3899 2922 3950 et
2961 3899 3170 3949 contra
3189 3893 3326 3948 fidei
3348 3897 3566 3948 nostrae

1913 3989 2280 4044 documenta
2307 3985 2594 4042 mentitus
2619 3989 2724 4050 est,
2749 3984 2987 4039 donans
3015 4000 3077 4037 se
3109 3982 3332 4038 inﬁdeli
3373 3986 3572 4039 Nesto-

1911 4079 1998 4134 rio
2025 4085 2081 4134 et
2110 4078 2385 4149 profano,
2461 4073 2539 4129 ab
2582 4073 2838 4128 Ecclesia
2887 4078 3180 4143 tanquam
3221 4071 3569 4128 harreticum

1913 4170 2234 4238 ejecerunt,
2293 4166 2486 4221 donec
2545 4162 2752 4218 omnia
2791 4165 3130 4231 revocaret;
3173 4177 3309 4232 quae
3361 4161 3569 4218 omnia

1914 4267 2206 4332 tanquam
2236 4253 2514 4328 pestifera
2543 4268 2678 4308 cum
2711 4249 2811 4306 illa
2831 4249 3104 4322 epistola,
3129 4266 3266 4322 quae
3321 4250 3437 4306 lbae
3486 4251 3572 4308 di-

1921 4351 2088 4419 citur,
2113 4363 2250 4419 quae
2283 4344 2468 4400 inissa
2493 4341 2680 4397 fuitin
2712 4340 3015 4396 Persidem
3048 4338 3126 4395 ad
3151 4339 3375 4406 Marim,
3411 4341 3574 4412 peni-

1849 4464 1893 4516 θ
1927 4446 2020 4497 tus
2077 4436 2593 4508 exstiparverunt;
2645 4447 2766 4488 non
2831 4430 3026 4486 solum
3077 4431 3252 4486 rectis
3285 4430 3574 4486 doctrinis

1929 4526 2306 4588 adversantia
2320 4520 2869 4593 eranthujusmodi,
2901 4519 3008 4574 sed
3031 4536 3168 4574 cum
3187 4519 3353 4574 omni
3369 4520 3576 4591 impie-

1931 4625 2049 4676 tate
2071 4612 2536 4689 participabaut.
2571 4611 2665 4666 His
2697 4611 2898 4682 itaque
2927 4609 3037 4664 rite
3068 4608 3324 4680 peractis
3359 4609 3578 4663 conﬁr-

1931 4689 2363 4768 maveruntfut
2399 4701 2646 4769 dictum,
2699 4699 2987 4768 dogmata
3038 4696 3329 4760 Ecclesiae,
3383 4700 3438 4750 et
3480 4709 3577 4751 ro-

1929 4797 2312 4853 boraverunt.

1929 4906 2015 4960 De
2029 4907 2196 4959 sexta
2219 4898 2464 4970 synodo,
2494 4893 3164 4962 Constanti'nopolilana
3180 4892 3379 4947 tertia.
3405 4891 3582 4946 Dam-

1999 4997 2109 5048 nat
2139 5005 2319 5045 unam
2341 4989 2401 5042 in
2434 4985 2673 5042 C’n‘isto
2703 4984 3068 5039 voluntatem
3085 4987 3136 5036 et
3151 4983 3578 5050 operationem.

2005 5103 2182 5157 Sexta
2216 5098 2425 5152 sancta
2453 5097 2509 5149 et
2535 5089 2888 5148 universalis
2920 5088 3196 5160 synodus
3223 5087 3379 5144 facta
3401 5087 3582 5145 etiam

1933 5190 2040 5245 fuit
2097 5181 2630 5253 Constantinopoli,
2681 5178 3051 5235 Constantini
3091 5178 3399 5248 Pogonati,
3478 5175 3584 5232 ﬁlii

1932 5275 2269 5344 Iustiniani,
2302 5271 2688 5344 iemporibus,
2735 5269 2848 5324 sub
2899 5268 3207 5338 Agathone
3255 5283 3416 5339 papa
3476 5269 3584 5322 Ro-

1933 5382 2137 5423 mano.
2173 5367 2233 5418 In
2263 5379 2382 5434 qua
2405 5357 2847 5427 fuitGregorius
2894 5356 3234 5428 patriarcha
3292 5357 3585 5410 Constan-

1936 5455 2387 5528 tinopolitanus,
2444 5448 2840 5520 TheOphanes
2880 5445 3228 5506 Antiochiae,
3275 5448 3332 5499 et
3380 5444 3585 5497 l’ctrus

1935 5545 2271 5604 monachus
2325 5538 2571 5595 vicarius
2633 5535 3006 5590 Alexandriae
3071 5533 3352 5601 (vacabat
3424 5530 3584 5585 enim

1936 5637 2156 5703 sedes),
2183 5649 2322 5689 cum
2357 5629 2485 5687 aliis
2511 5631 2752 5684 centum
2787 5624 3191 5698 septuaginta,

3095 5725 3157 5776 18

3863 10 3930 50 ἑοῖ

3883 59 3926 88 ελ
3957 93 3968 98 _

3891 101 3994 134 ad.”

3863 161 3868 166 .
3909 157 3992 202 κζ’,

3929 323 3938 334 ο
3989 319 4006 336 δ’

3935 369 3986 396 "..

3937 433 3948 442 ο
3987 415 4000 430 δ

3933 487 3940 494 ο
3971 461 3996 502 ⁵.

3965 741 3996 754 κ.

3993 917 4012 960 ξι

3983 1389 4008 1422 ,δ

3973 1665 3984 1684 ,
4023 1613 4044 1674 ἕ

4001 1737 4042 1780 ᾇ.

3991 1919 4002 1934 ι
4029 1921 4038 1934 ο

4037 2013 4068 2058 I'I

4035 2059 4050 2078 4

4027 2093 4046 2122 ﬁ

4033 2139 4046 2166 ι

3981 2215 3984 2218 ’
4037 2205 4048 2266 ἓ

3981 2331 3986 2336 ς
4027 2295 4050 2360 .1

4047 2457 4058 2470 ι

4003 2489 4012 2498 Ο
4049 2513 4064 2532 Ι

3997 2657 4000 2664 ·
4073 2645 4081 2686 Ἰ

4037 2657 4081 3069 ἦ
