4106 6222
137 262 250 336 ssi

1512 321 1522 328 .
1560 257 1837 332 CONTRA
1877 271 2188 333 caecos.

3475 271 3578 349 Sitti

138 411 343 465 totum
366 398 720 476 processum
744 402 983 459 summo
1001 398 1292 472 pontiﬁci,
1313 400 1480 456 utsic
1513 399 1628 455 tale
1673 413 1812 488 con-
1841 397 1888 452 Α
1920 397 2142 488 tiochia
2194 403 2398 474 Syriae,
2461 409 2733 479 tempore
2787 410 3162 467 Constantini
3195 411 3572 488 [Constantii]

137 495 485 549 ciliumsua
535 492 885 546 auctoritate
933 490 1412 546 conﬁrmaretur.
1458 492 1605 544 Nam
1654 486 1814 542 colli-

141 590 378 652 guntur
395 589 620 653 septem
637 580 889 636 concilia
902 581 960 635 in
977 579 1154 647 libro,
1168 595 1271 651 qui
1293 580 1680 635 Nomocanon
1705 593 1812 648 ap-

143 673 432 744 pellatur.
450 671 600 734 Quid
627 675 829 726 tamen
851 685 1010 741 papa
1033 669 1424 741 responderit,
1443 683 1564 722 non
1588 666 1812 722 inveni.

557 814 640 869 De
653 812 896 883 synodz's
926 811 1422 881 particulartbus.

227 936 563 993 Dicendum
603 951 870 1008 quoque,
912 941 1129 1007 praeter
1149 935 1293 990 istas
1321 941 1550 1006 septem
1574 933 1817 988 univer-

157 1027 317 1082 sales
346 1025 638 1098 synodos,
664 1024 839 1080 fuitet
861 1024 1130 1091 unaalia,
1155 1023 1508 1079 universalis
1545 1021 1814 1094 quidem,

156 1116 260 1171 sed
277 1116 430 1187 quia
448 1129 570 1170 non
591 1115 714 1184 agit
734 1113 808 1168 de
826 1112 1090 1168 articulis
1111 1112 1269 1178 ﬁdei,
1313 1127 1434 1166 non
1471 1112 1716 1184 ponitur
1757 1111 1817 1164 in

157 1217 418 1258 numero
436 1201 806 1270 generalium
823 1201 1198 1270 synodorum
1221 1199 1299 1254 ab
1321 1200 1585 1271 antiquis
1602 1196 1818 1254 Graecis

157 1291 260 1346 sed
299 1292 458 1346 inter
478 1290 628 1344 alias
667 1304 798 1361 quae
834 1288 1053 1343 locales
1103 1289 1511 1344 nominantur.
1555 1280 1821 1343 Moderni

157 1378 894 1448 veroGrteci,schismatici
918 1393 1056 1432 eum
1078 1377 1215 1440 sint,
1242 1375 1318 1432 ab
1360 1377 1528 1433 omni
1566 1393 1819 1433 numero

153 1470 322 1524 illam
344 1468 1058 1528 excluserunt,etnomen
1093 1467 1224 1536 ejus
1271 1467 1479 1522 audire
1519 1467 1818 1522 subticue—

155 1564 396 1628 runt,eo
443 1555 614 1628 quod
662 1569 871 1610 eorum
923 1555 1270 1626 patriarcha
1329 1555 1592 1624 Photius,
1641 1555 1824 1611 haere-

157 1647 427 1710 siarcha,
453 1645 563 1700 fuit
606 1643 666 1698 in
697 1644 829 1716 ipsa
875 1643 1163 1712 dignitate
1214 1643 1597 1715 patriarchali
1633 1659 1824 1716 quam

1921 487 2228 560 principis,
2289 492 2389 548 ﬁlii
2451 495 2818 552 Constantini
2869 499 3081 570 Magni,
3147 517 3284 574 quae
3369 505 3578 575 viginti

1923 591 2185 633 canones
2205 582 2640 640 ecclesiasticos
2663 586 3084 657 promulgavit.
3115 589 3252 644 Post
3272 591 3446 648 istam
3471 595 3581 650 fuit

1923 669 1980 719 et
2009 666 2126 721 alia
2156 671 2427 740 synodus
2459 673 2517 727 in
2544 673 2796 740 civitate,
2831 691 2964 748 quae
2992 675 3206 733 dicitur
3229 682 3484 750 Gangra,
3518 683 3580 738 in

1925 754 2166 822 regione
2183 757 2663 830 Paphlagonum.
2697 763 2836 824 Quae
2867 764 3074 833 viginti
3100 768 3366 840 quinque
3402 785 3583 826 cano-

1926 858 2034 898 nes
2068 859 2174 915 pro
2205 846 2516 905 honestate
2546 850 2898 907 clericorum
2929 853 3115 909 edidit
3143 860 3200 910 et
3223 856 3539 914 ordinavit.

1999 931 2126 988 Alia
2172 933 2366 991 fuitin
2427 939 2680 1007 civitate,
2741 956 2878 1012 quas
2934 941 3134 998 Sardis
3183 944 3397 1001 dicitur
3441 945 3576 1019 (41),

1927 1027 2170 1093 propter
2204 1025 2619 1083 Constantium
2655 1029 3103 1100 imperatorem,
3134 1032 3323 1089 ﬁlium
3373 1035 3582 1106 magni

1927 1111 2315 1177 Constantini,
2342 1113 2447 1185 qui
2477 1115 2798 1172 declinavit
2825 1117 2886 1172 in
2908 1118 3162 1175 hmresin
3195 1121 3577 1180 Arianorum.

1928 1197 2074 1252 Huic
2105 1197 2282 1254 frater
2312 1217 2457 1256 suus
2489 1205 2849 1276 [Constans].
2878 1207 2982 1278 qui
3012 1209 3306 1276 regnabat
3337 1211 3397 1266 in
3423 1213 3579 1268 occi-

1928 1286 2124 1354 dente,
2159 1288 2233 1342 ad
2260 1290 2650 1348 monitionem
2677 1309 2872 1366 papae,
2899 1295 3058 1351 misit
3083 1297 3306 1354 litteras
3333 1302 3584 1356 commi-

1929 1377 2214 1445 natorias,
2244 1377 2482 1445 scilicet,
2515 1380 2680 1451 quod
2713 1390 3009 1453 pugnaret
3039 1390 3247 1440 contra
3276 1402 3436 1455 eum,
3469 1389 3583 1444 nisi

1931 1478 1967 1517 a
1988 1463 2146 1519 dicto
2172 1479 2367 1521 errore
2389 1466 2716 1526 desisteret.
2738 1470 3002 1527 Tandem
3026 1471 3099 1528 de
3149 1475 3460 1549 utriusque
3482 1494 3584 1532 vo-

1930 1550 2158 1607 luntate
2204 1553 2441 1624 exstitit,
2473 1562 2536 1610 ut
2582 1558 2853 1629 synodus
2881 1569 3344 1632 eongregaretur
3363 1566 3420 1620 in
3447 1579 3587 1636 par-

1935 1641 2096 1697 tibus
2128 1643 2397 1710 Orientis,
2431 1650 2485 1701 et
2509 1648 2808 1719 quidquid
2838 1653 3036 1705 Patres
3072 1668 3252 1724 super
3278 1655 3390 1708 hoc
3445 1653 3587 1709 (1θῆ-

155 1737 270 1790 sibi
288 1737 511 1807 injuste
531 1734 1504 1806 usui-paverat,nuperdepositus.
1539 1735 1827 1797 Etbeatus
1868 1747 1907 1801 Β
1937 1731 2148 1793 nirent,
2195 1749 2403 1788 eorum
2470 1739 2696 1791 starent
2750 1739 2996 1794 consilio
3051 1745 3107 1795 et
3153 1741 3475 1798 sententiae.
3522 1745 3591 1798 Et

164 1825 450 1893 lgnatius,
473 1824 580 1895 qui
597 1823 794 1878 studio
816 1822 955 1878 dicti
975 1823 1157 1877 Photii
1179 1839 1215 1878 a
1231 1822 1393 1878 dicta
1431 1824 1571 1879 sede
1607 1823 1828 1895 injuste

163 1915 452 1985 expulsus
473 1912 690 1973 fuerat,
711 1912 1036 1966 honoriﬁce
1057 1912 1384 1968 restitutus.
1408 1914 1674 1969 Testatur
1715 1909 1828 1969 hoc

171 2003 514 2058 Chronicon
533 2001 782 2056 nomine
804 1999 1226 2072 Paphlagonis,
1268 2000 1327 2055 in
1375 2016 1500 2073 quo
1548 2018 1699 2074 pene
1743 2003 1829 2058 iu-

167 2091 376 2147 audita
400 2097 764 2146 enarrantur
788 2090 861 2144 de
887 2089 1094 2144 Photio
1117 2090 1489 2146 exsecranda
1533 2090 1830 2147 maleﬁcia

176 2179 920 2251 indamnationemipsius.
949 2179 1482 2236 Fluxeruntautem
1503 2189 1540 2236 a
1577 2182 1830 2254 septima

187 2269 542 2324 universalis
545 2267 752 2340 ynodo
765 2281 954 2340 usque
981 2266 1059 2323 ad
1074 2269 1248 2323 istam
1261 2273 1535 2324 octavam
1546 2315 1559 2338 ,
1574 2269 1719 2326 anni
1739 2286 1834 2326 oc-'-

195 2358 427 2426 toginta
438 2357 570 2427 duo;
585 2358 664 2412 ab
677 2356 891 2412 eadem
913 2363 1116 2412 autem
1131 2363 1300 2413 sexta
1325 2358 1566 2414 trecenti
1581 2363 1830 2431 septem.

270 2447 663 2502 Particulares.
714 2445 836 2500 sive
899 2446 1120 2502 locales
1189 2445 1408 2519 synodi
1449 2447 1508 2502 in
1556 2447 1834 2520 partibus

191 2534 445 2591 Orientis
478 2534 716 2590 fuerunt
763 2533 908 2589 istae:

255 2623 452 2678 Prima
470 2623 896 2678 fuitcelcbrata
927 2622 987 2678 in
1035 2624 1349 2680 Antiochia
1408 2624 1658 2692 Pisidiae,
1690 2632 1834 2682 tem-

183 2712 1297 2785 poreAurelianiimperatoris,contra
1335 2713 1588 2769 Paulum
1628 2717 1836 2772 Samo-

178 2806 503 2865 satensem,
523 2801 628 2873 qui
647 2801 880 2874 primus
901 2815 1085 2856 ausus
1108 2806 1195 2857 est
1216 2801 1634 2874 blasphemare
1681 2803 1839 2860 Chri-

180 2897 338 2946 stum
361 2891 688 2946 Dominum
707 2896 975 2945 nostrum
1001 2890 1208 2944 Filium
1233 2891 1352 2959 Dei,
1375 2891 1580 2946 dicens
1621 2905 1842 2966 purum

179 2995 316 3034 eum
331 2979 517 3034 fuisse
558 2979 1000 3057 hominem;sed
1013 2993 1118 3050 per
1130 2979 1385 3048 gratiam
1400 2979 1581 3035 fuisse
1596 2981 1841 3050 insigni-

1938 1837 2075 1876 cum
2093 1821 2318 1877 factum
2336 1829 2509 1888 esset,
2527 1824 3099 1898 deiinivitprasdicta
3134 1830 3404 1899 synodus
3459 1833 3587 1888 Sar-

1937 1909 2096 1975 dica,
2116 1909 2476 1981 Symbolum
2493 1913 2799 1969 Nicamum
2821 1931 3059 1970 summe
3073 1933 3204 1971 esse
3224 1917 3584 1976 tenendum:

1937 1997 2169 2053 addens
2202 1998 2410 2068 viginti
2453 2015 2643 2056 unum
2685 2017 2948 2058 canones
2977 2002 3058 2058 ad
3082 2002 3418 2061 doctrinam
3449 2005 3588 2062 ﬁdei

1938 2088 2318 2158 pertinentes.

2001 2176 2281 2232 Similiter
2322 2177 2383 2232 in
2438 2178 2731 2235 Laodicea
2780 2180 3094 2252 metropoli
3133 2181 3420 2254 quasdam
3474 2182 3594 2240 alia

1941 2265 2048 2320 fuit
2071 2265 2372 2335 synodus,
2402 2275 2538 2338 qua
2569 2271 2636 2322 59
2661 2283 2923 2324 canones
2952 2269 3374 2340 promulgavit.

2013 2355 2148 2408 Post
2201 2354 2359 2410 hanc
2403 2371 2544 2411 vero
2588 2363 2950 2426 congregata
2994 2361 3082 2413 est
3115 2359 3381 2415 secunda
3400 2361 3600 2418 etuni—

1943 2443 2187 2499 vei-salis
2209 2443 2498 2516 synodus,
2529 2460 2665 2516 quas
2683 2447 3341 2520 Constantinopolitana
3361 2449 3596 2520 dicitur,

1944 2536 2153 2588 contra
2166 2532 2599 2602 Macedonium,
2614 2534 2875 2605 praedata:
2924 2533 3092 2591 urbis
3111 2536 3602 2610 episcopum,sic-

1948 2625 2008 2677 ut
2039 2635 2224 2694 supra
2255 2621 2504 2677 fecimus
2527 2622 2913 2688 mentionem,
2947 2625 3048 2697 qui
3080 2629 3288 2683 contra
3317 2628 3602 2702 Spiritum

1947 2716 2222 2766 sanctum
2267 2709 2450 2782 impie
2481 2711 2945 2783 blasphemavit.
2995 2716 3108 2770 Sed
3161 2731 3429 2772 canones
3477 2733 3604 2773 non

1949 2799 2135 2856 edidit
2167 2800 2280 2855 nisi
2310 2800 2599 2873 quinque.

2024 2891 2184 2944 Hanc
2235 2895 2438 2944 secuta
2489 2894 2582 2944 est
2635 2889 2806 2945 tertia
2859 2891 3178 2959 generalis,
3234 2893 3293 2947 in
3365 2893 3602 2949 civitate

1949 2977 2181 3048 Epheso
2209 2975 2526 3042 celebrata,
2557 2982 2766 3033 contra
2796 2979 3050 3050 impium
3071 2981 3427 3052 Nestorium,
3452 2981 3604 3037 sicut

181 3074 304 3123 tum
323 3073 383 3124 et
403 3065 821 3123 sublimatum.
849 3066 1018 3132 Quod
1038 3067 1349 3123 audientes
1378 3069 1608 3140 praelati
1656 3070 1845 3126 Eccle-
1875 3091 1916 3151 Ε
1949 3065 2202 3121 habetur
2230 3081 2432 3136 supra.
2469 3066 2650 3136 Cujus
2679 3081 2943 3122 canones
2971 3067 3212 3124 fuerunt
3241 3085 3366 3127 sex.

179 3158 410 3212 siarum
422 3201 436 3224 ,
450 3157 872 3212 confluxerunt
886 3155 1148 3227 undique
1161 3172 1283 3211 com
1293 3156 1492 3227 plures
1512 3159 1589 3214 ad
1621 3159 1843 3215 dictam

179 3249 506 3314 civntatem,
542 3245 850 3300 obviantes
895 3248 1076 3300 errori
1108 3261 1287 3308 novo,
1313 3251 1369 3301 et
1429 3247 1701 3317 primitus
1749 3265 1844 3304 ex-

183 3343 336 3391 orto.
359 3334 597 3390 Praefuit
615 3340 818 3389 autem
840 3333 930 3388 isti
965 3333 1363 3405 synodolnnc
1405 3336 1688 3406 temporis
1733 3340 1844 3408 Hy-

189 3433 468 3482 menaeus
519 3423 1073 3495 Hierosolymorum
1141 3423 1556 3496 episcopus,et
1629 3425 1842 3481 beatus

185 3513 512 3584 Gregorius
531 3515 929 3567 Neocmsareaa
943 3511 1466 3585 Cappadociae,qui
1491 3513 1843 3583 agnomina-

185 3610 284 3658 tur
303 3600 873 3668 Thaumaturgus,id
891 3605 999 3661 est,
1044 3600 1414 3668 miriﬁcus,et
1437 3601 1554 3669 alii,
1571 3603 1672 3674 qui
1687 3602 1840 3658 Pau-

182 3694 315 3747 lum
343 3689 1332 3760 communisententiadeponentes
1347 3690 1426 3748 ab
1442 3691 1696 3748 Ecclesia
1722 3694 1839 3764 eje-

183 3787 420 3836 eerunt.
449 3781 650 3834 Utrum
672 3793 813 3833 vero
834 3777 1085 3832 ediderit
1105 3789 1392 3844 canones,
1409 3795 1530 3836 non
1558 3781 1834 3840 habetur.

257 3871 402 3925 Post
445 3869 618 3923 istam
663 3867 1006 3922 immediate
1028 3867 1138 3922 fuit
1186 3868 1453 3924 secunda
1482 3870 1541 3924 in
1577 3871 1833 3939 civitate,

175 3975 323 4030 quia
346 3957 560 4012 dicitur
583 3957 842 4025 Auguria
859 3956 1155 4028 [Ancyra];
1174 3956 1228 4010 in
1246 3958 1832 4028 provinciaGalatire,

177 4049 270 4102 cui
297 4046 536 4118 prtei‘nit
557 4045 1424 4116 Jutellius[Vitalis]Antiochiae
1454 4048 1637 4118 Syrian
1684 4065 1829 4120 prm-

176 4137 292 4198 sul,
319 4143 375 4191 et
392 4134 739 4204 Agricolaus
763 4139 1044 4189 Caesarea:
1069 4135 1481 4207 Cappadociae,
1535 4139 1833 4194 Convene-

177 4222 610 4296 runtpraedicti
635 4222 1112 4288 Patres,etmulti
1135 4223 1370 4278 cumeis
1393 4224 1450 4279 in
1499 4225 1658 4281 dicto
1703 4227 1834 4284 loco

179 4322 430 4386 propter
464 4312 787 4384 quosdam,
837 4312 938 4383 qui
989 4319 1256 4383 tempore
1305 4314 1734 4384 persecutionis
1772 4317 1834 4371 in

2022 3156 2156 3210 Post
2186 3154 2362 3209 istam
2390 3169 2530 3208 vero
2566 3153 2676 3209 fuit
2704 3155 2874 3211 tertia
2901 3156 2961 3210 in
2996 3155 3142 3212 urbe
3189 3158 3601 3216 Constantino-

1953 3241 2218 3313 politana
2241 3249 2448 3298 contra
2477 3243 2801 3314 Eutychen,
2827 3243 2931 3299 sed
2956 3245 3329 3316 particularis
3354 3265 3367 3303 :
3396 3247 3601 3304 nullos

1951 3337 2150 3387 tamen
2181 3345 2444 3386 canones
2468 3329 2672 3392 edidit,
2705 3346 2814 3386 nec
2843 3331 3156 3390 habentur.

2024 3420 2244 3476 Deinde
2273 3423 2477 3474 secuta
2499 3423 2588 3474 est
2614 3418 2735 3484 illa,
2765 3435 2899 3490 quae
2921 3423 2980 3475 in
3027 3421 3400 3479 Chalcedone
3449 3423 3597 3484 urbe

1951 3527 1986 3566 a
2016 3509 2306 3564 sexcentis
2341 3507 2580 3578 triginta
2606 3507 2880 3564 Patribus
2897 3509 3116 3564 sanctis
3137 3510 3433 3570 celebrata
3457 3513 3588 3574 fuit.

1949 3599 2132 3667 Cujus
2158 3611 2421 3651 canones
2451 3601 2592 3652 sunt
2619 3597 2820 3664 viginti
2846 3597 3134 3671 quinque.

2023 3687 2147 3742 Fuit
2171 3693 2225 3740 et
2245 3685 2362 3740 alia
2379 3684 2649 3757 synodus
2667 3687 3311 3759 Contantinopolitana,
3337 3691 3595 3762 particu-

1943 3775 2084 3831 laris
2111 3781 2313 3829 tamen
2341 3779 2548 3830 contra
2585 3775 2886 3830 Severum.
2910 3778 3260 3832 Anastasius
3297 3778 3593 3850 siquidem

1943 3866 2292 3936 imperator,
2319 3861 2630 3918 declinans
2656 3862 2716 3918 in
2746 3863 3018 3919 haeresim
3047 3866 3405 3937 Eutychetis,
3444 3870 3592 3922 mul-

1943 3961 2033 4009 tos
2062 3958 2117 4008 et
2149 3967 2400 4024 magnos
2425 3952 2702 4023 praelatos
2749 3953 2921 4022 ejecit
2943 3953 3018 4008 de
3046 3953 3192 4009 locis
3222 3955 3368 4020 suis,
3407 3957 3592 4012 susci-

1943 4050 2075 4097 tans
2091 4057 2195 4112 per
2216 4041 2561 4095 universum
2583 4040 2897 4111 imperium
2912 4057 3087 4096 suum
3111 4044 3589 4114 persecutionem

1942 4131 2232 4186 universae
2261 4129 2531 4184 Ecclesiae
2562 4129 2798 4184 Christi.
2859 4130 3022 4186 Unde
3052 4147 3193 4186 cum
3223 4134 3592 4204 praestitisset

1941 4219 2208 4275 favorem
2246 4219 2461 4272 Severo
2493 4216 2791 4284 haeretico,
2828 4221 2888 4274 ut
2911 4217 3072 4274 ﬁeret
3102 4222 3447 4291 patriarcha
3491 4225 3590 4278 Ec-

1944 4308 2135 4364 clesiae
2192 4305 2552 4361 Antochenae
2581 4309 2705 4360 sine
2744 4305 2909 4362 irrita
2965 4307 3250 4364 electione
3292 4309 3587 4376 Flaviani,

181 4403 466 4467 Ecclesia,
489 4406 731 4473 propter
755 4401 939 4456 nimia
954 4405 1251 4456 tormenta
1273 4407 1640 4470 negaverunt
1675 4405 1833 4460 Chri-
1865 4431 1912 4486 υ
1943 4413 2124 4470 quem
2146 4393 3140 4486 canonesadvocabantmartyrem
3163 4400 3275 4469 (42)
3301 4417 3314 4465 ;
3339 4400 3592 4455 scanda-

181 4499 370 4548 stum:
393 4490 542 4546 scire
563 4490 849 4559 volentes,
875 4495 1071 4545 utrum
1093 4489 1240 4544 tales
1272 4491 1591 4562 recipiendi
1642 4500 1840 4551 essent

183 4572 265 4628 ad
289 4570 478 4627 ﬁdem
513 4570 587 4626 de
618 4575 852 4638 caetero,
883 4579 940 4626 et
985 4569 1294 4642 quomodo
1335 4578 1532 4628 essent
1577 4575 1838 4631 reconci-

184 4661 396 4716 liandi.
423 4659 610 4727 Unde,
634 4659 1022 4730 inquisitione
1061 4657 1238 4724 facta,
1261 4659 1620 4717 deﬁnierunt
1651 4663 1840 4721 multa

185 4764 374 4821 super
416 4748 552 4816 hoc,
585 4752 643 4804 et
677 4747 939 4803 fecerunt
985 4761 1250 4802 canones
1296 4748 1500 4818 viginti
1547 4751 1836 4824 quinque.

262 4840 468 4896 Fuitet
488 4839 652 4894 tertia
689 4837 959 4909 synodus
992 4844 1428 4908 consequenter
1469 4846 1603 4911 post
1651 4842 1836 4910 illam,

185 4929 324 4986 etin
385 4930 769 4984 Neocaesarea
817 4925 1001 4981 Ponti:
1053 4941 1190 4997 quas
1245 4927 1514 4983 similiter
1577 4945 1840 4988 canones

189 5016 383 5074 edidit
401 5015 878 5088 quatuordeeim.
1052 5076 1062 5084 ν,

295 5108 463 5162 Hanc
508 5111 714 5162 secuta
734 5109 821 5160 est
867 5103 1064 5176 prima
1109 5103 1476 5174 generalium
1499 5105 1559 5162 in
1604 5108 1840 5165 civitate

185 5198 407 5267 Nicma,
476 5201 657 5251 conta
734 5193 958 5256 Arium.
994 5197 1058 5249 ut
1126 5193 1400 5264 superius
1485 5210 1840 5268 eXpressum

189 5292 299 5350 est,
334 5285 510 5358 cujus
533 5299 797 5340 canones
825 5287 965 5338 sunt
1008 5283 1236 5352 viginti.

265 5374 396 5430 Alia
427 5372 699 5446 synodus
725 5371 1023 5427 celebrata
1061 5370 1168 5428 fuit
1211 5372 1595 5444 postmodum
1641 5375 1700 5430 in
1730 5381 1842 5430 An-

1943 4487 2034 4553 lis,
2063 4493 2120 4542 et
2151 4483 2686 4558 persecutionibus,
2723 4489 2780 4539 et
2807 4485 3144 4541 homicidiis
3175 4487 3444 4560 implevit
3491 4491 3590 4544 Ec-

1946 4577 2189 4634 clesiam
2222 4574 2433 4629 Christi
2463 4573 2782 4645 praedictus
2809 4575 3063 4630 Severus
3091 4593 3103 4630 :
3132 4577 3210 4632 ita
3259 4583 3320 4632 ut
3349 4583 3592 4634 Anasta-

1947 4668 2070 4722 sius
2101 4666 2226 4736 ipse
2258 4665 2558 4735 protector
2588 4679 2734 4717 suus
2765 4668 2822 4718 et
2851 4663 3045 4718 fautor
3097 4680 3204 4735 per
3231 4665 3452 4720 litteras
3479 4666 3592 4736 ipsi

1946 4752 2430 4816 comminaretur,
2463 4750 2630 4822 quod
2659 4751 2770 4806 nisi
2801 4751 3108 4806 desisteret
3144 4767 3179 4806 a
3207 4752 3305 4807 tali
3335 4754 3591 4821 insania,

1947 4859 2085 4900 eum
2107 4843 2184 4898 ab
2211 4842 2435 4896 honore
2457 4839 2896 4912 patriarchatus
2917 4839 3259 4912 deponeret.
3286 4843 3414 4906 Quo
3441 4847 3594 4897 Ana-

1948 4933 2131 4988 stasio
2161 4929 2462 4998 defuncto,
2487 4929 2746 4999 suscepit
2770 4927 3034 4983 Justinus
3053 4928 3238 4985 homo
3266 4929 3596 4986 catholicus

1948 5018 2518 5093 sceptrumimperii.
2548 5017 2718 5082 Quod
2734 5017 2953 5072 timens
2979 5024 3035 5073 et
3059 5017 3268 5074 videns
3317 5021 3595 5090 Severus,

1947 5106 2274 5166 voluntarie
2304 5106 2479 5162 cessit
2505 5105 2739 5169 honori,
2771 5104 3021 5162 latenter
3045 5106 3253 5177 fugam
3285 5109 3497 5168 iniens.
3545 5114 3601 5165 et

1947 5213 2203 5271 pergens
2224 5193 2640 5250 Alexandriam
2665 5191 2739 5249 ad
2769 5210 2914 5250 suos
2945 5196 3293 5268 complices.
3329 5201 3599 5269 Cumque

1949 5286 2173 5342 ibidem
2196 5284 2258 5339 in
2274 5282 2621 5356 praedictum
2644 5298 2907 5338 errorem
2931 5283 3221 5355 plurimos
3245 5286 3600 5351 induxisset,

1952 5373 2319 5430 Justinianus
2351 5371 2696 5442 imperator,
2728 5375 2834 5443 qui
2873 5372 3158 5444 praedicto
3196 5375 3428 5430 Justino
3473 5389 3605 5428 suc-

267 5501 381 5575 (an
414 5497 695 5575 Synodus
718 5497 830 5575 ista
859 5500 946 5551 est
969 5496 1339 5566 universalis,
1370 5498 1609 5553 tametsi
1639 5498 1891 5556 Nicaeum
1921 5497 2138 5574 synodi
2163 5493 2468 5568 appendix
2491 5493 2777 5566 quaedam
2806 5495 3039 5553 censeri
3073 5497 3289 5575 soleat.‘

271 5574 386 5646 (42)
421 5568 612 5627 Locus
635 5568 988 5628 mendosus.
