4106 6222
10 1975 12 2011 I

7 2405 11 2446 ι

553 315 655 371 E559

551 614 1103 687 stantinopolitana.
1142 612 1363 669 Eodem
1384 616 1651 685 tempore
1678 627 1841 686 papa
1870 616 2192 685 Agapetus,

550 709 793 777 propter
812 700 1310 776 persecutionem,
1326 717 1463 773 quae
1486 705 1672 757 totam
1694 701 1920 758 Italiam
1943 717 2195 774 oecupa-

549 797 735 861 verat,
768 808 907 848 cum
936 790 1140 847 multis
1172 790 1399 846 clericis
1425 794 1482 845 et
1507 790 1807 862 episcopis
1858 789 2022 847 venit
2050 792 2192 846 Con-

549 880 1020 953 stantinopolim.
1068 880 1255 951 Hujus
1302 884 1504 936 autem
1556 880 1869 936 autoritate
1895 880 2053 936 dicta
2099 896 2193 951 sy-

548 972 746 1028 nodus
774 969 1202 1027 condemnavit
1253 968 1511 1040 impium
1560 970 1845 1025 Severum
1883 973 1940 1024 et
1979 984 2192 1024 omnes

544 1061 672 1132 ejus
703 1059 944 1116 similes.
972 1063 1121 1115 Nam
1147 1057 1545 1121 Anthemium,
1570 1057 1864 1130 praefectis
1884 1056 2048 1113 urbis
2068 1056 2188 1129 epi-

544 1166 817 1223 scopum,
851 1147 1204 1217 complicem
1234 1146 1451 1217 Severi,
1480 1146 1585 1219 qui
1616 1151 1824 1203 contra
1844 1146 1985 1217 jura
2008 1161 2191 1202 cano-

539 1256 687 1295 num
719 1239 891 1295 dictaa
933 1236 1184 1293 civitatis
1241 1240 1644 1308 occupaverat
1696 1234 1922 1305 sedem,
1976 1236 2190 1292 beatus

538 1344 698 1401 papa
714 1329 1017 1400 Agapetus
1030 1326 1110 1381 ab
1124 1324 1353 1380 honore
1369 1324 1647 1396 deposuit
1661 1329 1716 1380 et
1744 1323 2187 1380 condemnavit.

610 1418 747 1473 Post
762 1416 927 1472 illam
949 1414 1057 1470 fuit
1076 1413 1175 1470 illa
1190 1412 1401 1485 quinta
1420 1412 1692 1484 synodus
1711 1411 2028 1482 generalis,
2050 1428 2187 1484 quas

530 1503 639 1563 fuit
663 1503 742 1558 ab
766 1501 1101 1558 Iustiniano
1119 1499 1404 1573 principe,
1427 1505 1637 1557 contra
1651 1500 1965 1570 Origenem
1984 1505 2041 1556 et
2063 1500 2186 1556 the-

532 1593 790 1648 odorum
820 1589 1215 1662 Mopsuestia,
1248 1593 1307 1644 et
1338 1588 1599 1661 reliquos
1645 1589 1981 1659 haereticos,
2011 1593 2192 1661 prout

533 1680 810 1753 superius
835 1679 1087 1735 fecimus
1107 1678 1474 1735 mentionem
1499 1696 1512 1734 :
1536 1694 1672 1751 quas
1694 1678 1906 1736 habuit
1925 1693 2187 1736 canones

527 1768 736 1838 Viginti
763 1767 939 1825 duos.

600 1859 743 1914 Post
788 1859 966 1913 istam
996 1856 1104 1913 fuit
1153 1861 1322 1913 sexta
1350 1860 1409 1912 et
1453 1857 1727 1929 septima,
1779 1872 1915 1929 quae
1971 1856 2181 1913 ultimo

524 1946 970 2012 describuntur,
993 1948 1147 2002 inter
1165 1946 1433 2019 quinque
1455 1964 1471 2017 ;
1497 1951 1554 2002 et
1572 1946 1848 2018 superius
1868 1946 2181 2003 nominata

526 2036 657 2093 fuit.
690 2034 1069 2093 Celebratum
1121 2040 1210 2090 est
1256 2034 1405 2090 illud
1464 2034 1940 2090 famosissimum
1986 2035 2180 2091 conci-

525 2124 671 2181 lium
704 2128 836 2197 (43).
860 2124 1150 2181 Plurimos
1178 2138 1445 2180 canones
1468 2123 1674 2191 edidit,
1698 2122 1918 2180 scilicet
1936 2129 2179 2179 centum

524 2214 767 2285 triginta
794 2218 932 2270 tres.

594 2303 710 2359 Sed
739 2308 797 2359 et
854 2302 1098 2359 Photius
1146 2299 1505 2374 patriarcha,
1550 2301 1655 2373 qui
1698 2305 1826 2357 erat
1874 2301 2179 2358 haeresiar-

526 2391 660 2460 cha,
704 2390 828 2447 duo
858 2389 1192 2446 successive
1239 2389 1493 2446 concilia
1543 2388 1864 2445 celebravit
1920 2390 1979 2445 in
2031 2390 2178 2446 urbe

526 2480 1062 2552 Constantinopoli.
1126 2479 1388 2534 Primum
1434 2478 1494 2532 in
1544 2478 1766 2550 templo
1823 2481 2177 2535 Sanctorum

528 2568 953 2641 Apostolorum
988 2586 1001 2623 :
1035 2566 1353 2640 reliquum,
1381 2567 1478 2622 cui
1519 2567 1797 2640 praebuit,
1841 2572 1906 2623 ut
1949 2567 2174 2640 dicunt,

523 2674 686 2731 papa
705 2660 969 2714 Joannes
990 2657 1278 2728 favorem,
1311 2657 1374 2712 in
1396 2655 1644 2712 ecclesia
1665 2657 1896 2713 Sanctae
1919 2658 2174 2729 Sophim.

602 2748 721 2802 Ista
748 2746 927 2815 igitur
953 2749 1092 2801 sunt
1138 2744 1389 2800 concilia
1414 2760 1550 2816 quas
1580 2744 1785 2816 recipit
1838 2747 2178 2802 Graecorum

532 2836 793 2893 Ecclesia
820 2841 878 2892 et
903 2836 1114 2891 retinet
1140 2855 1152 2890 :
1183 2834 1258 2890 de
1288 2850 1548 2906 quorum
1580 2834 1915 2891 canonibus
1969 2836 2178 2891 adver-

531 2942 638 2982 sus
696 2928 1028 2981 Romanam
1072 2923 1396 2981 Ecclesiam
1437 2924 1724 2995 gloriatur
1769 2924 2001 2980 addens
2050 2925 2178 2980 istis

530 3030 795 3072 canones
834 3013 1265 3088 apostolorum,
1295 3029 1450 3085 quos
1479 3029 1514 3069 a
1562 3013 1739 3070 beato
1789 3013 2086 3070 Clemente
2117 3029 2180 3069 se

1780 309 2263 367 PANTALEONIS
2302 309 2585 372 DIACONI
2624 313 2729 370 ΟΡ.

552 440 833 505 cesserat,
860 438 1072 505 rogatu
1092 432 1515 507 episcoporum
1539 432 2015 490 orthodoxorum
2038 433 2196 490 illius
2228 439 2276 492 Α

551 529 782 600 patriae,
813 523 1163 595 congregari
1205 522 1510 595 synodum
1561 522 1727 595 petiit
1752 523 1816 579 in
1870 523 2020 580 urbe
2049 526 2197 581 Con-

3382 14 3419 23 “-
3504 22 3615 35 ...με

3434 122 3437 131 l

3784 188 4001 199 .—<

3856 317 3962 371 560

2590 454 2997 525 Oppositiones
3042 453 3408 513 ercorum.

2377 613 2616 683 Sitergo
2653 628 3021 670 unuscanon
3065 615 3497 687 apostolorum:
3522 640 3549 665 »
3599 617 3952 689 Episcopus,

2303 701 2752 774 autpresbyter,
2777 707 2881 759 aut
2912 703 3205 759 diaconus
3253 720 3503 761 uxorem
3547 722 3725 762 suam
3780 723 3954 763 occa-

2302 789 2466 846 sione
2488 790 2832 861 honestatis,
2879 792 2971 848 vel
3018 793 3308 848 castitatis
3332 810 3453 849 non
3502 794 3803 865 ejiciat.Si
3855 812 3956 851 au-

2300 883 2419 935 tem
2440 880 3283 951 ejecerit,excommunicetur.
3310 886 3695 939 Perseverans
3723 890 3953 948 autem.

2299 967 2654 1040 deponatur.
2698 991 2727 1019 »
2763 969 2877 1026 Sed
2927 986 3051 1039 vos,
3086 970 3389 1042 inquiunt,
3447 973 3808 1028 accedentes
3878 974 3955 1029 ad

2298 1072 2502 1113 sacros
2522 1058 2781 1128 ordines,
2805 1063 3013 1115 votum
3035 1060 3303 1115 emittere
3353 1060 3641 1116 castitatis
3686 1062 3951 1132 adigitis.

2302 1147 2451 1214 Ergo
2493 1146 2847 1218 compellitis
2884 1162 2992 1203 vos
3041 1163 3259 1204 uxores
3308 1148 3695 1217 dimittere,si
3741 1151 3958 1209 volunt

2297 1233 2540 1305 assequi
2562 1233 2740 1290 talem
2763 1235 3042 1304 gradum.
3076 1238 3249 1306 Ergo,
3264 1241 3373 1292 etc.

2368 1321 2513 1377 Item
2560 1322 2879 1379 vicesimus
2926 1324 3217 1398 septimus
3261 1341 3458 1382 canon
3502 1325 3643 1384 dicit
3681 1346 3693 1383 :
3742 1350 3771 1377 νς
3824 1328 3953 1400 Epi-

2297 1425 2566 1482 scopum,
2589 1411 3031 1483 presbyterum,
3050 1418 3155 1470 aut
3174 1413 3501 1470 diaconum
3524 1416 3947 1473 verberantem

2298 1498 2521 1565 fideles,
2544 1499 2649 1571 qui
2684 1505 2954 1572 peccant,
2980 1507 3083 1558 aut
3121 1502 3395 1559 infideles
3443 1503 3649 1576 inique
3679 1512 3945 1574 agentes,

2297 1592 2474 1661 etper
2518 1588 2633 1645 hoc
2682 1589 2875 1645 timeri
2922 1589 3155 1659 volunt,
3205 1591 3431 1664 deponi
3480 1594 3894 1665 praecipimus.
3922 1615 3949 1643 η

2295 1679 2689 1749 Nequaquam
2710 1682 2910 1734 autem
2947 1678 3062 1735 hoc
3113 1679 3442 1737 docuitvos
3492 1682 3807 1747 Dominus;
3847 1684 3950 1739 sed

2224 1789 2261 1842 Β
2293 1781 2427 1822 cum
2445 1767 2925 1824 malediceretur.
2952 1784 3070 1824 non
3095 1770 3637 1827 remaledicebat”.
3672 1773 3791 1828 Sed
3840 1789 3949 1828 vos

2294 1854 2479 1910 Latini
2501 1855 2814 1912 manifeste
2835 1855 3226 1929 disciplinatis
3247 1874 3368 1929 eos,
3399 1875 3554 1931 quos
3603 1860 3943 1927 absolvitis,

2288 1945 2347 1999 et
2366 1942 2732 2015 quandoque
2755 1960 2943 2016 usque
2959 1944 3037 2001 ad
3053 1944 3403 2001 effusionem
3427 1948 3757 2017 sanguinis.
3794 1951 3948 2020 Ergo

2282 2032 2454 2101 juxta
2476 2031 2815 2087 sanctiones
2840 2032 3080 2088 Patrum
3121 2034 3261 2089 estis
3289 2033 3653 2107 deponendi.

2362 2123 2506 2175 Item
2587 2120 2998 2189 sexagesimus
3082 2123 3285 2177 tertius
3374 2123 3536 2180 dicit:
3606 2125 3818 2191 »Ουοά
3896 2126 3949 2182 si

2287 2209 2628 2281 episcopus,
2651 2214 2755 2266 aut
2772 2210 3053 2266 sacerdos
3078 2211 3504 2278 autdiaconus,
3525 2230 3631 2269 seu
3688 2215 3947 2271 omnino

2287 2296 2361 2355 de
2385 2298 2657 2369 catalogo
2673 2298 3024 2355 clericorum
3063 2317 3272 2357 carnes
3321 2303 3645 2359 comederit
3688 2306 3749 2360 in
3803 2321 3947 2360 san-

2289 2387 2468 2455 guine
2511 2387 2728 2443 anima:
2793 2388 3001 2459 ipsius,
3045 2395 3150 2444 aut
3196 2395 3496 2463 captuma
3562 2392 3774 2457 bestia,
3851 2392 3945 2448 vel

2288 2476 2712 2543 morticinium,
2745 2477 3104 2549 deponatur.
3144 2481 3262 2535 Hoc
3311 2480 3468 2535 enim
3490 2480 3580 2537 lex
3640 2483 3946 2554 prohibet.

2291 2564 2348 2621 Si
2407 2581 2546 2620 vero
2621 2565 2809 2621 laicus
2873 2566 3068 2633 fuerit,
3133 2570 3746 2626 excommunicetur.»
3831 2572 3945 2629 Sed

2288 2658 2544 2717 constat,
2569 2653 2797 2723 dicunt,
2816 2655 2982 2727 quod
3016 2656 3199 2713 Latini
3242 2657 3645 2715 indifferenter
3691 2677 3947 2718 vescan-

2290 2747 2384 2799 tur
2411 2742 2647 2799 talibus.
2665 2746 2863 2813 lgitur,
2900 2750 3011 2802 etc.
3788 2796 3803 2807 .

2364 2836 2505 2888 Item
2559 2835 2972 2902 sexagesimus
3044 2841 3296 2908 quartus
3350 2837 3674 2910 praecipit:
3738 2842 3945 2913 Neque

2289 2921 2425 2994 quis
2448 2922 2678 2991 jejunet
2699 2923 2943 2979 Sabbati
2964 2924 3218 2989 die,nisi
3241 2926 3314 2981 sit
3335 2927 3535 2994 vigilia
3580 2929 3847 2984 Paschaa.
3888 2932 3945 2987 Si

2290 3011 2425 3082 quis
2447 3010 2695 3067 clericus
2727 3012 3005 3067 inventus
3037 3012 3214 3069 fuerit
3257 3014 3417 3070 diem
3452 3017 3831 3073 Dominicum
3859 3020 3946 3090 je-

530 3104 834 3177 accepisse
856 3108 1105 3161 testatur
1128 3118 1422 3176 ;quorum
1441 3119 1760 3159 numerum
1787 3103 1847 3158 in
1870 3104 1994 3159 suis
2014 3103 2181 3160 libris
2221 3142 2262 3198 ο
2286 3098 2507 3168 junans
2538 3106 2639 3156 aut
2670 3101 3020 3167 Sabbatum,
3049 3108 3262 3175 praeter
3293 3120 3481 3161 unum
3509 3106 3727 3173 solum,
3759 3107 3945 3181 depo-

531 3193 872 3265 assignans,
904 3193 1074 3267 ponit
1099 3208 1203 3248 eos
1233 3208 1363 3248 esse
1387 3191 1693 3263 octoginta
1716 3191 2006 3265 quinque.

609 3283 845 3340 Furtiva
897 3283 1144 3355 insuper
1172 3282 1465 3355 synodus,
1496 3297 1632 3354 quee
1663 3281 1723 3337 in
1753 3281 1948 3338 Trullo
1979 3282 2181 3355 palatii

532 3373 642 3430 fuit
691 3372 860 3440 facta,
891 3372 1027 3428 fecit
1072 3387 1335 3428 canones
1356 3370 1433 3427 ad
1461 3370 1694 3427 libitum
1726 3372 2177 3444 imperatorum,

534 3467 601 3519 ut
624 3462 854 3518 dictum
888 3466 976 3518 est
1007 3477 1209 3533 supra,
1238 3465 1476 3516 centum
1505 3464 1561 3515 et
1589 3460 1762 3515 duos.

609 3551 723 3608 Sed
752 3555 810 3607 et
852 3550 1122 3621 synodus
1176 3548 1387 3612 Photii,
1439 3548 1534 3604 cui
1587 3547 1853 3619 preestitit
1914 3549 2181 3606 favorem

538 3642 797 3696 Joannes
824 3655 1004 3711 papa,
1039 3644 1103 3694 ut
1157 3637 1272 3709 ipsi
1325 3637 1557 3704 volunt,
1610 3636 1744 3692 fecit
1786 3653 2049 3694 canones
2090 3654 2182 3694 se-

536 3735 702 3801 ptem
732 3732 789 3784 et
818 3728 1049 3785 decem.
1082 3727 1349 3791 Quorum
1376 3724 1619 3781 ultimus
1642 3724 1876 3781 videtur
1926 3727 2183 3783 multum

537 3817 726 3875 facere
757 3832 866 3889 pro
899 3816 1138 3873 Latinis.

611 3909 759 3965 Sunt
807 3905 986 3977 igitur
1013 3905 1074 3961 in
1105 3903 1380 3960 universo
1429 3918 1639 3959 omnes
1686 3919 1949 3959 canones
1995 3904 2185 3961 nomi-

534 3998 676 4069 nali,
712 3994 1043 4068 computati
1070 3992 1407 4050 canonibus
1438 3991 1872 4065 apostolorum,
1903 4009 2039 4048 cum
2067 3993 2181 4065 his,

535 4087 713 4159 etqui
738 4088 798 4142 in
824 4086 1041 4143 furtiva
1075 4084 1312 4157 synodo
1352 4082 1427 4138 de
1485 4081 1678 4138 Trullo
1736 4080 1872 4136 editi
1925 4082 2184 4150 fuerunt,

533 4194 742 4235 cccxxx.
772 4175 1002 4233 Habent
1023 4175 1268 4248 insuper
1290 4172 1589 4246 quasdam
1610 4171 1897 4244 epistolas
1955 4178 2184 4229 sancto-

529 4282 667 4321 rum
699 4281 965 4330 suorum,
998 4263 1210 4329 Basilii,
1242 4261 1457 4334 Cyrilli,
1490 4261 1797 4317 Athanasii
1826 4268 1881 4317 et
1903 4260 2180 4332 aliorum,

529 4354 589 4409 in
619 4352 840 4423 quibus
870 4352 1244 4408 continentur
1276 4366 1538 4406 canones
1576 4352 1800 4422 plures,
1849 4365 2003 4421 quos
2032 4350 2181 4409 inter

528 4441 680 4497 alios
729 4440 1103 4496 authenticos
1148 4439 1460 4510 recipiunt,
1523 4442 1580 4494 ct
1622 4438 1753 4510 pari
1796 4440 2177 4496 veneratione

523 4528 853 4587 imitantur.

593 4622 817 4675 Horum
855 4616 1034 4688 igitur
1072 4616 1420 4673 auctoritate
1472 4614 1657 4670 Graeci
1700 4613 1942 4682 suffulti,
1984 4631 2168 4687 quam

518 4708 812 4781 plurimos
844 4706 1093 4763 latratus
1123 4709 1330 4762 contra
1356 4708 1690 4760 Romanam
1720 4702 2046 4760 Ecclesiam
2080 4705 2167 4762 la-

515 4799 731 4857 trando
754 4796 1062 4854 emittunt:
1090 4811 1201 4869 pro
1231 4810 1322 4861 eo,
1355 4792 1524 4867 quod
1553 4791 1741 4849 multa
1789 4792 1850 4847 in
1879 4793 1984 4862 eis,
2025 4810 2163 4866 qure

2290 3192 2489 3244 natur.
2543 3188 2599 3245 Si
2654 3189 2842 3246 laicus
2908 3198 3019 3259 est,
3093 3195 3667 3251 excommunicetur.
3738 3215 3767 3248 ›
3823 3197 3943 3253 Sed

2293 3277 2478 3333 Latini
2510 3279 2628 3335 fere
2661 3281 2823 3335 omni
2870 3281 2966 3336 die
2999 3281 3242 3338 Sabbati
3272 3283 3574 3354 jejunant.
3617 3287 3782 3356 Ergo,
3818 3292 3932 3341 etc.

2362 3370 2502 3422 Item
2535 3368 2939 3437 octogesimus
2970 3369 3189 3427 clamat
3235 3373 3319 3428 sic
3354 3390 3365 3427 :
3405 3397 3425 3421 ς
3482 3374 3810 3447 Episcopus
3842 3376 3935 3431 vel

2288 3454 2601 3527 presbyter
2629 3462 2733 3512 aut
2775 3457 3067 3513 diaconus
3098 3458 3319 3516 militias
3348 3477 3597 3531 vacans,
3644 3468 3701 3517 et
3730 3462 3940 3519 volens

2290 3548 2611 3616 utrumque
2633 3549 2849 3615 tenere,
2875 3546 3095 3602 scilicet
3122 3548 3502 3604 mundanum
3530 3551 3940 3623 principatum

2291 3638 2347 3688 et
2376 3634 2807 3690 sacerdotalem
2838 3635 3163 3707 dimeesim,
3185 3637 3544 3709 deponatur.
3578 3662 3602 3687 κ
3634 3643 3782 3696 Nam
3807 3658 3945 3714 quae

2291 3727 2429 3777 sunt
2456 3723 2722 3791 Ctesaris,
2757 3725 2989 3793 tltesari,
3023 3730 3078 3780 et
3105 3741 3241 3797 quia
3278 3728 3393 3785 Dei.
3449 3730 3586 3784 Deo.
3634 3730 3749 3785 Sed
3788 3746 3947 3801 pree-

2290 3811 2393 3867 lati
2446 3814 2809 3881 Latinorum,
2864 3819 2919 3869 et
2948 3814 3126 3870 etiam
3158 3815 3285 3886 ipse
3312 3818 3493 3888 Papa,
3542 3819 3793 3875 assumit
3830 3820 3947 3876 sibi

2294 3898 2500 3956 talium
2531 3900 2868 3971 dignitates,
2902 3908 2958 3959 et
2988 3909 3277 3960 vocantur
3304 3906 3555 3977 quidam
3584 3908 3783 3979 duces,
3809 3910 3946 3981 qui-

2292 3988 2436 4044 dam
2458 3993 2711 4053 comites,
2735 3989 2983 4061 quidam
3004 3992 3181 4047 etiam
3205 3994 3597 4051 mare/tiones.
3630 3998 3803 4065 Ergo,
3830 4003 3943 4054 etc.

2364 4082 2505 4133 Item
2536 4093 2734 4133 canon
2763 4080 2966 4134 tertius
3011 4080 3239 4136 consilii
3272 4083 3329 4137 in
3363 4085 3751 4141 Neocaesarea
3796 4087 3945 4143 cele-

2290 4167 2446 4224 hrati
2478 4168 2733 4239 injungit
2761 4170 3171 4241 paenitentiam
3200 4170 3478 4241 bigamis.
3514 4176 3579 4229 Et
3602 4175 3795 4231 multo
3816 4192 3943 4234 ma-

2284 4257 2479 4328 jorem
2510 4258 2624 4325 his,
2653 4258 2757 4329 qui
2787 4258 2845 4313 in
2878 4258 3170 4329 trigamia,
3222 4266 3278 4315 et
3308 4260 3460 4317 ultra
3489 4262 3857 4332 ceciderunt,
3887 4270 3943 4322 et

2287 4345 2512 4402 indicat
2542 4345 2753 4401 beatus
2784 4346 3036 4402 Basilius
3066 4348 3176 4405 tale
3206 4350 3656 4406 matrimonium
3687 4351 3941 4411 fornica-

2284 4433 2533 4490 tionem.
2596 4434 2741 4490 Dicit
2779 4435 2939 4493 enim
2969 4436 3285 4493 concilium
3319 4455 3331 4492 :
3366 4462 3393 4488 «ι
3451 4442 3531 4495 De
3576 4440 3690 4509 bis,
3737 4442 3845 4514 qui
3875 4444 3935 4500 in

2283 4522 2553 4594 pluribus
2628 4523 2829 4596 nuptis
2900 4524 3257 4582 ceciderunt.
3338 4527 3625 4599 Equidem
3693 4533 3928 4602 tempus

2279 4612 2641 4684 paenitentia:
2680 4612 3063 4669 manifestum
3111 4621 3217 4686 est,
3267 4616 3433 4685 quod
3470 4616 3791 4674 deiinitum
3822 4624 3929 4686 est,

2277 4700 2380 4756 sed
2406 4702 2777 4758 conversatio
2804 4718 3011 4758 eorum
3045 4707 3100 4760 et
3124 4703 3273 4759 ﬁdes
3294 4704 3605 4762 abbreviat
3629 4711 3927 4780 tempus.»

2348 4793 2489 4845 Item
2519 4790 2809 4863 septimus
2839 4806 3035 4847 canon
3065 4792 3148 4848 ait
3180 4810 3192 4847 :
3218 4815 3242 4842 ‹‹
3272 4793 3581 4865 Presbyter
3608 4795 3667 4850 in
3701 4798 3930 4869 nuptiis

513 4894 721 4945 contra
750 4886 1017 4954 Latinos,
1054 4890 1111 4941 et
1134 4899 1244 4956 pro
1274 4882 1493 4940 Graecis
1538 4880 1733 4953 prima
1779 4880 1929 4937 facie
1984 4897 2161 4953 agere
2270 4876 2497 4950 bigami
2523 4894 2644 4935 non
2678 4879 2958 4936 comedat
2987 4898 2999 4935 :
3034 4881 3179 4953 quia
3208 4898 3344 4937 cum
3378 4883 3611 4940 veniam
3647 4890 3816 4957 petat
3839 4886 3929 4943 bi-

512 4976 807 5031 videntur.
842 4976 1108 5041 Quorum
1132 4978 1397 5029 tenorem
1424 4969 1690 5040 diligenti
1709 4970 2159 5040 investigatione
2268 4982 2503 5038 gamus,
2538 4967 2674 5039 quis
2704 4970 2812 5024 erit
2839 4968 2936 5025 ille
2966 4970 3294 5042 presbyter,
3330 4973 3423 5028 cui
3452 4978 3698 5045 propter
3726 4991 3928 5033 come-
4090 4982 4091 5045 ἶ

507 5063 974 5133 considerantes,
1020 5062 1095 5118 de
1126 5062 1331 5117 Graeco
1360 5060 1422 5115 in
1473 5058 1746 5115 Latinum
1803 5075 1911 5132 pro
1959 5058 2158 5129 legen-
2266 5057 2521 5113 stionem
2548 5064 2777 5129 quaerat
2806 5058 3087 5129 bigamus
3118 5061 3436 5118 conﬁteri?
3464 5085 3491 5113 »

504 5152 649 5208 tium
693 5150 1107 5206 exercitatione
1151 5147 1573 5219 tractabimus,
1594 5146 1732 5202 huic
1763 5145 1929 5219 operi
1949 5164 2153 5221 super-
2334 5145 2477 5202 ltem
2506 5146 2567 5201 in
2598 5148 2934 5203 canonibus
2958 5147 3118 5204 beati
3149 5150 3340 5205 Basilii
3378 5150 3453 5206 de
3483 5151 3700 5209 eodem
3730 5153 3927 5212 habe-

497 5238 925 5297 immiscemes.
2259 5238 2354 5292 tur
2402 5236 2530 5292 sic:
2565 5236 2641 5292 de
2672 5237 2965 5307 trigamis,
3022 5242 3079 5293 et
3116 5238 3389 5312 pluribus
3441 5242 3669 5314 nuptiis
3726 5261 3925 5318 copu-

566 5399 609 5434 a7
643 5398 737 5456 1P
778 5401 797 5455 t
978 5402 1045 5455 23
1246 5365 1256 5377 .
2257 5324 2411 5392 latis,
2472 5326 2757 5383 eumdem
2795 5326 3119 5385 deﬁnimus
3167 5344 3482 5396 canonem,
3525 5347 3706 5404 quem
3739 5339 3801 5392 et
3844 5337 3920 5393 de

741 5414 772 5455 e
800 5415 847 5455 r.
879 5414 934 5456 ιι.
1055 5440 1068 5453 .
4086 5444 4087 5449 η

741 5414 847 5455 etr.
879 5414 934 5471 u,
978 5414 1068 5455 23.

559 5624 671 5699 (43)
710 5625 899 5681 Locus
930 5615 1199 5680 mutilus.
1234 5618 1403 5679 Forte
1432 5617 1941 5693 Carthaginiense,
1973 5620 2146 5694 cujus
2177 5616 2345 5695 apud
2375 5618 2797 5682 Balsamonem
2821 5627 3057 5683 exstant
3088 5637 3350 5683 canones
3386 5629 3505 5687 136.
