4106 6222
153 519 434 590 bigamis
460 540 473 589 ;
503 523 602 578 alii
632 523 910 581 dixerunt
933 524 1109 582 duos.
1143 523 1400 591 Quidam
1441 525 1755 596 trigamos,
1778 527 1837 580 et

157 609 352 680 ultra,
385 611 596 677 tribus,
629 616 687 669 et
714 617 976 686 quatuor
997 614 1270 686 puniunt,
1293 614 1548 688 quidam
1585 613 1834 685 insuper

161 699 708 757 excommunicant
736 717 867 760 eos.
902 723 930 752 »

245 787 396 843 Item
441 788 657 844 eodem
687 788 848 846 dicto
877 805 1108 847 canone
1139 808 1152 846 :
1189 813 1217 841 »
1250 793 1329 848 De
1359 791 1584 864 nuptiis
1615 788 1837 862 pluries

159 875 489 932 celebratis
515 878 722 934 Patres
777 880 1215 950 conticuerunt,
1271 877 1839 953 tanquamincenti-

158 981 316 1022 vum
345 970 564 1032 essent,
623 967 792 1039 quod
846 973 904 1025 et
953 970 1206 1026 omnino
1259 971 1593 1028 alicnuma
1623 981 1838 1038 genere

163 1053 483 1111 humano:
511 1054 684 1111 nobis
712 1061 914 1114 autem
954 1058 1203 1115 evidens
1231 1063 1338 1125 est,
1382 1058 1551 1131 quod
1595 1056 1734 1130 plus
1764 1055 1838 1111 sit

161 1159 359 1216 quam
379 1151 699 1216 peccatum
747 1146 1175 1205 fornicationis.
1237 1172 1258 1198 ι
1297 1147 1411 1205 Sed
1467 1145 1658 1204 Latini
1690 1144 1838 1200 cele-

161 1230 350 1288 brant
371 1232 519 1288 tales
541 1235 786 1306 nuptias
836 1235 964 1291 sine
1011 1236 1505 1293 contradictione.
1563 1237 1713 1305 Ergo
1745 1233 1831 1290 fa-

163 1320 334 1376 ciunt
386 1325 602 1378 contra
667 1323 940 1380 instituta
996 1340 1326 1393 canonum,
1373 1329 1431 1381 et
1481 1329 1830 1380 sanctorum

162 1407 438 1464 Patrum.
489 1410 604 1466 Sed
657 1412 764 1484 qui
803 1412 942 1468 talia
1013 1421 1222 1484 agunt,
1263 1410 1831 1469 excommunicandi

161 1503 334 1552 sunt.
378 1501 556 1568 Ergo,
589 1502 699 1556 etc.

237 1589 384 1642 item
418 1602 616 1643 canon
632 1588 923 1645 Timothei
951 1588 1224 1662 episcopi
1247 1589 1624 1646 Alexandriae
1645 1590 1786 1646 dicit
1810 1606 1824 1645 :

163 1696 193 1725 (π
235 1675 415 1740 Quod
438 1675 721 1732 mulieres
753 1682 1138 1734 menstruatae
1157 1694 1278 1734 non
1299 1678 1522 1736 debent
1543 1679 1827 1736 accedere

1571 309 1849 366 CONTRA
1888 287 2200 367 Gnaeos;

153 431 439 500 bigamis
491 433 1039 506 proportionaliter,
1087 450 1317 493 annum
1361 434 1609 509 quidem
1655 449 1834 506 super
1867 434 1914 488 Α

3487 315 3593 368 562

2014 435 2158 492 Item
2187 450 2382 494 canon
2419 436 2964 511 quinquagesimus
3015 437 3322 494 secundus
3355 437 3594 510 septimi

1943 523 2194 591 concilii,
2223 526 2388 598 quod
2413 525 2638 584 factum
2679 526 2788 582 fuit
2832 526 2893 582 in
2940 526 3158 598 'l‘rullo,
3203 526 3483 600 prohibet
3503 542 3594 582 ce—

1941 611 2334 670 lebrationem
2353 616 2541 672 Missae
2579 617 2642 672 in
2677 615 3176 686 Quadragesima,
3199 615 3416 671 diebus
3451 615 3596 671 Sab-

1941 699 2096 757 batis
2121 706 2180 759 et
2197 704 2516 760 Dominicis
2544 707 2825 778 exceptis,
2857 705 3062 761 dicens
3095 721 3108 760 :
3139 727 3167 754 ‹‹
3196 705 3260 760 In
3305 703 3592 760 omnibus

1942 788 2157 846 diebus
2179 791 2393 863 jejunii
2422 799 2642 851 sanctae
2671 793 3180 864 Quadragesimae,
3210 797 3423 864 praeter
3449 791 3595 849 Sab-

1943 877 2156 935 batum
2204 886 2261 938 et
2309 882 2701 954 Dominicam,
2751 881 3356 954 Annuntiationisque
3407 879 3590 942 diem,

1942 966 2050 1026 ﬁa—t
2067 968 2141 1025 de
2161 972 2676 1044 prtesanctificatis
2708 989 2880 1030 sacra
2918 973 3108 1028 missa
3139 991 3156 1039 ;
3188 992 3216 1022 »
3266 969 3372 1026 sed
3401 969 3590 1025 Latini

1944 1060 2110 1114 omni
2137 1060 2232 1117 die
2269 1061 2332 1117 in
2380 1061 2858 1133 Quadragesima
2911 1061 3229 1132 celebrant,
3265 1064 3322 1116 et
3342 1059 3586 1132 ubique,

1942 1147 2121 1204 etiam
2148 1149 2243 1205 bis
2291 1150 2354 1206 in
2397 1151 2512 1207 die.
2573 1153 2725 1222 Ergo
2763 1152 2989 1208 faciunt
3035 1154 3244 1207 contra
3300 1148 3584 1205 instituta.

1939 1237 2094 1307 Ergo
2123 1242 2262 1296 sunt
2285 1241 2784 1298 excommunicati
2817 1246 2874 1297 et
2897 1237 3408 1297 anathematizati.

1995 1371 2314 1441 Responsio
2329 1374 2682 1432 Latinorum
2697 1375 2778 1432 ad
2792 1373 3181 1432 auctoritates
3202 1386 3517 1429 canonum.

2009 1497 2127 1568 llis,
2158 1503 2222 1556 ut
2243 1499 2468 1557 dictum
2494 1505 2600 1568 est,
2633 1499 3089 1580 auctoritatibus
3137 1498 3398 1555 Ecclesia
3421 1499 3581 1554 Grae-

1935 1603 2145 1645 corum
2177 1605 2240 1644 se
2269 1590 2547 1646 muniens
2573 1594 2630 1647 et
2653 1591 2890 1660 erigens
2936 1593 3143 1646 contra
3171 1590 3430 1644 Latinos.
3461 1602 3586 1642 non

1936 1683 2134 1733 cessat
2160 1678 2376 1735 iisdem
2397 1679 2702 1747 insultare,
2735 1679 2965 1736 rabiem
2992 1677 3500 1752 praevaricationis
3529 1679 3588 1733 et

161 1764 242 1819 ad
264 1764 611 1835 ecclesiam,
641 1766 822 1822 etiam
855 1783 964 1838 pro
991 1767 1295 1840 baptismo
1324 1767 1689 1840 recipiendo,
1720 1769 1826 1824 sed
1855 1784 1900 1837 Β
1938 1766 2337 1824 anathematis
2366 1768 2756 1841 imponendo.
2791 1771 2858 1824 Et
2879 1767 3016 1824 licet
3039 1772 3258 1822 nostrae
3290 1765 3587 1822 facultatis

161 1853 392 1910 debent
421 1854 725 1912 abstinere
754 1857 833 1912 ab
863 1856 1140 1927 ingressu
1188 1858 1473 1921 ecclesiae,
1507 1863 1564 1914 et
1590 1858 1828 1917 differre

161 1943 567 2014 baptismum,
593 1961 914 2018 quousque
937 1945 1345 2018 puriﬁcentur.
1379 1969 1408 1996 »

241 2037 390 2088 Item
411 2033 800 2090 Laodicensis
816 2036 1048 2092 concilii
1081 2051 1273 2092 canon
1317 2036 1828 2108 quadragesimus

168 2125 430 2194 quartus
484 2122 768 2194 prohibet
813 2139 889 2180 ne
936 2124 1215 2180 mulieres
1266 2131 1499 2198 partem
1547 2125 1709 2182 illam
1731 2126 1830 2182 ali-

172 2211 486 2282 quomodo
515 2213 804 2284 ecclesiae,
864 2229 1051 2286 quam
1109 2230 1220 2270 nos
1266 2214 1519 2270 chorum
1550 2214 1828 2286 dicimus,

177 2299 420 2354 intrent.
496 2304 639 2358 Item
682 2317 880 2358 canon
926 2303 1198 2374 ejusdem
1249 2302 1482 2359 concilii
1536 2305 1830 2376 septimus

182 2386 484 2458 prohibet,
513 2391 741 2463 nequis
785 2390 1302 2464 presbyterorum,
1347 2397 1452 2448 aut
1511 2393 1830 2465 episcopus

178 2474 398 2531 offerat
445 2479 795 2534 sacriﬁcium
826 2479 887 2535 in
944 2479 1150 2552 aliqua
1195 2479 1402 2547 domo,
1461 2481 1579 2536 nisi
1607 2481 1714 2537 ubi
1745 2486 1832 2538 est

170 2563 442 2623 ecclesia.
475 2567 614 2632 Quae
640 2573 880 2633 cuncta,
929 2568 1185 2642 qualiter
1211 2568 1270 2624 in
1306 2569 1567 2626 Ecclesia
1599 2571 1830 2626 Latino-

161 2667 304 2706 rum
335 2660 649 2710 serventur
677 2660 731 2711 et
774 2671 811 2711 a
837 2655 1000 2724 viris,
1046 2661 1102 2713 et
1128 2672 1164 2712 a
1193 2656 1452 2723 feminis,
1481 2657 1699 2725 omnis,
1727 2659 1833 2730 qui

163 2741 376 2797 oculos
401 2743 609 2812 habet,
640 2745 842 2801 videre
875 2750 1086 2818 potest.

235 2834 384 2887 item
421 2834 632 2890 tertius
680 2851 877 2892 canon
923 2835 1176 2892 secundi
1226 2836 1461 2893 concilii
1513 2837 1596 2894 ita
1652 2837 1830 2910 dicit:

167 2941 192 2966 τί
223 2923 960 2995 Constantinopolitanum
985 2925 1342 2997 episcopum
1362 2925 1588 2982 habere
1609 2943 1834 2999 praero-

163 3012 436 3077 gativam
489 3013 737 3069 honoris
796 3019 933 3087 post
982 3018 1323 3071 Romanum
1382 3016 1759 3088 episcopum,
1804 3039 1830 3069 α

1937 1861 1994 1913 et
2038 1857 2257 1928 ingenii
2287 1873 2409 1914 non
2439 1859 2533 1928 sit,
2559 1859 2634 1914 ad
2663 1858 2915 1928 singula,
2945 1861 3120 1930 prout
3164 1857 3470 1927 competit,
3498 1871 3587 1911 re-

1937 1947 2239 2018 spondere
2254 1964 2266 2001 :
2281 1947 2567 2019 quaedam
2583 1951 2783 2002 tamen
2802 1945 3136 2016 lectorem,j
3151 1945 3266 2000 uris
3278 1943 3582 2013 ignarum,

1937 2035 2265 2092 cautiorem
2294 2037 2488 2090 facere
2517 2039 2789 2108 possunt,
2847 2035 2999 2090 sicut
3048 2048 3374 2105 possumus
3413 2047 3582 2087 com-

1935 2124 2285 2198 pendiosius
2323 2140 2432 2197 pro
2463 2129 2630 2197 parte
2651 2123 3015 2188 Latinorum,
3047 2125 3164 2178 Deo
3195 2125 3458 2192 auctore,
3479 2121 3584 2178 ob-

1935 2213 2239 2270 viabimus
2270 2213 2644 2286 supradictis.

2011 2303 2536 2376 Respondentibus
2561 2304 2740 2374 igitur
2755 2302 2988 2376 primis,
3012 2300 3276 2373 generali
3299 2299 3483 2358 modo
3501 2300 3589 2356 lo-

1937 2393 2183 2467 quendi,
2230 2392 2528 2448 dicimus:
2578 2393 2748 2465 quod
2795 2391 2992 2449 omnis
3041 2391 3354 2463 scriptura,
3403 2405 3590 2462 quam

1939 2485 2175 2538 Grmcus
2201 2496 2310 2554 pro
2337 2497 2403 2537 so
2429 2487 2636 2538 contra
2668 2481 2963 2550 Latinum,
2991 2484 3208 2553 praeter
3237 2482 3465 2535 textum
3502 2479 3590 2534 Bi-

1937 2569 2096 2641 Μία),
2131 2568 2395 2635 adducit,
2447 2573 2728 2642 suspecta
2753 2574 2840 2626 est
2869 2573 2928 2626 et
2954 2583 3084 2624 esse
3129 2567 3309 2624 debet
3354 2565 3596 2622 cuilibet

1938 2659 2068 2714 viro
2095 2659 2367 2732 sapienti,
2397 2673 2467 2714 eo
2483 2658 2648 2731 quod
2673 2657 2751 2714 ab
2772 2658 2938 2714 initio
2970 2657 3270 2713 nascentis
3300 2654 3590 2726 Ecclesiae,

1939 2751 2174 2804 tantum
2226 2747 2486 2804 exercuit
2544 2748 2630 2819 [se
2680 2747 2960 2821 exseruit]
2989 2761 3338 2819 perversum
3368 2743 3596 2814 dogma

1942 2836 2357 2892 haereticorum
2384 2837 2444 2890 in
2478 2841 2652 2906 gente
2682 2836 2987 2908 priedicta,
3020 2833 3187 2908 quod
3235 2849 3445 2890 eorum
3477 2839 3594 2888 stu-

1941 2923 2111 2980 dium
2141 2929 2198 2980 et
2216 2925 2463 2980 intentio
2481 2924 2606 2994 fuit,
2638 2940 2878 2996 semper
2906 2923 3064 2979 dicta
3087 2926 3433 2978 sanctorum
3451 2936 3595 2976 vera.

1940 3013 2327 3084 removendo,
2355 3019 2458 3069 aut
2485 3013 2637 3068 falsa
2663 3012 3007 3082 inserendo,
3053 3025 3457 3082 corrumpere,
3485 3009 3589 3065 de-

162 3099 399 3171 supple,
441 3101 855 3159 decrevimus:
886 3119 955 3160 eo
982 3105 1146 3177 quod
1170 3103 1304 3176 ipsa
1333 3105 1407 3160 sit
1434 3120 1593 3161 nova
1616 3109 1826 3162 Roma.
1871 3139 1910 3194 C
1941 3108 2186 3172 struere,
2246 3107 2303 3158 et
2347 3102 2694 3168 dilacerare,
2745 3103 3003 3158 Probant
3048 3101 3162 3156 hoc
3212 3097 3485 3164 concilia,
3535 3102 3593 3155 et

161 3188 264 3242 Cui
306 3192 592 3247 convenit
621 3193 944 3249 vicesimus
980 3198 1230 3250 octavus
1275 3209 1474 3250 canon
1505 3194 1827 3250 Chalcedo-

159 3278 372 3332 nensis
404 3280 659 3351 concilii,
694 3282 798 3353 qui
843 3283 928 3338 sic
971 3282 1212 3338 deﬁnit:
1261 3305 1289 3332 ››
1337 3283 1565 3354 Ubique
1593 3287 1826 3339 sancto-

160 3380 296 3421 rum
321 3369 565 3423 Patrum
595 3369 973 3428 definitiones
1027 3376 1369 3444 sequentes,
1415 3376 1471 3426 et
1499 3386 1821 3439 canonem,

156 3455 266 3525 qui
303 3472 499 3528 nuper
547 3457 734 3515 lectus
783 3467 890 3528 est,
940 3466 1180 3518 centum
1231 3461 1674 3532 quinquaginta
1721 3460 1824 3518 Dei

156 3545 722 3603 amantissimorum
751 3545 1175 3622 episcoporUm
1208 3549 1345 3614 (sub
1367 3549 1481 3620 pia:
1515 3551 1820 3606 memorias

156 3633 496 3690 Theodosio
528 3639 759 3705 Magno,
813 3638 918 3709 qui
962 3637 1070 3693 fuit
1115 3637 1461 3709 imperator,
1519 3636 1580 3692 in
1635 3639 1822 3708 regali

158 3725 682 3796 Constantinopoli
733 3725 898 3793 urbe,
960 3741 1120 3782 nova
1174 3728 1405 3797 Roma),
1458 3741 1820 3795 cognoscen-

157 3816 268 3872 tes,
296 3833 326 3861 ››
373 3813 658 3892 eumdem
697 3820 754 3870 et
781 3831 892 3870 nos
919 3815 1243 3872 definimus
1281 3821 1339 3871 et
1393 3817 1714 3872 statuimus
1743 3817 1818 3874 de

156 3903 579 3971 praerogativis
605 3903 996 3960 sanctissima:
1045 3903 1320 3978 ejusdem
1365 3905 1638 3961 Ecclesiae
1671 3908 1817 3963 Con-

155 3990 658 4062 stantinopoleos,
685 4008 858 4048 novre
891 3995 1110 4050 Romae.
1167 3993 1396 4049 Etenim
1424 3995 1638 4050 throno
1670 3997 1816 4052 anti-

153 4079 392 4149 quioris
419 4082 639 4148 Romae,
658 4097 730 4137 eo
749 4081 914 4154 quod
940 4087 1216 4152 regnaret
1239 4082 1340 4138 illa
1357 4083 1582 4153 civitas,
1614 4087 1812 4140 Patres

153 4184 426 4238 congrue
449 4175 508 4224 et
531 4170 809 4227 decenter
836 4171 1211 4228 tradiderunt
1263 4176 1407 4227 tunc
1441 4172 1812 4244 primitivum

149 4255 408 4310 honoris
443 4274 456 4312 :
505 4263 562 4312 et
589 4259 802 4315 eodem
847 4265 1123 4332 respectu
1171 4260 1337 4326 moti,
1369 4265 1608 4315 centum
1639 4262 1812 4332 quin-

149 4344 452 4416 quaginta
473 4347 570 4402 Dei
602 4349 998 4404 amantissimi
1019 4349 1307 4421 episcopi,
1336 4347 1633 4420 tequalem
1658 4365 1809 4421 prae-

147 4433 496 4502 rogativam
514 4435 759 4492 honoris
787 4438 1185 4494 attribuerunt
1207 4437 1386 4493 etiam
1413 4437 1807 4494 sanctissimae

149 4538 332 4578 novae
401 4525 602 4581 Romae
633 4543 646 4593 ;
676 4531 733 4582 et
751 4532 816 4582 ut
843 4527 903 4582 in
959 4525 1376 4582 ecclesiasticis
1428 4526 1628 4591 rebus,
1659 4527 1808 4583 sicut

148 4616 309 4684 ipsa,
329 4614 764 4684 magnilicetur,
789 4615 1056 4671 secunda
1075 4615 1419 4687 postipsam
1441 4615 1753 4671 exsistens.

229 4701 533 4758 Hocidem
586 4704 798 4760 definit
841 4710 1008 4760 sexta
1065 4703 1358 4776 synodus.
1389 4704 1500 4759 Sed
1553 4703 1660 4760 etsi
1686 4719 1809 4760 non

149 4792 436 4848 eamdem
461 4799 813 4865 potestatem
832 4793 1368 4866 habetpatriarcha
1395 4793 1810 4849 Constantino-

151 4881 488 4952 politanus,
510 4899 697 4954 quam
720 4884 901 4940 habet
923 4899 1106 4956 papa,
1129 4887 1363 4939 constat
1380 4882 1543 4954 quod
1576 4899 1686 4956 par
1723 4886 1813 4940 est

152 4976 210 5026 et
239 4972 454 5026 similis
479 4973 540 5027 in
574 4978 884 5046 potestate.
919 4973 1033 5029 Sed
1081 4988 1192 5045 par
1221 4972 1282 5027 in
1313 4988 1520 5043 parem
1552 4987 1674 5028 non
1703 4973 1810 5029 ha-

152 5059 255 5116 bet
283 5061 627 5132 imperium.
656 5063 819 5119 Unde
848 5078 990 5133 ergo
1021 5061 1075 5119 ei
1100 5065 1264 5118 tanta
1289 5063 1705 5134 praesumptio,
1746 5065 1812 5118 ut

151 5149 321 5206 dicat
338 5167 404 5204 se
431 5151 764 5222 principem
781 5168 962 5225 super
976 5167 1218 5207 omnem
1239 5157 1456 5206 terram
1478 5151 1505 5206 ?
1528 5155 1585 5206 et
1607 5151 1810 5219 etiam,

152 5240 324 5314 quod
352 5241 516 5296 dicta
546 5240 718 5296 sedes
760 5256 933 5296 novae
985 5243 1187 5296 Romen
1245 5239 1490 5295 subdita
1523 5240 1599 5296 sit
1642 5241 1754 5296 sibi
1784 5241 1812 5296 ?

156 5331 282 5386 Hoc
302 5329 449 5386 nihil
476 5334 584 5393 est.
611 5330 720 5385 nisi
751 5329 1034 5386 invadere
1055 5329 1228 5385 sedes
1276 5329 1524 5385 alienas.
1564 5327 1681 5386 Sed
1705 5328 1812 5402 qui

157 5419 274 5476 hoc
297 5423 505 5490 agunt,
530 5419 854 5476 anathema
885 5422 1040 5474 sunt.
1072 5420 1242 5488 Ergo,
1270 5423 1382 5474 etc.

230 5634 283 5668 ⁸⁸
311 5635 502 5706 Apoc.
527 5647 646 5702 xxu,
677 5637 707 5688 7
733 5647 900 5706 seqq.

1842 4491 1883 4544 Ι)

1937 3193 2202 3249 maxime
2229 3207 2453 3257 unum;
2487 3191 2588 3246 ubi
2615 3207 2687 3246 ex
2717 3196 2886 3262 parte
2945 3188 3486 3257 Monothelitarum,
3522 3188 3591 3243 li-

1935 3281 2058 3337 bris
2089 3281 2381 3354 corruptis
2425 3281 2485 3335 in
2545 3279 2814 3335 medium
2866 3277 3135 3350 prolatis,
3191 3277 3589 3349 imponebant

1932 3371 2112 3428 beato
2132 3387 2307 3443 papae
2339 3369 2568 3440 Vigiho,
2594 3367 2760 3441 quod
2783 3367 3085 3436 quosdam
3112 3367 3585 3424 anathematiza-

1931 3465 2097 3516 verat
2118 3460 2222 3531 qui
2244 3475 2364 3515 non
2388 3458 2829 3515 confitebantur
2854 3457 3008 3512 duas
3031 3462 3298 3522 naturas,
3325 3461 3582 3511 etunam

1930 3549 2295 3606 voluntatem
2317 3553 2375 3604 et
2401 3547 2811 3620 operationem
2856 3545 3036 3602 fuisse
3080 3546 3140 3602 in
3173 3545 3418 3601 Christo.
3454 3545 3580 3600 Imo

1927 3638 2009 3694 ita
2033 3638 2141 3694 fuit
2167 3644 2221 3694 et
2249 3642 2338 3694 est
2366 3637 2656 3694 familiare
2705 3636 2921 3692 Graecis
2963 3641 3019 3692 et
3068 3636 3404 3709 proprium,
3433 3634 3578 3690 Scri-

1927 3731 2134 3799 pturas
2151 3743 2356 3783 sacras
2370 3741 2752 3798 corrumpere
2768 3744 2780 3792 ;
2796 3725 2960 3798 quod
2978 3725 3053 3782 ad
3069 3723 3577 3796 compescendam

1926 3815 2272 3887 hujusmodi
2295 3817 2587 3873 insaniam
2615 3816 3019 3872 sanctil’atres
3035 3815 3149 3870 sub
3173 3814 3573 3870 anathematis

1924 3905 2300 3961 attestatione
2331 3906 2442 3961 hoc
2464 3905 2524 3960 in
2551 3906 2673 3960 suis
2702 3903 2830 3960 ﬁeri
2851 3903 3304 3976 prohibuerunt,
3340 3906 3572 3957 utentes

1921 3994 2121 4050 verbis
2151 3994 2542 4066 Apocalypsis
2589 3995 2635 4028 ³⁸
2693 4010 2830 4049 cum
2878 3992 2980 4048 tali
3012 3990 3351 4046 additione:
3387 4011 3415 4039 «
3442 3990 3570 4052 Qui-

1922 4098 2160 4156 cunque
2191 4083 2667 4155 apposuerithis,
2698 4081 2789 4137 vel
2820 4079 3165 4136 diminuerit
3192 4095 3204 4133 :
3241 4081 3287 4134 si
3316 4077 3566 4133 clericus

1919 4176 2028 4238 est,
2063 4172 2418 4243 deponatur;
2451 4171 2499 4226 si
2523 4171 2733 4239 laicus,
2765 4167 3338 4234 excommunicetur,
3374 4188 3402 4216 ››
3431 4173 3566 4234 etc.,

1920 4265 1984 4316 ut
2012 4275 2196 4332 supra
2230 4259 2476 4315 fecimus
2506 4260 2894 4314 mentionem.
2929 4260 2994 4314 Et
3023 4263 3088 4313 ut
3117 4257 3315 4313 omnis
3346 4255 3441 4312 via
3459 4257 3566 4311 eis-

1917 4348 2056 4404 dem
2089 4347 2373 4403 htercticis
2422 4346 2907 4415 priecludcretur,
2939 4345 3368 4402 ordinaverunt
3398 4344 3564 4400 insu-

1916 4454 2042 4512 per,
2061 4443 2125 4494 ut
2150 4439 2550 4494 communiter
2579 4437 2812 4502 dicitur,
2829 4434 3378 4508 utlibri,praecipuo
3396 4449 3565 4490 sanc-

1917 4533 2115 4584 torum
2142 4526 2555 4593 conciliorum,
2579 4528 2636 4580 in
2669 4525 2892 4580 chartis
2930 4523 3314 4597 bombycinis
3345 4524 3566 4582 scribe-

1916 4622 2142 4682 rentur,
2170 4631 2241 4670 eo
2289 4614 2530 4680 scilicet,
2589 4614 2754 4686 quod
2803 4629 3074 4670 rasuram
3123 4629 3246 4669 non
3277 4613 3568 4670 sustineat

1917 4704 2099 4776 hujus
2131 4704 2479 4776 pergameni
2505 4703 2572 4774 (Γ.
2606 4703 2758 4758 sicut
2776 4703 3189 4776 pergamena).

1991 4797 2205 4850 Contra
2225 4808 2490 4850 canones
2541 4809 2682 4849 vero
2730 4791 3144 4865 apostolorum
3196 4795 3254 4846 et
3281 4790 3560 4856 aliorum,

1919 4883 2021 4956 qui
2041 4881 2216 4939 nobis
2244 4882 2461 4953 objecti
2485 4887 2644 4949 sunt,
2677 4880 2989 4953 multiplex
3014 4881 3121 4936 erit
3151 4879 3486 4953 responsio,
3509 4884 3568 4937 et

1918 4971 2316 5029 diversimode
2348 4971 2943 5044 possuntadvcrsarii
2973 4970 3286 5026 confutari.
3321 4973 3570 5028 Constat

1919 5061 2099 5132 enim,
2134 5060 2285 5117 sicut
2328 5061 2440 5134 ipsi
2472 5061 2699 5128 dicunt,
2758 5076 3046 5122 canones.
3077 5065 3224 5133 quot
3280 5061 3568 5134 apostolis

1920 5151 2344 5220 inscribuntur,
2375 5150 2450 5206 de
2481 5151 2686 5207 Latino
2711 5149 2772 5206 in
2830 5151 3099 5206 Graecum
3120 5166 3157 5206 a
3205 5149 3382 5208 beato
3404 5167 3571 5224 papa

1922 5241 2215 5299 Clemente
2235 5241 2422 5297 fuisse
2450 5239 2788 5298 translatos.
2817 5241 2962 5296 Cum
2979 5241 3160 5312 igitur
3179 5241 3379 5297 omnis
3407 5255 3571 5312 aqua

1921 5333 2113 5388 ﬂuens
2163 5331 2225 5387 in
2283 5332 2446 5388 fonte
2487 5335 2544 5389 et
2572 5330 2799 5402 origine
2861 5330 3188 5388 naturalior
3243 5335 3302 5388 et
3348 5330 3568 5391 verior.

1921 5437 2108 5494 quam
2137 5421 2200 5477 in
2224 5419 2450 5491 rivulis,
2479 5420 2583 5494 qui
2611 5420 2950 5494 procedunt
2979 5421 3058 5479 ab
3089 5436 3180 5492 eo,
3209 5419 3570 5489 inveniatur,

4101 1033 4103 1136 l

4101 2115 4103 2186 γ
