4106 6222
514 313 616 370 563

1664 315 2149 372 PANTALEONIS
2187 318 2471 374 DIACONI
2508 320 2609 375 (ΣΡ.

3825 309 3939 363 564

517 436 984 509 supponendum
1015 441 1070 493 et
1095 437 1461 495 credendum
1493 444 1599 510 est,
1628 439 1791 513 quod
1818 439 1881 495 in
1910 439 2166 496 Ecclesia
2197 455 2242 507 Α
2274 440 2473 510 legum
2510 441 2798 498 Dominus
2816 455 2924 512 pro
2965 436 3251 493 varietate
3292 440 3635 507 temporum
3692 430 3940 487 diversa

520 527 749 592 Latina,
782 525 1058 597 aquibus
1087 530 1379 598 tanquam
1406 544 1442 583 a
1472 528 1632 584 fonte
1662 528 1836 585 rivuli
1864 545 2168 600 processe-

518 620 678 681 runt,
704 614 840 670 dicti
866 630 1127 671 canones
1152 616 1411 672 veriores
1428 623 1483 672 et
1504 618 1775 689 puriores
1796 623 1951 685 sunt,
1980 634 2167 689 quam

520 703 580 757 in
602 703 859 758 Ecclesia
876 704 1216 759 Graecorum
1238 723 1250 759 :
1278 706 1604 777 praesertim
1630 721 1766 761 cum
1789 722 1895 777 per
1914 721 2018 761 ora
2040 707 2169 778 plu-

519 790 676 845 rium
704 790 1115 846 haereticorum
1152 797 1210 848 et
1238 792 1782 859 schismaticorum,
1815 808 1851 848 a
1899 793 2173 849 trecentis

521 878 826 948 octoginta
856 880 1053 943 annis,
1077 884 1134 936 et
1155 881 1301 947 citra
1324 883 1724 937 transierunt:
1763 881 1928 953 quod
1952 881 2170 937 multas

521 966 669 1023 alias
702 966 857 1022 soliti
880 974 1017 1023 sunt
1040 984 1426 1041 corrumpere
1445 971 1794 1041 scripturas.
1814 969 1927 1026 Sed
1947 985 2084 1025 cum
2113 970 2172 1025 in

523 1058 791 1113 Ecclesia
806 1056 1082 1113 Romana
1096 1059 1296 1130 plures
1309 1075 1383 1115 ex
1393 1059 1498 1127 eis,
1512 1059 1859 1129 etmaxime,
1876 1060 1979 1131 qui
1992 1060 2175 1116 modo

524 1144 741 1201 Latinis
768 1144 986 1215 objecti
1007 1150 1164 1216 sunt,
1192 1146 1437 1202 minime
1455 1146 1844 1218 reperiantur,
1888 1147 2172 1219 sequitur,

522 1232 689 1303 quod
720 1238 822 1288 aut
848 1234 1219 1306 superadditi
1253 1239 1393 1289 sunt
1418 1234 1497 1290 ab
1528 1234 1643 1291 eis:
1679 1251 1815 1289 cum
1847 1236 1921 1293 sit
1950 1235 2177 1295 verissi-

521 1336 714 1381 mum.
739 1322 900 1393 quod
920 1322 994 1377 de
1016 1324 1221 1378 Latino
1241 1324 1297 1378 in
1319 1326 1585 1378 Graecum
1603 1322 1840 1379 fuerunt
1857 1324 2177 1396 assumpti,

596 1409 710 1464 Sed
739 1414 787 1464 si
816 1426 1026 1465 verum
1059 1416 1166 1480 est,
1201 1413 1365 1482 quod
1398 1412 1516 1466 sint
1542 1410 1656 1466 ficti
1705 1411 1782 1466 ab
1811 1411 2104 1467 haereticis
2126 1418 2182 1465 et

526 1498 945 1565 schismaticis,
974 1504 1033 1555 et
1061 1500 1190 1555 aliis
1215 1500 1551 1556 canonibus
1606 1500 1763 1556 veris
1811 1501 2032 1568 inserti,
2066 1517 2183 1555 me'

524 1586 638 1642 rito
663 1591 720 1642 et
744 1586 977 1658 absque
1003 1588 1335 1659 quaestione
1369 1588 1574 1660 aliqua
1623 1594 1764 1644 sunt
1788 1589 2171 1661 repudiandi.

528 1675 585 1731 Si
608 1690 747 1729 vero
774 1674 852 1730 ab
874 1675 1099 1747 aliquo,
1121 1676 1430 1733 nescimus
1447 1692 1593 1748 quo,
1614 1676 1795 1732 talem
1821 1677 2179 1749 scripturam

525 1762 788 1834 suscepit
834 1769 890 1818 et
919 1764 1107 1819 tenuit
1154 1764 1404 1820 Ecclesia
1479 1766 1841 1835 Graecorum,
1896 1764 2176 1833 edicimus,

524 1850 692 1922 quod
714 1852 772 1906 iu
805 1853 1006 1907 Graeca
1034 1854 1382 1909 auctoritate
1402 1854 1714 1920 ignoratur
1733 1854 1921 1925 ipsius
1942 1859 2174 1917 veritas,

525 1944 580 1995 et
634 1940 786 1994 inter
830 1941 1183 2013 apocrypha
1233 1946 1292 1996 et
1336 1940 1524 1998 dubia
1556 1945 1696 1997 sunt
1733 1942 2174 2013 computanda:

525 2028 878 2100 apocrypha
909 2036 1111 2086 autem
1146 2030 1401 2086 Ecclesia
1427 2032 1632 2097 nescit,
1668 2030 1769 2086 ubi
1796 2032 2058 2087 maxime
2078 2047 2177 2087 eo-

522 2133 657 2191 rum
693 2117 925 2174 silentio
956 2120 1185 2175 veritati
1209 2120 1447 2191 penitus
1504 2120 1873 2175 convincitur
1913 2120 2177 2176 obviare.

526 2204 677 2270 Quid
695 2222 836 2276 ergo
859 2208 994 2263 est?
1017 2208 1136 2263 Nos
1158 2224 1301 2264 sane
1349 2208 1610 2279 primam
1633 2213 1863 2279 partem
1886 2208 2066 2278 hujus
2091 2224 2182 2265 ar-

526 2296 994 2365 gumentationis
1026 2297 1330 2366 eligentes,
1375 2297 1638 2353 dicimus
1684 2313 1822 2353 cum
1846 2298 2181 2368 expositore

528 2399 854 2449 canonum,
885 2400 948 2440 re
979 2391 1034 2441 et
1059 2387 1303 2441 nomine
1329 2387 1590 2441 maxime
1621 2386 1773 2441 inter
1802 2388 2036 2442 Graecos
2067 2386 2179 2456 (44)

526 2471 694 2544 quod
738 2472 995 2542 Photius,
1044 2474 1139 2529 vel
1197 2474 1486 2531 Photinus
1560 2474 1920 2547 patriarcha,
1975 2480 2219 2530 auctor

532 2560 899 2627 schismatis,
950 2564 1055 2633 qui
1103 2563 1294 2618 multa
1320 2563 1395 2621 de
1448 2564 1627 2618 corde
1658 2578 1770 2618 suo
1822 2563 1948 2619 fixit
1976 2569 2184 2620 contra

532 2647 795 2717 Latinos,
823 2648 1041 2704 dubios
1072 2665 1356 2716 canones,
1380 2655 1434 2707 et
1490 2650 1692 2721 plures
1712 2650 1863 2705 alios
1886 2651 2184 2723 apostolo-

533 2750 668 2791 rum
696 2738 1055 2804 canonibus,
1085 2746 1140 2795 et
1165 2739 1419 2795 aliorum
1449 2745 1792 2796 sanctorum
1827 2743 2067 2795 Patrum
2100 2740 2186 2795 in-

532 2826 824 2891 terseruit,
858 2831 914 2882 et
934 2828 993 2882 in
1022 2828 1222 2883 multis
1243 2827 1390 2883 locis
1414 2827 1606 2883 libens
1632 2829 1939 2884 veritatem
1970 2827 2186 2883 conde-

530 2914 781 2969 mnavit.

603 3000 884 3058 Secundo
910 3003 990 3059 ad
1014 3003 1176 3060 idem
1208 3004 1484 3069 dicimus,
1548 3003 1715 3075 quod
1748 3003 1906 3059 beati
1931 3004 2186 3074 apostoli

529 3093 587 3144 et
617 3091 805 3147 sancti
838 3093 1036 3148 Patres
1068 3093 1247 3149 etiam
1274 3092 1588 3164 complura
1640 3092 2001 3149 deﬁnierunt
2019 3098 2075 3148 et
2099 3108 2189 3151 or-

530 3177 891 3236 dinaverunt
916 3182 976 3238 in
1012 3182 1286 3251 Ecclesia,
1321 3198 1432 3254 pro
1460 3182 1635 3238 variis
1662 3182 1859 3238 causis
1911 3186 1967 3237 et
2015 3196 2188 3237 even-
2222 3176 2260 3229 C

530 3266 714 3335 tibus,
746 3269 1017 3325 locorum
1046 3271 1331 3327 nimirum
1359 3276 1413 3326 et
1443 3275 1809 3343 temporum,
1841 3272 2022 3325 etiam
2050 3285 2191 3341 per—

530 3370 839 3423 sonarum,
860 3359 1083 3431 quibus
1108 3360 1314 3431 procul
1334 3359 1521 3414 dubio
1539 3358 1821 3414 causisde
1838 3358 2039 3413 medio
2054 3357 2168 3413 sub

528 3441 683 3511 latis,
717 3462 925 3502 eorum
958 3448 1225 3503 similiter
1250 3448 1493 3503 effectus
1523 3447 1750 3511 debuit,
1807 3452 1862 3502 et
1890 3446 2074 3503 debet
2102 3443 2195 3525 ra:

533 3533 893 3591 tionabiliter
945 3542 1001 3592 et
1058 3538 1185 3592 sine
1269 3554 1455 3592 causa
1508 3536 1818 3591 removeri.
1891 3536 2034 3590 llinc
2085 3543 2191 3619 est,

530 3622 694 3692 quod
723 3625 1020 3681 interdum
1050 3626 1262 3696 rigida,
1282 3626 1578 3681 interdum
1604 3624 1853 3680 remissa
1875 3625 2191 3695 imperant.

536 3709 911 3783 Quandoque
940 3713 1115 3768 etiam
1137 3716 1191 3769 in
1216 3713 1306 3768 his
1328 3729 1461 3784 quae
1488 3718 1626 3767 sunt
1646 3712 1769 3765 suis
1816 3712 2193 3783 praedicatio-

532 3798 714 3853 nibus
745 3801 1062 3868 contraria,
1101 3802 1484 3857 inveniuntur
1502 3801 1907 3872 dispensasse.
1936 3800 2193 3856 Probant

532 3888 649 3943 hoc
680 3894 852 3945 actus
895 3891 1245 3947 eorumdem
1301 3890 1734 3962 apostolorum,
1794 3888 1897 3944 ubi
1926 3890 2000 3942 de
2053 3905 2191 3944 con-

535 3993 722 4034 sensu
756 3980 1025 4036 unanimi
1076 3997 1271 4053 pauca
1293 3979 1597 4052 quaadam.
1628 3978 1736 4031 sed
1770 3983 1964 4034 tamen
1989 3978 2192 4047 gravia

536 4068 816 4133 gentibus
844 4070 1240 4142 imponentes,
1304 4068 1528 4123 scilicet
1558 4069 1860 4123 abstinere
1908 4067 1983 4121 ab
2017 4067 2192 4122 idolis

534 4158 879 4223 immolatis,
896 4158 1581 4229 etsangm'nesu/focato,
1610 4163 1663 4211 et
1687 4155 2190 4224 fornicatione”;

540 4246 822 4315 quaedam
888 4247 1277 4318 postmodum
1305 4246 1521 4301 Paulus
1539 4246 1748 4300 doctor
1770 4245 2061 4311 gentium,
2089 4245 2191 4315 qui

536 4332 747 4387 eodem
780 4335 987 4405 spiritu
1021 4336 1231 4407 plenus
1264 4341 1408 4399 erat,
1434 4340 1495 4389 ut
1525 4334 1676 4389 infra
1730 4333 1978 4398 dicetur,
2036 4334 2191 4387 salu-

534 4419 715 4476 briter
744 4424 1061 4478 revocavit.
1104 4424 1265 4478 ldem
1294 4424 1471 4477 etiam
1526 4421 1865 4493 Apostolus,
1902 4437 2009 4492 pro
2049 4426 2191 4476 tem-

2208 1827 2249 1880 Β

2276 531 2435 584 visus
2452 537 2541 586 est
2560 531 2855 602 imperare
2878 526 3187 599 apostolis,
3209 540 3350 579 cum
3370 524 3591 579 scilicet
3614 537 3721 577 eos
3754 520 3938 575 modo

2279 635 2415 674 cum
2448 620 2623 674 unica
2655 619 2876 683 tunica,
2905 622 2962 671 et
2992 616 3119 671 sine
3147 612 3440 681 sandalis,
3463 617 3521 666 et
3563 611 3803 681 ahsque
3827 608 3941 663 ba-

2279 706 2432 775 culo,
2455 706 2638 761 modo
2659 722 2798 761 cum
2816 704 3078 772 duabus,
3102 709 3157 757 et
3175 700 3467 757 calceatos
3492 699 3669 755 mittit
3684 696 3767 752 ad
3789 712 3943 769 prae-

2280 794 2630 849 dicandum.

2352 886 2414 937 ln
2436 882 2884 939 deﬁnitionibus
2912 896 3158 953 quoque
3192 883 3453 947 Patrum,
3474 878 3627 932 sicut
3643 874 3943 937 diximus,

2282 971 2884 1033 multainveniuntur,
2907 984 3043 1041 quae
3062 969 3175 1024 hoc
3190 968 3352 1023 idem
3370 966 3631 1031 probant
3644 962 3945 1028 similiter,

2283 1061 2398 1116 hoc
2429 1066 2533 1125 est,
2566 1058 2849 1132 quaedam
2881 1074 2990 1131 pro
3016 1064 3304 1129 tempore,
3333 1061 3389 1111 et
3415 1054 3495 1111 ad
3549 1061 3793 1125 tempus
3826 1056 3921 1106 sta

2285 1153 2413 1204 tuta
2442 1148 2639 1214 fuisse,
2672 1150 2881 1203 [licunt
2910 1147 3067 1202 enim
3090 1146 3150 1201 in
3180 1143 3547 1217 quibusdam
3578 1142 3704 1197 suis
3734 1139 3952 1196 deﬁni-

2287 1238 2571 1307 tionibus,
2587 1245 2763 1309 prout
2785 1240 3123 1293 Graecorum
3149 1234 3407 1307 probant
3423 1229 3816 1303 exemplaria,
3844 1228 3953 1282 tali

2289 1326 2513 1382 modo:
2555 1327 2609 1383 Si
2635 1327 2771 1398 quis
2804 1341 3013 1380 carnes
3062 1323 3339 1379 ctcaules
3382 1322 3442 1377 in
3472 1320 3569 1376 die
3630 1318 3953 1375 Dominico

2289 1432 2411 1472 non
2434 1417 2776 1480 comederit,
2800 1418 2844 1469 si
2870 1416 3115 1469 clericus
3138 1420 3247 1474 est,
3293 1412 3634 1483 deponatur
3657 1410 3739 1475 ;si
3761 1408 3952 1462 laicus

2291 1512 2398 1569 est,
2448 1504 3022 1559 excommunicetur.
3068 1505 3131 1557 Et
3178 1507 3424 1556 iterum:
3482 1499 3539 1554 Si
3592 1498 3735 1570 quis
3786 1497 3949 1550 diem

2290 1594 2665 1649 Dominicum
2700 1593 2969 1662 jejunare
3016 1593 3295 1646 inventus
3343 1589 3535 1649 fuerit,
3584 1586 3678 1641 vel
3719 1584 3952 1642 Sabba—

2288 1688 2415 1739 tum
2450 1687 2664 1749 praeter
2694 1697 2904 1745 unum,
2936 1680 3260 1736 anathema
3282 1680 3371 1734 sit.
3399 1680 3532 1732 Haec
3554 1675 3703 1732 etiis
3724 1672 3953 1729 similia

2287 1771 2479 1827 multa
2507 1775 2859 1827 statuerunt.
2887 1769 3079 1836 Quod,
3112 1775 3178 1823 ut
3206 1784 3367 1840 saepe
3395 1766 3683 1828 diximus,
3714 1764 3951 1819 factum

2287 1866 2397 1927 est,
2426 1865 2490 1915 ut
2510 1876 2583 1915 ex
2614 1859 2831 1914 talibus
2865 1858 3102 1913 statutis
3129 1872 3379 1923 errores,
3424 1856 3527 1927 qui
3549 1861 3723 1910 erant
3748 1853 3809 1907 in
3845 1854 3951 1906 Ec-

2288 1949 2488 2016 clesia,
2520 1947 2837 2003 evellerent
2857 1964 2871 2012 ;
2894 1963 3037 2014 non,
3056 1946 3333 2015 utlegem
3352 1950 3701 2016 perpetuam
3728 1958 3805 1996 ex
3832 1941 3951 1995 hoc

2286 2037 2635 2093 hominibus
2680 2035 3129 2107 persuaderent.
3165 2034 3269 2091 Cui
3324 2034 3485 2088 enim
3514 2032 3779 2087 dubium
3827 2034 3945 2093 est,

2288 2125 2454 2198 quod
2485 2124 2653 2180 multi
2698 2124 2969 2181 ﬁdelium
3011 2124 3312 2180 abstinent
3353 2139 3389 2179 a
3434 2120 3719 2177 carnibus
3770 2116 3949 2173 omni

2288 2214 2604 2285 tempore?
2633 2220 2690 2270 et
2711 2220 2912 2269 tamen
2944 2228 3065 2268 non
3117 2218 3401 2285 peccant;
3431 2216 3489 2267 et
3543 2208 3707 2283 quod
3737 2206 3953 2279 plures

2289 2304 2387 2360 alii
2418 2308 2541 2359 tam
2568 2304 2627 2358 in
2655 2302 2837 2365 festis,
2867 2317 3056 2374 quam
3086 2302 3143 2356 iu
3170 2301 3301 2357 aliis
3324 2315 3435 2372 pro
3474 2300 3662 2355 salute
3720 2310 3949 2367 corpo-

2290 2394 2391 2461 ris,
2417 2392 2669 2464 quidam
2702 2406 2811 2463 pro
2837 2392 3024 2446 salute
3074 2389 3335 2446 animus?
3362 2393 3419 2444 et
3467 2392 3672 2444 tamen
3720 2385 3786 2440 in
3840 2383 3949 2438 tali

2289 2498 2470 2554 opere
2491 2482 2655 2537 nullo
2677 2480 2862 2537 modo
2883 2484 3152 2553 peccant,
3184 2480 3329 2552 quia
3354 2478 3604 2535 intentio
3623 2476 3814 2531 tinem
3836 2474 3955 2528 im-

2290 2570 2461 2642 ponit
2486 2570 2671 2642 operi,
2703 2585 2825 2625 non
2851 2585 3006 2641 opus
3037 2568 3369 2629 intentioni.
3396 2565 3733 2623 secundum
3780 2561 3955 2634 quod

2289 2660 2471 2716 iidem
2504 2662 2701 2715 Patres
2731 2659 2917 2714 sancti
2951 2659 3011 2713 in
3061 2657 3359 2730 plerisque
3408 2656 3532 2711 suis
3590 2651 3956 2709 tractatibus

2293 2757 2492 2822 aperte
2512 2756 2937 2816 exposuerunt.
2964 2748 3077 2804 Sed
3100 2764 3174 2803 ne
3203 2753 3541 2803 nostrorum
3569 2742 3957 2800 adversario-

2293 2856 2426 2895 rum
2451 2854 2691 2901 manus,
2714 2839 2797 2893 sic
2817 2836 3168 2907 generaliter
3188 2834 3633 2908 respondendo,
3659 2832 3953 2898 effugisse

2293 2928 2626 2997 videamur,
2674 2927 2996 2982 redeamus
3052 2926 3129 2981 ad
3185 2924 3442 2993 singula,
3494 2930 3547 2979 et
3604 2921 3950 2979 videamus.

2298 3022 2494 3072 utrum
2519 3031 2629 3072 nos
2655 3016 2912 3086 objecta,
2944 3030 3019 3070 an
3053 3017 3308 3081 Graecos,
3342 3014 3445 3087 qui
3505 3028 3577 3067 ea
3628 3010 3952 3080 objiciunt,

2296 3105 2712 3161 miserabiliter
2740 3105 3050 3159 damnent.

2371 3195 2514 3250 Dicit
2534 3211 2691 3250 unus
2715 3210 2930 3257 canon,
2953 3209 3134 3266 quem
3157 3191 3567 3265 apostolorum
3608 3192 3949 3251 nominant,

2298 3284 2449 3339 sicut
2489 3300 2675 3356 supra
2730 3289 3046 3339 ostensum
3074 3288 3184 3349 est,
3247 3283 3359 3337 isto
3408 3281 3629 3336 modo:
3670 3306 3691 3327 ι
3724 3279 3778 3334 Si
3808 3278 3951 3348 quis

2299 3374 2638 3445 episcopus,
2675 3379 2777 3428 aut
2802 3372 3135 3444 presbyter,
3158 3377 3263 3426 aut
3284 3371 3577 3426 diaconus
3599 3384 3772 3423 suam
3806 3382 3955 3421 uxo-

2299 3478 2446 3530 rem,
2486 3484 2504 3509 ι
2540 3468 2652 3518 etc.

2376 3552 2656 3615 Dicimus,
2688 3550 2848 3622 quod
2884 3552 2942 3604 in
3000 3544 3259 3605 Ecclesia
3305 3547 3403 3604 Dei
3433 3545 3787 3602 occidentali
3812 3560 3957 3599 nus-

2301 3657 2485 3713 quam
2540 3641 2650 3695 tale
2704 3640 2980 3706 vidimus,
3017 3655 3124 3693 nec
3158 3638 3555 3710 permittimus
3588 3636 3713 3690 ﬁeri
3771 3634 3958 3707 quale

2301 3730 2477 3784 nobis
2499 3729 2677 3785 Graeci
2710 3728 3036 3797 objiciunt;
3070 3728 3359 3791 videlicet,
3402 3732 3464 3780 ut
3501 3723 3717 3796 aliquis
3750 3723 3957 3777 matri-

2302 3817 2508 3873 monio
2530 3817 2787 3886 legitime
2833 3816 3148 3887 copulatus
3199 3816 3313 3870 sub
3338 3820 3624 3886 praetextu
3690 3811 3954 3880 alicujus

2301 3906 2600 3973 religionis
2628 3905 2719 3959 vel
2760 3905 3105 3967 honestatis,
3157 3920 3329 3958 suam
3387 3902 3641 3957 dimittat
3672 3916 3949 3956 uxorem.

2302 3994 2431 4065 ipsa
2458 3993 2838 4057 reclamante,
2865 3999 2967 4047 aut
3008 3993 3314 4048 renitente.
3351 3991 3463 4048 Sed
3496 3991 3692 4061 potius
3724 4005 3838 4042 nos
3873 3998 3953 4042 ta-

2300 4082 2385 4138 les
2413 4098 2517 4154 per
2547 4097 2864 4137 censuram
2916 4081 3379 4136 ecclesiasticam
3425 4077 3867 4149 compellimus.
3901 4077 3952 4131 si

2299 4187 2481 4243 quam
2516 4170 2863 4239 religionem
2895 4170 3145 4236 ingressi
3192 4176 3350 4237 sunt,
3391 4168 3706 4223 dimittere.
3739 4174 3797 4220 et
3827 4181 3953 4219 suae

2301 4276 2540 4331 sponsu:
2559 4259 2817 4327 legitime
2849 4258 3138 4330 copulari.
3172 4260 3384 4311 Verum
3406 4257 3450 4311 si
3499 4255 3674 4311 soluti
3700 4260 3863 4319 sunt,
3898 4260 3956 4308 et

2299 4349 2375 4404 ad
2400 4364 2636 4403 sacrum
2664 4348 2937 4402 ordinem
2965 4353 3176 4418 sponte
3199 4353 3253 4401 et
3276 4346 3601 4401 voluntarie
3625 4346 3952 4408 confugere

2298 4437 2525 4499 volunt,
2564 4453 2698 4491 cum
2734 4453 2866 4491 mos
2894 4438 3177 4507 antiquus
3198 4437 3256 4491 in
3288 4434 3640 4489 occidentali
3666 4432 3948 4495 Ecclesia,

535 4526 699 4582 pore,
734 4527 843 4582 pro
897 4528 1079 4566 causa
1137 4513 1315 4567 etiam
1375 4512 1525 4577 utili,
1577 4509 1945 4564 circumcidit
1999 4509 2182 4567 'l‘imo-

2299 4526 2377 4581 ob
2407 4526 2752 4595 religionem
2799 4525 2936 4580 tidei
2995 4532 3051 4580 et
3103 4525 3460 4580 sacramenti
3528 4523 3947 4579 reverentiam.

534 4600 756 4663 theam,
792 4605 845 4655 et
878 4601 1265 4671 postmodum
1292 4599 1437 4654 dixit
1460 4598 1719 4655 Calatis:
1773 4598 1839 4652 Si
1872 4601 2187 4654 circumci-

533 4690 766 4757 dimim',
790 4688 1065 4746 Christus
1085 4689 1244 4744 vobis
1260 4688 1417 4743 nihil
1428 4688 1667 4757 prodest
1686 4688 1752 4740 ‘0.
1771 4686 1912 4741 [line
1925 4688 2185 4759 estquod

532 4779 761 4852 Cephas
794 4778 1078 4851 quaedam
1108 4778 1323 4847 legalia
1349 4793 1549 4832 coram
1579 4775 1797 4833 Judaeis
1818 4776 2020 4837 tenuit,
2052 4776 2187 4831 licet

531 4874 846 4941 appareret
893 4868 1402 4941 reprehensibilis,
1478 4872 1720 4939 propter
1766 4865 2055 4921 intirmos.
2122 4869 2183 4921 Et

529 4958 748 5012 Paulus
780 4958 1047 5013 similiter
1070 4958 1325 5013 totondit
1379 4956 1492 5011 sibi
1547 4959 1729 5027 caput
1784 4954 1842 5009 in
1877 4955 2175 5025 Cenchris,

528 5052 879 5101 coruscante
900 5048 1027 5118 jam
1058 5046 1394 5116 Evangelia,
1428 5043 1917 5118 etpurificandus
1971 5060 2180 5098 secun-

522 5133 670 5189 dum
700 5134 893 5202 legem
925 5134 1194 5190 ascendit
1247 5134 1750 5205 Hierosolymam,
1786 5139 1845 5188 ut
1899 5138 2177 5188 tractaret

528 5239 662 5279 cum
694 5221 1084 5294 quibusdam,
1118 5223 1219 5294 qui
1254 5226 1452 5277 votum
1487 5223 1747 5278 fecerant
1791 5222 1851 5275 in
1888 5220 2171 5292 templum

528 5311 783 5367 Domini.
814 5311 953 5365 Hinc
985 5316 1069 5367 est
1094 5310 1294 5377 etiam,
1318 5311 1480 5383 quod
1542 5312 1813 5368 Salvator
1868 5315 2088 5373 noster,
2119 5316 2174 5379 et

595 5421 641 5456 ³ο
677 5423 801 5475 Act.
834 5436 927 5490 xv,
964 5423 1051 5475 20.
1132 5420 1177 5454 ⁸ο
1209 5418 1394 5476 Galat.
1428 5437 1484 5489 v,
1518 5424 1549 5474 2

593 5598 703 5670 (44)
728 5597 1071 5663 Nominato,
1099 5596 1189 5652 vel
1219 5596 1407 5654 simile
1437 5596 1583 5670 quid
1607 5595 1794 5651 defuit
1818 5593 1875 5650 in
1911 5609 2022 5649 ms.

2297 4614 2637 4673 obtinuerit.
2678 4622 2738 4669 ut
2774 4614 3025 4671 ministri
3081 4613 3447 4669 immaculati
3476 4612 3699 4673 altaris,
3723 4616 3779 4666 et
3826 4628 3947 4666 non

2295 4704 2527 4758 umbra:
2558 4709 2613 4756 et
2640 4702 2982 4756 carnalibus
3003 4702 3328 4761 sacriﬁciis,
3359 4700 3463 4754 sed
3491 4699 3716 4755 veritati
3747 4706 3801 4753 et
3833 4700 3937 4770 spi~

2292 4792 2427 4848 ritui
2452 4793 2759 4855 servirent,
2803 4791 3120 4862 exiguntur
3155 4806 3363 4846 revera
3394 4795 3596 4843 votum
3660 4790 3951 4843 castitatis

2292 4882 2577 4945 emittere,
2614 4880 3135 4952 quemadmodum
3167 4880 3250 4937 hi.
3293 4879 3395 4950 qui
3442 4878 3672 4949 seipsos
3705 4885 3952 4950 propter

2290 4984 2538 5038 regum;
2565 4970 2850 5025 crelorum
2883 4974 3289 5024 castraverunt
3318 4968 3591 5033 ingressu
3617 4967 3946 5036 religionis.

2289 5065 2491 5113 votum
2519 5058 2892 5122 obedientire,
2927 5058 3211 5113 castitatis
3243 5061 3300 5111 et
3330 5056 3699 5127 paupertatis
3761 5058 3947 5127 proﬁ-

2286 5151 2481 5201 tentur
2505 5166 2518 5212 ;
2543 5154 2599 5201 et
2618 5147 2901 5218 quaedam
2925 5145 3385 5202 aliasecundum
3411 5144 3629 5212 regulae
3653 5145 3943 5201 instituta.

2284 5237 2407 5290 Non
2443 5252 2585 5304 ergo
2615 5237 2887 5304 cogimus
2908 5235 3152 5291 clericos
3185 5236 3259 5289 act
3289 5236 3669 5290 ιξδιιιὶιιρηίίερ
3724 5243 3940 5289 sortem

2282 5324 2668 5393 descendere,
2697 5325 2798 5379 sed
2829 5326 2912 5381 eis
2968 5325 3242 5389 religiose
3273 5332 3327 5379 ct
3382 5325 3471 5391 pic
3534 5324 3940 5393 primlicimus.
