4106 6222
197 237 293 290 565

194 353 366 428 quod,
390 353 441 408 si
472 351 657 410 talem
679 351 948 412 ordinem
977 356 1033 410 et
1053 351 1314 424 gradum
1345 349 1668 420 ascendere
1694 345 1842 401 desi-

191 445 410 508 derant,
445 446 688 514 oportet
713 455 815 496 eos
834 441 975 512 jura
1004 441 1096 496 sui
1140 440 1368 496 ordinis
1425 435 1844 496 inviolabiliter

192 533 520 591 observare.
550 532 897 600 Congruum
921 535 1010 586 est
1031 531 1280 602 quippe,
1309 534 1365 586 et
1387 541 1726 584 consonum
1751 539 1842 578 ra-

192 623 341 690 tioni,
373 627 437 678 ut
465 621 518 676 si
552 619 837 677 sacerdos
859 619 1066 689 legalis
1087 620 1471 690 ingressurus
1491 617 1838 673 tabernacu-

190 713 320 778 lum,
351 711 447 770 vel
475 710 775 782 templum
806 709 884 767 ad
915 707 1352 766 immolandum
1392 707 1716 770 victimam,
1749 702 1843 758 vel

187 804 485 858 incensum
501 798 785 869 Domino,
809 804 1072 870 tempore
1087 798 1228 854 vicis
1249 815 1388 866 suae,
1407 810 1648 852 carnem
1665 808 1838 848 suam

188 891 340 948 freno
391 888 776 945 continentiae
827 886 1295 951 moderabatur;
1347 884 1514 959 quod
1561 881 1839 939 sacerdos

191 977 585 1048 evangelicus.
605 978 706 1048 qui
725 977 982 1032 hostiam
1002 975 1716 1043 immaculatam,Agnum
1733 970 1836 1024 sci-

185 1068 302 1124 licet
330 1081 571 1130 verum,
624 1079 746 1120 non
788 1063 1276 1120 obumbraticum
1330 1061 1595 1135 quotidie
1625 1057 1836 1114 offerre

187 1155 364 1219 debet,
397 1153 676 1226 quotidie
708 1157 764 1210 et
802 1153 1082 1208 continue
1111 1152 1404 1208 castitatis
1457 1153 1514 1206 et
1564 1146 1836 1220 puritatis

187 1252 328 1300 veste
358 1243 678 1308 induatur,
711 1243 760 1298 si
790 1242 1182 1314 omnipotenti
1212 1245 1328 1296 Deo
1353 1239 1708 1296 sacrificium
1737 1251 1834 1291 ac-

192 1330 471 1404 ceptabile
503 1331 720 1388 offerre
752 1331 1138 1402 concupiscit.
1186 1333 1312 1388 Non
1364 1329 1544 1398 igitur
1591 1342 1703 1382 nos
1735 1324 1833 1380 illa

183 1421 458 1489 inbibitio,
494 1419 608 1475 sed
644 1421 982 1476 Graacorum
1015 1419 1337 1476 Ecclesiam
1370 1416 1578 1486 tangit,
1606 1430 1742 1488 quae
1773 1416 1830 1470 iu

184 1511 338 1566 istam
385 1509 879 1566 maledictionem
930 1507 1009 1564 ab
1054 1507 1218 1564 initio
1266 1505 1505 1571 corruit,
1535 1509 1592 1560 et
1641 1518 1831 1574 usque

186 1598 344 1654 hodie
371 1597 801 1654 miserabiliter
831 1597 890 1652 in
922 1612 993 1653 eo
1011 1601 1374 1669 perseverat.
1406 1599 1538 1668 Ipsa
1566 1607 1831 1663 namque

1582 222 1862 279 CONTRA
1899 222 2224 286 GRAECOS.

3509 217 3615 276 566

1956 349 2133 407 trium
2182 353 2532 410 sacerdotis.
2580 352 2992 408 Discernentes
3025 351 3228 406 autem
3263 344 3609 402 sacerdotes

1953 440 2253 508 Ecclesiae,
2283 458 2544 514 quorum
2561 445 2652 497 est
2674 440 3015 496 discernere
3044 438 3202 494 inter
3228 433 3504 491 ﬁdelium
3533 433 3610 488 le-

1950 545 2145 601 pram,
2180 535 2236 587 et
2262 547 2384 588 non
2415 531 2668 602 lepram,
2691 529 3139 600 judicaverunt,
3197 527 3261 580 ut
3290 524 3340 580 is
3370 521 3474 594 qui
3502 537 3612 594 per

1952 618 2396 676 contumaciam
2421 619 2498 674 ab
2526 618 2750 674 unitate
2779 615 3050 674 ﬁdelium
3075 615 3388 686 separatus
3418 613 3524 676 est,
3551 613 3610 665 et

1949 712 2203 764 matrem
2226 724 2421 772 suam,
2453 707 2515 763 id
2546 711 2636 764 est
2666 705 3012 768 Ecclesiam,
3038 703 3161 762 imo
3186 704 3373 758 Deum
3395 698 3608 770 inipsa

1949 795 2257 853 contristat
2287 795 2752 864 contemnendo,
2775 796 3112 866 prostratus
3134 804 3338 846 coram
3355 803 3425 843 eo
3443 791 3607 858 petat

1947 887 2213 950 veniam,
2261 891 2320 941 et
2358 885 2419 940 in
2451 884 2692 953 signum
2725 880 3112 953 subjectionis
3141 883 3200 935 et
3253 875 3602 934 humilitatis

1947 990 2168 1046 corpus
2197 973 2656 1046 percutiendum
2693 976 2748 1027 et
2771 968 3214 1026 verberandum
3242 963 3604 1031 oﬂ‘erat,imi-

1945 1067 2105 1120 tatus
2123 1079 2261 1119 eum
2288 1063 2418 1135 ;qui
2438 1063 2611 1120 dicit:
2638 1062 2870 1131 Corpus
2891 1074 3086 1116 meum
3108 1057 3246 1114 dedi
3260 1055 3597 1125 percutien-

1945 1155 2122 1220 tibus,
2147 1160 2201 1210 et
2212 1169 2395 1224 genas
2412 1168 2570 1210 meas
2586 1151 2937 1209 vellentibus
2953 1151 3018 1204 δ’.
3038 1151 3101 1205 Et
3122 1147 3336 1204 iterum
3361 1163 3374 1200 :
3403 1144 3593 1198 Disci-

1941 1246 2115 1313 plina
2137 1246 2310 1313 pacis
2329 1255 2549 1300 nostra?
2577 1258 2758 1312 super
2782 1256 2916 1298 eum
2950 1240 3017 1307 ⁸³,
3050 1243 3162 1295 etc.
3191 1239 3255 1292 Et
3293 1238 3359 1290 ut
3381 1249 3454 1290 ex
3479 1233 3593 1290 hoc

1941 1333 2219 1390 ostendat
2236 1332 2551 1404 paenitens,
2577 1330 2898 1386 Ecclesiam
2921 1328 3024 1384 Dei
3049 1330 3300 1382 matrem
3323 1327 3379 1380 et
3403 1321 3589 1392 magi~

1942 1427 2126 1480 stram
2144 1437 2272 1478 esse
2294 1421 2425 1476 vitae
2447 1425 2504 1478 et
2524 1419 2798 1476 moribus
2820 1416 3229 1490 parvulorum,
3250 1415 3312 1470 in
3335 1427 3587 1484 quorum

1941 1510 2221 1565 nimirum
2275 1508 2553 1565 cordibus
2607 1505 2944 1563 secundum
3003 1502 3322 1575 Sapientiae
3375 1513 3584 1568 voces,

1937 1599 2200 1656 stultitia
2232 1599 2519 1667 colligata
2543 1599 2645 1662 est,
2677 1602 2730 1652 et
2761 1596 2931 1665 virga
2959 1592 3294 1660 disciplinae
3321 1587 3586 1658 fulgabit

185 1694 278 1755 est,
306 1703 439 1759 quae
470 1686 668 1742 laicos
696 1692 752 1742 et
781 1685 1046 1758 plebeios
1081 1685 1260 1749 viros,
1294 1687 1575 1746 uxoratos
1609 1689 1825 1750 tamen,
1861 1724 1904 1778 Β
1939 1704 2065 1745 eam
2090 1690 2156 1742 ιι,
2183 1691 2318 1744 Esto
2335 1685 2721 1758 etiam,quod
2739 1700 2950 1741 verum
2971 1683 3064 1748 sit,
3087 1681 3250 1754 quod
3275 1692 3469 1736 canon
3489 1675 3585 1732 ille

185 1791 475 1832 assumens
505 1776 570 1832 in
605 1776 950 1848 episcopos,
979 1774 1066 1830 vel
1110 1778 1337 1838 contra,
1371 1773 1528 1842 cogit
1555 1787 1658 1826 eos
1685 1785 1825 1824 con-

185 1864 598 1920 tradicentibus
651 1880 860 1920 eorum
912 1862 1220 1929 uxoribus,
1283 1861 1566 1918 castitatis
1619 1863 1825 1914 votum

191 1953 449 2021 emittere,
487 1953 582 2008 vel
619 1953 1052 2009 monasterium
1085 1950 1328 2022 aliquod
1354 1949 1616 2014 introire,
1660 1947 1824 2018 ipsas

190 2056 440 2111 sponsas,
470 2042 912 2098 continentiam
947 2040 1228 2112 proﬁteri.
1266 2039 1424 2094 lstud
1468 2036 1823 2109 probatione

191 2145 292 2210 non
319 2127 565 2200 indiget,
593 2129 740 2202 quia
767 2144 918 2201 pene
947 2135 1032 2186 tot
1054 2134 1228 2186 testes
1259 2132 1416 2195 sunt,
1448 2132 1592 2199 quot
1630 2124 1820 2194 gentis

190 2207 320 2276 1illius
336 2219 808 2274 consuetudines
830 2234 951 2276 non
977 2218 1274 2288 ignorant.
1301 2221 1507 2272 Nonne
1531 2215 1623 2269 bic
1644 2218 1823 2284 caput

192 2305 409 2362 Goliathi
463 2309 720 2382 proprio
765 2323 902 2364 ense
947 2305 1274 2362 inciditur?
1332 2319 1532 2359 nonne
1586 2301 1820 2372 gladius

191 2409 388 2465 eorum,
424 2413 618 2468 super
651 2397 886 2452 Latinos
923 2395 1495 2461 vibratus,intratin
1517 2391 1700 2448 corda
1729 2405 1819 2446 co-

196 2499 327 2550 rum,
357 2491 411 2542 et
439 2500 629 2542 arcus
660 2488 701 2520 “
742 2485 1002 2541 indebite
1035 2490 1256 2549 tensus,
1291 2485 1350 2537 in
1383 2482 1508 2536 suis
1537 2479 1820 2538 manibus

193 2569 384 2626 fractus
409 2590 538 2630 esse
575 2581 950 2630 monstratur
969 2574 997 2629 ‘I

252 2661 350 2716 Sed
373 2679 566 2720 canon
611 2663 1022 2735 apostolorum
1055 2667 1164 2730 est,
1191 2661 1292 2734 qui
1325 2661 1502 2717 dicit:
1536 2683 1561 2710 ‹‹
1596 2659 1664 2716 Si
1693 2659 1824 2730 quis

196 2751 488 2820 episcopus,
513 2776 540 2800 ››
575 2756 690 2807 etc.
716 2752 908 2816 Quare
937 2767 1055 2806 non
1080 2750 1434 2805 observatur
1450 2748 1527 2804 ab
1551 2748 1634 2803 eis
1659 2747 1685 2800 ?
1713 2748 1824 2800 Cur

197 2837 341 2892 nobis
365 2839 790 2896 innocentibus
813 2855 986 2895 suam
1009 2839 1459 2894 damnationem
1493 2842 1546 2892 et
1577 2835 1824 2907 turpitu-

198 2921 370 2980 dinem
407 2932 526 2984 tam
578 2927 880 2984 obstinato
916 2929 1120 2983 animo
1142 2927 1480 2996 objiciunt?
1505 2927 1649 2979 Cum
1682 2939 1823 2994 ergo

197 3016 529 3084 respondere
551 3031 678 3071 non
701 3016 953 3088 possint,
973 3021 1353 3070 transeamus
1375 3014 1451 3069 ad
1469 3013 1825 3068 vicesimum

200 3101 484 3172 septimum
520 3119 844 3171 canonem,
877 3104 982 3176 qui
1008 3103 1146 3158 dicit
1177 3123 1187 3160 :
1223 3125 1242 3151 ι
1283 3100 1662 3174 Episcopum,
1703 3101 1826 3155 sive
1857 3097 1896 3151 Ο

199 3190 616 3262 presbyterum,
643 3193 730 3247 vel
761 3192 1085 3248 diaconum
1122 3191 1504 3246 verberantes
1539 3189 1764 3255 ﬁdeles,
1798 3212 1824 3236 ››

201 3281 288 3330 etc.

257 3367 636 3440 Respondeo:
673 3370 736 3425 In
757 3369 1024 3442 quolibet
1065 3374 1314 3442 peccato
1345 3367 1661 3424 manifesto
1719 3365 1826 3422 tria

199 3453 258 3510 ad
311 3457 498 3514 minus
553 3460 958 3531 reperiuntur,
1015 3458 1257 3526 scilicet,
1317 3457 1503 3512 libido
1561 3456 1823 3522 interior,

199 3557 323 3613 opus
343 3550 621 3614 exterius,
645 3557 698 3603 et
719 3549 1018 3604 evidentia
1040 3548 1320 3604 libidinis.
1349 3545 1609 3601 lnteriori
1640 3544 1826 3600 offen-

199 3630 330 3688 ditur
342 3635 508 3692 Deus.
543 3638 924 3694 Diﬁ'ormatur
940 3638 1166 3712 quippe
1190 3638 1395 3692 anima
1411 3637 1486 3692 ad
1501 3636 1825 3705 imaginem

202 3719 280 3774 Dei
304 3723 468 3793 facta,
502 3734 566 3782 et
596 3729 766 3792 Deus,
796 3727 900 3798 qui
929 3727 1030 3782 tibi
1075 3725 1403 3798 prohibuit,
1433 3724 1763 3796 despicitur
1792 3739 1827 3780 a

200 3819 453 3870 creatura.
485 3817 680 3888 Opere
703 3815 975 3871 exteriori
1004 3815 1334 3886 corrumpit
1360 3815 1544 3870 homo
1563 3814 1826 3885 seipsum

201 3898 450 3960 etalium.
485 3903 803 3963 Evidentia
834 3921 993 3968 vero,
1025 3903 1112 3959 vel
1154 3903 1524 3972 enoruiitate,
1573 3919 1706 3974 quae
1738 3908 1828 3956 est

198 3983 392 4044 clamor
417 4008 558 4048 cum
589 4009 752 4059 voce,
787 4000 968 4048 totam
999 3992 1319 4048 Ecclesiam
1355 3991 1619 4046 offendit.
1647 3993 1827 4062 Opor-

200 4076 261 4128 tet
307 4093 458 4149 ergo,
490 4082 540 4138 si
592 4082 712 4137 vult
743 4090 896 4138 recte
946 4082 1252 4154 paenitere,
1309 4086 1372 4136 ut
1427 4087 1634 4136 contra
1683 4082 1827 4134 istos

202 4172 296 4218 tres
324 4173 562 4228 morbos
595 4173 702 4228 tria
723 4172 1005 4244 qutedam
1035 4172 1273 4242 objecta
1297 4170 1563 4226 remedia
1585 4171 1824 4242 penitus

202 4253 470 4328 adhibeat,
497 4261 720 4317 scilicet
741 4261 1016 4318 dolorem
1037 4260 1432 4325 contritionis,
1458 4265 1667 4315 contra
1692 4258 1820 4313 libi-

198 4339 366 4401 dinem
392 4351 607 4407 mentis
637 4369 650 4419 ;
677 4350 952 4408 laborem
982 4349 1424 4417 satisfactionis,
1447 4364 1552 4420 per
1577 4363 1819 4403 exsecu-

1940 1777 2014 1832 sit
2039 1776 2451 1848 apostolorum
2495 1779 2881 1837 sanctorum;
2915 1772 3154 1828 Latinos
3203 1775 3406 1826 tamen
3462 1778 3585 1820 non

1934 1866 2146 1936 tangit,
2169 1866 2312 1936 quia
2335 1879 2456 1920 non
2477 1863 2691 1918 dicitur
2707 1863 2966 1919 ibidem:
2997 1884 3018 1910 ι
3046 1858 3216 1926 Quod
3236 1857 3582 1930 quicunque

1934 1955 2257 2025 episcopus
2270 1952 2541 2019 voluerit,
2566 1956 2699 2019 etc.,
2718 1965 3081 2024 quacunque
3097 1964 3168 2004 ex
3189 1961 3395 2010 causa,
3422 1965 3450 1992 ››
3475 1942 3580 1997 sed

1931 2042 2180 2100 dicitur:
2215 2064 2243 2092 «
2278 2041 2626 2113 Episcopus,
2654 2046 2787 2106 etc.,
2846 2039 3228 2096 verberantes
3259 2032 3486 2096 ﬁdeles,
3522 2035 3580 2086 et

1931 2136 2174 2205 propter
2188 2131 2304 2186 hoc
2328 2129 2516 2186 timeri
2538 2128 2768 2198 volunt,
2795 2150 2822 2178 »
2851 2132 2962 2184 etc.
2986 2130 3112 2183 Non
3131 2124 3290 2180 enim
3321 2123 3436 2178 hoc
3457 2120 3578 2190 agit

1932 2220 2189 2277 Ecclesia
2207 2221 2478 2280 Romana
2493 2218 2552 2272 in
2574 2217 2696 2273 suis
2710 2217 2866 2284 ﬁliis,
2884 2222 3177 2288 tanquam
3197 2210 3574 2285 tyrannicam

1930 2325 2212 2368 exercens
2242 2312 2617 2381 potestatem,
2645 2306 2740 2364 vel
2769 2305 2908 2362 odio
2936 2308 3260 2368 commota,
3291 2299 3398 2362 sed
3440 2314 3574 2371 pro-

1929 2405 2058 2474 pter
2085 2399 2218 2454 illas
2243 2411 2480 2467 causas,
2509 2411 2663 2468 quas
2688 2394 3100 2468 praediximus,
3133 2398 3189 2448 et
3219 2390 3390 2454 alias,
3419 2403 3572 2459 quas

1929 2495 2172 2562 propter
2202 2487 2551 2544 brevitatem
2575 2485 2921 2557 judicamus
2951 2480 3306 2540 reticendas.

2005 2579 2119 2636 Sed
2161 2576 2418 2634 Ecclesia
2447 2577 2812 2641 Graecorum,
2853 2590 2989 2646 quae
3036 2572 3268 2629 trabem
3297 2571 3488 2641 gestat
3513 2567 3574 2624 in

1931 2668 2127 2730 oculo,
2161 2682 2346 2740 quam
2370 2681 2491 2722 non
2513 2665 2694 2731 videt,
2719 2664 2822 2720 sed
2845 2664 3040 2736 potius
3064 2663 3354 2718 festucam
3388 2658 3577 2715 modi-

1933 2774 2064 2814 cam
2099 2757 2159 2812 in
2181 2754 2354 2811 oculo
2375 2753 2574 2812 fratris
2608 2754 2704 2810 sui
2726 2756 2794 2819 ιδ,
2829 2753 2964 2821 hoc,
2997 2750 3162 2824 quod
3191 2748 3369 2806 nobis
3422 2747 3579 2817 obji-

1933 2848 2032 2911 cit,
2065 2845 2390 2902 studiosius
2420 2844 2647 2917 implet,
2680 2859 2802 2900 non
2836 2842 2972 2898 dico
2997 2841 3058 2896 in
3103 2840 3227 2896 suis
3282 2838 3472 2904 laicis,
3504 2836 3582 2893 ad

1933 2952 2090 3008 quos
2107 2935 2390 2990 nimirum
2412 2949 2629 2988 manus
2641 2931 2961 2990 extendere
2983 2944 3106 2986 non
3126 2925 3454 3000 praesumit,
3477 2925 3582 2980 sed

1935 3025 1994 3080 in
2028 3024 2150 3080 suis
2174 3021 2498 3094 papatibus
2526 3026 2582 3078 et
2601 3021 2848 3087 clericis,
2871 3035 3025 3090 quos
3044 3023 3337 3087 tanquam
3358 3013 3504 3070 viles
3527 3018 3586 3074 et

1934 3112 2210 3171 rusticos,
2241 3109 2463 3182 pugnis
2488 3109 2706 3166 faciunt
2735 3107 3054 3176 verberari,
3095 3104 3333 3161 sublato
3385 3106 3585 3160 tamen

1935 3202 2103 3274 prius
2133 3208 2204 3270 τῷ
2239 3199 2443 3270 ἱματίῳ,
2467 3198 2528 3254 id
2571 3204 2678 3262 est,
2718 3202 2880 3253 veste
2919 3193 3195 3262 clericali,
3229 3191 3308 3249 ad
3344 3191 3579 3260 horam,

1936 3293 2114 3362 prout
2140 3287 2396 3360 propriis
2429 3286 2617 3342 oculis
2645 3286 2992 3358 aspeximus
3019 3284 3079 3340 in
3101 3281 3337 3340 civitate
3366 3280 3580 3337 Nicaea.

2007 3381 2172 3432 Nunc
2203 3391 2367 3447 ergo,
2401 3375 2448 3430 si
2479 3375 2559 3430 ita
2587 3379 2698 3443 est,
2729 3376 2852 3430 imo
2881 3374 3028 3446 quia
3054 3373 3134 3430 ita
3181 3375 3288 3437 est,
3340 3368 3583 3426 stultam

1938 3465 2076 3522 fecit
2103 3463 2392 3520 Dominus
2423 3465 2760 3520 Graecorum
2796 3462 3172 3535 sapientiam.
3206 3463 3376 3516 Hunc
3405 3457 3584 3530 igitur

1937 3569 2230 3610 canonem
2267 3558 2556 3624 tanquam
2587 3552 2856 3609 inutilem
2887 3552 3288 3624 relinquentes
3318 3547 3397 3605 ad
3424 3562 3586 3604 sexa-

1938 3645 2231 3712 gesimum
2264 3643 2520 3712 tertium,
2553 3641 2654 3714 qui
2714 3641 2789 3698 de
2841 3640 3134 3712 sanguine
3187 3644 3244 3696 et
3295 3637 3585 3694 sutfocato

1935 3731 2219 3804 loquitur,
2249 3746 2588 3786 sermonem
2617 3735 3058 3788 convertamus.

2012 3823 2072 3875 Et
2098 3819 2234 3874 licet
2263 3818 2559 3888 generalis
2591 3820 2910 3892 responsio
2962 3816 3276 3890 supposita
3305 3813 3582 3883 suﬁciat,

1935 3914 2137 3964 tamen
2154 3907 2377 3979 aliquid
2395 3907 2570 3963 latius
2592 3907 3091 3980 respondeamus.
3119 3909 3391 3962 Fatemur
3412 3918 3579 3972 sane,

1934 4013 2142 4053 verum
2177 3997 2485 4052 decretum
2531 3996 2712 4052 fuisse
2764 3996 2842 4052 ab
2889 3994 3173 4068 apostolis
3217 3995 3280 4050 in
3337 3990 3580 4047 Actibus

1934 4102 2166 4152 eorum,
2199 4090 2264 4140 ut
2287 4085 2370 4150 hi,
2400 4085 2504 4156 qui
2531 4085 2800 4140 conversi
2827 4088 2994 4140 erant
3015 4083 3088 4138 de
3114 4080 3408 4152 gentibus,
3443 4078 3580 4134 abs-

1933 4175 2275 4230 tinerent“.
2310 4173 2480 4238 Quod
2506 4172 2755 4244 quidem
2804 4170 3162 4245 expediebat
3217 4168 3471 4241 tempori
3499 4166 3580 4223 illi

1931 4267 1988 4319 et
2017 4262 2195 4318 statui
2222 4261 2620 4328 inﬁrmorum,
2662 4277 2733 4317 eo
2767 4261 2932 4333 quod
2979 4273 3293 4332 synagoga
3338 4271 3581 4313 conver-

1930 4369 2135 4409 sorum
2163 4353 2531 4418 Judaeorum,
2565 4367 2703 4408 cum
2729 4351 2958 4408 honore
2987 4355 3044 4407 et
3067 4349 3383 4423 obsequio,
3425 4347 3581 4403 sicut

200 4429 388 4491 tionem
419 4440 618 4511 operis
650 4458 668 4504 ;
701 4439 978 4511 privatim
1015 4445 1215 4494 tamen
1247 4453 1357 4510 pro
1388 4436 1658 4509 privatiS,
1713 4453 1818 4508 pu-
1855 4450 1895 4504 D
1929 4441 2070 4498 dicit
2118 4441 2329 4498 beatus
2360 4440 2748 4512 Augustinus,
2780 4439 3062 4497 ducenda
3097 4443 3226 4496 erat
3260 4438 3339 4494 ad
3382 4435 3577 4508 sepul~

203 4515 324 4576 blice
353 4541 456 4596 pro
485 4528 835 4584 manifestis.

257 4607 381 4668 Item
412 4623 795 4686 peccatorum
828 4614 1112 4688 qutedam
1161 4622 1299 4670 sunt
1328 4631 1397 4670 ex
1456 4614 1814 4683 ignorantia,

203 4699 442 4766 quedam
459 4721 531 4760 ex
552 4704 911 4774 inﬁrmitate,
929 4704 1210 4776 quaedam
1227 4720 1296 4759 ex
1311 4705 1506 4758 studio
1524 4707 1580 4758 et
1595 4703 1815 4758 malitia

205 4796 518 4858 Pi‘t'petrata.
537 4794 790 4862 Quando
804 4810 947 4864 ergo
961 4794 1175 4866 aliquis
1193 4793 1266 4847 de
1283 4808 1532 4848 numero
1547 4791 1811 4848 ﬁdelium

204 4881 299 4928 “0n
339 4882 626 4952 privatim,
662 4882 766 4938 sed
817 4882 1072 4954 publice,
1123 4898 1241 4937 non
1292 4883 1653 4951 ignoranter,
1707 4882 1808 4935 sed

205 4963 432 5024 studiese
458 4981 513 5027 et
543 4971 798 5044 superbe
833 4988 1108 5044 peccans,
1144 4977 1459 5042 separatus
1491 4975 1577 5024 est
1603 4971 1680 5025 ab
1714 4973 1810 5026 Ec-

206 5045 369 5140 clesia.
402 5062 517 5113 tam
539 5060 746 5114 merito
772 5058 992 5126 delicti,
1021 5074 1202 5130 quam
1230 5057 1519 5112 sententia
1560 5058 1807 5128 praelati,

201 5145 394 5228 lli-“um
425 5154 528 5216 est,
563 5154 622 5202 ut
655 5149 700 5202 si
725 5147 1235 5202 vultreconciliari
1266 5146 1556 5206 Ecclesiae,
1580 5163 1612 5200 a
1639 5147 1810 5216 cujus

207 5229 492 5296 ‘megl‘itate
505 5237 804 5292 abscissus
823 5243 910 5292 est
922 5238 1250 5309 peccando,
1266 5236 1427 5309 quod
1445 5237 1804 5306 condignam

208 5319 250 5364 et
274 5332 571 5391 congruam
599 5326 794 5381 delicti
821 5327 1280 5382 satisfactionem
1309 5325 1519 5380 offerat
1545 5327 1620 5380 ad
1653 5327 1806 5382 arbi-

215 5504 247 5536 n
269 5438 452 5536 t‘infsal
479 5455 816 5536 xyvglp;
901 5453 946 5485 ηιξ
980 5453 1092 5515 [sa’
1126 5467 1177 5536 Εἴ
1203 5455 1254 5536 .6:
1358 5452 1406 5485 i3
1433 5454 1542 5504 15a.
1574 5468 1686 5517 Lm,
1723 5457 1772 5508 5.

275 5511 288 5562 1
318 5515 411 5571 Cor
435 5537 486 5585 x,
517 5526 604 5577 25.
665 5511 730 5556 ἠ
759 5522 862 5577 Tit.
898 5539 934 5590 t,
965 5527 1045 5578 l5.
1080 5511 1088 5515 ’
1126 5511 1171 5557 ‘9
1207 5524 1374 5578 Rom.
1403 5538 1517 5586 xw,
1553 5526 1601 5576 4.

1927 4537 2146 4588 turam.
2181 4529 2472 4584 Processu
2504 4545 2647 4585 vero
2679 4530 2986 4601 temporis,
3035 4528 3319 4586 roborata
3363 4525 3575 4598 pradi-

1925 4621 2157 4676 catione
2189 4618 2512 4688 Evangelii,
2545 4623 2601 4674 et
2645 4618 3021 4674 multitudine
3049 4618 3318 4688 gentium
3375 4615 3451 4672 ad
3505 4614 3574 4669 ﬁ-

1922 4709 2061 4765 dem
2093 4715 2383 4775 currente,
2414 4724 2520 4781 per
2568 4707 2815 4764 Paulum
2863 4708 3174 4764 doctorem
3215 4705 3481 4778 gentium
3517 4708 3573 4759 et

1924 4796 2264 4870 apostolum
2301 4797 2620 4869 specialem
2653 4812 2883 4861 earum,
2913 4796 3037 4852 imo
3074 4812 3182 4869 per
3230 4795 3431 4866 ipsum
3463 4795 3571 4848 Do-

1920 4889 2044 4942 min
2055 4903 2176 4946 um,
2199 4885 2303 4956 qui
2325 4901 2430 4957 per
2453 4885 2802 4958 Apostolum
2818 4883 3198 4956 loquebatur,
3219 4881 3570 4952 hujusmodi

1920 4975 2211 5030 sententia
2234 4981 2512 5030 revocata
2541 4979 2647 5030 est.
2680 4973 2826 5029 Dicit
2868 4974 3026 5029 enim
3075 4973 3150 5028 ad
3193 4971 3568 5029 Corinthios:

1921 5064 2104 5119 Omne
2131 5063 2290 5132 quod
2324 5064 2386 5117 in
2416 5063 2668 5118 macello
2720 5063 2898 5126 venit,
2947 5062 3248 5128 comedite,
3282 5061 3438 5118 nihil
3485 5063 3574 5116 in-

1919 5157 2306 5220 terrogantes,
2340 5159 2588 5220 promer
2603 5151 3023 5207 conscientiam
3053 5153 3120 5206 ‘7.
3152 5151 3330 5207 Item:
3359 5151 3572 5208 Omnia

1916 5241 2144 5296 munda
2179 5241 2416 5295 mundis
2451 5242 2517 5296 ‘8.
2552 5243 2614 5295 Et
2643 5239 2822 5304 alibi:
2854 5240 2986 5296 Scio
3015 5247 3068 5297 et
3101 5241 3333 5309 conﬁdo
3364 5243 3424 5295 in
3460 5243 3571 5296 Do-

1921 5331 2077 5384 mino
2107 5331 2247 5384 Jesu
2268 5348 2290 5392 ;
2317 5330 2448 5400 quis
2470 5345 2548 5398 es,
2569 5330 2917 5400 quijudicas
2937 5333 3198 5385 alienun:
3218 5345 3450 5386 servum
3476 5331 3520 5364 ‘9
3547 5329 3572 5382 ‘?

1888 5453 1938 5488 “
1969 5451 2142 5508 Prov.
2175 5469 2310 5514 xxu,
2349 5458 2429 5506 15.
2537 5455 2582 5487 ⁸⁵
2618 5442 2813 5508 Matth.
2843 5469 2946 5521 vn,
2985 5458 3034 5508 3.
3149 5456 3195 5488 ⁸6
3227 5458 3348 5532 Act.
3377 5469 3472 5516 xv,
3507 5454 3572 5504 29
