4106 6222
462 194 565 251 567
1698 184 2179 245 PANTALEONIS
2219 186 2505 247 DiACONI
2544 191 2648 247 ΕΡ.
3838 193 3927 246 568

462 317 711 381 Scilicet,
746 314 849 387 qui
877 313 1042 371 salva
1061 329 1214 387 pura
1238 312 1602 371 conscientia
1630 314 1909 384 comedit,
1943 312 2118 385 quid-
2150 314 2197 368 Α
2225 329 2331 370 nes
2362 315 2523 371 enim
2553 315 2831 388 discipuli
2863 314 3097 372 Domini
3126 316 3356 373 ﬂetum
3390 312 3770 370 habuerunt
3800 314 3928 371 Sab-

465 405 613 478 quid
645 421 681 461 a
707 404 1043 474 majoribus
1065 404 1510 460 comedendum
1531 406 1776 477 accepit.
1800 404 2117 460 ldemzNe-
2224 403 2389 473 bato,
2419 406 2722 478 sepultum
2753 404 3503 477 suspicantes,etJudaeis
3538 403 3926 474 epulantibus

466 510 560 551 mo
578 509 678 550 vos
688 494 923 563 judicet
949 494 1012 549 in
1039 495 1163 549 cibo
1188 499 1242 550 et
1267 498 1415 563 potu
1442 495 1510 549 ⁵ο.
1533 499 1614 549 Ac
1647 494 1697 549 si
1717 494 1876 550 dicat
1900 510 1913 548 :
1934 495 2118 549 Nemo
2225 492 2427 550 laetitia
2454 494 2681 561 inerat;
2714 494 3024 567 discipulis
3066 499 3276 550 autem
3331 491 3792 563 jejunantibus
3840 495 3926 549 tri-

466 599 573 640 vos
602 582 766 639 velut
796 582 1034 638 Judaaos
1068 582 1368 639 discernat
1400 582 1478 639 ab
1505 582 1622 652 bis,
1656 583 1807 639 inter
1835 598 1988 655 quos
2016 581 2119 636 ha-

468 672 686 738 bitatis,
720 673 782 727 in
811 671 1146 727 diti’erentia
1176 672 1469 735 ciborum,
1498 678 1555 727 et
1583 672 1643 727 in
1674 672 1934 744 reliquis,
1984 684 2119 743 quas

470 761 634 817 idem
659 760 965 832 apostolus
996 760 1233 829 adjecit.
1267 760 1354 816 Ad
1388 760 1547 816 idem
1569 760 1709 818 facit
1732 760 1897 834 quod
1928 759 2123 815 Domi-

471 866 587 906 nus
612 850 671 905 in
705 848 1028 919 Evangelia
1077 849 1221 905 dicit
1270 851 1447 907 :Non
1499 851 1661 922 quod
1687 852 1881 907 intrat
1923 852 1981 905 in
2036 865 2118 914 os,

475 941 817 1009 coinquinat
873 939 1166 995 hominem
1198 940 1267 1006 δι,
1304 943 1414 995 etc.
1449 939 1621 1004 Quod
1650 938 1896 1012 quidem
1930 938 2123 1011 primo

476 1028 698 1100 pastori
727 1028 1032 1084 declarare
1084 1027 1289 1083 volens
1335 1029 1623 1084 Dominus
1655 1028 1717 1084 in
1772 1028 1999 1085 visione
2025 1026 2126 1082 illa

479 1118 706 1175 cwlesti
737 1122 793 1173 et
836 1116 1199 1182 admirabili,
1232 1116 1375 1189 quia
1431 1117 1593 1173 idem
1623 1122 1827 1190 pastor
1858 1116 2126 1172 Ecclesiae

479 1209 683 1262 Petrus
711 1205 959 1262 linteum
990 1211 1250 1278 quatuor
1270 1205 1448 1261 initiis
1478 1206 1552 1261 de
1598 1206 1747 1262 coelo
1777 1207 1854 1263 ad
1907 1212 2129 1262 terram

481 1296 1024 1362 submittividebat,
1048 1295 1680 1367 postadmirationem,
1700 1312 1883 1369 quam
1897 1294 2129 1362 habuit,

482 1385 626 1440 dixit
646 1386 735 1440 ei:
772 1386 940 1454 Quod
970 1387 1127 1441 Deus
1156 1385 1606 1453 permundavz‘t,
1636 1392 1698 1440 tu
1728 1400 1800 1441 ne
1829 1399 2133 1441 commune

483 1474 710 1531 dixeris
737 1476 805 1529 ⁵⁵.

556 1564 653 1618 His
683 1563 1137 1619 auctoritatibus
1170 1567 1225 1618 et
1268 1563 1470 1618 multis
1514 1564 1845 1619 rationibus
1878 1562 2135 1618 Ecclesia

2229 582 2386 638 stitia
2412 584 2766 656 imperabat.
2794 585 3115 640 Tristemur
3145 598 3298 654 ergo
3329 599 3492 639 cum
3550 582 3924 638 tristantibus

2228 671 2303 727 de
2334 672 2641 744 sepultura
2684 672 2934 740 domini,
2967 674 3015 729 si
3063 672 3368 728 volumus
3426 686 3583 726 cum
3615 670 3832 727 iisdem
3860 671 3925 729 de

2231 761 2465 816 Domini
2489 762 2920 818 resurrectione
2952 761 3233 832 gaudere.
3276 763 3510 833 Neque
3534 760 3709 816 enim
3730 760 3820 815 fas
3849 767 3927 817 est

2230 854 2295 906 ut
2313 850 2722 908 distinctiones
2739 852 3032 920 ciborum,
3056 856 3113 907 et
3132 849 3568 909 caremonias
3588 848 3922 906 Judaaorum

2232 954 2399 996 more
2426 941 2673 997 Judaico
2698 941 3109 997 observemus.
3145 963 3171 991 ››

2307 1028 2439 1085 Ηεεο
2471 1034 2527 1085 et
2556 1030 2647 1085 his
2681 1030 2895 1085 similia
2924 1030 3157 1086 dicente
3183 1029 3379 1086 beato
3412 1027 3765 1100 Sylvestro,
3802 1028 3923 1101 pla-

2235 1117 2356 1174 cuit
2380 1118 2747 1191 quibusdam
2778 1119 3167 1174 orientalibus
3200 1117 3644 1174 conventibus
3674 1117 3777 1174 illa
3822 1124 3919 1175 tra-

2239 1207 2382 1263 ditio
2407 1208 2751 1280 apostolicaa
2770 1208 2948 1263 sedis.
2977 1209 3090 1263 Sed
3114 1208 3318 1276 magis
3350 1207 3693 1276 elegerunt
3716 1206 3925 1263 Sabba-

2243 1301 2368 1353 tum
2401 1297 2697 1354 celebrare
2728 1315 2863 1353 cum
2895 1298 3132 1353 Judieis.
3183 1298 3381 1368 Cujus
3441 1297 3767 1352 sententiae
3796 1312 3920 1353 con-

2242 1388 2499 1443 cordans
2534 1386 2747 1444 beatus
2800 1388 3179 1443 Innocentius
3224 1402 3411 1458 papa
3445 1386 3576 1441 ait:
3614 1405 3647 1439 ‹
3682 1386 3922 1442 Sabbato

2238 1477 2637 1551 jejunandum
2665 1492 2813 1544 esse,
2842 1476 2993 1531 ratio
3025 1476 3510 1531 evidentissima
3540 1474 3919 1530 demonstrat.

2244 1571 2391 1624 Nam
2420 1566 2467 1621 si
2498 1566 2657 1621 diem
2689 1565 3060 1622 Dominicum
3101 1564 3177 1621 ob
3236 1565 3673 1620 reverentiam
3711 1565 3924 1619 Domini

485 1654 581 1708 Dei
612 1656 881 1708 Romana
903 1653 1145 1708 suffulta
1169 1651 1301 1707 loco
1334 1658 1389 1708 et
1412 1657 1679 1725 tempore
1706 1652 1924 1708 talibus
1956 1651 2137 1707 utitur
2167 1667 2205 1721 Β
2244 1673 2365 1713 non
2392 1656 2758 1727 jejunamus,
2796 1654 3126 1711 Sabbatum
3151 1654 3639 1725 praetermittere
3686 1669 3805 1708 non
3829 1652 3922 1708 de-

484 1742 715 1813 absque
741 1741 1103 1797 oﬂendiculo
1135 1748 1190 1797 et
1219 1742 1581 1797 conscientia
1611 1743 1862 1814 peccati.
1895 1741 2009 1797 Sed
2037 1744 2135 1796 Ec-

483 1830 663 1886 clesia
688 1834 1045 1898 Graecorum,
1072 1832 1165 1886 cui
1186 1831 1393 1887 omnia
1411 1832 1472 1887 in
1496 1831 1850 1887 scandalum
1880 1838 1935 1886 et
1952 1830 2137 1886 offen-

484 1918 752 1975 diculum
781 1920 1158 1974 conscientiae
1187 1935 1365 1975 versa
1399 1926 1556 1986 sunt,
1594 1936 1714 1975 non
1752 1921 1981 1992 absque
2011 1936 2131 1975 ma-

483 2006 618 2062 cula
670 2006 934 2063 criminis
986 2007 1207 2064 talibus
1255 2008 1539 2065 abutitur.
1596 2010 1737 2075 Quis
1792 2010 2135 2065 Latinorum

482 2112 620 2151 cum
652 2100 814 2152 tanto
846 2096 1045 2153 studio
1070 2102 1127 2153 et
1156 2098 1477 2154 attentione
1501 2098 1681 2154 utitur
1710 2098 1958 2170 porcino
1991 2114 2134 2154 san-

482 2188 680 2255 guine,
712 2187 861 2243 sicut
890 2188 1152 2260 populus
1184 2189 1516 2243 Graecorum
1541 2188 1568 2241 ?
1599 2191 1664 2243 Et
1694 2205 1757 2243 1:.
1787 2188 1974 2243 oculis
1998 2204 2135 2260 pro-

481 2276 628 2347 priis
657 2276 939 2343 vidimus,
973 2293 1083 2348 pro
1124 2277 1378 2331 summis
1422 2282 1659 2349 reputat
1687 2277 1911 2332 deliciis
1942 2295 1953 2332 :
1988 2293 2133 2349 quo-

480 2364 589 2419 ties
641 2363 740 2418 illo
792 2365 1083 2433 sanguine
1141 2365 1431 2432 confecto,
1500 2365 1662 2436 quod
1722 2370 1786 2421 ut
1834 2365 2133 2420 credimus

482 2452 745 2523 cipuncti
778 2454 886 2521 (45)
935 2459 1153 2508 vocant
1192 2454 1252 2507 in
1307 2454 1429 2508 suis
1479 2453 1689 2525 epulis,
1736 2453 1898 2509 velut
1953 2469 2135 2509 canes

482 2540 1010 2611 impudentissimi,
1059 2541 1413 2610 ingurgitari
1443 2548 1703 2613 possunt
1734 2544 1760 2599 ἓ)
1791 2543 1934 2598 Item
1968 2559 2134 2597 num-

482 2629 631 2702 quid
655 2644 778 2685 non
826 2633 1073 2685 utuntur
1105 2630 1435 2697 suffocatis,
1487 2635 1543 2687 et
1591 2632 1782 2703 captis
1835 2649 1870 2687 a
1921 2632 2133 2700 bestia,

480 2717 730 2790 quando
787 2719 1077 2775 venatitiis
1126 2719 1428 2787 carnibus,
1481 2724 1544 2775 ut
1586 2720 1839 2791 leprum,
1883 2721 1985 2792 qui
2044 2736 2137 2777 ca-

480 2824 628 2864 num
653 2807 936 2864 dentibus
959 2809 1380 2881 praefocantur,
1400 2815 1456 2865 et
1482 2810 1733 2865 aliorum
1758 2810 2134 2879 animalium,

479 2914 591 2954 nec
621 2914 743 2954 non
771 2902 828 2954 et
879 2899 1102 2969 avium,
1137 2916 1273 2971 quae
1309 2900 1528 2972 loqueo
1587 2906 1777 2972 captae
1834 2906 1993 2968 sunt,
2048 2901 2138 2956 vel

480 2988 610 3057 reti,
663 2995 722 3043 et
772 2988 1056 3045 manibus
1093 3004 1399 3060 aucupum
1452 3004 1662 3045 eorum
1714 2991 1914 3062 capita
1951 2995 2135 3046 retor-
2170 3022 2208 3076 ρ

482 3081 760 3148 quentur,
794 3081 851 3132 et
878 3083 1001 3133 tam
1033 3078 1344 3147 diligenter
1370 3082 1426 3134 et
1478 3080 1709 3135 curiose
1764 3084 2087 3135 vescuntur
2111 3080 2138 3134 ?

486 3164 653 3221 Unde
684 3181 826 3237 ergo
849 3167 931 3221 eis
963 3171 1126 3224 tanta
1151 3168 1404 3237 insania,
1427 3172 1491 3224 ut
1519 3168 1656 3236 hoc,
1689 3168 1853 3239 quod
1876 3168 1988 3240 ipsi
2014 3173 2137 3223 tam

486 3271 727 3311 summo
758 3257 958 3312 studio
992 3261 1304 3328 peragunt,
1334 3258 1395 3312 in
1428 3274 1489 3312 se
1523 3254 1976 3330 approbent,‘in
2008 3256 2136 3312 aliis

486 3345 826 3416 reprobent,
858 3346 1186 3409 derideant,
1221 3352 1276 3401 et
1304 3346 1631 3419 depravent
1656 3348 1681 3400 ?
1710 3346 2138 3402 Obmutescant

490 3434 701 3489 saltem
732 3450 891 3488 nunc
938 3450 1147 3489 eorum
1178 3434 1387 3490 dolosa
1416 3435 1599 3505 labia,
1653 3440 1709 3490 et
1755 3434 2137 3507 impudentes

490 3522 713 3577 frontes
743 3522 1022 3577 decidant
1043 3525 1169 3593 jam
1203 3524 1479 3579 confusae.

564 3610 703 3664 Post
730 3610 891 3665 hunc
918 3600 1185 3682 sequitur
1205 3628 1399 3667 canon
1425 3612 1838 3681 sexagesimus
1868 3617 2139 3683 quartus,

493 3698 598 3769 qui
629 3699 710 3753 sic
741 3700 947 3773 incipit
980 3718 991 3755 :
1030 3724 1055 3749 λι
1082 3702 1136 3756 Si
1164 3702 1298 3773 quis
1339 3701 1585 3757 clericus
1642 3704 1919 3757 inventus
1972 3701 2145 3755 fuerit

488 3788 772 3858 jejunans
801 3790 961 3846 diem
994 3789 1392 3861 Dominicum,
1424 3791 1515 3846 vel
1535 3791 1693 3846 diem
1722 3790 1966 3847 Subbali
1996 3806 2144 3861 prie-

496 3883 583 3934 ter
608 3896 818 3951 unum,
855 3903 880 3930 ››
918 3888 1027 3937 etc.

570 3970 918 4040 Respondeo
963 3989 975 4024 :
1019 3972 1219 4025 Canon
1267 3972 1373 4025 iste
1410 3985 1531 4025 non
1570 3975 1655 4025 est
1707 3967 2141 4041 apostolorum,

496 4058 600 4113 sed
630 4060 1057 4130 quorumdam,
1114 4061 1239 4132 qui,
1272 4065 1514 4132 propter
1559 4076 1808 4115 causam
1873 4057 2145 4129 superius

498 4148 891 4216 assignatam,
916 4151 1091 4205 talem
1117 4150 1470 4204 sententiam
1500 4148 2056 4221 promulgaverunt.
2090 4145 2147 4202 Si

498 4234 658 4289 enim
688 4240 839 4289 esset
865 4252 1057 4291 canon
1092 4237 1478 4309 apostolicus,
1508 4238 1709 4293 fuisset
1763 4236 1968 4308 utique
2000 4242 2145 4290 tem-

496 4338 643 4394 pore
677 4322 949 4393 Sylvestri
978 4341 1171 4396 papze.
1206 4328 1445 4381 Constat
1470 4331 1691 4393 autem,
1725 4328 1887 4399 quod
1916 4326 1975 4382 in
2030 4325 2147 4379 die-

498 4414 617 4468 bus
650 4412 774 4467 suis
804 4418 967 4467 mota
998 4413 1105 4468 fuit
1129 4415 1381 4485 quaestio
1412 4431 1447 4470 a
1479 4417 1710 4481 Gt‘tecis,
1763 4418 1929 4487 quod
1983 4417 2143 4472 vide-

499 4502 636 4557 licet
663 4515 784 4555 non
811 4500 1107 4570 jejunaret
1147 4502 1496 4571 Sabbatum,
1530 4508 1742 4575 praeter
1798 4521 2008 4575 unum,
2068 4504 2147 4561 al-

500 4589 843 4659 legantibus
857 4590 1226 4661 quibusdam
1244 4590 1318 4645 de
1334 4589 1462 4659 lege
1480 4594 1715 4661 Moysis,
1732 4593 1881 4649 sicut
1897 4594 2150 4649 habetur

502 4682 565 4737 in
595 4682 725 4737 Vita
755 4681 940 4752 ipsius
967 4696 1137 4753 papae
1168 4699 1180 4745 ;
1210 4681 1314 4735 sed
1362 4697 1501 4737 cum
1548 4681 1778 4737 nullum
1832 4699 2149 4739 assensum

502 4772 771 4842 praebere
799 4770 1101 4833 voluisset,
1137 4769 1431 4842 Sylvester
1458 4785 1618 4842 papa
1647 4770 1728 4827 ait
1756 4788 1767 4827 :
1805 4795 1832 4823 ‹‹
1868 4774 1920 4828 Si
1953 4774 2149 4828 omnis

507 4863 850 4917 Dominicus
874 4861 1319 4915 resurrectionis
1351 4866 1437 4915 est
1460 4860 1747 4916 colendus
1776 4862 1834 4917 in
1864 4862 2150 4933 gaudium

507 4952 994 5016 Christianorum,
1024 4954 1081 5005 et
1128 4951 1325 5006 omnis
1373 4950 1619 5006 Sabbati
1648 4952 1776 5006 dies
1832 4952 2150 5025 sepultura:

506 5044 587 5093 est
608 5039 991 5111 deputandus
1023 5040 1098 5095 ad
1132 5040 1606 5096 exercitationem
1632 5040 1991 5097 Judworum.
2019 5043 2153 5097 0m-

576 5200 623 5234 ⁵ο
650 5198 871 5256 Coloss.
904 5204 1077 5268 11,40.
1113 5202 1154 5235 δι
1187 5201 1382 5257 Matth.
1415 5217 1513 5271 xv,
1550 5204 1631 5256 tt.
1666 5201 1712 5235 ⁵²
1771 5204 1894 5257 Act.
1929 5217 1965 5257 x
2003 5241 2015 5265 ,
2051 5206 2141 5257 15.

571 5365 684 5435 (45)
704 5361 964 5491 Batrbara
985 5361 1150 5430 lexis,
1176 5361 1485 5428 fat-torum,
1510 5362 1845 5419 Blutwurst
1877 5363 2018 5421 oder
2038 5366 2147 5421 Ro-

571 5451 759 5491 riwurs
794 5476 804 5489 .

495 5451 804 5494 senwm‘sa

569 5526 679 5601 (46)
710 5525 893 5598 Epist.
932 5528 979 5593 1,
1013 5522 1090 5581 ad
1115 5521 1481 5579 Decentium.

2244 1747 2459 1803 bemus
2487 1763 2498 1800 :
2533 1744 2698 1817 quod
2729 1745 2881 1799 inter
2906 1744 3202 1800 tristitiam
3229 1749 3286 1798 et
3320 1743 3625 1798 laetitiam
3654 1743 3919 1814 temporis

2244 1836 2400 1891 illius
2428 1834 2663 1889 videtur
2688 1834 3165 1889 inch15um.Nam
3198 1833 3423 1904 utique
3450 1831 3770 1903 apostolos
3795 1846 3917 1886 con-

2248 1927 2363 1979 stat
2387 1922 2573 1978 biduo
2607 1922 2740 1986 isto,
2776 1926 2831 1976 et
2862 1922 2921 1976 in
2962 1936 3218 1976 maerore
3270 1921 3502 1986 fuisse,
3573 1924 3634 1975 et
3690 1925 3913 1992 propter

2245 2010 2825 2068 metumJudaaorum
2859 2026 2919 2065 se
2950 2009 3309 2065 occultasse.
3345 2008 3537 2075 Quod
3569 2007 3776 2079 utique
3806 2021 3908 2061 non

2245 2106 2331 2156 est
2360 2099 2633 2164 dubium,
2662 2103 2719 2153 et
2739 2098 2798 2153 in
2828 2102 3060 2153 tantum
3084 2098 3414 2167 jejunasse
3472 2096 3670 2152 biduo
3703 2111 3905 2151 memo-

2243 2196 2392 2256 rato,
2428 2193 2489 2244 ut
2518 2188 2752 2244 traditio
2785 2186 3054 2242 Ecclesiae
3081 2186 3326 2253 habeat,
3355 2186 3478 2241 isto
3512 2185 3706 2241 biduo
3734 2199 3910 2239 sacra-

2245 2285 2447 2335 menta
2478 2278 2714 2350 penitus
2746 2293 2867 2332 non
2894 2275 3213 2331 celebrare.
3250 2280 3405 2341 Quce
3436 2275 3643 2330 forma
3675 2289 3777 2346 per
3805 2273 3901 2327 sin-

2245 2369 2411 2437 gulas
2444 2364 2863 2420 hebdomadas
2894 2368 2981 2420 cst
3012 2363 3291 2418 tenenda.
3352 2364 3460 2418 Hic
3496 2362 3806 2435 loquimur
3832 2375 3905 2413 se-

2245 2456 2509 2511 cundum
2534 2453 2802 2522 modum,
2829 2452 2933 2525 qui
2956 2458 3092 2508 tunc
3116 2456 3261 2518 erat,
3292 2457 3561 2524 propter
3576 2450 3738 2523 quod
3763 2464 3901 2504 com-

2245 2543 2597 2599 memoratio
2624 2542 2776 2597 illius
2805 2543 2923 2611 (47)
2952 2541 3069 2596 diei
3100 2558 3343 2612 semper
3385 2547 3479 2596 est
3532 2536 3896 2594 celebranda.

2246 2633 2417 2699 Quod
2440 2632 2486 2686 si
2516 2635 2726 2704 putant
2748 2630 2951 2693 semel,
2981 2635 3159 2702 atque
3182 2646 3305 2685 uno
3344 2629 3899 2699 Sabbatojcjunan-

2245 2722 2425 2785 dum;
2458 2737 2599 2792 ergo
2626 2725 2680 2776 et
2707 2720 2835 2775 dies
2868 2719 3196 2789 Dominica,
3229 2725 3288 2775 et
3320 2725 3502 2774 sexta
3537 2717 3706 2783 feria,
3739 2712 3898 2770 semel

2244 2810 2303 2866 in
2341 2810 2557 2865 Pascha
2592 2810 2699 2864 erit
2729 2809 2935 2880 utique
2966 2807 3352 2864 celebranda.
3393 2808 3452 2864 Si
3483 2813 3690 2863 autem
3726 2803 3895 2859 Domi-

2245 2899 2361 2955 nici
2392 2899 2528 2966 diei,
2557 2903 2659 2954 aut
2681 2903 2862 2953 sextae
2879 2898 3037 2953 feriae
3062 2913 3166 2969 per
3187 2897 3472 2967 singulas
3494 2891 3895 2952 hebdomadas

2245 2987 2584 3061 reparanda
2614 2991 2701 3043 est
2726 2987 2949 3055 imago,
2994 2986 3293 3041 dementis
3347 2992 3463 3049 est,
3527 2983 3699 3040 bidui
3741 2994 3893 3045 agere

2247 3077 2760 3141 consuetudinem,
2813 3076 3077 3131 Sabbato
3124 3076 3561 3147 praetermisso,
3622 3088 3751 3126 cum
3787 3082 3888 3123 non

2247 3168 2552 3239 disparem
2577 3168 2795 3222 habeat
2826 3182 3095 3230 causam,
3122 3181 3156 3220 a
3174 3172 3343 3221 sexta
3367 3164 3544 3231 feria,
3576 3163 3637 3217 in
3663 3176 3778 3233 qua
3799 3160 3889 3211 Do-

2247 3257 2446 3311 minus
2477 3272 2693 3328 passus
2725 3260 2832 3322 est,
2865 3255 3113 3327 quando
3146 3258 3201 3309 et
3230 3255 3402 3325 apud
3436 3252 3662 3308 inferos
3688 3248 3804 3313 fuit,
3831 3249 3884 3300 ut

2249 3345 2342 3401 die
2378 3346 2541 3400 tertia
2572 3360 2891 3413 resurgens
2921 3344 3513 3409 redderetlietitiam,
3548 3345 3685 3413 post
3707 3335 3889 3393 bidua-

2249 3451 2393 3490 nam
2425 3435 2862 3506 praecedentem
2897 3434 3212 3490 tristitiam.
3247 3437 3379 3489 Non
3414 3448 3561 3502 ergo
3602 3445 3705 3485 nos
3733 3438 3886 3493 nega-

2250 3540 2407 3589 mus,
2443 3528 2669 3579 sextam
2700 3522 2908 3578 feriam
2939 3522 3338 3593 jejunandam
3370 3540 3382 3590 ;
3415 3521 3522 3577 sed
3554 3518 3813 3578 dicimus,
3841 3514 3888 3564 et

2254 3614 2515 3670 Sabbato
2549 3615 2661 3668 hoc
2693 3612 3022 3683 agendum,
3054 3613 3196 3684 quia
3225 3613 3416 3668 ambo
3448 3612 3578 3666 dies
3624 3604 3881 3663 tristitiam

2255 3703 2557 3775 apostolis,
2585 3719 2653 3758 ac
2680 3702 2748 3757 iis
2775 3702 2878 3774 qui
2901 3702 3199 3757 Christum
3223 3703 3411 3757 secuti
3443 3703 3604 3763 sunt,
3641 3720 3667 3745 υ
3687 3691 3884 3749 indixe-

2252 3797 2408 3855 runt,
2434 3793 2535 3863 qui
2558 3792 2649 3846 die
2673 3791 2975 3846 Dominica
2997 3790 3327 3859 exhilarati,
3355 3805 3480 3845 non
3505 3787 3693 3842 solum
3712 3783 3880 3853 ipsum

2254 3880 2521 3935 festivum
2550 3896 2677 3935 esse
2696 3880 3030 3948 voluerunt,
3055 3878 3159 3933 sed
3188 3880 3367 3934 etiam
3394 3894 3505 3950 per
3530 3888 3732 3932 omnes
3760 3864 3877 3922 heb-

2255 3970 2551 4024 domadas
2584 3968 3087 4040 frequentandum
3118 3983 3250 4022 esse
3276 3967 3578 4022 dixerunt.

2334 4063 2397 4114 lit
2420 4075 2561 4128 ergo
2579 4060 2652 4113 ad
2676 4058 2936 4130 primum
2961 4057 3206 4113 verbum
3228 4062 3509 4112 nostrum
3528 4052 3874 4108 revertamur,

2255 4164 2448 4204 canon
2468 4149 2595 4218 iste,
2618 4164 2800 4220 quem
2824 4148 3006 4203 Graeci
3025 4147 3441 4219 apostolorum
3468 4160 3594 4200 esse
3617 4136 3878 4220 mentiun-

2254 4244 2369 4301 tur,
2403 4238 2449 4292 si
2482 4237 2687 4291 fuisset
2718 4242 2856 4292 tune
2882 4237 3188 4308 temporis,
3216 4235 3547 4291 suffecisset
3578 4229 3685 4285 illis
3714 4225 3767 4279 in
3792 4216 3874 4273 ad-

2252 4327 2539 4398 jutorinm
2572 4343 2694 4381 suae
2726 4326 3045 4398 petitionis,
3081 4340 3183 4379 seu
3216 4322 3543 4396 opinionis,
3574 4320 3681 4374 hoc
3709 4312 3875 4367 decre-

2258 4420 2381 4469 tum
2396 4413 2811 4485 apostolicum,
2828 4413 2989 4485 quod
3009 4413 3291 4468 nimirum
3312 4412 3456 4466 imm
3470 4404 3680 4464 utahile
3700 4407 3871 4488 secum:

2257 4505 2402 4559 dum
2434 4522 2536 4559 eos
2570 4508 2919 4575 permanet;
2952 4503 3233 4567 maxime,
3261 4502 3311 4555 si
3335 4499 3495 4556 istud
3527 4495 3618 4552 Dei
3650 4480 3870 4562 apolell

2259 4593 2714 4649 immutabiliter
2744 4593 3026 4648 omnibus
3059 4590 3430 4647 servandum
3453 4574 3863 4643 mandaverunt.

2261 4685 2401 4749 Quae
2433 4683 2541 4738 fuit
2565 4698 2705 4752 ergo
2737 4698 2943 4749 causa,
2971 4697 3105 4753 quae
3135 4697 3343 4735 eorum
3376 4675 3582 4734 clausit
3624 4660 3864 4759 labia,_ul

2260 4787 2380 4826 non
2411 4771 2703 4826 haberent
2730 4786 3041 4825 recursum
3084 4770 3143 4824 in
3175 4768 3392 4824 diebus
3425 4764 3535 4821 illis
3564 4759 3636 4817 ad
3667 4756 3865 4845 εθιξηξξν

2262 4860 2461 4915 dinem
2495 4860 2836 4932 apostolicai
2866 4858 3187 4915 sanctionis
3209 4859 3236 4913 ?
3282 4856 3453 4911 Nulla
3481 4860 3709 4925 prorsus
3736 4839 3857 4931 fuit:

2261 4951 2407 5023 quia
2431 4966 2540 5005 nec
2571 4950 2761 5005 editus
2792 4954 2932 5020 erat,
2967 4964 3075 5004 nec
3107 4963 3300 5003 canon
3334 4946 3447 5001 dici
3482 4938 3712 5015 poterat,
3743 4937 3860 4998 qum

2261 5056 2370 5098 nec
2396 5045 2539 5095 erat.

2327 5381 2440 5447 (47)
2474 5382 2616 5446 Quae
2646 5379 2849 5451 utique
2878 5378 3075 5451 forma
3097 5391 3205 5451 per
3229 5372 3492 5444 singulas
3523 5345 3851 5451 tenquglff!

2253 5421 3211 5524 he‘ﬁdén‘ié'u‘ai‘ﬁiéf)iéi'i’a‘ﬁﬁaa
3227 5421 3691 5504 commemoratio
3711 5421 3843 5480 illius

2252 5530 2364 5582 etc.

4044 5224 4048 5341 Ι

4044 5224 4048 5341 Ι
