  <div class='ocr_page' id='page_1' title='image "/cluster/home/n/w/nwhite01/storage/ocr_20150623/140/hvd.32044073502551/314.png"; bbox 0 0 4106 6222; ppageno 0'>
   <div class='ocr_carea' id='block_1_1' title="bbox 18 6 798 102">
    <p class='ocr_par' dir='ltr' id='par_1_1' title="bbox 18 6 798 102">
     <span class='ocr_line' id='line_1_1' title="bbox 18 6 798 102; baseline -0.004 -40"><span class='ocrx_word' id='word_1_1' title='bbox 18 6 688 102; x_wconf 58' lang='lat' dir='ltr'>W7&quot;</span> <span class='ocrx_word' id='word_1_2' title='bbox 729 6 798 36; x_wconf 12' lang='lat' dir='ltr'>&#39;V&quot;</span> 
     </span>
    </p>
   </div>
   <div class='ocr_carea' id='block_1_2' title="bbox 201 300 314 354">
    <p class='ocr_par' dir='ltr' id='par_1_2' title="bbox 201 300 314 354">
     <span class='ocr_line' id='line_1_2' title="bbox 201 300 314 354; baseline 0.027 -3"><span class='ocrx_word' id='word_1_3' title='bbox 201 300 314 354; x_wconf 79' lang='lat'>569</span> 
     </span>
    </p>
   </div>
   <div class='ocr_carea' id='block_1_3' title="bbox 1607 297 2242 356">
    <p class='ocr_par' dir='ltr' id='par_1_3' title="bbox 1607 297 2242 356">
     <span class='ocr_line' id='line_1_3' title="bbox 1607 297 2242 356; baseline 0.002 -1"><span class='ocrx_word' id='word_1_4' title='bbox 1607 297 1889 356; x_wconf 82' lang='lat' dir='ltr'>CONTRA</span> <span class='ocrx_word' id='word_1_5' title='bbox 1935 298 2242 356; x_wconf 64' lang='lat' dir='ltr'>GRIECOS.</span> 
     </span>
    </p>
   </div>
   <div class='ocr_carea' id='block_1_4' title="bbox 3522 306 3629 362">
    <p class='ocr_par' dir='ltr' id='par_1_4' title="bbox 3522 306 3629 362">
     <span class='ocr_line' id='line_1_4' title="bbox 3522 306 3629 362; baseline 0.037 -4"><span class='ocrx_word' id='word_1_6' title='bbox 3522 306 3629 362; x_wconf 81' lang='grc'>570</span> 
     </span>
    </p>
   </div>
   <div class='ocr_carea' id='block_1_5' title="bbox 282 422 3626 501">
    <p class='ocr_par' dir='ltr' id='par_1_5' title="bbox 282 422 3626 501">
     <span class='ocr_line' id='line_1_5' title="bbox 282 422 3626 501; baseline 0.001 -21"><span class='ocrx_word' id='word_1_7' title='bbox 282 422 402 480; x_wconf 89' lang='lat' dir='ltr'>Sed</span> <span class='ocrx_word' id='word_1_8' title='bbox 460 425 890 494; x_wconf 87' lang='lat' dir='ltr'>octogesimus,</span> <span class='ocrx_word' id='word_1_9' title='bbox 959 425 1260 500; x_wconf 89' lang='lat' dir='ltr'>inquiunt,</span> <span class='ocrx_word' id='word_1_10' title='bbox 1328 427 1434 501; x_wconf 87' lang='lat' dir='ltr'>qui</span> <span class='ocrx_word' id='word_1_11' title='bbox 1473 427 1555 484; x_wconf 92' lang='lat' dir='ltr'>sic</span> <span class='ocrx_word' id='word_1_12' title='bbox 1609 426 1814 499; x_wconf 84' lang='lat' dir='ltr'>incipit</span> <span class='ocrx_word' id='word_1_13' title='bbox 1855 442 1868 480; x_wconf 90' lang='lat'><strong>:</strong></span> <span class='ocrx_word' id='word_1_14' title='bbox 1903 425 1950 477; x_wconf 80' lang='grc' dir='ltr'><strong>Α</strong></span> <span class='ocrx_word' id='word_1_15' title='bbox 1979 425 2165 482; x_wconf 89' lang='lat' dir='ltr'>verbo</span> <span class='ocrx_word' id='word_1_16' title='bbox 2187 431 2458 499; x_wconf 87' lang='lat' dir='ltr'>etopere,</span> <span class='ocrx_word' id='word_1_17' title='bbox 2483 428 2731 485; x_wconf 84' lang='lat' dir='ltr'>reddere</span> <span class='ocrx_word' id='word_1_18' title='bbox 2763 431 3045 498; x_wconf 81' lang='lat' dir='ltr'>satagunt</span> <span class='ocrx_word' id='word_1_19' title='bbox 3064 425 3541 501; x_wconf 71' lang='lat' dir='ltr'>animmquiores.</span> <span class='ocrx_word' id='word_1_20' title='bbox 3561 430 3626 485; x_wconf 89' lang='lat' dir='ltr'>Et</span> 
     </span>
    </p>
   </div>
   <div class='ocr_carea' id='block_1_6' title="bbox 215 513 1872 589">
    <p class='ocr_par' dir='ltr' id='par_1_6' title="bbox 215 513 1872 589">
     <span class='ocr_line' id='line_1_6' title="bbox 215 513 1872 589; baseline 0.002 -21"><span class='ocrx_word' id='word_1_21' title='bbox 215 538 244 560; x_wconf 81' lang='grc'><strong><em>‹‹</em></strong></span> <span class='ocrx_word' id='word_1_22' title='bbox 273 513 633 587; x_wconf 84' lang='lat' dir='ltr'>Episcopus,</span> <span class='ocrx_word' id='word_1_23' title='bbox 667 515 760 572; x_wconf 85' lang='lat' dir='ltr'>vel</span> <span class='ocrx_word' id='word_1_24' title='bbox 791 516 1124 589; x_wconf 84' lang='lat' dir='ltr'>presbyter,</span> <span class='ocrx_word' id='word_1_25' title='bbox 1157 533 1265 574; x_wconf 91' lang='lat' dir='ltr'>seu</span> <span class='ocrx_word' id='word_1_26' title='bbox 1292 518 1587 574; x_wconf 86' lang='lat' dir='ltr'>diaconus</span> <span class='ocrx_word' id='word_1_27' title='bbox 1649 516 1872 573; x_wconf 64' lang='lat' dir='ltr'>militiai</span> 
     </span>
    </p>
   </div>
   <div class='ocr_carea' id='block_1_7' title="bbox 207 606 1744 673">
    <p class='ocr_par' dir='ltr' id='par_1_7' title="bbox 207 606 1744 673">
     <span class='ocr_line' id='line_1_7' title="bbox 207 606 1744 673; baseline 0.002 -16"><span class='ocrx_word' id='word_1_28' title='bbox 207 618 470 671; x_wconf 79' lang='lat' dir='ltr'>vacans,</span> <span class='ocrx_word' id='word_1_29' title='bbox 499 626 528 652; x_wconf 86' lang='grc'>››</span> <span class='ocrx_word' id='word_1_30' title='bbox 559 609 696 673; x_wconf 88' lang='lat' dir='ltr'>ete.,</span> <span class='ocrx_word' id='word_1_31' title='bbox 723 621 968 662; x_wconf 82' lang='lat' dir='ltr'>rursum</span> <span class='ocrx_word' id='word_1_32' title='bbox 999 606 1221 663; x_wconf 88' lang='lat' dir='ltr'>clamat</span> <span class='ocrx_word' id='word_1_33' title='bbox 1249 613 1458 664; x_wconf 87' lang='lat' dir='ltr'>contra</span> <span class='ocrx_word' id='word_1_34' title='bbox 1487 607 1744 664; x_wconf 88' lang='lat' dir='ltr'>Latinos.</span> 
     </span>
    </p>
   </div>
   <div class='ocr_carea' id='block_1_8' title="bbox 245 693 1941 769">
    <p class='ocr_par' dir='ltr' id='par_1_8' title="bbox 245 693 1941 769">
     <span class='ocr_line' id='line_1_8' title="bbox 245 693 1941 769; baseline 0.002 -21"><span class='ocrx_word' id='word_1_35' title='bbox 245 693 1873 769; x_wconf 80' lang='lat' dir='ltr'>Respondeo,sivimcanonisinspiciatlector,supposi-</span> <span class='ocrx_word' id='word_1_36' title='bbox 1923 707 1941 726; x_wconf 84' lang='lat'><strong>&#39;</strong></span> 
     </span>
    </p>
   </div>
   <div class='ocr_carea' id='block_1_9' title="bbox 205 781 1870 857">
    <p class='ocr_par' dir='ltr' id='par_1_9' title="bbox 205 781 1870 857">
     <span class='ocr_line' id='line_1_9' title="bbox 205 781 1870 857; baseline 0.002 -21"><span class='ocrx_word' id='word_1_37' title='bbox 205 784 268 837; x_wconf 91' lang='lat' dir='ltr'>to</span> <span class='ocrx_word' id='word_1_38' title='bbox 297 781 488 838; x_wconf 90' lang='lat' dir='ltr'>etiam</span> <span class='ocrx_word' id='word_1_39' title='bbox 517 787 662 855; x_wconf 87' lang='lat' dir='ltr'>quot</span> <span class='ocrx_word' id='word_1_40' title='bbox 691 782 764 840; x_wconf 86' lang='lat' dir='ltr'>sit</span> <span class='ocrx_word' id='word_1_41' title='bbox 791 784 1452 857; x_wconf 89' lang='lat' dir='ltr'>apostolorum,Latinis</span> <span class='ocrx_word' id='word_1_42' title='bbox 1492 801 1617 842; x_wconf 89' lang='lat' dir='ltr'>non</span> <span class='ocrx_word' id='word_1_43' title='bbox 1647 785 1870 843; x_wconf 83' lang='lat' dir='ltr'>obviat.</span> 
     </span>
    </p>
   </div>
   <div class='ocr_carea' id='block_1_10' title="bbox 206 869 1871 948">
    <p class='ocr_par' dir='ltr' id='par_1_10' title="bbox 206 869 1871 948">
     <span class='ocr_line' id='line_1_10' title="bbox 206 869 1871 948; baseline 0.004 -23"><span class='ocrx_word' id='word_1_44' title='bbox 206 869 365 936; x_wconf 84' lang='lat' dir='ltr'>Quia</span> <span class='ocrx_word' id='word_1_45' title='bbox 377 871 732 928; x_wconf 70' lang='lat' dir='ltr'>necmilitiaa</span> <span class='ocrx_word' id='word_1_46' title='bbox 750 875 1242 947; x_wconf 82' lang='lat' dir='ltr'>vacantepiscopi</span> <span class='ocrx_word' id='word_1_47' title='bbox 1255 876 1537 943; x_wconf 89' lang='lat' dir='ltr'>nostri,eo</span> <span class='ocrx_word' id='word_1_48' title='bbox 1555 875 1738 932; x_wconf 93' lang='lat' dir='ltr'>modo</span> <span class='ocrx_word' id='word_1_49' title='bbox 1751 891 1871 948; x_wconf 91' lang='lat' dir='ltr'>quo</span> 
     </span>
    </p>
   </div>
   <div class='ocr_carea' id='block_1_11' title="bbox 204 961 1874 1038">
    <p class='ocr_par' dir='ltr' id='par_1_11' title="bbox 204 961 1874 1038">
     <span class='ocr_line' id='line_1_11' title="bbox 204 961 1874 1038; baseline 0.003 -23"><span class='ocrx_word' id='word_1_50' title='bbox 204 975 411 1016; x_wconf 87' lang='lat' dir='ltr'>canon</span> <span class='ocrx_word' id='word_1_51' title='bbox 425 961 779 1034; x_wconf 90' lang='lat' dir='ltr'>accipit;nec</span> <span class='ocrx_word' id='word_1_52' title='bbox 793 963 1125 1036; x_wconf 84' lang='lat' dir='ltr'>[quisquam</span> <span class='ocrx_word' id='word_1_53' title='bbox 1138 965 1364 1038; x_wconf 81' lang='lat' dir='ltr'>eorum]</span> <span class='ocrx_word' id='word_1_54' title='bbox 1382 968 1702 1038; x_wconf 91' lang='lat' dir='ltr'>utrumque</span> <span class='ocrx_word' id='word_1_55' title='bbox 1715 965 1874 1038; x_wconf 88' lang='lat' dir='ltr'>prin-</span> 
     </span>
    </p>
   </div>
   <div class='ocr_carea' id='block_1_12' title="bbox 202 1047 1875 1122">
    <p class='ocr_par' dir='ltr' id='par_1_12' title="bbox 202 1047 1875 1122">
     <span class='ocr_line' id='line_1_12' title="bbox 202 1047 1875 1122; baseline 0.004 -20"><span class='ocrx_word' id='word_1_56' title='bbox 202 1047 484 1118; x_wconf 88' lang='lat' dir='ltr'>cipatum</span> <span class='ocrx_word' id='word_1_57' title='bbox 502 1064 772 1121; x_wconf 89' lang='lat' dir='ltr'>unquam</span> <span class='ocrx_word' id='word_1_58' title='bbox 798 1051 1002 1120; x_wconf 88' lang='lat' dir='ltr'>tenuit,</span> <span class='ocrx_word' id='word_1_59' title='bbox 1034 1051 1117 1108; x_wconf 88' lang='lat' dir='ltr'>vel</span> <span class='ocrx_word' id='word_1_60' title='bbox 1149 1056 1325 1122; x_wconf 92' lang='lat' dir='ltr'>tenet,</span> <span class='ocrx_word' id='word_1_61' title='bbox 1367 1057 1430 1108; x_wconf 90' lang='lat' dir='ltr'>ut</span> <span class='ocrx_word' id='word_1_62' title='bbox 1458 1053 1640 1109; x_wconf 88' lang='lat' dir='ltr'>simul</span> <span class='ocrx_word' id='word_1_63' title='bbox 1674 1069 1780 1109; x_wconf 86' lang='lat' dir='ltr'>rex</span> <span class='ocrx_word' id='word_1_64' title='bbox 1817 1056 1875 1109; x_wconf 90' lang='lat' dir='ltr'>et</span> 
     </span>
    </p>
   </div>
   <div class='ocr_carea' id='block_1_13' title="bbox 200 1135 1874 1213">
    <p class='ocr_par' dir='ltr' id='par_1_13' title="bbox 200 1135 1874 1213">
     <span class='ocr_line' id='line_1_13' title="bbox 200 1135 1874 1213; baseline 0.004 -23"><span class='ocrx_word' id='word_1_65' title='bbox 200 1135 500 1192; x_wconf 85' lang='lat' dir='ltr'>sacerdos</span> <span class='ocrx_word' id='word_1_66' title='bbox 518 1137 610 1204; x_wconf 88' lang='lat' dir='ltr'>sit,</span> <span class='ocrx_word' id='word_1_67' title='bbox 628 1137 718 1193; x_wconf 89' lang='lat' dir='ltr'>vel</span> <span class='ocrx_word' id='word_1_68' title='bbox 734 1143 995 1207; x_wconf 80' lang='lat' dir='ltr'>vocetur,</span> <span class='ocrx_word' id='word_1_69' title='bbox 1009 1140 1126 1196; x_wconf 89' lang='lat' dir='ltr'>nisi</span> <span class='ocrx_word' id='word_1_70' title='bbox 1143 1141 1542 1213; x_wconf 90' lang='lat' dir='ltr'>spiritualiter,</span> <span class='ocrx_word' id='word_1_71' title='bbox 1564 1142 1718 1198; x_wconf 88' lang='lat' dir='ltr'>sicut</span> <span class='ocrx_word' id='word_1_72' title='bbox 1731 1141 1874 1198; x_wconf 88' lang='lat' dir='ltr'>dicit</span> 
     </span>
    </p>
   </div>
   <div class='ocr_carea' id='block_1_14' title="bbox 199 1225 1871 1302">
    <p class='ocr_par' dir='ltr' id='par_1_14' title="bbox 199 1225 1871 1302">
     <span class='ocr_line' id='line_1_14' title="bbox 199 1225 1871 1302; baseline 0.004 -23"><span class='ocrx_word' id='word_1_73' title='bbox 199 1225 553 1298; x_wconf 82' lang='lat' dir='ltr'>Scriptura:</span> <span class='ocrx_word' id='word_1_74' title='bbox 581 1228 801 1284; x_wconf 82' lang='lat' dir='ltr'>Fecisti</span> <span class='ocrx_word' id='word_1_75' title='bbox 809 1244 914 1284; x_wconf 82' lang='lat' dir='ltr'>nos</span> <span class='ocrx_word' id='word_1_76' title='bbox 942 1230 1062 1286; x_wconf 91' lang='lat' dir='ltr'>Deo</span> <span class='ocrx_word' id='word_1_77' title='bbox 1085 1236 1291 1286; x_wconf 84' lang='lat' dir='ltr'>nostro</span> <span class='ocrx_word' id='word_1_78' title='bbox 1329 1247 1577 1302; x_wconf 86' lang='lat' dir='ltr'>regnum</span> <span class='ocrx_word' id='word_1_79' title='bbox 1602 1240 1654 1288; x_wconf 83' lang='lat' dir='ltr'>et</span> <span class='ocrx_word' id='word_1_80' title='bbox 1679 1247 1871 1287; x_wconf 83' lang='lat' dir='ltr'>sacer-</span> 
     </span>
    </p>
   </div>
   <div class='ocr_carea' id='block_1_15' title="bbox 199 1314 1873 1392">
    <p class='ocr_par' dir='ltr' id='par_1_15' title="bbox 199 1314 1873 1392">
     <span class='ocr_line' id='line_1_15' title="bbox 199 1314 1873 1392; baseline 0.004 -24"><span class='ocrx_word' id='word_1_81' title='bbox 199 1314 438 1370; x_wconf 82' lang='lat' dir='ltr'>dotium</span> <span class='ocrx_word' id='word_1_82' title='bbox 455 1317 524 1369; x_wconf 79' lang='grc'>⁵³.</span> <span class='ocrx_word' id='word_1_83' title='bbox 541 1315 599 1372; x_wconf 89' lang='lat' dir='ltr'>Si</span> <span class='ocrx_word' id='word_1_84' title='bbox 619 1332 762 1372; x_wconf 91' lang='lat' dir='ltr'>vero</span> <span class='ocrx_word' id='word_1_85' title='bbox 783 1318 980 1390; x_wconf 85' lang='lat' dir='ltr'>ipsam</span> <span class='ocrx_word' id='word_1_86' title='bbox 1007 1319 1501 1390; x_wconf 85' lang='lat' dir='ltr'>exhortationem,</span> <span class='ocrx_word' id='word_1_87' title='bbox 1527 1336 1713 1392; x_wconf 92' lang='lat' dir='ltr'>quam</span> <span class='ocrx_word' id='word_1_88' title='bbox 1739 1319 1873 1376; x_wconf 86' lang='lat' dir='ltr'>fecit</span> 
     </span>
    </p>
   </div>
   <div class='ocr_carea' id='block_1_16' title="bbox 198 1401 1868 1482">
    <p class='ocr_par' dir='ltr' id='par_1_16' title="bbox 198 1401 1868 1482">
     <span class='ocr_line' id='line_1_16' title="bbox 198 1401 1868 1482; baseline 0.004 -25"><span class='ocrx_word' id='word_1_89' title='bbox 198 1401 472 1458; x_wconf 81' lang='lat' dir='ltr'>Ecclesia</span> <span class='ocrx_word' id='word_1_90' title='bbox 501 1405 756 1478; x_wconf 80' lang='lat' dir='ltr'>principi</span> <span class='ocrx_word' id='word_1_91' title='bbox 783 1407 1075 1476; x_wconf 72' lang='lat' dir='ltr'>saeculari,</span> <span class='ocrx_word' id='word_1_92' title='bbox 1109 1408 1200 1464; x_wconf 91' lang='lat' dir='ltr'>vel</span> <span class='ocrx_word' id='word_1_93' title='bbox 1223 1410 1654 1471; x_wconf 85' lang='lat' dir='ltr'>auctoritatem,</span> <span class='ocrx_word' id='word_1_94' title='bbox 1681 1425 1868 1482; x_wconf 87' lang='lat' dir='ltr'>quam</span> 
     </span>
    </p>
   </div>
   <div class='ocr_carea' id='block_1_17' title="bbox 199 1490 1868 1570">
    <p class='ocr_par' dir='ltr' id='par_1_17' title="bbox 199 1490 1868 1570">
     <span class='ocr_line' id='line_1_17' title="bbox 199 1490 1868 1570; baseline 0.004 -24"><span class='ocrx_word' id='word_1_95' title='bbox 199 1490 332 1561; x_wconf 86' lang='lat' dir='ltr'>dat,</span> <span class='ocrx_word' id='word_1_96' title='bbox 360 1491 453 1547; x_wconf 82' lang='lat' dir='ltr'>vel</span> <span class='ocrx_word' id='word_1_97' title='bbox 477 1492 870 1565; x_wconf 90' lang='lat' dir='ltr'>adjutorium,</span> <span class='ocrx_word' id='word_1_98' title='bbox 893 1497 1060 1568; x_wconf 88' lang='lat' dir='ltr'>quod</span> <span class='ocrx_word' id='word_1_99' title='bbox 1085 1501 1328 1570; x_wconf 73' lang='lat' dir='ltr'>priestat</span> <span class='ocrx_word' id='word_1_100' title='bbox 1357 1502 1564 1554; x_wconf 88' lang='lat' dir='ltr'>contra</span> <span class='ocrx_word' id='word_1_101' title='bbox 1593 1513 1868 1570; x_wconf 88' lang='lat' dir='ltr'>persecu-</span> 
     </span>
    </p>
   </div>
   <div class='ocr_carea' id='block_1_18' title="bbox 201 1580 1868 1654">
    <p class='ocr_par' dir='ltr' id='par_1_18' title="bbox 201 1580 1868 1654">
     <span class='ocr_line' id='line_1_18' title="bbox 201 1580 1868 1654; baseline 0.004 -19"><span class='ocrx_word' id='word_1_102' title='bbox 201 1580 403 1636; x_wconf 85' lang='lat' dir='ltr'>tiones</span> <span class='ocrx_word' id='word_1_103' title='bbox 432 1581 624 1653; x_wconf 89' lang='lat' dir='ltr'>ipsius</span> <span class='ocrx_word' id='word_1_104' title='bbox 649 1583 941 1651; x_wconf 75' lang='lat' dir='ltr'>Ecclesim,</span> <span class='ocrx_word' id='word_1_105' title='bbox 973 1591 1028 1640; x_wconf 91' lang='lat' dir='ltr'>et</span> <span class='ocrx_word' id='word_1_106' title='bbox 1059 1587 1216 1641; x_wconf 91' lang='lat' dir='ltr'>viros</span> <span class='ocrx_word' id='word_1_107' title='bbox 1248 1586 1562 1654; x_wconf 81' lang='lat' dir='ltr'>nefandos,</span> <span class='ocrx_word' id='word_1_108' title='bbox 1597 1585 1868 1642; x_wconf 80' lang='lat' dir='ltr'>militiam</span> 
     </span>
    </p>
   </div>
   <div class='ocr_carea' id='block_1_19' title="bbox 203 1671 1869 1744">
    <p class='ocr_par' dir='ltr' id='par_1_19' title="bbox 203 1671 1869 1744">
     <span class='ocr_line' id='line_1_19' title="bbox 203 1671 1869 1744; baseline 0.004 -21"><span class='ocrx_word' id='word_1_109' title='bbox 203 1673 512 1742; x_wconf 89' lang='lat' dir='ltr'>reputant,</span> <span class='ocrx_word' id='word_1_110' title='bbox 545 1672 680 1744; x_wconf 87' lang='lat' dir='ltr'>quis</span> <span class='ocrx_word' id='word_1_111' title='bbox 711 1671 772 1727; x_wconf 89' lang='lat' dir='ltr'>in</span> <span class='ocrx_word' id='word_1_112' title='bbox 811 1671 925 1729; x_wconf 89' lang='lat' dir='ltr'>hoc</span> <span class='ocrx_word' id='word_1_113' title='bbox 957 1689 1079 1730; x_wconf 91' lang='lat' dir='ltr'>non</span> <span class='ocrx_word' id='word_1_114' title='bbox 1109 1674 1476 1732; x_wconf 68' lang='lat' dir='ltr'>offenditur?</span> <span class='ocrx_word' id='word_1_115' title='bbox 1515 1678 1719 1731; x_wconf 89' lang='lat' dir='ltr'>Nonne</span> <span class='ocrx_word' id='word_1_116' title='bbox 1769 1677 1869 1730; x_wconf 89' lang='lat' dir='ltr'>Ec-</span> 
     </span>
    </p>
   </div>
   <div class='ocr_carea' id='block_1_20' title="bbox 1977 513 3624 591">
    <p class='ocr_par' dir='ltr' id='par_1_20' title="bbox 1977 513 3624 591">
     <span class='ocr_line' id='line_1_20' title="bbox 1977 513 3624 591; baseline 0.002 -22"><span class='ocrx_word' id='word_1_117' title='bbox 1977 513 2078 581; x_wconf 91' lang='lat' dir='ltr'>ita,</span> <span class='ocrx_word' id='word_1_118' title='bbox 2103 531 2240 588; x_wconf 67' lang='lat' dir='ltr'>quas</span> <span class='ocrx_word' id='word_1_119' title='bbox 2266 517 2516 573; x_wconf 73' lang='lat' dir='ltr'>Caesaris</span> <span class='ocrx_word' id='word_1_120' title='bbox 2563 523 2702 576; x_wconf 90' lang='lat' dir='ltr'>sunt</span> <span class='ocrx_word' id='word_1_121' title='bbox 2750 518 2970 575; x_wconf 73' lang='lat' dir='ltr'>Caesari</span> <span class='ocrx_word' id='word_1_122' title='bbox 3006 517 3375 590; x_wconf 89' lang='lat' dir='ltr'>persolvunt,</span> <span class='ocrx_word' id='word_1_123' title='bbox 3395 521 3452 574; x_wconf 90' lang='lat' dir='ltr'>et</span> <span class='ocrx_word' id='word_1_124' title='bbox 3489 533 3624 591; x_wconf 74' lang='lat' dir='ltr'>quin</span> 
     </span>
    </p>
   </div>
   <div class='ocr_carea' id='block_1_21' title="bbox 1979 605 2744 674">
    <p class='ocr_par' dir='ltr' id='par_1_21' title="bbox 1979 605 2744 674">
     <span class='ocr_line' id='line_1_21' title="bbox 1979 605 2744 674; baseline 0.008 -16"><span class='ocrx_word' id='word_1_125' title='bbox 1979 607 2120 660; x_wconf 86' lang='lat' dir='ltr'>sunt</span> <span class='ocrx_word' id='word_1_126' title='bbox 2141 605 2261 674; x_wconf 91' lang='lat' dir='ltr'>Dei,</span> <span class='ocrx_word' id='word_1_127' title='bbox 2286 607 2404 662; x_wconf 91' lang='lat' dir='ltr'>Deo</span> <span class='ocrx_word' id='word_1_128' title='bbox 2446 607 2744 664; x_wconf 85' lang='lat' dir='ltr'>exhibent.</span> 
     </span>
    </p>
   </div>
   <div class='ocr_carea' id='block_1_22' title="bbox 2050 692 3624 764">
    <p class='ocr_par' dir='ltr' id='par_1_22' title="bbox 2050 692 3624 764">
     <span class='ocr_line' id='line_1_22' title="bbox 2050 692 3624 764; baseline 0.003 -17"><span class='ocrx_word' id='word_1_129' title='bbox 2050 692 2131 748; x_wconf 91' lang='lat' dir='ltr'>De</span> <span class='ocrx_word' id='word_1_130' title='bbox 2150 693 2410 764; x_wconf 90' lang='lat' dir='ltr'>bigamis</span> <span class='ocrx_word' id='word_1_131' title='bbox 2435 701 2656 764; x_wconf 91' lang='lat' dir='ltr'>autem,</span> <span class='ocrx_word' id='word_1_132' title='bbox 2677 702 2733 753; x_wconf 91' lang='lat' dir='ltr'>et</span> <span class='ocrx_word' id='word_1_133' title='bbox 2771 695 2944 764; x_wconf 88' lang='lat' dir='ltr'>ultra,</span> <span class='ocrx_word' id='word_1_134' title='bbox 2975 695 3152 753; x_wconf 91' lang='lat' dir='ltr'>nobis</span> <span class='ocrx_word' id='word_1_135' title='bbox 3174 695 3367 751; x_wconf 88' lang='lat' dir='ltr'>brevis</span> <span class='ocrx_word' id='word_1_136' title='bbox 3389 695 3624 751; x_wconf 90' lang='lat' dir='ltr'>incum-</span> 
     </span>
    </p>
   </div>
   <div class='ocr_carea' id='block_1_23' title="bbox 1977 783 3624 860">
    <p class='ocr_par' dir='ltr' id='par_1_23' title="bbox 1977 783 3624 860">
     <span class='ocr_line' id='line_1_23' title="bbox 1977 783 3624 860; baseline 0.001 -21"><span class='ocrx_word' id='word_1_137' title='bbox 1977 783 2414 856; x_wconf 87' lang='lat' dir='ltr'>bitresponsio.</span> <span class='ocrx_word' id='word_1_138' title='bbox 2455 786 2569 842; x_wconf 89' lang='lat' dir='ltr'>Aut</span> <span class='ocrx_word' id='word_1_139' title='bbox 2612 787 2770 842; x_wconf 91' lang='lat' dir='ltr'>enim</span> <span class='ocrx_word' id='word_1_140' title='bbox 2817 787 2920 860; x_wconf 87' lang='lat' dir='ltr'>qui</span> <span class='ocrx_word' id='word_1_141' title='bbox 2966 786 3105 842; x_wconf 89' lang='lat' dir='ltr'>talia</span> <span class='ocrx_word' id='word_1_142' title='bbox 3151 788 3500 854; x_wconf 91' lang='lat' dir='ltr'>statuerunt,</span> <span class='ocrx_word' id='word_1_143' title='bbox 3548 785 3624 840; x_wconf 92' lang='lat' dir='ltr'>de</span> 
     </span>
    </p>
   </div>
   <div class='ocr_carea' id='block_1_24' title="bbox 1978 871 3622 947">
    <p class='ocr_par' dir='ltr' id='par_1_24' title="bbox 1978 871 3622 947">
     <span class='ocr_line' id='line_1_24' title="bbox 1978 871 3622 947; baseline 0.002 -20"><span class='ocrx_word' id='word_1_144' title='bbox 1978 871 2224 941; x_wconf 88' lang='lat' dir='ltr'>clericis,</span> <span class='ocrx_word' id='word_1_145' title='bbox 2247 878 2448 930; x_wconf 90' lang='lat' dir='ltr'>etnon</span> <span class='ocrx_word' id='word_1_146' title='bbox 2483 875 2557 931; x_wconf 93' lang='lat' dir='ltr'>de</span> <span class='ocrx_word' id='word_1_147' title='bbox 2595 875 2782 942; x_wconf 90' lang='lat' dir='ltr'>laicis,</span> <span class='ocrx_word' id='word_1_148' title='bbox 2815 875 3059 947; x_wconf 83' lang='lat' dir='ltr'>intelligi</span> <span class='ocrx_word' id='word_1_149' title='bbox 3099 874 3457 930; x_wconf 89' lang='lat' dir='ltr'>voluerunt:</span> <span class='ocrx_word' id='word_1_150' title='bbox 3499 878 3622 942; x_wconf 88' lang='lat' dir='ltr'>aut,</span> 
     </span>
    </p>
   </div>
   <div class='ocr_carea' id='block_1_25' title="bbox 1979 961 3622 1039">
    <p class='ocr_par' dir='ltr' id='par_1_25' title="bbox 1979 961 3622 1039">
     <span class='ocr_line' id='line_1_25' title="bbox 1979 961 3622 1039; baseline 0.001 -22"><span class='ocrx_word' id='word_1_151' title='bbox 1979 961 2121 1018; x_wconf 86' lang='lat' dir='ltr'>side</span> <span class='ocrx_word' id='word_1_152' title='bbox 2155 963 2438 1020; x_wconf 90' lang='lat' dir='ltr'>omnibus</span> <span class='ocrx_word' id='word_1_153' title='bbox 2472 965 2890 1039; x_wconf 87' lang='lat' dir='ltr'>accipiendum</span> <span class='ocrx_word' id='word_1_154' title='bbox 2942 969 3051 1032; x_wconf 89' lang='lat' dir='ltr'>est,</span> <span class='ocrx_word' id='word_1_155' title='bbox 3088 964 3162 1020; x_wconf 93' lang='lat' dir='ltr'>de</span> <span class='ocrx_word' id='word_1_156' title='bbox 3203 964 3318 1019; x_wconf 88' lang='lat' dir='ltr'>illis</span> <span class='ocrx_word' id='word_1_157' title='bbox 3361 962 3502 1018; x_wconf 92' lang='lat' dir='ltr'>solis</span> <span class='ocrx_word' id='word_1_158' title='bbox 3535 963 3622 1018; x_wconf 81' lang='lat' dir='ltr'>lo-</span> 
     </span>
    </p>
   </div>
   <div class='ocr_carea' id='block_1_26' title="bbox 1978 1053 3623 1128">
    <p class='ocr_par' dir='ltr' id='par_1_26' title="bbox 1978 1053 3623 1128">
     <span class='ocr_line' id='line_1_26' title="bbox 1978 1053 3623 1128; baseline 0.001 -21"><span class='ocrx_word' id='word_1_159' title='bbox 1978 1057 2263 1124; x_wconf 87' lang='lat' dir='ltr'>quuntur,</span> <span class='ocrx_word' id='word_1_160' title='bbox 2295 1053 2398 1126; x_wconf 88' lang='lat' dir='ltr'>qui</span> <span class='ocrx_word' id='word_1_161' title='bbox 2431 1054 2663 1111; x_wconf 74' lang='lat' dir='ltr'>vivente</span> <span class='ocrx_word' id='word_1_162' title='bbox 2696 1055 2894 1128; x_wconf 89' lang='lat' dir='ltr'>prima</span> <span class='ocrx_word' id='word_1_163' title='bbox 2935 1054 3295 1111; x_wconf 88' lang='lat' dir='ltr'>contrahunt</span> <span class='ocrx_word' id='word_1_164' title='bbox 3331 1069 3470 1109; x_wconf 91' lang='lat' dir='ltr'>eum</span> <span class='ocrx_word' id='word_1_165' title='bbox 3510 1067 3623 1108; x_wconf 85' lang='lat' dir='ltr'>se--</span> 
     </span>
    </p>
   </div>
   <div class='ocr_carea' id='block_1_27' title="bbox 1978 1141 3622 1217">
    <p class='ocr_par' dir='ltr' id='par_1_27' title="bbox 1978 1141 3622 1217">
     <span class='ocr_line' id='line_1_27' title="bbox 1978 1141 3622 1217; baseline 0 -20"><span class='ocrx_word' id='word_1_166' title='bbox 1978 1141 2198 1212; x_wconf 90' lang='lat' dir='ltr'>cunda,</span> <span class='ocrx_word' id='word_1_167' title='bbox 2221 1147 2277 1199; x_wconf 91' lang='lat' dir='ltr'>et</span> <span class='ocrx_word' id='word_1_168' title='bbox 2298 1144 2498 1201; x_wconf 91' lang='lat' dir='ltr'>tertia:</span> <span class='ocrx_word' id='word_1_169' title='bbox 2523 1149 2626 1202; x_wconf 88' lang='lat' dir='ltr'>aut</span> <span class='ocrx_word' id='word_1_170' title='bbox 2655 1150 2828 1212; x_wconf 89' lang='lat' dir='ltr'>certe,</span> <span class='ocrx_word' id='word_1_171' title='bbox 2853 1149 2917 1201; x_wconf 90' lang='lat' dir='ltr'>ut</span> <span class='ocrx_word' id='word_1_172' title='bbox 2945 1143 3192 1217; x_wconf 86' lang='lat' dir='ltr'>quidam</span> <span class='ocrx_word' id='word_1_173' title='bbox 3223 1158 3434 1200; x_wconf 89' lang='lat' dir='ltr'>eorum</span> <span class='ocrx_word' id='word_1_174' title='bbox 3469 1156 3622 1210; x_wconf 83' lang='lat' dir='ltr'>sane</span> 
     </span>
    </p>
   </div>
   <div class='ocr_carea' id='block_1_28' title="bbox 1975 1231 3623 1306">
    <p class='ocr_par' dir='ltr' id='par_1_28' title="bbox 1975 1231 3623 1306">
     <span class='ocr_line' id='line_1_28' title="bbox 1975 1231 3623 1306; baseline 0.001 -20"><span class='ocrx_word' id='word_1_175' title='bbox 1975 1231 2338 1304; x_wconf 87' lang='lat' dir='ltr'>interpretati</span> <span class='ocrx_word' id='word_1_176' title='bbox 2358 1239 2518 1302; x_wconf 88' lang='lat' dir='ltr'>sunt,</span> <span class='ocrx_word' id='word_1_177' title='bbox 2543 1249 2661 1290; x_wconf 91' lang='lat' dir='ltr'>non</span> <span class='ocrx_word' id='word_1_178' title='bbox 2682 1239 2768 1291; x_wconf 93' lang='lat' dir='ltr'>est</span> <span class='ocrx_word' id='word_1_179' title='bbox 2793 1236 2906 1292; x_wconf 90' lang='lat' dir='ltr'>hoc</span> <span class='ocrx_word' id='word_1_180' title='bbox 2947 1232 3365 1306; x_wconf 89' lang='lat' dir='ltr'>accipiendum</span> <span class='ocrx_word' id='word_1_181' title='bbox 3405 1231 3481 1288; x_wconf 92' lang='lat' dir='ltr'>de</span> <span class='ocrx_word' id='word_1_182' title='bbox 3525 1246 3623 1288; x_wconf 90' lang='lat' dir='ltr'>co-</span> 
     </span>
    </p>
   </div>
   <div class='ocr_carea' id='block_1_29' title="bbox 1975 1320 3620 1392">
    <p class='ocr_par' dir='ltr' id='par_1_29' title="bbox 1975 1320 3620 1392">
     <span class='ocr_line' id='line_1_29' title="bbox 1975 1320 3620 1392; baseline 0 -17"><span class='ocrx_word' id='word_1_183' title='bbox 1975 1320 2118 1392; x_wconf 87' lang='lat' dir='ltr'>pula</span> <span class='ocrx_word' id='word_1_184' title='bbox 2141 1323 2586 1390; x_wconf 87' lang='lat' dir='ltr'>matrimoniali,</span> <span class='ocrx_word' id='word_1_185' title='bbox 2601 1323 2707 1379; x_wconf 91' lang='lat' dir='ltr'>sed</span> <span class='ocrx_word' id='word_1_186' title='bbox 2727 1323 2801 1379; x_wconf 90' lang='lat' dir='ltr'>de</span> <span class='ocrx_word' id='word_1_187' title='bbox 2822 1323 3237 1380; x_wconf 88' lang='lat' dir='ltr'>benedictione</span> <span class='ocrx_word' id='word_1_188' title='bbox 3263 1320 3620 1376; x_wconf 89' lang='lat' dir='ltr'>nubentium</span> 
     </span>
    </p>
   </div>
   <div class='ocr_carea' id='block_1_30' title="bbox 1976 1409 3616 1484">
    <p class='ocr_par' dir='ltr' id='par_1_30' title="bbox 1976 1409 3616 1484">
     <span class='ocr_line' id='line_1_30' title="bbox 1976 1409 3616 1484; baseline -0.002 -18"><span class='ocrx_word' id='word_1_189' title='bbox 1976 1415 2032 1466; x_wconf 90' lang='lat' dir='ltr'>et</span> <span class='ocrx_word' id='word_1_190' title='bbox 2053 1410 2425 1467; x_wconf 90' lang='lat' dir='ltr'>solemnitate</span> <span class='ocrx_word' id='word_1_191' title='bbox 2442 1414 2956 1484; x_wconf 76' lang='lat' dir='ltr'>nuptiarum,quie</span> <span class='ocrx_word' id='word_1_192' title='bbox 2983 1413 3151 1468; x_wconf 87' lang='lat' dir='ltr'>aliter</span> <span class='ocrx_word' id='word_1_193' title='bbox 3199 1425 3341 1479; x_wconf 90' lang='lat' dir='ltr'>erga</span> <span class='ocrx_word' id='word_1_194' title='bbox 3380 1409 3616 1474; x_wconf 91' lang='lat' dir='ltr'>viduas,</span> 
     </span>
    </p>
   </div>
   <div class='ocr_carea' id='block_1_31' title="bbox 1975 1497 3619 1570">
    <p class='ocr_par' dir='ltr' id='par_1_31' title="bbox 1975 1497 3619 1570">
     <span class='ocr_line' id='line_1_31' title="bbox 1975 1497 3619 1570; baseline -0.002 -16"><span class='ocrx_word' id='word_1_195' title='bbox 1975 1498 2144 1554; x_wconf 86' lang='lat' dir='ltr'>aliter</span> <span class='ocrx_word' id='word_1_196' title='bbox 2162 1515 2306 1569; x_wconf 89' lang='lat' dir='ltr'>erga</span> <span class='ocrx_word' id='word_1_197' title='bbox 2326 1500 2580 1570; x_wconf 88' lang='lat' dir='ltr'>virgines</span> <span class='ocrx_word' id='word_1_198' title='bbox 2593 1501 2966 1559; x_wconf 89' lang='lat' dir='ltr'>observatur.</span> <span class='ocrx_word' id='word_1_199' title='bbox 2984 1501 3084 1556; x_wconf 87' lang='lat' dir='ltr'>Cui</span> <span class='ocrx_word' id='word_1_200' title='bbox 3101 1501 3280 1556; x_wconf 90' lang='lat' dir='ltr'>etiam</span> <span class='ocrx_word' id='word_1_201' title='bbox 3315 1497 3619 1554; x_wconf 81' lang='lat' dir='ltr'>sententiae</span> 
     </span>
    </p>
   </div>
   <div class='ocr_carea' id='block_1_32' title="bbox 1974 1586 3619 1661">
    <p class='ocr_par' dir='ltr' id='par_1_32' title="bbox 1974 1586 3619 1661">
     <span class='ocr_line' id='line_1_32' title="bbox 1974 1586 3619 1661; baseline -0.002 -19"><span class='ocrx_word' id='word_1_202' title='bbox 1974 1588 2339 1645; x_wconf 84' lang='lat' dir='ltr'>concordare</span> <span class='ocrx_word' id='word_1_203' title='bbox 2359 1588 2801 1647; x_wconf 83' lang='lat' dir='ltr'>videturlittera</span> <span class='ocrx_word' id='word_1_204' title='bbox 2839 1589 3108 1656; x_wconf 89' lang='lat' dir='ltr'>canonis,</span> <span class='ocrx_word' id='word_1_205' title='bbox 3140 1588 3245 1661; x_wconf 90' lang='lat' dir='ltr'>qui</span> <span class='ocrx_word' id='word_1_206' title='bbox 3275 1586 3415 1642; x_wconf 83' lang='lat' dir='ltr'>dicit</span> <span class='ocrx_word' id='word_1_207' title='bbox 3445 1603 3504 1640; x_wconf 72' lang='grc' dir='ltr'>ει(</span> <span class='ocrx_word' id='word_1_208' title='bbox 3541 1589 3619 1640; x_wconf 85' lang='lat' dir='ltr'>De</span> 
     </span>
    </p>
   </div>
   <div class='ocr_carea' id='block_1_33' title="bbox 1974 1673 3617 1752">
    <p class='ocr_par' dir='ltr' id='par_1_33' title="bbox 1974 1673 3617 1752">
     <span class='ocr_line' id='line_1_33' title="bbox 1974 1673 3617 1752; baseline -0.002 -21"><span class='ocrx_word' id='word_1_209' title='bbox 1974 1677 2197 1748; x_wconf 84' lang='lat' dir='ltr'>nuptiis</span> <span class='ocrx_word' id='word_1_210' title='bbox 2255 1677 2480 1749; x_wconf 91' lang='lat' dir='ltr'>pluries</span> <span class='ocrx_word' id='word_1_211' title='bbox 2532 1679 2840 1736; x_wconf 82' lang='lat' dir='ltr'>celebratis</span> <span class='ocrx_word' id='word_1_212' title='bbox 2908 1683 3108 1752; x_wconf 85' lang='lat' dir='ltr'>patres</span> <span class='ocrx_word' id='word_1_213' title='bbox 3173 1673 3617 1738; x_wconf 83' lang='lat' dir='ltr'>conticuerint,»</span> 
     </span>
    </p>
   </div>
   <div class='ocr_carea' id='block_1_34' title="bbox 205 1757 3622 1838">
    <p class='ocr_par' dir='ltr' id='par_1_34' title="bbox 205 1757 3622 1838">
     <span class='ocr_line' id='line_1_34' title="bbox 205 1757 3622 1838; baseline 0.001 -26"><span class='ocrx_word' id='word_1_214' title='bbox 205 1757 390 1814; x_wconf 88' lang='lat' dir='ltr'>clesia</span> <span class='ocrx_word' id='word_1_215' title='bbox 421 1761 765 1816; x_wconf 73' lang='lat' dir='ltr'>Graecorum</span> <span class='ocrx_word' id='word_1_216' title='bbox 797 1761 899 1818; x_wconf 91' lang='lat' dir='ltr'>dat</span> <span class='ocrx_word' id='word_1_217' title='bbox 924 1779 1210 1819; x_wconf 88' lang='lat' dir='ltr'>coronam</span> <span class='ocrx_word' id='word_1_218' title='bbox 1259 1764 1722 1836; x_wconf 88' lang='lat' dir='ltr'>imperatoribus</span> <span class='ocrx_word' id='word_1_219' title='bbox 1774 1779 1870 1834; x_wconf 90' lang='lat' dir='ltr'>ge-</span> <span class='ocrx_word' id='word_1_220' title='bbox 1903 1785 1947 1838; x_wconf 78' lang='grc' dir='ltr'>Β</span> <span class='ocrx_word' id='word_1_221' title='bbox 1975 1771 2084 1822; x_wconf 84' lang='lat' dir='ltr'>etc.</span> <span class='ocrx_word' id='word_1_222' title='bbox 2112 1767 2167 1822; x_wconf 91' lang='lat' dir='ltr'>Si</span> <span class='ocrx_word' id='word_1_223' title='bbox 2207 1772 2429 1833; x_wconf 89' lang='lat' dir='ltr'>autem,</span> <span class='ocrx_word' id='word_1_224' title='bbox 2477 1769 2734 1824; x_wconf 70' lang='lat' dir='ltr'>utGrreci</span> <span class='ocrx_word' id='word_1_225' title='bbox 2777 1772 3116 1832; x_wconf 86' lang='lat' dir='ltr'>autumant,</span> <span class='ocrx_word' id='word_1_226' title='bbox 3166 1763 3509 1836; x_wconf 86' lang='lat' dir='ltr'>simpliciter</span> <span class='ocrx_word' id='word_1_227' title='bbox 3565 1765 3622 1816; x_wconf 91' lang='lat' dir='ltr'>et</span> 
     </span>
    </p>
   </div>
   <div class='ocr_carea' id='block_1_35' title="bbox 201 1847 1865 1924">
    <p class='ocr_par' dir='ltr' id='par_1_35' title="bbox 201 1847 1865 1924">
     <span class='ocr_line' id='line_1_35' title="bbox 201 1847 1865 1924; baseline 0.004 -23"><span class='ocrx_word' id='word_1_228' title='bbox 201 1847 499 1904; x_wconf 87' lang='lat' dir='ltr'>standam</span> <span class='ocrx_word' id='word_1_229' title='bbox 530 1849 590 1904; x_wconf 91' lang='lat' dir='ltr'>in</span> <span class='ocrx_word' id='word_1_230' title='bbox 631 1849 872 1919; x_wconf 89' lang='lat' dir='ltr'>signum</span> <span class='ocrx_word' id='word_1_231' title='bbox 912 1851 1386 1924; x_wconf 84' lang='lat' dir='ltr'>pulchritudinis,</span> <span class='ocrx_word' id='word_1_232' title='bbox 1421 1856 1476 1908; x_wconf 90' lang='lat' dir='ltr'>et</span> <span class='ocrx_word' id='word_1_233' title='bbox 1506 1852 1774 1922; x_wconf 87' lang='lat' dir='ltr'>gladium</span> <span class='ocrx_word' id='word_1_234' title='bbox 1807 1853 1865 1907; x_wconf 92' lang='lat' dir='ltr'>in</span> 
     </span>
    </p>
   </div>
   <div class='ocr_carea' id='block_1_36' title="bbox 205 1938 1868 2011">
    <p class='ocr_par' dir='ltr' id='par_1_36' title="bbox 205 1938 1868 2011">
     <span class='ocr_line' id='line_1_36' title="bbox 205 1938 1868 2011; baseline 0.004 -21"><span class='ocrx_word' id='word_1_235' title='bbox 205 1951 398 1992; x_wconf 88' lang='lat' dir='ltr'>manu</span> <span class='ocrx_word' id='word_1_236' title='bbox 431 1938 759 1994; x_wconf 88' lang='lat' dir='ltr'>tenendum</span> <span class='ocrx_word' id='word_1_237' title='bbox 781 1941 858 1996; x_wconf 89' lang='lat' dir='ltr'>ad</span> <span class='ocrx_word' id='word_1_238' title='bbox 887 1940 1216 1997; x_wconf 88' lang='lat' dir='ltr'>vindictam</span> <span class='ocrx_word' id='word_1_239' title='bbox 1247 1941 1559 2011; x_wconf 84' lang='lat' dir='ltr'>sanguinis</span> <span class='ocrx_word' id='word_1_240' title='bbox 1588 1956 1868 1998; x_wconf 84' lang='lat' dir='ltr'>exercen-</span> 
     </span>
    </p>
   </div>
   <div class='ocr_carea' id='block_1_37' title="bbox 204 2023 1868 2103">
    <p class='ocr_par' dir='ltr' id='par_1_37' title="bbox 204 2023 1868 2103">
     <span class='ocr_line' id='line_1_37' title="bbox 204 2023 1868 2103; baseline 0.004 -23"><span class='ocrx_word' id='word_1_241' title='bbox 204 2023 356 2081; x_wconf 86' lang='lat' dir='ltr'>dam</span> <span class='ocrx_word' id='word_1_242' title='bbox 377 2026 407 2080; x_wconf 85' lang='lat'><strong>?</strong></span> <span class='ocrx_word' id='word_1_243' title='bbox 433 2029 639 2083; x_wconf 87' lang='lat' dir='ltr'>Nonne</span> <span class='ocrx_word' id='word_1_244' title='bbox 667 2045 804 2084; x_wconf 90' lang='lat' dir='ltr'>cum</span> <span class='ocrx_word' id='word_1_245' title='bbox 826 2029 968 2101; x_wconf 88' lang='lat' dir='ltr'>ipsis</span> <span class='ocrx_word' id='word_1_246' title='bbox 991 2031 1220 2086; x_wconf 87' lang='lat' dir='ltr'>vadunt</span> <span class='ocrx_word' id='word_1_247' title='bbox 1241 2031 1300 2086; x_wconf 90' lang='lat' dir='ltr'>in</span> <span class='ocrx_word' id='word_1_248' title='bbox 1316 2031 1743 2099; x_wconf 80' lang='lat' dir='ltr'>exercitium,et</span> <span class='ocrx_word' id='word_1_249' title='bbox 1764 2046 1868 2103; x_wconf 91' lang='lat' dir='ltr'>pu-</span> 
     </span>
    </p>
   </div>
   <div class='ocr_carea' id='block_1_38' title="bbox 203 2116 1865 2194">
    <p class='ocr_par' dir='ltr' id='par_1_38' title="bbox 203 2116 1865 2194">
     <span class='ocr_line' id='line_1_38' title="bbox 203 2116 1865 2194; baseline 0.005 -25"><span class='ocrx_word' id='word_1_250' title='bbox 203 2116 484 2184; x_wconf 89' lang='lat' dir='ltr'>gnaturis</span> <span class='ocrx_word' id='word_1_251' title='bbox 521 2118 804 2174; x_wconf 80' lang='lat' dir='ltr'>exhibent</span> <span class='ocrx_word' id='word_1_252' title='bbox 824 2124 1200 2177; x_wconf 85' lang='lat' dir='ltr'>sacramenta</span> <span class='ocrx_word' id='word_1_253' title='bbox 1222 2137 1350 2184; x_wconf 90' lang='lat' dir='ltr'>sua,</span> <span class='ocrx_word' id='word_1_254' title='bbox 1373 2127 1428 2176; x_wconf 90' lang='lat' dir='ltr'>et</span> <span class='ocrx_word' id='word_1_255' title='bbox 1449 2125 1622 2177; x_wconf 89' lang='lat' dir='ltr'>orant</span> <span class='ocrx_word' id='word_1_256' title='bbox 1649 2138 1758 2194; x_wconf 91' lang='lat' dir='ltr'>pro</span> <span class='ocrx_word' id='word_1_257' title='bbox 1781 2122 1865 2177; x_wconf 90' lang='lat' dir='ltr'>eis</span> 
     </span>
    </p>
   </div>
   <div class='ocr_carea' id='block_1_39' title="bbox 205 2205 1867 2280">
    <p class='ocr_par' dir='ltr' id='par_1_39' title="bbox 205 2205 1867 2280">
     <span class='ocr_line' id='line_1_39' title="bbox 205 2205 1867 2280; baseline 0.006 -23"><span class='ocrx_word' id='word_1_258' title='bbox 205 2205 566 2272; x_wconf 81' lang='lat' dir='ltr'>generaliter</span> <span class='ocrx_word' id='word_1_259' title='bbox 595 2212 652 2261; x_wconf 91' lang='lat' dir='ltr'>et</span> <span class='ocrx_word' id='word_1_260' title='bbox 680 2209 1015 2280; x_wconf 88' lang='lat' dir='ltr'>specialiter</span> <span class='ocrx_word' id='word_1_261' title='bbox 1043 2213 1103 2264; x_wconf 90' lang='lat' dir='ltr'>in</span> <span class='ocrx_word' id='word_1_262' title='bbox 1145 2216 1376 2267; x_wconf 86' lang='lat' dir='ltr'>secreto</span> <span class='ocrx_word' id='word_1_263' title='bbox 1405 2212 1589 2267; x_wconf 65' lang='lat' dir='ltr'>Missae</span> <span class='ocrx_word' id='word_1_264' title='bbox 1642 2211 1668 2266; x_wconf 83' lang='lat'><strong><em>?</em></strong></span> <span class='ocrx_word' id='word_1_265' title='bbox 1718 2213 1867 2270; x_wconf 89' lang='lat' dir='ltr'>sicut</span> 
     </span>
    </p>
   </div>
   <div class='ocr_carea' id='block_1_40' title="bbox 207 2293 1869 2372">
    <p class='ocr_par' dir='ltr' id='par_1_40' title="bbox 207 2293 1869 2372">
     <span class='ocr_line' id='line_1_40' title="bbox 207 2293 1869 2372; baseline 0.007 -27"><span class='ocrx_word' id='word_1_266' title='bbox 207 2293 502 2364; x_wconf 87' lang='lat' dir='ltr'>scriptum</span> <span class='ocrx_word' id='word_1_267' title='bbox 533 2300 621 2350; x_wconf 90' lang='lat' dir='ltr'>est</span> <span class='ocrx_word' id='word_1_268' title='bbox 654 2314 666 2351; x_wconf 91' lang='lat'><strong>:</strong></span> <span class='ocrx_word' id='word_1_269' title='bbox 703 2299 1045 2364; x_wconf 75' lang='lat' dir='ltr'>«Memento,</span> <span class='ocrx_word' id='word_1_270' title='bbox 1075 2299 1342 2360; x_wconf 87' lang='lat' dir='ltr'>Domine.</span> <span class='ocrx_word' id='word_1_271' title='bbox 1379 2301 1791 2372; x_wconf 90' lang='lat' dir='ltr'>piissimorum</span> <span class='ocrx_word' id='word_1_272' title='bbox 1815 2305 1869 2357; x_wconf 91' lang='lat' dir='ltr'>et</span> 
     </span>
    </p>
   </div>
   <div class='ocr_carea' id='block_1_41' title="bbox 203 2379 1864 2462">
    <p class='ocr_par' dir='ltr' id='par_1_41' title="bbox 203 2379 1864 2462">
     <span class='ocr_line' id='line_1_41' title="bbox 203 2379 1864 2462; baseline 0.007 -28"><span class='ocrx_word' id='word_1_273' title='bbox 203 2379 704 2440; x_wconf 81' lang='lat' dir='ltr'>ﬁdelissimorum</span> <span class='ocrx_word' id='word_1_274' title='bbox 727 2388 1216 2459; x_wconf 74' lang='lat' dir='ltr'>imperatorum,»</span> <span class='ocrx_word' id='word_1_275' title='bbox 1243 2395 1350 2445; x_wconf 91' lang='lat' dir='ltr'>etc.</span> <span class='ocrx_word' id='word_1_276' title='bbox 1377 2393 1440 2444; x_wconf 83' lang='lat' dir='ltr'>Et</span> <span class='ocrx_word' id='word_1_277' title='bbox 1474 2396 1608 2461; x_wconf 85' lang='lat' dir='ltr'>post</span> <span class='ocrx_word' id='word_1_278' title='bbox 1632 2406 1826 2462; x_wconf 89' lang='lat' dir='ltr'>pauca</span> <span class='ocrx_word' id='word_1_279' title='bbox 1852 2407 1864 2445; x_wconf 88' lang='lat'><strong>:</strong></span> 
     </span>
    </p>
   </div>
   <div class='ocr_carea' id='block_1_42' title="bbox 207 2471 1868 2547">
    <p class='ocr_par' dir='ltr' id='par_1_42' title="bbox 207 2471 1868 2547">
     <span class='ocr_line' id='line_1_42' title="bbox 207 2471 1868 2547; baseline 0.007 -24"><span class='ocrx_word' id='word_1_280' title='bbox 207 2491 228 2520; x_wconf 78' lang='grc' dir='ltr'>ι</span> <span class='ocrx_word' id='word_1_281' title='bbox 271 2471 510 2528; x_wconf 84' lang='lat' dir='ltr'>Robora</span> <span class='ocrx_word' id='word_1_282' title='bbox 533 2489 741 2530; x_wconf 87' lang='lat' dir='ltr'>eorum</span> <span class='ocrx_word' id='word_1_283' title='bbox 793 2475 1064 2544; x_wconf 87' lang='lat' dir='ltr'>brachia,</span> <span class='ocrx_word' id='word_1_284' title='bbox 1106 2478 1303 2534; x_wconf 87' lang='lat' dir='ltr'>exalta</span> <span class='ocrx_word' id='word_1_285' title='bbox 1341 2495 1551 2535; x_wconf 91' lang='lat' dir='ltr'>eorum</span> <span class='ocrx_word' id='word_1_286' title='bbox 1574 2479 1868 2547; x_wconf 82' lang='lat' dir='ltr'>dextram,</span> 
     </span>
    </p>
   </div>
   <div class='ocr_carea' id='block_1_43' title="bbox 201 2561 1872 2638">
    <p class='ocr_par' dir='ltr' id='par_1_43' title="bbox 201 2561 1872 2638">
     <span class='ocr_line' id='line_1_43' title="bbox 201 2561 1872 2638; baseline 0.006 -24"><span class='ocrx_word' id='word_1_287' title='bbox 201 2561 500 2618; x_wconf 84' lang='lat' dir='ltr'>conﬁrma</span> <span class='ocrx_word' id='word_1_288' title='bbox 522 2579 730 2619; x_wconf 90' lang='lat' dir='ltr'>eorum</span> <span class='ocrx_word' id='word_1_289' title='bbox 755 2581 1026 2637; x_wconf 82' lang='lat' dir='ltr'>regnum,</span> <span class='ocrx_word' id='word_1_290' title='bbox 1055 2569 1280 2638; x_wconf 84' lang='lat' dir='ltr'>subjice</span> <span class='ocrx_word' id='word_1_291' title='bbox 1299 2569 1382 2624; x_wconf 91' lang='lat' dir='ltr'>eis</span> <span class='ocrx_word' id='word_1_292' title='bbox 1418 2584 1630 2624; x_wconf 88' lang='lat' dir='ltr'>omnes</span> <span class='ocrx_word' id='word_1_293' title='bbox 1652 2567 1872 2624; x_wconf 85' lang='lat' dir='ltr'>barba-</span> 
     </span>
    </p>
   </div>
   <div class='ocr_carea' id='block_1_44' title="bbox 202 2652 1872 2729">
    <p class='ocr_par' dir='ltr' id='par_1_44' title="bbox 202 2652 1872 2729">
     <span class='ocr_line' id='line_1_44' title="bbox 202 2652 1872 2729; baseline 0.005 -24"><span class='ocrx_word' id='word_1_294' title='bbox 202 2652 304 2706; x_wconf 80' lang='lat' dir='ltr'>1&#39;as</span> <span class='ocrx_word' id='word_1_295' title='bbox 335 2653 720 2722; x_wconf 90' lang='lat' dir='ltr'>nationes,et</span> <span class='ocrx_word' id='word_1_296' title='bbox 773 2671 877 2712; x_wconf 88' lang='lat' dir='ltr'>eos</span> <span class='ocrx_word' id='word_1_297' title='bbox 931 2659 1035 2729; x_wconf 89' lang='lat' dir='ltr'>qui</span> <span class='ocrx_word' id='word_1_298' title='bbox 1089 2659 1246 2714; x_wconf 84' lang='lat' dir='ltr'>bella</span> <span class='ocrx_word' id='word_1_299' title='bbox 1297 2659 1566 2725; x_wconf 82' lang='lat' dir='ltr'>volunt,»</span> <span class='ocrx_word' id='word_1_300' title='bbox 1595 2663 1704 2714; x_wconf 90' lang='lat' dir='ltr'>etc.</span> <span class='ocrx_word' id='word_1_301' title='bbox 1761 2661 1872 2714; x_wconf 86' lang='lat' dir='ltr'>Nec</span> 
     </span>
    </p>
   </div>
   <div class='ocr_carea' id='block_1_45' title="bbox 203 2747 1874 2818">
    <p class='ocr_par' dir='ltr' id='par_1_45' title="bbox 203 2747 1874 2818">
     <span class='ocr_line' id='line_1_45' title="bbox 203 2747 1874 2818; baseline 0.005 -23"><span class='ocrx_word' id='word_1_302' title='bbox 203 2755 564 2798; x_wconf 85' lang='lat' dir='ltr'>recusamus</span> <span class='ocrx_word' id='word_1_303' title='bbox 613 2749 935 2818; x_wconf 84' lang='lat' dir='ltr'>utrumque</span> <span class='ocrx_word' id='word_1_304' title='bbox 994 2747 1263 2816; x_wconf 80' lang='lat' dir='ltr'>gladium</span> <span class='ocrx_word' id='word_1_305' title='bbox 1322 2747 1874 2815; x_wconf 81' lang='lat' dir='ltr'>essc,materialem</span> 
     </span>
    </p>
   </div>
   <div class='ocr_carea' id='block_1_46' title="bbox 205 2830 1873 2907">
    <p class='ocr_par' dir='ltr' id='par_1_46' title="bbox 205 2830 1873 2907">
     <span class='ocr_line' id='line_1_46' title="bbox 205 2830 1873 2907; baseline 0.004 -23"><span class='ocrx_word' id='word_1_306' title='bbox 205 2830 432 2888; x_wconf 84' lang='lat' dir='ltr'>scilicet</span> <span class='ocrx_word' id='word_1_307' title='bbox 465 2837 519 2888; x_wconf 93' lang='lat' dir='ltr'>et</span> <span class='ocrx_word' id='word_1_308' title='bbox 551 2833 948 2907; x_wconf 90' lang='lat' dir='ltr'>spiritualem.</span> <span class='ocrx_word' id='word_1_309' title='bbox 981 2836 1092 2891; x_wconf 89' lang='lat' dir='ltr'>Sed</span> <span class='ocrx_word' id='word_1_310' title='bbox 1148 2853 1335 2891; x_wconf 88' lang='lat' dir='ltr'>unum</span> <span class='ocrx_word' id='word_1_311' title='bbox 1385 2838 1660 2893; x_wconf 88' lang='lat' dir='ltr'>concedit</span> <span class='ocrx_word' id='word_1_312' title='bbox 1707 2836 1873 2893; x_wconf 88' lang='lat' dir='ltr'>militi</span> 
     </span>
    </p>
   </div>
   <div class='ocr_carea' id='block_1_47' title="bbox 207 2920 1873 2993">
    <p class='ocr_par' dir='ltr' id='par_1_47' title="bbox 207 2920 1873 2993">
     <span class='ocr_line' id='line_1_47' title="bbox 207 2920 1873 2993; baseline 0.004 -19"><span class='ocrx_word' id='word_1_313' title='bbox 207 2920 286 2974; x_wconf 88' lang='lat' dir='ltr'>ad</span> <span class='ocrx_word' id='word_1_314' title='bbox 321 2927 542 2976; x_wconf 89' lang='lat' dir='ltr'>nutum</span> <span class='ocrx_word' id='word_1_315' title='bbox 567 2924 890 2980; x_wconf 89' lang='lat' dir='ltr'>sacerdotis</span> <span class='ocrx_word' id='word_1_316' title='bbox 913 2926 1315 2993; x_wconf 89' lang='lat' dir='ltr'>educendum,</span> <span class='ocrx_word' id='word_1_317' title='bbox 1344 2926 1596 2982; x_wconf 88' lang='lat' dir='ltr'>alterum</span> <span class='ocrx_word' id='word_1_318' title='bbox 1619 2942 1757 2982; x_wconf 90' lang='lat' dir='ltr'>vero</span> <span class='ocrx_word' id='word_1_319' title='bbox 1778 2941 1873 2981; x_wconf 90' lang='lat' dir='ltr'>re-</span> 
     </span>
    </p>
   </div>
   <div class='ocr_carea' id='block_1_48' title="bbox 205 3011 1869 3088">
    <p class='ocr_par' dir='ltr' id='par_1_48' title="bbox 205 3011 1869 3088">
     <span class='ocr_line' id='line_1_48' title="bbox 205 3011 1869 3088; baseline 0.002 -24"><span class='ocrx_word' id='word_1_320' title='bbox 205 3011 383 3066; x_wconf 87' lang='lat' dir='ltr'>tinuit</span> <span class='ocrx_word' id='word_1_321' title='bbox 415 3011 547 3066; x_wconf 84' lang='lat' dir='ltr'>sibi.</span> <span class='ocrx_word' id='word_1_322' title='bbox 580 3014 751 3084; x_wconf 77' lang='lat' dir='ltr'>Ecce,</span> <span class='ocrx_word' id='word_1_323' title='bbox 800 3016 1080 3088; x_wconf 85' lang='lat' dir='ltr'>inquiunt</span> <span class='ocrx_word' id='word_1_324' title='bbox 1125 3015 1382 3088; x_wconf 78' lang='lat' dir='ltr'>apostoli</span> <span class='ocrx_word' id='word_1_325' title='bbox 1427 3017 1486 3072; x_wconf 90' lang='lat' dir='ltr'>in</span> <span class='ocrx_word' id='word_1_326' title='bbox 1529 3017 1869 3087; x_wconf 63' lang='lat' dir='ltr'>Evangelio:</span> 
     </span>
    </p>
   </div>
   <div class='ocr_carea' id='block_1_49' title="bbox 203 3101 1944 3188">
    <p class='ocr_par' dir='ltr' id='par_1_49' title="bbox 203 3101 1944 3188">
     <span class='ocr_line' id='line_1_49' title="bbox 203 3101 1944 3188; baseline 0.003 -34"><span class='ocrx_word' id='word_1_327' title='bbox 203 3101 407 3168; x_wconf 77' lang='lat' dir='ltr'>gladii</span> <span class='ocrx_word' id='word_1_328' title='bbox 437 3103 556 3158; x_wconf 82' lang='lat' dir='ltr'>duo</span> <span class='ocrx_word' id='word_1_329' title='bbox 582 3103 746 3160; x_wconf 64' lang='lat' dir='ltr'>hic“.</span> <span class='ocrx_word' id='word_1_330' title='bbox 777 3107 839 3161; x_wconf 89' lang='lat' dir='ltr'>Et</span> <span class='ocrx_word' id='word_1_331' title='bbox 888 3121 1094 3161; x_wconf 88' lang='lat' dir='ltr'>rursus</span> <span class='ocrx_word' id='word_1_332' title='bbox 1143 3106 1399 3178; x_wconf 90' lang='lat' dir='ltr'>loquens</span> <span class='ocrx_word' id='word_1_333' title='bbox 1456 3107 1529 3162; x_wconf 90' lang='lat' dir='ltr'>de</span> <span class='ocrx_word' id='word_1_334' title='bbox 1581 3105 1870 3162; x_wconf 87' lang='lat' dir='ltr'>materiali</span> <span class='ocrx_word' id='word_1_335' title='bbox 1905 3135 1944 3188; x_wconf 74' lang='grc' dir='ltr'>ο</span> 
     </span>
    </p>
   </div>
   <div class='ocr_carea' id='block_1_50' title="bbox 205 3191 1863 3266">
    <p class='ocr_par' dir='ltr' id='par_1_50' title="bbox 205 3191 1863 3266">
     <span class='ocr_line' id='line_1_50' title="bbox 205 3191 1863 3266; baseline 0.003 -23"><span class='ocrx_word' id='word_1_336' title='bbox 205 3191 1196 3264; x_wconf 80' lang='lat' dir='ltr'>Dominusait:Convertegladium</span> <span class='ocrx_word' id='word_1_337' title='bbox 1226 3203 1390 3251; x_wconf 70' lang='lat' dir='ltr'>ticum</span> <span class='ocrx_word' id='word_1_338' title='bbox 1423 3198 1484 3250; x_wconf 84' lang='lat' dir='ltr'>in</span> <span class='ocrx_word' id='word_1_339' title='bbox 1517 3196 1863 3266; x_wconf 59' lang='lat' dir='ltr'>vaginam“.</span> 
     </span>
    </p>
   </div>
   <div class='ocr_carea' id='block_1_51' title="bbox 207 3280 1868 3355">
    <p class='ocr_par' dir='ltr' id='par_1_51' title="bbox 207 3280 1868 3355">
     <span class='ocr_line' id='line_1_51' title="bbox 207 3280 1868 3355; baseline 0.001 -20"><span class='ocrx_word' id='word_1_340' title='bbox 207 3280 478 3336; x_wconf 90' lang='lat' dir='ltr'>Dicendo</span> <span class='ocrx_word' id='word_1_341' title='bbox 511 3288 694 3352; x_wconf 78' lang='lat' dir='ltr'>tuum,</span> <span class='ocrx_word' id='word_1_342' title='bbox 731 3285 1100 3340; x_wconf 89' lang='lat' dir='ltr'>materialem</span> <span class='ocrx_word' id='word_1_343' title='bbox 1131 3284 1399 3355; x_wconf 81' lang='lat' dir='ltr'>gladium</span> <span class='ocrx_word' id='word_1_344' title='bbox 1419 3285 1868 3355; x_wconf 62' lang='lat' dir='ltr'>significatque</span> 
     </span>
    </p>
   </div>
   <div class='ocr_carea' id='block_1_52' title="bbox 207 3372 1872 3446">
    <p class='ocr_par' dir='ltr' id='par_1_52' title="bbox 207 3372 1872 3446">
     <span class='ocr_line' id='line_1_52' title="bbox 207 3372 1872 3446; baseline 0.002 -24"><span class='ocrx_word' id='word_1_345' title='bbox 207 3376 590 3442; x_wconf 86' lang='lat' dir='ltr'>percusserat</span> <span class='ocrx_word' id='word_1_346' title='bbox 614 3388 853 3428; x_wconf 88' lang='lat' dir='ltr'>servum</span> <span class='ocrx_word' id='word_1_347' title='bbox 884 3373 1173 3446; x_wconf 90' lang='lat' dir='ltr'>principis</span> <span class='ocrx_word' id='word_1_348' title='bbox 1200 3374 1617 3430; x_wconf 91' lang='lat' dir='ltr'>Sacerdotum.</span> <span class='ocrx_word' id='word_1_349' title='bbox 1653 3375 1730 3428; x_wconf 90' lang='lat' dir='ltr'>De</span> <span class='ocrx_word' id='word_1_350' title='bbox 1756 3372 1872 3443; x_wconf 89' lang='lat' dir='ltr'>spi-</span> 
     </span>
    </p>
   </div>
   <div class='ocr_carea' id='block_1_53' title="bbox 207 3459 1866 3528">
    <p class='ocr_par' dir='ltr' id='par_1_53' title="bbox 207 3459 1866 3528">
     <span class='ocr_line' id='line_1_53' title="bbox 207 3459 1866 3528; baseline 0.001 -15"><span class='ocrx_word' id='word_1_351' title='bbox 207 3459 409 3514; x_wconf 89' lang='lat' dir='ltr'>rituali</span> <span class='ocrx_word' id='word_1_352' title='bbox 443 3475 581 3516; x_wconf 82' lang='lat' dir='ltr'>vero</span> <span class='ocrx_word' id='word_1_353' title='bbox 611 3461 839 3517; x_wconf 86' lang='lat' dir='ltr'>nemini</span> <span class='ocrx_word' id='word_1_354' title='bbox 872 3463 1030 3518; x_wconf 84' lang='lat' dir='ltr'>venit</span> <span class='ocrx_word' id='word_1_355' title='bbox 1060 3463 1121 3518; x_wconf 89' lang='lat' dir='ltr'>in</span> <span class='ocrx_word' id='word_1_356' title='bbox 1177 3463 1452 3528; x_wconf 82' lang='lat' dir='ltr'>dubium,</span> <span class='ocrx_word' id='word_1_357' title='bbox 1514 3479 1652 3518; x_wconf 91' lang='lat' dir='ltr'>cum</span> <span class='ocrx_word' id='word_1_358' title='bbox 1711 3460 1866 3516; x_wconf 87' lang='lat' dir='ltr'>idem</span> 
     </span>
    </p>
   </div>
   <div class='ocr_carea' id='block_1_54' title="bbox 204 3550 1867 3626">
    <p class='ocr_par' dir='ltr' id='par_1_54' title="bbox 204 3550 1867 3626">
     <span class='ocr_line' id='line_1_54' title="bbox 204 3550 1867 3626; baseline 0.004 -24"><span class='ocrx_word' id='word_1_359' title='bbox 204 3550 377 3603; x_wconf 88' lang='lat' dir='ltr'>Petro</span> <span class='ocrx_word' id='word_1_360' title='bbox 409 3564 514 3620; x_wconf 82' lang='lat' dir='ltr'>per</span> <span class='ocrx_word' id='word_1_361' title='bbox 544 3551 868 3622; x_wconf 87' lang='lat' dir='ltr'>cujusdam</span> <span class='ocrx_word' id='word_1_362' title='bbox 902 3553 1284 3626; x_wconf 88' lang='lat' dir='ltr'>speeialitatis</span> <span class='ocrx_word' id='word_1_363' title='bbox 1335 3554 1590 3626; x_wconf 84' lang='lat' dir='ltr'>apicem,</span> <span class='ocrx_word' id='word_1_364' title='bbox 1641 3551 1867 3622; x_wconf 90' lang='lat' dir='ltr'>ligandi</span> 
     </span>
    </p>
   </div>
   <div class='ocr_carea' id='block_1_55' title="bbox 209 3638 1870 3716">
    <p class='ocr_par' dir='ltr' id='par_1_55' title="bbox 209 3638 1870 3716">
     <span class='ocr_line' id='line_1_55' title="bbox 209 3638 1870 3716; baseline 0.002 -24"><span class='ocrx_word' id='word_1_365' title='bbox 209 3641 392 3709; x_wconf 88' lang='lat' dir='ltr'>atque</span> <span class='ocrx_word' id='word_1_366' title='bbox 408 3638 674 3696; x_wconf 85' lang='lat' dir='ltr'>solvendi</span> <span class='ocrx_word' id='word_1_367' title='bbox 698 3643 1393 3716; x_wconf 86' lang='lat' dir='ltr'>concessitpotestatem.</span> <span class='ocrx_word' id='word_1_368' title='bbox 1427 3641 1870 3714; x_wconf 88' lang='lat' dir='ltr'>Uterqueigitur</span> 
     </span>
    </p>
   </div>
   <div class='ocr_carea' id='block_1_56' title="bbox 210 3726 1868 3804">
    <p class='ocr_par' dir='ltr' id='par_1_56' title="bbox 210 3726 1868 3804">
     <span class='ocr_line' id='line_1_56' title="bbox 210 3726 1868 3804; baseline 0.004 -23"><span class='ocrx_word' id='word_1_369' title='bbox 210 3726 452 3796; x_wconf 84' lang='lat' dir='ltr'>gladius</span> <span class='ocrx_word' id='word_1_370' title='bbox 493 3729 764 3786; x_wconf 73' lang='lat' dir='ltr'>Ecclesia:</span> <span class='ocrx_word' id='word_1_371' title='bbox 812 3733 1084 3788; x_wconf 84' lang='lat' dir='ltr'>traditur.</span> <span class='ocrx_word' id='word_1_372' title='bbox 1148 3733 1260 3788; x_wconf 84' lang='lat' dir='ltr'>Sed</span> <span class='ocrx_word' id='word_1_373' title='bbox 1294 3733 1370 3788; x_wconf 86' lang='lat' dir='ltr'>ab</span> <span class='ocrx_word' id='word_1_374' title='bbox 1424 3733 1556 3804; x_wconf 89' lang='lat' dir='ltr'>ipsa</span> <span class='ocrx_word' id='word_1_375' title='bbox 1609 3731 1868 3788; x_wconf 84' lang='lat' dir='ltr'>Ecclesia</span> 
     </span>
    </p>
   </div>
   <div class='ocr_carea' id='block_1_57' title="bbox 211 3820 1867 3894">
    <p class='ocr_par' dir='ltr' id='par_1_57' title="bbox 211 3820 1867 3894">
     <span class='ocr_line' id='line_1_57' title="bbox 211 3820 1867 3894; baseline 0.004 -23"><span class='ocrx_word' id='word_1_376' title='bbox 211 3832 377 3872; x_wconf 89' lang='lat' dir='ltr'>unus</span> <span class='ocrx_word' id='word_1_377' title='bbox 409 3820 774 3874; x_wconf 77' lang='lat' dir='ltr'>exercendus</span> <span class='ocrx_word' id='word_1_378' title='bbox 809 3839 821 3886; x_wconf 93' lang='lat'><strong>;</strong></span> <span class='ocrx_word' id='word_1_379' title='bbox 857 3821 1027 3888; x_wconf 84' lang='lat' dir='ltr'>alius,</span> <span class='ocrx_word' id='word_1_380' title='bbox 1060 3823 1211 3878; x_wconf 91' lang='lat' dir='ltr'>sicut</span> <span class='ocrx_word' id='word_1_381' title='bbox 1242 3837 1422 3894; x_wconf 85' lang='lat' dir='ltr'>supra</span> <span class='ocrx_word' id='word_1_382' title='bbox 1451 3820 1734 3890; x_wconf 81' lang='lat' dir='ltr'>diximus,</span> <span class='ocrx_word' id='word_1_383' title='bbox 1758 3836 1867 3892; x_wconf 90' lang='lat' dir='ltr'>pro</span> 
     </span>
    </p>
   </div>
   <div class='ocr_carea' id='block_1_58' title="bbox 217 3906 1867 3984">
    <p class='ocr_par' dir='ltr' id='par_1_58' title="bbox 217 3906 1867 3984">
     <span class='ocr_line' id='line_1_58' title="bbox 217 3906 1867 3984; baseline 0.002 -23"><span class='ocrx_word' id='word_1_384' title='bbox 217 3906 476 3962; x_wconf 90' lang='lat' dir='ltr'>Ecclesia</span> <span class='ocrx_word' id='word_1_385' title='bbox 506 3924 692 3963; x_wconf 88' lang='lat' dir='ltr'>manu</span> <span class='ocrx_word' id='word_1_386' title='bbox 721 3910 1025 3966; x_wconf 66' lang='lat' dir='ltr'>saecularis</span> <span class='ocrx_word' id='word_1_387' title='bbox 1065 3911 1345 3984; x_wconf 79' lang='lat' dir='ltr'>principis</span> <span class='ocrx_word' id='word_1_388' title='bbox 1377 3907 1747 3965; x_wconf 80' lang='lat' dir='ltr'>eximendus.</span> <span class='ocrx_word' id='word_1_389' title='bbox 1806 3914 1867 3965; x_wconf 93' lang='lat' dir='ltr'>In</span> 
     </span>
    </p>
   </div>
   <div class='ocr_carea' id='block_1_59' title="bbox 213 3997 1867 4069">
    <p class='ocr_par' dir='ltr' id='par_1_59' title="bbox 213 3997 1867 4069">
     <span class='ocr_line' id='line_1_59' title="bbox 213 3997 1867 4069; baseline 0.002 -20"><span class='ocrx_word' id='word_1_390' title='bbox 213 4009 339 4067; x_wconf 92' lang='lat' dir='ltr'>quo</span> <span class='ocrx_word' id='word_1_391' title='bbox 369 4011 510 4064; x_wconf 87' lang='lat' dir='ltr'>ergo</span> <span class='ocrx_word' id='word_1_392' title='bbox 540 4003 749 4068; x_wconf 87' lang='lat' dir='ltr'>peccat</span> <span class='ocrx_word' id='word_1_393' title='bbox 781 3999 1060 4066; x_wconf 78' lang='lat' dir='ltr'>Ecclesia,</span> <span class='ocrx_word' id='word_1_394' title='bbox 1098 4001 1143 4054; x_wconf 86' lang='lat' dir='ltr'>si</span> <span class='ocrx_word' id='word_1_395' title='bbox 1178 4016 1288 4054; x_wconf 90' lang='lat' dir='ltr'>suo</span> <span class='ocrx_word' id='word_1_396' title='bbox 1316 4000 1447 4069; x_wconf 87' lang='lat' dir='ltr'>jure</span> <span class='ocrx_word' id='word_1_397' title='bbox 1483 3999 1660 4054; x_wconf 80' lang='lat' dir='ltr'>utitur</span> <span class='ocrx_word' id='word_1_398' title='bbox 1693 4014 1727 4053; x_wconf 89' lang='lat' dir='ltr'>a</span> <span class='ocrx_word' id='word_1_399' title='bbox 1759 3997 1867 4053; x_wconf 83' lang='lat' dir='ltr'>Do-</span> 
     </span>
    </p>
   </div>
   <div class='ocr_carea' id='block_1_60' title="bbox 213 4087 1866 4162">
    <p class='ocr_par' dir='ltr' id='par_1_60' title="bbox 213 4087 1866 4162">
     <span class='ocr_line' id='line_1_60' title="bbox 213 4087 1866 4162; baseline 0.002 -22"><span class='ocrx_word' id='word_1_400' title='bbox 213 4087 381 4140; x_wconf 87' lang='lat' dir='ltr'>mino</span> <span class='ocrx_word' id='word_1_401' title='bbox 407 4087 517 4140; x_wconf 87' lang='lat' dir='ltr'>sibi</span> <span class='ocrx_word' id='word_1_402' title='bbox 540 4102 860 4144; x_wconf 90' lang='lat' dir='ltr'>conccesso</span> <span class='ocrx_word' id='word_1_403' title='bbox 884 4091 912 4145; x_wconf 87' lang='lat'><strong>?</strong></span> <span class='ocrx_word' id='word_1_404' title='bbox 939 4093 1188 4162; x_wconf 89' lang='lat' dir='ltr'>Uterque</span> <span class='ocrx_word' id='word_1_405' title='bbox 1209 4088 1670 4157; x_wconf 83' lang='lat' dir='ltr'>igitur&#39;gladius.</span> <span class='ocrx_word' id='word_1_406' title='bbox 1703 4091 1763 4142; x_wconf 92' lang='lat' dir='ltr'>ut</span> <span class='ocrx_word' id='word_1_407' title='bbox 1783 4087 1866 4143; x_wconf 86' lang='lat' dir='ltr'>di-</span> 
     </span>
    </p>
   </div>
   <div class='ocr_carea' id='block_1_61' title="bbox 211 4175 1866 4249">
    <p class='ocr_par' dir='ltr' id='par_1_61' title="bbox 211 4175 1866 4249">
     <span class='ocr_line' id='line_1_61' title="bbox 211 4175 1866 4249; baseline 0.002 -21"><span class='ocrx_word' id='word_1_408' title='bbox 211 4178 377 4229; x_wconf 88' lang='lat' dir='ltr'>ctum</span> <span class='ocrx_word' id='word_1_409' title='bbox 428 4179 534 4244; x_wconf 89' lang='lat' dir='ltr'>est,</span> <span class='ocrx_word' id='word_1_410' title='bbox 560 4175 636 4231; x_wconf 89' lang='lat' dir='ltr'>ad</span> <span class='ocrx_word' id='word_1_411' title='bbox 691 4175 1014 4233; x_wconf 79' lang='lat' dir='ltr'>Ecclesium</span> <span class='ocrx_word' id='word_1_412' title='bbox 1065 4178 1333 4249; x_wconf 86' lang='lat' dir='ltr'>pertinet,</span> <span class='ocrx_word' id='word_1_413' title='bbox 1393 4182 1448 4232; x_wconf 93' lang='lat' dir='ltr'>et</span> <span class='ocrx_word' id='word_1_414' title='bbox 1500 4177 1573 4231; x_wconf 91' lang='lat' dir='ltr'>de</span> <span class='ocrx_word' id='word_1_415' title='bbox 1615 4181 1866 4247; x_wconf 85' lang='lat' dir='ltr'>utroque</span> 
     </span>
    </p>
   </div>
   <div class='ocr_carea' id='block_1_62' title="bbox 209 4262 1862 4334">
    <p class='ocr_par' dir='ltr' id='par_1_62' title="bbox 209 4262 1862 4334">
     <span class='ocr_line' id='line_1_62' title="bbox 209 4262 1862 4334; baseline 0.002 -18"><span class='ocrx_word' id='word_1_416' title='bbox 209 4262 528 4334; x_wconf 87' lang='lat' dir='ltr'>disposuit,</span> <span class='ocrx_word' id='word_1_417' title='bbox 556 4265 705 4320; x_wconf 91' lang='lat' dir='ltr'>sicut</span> <span class='ocrx_word' id='word_1_418' title='bbox 726 4265 838 4320; x_wconf 90' lang='lat' dir='ltr'>sibi</span> <span class='ocrx_word' id='word_1_419' title='bbox 861 4266 1113 4332; x_wconf 85' lang='lat' dir='ltr'>videtur,</span> <span class='ocrx_word' id='word_1_420' title='bbox 1139 4266 1209 4322; x_wconf 88' lang='lat' dir='ltr'>ad</span> <span class='ocrx_word' id='word_1_421' title='bbox 1239 4266 1548 4322; x_wconf 87' lang='lat' dir='ltr'>tuitionem</span> <span class='ocrx_word' id='word_1_422' title='bbox 1573 4265 1862 4333; x_wconf 79' lang='lat' dir='ltr'>fidelium,</span> 
     </span>
    </p>
   </div>
   <div class='ocr_carea' id='block_1_63' title="bbox 210 4351 1200 4423">
    <p class='ocr_par' dir='ltr' id='par_1_63' title="bbox 210 4351 1200 4423">
     <span class='ocr_line' id='line_1_63' title="bbox 210 4351 1200 4423; baseline 0.004 -17"><span class='ocrx_word' id='word_1_423' title='bbox 210 4356 266 4406; x_wconf 90' lang='lat' dir='ltr'>et</span> <span class='ocrx_word' id='word_1_424' title='bbox 289 4351 632 4423; x_wconf 74' lang='lat' dir='ltr'>reipublicae</span> <span class='ocrx_word' id='word_1_425' title='bbox 661 4355 1200 4410; x_wconf 88' lang='lat' dir='ltr'>conservationem.</span> 
     </span>
    </p>
   </div>
   <div class='ocr_carea' id='block_1_64' title="bbox 284 4441 1865 4516">
    <p class='ocr_par' dir='ltr' id='par_1_64' title="bbox 284 4441 1865 4516">
     <span class='ocr_line' id='line_1_64' title="bbox 284 4441 1865 4516; baseline 0.004 -22"><span class='ocrx_word' id='word_1_426' title='bbox 284 4441 480 4505; x_wconf 88' lang='lat' dir='ltr'>Quam</span> <span class='ocrx_word' id='word_1_427' title='bbox 511 4441 860 4511; x_wconf 85' lang='lat' dir='ltr'>dignitatem</span> <span class='ocrx_word' id='word_1_428' title='bbox 901 4459 1006 4499; x_wconf 88' lang='lat' dir='ltr'>seu</span> <span class='ocrx_word' id='word_1_429' title='bbox 1037 4447 1389 4516; x_wconf 77' lang='lat' dir='ltr'>potestatem</span> <span class='ocrx_word' id='word_1_430' title='bbox 1447 4447 1865 4501; x_wconf 84' lang='lat' dir='ltr'>Constantinus</span> 
     </span>
    </p>
   </div>
   <div class='ocr_carea' id='block_1_65' title="bbox 213 4530 1865 4608">
    <p class='ocr_par' dir='ltr' id='par_1_65' title="bbox 213 4530 1865 4608">
     <span class='ocr_line' id='line_1_65' title="bbox 213 4530 1865 4608; baseline 0.004 -24"><span class='ocrx_word' id='word_1_431' title='bbox 213 4530 448 4603; x_wconf 87' lang='lat' dir='ltr'>primus</span> <span class='ocrx_word' id='word_1_432' title='bbox 476 4531 940 4588; x_wconf 88' lang='lat' dir='ltr'>Christianorum</span> <span class='ocrx_word' id='word_1_433' title='bbox 968 4533 1294 4605; x_wconf 82' lang='lat' dir='ltr'>imperator</span> <span class='ocrx_word' id='word_1_434' title='bbox 1327 4533 1644 4604; x_wconf 86' lang='lat' dir='ltr'>providens</span> <span class='ocrx_word' id='word_1_435' title='bbox 1665 4536 1723 4590; x_wconf 91' lang='lat' dir='ltr'>in</span> <span class='ocrx_word' id='word_1_436' title='bbox 1751 4537 1865 4608; x_wconf 87' lang='lat' dir='ltr'>spi-</span> 
     </span>
    </p>
   </div>
   <div class='ocr_carea' id='block_1_66' title="bbox 213 4618 1866 4694">
    <p class='ocr_par' dir='ltr' id='par_1_66' title="bbox 213 4618 1866 4694">
     <span class='ocr_line' id='line_1_66' title="bbox 213 4618 1866 4694; baseline 0.004 -21"><span class='ocrx_word' id='word_1_437' title='bbox 213 4618 328 4674; x_wconf 89' lang='lat' dir='ltr'>ritu</span> <span class='ocrx_word' id='word_1_438' title='bbox 346 4635 486 4676; x_wconf 60' lang='grc' dir='ltr'>ωαχ</span> <span class='ocrx_word' id='word_1_439' title='bbox 509 4625 830 4694; x_wconf 89' lang='lat' dir='ltr'>postquam</span> <span class='ocrx_word' id='word_1_440' title='bbox 854 4621 933 4677; x_wconf 90' lang='lat' dir='ltr'>ad</span> <span class='ocrx_word' id='word_1_441' title='bbox 951 4622 1130 4676; x_wconf 85' lang='lat' dir='ltr'>iidem</span> <span class='ocrx_word' id='word_1_442' title='bbox 1150 4637 1475 4676; x_wconf 82' lang='lat' dir='ltr'>conversus</span> <span class='ocrx_word' id='word_1_443' title='bbox 1495 4627 1600 4689; x_wconf 82' lang='lat' dir='ltr'>est,</span> <span class='ocrx_word' id='word_1_444' title='bbox 1621 4624 1866 4680; x_wconf 89' lang='lat' dir='ltr'>contulit</span> 
     </span>
    </p>
   </div>
   <div class='ocr_carea' id='block_1_67' title="bbox 213 4708 1868 4784">
    <p class='ocr_par' dir='ltr' id='par_1_67' title="bbox 213 4708 1868 4784">
     <span class='ocr_line' id='line_1_67' title="bbox 213 4708 1868 4784; baseline 0.003 -22"><span class='ocrx_word' id='word_1_445' title='bbox 213 4723 285 4763; x_wconf 91' lang='lat' dir='ltr'>eo</span> <span class='ocrx_word' id='word_1_446' title='bbox 302 4708 483 4764; x_wconf 90' lang='lat' dir='ltr'>modo</span> <span class='ocrx_word' id='word_1_447' title='bbox 497 4710 691 4765; x_wconf 89' lang='lat' dir='ltr'>eidem</span> <span class='ocrx_word' id='word_1_448' title='bbox 707 4710 979 4765; x_wconf 68' lang='lat' dir='ltr'>Ecclesiae</span> <span class='ocrx_word' id='word_1_449' title='bbox 995 4709 1195 4776; x_wconf 86' lang='lat' dir='ltr'>libere,</span> <span class='ocrx_word' id='word_1_450' title='bbox 1224 4727 1346 4782; x_wconf 87' lang='lat' dir='ltr'>quo</span> <span class='ocrx_word' id='word_1_451' title='bbox 1375 4727 1558 4782; x_wconf 90' lang='lat' dir='ltr'>supra</span> <span class='ocrx_word' id='word_1_452' title='bbox 1582 4712 1639 4766; x_wconf 89' lang='lat' dir='ltr'>in</span> <span class='ocrx_word' id='word_1_453' title='bbox 1655 4719 1868 4784; x_wconf 84' lang='lat' dir='ltr'>quarta</span> 
     </span>
    </p>
   </div>
   <div class='ocr_carea' id='block_1_68' title="bbox 211 4799 1856 4873">
    <p class='ocr_par' dir='ltr' id='par_1_68' title="bbox 211 4799 1856 4873">
     <span class='ocr_line' id='line_1_68' title="bbox 211 4799 1856 4873; baseline 0.001 -18"><span class='ocrx_word' id='word_1_454' title='bbox 211 4799 598 4856; x_wconf 84' lang='lat' dir='ltr'>distinctione</span> <span class='ocrx_word' id='word_1_455' title='bbox 628 4799 811 4870; x_wconf 88' lang='lat' dir='ltr'>hujus</span> <span class='ocrx_word' id='word_1_456' title='bbox 843 4801 1042 4873; x_wconf 90' lang='lat' dir='ltr'>operis</span> <span class='ocrx_word' id='word_1_457' title='bbox 1078 4800 1311 4872; x_wconf 87' lang='lat' dir='ltr'>plenius</span> <span class='ocrx_word' id='word_1_458' title='bbox 1342 4807 1431 4856; x_wconf 81' lang='lat' dir='ltr'>est</span> <span class='ocrx_word' id='word_1_459' title='bbox 1479 4817 1856 4873; x_wconf 81' lang='lat' dir='ltr'>expressum.</span> 
     </span>
    </p>
   </div>
   <div class='ocr_carea' id='block_1_69' title="bbox 214 4889 1869 4962">
    <p class='ocr_par' dir='ltr' id='par_1_69' title="bbox 214 4889 1869 4962">
     <span class='ocr_line' id='line_1_69' title="bbox 214 4889 1869 4962; baseline 0.003 -20"><span class='ocrx_word' id='word_1_460' title='bbox 214 4889 500 4955; x_wconf 87' lang='lat' dir='ltr'>Quamvis</span> <span class='ocrx_word' id='word_1_461' title='bbox 529 4889 688 4944; x_wconf 89' lang='lat' dir='ltr'>enim</span> <span class='ocrx_word' id='word_1_462' title='bbox 719 4890 970 4961; x_wconf 80' lang='lat' dir='ltr'>quidam</span> <span class='ocrx_word' id='word_1_463' title='bbox 1002 4889 1402 4962; x_wconf 69' lang='lat' dir='ltr'>prielalorum,</span> <span class='ocrx_word' id='word_1_464' title='bbox 1437 4906 1544 4962; x_wconf 92' lang='lat' dir='ltr'>pro</span> <span class='ocrx_word' id='word_1_465' title='bbox 1589 4891 1756 4946; x_wconf 87' lang='lat' dir='ltr'>terris</span> <span class='ocrx_word' id='word_1_466' title='bbox 1812 4897 1869 4948; x_wconf 89' lang='lat' dir='ltr'>et</span> 
     </span>
    </p>
   </div>
   <div class='ocr_carea' id='block_1_70' title="bbox 208 4977 1868 5050">
    <p class='ocr_par' dir='ltr' id='par_1_70' title="bbox 208 4977 1868 5050">
     <span class='ocr_line' id='line_1_70' title="bbox 208 4977 1868 5050; baseline 0.002 -18"><span class='ocrx_word' id='word_1_467' title='bbox 208 4977 580 5046; x_wconf 84' lang='lat' dir='ltr'>regionibus,</span> <span class='ocrx_word' id='word_1_468' title='bbox 609 4995 761 5050; x_wconf 90' lang='lat' dir='ltr'>quas</span> <span class='ocrx_word' id='word_1_469' title='bbox 788 4979 864 5034; x_wconf 93' lang='lat' dir='ltr'>ad</span> <span class='ocrx_word' id='word_1_470' title='bbox 889 4995 1036 5033; x_wconf 90' lang='lat' dir='ltr'>usus</span> <span class='ocrx_word' id='word_1_471' title='bbox 1059 4977 1330 5034; x_wconf 67' lang='lat' dir='ltr'>Ecclesiae</span> <span class='ocrx_word' id='word_1_472' title='bbox 1360 4980 1628 5048; x_wconf 85' lang='lat' dir='ltr'>retinent,</span> <span class='ocrx_word' id='word_1_473' title='bbox 1655 4996 1868 5035; x_wconf 90' lang='lat' dir='ltr'>vocen-</span> 
     </span>
    </p>
   </div>
   <div class='ocr_carea' id='block_1_71' title="bbox 211 5065 1864 5137">
    <p class='ocr_par' dir='ltr' id='par_1_71' title="bbox 211 5065 1864 5137">
     <span class='ocr_line' id='line_1_71' title="bbox 211 5065 1864 5137; baseline 0.001 -16"><span class='ocrx_word' id='word_1_474' title='bbox 211 5071 306 5121; x_wconf 91' lang='lat' dir='ltr'>tur</span> <span class='ocrx_word' id='word_1_475' title='bbox 335 5065 537 5137; x_wconf 80' lang='lat' dir='ltr'>duces,</span> <span class='ocrx_word' id='word_1_476' title='bbox 576 5066 846 5136; x_wconf 89' lang='lat' dir='ltr'>comites,</span> <span class='ocrx_word' id='word_1_477' title='bbox 879 5083 984 5122; x_wconf 87' lang='lat' dir='ltr'>seu</span> <span class='ocrx_word' id='word_1_478' title='bbox 1019 5067 1418 5134; x_wconf 88' lang='lat' dir='ltr'>marchiones,</span> <span class='ocrx_word' id='word_1_479' title='bbox 1461 5071 1515 5122; x_wconf 89' lang='lat' dir='ltr'>et</span> <span class='ocrx_word' id='word_1_480' title='bbox 1568 5067 1864 5123; x_wconf 83' lang='lat' dir='ltr'>interdum</span> 
     </span>
    </p>
   </div>
   <div class='ocr_carea' id='block_1_72' title="bbox 206 5155 1865 5228">
    <p class='ocr_par' dir='ltr' id='par_1_72' title="bbox 206 5155 1865 5228">
     <span class='ocr_line' id='line_1_72' title="bbox 206 5155 1865 5228; baseline 0.001 -18"><span class='ocrx_word' id='word_1_481' title='bbox 206 5155 544 5227; x_wconf 89' lang='lat' dir='ltr'>procedunt</span> <span class='ocrx_word' id='word_1_482' title='bbox 571 5156 633 5212; x_wconf 91' lang='lat' dir='ltr'>in</span> <span class='ocrx_word' id='word_1_483' title='bbox 679 5156 1137 5228; x_wconf 84' lang='lat' dir='ltr'>expeditionem,</span> <span class='ocrx_word' id='word_1_484' title='bbox 1189 5161 1390 5211; x_wconf 89' lang='lat' dir='ltr'>tamen</span> <span class='ocrx_word' id='word_1_485' title='bbox 1449 5172 1668 5212; x_wconf 87' lang='lat' dir='ltr'>manus</span> <span class='ocrx_word' id='word_1_486' title='bbox 1723 5174 1865 5212; x_wconf 85' lang='lat' dir='ltr'>suas</span> 
     </span>
    </p>
   </div>
   <div class='ocr_carea' id='block_1_73' title="bbox 205 5244 1860 5316">
    <p class='ocr_par' dir='ltr' id='par_1_73' title="bbox 205 5244 1860 5316">
     <span class='ocr_line' id='line_1_73' title="bbox 205 5244 1860 5316; baseline 0.001 -18"><span class='ocrx_word' id='word_1_487' title='bbox 205 5259 446 5316; x_wconf 88' lang='lat' dir='ltr'>semper</span> <span class='ocrx_word' id='word_1_488' title='bbox 459 5244 719 5301; x_wconf 89' lang='lat' dir='ltr'>mundas</span> <span class='ocrx_word' id='word_1_489' title='bbox 737 5245 1126 5302; x_wconf 90' lang='lat' dir='ltr'>cuslodiunta</span> <span class='ocrx_word' id='word_1_490' title='bbox 1140 5245 1432 5314; x_wconf 86' lang='lat' dir='ltr'>sanguine</span> <span class='ocrx_word' id='word_1_491' title='bbox 1455 5249 1860 5316; x_wconf 89' lang='lat' dir='ltr'>peccatorum.</span> 
     </span>
    </p>
   </div>
   <div class='ocr_carea' id='block_1_74' title="bbox 205 5333 1860 5407">
    <p class='ocr_par' dir='ltr' id='par_1_74' title="bbox 205 5333 1860 5407">
     <span class='ocr_line' id='line_1_74' title="bbox 205 5333 1860 5407; baseline 0 -19"><span class='ocrx_word' id='word_1_492' title='bbox 205 5335 334 5388; x_wconf 78' lang='lat' dir='ltr'>Non</span> <span class='ocrx_word' id='word_1_493' title='bbox 366 5333 526 5388; x_wconf 89' lang='lat' dir='ltr'>enim</span> <span class='ocrx_word' id='word_1_494' title='bbox 553 5333 1364 5407; x_wconf 89' lang='lat' dir='ltr'>pugnantipsipersonaliter</span> <span class='ocrx_word' id='word_1_495' title='bbox 1385 5333 1488 5388; x_wconf 89' lang='lat' dir='ltr'>sed</span> <span class='ocrx_word' id='word_1_496' title='bbox 1505 5334 1860 5406; x_wconf 87' lang='lat' dir='ltr'>pugnaturis</span> 
     </span>
    </p>
   </div>
   <div class='ocr_carea' id='block_1_75' title="bbox 205 5421 1862 5496">
    <p class='ocr_par' dir='ltr' id='par_1_75' title="bbox 205 5421 1862 5496">
     <span class='ocr_line' id='line_1_75' title="bbox 205 5421 1862 5496; baseline 0.001 -19"><span class='ocrx_word' id='word_1_497' title='bbox 205 5421 490 5477; x_wconf 80' lang='lat' dir='ltr'>ﬁdelibus</span> <span class='ocrx_word' id='word_1_498' title='bbox 542 5428 750 5479; x_wconf 89' lang='lat' dir='ltr'>contra</span> <span class='ocrx_word' id='word_1_499' title='bbox 793 5423 1032 5496; x_wconf 87' lang='lat' dir='ltr'>iniquos</span> <span class='ocrx_word' id='word_1_500' title='bbox 1061 5424 1534 5495; x_wconf 88' lang='lat' dir='ltr'>assistentes,eos</span> <span class='ocrx_word' id='word_1_501' title='bbox 1565 5423 1666 5493; x_wconf 90' lang='lat' dir='ltr'>sic,</span> <span class='ocrx_word' id='word_1_502' title='bbox 1715 5429 1862 5496; x_wconf 91' lang='lat' dir='ltr'>puta</span> 
     </span>
    </p>
   </div>
   <div class='ocr_carea' id='block_1_76' title="bbox 280 5536 746 5609">
    <p class='ocr_par' dir='ltr' id='par_1_76' title="bbox 280 5536 746 5609">
     <span class='ocr_line' id='line_1_76' title="bbox 280 5536 746 5609; baseline 0.004 -17"><span class='ocrx_word' id='word_1_503' title='bbox 280 5536 330 5570; x_wconf 82' lang='grc'>⁵³</span> <span class='ocrx_word' id='word_1_504' title='bbox 355 5541 542 5609; x_wconf 81' lang='lat' dir='ltr'>Apoc.</span> <span class='ocrx_word' id='word_1_505' title='bbox 572 5553 626 5594; x_wconf 87' lang='lat' dir='ltr'>v.</span> <span class='ocrx_word' id='word_1_506' title='bbox 663 5542 746 5594; x_wconf 83' lang='lat' dir='ltr'>to.</span> 
     </span>
    </p>
   </div>
   <div class='ocr_carea' id='block_1_77' title="bbox 205 5609 682 5674">
    <p class='ocr_par' dir='ltr' id='par_1_77' title="bbox 205 5609 682 5674">
     <span class='ocr_line' id='line_1_77' title="bbox 205 5609 682 5674; baseline 0.002 -11"><span class='ocrx_word' id='word_1_507' title='bbox 205 5609 254 5643; x_wconf 82' lang='grc'><strong><em>³⁸</em></strong></span> <span class='ocrx_word' id='word_1_508' title='bbox 278 5609 452 5665; x_wconf 78' lang='lat' dir='ltr'>Joan.</span> <span class='ocrx_word' id='word_1_509' title='bbox 485 5623 564 5674; x_wconf 82' lang='lat' dir='ltr'>iv,</span> <span class='ocrx_word' id='word_1_510' title='bbox 599 5611 682 5664; x_wconf 78' lang='grc'>18.</span> 
     </span>
    </p>
   </div>
   <div class='ocr_carea' id='block_1_78' title="bbox 1973 1851 3616 1925">
    <p class='ocr_par' dir='ltr' id='par_1_78' title="bbox 1973 1851 3616 1925">
     <span class='ocr_line' id='line_1_78' title="bbox 1973 1851 3616 1925; baseline -0.002 -15"><span class='ocrx_word' id='word_1_511' title='bbox 1973 1853 2529 1925; x_wconf 87' lang='lat' dir='ltr'>nudeintelligenda</span> <span class='ocrx_word' id='word_1_512' title='bbox 2547 1857 2882 1913; x_wconf 88' lang='lat' dir='ltr'>suntverba</span> <span class='ocrx_word' id='word_1_513' title='bbox 2905 1856 3171 1923; x_wconf 88' lang='lat' dir='ltr'>canonis,</span> <span class='ocrx_word' id='word_1_514' title='bbox 3200 1852 3365 1908; x_wconf 91' lang='lat' dir='ltr'>verbi</span> <span class='ocrx_word' id='word_1_515' title='bbox 3406 1851 3616 1921; x_wconf 88' lang='lat' dir='ltr'>gratia,</span> 
     </span>
    </p>
   </div>
   <div class='ocr_carea' id='block_1_79' title="bbox 1975 1943 3620 2016">
    <p class='ocr_par' dir='ltr' id='par_1_79' title="bbox 1975 1943 3620 2016">
     <span class='ocr_line' id='line_1_79' title="bbox 1975 1943 3620 2016; baseline -0.002 -18"><span class='ocrx_word' id='word_1_516' title='bbox 1975 1949 2037 1999; x_wconf 91' lang='lat' dir='ltr'>ut</span> <span class='ocrx_word' id='word_1_517' title='bbox 2058 1943 2308 2011; x_wconf 88' lang='lat' dir='ltr'>dicatur,</span> <span class='ocrx_word' id='word_1_518' title='bbox 2328 1961 2447 2000; x_wconf 91' lang='lat' dir='ltr'>non</span> <span class='ocrx_word' id='word_1_519' title='bbox 2469 1946 2642 2001; x_wconf 90' lang='lat' dir='ltr'>licere</span> <span class='ocrx_word' id='word_1_520' title='bbox 2664 1945 2892 2000; x_wconf 88' lang='lat' dir='ltr'>homini</span> <span class='ocrx_word' id='word_1_521' title='bbox 2933 1945 3127 2016; x_wconf 89' lang='lat' dir='ltr'>prima</span> <span class='ocrx_word' id='word_1_522' title='bbox 3161 1957 3344 1998; x_wconf 82' lang='lat' dir='ltr'>uxore</span> <span class='ocrx_word' id='word_1_523' title='bbox 3380 1943 3620 1996; x_wconf 88' lang='lat' dir='ltr'>mortua</span> 
     </span>
    </p>
   </div>
   <div class='ocr_carea' id='block_1_80' title="bbox 1974 2029 3621 2105">
    <p class='ocr_par' dir='ltr' id='par_1_80' title="bbox 1974 2029 3621 2105">
     <span class='ocr_line' id='line_1_80' title="bbox 1974 2029 3621 2105; baseline -0.004 -17"><span class='ocrx_word' id='word_1_524' title='bbox 1974 2034 2474 2091; x_wconf 90' lang='lat' dir='ltr'>contraherecum</span> <span class='ocrx_word' id='word_1_525' title='bbox 2505 2035 2789 2097; x_wconf 85' lang='lat' dir='ltr'>secunda.</span> <span class='ocrx_word' id='word_1_526' title='bbox 2837 2034 3111 2099; x_wconf 88' lang='lat' dir='ltr'>dicimus,</span> <span class='ocrx_word' id='word_1_527' title='bbox 3155 2030 3319 2105; x_wconf 90' lang='lat' dir='ltr'>quod</span> <span class='ocrx_word' id='word_1_528' title='bbox 3368 2045 3504 2084; x_wconf 89' lang='lat' dir='ltr'>cum</span> <span class='ocrx_word' id='word_1_529' title='bbox 3546 2029 3621 2083; x_wconf 91' lang='lat' dir='ltr'>sit</span> 
     </span>
    </p>
   </div>
   <div class='ocr_carea' id='block_1_81' title="bbox 1975 2120 3614 2198">
    <p class='ocr_par' dir='ltr' id='par_1_81' title="bbox 1975 2120 3614 2198">
     <span class='ocr_line' id='line_1_81' title="bbox 1975 2120 3614 2198; baseline -0.004 -21"><span class='ocrx_word' id='word_1_530' title='bbox 1975 2126 2180 2178; x_wconf 90' lang='lat' dir='ltr'>contra</span> <span class='ocrx_word' id='word_1_531' title='bbox 2201 2123 2536 2181; x_wconf 89' lang='lat' dir='ltr'>doctrinam</span> <span class='ocrx_word' id='word_1_532' title='bbox 2553 2124 2842 2198; x_wconf 76' lang='lat' dir='ltr'>Apostoli,</span> <span class='ocrx_word' id='word_1_533' title='bbox 2866 2128 2922 2179; x_wconf 93' lang='lat' dir='ltr'>et</span> <span class='ocrx_word' id='word_1_534' title='bbox 2943 2122 3197 2178; x_wconf 86' lang='lat' dir='ltr'>salutem</span> <span class='ocrx_word' id='word_1_535' title='bbox 3214 2120 3614 2180; x_wconf 90' lang='lat' dir='ltr'>intirmorum,</span> 
     </span>
    </p>
   </div>
   <div class='ocr_carea' id='block_1_82' title="bbox 1972 2205 3617 2280">
    <p class='ocr_par' dir='ltr' id='par_1_82' title="bbox 1972 2205 3617 2280">
     <span class='ocr_line' id='line_1_82' title="bbox 1972 2205 3617 2280; baseline -0.004 -14"><span class='ocrx_word' id='word_1_536' title='bbox 1972 2211 2138 2268; x_wconf 89' lang='lat' dir='ltr'>nulla</span> <span class='ocrx_word' id='word_1_537' title='bbox 2159 2213 2387 2270; x_wconf 91' lang='lat' dir='ltr'>ratione</span> <span class='ocrx_word' id='word_1_538' title='bbox 2433 2215 2611 2271; x_wconf 84' lang='lat' dir='ltr'>debet</span> <span class='ocrx_word' id='word_1_539' title='bbox 2647 2213 2934 2270; x_wconf 85' lang='lat' dir='ltr'>exaudiri.</span> <span class='ocrx_word' id='word_1_540' title='bbox 2958 2213 3049 2268; x_wconf 79' lang='lat' dir='ltr'>Ait</span> <span class='ocrx_word' id='word_1_541' title='bbox 3091 2211 3254 2266; x_wconf 92' lang='lat' dir='ltr'>enim</span> <span class='ocrx_word' id='word_1_542' title='bbox 3296 2205 3617 2280; x_wconf 85' lang='lat' dir='ltr'>Apostolus</span> 
     </span>
    </p>
   </div>
   <div class='ocr_carea' id='block_1_83' title="bbox 1972 2295 3620 2372">
    <p class='ocr_par' dir='ltr' id='par_1_83' title="bbox 1972 2295 3620 2372">
     <span class='ocr_line' id='line_1_83' title="bbox 1972 2295 3620 2372; baseline -0.005 -15"><span class='ocrx_word' id='word_1_543' title='bbox 1972 2301 2049 2357; x_wconf 90' lang='lat' dir='ltr'>ad</span> <span class='ocrx_word' id='word_1_544' title='bbox 2073 2304 2404 2360; x_wconf 87' lang='lat' dir='ltr'>Corinthios</span> <span class='ocrx_word' id='word_1_545' title='bbox 2426 2305 2649 2361; x_wconf 76' lang='lat' dir='ltr'>Mulier</span> <span class='ocrx_word' id='word_1_546' title='bbox 2668 2311 2748 2360; x_wconf 83' lang='lat' dir='ltr'>est</span> <span class='ocrx_word' id='word_1_547' title='bbox 2786 2304 3042 2372; x_wconf 79' lang='lat' dir='ltr'>alligata</span> <span class='ocrx_word' id='word_1_548' title='bbox 3071 2297 3489 2372; x_wconf 83' lang='lat' dir='ltr'>legi,quandiu</span> <span class='ocrx_word' id='word_1_549' title='bbox 3522 2295 3620 2351; x_wconf 85' lang='lat' dir='ltr'>vir</span> 
     </span>
    </p>
   </div>
   <div class='ocr_carea' id='block_1_84' title="bbox 1971 2384 3613 2462">
    <p class='ocr_par' dir='ltr' id='par_1_84' title="bbox 1971 2384 3613 2462">
     <span class='ocr_line' id='line_1_84' title="bbox 1971 2384 3613 2462; baseline -0.005 -16"><span class='ocrx_word' id='word_1_550' title='bbox 1971 2407 2113 2446; x_wconf 87' lang='lat' dir='ltr'>suus</span> <span class='ocrx_word' id='word_1_551' title='bbox 2135 2394 2298 2449; x_wconf 80' lang='lat' dir='ltr'>vivit.</span> <span class='ocrx_word' id='word_1_552' title='bbox 2318 2393 2386 2449; x_wconf 87' lang='lat' dir='ltr'>Si</span> <span class='ocrx_word' id='word_1_553' title='bbox 2395 2399 2591 2449; x_wconf 81' lang='lat' dir='ltr'>autem</span> <span class='ocrx_word' id='word_1_554' title='bbox 2606 2400 2874 2450; x_wconf 81' lang='lat' dir='ltr'>mortuus</span> <span class='ocrx_word' id='word_1_555' title='bbox 2897 2393 3103 2462; x_wconf 81' lang='lat' dir='ltr'>fuerit,</span> <span class='ocrx_word' id='word_1_556' title='bbox 3132 2391 3230 2446; x_wconf 87' lang='lat' dir='ltr'>cui</span> <span class='ocrx_word' id='word_1_557' title='bbox 3249 2388 3378 2443; x_wconf 80' lang='lat' dir='ltr'>vult</span> <span class='ocrx_word' id='word_1_558' title='bbox 3405 2384 3613 2454; x_wconf 82' lang='lat' dir='ltr'>nubat,</span> 
     </span>
    </p>
   </div>
   <div class='ocr_carea' id='block_1_85' title="bbox 1976 2475 3618 2551">
    <p class='ocr_par' dir='ltr' id='par_1_85' title="bbox 1976 2475 3618 2551">
     <span class='ocr_line' id='line_1_85' title="bbox 1976 2475 3618 2551; baseline -0.005 -17"><span class='ocrx_word' id='word_1_559' title='bbox 1976 2486 2209 2536; x_wconf 81' lang='lat' dir='ltr'>tantum</span> <span class='ocrx_word' id='word_1_560' title='bbox 2235 2483 2294 2536; x_wconf 86' lang='lat' dir='ltr'>in</span> <span class='ocrx_word' id='word_1_561' title='bbox 2313 2484 2560 2538; x_wconf 82' lang='lat' dir='ltr'>Domino</span> <span class='ocrx_word' id='word_1_562' title='bbox 2580 2484 2644 2538; x_wconf 73' lang='grc'>³⁵.</span> <span class='ocrx_word' id='word_1_563' title='bbox 2676 2481 2963 2538; x_wconf 89' lang='lat' dir='ltr'>Dominus</span> <span class='ocrx_word' id='word_1_564' title='bbox 2992 2492 3234 2551; x_wconf 91' lang='lat' dir='ltr'>quoque</span> <span class='ocrx_word' id='word_1_565' title='bbox 3267 2475 3326 2531; x_wconf 90' lang='lat' dir='ltr'>in</span> <span class='ocrx_word' id='word_1_566' title='bbox 3359 2477 3618 2542; x_wconf 87' lang='lat' dir='ltr'>Evange-</span> 
     </span>
    </p>
   </div>
   <div class='ocr_carea' id='block_1_86' title="bbox 1975 2564 3618 2644">
    <p class='ocr_par' dir='ltr' id='par_1_86' title="bbox 1975 2564 3618 2644">
     <span class='ocr_line' id='line_1_86' title="bbox 1975 2564 3618 2644; baseline -0.006 -19"><span class='ocrx_word' id='word_1_567' title='bbox 1975 2569 2053 2626; x_wconf 89' lang='lat' dir='ltr'>lio</span> <span class='ocrx_word' id='word_1_568' title='bbox 2076 2569 2148 2625; x_wconf 89' lang='lat' dir='ltr'>de</span> <span class='ocrx_word' id='word_1_569' title='bbox 2172 2570 2437 2635; x_wconf 89' lang='lat' dir='ltr'>muliere,</span> <span class='ocrx_word' id='word_1_570' title='bbox 2453 2588 2587 2644; x_wconf 56' lang='lat' dir='ltr'>quas</span> <span class='ocrx_word' id='word_1_571' title='bbox 2605 2567 3158 2628; x_wconf 70' lang='lat' dir='ltr'>causasuscitandze</span> <span class='ocrx_word' id='word_1_572' title='bbox 3174 2564 3354 2639; x_wconf 89' lang='lat' dir='ltr'>prolis</span> <span class='ocrx_word' id='word_1_573' title='bbox 3388 2566 3618 2634; x_wconf 88' lang='lat' dir='ltr'>septem</span> 
     </span>
    </p>
   </div>
   <div class='ocr_carea' id='block_1_87' title="bbox 1976 2651 3620 2726">
    <p class='ocr_par' dir='ltr' id='par_1_87' title="bbox 1976 2651 3620 2726">
     <span class='ocr_line' id='line_1_87' title="bbox 1976 2651 3620 2726; baseline -0.004 -11"><span class='ocrx_word' id='word_1_574' title='bbox 1976 2659 2136 2716; x_wconf 90' lang='lat' dir='ltr'>viros</span> <span class='ocrx_word' id='word_1_575' title='bbox 2167 2662 2376 2718; x_wconf 86' lang='lat' dir='ltr'>fratres</span> <span class='ocrx_word' id='word_1_576' title='bbox 2430 2663 2761 2718; x_wconf 90' lang='lat' dir='ltr'>successive</span> <span class='ocrx_word' id='word_1_577' title='bbox 2800 2661 3117 2726; x_wconf 89' lang='lat' dir='ltr'>habuerat,</span> <span class='ocrx_word' id='word_1_578' title='bbox 3141 2672 3265 2713; x_wconf 90' lang='lat' dir='ltr'>non</span> <span class='ocrx_word' id='word_1_579' title='bbox 3311 2651 3620 2721; x_wconf 85' lang='lat' dir='ltr'>redarguit</span> 
     </span>
    </p>
   </div>
   <div class='ocr_carea' id='block_1_88' title="bbox 1978 2747 3618 2824">
    <p class='ocr_par' dir='ltr' id='par_1_88' title="bbox 1978 2747 3618 2824">
     <span class='ocr_line' id='line_1_88' title="bbox 1978 2747 3618 2824; baseline -0.005 -21"><span class='ocrx_word' id='word_1_580' title='bbox 1978 2748 2156 2804; x_wconf 90' lang='lat' dir='ltr'>talem</span> <span class='ocrx_word' id='word_1_581' title='bbox 2184 2751 2464 2822; x_wconf 88' lang='lat' dir='ltr'>copulam</span> <span class='ocrx_word' id='word_1_582' title='bbox 2514 2752 2686 2808; x_wconf 85' lang='lat' dir='ltr'>toties</span> <span class='ocrx_word' id='word_1_583' title='bbox 2734 2751 3069 2824; x_wconf 88' lang='lat' dir='ltr'>repetitam,</span> <span class='ocrx_word' id='word_1_584' title='bbox 3104 2747 3210 2802; x_wconf 89' lang='lat' dir='ltr'>sed</span> <span class='ocrx_word' id='word_1_585' title='bbox 3249 2747 3481 2800; x_wconf 88' lang='lat' dir='ltr'>tantum</span> <span class='ocrx_word' id='word_1_586' title='bbox 3525 2756 3618 2796; x_wconf 88' lang='lat' dir='ltr'>er—</span> 
     </span>
    </p>
   </div>
   <div class='ocr_carea' id='block_1_89' title="bbox 1975 2832 3616 2913">
    <p class='ocr_par' dir='ltr' id='par_1_89' title="bbox 1975 2832 3616 2913">
     <span class='ocr_line' id='line_1_89' title="bbox 1975 2832 3616 2913; baseline -0.005 -21"><span class='ocrx_word' id='word_1_587' title='bbox 1975 2853 2225 2894; x_wconf 86' lang='lat' dir='ltr'>roneam</span> <span class='ocrx_word' id='word_1_588' title='bbox 2249 2841 2594 2912; x_wconf 88' lang='lat' dir='ltr'>opinionem</span> <span class='ocrx_word' id='word_1_589' title='bbox 2621 2859 2827 2897; x_wconf 88' lang='lat' dir='ltr'>eorum</span> <span class='ocrx_word' id='word_1_590' title='bbox 2850 2841 2952 2913; x_wconf 91' lang='lat' dir='ltr'>qui</span> <span class='ocrx_word' id='word_1_591' title='bbox 2968 2840 3195 2895; x_wconf 88' lang='lat' dir='ltr'>futuras</span> <span class='ocrx_word' id='word_1_592' title='bbox 3209 2832 3478 2890; x_wconf 89' lang='lat' dir='ltr'>carnales</span> <span class='ocrx_word' id='word_1_593' title='bbox 3504 2846 3616 2884; x_wconf 89' lang='lat' dir='ltr'>nu-</span> 
     </span>
    </p>
   </div>
   <div class='ocr_carea' id='block_1_90' title="bbox 1980 2922 3616 3001">
    <p class='ocr_par' dir='ltr' id='par_1_90' title="bbox 1980 2922 3616 3001">
     <span class='ocr_line' id='line_1_90' title="bbox 1980 2922 3616 3001; baseline -0.006 -20"><span class='ocrx_word' id='word_1_594' title='bbox 1980 2926 2406 2996; x_wconf 88' lang='lat' dir='ltr'>ptiasinregno</span> <span class='ocrx_word' id='word_1_595' title='bbox 2432 2930 2729 3000; x_wconf 89' lang='lat' dir='ltr'>justorum</span> <span class='ocrx_word' id='word_1_596' title='bbox 2768 2929 3092 3001; x_wconf 88' lang='lat' dir='ltr'>sperabant</span> <span class='ocrx_word' id='word_1_597' title='bbox 3121 2927 3188 2979; x_wconf 64' lang='lat'>57.</span> <span class='ocrx_word' id='word_1_598' title='bbox 3223 2927 3365 2979; x_wconf 82' lang='lat' dir='ltr'>item</span> <span class='ocrx_word' id='word_1_599' title='bbox 3411 2922 3616 2975; x_wconf 87' lang='lat' dir='ltr'>Sama-</span> 
     </span>
    </p>
   </div>
   <div class='ocr_carea' id='block_1_91' title="bbox 1978 3013 3616 3090">
    <p class='ocr_par' dir='ltr' id='par_1_91' title="bbox 1978 3013 3616 3090">
     <span class='ocr_line' id='line_1_91' title="bbox 1978 3013 3616 3090; baseline -0.004 -20"><span class='ocrx_word' id='word_1_600' title='bbox 1978 3015 2206 3082; x_wconf 73' lang='lat' dir='ltr'>ritanze,</span> <span class='ocrx_word' id='word_1_601' title='bbox 2240 3033 2374 3090; x_wconf 75' lang='lat' dir='ltr'>quin</span> <span class='ocrx_word' id='word_1_602' title='bbox 2405 3018 2604 3090; x_wconf 89' lang='lat' dir='ltr'>plures</span> <span class='ocrx_word' id='word_1_603' title='bbox 2629 3020 2784 3074; x_wconf 92' lang='lat' dir='ltr'>viros</span> <span class='ocrx_word' id='word_1_604' title='bbox 2818 3019 3128 3082; x_wconf 86' lang='lat' dir='ltr'>habuerat,</span> <span class='ocrx_word' id='word_1_605' title='bbox 3166 3016 3338 3085; x_wconf 84' lang='lat' dir='ltr'>juxta</span> <span class='ocrx_word' id='word_1_606' title='bbox 3368 3013 3616 3082; x_wconf 88' lang='lat' dir='ltr'>puteum</span> 
     </span>
    </p>
   </div>
   <div class='ocr_carea' id='block_1_92' title="bbox 1976 3101 3614 3174">
    <p class='ocr_par' dir='ltr' id='par_1_92' title="bbox 1976 3101 3614 3174">
     <span class='ocr_line' id='line_1_92' title="bbox 1976 3101 3614 3174; baseline -0.005 -17"><span class='ocrx_word' id='word_1_607' title='bbox 1976 3101 2456 3174; x_wconf 90' lang='lat' dir='ltr'>loquens,deillo</span> <span class='ocrx_word' id='word_1_608' title='bbox 2480 3108 2604 3163; x_wconf 93' lang='lat' dir='ltr'>solo</span> <span class='ocrx_word' id='word_1_609' title='bbox 2641 3108 2803 3163; x_wconf 89' lang='lat' dir='ltr'>illam</span> <span class='ocrx_word' id='word_1_610' title='bbox 2841 3106 3166 3174; x_wconf 86' lang='lat' dir='ltr'>redarguit,</span> <span class='ocrx_word' id='word_1_611' title='bbox 3212 3115 3394 3174; x_wconf 88' lang='lat' dir='ltr'>quem</span> <span class='ocrx_word' id='word_1_612' title='bbox 3436 3111 3614 3150; x_wconf 90' lang='lat' dir='ltr'>suum</span> 
     </span>
    </p>
   </div>
   <div class='ocr_carea' id='block_1_93' title="bbox 1977 3186 3611 3251">
    <p class='ocr_par' dir='ltr' id='par_1_93' title="bbox 1977 3186 3611 3251">
     <span class='ocr_line' id='line_1_93' title="bbox 1977 3186 3611 3251; baseline -0.004 -5"><span class='ocrx_word' id='word_1_613' title='bbox 1977 3207 2100 3247; x_wconf 90' lang='lat' dir='ltr'>non</span> <span class='ocrx_word' id='word_1_614' title='bbox 2149 3210 2276 3249; x_wconf 88' lang='lat' dir='ltr'>esse</span> <span class='ocrx_word' id='word_1_615' title='bbox 2333 3195 2527 3251; x_wconf 89' lang='lat' dir='ltr'>virum</span> <span class='ocrx_word' id='word_1_616' title='bbox 2584 3195 2867 3251; x_wconf 90' lang='lat' dir='ltr'>divinitus</span> <span class='ocrx_word' id='word_1_617' title='bbox 2930 3192 3232 3249; x_wconf 84' lang='lat' dir='ltr'>intellexit.</span> <span class='ocrx_word' id='word_1_618' title='bbox 3275 3189 3365 3244; x_wconf 81' lang='lat' dir='ltr'>Ait</span> <span class='ocrx_word' id='word_1_619' title='bbox 3431 3186 3611 3240; x_wconf 89' lang='lat' dir='ltr'>enim:</span> 
     </span>
    </p>
   </div>
   <div class='ocr_carea' id='block_1_94' title="bbox 1981 3277 3614 3355">
    <p class='ocr_par' dir='ltr' id='par_1_94' title="bbox 1981 3277 3614 3355">
     <span class='ocr_line' id='line_1_94' title="bbox 1981 3277 3614 3355; baseline -0.005 -18"><span class='ocrx_word' id='word_1_620' title='bbox 1981 3283 2253 3355; x_wconf 76' lang='lat' dir='ltr'>Quinque</span> <span class='ocrx_word' id='word_1_621' title='bbox 2283 3286 2438 3340; x_wconf 83' lang='lat' dir='ltr'>viros</span> <span class='ocrx_word' id='word_1_622' title='bbox 2473 3285 2752 3349; x_wconf 84' lang='lat' dir='ltr'>habuisti,</span> <span class='ocrx_word' id='word_1_623' title='bbox 2783 3291 2835 3340; x_wconf 83' lang='lat' dir='ltr'>et</span> <span class='ocrx_word' id='word_1_624' title='bbox 2873 3284 3052 3350; x_wconf 85' lang='lat' dir='ltr'>hunc,</span> <span class='ocrx_word' id='word_1_625' title='bbox 3079 3297 3245 3354; x_wconf 88' lang='lat' dir='ltr'>quem</span> <span class='ocrx_word' id='word_1_626' title='bbox 3281 3277 3472 3342; x_wconf 74' lang='lat' dir='ltr'>habes,</span> <span class='ocrx_word' id='word_1_627' title='bbox 3495 3291 3614 3329; x_wconf 80' lang='lat' dir='ltr'>non.</span> 
     </span>
    </p>
   </div>
   <div class='ocr_carea' id='block_1_95' title="bbox 1979 3368 3618 3446">
    <p class='ocr_par' dir='ltr' id='par_1_95' title="bbox 1979 3368 3618 3446">
     <span class='ocr_line' id='line_1_95' title="bbox 1979 3368 3618 3446; baseline -0.005 -20"><span class='ocrx_word' id='word_1_628' title='bbox 1979 3378 2063 3426; x_wconf 84' lang='lat' dir='ltr'>est</span> <span class='ocrx_word' id='word_1_629' title='bbox 2098 3378 2236 3428; x_wconf 88' lang='lat' dir='ltr'>tuus</span> <span class='ocrx_word' id='word_1_630' title='bbox 2257 3375 2419 3428; x_wconf 61' lang='lat' dir='ltr'>vir“.</span> <span class='ocrx_word' id='word_1_631' title='bbox 2455 3373 2727 3446; x_wconf 89' lang='lat' dir='ltr'>Copulari</span> <span class='ocrx_word' id='word_1_632' title='bbox 2763 3389 2905 3443; x_wconf 89' lang='lat' dir='ltr'>ergo</span> <span class='ocrx_word' id='word_1_633' title='bbox 2925 3369 3195 3444; x_wconf 89' lang='lat' dir='ltr'>pluribus</span> <span class='ocrx_word' id='word_1_634' title='bbox 3214 3368 3450 3423; x_wconf 84' lang='lat' dir='ltr'>vicibus</span> <span class='ocrx_word' id='word_1_635' title='bbox 3484 3379 3618 3418; x_wconf 88' lang='lat' dir='ltr'>sue-</span> 
     </span>
    </p>
   </div>
   <div class='ocr_carea' id='block_1_96' title="bbox 1980 3454 3617 3536">
    <p class='ocr_par' dir='ltr' id='par_1_96' title="bbox 1980 3454 3617 3536">
     <span class='ocr_line' id='line_1_96' title="bbox 1980 3454 3617 3536; baseline -0.006 -19"><span class='ocrx_word' id='word_1_636' title='bbox 1980 3462 2202 3518; x_wconf 80' lang='lat' dir='ltr'>cessive</span> <span class='ocrx_word' id='word_1_637' title='bbox 2230 3479 2351 3519; x_wconf 92' lang='lat' dir='ltr'>non</span> <span class='ocrx_word' id='word_1_638' title='bbox 2379 3469 2464 3520; x_wconf 90' lang='lat' dir='ltr'>est</span> <span class='ocrx_word' id='word_1_639' title='bbox 2490 3454 2874 3536; x_wconf 89' lang='lat' dir='ltr'>prohibitum,</span> <span class='ocrx_word' id='word_1_640' title='bbox 2909 3461 3013 3516; x_wconf 91' lang='lat' dir='ltr'>sed</span> <span class='ocrx_word' id='word_1_641' title='bbox 3035 3473 3407 3522; x_wconf 85' lang='lat' dir='ltr'>concessum;</span> <span class='ocrx_word' id='word_1_642' title='bbox 3437 3456 3617 3510; x_wconf 84' lang='lat' dir='ltr'>etiam</span> 
     </span>
    </p>
   </div>
   <div class='ocr_carea' id='block_1_97' title="bbox 1980 3545 3616 3615">
    <p class='ocr_par' dir='ltr' id='par_1_97' title="bbox 1980 3545 3616 3615">
     <span class='ocr_line' id='line_1_97' title="bbox 1980 3545 3616 3615; baseline -0.004 -11"><span class='ocrx_word' id='word_1_643' title='bbox 1980 3555 2165 3607; x_wconf 87' lang='lat' dir='ltr'>status</span> <span class='ocrx_word' id='word_1_644' title='bbox 2185 3551 2392 3610; x_wconf 92' lang='lat' dir='ltr'>talium</span> <span class='ocrx_word' id='word_1_645' title='bbox 2409 3569 2529 3610; x_wconf 91' lang='lat' dir='ltr'>non</span> <span class='ocrx_word' id='word_1_646' title='bbox 2547 3558 2634 3609; x_wconf 87' lang='lat' dir='ltr'>est</span> <span class='ocrx_word' id='word_1_647' title='bbox 2659 3549 3180 3615; x_wconf 89' lang='lat' dir='ltr'>condemnandus,</span> <span class='ocrx_word' id='word_1_648' title='bbox 3221 3547 3327 3602; x_wconf 89' lang='lat' dir='ltr'>sed</span> <span class='ocrx_word' id='word_1_649' title='bbox 3367 3545 3616 3601; x_wconf 84' lang='lat' dir='ltr'>toleran-</span> 
     </span>
    </p>
   </div>
   <div class='ocr_carea' id='block_1_98' title="bbox 1979 3633 3616 3715">
    <p class='ocr_par' dir='ltr' id='par_1_98' title="bbox 1979 3633 3616 3715">
     <span class='ocr_line' id='line_1_98' title="bbox 1979 3633 3616 3715; baseline -0.004 -23"><span class='ocrx_word' id='word_1_650' title='bbox 1979 3638 2257 3707; x_wconf 88' lang='lat' dir='ltr'>dus,cum</span> <span class='ocrx_word' id='word_1_651' title='bbox 2299 3642 2496 3698; x_wconf 88' lang='lat' dir='ltr'>necab</span> <span class='ocrx_word' id='word_1_652' title='bbox 2537 3642 2737 3715; x_wconf 89' lang='lat' dir='ltr'>aliquo</span> <span class='ocrx_word' id='word_1_653' title='bbox 2781 3640 3023 3697; x_wconf 90' lang='lat' dir='ltr'>homine</span> <span class='ocrx_word' id='word_1_654' title='bbox 3063 3637 3250 3711; x_wconf 88' lang='lat' dir='ltr'>possit</span> <span class='ocrx_word' id='word_1_655' title='bbox 3290 3633 3616 3708; x_wconf 87' lang='lat' dir='ltr'>prohiberi,</span> 
     </span>
    </p>
   </div>
   <div class='ocr_carea' id='block_1_99' title="bbox 1978 3725 3619 3805">
    <p class='ocr_par' dir='ltr' id='par_1_99' title="bbox 1978 3725 3619 3805">
     <span class='ocr_line' id='line_1_99' title="bbox 1978 3725 3619 3805; baseline -0.004 -21"><span class='ocrx_word' id='word_1_656' title='bbox 1978 3729 2034 3784; x_wconf 88' lang='lat' dir='ltr'>id</span> <span class='ocrx_word' id='word_1_657' title='bbox 2059 3731 2222 3802; x_wconf 92' lang='lat' dir='ltr'>quod</span> <span class='ocrx_word' id='word_1_658' title='bbox 2245 3747 2348 3803; x_wconf 88' lang='lat' dir='ltr'>per</span> <span class='ocrx_word' id='word_1_659' title='bbox 2372 3733 2618 3805; x_wconf 90' lang='lat' dir='ltr'>Spiritus</span> <span class='ocrx_word' id='word_1_660' title='bbox 2641 3730 2897 3802; x_wconf 89' lang='lat' dir='ltr'>gratiam</span> <span class='ocrx_word' id='word_1_661' title='bbox 2913 3745 3022 3803; x_wconf 90' lang='lat' dir='ltr'>pro</span> <span class='ocrx_word' id='word_1_662' title='bbox 3040 3727 3224 3784; x_wconf 89' lang='lat' dir='ltr'>salute</span> <span class='ocrx_word' id='word_1_663' title='bbox 3243 3725 3619 3780; x_wconf 79' lang='lat' dir='ltr'>inﬁrmorum</span> 
     </span>
    </p>
   </div>
   <div class='ocr_carea' id='block_1_100' title="bbox 1978 3819 2778 3878">
    <p class='ocr_par' dir='ltr' id='par_1_100' title="bbox 1978 3819 2778 3878">
     <span class='ocr_line' id='line_1_100' title="bbox 1978 3819 2778 3878; baseline 0.005 -4"><span class='ocrx_word' id='word_1_664' title='bbox 1978 3819 2276 3875; x_wconf 82' lang='lat' dir='ltr'>cernimus</span> <span class='ocrx_word' id='word_1_665' title='bbox 2299 3837 2424 3876; x_wconf 83' lang='lat' dir='ltr'>esse</span> <span class='ocrx_word' id='word_1_666' title='bbox 2459 3821 2778 3878; x_wconf 84' lang='lat' dir='ltr'>indultum.</span> 
     </span>
    </p>
   </div>
   <div class='ocr_carea' id='block_1_101' title="bbox 1970 3903 3620 3979">
    <p class='ocr_par' dir='ltr' id='par_1_101' title="bbox 1970 3903 3620 3979">
     <span class='ocr_line' id='line_1_101' title="bbox 1970 3903 3620 3979; baseline -0.004 -18"><span class='ocrx_word' id='word_1_667' title='bbox 1970 3903 1988 3918; x_wconf 80' lang='grc'><strong><em>⁸</em></strong></span> <span class='ocrx_word' id='word_1_668' title='bbox 2051 3911 2189 3962; x_wconf 85' lang='lat' dir='ltr'>Item</span> <span class='ocrx_word' id='word_1_669' title='bbox 2214 3909 2550 3979; x_wconf 68' lang='lat' dir='ltr'>quaeritura</span> <span class='ocrx_word' id='word_1_670' title='bbox 2579 3909 2811 3974; x_wconf 71' lang='lat' dir='ltr'>Graecis,</span> <span class='ocrx_word' id='word_1_671' title='bbox 2845 3910 3115 3962; x_wconf 83' lang='lat' dir='ltr'>Potestne</span> <span class='ocrx_word' id='word_1_672' title='bbox 3161 3904 3284 3960; x_wconf 81' lang='lat' dir='ltr'>fieri</span> <span class='ocrx_word' id='word_1_673' title='bbox 3315 3904 3620 3974; x_wconf 74' lang='lat' dir='ltr'>dispensa-</span> 
     </span>
    </p>
   </div>
   <div class='ocr_carea' id='block_1_102' title="bbox 1976 3992 3617 4067">
    <p class='ocr_par' dir='ltr' id='par_1_102' title="bbox 1976 3992 3617 4067">
     <span class='ocr_line' id='line_1_102' title="bbox 1976 3992 3617 4067; baseline -0.004 -16"><span class='ocrx_word' id='word_1_674' title='bbox 1976 3998 2056 4052; x_wconf 91' lang='lat' dir='ltr'>tio</span> <span class='ocrx_word' id='word_1_675' title='bbox 2079 3996 2331 4065; x_wconf 87' lang='lat' dir='ltr'>alicujus</span> <span class='ocrx_word' id='word_1_676' title='bbox 2353 3997 2613 4052; x_wconf 87' lang='lat' dir='ltr'>concilii?</span> <span class='ocrx_word' id='word_1_677' title='bbox 2632 3998 2686 4053; x_wconf 90' lang='lat' dir='ltr'>Si</span> <span class='ocrx_word' id='word_1_678' title='bbox 2706 3998 2929 4065; x_wconf 86' lang='lat' dir='ltr'>dicunt,</span> <span class='ocrx_word' id='word_1_679' title='bbox 2949 3995 3112 4067; x_wconf 89' lang='lat' dir='ltr'>quod</span> <span class='ocrx_word' id='word_1_680' title='bbox 3136 4009 3277 4060; x_wconf 90' lang='lat' dir='ltr'>non,</span> <span class='ocrx_word' id='word_1_681' title='bbox 3301 3992 3435 4063; x_wconf 92' lang='lat' dir='ltr'>quis</span> <span class='ocrx_word' id='word_1_682' title='bbox 3477 4005 3617 4058; x_wconf 79' lang='lat' dir='ltr'>ergo</span> 
     </span>
    </p>
   </div>
   <div class='ocr_carea' id='block_1_103' title="bbox 1978 4079 3617 4158">
    <p class='ocr_par' dir='ltr' id='par_1_103' title="bbox 1978 4079 3617 4158">
     <span class='ocr_line' id='line_1_103' title="bbox 1978 4079 3617 4158; baseline -0.007 -15"><span class='ocrx_word' id='word_1_683' title='bbox 1978 4090 2314 4143; x_wconf 66' lang='lat' dir='ltr'>Graecorum</span> <span class='ocrx_word' id='word_1_684' title='bbox 2339 4087 2684 4154; x_wconf 84' lang='lat' dir='ltr'>salvabitnr,</span> <span class='ocrx_word' id='word_1_685' title='bbox 2710 4086 2926 4158; x_wconf 90' lang='lat' dir='ltr'>posito,</span> <span class='ocrx_word' id='word_1_686' title='bbox 2949 4082 3113 4155; x_wconf 79' lang='lat' dir='ltr'>quod</span> <span class='ocrx_word' id='word_1_687' title='bbox 3138 4082 3256 4138; x_wconf 89' lang='lat' dir='ltr'>sint</span> <span class='ocrx_word' id='word_1_688' title='bbox 3277 4082 3334 4135; x_wconf 93' lang='lat' dir='ltr'>in</span> <span class='ocrx_word' id='word_1_689' title='bbox 3361 4079 3476 4134; x_wconf 84' lang='lat' dir='ltr'>tide</span> <span class='ocrx_word' id='word_1_690' title='bbox 3526 4093 3617 4132; x_wconf 87' lang='lat' dir='ltr'>ca-</span> 
     </span>
    </p>
   </div>
   <div class='ocr_carea' id='block_1_104' title="bbox 1975 4169 3618 4238">
    <p class='ocr_par' dir='ltr' id='par_1_104' title="bbox 1975 4169 3618 4238">
     <span class='ocr_line' id='line_1_104' title="bbox 1975 4169 3618 4238; baseline -0.007 -6"><span class='ocrx_word' id='word_1_691' title='bbox 1975 4176 2254 4238; x_wconf 90' lang='lat' dir='ltr'>toholica,</span> <span class='ocrx_word' id='word_1_692' title='bbox 2291 4192 2395 4231; x_wconf 89' lang='lat' dir='ltr'>seu</span> <span class='ocrx_word' id='word_1_693' title='bbox 2431 4175 2764 4230; x_wconf 79' lang='lat' dir='ltr'>orthodoxa</span> <span class='ocrx_word' id='word_1_694' title='bbox 2797 4190 2934 4229; x_wconf 83' lang='lat' dir='ltr'>vere</span> <span class='ocrx_word' id='word_1_695' title='bbox 2977 4169 3372 4228; x_wconf 84' lang='lat' dir='ltr'>obedientes‘?</span> <span class='ocrx_word' id='word_1_696' title='bbox 3415 4171 3618 4224; x_wconf 79' lang='lat' dir='ltr'>Nonne</span> 
     </span>
    </p>
   </div>
   <div class='ocr_carea' id='block_1_105' title="bbox 1975 4258 3619 4334">
    <p class='ocr_par' dir='ltr' id='par_1_105' title="bbox 1975 4258 3619 4334">
     <span class='ocr_line' id='line_1_105' title="bbox 1975 4258 3619 4334; baseline -0.005 -13"><span class='ocrx_word' id='word_1_697' title='bbox 1975 4272 2184 4322; x_wconf 91' lang='lat' dir='ltr'>contra</span> <span class='ocrx_word' id='word_1_698' title='bbox 2205 4267 2384 4321; x_wconf 90' lang='lat' dir='ltr'>istum</span> <span class='ocrx_word' id='word_1_699' title='bbox 2407 4281 2724 4329; x_wconf 87' lang='lat' dir='ltr'>cauonem,</span> <span class='ocrx_word' id='word_1_700' title='bbox 2740 4269 2795 4319; x_wconf 91' lang='lat' dir='ltr'>et</span> <span class='ocrx_word' id='word_1_701' title='bbox 2815 4265 2944 4318; x_wconf 92' lang='lat' dir='ltr'>illos</span> <span class='ocrx_word' id='word_1_702' title='bbox 2969 4279 3149 4334; x_wconf 90' lang='lat' dir='ltr'>supra</span> <span class='ocrx_word' id='word_1_703' title='bbox 3165 4260 3412 4334; x_wconf 85' lang='lat' dir='ltr'>positos,</span> <span class='ocrx_word' id='word_1_704' title='bbox 3429 4258 3619 4330; x_wconf 83' lang='lat' dir='ltr'>quoti-</span> 
     </span>
    </p>
   </div>
   <div class='ocr_carea' id='block_1_106' title="bbox 1974 4347 3621 4425">
    <p class='ocr_par' dir='ltr' id='par_1_106' title="bbox 1974 4347 3621 4425">
     <span class='ocr_line' id='line_1_106' title="bbox 1974 4347 3621 4425; baseline -0.006 -15"><span class='ocrx_word' id='word_1_705' title='bbox 1974 4355 2068 4410; x_wconf 90' lang='lat' dir='ltr'>die</span> <span class='ocrx_word' id='word_1_706' title='bbox 2095 4355 2365 4410; x_wconf 81' lang='lat' dir='ltr'>veniunt?</span> <span class='ocrx_word' id='word_1_707' title='bbox 2387 4355 2442 4411; x_wconf 90' lang='lat' dir='ltr'>Si</span> <span class='ocrx_word' id='word_1_708' title='bbox 2464 4355 2686 4423; x_wconf 85' lang='lat' dir='ltr'>dicunt,</span> <span class='ocrx_word' id='word_1_709' title='bbox 2703 4353 2862 4425; x_wconf 88' lang='lat' dir='ltr'>quod</span> <span class='ocrx_word' id='word_1_710' title='bbox 2883 4353 2988 4418; x_wconf 84' lang='lat' dir='ltr'>sic;</span> <span class='ocrx_word' id='word_1_711' title='bbox 3014 4351 3141 4419; x_wconf 89' lang='lat' dir='ltr'>sed,</span> <span class='ocrx_word' id='word_1_712' title='bbox 3158 4351 3206 4405; x_wconf 91' lang='lat' dir='ltr'>si</span> <span class='ocrx_word' id='word_1_713' title='bbox 3226 4349 3506 4421; x_wconf 54' lang='lat' dir='ltr'>praelatus</span> <span class='ocrx_word' id='word_1_714' title='bbox 3521 4347 3621 4402; x_wconf 83' lang='lat' dir='ltr'>ali-</span> 
     </span>
    </p>
   </div>
   <div class='ocr_carea' id='block_1_107' title="bbox 1975 4438 3622 4516">
    <p class='ocr_par' dir='ltr' id='par_1_107' title="bbox 1975 4438 3622 4516">
     <span class='ocr_line' id='line_1_107' title="bbox 1975 4438 3622 4516; baseline -0.005 -18"><span class='ocrx_word' id='word_1_715' title='bbox 1975 4444 2129 4516; x_wconf 89' lang='lat' dir='ltr'>quis,</span> <span class='ocrx_word' id='word_1_716' title='bbox 2154 4443 2340 4499; x_wconf 91' lang='lat' dir='ltr'>multo</span> <span class='ocrx_word' id='word_1_717' title='bbox 2377 4443 2568 4513; x_wconf 86' lang='lat' dir='ltr'>magis</span> <span class='ocrx_word' id='word_1_718' title='bbox 2592 4459 2867 4498; x_wconf 90' lang='lat' dir='ltr'>summus</span> <span class='ocrx_word' id='word_1_719' title='bbox 2907 4441 3193 4513; x_wconf 79' lang='lat' dir='ltr'>pontifex,</span> <span class='ocrx_word' id='word_1_720' title='bbox 3225 4438 3330 4511; x_wconf 89' lang='lat' dir='ltr'>qui</span> <span class='ocrx_word' id='word_1_721' title='bbox 3365 4442 3622 4510; x_wconf 85' lang='lat' dir='ltr'>potesta-</span> 
     </span>
    </p>
   </div>
   <div class='ocr_carea' id='block_1_108' title="bbox 1974 4527 3618 4603">
    <p class='ocr_par' dir='ltr' id='par_1_108' title="bbox 1974 4527 3618 4603">
     <span class='ocr_line' id='line_1_108' title="bbox 1974 4527 3618 4603; baseline -0.005 -16"><span class='ocrx_word' id='word_1_722' title='bbox 1974 4536 2091 4587; x_wconf 89' lang='lat' dir='ltr'>tem</span> <span class='ocrx_word' id='word_1_723' title='bbox 2117 4533 2500 4603; x_wconf 88' lang='lat' dir='ltr'>plenitudinis</span> <span class='ocrx_word' id='word_1_724' title='bbox 2526 4531 2753 4588; x_wconf 86' lang='lat' dir='ltr'>obtinet</span> <span class='ocrx_word' id='word_1_725' title='bbox 2774 4549 2809 4588; x_wconf 87' lang='lat' dir='ltr'>a</span> <span class='ocrx_word' id='word_1_726' title='bbox 2836 4531 3082 4599; x_wconf 83' lang='lat' dir='ltr'>Christo,</span> <span class='ocrx_word' id='word_1_727' title='bbox 3113 4527 3412 4584; x_wconf 90' lang='lat' dir='ltr'>mediante</span> <span class='ocrx_word' id='word_1_728' title='bbox 3453 4529 3618 4580; x_wconf 84' lang='lat' dir='ltr'>Petro</span> 
     </span>
    </p>
   </div>
   <div class='ocr_carea' id='block_1_109' title="bbox 1973 4614 3614 4695">
    <p class='ocr_par' dir='ltr' id='par_1_109' title="bbox 1973 4614 3614 4695">
     <span class='ocr_line' id='line_1_109' title="bbox 1973 4614 3614 4695; baseline -0.007 -17"><span class='ocrx_word' id='word_1_729' title='bbox 1973 4621 2264 4694; x_wconf 89' lang='lat' dir='ltr'>apostolo.</span> <span class='ocrx_word' id='word_1_730' title='bbox 2293 4625 2367 4678; x_wconf 87' lang='lat' dir='ltr'>De</span> <span class='ocrx_word' id='word_1_731' title='bbox 2381 4639 2500 4695; x_wconf 84' lang='lat' dir='ltr'>qua</span> <span class='ocrx_word' id='word_1_732' title='bbox 2521 4622 2751 4694; x_wconf 86' lang='lat' dir='ltr'>require</span> <span class='ocrx_word' id='word_1_733' title='bbox 2774 4637 2956 4693; x_wconf 89' lang='lat' dir='ltr'>supra</span> <span class='ocrx_word' id='word_1_734' title='bbox 2975 4622 3192 4693; x_wconf 87' lang='lat' dir='ltr'>quarta</span> <span class='ocrx_word' id='word_1_735' title='bbox 3222 4614 3614 4672; x_wconf 89' lang='lat' dir='ltr'>distinctione.</span> 
     </span>
    </p>
   </div>
   <div class='ocr_carea' id='block_1_110' title="bbox 2046 4702 3617 4778">
    <p class='ocr_par' dir='ltr' id='par_1_110' title="bbox 2046 4702 3617 4778">
     <span class='ocr_line' id='line_1_110' title="bbox 2046 4702 3617 4778; baseline -0.007 -12"><span class='ocrx_word' id='word_1_736' title='bbox 2046 4715 2273 4767; x_wconf 90' lang='lat' dir='ltr'>lnterea</span> <span class='ocrx_word' id='word_1_737' title='bbox 2299 4711 2668 4767; x_wconf 90' lang='lat' dir='ltr'>consulimus</span> <span class='ocrx_word' id='word_1_738' title='bbox 2691 4710 2906 4766; x_wconf 74' lang='lat' dir='ltr'>Grzecis</span> <span class='ocrx_word' id='word_1_739' title='bbox 2929 4725 3144 4764; x_wconf 90' lang='lat' dir='ltr'>aurum</span> <span class='ocrx_word' id='word_1_740' title='bbox 3186 4704 3487 4778; x_wconf 64' lang='lat' dir='ltr'>sapientiae</span> <span class='ocrx_word' id='word_1_741' title='bbox 3541 4702 3617 4757; x_wconf 88' lang='lat' dir='ltr'>ab</span> 
     </span>
    </p>
   </div>
   <div class='ocr_carea' id='block_1_111' title="bbox 1975 4790 3620 4869">
    <p class='ocr_par' dir='ltr' id='par_1_111' title="bbox 1975 4790 3620 4869">
     <span class='ocr_line' id='line_1_111' title="bbox 1975 4790 3620 4869; baseline -0.006 -15"><span class='ocrx_word' id='word_1_742' title='bbox 1975 4799 2233 4855; x_wconf 87' lang='lat' dir='ltr'>Ecclesia</span> <span class='ocrx_word' id='word_1_743' title='bbox 2260 4798 2533 4854; x_wconf 78' lang='lat' dir='ltr'>Romana</span> <span class='ocrx_word' id='word_1_744' title='bbox 2553 4814 2767 4869; x_wconf 87' lang='lat' dir='ltr'>emere,</span> <span class='ocrx_word' id='word_1_745' title='bbox 2793 4812 2978 4869; x_wconf 90' lang='lat' dir='ltr'>quam</span> <span class='ocrx_word' id='word_1_746' title='bbox 3001 4794 3357 4866; x_wconf 90' lang='lat' dir='ltr'>despiciunt,</span> <span class='ocrx_word' id='word_1_747' title='bbox 3373 4797 3436 4846; x_wconf 89' lang='lat' dir='ltr'>ut</span> <span class='ocrx_word' id='word_1_748' title='bbox 3459 4790 3620 4845; x_wconf 87' lang='lat' dir='ltr'>locu-</span> 
     </span>
    </p>
   </div>
   <div class='ocr_carea' id='block_1_112' title="bbox 1974 4881 3618 4960">
    <p class='ocr_par' dir='ltr' id='par_1_112' title="bbox 1974 4881 3618 4960">
     <span class='ocr_line' id='line_1_112' title="bbox 1974 4881 3618 4960; baseline -0.007 -17"><span class='ocrx_word' id='word_1_749' title='bbox 1974 4887 2160 4960; x_wconf 90' lang='lat' dir='ltr'>pletes</span> <span class='ocrx_word' id='word_1_750' title='bbox 2189 4887 2356 4956; x_wconf 85' lang='lat' dir='ltr'>ﬁant,</span> <span class='ocrx_word' id='word_1_751' title='bbox 2379 4890 2435 4942; x_wconf 88' lang='lat' dir='ltr'>et</span> <span class='ocrx_word' id='word_1_752' title='bbox 2471 4887 2811 4956; x_wconf 87' lang='lat' dir='ltr'>caliginosis</span> <span class='ocrx_word' id='word_1_753' title='bbox 2846 4883 3034 4939; x_wconf 92' lang='lat' dir='ltr'>oculis</span> <span class='ocrx_word' id='word_1_754' title='bbox 3072 4881 3382 4952; x_wconf 81' lang='lat' dir='ltr'>collyrium</span> <span class='ocrx_word' id='word_1_755' title='bbox 3423 4894 3618 4950; x_wconf 84' lang='lat' dir='ltr'>appo-</span> 
     </span>
    </p>
   </div>
   <div class='ocr_carea' id='block_1_113' title="bbox 1974 4968 3618 5048">
    <p class='ocr_par' dir='ltr' id='par_1_113' title="bbox 1974 4968 3618 5048">
     <span class='ocr_line' id='line_1_113' title="bbox 1974 4968 3618 5048; baseline -0.006 -16"><span class='ocrx_word' id='word_1_756' title='bbox 1974 4981 2121 5032; x_wconf 90' lang='lat' dir='ltr'>nant</span> <span class='ocrx_word' id='word_1_757' title='bbox 2147 4994 2158 5032; x_wconf 92' lang='lat'><strong>:</strong></span> <span class='ocrx_word' id='word_1_758' title='bbox 2185 4976 2324 5032; x_wconf 90' lang='lat' dir='ltr'>utin</span> <span class='ocrx_word' id='word_1_759' title='bbox 2358 4976 2600 5048; x_wconf 90' lang='lat' dir='ltr'>speculo</span> <span class='ocrx_word' id='word_1_760' title='bbox 2628 4975 2776 5030; x_wconf 86' lang='lat' dir='ltr'>sacri</span> <span class='ocrx_word' id='word_1_761' title='bbox 2813 4973 3032 5045; x_wconf 81' lang='lat' dir='ltr'>Eloquii</span> <span class='ocrx_word' id='word_1_762' title='bbox 3059 4971 3212 5028; x_wconf 87' lang='lat' dir='ltr'>clare</span> <span class='ocrx_word' id='word_1_763' title='bbox 3242 4968 3618 5042; x_wconf 87' lang='lat' dir='ltr'>inspicientes</span> 
     </span>
    </p>
   </div>
   <div class='ocr_carea' id='block_1_114' title="bbox 1974 5059 3618 5136">
    <p class='ocr_par' dir='ltr' id='par_1_114' title="bbox 1974 5059 3618 5136">
     <span class='ocr_line' id='line_1_114' title="bbox 1974 5059 3618 5136; baseline -0.005 -16"><span class='ocrx_word' id='word_1_764' title='bbox 1974 5070 2404 5136; x_wconf 81' lang='lat' dir='ltr'>recognoscant</span> <span class='ocrx_word' id='word_1_765' title='bbox 2433 5068 2760 5119; x_wconf 73' lang='lat' dir='ltr'>Romanam</span> <span class='ocrx_word' id='word_1_766' title='bbox 2797 5061 3131 5127; x_wconf 90' lang='lat' dir='ltr'>ecclesiam,</span> <span class='ocrx_word' id='word_1_767' title='bbox 3169 5074 3302 5132; x_wconf 78' lang='lat' dir='ltr'>quae</span> <span class='ocrx_word' id='word_1_768' title='bbox 3345 5059 3618 5114; x_wconf 86' lang='lat' dir='ltr'>omnium</span> 
     </span>
    </p>
   </div>
   <div class='ocr_carea' id='block_1_115' title="bbox 1974 5150 3618 5225">
    <p class='ocr_par' dir='ltr' id='par_1_115' title="bbox 1974 5150 3618 5225">
     <span class='ocr_line' id='line_1_115' title="bbox 1974 5150 3618 5225; baseline -0.005 -15"><span class='ocrx_word' id='word_1_769' title='bbox 1974 5155 2371 5210; x_wconf 83' lang='lat' dir='ltr'>Ecclesiarum</span> <span class='ocrx_word' id='word_1_770' title='bbox 2417 5158 2594 5225; x_wconf 89' lang='lat' dir='ltr'>caput</span> <span class='ocrx_word' id='word_1_771' title='bbox 2639 5157 2742 5222; x_wconf 87' lang='lat' dir='ltr'>est,</span> <span class='ocrx_word' id='word_1_772' title='bbox 2779 5153 3023 5224; x_wconf 90' lang='lat' dir='ltr'>insuper</span> <span class='ocrx_word' id='word_1_773' title='bbox 3070 5155 3127 5206; x_wconf 89' lang='lat' dir='ltr'>et</span> <span class='ocrx_word' id='word_1_774' title='bbox 3165 5150 3455 5219; x_wconf 84' lang='lat' dir='ltr'>magistra</span> <span class='ocrx_word' id='word_1_775' title='bbox 3503 5166 3514 5202; x_wconf 92' lang='lat'><strong>:</strong></span> <span class='ocrx_word' id='word_1_776' title='bbox 3550 5165 3618 5202; x_wconf 89' lang='lat' dir='ltr'>eo</span> 
     </span>
    </p>
   </div>
   <div class='ocr_carea' id='block_1_116' title="bbox 1971 5238 3616 5317">
    <p class='ocr_par' dir='ltr' id='par_1_116' title="bbox 1971 5238 3616 5317">
     <span class='ocr_line' id='line_1_116' title="bbox 1971 5238 3616 5317; baseline -0.004 -19"><span class='ocrx_word' id='word_1_777' title='bbox 1971 5244 2138 5317; x_wconf 87' lang='lat' dir='ltr'>quod</span> <span class='ocrx_word' id='word_1_778' title='bbox 2190 5244 2270 5299; x_wconf 91' lang='lat' dir='ltr'>nil</span> <span class='ocrx_word' id='word_1_779' title='bbox 2322 5244 2379 5298; x_wconf 89' lang='lat' dir='ltr'>in</span> <span class='ocrx_word' id='word_1_780' title='bbox 2423 5242 2592 5298; x_wconf 91' lang='lat' dir='ltr'>dictis</span> <span class='ocrx_word' id='word_1_781' title='bbox 2665 5241 3026 5310; x_wconf 86' lang='lat' dir='ltr'>evangelicis</span> <span class='ocrx_word' id='word_1_782' title='bbox 3087 5244 3144 5296; x_wconf 91' lang='lat' dir='ltr'>et</span> <span class='ocrx_word' id='word_1_783' title='bbox 3199 5238 3616 5312; x_wconf 87' lang='lat' dir='ltr'>Epistolarum.</span> 
     </span>
    </p>
   </div>
   <div class='ocr_carea' id='block_1_117' title="bbox 1971 5325 3614 5399">
    <p class='ocr_par' dir='ltr' id='par_1_117' title="bbox 1971 5325 3614 5399">
     <span class='ocr_line' id='line_1_117' title="bbox 1971 5325 3614 5399; baseline -0.004 -11"><span class='ocrx_word' id='word_1_784' title='bbox 1971 5339 2028 5390; x_wconf 90' lang='lat' dir='ltr'>et</span> <span class='ocrx_word' id='word_1_785' title='bbox 2079 5333 2258 5390; x_wconf 89' lang='lat' dir='ltr'>etiam</span> <span class='ocrx_word' id='word_1_786' title='bbox 2302 5331 2640 5398; x_wconf 90' lang='lat' dir='ltr'>doctorum,</span> <span class='ocrx_word' id='word_1_787' title='bbox 2695 5330 3063 5386; x_wconf 92' lang='lat' dir='ltr'>contrarium</span> <span class='ocrx_word' id='word_1_788' title='bbox 3127 5328 3372 5398; x_wconf 87' lang='lat' dir='ltr'>invenit,</span> <span class='ocrx_word' id='word_1_789' title='bbox 3430 5325 3614 5399; x_wconf 89' lang='lat' dir='ltr'>quod,</span> 
     </span>
    </p>
   </div>
   <div class='ocr_carea' id='block_1_118' title="bbox 1969 5417 3616 5496">
    <p class='ocr_par' dir='ltr' id='par_1_118' title="bbox 1969 5417 3616 5496">
     <span class='ocr_line' id='line_1_118' title="bbox 1969 5417 3616 5496; baseline -0.005 -16"><span class='ocrx_word' id='word_1_790' title='bbox 1969 5420 2545 5496; x_wconf 87' lang='lat' dir='ltr'>interpretative,vel</span> <span class='ocrx_word' id='word_1_791' title='bbox 2592 5419 3001 5494; x_wconf 90' lang='lat' dir='ltr'>dispensative</span> <span class='ocrx_word' id='word_1_792' title='bbox 3046 5417 3380 5475; x_wconf 89' lang='lat' dir='ltr'>secundum</span> <span class='ocrx_word' id='word_1_793' title='bbox 3437 5421 3616 5472; x_wconf 88' lang='lat' dir='ltr'>statu-</span> 
     </span>
    </p>
   </div>
   <div class='ocr_carea' id='block_1_119' title="bbox 842 5535 3542 5610">
    <p class='ocr_par' dir='ltr' id='par_1_119' title="bbox 842 5535 3542 5610">
     <span class='ocr_line' id='line_1_119' title="bbox 842 5535 3542 5610; baseline -0.003 -15"><span class='ocrx_word' id='word_1_794' title='bbox 842 5540 887 5574; x_wconf 68' lang='grc'>⁵⁸</span> <span class='ocrx_word' id='word_1_795' title='bbox 918 5540 1054 5597; x_wconf 87' lang='lat' dir='ltr'>Luc.</span> <span class='ocrx_word' id='word_1_796' title='bbox 1102 5554 1242 5602; x_wconf 82' lang='lat' dir='ltr'>xxii,</span> <span class='ocrx_word' id='word_1_797' title='bbox 1295 5541 1382 5594; x_wconf 90' lang='lat'>38.</span> <span class='ocrx_word' id='word_1_798' title='bbox 1478 5539 1525 5572; x_wconf 77' lang='grc'><strong>⁵⁵</strong></span> <span class='ocrx_word' id='word_1_799' title='bbox 1555 5537 1727 5594; x_wconf 87' lang='lat' dir='ltr'>Joan.</span> <span class='ocrx_word' id='word_1_800' title='bbox 1764 5554 1924 5610; x_wconf 82' lang='lat' dir='ltr'>xvni,</span> <span class='ocrx_word' id='word_1_801' title='bbox 1959 5543 2047 5609; x_wconf 78' lang='lat' dir='ltr'>tt,</span> <span class='ocrx_word' id='word_1_802' title='bbox 2149 5540 2196 5574; x_wconf 70' lang='grc'>⁵³</span> <span class='ocrx_word' id='word_1_803' title='bbox 2229 5541 2247 5595; x_wconf 86' lang='grc'><strong>1</strong></span> <span class='ocrx_word' id='word_1_804' title='bbox 2289 5539 2420 5596; x_wconf 90' lang='lat' dir='ltr'>Cor.</span> <span class='ocrx_word' id='word_1_805' title='bbox 2450 5553 2542 5606; x_wconf 81' lang='lat' dir='ltr'>vn,</span> <span class='ocrx_word' id='word_1_806' title='bbox 2575 5540 2662 5594; x_wconf 88' lang='lat'>39.</span> <span class='ocrx_word' id='word_1_807' title='bbox 2766 5537 2808 5572; x_wconf 78' lang='grc'>⁵⁷</span> <span class='ocrx_word' id='word_1_808' title='bbox 2841 5535 3038 5594; x_wconf 84' lang='lat' dir='ltr'>Matth.</span> <span class='ocrx_word' id='word_1_809' title='bbox 3079 5550 3220 5604; x_wconf 84' lang='lat' dir='ltr'>xxn,</span> <span class='ocrx_word' id='word_1_810' title='bbox 3260 5536 3329 5589; x_wconf 79' lang='grc'>24</span> <span class='ocrx_word' id='word_1_811' title='bbox 3373 5546 3542 5604; x_wconf 90' lang='lat' dir='ltr'>seqq.</span> 
     </span>
    </p>
   </div>
  </div>
