4096 6208
538 263 639 318 571

1767 254 2180 316 ΡΑΝΤΛΙιΕΟΕ

2305 254 2562 314 DIACON
2569 258 2589 310 Ι
2629 257 2736 311 (ΖΡ.
3821 260 3896 314 572

541 389 600 443 ta
627 389 971 442 sanctorum
1002 387 1263 453 Patrum,
1290 384 1351 442 in
1385 385 1604 442 unitate
1632 385 1881 457 Spiritus
1907 396 2027 440 non
2074 395 2185 436 con
2220 379 2264 434 A
2301 379 2640 446 nominant,
2672 397 2808 452 quae
2840 379 3056 438 dicitur
3082 378 3298 450 furtiva
3326 377 3526 440 fuisse,
3555 376 3898 434 similiterdic-

541 474 770 531 cordat.

617 563 1071 632 Distinguentes,
1119 564 1321 635 itaque
1361 564 1512 620 inter
1535 581 1605 620 ea
1626 580 1760 637 quas
1799 561 2191 636 dispensatio-

541 666 682 706 nem
704 651 1016 722 recipiunt,
1043 657 1098 708 et
1113 651 1236 715 illa,
1258 669 1395 725 quae
1416 653 1582 710 aliter
1603 669 1664 709 se
1685 652 1909 709 habent
1931 651 2189 708 dicimus

539 738 704 810 quod
737 744 876 796 sunt
900 745 1201 812 praecepta
1223 741 1434 813 primas
1453 741 1846 802 necessitatis.
1867 755 2004 813 quae
2044 737 2188 794 assi-

539 826 750 886 milant
779 828 1047 885 animam
1080 832 1218 894 Deo,
1265 831 1416 888 sicut
1461 836 1762 902 praecepta
1805 827 2100 896 Decalogi;
2133 831 2190 884 et

537 914 640 974 illa
663 931 786 972 non
808 917 1101 989 recipiunt
1121 917 1650 990 dispensationem.
1675 922 1816 975 Item
1866 922 2008 974 sunt
2036 931 2186 988 prie-

538 1010 711 1076 cepta
742 1005 1024 1062 secunde:
1057 1007 1446 1075 necessitatis,
1469 1014 1533 1064 ut
1552 1024 1710 1064 unus
1752 1007 1856 1064 uni
1902 1007 2190 1077 jungatur

541 1098 600 1152 et
621 1093 750 1152 haec
769 1095 1137 1167 quandoque
1166 1095 1406 1154 fuerunt
1429 1097 1796 1170 dispensata,
1828 1102 1890 1152 ut
1915 1100 2074 1167 patet
2127 1093 2188 1148 in

538 1186 706 1252 patre
737 1183 1062 1253 Abraham,
1087 1191 1142 1240 et
1172 1185 1379 1247 Jacob.
1417 1186 1621 1247 David.
1649 1193 1705 1244 et
1755 1185 1886 1242 aliis
1943 1183 2184 1251 sanctis,

538 1271 642 1342 qui
670 1271 939 1341 pluribus
972 1274 1276 1344 conjuncti
1304 1275 1564 1332 fuerunt
1594 1277 1742 1334 Sunt
1791 1279 1848 1334 et
1889 1276 2187 1344 praecepta

539 1359 723 1420 tertiae
746 1361 1143 1427 necessitatis,
1168 1369 1230 1418 ut
1248 1368 1335 1417 est
1359 1370 1563 1420 votum
1585 1362 1988 1420 voluntarium
2005 1360 2187 1416 ethoc

543 1447 944 1518 quadruplex,
976 1449 1374 1510 continentiae.
1409 1450 1729 1518 religionis,
1789 1447 2185 1514 abstinentiae,

539 1535 1057 1606 peregrinationis.
1091 1539 1214 1592 Duo
1248 1537 1442 1608 prima
1471 1553 1592 1594 non
1623 1537 1915 1610 recipiunt
1944 1536 2185 1606 dispen-

542 1622 837 1694 sationem
863 1625 973 1692 (48)
1003 1642 1014 1690 ;
1047 1623 1162 1680 alia
1195 1625 1316 1679 duo
1349 1626 1661 1698 recipiunt,
1713 1641 1851 1682 cum
1901 1622 2188 1696 aaquipol-

2300 472 2426 524 tum
2459 484 2751 526 canonem
2787 473 3251 526 renovaverunt.
3287 471 3490 538 Itaque
3533 482 3714 537 usque
3756 467 3896 523 hodie

2298 556 2557 614 Ecclesia
2585 559 2924 614 Graecorum
2940 573 3060 612 non
3075 571 3360 612 concessa
3373 555 3650 626 possidet,
3679 561 3829 621 tenet,
3857 564 3898 614 et

2297 644 2500 708 utitur,
2537 647 2687 703 sicut
2717 651 2895 717 patet.
2933 646 3073 712 Quis
3107 644 3269 702 enim
3319 643 3380 700 in
3439 643 3768 716 pontiﬁcatu
3818 648 3898 700 Re

2298 749 2493 802 mante
2525 734 2680 790 sedis
2712 735 2906 806 potuit
2936 732 3354 808 sse-exspoliare
3377 735 3660 804 potestate
3681 734 3894 805 prapria,

2299 828 2354 895 et
2384 821 2529 878 dare
2559 821 2725 878 alteri
2753 824 2780 879 ?
2812 831 2872 878 ut
2903 823 3018 878 sint
3041 823 3101 878 in
3135 837 3257 878 uno
3283 835 3531 893 corpore
3560 819 3676 878 duo
3721 822 3895 892 capita,

2298 909 2516 968 scilicet
2535 911 2596 966 in
2622 911 2884 968 Ecclesia
2913 911 3045 975 Dei;
3075 914 3185 966 Res
3215 913 3418 982 utique
3453 914 3821 964 monstruosa.

2369 1001 2514 1056 Item
2543 1017 2557 1055 :
2593 1002 2648 1056 Si
2673 1000 3014 1058 habuerunt
3043 1000 3102 1058 in
3129 1001 3262 1070 jure
3291 1015 3364 1054 ex
3414 997 3470 1054 vi
3517 997 3897 1054 constitutionis

2297 1089 2358 1144 in
2373 1089 2641 1144 secunda
2654 1089 3212 1161 synodofacteequas
3227 1088 3553 1144 necessitas
3567 1085 3670 1142 fuit
3683 1093 3898 1158 repetere

2297 1177 2358 1233 in
2384 1183 2599 1249 quarta
2623 1181 2651 1232 ?
2682 1185 2758 1244 et,
2793 1180 2840 1232 si
2869 1177 2926 1233 in
2959 1183 3174 1252 quarta
3207 1175 3770 1232 obtinueruntsuum
3793 1191 3895 1246 pro-

2297 1267 2560 1338 positum
2590 1267 2792 1328 Graeci.
2825 1282 3010 1339 quare
3040 1266 3251 1320 iterum
3283 1262 3896 1335 insextasynodo,que

2296 1359 2432 1428 post
2465 1355 2651 1426 multa
2682 1359 2950 1428 tempora
2995 1355 3124 1418 fuit,
3158 1353 3270 1408 hoc
3330 1352 3492 1408 idem
3541 1351 3897 1424 repetierant?

2297 1444 2426 1498 Non
2439 1441 2544 1498 fuit
2559 1441 2694 1506 alia,
2715 1445 2822 1498 nisi
2838 1445 2980 1514 quia
3000 1441 3368 1512 urgebateos
3382 1455 3569 1514 prava
3583 1455 3773 1518 eorum
3794 1455 3898 1494 con-

2297 1530 2565 1597 scientia,
2597 1532 2744 1604 quia
2773 1531 2969 1587 videre
3000 1536 3294 1604 poterant,
3321 1537 3380 1586 et
3403 1545 3511 1604 per
3531 1527 3897 1584 conciliaintel-

2295 1619 2497 1690 ligere,
2533 1621 2691 1694 quo-l
2735 1621 2934 1676 nullus
2965 1636 3161 1694 canon
3195 1621 3461 1692 vigorem
3496 1623 3552 1674 et
3610 1618 3897 1674 ﬁrmitatem

541 1710 710 1770 lenti.
738 1713 885 1770 Sunt
915 1712 1162 1786 insuper
1181 1719 1238 1770 et
1259 1721 1488 1788 quartae
1519 1715 1907 1781 necessitatis,
1927 1719 1988 1770 ut
2015 1712 2185 1770 insti-
2213 1733 2258 1792 Β
2296 1710 2517 1768 obtinet
2545 1711 2831 1784 aliquam,
2867 1711 2976 1784 nisi
3004 1709 3270 1766 favorem
3297 1709 3519 1782 pariter
3549 1714 3604 1764 et
3631 1722 3897 1764 assensum

544 1799 800 1862 tutiones
827 1801 1207 1872 prmlatorum
1238 1822 1250 1870 ;
1279 1809 1337 1860 et
1375 1804 1503 1860 hinc
1555 1803 1848 1875 recipiunt
1874 1802 2184 1874 dispensa-

536 1889 781 1954 tionem,
810 1891 1045 1961 quoties
1073 1896 1129 1947 et
1171 1893 1420 1964 quando
1452 1893 1535 1948 eis
1583 1908 1692 1965 pro
1743 1907 1927 1948 causa
1983 1889 2108 1946 utili
2130 1895 2185 1946 et

536 1979 900 2042 necessaria,
943 1979 1178 2036 videtur
1209 1981 1516 2053 expedire.

612 2066 782 2124 Hisce
818 2066 892 2122 sit
937 2067 1320 2134 habentidus,
1379 2075 1435 2126 et
1480 2071 1588 2126 rite
1638 2069 1967 2134 intellectis,
2025 2071 2185 2141 patet

535 2156 752 2214 solutio
793 2157 870 2212 ad
905 2156 1184 2229 plurima,
1218 2175 1354 2232 quae
1384 2160 1653 2216 nondum
1706 2159 1882 2216 etiam
1942 2158 2184 2214 inerunt

533 2246 803 2316 quaesita.
823 2248 900 2302 De
922 2247 1014 2303 his
1040 2253 1260 2318 autem,
1281 2265 1417 2320 quae
1429 2254 1761 2322 sequuntur
1790 2254 1845 2306 et
1866 2246 1941 2304 de
1975 2246 2183 2306 mulie-

531 2333 700 2392 ribus
732 2342 1134 2406 menstruatis,
1165 2343 1222 2393 et
1259 2355 1396 2409 quae
1445 2338 1860 2408 ingrediuntur
1907 2337 2183 2404 chorum,

535 2423 777 2494 propter
797 2419 888 2476 sui
918 2421 1348 2490 ignobilitatem
1376 2423 1650 2480 auditum
1683 2427 1965 2496 prmstare
2020 2421 2186 2477 nolu-

535 2522 672 2574 mus
705 2525 719 2562 :
747 2509 858 2564 nisi
889 2515 1120 2568 tantum
1147 2510 1220 2566 de
1251 2513 1594 2584 patriarcha
1647 2510 2186 2582 Constantinopoli-

535 2600 698 2666 tano,
721 2597 826 2670 qui
848 2615 972 2656 sure
1003 2601 1299 2671 superbire
1321 2601 1660 2666 consulens,
1695 2601 1892 2674 plures
1925 2600 2067 2672 ﬁngi
2104 2601 2186 2656 fe-

536 2687 614 2740 cit
637 2702 899 2744 canones
932 2687 1062 2746 talis
1085 2689 1445 2754 ambitionis,
1465 2696 1526 2746 ut
1551 2707 1731 2762 super
1750 2707 1958 2748 omnes
1987 2688 2188 2760 prada-

456 2765 458 2770 ’
535 2779 626 2832 tos
670 2775 939 2832 videatur
968 2778 1264 2849 praelatus.
1303 2782 1481 2836 Vocat
1508 2785 1706 2836 autem
1741 2796 1802 2834 se
1834 2779 2185 2851 οἰκουμενικὸν

535 2865 964 2934 patriarcham,
995 2867 1053 2921 id
1099 2873 1185 2925 est
1213 2869 1610 2926 orbicularem
1640 2869 2094 2938 patriarcham:
2129 2871 2186 2924 et

531 2951 667 3019 licet
690 2952 750 3010 in
773 2961 984 3025 quarta
1011 2955 1388 3014 distinctione
1405 2958 1582 3028 hujus
1603 2958 1818 3030 operis,
1836 2957 1978 3014 satis
1999 2955 2072 3010 de
2112 2970 2183 3012 eo

531 3040 905 3113 disputatum
927 3044 1224 3110 sit,tamen
1247 3046 1530 3116 adhuc,in
1547 3047 2000 3102 detestationem
2016 3049 2071 3101 et
2087 3059 2183 3099 su-

532 3128 878 3200 giiationem
902 3131 1079 3202 hujus
1093 3133 1334 3207 superbi
1350 3135 1834 3206 nominis,pauca
1847 3140 2185 3206 repetemus

603 3219 714 3287 (49)
746 3219 946 3276 Canon
971 3221 1075 3277 iste
1097 3222 1171 3278 de
1215 3223 1544 3294 ambitione
1592 3223 1765 3278 dictae
1811 3222 1968 3278 sedis
1991 3220 2184 3276 editus

530 3304 719 3362 fuitin
751 3310 1016 3365 secunda
1047 3312 1301 3382 synodo,
1328 3311 1482 3368 clam
1519 3328 1756 3368 summo
1787 3311 2086 3383 pontifice,
2120 3313 2184 3364 ut

530 3394 814 3463 magister
848 3395 1018 3464 Hugo
1057 3399 1403 3454 Ethcrianus
1451 3397 1648 3464 refert,
1700 3399 1788 3454 vir
1836 3399 2040 3468 utique
2081 3411 2180 3449 sa-

529 3482 721 3551 piens.
773 3487 830 3538 et
876 3486 1096 3555 peritus
1139 3487 1196 3542 in
1263 3492 1513 3559 utraque
1561 3487 1783 3556 lingua.
1858 3485 2181 3556 Responsio

532 3586 718 3641 supra
739 3570 904 3626 estin
929 3573 1195 3638 secunda
1239 3574 1474 3644 synodo
1511 3575 1569 3630 in
1615 3573 1749 3630 ﬁne.
1773 3575 1839 3628 Et
1881 3575 2025 3648 quia
2056 3571 2180 3627 fieri

529 3673 650 3713 non
679 3659 886 3730 potuit,
906 3676 1015 3716 nec
1045 3660 1274 3730 debuit,
1305 3666 1437 3734 ipso
1462 3663 1616 3719 facto
1661 3663 1966 3718 suscitavit
2006 3677 2178 3716 scan-

529 3745 738 3801 dalum
761 3747 1622 3826 etdiscordiaminterGrzecos
1683 3756 1740 3806 et
1785 3751 2016 3806 Latinos
2060 3765 2178 3804 non

538 3835 869 3914 modicam,
895 3853 1083 3916 usque
1103 3838 1177 3892 ad
1207 3847 1472 3912 tempora
1499 3856 1670 3912 papas
1689 3839 1898 3908 Vigilii.
1943 3838 2178 3893 Nullum

534 3929 734 3982 tamen
761 3927 808 3981 is
831 3926 1092 3982 favorem
1121 3928 1544 4002 prsebuitdicto
1571 3929 1808 3996 canoni,
1855 3927 2019 4002 quod
2069 3941 2180 3984 nos

530 4015 778 4082 scimus,
805 4015 983 4073 etiam
1019 4017 1180 4081 dato,
1229 4019 1385 4091 quod
1437 4023 1635 4090 posset
1659 4018 1716 4074 in
1763 4017 2178 4090 prcejudicium

524 4103 1032 4174 praedecessorum
1060 4123 1303 4162 suorum
1324 4107 1588 4179 praebere
1607 4110 2180 4163 assensum.lnterea

525 4199 661 4262 post
683 4192 1042 4262 Ephesinam
1075 4196 1407 4250 celebratur
1426 4204 1638 4268 quarta
1658 4196 1928 4270 synodus
1955 4197 2010 4249 in
2035 4193 2180 4250 civi-

523 4285 640 4334 tate
663 4279 1032 4336 Chalcedone
1064 4283 1152 4338 :in
1179 4299 1300 4354 qua
1329 4284 1574 4356 quidem
1622 4285 1926 4341 Anatolius
1957 4282 2175 4356 praesul

525 4368 702 4436 regia}
736 4367 916 4424 urbis.
944 4371 1084 4424 satis
1116 4373 1232 4438 egit
1261 4388 1366 4442 pro
1397 4373 1732 4445 principatu
1769 4374 1860 4428 sui
1906 4373 2177 4426 sacerdo-

524 4456 604 4512 tii.
643 4459 705 4512 Et
744 4456 933 4512 factus
971 4463 1058 4512 est
1090 4459 1224 4512 inde
1270 4476 1493 4516 canon.
1551 4444 1761 4516 Verum
1807 4460 1948 4532 quia
1997 4460 2174 4528 legati
2211 4444 2248 4496 ί)

527 4543 734 4600 Leonis
764 4545 934 4618 primi
974 4546 1210 4602 viriliter
1238 4547 1616 4615 obstiterunt,
1637 4549 1800 4620 petiit
1821 4555 2007 4603 totum
2037 4565 2170 4603 con-

523 4631 724 4688 cilium
756 4649 863 4705 pro
914 4652 998 4694 se,
1033 4641 1088 4690 et
1116 4636 1436 4707 imperator
1479 4653 1767 4702 seorsum,
1798 4653 1906 4690 nec
1956 4653 2074 4691 non
2120 4641 2176 4692 et

526 4723 721 4779 dictits
753 4724 1064 4784 Anatolius
1099 4741 1132 4780 a
1159 4725 1317 4780 dicto
1353 4727 1539 4779 Leone
1570 4725 1866 4780 humiliter
1913 4725 2049 4778 dicti
2083 4742 2174 4780 ca-

522 4814 696 4867 nonis
728 4814 1270 4870 conﬁruiationem.
1300 4813 1410 4868 Sed
1444 4830 1580 4868 cum
1611 4830 1820 4868 omnes
1855 4829 2056 4886 pret-es
2084 4815 2172 4869 in-

521 4915 765 4956 cassum
794 4903 1090 4960 caderent.
1128 4902 1411 4957 remansit
1442 4902 1635 4957 dictzh~
1663 4919 1856 4957 canon
1901 4904 2172 4958 infirmus

519 4993 576 5043 et
605 4989 824 5043 inutilis
855 4990 1100 5060 dejure,
1123 4993 1230 5046 etsi
1259 5007 1378 5046 non
1406 4991 1478 5045 de
1504 4992 1677 5056 facto,
1703 4999 1878 5064 prout
1905 5009 2089 5064 supra
2115 4994 2168 5048 in

518 5083 736 5148 quarta
759 5077 1153 5146 distinctione,
1173 5089 1228 5135 et
1249 5081 1306 5134 in
1333 5089 1542 5152 quarta
1560 5081 1794 5152 synodo
1816 5082 2167 5138 continetur.

522 5166 847 5234 Nam,sicut
867 5183 1048 5238 supra
1068 5167 1261 5224 dictus
1285 5170 1592 5224 Anatolius
1617 5169 1914 5241 superbus
1947 5169 2172 5226 alienas

521 5252 693 5314 aedes
711 5254 996 5326 paulatim
1021 5264 1072 5308 rt
1095 5258 1320 5312 occulte
1342 5259 1576 5328 rapiens
1601 5276 1711 5311 suo
1734 5257 1862 5313 ilics
1885 5275 2066 5313 ausus
2085 5265 2169 5316 est

519 5342 740 5410 addere
764 5344 1088 5414 poutiticio;
1114 5347 1168 5398 iu
1199 5347 1432 5414 synodo
1456 5363 1718 5420 quoque,
1735 5364 1917 5419 quam
1939 5353 2166 5403 sextam

519 5469 525 5480 ’
591 5486 702 5558 ((18)
735 5486 848 5542 Cur
868 5501 986 5547 non
1011 5486 1356 5546 auctoritate
1379 5488 1597 5554 summi
1618 5488 1946 5558 pontiﬁcis?
1967 5492 2149 5545 Srsw.

588 5553 697 5627 (49)
741 5559 873 5612 Haec
903 5558 1270 5645 additasunt
1289 5575 1326 5614 a
1353 5553 1648 5645 Fratribus
1673 5561 2162 5645 Praedicatoribus

2297 1799 2517 1856 summi
2549 1799 2838 1854 Pontificis
2860 1798 3143 1855 obtineat.
3171 1801 3250 1854 De
3279 1813 3406 1872 quo
3434 1813 3613 1870 supra
3639 1797 3693 1852 in
3724 1801 3897 1868 quarta

2292 1887 2688 1944 distinctione.
2725 1888 2891 1943 Unde
2923 1889 3104 1943 istum
3120 1903 3442 1948 canonem,
3461 1891 3736 1957 tanquam
3759 1885 3896 1940 inuti-

2290 1975 2408 2034 lem
2439 1985 2494 2032 et
2518 1977 2731 2032 furtive
2763 1977 3062 2041 intrusum
3097 1982 3467 2046 respuentes,
3501 1975 3757 2040 dicimus,
3781 1972 3898 2028 sicut

2291 2064 2438 2124 alias
2469 2084 2480 2120 :
2515 2082 2728 2120 omnes
2763 2065 3326 2137 ilics.quiasserunt
3356 2067 3686 2119 Romanum
3702 2061 3896 2134 pontiﬁ-

2291 2170 2421 2214 cem
2451 2169 2571 2209 non
2595 2169 2724 2210 esse
2749 2159 2931 2226 caput
2965 2153 3314 2210 universalis
3353 2153 3750 2222 Ecclesiae,per
3769 2150 3897 2204 viam

2291 2233 2567 2300 incedere
2597 2243 3004 2300 damnationis
3035 2242 3122 2296 vel
3175 2242 3532 2316 perditionis
3576 2247 3629 2296 et
3683 2255 3797 2294 esse
3842 2236 3899 2292 de

2293 2347 2544 2388 numero
2578 2334 2739 2396 Core,
2778 2332 3027 2397 Dathan,
3062 2336 3118 2386 et
3150 2331 3377 2386 Abiron
3407 2329 3895 2391 schismaticorum,

2292 2421 2395 2494 qui
2423 2420 2482 2476 in
2515 2420 2755 2492 signum
2779 2419 3186 2476 damnationis
3215 2425 3458 2476 aeternis
3490 2416 3900 2492 absorptisunta

2291 2515 2468 2566 terra.

2366 2598 2446 2652 De
2477 2597 2872 2654 celebratione
2903 2602 3102 2654 autem
3135 2598 3323 2654 Missas
3355 2597 3416 2654 in
3450 2595 3896 2666 Quadragesima,

2293 2687 2432 2742 etde
2446 2687 2809 2759 quibusdam
2827 2687 3114 2753 aliis,non
3161 2687 3622 2759 respondemus,
3657 2692 3766 2740 tum
3787 2681 3899 2754 quia

2293 2775 2506 2831 frivola
2537 2783 2678 2831 sunt
2710 2783 2832 2832 tum
2863 2776 3007 2844 quia
3039 2776 3098 2830 in
3129 2776 3346 2831 furtiva
3394 2776 3625 2848 synodo
3651 2774 3718 2830 de
3745 2770 3896 2828 Trullo

2294 2864 2558 2919 similiter
2589 2864 2878 2920 fabricata
2905 2871 3061 2919 sunt.
3081 2865 3290 2922 Sivero
3304 2857 3895 2936 objiciuntnobisillud

2293 2952 2594 3010 decretum
2613 2960 2785 3008 sextae
2801 2954 3038 3024 synodi,
3056 2953 3216 3026 quod
3236 2970 3400 3026 papa
3419 2953 3698 3009 Adrianus
3721 2963 3897 3022 appro-

2293 3041 2484 3098 bavit:
2521 3043 2670 3111 Quia
2700 3045 2762 3096 in
2793 3058 2856 3099 eo
2887 3049 3177 3098 statutum
3213 3051 3293 3100 est
3331 3051 3471 3100 .etc.
3511 3049 3564 3098 et
3592 3041 3724 3097 illud
3757 3043 3896 3093 inno-

2293 3132 2486 3196 centii,
2520 3133 2908 3199 Renovantes,
2947 3138 3078 3186 etc..
3117 3132 3594 3203 Respondemus.
3625 3128 3773 3202 quod
3820 3123 3896 3180 illa

2292 3220 2595 3294 propriam
2628 3220 3168 3292 interpretationem
3186 3220 3607 3275 etcatholicam
3628 3216 3892 3287 recipiunt:

2292 3314 2348 3364 et
2378 3324 2496 3364 non
2531 3311 2861 3364 secundum
2897 3325 3143 3381 pravum
3179 3309 3541 3364 intellectum
3575 3310 3887 3364 Graecorum.

2291 3398 2421 3453 Alia
2452 3414 2588 3452 vero
2617 3397 2977 3452 discussioni
3005 3397 3492 3469 jurisperitorum
3523 3403 3574 3453 et
3591 3393 3808 3451 arbitrio
3826 3405 3894 3444 re-

2290 3484 2662 3557 linquamus.

2360 3575 2477 3646 (50)
2513 3578 2819 3647 Tempore.
2857 3591 2979 3648 quo
3039 3576 3566 3632 victoriosissimus
3621 3574 3895 3646 imperator

2291 3665 2734 3732 Constantinus,
2775 3670 3176 3730 cognomento
3216 3665 3661 3728 Monomachus,
3701 3655 3891 3731 imperii

2289 3752 2707 3824 perspicaciter
2723 3747 3890 3823 mo:lerabaturdignitatibus,eratquidam

2289 3840 2531 3896 Michael
2559 3842 2674 3894 Con
2685 3849 2812 3895 stau
2826 3841 3230 3912 tinOpolitanze
3247 3841 3412 3896 sedis
3445 3839 3762 3914 patriarcha
3780 3833 3892 3890 acti-

2287 3927 2403 3998 bus
2424 3936 2480 3983 ct
2505 3929 2800 3984 intellectu
2826 3930 3227 3998 stultissimus,
3251 3929 3376 4002 qui,
3412 3937 3584 4004 prout
3608 3927 3771 3983 verba
3791 3922 3891 3993 ejus

2290 4023 2670 4082 attestantur,
2710 4018 3105 4073 hieresiarcha
3141 4018 3355 4089 potius,
3389 4036 3572 4093 quam
3603 4011 3891 4092 patriarcha

2290 4107 2788 4178 esseomnibusin
2801 4107 3008 4168 notuit.
3028 4106 3290 4162 Hiclaava
3313 4109 3592 4164 suasione
3614 4105 3694 4160 sui
3728 4099 3890 4158 cordis

2289 4201 2781 4260 exactus,sanctae
2809 4200 3087 4251 Romanae
3103 4197 3258 4251 sedis
3279 4197 3699 4252 Eucharistiam
3721 4189 3889 4246 nefan-

2287 4284 2438 4340 diter
2463 4285 2814 4343 intamabat.
2852 4293 3108 4339 tractans
3133 4301 3360 4353 secum,
3377 4283 3750 4358 quodmelius
3768 4280 3892 4332 esset

2288 4376 2623 4428 Gl‘tBCOl‘lllU
2655 4374 3036 4428 sacriticium.
3071 4391 3254 4446 quam
3289 4375 3648 4438 Latinorum,
3671 4386 3733 4425 eo
3755 4360 3888 4438 quod

2286 4461 2397 4534 ipsi
2429 4463 2866 4527 fermentatum,
2892 4470 2948 4518 et
2981 4466 3247 4518 Romana
3283 4461 3557 4530 Ecclesia,
3587 4465 3646 4514 ut
3674 4458 3744 4512 ab
3771 4467 3886 4524 apo—

2284 4550 2449 4604 stolis
2482 4558 2812 4620 acceperat,
2845 4567 3125 4621 azymum
3165 4551 3487 4606 sacriﬁcat.
3533 4553 3744 4606 interea
3768 4543 3884 4596 dum

2284 4639 2560 4710 praefatus
2593 4639 2950 4710 patriarcha.
2983 4639 3548 4712 utlibellisuiapices
3565 4631 3883 4694 asseverant.

2285 4726 2642 4781 sacrificium
2680 4728 3016 4782 Latinorum
3051 4745 3299 4792 arguere
3313 4731 3645 4793 conaretur,
3662 4725 3764 4779 hoc
3777 4729 3884 4772 san-

2283 4815 2590 4871 ctissimus
2625 4818 2731 4870 Leo
2762 4833 2916 4888 papa
2952 4820 3010 4872 l.\'
3044 4817 3315 4880 atuliens,
3349 4833 3509 4872 more
3541 4813 3701 4870 solito
3721 4807 3786 4864 ad
3808 4819 3884 4860 ne-

2283 4903 2531 4960 fandam
2553 4904 2959 4960 alterationem
2985 4906 3454 4977 exstirpandam,
3471 4903 3764 4958 dominum
3787 4897 3884 4950 Ste-

2283 4993 2553 5064 phanum
2585 4994 3006 5049 cancellarium
3042 4994 3550 5063 religiosissimum
3582 4991 3758 5045 virum
3801 4977 3884 5054 (ἶυί

2283 5082 2484 5136 tertius
2510 5089 2642 5154 post
2669 5099 2803 5137 eum
2839 5099 2998 5155 papa
3024 5086 3307 5138 Romanae
3326 5084 3479 5138 sedis
3503 5073 3884 5141 cxstitit,ctho-

2282 5177 2462 5224 nestae
2491 5171 2646 5224 sedis
2677 5172 3041 5243 pontiﬁcem,
3075 5179 3129 5226 et
3159 5189 3295 5226 cum
3346 5172 3455 5226 illis
3509 5171 3732 5224 Petrum
3779 5155 3885 5216 Mel-

2281 5261 2591 5332 pliitunum
2626 5261 3001 5331 magistrum,
3039 5269 3091 5315 ut
3127 5261 3334 5316 doctos
3366 5251 3880 5326 cumsuisapicibns

2280 5349 2626 5404 tt‘an~misit.
2662 5350 2768 5414 Qui
2803 5349 3514 5423 Constantinopolitanam
3573 5345 3764 5400 urbem
3812 5338 3882 5389 in-

2281 5492 2386 5563 qui
2419 5493 2775 5562 superiorae
2803 5491 2966 5550 libris
2999 5491 3725 5563 Etherianiexcerpserant.

2344 5567 2454 5632 (50)
2497 5555 2627 5617 Haec
2658 5569 2798 5618 sunt
2851 5564 3226 5620 Pantaleonis
3261 5580 3434 5620 inerte
3464 5555 3688 5624 fabulae.
3729 5555 3872 5608 BASN-
