4096 6208
75 4 570 64 τέτῖτςςττῖ-

197 310 298 364 573

1598 309 1878 364 eorum
1915 283 2223 366 caesos.

3507 312 3614 366 1574

201 430 410 500 gressi,
445 433 510 486 et
531 429 824 502 imperiali
845 429 1303 486 honoriﬁcentia
1331 430 1656 499 sublimati,
1695 432 1851 503 ejus-
1882 435 1924 488 Α
1957 431 2226 488 raculum
2244 437 2445 490 actum
2461 437 2568 489 est.
2594 433 2888 490 Liminare
2902 448 3313 490 marmoreum
3339 433 3612 503 ejusdem

202 519 335 575 dem
363 517 538 574 urbis
563 519 967 591 patriarcham
992 518 1329 589 (adeuntes)
1355 526 1566 592 quater
1594 537 1732 576 cum
1783 536 1853 574 eo

202 607 570 680 colloquium
589 607 665 662 de
685 609 994 664 nominato
1010 607 1302 664 sacriﬁcio
1315 609 1720 665 habuerunt...
1741 611 1853 680 (51)

203 713 304 769 per
323 696 608 751 nuntium
634 697 991 751 asciverunt.
1021 698 1186 762 Quod
1219 698 1344 770 ipse
1370 699 1623 754 audiens
1662 715 1723 754 se
1777 697 1857 752 ab

205 800 407 842 eorum
437 783 748 857 colloquio
768 783 1042 841 deviavit.
1069 788 1196 842 Mox
1222 786 1334 858 ipsi
1367 789 1597 844 Sanctae
1622 787 1858 857 Sophim

202 871 514 930 basilicam
537 872 958 943 ingredientes,
975 887 1156 945 super
1178 873 1361 932 altare
1382 873 1728 945 paginulam
1755 890 1836 947 po

207 967 471 1018 suerunt.
507 963 758 1018 Exeutes
811 968 1013 1018 autem
1041 960 1120 1018 ab
1169 962 1420 1018 ecclesia
1468 963 1717 1020 sublatis
1762 979 1861 1036 pe-

204 1051 344 1106 dum
395 1051 692 1108 sandaliis
747 1052 1230 1124 pavimentorum
1283 1068 1592 1110 marmora
1646 1069 1859 1126 percu-

202 1139 432 1206 tientes,
493 1141 560 1196 in
607 1141 758 1200 mari
814 1140 1129 1214 pulverem
1189 1141 1581 1212 projecerunt,
1633 1150 1692 1198 et
1745 1143 1858 1199 hoc

204 1229 537 1288 secundum
556 1230 854 1300 Evangelii
874 1247 1081 1288 vocem
1097 1232 1858 1302 egeruntdiceutes:0uam-

200 1333 424 1388 cunque
442 1320 753 1376 civitatem
783 1321 1198 1383 introvieritis,
1221 1327 1276 1376 et
1307 1323 1614 1380 renuerinl
1643 1323 1859 1391 dogma

204 1414 474 1472 vestrum,
509 1408 671 1465 nihil
689 1409 907 1465 exinde
927 1410 1204 1477 efferatis.
1236 1410 1349 1466 Sed
1375 1411 1516 1466 inde
1579 1410 1860 1466 abeuntes

201 1495 497 1563 pulverem
525 1495 750 1564 pedum
778 1503 1108 1554 vestrorum
1137 1501 1400 1554 exeunte
1448 1499 1516 1551 ⁵ο.
1577 1500 1863 1554 Praeterea

204 1581 340 1655 ipsis
359 1597 391 1640 θ
406 1582 656 1639 civitate
671 1583 1121 1640 discedentibus
1147 1586 1517 1657 stupendum
1546 1585 1722 1644 valde
1750 1584 1862 1642 mi-

269 1725 314 1759 "
343 1725 551 1782 Matth.
585 1742 624 1780 x
651 1745 663 1794 ;
697 1729 870 1783 Marc.
902 1743 992 1792 v1;
1025 1729 1162 1784 Luc.
1195 1744 1232 1782 ι.

271 1849 384 1919 (st)
423 1850 676 1906 Lacuna
705 1849 767 1906 in
799 1866 916 1906 ms.

1960 520 2225 576 ecclesias
2255 521 2420 577 mirae
2445 521 2872 592 magnitudinis
2896 521 3256 586 dissolvitur;
3297 521 3614 593 statimque

1960 608 2096 665 talis
2127 615 2216 665 est
2244 609 2445 665 clades
2485 611 2824 676 subsecuta,
2855 615 2923 666 ut
2958 609 3173 666 diebus
3202 610 3413 682 paucis
3451 625 3616 666 sexa-

1964 698 2126 769 ginta
2139 698 2476 754 Grmcorum
2496 699 2682 756 millia
2699 703 3090 766 morerentur,
3102 714 3214 754 nec
3232 697 3387 753 ullus
3407 697 3616 754 aliene

1966 786 2176 855 gentis:
2207 786 2440 842 interim
2473 795 2528 843 et
2558 803 2666 860 per
2687 788 2950 844 triduum
2978 786 3420 844 intestimabiles
3447 802 3616 843 coru-

1965 875 2280 943 scationes,
2316 880 2373 930 et
2400 877 2680 946 tonitrua,
2707 883 2762 933 et
2810 875 3095 934 imbrium
3147 878 3206 932 et
3248 875 3613 947 grandinum

1968 963 2382 1020 multitudines
2413 965 2784 1021 exstiterunt.

2039 1059 2172 1108 Haec
2199 1069 2342 1109 vero
2381 1057 2549 1123 gesta
2579 1059 2721 1109 sunt
2746 1069 2906 1110 anno
2938 1053 3016 1110 ab
3045 1052 3456 1110 lncarnatione
3507 1053 3613 1106 Do-

1971 1141 2111 1196 mini
2146 1140 2464 1196 millesimo
2491 1140 2996 1214 quinquagesimo
3029 1141 3258 1214 quinto,
3291 1139 3615 1200 indictione

1967 1237 2202 1286 octava.
2235 1231 2406 1296 Quod
2435 1246 2548 1298 εει)
2578 1231 2920 1298 Pantaleon,
2948 1246 3085 1286 cum
3112 1245 3310 1285 essem
3337 1229 3418 1285 ibi
3468 1231 3616 1285 Con-

1970 1319 2377 1390 stantinopoli,
2399 1319 2498 1374 ubi
2521 1318 2635 1374 hoc
2651 1326 2851 1374 actum
2875 1323 2982 1385 est,
3012 1320 3124 1374 hoc
3149 1318 3371 1376 idcirco
3387 1331 3614 1373 memo-

1967 1408 2153 1464 rabile
2187 1407 2312 1476 ieci,
2364 1423 2488 1478 quo
2552 1406 2887 1476 legentibus
2953 1411 3157 1478 pateat
3211 1405 3432 1464 Latinas
3484 1419 3614 1460 sere

1971 1497 2168 1552 uitatis
2200 1495 2509 1561 institutio,
2539 1500 2598 1552 et
2618 1510 2795 1552 nemo
2821 1494 3043 1552 audeat
3063 1495 3209 1551 talia
3229 1508 3611 1566 presumere.

214 2024 3613 2060 ψ

1237 2174 1868 2318 ΡΑΝΤΑ
1894 2173 2581 2316 LEONIS

783 2425 1146 2506 DIACONI
1196 2413 1308 2496 ET
1355 2428 2160 2498 CHARTOPHYLACIS
2207 2426 2554 2496 MAGNAZ
2601 2423 3056 2502 ECCLESL/E

1633 2604 1764 2689 NA
1785 2605 2059 2690 RRA'I
2093 2603 2197 2691 [0

589 2827 1346 2984 Mlllllllllllllllll
1421 2831 1804 2984 MAXIMI
1882 2832 2542 2986 ARCHANGELI
2618 2819 3252 2984 MlllllAlllilS'

277 3241 310 3295 l.
338 3243 574 3308 Magnae
596 3245 651 3298 et
677 3241 879 3298 multae
901 3246 957 3298 et
982 3241 1160 3298 variae
1193 3247 1331 3298 sunt
1353 3243 1854 3316 tuaeincorporeae
1890 3245 1928 3298 Β
1964 3243 2242 3299 homines
2273 3243 2352 3299 ab
2382 3259 2515 3298 eam
2544 3245 2556 3278 ¹
2587 3260 2600 3298 :
2633 3243 2714 3300 ita
2741 3243 2919 3298 etiam
2950 3240 3376 3310 archangelicte
3407 3252 3614 3294 essen-

214 3333 260 3384 et
282 3329 1062 3400 niagniﬁciearchangelicaa
1081 3331 1309 3386 virtutis
1333 3338 1388 3385 et
1419 3333 1724 3400 dignitatis
1753 3348 1856 3386 no-

213 3418 402 3486 tiones,
429 3422 724 3492 donaque
751 3427 806 3476 et
827 3420 1050 3490 gratiae,
1087 3422 1130 3475 0
1159 3419 1585 3488 gloriosissime
1616 3420 1857 3478 Michael

214 3509 472 3580 princeps
507 3509 755 3576 militiae,
795 3508 1157 3580 amplusque
1186 3515 1244 3563 et
1269 3525 1475 3565 revera
1506 3509 1778 3566 sublimis
1805 3516 1861 3566 et

217 3597 509 3669 multiplex
540 3597 772 3652 decorte
802 3603 914 3652 ture
963 3598 1246 3663 materiae,
1301 3599 1556 3669 expertis
1630 3598 1858 3664 formae,

217 3689 264 3738 et
289 3687 411 3741 vita;
444 3693 662 3741 status.
693 3689 791 3742 Est
815 3692 1016 3741 autem
1050 3702 1236 3758 parva
1265 3692 1319 3741 et
1350 3687 1514 3742 nihili
1587 3686 1861 3744 facienda

218 3772 478 3830 humanm~
495 3776 716 3840 linguzr
730 3790 946 3830 carnea
958 3779 1243 3846 potestas,
1261 3791 1333 3829 an
1344 3783 1518 3845 gustu
1529 3793 1677 3850 sque
1689 3776 1861 3832 ethu-

219 3863 352 3917 milis
381 3871 435 3918 et
472 3863 727 3919 artiﬁcio
753 3879 981 3928 carens,
1009 3861 1111 3934 qui
1142 3878 1247 3934 per
1277 3863 1675 3920 instrumenta
1735 3881 1860 3919 cor-

219 3967 381 4021 porea
400 3971 432 4007 u
451 3957 666 4008 nostro
682 3951 859 4008 corde
883 3967 1081 4006 sermo
1098 3949 1513 4022 proficiscitur.
1544 3953 1859 4018 Quomodo

221 4054 341 4109 ergo
373 4049 442 4104 te,
481 4057 522 4097 ο
552 4041 981 4113 omnipotentis
1011 4040 1105 4095 Dei
1142 4040 1421 4112 princeps
1454 4042 1699 4110 militiae,
1750 4058 1859 4114 pro

231 4127 529 4196 dignitate,
585 4132 719 4184 licet
771 4144 1085 4186 conemur.
1145 4128 1425 4182 laudibus
1456 4131 1861 4187 atfecerimus?

221 4218 384 4280 Quam
421 4235 633 4274 vocem
662 4218 1101 4288 incorpoream,
1136 4215 1490 4288 incorporeo
1546 4225 1644 4272 tuo
1698 4218 1858 4273 intel-

222 4302 396 4374 ligenti
424 4307 624 4363 ordini
655 4306 1140 4378 respondentem.
1164 4321 1270 4378 per
1301 4306 1625 4361 inaterialia
1649 4315 1705 4362 et
1735 4325 1857 4362 cor-

223 4408 379 4464 porea
403 4397 579 4452 labra
606 4395 957 4450 oﬂ‘eremus?
990 4392 1470 4458 Quibusutemur
1503 4398 1689 4461 sonis,
1720 4414 1855 4469 qua:

223 4482 533 4552 signiﬁcent
555 4484 917 4540 ineffabilem
949 4481 1500 4552 etinexplicabilem
1538 4491 1701 4540 tuam
1735 4485 1856 4554 glo-

1968 3331 2121 3386 tialis
2147 3337 2262 3386 tua:
2285 3331 2563 3386 bonitatis
2593 3338 2647 3386 et
2668 3331 2975 3403 potestatis
2997 3330 3228 3386 infinita
3271 3327 3612 3393 multitudo,

1967 3437 2003 3476 a
2030 3437 2154 3494 qua
2180 3437 2402 3477 arcana
2431 3429 2485 3476 et
2515 3421 2718 3476 divina
2741 3427 3027 3476 emanant
3054 3419 3349 3482 ﬁdelibus,
3398 3432 3612 3490 appre-

1966 3511 2083 3566 hen
2099 3511 2147 3566 ii
2171 3517 2226 3566 et
2256 3511 2595 3582 investigari
2626 3526 2746 3568 non
2776 3516 2968 3583 potest
2997 3509 3278 3566 humanis
3316 3505 3614 3578 cogitatio-

1966 3599 2168 3655 nibus.

1969 3689 2030 3742 ll.
2064 3688 2173 3743 Sed
2203 3688 2491 3761 quoniam
2522 3688 2741 3748 alicubi
2765 3687 2908 3744 dicit
2953 3689 3222 3744 divinum
3279 3684 3610 3758 Eloquium:

1971 3777 2173 3843 «Quod
2206 3778 2547 3840 didicimus.
2575 3778 2998 3851 praedicamus:
3042 3783 3096 3833 et
3143 3776 3309 3850 quod
3366 3775 3612 3842 scimus,

1969 3855 2400 3923 annuntiamus
2422 3869 2442 3901 ²
2477 3883 2490 3930 ;
2525 3864 3613 3923 »eadecausamitlentesinﬁnitama-

1968 3955 2169 4026 gnalia
2201 3961 2438 4010 tuorum
2471 3955 2920 4024 miraculorum,
2953 3971 3147 4027 pauca
3174 3952 3476 4026 quaedam,
3511 3965 3613 4019 ap-

1967 4045 2157 4116 posite
2179 4050 2234 4099 et
2262 4047 2684 4100 convenienter
2714 4043 2963 4100 collecta
2993 4059 3063 4098 ex
3096 4041 3296 4096 divini.
3361 4035 3612 4110 Spiritus

1965 4133 2236 4205 eloquiis,
2261 4136 3250 4206 conamurexprimerenostrorum
3292 4128 3612 4183 verborum

1965 4221 2285 4286 coloribus,
2319 4224 2922 4294 etgraphicenarrare
2952 4217 3457 4289 magniﬁcentiam
3491 4215 3612 4283 glo-

1965 4313 2067 4368 riae
2100 4313 2427 4368 sanctitatis
2461 4319 2596 4380 tute,
2629 4318 2683 4366 et
2711 4310 3058 4366 terribilium
3087 4316 3326 4366 tuorum
3360 4305 3614 4362 miracu-

1965 4401 2160 4457 lorum
2190 4409 2455 4456 eructare
2488 4402 2836 4472 potentiam,
2869 4407 2924 4456 et
2947 4398 3222 4472 prodigia
3252 4403 3352 4452 tua
3376 4409 3612 4451 annun-

1965 4493 2110 4546 tiare
2140 4492 2210 4546 iis
2237 4492 2337 4563 qui
2377 4491 2549 4546 hodie
2581 4490 2700 4545 tide
2732 4494 2870 4544 sunt
2919 4487 3263 4558 congregati
3299 4486 3359 4541 in
3411 4484 3612 4540 divino

223 4572 380 4628 riam?
411 4575 650 4630 Dubitat
671 4589 878 4630 revera
916 4572 1200 4627 universa
1257 4580 1472 4628 natura
1524 4573 1851 4643 terrigena-
1887 4595 1926 4650 ρ
1967 4585 2068 4635 tuo
2101 4580 2269 4640 festo.
2306 4585 2364 4634 ut
2392 4579 2600 4634 salutis
2625 4580 2753 4649 jam
2785 4577 3156 4650 propositum
3188 4577 3611 4644 argumentum

225 4676 334 4716 rum
365 4669 414 4718 te
436 4664 686 4720 laudare
719 4663 1105 4731 etcelebrare,
1134 4668 1306 4736 quies
1321 4664 1598 4736 princeps
1631 4663 1855 4718 ordinis

225 4753 956 4822 superccelestis.Enarrari
1000 4755 1160 4810 enim
1218 4762 1275 4810 et
1322 4753 1518 4808 verbis
1573 4753 1853 4825 explicari

225 4852 325 4894 non
358 4848 549 4914 potest
593 4841 764 4896 locus
819 4841 1038 4897 divime
1099 4849 1212 4899 tua;
1277 4842 1736 4914 pulchriuidinis
1801 4848 1858 4896 et

225 4929 558 4999 splendoris.
620 4931 937 4997 Quomodo
1009 4933 1167 4989 enim
1234 4931 1522 4988 mirabilis
1568 4932 1721 4986 facta
1770 4938 1857 4987 est

227 5015 448 5073 scientia
477 5018 575 5074 Dei
617 5035 690 5074 ex
714 5018 908 5073 nobis!
942 5019 1207 5078 invaluit.
1232 5035 1351 5075 non
1389 5019 1718 5093 poterimus
1749 5034 1859 5073 nos

285 5159 298 5192 ¹
328 5161 477 5217 Psal.
504 5177 778 5227 cxxxvut,
811 5165 864 5230 6,
886 5163 907 5196 ²
941 5163 1153 5216 Iloan.
1189 5178 1224 5231 ι,
1270 5167 1318 5217 1.

283 5335 300 5354 ·
336 5336 396 5391 in
425 5337 628 5410 codice
669 5340 868 5394 Greco
914 5339 1018 5394 308
1066 5338 1227 5410 apud
1279 5339 1502 5410 Nanios
1550 5343 1856 5394 asservato

227 5400 477 5473 leguntur
519 5409 702 5475 hujus
749 5413 1048 5464 sermonis
1098 5400 1311 5475 titulus
1349 5417 1406 5464 et
1447 5409 1723 5466 initium:
1751 5412 1852 5465 Tit.

231 5479 573 5560 [lautals'orrog
587 5479 830 5534 διακόνου
859 5485 947 5531 καί
976 5480 1448 5552 χαρφοφύῖαχοςτῆ
1463 5501 1483 5541 ς
1508 5480 1749 5560 Μεγάλης
1780 5479 1856 5532 ἐκ·

228 5545 424 5624 itina’t'a;
448 5546 696 5624 διήγησις
743 5545 1019 5624 θαυμάῖώὗ
1050 5545 1142 5604 ire“:
1161 5545 1168 5551 ’
1187 5557 1556 5624 metiatur/ictae
1589 5545 1854 5624 ἀρχαγγέ-

230 5573 424 5624 ξι-ησιας
448 5573 696 5622 οιηΊησις
743 5573 1019 5623 υαυματων
1050 5573 1142 5604 τον
1187 5573 1556 5622 παμμεγιστου
1589 5573 1854 5673 magar/E-

230 5627 304 5667 Aou
342 5622 573 5692 Μιχαὴλ.
625 5629 741 5680 Inc.
773 5622 1012 5694 Μεγάλαι
1048 5626 1105 5678 αἶ
1141 5621 1329 5675 πολλαὶ
1372 5627 1462 5675 καὶ
1507 5627 1650 5676 muti
1683 5643 1738 5676 αι
1763 5631 1856 5686 τῆς

1963 4668 2266 4724 omnibus.
2299 4668 2401 4740 qui
2433 4667 2710 4723 ardenter
2729 4666 2806 4721 ad
2829 4666 2889 4720 id
2905 4655 3292 4727 laccurrunt,o
3353 4662 3613 4718 maxime

1964 4766 2016 4813 et
2049 4757 2343 4828 imprimis
2368 4755 2736 4812 admirabilis
2765 4754 3006 4810 Michael
3027 4754 3298 4825 princeps
3329 4751 3426 4806 Dei
3453 4749 3611 4805 mili-

1964 4846 2271 4901 tiamiiodie
2301 4846 2459 4900 enirn
2495 4854 2783 4920 tanquam
2817 4841 3446 4910 magniticentissimus
3482 4838 3610 4910 qui-

1964 4935 2104 4990 dam
2135 4935 2501 5000 convivator,
2535 4948 2835 4988 convocas
2888 4945 2999 4984 nos
3058 4945 3267 4985 omnes
3315 4925 3612 5000 spiritales

1965 5025 2248 5078 convivas
2262 5023 2335 5078 ad
2351 5023 2598 5096 epulum
2613 5022 2690 5077 tui
2711 5020 2862 5088 festi,
2883 5018 3050 5092 quod
3081 5023 3355 5073 exortum
3370 5024 3458 5074 est
3486 5005 3613 5074 sole

1965 5336 2265 5406 deminuit-ou
2287 5339 2376 5386 καὶ
2409 5332 2834 5406 μεγαλοςτρεποῦς
2876 5329 3270 5406 ἀρχαγγελικῆς
3301 5349 3396 5383 συν
3425 5328 3613 5406 ἀρετῆς

1963 5413 2051 5464 καί
2076 5391 2436 5468 ἆξιαςὲννοιοίι
2466 5391 2555 5456 imi
2592 5391 2871 5478 (ldificari-1's
2904 5391 2994 5455 ὲᾶἶ
3020 5391 3260 5474 iapix“,
3294 5391 3614 5478 παναᾷίδιμε

1963 5478 2185 5550 Μιχαὴλ
2209 5476 2629 5550 ἁρχιστράτηγεο
2654 5472 2742 5527 iui
2764 5474 2982 5527 πλατεῖα
2999 5472 3178 5550 irai-rc}:
3201 5478 3306 5524 ὄντι
3337 5472 3606 5550 μετέωρος

1962 5544 2373 5609 καῖπολυςίἷὴς
2408 5544 2502 5607 ἑῆς
2540 5544 2929 5615 τὲανευπρεποῠς
2954 5545 3113 5596 ἀῦλου
3139 5563 3232 5596 σου
3263 5544 3611 5615 μορφὴςνγκαί

1965 5621 2100 5686 ζωῆς
2125 5622 2154 5688 ᾖ
2189 5601 2504 5688 gurdos-art;
2534 5617 2682 5674 Cod.
2705 5601 2855 5692 Nan.
3050 5615 3173 5678 521.
