4096 6208
4010 0 4034 101 l

483 286 589 343 5‘75
1718 275 2194 340 PANTALEONIS
2230 278 2517 337 DIACONI
2554 280 2656 337 CP.
3820 278 3913 335 576

481 405 1420 482 luminosius,quodpositumest
1439 407 1519 466 ad
1531 404 2128 481 principiaorbister-
2161 436 2209 490 Α
2241 402 2320 461 ad
2347 403 2464 461 hoc
2493 407 2559 460 ut
2584 405 2802 473 essent,
2835 404 2891 459 et
2919 400 3126 459 omnia
3156 401 3233 459 ad
3262 399 3624 459 essentiam
3676 400 3913 460 deduxit

483 514 589 568 rte,
618 497 725 572 qui
748 500 837 553 est
863 512 902 554 a
927 495 1445 571 ﬁnibususquead
1458 497 1704 555 lineszin
1724 512 1848 570 quo
1878 494 2132 553 miracu-
2240 496 2296 549 et
2325 491 2653 557 constituit,
2684 507 2883 564 eaque
2913 489 3389 564 comprehendit
3416 493 3482 547 et
3514 490 3808 558 continet,
3836 491 3914 547 di-

484 587 682 646 lorum
704 590 762 643 ct
789 585 1009 644 animae
1036 585 1304 643 utilitatis
1326 586 1557 644 deliciis
1572 602 1638 644 se
1662 587 1909 659 explent
1926 585 2129 642 omnia
2239 582 2379 654 rigit
2405 586 2462 638 et
2484 581 2669 651 ducit,
2696 581 2893 638 ferens
2919 579 3048 638 solo
3072 584 3228 637 nutu
3280 595 3421 636 suas
3472 578 3822 653 maiestatis
3861 586 3911 639 et

485 676 673 733 corda
697 674 991 732 ﬁdelium.
1019 675 1133 732 Sed
1151 691 1315 733 nunc
1343 692 1612 750 quoque,
1644 680 1711 733 ut
1738 689 1994 748 semper,
2026 672 2134 730 mi-
2240 673 2537 746 potentiae.

485 778 678 821 serere
704 767 924 820 nostras
952 763 1325 836 humilitatis,
1363 766 1468 840 qui
1481 764 1823 823 esexcelsus
1855 776 2135 821 assessor
2314 762 2403 818 IV.
2443 761 2634 833 Atque
2651 760 2914 834 primum
2926 757 3671 833 quidem,convenienter
3688 759 3911 831 etquod

484 852 652 924 regni
673 851 980 920 ctelornm,
1007 856 1067 910 et
1093 868 1337 911 exorere
1376 853 1553 911 nobis
1585 852 2008 928 splendoribus
2036 850 2136 906 be—
2244 848 2747 920 dicitTheologus
2767 850 3325 920 Gregorius,mente
3339 846 3912 917 agitavitaugeiicas

487 940 690 1013 nignae
721 946 836 997 tuae
866 940 1279 1015 providentiae,
1307 942 1412 1016 qui
1437 958 1474 999 a
1501 941 1766 1011 benigno
1798 944 1917 998 Deo
1967 954 2136 996 acce-
2245 942 2305 996 et
2327 937 2593 996 caelestes
2612 941 2976 1012 potestates:
3005 940 3065 995 et
3085 937 3252 1011 quod
3271 941 3495 992 mente
3518 935 3791 1006 agitavit,
3814 935 3909 993 fuit

483 1028 625 1102 pisti
686 1027 1140 1101 benignitatem,
1188 1028 1448 1102 benigne
1468 1029 1709 1088 Michael
1738 1029 2014 1103 princeps
2034 1026 2141 1085 mi-
2248 1040 2402 1102 opus
2431 1027 2617 1084 verbo
2648 1026 3038 1099 completum,
3069 1032 3125 1083 et
3153 1026 3373 1099 spiritu
3405 1024 3780 1099 perfectum.
3809 1024 3911 1081 Sic-

483 1110 650 1174 litiae.
680 1119 791 1185 Qui
817 1134 883 1174 es
915 1118 1069 1176 lecta
1093 1123 1151 1175 et
1195 1119 1521 1193 luminosa,
1583 1118 2055 1191 signiﬁcansque
2086 1118 2145 1171 et
2246 1132 2367 1192 que
2383 1115 3445 1189 constiteruntsecundisplendores,
3466 1113 3731 1170 ministri
3749 1114 3909 1188 primi

485 1205 805 1279 splendida
852 1207 1021 1264 stella
1046 1207 1190 1265 solis
1217 1207 2141 1279 gloriaQuiesfortissimuspu'
2250 1205 2606 1280 splendoris,
2638 1206 2763 1262 sive
2790 1205 3186 1278 intelligentes
3216 1204 3645 1277 spiritus,sive
3702 1203 3906 1273 ignem,

484 1299 701 1365 gnator
725 1301 782 1353 et
815 1302 1235 1370 propugnator
1263 1314 1335 1354 ac
1365 1298 1649 1355 defensor
1676 1312 1887 1355 eorum
1903 1296 2009 1369 qui
2030 1299 2140 1351 Do-
2249 1300 2453 1369 utpote
2482 1295 2746 1352 materias
2778 1300 3079 1368 expertem
3110 1299 3167 1351 et
3193 1292 3799 1367 incorporeum,sive
3824 1290 3913 1347 ali-

483 1384 718 1441 minum
744 1384 1018 1457 diligunt.
1050 1386 1160 1452 Qui
1187 1386 1469 1459 provides
1503 1392 1560 1443 et
1576 1386 1891 1460 prospicis,
1917 1399 2141 1457 eosque
2248 1400 2437 1457 quam
2466 1383 2648 1440 aliam
2676 1388 2978 1451 naturam,
3009 1382 3175 1457 quod
3205 1398 3406 1456 quam
3436 1379 3722 1454 proxime
3748 1379 3823 1437 ad
3846 1395 3909 1437 ea

482 1473 662 1531 ﬁrmo
684 1477 790 1530 tuo
817 1473 1148 1547 patrocinio
1192 1475 1451 1546 adjuvas
1476 1480 1534 1532 et
1577 1474 1872 1539 defendis,
1924 1474 2029 1546 qui
2086 1478 2140 1529 te
2247 1488 2382 1545 quae
2407 1472 2569 1529 dicta
2596 1475 2753 1540 sunt,
2786 1472 3053 1536 accedat,
3084 1486 3188 1527 eos
3213 1470 3586 1527 existimare
3634 1472 3906 1542 oporteat.

483 1560 790 1631 invocant,
818 1566 875 1619 et
904 1578 1129 1633 magno
1176 1563 1474 1620 desiderio
1504 1563 2027 1620 adteacceduntin
2058 1561 2143 1617 di—
2247 1562 2390 1618 Volo
2408 1562 2675 1634 quidem,
2708 1561 2922 1634 inquit,
2948 1559 3139 1616 dicere
3164 1559 3566 1633 eosprimum
3591 1557 3673 1615 ad
3696 1556 3907 1614 malum

481 1647 689 1705 vinam
715 1654 879 1706 tuam
910 1650 1103 1707 aedem
1142 1656 1199 1707 et
1243 1653 1506 1708 maxime
1560 1651 1994 1708 venerandam.
2055 1654 2139 1707 Tu
2245 1649 2605 1716 immobiles,
2638 1655 2695 1706 et
2720 1651 2825 1723 qui
2856 1650 3056 1706 solum
3086 1648 3315 1705 habent
3344 1648 3505 1706 boni
3558 1652 3810 1713 motum,
3852 1653 3909 1702 ut

482 1736 757 1794 illumina
785 1744 1021 1795 nostros
1064 1739 1456 1810 intelligentes
1478 1740 1675 1796 cordis
1697 1740 1927 1808 oculos,
1958 1746 2021 1795 ut
2050 1740 2136 1794 in-
2169 1777 2207 1830 Β
2245 1741 2349 1813 qui
2380 1739 2499 1796 sint
2528 1739 2686 1795 circa
2718 1743 2926 1811 Deum,
2960 1744 3016 1794 et
3044 1737 3239 1811 primo
3270 1753 3308 1794 a
3342 1740 3476 1794 Deo
3506 1736 3904 1799 iluminantur,

488 1824 851 1896 telligamus,
878 1832 1195 1901 menteque
1222 1830 1753 1901 apprehendamus
1785 1835 1841 1885 et
1870 1829 2137 1884 enuntie-
2170 1823 2205 1830 ”
2244 1844 2389 1886 nam
2419 1844 2554 1901 quas
2585 1828 2681 1885 hic
2707 1833 2863 1899 sunt,
2898 1833 3035 1883 sunt
3082 1826 3371 1883 secundm
3433 1823 3901 1892 illuminationis,

488 1928 648 1981 mus,
668 1912 874 1986 quoad
900 1916 1029 1986 ejus
1054 1915 1182 1971 ﬁeri
1206 1920 1443 1989 poterit,
1476 1916 1768 1974 miracula
1799 1922 1913 1972 ture
1949 1915 2134 1986 maje-
2249 1917 2383 1976 Mihi
2413 1922 2613 1974 autem
2645 1917 2987 1991 persuadet,
3022 1921 3085 1972 ut
3113 1932 3235 1973 non
3266 1915 3654 1984 immobiles,
3687 1913 3790 1970 sed
3832 1912 3899 1970 ad

486 2000 678 2057 statis.
704 2004 851 2057 Nam
882 2018 987 2075 per
1008 2006 1061 2059 te
1083 2005 1364 2061 universa
1388 2004 1636 2078 copiosa
1651 2005 1923 2061 omnium
1944 2004 2134 2059 bono-
2244 2004 2613 2063 movendum
2645 2004 2917 2062 difficiles
2949 2021 3052 2062 eos
3094 2004 3464 2069 existimem.
3522 2002 3633 2077 qui
3679 2006 3902 2076 propter

485 2104 623 2146 rum
652 2091 1058 2162 suppeditatio
1079 2091 1258 2150 datur
1279 2094 1357 2150 ab
1379 2094 1768 2168 omnipotenti
1805 2094 1905 2149 Dei
1935 2093 2137 2166 provi-
2244 2095 2624 2170 splendorem
2654 2094 2905 2161 Lucifer,
2932 2095 3190 2150 etfactus
3209 2098 3373 2152 estet
3387 2093 3633 2150 dicetur
3662 2089 3897 2148 tenebrae

487 2177 712 2248 dentia,
740 2178 813 2235 iis
838 2180 1029 2253 quiin
1058 2186 1111 2237 te
1142 2188 1385 2256 sperant
1408 2183 1559 2240 citra
1597 2182 1782 2240 ullam
1813 2180 2135 2239 dubitatio-
2245 2190 2486 2258 propter
2508 2183 2850 2254 elationem,
2883 2190 2937 2240 et
2966 2200 3103 2256 quas
3136 2183 3247 2238 sub
3274 2199 3350 2240 eo
3403 2181 3749 2239 consistunt
3798 2194 3894 2251 po-

488 2281 649 2338 nem,
682 2271 740 2324 et
764 2284 825 2324 se
845 2269 1161 2329 conferunt
1184 2272 1263 2328 ad
1285 2288 1530 2329 omnem
1557 2272 1639 2329 tui
1670 2271 2100 2328 laudationem.
2245 2277 2506 2340 testates,
2538 2272 3039 2329 architectatrices
3070 2272 3213 2339 vitii,
3244 2272 3399 2329 boni
3431 2270 3607 2341 fuga,
3640 2275 3698 2325 et
3740 2266 3896 2324 nobis

558 2355 648 2412 ΙΙΙ.
707 2356 860 2423 Quid
911 2363 1112 2417 autem
1159 2362 1509 2432 cogitantes,
1539 2366 1642 2418 aut
1671 2360 1892 2434 quibus
1941 2360 2138 2416 verbis
2245 2361 2698 2419 conciliatrices.
2730 2367 2919 2435 Atque
2951 2361 3415 2435 sicquidemqui
3440 2356 3896 2433 apprehenditur

491 2449 722 2505 utentes
740 2446 1058 2521 imprimis,
1082 2453 1411 2522 poterimus
1435 2450 1797 2506 sufficienter
1826 2448 2139 2505 ostendere
2245 2450 2653 2523 intelligentia,
2689 2456 2745 2508 et
2772 2454 3012 2525 propter
3039 2450 3169 2507 haec
3194 2450 3472 2506 mundus
3527 2447 3642 2504 fuit
3694 2443 3896 2502 consti-

491 2533 710 2591 divinas
738 2537 1129 2609 providentiae
1156 2545 1213 2596 et
1235 2539 1622 2610 benignitatis
1651 2538 1951 2594 inﬁnitum
1984 2537 2142 2611 pela—
2247 2545 2431 2598 tutus.

489 2627 631 2694 gus?
658 2624 749 2681 Ad
777 2626 1041 2697 primum
1073 2628 1233 2684 enim
1263 2627 1494 2685 bonum
1526 2633 1583 2684 et
1619 2627 1783 2700 quod
1841 2626 2140 2699 praecipue
2319 2633 2379 2686 V.
2426 2634 2571 2687 Cum
2606 2634 2807 2686 autem
2841 2630 3038 2703 prima
3065 2630 3117 2687 ei
3148 2633 3304 2686 recte
3339 2645 3409 2685 se
3458 2626 3773 2689 haberent,
3817 2636 3895 2676 se-

489 2710 688 2783 Prim0
719 2719 1021 2787 operatur,
1057 2716 1261 2788 quoad
1290 2717 1420 2784 eius
1453 2714 1581 2772 ﬁeri
1638 2718 1851 2787 Potest:
1907 2718 2141 2787 oportet
2247 2720 2514 2776 cundum
2548 2727 2747 2776 mente
2770 2720 2957 2790 agitat
2988 2718 3283 2775 mundum
3304 2718 3566 2775 materia
3579 2713 3890 2788 prteditum,

489 2782 692 2872 aperte
714 2782 927 2860 omnes
952 2782 1169 2862 esto-lli.
1198 2782 1604 2879 Priu‘cipaliter
1632 2782 1777 2876 ergo
1823 2808 1882 2861 et
1936 2782 2139 2878 aperte
2245 2814 2302 2866 et
2329 2809 2433 2882 qui
2462 2809 2739 2865 cernitur.
2770 2782 2842 2865 Et
2862 2809 2911 2864 is
2938 2807 3185 2882 quidem
3216 2811 3308 2864 est
3331 2806 3416 2876 id,
3452 2782 3625 2881 quod
3653 2819 3724 2858 ex
3760 2796 3890 2855 coelo

486 2892 548 2944 et
570 2905 643 2945 ex
667 2891 872 2949 debito
902 2893 1194 2953 debemus
1222 2900 1418 2953 mente
1439 2894 1725 2965 cogitare,
1746 2893 1851 2967 qui
1880 2893 2139 2964 ﬁguram
2244 2902 2302 2953 et
2333 2902 2511 2963 terra,
2539 2902 2595 2952 et
2620 2896 2691 2952 iis
2720 2912 2857 2968 quas
2886 2895 3391 2962 intercedunt,est
3429 2893 3811 2950 constitutum
3838 2888 3885 2939 et
4032 2892 4033 2943 l

489 2977 740 3036 ferimus
781 2986 839 3039 et
866 2983 1190 3053 imaginem
1228 2985 1378 3057 ejus,
1412 3001 1513 3058 qni
1547 3001 1620 3040 ex
1661 2999 1722 3040 se
1771 2983 1950 3040 habet
1971 2989 2137 3056 pote~
2245 2990 2755 3056 coagmentatum.
2793 2985 3124 3041 Luciferum
3151 2990 3379 3050 autem,
3410 2999 3555 3039 eum
3586 2980 3689 3055 qui
3725 2993 3758 3033 a
3788 2978 3886 3031 Deo

490 3071 705 3125 statem
735 3075 792 3128 et
823 3070 1159 3129 dominium
1192 3073 1411 3129 divinae
1444 3073 1739 3139 essentne,
1766 3072 1932 3145 quod
1986 3089 2139 3128 unus
2174 3126 2211 3147 η
2246 3074 2459 3131 defecit
2485 3079 2702 3131 etcum
2738 3089 2809 3130 eo
2841 3074 3131 3147 pugnavit
3160 3078 3217 3129 et
3246 3071 3623 3130 estinsolens
3649 3066 3887 3137 etjacta-

504 3120 705 3125 πη-
739 3120 792 3128 --
827 3120 1159 3129 _-_----“...
1195 3120 1411 3129 ..-......
1445 3120 1739 3139 ------.-,-,
1770 3120 1932 3145 γη
1989 3120 2138 3128 _....-
2248 3120 2459 3131 mw“.
2486 3120 2541 3130 ν.
2568 3120 2702 3131 ω...
2739 3120 2807 3130 ν-
2889 3120 3131 3145 νοηη..-
3162 3120 3217 3129 --
3248 3120 3619 3130 ---...----__
3656 3120 3701 3123 μ
3725 3120 3744 3137 ,

490 3158 579 3211 est
606 3156 771 3214 solus
796 3161 1090 3234 Deus,qui
1117 3166 1361 3235 prOpter
1375 3161 1668 3218 inﬁnitam
1690 3161 2018 3217 bonitatem
2052 3166 2139 3217 est
2172 3126 2212 3183 Ο
2248 3164 2513 3233 bundus,
2543 3120 3061 3220 diabolumrvocat
3087 3161 3448 3234 Tbeologus,
3483 3176 3559 3217 ex
3581 3171 3720 3214 voce
3740 3151 3882 3209 Isaiae

491 3246 697 3302 omnia
721 3247 1070 3317 fabricatus,
1102 3266 1240 3324 quae
1271 3256 1412 3307 sunt
1432 3251 1492 3306 in
1515 3250 1677 3307 caelis
1701 3255 1758 3307 et
1784 3251 1846 3305 in
1871 3255 2043 3317 terra,
2079 3253 2141 3305 ut
2248 3253 2576 3328 prophetas,
2609 3252 2713 3326 qui
2740 3254 2870 3324 ejus
2900 3269 3107 3309 casum
3129 3249 3728 3324 deplorat,etdicit:¢
3749 3245 3881 3309 0110'

491 3331 632 3390 dicit
660 3334 898 3393 divinus
930 3340 1311 3411 Apostolusm
1370 3340 1492 3396 sive
1550 3340 1823 3403 visibilia,
1883 3339 2002 3395 sive
2057 3338 2144 3393 in-
2253 3342 2435 3399 modo
2466 3342 2735 3398 cecidite
2766 3341 2913 3399 00310
2944 3341 3169 3397 Lucifer
3196 3342 3300 3414 qui
3354 3356 3541 3398 mane
3586 3333 3878 3394 oriebatur,

492 3421 772 3492 visibilia,
834 3426 955 3482 sive
1005 3428 1241 3500 Throni,
1320 3428 1785 3494 Dominationes,
1859 3427 1984 3483 sive
2041 3427 2146 3483 Ρο-
2253 3432 2625 3499 etcontritus
2648 3435 2733 3487 est
2759 3446 2934 3503 super
2960 3430 3476 3487 terramWDeeo
3499 3420 3881 3484 enimdivinus

496 3513 755 3579 testates,
779 3515 904 3571 sive
928 3516 1201 3587 Virtutes,
1227 3518 1348 3574 sive
1370 3518 1763 3590 Principatus,
1793 3517 1916 3573 sive
1962 3515 2148 3574 Arch-
2254 3536 2499 3593 quoque
2527 3518 2731 3592 David,
2762 3519 2841 3575 ad
2867 3534 2968 3576 eos
2995 3519 3098 3592 qui
3129 3518 3400 3575 similiter
3430 3534 3468 3573 a
3486 3516 3687 3572 divina
3712 3503 3877 3565 chario

492 3603 712 3672 angeli,
737 3604 860 3660 sive
881 3606 1108 3675 Angeli,
1140 3607 1262 3663 sive
1287 3606 1617 3680 Seraphim,
1646 3606 1769 3661 sive
1796 3604 2145 3668 Cherubin):
2257 3613 2375 3665 tate
2400 3608 2790 3675 deﬂuxerunt,
2820 3614 2997 3681 atque
3045 3607 3367 3664 sceleratus
3424 3606 3523 3662 ille
3577 3606 3633 3659 et
3660 3593 3879 3656 malitio«

494 3696 549 3745 et
578 3691 705 3762 ipse
728 3696 816 3748 est
836 3696 972 3749 ante
996 3694 1269 3752 omniaet
1296 3695 1584 3751 omniain
1613 3694 1745 3767 ipso
1776 3700 2051 3753 constant
2069 3697 2148 3751 ³.»
2258 3713 2380 3763 sus,
2438 3697 2541 3769 qui
2569 3697 2884 3765 defecerat,
2938 3696 3078 3752 dicit
3110 3715 3122 3752 :
3159 3718 3187 3746 «
3222 3698 3286 3753 Et
3312 3702 3609 3768 tanquam
3643 3701 3784 3744 unus
3809 3695 3869 3737 ex

494 3778 776 3844 Quihanc
803 3781 983 3838 etiam
1005 3783 1233 3839 variam
1259 3783 1531 3841 condidit
1555 3788 1819 3840 creatam
1868 3788 2149 3840 naturam
2259 3784 2630 3858 principibus
2660 3784 2885 3841 cadetis
2913 3786 2958 3839 ⁵.
2996 3808 3016 3833 ι
3054 3784 3329 3858 Princeps
3362 3784 3527 3840 enim
3552 3781 3674 3836 erat
3724 3769 3874 3858 unius

490 3868 552 3924 in
578 3884 761 3925 unam
789 3869 971 3926 unius
1002 3872 1211 3928 mundi
1240 3874 1621 3930 harmoniam
1654 3879 1711 3929 et
1747 3873 2150 3947 complemen-
2259 3855 2511 3942 angelici
2537 3871 2762 3928 ordinis
2794 3874 2855 3928 in
2884 3872 3049 3928 caelis
3081 3855 3383 3944 diabolus,
3458 3885 3579 3926 non
3626 3855 3871 3921 diabolus

493 3962 643 4013 tum.
674 3958 783 4025 Qui
810 3958 976 4016 solus
1003 3966 1091 4017 est
1115 3960 1415 4032 ingenitus
1436 3966 1492 4018 et
1522 3965 1803 4019 aeternus.
1841 3961 1949 4027 Qui
1988 3960 2149 4016 solus
2261 3959 2338 4017 ab
2367 3961 2532 4018 initio
2557 3961 2888 4034 productus
2921 3966 2977 4017 et
3007 3960 3223 4029 factus,
3249 3960 3359 4017 sed
3386 3961 3586 4017 bonus
3612 3970 3681 4011 ex
3703 3952 3862 4034 bon‘?’

494 4053 581 4102 est
604 4062 817 4121 expers
840 4049 1139 4123 principii,
1170 4056 1224 4107 et
1248 4052 1307 4107 in
1342 4067 1523 4125 quem
1548 4066 1669 4107 non
1697 4050 1855 4106 cadit
1879 4049 2148 4106 interitus
2256 4056 2312 4105 et
2339 4032 2582 4124 pulcher
2610 4068 2681 4106 ex
2708 4050 2958 4123 pulchro
2989 4054 3047 4106 et
3070 4050 3173 4122 qui
3204 4049 3367 4106 solus
3392 4049 3556 4106 bona
3586 4042 3734 4106 facit,
3758 4032 3869 4107 opi-

494 4141 550 4191 et
573 4136 731 4192 ﬁnis.
765 4138 873 4205 Qui
901 4136 1064 4196 solus
1096 4145 1184 4197 est
1208 4140 1606 4213 ejusmodi,ut
1634 4138 2071 4213 comprehendi
2093 4142 2150 4194 et
2254 4138 2366 4195 ﬁce
2393 4139 2828 4195 universorum.
2862 4141 3167 4194 Postremo
3201 4144 3403 4195 autem
3448 4138 3656 4209 praeter
3702 4127 3864 4213 legfim

494 4223 837 4295 investigari
867 4232 924 4283 et
950 4228 1132 4284 videri
1175 4234 1456 4303 nequeat.
1516 4230 1625 4296 Qui
1682 4208 1850 4285 om—ni
1896 4230 2147 4285 circum—
2254 4230 2506 4292 naturae,
2539 4226 2966 4298 decretumque
2996 4230 3051 4282 et
3082 4225 3375 4282 rationem
3402 4208 3617 4281 divinae
3638 4208 3865 4303 justiti?»

494 4312 811 4385 scriptione
831 4318 886 4370 et
910 4293 1445 4387 comprehensione
1481 4320 1802 4374 essentiam
1838 4318 2022 4373 habet
2053 4333 2146 4373 su-
2254 4314 2488 4388 imperii
2516 4293 3074 4388 cupiditatis-mstro
3128 4312 3405 4387 percitus,
3460 4301 3753 4367 rebellavit
3777 4293 3864 4352 ad-

495 4401 810 4472 periorem.
835 4403 1184 4467 Quinullam
1208 4408 1725 4478 potestsuscipere
1754 4406 2146 4462 mutationem
2255 4420 2464 4460 versus
2500 4406 2860 4473 Creatorem,
2887 4418 3143 4474 regnum
3176 4410 3231 4458 et
3255 4402 3507 4472 gloriam
3536 4396 3647 4453 sibi
3669 4397 3862 4478 conatis

494 4492 552 4544 et
573 4488 1003 4547 alterationem:
1035 4475 1246 4565 estque
1271 4475 1675 4566 omnipotens,
1711 4499 1768 4549 et
1796 4494 2064 4550 abexitio
2091 4499 2147 4550 et
2183 4551 2216 4566 η
2255 4509 2568 4566 usurpare.
2602 4493 2815 4548 Secum
2849 4497 3048 4548 autem
3090 4492 3326 4549 attraxit
3371 4490 3547 4547 etiam
3600 4475 3858 4540 inﬁnitam

493 4577 733 4636 interitu
762 4578 956 4637 aliena
984 4586 1218 4647 natura,
1251 4580 1386 4638 fons
1420 4551 1719 4655 perennis,
1753 4586 1809 4637 et
1838 4583 1942 4655 qui
1988 4598 2143 4639 nun-
2178 4551 2220 4606 θ
2250 4551 2560 4639 rebellium
2584 4581 3049 4650 multitudinem,
3083 4598 3220 4655 quae
3251 4596 3377 4637 sure
3408 4574 3655 4636 stultitim
3679 4571 3730 4625 et
3751 4575 3855 4620 ma:

495 4683 680 4741 quam
709 4669 1066 4740 exinanitur,
1096 4671 1553 4727 miserationum
1582 4678 1639 4727 et
1672 4670 1973 4728 bonitatis:
2020 4688 2146 4728 om-
2249 4671 2385 4729 litim
2418 4687 2558 4727 eum
2588 4671 2813 4744 accepit
2839 4670 3200 4742 adjutorem.
3243 4673 3391 4727 Nam
3443 4668 3675 4742 propter
3722 4655 3852 4710 hanc

494 4756 665 4815 nium
681 4759 1021 4817 divinorum
1041 4758 2143 4833 donorumetgratiarum,quiexhau-
2252 4775 2501 4817 causam
2530 4759 2732 4832 impia:
2761 4759 3159 4829 cogitationis,
3192 4775 3265 4815 ex
3316 4757 3448 4815 caeli
3498 4745 3754 4811 convexis
3778 4751 3854 4833 ve:

494 4847 595 4904 riri
626 4850 871 4908 minimc
901 4854 1110 4924 potest,
1145 4849 1403 4923 abyssus
1438 4871 1450 4907 :
1481 4849 1923 4917 misericordiae,
1980 4850 2145 4923 quod
2251 4849 2515 4906 hementi
2545 4851 2773 4922 impetu
2812 4848 3026 4905 cecidit
3061 4848 3481 4905 exsecrandus.
3537 4845 3674 4900 Nam
3701 4822 3851 4928 517.1191

495 4952 617 4992 non
645 4944 841 5011 potest
860 4940 1132 5013 exprimi,
1156 4940 1424 5013 pelagus:
1446 4939 1795 4996 beatissima
1826 4943 1881 4995 et
1904 4954 2146 4996 summa
2252 4939 2515 5012 atque;ei
2542 4940 2702 4996 venit
2718 4939 2780 4995 in
2796 4942 3058 4996 mentem
3080 4936 3531 4995 sceleratissima
3549 4934 3603 4988 et
3626 4926 3851 5011 maxim?

495 5025 897 5097 pulchritudo,
932 5034 988 5085 et
1016 5029 1143 5087 sola
1172 5045 1382 5086 revera
1432 5028 1637 5100 digna,
1693 5044 1829 5102 quae
1890 5034 2142 5085 ametur.
2252 5027 2440 5100 impia
2468 5028 2765 5099 cogitatio,
2797 5028 2907 5084 fuit
2935 5026 3251 5085 confestim
3275 5026 3559 5083 contritus
3597 5015 3668 5074 ab
3694 5017 3852 5066 omn“

500 5115 787 5183 tiniversi,
817 5118 983 5190 quod
1013 5119 1677 5189 dicituretintelligitur,
1706 5118 1854 5175 boni
1883 5118 2147 5175 efﬁciens
2254 5117 2480 5190 potenti
2510 5117 2782 5188 Domino,
2816 5117 2919 5190 qui
2985 5116 3169 5173 dixit:
3209 5139 3230 5165 ι
3282 5112 3569 5172 Videbam
3607 5103 3848 5162 Satanam

497 5210 553 5261 et
581 5206 928 5278 impertiens
953 5212 1010 5264 et
1036 5207 1298 5278 largiens
1328 5225 1534 5275 causa,
1589 5214 1647 5265 et
1697 5208 1892 5281 prima
1939 5223 2142 5265 causa.
2256 5212 2546 5279 tanquam
2573 5206 2771 5278 fulgur
2799 5223 2830 5263 e
2852 5206 3003 5264 cmlo
3024 5206 3340 5263 cadentem
3362 5206 3404 5260 ⁸.
3430 5224 3459 5254 ιο
3486 5192 3739 5281 Similiter
3767 5195 3850 5238 au‘

499 5294 601 5353 llic
630 5299 740 5365 est,
768 5294 871 5368 qui
893 5300 1136 5369 propter
1165 5297 1359 5355 solam
1386 5279 1717 5356 bonitatem
1769 5296 2147 5355 essentialem
2255 5300 2376 5353 tem
2405 5294 2820 5369 deeoquoque
2841 5295 3106 5369 dixitper
3120 5294 3481 5352 Ezechietem
3500 5279 3843 5369 prophetam}

497 5390 553 5442 et
582 5353 937 5454 naturalem,
962 5353 1033 5443 ea
1053 5353 1189 5459 quae
1206 5353 2146 5461 nouerantaliquando,vocavit
2255 5407 2285 5436 «
2318 5384 2507 5444 Simul
2534 5353 2962 5459 utique'elatum
2984 5353 3094 5442 fuit
3135 5400 3239 5443 cor
3294 5388 3460 5442 tuum
3498 5353 3719 5453 imiter
3742 5353 3844 5434 Pul'

567 5608 590 5642 ³
619 5607 843 5668 Coloss.
869 5622 909 5678 1,
945 5609 1032 5665 16.
1105 5608 1129 5644 ⁴
1159 5606 1252 5666 isa
1278 5624 1397 5681 xiv,
1429 5612 1511 5665 l2.
1588 5611 1610 5646 ⁵
1638 5606 1791 5675 Psal.
1821 5620 2019 5679 vaxi,
2048 5612 2102 5666 7.
2179 5609 2201 5645 θ
2229 5609 2368 5666 Luc.
2398 5623 2458 5679 x,
2493 5610 2579 5664 t8.
3780 5566 3795 5597 ι

3816 6150 4034 6198 ____..l
