4096 6208
33 4 174 78 ττγ

205 287 314 346 577

1390 290 1480 347 DE
1515 295 1572 350 8.
1612 291 1958 350 MICHAELE
1995 291 2483 348 ARCHANGELO.

3534 286 3639 352 578

207 414 626 489 chritudinem
665 419 858 485 tuam,
926 420 982 474 et
1019 416 1222 473 dixisti
1259 416 1318 472 in
1356 418 1713 488 cogitatione
1754 421 1877 489 tua,
1908 416 1954 470 A
1986 416 2129 472 dam
2159 431 2295 488 quae
2327 432 2429 472 eos
2455 415 2784 472 contineret
2822 413 3248 486 hymnodiam,
3299 421 3364 474 ut
3414 419 3522 490 qui
3575 419 3636 476 in

209 505 380 559 Deus
411 520 528 574 ego
561 521 731 560 sum:
763 505 961 561 statim
993 522 1028 562 a
1050 510 1259 562 sancto
1281 511 1483 562 monte
1505 523 1640 563 meo
1662 507 1722 562 in
1773 511 1880 562 ter-

205 609 346 648 ram
395 599 450 648 te
491 593 683 663 dejeci
722 610 831 666 per
893 595 1230 663 ('llierubim,
1287 601 1344 652 et
1382 597 1597 651 interiit
1635 595 1882 651 scientia

207 687 316 738 tua
350 699 496 738 cum
520 683 963 755 pulchritudine
993 691 1127 740 tua:
1159 689 1214 742 et
1245 685 1406 741 dabo
1441 691 1490 741 te
1518 687 1575 740 in
1619 686 1878 740 cinerem

209 788 403 842 super
422 777 645 828 terram
664 789 871 828 coram
888 774 1170 829 omnibus
1195 779 1245 830 te
1267 775 1610 831 videntibus
1625 777 1667 839 7,
1699 799 1724 823 υ
1745 775 1881 828 fide-

208 861 380 917 libus
423 861 668 918 scilicet.
703 864 1020 928 Quomodo
1051 865 1229 921 etiam
1286 864 1432 920 dixit
1489 864 1773 920 Dominus
1820 863 1879 918 in

210 950 443 1006 divinis
493 952 862 1022 Evangeliis:
899 976 919 1002 ι
965 955 1111 1008 Ecce
1170 952 1248 1008 do
1304 953 1477 1008 vobis
1527 957 1878 1024 potestatem

208 1039 700 1113 calcandisuper
721 1047 1029 1113 serpentes
1062 1046 1117 1097 et
1166 1041 1461 1114 scorpios,
1517 1056 1699 1112 super
1754 1056 1878 1096 om-

207 1145 355 1185 nem
385 1136 708 1202 potstatem
736 1131 963 1186 inimici
1002 1133 1046 1188 8.
1073 1153 1101 1181 »

285 1220 378 1274 Vl.
409 1219 690 1276 Nonnulli
741 1226 941 1276 autem
972 1221 1240 1276 discendi
1296 1220 1498 1293 cupidi
1547 1220 1874 1292 inquirunt,

209 1324 371 1363 num
413 1315 732 1380 propterea
763 1310 1102 1380 sitejeetus,
1143 1310 1307 1381 quod
1347 1309 1538 1365 Adam
1578 1325 1713 1363 eum
1755 1323 1876 1364 non

208 1399 581 1456 adoraverit.
601 1403 917 1456 Estautem
938 1400 1253 1456 stultorum
1273 1399 1745 1471 etinsipientium
1763 1399 1878 1454 hoc

209 1487 439 1544 dicere.
488 1489 708 1545 Cecidit
734 1489 1014 1546 diabolus
1072 1489 1433 1561 priusquam
1488 1489 1677 1544 factus
1725 1491 1880 1543 esset

210 1577 437 1644 Adam,
463 1578 774 1650 quomodo
798 1582 994 1634 Patres
1019 1583 1226 1650 aperte
1249 1577 1644 1650 pronuntiant
1666 1592 1877 1633 omnes

212 1666 474 1736 angelos
499 1667 686 1723 fuisse
708 1668 895 1724 factos
913 1673 1050 1724 ante
1073 1667 1289 1723 cmlum
1311 1671 1364 1722 et
1389 1671 1630 1722 terram.
1666 1665 1878 1722 Diabo-

1971 505 2182 585 primo
2201 504 2333 560 loco
2357 509 2712 573 staret,cum
2742 503 3053 575 Seraphim
3066 509 3122 560 et
3141 504 3429 562 omnibus
3458 507 3638 563 simul

1988 593 2204 648 divinis
2231 599 2284 649 et
2314 593 2653 649 coelestibus
2676 593 3093 664 potestatibus,
3119 609 3347 664 magna
3366 610 3514 651 voce
3547 613 3637 652 ce-

1989 682 2148 751 cinit,
2182 683 2446 737 divinam
2477 681 2640 738 illam
2674 687 2884 753 etqum
2915 697 3230 754 nunquam
3261 687 3458 755 potest
3481 684 3637 741 desi-

1988 787 2128 826 nere
2156 772 2579 842 omnipotentis
2607 770 2954 834 divinitatis,
2979 787 3114 842 quae
3159 775 3250 827 est
3274 771 3637 844 principium

1988 859 2251 926 luminis,
2278 861 2573 932 unicaque
2603 865 2690 915 est
2713 859 2886 918 trina.
2911 875 3016 930 per
3042 866 3314 916 sanctam
3338 860 3634 930 glorifica-

1991 949 2247 1003 tionem:
2278 950 2549 1017 Sanetus,
2584 953 2851 1012 sanctus,
2891 953 3134 1004 sanctus
3190 949 3478 1005 Dominus
3531 953 3636 1007 Sa-

1988 1037 2204 1093 baoth:
2237 1037 2412 1108 plena
2434 1042 2519 1092 est
2539 1037 2820 1093 universa
2839 1041 2988 1092 terra
3009 1037 3196 1106 gloria
3219 1037 3346 1108 ejus
3373 1041 3437 1094 ιθ.
3463 1043 3509 1096 Α
3535 1038 3637 1094 Dei

1989 1141 2129 1180 vero
2158 1125 2670 1181 administratoria
2697 1125 2902 1180 divina
2918 1124 3107 1195 gloria
3127 1125 3418 1182 alienatus
3448 1128 3637 1183 male-

1987 1215 2135 1270 ﬁcus
2166 1215 2461 1277 diabolus,
2487 1231 2625 1269 cum
2657 1214 2902 1270 vidisset
2934 1219 3271 1270 terrestrem
3325 1215 3634 1272 hominem

1988 1321 2116 1360 esse
2141 1305 2354 1376 quavis
2385 1321 2446 1362 re
2475 1308 2675 1360 creata
2708 1304 3178 1372 honoratiorem,
3203 1309 3266 1359 ut
3315 1307 3416 1377 qui
3440 1306 3635 1362 Domi-

1986 1394 2135 1449 nicis
2173 1393 2452 1449 manibus
2485 1393 2675 1448 factus
2706 1393 2961 1449 essetad
3005 1409 3178 1448 suam
3231 1393 3553 1466 imaginem
3579 1398 3636 1451 et

1989 1482 2462 1548 similitudinem,
2496 1481 2700 1538 statuit
2729 1498 2870 1537 eum
2915 1482 3051 1538 totis
3083 1482 3310 1538 viribus
3357 1498 3636 1556 separare

1987 1578 2042 1629 et
2073 1573 2300 1644 eripere
2327 1571 2404 1627 ad
2432 1572 2584 1642 ejus,
2619 1572 2722 1642 qui
2747 1571 2951 1642 ipsum
2981 1571 3200 1627 fecerat
3228 1575 3285 1644 et
3312 1572 3638 1629 honorave-

1987 1662 2368 1727 rat,salutari
2401 1667 2718 1732 praecepto.
2757 1659 2967 1715 Videns
3009 1659 3166 1715 enim
3227 1661 3526 1731 malignus
3583 1666 3642 1718 et

211 1757 348 1813 lum
397 1773 544 1813 vero
597 1763 686 1814 est
741 1757 1056 1830 probabile
1113 1762 1329 1830 quarto
1395 1757 1490 1813 die
1570 1757 1874 1829 cecidisse,
1909 1768 1948 1822 Β
1987 1751 2306 1806 sceleratus
2334 1752 2466 1804 sein
2489 1756 2754 1805 extrema
2776 1749 3271 1820 esseignominia,
3306 1749 3482 1806 valde
3506 1765 3637 1806 cru-

213 1847 476 1920 quando
510 1850 658 1904 Deus
689 1849 1190 1910 facitluminaria,
1215 1848 1368 1904 sicut
1398 1848 1683 1920 scriptum
1710 1849 1876 1904 estin

211 1939 366 1995 Job:
394 1960 418 1986 ‹‹
448 1937 705 2002 Quando
723 1937 882 1994 facta
905 1942 1042 1994 sunt
1063 1942 1245 2004 astra,
1271 1937 1600 1993 laudarunt
1621 1952 1714 1993 me
1749 1953 1874 1992 ma-

215 2043 342 2098 gna
365 2041 516 2082 voce
534 2041 747 2081 omnes
762 2027 1111 2096 angelimei,
1131 2026 1438 2098 ethymnis
1453 2025 1875 2082 celebrarunt".

226 2118 483 2186 Semper
510 2115 672 2170 enim
699 2115 879 2170 etiam
925 2131 1047 2171 non
1079 2114 1252 2170 tacite
1297 2114 1522 2185 angelis
1556 2114 1876 2170 Dominum

218 2204 718 2275 gloriﬁcantibus,
749 2210 889 2261 tunc
934 2205 1152 2276 majori
1200 2220 1347 2260 voce
1399 2220 1539 2259 eum
1595 2202 1877 2258 laudibus

219 2294 623 2360 celebrarunt,
656 2300 722 2350 ut
753 2294 1113 2364 significavit
1137 2294 1462 2366 Scriptura,
1514 2297 1758 2365 propter
1785 2294 1877 2363 ju-

221 2389 386 2439 stum
411 2383 636 2438 scilicet
665 2399 875 2438 casum
916 2383 1166 2452 maligni
1197 2382 1370 2448 illius,
1399 2381 1504 2455 qui
1557 2382 1875 2438 defecerat.

224 2476 472 2548 Oportet
522 2477 723 2529 autem
757 2472 908 2528 scire
938 2488 1010 2528 ex
1044 2475 1262 2529 nostris
1309 2472 1561 2543 scriptis,
1594 2487 1629 2527 o
1659 2470 1879 2539 dilecti,

223 2561 394 2635 quod
423 2562 622 2618 omnis
651 2561 871 2617 chorea
899 2565 956 2616 et
984 2561 1134 2616 ordo
1179 2560 1361 2618 habet
1383 2560 1598 2616 ducem
1630 2559 1879 2629 ordinis,

223 2652 328 2724 qui
354 2651 562 2723 incipit
586 2650 931 2706 melodiam.
960 2650 1050 2706 Sic
1073 2650 1246 2705 etiam
1281 2649 1356 2705 de
1386 2650 1606 2705 sanctis
1654 2648 1881 2718 angelis

223 2741 368 2797 dicit
382 2741 725 2812 Dionysius,
745 2739 1153 2810 angelicorum
1171 2739 1451 2795 ordinum
1473 2739 1880 2796 divinissimus

223 2831 517 2902 interpres
538 2847 552 2884 :
572 2833 698 2886 Non
714 2829 976 2885 absurde
993 2829 1198 2885 divina
1211 2833 1268 2885 et
1284 2829 1569 2898 cmlestia,
1589 2828 1879 2884 materiali

223 2925 444 2976 nostrae
461 2918 810 2987 hierarchze,
827 2934 938 2990 pro
955 2918 1180 2974 viribus
1199 2917 1509 2980 sensiliter,
1528 2917 1730 2989 quoad
1752 2918 1880 2988 ejus

223 3009 354 3064 ﬁeri
375 3012 591 3080 potest,
613 3012 752 3063 sunt
769 3006 1116 3063 assimilata.
1139 3009 1358 3062 Ducem
1379 3022 1522 3062 vero
1538 3005 1763 3062 ordinis
1781 3022 1882 3062 an-

224 3096 437 3166 gelich
470 3097 703 3152 chorere
734 3095 1171 3151 lucidissimum
1204 3100 1260 3152 et
1289 3095 1624 3150 maximum
1654 3095 1880 3151 militiae
1913 3118 1952 3172 ρ

224 3184 563 3257 principem
588 3185 928 3241 Michaelem
959 3185 1305 3255 intelligere,
1339 3203 1370 3240 a
1401 3185 1634 3257 superis
1681 3185 1880 3256 accepi

225 3289 389 3330 mus.

226 3362 596 3418 Miraculu-m
603 3365 868 3433 primum
889 3364 958 3419 de
972 3364 1249 3422 rebelliet
1271 3364 1521 3433 superbo
1542 3365 1796 3430 Satana,
1825 3369 1878 3418 et

623 3454 947 3509 immundis
973 3457 1100 3524 ejus
1126 3454 1456 3524 spiritibus.

301 3543 419 3598 νη.
457 3542 562 3597 Hie
591 3557 733 3611 ergo
775 3542 1159 3598 fidelissimus
1184 3547 1238 3598 et
1282 3541 1716 3607 sanctissimus,
1751 3559 1880 3598 ma-

234 3646 394 3702 gnus
420 3631 714 3687 exercitus
743 3616 1173 3698 dux'Michael,
1233 3632 1418 3686 divini
1471 3631 1699 3686 consilii
1749 3632 1881 3703 pius

233 3720 528 3784 minister,
561 3720 662 3791 qui
695 3723 938 3791 propter
989 3721 1364 3776 Dominicum
1396 3726 1452 3776 et
1503 3721 1880 3792 omnipoten-

233 3812 353 3862 tem
379 3808 653 3863 divinum
671 3809 937 3878 jussum,
960 3810 1020 3864 in
1040 3814 1258 3864 terram
1278 3810 1414 3880 iecit
1440 3826 1511 3864 ex
1542 3809 1881 3865 caelestibus

230 3897 547 3952 absidibus
569 3896 850 3953 rebellem
864 3902 920 3952 et
941 3897 1269 3970 superbum
1295 3899 1582 3955 Satanam
1597 3915 1732 3954 cum
1753 3899 1881 3969 ejus

227 3985 582 4051 immundis,
614 3991 670 4040 et
695 3986 976 4056 malignis
1004 3987 1309 4058 spiritibus
1337 4005 1348 4042 :
1381 3993 1518 4042 tunc
1547 3987 1608 4042 in
1650 4003 1752 4042 eos
1789 3986 1879 4042 in-

227 4080 458 4142 vectus,
490 4081 547 4130 et
589 4076 961 4148 triumphum
1010 4091 1196 4144 agens
1243 4076 1315 4130 de
1369 4091 1578 4132 eorum
1631 4075 1877 4142 malitia,

226 4163 607 4233 congregatis
620 4165 847 4219 cunctis
860 4165 1210 4234 angelorum
1226 4164 1482 4236 populis,
1498 4181 1880 4234 magnavoce

229 4251 496 4307 laudavit
543 4253 730 4308 Deum
789 4254 1205 4308 universorum
1281 4259 1338 4308 et
1407 4253 1878 4324 omnipotentem

227 4341 570 4409 Dominum,
603 4342 908 4411 angelicos
940 4357 1151 4412 greges
1180 4358 1250 4398 eo
1299 4342 1479 4398 veluti
1537 4341 1759 4397 ducens
1818 4347 1880 4397 ut

229 4435 417 4485 status
443 4431 858 4488 meminissent
886 4431 1235 4502 immobilis,
1265 4437 1320 4487 et
1349 4447 1482 4503 quae
1533 4431 1696 4487 bona
1743 4432 1881 4488 facit

230 4519 585 4583 stabilitatis,
617 4524 675 4575 et
701 4520 843 4576 dicit
867 4539 879 4576 :
909 4521 1321 4585 Attendamus,
1349 4521 1592 4592 perinde
1623 4537 1692 4576 ac
1713 4521 1760 4575 si
1789 4521 1878 4576 di-

230 4615 414 4664 ceret:
447 4608 560 4674 Qui
587 4609 764 4665 creati
793 4609 1044 4675 fuerant,
1079 4614 1134 4665 et
1171 4610 1392 4681 quibus
1449 4609 1760 4681 obtigerat,
1816 4614 1882 4666 ut

231 4699 384 4752 Deus
404 4698 703 4754 increatus
726 4703 781 4754 et
801 4698 1247 4770 inaspectabilis
1260 4715 1362 4754 eos
1375 4698 1524 4770 prod
1536 4704 1878 4770 uceretpro-

228 4790 358 4857 pler
383 4785 723 4842 naturalem
751 4803 924 4842 suam
955 4787 1304 4854 bonitatem,
1329 4787 1477 4858 quid
1534 4787 1617 4842 eis
1666 4788 1882 4844 accidit

227 4875 331 4948 qui
383 4875 705 4931 nobiscum
757 4876 1070 4948 hucusque
1143 4876 1362 4932 divinis
1429 4876 1880 4933 illustrabantur

228 4963 655 5034 splendoribus
671 4966 695 5018 ?
711 4965 1272 5020 Animadvertamns
1289 4982 1475 5037 quam
1491 4973 1730 5037 repente
1747 4985 1803 5021 m
1816 4985 1877 5021 u-

226 5053 328 5108 tati
377 5057 518 5107 sunt
581 5054 641 5107 in
704 5053 983 5109 tenebras
1052 5061 1295 5126 propter
1354 5056 1762 5124 arrogantiam
1823 5060 1880 5110 et

224 5141 735 5213 contemptionem
762 5143 892 5213 ejus
911 5144 1015 5214 qui
1039 5159 1141 5198 eos
1161 5143 1396 5198 fecerat.
1432 5147 1878 5212 (lognoscamus

225 5247 380 5304 quos
402 5231 633 5287 fructus
655 5231 1112 5287 concilietliberi
1136 5231 1650 5287 arbitriivoluntas
1670 5233 1876 5288 incon-

221 5319 508 5390 siderata,
540 5324 597 5375 et
623 5324 846 5376 stemus
867 5319 1251 5376 immobiliter
1272 5321 1330 5376 in
1353 5321 1584 5382 timore,
1604 5322 1873 5393 quotidie

221 5408 498 5465 divinum
527 5396 797 5465 ofﬁcium
825 5409 1158 5465 offerentes.
1186 5413 1365 5466 Porro
1407 5414 1609 5465 autem
1663 5426 1874 5482 quam-

292 5535 310 5566 ⁷
349 5533 554 5591 Ezech.
584 5548 830 5603 xxxvni,
862 5539 892 5588 7
924 5549 1090 5606 seqq.

219 5621 379 5676 xviii,
414 5609 498 5662 lO.
598 5607 650 5676 f3
681 5608 823 5663 Gen.
856 5622 1051 5674 XLVIII,
1089 5609 1171 5667 ιϐ.

1196 5536 1217 5569 ⁸
1251 5535 1384 5589 Luc.
1422 5551 1478 5602 x,
1519 5538 1599 5590 lt).

1275 5607 1321 5684 ν
1349 5610 1472 5665 Act.
1507 5621 1610 5678 xu,
1645 5610 1676 5662 6
1707 5620 1882 5680 seqq.

1676 5536 1696 5569 υ
1727 5533 1841 5588 Job
1871 5550 2112 5606 xxxvni,
2145 5539 2197 5589 7.

1986 1839 2286 1894 ciabatur:
2324 1844 2536 1893 etcum
2565 1853 2685 1892 non
2715 1842 2922 1908 posset
2952 1837 3029 1892 ad
3056 1839 3243 1893 Deum
3273 1837 3553 1905 converti,
3575 1839 3636 1894 in

1986 1928 2090 1982 Dei
2119 1927 2444 1996 imaginem
2461 1917 2634 1980 suam
2648 1925 2859 1980 effudit
2879 1925 3346 1997 improbitatem,
3371 1931 3426 1982 et
3447 1927 3638 1984 effecit

1986 2022 2048 2071 ut
2069 2017 2252 2071 homo
2279 2020 2434 2069 esset
2463 2013 2761 2070 obnoxius
2793 2014 3050 2069 interitui
3081 2021 3136 2070 et
3165 2015 3359 2079 morti,
3397 2031 3469 2071 eo
3516 2016 3635 2086 eje-

1987 2111 2079 2161 cto
2111 2121 2140 2160 e
2163 2104 2382 2159 divinis
2411 2109 2467 2159 et
2495 2103 2740 2159 vivificis
2773 2102 3035 2175 paradisi
3065 2102 3314 2171 deliciis,
3349 2107 3412 2160 Et
3432 2105 3636 2161 statuit

1988 2199 2142 2250 Deus
2167 2192 2485 2248 Cherubim
2510 2192 2927 2250 ctﬂammeam
2949 2193 3369 2264 rhomphaaam
3392 2193 3634 2248 versati-

1984 2283 2124 2348 lem,
2159 2288 2221 2337 ut
2249 2282 2577 2337 custodiret
2603 2281 2975 2352 paradisum.
3005 2281 3120 2338 Sed
3150 2281 3256 2337 etsi
3286 2281 3368 2337 sic
3389 2281 3635 2354 quidem

1987 2371 2294 2428 cecidisset
2323 2371 2528 2435 homo,
2562 2371 2665 2441 qui
2696 2369 2952 2426 liberum
2985 2369 3253 2426 habebat
3301 2370 3633 2437 arbitrium,

1988 2467 2044 2518 et
2060 2478 2096 2517 a
2115 2461 2276 2516 bono
2301 2465 2456 2516 statu
2477 2459 2839 2522 deﬂuxisset,
2864 2474 2981 2514 non
3003 2474 3141 2514 eum
3163 2459 3436 2530 despexit
3457 2459 3635 2527 Deus,

1989 2552 2092 2606 sed
2125 2554 2190 2605 ut
2217 2549 2320 2621 qui
2346 2551 2417 2604 sit
2440 2553 2651 2604 natura
2698 2546 2996 2616 benignus
3022 2552 3080 2604 et
3099 2547 3310 2617 ingens
3337 2563 3504 2605 mare
3533 2548 3638 2604 ha-

1986 2640 2127 2695 beat
2145 2637 2446 2705 bonitatis,
2465 2636 2646 2693 veluti
2666 2636 2950 2709 quaedam
2971 2651 3142 2692 arma
3163 2636 3243 2692 ad
3276 2652 3638 2694 conservan-

1988 2729 2134 2784 dum
2165 2726 2542 2784 validissima
2582 2726 2633 2781 ei
2663 2725 2921 2797 praebuit
2955 2742 3247 2796 magnum
3295 2725 3637 2783 Michaelem

1985 2816 2206 2872 militire
2239 2813 2572 2886 principem
2617 2814 2901 2868 adversus
2930 2812 3156 2868 diaboli
3177 2814 3505 2884 potentiam
3532 2831 3544 2868 :
3576 2816 3639 2869 ut

1987 2905 2310 2961 custodiret
2375 2908 2431 2958 et
2485 2901 2830 2958 defenderet
2877 2902 3209 2970 hominem,
3267 2902 3372 2974 qui
3423 2903 3634 2974 lapsus

1987 2995 2197 3060 fuerat,
2235 2997 2295 3047 ut
2317 2991 2628 3062 quomodo
2655 2990 2950 3046 ceciderat
2981 3005 3086 3061 per
3113 2989 3499 3061 imperitiam,
3529 3005 3636 3061 per

1987 3082 2438 3139 laboriosiorem
2459 3095 2672 3136 cursus
2693 3079 2930 3134 vivendi
2958 3078 3247 3134 rationem
3270 3083 3325 3133 et
3363 3078 3634 3135 divinam

1989 3173 2254 3228 virtutem
2269 3171 2600 3225 instaurato
2615 3167 3024 3233 praelio,vict0r
3035 3167 3281 3222 effectus
3295 3171 3632 3224 coronetur.

2063 3279 2174 3332 Vll.
2207 3281 2382 3333 Porro
2411 3279 2609 3330 autem
2639 3272 2984 3342 archangeli
3016 3272 3309 3328 Michaelis
3340 3273 3637 3329 suasioni-

1989 3368 2107 3424 bus
2139 3372 2195 3422 et
2223 3364 2462 3420 monitis
2490 3364 2813 3418 instructus
2843 3361 3060 3424 Adam,
3091 3366 3148 3417 et
3174 3361 3373 3432 ligone
3416 3365 3636 3420 terram

1991 3457 2243 3522 fodiens,
2285 3460 2340 3510 et
2368 3452 2587 3509 sudore
2639 3457 2695 3508 et
2748 3451 2952 3507 labore
3005 3450 3307 3520 frugaliter
3355 3451 3634 3522 nutritus,

1992 3562 2112 3602 non
2141 3545 2250 3600 fuit
2275 3542 2537 3614 amplius
2569 3541 2850 3596 seductus
2883 3539 2959 3595 ad
2987 3539 3250 3596 hominis
3279 3540 3523 3598 inimico
3579 3545 3640 3598 et

1993 3637 2092 3692 Dei
2113 3635 2304 3698 hoste,
2339 3648 2447 3688 nec
2503 3647 2724 3704 passus
2775 3635 2863 3685 est
2908 3629 3091 3686 aliam
3143 3631 3633 3688 commotionem.

1993 3729 2141 3780 Nam
2172 3723 2249 3780 ab
2280 3739 2350 3778 eo
2377 3727 2644 3794 tempore
2675 3719 2924 3776 omnino
2963 3736 3104 3775 eum
3157 3719 3332 3776 valde
3375 3719 3640 3777 habebat

1991 3815 2129 3870 odio
2156 3817 2354 3868 mente
2380 3811 2614 3880 agitans
2641 3825 2746 3882 per
2785 3809 3197 3881 prepbeticum
3255 3824 3474 3874 rorem,
3531 3808 3638 3880 qui

1992 3903 2190 3958 adhuc
2212 3903 2272 3957 in
2293 3917 2364 3956 eo
2392 3901 2581 3955 inerat
2602 3898 2749 3954 illud
2773 3915 2784 3952 :
2806 3920 2832 3946 ‹‹
2858 3901 2936 3953 Ne
2953 3897 3060 3952 des
3082 3897 3146 3952 in
3167 3898 3636 3952 commotionem

1990 3992 2206 4064 pedem
2221 3998 2411 4056 tuum,
2447 3994 2501 4044 et
2526 4004 2648 4043 non
2669 3986 3034 4052 dormitabit,
3053 3986 3156 4058 qui
3173 3989 3228 4040 te
3249 3985 3589 4054 custodit“,
3606 4009 3634 4035 ››

1991 4081 2261 4149 angelus.
2291 4079 2378 4133 Ab
2409 4093 2479 4134 eo
2507 4077 2666 4132 enim
2698 4080 2964 4146 tempore
3017 4073 3316 4130 credimus
3364 4088 3476 4130 nos
3532 4073 3637 4131 ha-

1987 4169 2130 4224 bere
2161 4167 2443 4237 angelum
2473 4164 2798 4236 unicuique
2825 4163 3040 4218 animae
3083 4162 3319 4228 ducem,
3377 4165 3444 4217 ut
3497 4161 3639 4218 dicit

1993 4256 2346 4312 Dominusin
2364 4253 2692 4323 Evangeliis
2714 4271 2725 4304 :
2744 4275 2770 4302 ις
2790 4253 2985 4307 Videte
3002 4249 3432 4322 nedespietatis
3445 4265 3638 4306 unum

1992 4345 2172 4401 exliis
2194 4345 2414 4418 parvis,
2443 4343 2546 4414 qui
2574 4347 2712 4398 sunt
2749 4341 3020 4396 minimi:
3079 4340 3274 4411 angeli
3331 4341 3493 4397 enim
3542 4356 3638 4398 eo-

1915 4468 1958 4520 D
1989 4451 2125 4490 rum
2156 4433 2392 4489 assidue
2424 4431 2626 4487 vident
2658 4431 2871 4486 faciem
2899 4431 3084 4486 Patris
3107 4427 3307 4499 vestri,
3329 4430 3436 4501 qui
3462 4431 3636 4486 estin

1990 4523 2153 4579 caelis
2179 4525 2241 4577 ¹².
2269 4545 2296 4572 ››
2327 4521 2599 4578 Similiter
2633 4520 2814 4576 etiam
2844 4517 2986 4575 dicit
3022 4518 3206 4574 Jacob
3249 4519 3592 4590 patriarcha
3621 4535 3633 4573 :

1991 4637 2016 4664 α
2051 4611 2330 4682 Angelus,
2365 4610 2468 4681 qui
2489 4624 2584 4664 me
2611 4607 2822 4664 liberat
2877 4623 2914 4663 a
2952 4607 3131 4662 malis
3189 4607 3474 4662 omnibus
3507 4609 3569 4664 ιδ.
3609 4628 3638 4656 ››

1990 4704 2115 4756 Non
2149 4700 2329 4755 dixit:
2367 4699 2476 4763 Qui
2503 4713 2598 4753 me
2632 4696 2922 4761 liberavit,
2953 4697 3096 4752 sed:
3135 4696 3244 4760 Qui
3271 4712 3369 4751 me
3401 4696 3634 4752 liberat.

1992 4789 2140 4854 Quin
2175 4789 2354 4844 etiam
2404 4788 2644 4844 beatum
2701 4783 3039 4857 apostolum
3097 4787 3332 4839 Petrum
3391 4800 3638 4840 amanu

1990 4877 2236 4935 Herodis
2264 4877 2513 4946 angelus
2551 4875 2783 4930 Domini
2811 4873 3084 4930 liberavit
3119 4875 3182 4926 ¹⁴.
3215 4873 3402 4929 Simul
3456 4877 3637 4946 atque

1989 4967 2149 5022 enim
2178 4968 2562 5022 constitutum
2590 4963 2697 5019 fuit
2721 4963 3058 5018 humanum
3076 4976 3290 5033 genus,
3318 4961 3474 5032 jussi
3500 4967 3640 5020 sunt

1989 5057 2187 5125 angeli
2214 5057 2345 5126 ejus
2375 5054 2505 5109 vitae
2537 5068 2744 5108 curam
2779 5066 3004 5120 gerere,
3033 5056 3091 5107 et
3137 5065 3638 5123 unumquemque

1987 5145 2296 5200 hominem
2334 5142 2572 5198 fidelem
2612 5141 2854 5197 sortitus
2892 5145 2980 5195 est
3016 5139 3216 5196 bonus
3258 5139 3532 5209 angelus,
3573 5143 3639 5194 ut

1988 5234 2118 5303 ejus
2145 5233 2328 5289 vitam
2357 5235 2761 5303 componeret,
2783 5227 2982 5300 etejus
3004 5229 3273 5285 animam
3304 5229 3634 5300 perficeret.

1987 5321 2142 5378 Multi
2167 5325 2368 5378 autem
2391 5336 2528 5376 cum
2559 5334 2629 5374 eo
2650 5318 2952 5374 luctantur
2971 5317 3280 5374 daemones
3305 5334 3342 5373 a
3361 5317 3455 5373 via
3478 5320 3638 5372 recta

1987 5426 2126 5467 eum
2141 5411 2420 5468 facientes
2433 5409 2729 5465 aberrare.
2747 5407 3080 5464 lmmundis
3093 5407 3251 5464 enim
3264 5404 3639 5462 daemonibus

2306 5535 2350 5569 ιο
2384 5535 2497 5592 lsa.
2526 5549 2604 5599 Vl,
2641 5536 2692 5601 3,
2793 5534 2832 5568 ¹¹
2867 5530 3024 5590 Psal.
3050 5547 3183 5603 cxx,
3215 5535 3264 5590 3.
3367 5530 3410 5564 ¹²
3437 5525 3634 5586 Matth.
