4096 6208
503 298 610 383 879'

1714 300 2194 381 PANrALEONis
2234 296 2517 381 omc'om
2565 298 2669 382 cr.
3816 326 3901 385 ssc

504 466 627 506 non
658 454 796 505 sunt
820 465 978 505 curas
997 446 1286 513 inﬁdeles,
1311 446 1416 504 sed
1447 447 1485 505 ii
1515 447 1619 522 qui
1653 449 1745 520 pie
1776 449 1981 504 vivunt
2004 467 2019 518 ;
2066 447 2149 503 eis
2182 451 2229 502 Α
2259 448 2596 505 effectorem
2624 462 2950 521 agnoscere
2981 464 3051 503 ex
3076 446 3500 519 magnitudine
3513 452 3571 503 et
3600 448 3904 520 pulchritu-

507 541 665 594 enim
694 537 978 599 invident,
1009 541 1066 593 et
1093 553 1229 591 cum
1262 536 1344 591 eis
1375 536 1599 593 bellum
1630 543 1861 607 gerunt.
1897 537 2151 603 Quando

508 635 708 684 autem
757 626 1028 682 ambulat
1072 625 1318 698 quidem
1365 626 1421 681 in
1470 628 1777 682 sanctitate
1825 631 1882 682 et
1926 626 2155 696 justitia

506 717 690 772 homo
719 715 933 779 fidelis,
964 714 1198 768 laetatur
1228 714 1501 782 angelus,
1527 716 1630 787 qui
1657 722 1712 770 et
1744 714 1851 770 fuit
1878 716 2054 769 datus
2075 713 2153 768 ad

504 808 703 878 ipsum
727 802 1205 859 custodiendum.
1226 802 1480 869 Quando
1511 820 1647 860 vero
1678 820 1714 860 a
1744 805 1838 860 via
1858 809 2018 859 recta
2052 803 2153 857 de-

505 894 830 962 clinaverit,
864 892 1043 948 tristis
1072 891 1318 964 quidem
1350 898 1437 947 est
1490 892 1686 947 bonus
1740 893 2010 964 angelus,
2037 892 2153 945 dte—

508 998 717 1039 mones
748 987 947 1037 autem
978 979 1275 1037 exsiliunt.
1305 982 1436 1037 lam
1466 996 1601 1037 vero
1628 997 1886 1049 magnus
1911 995 2156 1053 quoque

505 1073 652 1129 dicit
674 1070 919 1128 Basilius
949 1088 961 1125 :
995 1073 1142 1126 Sunt
1173 1070 1391 1140 angeli,
1421 1071 1524 1143 qui
1552 1070 1609 1126 in
1662 1077 1913 1142 utraque
1963 1068 2156 1126 eccle-

508 1162 597 1217 sia
626 1159 971 1216 describunt
1000 1174 1103 1213 eos
1134 1160 1237 1229 qui
1270 1165 1445 1214 orant
1486 1164 1541 1215 et
1577 1159 1874 1229 jejunant.
1926 1159 2087 1220 Vide,
2122 1172 2158 1213 ο

506 1252 713 1315 homo,
729 1265 801 1304 ne
820 1260 1064 1320 propter
1077 1263 1328 1319 parvam
1345 1247 1706 1320 voluptatem
1722 1254 1779 1303 et
1792 1248 2031 1303 brevem
2046 1247 2161 1303 hoc

504 1339 645 1395 dam
657 1356 800 1394 num
813 1337 1088 1409 accipias,
1106 1335 1265 1409 quod
1282 1342 1339 1392 te
1360 1353 1479 1392 non
1494 1335 1873 1408 descripserit
1889 1336 2158 1410 angelus_

472 1490 483 1501 .
580 1429 666 1483 1X.
700 1431 764 1483 Et
786 1428 847 1482 in
895 1425 1173 1480 ﬁdelibus
1218 1425 1487 1497 quidem,
1556 1432 1618 1481 ut
1659 1429 1822 1496 prius
1866 1426 2150 1480 diximus.

508 1535 665 1575 unus
696 1515 943 1584 angelus
971 1530 1005 1569 a
1038 1513 1156 1569 Deo
1191 1512 1365 1569 datus
1388 1525 1481 1570 est
1513 1514 1851 1586 unicuique.
1916 1518 1975 1568 In
2028 1513 2157 1569 inﬁ-

507 1606 743 1663 delibus
776 1610 976 1659 autem
1019 1618 1517 1673 unamquamque
1574 1602 1865 1668 integram
1921 1606 2157 1671 gentem

508 1693 749 1750 sortitus
774 1697 863 1747 est
888 1706 1041 1745 unus
1068 1688 1335 1758 angelus,
1364 1696 1426 1745 ut
1449 1690 1592 1746 dicit
1616 1691 1950 1763 Scriptura:
1980 1712 2006 1739 ‹‹
2030 1690 2154 1747 Sta-

2259 538 2397 594 dine
2429 555 2626 595 rerum
2678 538 2755 594 ab
2794 554 2865 593 eo
2891 543 3249 605 creatarum,
3307 539 3452 609 pius
3475 537 3573 594 ille
3602 540 3903 607 Abraham,

2261 642 2395 682 cum
2430 645 2497 683 ex
2527 627 2706 683 rebus
2728 628 2939 683 creatis
2958 642 3049 681 me
3072 634 3153 682 ite
3167 627 3737 699 comprehendisset
3756 632 3904 685 Crea-

2262 720 2469 783 torem,
2504 722 2561 772 et
2588 716 2832 772 infinitae
2866 715 3144 787 potentias
3175 716 3521 771 admiratus
3557 722 3711 771 esset
3741 719 3903 774 artiﬁ-

2261 805 2441 872 cium,
2475 804 2768 877 valdeque
2826 820 2982 875 aagre
3043 804 3213 859 ferret
3268 810 3329 860 et
3386 803 3806 874 indignaretur
3855 808 3902 862 in

2264 893 2497 963 stultos,
2533 900 2587 948 et
2616 892 2978 953 incredulos,
3010 893 3114 965 qui
3162 908 3289 948 rem
3328 901 3605 949 creatam
3656 894 3905 949 colebant

2264 982 2417 1037 ultra
2446 983 2807 1047 Creatorem,
2846 985 2998 1037 Deus
3038 998 3070 1037 e
3100 981 3245 1037 caelo
3275 998 3426 1037 eum
3468 985 3559 1037 est
3614 981 3901 1049 allocutus,

2264 1070 2508 1126 dicens:
2544 1070 2919 1141 «Egrederee
2947 1076 3099 1126 terra
3125 1074 3228 1125 tua
3261 1076 3321 1125 et
3342 1086 3417 1126 ex
3452 1071 3905 1139 cognationetua

2266 1164 2322 1214 et
2348 1159 2532 1214 domo
2561 1159 2744 1230 patris
2776 1159 2879 1227 tui,
2910 1164 2967 1214 et
2992 1158 3127 1213 veni
3156 1158 3217 1212 in
3248 1164 3501 1222 terram,
3540 1173 3724 1230 quam
3778 1159 3904 1214 indi«

2266 1248 2419 1303 cabo
2439 1247 2542 1303 tibi
2574 1250 2641 1301 ³ο.
2668 1269 2694 1295 ››
2726 1246 2942 1303 Deinde
2970 1247 3053 1301 sic
3078 1246 3131 1301 ei
3152 1246 3514 1319 apparuitin
3541 1248 3733 1317 specie
3752 1248 3903 1302 trium

2269 1334 2618 1405 angelorum
2647 1336 2713 1390 υ.
2748 1336 2834 1389 Ab
2858 1349 2930 1390 eo
2952 1342 3151 1390 autem
3167 1335 3441 1406 hospitio
3465 1339 3749 1405 acceptus
3763 1334 3901 1406 apud

2263 1441 2555 1500 quercum
2574 1426 2853 1488 Mambre,
2874 1423 3156 1496 praeclare
3177 1425 3305 1493 ejus
3326 1423 3753 1495 hospitalitatis
3773 1438 3903 1478 mer-

2267 1514 2474 1570 cedem
2502 1513 2754 1585 prrebuit
2781 1512 2831 1567 ei
2855 1514 2985 1581 jam
3016 1512 3161 1575 seni,
3194 1518 3251 1568 et
3300 1528 3451 1567 cum
3516 1510 3725 1567 sterilis
3775 1517 3902 1567 esset

2268 1619 2417 1659 uxor
2438 1606 2600 1665 Sara,
2632 1603 2799 1673 pium
2828 1601 3018 1656 tilium
3051 1604 3211 1656 Isaac
3243 1606 3301 1656 et
3334 1600 3399 1655 in
3456 1600 3727 1655 moribus
3746 1604 3903 1656 etvir.

2265 1698 2383 1747 tute
2410 1691 2458 1746 ei
2489 1690 2744 1746 similem
2766 1692 2833 1743 ’³.
2879 1692 3199 1762 Postquam
3257 1695 3473 1745 autem
3516 1696 3732 1761 praeter
3758 1704 3903 1760 spem

507 1783 618 1839 tuit
648 1780 928 1837 terminos
959 1779 1223 1848 gentium
1256 1778 1589 1834 secundum
1620 1795 1937 1835 numerum
1973 1794 2152 1849 ange-
2188 1798 2224 1850 Β
2263 1786 2439 1836 natus
2468 1785 2625 1836 esset
2656 1780 2833 1847 ﬁlius,
2866 1779 3151 1834 omnibus
3190 1779 3612 1850 probatiorem
3676 1778 3902 1833 reddens

505 1872 702 1927 lorum
734 1867 833 1924 Del
859 1870 972 1919 ⁸⁵.»
1002 1869 1065 1922 Et
1116 1871 1177 1921 ut
1221 1867 1570 1936 Judmorum.
1611 1867 1856 1939 quidem
1918 1872 2154 1927 gentem

508 1959 850 2019 custodiret,
864 1957 1220 2012 constitutus
1235 1961 1322 2010 est
1336 1955 1597 2019 Michael,
1623 1972 1877 2025 magnus
1894 1957 1993 2011 Dei
2007 1956 2156 2011 mili-

509 2049 603 2104 tias
661 2048 937 2120 princeps
963 2046 1026 2109 ’⁸,
1043 2050 1246 2116 utpote
1265 2043 1427 2115 quod
1456 2044 1515 2098 in
1539 2046 1720 2099 Deum
1738 2044 2149 2102 credidissent.

508 2137 668 2193 Alius
700 2151 841 2191 vero
864 2133 1178 2207 prmfectus
1206 2132 1313 2187 fuit
1340 2134 1549 2197 Persis,
1573 2132 1725 2188 alius
1758 2149 1895 2189 vero
1922 2133 2154 2199 Graecis,

506 2232 564 2283 et
591 2225 874 2297 deinceps
906 2221 1194 2279 similiter.
1227 2224 1517 2277 Caeterum
1547 2221 1786 2277 divinus
1814 2221 2061 2293 quidem
2107 2227 2162 2276 et

507 2331 766 2384 magnus
780 2314 903 2367 dux
919 2311 1210 2366 exercitus
1230 2309 1468 2365 Michael
1488 2302 1579 2365 est
1598 2312 1870 2382 princeps
1887 2310 2162 2365 omnium

506 2402 835 2458 caelestium
856 2404 1579 2471 potestatumpraeestque
1592 2405 1648 2454 et
1677 2414 1883 2454 curam
1908 2399 2054 2467 gerit
2075 2406 2167 2455 to-

511 2492 627 2547 tius
656 2490 849 2560 gentis
874 2487 1067 2543 ﬁdelis
1091 2503 1103 2540 :
1131 2490 1185 2541 et
1216 2502 1425 2541 rursus
1468 2486 1693 2553 tideles,
1741 2487 1843 2558 qui
1890 2487 2169 2563 laborant

510 2579 806 2653 prievenit
833 2582 891 2631 et
917 2578 1252 2640 conservat,
1277 2580 1339 2629 ut
1365 2576 1468 2645 qui
1493 2591 1528 2631 a
1556 2576 1673 2629 Deo
1695 2576 1898 2645 jussus
1927 2576 2001 2630 sit
2020 2577 2167 2631 cele-

508 2684 635 2725 rem
666 2666 887 2722 habere
917 2668 1289 2728 naturam,et
1310 2666 1624 2735 tamquam
1638 2663 1889 2733 fulguris
1904 2665 2164 2736 adeptus

510 2756 909 2819 velocitatem,
933 2752 1274 2808 universam
1296 2756 1511 2807 terram
1527 2753 1872 2808 etastherem
1898 2769 2015 2808 uno
2033 2768 2158 2808 mo-

510 2849 710 2902 mento
730 2856 1094 2916 percurrere.
1120 2862 1147 2889 ‹‹
1179 2839 1401 2897 Exsiliit
1438 2840 1599 2895 enim
1639 2841 1854 2913 inquit,
1887 2842 2158 2910 angelus,

507 2934 612 3007 qui
629 2931 981 2989 ambulabat
1005 2935 1142 2986 ante
1164 2936 1356 2985 castra
1379 2925 1638 2984 filiorum
1669 2929 1847 2986 Israel
1876 2931 1979 2984 '7.»
1998 2933 2161 2986 Hunc

508 3032 709 3082 autem
770 3021 1075 3094 angelum,
1126 3019 1346 3075 militias
1405 3019 1735 3092 principem
1819 3020 2159 3077 Michealem

507 3131 635 3171 esse
664 3113 811 3169 dixit
832 3112 1136 3181 Scriptura
1174 3111 1235 3165 in
1256 3109 1397 3164 Jesu
1428 3112 1586 3165 Nave
1625 3110 1692 3165 ⁸¹.
1735 3113 1882 3165 Nam
1936 3126 2156 3167 nomen
2191 3141 2230 3196 ρ

507 3203 638 3274 ejus
670 3208 873 3275 aperte
905 3199 1232 3255 declaravit
1262 3198 1319 3253 in
1342 3198 1635 3269 propheta
1668 3198 1904 3254 Daniele
1928 3200 1997 3255 '9.

577 3295 652 3347 Χ.
680 3293 777 3347 Hic
797 3305 940 3359 ergo
962 3303 1220 3358 magnus
1239 3287 1602 3356 etgloriOSus
1628 3287 1726 3342 Dei
1745 3286 1966 3343 militia:
1995 3287 2159 3359 prin-

507 3397 648 3455 ceps
683 3378 945 3442 Michael,
977 3383 1034 3432 et
1060 3376 1262 3440 veteri,
1294 3381 1356 3430 ut
1396 3375 1694 3439 convenit,
1746 3374 1854 3430 fuit
1905 3375 2158 3431 admini'

505 3479 640 3538 ster,
674 3477 730 3526 et
753 3484 909 3525 novo
932 3467 1123 3534 magis
1161 3463 1557 3531 administrat,
1620 3480 1756 3536 quas
1816 3472 1955 3520 sunt
2005 3464 2158 3520 salu-

505 3564 673 3621 taria.
707 3563 1029 3629 Postquam
1059 3555 1219 3610 enim
1252 3553 1423 3608 valde
1462 3553 1770 3608 irritarunt
1808 3560 1865 3608 et
1922 3556 2159 3625 penitus

505 3650 949 3719 dereliquerunt
969 3644 1285 3699 Dominum
1311 3646 1492 3696 Deum
1516 3640 1807 3696 increduli
1860 3642 2156 3703 Israelita,

505 3747 563 3798 et
590 3755 661 3795 ea
689 3739 763 3793 de
795 3750 979 3790 causa
1010 3733 1247 3787 fuerunt
1280 3730 1516 3801 penitus
1542 3731 1938 3797 exterminati,
1979 3736 2037 3786 et
2058 3731 2159 3786 ad-

503 3828 695 3887 vocati
726 3839 936 3881 sumus
960 3821 1065 3895 qui
1088 3819 1455 3876 credidimus
1507 3835 1579 3873 ex
1605 3818 1905 3887 gentibus,
1961 3825 2018 3875 et
2074 3820 2157 3875 fa-

506 3923 634 3977 ctus
663 3920 751 3973 est
782 3928 970 3970 novus
998 3908 1194 3979 Israel,
1228 3924 1265 3965 a
1307 3907 1537 3963 Christo
1590 3908 2041 3971 denominatus,
2102 3915 2159 3965 et

508 4008 805 4066 Christum
836 4001 1169 4071 intelligens
1196 4002 1357 4068 (nam
1398 3996 1445 4051 si
1499 3997 1903 4068 interpreteris
1960 3998 2154 4063 Israel,

504 4100 552 4154 is
571 4102 660 4154 est
680 4110 839 4153 mens
863 4094 1064 4150 videns
1090 4088 1312 4159 Deum),
1331 4092 1470 4142 tunc
1491 4085 1765 4141 divinum
1789 4102 2030 4158 quoque
2051 4087 2156 4141 mi-

502 4189 640 4245 litiae
671 4185 1000 4257 principem
1034 4177 1375 4237 Michaelem
1427 4175 1683 4232 removit
1735 4191 1771 4232 a
1814 4175 2155 4232 Judeeorum

506 4273 938 4334 consuetudine
966 4271 1163 4325 bonus
1196 4267 1371 4329 Deus,
1406 4272 1461 4320 et
1484 4265 1561 4320 ab
1588 4280 1659 4321 eo
1700 4270 1965 4337 tempore
2016 4280 2155 4320 eum

504 4365 681 4422 nobis
710 4362 907 4417 electis
934 4356 1281 4414 Christianis
1306 4355 1611 4410 constituit
1654 4355 1993 4409 maximum
2050 4354 2153 4409 de-

2262 1871 2391 1940 ejus
2420 1870 2604 1923 animi
2638 1869 3136 1937 magnitudinem,
3173 1868 3441 1941 fideique
3460 1874 3519 1923 et
3546 1868 3729 1923 animi
3747 1868 3904 1940 pieta-

2265 1964 2403 2021 tem,
2427 1960 2477 2013 ei
2499 1973 2705 2013 rursus
2732 1957 2915 2012 dixit:
2946 1980 2963 2005 ι
3002 1958 3331 2019 Abraham,
3358 1958 3692 2025 Abraham,
3715 1956 3893 2026 accipe

2267 2048 2455 2103 lilium
2477 2053 2647 2102 tuum
2673 2046 3178 2118 dilectum.quem
3209 2048 3478 2115 genuisti
3504 2051 3687 2111 Isaac,
3709 2050 3763 2102 et
3783 2060 3901 2099 eum

2268 2135 2413 2192 mihi
2433 2136 2581 2190 oil‘er
2596 2137 2653 2190 in
2674 2135 3091 2192 sacriﬁcioJlle
3110 2141 3315 2191 autem
3340 2135 3531 2192 simul
3549 2140 3725 2207 atque
3740 2134 3902 2188 fuerat

2268 2228 2320 2279 ei
2347 2225 2729 2296 imperatum,
2760 2239 2885 2279 rem
2912 2224 3380 2295 exsequebatur,
3411 2230 3633 2279 etcum
3690 2223 3903 2291 ligasset

2273 2317 2461 2379 Isaac,
2480 2319 2536 2367 et
2554 2312 2921 2368 extendisset
2939 2328 3187 2367 manum
3204 2328 3345 2384 qua:
3368 2312 3618 2369 tenebat
3641 2309 3897 2382 gladium.

2267 2402 2395 2471 jam
2427 2407 2628 2470 guttur
2652 2401 2806 2456 illius
2835 2408 3153 2459 tecturum,
3185 2417 3326 2456 eum
3359 2403 3653 2474 repressit
3680 2397 3897 2467 angelus

2279 2490 2531 2552 Domini,
2556 2489 2797 2546 Michael
2830 2489 3066 2557 scilicet.
3101 2490 3308 2545 dicens
3376 2508 3389 2545 :
3452 2513 3479 2539 α
3513 2492 3594 2546 Ne
3646 2487 3899 2543 immittas

2274 2593 2524 2633 manum
2560 2584 2723 2634 tuam
2755 2578 2815 2632 in
2846 2578 3056 2633 tilium.
3081 2582 3245 2634 Nunc
3274 2579 3445 2634 enim
3479 2577 3642 2641 novi,
3673 2573 3820 2647 quod
3848 2580 3897 2626 tu

2273 2665 2484 2721 timeas
2512 2669 2829 2721 Dominum
2855 2685 2867 2733 ;
2898 2667 3002 2721 sed
3025 2667 3225 2738 aspice
3253 2668 3370 2721 tuis
3420 2664 3634 2731 oculis,
3688 2670 3742 2718 et
3787 2660 3897 2715 vide

2271 2753 2347 2809 ad
2375 2759 2430 2809 te
2463 2755 2712 2808 missum
2746 2755 2988 2809 arietem
3017 2756 3284 2823 ligatum,
3318 2760 3379 2811 et
3422 2770 3565 2811 eum
3624 2751 3764 2809 offer
3810 2761 3896 2819 pro

2272 2844 2439 2897 Isaac
2470 2842 2589 2897 lilio
2622 2848 2722 2898 tuo
2755 2844 2857 2899 '3.»
2892 2843 3061 2898 Hunc
3092 2850 3292 2899 autem
3327 2843 3644 2914 angelum,
3671 2839 3766 2912 qui
3792 2837 3898 2891 huic

2269 2930 2416 2986 dixit
2472 2931 2845 3002 patriarchas,
2906 2931 3126 2987 militiae
3186 2932 3533 3005 principem
3594 2924 3893 2987 Michaelem

2269 3026 2471 3091 aperte
2497 3035 2625 3074 esse
2647 3019 2970 3074 credimus.
3000 3021 3221 3095 Etenim
3247 3022 3440 3094 Jacob
3462 3032 3721 3093 quoque,
3742 3026 3895 3087 quem

2270 3108 2448 3164 frater
2478 3108 2948 3180 persequebatur
2982 3112 3153 3178 Esau,
3204 3110 3432 3165 militias
3462 3108 3738 3183 princeps
3776 3100 3894 3157 libe-

2273 3197 2423 3253 ravit
2441 3207 2496 3252 et
2519 3198 2798 3252 servavit.
2830 3198 2938 3262 Qui
2969 3198 3150 3253 etiam
3177 3198 3229 3254 ei
3259 3197 3538 3254 animum
3567 3194 3804 3257 addens,
3833 3202 3892 3242 ne

2269 3285 2504 3341 timeret
2531 3303 2667 3341 eum
2699 3287 2803 3359 qui
2841 3288 3335 3359 persequebatur.
3388 3304 3531 3343 cum
3576 3301 3648 3341 eo
3672 3284 3891 3338 luctatur

2270 3374 2330 3428 in
2362 3380 2553 3436 nocte,
2587 3378 2644 3430 et
2685 3376 2871 3443 tangit
2910 3375 3039 3443 ejus
3083 3374 3295 3445 femur,
3346 3371 3779 3448 propemodum
3821 3363 3888 3418 di-

2269 3479 2410 3517 cens
2439 3480 2452 3516 :
2491 3486 2509 3510 ι
2550 3463 2605 3518 Si
2635 3479 2774 3517 cum
2801 3463 3032 3533 angelis
3059 3463 3291 3519 valuisti
3320 3464 3559 3527 luctari,
3582 3459 3720 3533 quid
3745 3456 3887 3512 times

2270 3552 2575 3607 hominem
2607 3552 2665 3606 in
2695 3568 2876 3623 quem
2904 3552 3357 3625 caditinteritus
3382 3555 3428 3589 ³⁸
3453 3553 3483 3609 ?

2342 3651 2475 3706 Xlll.
2518 3650 2666 3704 Cum
2695 3658 2897 3705 autem
2944 3650 3313 3722 multiplicati
3345 3655 3570 3719 essent,
3599 3646 3699 3720 qui
3722 3658 3785 3699 ex
3819 3638 3883 3711 pii

2266 3739 2520 3795 Abrahte
2554 3754 2767 3807 genere
2798 3739 3251 3805 descenderant,
3281 3747 3347 3795 ut
3376 3740 3670 3813 pollicitus
3708 3733 3756 3789 ei
3782 3730 3880 3785 fue-

2268 3835 2359 3882 rat
2388 3826 2660 3895 angelus,
2691 3827 2727 3882 ii
2763 3843 2902 3883 vero
2931 3829 2991 3882 in
3025 3831 3279 3899 .Egypto
3324 3830 3484 3886 male
3534 3822 3880 3883 haberentur.

2268 3930 2475 3969 eorum
2502 3916 2774 3971 misertus
2804 3921 2895 3970 est
2925 3915 3100 3983 Deus,
3132 3916 3235 3987 qui
3258 3910 3879 3979 estnaturabenignusi

2269 4009 2323 4058 et
2350 4002 2521 4071 elegit
2552 4005 2788 4074 Moysen
2821 4002 3115 4059 famulum
3148 4021 3345 4069 suum,
3382 4011 3441 4060 et
3465 4019 3571 4076 per
3594 4002 3779 4073 ipsum
3804 4005 3881 4045 81'-

2267 4092 2624 4161 changelum
2653 4093 3014 4163 Michaelem,
3045 4110 3179 4149 eum
3201 4092 3718 4150 constituitducem
3733 4081 3882 4139 totius

2268 4182 2501 4250 generis
2534 4181 2805 4245 Abrahae,
2828 4187 2889 4236 ut
2919 4182 3199 4237 educeret
3230 4198 3331 4239 eos
3362 4190 3565 4239 eterra
3596 4169 3883 4246 βεεῐρίὶνθῐ

2266 4286 2371 4342 per
2400 4285 2564 4325 mare
2594 4270 2857 4326 Rubrum
2884 4277 3173 4343 tanquam
3192 4287 3298 4343 per
3317 4273 3542 4327 siccam
3570 4274 3771 4323 terram
3796 4268 3879 4310 eos

2268 4358 2710 4425 transmitteret,
2748 4366 3105 4431 properante
3161 4361 3388 4432 populo
3437 4359 3516 4416 ad
3568 4362 3766 4412 terram
3809 4343 3876 4432 eis

505 4456 802 4513 fensorem
834 4456 891 4504 et
920 4453 1308 4511 servatorem,
1339 4443 1592 4498 aliarum
1626 4444 1893 4512 gentium
1946 4459 2152 4498 curam
2191 4489 2232 4542 Β
2266 4448 2650 4519 promissam.
2678 4463 2814 4519 quas
2840 4430 3066 4504 ﬂuebat
3093 4430 3261 4504 lactei
3294 4454 3351 4504 et
3397 4447 3587 4511 melle,
3636 4430 3873 4496 lichaele

506 4538 973 4614 Suscipientibus
1000 4540 1203 4607 aperte
1229 4532 1357 4588 aliis
1378 4531 1712 4586 minoribus
1733 4530 1981 4599 angelis.
2005 4534 2153 4587 Nam

505 4649 627 4707 quo
654 4635 743 4687 est
770 4642 916 4700 gens
938 4623 1185 4698 quidem
1199 4625 1408 4676 sancta
1425 4619 1893 4674 Christianorum
1910 4619 2155 4691 reliquis

507 4720 790 4780 omnibus
812 4712 1207 4791 praestantior,
1241 4726 1311 4765 eo
1338 4724 1585 4764 necesse
1601 4714 1691 4763 est
1718 4723 1845 4763 esse
1863 4709 2152 4779 majorem

503 4812 855 4884 dignitatem
880 4799 1225 4873 archangeli
1254 4797 1573 4865 Michaelis,
1613 4797 1719 4869 qui
1741 4812 1948 4852 curam
2007 4798 2155 4868 gerit

506 4899 738 4969 generis
769 4895 1260 4954 Christianorum.
1296 4888 1421 4943 Non
1449 4886 1609 4941 enim
1657 4886 1921 4939 essentia
1975 4900 2154 4955 auge.

500 4987 694 5043 lorum
724 4985 908 5042 habet
935 4979 1353 5045 differentiam,
1381 4976 1484 5031 sed
1502 4974 1803 5046 dignitatis
1863 4974 2151 5029 excellen-

500 5076 602 5133 tia.
629 5074 755 5130 Vult
782 5074 939 5130 enim
992 5085 1203 5127 omnes
1256 5065 1531 5123 homines
1586 5078 1719 5120 esse
1775 5062 1990 5127 salvos,
2045 5064 2151 5135 qui

505 5166 923 5222 universorum
954 5176 1161 5215 curam
1190 5157 1338 5227 gerit
1365 5162 1419 5211 et
1444 5160 1532 5210 est
1556 5158 1772 5210 natura
1828 5152 2149 5223 benignus.

570 5255 656 5313 XI.
717 5252 833 5310 Sed
873 5266 1011 5305 cum
1056 5246 1254 5303 miseri
1302 5245 1576 5301 homines
1628 5258 1738 5298 sua
1794 5241 2038 5297 stultitia
2088 5242 2148 5297 in

499 5361 695 5403 errore
725 5343 1173 5415 perseverarent
1194 5340 1250 5390 et
1266 5333 1426 5389 cultu
1448 5333 1927 5397 simulacrorum,
1961 5336 2018 5387 et
2044 5347 2149 5387 ne-

499 5448 810 5508 quaquam
839 5427 1057 5484 vellent
1084 5424 1145 5481 id
1173 5423 1341 5498 quod
1367 5422 1685 5496 oportebat
1713 5420 2058 5491 intelligere,
2091 5427 2149 5478 et

572 5570 617 5604 ¹⁵
650 5569 813 5622 Deut.
848 5578 1028 5628 xxxu,
1063 5561 1112 5615 8.
1209 5560 1255 5594 ¹⁶
1286 5560 1432 5614 Dan.
1459 5572 1519 5624 x,
1550 5560 1639 5611 27.

1739 5556 1778 5593 '7
1811 5554 1994 5611 Exod.
2022 5572 2141 5619 xrv,
2178 5561 2265 5614 i9.

2265 4536 2631 4605 archangelo
2660 4542 2911 4608 parante
2943 4537 3102 4593 viam
3129 4537 3260 4609 ejus
3289 4543 3427 4594 ante
3453 4538 3647 4609 ipsum
3667 4524 3868 4581 ".Cum

2263 4631 2461 4682 autem
2496 4627 2864 4698 pervenisset
2910 4627 2969 4683 in
3023 4608 3331 4697 regionem
3385 4608 3775 4685 Moabitarum,
3821 4608 3873 4663 ιιί

2262 4716 2536 4771 transiret
2562 4731 2666 4786 per
2730 4731 2940 4771 eorum
3000 4717 3173 4783 ﬁnes,
3228 4718 3281 4772 ei
3334 4716 3541 4772 restitit
3596 4706 3752 4765 Balac
3786 4710 3869 4754 re!

2261 4802 2451 4870 Moab,
2481 4803 2807 4874 prohibens
2837 4819 2975 4859 eum
3003 4804 3278 4861 transire.
3339 4801 3614 4860 Accersiit
3661 4797 3868 4865 quoque

2260 4892 2387 4964 ipse
2415 4907 2513 4945 rex
2545 4891 2719 4947 Balac
2751 4897 2944 4947 vatem
2986 4892 3317 4963 quemdam
3353 4905 3557 4949 senem
3587 4881 3871 4970 insignelfly.

2259 4980 2502 5035 nomine
2530 4980 2791 5041 Balaam,
2811 4980 2891 5035 ad
2907 4982 3345 5037 exsecrandum
3364 4977 3647 5053 pupulum
3665 4971 3780 5036 M0?
3783 4975 3866 5056 31f“

2261 5072 2325 5124 ut
2350 5067 2699 5123 vinceretur.
2748 5068 3145 5124 Proﬁciscenti
3203 5074 3404 5126 autem
3461 5065 3642 5123 Balaaa
3688 5057 3741 5111 in
3788 5060 3863 5102 V13

2258 5156 2512 5213 occurrit
2542 5157 2793 5228 angelus
2822 5158 3075 5223 Domini,
3111 5159 3358 5216 Michael
3386 5156 3601 5216 scilicet
3621 5144 3867 5228 defensor

2258 5224 2678 5302 lsraelitarum.
2714 5247 2899 5311 Quem
2933 5262 3070 5302 cum
3094 5247 3341 5304 vidisset
3369 5247 3534 5303 asina
3563 5237 3756 5295 Balaae,
3782 5224 3863 5279 (ἴθ’

2258 5332 2518 5403 clinavit,
2543 5339 2599 5390 et
2624 5334 2801 5390 allisit
2817 5334 3031 5406 pedem
3057 5335 3246 5391 Balate
3262 5336 3339 5393 ad
3354 5334 3645 5407 parietem,
3673 5325 3724 5377 et
3742 5322 3859 5370 eum

2257 5424 2452 5495 arguit
2470 5423 2641 5480 asina
2660 5424 2929 5480 humana
2945 5441 3105 5497 voce,
3130 5426 3449 5482 ostendens
3462 5413 3755 5479 terribilem
3776 5414 3857 5457 ar-

3459 5557 3506 5594 ”
3533 5552 3659 5608 Gen.
3688 5550 3777 5603 1η»
3805 5528 3851 5584 ί·

2370 5558 2415 5593 ¹⁸
2446 5560 2621 5615 Josue
2650 5575 2709 5629 v,
2746 5562 2830 5616 l3.
2929 5560 2972 5593 ’θ
3006 5561 3152 5615 Dan.
3184 5574 3287 5628 xu,
3319 5564 3367 5617 ί.

497 5644 545 5722 1‘
582 5644 725 5700 Gen.
751 5652 913 5708 xvui,
948 5622 1025 5691 1.’
1074 5636 1120 5669 ³³
1152 5634 1293 5689 Gen.
1324 5644 1447 5700 ni,
1481 5622 1513 5685 1⁷
1541 5643 1713 5703 seqq.
1790 5629 1839 5664 ³³
1869 5629 2008 5686 Gen.
2040 5644 2156 5685 χχιι

2267 5630 2367 5689 ιιι.
2442 5631 2489 5666 ³⁸
2519 5632 2659 5688 Gen.
2685 5622 2870 5704 xxxii,
2902 5633 2994 5687 28.
3069 5631 3117 5667 ³⁵
3153 5622 3341 5689 Exod.
3370 5644 3489 5698 xxv,
3520 5622 3545 5679 1
3579 5626 3729 5687 εθίιίῖο
