4096 6208
16 45 28 58 ν
124 33 193 58 πν
264 33 310 54 ‘L
377 39 410 58 ς·
487 33 510 46 ‘-

237 311 341 376 58l

237 531 632 604 splendorem
659 531 763 606 qui
786 548 859 589 ex
890 549 959 588 eo
980 533 1300 599 emicabat,
1332 534 1506 590 valde
1537 533 1791 590 territus.
1815 529 1903 584 di-

237 621 355 677 xit:
381 624 559 678 Parce
585 621 754 689 mihi,
779 637 958 694 parce
985 623 1128 678 mihi
1157 623 1424 679 Domine.
1451 627 1597 679 Nam
1619 623 1904 693 ignorans

243 710 514 781 peccavi.
563 710 677 766 Sed
709 711 868 767 hanc
916 709 1050 768 licet
1105 711 1390 768 visionem
1442 711 1770 785 aspexisset
1804 711 1902 764 Ba.

239 799 428 868 laam,
453 815 578 854 non
601 799 800 856 statim
823 806 913 855 est
940 816 1214 855 reversus
1238 817 1251 866 ;
1277 799 1380 856 sed
1408 791 1565 856 venit
1590 799 1667 855 ad
1699 813 1904 866 regem

239 888 442 954 Baiae,
471 889 576 961 qui
597 904 739 944 eum
771 895 1122 958 accerserat,
1152 894 1216 945 ut
1255 887 1552 945 desiderio
1578 889 1706 959 ejus
1733 887 1902 942 satis-

233 975 482 1032 faceret.
517 977 632 1033 Sed
663 975 849 1032 ambo
891 993 928 1032 a
957 993 1143 1049 scopo
1177 977 1546 1034 exciderunt.
1572 979 1715 1033 Nam
1762 989 1901 1030 cum

233 1066 298 1121 in
325 1065 622 1121 altissimo
653 1065 787 1122 loco
817 1065 1074 1122 stetisset
1099 1065 1363 1132 Balaam,
1393 1072 1448 1123 et
1497 1066 1905 1138 conspexisset

233 1161 438 1211 castra
471 1153 652 1210 Israel
683 1160 984 1225 tanquam
1018 1155 1232 1211 cedros
1264 1164 1506 1229 propter
1529 1171 1743 1228 aquas,
1769 1169 1902 1226 pro-

241 1244 554 1316 pheticam
577 1243 1060 1300 benedictionem
1086 1244 1220 1302 loco
1245 1245 1671 1301 exsecrationis
1703 1243 1789 1298 vel
1819 1243 1903 1298 in-

234 1333 400 1386 vitus
421 1337 590 1388 vates
614 1331 830 1388 effatus
857 1338 946 1387 est
999 1333 1226 1405 pOpulo
1277 1333 1613 1401 Israelitico,
1662 1333 1900 1387 dicens:

241 1444 268 1471 υ
301 1421 539 1477 Orietur
563 1419 734 1476 stella
765 1417 835 1477 ex
866 1424 1074 1490 Jacob,
1097 1428 1154 1478 et
1184 1430 1386 1492 surget
1414 1423 1595 1478 homo
1625 1438 1694 1476 ex
1729 1421 1905 1477 Israel

241 1516 299 1565 et
318 1509 658 1578 confringet
676 1509 863 1564 duces
881 1510 1074 1576 Moab,
1103 1533 1124 1558 ι
1150 1516 1260 1566 etc.
1287 1513 1532 1582 Propter
1553 1510 1779 1566 malum
1803 1526 1905 1566 au-

243 1603 365 1654 tem
392 1599 646 1654 omnino
665 1599 1169 1655 etexsecrandum
1186 1615 1361 1655 suum
1383 1599 1902 1672 consilium.quod

242 1687 538 1756 merebat,
573 1687 810 1744 Balaam
837 1689 1068 1761 accepit
1100 1691 1346 1745 exitium

1399 321 1490 376 na
1531 295 1587 377 ἓ.
1631 295 1981 376 MICHAELE
2019 292 2534 380 AliCiiAiiaaion

237 443 525 513 changeti
548 443 866 500 visionem.
902 443 1144 500 Balaam
1171 449 1375 501 autem
1409 460 1545 501 cum
1578 431 1904 515 aspexisset
1939 459 1982 512 Α
2015 439 2227 496 acerbe
2255 440 2420 512 dixit,
2471 449 2535 502 ut
2566 439 2658 504 est
2686 445 3003 504 verisimile
3045 465 3059 504 :

3119 451 3401 506 Nosterne
3453 466 3538 513 es,
3585 465 3664 508 an

2012 527 2494 590 adversariorum
2520 536 2548 591 ?
2589 535 2916 596 Prz‘eclarus
2969 537 3129 592 enim
3178 541 3316 592 tuus
3348 541 3405 595 et
3463 541 3666 596 Varius

2011 621 2526 687 aspectusincit'at
2555 639 2670 687 me,
2732 630 2794 679 ut
2840 630 2892 679 te
2940 627 3317 695 interrogem.
3379 628 3477 683 Dic
3523 643 3666 698 ergo

2013 704 2158 760 mihi
2187 707 2374 772 ocius,
2427 711 2780 783 priusquam
2825 718 2880 768 te
2911 713 3117 768 caesim
3161 715 3504 784 aggrediar.
3537 721 3664 773 Non

2012 793 2170 848 enim
2203 799 2492 868 convenit,
2528 801 2736 856 utacie
2785 800 2988 858 relicta
3013 801 3071 856 in
3130 801 3496 870 discrimine,
3551 821 3664 874 ego

2012 887 2064 936 te
2097 897 2345 953 pergam
2397 887 2640 960 alloqui.
2697 890 2961 945 Arbitror
3000 891 3161 946 enim
3194 895 3247 946 te
3309 893 3506 949 venire
3546 910 3660 950 nos

2012 973 2407 1042 speculatum.
2430 977 2526 1032 Sin
2578 985 2782 1034 autem
2807 978 3014 1034 venisti
3047 981 3374 1051 transfuga,
3430 982 3664 1053 abjecto

2010 1060 2126 1116 hoc
2148 1067 2250 1118 tuo
2275 1065 2528 1122 micante
2559 1067 2776 1138 gladio,
2813 1069 2892 1123 sis
2921 1069 3036 1124 cito
3065 1068 3406 1135 nobiscum,
3437 1077 3495 1127 et
3520 1071 3668 1128 libe:

2011 1163 2143 1204 rare
2169 1151 2247 1204 ab
2279 1153 2478 1221 exitio,
2503 1154 2668 1226 quod
2695 1155 2897 1227 impiae
2937 1156 3074 1212 urbi
3115 1159 3347 1214 Iericho
3371 1160 3661 1231 imminet,

2014 1238 2111 1294 Sin
2143 1246 2342 1297 autem
2387 1259 2452 1298 es
2485 1249 2702 1310 noster,
2751 1262 2856 1301 cur
2881 1245 3046 1302 solus
3079 1254 3200 1304 stas
3225 1250 3393 1305 extra
3450 1252 3664 1320 aciem,

2012 1342 2148 1398 quae
2171 1337 2440 1386 versatur
2460 1333 2520 1388 in
2546 1335 2869 1390 certamine
2889 1336 2918 1391 ?
2952 1337 3051 1392 Dic
3087 1337 3233 1392 mihi
3265 1345 3464 1395 autem
3515 1341 3667 1397 ocis-

2013 1416 2184 1482 sime,
2225 1433 2336 1488 ego
2370 1422 2530 1476 enim
2555 1439 2625 1476 ex
2653 1423 2860 1492 lingua
2891 1425 3176 1481 Hebraica
3223 1431 3278 1482 te
3309 1443 3661 1497 agnoscam.

2015 1507 2146 1560 time
2190 1523 2328 1562 cum
2376 1509 2767 1580 interrogaret
2807 1513 2980 1567 Jesus
3022 1506 3197 1584 Nave,
3249 1517 3558 1587 respondit
3613 1519 3666 1573 ei

2011 1593 2250 1650 Michael
2280 1611 2537 1665 magnus
2567 1599 2782 1656 ductor
2811 1601 2910 1680 Dei
2941 1601 3262 1659 ordinum:
3309 1606 3430 1674 Ego
3453 1608 3666 1677 praeci-

2010 1697 2170 1754 puus
2199 1683 2323 1740 dux
2346 1687 2658 1758 copiarum
2693 1689 2922 1745 Domini
2947 1705 3106 1746 nunc
3126 1693 3370 1750 accessi.
3395 1693 3667 1750 Protinus

319 1778 460 1832 XIV.
491 1775 662 1842 Quod
683 1782 886 1833 autem
916 1783 1072 1833 esset
1099 1776 1341 1834 Michael
1363 1778 1640 1852 princeps
1670 1777 1904 1836 Domini
1939 1781 1976 1844 Β
2010 1779 2233 1839 autem,
2269 1774 2516 1845 abiectis
2549 1777 2734 1832 armis
2761 1777 2906 1844 suiS,
2937 1778 3112 1834 Jesus
3137 1783 3293 1835 Nave
3334 1781 3496 1836 humi
3520 1784 3662 1838 ceci-

241 1866 492 1930 militiae,
515 1867 621 1938 qui
651 1867 911 1922 occurrit
940 1866 1152 1936 Balaae,
1201 1871 1256 1923 et
1287 1867 1337 1922 ei
1389 1866 1789 1936 denuntiavit,
1839 1872 1904 1922 ut

241 1955 346 2028 qui
373 1962 536 2011 esset
558 1954 680 2010 dux
729 1954 936 2028 populi
983 1955 1350 2027 Iudaeorum,
1396 1972 1657 2027 eumque
1685 1971 1900 2027 praece-

239 2045 411 2100 deret
465 2049 520 2100 et
565 2043 864 2115 educeret,
931 2049 1133 2115 aperte
1173 2045 1431 2101 ostendit
1489 2045 1791 2116 Scriptura
1843 2045 1902 2098 in

241 2148 498 2206 corpore
544 2131 780 2204 Moysis,
810 2139 873 2188 ut
919 2131 1327 2188 divinissimus
1365 2133 1548 2189 ludas
1593 2132 1901 2206 apostolus

241 2221 427 2277 frater
457 2222 713 2289 Domini,
768 2220 917 2278 dixit
966 2222 1025 2276 in
1081 2237 1191 2277 sua
1244 2223 1548 2278 Catholica
1597 2221 1898 2293 Epistola:

241 2310 490 2366 Michael
521 2316 722 2366 autem
753 2310 1172 2379 archangelus,
1223 2311 1473 2383 quando
1532 2309 1903 2366 contendens

241 2415 385 2455 cum
441 2397 710 2466 diabolo,
758 2399 1093 2455 disserebat
1120 2399 1194 2455 de
1219 2415 1468 2472 corpore
1511 2399 1748 2472 Moysis,
1781 2413 1900 2453 non
1932 2433 1938 2438 -

242 2503 433 2543 ausus
457 2491 549 2543 est
574 2485 781 2542 efferre
803 2486 1100 2558 judicium
1145 2487 1558 2560 blasphemiae,
1619 2487 1732 2542 sed'
1755 2487 1904 2542 dixit

245 2577 300 2631 ei
335 2575 590 2646 angelus
615 2593 629 2629 :
654 2577 924 2648 lncrepet
939 2581 991 2630 te
1015 2577 1325 2631 Dominus.
1346 2577 1498 2642 Quid
1531 2581 1728 2632 autem
1763 2589 1902 2631 cum

243 2663 499 2720 diabolo
525 2663 842 2719 dissereret
865 2663 1087 2720 militiae
1107 2666 1387 2738 princeps
1436 2665 1699 2730 Michael,
1756 2665 1903 2720 scie-

243 2751 760 2808 mus.Conabatur
778 2751 981 2818 hostis,
1004 2756 1062 2807 et
1080 2751 1377 2818 inimicus,
1399 2758 1455 2808 et
1472 2753 1760 2824 profanus
1780 2753 1904 2808 dia-

243 2837 427 2897 bOlus
457 2857 597 2897 cum
629 2857 869 2896 summa
893 2840 1289 2913 impudentia,
1323 2848 1380 2898 et
1408 2842 1803 2898 contendebat
1840 2842 1900 2898 in

243 2930 504 2985 decessu
524 2930 761 3001 Moysis,
793 2929 896 3002 qui
927 2932 1113 2985 Deum
1133 2930 1396 2986 maxime
1423 2937 1509 2986 est
1539 2931 1902 3002 contempla-

241 3026 343 3074 tus
365 3019 622 3088 efﬁcere,
652 3024 718 3074 ut
747 3019 876 3090 ejus
914 3035 1132 3092 corpus
1159 3021 1525 3091 redigeretur
1579 3020 1692 3075 sub
1741 3028 1903 3092 pote-

241 3114 461 3164 statam
493 3109 784 3175 interitus,
812 3115 877 3164 ut
907 3109 1107 3165 nullus
1134 3109 1359 3165 videret
1388 3109 1615 3165 bonum
1658 3111 1900 3180 signum
1941 3135 1981 3190 ρ

241 3199 308 3253 in
335 3197 608 3253 futurum
636 3197 715 3253 ad
743 3197 1077 3254 humanam
1107 3199 1450 3256 essentiam.
1473 3201 1537 3254 Et
1565 3199 1700 3254 ideo
1749 3197 1904 3254 dice-

245 3287 357 3343 bat
383 3286 800 3342 tenebricosus
823 3287 1002 3343 Satan
1028 3287 1500 3344 luminosissimo
1553 3289 1648 3342 Dei
1682 3289 1902 3343 militiae

243 3375 506 3448 principi
538 3373 821 3438 Michaeli,
847 3377 1111 3448 Moysem
1141 3376 1350 3432 fecisse
1376 3377 1600 3432 caedem
1624 3377 1901 3448 Egyptii,

245 3469 309 3520 et
333 3463 452 3520 alia
476 3464 537 3519 in
567 3480 708 3519 eum
729 3463 1110 3534 conﬁngebat
1131 3464 1465 3521 calumnias
1512 3479 1569 3521 et
1617 3466 1902 3522 crimina-

247 3553 468 3608 tiones.
503 3552 776 3622 Superbo
805 3567 947 3622 ergo
969 3559 1024 3608 et
1033 3552 1410 3624 jactabundo
1433 3553 1676 3622 maligni
1699 3554 1904 3610 animo

247 3640 540 3696 resistens
569 3639 811 3696 Michael
841 3640 1237 3710 archangelus
1266 3645 1324 3696 et
1379 3641 1814 3712 contradicens,
1849 3648 1904 3698 et

248 3743 419 3784 nune
431 3727 568 3797 hoc,
586 3743 748 3784 nunc
767 3727 913 3783 illud
929 3729 1302 3800 respondens
1325 3728 1404 3785 ad
1425 3745 1497 3786 ea
1513 3729 1902 3792 confutanda.

250 3833 390 3888 quae
425 3815 622 3872 abillo
655 3816 1010 3872 dicebantur
1038 3817 1334 3889 improbe,
1362 3823 1666 3890 postremo
1697 3821 1905 3876 videns

247 3905 385 3976 ejus
416 3904 714 3973 insignem
745 3904 1204 3976 impudentiam,
1256 3921 1394 3961 eum
1442 3907 1788 3978 increpavit,
1820 3909 1904 3964 di-

249 3995 726 4065 cens:lncrepet
765 3998 819 4048 te
869 3993 1196 4058 Dominus;
1229 3995 1344 4050 hoc
1391 3999 1515 4051 est:
1565 3999 1724 4065 Te,o
1779 3997 1904 4054 dia-

249 4080 411 4148 bole,
441 4080 655 4152 perdat
683 4083 855 4136 Deus.
919 4081 1246 4154 Statimque
1293 4083 1536 4139 evanuit
1581 4085 1903 4142 sceleratus

249 4169 659 4225 adversarius.
682 4168 834 4224 Talis
859 4174 946 4225 est
971 4169 1133 4224 enim
1157 4171 1421 4241 potentia
1443 4171 1696 4228 diviniet
1716 4176 1903 4230 Deum

250 4257 716 4330 contemplantis
748 4257 1067 4323 Michaelis,
1101 4264 1158 4314 et
1186 4259 1314 4314 haec
1339 4265 1444 4331 est,
1501 4277 1637 4333 qute
1667 4263 1774 4319 fuit
1819 4263 1904 4319 di-

251 4346 518 4418 sputatio
548 4351 606 4402 et
635 4347 935 4402 contentio
984 4347 1044 4402 in
1098 4347 1354 4402 decessu
1410 4350 1615 4419 magni
1666 4352 1902 4423 Moysis.

250 4433 504 4507 quando
533 4435 665 4506 ejus
692 4451 912 4507 corpus
966 4436 1284 4492 abscondit
1329 4437 1572 4494 Michael
1625 4442 1905 4512 princeps

253 4523 506 4592 militiae,
538 4525 642 4596 qui
664 4530 753 4580 est
777 4523 1185 4596 angelicarum
1214 4529 1574 4596 potestatum
1621 4534 1907 4600 priestan-

249 4611 542 4669 tissimus.

324 4703 440 4756 XV.
491 4700 659 4758 Sedis
689 4715 932 4774 quoque
963 4701 1143 4758 etiam
1173 4709 1312 4774 post
1352 4703 1672 4761 decessum
1720 4707 1906 4764 divini

253 4789 452 4855 Hosis,
485 4805 623 4846 cum
645 4792 814 4846 Jesus
831 4793 989 4847 Nave
1019 4790 1302 4846 divinitus
1327 4793 1388 4848 in
1408 4793 1704 4867 populum
1729 4798 1905 4852 Israe-

249 4876 482 4934 liticum
508 4879 864 4936 obtinuisset
906 4879 1242 4952 imperium,
1289 4885 1346 4936 et
1387 4897 1524 4937 eum
1574 4884 1818 4940 duceret
1843 4885 1902 4940 in

249 4971 474 5024 terram
501 4967 942 5039 promissionis,
993 4974 1049 5024 et
1078 4971 1391 5025 struxisset
1441 4971 1631 5041 aciem
1697 4978 1906 5030 contra

250 5056 631 5112 adversarios
655 5061 713 5112 et
738 5057 813 5112 de
843 5057 1276 5114 committenda
1304 5059 1510 5131 prmlio
1564 5060 1898 5134 dissereret,

246 5145 416 5200 visus
445 5145 498 5201 ei
527 5149 817 5218 tanquam
863 5145 1222 5202 fortissimus
1265 5147 1434 5203 miles
1483 5149 1702 5206 militiee
1739 5152 1902 5223 prin-

245 5249 394 5304 ceps
423 5232 686 5304 Michael,
721 5239 887 5289 stans
913 5234 1160 5290 omnino
1186 5239 1436 5304 erectus,
1463 5235 1598 5293 laeto
1648 5238 1814 5294 vultu
1849 5245 1904 5296 et

243 5327 413 5378 veste
441 5321 717 5392 insignis,
744 5327 991 5394 eratque
1044 5323 1283 5378 strictus
1335 5323 1570 5392 gladius
1595 5326 1656 5382 in
1713 5343 1902 5385 manu

245 5409 406 5480 ejus.
452 5411 752 5466 Accedens
783 5426 926 5466 vero
971 5413 1159 5483 Jesus,
1193 5411 1298 5484 qui
1353 5417 1478 5468 erat
1533 5420 1820 5484 armatus,
1849 5417 1899 5473 ei

256 5690 260 5693 ,
327 5627 376 5660 ²⁶
400 5627 574 5682 Num.
605 5641 910 5682 xxii-xxxi.
985 5629 1033 5663 ’τ
1062 5627 1250 5696 ludas,
1277 5633 1332 5685 9.

2010 1861 2096 1916 dit
2127 1863 2188 1917 in
2215 1870 2457 1932 terram,
2489 1865 2721 1937 etfeum
2743 1866 3038 1933 adoravit,
3098 1867 3341 1924 dicens:
3393 1873 3663 1937 Domine,

2008 1947 2274 2014 domine,
2303 1952 2449 2022 quid
2475 1953 2736 2025 imperas
2759 1959 2860 2010 tuo
2888 1953 3164 2010 famulo?
3195 1959 3344 2012 Nam
3373 1974 3485 2028 ego
3513 1975 3663 2031 quo-

2008 2052 2125 2108 que
2151 2054 2286 2092 sum
2319 2045 2457 2094 tuus
2483 2041 2765 2111 famulus,
2795 2043 2946 2098 sicut
2973 2044 3154 2099 etiam
3180 2044 3462 2100 dominus
3487 2062 3665 2102 meus

2009 2126 2263 2196 Moyses.
2297 2125 2379 2182 Tu
2439 2143 2674 2184 mecum
2727 2143 2972 2202 quoque
3021 2130 3139 2185 duc
3182 2133 3533 2198 exercitum,
3565 2150 3663 2189 me

2011 2219 2320 2284 perpetuo,
2372 2216 2526 2273 sicut
2597 2217 2790 2287 illum,
2845 2219 3269 2275 corroborans.
3331 2222 3478 2276 Ecce
3501 2223 3663 2278 enim

2009 2300 2304 2358 adversus
2330 2305 2535 2361 hostes
2560 2305 2787 2362 fortiter
2814 2307 3001 2362 direxi
3034 2307 3248 2378 aciem,
3280 2307 3465 2365 fretus
3513 2310 3662 2365 invi-

2010 2387 2117 2444 ctis
2147 2392 2263 2446 tuis
2287 2393 2532 2459 viribus,
2564 2409 2672 2466 per
2699 2411 2854 2467 quas
2881 2410 3075 2452 saevus
3112 2401 3170 2453 et
3193 2397 3478 2453 immanis
3516 2399 3662 2454 Pha-

2007 2493 2116 2535 rao
2163 2495 2298 2536 cum
2348 2486 2472 2538 toto
2503 2482 2785 2553 exercitu,
2818 2483 3110 2554 colligatis
3159 2485 3340 2540 simul
3374 2499 3662 2542 curruum

2009 2568 2249 2637 axibus,
2281 2577 2346 2626 ut
2377 2573 2529 2628 mari
2567 2571 2838 2630 funditus
2883 2573 3237 2629 obrueretur
3265 2571 3548 2630 effecisti:
3608 2584 3664 2631 et

2009 2658 2115 2731 qui
2145 2657 2462 2716 dominum
2485 2675 2688 2718 meum
2713 2665 2952 2734 Moysen
2973 2661 3034 2717 in
3059 2663 3156 2718 via
3181 2663 3532 2720 obsistendo
3549 2665 3661 2720 im-

2011 2747 2346 2819 pedierunt,
2379 2751 2598 2822 impios
2627 2750 2913 2807 Moabitas
2934 2751 3012 2806 ad
3045 2739 3510 2808 internecionem
3565 2753 3663 2808 de-

2010 2835 2218 2891 levisti.
2239 2837 2390 2902 Quid
2407 2838 2670 2910 imperas
2687 2838 2914 2894 famulo
2933 2844 3062 2903 tuo,
3091 2839 3332 2896 domine
3355 2845 3384 2895 ?
3404 2842 3660 2898 Sanctis-

2013 2925 2202 2980 simus
2233 2931 2436 2982 autem
2465 2928 2748 2999 princeps
2775 2929 2872 2982 Dei
2902 2928 3124 2983 militiae
3171 2928 3313 2983 dicit
3359 2929 3448 2984 ei:
3489 2930 3661 2986 Solve

2011 3015 2247 3070 calceos
2295 3031 2360 3070 ex
2393 3015 2648 3087 pedibus
2678 3017 2812 3072 tuis.
2847 3018 3036 3070 Locus
3087 3016 3247 3072 enim
3272 3017 3331 3072 in
3357 3033 3481 3089 quo
3515 3025 3660 3084 stas,

2012 3109 2378 3158 estsanetus.
2409 3104 2580 3168 Quod
2612 3120 2750 3158 cum
2779 3105 2977 3160 statim
3009 3104 3236 3160 factum
3265 3111 3442 3175 esset,
3484 3107 3662 3177 jussit

2011 3197 2078 3246 ut
2103 3191 2715 3248 audacterinvaderet
2735 3192 2944 3247 urbem
2977 3191 3162 3258 illam,
3195 3199 3424 3265 septem
3473 3212 3660 3252 muris

2012 3281 2424 3336 circumdatam
2445 3280 3047 3351 etinexpugnabilem
3067 3298 3081 3336 :
3100 3285 3158 3337 et
3175 3281 3355 3338 simul
3373 3288 3553 3356 atque
3574 3285 3660 3340 in-

2013 3370 2414 3425 vasissetcum
2428 3374 2656 3441 septem
2671 3369 3088 3424 sacerdotibus
3108 3370 3255 3426 tuba
3275 3373 3630 3428 canentibus
3642 3419 3654 3432 .

2011 3474 2146 3514 eam
2174 3458 2251 3513 ad
2283 3457 2478 3513 solum
2505 3473 2696 3530 usque
2725 3457 2904 3513 diruit
2933 3457 3389 3526 admirabiliter,
3437 3468 3496 3517 et
3522 3477 3658 3518 eam

2013 3553 2199 3603 totam
2227 3563 2364 3602 cum
2403 3546 2688 3602 omnibus
2718 3545 2950 3602 aedibus
2987 3552 3044 3602 et
3079 3547 3297 3603 divitiis
3321 3551 3565 3619 exussit,
3599 3557 3664 3607 ut

2012 3636 2117 3708 qui
2165 3651 2300 3691 eam
2363 3635 2635 3700 Domino,
2688 3639 2980 3706 tanquam
3021 3643 3442 3694 consecratum
3469 3639 3660 3696 dona-

2011 3725 2168 3781 rium
2197 3730 2255 3780 et
2299 3724 2521 3797 prtedte
2577 3724 2895 3796 primitias,
2950 3724 3246 3781 obtulerit.
3307 3727 3530 3784 Deinde
3577 3731 3662 3785 sic

2013 3820 2223 3888 postea
2251 3814 2459 3885 viginti
2484 3820 2541 3871 et
2564 3829 2782 3870 novem
2808 3829 3000 3884 reges,
3021 3820 3238 3886 praeter
3262 3817 3492 3873 Iericho
3522 3834 3660 3874 cum

2013 3920 2220 3962 eorum
2271 3903 2624 3961 exercitibus
2682 3909 2740 3960 et
2790 3901 3040 3958 urbibus
3063 3905 3234 3958 Jesus
3286 3907 3446 3961 Nave
3499 3906 3659 3961 ﬁlius

2015 3994 2410 4066 consumpsit,
2454 4008 2576 4048 non
2633 3993 2868 4048 habens
2923 3990 3244 4057 civitatem,
3303 4006 3428 4048 non
3475 3992 3661 4049 ullam

2013 4081 2151 4137 belli
2182 4065 2408 4147 sedem,
2440 4096 2564 4136 non
2585 4078 2823 4140 milites,
2846 4077 2952 4150 qui
2984 4077 3165 4134 ullam
3195 4077 3490 4136 haberent
3515 4080 3654 4137 belli

2012 4170 2306 4243 peritiam,
2335 4168 2441 4224 sed
2464 4161 2668 4223 divino
2685 4171 2853 4232 nutu,
2881 4172 2938 4222 et
2967 4165 3191 4222 auxilio
3218 4167 3470 4224 maximi
3488 4169 3661 4226 ducis

2013 4261 2284 4319 omnium
2312 4258 2639 4316 caelestium
2668 4260 3050 4330 potestatum.

2085 4351 2215 4407 XVI.
2249 4352 2385 4405 Erat
2412 4348 2573 4404 enim
2597 4348 2694 4404 hic
2722 4346 2943 4403 militiae
2995 4346 3298 4419 princeps,
3328 4347 3433 4420 qui
3479 4349 3657 4406 etiam

2013 4440 2074 4496 in
2101 4438 2330 4497 Goliath
2351 4452 2509 4510 pone
2528 4443 2620 4493 est
2632 4436 2956 4508 jaeulatus.
2978 4440 3036 4492 et
3065 4451 3206 4492 eum
3233 4451 3497 4508 pronum
3527 4454 3660 4510 pro-

2015 4529 2239 4600 stravit,
2256 4526 2505 4600 quando
2527 4525 2732 4581 divina
2749 4524 2939 4581 funda
2963 4523 3071 4580 fuit
3089 4539 3413 4597 percussus
3435 4526 3533 4581 Dei
3557 4543 3662 4598 pa-

2013 4618 2196 4675 rentis
2227 4616 2434 4673 David.
2466 4615 2586 4672 Nisi
2615 4614 2775 4671 enim
2805 4612 3055 4685 angelus
3082 4613 3314 4670 Domini
3333 4629 3474 4670 eum
3504 4630 3660 4686 pone

2015 4707 2424 4780 percussisset,
2457 4704 2707 4777 supinus
2738 4702 3045 4758 cecidisset
3069 4702 3129 4756 iu
3167 4701 3361 4758 fronte
3413 4708 3660 4774 accepto

2013 4797 2260 4854 vulnere
2282 4797 2354 4850 '9.

2085 4886 2242 4942 XVII.
2271 4882 2564 4940 Eumdem
2597 4886 2799 4937 autem
2829 4879 3163 4936 maximum
3193 4877 3414 4934 militias
3445 4877 3661 4951 princi-

2011 4990 2152 5047 pem
2177 4973 2339 5029 videt
2383 4973 2562 5028 etiam
2599 4969 2696 5025 Dei
2727 4983 3003 5024 summus
3030 4967 3467 5038 contemplator
3517 4985 3657 5042 pro-

2012 5064 2196 5136 pheta
2217 5061 2439 5130 Daniel,
2475 5073 2735 5129 arguens
2757 5055 3092 5126 sceleratos,
3121 5055 3225 5126 qui
3251 5055 3545 5113 adversus
3567 5076 3661 5116 ca-

2012 5156 2168 5206 stam
2200 5152 2536 5206 Susannam
2558 5144 2944 5209 insanierant,
2962 5147 3020 5198 et
3049 5141 3190 5198 dicit
3218 5141 3387 5199 alteri
3417 5159 3655 5201 eorum:

2013 5260 2042 5288 ‹‹
2066 5239 2385 5310 Exspectat
2411 5233 2662 5305 angelus
2693 5231 2795 5287 Dei
2809 5231 2938 5302 jam
2962 5233 3173 5286 tenens
3197 5231 3486 5303 gladium,
3521 5239 3585 5289 ut
3604 5240 3659 5289 te

2011 5332 2169 5383 secet
2205 5325 2473 5381 medium
2494 5324 2561 5378 ³ο.
2589 5344 2618 5373 »
2643 5321 2795 5388 Quin
2827 5319 3007 5376 etiam
3049 5324 3376 5392 postquam
3405 5320 3568 5378 venit
3597 5321 3656 5375 in

2011 5423 2275 5472 mentem
2309 5414 2406 5470 Dei
2432 5413 2666 5486 parenti
2684 5415 2741 5467 et
2763 5410 2890 5480 regi
2916 5408 3124 5480 David,
3157 5409 3295 5468 facti
3321 5409 3398 5466 ab
3420 5425 3491 5466 eo
3517 5425 3655 5482 pec-

1430 5629 1478 5664 ²⁶
1507 5631 1686 5688 Josue
1714 5648 1876 5690 v-xu.
1950 5633 2000 5712 ξ’
2027 5635 2068 5690 Ι.
2101 5635 2241 5705 Reg.
2273 5647 2412 5700 xm,
2450 5635 2468 5688 I
2502 5645 2673 5705 seqq.
2747 5625 2796 5666 3°
2826 5627 2999 5700 Dan.,
3031 5641 3145 5692 xui,
3169 5627 3255 5686 59.
