4096 6208
453 286 555 353 583

1683 276 2164 345 PANTALEONIS
2200 278 2487 347 DIACONI
2525 283 2627 347 ορ.

3760 285 3859 348 584

454 421 589 489 cati,
613 421 671 476 et
687 417 989 489 egregiam
1005 415 1170 472 illam
1187 414 1719 488 compunctionem
1740 418 1798 471 ct
1819 414 2104 487 poeniten-
2137 418 2183 471 A
2211 413 2409 471 lorum
2439 414 2957 472 infestissimorum
2978 413 3201 472 factam
3254 414 3506 487 cladem,
3540 417 3599 471 et
3629 417 3862 487 turpem

453 511 597 566 tiam
623 508 738 564 cito
756 506 1032 573 ostendit,
1057 521 1196 561 cum
1226 520 1351 577 qua
1376 504 1526 560 tiens
1552 520 1625 560 ex
1652 504 1951 575 profundo
1973 519 2102 560 cor-

452 599 545 655 dis
574 597 888 654 clamavit:
918 619 944 645 ‹‹
968 595 1210 652 Peccavi
1234 595 1485 650 Domino
1510 614 1524 663 ;
1549 617 1576 643 η
1602 599 1927 667 postquam
1956 588 2103 649 vidit

450 688 743 761 propheta
770 685 1002 741 Nathan
1024 684 1329 753 angelum,
1353 684 1454 756 qui
1475 689 1598 740 erat
1617 688 1887 756 paratus,
1910 699 2101 739 reces-

450 777 620 842 sisse,
650 775 797 830 dixit
820 774 1026 829 divino
1055 773 1263 829 Davidi
1292 795 1303 830 :
1341 796 1361 821 α
1391 774 1679 829 Dominus
1701 788 1945 845 quoque
1966 771 2097 827 abs-

450 865 578 922 tulit
607 869 919 936 pcccatum
943 867 1111 919 tuum
1140 881 1152 930 ;
1182 878 1306 918 non
1345 862 1617 918 morieris
1646 864 1714 930 θλ,
1752 886 1778 911 ››
1808 877 2099 933 magnam

448 952 880 1011 etinetl'abilem
904 951 1148 1021 benigni
1172 951 1271 1008 Dei
1292 950 1619 1009 bonitatem
1642 951 1695 1008 ei
1710 951 2096 1019 annuntians,

448 1049 505 1100 et
536 1060 673 1099 eum
702 1041 1037 1098 consolans.

520 1136 700 1187 XVIII.
742 1134 871 1187 Jam
902 1145 1043 1187 vero
1084 1146 1219 1186 cum
1252 1129 1660 1187 exsecrandus
1692 1128 2098 1187 Sennacherib

443 1238 551 1279 rex
572 1222 976 1294 Assyriorum,
998 1220 1288 1292 plurimas
1306 1225 1513 1291 gentes
1544 1219 1873 1289 redegisset
1895 1219 1954 1274 in
1978 1234 2097 1274 ser-

443 1311 564 1369 vitu
577 1316 713 1379 tem,
732 1318 784 1367 et
801 1308 1247 1366 multasJudzeas
1263 1310 1524 1365 munitas
1542 1312 1799 1381 cepisset
1812 1308 2096 1363 civitates:

443 1398 1078 1458 venitetcircumdedit
1095 1398 1422 1455 Jerusalem
1438 1415 1575 1453 cum
1593 1397 1873 1454 maximis
1889 1397 2100 1477 copiis,

445 1496 498 1545 et
526 1490 731 1545 statuit
792 1488 1145 1557 Rasphacen
1196 1487 1593 1543 saevissimum
1656 1502 1835 1541 suum
1884 1486 2101 1541 ducem

444 1579 521 1634 ad
550 1579 849 1651 piscinam
871 1574 983 1631 vim
1013 1575 1361 1648 superioris,
1405 1582 1461 1631 et
1493 1575 1776 1632 clamavit
1816 1575 2099 1630 Hebraice

446 1668 525 1724 ad
555 1666 866 1725 Ezechiam
892 1666 1223 1733 etJudaeos,
1256 1665 1357 1737 qui
1380 1670 1548 1720 erant
1568 1665 1630 1720 in
1652 1665 1909 1733 civitate,
1933 1664 2097 1720 blas-

2211 504 2451 561 illorum
2468 505 2701 576 fugam,
2726 519 2798 560 ne
2814 504 2893 560 sic
2911 504 3159 576 quidem
3186 508 3506 577 potuerunt
3532 503 3865 571 intelligere

2213 597 2267 648 et
2292 609 2643 664 agnoscere.
2674 593 2781 649 sed
2820 592 3102 649 dicebant
3127 597 3360 650 :Manus
3390 599 3595 650 nostra
3627 591 3865 648 excelsa

2209 681 2346 738 fecit
2369 684 2497 739 hinc
2523 683 2728 739 omnia
2756 683 3053 756 prodigia.
3088 685 3409 755 Propterea
3461 682 3709 739 tradidit
3763 696 3866 735 eos

2208 772 2362 827 Deus
2374 773 2621 828 omnino
2636 773 2693 829 in
2710 789 2924 829 manus
2941 772 3494 829 Nabuchodonosor
3511 771 3671 841 regis
3695 770 3866 827 Chal-

2206 861 2498 933 decorum,
2531 863 2628 936 qui
2649 864 2827 920 etiam
2851 863 3259 919 diruitomnes
3280 879 3487 919 muros
3502 861 3865 928 Jerusalem,

2207 956 2263 1007 et
2281 951 2545 1008 incendit
2568 952 2867 1008 civitatem
2894 957 3099 1021 totam,
3135 957 3193 1007 et
3220 951 3471 1008 domum
3523 950 3784 1020 Domini,
3812 954 3871 1007 et

2206 1040 2363 1097 bello
2394 1046 2571 1114 capta
2600 1042 2829 1115 accepit
2865 1058 3013 1099 vasa
3062 1057 3253 1111 sacra,
3309 1046 3367 1098 et
3413 1040 3865 1097 multitudinem

2207 1130 2548 1187 divitiarum
2579 1146 2808 1202 eorum,
2841 1136 2897 1188 et
2922 1131 3093 1188 duxit
3120 1130 3326 1188 omnia
3375 1130 3766 1203 Babylonem.
3802 1131 3870 1185 Et

2207 1218 2449 1275 fuerunt
2476 1219 2665 1276 Judtei
2685 1220 3004 1277 servientes
3027 1220 3088 1275 in
3119 1219 3451 1292 captivitate
3468 1235 3610 1275 cum
3635 1232 3867 1288 magno

2211 1315 2373 1365 metu
2399 1310 2708 1377 Chaldzeis,
2733 1311 2995 1367 colentes
3024 1326 3235 1367 omnes
3260 1326 3468 1366 eorum
3513 1309 3867 1378 simulacra,

2211 1404 2419 1472 praeter
2445 1405 2686 1456 sanctos
2710 1407 2826 1457 tres
2868 1415 3087 1473 pueros
3130 1405 3188 1456 et
3246 1398 3602 1472 prophetam
3656 1397 3870 1455 Danie-

2208 1489 2323 1546 lem
2336 1531 2350 1547 .

2282 1581 2383 1635 XX.
2420 1578 2488 1635 ili
2510 1578 2669 1635 enim
2696 1578 2802 1635 soli
2833 1579 2943 1635 viri
2968 1579 3068 1651 pii,
3102 1578 3333 1635 etiamsi
3387 1577 3566 1650 plane
3600 1576 3867 1633 infantes

2206 1668 2671 1727 abductiessent
2700 1669 2761 1724 in
2783 1669 3205 1741 captivitatem,
3235 1668 3335 1725 Dei
3393 1668 3671 1725 timorem
3707 1683 3869 1723 sem-

444 1760 669 1830 phema
693 1757 877 1812 verba
905 1755 1110 1810 dicens
1140 1762 1196 1810 et
1225 1755 1529 1811 satanica:
1566 1777 1593 1804 ‹‹
1625 1755 1758 1811 Haec
1781 1759 1981 1811 autem
2010 1754 2095 1810 di-
2126 1771 2166 1825 Β
2204 1774 2311 1832 per
2329 1758 2635 1826 habentes,
2667 1774 2791 1814 non
2829 1774 2969 1813 cum
3017 1757 3107 1813 sui
3166 1757 3398 1827 generis
3445 1756 3863 1830 pontiﬁcibus,

443 1848 519 1905 cit
548 1847 718 1903 vobis
752 1862 854 1901 rex
884 1860 1145 1915 magnus
1194 1844 1616 1916 Assyriorum:
1682 1846 1824 1910 Quae
1854 1849 1941 1899 est
1965 1844 2095 1901 haec

442 1938 684 2006 fiducia,
715 1950 838 2007 qua
868 1933 1186 2000 conﬁditis,
1218 1934 1383 2005 quod
1415 1933 1646 1988 dicitis:
1681 1937 1741 1988 In
1774 1933 2092 1988 Dominum

443 2029 628 2082 Deum
656 2023 1017 2081 confidimus
1033 2028 1060 2078 Σ)
1073 2022 1436 2092 Egredimini
1450 2022 1526 2079 ad
1539 2021 1855 2078 dominum
1887 2037 2091 2077 meum

441 2119 743 2186 potentem
802 2128 1006 2183 regem
1059 2111 1484 2180 Sennacherib,
1517 2116 1574 2167 et
1622 2110 1851 2176 vivetis,
1887 2116 2087 2167 etnon

442 2202 810 2261 moriemini:
854 2206 911 2257 et
939 2200 1213 2256 comedet
1242 2201 1330 2255 vir
1382 2200 1567 2255 ficum
1596 2216 1791 2268 suam,
1824 2204 1877 2255 et
1927 2199 2093 2256 bibet

440 2295 615 2350 vitem
640 2308 844 2347 suam:
872 2295 927 2345 et
942 2289 1234 2361 accipiam
1256 2305 1329 2343 ex
1347 2288 1517 2344 vobis
1536 2289 1594 2343 in
1620 2293 1838 2344 terram
1868 2305 2084 2358 meam,

442 2386 498 2438 et
526 2381 784 2450 gloriﬁca
797 2381 872 2434 bo
894 2377 1064 2433 valde
1088 2384 1145 2432 et
1173 2377 1580 2446 magniﬁcabo
1606 2393 1617 2432 :
1656 2382 1714 2434 et
1738 2394 1809 2433 ne
1834 2378 2090 2434 audiatis

442 2468 771 2529 Ezechiam,
803 2466 1090 2538 quoniam
1120 2481 1225 2520 vos
1256 2465 1494 2537 decipit,
1523 2465 1727 2521 dicens
1753 2485 1765 2521 :
1803 2467 2087 2522 Dominus

441 2555 861 2614 nosliberabit.
881 2559 1029 2610 Num
1044 2554 1364 2609 liberantes
1379 2554 1707 2610 liberarunt
1722 2555 1801 2610 dii
1823 2556 2087 2625 gentium

442 2646 861 2718 unusquisque
885 2659 1056 2699 suam
1072 2643 1379 2712 regionem
1398 2659 1631 2699 amanu
1652 2644 1809 2713 regis
1823 2645 2086 2717 Assyrio-

438 2754 572 2795 rum
594 2739 621 2793 ?
647 2758 668 2785 ›
688 2730 970 2791 Hmccum
988 2732 1588 2803 audiissethechias,
1606 2732 1798 2788 induit
1818 2750 2081 2806 saccum,

439 2832 494 2883 et
513 2828 816 2895 ingressus
838 2828 925 2879 est
941 2823 999 2877 in
1023 2823 1273 2878 domum
1290 2838 1481 2892 suam,
1507 2827 1563 2878 et
1584 2823 1745 2878 ﬂevit
1770 2823 2085 2879 vehemen-

436 2922 543 2983 ter,
574 2916 782 2971 dicens
811 2930 824 2968 :
856 2936 882 2963 »
910 2912 1156 2968 Domine
1183 2914 1337 2967 Deus
1358 2911 1555 2978 Israel,
1579 2928 1683 2984 qui
1705 2911 1875 2968 sedes
1907 2929 2085 2985 super

436 3005 768 3073 cherubim,
800 3008 856 3059 et
883 3003 945 3058 in
975 3002 1183 3057 orbem
1217 3001 1607 3057 circumdaris
1654 3007 1710 3057 et
1739 3002 2087 3071 gloriﬁcaris

2206 1848 2424 1904 Scribis
2458 1852 2514 1904 et
2556 1847 2872 1903 Pharismis
2902 1863 2972 1902 eo
3020 1846 3261 1903 deducti
3293 1851 3450 1912 sunt,
3506 1844 3872 1902 utcolerent

2204 1936 2371 2001 deos,
2427 1936 2529 2009 qui
2584 1951 2708 1991 non
2758 1939 2899 1990 sunt
2940 1951 3136 2007 neque
3163 1935 3395 2006 regium
3424 1933 3571 1990 illud
3612 1934 3866 2005 jussum

2204 2026 2565 2082 timuerunt:
2597 2025 2703 2081 sed
2742 2024 2802 2079 in
2828 2027 3013 2081 Deum
3042 2024 3263 2091 vivum,
3296 2024 3398 2096 qui
3446 2023 3551 2080 dat
3576 2022 3860 2094 salutem,

2202 2115 2590 2179 conﬁdentes,
2624 2132 2762 2171 cum
2786 2114 2947 2169 ducti
2976 2113 3176 2170 essent
3195 2114 3271 2170 ad
3294 2119 3638 2186 tyrannum,
3667 2112 3864 2169 auda-

2201 2208 2323 2260 cter
2377 2204 2690 2261 dixerunt:
2749 2207 2964 2260 Notum
3021 2202 3126 2259 tibi
3197 2203 3288 2268 sit,
3322 2219 3447 2271 rex,
3496 2201 3663 2275 quod
3706 2202 3863 2256 deos

2200 2298 2334 2349 tuos
2358 2309 2480 2349 non
2509 2293 2781 2363 colimus,
2812 2292 3212 2363 etimaginem
3233 2307 3499 2357 auream,
3529 2306 3715 2363 quam
3748 2306 3863 2361 po-

2200 2384 2388 2453 suisti,
2414 2398 2535 2438 non
2567 2383 2918 2438 adoramus.
2945 2404 2964 2430 ι
2992 2384 3153 2437 Tunc
3171 2380 3725 2437 Nabuchodonoser
3750 2395 3859 2435 rex

2199 2471 2259 2527 in
2287 2473 2375 2528 ira
2406 2478 2462 2528 et
2480 2472 2678 2527 furore
2702 2471 3234 2543 injecitAnaniam,
3258 2469 3527 2526 Azariam
3550 2474 3605 2524 et
3651 2467 3863 2526 Misael

2198 2562 2257 2617 in
2282 2560 2774 2631 fornaeemﬁignis
2805 2560 3137 2617 ardentem.
3165 2560 3265 2615 Dei
3314 2564 3514 2615 autem
3572 2557 3857 2627 angelus,

2200 2650 2443 2706 Michael
2476 2649 2719 2715 scilicet,
2755 2648 3093 2705 simulcum
3124 2650 3207 2704 eis
3230 2646 3539 2703 descendit
3568 2646 3628 2701 in
3653 2645 3861 2701 forna-

2197 2756 2325 2796 cem
2354 2756 2366 2806 ;
2400 2744 2455 2795 et
2476 2755 2585 2795 nec
2610 2739 2859 2795 omnino
2887 2738 3135 2811 quidem
3180 2753 3283 2792 eos
3328 2736 3509 2806 tetigit
3538 2734 3713 2806 ignis,
3744 2734 3855 2790 sed

2196 2829 2455 2885 excussit
2474 2828 2725 2898 angelus
2742 2828 3053 2883 ﬂammam
3074 2826 3353 2894 fornacis,
3373 2831 3430 2881 et
3450 2825 3677 2881 transiit
3694 2824 3854 2893 ignis

2196 2919 2599 2988 circumcirca,
2632 2922 2687 2973 et
2716 2916 3051 2973 combussit
3075 2916 3232 2973 viros
3260 2931 3494 2979 omnes,
3549 2914 3653 2986 qui
3682 2914 3855 2986 ipsos

2193 3007 2541 3078 injecerant,
2583 3007 2696 3062 hoc
2722 3010 2826 3075 est,
2859 3006 3248 3061 administros
3298 3004 3475 3073 regis.
3528 3006 3692 3059 Tunc
3732 3007 3854 3057 tres

436 3113 557 3152 non
575 3095 746 3151 tacite
762 3091 1200 3163 aseraphim,et
1216 3090 1292 3146 ab
1315 3090 1589 3146 omnibus
1603 3092 1823 3146 sanctis
1837 3092 2081 3161 angelis.
2115 3123 2154 3179 ε
2196 3102 2485 3169 tanquam
2509 3111 2629 3151 uno
2652 3111 2753 3151 ore
2774 3095 3063 3161 laetantes,
3102 3093 3437 3150 laudabant
3456 3096 3511 3149 et
3534 3091 3851 3148 benedice.

434 3188 516 3241 'I‘u
546 3188 696 3239 Deus
719 3182 881 3238 solus
906 3181 966 3235 in
996 3178 1279 3235 omnibus
1308 3180 1506 3250 regnis
1547 3185 1735 3235 terrae.
1769 3179 1853 3235 Tu
1898 3180 2086 3237 fecisti

434 3274 651 3329 cretum
675 3276 728 3327 et
747 3275 984 3337 terram,
1011 3275 1067 3325 et
1087 3269 1292 3324 omnia
1312 3285 1445 3340 qua:
1465 3273 1603 3324 sunt
1629 3270 1687 3324 in
1710 3269 1814 3325 eis.
1837 3269 2082 3338 lnclina,

435 3363 701 3427 Domine,
728 3375 937 3416 aurem
956 3364 1142 3427 tuam,
1166 3363 1223 3413 et
1243 3358 1385 3414 audi
1410 3378 1420 3416 :
1450 3359 1636 3429 aperi,
1664 3359 2081 3425 Domine,ocu-

431 3452 523 3508 los
554 3458 707 3517 tuos,
749 3453 805 3503 et
828 3448 981 3514 vide,
1007 3452 1062 3502 et
1083 3446 1323 3502 attende
1345 3462 1657 3502 sermones
1681 3448 2085 3504 Sennacherib

429 3558 583 3613 quos
613 3530 1206 3608 emisit,exprobrans
1234 3539 1419 3591 Deum
1446 3536 1759 3605 viventem,
1786 3537 2082 3601 Quoniam

431 3631 491 3685 in
513 3629 773 3695 veritate,
800 3626 1068 3691 Domine,
1084 3624 1752 3679 desertasreddiderunt
1769 3631 1974 3695 gentes
1994 3642 2081 3683 re-

432 3734 535 3788 ges
552 3716 958 3787 Assyriorum.
975 3715 1229 3781 Etnunc,
1251 3713 1496 3767 Domine
1512 3716 1661 3768 Deus
1675 3720 1895 3785 noster,
1913 3731 2084 3772 serva

430 3825 542 3865 nos
566 3824 601 3863 a
624 3821 807 3862 manu
842 3803 990 3873 ejus,
1017 3807 1069 3858 et
1088 3806 1451 3871 cognoscent
1472 3804 1676 3858 omnia
1702 3819 1887 3872 regna
1913 3810 2082 3862 terrae

431 3898 596 3974 quod
626 3901 688 3953 tu
719 3912 780 3952 es
814 3893 1101 3950 Dominus
1138 3895 1289 3947 Deus
1350 3891 1534 3947 solus.
1571 3896 1636 3948 Et
1692 3908 1966 3962 egressus
1998 3902 2083 3953 est

429 3987 677 4060 angelus
711 3983 944 4040 Domini
982 3985 1153 4038 nocte
1194 3980 1312 4051 illa,
1348 3986 1405 4036 et
1434 3981 1726 4038 interfecit
1756 3998 1821 4037 ex
1874 3986 2084 4060 castris

428 4058 807 4150 Assyriorum
839 4077 1079 4128 centum
1119 4070 1423 4142 octoginta
1475 4070 1743 4143 quinque
1782 4058 1985 4129 millia.
2021 4077 2086 4133 Et

428 4184 565 4225 cum
594 4181 771 4221 mane
802 4161 1219 4230 surrexissent,
1251 4160 1609 4216 invenerunt
1639 4176 1894 4232 corpora
1923 4179 2082 4219 mor-

427 4262 546 4313 tua.
578 4255 643 4309 Et
667 4254 813 4308 dum
840 4256 1196 4305 averteretur
1222 4256 1278 4303 et
1299 4249 1527 4317 fugeret
1569 4249 1668 4304 Dei
1698 4250 1885 4305 hostis
1906 4256 2083 4324 Assy-

423 4346 546 4400 rius
588 4338 1012 4403 Sennacherib,
1044 4354 1181 4392 eum
1208 4338 1639 4392 interemerunt
1679 4339 1800 4393 duo
1826 4339 1929 4394 ﬁlii
1954 4342 2083 4412 ejus

426 4429 755 4503 graviterin
780 4426 1004 4497 gladio,
1035 4441 1205 4479 «cum
1230 4427 1657 4495 permansisset
1676 4426 1841 4483 nulla
1866 4428 2082 4486 ductus

423 4516 775 4594 pzenitentia
802 4515 870 4567 ³⁸.
905 4512 1088 4583 Cujus
1142 4516 1345 4567 autem
1384 4513 1494 4567 fuit
1523 4512 1637 4568 hoc
1688 4516 2076 4599 stupendum,

422 4609 899 4683 praeclarumque
925 4608 980 4658 et
1007 4600 1360 4657 admirabile
1388 4602 1619 4657 facinus
1658 4608 1713 4658 et
1757 4606 2021 4675 potentia
2050 4609 2078 4663 ?

423 4713 625 4756 nonne
644 4693 915 4751 omnium
937 4689 1096 4759 regis
1120 4689 1354 4745 Domini
1376 4689 1649 4745 Sabaoth
1672 4691 1961 4764 principis
1982 4712 2077 4751 co-

422 4790 662 4861 piarum
686 4782 948 4849 Michael,
980 4778 1083 4852 qui
1106 4793 1228 4833 non
1259 4777 1419 4833 visus
1445 4778 1613 4834 duxit
1644 4781 1987 4851 exercitum,
2020 4789 2076 4841 et

424 4876 805 4935 adversarios
836 4869 1122 4944 temporis
1151 4873 1461 4925 momento
1489 4868 1614 4924 sine
1645 4869 1841 4940 gladio
1872 4879 2074 4944 aperte

423 4968 699 5032 concidit,
732 4965 792 5019 in
851 4961 1141 5019 auxilium
1172 4963 1226 5014 et
1284 4958 1619 5015 custodiam
1674 4964 2073 5035 suorum,qui

423 5072 591 5128 spem
628 5068 801 5108 suam
830 5051 1203 5107 collocarunt
1225 5047 1285 5102 in
1317 5050 1505 5103 Deum
1524 5047 1729 5103 vivum
1752 5048 2067 5123 ultionum,

420 5150 476 5202 et
505 5144 600 5216 qui
627 5141 788 5197 solus
814 5143 1007 5212 potest
1043 5152 1281 5192 servare
1315 5137 1342 5191 ?

491 5236 617 5289 XIX.
654 5229 767 5287 Sed
823 5227 1036 5296 ingrati
1084 5226 1298 5293 Judaei,
1339 5229 1396 5281 et
1425 5224 1603 5292 stulti,
1658 5230 1714 5282 et
1758 5226 2067 5295 increduli,

419 5327 474 5378 et
500 5320 708 5391 ignari,
739 5318 841 5389 qui
860 5315 1256 5387 plurimorum
1280 5313 1623 5369 divinorum
1640 5314 2068 5374 beneﬁciorum

416 5413 658 5469 fuerunt
681 5409 1090 5469 immemores,
1114 5408 1248 5474 post
1270 5418 1459 5459 manu
1482 5403 1680 5473 angeli
1709 5404 1975 5463 hostium
1998 5407 2066 5463 il-

489 5577 530 5606 δι
566 5576 606 5627 ιι
642 5575 782 5640 Reg,
814 5584 907 5640 xu,
934 5570 1022 5623 13.
1102 5566 1148 5599 ³³
1181 5566 1245 5640 IV
1276 5567 1418 5636 Reg.
1449 5581 1599 5634 xvui,
1630 5568 1821 5625 28-33.

416 5652 444 5721 1
477 5661 647 5719 seqq.
681 5638 917 5699 3r"Psal.
952 5653 1155 5705 xxxni,
1182 5639 1233 5692 8.

1916 5572 1962 5605 ³³
1993 5571 2061 5625 1V
2092 5572 2231 5639 Reg.
2264 5587 2377 5640 XIX,
2414 5575 2570 5627 15-57

2193 3185 2343 3241 bant
2371 3189 2427 3239 et
2456 3184 2652 3239 solum
2679 3185 2865 3238 Deum
2897 3182 3337 3253 gloriﬁcabant.
3362 3184 3481 3236 Rex
3511 3185 3716 3236 autem
3748 3196 3853 3235 au-

2195 3274 2341 3329 divit
2369 3274 2532 3345 ipsos
2566 3276 2749 3327 Deum
2778 3270 3175 3327 laudantesin
3224 3270 3423 3327 medio
3468 3269 3757 3334 fornacis,
3793 3276 3852 3324 et

2195 3363 2309 3419 cito
2332 3377 2606 3432 surgens,
2639 3361 2785 3416 dixit
2806 3359 3194 3430 magnatibus
3221 3360 3378 3415 suis:
3407 3382 3433 3407 υ
3465 3362 3593 3415 Non
3620 3365 3735 3413 tres
3758 3359 3849 3413 vi-

2193 3468 2291 3507 ros
2306 3452 2538 3507 vinctos
2564 3450 2878 3522 injecimus
2903 3450 2964 3504 in
2986 3448 3255 3504 medium
3282 3448 3457 3517 ignis,
3482 3454 3538 3503 et
3567 3452 3851 3520 aspectus

2193 3541 2389 3613 quarti
2420 3545 2507 3595 est
2535 3539 2742 3595 similis
2780 3538 2920 3593 Filio
2983 3538 3081 3594 Dei
3122 3540 3148 3594 ?
3204 3540 3367 3593 Tunc
3410 3553 3549 3592 cum
3604 3552 3712 3591 rex
3740 3552 3850 3592 eos

2193 3629 2561 3697 accersisset,
2595 3626 2817 3697 egressi
2848 3626 3191 3681 suntillaesi.
3225 3628 3368 3680 Cum
3425 3629 3624 3680 autem
3652 3624 3848 3679 divini

2193 3718 2361 3790 pueri
2382 3718 2605 3785 egressi
2627 3722 2827 3772 essent
2848 3715 3078 3787 absque
3099 3714 3224 3770 ulla
3244 3715 3504 3783 laesione,
3528 3728 3733 3769 coram
3758 3713 3848 3767 eis

2192 3807 2464 3863 adoravit
2494 3823 2618 3871 rex,
2647 3805 2861 3861 etdixit
2890 3824 2900 3860 :
2934 3828 2952 3853 ι
2987 3804 3340 3860 Benedictus
3362 3803 3648 3859 Dominus
3682 3804 3845 3857 Deus

2195 3896 2462 3963 Sidracli,
2490 3894 2730 3962 Misaeh,
2752 3898 2820 3957 et
2839 3893 3191 3965 Abdenago,
3218 3892 3321 3965 qui
3367 3892 3526 3948 misit
3554 3890 3847 3960 angelum

2193 4002 2392 4051 suum,
2424 3990 2481 4041 et
2509 3984 2724 4057 eripuit
2752 3999 2971 4056 pueros
3002 4000 3144 4038 suos
3174 3999 3246 4037 ex
3301 3982 3439 4051 igne
3471 3980 3731 4036 fornacis
3754 3996 3849 4034 ar-

2192 4078 2405 4135 dentis.
2435 4080 2594 4133 Tunc
2622 4092 2724 4131 rex
2767 4075 3069 4131 constituit
3097 4090 3198 4129 eos
3255 4073 3575 4145 principes,
3604 4077 3661 4126 et
3717 4087 3848 4126 ma-

2191 4168 2355 4223 ximo
2384 4182 2486 4222 eos
2516 4165 2742 4221 honore
2769 4163 2963 4220 affecit
2988 4179 3127 4219 cum
3154 4162 3447 4235 propheta
3491 4159 3731 4216 Daniele
3792 4160 3843 4193 ³⁵

2192 4255 2437 4313 Pulchre
2458 4270 2665 4310 revera
2686 4253 2927 4309 divinus
2955 4258 3164 4307 cantor
3190 4251 3377 4306 David
3401 4248 3644 4323 psallit:
3678 4271 3698 4295 ι
3733 4248 3846 4304 Ca-

2193 4344 2638 4402 strametabitur
2685 4342 2937 4413 angelus
2967 4340 3203 4397 Domini
3233 4343 3293 4396 in
3325 4340 3572 4396 circuitu
3616 4338 3845 4394 timen-

2191 4436 2341 4491 tium
2371 4450 2532 4501 eum,
2559 4438 2616 4488 et
2644 4431 2920 4487 liberabit
2944 4447 3045 4486 eos
3078 4432 3145 4486 3°.
3183 4453 3212 4480 ››

2260 4527 2387 4579 XXI.
2447 4522 2645 4579 Simile
2693 4527 2895 4578 autem
2947 4537 3154 4576 rursus
3186 4517 3545 4575 miraculum
3575 4514 3845 4572 ostendit

2190 4617 2342 4669 Deus
2374 4611 2841 4672 admirabilium,
2872 4626 2979 4683 per
3026 4609 3351 4681 gloriosum
3402 4604 3840 4675 archangelum

2186 4718 2364 4757 suum
2395 4699 2757 4765 Michaelem,
2788 4699 2849 4754 in
2876 4697 3104 4753 famulo
3137 4712 3379 4768 quoque
3405 4710 3514 4750 suo
3571 4692 3837 4754 Daniele.

2182 4791 2399 4861 injecto
2440 4790 2501 4845 in
2525 4788 2724 4845 lacum
2754 4788 3018 4843 leonum.
3084 4789 3231 4841 Nam
3269 4788 3594 4857 postquam
3623 4797 3842 4851 regna-

2182 4884 2320 4934 runt
2342 4893 2513 4949 reges
2544 4877 2642 4933 alii
2673 4893 2709 4932 a
2735 4874 3313 4941 Nabuchodonosor,
3354 4870 3716 4942 diligebatur
3755 4870 3837 4926 ab

2182 4966 2466 5023 omnibus
2484 4965 2960 5038 sapientissimus
2985 4962 3208 5028 Daniel,
3228 4961 3410 5032 utqui
3431 4977 3505 5016 ex
3528 4962 3646 5015 Deo
3669 4974 3837 5014 som-

2179 5056 2281 5112 nia
2310 5055 2645 5126 conjiceret.
2681 5053 2991 5126 Babylonii
3034 5056 3235 5109 autem
3272 5050 3500 5106 invidia
3530 5050 3698 5116 moti,
3750 5048 3839 5103 in-

2180 5149 2563 5201 surrexerunt
2591 5160 2662 5200 eo
2685 5149 2953 5215 tempore
2972 5142 3263 5198 adversus
3290 5142 3529 5212 Cyrum,
3559 5137 3663 5210 qui
3691 5141 3837 5193 tunc

2179 5233 2342 5305 apud
2360 5250 2461 5289 eos
2479 5233 2791 5304 regnabat,
2807 5232 2958 5287 sicut
2976 5230 3139 5303 prius
3162 5228 3455 5285 adversus
3482 5228 3752 5294 Darium,
3778 5231 3839 5281 et

2178 5323 2383 5378 dicunt
2411 5323 2495 5378 ei:
2533 5345 2559 5372 «
2610 5325 2750 5390 Rex,
2780 5320 2859 5377 da
2906 5319 3103 5385 nobis,
3156 5324 3219 5373 ut
3249 5322 3439 5373 morte
3493 5315 3836 5371 afﬁciamus

2177 5411 2492 5467 Hebraeum
2522 5410 2824 5468 Danielem
2854 5426 2867 5464 :
2902 5407 3192 5481 quoniam
3226 5406 3323 5463 Bel
3340 5406 3522 5462 deum
3553 5408 3837 5460 nostrum

2664 5571 2710 5604 ³³
2744 5570 2813 5624 1V
2842 5571 2983 5639 Reg.
3013 5584 3148 5631 xxv,
3188 5572 3206 5623 t
3246 5582 3415 5639 seqq.
3494 5566 3543 5601 ³³
3570 5566 3717 5620 Dan.
3753 5579 3832 5632 ιιι,
