4096 6208
116 0 205 39 ﬂ...

162 218 284 271 585

1336 213 1425 266 DE
1467 212 1524 268 S.
1563 211 1912 269 MICHAELE
1950 208 2443 273 ARCHANGELO.

3489 227 3589 282 586

151 340 464 410 contrivit,
508 344 565 396 et
609 340 1025 397 venerandum
1070 338 1397 395 draconem
1444 335 1751 404 interfecit,
1784 342 1840 394 et
1870 342 1917 394 A
1948 339 2425 414 enimetcaligat
2444 342 2643 400 omnis
2660 343 2751 400 vis
2771 342 3028 415 dicendi,
3052 344 3291 401 intuens
3338 346 3415 403 ad
3465 348 3593 405 alti-

148 428 518 485 sacerdotes
531 433 588 484 et
602 428 1002 484 incantatores
1017 430 1249 483 nostros
1263 423 1603 480 occidit.Sin
1619 424 1837 495 minus,

150 522 219 575 te
240 520 657 575 interimemus
674 524 731 575 et
750 519 1002 575 domum
1034 523 1221 585 tuam,
1248 521 1311 571 ut
1322 514 1754 588 judaizantem.
1807 540 1835 567 ››

149 609 316 665 Cum
341 623 479 664 vere
499 607 750 664 vidisset
767 605 1078 680 rexzquod
1122 621 1262 661 eum
1311 603 1482 661 valde
1536 610 1833 677 urgerent,

148 702 435 763 coactus,
460 696 706 753 tradidit
722 697 808 752 eis
833 695 1154 753 Danielem.
1173 693 1256 749 Illi
1280 697 1481 749 autem
1508 693 1840 765 injecerunt

152 802 304 843 eum
328 787 390 841 in
411 784 615 842 lacum
657 785 905 843 leonum
946 789 1002 841 et
1035 784 1145 839 fuit
1202 783 1438 838 illicsex
1510 782 1838 840 dies.Erant

152 880 372 932 autem
392 876 454 931 in
475 875 613 933 lacu
634 881 864 949 septem
883 874 1108 931 leones.
1130 871 1390 928 Occlusit
1411 887 1550 928 vero
1586 874 1836 930 archan-

150 964 335 1037 gelus
357 964 606 1021 Michael
624 964 1012 1032 oraleonum,
1037 966 1095 1019 et
1139 977 1263 1018 non
1305 961 1580 1018 molestia
1626 961 1836 1019 affece-

150 1058 306 1110 runt
338 1054 673 1124 Danielem,
712 1069 909 1126 neque
951 1052 1275 1122 attigerunt
1318 1050 1568 1108 omnino
1617 1067 1836 1125 corpus

151 1145 209 1215 ej
223 1160 315 1199 us.
343 1144 493 1199 Cum
513 1159 656 1200 vero
674 1144 942 1199 venisset
971 1157 1077 1198 rex
1097 1140 1354 1212 septimo
1401 1140 1518 1203 die,
1561 1145 1626 1197 ut
1669 1141 1834 1214 Iuge-

152 1230 589 1288 retDanielem
605 1230 837 1300 inlacu,
860 1231 1086 1287 invenit
1107 1229 1275 1286 salva
1316 1245 1451 1301 quae
1508 1228 1720 1286 ﬁxerat
1760 1231 1833 1286 si-

155 1320 689 1392 gnacula,etlacu
727 1326 955 1393 aperto,
1004 1319 1171 1376 videt
1230 1318 1534 1375 Danielem
1579 1323 1835 1376 stantem

152 1412 504 1477 rectum,et
556 1425 775 1465 manus
823 1409 1149 1466 habentem
1208 1412 1505 1469 extensas,
1552 1412 1609 1465 et
1647 1412 1835 1465 Deum

150 1498 996 1569 laudantem,etdicentem:«
1018 1498 1372 1554 Benedictus
1411 1499 1694 1569 es,Deus,
1731 1497 1838 1571 qui

155 1588 381 1644 misisti
398 1586 685 1657 angelum
707 1590 900 1657 tuum,
920 1590 976 1643 et
1014 1586 1427 1642 obstruxitora
1471 1584 1737 1653 leonum,
1782 1590 1839 1644 et

1946 428 2214 485 tudinem
2236 431 2749 489 etmultitudinem
2788 438 2844 489 et
2864 433 3276 491 excellentiam
3324 435 3593 493 inﬁnito-

1945 534 2080 574 rum
2102 521 2471 577 etvariorum
2494 526 2549 579 et
2586 524 2782 579 omnis
2823 524 3054 594 generis
3100 525 3229 594 ejus
3273 526 3593 583 miraculo~

1945 623 2102 678 rum,
2126 614 2182 665 et
2216 617 2453 668 recusat
2498 614 2746 669 omnino
2791 612 2866 669 de
2914 613 2986 669 iis
3046 614 3324 670 scribere.
3356 616 3597 674 Deﬁciet

1946 697 2299 770 enimplane
2322 706 2560 773 tempus
2584 717 2695 758 nos
2721 705 2785 758 ut
2825 702 3060 758 divinus
3114 702 3197 758 ait
3249 704 3593 776 Apostolus,

1944 793 2277 847 narrantes.
2346 793 2443 847 Est
2488 792 2649 847 enim
2697 790 2948 864 pelagus
2997 792 3192 849 metiri
3241 792 3493 862 facilius,
3540 798 3600 852 et

1946 876 2145 933 stellas
2164 893 2503 947 numerare,
2530 896 2719 954 quam
2752 881 3040 951 maxima,
3086 898 3223 953 quae
3264 897 3300 939 a
3328 883 3597 940 maximo

1943 964 2297 1040 incorporeo
2324 969 2589 1041 quotidie
2609 970 2671 1026 in
2692 986 2803 1027 nos
2817 970 2990 1037 ﬁunt,
3013 970 3324 1028 miracula.
3350 974 3434 1028 Ex
3471 989 3599 1030 ma-

1943 1056 2078 1126 gnis
2140 1073 2282 1128 ergo
2329 1063 2386 1114 et
2425 1058 2762 1130 insignibus
2809 1060 2939 1131 ejus
2981 1060 3312 1130 miraculis,
3358 1061 3599 1120 audebo

1942 1160 2142 1218 pauca
2175 1148 2456 1221 quaedam
2481 1149 2648 1207 vobis
2674 1166 2919 1209 narrare
2970 1152 3353 1225 admirabilia
3391 1169 3599 1226 opera.

2014 1238 2190 1292 XXVI.
2240 1240 2529 1311 Tempore
2582 1240 2880 1298 Michaelis
2924 1241 3303 1314 imperatoris
3346 1243 3601 1299 etTheo-

1942 1322 2106 1379 dorae
2128 1324 2497 1395 ejusmatris,
2540 1333 2667 1385 erat
2712 1328 2803 1384 vir
2848 1328 3386 1401 quidam,nomine
3457 1334 3601 1388 Mar-

1944 1413 2176 1480 cianus,
2196 1415 2297 1486 qui
2320 1431 2357 1471 a
2382 1417 2596 1473 teneris
2633 1417 2975 1488 unguiculis
3017 1417 3212 1474 fuerat
3264 1419 3469 1476 cerifer
3505 1436 3603 1477 ve-

1944 1504 2195 1559 nerandi
2226 1505 2406 1575 hujus
2428 1506 2658 1578 templi.
2685 1510 2749 1562 ln
2765 1507 2902 1579 ipso
2924 1507 3086 1563 enim
3106 1507 3321 1565 divino
3344 1513 3401 1565 et
3426 1524 3603 1566 vene-

1943 1592 2135 1649 rando
2160 1599 2217 1650 et
2234 1594 2637 1667 pulcherrimo
2659 1597 2883 1669 templo
2906 1597 3347 1669 archangelico,
3393 1615 3606 1656 omnes

156 1677 317 1734 mihi
336 1692 464 1733 non
483 1680 838 1733 nocuerunt.
864 1678 1068 1731 »'I‘unc
1110 1690 1215 1731 rex
1266 1674 1382 1731 cito
1427 1690 1567 1730 cum
1614 1676 1836 1746 gaudio
1871 1704 1914 1757 B
1944 1683 2049 1755 qui
2065 1684 2531 1756 mariagitantur
2544 1703 2723 1743 omne
2754 1703 2945 1760 genus
2972 1688 3419 1756 morborum,et
3439 1706 3604 1746 acce-

167 1770 364 1822 Deum
387 1764 755 1836 gloriﬁcans,
780 1763 1024 1820 sustulis
1047 1763 1351 1820 Danielem
1372 1762 1553 1819 elacu
1580 1763 1836 1822 illaesum

161 1860 221 1912 et
242 1854 531 1911 adoravit
553 1869 714 1920 eum;
739 1854 905 1910 Viros
930 1857 1154 1918 autem,
1193 1853 1300 1926 qui
1322 1852 1627 1909 Danielem
1662 1870 1834 1911 accu-

164 1948 479 2011 saverant,
505 1944 708 2016 injecit
751 1944 814 2000 in
860 1942 1059 2000 lacum
1099 1942 1342 1998 leonum
1373 1942 1439 1998 ⁸⁷.
1500 1945 1628 1998 Non
1668 1942 1834 2014 prius

162 2040 372 2091 autem
394 2034 640 2090 fuerunt
658 2033 720 2089 in
748 2032 876 2089 solo
897 2032 1085 2100 lacus,
1108 2047 1295 2104 quam
1336 2047 1438 2087 eos
1480 2030 1832 2087 invadentes

158 2122 376 2181 leones
401 2122 789 2186 devorarunt,
808 2124 865 2177 et
888 2120 1097 2177 omnia
1117 2136 1254 2177 ossa
1279 2135 1510 2185 eorum,
1540 2123 1830 2192 tanquam

159 2213 225 2268 in
242 2211 562 2285 pulverem
585 2210 1090 2268 comminuerunt.
1118 2209 1216 2265 Hic
1236 2224 1380 2280 ergo
1407 2209 1496 2265 vir
1510 2207 1832 2265 desiderio-

160 2318 301 2357 rum
320 2300 552 2371 Daniel,
580 2300 1029 2357 sanctissimum
1047 2297 1393 2369 archangeli
1418 2313 1640 2354 nomen
1653 2296 1831 2353 nobis

160 2390 450 2461 ostendit,
472 2388 642 2463 quod
661 2392 980 2447 vocaretur
1018 2387 1284 2455 Michael,
1327 2386 1389 2443 id
1410 2390 1518 2457 est,
1556 2386 1685 2443 dux
1724 2387 1833 2443 Dei

162 2480 492 2549 exercitus,
514 2479 830 2552 utquihoc
850 2478 1203 2552 mysterium
1250 2476 1543 2550 acceperit
1589 2475 1668 2533 ab
1714 2475 1830 2533 alio

176 2569 424 2641 angelo.

229 2662 396 2717 XXII.
425 2659 609 2715 Porro
629 2673 772 2714 vero
798 2656 1076 2715 Habacuc
1093 2672 1337 2730 quoque
1358 2656 1654 2731 propheta
1705 2658 1833 2712 erat

164 2748 227 2805 in
247 2748 494 2805 Judaza.
518 2751 647 2820 Ipse
665 2753 868 2804 autem
894 2752 1135 2803 coxerat
1155 2745 1532 2819 pulmentum
1551 2750 1609 2802 et
1639 2760 1829 2817 panes

164 2838 502 2895 intinxerat
563 2835 641 2893 ad
689 2837 1146 2902 nutrimentum,
1186 2840 1244 2891 et
1296 2835 1422 2892 ibat
1463 2839 1523 2891 ut
1570 2834 1629 2890 id
1655 2834 1832 2891 ferret

163 2929 288 2985 suis
312 2927 709 2985 messoribus.
739 2926 999 2996 Angelus
1022 2925 1255 2982 Domini
1285 2924 1682 2998 apprehendit
1702 2939 1829 2980 ver-

168 3019 348 3075 ticem
399 3016 708 3079 Habacuc,
732 3020 790 3071 et
810 3015 1039 3088 impetu
1060 3014 1404 3087 suispiritus
1421 3030 1558 3070 eum
1572 3013 1830 3087 portavit

1945 1770 2095 1829 dunt
2122 1773 2183 1828 in
2213 1774 2351 1845 ﬁde,
2374 1779 2432 1831 et
2478 1791 2553 1831 ex
2599 1776 2956 1835 intemerata
3010 1777 3112 1835 illa
3160 1778 3291 1848 ejus
3338 1777 3602 1850 imagine

1942 1858 2160 1917 bibunt
2184 1867 2563 1933 unguentum
2590 1880 2908 1936 emanans,
2934 1865 3137 1922 statim
3172 1872 3600 1937 assequuntur,

1943 1965 2079 2021 quze
2107 1955 2400 2022 speratur,
2430 1952 2822 2009 curationem.
2854 1954 2919 2009 In
2942 1954 3058 2010 hoc
3102 1969 3245 2025 ergo
3299 1954 3505 2011 divino
3550 1959 3607 2012 et

1942 2037 2218 2107 religioso
2246 2039 2468 2111 templo
2493 2041 2738 2098 assidue
2809 2042 3238 2114 perseverabat
3288 2042 3604 2115 praedictus

1942 2127 2273 2184 Marcianus
2304 2129 2649 2200 archangeli
2687 2131 3087 2205 ceifer,usque
3117 2132 3197 2190 ad
3237 2136 3602 2189 senectutem

1941 2232 2080 2273 cum
2094 2232 2318 2287 magno
2343 2234 2550 2275 amore
2580 2224 2639 2275 et
2677 2219 2799 2276 ﬁde
2823 2236 3021 2293 neque
3047 2237 3321 2295 unquam
3352 2221 3603 2279 omnino

1940 2321 2093 2378 opus
2122 2306 2416 2364 habuerat
2438 2308 2689 2377 medico,
2722 2310 2829 2366 sed
2851 2310 3025 2366 simul
3050 2316 3230 2385 atque
3270 2310 3602 2384 aliquando

1941 2393 2255 2453 incidisset
2281 2396 2342 2453 in
2364 2395 2534 2454 illum
2582 2397 2886 2466 morbum,
2937 2399 3207 2472 protinus
3252 2399 3607 2473 procidebat

1940 2482 2001 2539 in
2023 2483 2183 2542 dicto
2205 2485 2430 2559 templo
2455 2486 2720 2544 ductoris
2772 2487 3060 2545 ordinum
3113 2487 3408 2546 Michaelis
3464 2488 3596 2547 bre-

1938 2572 2119 2647 vique
2145 2590 2331 2631 sanus
2352 2575 2588 2633 redibat
2609 2576 2671 2633 in
2692 2576 2947 2634 domum
2988 2594 3163 2637 suam
3210 2583 3457 2653 propter
3513 2583 3598 2637 to-

1938 2668 2064 2720 tam
2094 2680 2271 2721 suam
2310 2666 2370 2721 in
2391 2682 2543 2722 eum
2573 2666 2976 2731 affectionem,

2011 2755 2363 2812 XXVII.Cum
2392 2771 2531 2812 eum
2553 2772 2695 2829 ergo
2737 2756 3064 2831 aliquando
3105 2758 3308 2829 gravis
3346 2758 3599 2817 morbus

1938 2845 1995 2898 et
2014 2842 2191 2914 plane
2220 2842 2573 2917 desperatus
2594 2845 2929 2913 invasisset,
2975 2847 3165 2918 jacuit
3222 2847 3285 2903 in
3331 2847 3597 2904 inferiori

1937 2935 2105 3001 parte
2127 2931 2332 3003 templi
2352 2932 2695 3004 archangeli
2718 2933 2947 3006 aliquot
2982 2934 3110 2990 dies
3132 2950 3272 2990 cum
3319 2934 3515 2991 stabili
3539 2938 3596 2992 et

1936 3017 2113 3075 ﬁrma
2127 3020 2188 3075 in
2209 3035 2349 3077 eum
2369 3019 2615 3077 ﬁducia.
2664 3020 2812 3077 Cum
2833 3020 3078 3093 plurimi
3099 3026 3301 3078 autem
3324 3021 3505 3078 amici
3538 3026 3595 3079 et

160 3124 196 3165 a
212 3107 432 3164 Iudaea
460 3105 829 3178 Babylonem
853 3078 993 3161 cum
1013 3078 1516 3173 lentisalimento;
1546 3078 1602 3159 et
1633 3102 1830 3159 intulit
1863 3078 1902 3134 Ο
1937 3106 2153 3164 medici
2174 3108 2254 3164 ad
2274 3124 2413 3165 eum
2426 3078 2952 3182 congregarentur,
2974 3113 3031 3166 et
3047 3110 3311 3167 dicerent
3329 3109 3431 3167 alii
3451 3110 3594 3181 alia,

161 3198 372 3270 ipsum
396 3194 802 3267 archangelus
822 3194 882 3251 in
906 3193 1108 3250 lacum
1130 3193 1400 3259 leonum,
1437 3208 1559 3250 non
1615 3191 1826 3248 solutis

157 3286 275 3343 illic
298 3284 648 3356 signaculis.
675 3283 1063 3356 Comeditque
1086 3283 1288 3340 Daniel
1313 3299 1520 3339 servus
1562 3282 1821 3350 Domini,

162 3382 218 3433 et
236 3376 482 3433 lmtatus
506 3378 615 3431 est.
642 3376 707 3431 Et
728 3389 931 3430 rursus
968 3373 1131 3429 idem
1158 3372 1407 3443 angelus
1448 3371 1693 3429 Michael
1741 3388 1826 3427 re-

173 3465 364 3523 stituit
383 3464 698 3522 confestim
721 3463 1000 3521 Habacuc
1022 3462 1084 3519 in
1102 3462 1306 3519 locum
1336 3478 1536 3528 suum,
1581 3460 1729 3517 nihil
1774 3471 1828 3527 ei

159 3555 581 3629 impedimenti
618 3552 897 3623 afferens,
916 3552 1247 3626 quominus
1293 3551 1508 3609 eadem
1530 3551 1681 3608 hora
1728 3566 1825 3607 ve-

161 3646 317 3702 niret
354 3648 413 3701 et
443 3643 659 3700 eodem
701 3642 839 3699 cibo
882 3657 1179 3699 messores
1232 3657 1375 3697 suos
1422 3640 1664 3713 copiose
1706 3639 1825 3696 ale-

162 3739 259 3791 ret
280 3734 352 3788 ³⁸.
378 3733 578 3805 Papae,
601 3735 833 3805 quanta
870 3735 963 3789 est
1004 3729 1193 3787 divini
1239 3728 1584 3801 archangeli
1631 3729 1827 3801 perni-

175 3824 350 3880 citas.

236 3910 410 3969 XXIII.
458 3909 836 3968 Validissimo
882 3925 1129 3983 quoque
1155 3926 1261 3966 suo
1300 3910 1549 3982 impetu,
1623 3908 1829 3965 divino

162 3998 616 4070 nutu,similiter
634 4015 843 4055 rursus
869 3998 1018 4055 alias
1050 3998 1660 4071 assumpsitdivinum
1675 4014 1826 4070 quo-

163 4106 284 4164 que
306 4088 668 4163 prophetam
687 4087 1067 4156 Ezechielem,
1114 4092 1179 4145 ut
1198 4087 1341 4145 dicit
1386 4089 1515 4161 ipse
1569 4088 1829 4145 Ezechiel

162 4181 225 4238 in
245 4196 364 4238 sua
409 4178 766 4252 prophetia:
798 4197 831 4232 ‹
854 4180 920 4235 Et
955 4177 1185 4250 aspexi,
1218 4188 1274 4234 et
1310 4193 1446 4234 ecce
1478 4177 1824 4243 similitudo,

163 4269 588 4327 virialumbis
626 4268 770 4332 suis,
823 4272 880 4325 et
920 4267 1168 4324 inferius
1210 4267 1387 4338 ignis:
1433 4272 1491 4324 et
1527 4283 1563 4324 a
1602 4266 1828 4323 lumbis

166 4360 297 4433 ejus
315 4364 378 4417 et
398 4357 677 4431 superius
716 4363 1010 4431 tanquam
1032 4357 1181 4413 visio
1216 4355 1437 4415 electri.
1468 4359 1533 4413 Et
1599 4357 1829 4429 accepit

1934 3212 2071 3269 quae
2100 3197 2176 3253 ad
2197 3197 2327 3269 ejus
2353 3197 3139 3271 pertinebantcurationem,
3160 3199 3293 3272 ipso
3332 3214 3472 3257 vero
3516 3215 3593 3257 ne

1936 3301 2038 3341 eos
2060 3286 2306 3358 quidem
2329 3286 2578 3343 omnino
2599 3286 2673 3343 d‘e
2699 3287 2795 3343 hic
2835 3286 3045 3345 audire
3088 3288 3437 3359 sustinente,
3488 3304 3592 3346 au-

1935 3390 2039 3429 sus
2061 3378 2149 3431 est
2167 3389 2324 3431 unus
2349 3391 2421 3431 ex
2441 3375 2690 3431 medicis
2740 3376 2933 3432 facere
2986 3391 3079 3446 ea,
3122 3392 3260 3450 qua:
3310 3377 3591 3433 dicuntur

1936 3466 2219 3533 fomenta,
2261 3469 2316 3522 et
2349 3466 2526 3537 jussit
2545 3466 2616 3521 iis
2636 3465 2871 3539 quiipsi
2921 3466 3368 3534 ministrabant,
3422 3470 3488 3524 ut
3535 3466 3591 3525 ei

1934 3554 2315 3611 mederentur
2344 3558 2482 3611 ante
2513 3555 2896 3623 matutinum,
2923 3554 3095 3612 vellet
3113 3571 3191 3613 an
3243 3572 3386 3613 non.
3438 3558 3588 3615 Cum

1934 3648 2135 3702 autem
2155 3644 2420 3702 fomenta
2442 3634 2887 3718 composuisset
2906 3645 3201 3717 medicus,
3224 3645 3478 3703 domum
3502 3662 3590 3718 re,

1935 3733 2403 3791 d1it.Illaautem
2444 3739 2619 3791 nocte
2664 3735 2995 3792 Marcianus
3062 3752 3258 3793 cuma
3301 3751 3363 3793 se
3405 3735 3593 3793 veluti

1934 3822 2305 3880 discessisset
2328 3828 2385 3881 et
2406 3830 2561 3881 esset
2586 3824 2646 3881 in
2675 3824 2914 3895 exstasi,
2942 3825 3253 3898 quomodo
3276 3826 3441 3882 etvir
3492 3825 3591 3882 hic

1934 3913 2070 3985 pius
2093 3914 2379 3985 narravit,
2398 3919 2453 3971 et
2484 3914 2822 3986 subjectum
2867 3919 3292 3985 argumentum
3328 3914 3589 3971 ostendit

1932 4003 2262 4072 veritatem,
2286 4020 2498 4060 omnes
2525 4003 2729 4076 templi
2752 4008 2956 4076 portas
2984 4004 3132 4060 vidit
3148 4008 3393 4075 repente
3418 4018 3593 4076 aper-

1934 4099 2043 4160 tas,
2062 4097 2120 4148 et
2139 4091 2468 4165 lavacrum,
2497 4094 2665 4166 quod
2687 4092 2982 4160 exstabat,
3025 4092 3218 4149 virum
3266 4092 3589 4149 terribilem

1935 4196 2073 4237 cum
2094 4180 2373 4253 impetue
2396 4181 2545 4237 coelo
2573 4183 2834 4254 equitem
2881 4180 3289 4238 descendisse.
3346 4182 3493 4237 Cum
3536 4181 3591 4236 is

1936 4274 2138 4325 autem
2158 4284 2230 4325 ex
2247 4285 2403 4341 equo
2424 4268 2837 4326 descendisset
2859 4269 2920 4325 in
2938 4282 3266 4340 purpureo,
3286 4268 3451 4341 quod
3474 4267 3592 4325 illic

1939 4362 2081 4429 erat,
2105 4374 2428 4430 marmore,
2452 4359 2755 4430 ingressus
2779 4362 2867 4415 est
2886 4359 2948 4413 in
2968 4357 3284 4430 templum,
3336 4374 3375 4415 a
3416 4357 3594 4431 pluri-

165 4466 267 4507 me
293 4466 331 4507 a
368 4453 588 4506 vertice
610 4449 673 4504 in
697 4448 911 4520 spiritu
936 4462 1046 4504 suo
1067 4447 1129 4502 in
1156 4447 1358 4504 medio
1393 4446 1526 4503 caeli
1573 4452 1829 4520 etterraa,
1863 4436 1906 4490 Ῑ)
1940 4448 2055 4505 mis
2080 4449 2350 4521 stipatus,
2376 4453 2667 4523 tanquam
2687 4448 2996 4521 praepositi
3018 4452 3181 4504 veste
3223 4447 3490 4516 indutus,
3540 4451 3598 4505 et

166 4546 224 4597 et
242 4539 610 4597 deduxitme
646 4537 972 4595 Jerusalem
1024 4537 1133 4591 ³³.»

242 4630 587 4697 XXIV.de
618 4630 797 4687 etiam
842 4627 1184 4701 apostolum
1227 4645 1472 4704 quoque
1501 4629 1835 4703 Philippum

169 4721 442 4779 similiter
461 4720 663 4794 rapuit
697 4718 948 4789 angelus
988 4718 1225 4775 Domini
1250 4721 1390 4789 mei,
1419 4725 1477 4776 et
1535 4719 1833 4791 transtulit

158 4816 233 4871 in
262 4815 535 4879 Azotum,
568 4815 626 4866 et
655 4824 777 4866 non
806 4808 949 4866 vidit
976 4808 1239 4881 amplius
1284 4810 1491 4882 ipsum
1520 4809 1835 4866 eunuchus

164 4901 396 4973 regina:
412 4900 775 4973 Ethiopum,
813 4903 1143 4973 postquam
1181 4899 1260 4957 ab
1279 4915 1351 4957 eo
1372 4900 1601 4972 accepit
1618 4899 1836 4972 baptis-

170 5008 348 5048 mum
376 4990 704 5048 salutarem
734 4990 804 5047 ⁸ο.

235 5082 392 5138 XXV.
427 5081 681 5137 Mentem
715 5083 918 5138 autem
965 5077 1233 5154 impellit,
1291 5083 1349 5137 et
1377 5078 1525 5136 mihi
1559 5079 1831 5136 animum

164 5170 384 5228 excitat
413 5169 634 5227 eximia
666 5170 856 5241 gratia
894 5172 953 5227 et
981 5169 1168 5225 virtus
1197 5169 1384 5225 divini
1409 5170 1693 5226 ordinum
1726 5168 1834 5226 du-

164 5259 347 5317 ctoris
375 5274 776 5332 supernarum
810 5262 1194 5331 potestatum,
1234 5261 1292 5314 et
1343 5256 1507 5313 ducit
1566 5257 1645 5314 ad
1692 5273 1835 5314 nar-

1939 4538 2253 4611 impletum
2278 4544 2364 4595 est
2389 4540 2737 4597 universum
2767 4537 3056 4611 templum
3080 4537 3264 4594 odore
3285 4536 3595 4594 ineﬁabili.

1943 4628 2124 4685 Paulo
2153 4634 2293 4701 post
2319 4644 2462 4686 vero
2501 4646 2641 4686 cum
2664 4628 3018 4685 accessisset
3054 4626 3134 4682 ad
3179 4626 3400 4683 lectum
3453 4629 3595 4684 Mar-

1943 4718 2116 4785 ciani,
2140 4718 2313 4777 ﬁnxit
2330 4736 2392 4776 se
2413 4735 2483 4776 ea
2504 4723 2837 4786 attrectare,
2862 4733 2995 4790 quae
3019 4721 3189 4773 erant
3221 4716 3284 4771 in
3300 4731 3598 4783 ,scamno,

1942 4812 1999 4865 et
2016 4824 2226 4881 rapere
2247 4824 2384 4881 quas
2409 4810 2470 4865 in
2492 4825 2563 4865 eo
2581 4812 2750 4866 erant
2776 4807 2974 4880 posita
3014 4807 3090 4863 ad
3142 4806 3493 4862 alimentum
3543 4808 3601 4862 et

1942 4914 2141 4965 usum;
2168 4902 2375 4955 etcum
2395 4898 2801 4955 invenissetin
2822 4896 3019 4953 catino
3041 4895 3261 4968 posita,
3280 4911 3415 4969 quae
3439 4894 3604 4953 dicta.

1943 4993 2101 5054 sunt,
2124 4988 2417 5053 fomenta,
2442 5004 2513 5045 ea
2542 4991 2790 5059 accepta
2840 4985 3065 5043 tulitad
3082 4984 3471 5056 Marcianum,
3498 5000 3606 5043 ro-

1943 5093 2094 5148 gans
2116 5077 2262 5150 quid
2282 5078 2412 5134 haec
2435 5076 2553 5133 sibi
2571 5076 2802 5147 vellent,
2847 5079 2904 5132 et
2950 5074 3233 5148 quisnam
3277 5079 3453 5142 esset,
3502 5081 3609 5148 qui

1942 5184 2014 5225 ea
2033 5167 2504 5225 temerefecisset
2524 5167 2585 5223 in
2603 5167 2787 5223 domo
2811 5167 3125 5237 sua.,Cum
3176 5166 3228 5222 is
3274 5170 3477 5223 autem
3520 5181 3610 5223 re-

1947 5256 2730 5331 spondissetcumtremore,
2750 5255 2893 5312 dicit
2935 5253 3029 5311 ille
3077 5255 3354 5312 terribilis
3405 5258 3461 5312 et
3485 5253 3611 5326 glo-

167 5347 438 5409 randum
467 5364 661 5406 unum
718 5347 914 5406 solum
966 5347 1098 5418 ejus
1146 5346 1527 5404 miraculum.
1581 5346 1838 5405 Vincitur
1948 5347 2146 5406 riosus
2163 5346 2406 5405 duobus
2425 5346 2549 5403 suis
2572 5345 2929 5404 satellitibus
2964 5360 2979 5403 :
3013 5344 3215 5404 Tollite
3242 5360 3333 5417 ea,
3380 5348 3437 5403 et
3470 5358 3611 5402 eun-

252 5525 298 5563 ⁸¹¹
332 5522 485 5586 Dan.
518 5539 636 5593 xiv,
671 5527 818 5581 1-42.
892 5524 940 5560 ³⁸
966 5523 1115 5581 Ibid.
1149 5527 1338 5583 33-38.
1417 5524 1464 5562 3°
1490 5524 1702 5585 Ezech.
1730 5540 1831 5594 vni

2016 5527 2063 5563 ἰο
2093 5526 2219 5584 Act.
2250 5541 2377 5600 vm,
2406 5528 2601 5585 26-39.

646 5625 895 5684 Pauor.
929 5624 1031 5682 Gn.
1066 5624 1216 5683 CXL.

3341 5623 3403 5675 l9
