4096 6208
543 217 654 273 587
1782 212 2262 270 PANTALEONIS
2303 215 2583 273 DIACONI
2624 220 2727 275 CP.
3849 236 3971 291 533

539 344 651 412 tes,
683 342 1139 416 quamprimum
1165 341 1458 416 perforate
1493 340 1675 412 caput
1726 338 1876 409 ejus,
1935 339 2039 411 qui
2092 354 2187 395 me
2222 336 2267 388 Α
2298 338 2407 395 fuit
2427 341 2601 398 velox
2621 343 2699 399 ad
2717 342 3033 402 ferendum
3066 347 3351 406 auxilium
3383 354 3439 407 et
3462 367 3603 409 eum
3632 353 3971 415 defenden-

539 433 914 505 contempsit,
938 437 993 489 et
1014 433 1144 506 ipsa
1182 432 1242 487 in
1292 431 1351 486 id
1391 429 1633 500 injicite.
1698 428 1965 501 Cumque
2019 429 2186 484 intin-

539 522 724 579 xisset
744 539 1047 578 summum
1072 521 1239 592 digiti
1261 520 1352 575 sui
1377 519 1436 575 in
1460 517 1732 586 candela,
1779 534 1915 590 qua
1959 519 2189 591 impen-

535 611 718 668 debat
743 612 871 682 ejus
893 610 1342 667 admirabilium
1364 626 1566 665 rerum
1602 608 1880 664 effectrici
1915 608 2183 679 imagini,

534 700 791 771 signavit
810 706 990 773 caput
1004 700 1280 757 Marciani
1301 703 1510 756 sancto
1525 697 1657 754 oleo
1680 697 1741 753 in
1767 697 2023 767 ﬁguram
2049 713 2183 753 cru-

530 790 635 859 cis,
657 794 713 846 et
729 806 800 847 ex
821 790 1074 846 ecclesia
1093 805 1391 861 egressus,
1419 804 1574 861 equo
1596 803 1801 844 rursus
1828 802 2177 853 conscenso,

527 879 800 936 sublatus
826 883 917 938 est
936 880 1015 936 ad
1036 879 1274 950 calum,
1299 879 1620 950 statimque
1647 875 1863 932 clausa
1886 880 2023 931 sunt
2052 891 2177 932 omo

525 973 821 1041 nesporta
849 970 1133 1040 ecclesia,
1164 970 1246 1027 ita
1277 973 1360 1037 ut,
1416 966 1748 1041 quomodo,
1799 966 1997 1022 videri
2050 980 2174 1021 non

522 1060 799 1131 potuerit.
831 1061 1161 1117 Marcianus
1183 1064 1382 1116 autem
1400 1074 1626 1130 magno
1652 1058 1861 1113 timore
1900 1056 2170 1123 affectus,

522 1153 580 1207 et
599 1151 802 1206 animo
820 1151 1031 1207 anxius
1070 1167 1259 1223 usque
1285 1151 1363 1206 ad
1385 1149 2017 1220 matutinum,propter
2055 1153 2168 1203 ter-

517 1239 753 1297 ribilem
774 1241 1086 1308 visionem,
1122 1240 1370 1296 accersit
1408 1239 1825 1313 presbyterum
1882 1237 2162 1307 ecclesia,

518 1330 1351 1387 etnarraviteiomnia.Tunc
1385 1328 1696 1402 presbyter
1717 1343 1851 1383 cum
1901 1326 2166 1399 quasiis-

518 1426 623 1489 set,
660 1437 796 1493 qua
818 1437 852 1477 a
873 1421 1106 1477 medico
1133 1424 1345 1492 parata
1365 1419 1617 1487 fuerant,
1641 1418 1926 1483 fomenta,
1952 1433 2061 1473 nec
2077 1417 2164 1473 in-

514 1510 790 1577 venisset,
813 1509 1087 1567 Marciani
1112 1524 1355 1581 quoque
1397 1512 1581 1580 caput
1626 1507 2162 1573 animadvertisset,

515 1603 573 1656 et
592 1598 839 1655 vidisset
895 1602 1165 1654 sanctam
1236 1612 1473 1652 crucem
1503 1597 1563 1652 in
1596 1612 1665 1653 eo
1714 1612 1819 1669 per
1888 1600 2163 1651 sanctum

2298 426 2465 493 dum,
2500 432 2720 488 militia
2751 435 3083 508 principem
3121 438 3487 497 Michaelem.

2366 522 2535 575 XXIX.
2561 525 2751 594 Atque
2772 525 3043 580 nonnulli
3065 526 3313 598 quidem
3341 528 3547 585 dicunt
3577 547 3707 588 esse
3729 549 3967 591 novem

2294 623 2503 665 eorum
2529 611 2792 680 ordines,
2824 615 3245 672 convenienter
3267 617 3572 689 parabola
3593 623 3961 693 Servatoris,

2291 713 2424 770 qua
2454 700 2624 759 dicit:
2654 724 2680 752 ››
2701 703 2757 759 Si
2778 703 2994 760 mulier
3013 705 3216 778 aliqua
3243 706 3477 765 habens
3500 710 3713 768 decem
3735 713 3959 770 drach-

2286 802 2438 856 mas,
2472 805 2657 847 unam
2688 807 2761 847 ex
2781 793 2866 848 eis
2892 794 3238 865 perdiderit,
3270 812 3391 853 non
3418 815 3678 857 accensa
3699 801 3961 862 lucerna

2285 892 2417 933 eam
2450 881 2682 951 quarit,
2712 885 2769 936 et
2819 882 3069 954 quando
3118 900 3252 941 eam
3312 886 3625 957 invenerit,
3653 900 3961 951 convocat

2282 967 2529 1035 amicas,
2553 969 2756 1025 dicens
2782 972 3201 1029 :Gratulamini
3232 974 3400 1043 mihi,
3421 978 3715 1049 quoniam
3740 981 3957 1039 inveni

2280 1054 2635 1113 drachmam
2652 1075 2837 1131 quam
2860 1060 3238 1133 perdideram
3277 1065 3345 1122 ιι.
3371 1087 3398 1113 ››
3432 1068 3578 1122 Sunt
3608 1074 3818 1125 autem
3838 1087 3959 1128 no-

2278 1160 2411 1201 vem
2426 1147 2668 1204 ordines
2681 1150 3417 1227 incorporeorum,nempe
3432 1157 3661 1227 Angeli,
3672 1160 3914 1218 Archan
3926 1193 3950 1205 -

2277 1234 2413 1305 geli,
2430 1237 2818 1309 Principatus,
2835 1241 3178 1307 Potestates,
3192 1242 3458 1316 Virtutes,
3475 1247 3948 1315 Dominationes,

2275 1325 2509 1393 Throni,
2540 1327 2880 1396 Cherubim,
2915 1331 3226 1403 Seraphim
3254 1350 3266 1386 :
3297 1334 3639 1391 etdecimus
3676 1339 3831 1395 ordo
3852 1346 3951 1399 est

2273 1413 2609 1474 hominum.
2631 1418 2907 1474 Nonnulli
2938 1435 3076 1475 vero
3106 1420 3315 1478 dicunt
3354 1426 3686 1496 nonaginta
3715 1444 3945 1487 novem

2273 1519 2409 1561 esse
2439 1521 2645 1561 eorum
2663 1513 2861 1578 partes
2885 1527 2897 1563 :
2924 1510 3314 1567 centesimam
3346 1519 3546 1570 autem
3578 1532 3713 1573 esse
3743 1518 3943 1576 homi-

2272 1610 2441 1659 num,
2474 1597 2897 1654 convenienter
2950 1600 3257 1671 parabola
3301 1608 3539 1660 centum
3594 1606 3827 1675 ovium,
3860 1609 3944 1666 de

512 1690 713 1747 oleum
736 1704 1104 1762 expressam,
1155 1687 1605 1761 obstupefactus
1674 1687 1819 1743 abiit
1857 1687 2162 1760 quampri-
2192 1686 2234 1742 B
2272 1683 2493 1756 quibus
2525 1686 2668 1742 dicit
2698 1686 2996 1744 Christus:
3036 1711 3058 1739 ι
3096 1689 3153 1746 Si
3192 1690 3408 1748 fuerint
3460 1692 3637 1749 alicui
3694 1696 3942 1755 homini

510 1795 682 1836 mum
699 1779 777 1836 ad
794 1779 1116 1844 medicum,
1141 1782 1204 1834 ut
1226 1778 1279 1833 ei
1301 1778 1812 1846 narraretomnia,
1854 1784 1910 1833 et
1948 1793 2161 1833 consu«

506 1868 671 1936 leret,
698 1874 763 1925 ut
787 1869 914 1941 ipse
944 1884 1188 1940 quoque
1218 1872 1443 1940 peteret
1480 1868 1719 1925 veniam
1769 1869 1848 1924 ab
1877 1868 2157 1925 ordinum

506 1960 752 2015 ductore
809 1958 1086 2016 Michaele
1160 1957 1235 2013 de
1278 1958 1369 2027 iis,
1416 1974 1553 2030 qua
1618 1959 1748 2031 ipse
1808 1958 2153 2015 admiserat.

576 2050 800 2106 XXVIII.
826 2051 973 2105 Cum
995 2052 1195 2104 autem
1215 2048 1474 2105 venisset
1492 2048 1807 2121 presbyter
1826 2050 1883 2105 in
1905 2050 2157 2106 domum

500 2138 742 2203 medici,
766 2137 995 2194 invenit
1014 2136 1131 2192 illic
1160 2136 1607 2194 multitudinem
1651 2139 2154 2196 innumerabilem

498 2234 554 2286 et
576 2230 804 2285 luctum
826 2228 932 2302 qui
960 2243 1081 2285 non
1100 2230 1336 2300 poterat
1374 2228 1709 2301 comprimi,
1757 2234 2153 2301 cognatorum

496 2323 553 2376 et
578 2320 910 2376 amicorum
932 2318 1061 2390 ejus
1093 2317 1397 2374 sociorum
1426 2335 1439 2373 :
1478 2318 1584 2390 qui
1614 2334 1824 2375 omnes
1872 2319 2156 2377 defebant

494 2408 896 2481 repentinum,
921 2410 977 2464 et
1000 2423 1123 2463 non
1144 2407 1311 2480 prius
1334 2406 1847 2475 animadversum,
1872 2408 2148 2465 lethalem

491 2497 1178 2569 ejusmorbum,ipsum
1232 2501 1435 2552 autem
1486 2497 1787 2568 jacentem
1838 2498 1896 2553 in
1951 2498 2152 2556 medio

486 2587 1102 2659 omnium,totamque
1126 2586 1253 2656 ejus
1280 2584 1492 2642 faciem
1513 2585 1858 2656 ustulatam,
1880 2587 2153 2645 claman-

487 2681 734 2749 temque
756 2677 1031 2747 graviter,
1056 2681 1111 2733 et
1133 2691 1356 2746 magna
1401 2691 1547 2732 voce
1594 2676 1917 2747 ejulantem
1950 2695 1963 2733 :
1992 2680 2153 2735 Mise-

495 2766 713 2823 remini
741 2766 883 2836 mei,
905 2766 1010 2838 qui
1032 2766 1221 2821 Deum
1245 2765 1482 2822 timetis.
1515 2765 1790 2835 Scindite,
1815 2767 2144 2833 Christiani,

494 2859 677 2927 caput
701 2869 1075 2922 meum,non
1127 2853 1249 2909 fero
1303 2854 1460 2909 enim
1511 2853 1767 2912 dolores.
1818 2857 2145 2929 Postquam

491 2959 635 3001 vero
667 2944 895 3000 audivit
923 2960 958 2999 a
978 2943 1328 3015 presbytero
1350 2942 1530 2999 verba
1553 2943 1854 3012 terribilia,
1882 2962 2014 3018 qua
2041 2964 2144 3003 au-

492 3032 905 3106 diveratapio
958 3032 1273 3104 Marciano,
1331 3039 1471 3089 tunc
1545 3033 1825 3090 intellexit
1869 3036 2141 3092 medicus
2175 3037 2214 3093 C

493 3122 879 3195 esseplagam
900 3121 1147 3193 dignam
1169 3137 1279 3177 sua
1303 3121 1578 3189 audacia,
1594 3126 1650 3177 et
1688 3123 1887 3179 statim
1929 3129 2142 3181 acerbe

493 3212 873 3269 exclamavit:
898 3214 1018 3282 Ego
1047 3227 1185 3267 sum
1209 3227 1396 3268 causa
1407 3212 1606 3281 gravis
1624 3211 1807 3283 hujus
1832 3229 1979 3269 mea
2003 3230 2157 3271 mor-

492 3301 588 3358 tis:
618 3300 725 3358 sed
751 3317 847 3357 me
887 3300 1070 3357 tollite
1124 3305 1179 3356 et
1226 3300 1525 3365 abducite,
1575 3306 1632 3357 et
1668 3302 1846 3373 jacite
1898 3303 1958 3359 in
2012 3321 2145 3361 san-

496 3394 656 3448 ctam
688 3390 882 3447 adem
904 3390 1057 3461 ejus,
1081 3395 1137 3447 et
1167 3406 1216 3445 ει
1245 3390 1392 3462 quid
1418 3390 1590 3461 jubet
1636 3391 1765 3461 ejus
1818 3392 2145 3449 misericor—

489 3481 611 3551 dia,
634 3481 810 3537 faciet
830 3480 889 3535 in
912 3495 1007 3535 me
1024 3478 1342 3549 indignum
1361 3496 1538 3535 suum
1552 3495 1816 3536 servum.
1842 3484 2143 3540 Portantes

492 3575 695 3627 autem
726 3585 886 3638 eum,
910 3568 1308 3624 tuleruntuna
1329 3585 1467 3624 cum
1486 3568 1658 3625 lecto.
1682 3572 2012 3627 Marcianus
2039 3588 2143 3629 au-

489 3662 612 3715 tem
640 3674 780 3714 cum
808 3657 1095 3713 sensisset
1115 3656 1437 3712 tumultum
1470 3658 1709 3713 assedit:
1738 3663 1794 3714 et
1813 3676 1950 3715 cum
2005 3677 2140 3718 cauc

490 3762 624 3804 sam
645 3746 1001 3812 rescivisset,
1031 3747 1297 3818 seipsum
1330 3747 1747 3816 consideravit,
1769 3754 1823 3803 et
1864 3750 2140 3805 inventus

488 3841 580 3895 est
607 3836 859 3894 omnino
880 3852 1082 3891 sanus.
1113 3838 1274 3891 Tunc
1298 3836 1412 3892 cito
1433 3836 1806 3892 descendens
1864 3838 1938 3893 de
1985 3838 2137 3895 lecto

485 3944 616 3997 suo,
645 3930 833 3984 Deum
864 3924 1233 3998 gloriﬁcavit,
1294 3941 1593 3998 suumque
1663 3925 2037 3983 defensorem
2083 3932 2140 3983 et

482 4016 802 4074 dominum
832 4020 888 4072 et
914 4030 1208 4086 magnum
1233 4014 1535 4071 medicum
1561 4018 1617 4071 et
1645 4015 1867 4070 militia
1916 4016 2134 4088 princi-

481 4122 621 4181 pem
648 4106 1013 4165 Michaelem:
1067 4105 1411 4177 cursimque
1467 4120 1764 4177 egressus,
1843 4107 2137 4178 processit

481 4196 745 4266 obviam,
773 4200 830 4252 et
850 4196 1085 4253 sustulit
1124 4196 1425 4252 medicum
1491 4211 1520 4250 e
1574 4195 1745 4264 lecto,
1771 4201 1823 4251 et
1874 4196 2129 4268 portavit

480 4300 619 4340 eum
642 4284 764 4339 suis
784 4285 1068 4340 manibus
1089 4284 1267 4340 simul
1287 4300 1426 4339 cum
1484 4283 1852 4356 presbytero,
1912 4290 1969 4341 ct
2018 4301 2130 4357 po-

478 4374 599 4429 suit
617 4389 757 4430 eum
772 4378 908 4429 ante
930 4377 1201 4429 sanctam
1224 4389 1413 4440 aram,
1443 4373 1855 4429 miserabiliter
1910 4374 2130 4429 deﬂen-

476 4464 597 4518 tem
622 4465 676 4518 et
698 4461 1101 4525 conﬁtentem,
1140 4465 1206 4516 ut
1225 4462 1277 4516 ei
1335 4465 1487 4517 esset
1538 4462 1831 4533 propitius
1881 4469 2127 4518 sanctus

473 4551 754 4625 princeps
776 4550 1019 4607 militia.
1045 4550 1373 4607 Marcianus
1401 4555 1600 4606 autem
1624 4567 1761 4606 cum
1783 4566 1890 4623 per
1915 4569 1975 4609 se
2001 4570 2122 4610 ma-

471 4658 618 4700 nare
642 4642 876 4699 fecisset
896 4644 1274 4713 unguentum
1291 4655 1322 4695 e
1344 4655 1516 4696 sacra
1537 4639 1638 4696 illa
1660 4640 1939 4710 imagine.
1962 4644 2123 4700 unxit

471 4737 653 4807 caput
682 4731 960 4806 patientis
979 4728 1195 4787 medici
1218 4728 1537 4801 statimque
1559 4729 1833 4801 fugatum
1855 4744 1944 4787 est
1957 4748 2028 4792 δ..
2054 4749 2123 4789 ,r-

467 4822 617 4879 bum
638 4821 785 4879 illud
804 4825 1188 4888 tormentum,
1216 4824 1272 4876 et
1323 4819 1601 4876 ardentes
1644 4820 1810 4876 faciei
1860 4823 2116 4894 pustula

470 4917 611 4968 sunt
634 4912 1030 4975 exstincta,et
1050 4910 1241 4967 factus
1274 4914 1359 4965 est
1415 4924 1598 4965 sanus
1674 4910 1920 4968 omnino
1967 4913 2119 4969 sicut

464 5001 647 5074 prius.
683 5002 1023 5072 gloriﬁcans
1055 5004 1239 5057 Deum
1270 5005 1327 5056 et
1355 5000 1801 5057 sanctissimum
1850 5003 1979 5074 ejus
2004 5004 2115 5059 mi-

462 5088 599 5145 litia
631 5090 964 5162 principem
1000 5088 1363 5145 Michaelem.
1393 5090 1762 5146 Mansitvero
1784 5090 1857 5146 de
1901 5097 2115 5149 caetero

461 5178 733 5235 medicus
764 5178 858 5233 ille
892 5194 1280 5251 perseverans
1329 5183 1385 5234 et
1428 5179 1707 5235 munifice
1762 5180 2019 5237 offerens
2051 5182 2112 5238 in

461 5266 671 5325 eodem
695 5267 958 5339 glorioso
975 5267 1197 5341 templo
1232 5268 1669 5339 archangelico,
1696 5274 1816 5327 toto
1843 5276 2111 5344 tempore

457 5357 591 5417 vita
614 5373 737 5415 sua
767 5356 1087 5415 Dominum
1106 5356 1389 5416 laudibus
1424 5358 1732 5430 extollens,
1752 5366 1968 5419 eteum
2004 5361 2110 5436 qui

524 5569 569 5607 ⁴¹
601 5568 740 5628 Luc.
767 5580 861 5639 xv,
894 5569 947 5639 8,
976 5569 1029 5626 9.
1107 5567 1154 5604 ⁴²
1186 5566 1332 5629 Ibid.
1365 5567 1487 5629 4-6.
1565 5564 1613 5606 ⁴³
1638 5570 1778 5629 Luc.
1805 5585 1844 5644 1,
1877 5566 2065 5630 26-38.
2118 5581 2129 5591 ‘

2270 1778 2511 1830 centum
2541 1790 2706 1841 oves,
2741 1779 2798 1831 et
2826 1776 3193 1834 aberraverit
3219 1795 3340 1838 una
3363 1797 3436 1837 ex
3462 1782 3629 1854 ipsis,
3649 1799 3777 1842 non
3803 1786 3945 1843 reli-

2269 1863 2376 1919 ctis
2406 1865 2737 1934 nonaginta
2767 1881 2986 1922 novem
3012 1868 3073 1922 in
3101 1873 3334 1925 montes
3355 1870 3678 1942 profectus,
3709 1878 3944 1947 quarit

2267 1969 2400 2008 eam
2423 1969 2558 2026 qua
2580 1959 2734 2011 errat
2751 1956 2777 2009 ?
2799 1960 2855 2010 et
2875 1956 2922 2010 si
2944 1957 3256 2026 contigerit
3275 1974 3408 2016 eam
3436 1960 3727 2033 invenire,
3757 1965 3839 2020 de
3860 1982 3942 2023 ea

2266 2044 2458 2115 magis
2470 2045 2720 2114 latatur,
2738 2062 2925 2118 quam
2938 2046 3010 2102 de
3024 2048 3358 2120 nonaginta
3378 2067 3592 2108 novem
3604 2092 3617 2115 ,
3640 2070 3785 2127 qua
3801 2071 3939 2114 non

2267 2133 2697 2190 aberraverunt
2718 2136 2785 2188 η.
2819 2158 2845 2185 ››
2878 2138 3101 2192 Revera
3116 2137 3403 2195 enimnos
3426 2157 3663 2207 sumus,
3685 2142 3936 2215 fratres,

2265 2222 2366 2293 qui
2387 2222 2542 2279 male
2560 2222 2933 2294 aufugimus,
2952 2229 3009 2281 et
3030 2225 3386 2283 aberramus
3412 2246 3592 2301 super
3610 2237 3854 2289 montes
3875 2241 3941 2293 et

2266 2311 2445 2368 colles
2475 2312 2718 2368 nefaria
2751 2314 3003 2369 actionis
3030 2320 3087 2370 et
3116 2316 3544 2374 incredulitatis
3571 2336 3584 2374 :
3611 2336 3772 2393 quos
3803 2339 3937 2380 non

2264 2401 2536 2473 despexit
2563 2406 2772 2475 pastor
2786 2401 2987 2459 bonus
3018 2403 3403 2476 etbenignus,
3425 2407 3532 2464 sed
3545 2411 3851 2481 quaesivit,
3872 2419 3938 2469 et

2266 2508 2451 2564 supra
2471 2508 2647 2547 suum
2674 2492 2997 2549 humerum
3025 2495 3303 2566 portavit,
3331 2501 3390 2554 et
3408 2497 3604 2555 retulit
3624 2499 3685 2555 in
3712 2516 3937 2559 nume-

2261 2596 2395 2636 rum
2429 2581 2625 2652 gregis
2658 2582 2796 2637 boni
2827 2585 2883 2637 et
2908 2597 3031 2638 non
3058 2584 3332 2641 errantis.

2616 2726 2702 2781 De
2729 2726 2785 2782 S.
2808 2724 3177 2797 archangelo
3211 2726 3513 2787 Gabriele.

2330 2850 2477 2904 ΧΧΧ.
2510 2849 2854 2905 Laudemus
2886 2865 3028 2921 ergo
3058 2866 3270 2907 omnes
3304 2853 3646 2922 Dominum,
3675 2855 3924 2923 fratres,

2256 2940 2314 2992 et
2341 2953 2563 2994 nomen
2604 2940 2733 3009 ejus
2771 2939 2949 2995 simul
2974 2939 3354 3008 extollamus,
3388 2942 3491 3014 qui
3521 2942 3921 3017 facitmagna

2257 3032 2313 3083 et
2341 3044 2476 3100 qua
2501 3029 2847 3099 investigari
2867 3034 3193 3101 nequeunt,
3217 3029 3602 3105 gloriosaque
3626 3039 3685 3090 et
3713 3035 3923 3093 admi—

2256 3118 2466 3175 rabilia
2479 3135 2738 3191 quorum
2755 3135 2877 3176 non
2900 3125 2987 3175 est
3006 3136 3316 3188 numerus,
3341 3138 3446 3193 per
3468 3125 3924 3183 sanctissimum

2258 3208 2599 3265 Michaelem
2646 3210 2933 3282 quotidie,
2979 3216 3035 3267 et
3080 3210 3223 3267 olim
3281 3216 3339 3267 et
3383 3228 3566 3281 nunc,
3593 3218 3652 3269 et
3704 3215 3803 3272 hic
3859 3223 3927 3275 et

2255 3297 2415 3366 alibi,
2449 3304 2505 3355 et
2530 3299 2730 3356 multis
2751 3305 2809 3356 et
2838 3298 3108 3370 singulis.
3139 3303 3289 3356 Nam
3316 3300 3424 3357 etsi
3453 3318 3558 3374 per
3587 3302 3737 3359 alios
3770 3322 3917 3363 san-

2255 3392 2379 3444 ctos
2408 3389 2655 3459 angelos
2693 3388 3183 3458 innumerabiles,
3214 3389 3348 3447 fecit
3381 3394 3532 3449 Deus
3579 3391 3913 3453 admirabi-

2251 3477 2398 3533 lium
2417 3477 2879 3534 innumerabilia
2894 3477 3185 3535 miracula
3201 3495 3307 3551 per
3339 3480 3685 3540 universum
3697 3484 3917 3543 orbem

2252 3573 2439 3635 terra,
2460 3568 2635 3623 trium
2651 3573 2850 3623 tamen
2865 3567 3061 3623 solum
3079 3569 3340 3625 ostendit
3368 3569 3574 3629 divina
3598 3574 3916 3646 Scriptura

2250 3659 2512 3730 pretiosa
2527 3663 2584 3713 et
2606 3657 2948 3713 veneranda
2963 3660 3235 3728 nomina,
3259 3659 3554 3717 Michaelis
3578 3668 3635 3719 et
3660 3664 3911 3721 Gabrie-

2246 3747 2341 3811 lis,
2382 3753 2438 3802 et
2469 3753 2669 3820 aperte
2703 3747 2935 3802 colendi
2990 3748 3325 3819 Raphaelis.
3364 3751 3428 3804 Et
3451 3751 3619 3823 quod
3650 3755 3909 3810 sanctis-

2247 3837 2434 3892 simus
2456 3837 2701 3909 quidem
2724 3836 2965 3893 Michael
2985 3836 3328 3893 fecerithac
3349 3840 3574 3909 omnia,
3598 3857 3734 3913 qua
3763 3848 3910 3900 sunt

2245 3924 2420 3980 simul
2472 3926 2670 3998 posita
2715 3924 2997 3981 terribilia
3046 3925 3366 3998 miracula,
3414 3927 3552 3984 hinc
3610 3936 3780 4002 patet
3829 3948 3905 3988 ex

2244 4014 2459 4069 divinis
2517 4014 2850 4086 Scripturis.
2934 4014 3348 4072 Divinissimus
3400 4022 3601 4074 autem
3658 4020 3903 4078 Gabriel

2243 4103 2462 4159 missus
2482 4104 2591 4160 fuit
2619 4105 2696 4160 ab
2725 4104 3134 4176 omnipotente
3165 4103 3285 4160 Deo
3316 4110 3372 4162 et
3401 4108 3588 4172 Patre,
3620 4112 3899 4182 tempore

2242 4192 2425 4249 divini
2448 4198 2505 4249 et
2532 4193 2773 4264 benigni
2803 4194 2860 4248 in
2891 4197 3110 4249 terram
3148 4193 3494 4265 descensus,
3538 4196 3717 4253 veluti
3765 4200 3903 4271 qui-

2240 4286 2381 4341 dam
2408 4283 2720 4356 pronubus
2771 4284 2873 4339 Dei
2929 4282 3121 4352 Verbi,
3168 4282 3247 4339 ad
3269 4290 3541 4341 sanctam
3566 4286 3896 4359 Virginem,

2240 4378 2292 4428 et
2325 4374 2504 4428 Dixit:
2539 4396 2565 4423 ‹‹
2622 4376 2743 4428 Ave
2794 4372 2986 4443 gratia
3033 4372 3228 4443 plena,
3285 4374 3572 4430 Dominus
3606 4380 3830 4445 tecum,
3871 4401 3892 4427 ι

2236 4470 2291 4520 et
2313 4465 2425 4520 hac
2446 4479 2585 4519 voce
2609 4461 2840 4535 depulit
2885 4462 3364 4534 antiquissimam
3419 4468 3476 4520 et
3513 4464 3897 4524 diuturnissi-
4048 4474 4049 4505 ι

2234 4570 2396 4610 mam
2428 4552 2763 4609 molestiam
2784 4552 2994 4624 prima
3044 4552 3308 4623 parentis
3341 4554 3494 4618 Eva,
3540 4558 3596 4609 et
3620 4554 3895 4628 implevit
4046 4550 4047 4591 ‘

2231 4642 2432 4698 latitia
2466 4642 2810 4697 universum
2837 4640 3045 4696 orbem
3072 4646 3237 4697 terra
3262 4642 3328 4697 ‘3.
3350 4641 3521 4697 Prius
3550 4658 3685 4699 vero
3709 4646 3892 4702 sterili
4044 4672 4045 4677 π

2228 4746 2472 4804 quoque
2503 4730 2846 4786 clarissima
2878 4734 3083 4796 Anna,
3108 4746 3243 4802 qua
3268 4729 3330 4784 in
3353 4729 3525 4786 horto
3578 4747 3690 4787 suo
3718 4731 3891 4790 obse-
4042 4720 4043 4763 ί

2228 4822 2435 4877 orabat
2470 4821 2810 4889 Dominum,
2844 4819 3118 4892 pradixit
3146 4818 3292 4888 fore,
3324 4823 3389 4875 ut
3419 4835 3492 4875 ex
3519 4835 3590 4877 ea
3614 4836 3890 4879 nascere-

2226 4915 2321 4966 tur
2342 4910 2441 4965 Dei
2480 4925 2718 4982 parens.
2753 4908 2908 4975 Quin
2932 4908 3112 4964 etiam
3142 4908 3450 4980 propheta
3490 4909 3795 4966 Zacharia
3827 4911 3889 4967 in

2226 5001 2447 5074 templo
2508 4999 2769 5055 sufﬁenti
2816 4999 2942 5071 ipse
2997 4998 3147 5054 dixit
3192 4998 3338 5067 fore,
3367 5002 3432 5053 ut
3486 4998 3547 5054 in
3581 5005 3888 5058 senectute

2223 5092 2490 5163 gigneret
2519 5092 2951 5145 Pracursorem
2981 5104 2993 5142 :
3028 5103 3152 5160 quo
3211 5091 3480 5159 tempore
3519 5104 3661 5143 eum
3706 5090 3887 5148 etiam

2222 5180 2356 5236 fecit
2376 5180 2789 5236 obmutescere
2810 5178 2871 5234 in
2889 5193 3135 5251 panam
3163 5176 3594 5233 incredulitatis
3622 5179 3691 5231 “.
3714 5181 3887 5236 Eum-

2220 5270 2363 5326 dcm
2394 5285 2535 5340 ergo
2584 5268 3029 5325 divinissimum
3060 5266 3395 5323 Gabrielem
3459 5266 3603 5323 vidit
3670 5283 3885 5325 rursus

2219 5360 2380 5417 idem
2409 5359 2728 5418 Zacharias
2774 5358 2837 5416 in
2896 5356 3117 5417 sanctis
3178 5360 3546 5426 sanctorum,
3616 5356 3825 5416 cibum
3854 5373 3885 5415 e

2202 5518 2203 5521 γ
2285 5567 2333 5613 ιι
2362 5566 2512 5633 Ibid.
2548 5568 2693 5633 5-20.
