4096 6208
179 215 292 268 589

1335 213 1422 268 DE
1463 212 1519 268 S.
1560 211 1906 268 MICHAELE
1943 210 2432 268 ARCHANGELO.

3497 213 3600 274 590

169 337 350 393 caelis
380 337 730 395 atl‘erentem
763 339 840 395 ad
864 338 962 395 Dei
991 341 1268 394 matrem.
1302 337 1593 392 Eumdem
1642 341 1841 392 autem
1871 342 1916 393 A
1949 338 2152 392 autem
2201 335 2510 392 venissent
2541 334 2619 392 ad
2671 333 2889 404 Tigrim
2940 333 3220 405 ﬂuvium,
3278 337 3428 394 sedit
3453 356 3603 412 puer

177 427 526 484 Gabrielem
550 429 828 485 viderunt
852 431 1029 485 etiam
1052 432 1320 499 pastores
1349 427 1409 482 in
1455 431 1585 482 ortu
1612 427 1842 492 Christi,

172 516 651 574 annuutiantem
684 518 767 573 eis
797 533 1090 588 magnum
1143 516 1433 588 gaudium
1466 522 1522 572 et
1569 516 1843 571 universo

175 605 417 663 mundo
441 609 510 663 ‘5.
545 607 653 663 Alii
684 624 930 680 quoque
957 606 1221 662 similiter
1252 605 1488 677 plurimi
1515 605 1678 672 boni,
1705 603 1846 660 insi-

173 708 336 763 gnes
369 699 426 750 et
455 695 642 751 divini
674 696 910 758 fratres,
936 700 1074 751 sunt
1103 695 1180 751 ab
1210 710 1279 750 eo
1308 693 1366 748 in
1396 693 1614 749 divinis
1636 694 1844 751 initiati

175 783 507 854 mysteriis.
538 787 687 841 Nam
707 800 816 858 per
840 785 954 840 hos
985 783 1160 850 duos,
1183 783 1546 849 Michaelem,
1570 782 1845 855 inquam,

173 875 240 926 et
271 871 632 940 Gabrielem,
667 873 1186 930 descenditomnis
1209 872 1372 928 datio
1401 871 1562 928 bona
1585 876 1640 927 et
1667 888 1846 929 omne

171 960 422 1018 bonum
445 962 798 1035 perfectum,
822 962 985 1037 quod
1007 961 1264 1035 desuper
1283 963 1530 1018 mittitur
1545 963 1606 1018 in
1629 967 1846 1019 terram

173 1066 220 1107 α
253 1053 378 1108 Deo
409 1054 842 1126 omnipotente.
889 1055 987 1110 Hae
1019 1055 1179 1109 enim
1213 1058 1351 1109 sunt
1378 1052 1512 1108 dum
1563 1053 1844 1109 maxime

171 1143 240 1197 et
288 1143 459 1202 naris
506 1143 800 1199 momenti
851 1141 1111 1200 lucerna;
1171 1141 1517 1210 Divinitatis,
1571 1159 1706 1214 qua:
1761 1146 1849 1198 est

173 1230 557 1302 principium
587 1230 857 1302 luminis,
890 1235 946 1287 et
976 1237 1064 1288 est
1109 1231 1286 1288 unica
1326 1235 1382 1287 et
1409 1231 1592 1287 trina:
1627 1237 1684 1287 et
1712 1248 1847 1304 qua:

170 1333 311 1374 non
363 1318 649 1375 occidunt
677 1319 1003 1377 luminaria
1051 1319 1231 1377 totius
1279 1319 1444 1376 orbis
1502 1325 1690 1386 terrae,
1744 1321 1848 1393 qui

173 1414 276 1464 est
301 1407 420 1464 sub
448 1407 618 1476 ccelo,
650 1415 984 1482 mystaeque
1015 1426 1396 1479 arcanorum,
1424 1414 1481 1467 et
1505 1409 1583 1468 ad
1626 1409 1852 1467 futuro-

173 1514 326 1554 rum
351 1497 800 1556 introducentes
833 1500 1134 1573 mysteria.

588 1643 675 1698 De
697 1641 1068 1713 archangelo
1094 1641 1418 1712 Raphaete.

263 1775 444 1831 XXXI.
511 1774 815 1832 lnducitur
895 1781 1100 1833 autem
1173 1775 1496 1848 praeclarus
1564 1777 1850 1849 Raphael,

177 1865 444 1937 quando
472 1864 665 1921 Tobiae
693 1871 1024 1922 exczecatos
1051 1865 1258 1922 oculos
1290 1867 1607 1922 artiﬁciose
1637 1866 1849 1923 illumi-

177 1953 359 2010 navit
397 1955 469 2010 ⁸⁵.
503 1953 602 2010 Hic
631 1954 795 2010 enim
831 1953 1047 2011 Tobias
1097 1955 1289 2011 fuerat
1318 1955 1616 2012 abductus
1665 1957 1850 2029 capti—

173 2059 300 2098 vus
327 2042 391 2098 in
420 2043 620 2115 prima
649 2043 1036 2100 Hebraeorum
1076 2044 1415 2117 captivitate
1446 2044 1668 2101 Ninive.
1703 2048 1852 2102 Cum

179 2137 396 2187 autem
446 2136 604 2188 esset
632 2133 767 2204 pius
819 2133 1039 2204 justus,
1093 2133 1512 2189 convenienter
1563 2133 1698 2204 legi,
1753 2151 1852 2190 eo-

179 2237 329 2276 rum
360 2222 466 2294 qui
493 2226 661 2278 erant
686 2222 776 2278 sui
806 2224 1059 2294 generis,
1087 2223 1470 2279 morientium
1497 2223 1558 2278 in
1611 2223 1854 2296 captivi-

181 2315 311 2366 tate
342 2327 598 2384 corpora
626 2311 783 2368 clam
812 2311 1156 2384 sepeliebat,
1183 2313 1288 2386 qui
1334 2314 1701 2386 contemptui
1751 2314 1854 2371 ha-

183 2399 522 2468 bebahtur,
551 2404 736 2457 etnon
754 2400 1211 2472 sepeliebantur.
1238 2401 1513 2467 Quodam
1537 2405 1738 2458 autem
1760 2403 1856 2458 die

190 2505 338 2545 cum
353 2506 628 2546 reversus
646 2495 804 2546 esset
823 2505 895 2545 ex
905 2490 1019 2546 hoc
1036 2490 1134 2562 pio
1147 2506 1346 2562 opere,
1361 2490 1434 2546 de
1442 2491 1859 2565 posuissetque

189 2578 470 2648 ligonem
500 2584 556 2635 et
575 2578 889 2652 bipalium,
922 2579 1166 2636 dormiit
1186 2585 1351 2636 extra
1381 2580 1634 2636 domum
1661 2597 1853 2651 suam,

190 2673 525 2740 propterea
554 2667 719 2740 quod
749 2667 880 2740 ipse
907 2673 1064 2724 esset
1106 2667 1392 2740 pollutus,
1444 2669 1862 2726 convenienter

186 2756 334 2828 legi,
369 2773 509 2831 qua:
551 2757 732 2814 dixit:
775 2781 803 2808 «
857 2757 1211 2831 Quicunque
1261 2759 1510 2828 tetigerit
1535 2765 1861 2828 mortuum,

189 2845 560 2901 immundus
581 2847 687 2902 erit
713 2862 904 2919 usque
927 2846 1004 2903 ad
1025 2846 1387 2902 matutinum
1408 2849 1473 2902 ⁸⁷.
1496 2870 1516 2896 ι
1543 2847 1647 2904 Illa
1659 2855 1859 2906 autem

189 2940 372 2991 nocte
397 2934 664 2991 calidum
687 2940 1133 2992 excrementum
1158 2936 1218 2990 in
1235 2937 1364 3006 ejus
1395 2936 1600 2994 oculos
1621 2936 1859 2994 demisit

189 3029 508 3097 passer,et
539 3025 737 3081 statim
767 3024 878 3080 fuit
905 3029 1256 3080 excaecatus.
1292 3028 1688 3098 Nequaquam
1718 3043 1856 3082 vero
1891 3054 1930 3108 ρ

187 3112 594 3186 blasphemiis
651 3113 980 3180 incessens,
1029 3117 1316 3186 perpetuo
1368 3113 1587 3184 agebat
1633 3115 1856 3185 gratias

193 3205 344 3271 Deo,
378 3202 482 3275 qui
513 3201 574 3258 id
594 3203 962 3275 permiserat.
993 3205 1126 3259 Post
1152 3202 1281 3259 haec
1338 3207 1541 3259 autem
1589 3220 1728 3260 cum
1763 3221 1859 3260 ac-

195 3291 546 3348 cersivisset
572 3291 786 3348 Tobias
831 3291 1021 3348 ﬁlium
1054 3309 1256 3362 suum,
1316 3293 1462 3348 dixit
1505 3293 1596 3349 ei:
1633 3316 1660 3342 «
1715 3297 1859 3350 Ecce

197 3396 370 3452 ergo,
403 3385 469 3436 ut
497 3380 680 3449 vides,
711 3381 795 3437 ﬁli
843 3384 901 3437 et
929 3397 1123 3437 caecus
1153 3385 1209 3438 et
1252 3397 1433 3438 senex
1481 3381 1674 3438 factus
1722 3399 1858 3438 sum

197 3475 454 3543 propter
480 3469 920 3528 multitudinem
951 3485 1225 3526 meorum
1268 3475 1675 3544 peccatorum.
1739 3476 1862 3542 Age

201 3575 376 3630 ergo,
409 3560 645 3617 mittam
687 3565 738 3616 te
788 3559 865 3616 ad
912 3559 1203 3616 Gabelum
1257 3566 1582 3633 cognatum
1633 3577 1859 3618 meum.

207 3649 476 3723 Deposui
501 3649 660 3705 enim
688 3649 850 3722 apud
875 3665 1015 3705 eum
1043 3655 1179 3706 ante
1205 3650 1606 3722 captivitatem
1637 3651 1865 3724 aliquot

207 3738 344 3796 auri
374 3737 639 3795 talenta:
673 3741 730 3794 et
757 3737 905 3798 affer
951 3753 1023 3795 ea
1074 3738 1152 3794 ad
1216 3739 1645 3796 sustentandas
1697 3756 1866 3796 meas

207 3829 604 3886 calamitates.
635 3827 749 3884 Sed
779 3827 958 3898 viam,
1008 3841 1044 3884 ο
1069 3827 1173 3897 ﬁli,
1204 3828 1422 3897 nescis,
1461 3829 1750 3901 quoniam
1781 3834 1868 3886 est

209 3934 461 3989 magna.
521 3919 901 3974 Inveniemus
952 3921 1154 3974 autem
1201 3917 1532 3986 hominem,
1588 3918 1693 3990 qui
1723 3919 1868 3974 s'ciat

207 4008 397 4078 viam,
431 4007 740 4064 timentem
787 4009 994 4076 Deum,
1022 4011 1079 4062 et
1135 4023 1273 4063 cum
1317 4023 1388 4063 eo
1437 4008 1870 4064 conveniamus

209 4097 286 4154 de
313 4099 485 4169 justa
512 4095 804 4153 mercede.
840 4097 951 4163 Qui
992 4096 1100 4152 tibi
1133 4095 1208 4152 sit
1259 4112 1462 4152 comes
1499 4100 1637 4168 post
1687 4099 1870 4152 Deum

210 4192 268 4243 et
296 4191 356 4242 te
384 4202 592 4242 rursus
644 4185 892 4242 reducat
921 4184 999 4241 ad
1047 4200 1216 4241 meos
1269 4184 1623 4241 obscuratos
1669 4185 1874 4242 oculos

211 4275 474 4332 illaesum
504 4278 562 4331 et
585 4275 809 4331 ltetum.
844 4276 990 4330 Cum
1021 4278 1220 4330 autem
1253 4273 1383 4330 talis
1442 4274 1627 4330 homo
1659 4273 1737 4330 ab
1793 4274 1878 4329 eis

215 4369 650 4438 quaererentur,
685 4363 940 4421 accessit
970 4363 1050 4419 ab
1073 4377 1178 4419 eos
1210 4362 1446 4418 divinus
1478 4363 1878 4434 archangelus

217 4432 491 4527 liaphael
519 4432 792 4510 humana
834 4453 1053 4526 specie,
1080 4469 1204 4526 prae
1258 4467 1319 4510 se
1363 4452 1559 4509 ferens
1617 4471 1680 4510 se
1715 4432 1880 4510 velle
1912 4432 1954 4485 Ῑ)

220 4543 483 4601 conduci
535 4543 900 4610 mercedula,
952 4548 1008 4599 et
1061 4541 1202 4599 dicit
1254 4542 1377 4598 eis:
1415 4566 1442 4592 ‹‹
1502 4542 1884 4600 Paciscimini

221 4649 488 4700 mecum,
536 4637 600 4688 ut
652 4649 764 4705 par
805 4635 911 4704 est,
946 4636 1003 4688 et
1056 4647 1198 4702 ergo
1253 4631 1453 4704 ipsum
1514 4632 1887 4690 concervabo

227 4727 365 4796 post
418 4725 628 4778 Deum.
681 4721 856 4778 Recte
905 4721 1066 4778 enim
1121 4722 1242 4778 scio
1291 4725 1348 4777 et
1411 4719 1632 4788 locum,
1681 4727 1738 4777 et
1793 4737 1887 4778 co-

227 4815 480 4882 gnatum
507 4814 679 4868 tuum
710 4810 1022 4880 Gabelum,
1049 4814 1105 4866 et
1147 4810 1277 4882 ejus
1305 4825 1576 4879 uxorem,
1609 4813 1666 4867 et
1704 4809 1889 4867 ﬁliam

227 4900 383 4971 ejus.
422 4923 451 4949 η
789 4921 794 4925 τ
927 4947 940 4958 .

291 4990 504 5044 XXXII.
534 4990 681 5046 Cum
719 4989 760 5045 ii
787 5004 932 5060 ergo
987 4987 1070 5043 sic
1118 4987 1565 5058 convenissent,
1618 4992 1674 5045 et
1728 5003 1892 5046 acce-

222 5079 420 5152 pisset
461 5093 716 5151 puerum
769 5077 1038 5150 angelus,
1091 5077 1196 5150 qui
1251 5077 1563 5134 videbatur
1615 5079 1891 5135 mercede

224 5167 590 5238 conductus,
621 5185 760 5225 cum
789 5167 1065 5242 plurimis
1095 5167 1249 5223 votis
1271 5183 1338 5222 ex
1393 5167 1552 5222 senis
1583 5167 1888 5237 manibus,

226 5256 696 5315 ambulaverunt
727 5258 854 5314 sine
880 5257 1088 5314 labore
1116 5256 1338 5312 multos
1379 5256 1526 5312 dies.
1588 5259 1700 5312 Eos
1749 5272 1890 5313 vero

225 5350 589 5406 consecutus
618 5351 707 5404 est
755 5346 921 5405 canis
953 5361 1197 5420 quoque
1228 5361 1258 5401 e
1307 5344 1519 5402 domo.
1572 5348 1722 5403 Cum
1774 5341 1892 5418 ipsi

305 5554 356 5593 “
380 5555 522 5612 Luc.
555 5569 617 5626 ιι,
639 5557 794 5611 9-I2.
828 5554 877 5590 “
903 5553 1047 5613 Tob.
1083 5569 1164 5623 xx,
1204 5553 1292 5621 14,
1328 5555 1414 5609 15.
1448 5553 1493 5591 ⁸⁷
1534 5553 1715 5612 Levit.
1738 5569 1819 5626 x1,
1844 5555 1936 5612 39.

1947 433 2163 488 Tobias
2189 434 2267 489 ad
2296 432 2590 489 lavandos
2616 431 2821 505 pedes,
2855 437 2912 489 et
2932 435 3165 507 aspexit
3190 435 3416 507 piscem
3451 438 3606 495 exsi-

1949 520 2212 591 lientem,
2263 527 2326 577 ut
2356 538 2494 578 eum
2541 521 2893 584 devoraret;
2948 529 3006 579 et
3055 524 3410 583 exclamavit
3439 543 3604 599 puer.

1953 610 2098 666 Dicit
2123 627 2266 681 ergo
2293 611 2344 666 ei
2376 611 2485 667 viae
2527 627 2728 668 comes
2769 611 3059 682 angelus:
3093 616 3171 669 Ne
3204 613 3438 682 timeas,
3497 618 3608 675 sed

1953 715 2092 755 eum
2126 706 2328 757 teneas
2354 701 2662 757 audacter.
2697 701 2760 757 Id
2787 705 2988 758 autem
3019 719 3158 759 cum
3181 703 3404 761 factum
3431 713 3604 780 esset,

1952 805 2160 845 rursus
2189 789 2336 846 dixit
2365 791 2451 846 ei:
2489 791 2731 847 Disseca
2782 807 2942 858 eum,
2998 797 3055 848 et
3106 809 3206 850 cor
3250 794 3499 866 quidem
3550 802 3609 854 et

1949 878 2120 949 jecur
2148 878 2459 949 diligenter
2490 896 2663 937 serva
2693 880 2754 936 in
2785 896 2952 949 vase,
2995 881 3074 937 fel
3116 898 3258 939 vero
3314 885 3376 940 in
3421 885 3608 943 altero

1960 983 2115 1025 vase.
2149 968 2336 1024 Habet
2363 969 2524 1024 enim
2574 985 2754 1026 senex
2803 970 3075 1042 quidam,
3108 971 3186 1029 ad
3219 989 3402 1047 quem
3432 974 3610 1048 proﬁ-

1955 1055 2259 1124 ciscimur,
2319 1057 2653 1115 formosam
2713 1059 2902 1115 ﬁliam
2958 1059 3281 1117 habentem
3336 1064 3604 1136 spiritum

1955 1146 2362 1214 immundum,
2393 1148 2498 1220 qui
2527 1155 2776 1206 vocatur
2806 1150 3180 1206 Asmodaaus.
3212 1153 3321 1218 Qui
3367 1159 3611 1227 propter

1957 1234 2086 1306 ejus
2115 1251 2387 1292 amorem
2401 1236 2715 1293 suﬂ‘ocavit
2732 1243 2962 1311 septem
2981 1240 3161 1305 viros,
3186 1239 3292 1312 qui
3317 1255 3452 1296 eam
3475 1240 3611 1296 des-

1956 1325 2316 1396 ponderant.
2347 1328 2582 1399 Loquar
2614 1332 2816 1383 autem
2848 1343 2959 1398 ego
3008 1344 3148 1383 cum
3179 1343 3319 1383 sene
3350 1328 3424 1384 de
3472 1342 3610 1385 con-

1957 1416 2168 1480 tractu,
2197 1421 2254 1468 et
2282 1414 2664 1486 persuadebo
2706 1416 2779 1484 ei,
2829 1419 2894 1471 ut
2935 1416 3195 1488 accipias
3243 1416 3430 1473 tiliam
3481 1417 3612 1489 ejus

1958 1501 2020 1556 in
2069 1517 2348 1558 uxorum.
2405 1503 2740 1574 Suﬂumiga
2799 1508 2998 1561 autem
3027 1521 3163 1561 eam
3210 1521 3283 1562 ex
3311 1506 3511 1576 jecore
3557 1509 3616 1562 et

1959 1589 2161 1661 corde,
2194 1597 2250 1647 et
2273 1590 2457 1663 fugiet
2485 1591 2563 1648 ab
2605 1609 2676 1650 ea
2721 1593 3098 1662 Asmodaeus,
3154 1594 3433 1650 homines
3463 1595 3616 1652 occi-

1888 1699 1928 1750 B
1960 1679 2112 1735 dens
2140 1681 2532 1754 daemonium,
2561 1683 2622 1738 in
2656 1699 2975 1756 supremas
2997 1688 3197 1756 partes
3218 1685 3465 1758 Egypti
3511 1697 3618 1758 per

1960 1785 2056 1825 me
2093 1769 2347 1839 ligatum
2373 1771 2621 1828 vinculis
2646 1771 3088 1841 insolubilibus,
3116 1779 3172 1829 et
3209 1789 3334 1830 non
3373 1779 3617 1846 repente

1959 1857 2252 1914 morieris.
2319 1862 2382 1916 Et
2435 1866 2760 1916 revertetur
2817 1861 2953 1933 ipsa
3001 1877 3246 1935 quoque
3294 1862 3616 1920 nobiscum

1960 1964 2095 2004 cum
2155 1949 2354 2004 multis
2383 1948 2766 2006 facultatibus
2809 1950 2870 2006 in
2904 1950 3157 2007 domum
3207 1955 3394 2008 tuam.
3443 1953 3617 2018 Quod

1961 2037 2142 2093 etiam
2173 2037 2398 2094 factum
2429 2045 2533 2106 est,
2571 2043 2632 2095 ut
2663 2039 3014 2095 summatim
3033 2040 3255 2096 dicam.
3287 2043 3447 2096 Tunc
3469 2057 3620 2114 puer

1963 2126 2222 2182 servavit
2242 2143 2345 2183 cor
2373 2130 2430 2184 et
2452 2127 2623 2198 jecur
2651 2132 2708 2185 et
2735 2127 2832 2198 fel,
2855 2129 3085 2201 piscem
3112 2133 3316 2186 autem
3341 2131 3619 2188 comede-

1959 2217 2119 2271 runt.

2037 2306 2258 2361 XXXIII.
2325 2307 2473 2362 Cum
2553 2311 2756 2363 autem
2839 2307 3163 2380 venissent,
3239 2313 3296 2366 et
3349 2308 3621 2368 alacriter

1964 2394 2192 2466 accepti
2221 2400 2418 2451 essent
2447 2412 2482 2452 a
2507 2411 2648 2452 sene
2677 2396 2958 2468 Raguele,
2985 2404 3042 2454 et
3070 2398 3258 2456 verba
3287 2400 3618 2458 movissent

1966 2481 2041 2538 de
2073 2488 2404 2552 contractu,
2440 2484 2684 2542 nolebat
2710 2503 2912 2554 senex,
2947 2488 3162 2544 timens
3193 2490 3455 2548 maxime
3481 2507 3622 2564 pro-

1968 2575 2173 2644 pterea
2198 2573 2365 2645 quod
2396 2579 2554 2630 esset
2583 2575 2635 2630 ei
2661 2575 3041 2648 propinquus
3067 2593 3304 2650 genere,
3331 2585 3388 2636 et
3419 2591 3623 2638 osten-

1969 2658 2154 2716 debat
2173 2661 2258 2716 eis
2282 2662 2559 2734 sepulcra
2575 2668 2805 2736 septem
2826 2665 3111 2722 virorum.
3133 2667 3400 2726 Tandem
3421 2674 3626 2727 autem

1972 2763 2302 2821 persuasus
2332 2767 2469 2807 cum
2501 2752 2866 2810 celebrasset
2894 2755 3158 2828 nuptias,
3190 2761 3248 2812 et
3278 2773 3416 2813 eum
3455 2774 3626 2832 aspe-

1966 2839 2150 2894 xisset
2176 2839 2394 2906 virum,
2444 2841 2756 2913 quomodo
2805 2843 2858 2899 ei
2896 2850 3276 2914 suggesserat
3328 2847 3458 2916 ejus
3511 2849 3625 2904 viae

1967 2943 2190 2997 comes,
2245 2931 2364 2986 Deo
2402 2947 2660 3002 magnas
2711 2932 2829 3003 egit
2884 2934 3128 3003 gratias,
3172 2939 3228 2991 et
3274 2951 3409 2992 eam
3459 2935 3628 2994 dedit

1967 3033 2151 3073 senex
2177 3035 2425 3075 uxorem
2474 3020 2691 3086 Tobiae,
2749 3028 2806 3077 et
2856 3021 3177 3078 dimidium
3224 3040 3472 3081 suorum
3520 3025 3624 3082 bo-

1965 3120 2205 3176 norum,
2229 3112 2284 3162 et
2301 3108 2462 3164 misit
2488 3124 2592 3165 eos
2617 3125 2756 3164 cum
2786 3124 3009 3179 magno
3041 3111 3282 3181 gaudio.
3315 3113 3464 3186 Ipsis
3484 3130 3621 3171 vero

1966 3196 2237 3267 reversis,
2266 3202 2322 3252 et
2343 3196 2521 3253 simul
2551 3215 2689 3254 cum
2715 3214 2785 3255 ea
2805 3199 3032 3255 ancillis
3062 3205 3120 3256 et
3143 3201 3384 3258 famulis
3409 3209 3466 3260 et
3489 3204 3623 3260 inﬁ-

1966 3284 2091 3340 nita
2107 3286 2364 3357 pecunia
2384 3292 2630 3359 accepto
2652 3288 2833 3345 etiam
2854 3303 2890 3344 a
2911 3288 3131 3346 Gabelo
3156 3290 3450 3365 deposito,
3477 3309 3617 3350 cum

1969 3374 2271 3430 venissent
2295 3390 2482 3448 prope
2516 3375 2768 3432 domum
2792 3376 3010 3447 Tobiae,
3038 3381 3203 3436 canis
3231 3380 3366 3438 loco
3413 3383 3616 3453 agnito

1972 3478 2347 3535 procurrens,
2377 3464 2686 3534 ingressus
2727 3470 2819 3522 est
2859 3467 3131 3540 domum,
3164 3475 3219 3526 et
3265 3471 3618 3544 complexus

1973 3552 2157 3625 pedes
2187 3551 2406 3622 Tobize,
2439 3554 2489 3608 ei
2532 3553 2972 3613 blandiebatur.
3007 3556 3104 3614 Ille
3142 3564 3344 3616 autem
3375 3578 3514 3619 cum
3543 3577 3619 3618 ex

1973 3657 2043 3699 eo
2091 3643 2475 3715 cognovisset
2505 3643 2830 3702 adventum
2881 3646 3004 3714 ﬁlii,
3047 3651 3304 3708 surrexit
3339 3667 3616 3726 propere,

1974 3737 2030 3789 et
2058 3732 2158 3788 ivit
2187 3732 2238 3788 ei
2267 3731 2535 3802 obviare,
2562 3738 2618 3789 et
2663 3735 2763 3791 hic
2793 3739 2850 3792 et
2903 3735 3022 3794 illic
3077 3737 3494 3799 offendebatur
3540 3743 3621 3801 ad

1974 3823 2263 3896 parietem
2292 3837 2413 3879 non
2447 3822 2675 3880 videns.
2711 3825 2832 3881 Vite
2863 3842 3004 3883 vero
3034 3844 3236 3887 comes
3263 3830 3407 3888 dicit
3424 3831 3623 3890 Tobiae

1979 3935 2006 3963 ‹‹
2037 3913 2253 3986 Accipe
2283 3912 2359 3969 fel
2389 3913 2591 3986 piscis,
2640 3919 2696 3971 et
2725 3931 2865 3972 cum
2921 3917 2984 3972 in
3031 3918 3257 3976 foribus
3294 3923 3625 3980 occurreris

1977 4003 2134 4075 patri
2165 4009 2286 4068 tuo,
2320 4003 2677 4075 priusquam
2729 4003 2856 4076 ipse
2912 4009 2967 4061 te
2997 4007 3411 4079 amplectatur,
3466 4026 3626 4081 unge

1981 4091 2181 4148 oculos
2209 4092 2358 4162 ejus,
2391 4096 2449 4148 et
2477 4092 2677 4148 statim
2705 4092 2968 4166 ascipiet.
2999 4118 3020 4143 ι
3053 4097 3224 4162 Quod
3248 4115 3386 4154 cum
3404 4099 3629 4158 factum

1983 4185 2140 4237 esset
2168 4185 2224 4237 et
2247 4180 2518 4252 protinus
2563 4183 2754 4238 visum
2791 4184 3130 4258 recepisset,
3168 4192 3456 4247 steterunt
3483 4191 3630 4248 obs-

1984 4269 2286 4343 tupefacti,
2317 4273 2501 4326 Deum
2528 4270 2844 4329 laudantes
2899 4279 3142 4348 propter
3183 4278 3388 4336 omnia
3445 4280 3628 4349 bona,

1987 4377 2124 4435 quas
2156 4360 2241 4416 eis
2265 4359 2504 4419 fecerat.
2534 4362 2877 4420 Volentibus
2930 4371 3132 4423 autem
3185 4367 3332 4440 ipsis
3380 4386 3638 4442 magnas

1989 4450 2206 4508 referre
2269 4450 2489 4521 gratias
2553 4450 2664 4506 vim
2722 4454 2942 4522 comiti,
3019 4457 3125 4529 qui
3185 4459 3642 4518 existimabatur

1993 4539 2418 4607 mercenarius,
2467 4544 2828 4614 etprompto
2884 4543 3140 4602 etalacri
3171 4547 3376 4605 animo
3418 4549 3470 4606 ei
3499 4556 3644 4607 dare

1995 4629 2312 4686 dimidium
2333 4630 2601 4701 pecuniae
2619 4647 2804 4703 quam
2831 4633 3169 4700 attulerant,
3196 4653 3260 4692 se
3289 4637 3374 4693 eis
3413 4639 3646 4710 aperuit

1999 4717 2399 4788 archangelus
2431 4718 2759 4787 Domini,et
2778 4720 2960 4777 dixit:
2994 4744 3022 4772 «
3049 4725 3169 4793 Ego
3201 4741 3335 4780 sum
3358 4727 3644 4799 Raphael,

1999 4824 2156 4864 unus
2213 4823 2286 4862 ex
2339 4812 2568 4879 septem
2625 4809 3016 4880 archangelis,
3062 4812 3168 4884 qui
3221 4815 3339 4870 Deo
3391 4813 3655 4873 offerunt

1997 4913 2208 4971 preces
2232 4897 2536 4970 justorum
2582 4916 2594 4953 :
2650 4903 2707 4954 et
2734 4914 2929 4972 neque
2975 4901 3230 4972 comedi,
3286 4918 3484 4977 neque
3527 4902 3659 4963 bibi

2001 4986 2235 5044 etiamsi
2258 5002 2368 5042 vos
2391 4986 2701 5058 putaretis.
2736 4988 2987 5044 Domino
3008 5005 3146 5047 vero
3176 4998 3470 5065 perpetuo
3500 4995 3659 5066 agite

2001 5076 2248 5148 gratias,
2281 5080 2339 5131 et
2373 5091 2610 5147 semper
2655 5075 2707 5131 ei
2754 5076 3143 5148 conﬁtemini,
3175 5082 3344 5154 quod
3372 5084 3657 5155 magniﬁ-

2001 5166 2159 5224 cavit
2186 5163 2660 5221 misericordiam
2710 5181 2886 5222 suam
2913 5183 3093 5239 super
3138 5185 3268 5227 vos.
3329 5173 3470 5238 Quae
3524 5189 3664 5230 cum

2002 5255 2270 5322 dixisset,
2298 5254 2498 5312 statim
2519 5253 2629 5311 fuit
2649 5253 2920 5312 sublatus
2937 5257 3015 5314 ab
3037 5274 3250 5317 eorum
3270 5261 3478 5318 oculis.
3499 5284 3526 5312 »
3546 5265 3666 5320 Hoc

2004 5361 2148 5418 ergo
2193 5344 2385 5403 solum
2443 5343 2590 5402 dixit
2647 5345 2952 5419 Scriptura
3015 5347 3226 5408 fecisse
3281 5351 3666 5426 Raphaelem,
