4096 6208
508 290 604 344 591

1462 285 1746 343 MANUEL
1785 282 2327 341 CHARITOPULUS
2367 284 2820 343 PATRIARCHA
2858 286 2960 343 ΟΡ.

3817 293 3915 347 592

508 412 675 485 quod
700 411 811 469 fuit
829 411 1125 485 optimum
1155 413 1212 468 et
1239 409 1575 468 maximum
1605 410 1984 467 miraculum.
2020 410 2165 468 Dicit
2194 410 2242 464 A
2276 415 2673 484 assequentur
2703 410 2971 484 trophaea
2991 409 3272 469 victoriae.
3306 412 3418 469 Per
3446 416 3503 469 te
3530 411 3717 470 duces
3751 429 3922 471 exer-

509 506 710 559 autem
738 519 800 559 se
820 518 1012 559 unum
1042 518 1114 559 ex
1144 505 1377 574 septem
1409 501 1808 572 archangelis,
1868 500 2164 574 quoniam
2272 500 2422 557 citus
2501 500 2815 556 Christiani
2890 499 3118 573 populi,
3183 502 3431 558 vincunt
3512 507 3571 559 et
3624 502 3922 561 dedecore

510 592 779 649 omnium
794 591 1070 649 ordinum
1086 590 1615 665 supercoelestium,
1631 596 1687 647 et
1698 608 1828 663 quae
1840 589 2165 660 intelligen-

2271 589 2537 646 afﬁciunt
2582 589 2913 663 phalanges
2967 589 3235 660 gentium
3288 590 3641 648 inﬁdelium.
3698 593 3813 649 Per
3868 600 3923 651 te

512 682 593 741 tia
630 680 1183 755 apprehenduntur,
1250 681 1537 739 classium
1580 685 1638 738 et
1670 686 1932 737 coetuum
1978 681 2162 737 duces
2269 679 2465 736 omnis
2498 679 2691 749 gratia
2732 678 3103 744 illuminans,
3132 683 3190 736 et
3214 680 3539 754 praedictio,
3572 686 3631 738 et
3683 682 3924 754 sapien-

512 775 729 829 suntet
754 771 1055 845 principes
1085 772 1158 841 ⁸⁸,
1190 772 1344 828 sicut
1371 771 1597 829 dictum
1624 776 1714 828 est
1744 770 2039 843 superius.

566 861 1173 918 XXXIV.Ce1ebremus
1188 864 1389 918 autem
1405 877 1518 917 nos
1538 860 1633 916 hic
1649 876 1891 933 quoque
1910 860 2156 931 sincere,

507 954 575 1007 ut
595 950 908 1022 debemus,
931 966 968 1007 o
989 954 1367 1007 sacrosancte
1392 954 1449 1006 et
1466 966 1502 1007 a
1528 952 1645 1006 Deo
1678 948 1919 1006 collecte
1948 952 2155 1018 coetus,

506 1040 708 1098 laetum
728 1046 785 1098 et
808 1040 1097 1097 illustrem
1120 1044 1179 1098 et
1205 1039 1622 1097 admirabilem
1648 1040 1809 1096 diem
1828 1039 2044 1096 festum
2068 1056 2159 1096 or-

508 1129 721 1187 dinum
746 1130 1010 1187 ductoris
1040 1129 1359 1199 Michaelis,
1390 1130 1497 1202 qui
1542 1130 1778 1186 animas
1819 1134 1876 1185 et
1904 1144 2157 1201 corpora

505 1218 799 1276 beneﬁcio
829 1219 1045 1277 afﬁcit:
1079 1223 1136 1275 et
1164 1220 1217 1276 ei
1241 1219 1567 1276 offeramus
1608 1218 1771 1276 dona
1818 1224 2064 1291 accepta
2098 1224 2156 1276 et

505 1310 711 1380 digna,
739 1315 795 1367 et
824 1310 953 1383 pios
984 1311 1037 1366 ei
1060 1309 1324 1383 hymnos
1354 1312 1643 1383 perpetuo
1681 1325 1802 1365 non
1840 1325 2150 1366 cessemus

502 1399 775 1474 psallere,
810 1406 875 1456 ut
920 1400 1050 1472 ipse
1093 1415 1335 1473 quoque
1388 1404 1630 1455 moveat
1681 1399 2151 1456 vehementiores

501 1489 956 1546 intercessiones
982 1489 1061 1545 ad
1081 1504 1468 1544 communem
1488 1488 1808 1544 Dominum
1831 1493 1888 1545 et
1918 1491 2150 1545 Creato-

498 1595 652 1647 rem,
682 1582 750 1635 ut
772 1578 951 1634 nobis
989 1578 1088 1634 det
1109 1577 1371 1644 veniam,
1427 1577 1532 1649 qui
1566 1577 1983 1649 multiplicium
2012 1594 2145 1650 pec-7

501 1672 772 1725 calorum
802 1667 1073 1723 humana
1098 1665 1504 1723 imbecillitate
1534 1666 1883 1723 circumdati
1935 1684 2143 1723 sumus

2268 768 2369 835 tia,
2394 773 2448 826 et
2476 769 2663 824 virtus
2683 772 2748 823 ut
2776 773 2865 824 est
2893 766 3173 824 ﬁdelibus
3203 768 3572 827 hominibus.
3602 772 3682 827 De
3703 776 3921 829 castero

2266 862 2333 915 ut
2358 860 2463 932 qui
2485 859 2715 916 habeas
2737 858 2914 915 etiam
2931 858 3098 932 quod
3124 864 3316 931 potes,
3342 860 3424 917 da
3451 861 3633 919 etiam
3652 862 3920 920 vicissim

2266 953 2543 1005 eventum
2573 948 2937 1021 petitionum.
2972 950 3217 1019 Protege
3248 965 3487 1023 semper
3533 954 3591 1007 et
3618 967 3921 1010 conserva

2265 1038 2447 1094 vitam
2478 1043 2747 1094 nostram
2802 1038 3019 1109 pennis
3059 1038 3174 1094 tuis
3203 1038 3657 1111 archangelicis,
3688 1044 3746 1097 et
3802 1057 3918 1098 nos

2261 1126 2450 1183 libera
2473 1126 2553 1183 ab
2569 1126 2735 1183 omni
2753 1132 3139 1183 nocumento.
3164 1130 3318 1186 Cura
3336 1127 3681 1186 aﬁectiones
3702 1145 3917 1187 eorum

2262 1217 2365 1290 qui
2404 1221 2713 1288 aegrotant.
2752 1217 2864 1274 Fac
2912 1222 2977 1273 ut
3029 1217 3092 1274 in
3150 1234 3363 1275 auram
3420 1225 3809 1289 evanescant,
3857 1225 3914 1278 et

2260 1305 2669 1363 dissolvantur
2699 1308 2938 1380 spiritus
2963 1322 3172 1363 eorum
3208 1308 3313 1380 qui
3343 1308 3581 1382 probris
3624 1308 3917 1368 insultant

2260 1401 2315 1454 et
2342 1397 2591 1469 injuriis.
2624 1397 2836 1454 Adhuc
2866 1397 3061 1468 magis
3085 1396 3355 1471 deprime
3384 1404 3442 1455 et
3468 1399 3657 1471 dejice
3685 1399 3915 1457 elatum

2256 1491 2313 1543 et
2370 1486 2697 1557 gloriosum
2779 1486 3159 1559 supercilium
3211 1491 3269 1544 et
3319 1488 3907 1561 magniloquentiam

2253 1576 2516 1648 perversi
2564 1580 2620 1632 et
2652 1576 2750 1632 Dei
2794 1576 3006 1647 hostis,
3041 1580 3098 1633 et
3145 1576 3495 1634 hominibus
3548 1577 3746 1634 infesti
3802 1578 3908 1636 Sa-

2251 1670 2426 1731 tanae,
2460 1669 2515 1722 et
2542 1665 2636 1721 fac
2686 1669 2749 1721 ut
2800 1669 3037 1722 cessent
3084 1670 3142 1721 et
3188 1666 3379 1723 otiose
3426 1666 3757 1724 reddantur
3800 1668 3913 1725 im-

499 1760 557 1814 et
584 1757 847 1813 miseria.
881 1755 968 1812 Ad
998 1772 1137 1811 eum
1179 1770 1320 1827 ergo
1364 1755 1696 1812 clamemus
1737 1760 1792 1813 et
1820 1757 2093 1815 dicamus
2127 1774 2139 1813 :
2176 1773 2214 1827 Β
2249 1756 2453 1829 probae
2502 1756 2631 1825 ejus
2687 1754 3188 1813 machinationes.
3254 1756 3486 1829 Depelle
3553 1757 3910 1815 dzemonum

498 1847 758 1918 Benigne
789 1846 1057 1901 minister
1083 1845 1329 1916 benigni
1376 1846 1632 1917 Domini,
1665 1847 1768 1919 qui
1816 1847 1879 1903 in
1927 1853 2143 1921 myste-

493 1936 599 1992 riis
651 1934 871 2003 initias,
926 1933 1170 1990 Michael
1227 1934 1507 2005 princeps
1574 1933 1817 2002 militiae,
1882 1935 2142 1991 assiduis

494 2026 610 2081 tuis
639 2024 805 2097 apud
835 2025 1055 2093 Regem
1089 2022 1291 2093 gloriae
1343 2023 1887 2095 intercessionibus,
1933 2041 2143 2082 omnes

493 2118 629 2172 tuos
656 2113 1001 2171 laudatores
1029 2118 1086 2170 et
1107 2112 1315 2169 ﬁdeles
1348 2116 1483 2170 tuos
1538 2112 1816 2182 famulos,
1850 2132 1987 2172 cum
2038 2132 2143 2189 per

492 2204 928 2278 paenitentiam,
954 2207 1020 2260 ut
1066 2203 1341 2259 meliores
1371 2203 1651 2269 evadant,
1703 2204 2043 2274 deduxeris,
2088 2212 2143 2262 et

492 2298 561 2349 ut
606 2298 849 2350 sanctos
893 2292 1064 2348 decet
1118 2294 1339 2363 vivant,
1389 2292 1696 2362 erudieris,
1747 2293 1863 2349 illic
1915 2294 2143 2352 colloca

494 2381 557 2438 in
577 2382 830 2440 statione
838 2383 1161 2451 justorum.
1177 2383 1251 2437 Te
1268 2380 1428 2436 enim
1450 2382 1645 2437 omnis
1667 2386 1854 2437 cretus
1872 2383 2143 2440 Christia-

494 2485 734 2536 norum,
766 2473 906 2541 post
934 2472 1123 2525 Deum
1170 2473 1228 2525 et
1254 2468 1669 2525 intemeratam
1709 2471 1837 2542 ejus
1879 2475 2138 2539 Matrem,

493 2563 819 2633 patronum
844 2557 1143 2614 habemus
1167 2557 1504 2614 maximum
1530 2563 1586 2616 et
1639 2559 1845 2616 salutis
1871 2561 2141 2619 defenso-

494 2665 643 2707 rem.
667 2651 742 2705 Te
761 2648 947 2705 nostri
974 2647 1178 2705 auxilii
1224 2664 1395 2705 arma
1422 2647 1785 2707 validissima
1813 2656 1867 2708 et
1924 2654 2142 2710 maenia

496 2738 788 2795 adversus
812 2753 1023 2794 omnes
1047 2735 1271 2807 hostes,
1304 2742 1429 2794 tam
1469 2737 1573 2812 qui
1598 2738 1659 2794 in
1690 2739 2142 2811 intelligentiam

497 2826 745 2900 cadunt,
791 2844 979 2901 quam
1006 2827 1112 2901 qui
1167 2826 1282 2882 sub
1341 2842 1605 2898 sensum,
1651 2832 2035 2902 opponimus.
2069 2836 2143 2890 Te

495 2922 717 2975 nostra:
764 2915 1128 2973 defensionis
1188 2915 1459 2973 divinam
1518 2921 1574 2974 et
1630 2918 2143 2980 evidentissimam

498 3006 974 3065 circumferimus
1020 3006 1454 3081 gloriationem.
1488 3009 1595 3065 Per
1636 3011 1692 3066 te
1726 3009 1932 3068 ﬁdeles
1974 3028 2144 3085 reges

568 3161 616 3199 "
644 3160 789 3220 Tob.
815 3176 979 3221 rxnv.

2249 1845 2521 1910 insidias,
2553 1861 2687 1918 quae
2722 1844 3012 1901 adversus
3053 1861 3165 1901 nos
3196 1850 3434 1902 structas
3478 1851 3637 1905 sunt.
3686 1847 3908 1916 Evelle,

2250 1949 2385 2006 qua:
2416 1933 2494 1989 ab
2515 1933 2757 1990 inimico
2786 1938 2913 1990 sata
2935 1937 3073 1990 sunt
3092 1933 3319 1991 zizania
3335 1934 3396 1991 in
3427 1951 3573 2006 agro
3604 1935 3907 1995 Ecclesiae.

2252 2022 2449 2094 Purga
2481 2022 2605 2078 veri
2635 2022 2818 2078 Patris
2843 2022 3101 2079 familias
3152 2027 3210 2079 et
3258 2023 3493 2080 Domini
3547 2028 3903 2082 sementem.

2251 2114 2568 2185 Oppugna,
2601 2117 2657 2168 et
2688 2111 3022 2182 ignominia
3052 2111 3244 2182 afﬁce,
3300 2118 3357 2169 et
3394 2111 3652 2170 dissolve
3710 2119 3906 2172 catus

2251 2218 2459 2258 eorum
2480 2202 2585 2275 qui
2611 2201 2767 2258 male
2799 2202 3081 2269 sentiunt,
3114 2207 3171 2259 et
3195 2206 3334 2259 sunt
3356 2202 3543 2276 impii.
3601 2207 3717 2261 Nos
3771 2220 3909 2277 per-

2248 2295 2429 2363 petuo
2460 2290 2752 2347 conﬁrma
2781 2295 2837 2348 et
2866 2291 3190 2348 corrobora
3237 2292 3737 2349 intercessionum
3777 2300 3906 2351 tua-

2247 2396 2381 2437 rum
2404 2380 2853 2437 defensionibus
2884 2381 2962 2437 ad
2986 2381 3120 2452 hoc,
3146 2384 3208 2438 ut
3234 2381 3379 2438 citra
3398 2381 3905 2455 impedimentum

2247 2468 2539 2525 faciamus
2573 2470 2942 2527 Dominicam
2982 2474 3041 2526 et
3083 2469 3354 2527 divinam
3400 2470 3808 2529 voluntatem:
3846 2478 3910 2530 ut

2248 2573 2355 2630 per
2370 2563 2530 2614 tuam
2552 2559 2989 2631 providentiam
3008 2559 3488 2616 etdefensionem
3505 2559 3671 2630 digni
3687 2559 3904 2629 habiti,

2249 2647 2355 2720 qui
2372 2648 2559 2703 vitam
2590 2664 2849 2720 agamus
2879 2648 2940 2705 in
2980 2648 3221 2705 veritate
3253 2653 3309 2705 et
3335 2648 3582 2719 justitia,
3615 2664 3907 2722 assequa-

2250 2752 2387 2792 mur
2417 2742 2636 2794 aeterna
2668 2738 2880 2795 Christi
2910 2738 3073 2795 bona
3093 2739 3155 2795 in
3195 2754 3382 2809 regno
3409 2739 3717 2811 calorum,
3752 2754 3898 2810 gra-

2251 2825 2330 2881 tia
2359 2831 2415 2881 et
2437 2826 2843 2884 misericordia
2872 2827 3106 2887 Domini
3135 2827 3319 2884 nostri
3344 2827 3486 2884 Jesu
3517 2827 3749 2895 Christi,
3804 2828 3903 2885 cui

2252 2912 2441 2985 gloria
2463 2921 2519 2972 et
2548 2916 2816 2991 potentia
2848 2916 2910 2973 in
2931 2915 3152 2975 saecula
3172 2916 3549 2975 saeculorum.
3578 2923 3790 2973 Amen.

496 3358 3903 3408 Μ

1824 3535 2014 3592 ΑΝΝο
2055 3535 2303 3594 DOMINI
2342 3535 2568 3594 MCCXL

708 3763 1902 3933 MANUELIS
2126 3766 3671 3935 CHARITOPULI

1847 4091 1963 4157 (ΣΡ.
2010 4092 2534 4155 ΡΑΤΒΙΑΡιΟΗιΈ

1371 4275 1848 4339 SOLUTIONES
1892 4277 2386 4350 QUARUMDAM
2430 4277 2986 4355 QU/ESTIONUM,

1729 4462 1829 4522 DE
1868 4462 2067 4524 JURE
2110 4463 2621 4528 PATRONATUS

1498 4704 1600 4766 DE
1642 4704 2229 4769 TRANSLATIONE
2272 4707 2840 4774 EPISCOPORUM.

1628 4894 1783 4958 Vide
1814 4899 1968 4959 tom.
2002 4896 2211 4973 CXIX,
2247 4898 2370 4961 col.
2407 4898 2695 4963 807-815.
