4096 6208
447 365 549 421 595
1570 357 1946 418 GERMANUS
2003 362 2049 415 ΙΙ
2107 360 2207 416 CP.
2272 355 2732 417 PATRIABCHA.
3752 360 3853 415 596

440 487 643 560 judice
674 487 975 561 Stephano
1004 487 1079 544 de
1100 487 1393 545 Altimura
1422 486 1752 545 Ponticensi
1780 488 1841 544 in
1870 487 2161 562 PanOplia
2202 489 2412 543 contra
2452 483 2714 541 schisma
2744 482 3081 537 Graecorum
3109 496 3166 553 p.
3204 484 3325 538 358.
3355 484 3526 540 FABR.
3558 484 3767 538 Exstat
3794 481 3851 537 in

454 576 587 634 cod.
620 577 871 633 Vindob.
902 579 1049 634 Caes.
1082 577 1267 633 modo
1291 576 1559 647 laudato,
1596 581 1652 632 et
1679 576 1861 648 Paris,
1895 578 1956 633 in
1977 577 2123 634 bibl.
2150 575 2320 650 publ.
2353 574 2484 631 cod.
2516 574 2761 637 MCCXV,
2784 586 2847 625 n.
2880 574 2931 634 3,
2964 572 3135 625 ΒΑΜ..

514 670 603 722 111.
632 668 717 723 De
740 667 1118 737 purgatorio,
1152 671 1207 723 et
1238 666 1333 725 IV.
1365 667 1451 724 De
1479 667 1670 723 tribus
1715 668 1904 723 modis
1943 665 2420 724 administrandi
2453 664 2767 734 baptisma.
2811 659 3064 715 Allatius
3098 659 3137 714 Ι.
3172 675 3219 714 c.
3255 676 3388 731 pag.
3424 665 3548 716 712.

513 758 579 811 V.
617 756 895 812 Homilz'w
911 755 1112 827 plures
1136 760 1193 812 et
1222 756 1576 823 Calecheses,
1628 772 1766 812 cum
1794 757 2040 826 epistola
2070 756 2150 812 ad
2169 754 2473 811 Nicolaum
2517 749 3002 824 grammaticum,
3041 753 3289 805 servatas
3324 750 3386 805 in
3424 749 3634 806 codice
3652 749 3861 807 Coisli-

442 843 645 905 niano,
680 843 852 914 cujus
876 844 1151 900 notitiam
1177 861 1248 900 ex
1276 844 1573 900 eruditiss.
1597 844 2286 915 Montfauconicatalogo
2313 859 2451 917 pag.
2482 847 2579 899 391
2617 841 2709 897 hic
2739 854 3043 912 apponere
3075 854 3197 894 non
3228 840 3546 909 gravabor.
3580 863 3601 890 ι
3658 839 3862 896 Codex

443 933 801 999 CCLXXVIII,
826 932 968 989 olim
991 933 1299 1005 CCCLXIII,
1332 933 1763 1007 bombycinus,
1793 951 1889 992 xw
1918 934 2146 992 circiter
2193 932 2415 1003 saeculi,
2447 931 2726 988 foliorum
2776 933 2898 985 236.
2956 928 3153 986 Sancti
3180 928 3457 985 Germani
3497 929 3861 1003 patriarchas

449 1022 555 1079 CP.
585 1022 901 1078 Sermones
926 1022 1277 1078 ethomiliae.

520 1134 539 1159 ι
587 1110 702 1165 Fol.
736 1114 787 1166 4.
824 1112 878 1168 8.
917 1111 1197 1168 Germani
1262 1111 1525 1184 archiep.
1560 1114 1661 1167 CP.
1693 1113 2030 1169 Sermones.
2088 1112 2321 1169 Primus
2347 1113 2408 1168 in
2466 1110 2841 1168 ordinatione
2870 1108 3000 1180 ejus
3022 1108 3082 1165 in
3111 1108 3517 1181 patriarcham
3545 1109 3651 1164 CP.
3684 1107 3813 1164 init.
3845 1124 3861 1163 :

445 1198 604 1252 Πάλιν
660 1199 737 1252 ἐπ’
782 1203 868 1273 εμὲ
931 1206 1145 1276 χρίσμα
1192 1206 1281 1254 καί
1322 1208 1543 1273 πνεῦμα.
1579 1201 1751 1256 FABR.
1801 1202 1903 1257 Hic
1950 1206 2062 1257 ets

2245 1218 2294 1258 ιε
2344 1201 2561 1274 aliique
2610 1214 2919 1256 sermones
2960 1204 3240 1271 quatuor,
3288 1214 3396 1254 nec
3424 1213 3545 1254 non
3568 1198 3747 1271 epist.
3778 1196 3862 1253 ad

445 1288 741 1361 populum
773 1289 935 1362 Cpol.
962 1295 1288 1363 postquam
1321 1290 1643 1364 episcopus
1670 1290 1860 1347 factus
1885 1296 2063 1357 esset,
2096 1296 2153 1345 et
2181 1290 2433 1364 epistola
2459 1290 2538 1346 ad
2566 1291 2884 1346 Nicolaum
2909 1289 3388 1359 grammaticum,
3416 1287 3522 1360 qui
3552 1287 3629 1343 ad
3654 1291 3861 1360 partes

442 1378 956 1435 Musulmanorum
983 1380 1315 1449 transierat,
1365 1384 1421 1435 et
1445 1381 1664 1452 scripta
1695 1381 2097 1450 ignominiosa
2123 1386 2326 1436 contra
2351 1379 2744 1436 orthodoxam
2768 1376 2953 1433 ﬁdem
2977 1377 3345 1449 vulgaverat,
3378 1380 3588 1449 postea
3604 1392 3747 1433 vero
3779 1374 3863 1431 ad

447 1482 662 1523 sanam
686 1472 951 1523 mentem
980 1468 1255 1536 redierat,
1280 1468 1467 1524 Oxon.
1500 1470 1560 1523 in
1590 1469 1725 1525 cod.
1756 1472 1992 1525 Barocc.
2024 1471 2238 1524 CXXXI.
2264 1501 2331 1509 —
2362 1468 2639 1525 Germani
2680 1482 2899 1534 sermo,
2930 1465 3180 1538 quando
3210 1466 3700 1537 archiepiscopus
3730 1465 3862 1537 ipse

447 1560 833 1610 consecratus
863 1559 1051 1625 esset;
1085 1557 1360 1627 ejusdem
1393 1573 1590 1613 sermo
1618 1558 1954 1613 indictionis
1976 1558 2176 1625 initio;
2201 1558 2475 1628 ejusdem
2502 1556 2749 1612 homilia
2777 1558 2985 1612 contra
3003 1554 3248 1611 clericos
3272 1570 3488 1610 avaros
3513 1560 3569 1610 et
3598 1569 3867 1626 paraene-

449 1643 530 1698 sis
562 1643 639 1697 ad
663 1648 941 1715 parentes
970 1644 1044 1700 de
1073 1644 1309 1713 liberis;
1342 1645 1590 1701 homilia
1620 1646 1692 1701 de
1724 1662 1896 1702 sacra
1922 1646 2154 1717 synaxi,
2191 1652 2246 1701 et
2275 1645 2437 1717 quod
2470 1646 2669 1701 adhuc
2698 1645 2919 1699 durant
2949 1643 3260 1705 miracula,
3279 1644 3539 1715 denique
3572 1659 3774 1699 sermo
3801 1642 3869 1698 in

448 1731 976 1789 Annuntiationem
1010 1736 1068 1789 Β.
1128 1734 1403 1804 Virginis,
1433 1735 1493 1790 in
1520 1735 1760 1792 Thomas
1794 1735 1932 1791 Gale
1974 1734 2107 1790 cod.
2140 1737 2312 1800 XLVI,
2338 1735 2376 1790 f.
2410 1738 2549 1791 5880
2602 1739 2714 1789 cat.
2745 1748 2894 1788 mss.
2957 1733 3126 1802 Angl.
3157 1733 3254 1788 vol
3288 1749 3354 1789 ιι.
3394 1739 3566 1788 ΗΑΜ..
3593 1764 3661 1772 -
3686 1736 3745 1801 2)
3774 1734 3871 1792 Εις

455 1822 629 1892 ἀρχὴν
662 1818 918 1879 ινὸίκτου.
949 1821 1081 1878 Init.
1105 1827 1322 1896 Χαίρετε
1378 1827 1426 1876 εν
1460 1829 1635 1895 Κυρὶῳ
1664 1825 1902 1889 πάντοτε,
1962 1823 2072 1875 παλ

2258 1870 2261 1878 .
2291 1855 2358 1863 —
2389 1828 2442 1893 3)
2474 1827 2535 1878 In
2591 1822 3018 1878 Exaltationem
3055 1821 3116 1879 S.
3156 1820 3374 1876 Crucis.
3408 1822 3536 1883 Init.
3563 1820 3724 1873 Πάλιν
3758 1824 3875 1895 ἐορ-

458 1916 550 1970 τῆς
578 1914 888 1982 μυστήριον,
918 1916 1005 1962 ιαί
1042 1911 1299 1967 παἻ.ιν.-
1328 1912 1569 1983 4)Ερὶεῑ.
1597 1912 2075 1984 postordinatior

2260 1911 2373 1982 ius.
2414 1912 2541 1967 lnit.
2578 1910 2882 1983 Ἀϐϐακοὺμ
2928 1910 3089 1963 παλαι
3153 1913 3337 1963 ἐκεῖνον
3368 1914 3452 1962 τὸν
3480 1914 3527 1962 ἐν
3572 1914 3877 1985 προφήταις

458 1997 617 2068 easy.
652 2027 717 2038 σ-
740 1999 795 2069 5)
817 1999 905 2054 Ad
959 2000 1674 2071 Constantinopolitanos,
1709 2005 1916 2057 contra
1962 2004 2075 2071 Bog

2259 2017 2326 2057 )S.
2359 2000 2507 2056 Iinit.
2560 2002 2785 2071 Ἀνάγκη
2819 2000 2976 2052 ἐλθεῖν
3008 2002 3073 2051 τά
3097 1996 3384 2051 σκάνδαλα.
3422 1997 3612 2070 [Conf.
3656 1999 3876 2054 Schro-

455 2085 625 2142 eckh.
657 2085 789 2141 libr.
813 2087 910 2143 cit.
939 2091 1083 2143 tom.
1118 2092 1221 2158 XX,
1252 2105 1317 2161 p.
1364 2094 1486 2145 475.
1520 2092 1694 2145 ΗΑιιι.
1724 2090 1741 2163 ]
1767 2121 1834 2130 -
1866 2094 1943 2157 6.)
1976 2090 2072 2145 Con

2259 2105 2344 2157 os,
2376 2089 2479 2160 qui
2528 2087 2977 2144 conveniuntin
3028 2087 3361 2143 ecclesiam.
3418 2088 3526 2143 lnit
3580 2083 3719 2143 Ἤδη
3780 2089 3876 2158 μὲν

458 2178 485 2227 ὸ
514 2182 610 2235 τῆς
646 2177 841 2248 ἡμερας
889 2176 1144 2249 ὀφθαλμός
1175 2177 1333 2238 ἣλιος.
1362 2210 1429 2217 -
1458 2178 1511 2248 7)
1546 2177 1875 2233 Gratiarum
1905 2179 2058 2234 actio

2257 2193 2529 2233 :oncursu
2556 2177 2783 2249 populi,
2816 2181 2873 2233 et
2927 2182 3133 2232 contra
3171 2176 3495 2232 vanitatem
3542 2176 3697 2232 vitae.
3741 2175 3874 2232 Init.

458 2264 757 2335 Εὑλογμτὸς
805 2268 994 2337 Κύριος
1039 2270 1063 2319 ὁ
1096 2275 1254 2319 ποιῶν
1284 2270 1573 2340 θαυμάσια.
1624 2300 1691 2307 --
1720 2270 1769 2338 8)
1798 2269 2075 2323 Gratiaru'

2260 2267 2337 2323 tio
2367 2267 2442 2322 de
2474 2268 2827 2337 Sampsone,
2859 2266 2932 2321 de
2969 2264 3209 2331 Davide,
3258 2270 3315 2320 et
3338 2268 3546 2321 contra
3576 2264 3873 2325 mmchos.

464 2353 591 2409 Init.
636 2353 869 2426 ηὨο-περ
903 2358 967 2407 τά
1018 2359 1066 2408 ἓν
1107 2359 1389 2430 αύχμηρὶᾳ
1449 2361 1602 2430 φυτά,
1664 2358 1782 2409 ὅταν
1834 2361 1923 2429 μὲν
1968 2354 2090 2429 αρδ.
2125 2388 2191 2396 -
2221 2360 2277 2419 9)
2336 2359 2472 2428 Πρὸς
2537 2358 2656 2415 τοὺς
2722 2357 3044 2429 ιερωμὲνους,
3130 2358 3241 2409 etc.
3298 2354 3424 2409 lnit.
3455 2395 3468 2409 .
3496 2394 3539 2408 ..
3565 2396 3579 2411 .
3606 2397 3618 2408 .
3648 2398 3659 2407 .
3684 2396 3696 2409 .
3722 2397 3735 2410 .
3764 2396 3777 2406 .
3803 2395 3820 2412 .
3853 2394 3869 2409 .

462 2445 532 2495 Τὸ
575 2449 666 2494 τοῦ
706 2450 987 2515 προσώπου
1017 2447 1273 2520 ερύθῆμα.
1293 2447 1462 2515 -1Ο)
1493 2449 1572 2501 De
1624 2447 2036 2501 misericordia
2062 2462 2079 2500 ε

2259 2460 2339 2499 [ΓΟ
2361 2444 2605 2514 judicio.
2638 2443 2765 2499 lnit.
2821 2443 3145 2515 Ἐϐουλόμην
3177 2448 3265 2494 καὶ
3306 2446 3363 2494 τὸ
3392 2448 3615 2517 σήμερον
3656 2444 3876 2516 καιριώ-

463 2550 603 2605 τερα.
626 2564 692 2571 -
728 2535 811 2602 Η)
846 2534 974 2598 Quo
1001 2549 1184 2606 scopo
1212 2534 1396 2590 homo
1432 2535 1805 2606 compositus
1848 2535 2038 2590 factus
2072 2553 2080 2587 ε

2254 2548 2304 2588 c.
2339 2534 2473 2589 Init.
2524 2533 2861 2604 Ἀσπάζομαί
2896 2552 2973 2603 σε,
3007 2536 3401 2606 πρωτίστητῶν.
3428 2563 3494 2571 —
3520 2534 3613 2599 12)
3649 2534 3725 2587 De
3755 2530 3871 2587 b0-

465 2634 545 2673 no
584 2619 642 2674 in
694 2619 953 2676 Ecclesia
996 2621 1227 2689 ordine,
1272 2627 1382 2677 etc.
1428 2622 1557 2677 Init.
1602 2627 1670 2677 Αἰ
1710 2625 1925 2697 μητὲρες
1982 2622 2082 2674 ὁτατ

2253 2621 2695 2692 γαλακτίζειν.-
2741 2626 2824 2692 t3)
2877 2625 2954 2677 De
2996 2620 3210 2677 eodem
3266 2626 3646 2691 argumento.
3731 2621 3870 2676 init.

466 2704 849 2779 ’Λὸολεσχὴσω
909 2713 1000 2761 καί
1050 2710 1222 2776 πάλιν,
1290 2711 1351 2761 ἵν’
1410 2710 1553 2782 ὑμεῖς
1604 2710 1927 2781 άσχο),ἠ.-
1988 2710 2074 2783 Ui)

2272 2712 2711 2783 praeparatione
2768 2710 2847 2767 ad
2921 2711 3214 2783 mysteria
3280 2710 3656 2783 accipienda.
3728 2710 3868 2765 Init.

465 2795 602 2849 ἈΠ’
650 2794 771 2849 οὐδὲ
819 2802 843 2849 ό
888 2798 1103 2860 παλαιός
1150 2802 1358 2863 ἐκεῖνος,
1411 2804 1498 2850 καί
1544 2807 1605 2870 τῇ
1664 2794 1806 2871 σκιᾷ.
1834 2801 2007 2867 -15)
2065 2802 2082 2854 [

2259 2800 2650 2872 perhumerali
2723 2800 2947 2855 summi
2995 2800 3307 2872 pontiﬁcis,
3371 2804 3482 2856 etc.
3536 2799 3664 2856 Init.
3700 2800 3876 2870 Ὀμὲν

463 2890 673 2957 νομικὸς
721 2888 909 2950 ἐκεῖνος
957 2888 1228 2963 ἰερςίρχης,
1279 2894 1368 2940 καὶ
1410 2892 1731 2948 τνπικός.-
1786 2890 1869 2957 16)
1918 2891 2080 2945 Contr

2268 2889 2421 2945 ricos
2467 2889 2864 2958 inordinatos,
2925 2893 3036 2945 etc.
3090 2888 3217 2945 Init.
3278 2890 3390 2945 Οὐκ
3442 2890 3607 2961 ἀφυὴς
3653 2891 3752 2960 ἑγὼ
3783 2891 3880 2945 τὴν

461 2992 734 3045 «cauam.
765 3006 835 3015 ——
871 2977 951 3044 17)
988 2978 1068 3031 De
1117 2991 1320 3031 amore
1375 2976 1473 3031 Dei
1504 2991 1647 3045 erga
1674 2976 1970 3045 homines,
2020 2982 2075 3033 et

2266 2982 2313 3033 t.
2370 2980 2454 3038 Τίς
2512 2983 2541 3036 ἡ
2595 2998 2831 3053 τνραννις
2872 2982 2931 3036 ἦν
2976 2983 3029 3030 ἐκ
3086 2986 3175 3038 τῆς
3202 2982 3329 3050 πρὸς
3360 2981 3602 3051 ύμᾶς.-
3632 2978 3715 3048 18)
3746 2964 3883 3033 POSt

458 3061 717 3118 reditum
760 3078 833 3119 ex
865 3063 1069 3136 Lydia,
1122 3066 1179 3119 et
1226 3063 1300 3119 de
1332 3063 1833 3121 condemnatione
1864 3065 2075 3121 haareti

2263 3068 2395 3123 intii.
2430 3067 2556 3123 Init.
2597 3072 2722 3121 Λὺει
2776 3087 2875 3140 μου
2934 3072 3028 3125 τὴν
3085 3067 3328 3139 γλῶσσαν
3368 3070 3397 3125 ἡ
3426 3075 3674 3139 παροῦσα
3710 3070 3880 3123 muri-

457 3171 623 3226 γορις.
647 3184 715 3192 --
738 3154 823 3220 19)
856 3152 1109 3208 Homilia
1147 3158 1525 3211 κατανυκτικὴ.
1554 3154 1679 3209 Init.
1716 3153 1775 3205 ’Π
1803 3157 1893 3227 μὲν
1956 3155 2074 3207 rimi

2264 3164 2357 3219 τῆς
2411 3160 2534 3230 ἐμῆς
2585 3160 2713 3229 ἐμῆς
2788 3166 3004 3217 σιωπῆς.
3033 3188 3093 3195 -
3127 3161 3214 3219 20)
3252 3159 3329 3211 De
3357 3160 3654 3212 conventu
3681 3154 3742 3209 in
3772 3157 3873 3210 Ec-

457 3239 775 3305 clesia,etc.
805 3241 933 3297 Init.
956 3244 1020 3297 Τί
1042 3244 1101 3292 ἄν
1124 3241 1419 3315 ἃνθορωπος
1460 3244 1616 3295 πὰθοι
1647 3246 1976 3298 ἐπιστασίαν.
1995 3275 2057 3283 —-

2262 3245 2382 3301 uod
2419 3249 2573 3301 Deus
2605 3245 2859 3301 multum
2890 3250 3053 3300 curet
3099 3245 3173 3301 de
3202 3245 3570 3310 hominibus,
3603 3247 3713 3300 etc.
3744 3242 3874 3299 Init.

456 3333 575 3404 Φέρε
633 3327 692 3384 δὲ
748 3334 838 3383 καὶ
888 3330 1042 3383 πάλιν
1089 3333 1174 3384 επὶ
1224 3334 1311 3385 τὸν
1367 3337 1725 3404 τεχνίτην.-
1776 3336 1865 3401 22)
1906 3334 2048 3388 Cum

2261 3334 2402 3389 :leus
2468 3336 2549 3407 (a)
2601 3334 2926 3391 diaconum
2981 3334 3289 3405 percussit.
3348 3335 3473 3389 lnit'
3534 3334 3603 3385 Ὠ
3654 3328 3878 3405 γλυκεῖα

454 3418 593 3489 ὄψις,
651 3428 691 3470 ὠ
748 3419 1225 3492 γάνοςψυχῆςσ-
1273 3424 1364 3488 23)
1415 3423 1494 3477 De
1560 3421 1774 3478 eodem
1830 3421 2071 3476 Canicle

2262 3426 2320 3489 it.
2380 3425 2539 3496 Οῖμοι
2604 3428 2723 3495 ἐγὼ,
2773 3443 2958 3498 μητερ,
3028 3429 3097 3485 ὼς
3139 3444 3251 3475 τινα
3307 3444 3369 3496 με
3431 3423 3621 3484 ἔτεκες.
3660 3453 3725 3463 --
3778 3425 3870 3487 24)

453 3506 543 3561 Ad
576 3507 893 3581 populum,
922 3508 1088 3581 quod
1113 3524 1236 3565 non
1268 3511 1453 3565 semel
1475 3526 1583 3582 per
1613 3509 2059 3565 hebdomadem
2094 3511 2172 3567 ad
2204 3513 2434 3585 vigilias
2484 3514 2545 3569 in
2595 3514 2908 3569 ecclesiam
2958 3518 3341 3569 concurrant.
3379 3513 3506 3569 Init.
3554 3515 3617 3568 Τί
3656 3531 3799 3579 ποτε,
3831 3511 3871 3561 ὦ

452 3601 711 3668 ταρόντες,
744 3597 929 3652 οἴεσθε.
956 3629 1024 3638 —-
1053 3600 1144 3670 25)
1176 3599 1345 3664 Quod
1370 3602 1640 3672 oporteat
1670 3615 1739 3655 os
1770 3599 2069 3671 psalmodi

2251 3602 2545 3658 letiﬁcare.
2580 3602 2689 3658 lnit
2736 3605 2916 3675 Κύρίε,
2946 3604 3203 3674 ἠγάπησα
3244 3606 3543 3674 εὐπρέπεια)
3568 3601 3714 3653 οἰκον
3750 3620 3868 3669 σου,

451 3688 566 3738 κία.
589 3716 657 3724 -
686 3686 775 3755 26)
807 3688 870 3741 In
898 3686 1259 3758 parabolam
1285 3703 1475 3744 comae
1507 3688 1673 3760 apud
1702 3690 1947 3744 Lucam.
1990 3692 2068 3744 In]

2253 3709 2292 3743 ει
2331 3693 2420 3763 μὲν
2449 3699 2543 3753 τῆς
2590 3690 2922 3762 εύαγγελικῆς
2976 3700 3259 3766 περικοπῆς
3295 3700 3390 3753 τῆς
3413 3696 3658 3765 σήμερον.
3686 3721 3755 3730 —-
3776 3683 3870 3745 27)

455 3772 794 3830 Gratiarum
839 3774 1011 3842 actio,
1063 3777 1231 3848 quod
1254 3776 1525 3833 inciderit
1546 3777 1608 3832 in
1639 3778 1922 3833 morbum
1968 3778 2027 3834 in
2075 3779 2432 3836 adornanda
2492 3780 2607 3836 hac
2636 3779 2905 3850 homilia,
2960 3784 3016 3835 et
3055 3780 3128 3836 de
3161 3779 3456 3851 mysteriis
3483 3779 3695 3835 sacris.
3738 3778 3872 3835 lnit.

453 3861 840 3935 Υπολαμϐάνειν
871 3885 961 3937 μοι
994 3864 1195 3933 ἔπεισα,
1235 3890 1273 3918 ω
1300 3866 1510 3942 φιλοχρ.
1538 3898 1605 3906 —
1636 3867 1725 3937 28)
1756 3867 2007 3923 Homilia
2031 3889 2068 3939 μ

2252 3889 2320 3929 to;
2347 3869 2559 3927 Christi
2588 3868 2933 3925 nativitatis.
2973 3870 3099 3925 init.
3131 3872 3236 3931 Τῆς
3266 3888 3382 3941 περι
3403 3869 3573 3941 λόγοις
3603 3887 3866 3941 μεγίστης

455 3958 723 4025 πτωχείας
770 3974 995 4027 μον.--
1045 3956 1135 4025 29)
1191 3959 1361 4013 Hom.
1431 3960 1566 4029 post
1615 3956 1832 4012 festum
1902 3956 2061 4012 Lumi

2314 3958 2441 4015 Init.
2495 3958 2590 4015 Ὃν
2646 3963 2835 4034 τρόπον
2898 3962 3150 4015 ἐπιποθεῖ.
3194 3990 3259 3998 ——
3319 3958 3412 4029 30)
3478 3960 3570 4018 Εἰς
3632 3960 3697 4009 τά
3770 3960 3873 4009 ἀπὸ

451 4048 797 4118 κρεωφαγίας.
845 4045 973 4101 Init.
998 4042 1140 4113 οῖδα,
1174 4051 1242 4108 ὼς
1270 4048 1319 4098 ὲν
1348 4048 1574 4119 θαύματι
1599 4051 1829 4099 κείσεται
1860 4049 1967 4107 τοῖς
1994 4046 2068 4099 ποῖ

2256 4080 2293 4088 -
2322 4048 2414 4117 31)
2445 4048 2696 4103 Homilia
2719 4047 3093 4120 apologetica
3121 4047 3195 4104 de
3215 4047 3585 4103 diuturniore
3614 4046 3873 4103 silentio.

450 4132 675 4205 Ἀγαθὸν
696 4155 807 4207 μοι,
831 4136 908 4188 ὅτι
938 4137 1287 4198 ἓταπείνωσάς
1316 4156 1398 4207 με,
1428 4138 1582 4196 ὅπως.
1605 4167 1673 4177 —
1706 4138 1793 4205 3‘2)
1820 4138 1955 4191 Post
1984 4152 2061 4190 na

2258 4134 2352 4191 eIn
2393 4137 2597 4191 Christi
2620 4141 2677 4191 et
2705 4140 2843 4192 ante
2893 4137 3165 4194 Lumina.
3198 4138 3325 4191 Init.
3392 4139 3516 4196 XG‘s;
3577 4137 3685 4197 τοῖς
3740 4136 3874 4209 λαμ.

451 4231 603 4295 προίς
638 4224 910 4293 γενεθλίοις
939 4222 1051 4279 τοῦ.
1082 4255 1158 4265 ---
1189 4226 1279 4295 33)
1309 4228 1369 4280 In
1401 4225 1662 4297 primam
1695 4226 2067 4279 Dominicam

2254 4224 2483 4279 iiorum.
2528 4225 2660 4280 Init.
2718 4226 2808 4287 Ὠς
2837 4225 3151 4297 sur/900962:
3219 4227 3283 4276 τα
3340 4224 3467 4297 ἔργα
3524 4245 3639 4287 σου,
3689 4228 3871 4299 Κύριε,

456 4310 637 4381 -34)
682 4314 745 4364 ln
789 4311 1256 4368 infanticidium.
1324 4314 1458 4369 Init.
1522 4316 1611 4375 Τίς
1665 4318 1792 4374 Θεὸς
1824 4313 1954 4370 πλὴν
2008 4333 2073 4364 τοτ

2261 4322 2289 4364 ῡ
2347 4319 2509 4385 ἡμῶν,
2561 4320 2586 4365 ό
2629 4318 2875 4375 Θεός.-
2908 4318 2997 4373 35)
3042 4317 3118 4369 De
3150 4313 3363 4369 eodem
3410 4313 3577 4369 festo.
3626 4314 3763 4369 Init.
3807 4311 3878 4370 Οἱ

462 4397 765 4471 μικρολόγοι
810 4408 909 4451 τῶν
968 4404 1395 4474 ἐστιατόρων.--
1426 4406 1516 4471 36)
1549 4401 1677 4457 Alia
1744 4401 1869 4455 sine
1928 4401 2079 4456 titulc

2265 4402 2329 4457 it.
2388 4402 2595 4474 Ὀρᾶτε,
2651 4406 2721 4473 μὴ
2791 4406 3221 4474 καταφρονήσητε
3288 4400 3415 4461 ἑνός.
3452 4432 3518 4443 ——
3586 4406 3677 4467 37)
3738 4401 3873 4457 Alia

460 4485 588 4541 sine
645 4486 838 4543 titulo.
909 4486 1045 4542 Init.
1109 4491 1192 4543 Τῶ
1257 4498 1421 4563 καιρῶ
1486 4494 1793 4561 εισὴρχετο.
1868 4520 1937 4529 -
1993 4490 2077 4558 38)

2287 4489 2547 4561 primam
2624 4490 2993 4545 Dominicam
3075 4490 3477 4560 Jejuniorum.
3555 4490 3690 4545 Init.
3784 4491 3872 4552 Ὠς

464 4574 713 4647 ἀγαπητά
736 4577 799 4627 τά
831 4580 1148 4648 ακηνὼματα
1176 4578 1268 4631 σά.
1308 4608 1376 4617 -
1406 4580 1494 4649 39)
1529 4582 1589 4633 ln
1624 4576 1953 4633 secundam
2010 4580 2081 4631 Do

2257 4595 2378 4633 2am
2426 4578 2821 4649 Jejuniorum.
2864 4578 2995 4633 lnit.
3064 4579 3311 4633 Ἠνυσται
3342 4582 3431 4651 μὲν
3473 4576 3590 4631 ἰδοὺ
3624 4582 3716 4630 σὺν
3760 4586 3874 4632 esca

467 4670 557 4717 καὶ
578 4666 638 4723 ἠ.
663 4696 732 4706 -—
759 4668 848 4736 40)
880 4669 943 4720 1n
973 4665 1202 4721 tertiam
1238 4666 1610 4722 Dominicam
1637 4666 2034 4737 Jejuniorum.
2066 4670 2079 4720 ι

2266 4674 2304 4718 ll
2329 4671 2417 4739 μὲν
2436 4676 2533 4719 τῶν
2563 4666 2885 4739 now/75‘qu
2908 4671 3144 4740 πανὶερος
3177 4666 3377 4738 βιϐλος.
3402 4699 3469 4708 -
3490 4672 3580 4732 41)
3606 4667 3669 4722 In
3692 4684 3877 4741 quar-

468 4759 594 4812 tam
640 4754 985 4811 )ominicam
1014 4754 1526 4824 Quadragesimoe.
1564 4755 1693 4809 Init.
1732 4757 1812 4825 Τῷ
1839 4764 2001 4826 καιρῷ
2044 4758 2085 4806 ὲν

2260 4758 2514 4829 Ξνθρωπός
2552 4776 2651 4817 τις.
2683 4788 2750 4796 -
2780 4759 2953 4826 42)1[]
3003 4756 3277 4829 quintam
3320 4756 3689 4812 Dominicam
3712 4758 3877 4827 Jeju-

472 4846 736 4902 niorum.
777 4844 908 4901 Init.
953 4842 1060 4897 Τὸν
1108 4845 1198 4915 μὲν
1230 4840 1297 4903 δὴ
1330 4852 1421 4905 τῆς
1477 4844 2089 4918 τεσσαρακονθηριερον.·

2265 4848 2304 4915 3)
2342 4845 2405 4898 In
2475 4845 2841 4901 Dominicam
2906 4849 3042 4901 ante
3099 4845 3492 4913 nativitatem,
3552 4850 3608 4901 et
3656 4846 3717 4900 in
3758 4850 3882 4901 tres

475 4949 721 5006 pueros.
787 4931 1004 4993 Ἐπειδὴ
1070 4933 1591 5008 πολυανθρωπὸτερον
1637 4938 1860 5006 σήμερον
1914 4937 1970 4984 τὸ
2019 4933 2092 5007 ἀθά

2268 4953 2307 4988 ι.
2336 4964 2403 4972 -
2459 4934 2549 5004 44)
2607 4933 2771 4998 Quod
2834 4949 2954 4989 non
2990 4934 3065 4988 sit
3094 4933 3502 4989 accedendum
3534 4933 3612 4988 ad
3642 4932 3885 4990 divinos

476 5028 534 5077 et
575 5024 1066 5094 prmstigiatores.
1140 5023 1253 5079 Init
1302 5026 1494 5098 Χριστε
1551 5022 1679 5085 ἄναξ
1736 5024 2093 5095 aurarium-ram

2271 5024 2611 5075 5τὸνυχτε.-
2660 5022 2751 5093 43)
2800 5025 2862 5077 In
2924 5023 3090 5078 tertia
3148 5022 3457 5079 Dominica
3510 5022 3888 5093 Jejuniorum

476 5112 533 5166 et
555 5110 617 5165 in
638 5115 907 5167 sanctam
937 5114 1202 5168 Crucem.
1244 5112 1375 5168 init.
1408 5109 1546 5167 Ἰδοὺ
1589 5117 1617 5170 ἡ
1650 5110 1794 5169 κλίνη
1833 5111 2070 5184 Σαλομὼν

2272 5129 2365 5161 ντα
2404 5108 2645 5168 δυνατοί.
2677 5142 2743 5150 -—
2778 5112 2867 5181 46)
2912 5110 3167 5168 Homilia
3198 5110 3324 5167 sine
3346 5111 3537 5168 titulo.
3564 5111 3691 5167 Init.
3720 5109 3889 5167 Ὅταν

478 5194 1053 5273 στρατοπεδευσάμενον
1095 5199 1319 5255 ἐνταῦθα
1341 5196 1562 5255 κατίδω.
1594 5222 1622 5250 ››

542 5485 627 5562 (α)
656 5487 717 5545 Ὀ
759 5484 1083 5562 ΑΚᾳνίκλειος,
1127 5484 1221 5562 γε]
1250 5489 1275 5539 ὀ
1302 5486 1714 5562 Κ-ανίκ).ης,ην61
1744 5490 1769 5540 ὁ
1799 5485 2108 5562 Καηκλείῳν

2264 5485 2377 5562 nim
2404 5484 2975 5562 ἱΙΙιιςᾷλρίιζιίςιςιιηγι2
3012 5483 3363 5562 αρεωὶςυιῇε
3390 5481 3619 5562 ﬁetitiis
3648 5488 3881 5562 susten-

470 5576 506 5615 a
532 5554 869 5632 By'zantinis
917 5554 1307 5632 scriptoribus
1346 5559 1396 5613 is
1429 5558 1763 5632 appellatur
1801 5560 1902 5630 qui
1939 5558 2103 5614 cani-
2219 5557 2622 5632 tabatur.Vi«lc
2654 5557 2929 5611 Villoison
2960 5554 3019 5610 in
3041 5554 3352 5612 Anecdotis
3376 5556 3479 5610 Gr.
3513 5562 3662 5612 tom.
3702 5559 3771 5612 ll.
3814 5574 3876 5631 p.

470 5630 627 5701 culo,
666 5631 789 5688 sive
842 5630 1175 5689 atramento
1230 5630 1607 5705 imperatoris
1672 5635 1942 5704 praeerat.
1994 5632 2102 5685 Vas
2214 5631 2306 5683 72.
2348 5631 2552 5685 HARL.
