4096 6208
509 341 613 397 599
1463 322 1466 325 ’
1687 329 1997 386 GERMANI
2035 331 2083 385 II
2122 329 2222 387 ΕΡ.
2265 329 2745 388 PATRIARCHE.
3834 334 3921 389 500

508 483 666 525 τησις
711 463 840 535 πρὸς
883 460 976 518 τὴν
1024 456 1270 515 τοιαύτην
1318 454 1596 529 ὁμολογίαν
1625 460 1716 508 τοῦ
1747 454 1955 525 πάππα,
1988 457 2078 506 καὶ
2107 456 2234 528 πρὸς
2261 457 2376 516 τοὺς
2406 454 2497 506 ὑπ’
2534 453 2725 508 ἐκείνου
2750 454 3027 519 σταλέντας
3048 459 3472 532 Φρεμενουρίους
3494 456 3584 526 (α)
3613 458 3706 506 καὶ
3733 452 3923 517 λοιποὺς

508 561 750 629 περὶτῆς
788 551 1135 624 ἐκπορεύσεως
1161 553 1253 599 τοῦ
1295 546 1449 618 ἁγίου
1481 548 1796 618 Πνεύματος.
1839 546 2003 600 Hanc
2042 544 2125 599 La

2305 544 2544 614 rulgavit
2585 544 2778 600 Lucas
2823 545 3211 616 Waddingus
3240 545 3307 601 in
3338 542 3695 599 Annalibus
3723 543 3922 601 ordinis

508 646 818 703 Minorum.
881 639 1181 694 diversam
1237 652 1274 694 a
1343 636 1542 708 priore
1599 633 1877 692 Germani
1946 632 2165 705 scripto
2232 631 2308 688 de
2362 634 2746 706 processione
2807 634 3058 707 Spiritus
3113 634 3311 691 sancti
3371 632 3553 705 quod
3611 647 3686 687 ex
3740 632 3925 689 Allatio

509 731 691 808 paulo
728 733 864 785 ante
903 726 1257 794 memoravi,
1307 724 1591 797 illiusque
1637 723 1820 780 veluti
1861 738 2104 778 summa
2145 737 2217 777 ac
2257 723 2707 795 compendium.
2757 724 2968 781 Confer
3015 723 3389 780 Altimuram
3440 737 3597 795 pag.
3647 724 3771 789 359,
3817 725 3923 784 360.

507 819 824 889 Panopliaa
864 822 1075 874 contra
1106 814 1365 871 schisma
1394 816 1768 871 Grtecorum.
1802 814 1977 869 FABR.
2008 811 2177 868 Edita
2205 816 2293 867 est
2324 814 2521 868 Graece
2551 827 2624 869 ex
2654 812 2790 868 cod.
2824 814 3095 869 Caesareo
3124 811 3484 868 Vindobon.
3519 826 3558 867 a
3591 812 3795 865 Franc.
3834 812 3924 867 Ca.

506 910 636 968 rolo
664 908 880 975 Altero,
916 905 995 961 ad
1026 903 1253 960 calcem
1286 903 1406 959 edit
1430 902 1601 958 libri:
1650 905 1913 977 Χρονυκὸν
1959 908 2123 974 Γεῷρο)

2306 902 2516 967 οαντξῆ,
2562 906 2671 958 etc.
2705 901 3040 959 Vindobon.
3075 906 3268 959 Austr.
3308 901 3483 967 1796,
3518 898 3650 967 fol.,
3682 914 3816 971 pag.
3841 902 3923 955 139

510 1014 636 1072 seq.
666 994 928 1065 Gregorii
948 996 1147 1054 ἔκθεσις
1173 1024 1240 1033 -
1272 993 1461 1048 missa
1491 991 1567 1047 ad
1603 993 1986 1047 Germanum.
2016 990 2082 1045 In
2108 991 2127 1045 f

2308 992 2589 1067 ὶπογραφαὶ
2616 1000 2712 1045 τῶν
2753 990 3187 1066 ἁποκρισιαρίων.
3217 992 3371 1061 Pag.
3410 992 3517 1045 140
3549 1003 3723 1061 seqq.
3752 988 3925 1061 sequi-

512 1093 607 1146 tur
630 1084 905 1144 Germani
934 1088 988 1139 et
1014 1082 1231 1155 synodi
1262 1098 1402 1137 cum
1431 1080 1528 1138 illo
1549 1080 1885 1153 responsio,
1916 1080 1955 1135 f.
1994 1078 2307 1150 ἀπάντησις,
2339 1084 2472 1150 etc.,
2504 1081 2564 1136 in
2593 1096 2715 1153 qua
2746 1080 2933 1137 multa
2962 1086 3019 1137 et
3058 1095 3384 1137 sacrorum
3426 1082 3487 1134 et
3512 1076 3925 1133 ecclesiastica

511 1194 649 1235 rum
678 1175 1037 1247 scriptorum
1058 1173 1197 1229 loca
1226 1170 1693 1242 testimoniaque
1724 1168 2071 1226 afferuntur.
2095 1171 2161 1225 In
2189 1169 2418 1242 praefat.
2455 1173 2659 1226 autem
2691 1185 2827 1242 pag.
2866 1187 2904 1226 ιι
2947 1186 3075 1243 seq.
3106 1169 3291 1228 Alter.
3322 1167 3459 1240 agit
3483 1166 3564 1223 de
3595 1164 3775 1223 codd.
3806 1166 3924 1222 Vin-

513 1263 848 1323 dobonensi
881 1267 1062 1335 atque
1083 1260 1389 1317 Vaticano.
1415 1262 1591 1316 HARL.

586 1393 653 1445 ΙΙ.
695 1389 977 1445 Homitiw
1016 1385 1220 1443 variae.
1273 1386 1328 1455 1)
1387 1386 1457 1441 In
1499 1384 1762 1454 infantes
1806 1384 2203 1442 Betlehemitit

2355 1391 2528 1457 Κυροῦ
2564 1391 2827 1459 Γιρμανοῦ
2879 1386 2950 1447 εἰς
2996 1390 3090 1445 τήν
3130 1390 3344 1459 σφαγὴν
3377 1393 3487 1438 τῶν
3520 1385 3689 1456 οἶγίων
3732 1388 3920 1455 νηπὶὠν,

517 1484 607 1533 καὶ
673 1479 744 1541 εἰς
816 1482 909 1535 τὴν
980 1475 1149 1551 ἀρχὴν
1207 1481 1299 1527 τοῦ
1356 1476 1493 1527 κατὰ
1552 1476 1765 1550 Μάρκον
1834 1475 2168 1547 Euan/70101;,
2238 1474 2690 1549 ἀναγινωσκομένη
2763 1483 2998 1549 Κυριακῇ
3062 1479 3162 1550 πρὸ
3224 1484 3331 1527 τῶν
3404 1479 3624 1528 Φώτων.
3691 1473 3921 1546 Incipit:

516 1574 609 1630 Τίς
640 1572 769 1629 Θεὸς
798 1567 928 1625 πλὴν
960 1573 1052 1618 τοῦ
1079 1571 1214 1618 Θεοῦ
1244 1566 1410 1637 ἡμῶν.
1448 1567 1644 1621 Graece
1668 1580 1741 1620 ex
1778 1564 1982 1620 codice
2010 1570 2133 1636 Aug

2299 1579 2360 1619 io
2390 1563 2577 1620 edidit
2616 1563 2802 1620 David
2834 1565 3198 1621 Hmschelius
3229 1564 3395 1621 inter
3416 1561 3710 1619 homilias
3742 1577 3916 1618 sacras

516 1658 826 1715 variorum
870 1656 1135 1723 Patrum,
1171 1655 1455 1725 Augustae
1483 1653 1707 1709 Vindel.
1738 1655 1894 1719 1586,
1928 1669 2065 1725 pag.
2104 1654 2352 1709 154-181.
2379 1653 2553 1709 FABR.
2578 1655 2657 1709 De
2684 1653 2963 1709 Germani
2989 1653 3250 1710 homiliis
3277 1658 3340 1709 et
3370 1652 3563 1709 codd.
3596 1653 3660 1708 in
3688 1650 3916 1707 bibloth.

520 1746 747 1817 Angliae
774 1743 1113 1812 asservatis,
1144 1742 1205 1798 in
1236 1743 1458 1815 quibus
1482 1741 1596 1797 illae
1619 1741 1854 1815 aliaque
1873 1742 2148 1799 Germani
2169 1742 2389 1815 scripta
2409 1745 2659 1809 exstant,
2684 1743 2925 1815 copiose
2952 1743 3074 1813 agit
3094 1742 3313 1800 Oudin.
3352 1740 3394 1798 l.
3428 1758 3482 1798 c.
3513 1744 3660 1797 tom.
3694 1736 3777 1795 Ill.
3802 1753 3919 1812 pag.

522 1840 579 1893 6i
609 1851 740 1908 seq.
781 1864 845 1875 —
877 1837 936 1888 In
964 1832 1096 1888 cod.
1127 1836 1460 1902 Augustan.
1493 1831 1662 1887 Vind.
1697 1831 2029 1887 secundum
2061 1832 2281 1888 Reiseri
2311 1831 2570 1887 indicem
2588 1848 2730 1887 mss.
2756 1831 2899 1887 bibl.
2927 1835 3318 1903 Augustanaa,
3351 1846 3502 1905 pag.
3537 1834 3593 1901 8,
3626 1845 3685 1885 n.
3718 1830 3923 1895 20,sunt

523 1930 752 1998 septem
785 1938 1094 1978 sermones
1118 1921 1416 1985 Germani,
1449 1920 1711 1992 archiep.
1743 1921 2031 1994 Cpolitani
2054 1941 2066 1975 :
2090 1923 2139 1991 1)
2166 1922 2240 1976 In
2272 1922 2657 1990 sepulturam
2682 1921 2937 1991 Christi,
2969 1921 3163 1977 dictus
3190 1920 3286 1977 die
3326 1920 3546 1990 magni
3582 1916 3845 1983 Sabbati;
3874 1915 3918 1988 2)

522 2015 595 2070 In
624 2013 1054 2070 annuntianem
1088 2011 1313 2082 Marie;
1344 2008 1400 2082 3)
1432 2010 1503 2065 In
1530 2011 1790 2079 primam
1807 2012 2182 2080 jejuniorum
2204 2010 2600 2078 Dominicam,
2632 2010 2827 2083 deque
2858 2010 3195 2080 imaginum
3223 2009 3614 2065 restitutione
3642 2023 3656 2073 ;
3682 2009 3734 2076 4)
3761 2007 3824 2060 In
3844 2020 3921 2061 ve-

521 2103 888 2160 nerationem
914 2100 1164 2169 viviﬁcm
1188 2099 1402 2168 crucis,
1432 2097 1627 2154 dictus
1658 2103 1920 2172 tempore
1946 2099 2155 2171 jejunii
2188 2100 2275 2168 ;5)
2304 2100 2387 2154 De
2407 2099 2768 2169 infantibus,
2788 2100 2861 2155 ab
2891 2099 3121 2156 Herode
3151 2100 3403 2167 occisis;
3442 2099 3499 2168 6)
3526 2099 3601 2153 In
3635 2095 3918 2153 exaltant)-

522 2207 655 2249 nem
675 2194 901 2246 sanctaz
923 2189 1168 2259 Crucis;
1192 2190 1249 2258 7)
1282 2188 1352 2243 In
1382 2188 1757 2244 Dominicam
1786 2194 1927 2245 ante
1949 2189 2229 2246 Natalem
2262 2188 2509 2254 Christi,
2543 2189 2731 2261 deque
2758 2189 2949 2245 tribus
2979 2190 3180 2259 pueris
3208 2191 3270 2244 in
3286 2190 3617 2260 fornacem
3648 2185 3916 2241 missis.—

523 2283 606 2337 Ex
636 2278 915 2335 Germani
945 2276 1328 2333 sermonibus
1354 2276 1667 2349 permultis
1696 2277 1871 2349 plura
1895 2277 2132 2347 collegit
2160 2283 2439 2349 excerpta
2468 2279 2755 2335 Macarius
2800 2276 3324 2351 Chrysocephalus
3362 2278 3427 2333 in
3465 2292 3674 2349 opere,
3702 2268 3916 2326 Ῥοδωνιά

524 2370 833 2442 inscripto,
866 2367 1031 2441 quod
1061 2370 1255 2423 exstat
1279 2366 1342 2421 ih
1371 2366 1506 2423 cod.
1538 2365 1763 2423 Veneto
1796 2366 2063 2423 CCCCLII
2093 2367 2240 2425 bibl.
2262 2370 2436 2424 Marc.
2465 2366 2613 2424 Vide
2644 2367 2945 2437 Villoison,
2968 2366 3029 2423 in
3059 2367 3392 2424 Anecdotis
3417 2366 3666 2430 Graecis,
3700 2368 3828 2419 tom.
3857 2361 3908 2424 ῐῐ,

523 2476 586 2534 p.
617 2463 706 2515 72.
740 2490 806 2497 -
838 2461 901 2514 In
931 2455 1127 2512 indice
1158 2454 1238 2511 ad
1257 2454 1418 2510 hunc
1442 2458 1694 2527 tomum,
1728 2471 1857 2511 voc.
1888 2456 2192 2526 Germani,
2224 2456 2438 2512 citatur
2467 2456 2873 2528 fragmentum
2906 2472 2979 2512 ex
3016 2455 3287 2529 quadam
3328 2454 3500 2511 illius
3548 2452 3828 2517 oratione,
3861 2448 3911 2502 in

523 2563 647 2622 qua
677 2546 991 2620 explicatio
1012 2544 1334 2615 allegorica
1362 2543 1593 2599 arboris
1612 2543 1793 2617 illius,
1827 2545 1887 2601 in
1908 2546 2110 2602 medio
2135 2545 2416 2618 paradiso
2446 2544 2678 2616 positae.
2713 2547 2888 2601 HARL.

594 2672 649 2743 2)
688 2671 759 2727 In
791 2670 1222 2727 exultationem
1270 2667 1620 2725 venerandae
1660 2670 1874 2737 crucis,
1912 2674 1966 2725 et
2004 2675 2211 2725 contra

2289 2670 2611 2740 Bogomilos.
2648 2669 2731 2731 Εἰς
2783 2668 2990 2740 ὕψωσιν
3030 2675 3122 2721 τοῦ
3166 2672 3346 2742 τιμίου
3402 2674 3659 2741 σταυροῦ,
3688 2662 3906 2717 καὶκατὰ

524 2760 839 2833 Βογομί).ων.
871 2758 1081 2831 Incipit
1102 2755 1283 2812 εῘΙοίλιν
1315 2756 1496 2830 ἑορτῆς
1520 2762 1829 2831 μυστήριον,
1862 2763 1951 2810 καὶ
1981 2757 2133 2810 πάλιν

2288 2761 2336 2819 ὸς
2364 2758 2487 2822 λαός
2516 2763 2764 2834 χορευτὴς
2792 2763 3064 2832 μυστικὸς.
3089 2760 3287 2816 Graece
3317 2762 3379 2817 et
3412 2757 3618 2815 Latine
3643 2752 3815 2811 edidit
3830 2750 3905 2805 Ja-

524 2851 715 2909 cobus
748 2853 1055 2907 Gretserus
1088 2851 1235 2905 tom.
1270 2848 1317 2902 II
1346 2848 1433 2904 De
1462 2862 1654 2916 cruce,
1687 2863 1830 2920 pag.
1862 2851 2117 2906 156-173.

1121 2863 1235 2904 om.
1270 2848 1317 2902 ΙΙ
1346 2848 1433 2904 De
1462 2862 1654 2916 cruce,
1687 2863 1830 2920 pag.
1862 2851 2117 2906 156-173.
2151 2847 2472 2920 lngolstad.
2502 2852 2657 2915 1600,
2686 2852 2738 2904 4.

596 2941 650 3011 3)
690 2943 756 2996 In
813 2938 1120 2995 viviﬁcam
1172 2952 1432 3004 crucem,
1465 2937 1635 2993 tertia
1681 2937 2053 3007 Jejuniorum
2086 2942 2213 2994 Don

2284 2939 2412 2994 lica.
2471 2944 2546 2996 Τῆ
2601 2942 2750 3013 τρίτῃ
2806 2944 3041 3012 Κυριακῇ
3094 2945 3192 2990 τῶν
3246 2940 3547 3003 Νηστειῶν,
3593 2937 3681 2986 καὶ
3728 2930 3793 2992 εἰς
3835 2929 3901 2981 τόν

527 3030 781 3092 ζωοποιὸν
817 3030 1061 3101 σταυρόν.
1105 3025 1350 3098 Incipit:
1385 3022 1524 3079 Ἰδού
1554 3027 1581 3084 ὁ
1614 3024 1760 3084 κλίνη
1795 3026 2044 3099 Σολομὼν.
2082 3029 2144 3083 Gl

2308 3032 2365 3083 et
2387 3026 2588 3083 Latine
2618 3026 2783 3099 apud
2813 3026 3096 3083 eumdem
3123 3028 3492 3096 Gretserum,
3514 3038 3654 3098 pag.
3686 3016 3901 3076 2%308.

596 3120 651 3188 4)
686 3118 760 3174 In
796 3116 1212 3175 adorationem
1253 3115 1478 3183 Crucis,
1515 3120 1777 3186 tempore
1812 3116 1997 3173 tedii
2032 3118 2213 3188 Jejun

2314 3116 2401 3178 Εἰς
2446 3120 2539 3174 τὴν
2584 3118 2944 3189 προσκύνησιν
2974 3123 3064 3169 τοῦ
3093 3135 3267 3189 τιμιου
3301 3121 3397 3169 καὶ
3426 3116 3683 3176 ζωοποιοῦ
3706 3109 3900 3180 σταυροῦ

526 3208 577 3262 ἐν
603 3216 675 3279 τῷ
706 3215 872 3284 καιρῷ
902 3214 976 3278 τῷ
1006 3209 1411 3278 Μεσονηστίμῳ.
1445 3205 1689 3278 Incipit:
1748 3206 2002 3273 Φωτίζου,
2062 3206 2143 3282 Ἰεε

2282 3205 2416 3279 ιλὴμ.
2473 3207 2671 3262 Graece
2716 3208 2773 3261 et
2814 3206 3015 3263 Latine
3064 3205 3231 3278 apud
3261 3205 3554 3262 eumdem
3580 3204 3899 3260 Gretserum,

523 3313 584 3371 p.
622 3298 879 3355 308-311.

599 3392 651 3455 5)
693 3388 765 3444 In
790 3386 1051 3460 primam
1080 3384 1454 3455 Jejuniorum
1490 3384 1888 3451 Dominicam,
1924 3389 1981 3441 et
2021 3386 2084 3441 in
2116 3398 2216 3440 san

2281 3389 2466 3441 Earum
2504 3384 2835 3455 imaginum
2867 3384 3319 3442 restitutionem.
3358 3383 3443 3445 Εἰς
3473 3386 3567 3441 τὴν
3596 3382 3790 3456 πρώτην
3817 3377 3898 3425 Κυ-

524 3480 712 3550 ριακὴν
760 3483 859 3528 τῶν
907 3482 1198 3541 Νηστειῶν,
1262 3477 1351 3525 καὶ
1402 3472 1470 3534 εἰς
1516 3476 1610 3531 τὴν
1655 3481 1753 3525 τῶν
1805 3473 1963 3544 ἁγίων
2008 3478 2099 3526 καὶ
2148 3481 2347 3526 σεπτῶν
2394 3473 2599 3527 εἰκόνων
2647 3471 3031 3533 ἀναστήλωσιν.
3098 3474 3307 3545 Incipit
3349 3490 3362 3529 :
3422 3472 3511 3533 Ὠς
3567 3468 3798 3541 ἀγαπητα
3844 3460 3896 3511 τά

528 3566 850 3638 σκηνώματοὶ
900 3583 1015 3630 σου,
1068 3566 1228 3635 Κύριε
1272 3570 1372 3613 τῶν
1421 3558 1709 3634 δυνάμεων.
1762 3563 1958 3619 ϐτωοθ
2006 3567 2063 3619 et
2104 3564 2143 3618 L

2275 3578 2306 3619 e
2349 3561 2517 3634 apud
2560 3561 2842 3618 eumdem
2873 3564 3235 3629 Gretserum,
3267 3578 3411 3635 pag.
3438 3562 3690 3620 549-565.
3721 3557 3778 3609 In
3799 3551 3890 3607 hac

525 3666 771 3726 quoque
816 3650 1070 3708 homilia
1122 3648 1570 3721 Bogomilorum
1614 3650 1839 3707 mentio
1878 3666 2019 3724 pag.
2062 3656 2142 3707 555

2279 3654 2496 3725 [ρώτησέ
2538 3655 2601 3723 μέ
2646 3670 2722 3713 τις
2763 3659 2864 3704 τῶν
2911 3648 3417 3725 ὃαιμονοπροσὼπον
3465 3651 3658 3703 τούτων
3709 3639 3896 3712 Βογομί-

524 3725 642 3795 λῖων·
704 3742 799 3793 Διά
847 3744 919 3806 τί,
980 3738 1128 3812 φησί,
1188 3744 1526 3812 προσκυνεῖτε
1576 3744 1808 3812 τοίχους,
1870 3745 1958 3793 καὶ
2016 3736 2237 3801 σανίδας
2292 3745 2381 3793 καὶ
2433 3739 2686 3793 ἄσϐεστον
2736 3744 2825 3793 καὶ
2874 3737 3104 3814 διάφοροι
3151 3746 3455 3816 χρώματας
3504 3736 3706 3795 Latine
3730 3725 3891 3816 exstat

529 3829 710 3886 etiam
752 3844 827 3885 ex
870 3826 1121 3885 Gretseri
1153 3826 1427 3883 versione
1469 3826 1531 3883 in
1566 3827 1988 3901 supplemento
2038 3829 2180 3887 Bibl.
2214 3832 2453 3885 Patrum
2483 3829 2835 3886 Morelliano
2859 3813 3043 3887 Paris.
3070 3813 3228 3900 1639,
3256 3813 3406 3887 tom.
3434 3829 3478 3897 Ι,
3509 3841 3646 3902 pag.
3671 3825 3754 3889 70,
3782 3813 3896 3873 etin

530 3916 679 3976 Bibl.
719 3917 968 3975 Patrum
1000 3914 1337 3974 Coloniensi
1369 3932 1423 3974 a.
1462 3919 1620 3987 1618,
1653 3921 1799 3975 tom.
1832 3918 1921 3985 1X,
1957 3920 2012 3974 et
2041 3916 2104 3975 in
2136 3918 2520 3990 Lugdunensi
2554 3935 2612 3977 a.
2650 3923 2805 3988 1672,
2848 3924 3011 3977 tomo
3058 3921 3162 3976 XX.
3203 3919 3290 3992 [V.
3323 3924 3445 3978 cat.
3475 3915 3621 3975 bibl.
3660 3906 3892 3969 Leidens.

528 4022 674 4082 pag.
704 4008 820 4080 44].

600 4133 654 4204 6)
687 4132 760 4188 Ιη
790 4130 1091 4188 Dominici
1121 4130 1390 4201 corporis
1410 4130 1807 4202 sepulturam,
1840 4136 1894 4189 et
1924 4132 1989 4189 in
2019 4148 2217 4205 magn:

2274 4149 2305 4187 η
2331 4133 2684 4191 Sabbatum.
2713 4136 2884 4206 Λόγος
2910 4133 2983 4197 εἰς
3010 4139 3106 4194 τὴν
3142 4136 3406 4208 θεόσωμον
3433 4136 3597 4207 ταφὴν
3620 4135 3705 4183 τοῦ
3733 4123 3891 4197 Κυρίου

530 4226 621 4274 καὶ
684 4228 923 4296 Σωτῆρος
988 4222 1133 4292 ἡμῶν
1200 4220 1376 4279 Ἰησοῦ
1444 4228 1700 4293 Χριστου,
1767 4221 1947 4296 ῥηθεὶς
2011 4221 2059 4274 ἐν
2125 4230 2186 4296 τῇ
2256 4224 2426 4298 ἡμέρᾳ
2485 4230 2577 4276 τοῦ
2636 4223 2861 4296 μεγάλου
2901 4223 3188 4279 Σαϐϐάτου.
3242 4224 3490 4298 Incipit:
3548 4217 3788 4275 Σάϐϐατον
3820 4210 3893 4298 μέν

532 4308 645 4362 ἐστι
693 4314 936 4383 σήμερον.
984 4307 1181 4364 Graece
1227 4313 1284 4366 et
1331 4309 1533 4366 Latine
1570 4309 1831 4381 vulgavit
1881 4310 2147 4367 Combeﬁ

2272 4330 2275 4363 ς
2308 4297 2452 4368 tam.
2483 4312 2504 4365 Ι
2556 4312 2805 4368 auctarii
2844 4315 3005 4382 novi,
3033 4329 3171 4386 pag.
3204 4297 3550 4381 1469,4524.
3584 4306 3747 4365 Paris.
3781 4297 3889 4356 1648

532 4397 633 4454 fol.
671 4397 871 4453 Latine
898 4412 969 4453 ex
998 4397 1342 4453 Combeﬁsii
1367 4399 1640 4455 versione
1667 4398 1728 4454 in
1756 4402 1898 4455 tom.
1937 4402 2020 4455 XX
2052 4400 2196 4455 Bibl.
2230 4403 2470 4457 Patrum
2492 4401 2612 4457 edit
2644 4401 2832 4471 Lugd.
2866 4402 3007 4458 etin
3037 4402 3401 4459 Bibliotheca
3434 4406 3666 4459 Patrum
3694 4387 3890 4450 concio-

532 4485 768 4543 natoria
811 4485 1268 4542 Combeﬁsiana.
1320 4489 1482 4543 FABR.
1516 4487 1580 4541 In
1607 4487 1740 4543 cod.
1792 4491 1969 4543 antea
2003 4489 2179 4544 citato
2217 4493 2564 4559 Augustano
2602 4488 2829 4544 Vindel.
2859 4519 2927 4529 --
2953 4492 3142 4546 Oxon.
3175 4491 3236 4546 in
3266 4489 3398 4546 cod.
3444 4492 3671 4546 Barocc.
3701 4474 3881 4536 CCXLI-

532 4606 601 4616 —
623 4574 990 4631 Vindobonae
1016 4575 1077 4629 in
1102 4575 1235 4630 cod.
1270 4577 1483 4632 Caesar.
1519 4576 1693 4641 LXIV,
1727 4590 1786 4630 n.
1816 4578 1901 4633 20.
1939 4579 2000 4631 V.
2028 4577 2301 4634 Lambec.
2336 4579 2429 4646 III,
2452 4595 2511 4651 p.
2541 4580 2665 4646 299,
2696 4577 2914 4635 Kollar.
2943 4610 3011 4619 —
3042 4579 3221 4652 Paris,
3256 4579 3318 4635 in
3348 4578 3501 4636 bibl.
3541 4571 3697 4650 publ.
3728 4559 3879 4624 codd.

535 4664 852 4734 DCCCLIV,
883 4679 943 4721 n.
983 4667 1065 4730 14,
1100 4668 1155 4720 et
1179 4664 1543 4731 MCLXXXVI,
1569 4680 1631 4720 n.
1664 4668 1752 4723 22.
1782 4667 1956 4721 ΒΑΜ.

604 4754 690 4827 [In
729 4754 1161 4811 dedicationem
1206 4755 1412 4823 templi
1455 4755 1519 4809 B.
1553 4754 1787 4817 Mariae,
1835 4758 1944 4809 etc.
1996 4755 2175 4819 Paris,
2217 4756 2277 4811 in
2326 4756 2470 4813 bibl.
2506 4756 2671 4830 publ.
2697 4756 2877 4815 codd.
2913 4757 3239 4825 MCLXXVI,
3273 4772 3331 4812 n.
3364 4744 3805 4828 42;MCLXXVII,
3831 4750 3878 4793 ο.

534 4846 620 4916 34,
646 4848 703 4901 et
731 4843 1017 4914 MCXClV,
1045 4843 1128 4899 11.
1156 4842 1308 4899 Add.
1348 4858 1553 4915 supra,
1587 4842 1704 4898 vol.
1729 4845 1789 4909 X,
1814 4858 1954 4915 pag.
1988 4847 2089 4900 285
2121 4844 2151 4900 h

850 4843 1017 4914 (CIV,
1045 4843 1128 4899 11.
1156 4842 1308 4899 Add.
1348 4858 1553 4915 supra,
1587 4842 1704 4898 vol.
1729 4845 1789 4909 X,
1814 4858 1954 4915 pag.
1988 4847 2089 4900 285
2121 4844 2231 4901 bis.
2267 4847 2467 4918 iisan]

606 4914 671 4989 in
690 4933 1151 4990 decollationem
1184 4931 1381 4989 Sancti
1409 4914 1657 4987 Joannis
1692 4914 1965 5003 Baptistae
1995 4933 2306 4990 homiliam
2338 4914 2612 4991 Germani
2655 4951 2692 4992 a
2721 4935 3084 4992 Combeﬁsio
3118 4936 3340 4992 editam
3374 4934 3545 4992 tradit
3563 4914 3882 5004 praestantis-

535 5018 723 5077 simus
750 5025 998 5091 Caveus,
1030 5022 1242 5094 lapsus
1271 5020 1601 5078 memoria:
1643 5020 1895 5076 Andreae
1935 5022 2093 5078 enim
2134 5025 2453 5087 Cretensis,
2488 5040 2611 5080 non
2650 5024 2931 5080 Germani
2972 5040 3313 5081 sermonem
3355 5041 3426 5081 eo
3464 5023 3535 5079 de
3574 5005 3877 5087 argumento

535 5108 929 5167 Combeﬁsius
950 5108 1294 5183 publicavit.
1328 5109 1577 5166 Andreae
1609 5109 1786 5166 etiam
1808 5114 1915 5179 est,
1944 5126 2066 5167 non
2097 5112 2375 5169 Germani
2402 5113 2733 5170 ldiomelon
2758 5114 2819 5169 in
2852 5114 3342 5171 Annuntiationis
3373 5114 3583 5170 festum
3604 5104 3675 5163 ab
3701 5094 3875 5158 eodem

534 5200 729 5257 Caveo
750 5203 1173 5256 memoratum.

603 5288 693 5345 Ill.
710 5289 997 5360 Epistolas
1016 5288 1149 5344 dum
1170 5304 1279 5345 suo
1301 5290 1358 5345 et
1377 5288 1594 5361 synodi
1613 5289 1857 5347 nomine
1874 5289 2079 5347 missas
2096 5292 2174 5347 ad
2200 5292 2477 5363 Cyprios,
2504 5307 2822 5364 eorumque
2847 5292 3359 5363 archiepiscopum
3376 5288 3740 5361 Neophytum,
3761 5281 3871 5330 cum

600 5537 680 5611 (a)
718 5536 807 5594 Al.
841 5541 1258 5613 Φρεμινουρίους,
1303 5538 1554 5596 Fratres
1584 5539 1809 5596 ordinis
1849 5539 2150 5595 Minorum

533 5614 976 5686 Φρεμηνοραῖος.].

2243 5538 2474 5610 itellige.
2510 5540 2595 5610 [V.
2642 5541 2729 5595 Jo.
2774 5537 3003 5595 Meursii
3050 5537 3306 5596 Glossar.
3363 5541 3454 5596 Gr.
3500 5529 3717 5592 barbar.
3758 5526 3860 5572 voc.
