4096 6208
501 381 603 440 603

1600 381 1917 441 GERMANI
1956 381 2004 437 II
2042 379 2149 437 ΟΡ.
2189 376 2652 436 PATRIABCHE

3753 364 3869 429 θοι

502 508 691 566 maris
736 506 886 564 uber
911 508 1093 565 bonis
1121 508 1464 577 abundans,
1497 513 1554 565 et
1578 509 1638 565 in
1664 508 1799 564 loco
1826 505 2005 563 sterili
2030 506 2139 563 ho—

2267 504 2416 563 9ηλὴν
2476 503 2744 562 θαλάσσης
2801 500 3093 577 βρίθουσαν
3150 499 3380 573 ἀγαθοῖς,
3436 501 3525 552 καὶ
3582 495 3632 551 ἓν
3701 496 3869 570 ἀτρυ-

506 603 657 661 tum,
687 598 1011 668 salsuginis
1040 598 1239 654 solum
1286 598 1524 655 dulcem
1572 614 1821 654 succum
1859 596 2140 663 fundens,

502 687 683 743 aliam
702 686 1036 757 beatorum,
1061 686 1151 742 ins
1161 687 1318 742 ulam
1344 691 1560 744 terram
1580 688 1731 744 lacte
1754 689 2102 743 manantem
2126 701 2141 752 ;

498 791 635 848 quae
665 791 787 832 non
813 775 996 832 modo
1013 792 1086 831 ex
1106 777 1306 848 seipsa
1338 777 1705 833 feracitatem
1737 791 1981 833 omnem
2011 789 2144 848 pro-

500 863 735 929 fundat,
769 865 877 921 sed
894 864 1073 923 etiam
1105 866 1354 922 externis
1384 866 1682 940 repleatur
1728 865 1925 933 bonis,
1969 866 2145 937 quot-

502 960 651 1028 quot
671 954 952 1011 nimirum
974 971 1082 1027 per
1098 955 1396 1028 liquidum
1422 956 1485 1011 in
1501 971 1637 1013 eam
1659 954 2013 1012 inferuntur.

575 1049 630 1101 2.
662 1047 796 1100 Haec
842 1059 1024 1116 porro
1072 1044 1205 1118 ipsa
1256 1046 1504 1118 Cyprus,
1553 1049 1734 1101 antea
1775 1043 1913 1099 felix
1964 1046 2144 1113 atque

507 1132 844 1205 splendida,
868 1149 991 1190 non
1008 1133 1160 1190 adeo
1182 1149 1255 1190 ex
1270 1140 1499 1191 naturai
1537 1133 1712 1190 donis
1729 1132 1983 1202 insignis
1996 1132 2141 1201 erat,

502 1222 1024 1295 quemadmobum
1048 1224 1176 1294 jam
1200 1239 1395 1280 sermo
1424 1221 1891 1295 repraesentavit,
1951 1233 2147 1292 neque

502 1327 639 1368 eam
670 1312 1007 1384 quidquam
1037 1328 1067 1367 e
1094 1313 1317 1369 caeteris
1342 1312 1509 1369 aliud
1536 1316 1768 1368 tantum
1802 1309 2147 1375 decorabat,

501 1406 795 1472 quantum
840 1400 966 1473 ipse
1028 1400 1260 1473 pietatis
1315 1402 1560 1470 fructus,
1611 1405 1790 1471 atque
1850 1394 2149 1467 Evangelii

502 1504 695 1558 seges,
723 1489 803 1544 ad
827 1489 1175 1560 centuplum
1196 1490 1371 1546 bonis
1417 1489 1596 1562 spicis
1648 1489 1786 1554 feta,
1851 1492 2147 1559 quantum

500 1580 663 1649 lerge
695 1580 945 1636 ﬂuentes
992 1579 1273 1636 doctrinae
1314 1581 1541 1643 latices,
1589 1580 2149 1651 Scripturarumque

500 1666 785 1722 ﬂoridum
805 1672 1064 1738 pratum,
1094 1672 1150 1724 et
1186 1669 1457 1725 Ecclesiae
1507 1667 1789 1724 ﬁiliorum
1835 1664 2151 1721 maltitudo

503 1754 690 1812 instar
713 1757 1175 1825 omnigenarum
1191 1757 1515 1813 herbarum
1540 1756 1689 1827 agri;
1713 1755 1870 1811 velut
1888 1753 2148 1809 insulam

2251 598 2396 665 γήτῳ
2462 588 2804 666 παράδεισον,
2849 595 2939 644 καὶ
3009 598 3104 652 τῆς
3155 590 3325 664 ἅλμης
3366 585 3523 643 πέδον
3575 587 3867 660 γλυκύχυ-

2251 703 2366 755 μον,
2436 686 2522 735 καὶ
2574 689 2731 740 νῆσον
2786 680 2943 739 ἄλλην
3014 683 3280 755 μακάρων,
3331 684 3419 732 καὶ
3478 677 3865 752 μελιτόϐρυτον

2250 778 2366 843 γῆν·
2427 770 2485 823 οὐ
2532 774 2684 843 μόνον
2758 768 2811 833 ἐξ
2860 770 3043 831 ἑαυτῆς
3110 773 3169 821 τό
3215 771 3482 842 πάμφορον
3554 766 3860 841 βλύσασαν,

2254 858 2381 913 ἀλλά
2460 864 2551 912 καὶ
2633 866 2740 923 τοῖς
2828 858 3008 922 ἔξωθεν
3097 857 3561 933 περιαντλουμένην
3655 859 3862 917 καλοῖς,

2253 950 2423 1003 ὁπόσα
2451 950 2613 1021 ταύτῃ
2646 950 2790 1022 παρὰ
2813 956 2909 1011 τῆς
2934 948 3099 1024 ὑγρᾶς
3120 946 3563 1001 ἐπεισϐάλλουσιν.

2326 1036 2397 1110 β’.
2434 1034 2565 1091 Ἠδε
2628 1038 2658 1097 ἠ
2732 1040 2934 1111 Κύπρος
2998 1038 3151 1107 αῦτη,
3220 1040 3249 1096 ἡ
3312 1041 3430 1109 πρὶν
3470 1031 3737 1107 εὐδαίμων
3806 1052 3869 1085 τε

2254 1132 2344 1180 καὶ
2393 1127 2625 1202 λαμπρὰ,
2694 1127 2753 1179 οῦ
2809 1130 2961 1179 τόσον
3027 1126 3081 1179 ἐκ
3137 1135 3238 1179 τῶν
3324 1133 3554 1198 φυσικῶν
3618 1128 3865 1200 χαρίτων

2257 1215 2513 1288 ἐπίσημος
2566 1212 2625 1274 ἦν
2670 1219 2734 1276 ὡς
2790 1217 2814 1269 ό
2862 1216 3011 1288 λόγος
3058 1212 3537 1289 προδιεμόρφωσεν,
3572 1210 3691 1267 οὐδ’
3726 1214 3868 1266 οὕτω

2256 1308 2451 1362 ταύτην
2509 1304 2629 1357 ἄλλο
2689 1325 2741 1357 τι
2796 1314 2893 1358 τῶν
2948 1305 3171 1358 ἁπάντον
3231 1304 3516 1378 ἐσέμνυνεν,
3581 1306 3650 1365 ὡς
3713 1305 3739 1353 ό
3770 1310 3869 1364 τῆς

2259 1393 2515 1456 εὐσεϐείας
2579 1393 2768 1466 μᾶλλον
2833 1396 3051 1468 καρπός,
3115 1399 3205 1446 καὶ
3269 1395 3295 1446 ό
3360 1400 3452 1445 τοῦ
3538 1390 3865 1464 Εῦαγγελίοῦ

2261 1488 2474 1557 σπόρος,
2534 1483 2880 1536 ἐκατοστεύων
2933 1484 3000 1544 εἰς
3068 1487 3358 1555 εὔσταχυν,
3417 1484 3483 1534 τὰ
3511 1501 3566 1535 τε
3624 1490 3722 1544 τῆς
3783 1477 3867 1533 δι-

2261 1568 2548 1633 δασκαλίας
2599 1573 2789 1645 εῦρυτα
2838 1575 3045 1644 νάματα
3100 1577 3189 1625 καὶ
3245 1574 3274 1630 ἠ
3338 1570 3630 1632 πολυανθης
3670 1570 3869 1641 λειμω-

2258 1666 2343 1713 νία
2387 1670 2485 1713 τῶν
2544 1667 2777 1734 Γραφών,
2835 1681 2923 1715 και
2980 1664 3009 1720 ἡ
3078 1669 3178 1713 τῶν
3234 1665 3419 1714 τέκνων
3480 1668 3570 1720 τῆς
3638 1658 3871 1716 Ἐκκλη-

2264 1755 2383 1812 σίας
2436 1750 2650 1822 πληθὺς,
2704 1753 2769 1811 ὡς
2815 1759 2907 1803 τοῦ
2961 1747 3123 1824 ἀγροῦ
3174 1753 3232 1803 τὸ
3295 1749 3641 1823 παμϐότανον”
3684 1752 3873 1822 ὥσπερ

508 1844 881 1912 innovatam,
916 1852 979 1902 ut
1000 1863 1138 1902 cum
1167 1847 1469 1919 Scriptura
1492 1847 1707 1919 loquar
1727 1848 1766 1911 ¹,
1800 1850 1858 1900 et
1885 1842 2150 1915 quotidie

2267 1848 2419 1898 νῆσόν
2467 1838 2907 1913 ἐγκαινιζομένην,
2957 1844 3014 1892 τό
3076 1849 3166 1901 τῆς
3224 1846 3451 1915 Γραφῆς,
3521 1845 3610 1891 καί
3659 1841 3875 1910 ὁσημέ-

508 1932 568 1988 in
590 1933 802 1989 melius
821 1939 1174 1991 renovatam
1194 1951 1263 1992 ac
1284 1935 1714 2007 proficientem.
1739 1931 1903 1989 Unde
1925 1931 2151 1988 factum

506 2026 612 2086 est,
643 2027 708 2078 ut
726 2022 787 2077 in
816 2038 1000 2078 unam
1020 2023 1425 2080 maximarum
1443 2022 1888 2095 provinciarum
1910 2036 2152 2093 promo-

502 2116 759 2179 veretur,
782 2118 839 2168 et
868 2112 947 2169 ad
976 2113 1524 2186 archiepiscopatus
1566 2113 1912 2169 eveheretur
1957 2109 2152 2182 digni-

505 2205 709 2272 tatem,
738 2216 866 2258 sors
890 2203 1112 2259 eximia
1135 2202 1344 2259 Christi
1391 2200 1619 2268 effecta,
1681 2205 1861 2273 atque
1905 2214 2013 2272 per
2064 2213 2152 2255 se-

504 2289 827 2362 metipsam
839 2290 1061 2348 directa
1080 2292 1512 2364 propriumque
1526 2290 1639 2347 sub
1661 2288 2007 2363 pastoribus
2028 2287 2154 2343 suis

508 2376 795 2434 ordinans
828 2394 1092 2449 gregem.

582 2470 638 2522 3.
664 2466 886 2523 Verum
905 2483 1027 2524 non
1051 2471 1177 2524 erat
1197 2467 1427 2524 scelesti
1456 2468 1713 2535 Satanae,
1745 2467 1903 2524 hanc
1924 2465 2158 2538 absque

509 2554 737 2611 invidia
755 2556 991 2625 intueri,
1021 2556 1125 2628 qui
1144 2560 1364 2613 terram
1384 2555 1646 2613 minatur
1683 2559 1863 2628 atque
1908 2570 2073 2611 mare
2094 2570 2157 2611 se

512 2643 869 2700 delaturum.
895 2644 1124 2700 Scilicet
1152 2650 1349 2701 armat
1400 2660 1620 2701 manus
1674 2643 2041 2709 barbaricas,
2100 2646 2159 2699 et

514 2737 753 2802 gentem
778 2732 1086 2789 inimicam
1109 2734 1324 2790 excitat
1343 2734 1632 2790 adversus
1660 2733 2004 2801 Ecclesiam,
2034 2733 2157 2789 imo

511 2820 885 2893 beneﬁcam;
927 2828 1186 2893 gentem,
1239 2840 1375 2896 quae
1418 2823 1541 2879 haec
1591 2822 1838 2895 quidem
1875 2822 2156 2878 dentibus

511 2910 789 2975 comedit,
820 2909 920 2967 illa
939 2927 1076 2967 vero
1103 2912 1407 2984 unguibus
1439 2911 1743 2976 dilacerat,
1788 2911 1908 2969 alia
1953 2914 2152 2967 autem

508 2998 767 3073 pedibus
795 2999 1124 3071 conculcat,
1144 3016 1509 3073 prorsusqus
1543 3001 1749 3057 omnia
1774 3000 1854 3057 ad
1870 2999 2158 3072 disperdi-

511 3091 735 3147 tionem
754 3094 969 3155 vastat,
993 3091 1165 3161 juxta
1195 3091 1449 3147 Danielis
1490 3091 1785 3148 visi‘onem
1833 3094 1877 3145 ³.
1925 3089 2155 3146 Consti-

2262 1948 2352 2002 ραι
2406 1932 2537 2002 πρὸς
2582 1932 2640 1981 τό
2698 1937 2928 2004 κρεῖττον
2976 1931 3347 2002 ἀνανεουμένην
3394 1949 3448 1981 τε
3495 1934 3585 1981 καὶ
3640 1927 3874 2001 προϐαῖ-

2262 2037 2471 2073 νουσαν.
2533 2017 2790 2071 Ἐντεῦθεν
2848 2018 2915 2079 εἰς
2960 2023 3083 2091 μίαν
3129 2020 3381 2092 προήχθη
3446 2026 3545 2069 τῶν
3602 2023 3875 2089 μεγίστων

2263 2105 2549 2180 ἐπαρχιῶν,
2596 2112 2684 2160 καὶ
2740 2112 2867 2182 πρὸς
2916 2106 3341 2182 ἁρχιεπισκοπῆς
3394 2107 3595 2180 ἐπήρθη
3631 2106 3872 2178 ἰιξίωμιπι⁹

2261 2196 2429 2267 λάχος
2479 2200 2711 2272 ἔκκριτον
2759 2200 3119 2255 καθεστηκυῖα
3160 2204 3416 2273 Χριστοῦ,
3467 2202 3557 2249 καὶ
3598 2196 3714 2249 καθ’
3751 2196 3878 2249 ἐαυ-

2262 2290 2356 2343 την
2416 2281 2759 2358 διεξαγομένη
2820 2288 2920 2358 (2),
2998 2286 3089 2340 καὶ
3144 2289 3202 2339 τὸ
3259 2286 3444 2339 οἰκεῖον
3500 2288 3600 2338 ὑπὸ
3649 2288 3876 2357 ποιμέσι

2266 2370 2550 2427 διατάττου
2559 2395 2627 2427 σα
2652 2379 2909 2449 ποίμνιον.

2331 2463 2396 2535 γ’.
2446 2462 2582 2518 Ἀλλ’
2642 2468 2829 2518 οὔκουν
2877 2465 2995 2538 [Αη
3061 2465 3155 2518 οὐκ
3189 2462 3272 2537 ἦν]
3329 2465 3434 2540 ἄρα
3481 2472 3573 2517 τοῦ
3630 2462 3875 2534 τελχῐνος

2263 2555 2426 2605 Σατὰν
2473 2559 2542 2626 μὴ
2580 2559 2669 2607 καὶ
2702 2573 2866 2627 ταυτῃ
2914 2554 3180 2628 βάσκανον
3233 2555 3349 2626 [Αη
3388 2570 3504 2625 pro
3556 2552 3873 2627 βασκανως]

2263 2638 2467 2711 ἐνιδεῖν,
2522 2651 2613 2696 τοῦ
2670 2653 2766 2715 γῆν
2824 2642 3144 2705 ἀπειλοῦντος
3198 2644 3279 2717 (3)
3322 2644 3594 2717 ἐξαλείφειν
3633 2649 3725 2696 καὶ
3767 2644 3869 2695 θά-

2261 2730 2484 2786 λασσαν.
2555 2732 2754 2805 Ἀμέλει
2809 2738 2900 2786 καὶ
2963 2741 3154 2808 χεῖρας
3239 2733 3441 2795 ὁπλίζει
3504 2731 3864 2808 βαρϐαρικὰς,

2262 2826 2351 2874 xui
2412 2821 2650 2894 πολέμιον
2708 2824 2848 2885 ἔθνος
2896 2822 3136 2897 ἐπήγειρε
3191 2826 3327 2875 κατά
3380 2832 3476 2885 τῆς
3532 2822 3866 2887 Ἐκκλησίας,

2263 2915 2352 2962 καὶ
2403 2910 2591 2982 μᾶλλον
2650 2908 3042 2986 ῦποδρηστεῦον
3096 2912 3249 2985 αὐτῇ·
3308 2914 3471 2981 ἔθνος,
3517 2913 3584 2964 τὰ
3626 2915 3717 2983 μὲν
3758 2918 3874 2973 τοῖς

2263 2996 2479 3052 ὀδοῦσιν
2528 2999 2721 3068 ἐσθίον,
2770 3004 2836 3053 τὰ
2882 2998 2941 3053 δὲ
2991 3004 3287 3075 σπαράσσει
3341 3008 3449 3065 τοῖς
3494 3000 3684 3069 ὄνυξιν,
3741 2998 3875 3052 ἀλλὰ

2268 3086 2327 3141 δέ
2363 3108 2490 3141 ποσι
2544 3097 2872 3162 συμπατοῦν,
2918 3097 3006 3143 καὶ
3054 3089 3227 3151 ἁπλῶς
3282 3094 3346 3143 τα
3372 3093 3543 3143 πάντα
3596 3093 3723 3164 πρὸς
3747 3089 3881 3162 ac?»

509 3179 634 3252 pati
682 3180 842 3234 enim
887 3179 1093 3245 Latini,
1147 3180 1325 3236 etiam
1389 3180 1637 3252 Cyprios
1700 3179 1894 3237 adorti
1966 3183 2152 3234 sunt:

2267 3180 2447 3249 νισμόν
2496 3176 2764 3252 ἁχρειοῦν,
2832 3182 2967 3232 κατὰ
3017 3182 3102 3231 τὸν
3144 3179 3333 3237 Δανιὴλ
3364 3182 3742 3252 θεαματισμόν.
3808 3178 3878 3230 Οἱ

510 3268 662 3324 alius
690 3267 940 3339 quidam
970 3273 1191 3340 pontus
1218 3269 1550 3325 immensus
1581 3272 1637 3325 et
1660 3268 1843 3325 obvia
1894 3284 2153 3340 qumque

507 3357 835 3422 inundans,
878 3358 1206 3430 conspicuo
1257 3358 1359 3415 illo
1413 3358 1793 3431 insulamque
1852 3358 2154 3414 ambiente

506 3446 931 3517 impetuosior;
959 3446 1458 3519 quandoquidem
1484 3448 1848 3518 conspicuus
1874 3462 1996 3502 non
2020 3461 2155 3502 eam

508 3534 787 3604 obtegere
815 3535 1139 3602 contendit,
1175 3536 1278 3591 sed
1309 3536 1569 3608 propriis
1601 3536 1869 3591 terminis
1901 3535 2153 3590 circum-

508 3624 803 3691 scribitur,
861 3623 920 3679 in
971 3624 1293 3697 semetipso
1344 3625 1565 3681 ﬂuctus
1634 3625 2039 3695 confringens,
2099 3629 2155 3682 et

509 3710 800 3768 Creatoris
822 3712 1209 3783 providentia:
1232 3713 1412 3770 frenis
1438 3712 1860 3772 obsecundans
1894 3715 1937 3771 ³.

578 3892 633 3947 4.
660 3891 733 3947 At
754 3891 771 3945 Ι
781 3890 1035 3948 talorum
1060 3891 1317 3948 audacia
1342 3891 1615 3964 proprias
1638 3891 1887 3948 transilit
1945 3890 2153 3948 statio-

506 3994 636 4043 nes,
664 3983 720 4036 et
743 3978 961 4036 ﬂuctus
988 3979 1091 4035 iraa
1135 3979 1332 4046 volvit,
1384 3985 1551 4036 extra
1603 3979 1890 4036 terminos
1948 3980 2151 4049 currit,

507 4073 688 4141 atque
713 4068 773 4124 in
803 4073 1033 4125 exteros
1058 4068 1244 4125 irruit.
1279 4069 1584 4139 Ejusmodi
1606 4073 1777 4125 atrox
1832 4074 2153 4142 tempestas

508 4159 764 4213 excitata
793 4158 958 4214 estin
989 4158 1272 4230 praeclara
1291 4158 1486 4230 Cypro
1516 4177 1530 4226 ;
1590 4176 1729 4214 cum
1782 4175 1906 4232 qua
1957 4157 2155 4214 foedus

511 4250 708 4301 servat
739 4261 923 4311 mare,
946 4253 1003 4303 et
1031 4248 1291 4303 cicurem
1322 4264 1383 4302 se
1422 4247 1616 4304 reddit
1659 4248 1839 4305 unda.
1909 4247 1974 4302 Id
2011 4262 2154 4303 sane

508 4333 820 4402 diluvium,
870 4336 945 4392 ad
984 4336 1231 4409 aliquod
1286 4352 1475 4409 usque
1536 4342 1772 4409 tempus
1811 4336 2157 4393 venustiora

507 4440 765 4497 quaeque
791 4427 1072 4497 corrupit,
1103 4431 1159 4482 et
1186 4426 1246 4481 in
1280 4432 1495 4483 terram
1521 4427 1837 4498 prostravit
1870 4441 2153 4497 quaecun-

508 4530 626 4585 que
656 4513 1019 4569 eminebant.
1068 4518 1196 4571 Mox
1233 4531 1370 4571 vero
1421 4520 1476 4572 et
1531 4515 1849 4571 hominum
1901 4530 2155 4587 corpora

511 4602 717 4671 attigit.
752 4604 1172 4659 Verumtamen
1203 4603 1524 4660 tolerabilis
1556 4610 1681 4660 erat
1705 4602 2036 4666 calamitas,
2092 4603 2155 4659 li-

508 4696 597 4747 cet
620 4698 776 4750 esset
791 4692 1125 4752 admodum
1143 4694 1341 4763 gravis
1367 4713 1378 4761 ;
1400 4693 1693 4766 quoniam
1707 4692 1785 4748 ad
1803 4708 2155 4764 corpoream

509 4783 821 4856 spectabat
844 4799 1089 4852 noxam,
1120 4789 1175 4841 et
1196 4800 1515 4857 corporum
1537 4782 1885 4856 perniciem,
1916 4799 2051 4855 quae
2078 4783 2155 4840 ad

584 4964 599 4997 ¹
634 4966 745 5021 Isa.
778 4980 907 5029 XLV,
944 4966 1028 5030 l6,
1106 4965 1126 4998 ³
1162 4961 1289 5018 Dan
1316 4977 1409 5029 vu,
1434 4962 1598 5029 7,19.
1633 4960 1783 5017 ³101)
1810 4976 2051 5031 xxxvm,
2080 4965 2163 5017 11.

583 5140 659 5211 (2)
688 5137 826 5211 ΔΜεθ’
850 5137 1035 5211 ἑαυτὴν
1068 5135 1427 5211 dicier/opim.
1464 5141 1582 5195 Hoc
1640 5143 1726 5195 est
1780 5138 2150 5211 αὐτοκέφαλος.

511 5208 649 5275 Qua'
667 5208 741 5264 de
766 5223 828 5263 re
858 5208 996 5265 vide
1021 5208 1301 5265 Allatium
1340 5212 1426 5266 De
1450 5211 1730 5267 Ecclesiae
1766 5208 2162 5267 Occidentalis

509 5280 1267 5360 etOIjienfalis‘perpbtua
1318 5284 1717 5360 corisensiqne,
1765 5282 1867 5337 lib.
1920 5299 1961 5351 1,
2014 5298 2154 5360 cap.

508 5356 599 5418 25,
624 5356 680 5408 et
706 5348 1133 5408 Adnotationés
1158 5352 1583 5422 Beveregianas
1610 5353 1673 5408 in
1697 5348 1959 5409 canones
1989 5368 2048 5426 p.
2074 5348 2162 5419 58,

580 5497 657 5566 (3)
696 5499 798 5547 Τοῦ
830 5501 931 5565 γῆν
961 5495 1314 5565 ἁπειγοῡντος,
1370 5493 1585 5566 Habuit
1640 5494 1696 5548 in
1760 5495 1964 5551 animo
2022 5493 2166 5549 illud

512 5564 621 5631 lsa.
667 5583 724 5632 Χ,
797 5564 917 5621 142
974 5564 1281 5638 Καίσείσω
1334 5564 1503 5638 πόλεις
1578 5570 1999 5638 κατοικουμένας,
2082 5570 2172 5617 καί

511 5642 604 5695 τὴν
670 5641 972 5710 οἰκουμένην
1029 5637 1148 5711 ὅλην
1209 5636 1573 5711 καταλήψομοι
1639 5645 1699 5709 τῇ
1724 5636 1897 5711 Ῠχειρὶ
1944 5644 2007 5697 ως
2055 5656 2175 5711 νοσ-

515 5716 657 5779 σιανξ
687 5714 777 5765 καὶ
804 5709 873 5772 ὡς
915 5709 1352 5783 καταλελειμμενα
1403 5709 1491 5764 ea
1532 5713 1645 5765 ὀισώ
1707 5709 1783 5767 Ει
1838 5709 2175 5769 ὸοηειιιίανη

2262 3269 2364 3338 γὰρ
2411 3273 2629 3341 φρακτοὶ
2682 3274 2895 3322 Λατῖνοι
2948 3273 3034 3321 καὶ
3089 3270 3199 3331 τοῖς
3259 3274 3511 3341 Κυπρίοις
3569 3268 3874 3343 ἐπέϐρισαν.

2262 3361 2445 3417 πόντος
2498 3355 2645 3420 ἀλλος
2682 3378 2762 3420 τις
2792 3357 2998 3430 ἀχανής
3047 3364 3137 3410 καὶ
3176 3358 3513 3419 κατακλνζων
3545 3361 3602 3410 τό
3636 3376 3875 3432 προστυ-

2260 3448 2384 3516 χὸν,

2265 3532 2580 3609 βιαιότερος,
2640 3536 2758 3609 παρ’
2812 3537 2932 3590 ὅσον
2989 3542 3077 3610 μὲν
3136 3539 3194 3589 οὐ
3226 3536 3457 3608 καλύψαι
3506 3539 3701 3593 ταύτην
3736 3536 3878 3608 φιλο-

2464 3454 2555 3498 τοῦ
2633 3455 2928 3521 προφανοῦς
2988 3453 3078 3500 καὶ
3143 3452 3234 3507 τὴν
3307 3457 3467 3507 νῆσον
3519 3450 3879 3519 ῦπανέχοντος

2259 3631 2430 3685 νεικεῖ,
2488 3624 2615 3679 ἀλλά
2645 3630 2747 3687 τοῖς
2814 3627 3024 3690 οἰκείοις
3073 3627 3214 3702 ὅροις
3259 3628 3763 3701 σνμπεριγράφεται,
3826 3628 3877 3677 εν

2257 3715 2423 3783 ἐαυτῷ
2470 3718 2769 3790 συνθραύων
2816 3718 2883 3769 τά
2933 3719 3162 3789 κύματα,
3218 3721 3312 3769 καὶ
3355 3721 3598 3788 προνοὶας
3631 3714 3882 3787 χαλινοῖς

2258 3802 2503 3855 ὲῦπείκων
2528 3810 2878 3880 Δημιουργοῦ.

2333 3888 2403 3944 δ’*
2461 3898 2532 3945 Τό
2585 3891 2643 3947 δε
2692 3893 2879 3969 θράσος
2930 3903 3027 3946 τῶν
3055 3894 3260 3949 Ἰταλῶν
3290 3899 3403 3955 τοὺς
3449 3898 3662 3956 οἰκείους
3713 3895 3881 3967 ὑπερ-

2262 3982 2423 4034 ϐαίνει
2468 3985 2752 4056 σταθμούς,
2806 3990 2896 4038 καὶ
2948 3988 3158 4058 κύματα
3212 3981 3445 4038 κυλίνδει
3510 3986 3699 4057 θυμοῦ,

2261 4070 2511 4146 ὑπερόρια
2576 4078 2773 4148 τρέχει,
2828 4080 2917 4127 καὶ
2968 4082 3066 4126 τῶν
3114 4076 3319 4128 ὀθνείων
3382 4069 3718 4146 κατιμπηδᾲ.
3771 4080 3879 4131 Τη-

2263 4160 2402 4221 λίκος
2451 4162 2705 4237 επερῥάγη
2763 4172 2824 4237 τῇ
2883 4163 3012 4236 καλῇ
3077 4168 3269 4238 Κύπρώ
3321 4160 3525 4217 κλύδων
3583 4162 3887 4225 άλλοκοτος.

2267 4258 2398 4324 πρός
2439 4250 2497 4309 ἣν
2556 4251 2585 4309 ὴ
2658 4251 2899 4304 θάλασσα
2954 4248 3250 4317 σπένδεται,
3326 4257 3415 4305 xui
3476 4253 3762 4326 ἡμεροῦται
3830 4255 3891 4303 τὸ

3784 3988 3883 4036 καὶ

2266 4336 2465 4413 ῥόθιον.
2533 4338 2593 4391 Ὀ
2645 4336 2703 4392 δὲ
2751 4349 2983 4401 τοιοῦτος
3031 4345 3398 4413 κατακλυσμὸς
3457 4346 3621 4415 μέχρι
3667 4346 3758 4412 μέν
3812 4359 3893 4392 τι-

2266 4448 2346 4488 νος
2399 4431 2463 4479 τά
2501 4429 2669 4501 ὡραῖα
2726 4426 3004 4502 διέφθειρε,
3065 4450 3155 4482 και
3210 4436 3309 4482 πᾶν
3364 4428 3646 4501 ἀνάστημα
3703 4428 3892 4503 κατέβ-

2268 4516 2390 4591 pri:
2429 4526 2551 4589 γῆς.
2598 4514 2748 4576 Ἤδη
2821 4514 2879 4570 δὲ
2941 4524 3030 4571 καὶ
3108 4522 3358 4591 σωμάτων
3417 4521 3696 4593 ἀνθρωπων
3758 4538 3891 4591 παρ-

2269 4605 2457 4676 ηψατο.
2520 4606 2652 4660 Ἀλλ’
2701 4603 2761 4665 ἦν
2810 4609 2946 4679 ὅμως
2995 4611 3213 4681 φορητὸν
3273 4614 3329 4660 τό
3361 4605 3549 4679 δεινόν,
3601 4627 3790 4679 καίπερ
3833 4608 3888 4659 ὃν

2271 4694 2698 4769 βαρυσύμφορονο
2748 4701 2856 4749 ἐπεί
2912 4703 3001 4749 xui
3046 4717 3169 4771 προς
3246 4702 3548 4769 σωματικὴν
3633 4695 3890 4749 ἀπέϐλεπε

2268 4782 2435 4857 λύμην
2528 4790 2617 4837 καὶ
2700 4788 3052 4858 σκηνωμάτων
3148 4786 3426 4855 ἀπώλειαν,
3514 4789 3891 4859 συντιθεμένων

2270 5140 2539 5198 civitates
2579 5141 2900 5211 habitatas,
2942 5148 2996 5200 et
3018 5143 3217 5199 orbem
3253 5148 3435 5200 terra
3472 5146 3660 5198 totum
3680 5157 3903 5212 appre-

2272 5213 2528 5269 hendam
2561 5230 2745 5269 manu
2759 5216 2934 5284 quasi
2946 5214 3180 5283 nidum,
3201 5220 3255 5271 et
3278 5216 3455 5285 quasi
3473 5229 3585 5270 ova
3603 5214 3903 5271 derelicta

2275 5284 2509 5341 tollam.
2534 5286 2698 5357 Unde
2721 5286 3057 5356 Gregorius.
3079 5284 3387 5357 Nyssenus
3410 5290 3566 5357 orat.
3587 5290 3616 5340 5
3626 5284 3695 5357 in
3710 5286 3904 5341 Canti-

2276 5370 2413 5410 cum
2467 5354 2859 5425 canticorum,
2906 5372 2963 5429 p.
2998 5360 3097 5414 551
3128 5354 3221 5411 Ὀε
3257 5357 3320 5413 Ο⁹
3355 5354 3783 5429 ,καταλαμϐάνων
3809 5362 3903 5415 τὴν

2278 5430 2583 5500 οἰκουμένην
2613 5434 2675 5490 ὼς
2724 5427 2958 5485 νοσσιὰν,
2992 5434 3081 5482 xui
3112 5433 3181 5490 ὼς
3218 5427 3657 5500 καταλελειμμένα
3688 5431 3766 5479 ὠά
3791 5429 3903 5502 αἳρ-

2280 5521 2345 5550 ων
2369 5504 2521 5559 αὐτὰ.
2546 5516 2649 5555 seu
2680 5500 2878 5573 potius
2911 5502 3090 5567 αὐτὰν,
3124 5515 3261 5555 cum
3292 5500 3627 5571 interprete.
3652 5500 3899 5573 adenis.

2282 5575 2419 5642 Reg.
2460 5573 2614 5639 1797,
2648 5570 2822 5645 apud
2854 5573 3177 5630 Cmsarium
3209 5578 3404 5650 quaest
3452 5570 3581 5633 ﬁt,
3613 5570 3901 5647 περιλήψο-

2282 5661 2400 5715 μαι.
