4096 6208
235 352 353 408 605

1502 340 1837 400 EPISTOLA
1873 340 2020 398 I'AD
2060 341 2371 400 CYPRIOS.

3512 359 3614 414 606

235 476 330 527 ἐπὶ
396 471 583 548 βραχύ
645 474 735 523 καὶ
780 469 1037 544 λυομένων
1085 467 1196 543 μετ’
1250 466 1309 521 ού
1361 466 1511 522 πολύ.
1569 469 1648 520 Τὰ
1674 472 1762 519 νῦν
1794 461 1843 518 δί

1963 463 2141 523 breve
2162 467 2450 541 temporis
2479 471 2737 545 spatium
2772 476 3259 550 compinguntur,
3291 481 3348 538 et
3377 479 3618 538 solvun-

239 561 385 616 ἀλλὰ
448 567 534 614 καὶ
588 560 782 633 ψυχῶν
837 563 895 613 τὸ
957 565 1178 636 πρᾶγμα
1239 561 1704 630 κατεκαυχήσατο.
1764 558 1854 608 καὶ

235 655 338 706 τὸν
393 651 544 727 ὄρθόν
595 649 748 724 λόγον
799 657 896 712 τῆς
947 647 1207 710 εὐσεϐείας
1265 643 1594 701 διασαλεύειν
1643 645 1854 718 ἐπιχει-

233 749 347 817 ρεῖ.
401 747 521 804 Τοῖς
568 742 670 815 γὰρ
729 738 1066 813 πολεμισταὶς
1125 741 1390 803 Λατίνοις,
1453 740 1544 788 καὶ
1600 736 1852 812 ἱερατικὸν

237 832 304 886 ἑκ
353 841 447 885 τοῦ
493 835 666 903 γένους
720 829 814 883 ούκ
862 829 1032 902 ὀλίγον
1078 836 1140 902 τῇ
1185 833 1323 899 νήσῳ
1370 825 1715 902 προσέπιϐἀν,
1762 825 1854 886 τὰς

235 919 532 984 ἐκκλησίας
587 922 822 992 συνέχεε,
867 923 956 972 καὶ
1004 921 1136 993 πρὸς
1193 916 1344 970 ἑαυτὸ
1397 919 1570 968 πάντα
1616 916 1684 966 τά
1743 915 1854 966 θεῖα

237 1010 529 1084 ἱφελκύσαι
557 1011 889 1064 νεανιεύεται.

319 1101 382 1155 ε’.
437 1098 613 1154 Ἔνθεν
671 1100 698 1151 ό
753 1101 844 1172 μὶν
898 1101 1112 1171 γνήσιος
1176 1100 1266 1149 καὶ
1325 1097 1595 1156 κανονικὸς
1655 1109 1853 1167 πρωτο-

235 1195 467 1264 ποίμην,
556 1192 582 1242 6
677 1194 1073 1263 μακαριώτατος
1112 1187 1532 1263 ἀρχιεπίσκοπος
1587 1186 1850 1258 Κυπρίων,

237 1281 452 1356 ὄκῦρις
496 1284 776 1353 Νέοφυτος,
835 1286 926 1331 τοῦ
969 1279 1162 1331 οἰκείου
1235 1279 1416 1352 θρόνου
1475 1269 1848 1327 ἀποδιώκεται·

237 1373 558 1446 παρένθετος
587 1366 649 1424 δέ
703 1390 785 1433 τις
839 1373 928 1422 καὶ
987 1367 1258 1442 ἀλλόθροος
1315 1368 1586 1440 ἅνθρωπος
1638 1365 1692 1416 ἐκ
1746 1367 1852 1415 Λα-

239 1470 448 1522 τινικῆς
501 1460 664 1534 φυλῆς
706 1465 779 1531 τῷ
845 1461 1066 1531 τοιούτῳ
1132 1460 1293 1534 θρόνῳ
1346 1455 1694 1529 ἐγκαθεσθεὶς,
1755 1451 1850 1504 ούκ

241 1551 307 1603 ἂν
369 1549 535 1612 ἄλλως
584 1548 791 1608 ἀνήσειν
844 1553 964 1612 τοὺς
1014 1551 1288 1623 ἡμετέρους
1356 1546 1638 1619 ἰερατικούς
1693 1542 1851 1614 ἰσχυ-

240 1640 451 1716 ρίζεται
503 1638 816 1700 ἐπισκόπους
868 1658 921 1692 τε
975 1642 1064 1690 καὶ
1131 1637 1342 1698 λοιπούς
1410 1637 1497 1687 τὸν
1564 1633 1850 1705 Ῥωμαϊκὸν

241 1735 542 1806 ,παιμαίνειν
572 1734 661 1782 καὶ
690 1725 968 1782 διδάσκειν
1022 1727 1165 1792 λαὸν,
1223 1726 1267 1778 εἰ
1321 1730 1393 1799 μὴ
1447 1728 1694 1800 πρότερον
1755 1727 1848 1780 τὴν

1962 558 2061 611 tur
2087 558 2270 630 paulo
2299 562 2598 632 post.Jam
2628 579 2768 620 vero
2799 571 2855 622 et
2883 583 2976 624 res
3015 568 3341 626 adversum
3380 571 3617 628 animas

1963 660 2097 702 sese
2127 650 2385 720 superbe
2410 652 2637 723 extulit,
2664 659 3034 729 conaturque
3090 663 3322 716 rectum
3375 659 3614 731 pietatis

1963 749 2305 794 sermonem
2335 746 2670 798 concutere.
2705 743 2854 800 Nam
2883 761 3009 802 una
3045 763 3185 804 cum
3223 746 3614 805 bellatoribus

1963 825 2182 881 Latinis
2208 841 2329 883 non
2362 829 2534 901 pauci
2567 831 2836 902 ejusdem
2869 835 3101 904 generis
3156 835 3497 892 sacerdotes
3549 836 3613 893 in

1961 912 2221 971 insulam
2252 917 2523 988 ingressi,
2556 919 2846 978 Ecclesias
2877 925 3332 988 conturbarunt,
3361 928 3416 982 et
3445 925 3522 982 ad
3549 941 3612 982 se

1961 1008 2178 1061 cuncta
2205 1005 2409 1062 divina
2435 1009 2774 1080 pertrahere
2800 1012 3132 1085 petulanter
3155 1015 3448 1071 nituntur.

2033 1096 2083 1148 5.
2127 1095 2269 1151 Hinc
2292 1096 2594 1168 legitimus
2643 1104 2699 1156 et
2753 1103 3079 1159 canonicus
3121 1108 3433 1176 pastorum
3490 1103 3612 1176 pri-

1962 1196 2119 1254 mus,
2147 1182 2530 1243 beatissimus
2561 1190 2913 1262 Cypriorum
2945 1190 3450 1266 archiepiscopus,
3502 1192 3607 1250 do-

1960 1271 2160 1328 minus
2185 1275 2556 1348 Neophytus,
2590 1294 2626 1334 a
2656 1295 2766 1335 sua
2796 1281 2934 1336 sede
2959 1280 3169 1353 pulsus
3223 1286 3330 1348 est,
3375 1281 3612 1338 adsciti-

1959 1361 2075 1416 tius
2096 1368 2298 1419 autem
2327 1365 2579 1438 quidam
2604 1371 2660 1424 et
2699 1370 3026 1442 peregrinae
3057 1371 3276 1442 linguae
3313 1371 3518 1441 homo,
3573 1385 3607 1427 θ

1961 1451 2303 1510 Latinorum
2335 1469 2569 1528 genere,
2590 1457 2649 1513 in
2672 1459 2885 1516 eodem
2910 1459 3125 1516 throno
3151 1460 3436 1525 insidens,
3481 1474 3605 1514 non

1959 1539 2077 1597 alia
2103 1543 2332 1600 ratione
2363 1561 2425 1600 se
2453 1547 2887 1618 permissurum
2927 1552 3253 1618 asseverat,
3307 1531 3372 1604 ut
3417 1547 3607 1604 nostri

1958 1632 2174 1688 sacrati
2202 1633 2495 1698 homines,
2530 1639 2657 1692 tum
2689 1637 2972 1710 episcopi,
3007 1641 3133 1694 tum
3163 1638 3379 1704 caeteri,
3412 1652 3608 1710 popu-

1956 1719 2083 1779 lum
2114 1725 2454 1780 Romanum
2481 1741 2588 1781 seu
2611 1728 2882 1782 Graacum
2923 1730 3177 1800 pascant
3227 1731 3283 1783 et
3329 1726 3602 1798 doceant,

243 1839 320 1871 πει
348 1819 398 1893 ρ’
464 1817 637 1880 αὐτοῖς
691 1819 959 1892 ὑποταγὴν
1015 1816 1382 1884 ύπεισέλθωσι,
1439 1819 1528 1866 καὶ
1586 1814 1843 1874 συνθήκας

1956 1811 2070 1868 nisi
2099 1813 2264 1885 prius
2295 1813 2729 1886 subjectionem
2760 1815 2924 1872 illam
2953 1832 3164 1872 eorum
3210 1816 3518 1884 subierint,
3549 1817 3608 1872 et

242 1910 611 1981 καταθυμίους
657 1915 730 1979 τῷ
777 1912 871 1981 νέῳ
918 1907 1157 1981 ἀρχιερεῖ
1197 1910 1287 1958 καὶ
1341 1906 1474 1977 νόθῳ
1511 1903 1844 1978 παρέξουσιν·

240 1999 270 2056 ᾖ
322 2002 430 2070 μὴν
473 2001 564 2050 καὶ
602 1999 820 2059 τούτους
866 1996 1338 2072 ἐξοστρακισθῆναι
1379 2013 1470 2054 της
1515 1997 1678 2051 νήσου
1725 2012 1847 2044 παν-

237 2091 493 2140 τάπασιν·
547 2090 616 2151 ὡς
662 2097 761 2140 τῶν
802 2091 1054 2160 ποιμένων
1091 2090 1181 2138 καὶ
1226 2081 1565 2138 διδασκάλων
1616 2080 1846 2136 διασπα-

240 2183 434 2253 ρέντων
500 2174 816 2230 κινδυνεύειν
889 2179 982 2235 τὴν
1051 2175 1239 2249 ἀγέλην
1306 2182 1540 2250 Χριστοῦ
1595 2173 1664 2234 εἰς
1721 2191 1848 2247 κρη-

237 2271 399 2339 μνούς
441 2265 842 2320 ἀποπλανᾶσθαι
869 2271 959 2319 καὶ
985 2264 1250 2341 βάραθρα.

317 2357 390 2420 ς’.
455 2355 554 2408 Ἦν
613 2359 703 2428 μὶν
760 2358 860 2429 πρὸ
917 2354 1104 2408 πολλοῦ
1151 2353 1468 2430 θρυλούμενα
1517 2359 1699 2420 ταῦτα,
1757 2356 1847 2405 καὶ

241 2445 313 2507 εἰς
384 2443 546 2508 ἀκοὰς
610 2453 702 2506 τῆς
760 2446 1006 2519 ἠμετέρᾶς
1061 2443 1320 2521 ἐρχόμενα
1374 2446 1729 2518 μετριότητος·
1780 2444 1848 2495 τὰ

239 2540 334 2586 νύν
392 2531 452 2588 δὲ
501 2540 590 2588 καὶ
648 2536 675 2587 ό
729 2533 1119 2607 θεοφιλέστατος
1173 2542 1269 2596 τῆς
1315 2535 1448 2586 κατὰ
1493 2536 1582 2591 τὴν
1637 2535 1844 2608 Κύπρον

239 2624 531 2696 ἀγιώτατος
588 2622 880 2684 ἐπισκοπῆς
927 2621 1132 2686 Σολείας
1196 2625 1454 2686 Λεόντιος,
1529 2621 1619 2675 καί
1665 2623 1690 2673 ό
1761 2622 1842 2675 εύ-

237 2712 406 2775 λαϐὴς
456 2715 839 2786 καθηγούμενος
890 2720 986 2776 τῆς
1044 2720 1143 2764 τῶν
1202 2711 1484 2783 ’Δψινθίων
1549 2719 1707 2784 μονῆς
1775 2713 1841 2764 ἱε-

235 2807 541 2876 ρυμόναχος
608 2806 866 2871 Λεόντιος,
938 2803 1068 2876 πρὸς
1123 2805 1216 2859 τὴν
1277 2803 1420 2874 ἡμῶν
1495 2799 1842 2874 ἀναπεμφθένο

236 2912 321 2954 τες
364 2895 683 2967 μετριότητα
735 2894 880 2965 παρά
934 2910 989 2944 τε
1040 2897 1132 2944 τοῦ
1187 2889 1379 2942 οἰκείου
1436 2891 1839 2964 μακαριωτάτου

236 2981 666 3058 ἀρχιεπισκόπου
717 3001 805 3034 και
852 2989 950 3033 τῶν
988 2980 1178 3033 λοιπῶν
1221 2983 1538 3046 ἱπισκόπων,
1591 2978 1718 3032 ἀλλὰ
1766 2976 1834 3040 δὴ

235 3093 326 3125 και
390 3075 582 3133 παντὸς
645 3079 735 3124 τοῦ
804 3073 1077 3146 ἱερωμένου
1161 3071 1509 3146 πληρώματος
1591 3070 1682 3122 καί
1746 3077 1838 3123 τοῦ
1870 3100 1912 3158 C

237 3158 521 3235 ὀχλώδους
567 3160 716 3227 λαοῦ,
761 3163 856 3223 τὰς
899 3163 1142 3222 τοιαύτας
1191 3156 1479 3221 συνοδικῶς
1533 3157 1839 3233 ἀνήγγειλαν

238 3253 516 3324 συμφορὰς
580 3249 792 3302 ἐνώπιον
845 3259 940 3312 τῆς
997 3253 1143 3324 ἡμῶν
1195 3252 1522 3324 μετριόητὸς’
1581 3255 1671 3303 καὶ
1736 3270 1838 3302 παο

234 3341 523 3414 ραστάντες
573 3343 668 3398 τὴν
723 3343 948 3412 σήμερον
1001 3338 1085 3393 ἐπὶ
1140 3346 1230 3393 τοῦ
1269 3344 1454 3413 μέσου,
1496 3335 1838 3414 διεπρεσϐεύ-

239 3449 400 3482 σαντο
452 3431 624 3482 ὁπόσα
677 3428 798 3504 παρ’
850 3427 1054 3482 ἐκείνων
1108 3430 1390 3502 ἀνενεγκεῖν
1448 3426 1836 3504 ἐπετράπησαν.

236 3517 506 3591 Ἐφασκον
527 3520 628 3594 γὰρ
651 3520 715 3579 ὡς
741 3525 812 3589 τῷ
843 3520 1248 3592 ἁρχιεπισκόπῳ
1265 3523 1406 3593 κυρῷ
1431 3519 1676 3589 Νεοφύτῳ
1696 3519 1840 3592 παρὰ

237 3616 344 3661 τῶν
391 3612 628 3662 Λατίνων
671 3611 732 3662 ού
793 3613 1201 3683 συγκεχώρηται
1225 3615 1287 3667 τῆ
1321 3612 1464 3680 νήσῳ
1497 3603 1839 3683 ἐνδιατρίϐειν

255 3702 319 3752 τὸ
377 3697 612 3752 σύνολον⁶
654 3699 742 3751 ἅτε
784 3705 874 3751 τοῦ
917 3707 1055 3771 σφῶν
1085 3703 1174 3751 καὶ
1200 3697 1370 3771 ἐτέρου
1411 3697 1837 3771 ἀρχιεπισκόπου

235 3784 489 3862 μηδόλως
553 3787 702 3841 ἄλλον
775 3786 978 3841 ἀκούειν
1043 3786 1459 3862 ἀρχιεπίσκοπον
1541 3791 1835 3861 στέγοντος.

255 3877 444 3947 Δμέλει
473 3882 563 3932 καὶ
588 3877 751 3932 τέλεον
772 3876 989 3938 ἐκείνους
1134 3875 1345 3953 ἐκεῖνον]
1397 3876 1692 3937 ἀπήλασαν.
1738 3882 1838 3932 Καὶ

235 3975 327 4021 νῦν
349 3969 400 4020 ἓν
421 3975 530 4030 τοῖς
549 3971 731 4043 μέρεσι
760 3975 855 4030 τῆς
885 3966 1132 4029 ἀνατολῆς
1159 3964 1335 4041 διάγει
1356 3966 1674 4040 πλανώμενος

313 4056 385 4118 ζ’.
418 4056 616 4118 Δύτούς
652 4053 712 4110 δέ
757 4076 816 4129 γε
855 4060 976 4119 τούς
1024 4056 1359 4125 ἐπισκόπους,
1418 4061 1561 4130 φασὶ,
1595 4060 1685 4109 καὶ
1716 4059 1837 4118 τοὺς

232 4146 451 4208 λοιπούς
501 4147 809 4220 ίερατικούς,
868 4145 939 4209 εἰς
992 4147 1257 4218 ὑποταγὴν
1313 4143 1610 4206 ἐκϐιάζεται
1665 4147 1691 4198 ό
1738 4154 1836 4198 τῶν

236 4239 476 4290 Λατίνων
544 4233 841 4308 ἀρχιερεύς,
897 4239 987 4288 καὶ
1034 4235 1195 4296 οὕτως
1258 4234 1426 4288 ἐάσειν
1483 4237 1700 4298 τούτους
1747 4255 1838 4288 κα-

1957 1902 2407 1975 astipulationes
2431 1920 2590 1960 novo
2617 1905 2922 1978 nothoque
2942 1906 3206 1978 pontifici
3227 1909 3430 1975 gratas
3456 1920 3604 1977 prae-

1957 1993 2532 2066 stiterint;alioquin
2580 2009 2684 2052 eos
2737 1995 2986 2052 omnino
3015 2011 3088 2052 ex
3138 1995 3334 2052 insula
3363 1994 3600 2067 ejicien-

1955 2080 2067 2138 dos
2088 2097 2245 2151 esse,
2279 2083 2432 2139 adeo
2461 2087 2523 2138 ut
2548 2083 2893 2156 pastoribus
2918 2089 2974 2140 et
2999 2083 3342 2140 doctoribus
3368 2082 3599 2156 disper-

1955 2173 2055 2242 sis,
2084 2172 2417 2244 periculum
2441 2173 2513 2230 sit
2543 2188 2616 2230 ne
2644 2173 2854 2231 Christi
2885 2188 3028 2244 grex
3053 2173 3115 2229 in
3164 2171 3494 2246 praecipitia
3543 2174 3602 2229 et

1955 2262 2241 2320 barathra
2269 2264 2602 2336 divagetur.

2028 2359 2060 2410 6
2099 2357 2292 2426 Atque
2313 2354 2442 2410 haec
2464 2355 2713 2427 quidem
2741 2355 2871 2426 jam
2900 2369 2937 2410 a
2959 2353 3140 2424 lougo
3193 2356 3460 2425 tempore
3514 2351 3602 2408 di-

1957 2441 2201 2513 vulgata
2224 2442 2478 2510 fuerant,
2511 2448 2569 2501 et
2595 2443 2674 2500 ad
2699 2455 2875 2500 aures
2906 2440 3328 2498 mediocritatis
3381 2443 3600 2497 nostra

1953 2536 2371 2602 pervenerant.
2404 2536 2568 2590 Nunc
2583 2549 2720 2590 vero
2741 2530 3222 2603 religiosissimus
3239 2528 3602 2587 sanctissimi

1951 2622 2333 2694 episcopatus
2364 2623 2549 2680 Solem
2578 2624 2638 2680 in
2669 2625 2882 2695 Cypro,
2917 2620 3211 2688 Leontius,
3241 2624 3298 2677 et
3323 2634 3596 2676 reveren-

1951 2709 2066 2767 dus
2094 2712 2440 2768 monasterii
2484 2711 2937 2785 Apsinthiorum
2991 2710 3371 2783 praepositus,
3425 2722 3597 2766 sacer

1951 2801 2287 2857 monachus
2320 2801 2618 2871 Leontius,
2648 2801 2726 2857 ad
2752 2799 3202 2858 nostrammissi
3223 2798 3600 2856 mediocrita-

1949 2893 2092 2958 tem,
2123 2893 2250 2946 tum
2276 2906 2312 2947 a
2337 2907 2446 2948 suo
2482 2890 2800 2948 batissimo
2849 2889 3320 2962 archiepiscopo,
3380 2891 3509 2944 tum
3562 2903 3602 2945 a

1947 2979 2190 3051 reliquis
2242 2979 2556 3053 episcopis,
2616 2993 2852 3035 nencon
2882 2977 2960 3032 ab
2985 2977 3148 3034 omni
3199 2991 3370 3032 sacro
3418 2978 3596 3040 coetu,

1947 3068 2199 3142 ipsaque
2233 3067 2428 3142 plebe,
2458 3069 2638 3125 hasce
2669 3067 2958 3140 synodice
2999 3065 3365 3122 calamitates
3390 3079 3598 3120 coram

1948 3162 2154 3214 nostra
2183 3157 2588 3214 mediocritate
2615 3155 2943 3213 retulerunt
2977 3173 2990 3222 ;
3017 3153 3314 3226 hodieque
3367 3152 3429 3209 in
3478 3167 3600 3208 me-

1949 3247 2117 3303 dium
2142 3247 2486 3318 prodentes,
2517 3262 2589 3302 ex
2613 3244 2909 3315 legatione
2936 3259 3074 3314 qua:
3105 3242 3183 3297 ab
3212 3242 3322 3298 illis
3350 3241 3599 3298 deman-

1949 3335 2091 3393 data
2118 3334 2231 3391 sibi
2260 3335 2496 3392 fuerant
2527 3333 2817 3408 prolocuti
2851 3335 3008 3388 sunt.
3046 3335 3269 3402 Nempe
3297 3330 3596 3400 dixerunt,

1949 3443 2338 3502 nequaquam
2376 3427 2640 3485 aLatinis
2669 3438 3168 3483 concessumesse
3187 3421 3434 3480 domino
3447 3425 3592 3480 Neo-

1949 3519 2138 3592 phyto
2160 3518 2612 3592 archiepiscopo
2640 3521 2704 3574 ut
2731 3515 2831 3572 illo
2862 3515 3046 3572 modo
3070 3514 3130 3570 in
3160 3513 3356 3570 insula
3392 3528 3598 3570 mane-

1946 3612 2056 3676 ret,
2077 3621 2215 3665 cum
2243 3606 2389 3664 alter
2413 3606 2512 3665 ille
2542 3623 2750 3664 eorum
2802 3605 3291 3678 archiepiscopus
3345 3602 3598 3660 nullate-

1947 3714 2061 3754 nus
2089 3697 2274 3754 alium
2303 3697 2618 3754 sustineret
2636 3695 2844 3753 audire
2869 3693 3408 3766 archiepiscopum.
3431 3692 3598 3750 Unde

1947 3788 2182 3862 penitus
2239 3802 2380 3843 eum
2432 3785 2808 3860 expulerunt,
2867 3787 2932 3841 Et
2987 3799 3150 3841 nunc
3196 3797 3304 3856 per
3347 3782 3597 3840 Orientis

1945 3878 2160 3952 plagas
2199 3876 2454 3934 oberrat.

2017 4154 2069 4204 7.
2112 4145 2484 4203 Addiderunt
2509 4142 2710 4214 legati,
2739 4140 2923 4216 quod"
2951 4140 3265 4214 episcopos
3294 4139 3460 4214 ipsos
3487 4155 3596 4197 cm-

1948 4243 2226 4310 terosque
2287 4234 2441 4291 sacri
2489 4231 2716 4290 ordinis
2771 4231 2851 4288 ad
2877 4230 3334 4301 subjectionem,
3368 4229 3598 4286 Latino-

239 4327 616 4397 θυπισχνεῖται
670 4327 758 4385 τὰς
809 4324 1001 4387 οἰκείας
1047 4327 1188 4396 ἔχειν
1236 4323 1520 4386 ἐπισκοπὰς
1574 4329 1663 4377 καὶ
1709 4327 1839 4401 ἱερα-

1956 4343 2083 4383 rum
2103 4323 2367 4399 pontifex
2389 4322 2567 4394 cogit,
2595 4326 2775 4394 atque
2799 4335 2872 4377 ea
2899 4319 3239 4376 conditione
3286 4317 3598 4392 pollicetur

235 4422 401 4474 τικῶς
483 4413 718 4488 ἐνεργεῖν.
812 4418 912 4467 Καὶ
992 4413 1406 4487 παρεγκλήτευον
1465 4418 1523 4467 τό
1598 4420 1838 4473 ποιητέον

236 4505 425 4576 μαθεῖν
472 4505 614 4577 παρά
667 4521 721 4556 τε
766 4510 861 4565 τῆς
909 4505 1054 4577 ἡμῶν
1107 4509 1440 4578 μετριότητος
1486 4510 1576 4556 καὶ
1623 4513 1715 4566 τῆς
1776 4507 1838 4557 ἱε-

235 4598 336 4669 ρᾶς
389 4589 752 4664 ἀδελφότητος.
802 4594 899 4645 Διά
938 4595 1039 4668 γὰρ
1090 4600 1183 4654 τῆς
1230 4595 1423 4645 τούτων
1467 4593 1712 4665 γλώσσης
1749 4597 1838 4658 τὰς

236 4689 340 4734 τῶν
425 4685 668 4755 Κυπρίων
749 4683 952 4734 πάντων
1017 4681 1186 4754 ἔλεγον
1250 4685 1571 4755 παρεστάναι
1633 4682 1834 4756 ψυχὰς,

235 4777 331 4822 καὶ
374 4776 468 4829 τὴν
527 4773 672 4842 ἡμῶν
726 4772 1074 4842 γουνάζεσθαι
1125 4775 1439 4845 μετριότητα
1495 4780 1586 4832 τῆς
1637 4770 1836 4826 ἐκείνων

237 4865 509 4933 σωτηρίας
546 4858 1007 4929 ἀντιποιήσασθαι,
1050 4864 1140 4913 καὶ
1188 4864 1260 4932 μὴ
1307 4866 1487 4936 χώραν
1529 4861 1663 4913 ούτω
1708 4860 1836 4914 πλα-

233 4957 378 5002 τεῖαν
449 4954 540 5002 καὶ
615 4948 1016 5023 πολυάνθρωπον
1100 4949 1397 5003 καταλιπεῖν
1482 4949 1834 5026 ἀπροστάτευ-

229 5059 341 5100 τον,
405 5041 476 5100 ὡς
523 5037 672 5110 λιμόν
718 5037 942 5111 λιμῶξαι
998 5041 1076 5109 (4)
1140 5044 1228 5091 καὶ
1282 5035 1445 5111 δίψαν
1511 5037 1713 5110 παθεῖν,
1773 5040 1833 5094 ού

229 5126 519 5200 βρώματος
579 5123 702 5180 ούδε
769 5132 1021 5200 πόματος,
1080 5127 1208 5181 άλλὰ
1269 5137 1358 5181 τοῦ
1425 5127 1624 5183 ἀκούειν
1685 5129 1833 5203 λόγον

226 5223 388 5271 Θεοῦ.

297 5323 322 5362 ⁸
341 5327 530 5382 Amos
556 5337 672 5391 vm,
704 5322 763 5378 ll
780 5363 795 5380 .

301 5430 375 5502 (4)
438 5432 605 5514 Λιμόν
666 5427 913 5514 λιμῶξαι.
983 5432 1192 5514 Fames
1223 5430 1555 5514 spiritalis,
1604 5432 1678 5514 de
1707 5449 1834 5514 qua

229 5501 473 5574 expOno
488 5501 689 5574 locum
709 5501 1034 5574 obscurum
1054 5503 1268 5558 Leonis
1285 5501 1662 5574 imperatoris
1679 5501 1831 5562 orat.

230 5577 264 5628 6
304 5572 452 5629 Auc.
485 5572 754 5630 Combef.
796 5577 839 5635 1,
881 5590 932 5629 c.
988 5577 1143 5636 1690,
1188 5576 1267 5630 D:
1311 5572 1406 5637 Δὸς
1448 5584 1684 5628 πεινῶντι
1717 5595 1833 5637 τρο-

1950 4431 2012 4471 se
2032 4415 2101 4470 iis
2125 4413 2566 4488 permissurum
2615 4410 2840 4467 habere
2893 4408 3276 4482 episcopatus
3308 4425 3472 4476 suos,
3503 4424 3598 4466 sa-

1949 4520 2168 4577 craque
2189 4503 2354 4558 obire
2411 4501 2639 4558 munia.
2697 4502 2844 4556 Tum
2901 4499 3388 4565 obsecraverunt,
3433 4498 3516 4554 uti
3559 4513 3598 4556 ιι

1949 4593 2124 4651 nobis
2153 4598 2210 4648 et
2242 4607 2414 4649 sacra
2461 4590 2824 4647 fraternitate
2867 4588 3167 4644 discerent
3213 4587 3361 4660 quid
3413 4603 3594 4658 agen-

1947 4684 2094 4740 dum
2116 4688 2289 4739 esset.
2320 4681 2573 4738 Aiebant
2592 4681 2840 4754 quippe,
2872 4684 3222 4734 cunctorum
3241 4678 3595 4750 Cypriorum

1946 4773 2180 4831 animas
2207 4787 2313 4845 per
2329 4787 2504 4828 suam
2527 4770 2797 4841 linguam
2816 4768 3050 4834 adesse,
3081 4771 3139 4824 et
3166 4766 3594 4823 mediocritatis

1945 4868 2164 4920 nostrae
2197 4877 2396 4934 genua
2443 4859 2739 4933 amplecti,
2792 4857 3252 4931 suppliciterque
3307 4870 3480 4912 orare
3530 4858 3596 4914 ut

1947 4952 2151 5010 salutis
2177 4968 2384 5009 eorum
2434 4967 2642 5007 curam
2691 4948 3115 5022 suscipiamus,
3146 4963 3256 5003 nec
3284 4944 3594 5016 regionem

1943 5042 2097 5099 adeo
2123 5041 2392 5115 amplam
2421 5045 2478 5098 et
2502 5039 2862 5113 populosam
2888 5036 3217 5112 patrocinio
3244 5035 3594 5093 destitutam

1942 5131 2374 5205 relinquamus,
2396 5131 2480 5188 ita
2510 5133 2574 5187 ut
2593 5129 2813 5186 esuriat
2841 5135 2898 5185 et
2926 5127 3083 5185 sitim
3135 5127 3415 5200 patiatur,
3467 5141 3594 5184 non

1942 5220 2177 5278 defectu
2206 5220 2324 5278 cibi
2353 5225 2410 5278 et
2433 5225 2636 5293 potus,
2660 5217 2766 5275 sed
2795 5216 3084 5276 audiendi
3107 5217 3358 5276 verbum
3413 5217 3514 5274 Dei
3546 5217 3592 5273 ‘.

1941 5434 2092 5509 ϐάντι
2128 5433 2269 5509 ἄρτῳ
2294 5437 2523 5509 τραφείς.
2569 5433 2659 5509 _Id
2697 5437 2786 5489 est
2832 5451 2846 5490 :
3063 5432 3255 5509 c’ibym
3295 5430 3594 5509 esurienti

1942 5509 2049 5580 qui
2059 5503 2222 5578 [ανὴρ
2234 5503 2687 5577 ᾑεὶησῑέιανίεβῑ
2702 5519 2860 5575 pane
2881 5506 2984 5562 illo
3000 5506 3102 5576 qui
3114 5505 3187 5562 de
3202 5505 3342 5561 caelo
3358 5503 3592 5559 descen-

1941 5579 2032 5634 dit
2054 5580 2326 5634 nutrz‘rz‘s.
2357 5578 2449 5634 Sic
2476 5576 2636 5632 idem
2677 5582 2980 5646 Augustus
3006 5581 3155 5632 orat.
3197 5575 3299 5630 ult.
3323 5590 3375 5630 c.
3405 5578 3423 5628 1
3462 5575 3588 5629 743.

230 5649 356 5717 γὴν,
423 5645 449 5695 6
494 5644 629 5716 λιμῷ
675 5631 1008 5712 κινδυνεύων,
1064 5631 1152 5698 καῖ
1203 5654 1273 5718 τῷ
1316 5631 1635 5722 έξψούρανοῦ
1673 5631 1830 5702 κατα·
1914 5631 2689 5724 LﬂndemMarr-itlfxiaiptir)
2740 5631 2842 5700 τόν
2984 5654 3097 5707 ινῶς
3169 5650 3260 5698 καὶ
3319 5648 3587 5717 ὑπερφυῶς
