4096 6208
485 253 589 313 607

487 468 979 536 obsecraret,rem
1008 470 1387 529 mediocritas
1412 478 1615 530 nostra
1642 489 1767 531 una
1796 487 1932 529 cum
1962 486 2135 528 sacra

486 557 847 616 fraternitate
911 558 1369 619 deliberandam
1434 562 1765 636 proposuit.
1810 561 2133 634 Visumque

489 650 579 703 est
608 646 830 720 duplex
875 648 1156 722 utrinque
1180 649 1493 709 imminere
1518 651 1874 726 periculum,
1935 654 1992 706 et
2038 664 2132 707 ca-

491 750 628 792 sum
657 752 729 793 ex
753 740 1004 812 utraque
1030 744 1199 812 parte
1250 742 1640 814 praecipitem.
1672 745 1926 799 Tantum
1972 739 2133 795 enim

487 825 782 899 populum
808 827 1036 901 absque
1056 830 1341 902 pastorali
1364 831 1697 905 patrocinio
1721 829 1938 899 deseri,
1991 844 2137 902 quo-

485 929 623 971 rum
654 916 900 987 sanguis
923 932 1033 990 per
1062 920 1249 975 Deum
1277 936 1310 977 e
1360 920 1642 979 manibus
1692 925 2004 994 pastorum
2050 933 2136 974 re-

491 1004 820 1077 quirendus
862 1010 951 1065 est
1000 1008 1043 1077 ⁸,
1097 1013 1414 1084 peccatum
1470 1015 1558 1067 est
1602 1009 1828 1081 ingenti
1882 1022 2137 1065 censura

490 1095 1019 1160 condemnandum
1047 1125 1062 1160 :
1095 1103 1440 1161 Latinorum
1471 1104 1673 1160 autem
1709 1096 1999 1156 voluntati
2048 1111 2139 1153 ce-

489 1182 650 1253 dere,
680 1192 898 1247 etcum
918 1193 1311 1250 schismaticis
1357 1188 1765 1249 consensionis
1812 1188 2006 1246 facere
2034 1185 2139 1242 foe-

491 1272 625 1346 dus,
656 1275 972 1338 dissonum
1000 1282 1235 1340 videtur
1258 1296 1608 1340 acanonum
1630 1276 2139 1351 rigore,alienum~

494 1377 613 1436 que
638 1366 717 1423 ab
747 1370 1124 1429 ecclesiaticis
1172 1370 1728 1430 consuetudinibus.
1780 1370 1915 1425 Erat
1960 1366 2139 1438 igitur

492 1466 719 1528 anceps
739 1457 1109 1534 disceptatio,
1133 1466 1191 1519 et
1218 1463 1297 1520 ad
1316 1462 1663 1518 alterutrum
1681 1456 2009 1534 propensio
2034 1455 2140 1512 du-

493 1538 617 1599 bia.
649 1546 865 1602 Verum
895 1554 1220 1623 postquam
1267 1554 1323 1607 et
1390 1548 1772 1607 mediocritas
1822 1548 2030 1602 nostra
2083 1546 2140 1599 et

498 1644 671 1689 sacra
699 1634 1035 1694 fraternitas
1057 1640 1280 1696 multas
1301 1638 1588 1696 volutavit
1606 1634 2137 1702 considerationes,

495 1718 744 1779 demum
771 1728 1001 1785 censuit
1029 1729 1407 1786 mediocritas
1426 1731 1651 1797 nostra,
1700 1726 1833 1801 ipsa
1879 1724 2141 1798 speciem

498 1809 887 1881 subjectionis
915 1832 1101 1889 quam
1134 1817 1341 1874 Latani
1368 1816 1756 1891 postulabant
1785 1814 2034 1889 proferri
2063 1812 2143 1870 ad

499 1900 801 1969 synodum
831 1903 1067 1963 debere.
1093 1907 1256 1964 Unde
1278 1908 1586 1965 cohortata
1606 1910 1694 1963 est
1713 1906 2065 1980 episcopum
2086 1909 2143 1962 et

497 1986 889 2059 abbatem,ut
918 1995 1256 2067 spiritaliter
1302 2012 1441 2053 cum
1490 1996 1736 2053 veritate
1779 1994 2145 2068 explicarent

497 2090 779 2149 quaenam
807 2081 908 2140 illa
938 2088 1134 2143 essent
1162 2102 1296 2159 quae
1327 2102 1364 2143 a
1395 2085 1614 2143 Latinis
1664 2084 2132 2158 postularentur.

570 2351 622 2404 9.
664 2351 1117 2423 Responderunt
1144 2354 1225 2412 illi
1251 2356 1359 2413 tria
1379 2355 1507 2414 haec
1558 2354 1793 2413 Latinos
1840 2354 2146 2412 inevitabi-

497 2435 628 2494 liter
646 2440 985 2513 requirere:
1020 2444 1304 2517 primum,
1336 2461 1557 2501 manus
1597 2443 1878 2501 manibus
1925 2443 2145 2501 immit-

499 2529 641 2596 tere,
673 2531 1072 2590 sacerdotales
1101 2535 1594 2607 sacerdotalibus,
1621 2539 1861 2591 nostros
1893 2534 2141 2591 Latinis:

497 2615 612 2673 hoc
641 2633 906 2693 namque
936 2638 1065 2680 esse
1094 2624 1319 2681 infestis
1357 2629 1548 2682 tutam
1578 2624 1937 2687 cautionem,
1971 2624 2146 2681 servi-

497 2704 570 2763 lis
588 2706 649 2763 in
670 2710 921 2779 negotiis
940 2711 1319 2771 demissionis
1343 2733 1357 2784 ;
1380 2714 1733 2782 secundum,
1757 2718 1823 2770 ut
1837 2715 2145 2771 Romanus

1640 256 1945 315 GERMANI
1981 257 2029 312 ll
2066 254 2173 315 ΟΡ.
2212 251 2677 313 PATRIARCHE

560 382 611 436 8.
660 382 776 438 Ista
803 395 941 439 cum
971 380 1288 456 episcopus
1311 385 1508 441 oraret
1537 382 1809 457 supplex,
1842 384 1900 440 et
1938 381 2131 440 abbas
2161 379 2209 435 Δ

3739 258 3849 313 608

2316 380 2391 440 η’.
2462 388 2642 436 Ταῦτα
2699 388 2792 436 τοῦ
2855 381 3142 437 ἐπισκόπου
3232 381 3669 453 καθικετεύοντος,
3756 402 3851 436 και

2244 477 2335 523 τοῦ
2383 472 2669 545 ἡγουμένου
2716 472 3215 547 προσλιπαροῦντος,
3268 473 3298 531 ἠ
3360 476 3645 546 μετριότης
3696 472 3847 545 ἡμῶν

2241 561 2372 633 μετὰ
2421 568 2516 627 τῆς
2575 562 2709 637 ίιρᾶς
2775 558 3129 636 ἀδελφότητος
3173 561 3247 623 εἰς
3303 560 3486 632 σκέψιν
3546 563 3694 616 ἔθετο
3777 563 3845 615 τὰ

2240 655 2334 703 τοῦ
2399 651 2725 725 πράγματος.
2798 654 2899 705 Καὶ
2980 647 3152 705 ἐδόκει
3231 645 3450 713 διπλοῦς
3519 649 3840 724 ἑκατέρωθεν

2240 735 2479 801 κίνδυνος
2517 746 2606 792 καὶ
2664 739 3022 815 ἀμφίκρημνος
3078 740 3300 801 όλισθος.
3359 742 3429 794 Τό
3480 760 3534 794 τε
3587 742 3695 816 γὰρ
3760 760 3847 794 το-

2248 823 2431 881 σοῦτον
2485 827 2948 904 ἐγκαταλειφθῆναι
2999 829 3121 883 λαόν
3169 831 3500 905 προστασίας
3556 830 3680 906 ἄτερ
3733 848 3854 882 ποι.

2244 927 2521 990 μαντικῆς,
2571 916 2639 972 ὧν
2694 922 2761 973 τὰ
2812 922 3008 994 αἵματα
3051 919 3306 982 ἇζήτηται
3361 918 3495 994 [Αη.
3548 918 3854 983 ἐκζητεῖτοιε

2246 1008 2338 1066 vel
2369 1007 2731 1084 ἐκζητήσεται]
2760 1012 2904 1085 παρά
2930 1018 3003 1083 τῷ
3051 1017 3167 1082 Θεῷ
3217 1008 3273 1062 ἔκ
3324 1016 3415 1071 τῆς
3475 1018 3575 1062 τῶν
3630 1029 3855 1083 ποιμαι-

2244 1099 2430 1149 νόντων
2458 1100 2660 1171 χειρός,
2703 1096 2933 1171 μεγάλην
2982 1101 3075 1157 τὴν
3128 1097 3343 1156 εὐθύνην
3395 1097 3513 1169 ἔχει
3579 1099 3637 1150 τὸ
3687 1098 3858 1152 κατά·

2245 1204 2428 1262 κριμα,
2460 1186 2551 1239 καί
2585 1189 2642 1240 τὸ
2681 1183 2919 1240 ἐνδοῦναι
2958 1183 3018 1241 δε
3050 1186 3258 1245 θελήσει
3299 1192 3553 1260 Λατινικῇ
3603 1191 3698 1239 καὶ
3725 1206 3859 1260 σχι-

2249 1281 2521 1349 σματικοῖς
2588 1277 2872 1329 συνθέσθαι
2936 1280 3028 1329 καὶ
3109 1277 3435 1331 σπείσασθαι
3500 1272 3706 1349 ἀπᾷδον
3782 1284 3854 1350 τῇ

2247 1372 2344 1418 τῶν
2402 1368 2624 1418 κανόνων
2677 1364 2917 1439 ἀκριϐείᾳ
2983 1361 3149 1437 δοκεῖ,
3232 1369 3323 1419 καὶ
3393 1364 3855 1423 ἔκκλησιαστικῶν

2248 1452 2436 1527 ἓθίμων
2485 1453 2768 1531 ἀλλότριον.
2820 1454 2916 1509 Ἦν
2962 1462 3085 1528 γοῦν
3135 1456 3161 1507 ὁ
3207 1454 3355 1528 λόγος
3401 1454 3708 1528 ἀμφίϐολος,
3756 1442 3858 1509 καὶ

2248 1544 2277 1603 ἡ
2308 1546 2431 1619 πρός
2455 1545 2664 1618 θάτερον
2709 1552 2883 1617 νεῦσις
2912 1544 3400 1619 ἀμφισϐητήσιμος.
3457 1542 3542 1607 Ὠς
3599 1540 3660 1597 δὲ
3717 1543 3859 1597 πολ-

2246 1631 2362 1694 λοὺς
2391 1635 2421 1693 ἦ
2466 1652 2520 1687 τε
2582 1637 2854 1710 μετριότης
2918 1636 3063 1707 ἡμῶν
3130 1636 3221 1686 καὶ
3286 1634 3317 1692 ἡ
3390 1635 3503 1709 ἱερά
3555 1632 3859 1707 ἀδελφότης

2247 1720 2488 1776 ἀνείλιττε
2536 1721 2841 1797 λογισμοὺς,
2892 1723 3030 1787 τέλος
3085 1726 3177 1776 καὶ
3244 1725 3372 1777 αὐτὸ
3429 1725 3489 1776 τό
3557 1719 3699 1787 εἶδος
3755 1730 3860 1785 τῆς

2252 1810 2636 1886 ἀπαιτουμένης
2686 1814 2830 1887 παρά
2882 1821 2979 1866 τῶν
3038 1818 3271 1866 Λατινων
3345 1813 3617 1886 ὑμοταγῆς
3692 1831 3857 1865 συνο-

2253 1897 2468 1965 δικῶςή
2512 1906 2788 1979 μετριότης
2835 1904 2977 1975 ἡμῶν
3022 1903 3465 1977 χρωματισθῆναι
3636 1900 3853 1977 χρημ.]

2252 1986 2584 2050 διενοήσατο.
2607 1991 2759 2046 Ὀθεν
2788 1998 3194 2068 παρεγγυήσατο
3224 1999 3297 2064 τῷ
3340 1989 3607 2062 ἐπισκόπῳ
3649 2011 3705 2044 τε
3758 1991 3861 2043 καί

2250 2095 2322 2158 τῷ
2386 2088 2756 2157 καθηγουμένῳ
2834 2090 3186 2155 πνευματικῶς
3271 2078 3637 2155 διευκρινῆσαι
3736 2081 3859 2153 μετ’

2252 2178 2511 2242 ἀληθείας,
2580 2179 2693 2227 τίνα
2741 2192 2799 2246 γε
2853 2173 2957 2249 ἄρα
3010 2174 3079 2225 τὰ
3131 2173 3275 2246 παρά
3302 2180 3399 2225 τῶν
3431 2175 3665 2225 Λατίνων
3718 2169 3862 2243 ἀπῃ-

2251 2289 2314 2328 τη
2320 2272 2448 2343 μένα
2478 2266 2601 2320 εἰσί.

2326 2356 2387 2413 θ’.
2417 2355 2548 2413 ,Καὶ
2608 2360 2751 2407 οὗτοι
2824 2355 2946 2424 τρία
2994 2358 3164 2405 ταῦτα
3225 2351 3398 2415 ζητεῖν
3469 2350 3861 2425 ἀπαραιτήτως

2252 2450 2444 2521 ἔφασαν
2513 2447 2633 2507 τοὺς
2708 2447 2956 2503 Λατίνους
2984 2462 2997 2477 ο
3065 2448 3254 2518 χεῖρας
3325 2444 3514 2515 χερσὶν
3609 2438 3855 2513 ἐμϐαλεῖν

2257 2536 2533 2611 ἰερατικαίς
2565 2551 2578 2564 ·
2674 2539 2826 2585 τοῦτο
2907 2534 3009 2607 γὰρ
3086 2532 3215 2584 εἶναι
3297 2538 3403 2592 τοῖς
3504 2534 3862 2605 ἐπηρεασταῖς

2253 2624 2505 2698 ἱχὲγγυον
2561 2621 2803 2697 ἀσφαλες,
2859 2618 3180 2683 δουλωτικῆς
3247 2619 3296 2673 ἕν
3360 2621 3665 2695 πράγμασιν
3729 2621 3862 2672 ὑπο-

2252 2714 2463 2775 κλίσεως
2491 2730 2503 2745 '
2571 2710 2807 2785 δεύτερον
2881 2714 2938 2764 τό
3012 2714 3099 2764 τόν
3174 2709 3423 2783 μελλοντα
3456 2709 3706 2783 Ῥωμαῖον
3787 2709 3860 2770 εἰς

500 2796 581 2854 ad
609 2798 1039 2859 sacerdotalem
1060 2803 1352 2861 honorem
1379 2803 1820 2878 provehendus.
1850 2811 1987 2876 post
2032 2803 2145 2860 ele-

2257 2804 2517 2880 ἱερατικὴν
2577 2800 2870 2878 προϐαίνειν
2929 2804 3109 2874 τιμὴν,
3170 2802 3303 2872 μετὰ
3360 2803 3452 2859 τὴν
3504 2806 3602 2850 τῶν
3658 2800 3857 2871 ὁμοφύ-

500 2886 755 2944 ctionem
781 2904 819 2946 a
842 2892 1236 2965 popularibus
1257 2895 1379 2951 suis
1408 2896 1647 2963 factam,
1688 2895 1810 2950 sive
1830 2894 1893 2950 in
1922 2894 2146 2968 episco-

500 2989 649 3050 pum
673 2984 1251 3054 promoveatur,sive
1278 2984 1354 3041 ad
1378 2983 1580 3041 alitam
1595 2983 2035 3040 ordinationem
2051 2981 2146 3039 vel

502 3065 582 3123 ad
619 3070 1042 3128 monachalem
1094 3073 1512 3145 praefecturam
1557 3077 1908 3146 assumptus
1950 3072 2143 3139 fuerit,

499 3158 702 3215 nullus
726 3162 975 3220 omnino
999 3162 1229 3238 absque
1258 3165 1444 3225 Latini
1488 3165 1699 3224 notitia
1752 3164 2148 3221 constituatur

500 3246 875 3320 indignitate
922 3253 1000 3309 ad
1055 3270 1119 3310 se
1165 3255 1513 3328 pertinente.
1564 3255 1627 3311 Id
1669 3270 1849 3328 porro
1910 3253 2145 3310 Latinos

500 3344 746 3414 propter
772 3346 944 3417 turpe
967 3344 1191 3403 lucrem
1216 3346 1509 3403 duntaxat
1537 3350 1810 3419 expetere
1836 3343 2149 3401 contestati

505 3434 662 3486 sunt.
685 3432 942 3490 Tertium
963 3436 1041 3491 ad
1064 3435 1194 3493 haec
1215 3436 1580 3509 adjecerunt,
1615 3439 1681 3491 ut
1714 3433 1890 3491 Graeci
1938 3448 1975 3490 a
2026 3432 2150 3488 suis

502 3518 751 3592 quidem
776 3523 1092 3595 episoopis,
1125 3541 1263 3581 cum
1280 3540 1522 3582 necesse
1544 3523 1734 3588 fuerit,
1763 3522 2105 3596 judicentur
2133 3537 2147 3590 ;

506 3608 558 3663 si
585 3609 721 3679 quis
752 3613 952 3667 tamen
981 3627 1013 3668 e
1037 3612 1321 3684 judicatis
1348 3613 1550 3671 forsan
1596 3612 1843 3670 voluerit
1895 3612 1973 3669 ad
2004 3610 2151 3668 Lati-

505 3710 724 3753 norum
755 3699 1276 3773 archiepiscopum
1315 3717 1665 3776 provocare,
1709 3706 2000 3775 tanquam
2046 3714 2151 3772 op-

506 3798 748 3859 pressus
772 3787 1064 3857 videlicet,
1111 3806 1217 3846 seu
1262 3789 1510 3847 clericus
1556 3808 1662 3848 seu
1707 3790 1895 3848 laicus
1942 3788 2033 3855 sit,
2074 3787 2152 3845 ab

506 3873 607 3932 illo
628 3877 1037 3937 controversia
1064 3878 1436 3937 discutiatur.
1469 3881 1659 3954 Super
1703 3879 1797 3937 his
1840 3877 2153 3936 mediocri-

507 3967 599 4023 tas
626 3970 831 4025 nostra
855 3972 991 4041 post
1032 3968 1507 4043 disquisitionem
1554 3986 1679 4028 una
1723 3984 1862 4027 cum
1904 3967 2153 4025 fratrum

510 4058 990 4127 congregatione,
1052 4063 1109 4119 et
1159 4060 1441 4119 inchoato
1515 4060 1820 4119 deﬁnitiva
1893 4057 2151 4123 decreto,

508 4158 747 4202 necnon
768 4161 839 4204 ea
861 4163 995 4221 quae
1026 4149 1157 4209 visa
1182 4155 1321 4209 sunt
1344 4151 1678 4222 declarans,
1704 4149 1867 4209 hunc
1915 4148 1977 4205 in
2025 4161 2156 4203 mo-

508 4231 657 4291 dum
675 4239 1100 4308 pronuntiavit.

588 4327 672 4382 10.
714 4326 932 4383 Omnes
959 4343 1161 4386 sacros
1186 4345 1472 4401 canones,
1501 4333 1748 4388 cunctas
1806 4326 2156 4386 traditiones

511 4410 766 4485 divinas,
829 4417 1138 4474 universas
1211 4419 1574 4476 venerabiles
1611 4418 1895 4493 piissimae
1942 4418 2159 4472 nostra:

514 4502 787 4560 Ecclesia
815 4505 963 4561 ritus
987 4506 1268 4581 amplecti
1294 4514 1352 4566 et
1378 4525 1613 4567 servare
1639 4508 1855 4565 illaesos
1876 4521 1946 4563 ac
1974 4505 2162 4561 invio-

511 4591 687 4664 latos,
703 4594 831 4666 jam
844 4596 1153 4653 sanximus
1182 4603 1305 4656 tam
1324 4615 1507 4656 manu
1522 4614 1707 4671 quam
1720 4597 1927 4667 lingua
1939 4593 2161 4652 adhuc-

515 4699 633 4758 que
659 4685 984 4758 sancimus,
1013 4686 1222 4744 Christi
1249 4689 1451 4760 gratiae
1480 4688 1709 4745 conﬁsi.
1740 4690 1822 4743 Ita
1861 4683 2161 4759 siquidem

517 4778 574 4831 et
600 4775 953 4849 scripsimus
984 4779 1041 4833 et
1059 4777 1316 4835 confessi
1346 4782 1714 4852 sumus,tum
1744 4775 1993 4848 singulis
2041 4777 2161 4833 die-

515 4861 632 4919 bus
659 4880 769 4937 pro
796 4864 869 4921 iis
898 4865 1296 4933 decertamus,
1328 4872 1508 4941 atque
1536 4883 1800 4934 oramus,
1828 4871 1893 4924 ut
1942 4883 2160 4924 manus

517 4954 739 5024 pariter
766 4958 820 5011 et
858 4972 977 5013 vox
1022 4959 1227 5015 Jacobi
1276 4959 1629 5033 patriarchas
1664 4959 2009 5029 consistant,
2057 4958 2162 5031 qui

520 5039 701 5096 etiam
732 5049 1060 5118 antequam
1108 5054 1506 5106 nasceretura
1549 5050 1668 5105 Deo
1711 5047 1961 5104 dilectus
2004 5051 2093 5105 est
2117 5048 2159 5103 ⁸.

591 5183 837 5242 esEzech.
866 5201 947 5257 ιιι,
977 5189 1063 5244 t8.
1140 5192 1164 5227 ⁸
1192 5194 1360 5247 Rom.
1388 5208 1463 5261 ix,
1499 5195 1692 5248 11-13.

520 5368 881 5446 γεωργηθίντα
933 5371 1100 5446 ,ἄρτον
1162 5374 1391 5446 φέρουσα
1454 5370 1708 5446 τράπεζα⁸
1762 5368 1844 5446 ὀὗ
1901 5372 2165 5443 τραφέντες

523 5440 572 5494 οἳ
621 5440 684 5516 iri)
744 5440 989 5516 γεωργίᾳ⁷
1033 5450 1127 5505 τῆς
1168 5440 1407 5516 ίάκάνθης
1458 5440 1592 5516 λίμῷ
1661 5440 2019 5515 ἀπολλύμενοι,
2077 5449 2166 5494 τοῦ

522 5509 766 5587 κινδύνου
822 5509 1246 5587 διασεσωσμεθαο
1303 5514 1437 5583 Ave,
1489 5509 1694 5571 ἡιὲηεα
1756 5509 1889 5586 quae
1952 5509 2168 5587 panem

524 5586 698 5643 illum
716 5602 867 5646 novo
884 5586 1287 5659 naturamque
1313 5592 1634 5660 superante
1653 5587 1824 5644 modo
1863 5586 2169 5645 excultum

2251 2892 2350 2946 λων
2425 2891 2689 2965 ἑπιλογὴν,

2255 2984 2354 3035 εἶτε
2401 2981 2490 3034 καί
2516 2984 2585 3043 εἷς
2631 2979 2837 3032 ἀλλοίαν
2892 2982 3219 3053 χειροτονίαν
3274 2985 3304 3036 ἧ
3364 2976 3454 3030 καί
3509 2980 3856 3049 ἡγουμενείαν

2255 3069 2564 3146 ἑγκίκριται,
2600 3070 2669 3142 μή
2724 3065 2865 3140 δίχα
2914 3076 3005 3128 τῆς
3055 3074 3147 3120 τοῦ
3201 3071 3426 3121 Λατίνου
3477 3062 3724 3127 εἰδήσεως
3787 3073 3853 3138 τῇ

2254 3164 2533 3235 προσφόρῳ
2577 3158 2699 3232 ἀξίᾳ
2752 3153 3122 3216 όποιονδήτινα
3173 3155 3630 3229 ἕγκαθίστασθαιθ
3692 3162 3850 3206 τοῦτο

2257 3245 2316 3302 δε
2356 3251 2518 3323 χάριν
2567 3243 3008 3321 αἰσχροκερδείας
3066 3245 3157 3299 καί
3211 3250 3374 3319 μόνης
3421 3242 3659 3298 ἀπαιτεῖν
3726 3247 3852 3304 τοὺς

2787 2893 2887 2943 εἴτε
2961 2889 3028 2951 εἰς
3092 2888 3375 2942 ἐπίσκοπον
3446 2886 3857 2961 προϐιϐάςεται,

2259 3343 2513 3403 Λατίνους
2541 3333 2949 3411 διεμαρτύροντο
2975 3353 2990 3367 ⁸
3048 3339 3219 3409 τρίτον
3268 3334 3355 3388 ἐπὶ
3398 3336 3607 3395 τούτοις
3657 3336 3860 3405 επήγα-

2256 3448 2347 3502 γον
2400 3433 2457 3482 τὸ
2509 3431 2630 3490 τοὺς
2676 3427 2956 3500 Ῥωμαίους
3038 3426 3310 3502 κρίνεσθαι
3377 3426 3467 3499 μεθ
3527 3425 3673 3497 παρά
3745 3428 3861 3485 τοὶς

2258 3518 2465 3579 οἰκείοις
2556 3518 2862 3580 ἐπισκόποις
2951 3518 3029 3571 ὅτε
3128 3511 3399 3574 δεήσειενο
3488 3513 3531 3568 εἰ
3603 3508 3654 3565 δ’

2259 3628 2352 3671 τυς
2422 3616 2522 3661 τῶν
2605 3610 2911 3682 κρινομένων
2997 3605 3227 3664 θελήσειε
3311 3604 3442 3678 πρὸς
3522 3605 3609 3656 τόν
3672 3600 3860 3677 ἀρχιε-

2257 3701 2516 3767 πίσκοπον
2589 3704 2687 3749 τῶν
2766 3700 3024 3767 Λατίνων,
3098 3696 3163 3757 ὡς
3248 3689 3405 3754 δῆθεν
3487 3690 3859 3767 βαρυνόμενος,

2261 3787 2345 3841 ἱνα
2394 3787 2517 3864 παρ’
2571 3786 2712 3859 αὐτῷ
2764 3788 2795 3846 ἠ
2851 3787 3099 3847 ὑπόθεσις
3155 3783 3514 3857 ἀνακρίνηται.
3570 3780 3691 3834 Ἐπί
3740 3782 3858 3834 τού-

2260 3895 2372 3939 τοις
2432 3878 2462 3937 ἠ
2530 3880 2801 3952 μετριότης
2863 3877 3008 3949 ἡμῶν
3078 3871 3571 3946 συνδιασκεψαμένη
3605 3872 3735 3944 μετὰ
3761 3878 3860 3933 τῆς

2262 3974 2361 4019 τῶν
2440 3962 2671 4040 ἀδελφῶν
2742 3967 3064 4039 ὀμηγύρεως,
3133 3962 3223 4017 καί
3308 3969 3405 4025 τῆς
3504 3960 3863 4034 ἀποφαντικῆς

2265 4052 2639 4132 ἀπαρχομένης
2702 4053 3023 4128 ἀπαγγελίας
3082 4053 3173 4106 καί
3235 4052 3303 4105 τὰ
3363 4047 3591 4116 δόξαντα
3655 4046 3863 4104 διασα-

2266 4152 2457 4219 φοῦσα,
2489 4147 2652 4209 οὕτως
2683 4148 2873 4221 εἴρηκε.

2337 4236 2395 4292 ι’.
2448 4237 2654 4299 Πάντας
2704 4239 2794 4310 μὲν
2852 4236 3019 4311 ἱεροὺς
3045 4235 3282 4305 κανόνας,
3312 4230 3484 4291 πάσας
3511 4222 3864 4304 παραδόσεις,

2265 4327 2436 4381 πάντα
2484 4326 2747 4400 σεϐάσμια
2787 4327 2943 4399 ἔθιμα
2989 4332 3080 4386 τῆς
3139 4321 3258 4376 καθ’
3323 4322 3462 4394 ἡμᾶς
3519 4317 3869 4380 πανευσεϐοῦς

2269 4416 2601 4485 Ἐκκλησίας,
2680 4418 2908 4493 στέργειν
2999 4414 3089 4467 καί
3176 4411 3445 4487 φυλάττειν
3507 4408 3865 4485 ἀπαράτρωτά

2266 4526 2322 4560 τε
2410 4506 2501 4559 καί
2577 4508 3007 4581 άπαρεγχείρητα
3096 4501 3188 4555 καί
3282 4499 3429 4575 χειρί
3502 4498 3593 4551 καὶ
3654 4498 3863 4571 γλώττῃ

2270 4594 2752 4670 διεϐεϐαιωσάμεθά
2804 4614 2858 4648 τε
2907 4592 2997 4647 καί
3065 4591 3219 4645 εἰσέτι
3275 4587 3720 4661 διαϐἐϐαιούμεθα
3774 4595 3865 4641 τοῦ

2267 4689 2497 4763 Χριστοῦ
2554 4694 2615 4760 τῇ
2693 4687 2881 4758 χάριτι
2945 4684 3263 4743 πεποιθότες.
3332 4680 3434 4733 Καί
3527 4679 3628 4752 γάρ

2267 4776 2356 4828 καί
2428 4775 2822 4852 ὶνεγραψάμεθα
2893 4772 2984 4826 καί
3062 4771 3489 4845 ὡμολογήσαμεν,
3558 4766 3676 4820 καθ’
3741 4768 3869 4840 ἦμέ-

2267 4887 2361 4942 ραν
2408 4866 2500 4918 καὶ
2590 4866 2715 4937 ὑπὲρ
2782 4866 2973 4917 τούτων
3038 4862 3356 4933 πυκτεύομεν
3419 4856 3510 4911 καί
3576 4855 3867 4929 εὐχόμεθα,

2269 4959 2407 5018 ὅπως
2455 4956 2511 5008 αἱ
2564 4974 2617 5008 τε
2674 4961 2871 5029 χεῖρες,
2922 4955 2951 5012 ἦ
3014 4970 3068 5005 τε
3150 4954 3313 5023 φωνὴ,
3367 4955 3457 5003 τοῦ
3518 4948 3862 5020 πατριάρχου

3731 3515 3859 3573 ἴσως

3728 4677 3866 4729 οὕτω

2275 5445 2328 5498 et
2347 5439 2669 5514 confectum
2688 5440 3047 5514 gestas;_quo
3067 5432 3287 5514 nutrfti
3307 5430 3412 5514 qui
3424 5429 3614 5512 spinae
3629 5428 3877 5511 cultura

2276 5518 2330 5641 Et
2346 5504 2525 5569 messe
2539 5504 2707 5638 [igne
2716 5504 3132 5573 enecabumur,
3146 5521 3177 5563 e
3192 5504 3536 5562 discrimine
3555 5504 3876 5557 evasimus.

2325 5598 2420 5640 en.
2446 5598 2527 5641 ιιι.
2646 5622 2658 5636 .

2407 5623 2420 5639 .
2446 5622 2527 5654 ιη,
2578 5622 2658 5638 ιν.
