4096 6208
514 256 612 312 611

1586 190 1587 193 γ
1665 213 1974 273 GERMANI
2014 216 2060 269 ιι
2100 214 2204 268 ει).
2245 206 2713 265 PATRIABCH/E

3768 204 3909 263 612

513 356 832 412 Hortamur
860 368 1000 427 ergo
1029 355 1095 409 ut
1131 346 1435 424 synodicis
1487 343 1735 401 decretis
1819 343 1935 398 hoc
1986 339 2160 396 etiam

2281 334 2530 407 καλοῦμεν
2589 330 2675 386 οὖν
2715 332 2974 392 ἐντεθῆναι
3030 324 3197 406 ῥητῶς
3252 336 3363 392 ταῖς
3415 330 3721 397 συνοδικαῖς
3763 332 3909 387 δια-

517 461 796 519 expresse
816 446 1218 509 inseratur,ne
1248 438 1403 494 Italis
1435 434 1632 508 Cyprii
1663 449 1884 490 manus
1910 429 2165 497 tradant;

516 535 649 591 licet
673 551 766 590 res
804 549 926 589 non
956 532 1139 601 digna
1167 529 1300 585 visa
1329 526 1519 591 fuerit,
1581 524 1753 594 cujus
1808 537 1916 594 per
1962 533 2167 575 sacros

518 638 780 680 canones
809 623 1033 677 mentio
1063 618 1248 674 ﬁeret.
1280 616 1429 672 Nam
1465 613 1581 670 nisi
1611 616 1692 669 ita
1728 611 1852 679 fiat,
1893 613 2168 682 apertum

513 709 843 783 periculum
895 714 1002 777 est,
1051 712 1117 763 ut
1161 721 1305 761 mox
1350 701 1628 759 concidat
1677 696 2169 773 quadrangulum

511 801 964 872 ﬁrmumqueac
992 793 1508 869 irreprehensibile
1545 790 1898 864 pontiﬁcum
1953 787 2057 860 qui
2115 792 2169 842 te

516 893 945 962 praecesserunt
974 885 1314 955 aediﬁcium,
1343 882 1510 956 quod
1535 882 1616 937 illi
1644 878 1953 953 permultis
1986 876 2166 933 sudo-

516 979 683 1035 ridus
713 977 1028 1048 longisque
1055 990 1308 1046 operum
1338 970 1649 1028 laboribus
1688 971 2164 1034 construxerunt,

516 1066 782 1141 quotidie
812 1066 934 1121 suis
958 1079 1068 1120 nos
1098 1063 1407 1119 ﬁrmantes
1432 1059 1691 1130 monitis,
1721 1066 1778 1114 et
1808 1072 1987 1129 super
2027 1071 2169 1128 apo-

518 1156 809 1212 stolorum
838 1153 1301 1210 fundamentum
1337 1148 1728 1213 stabilientes,
1778 1162 1927 1203 neve
1982 1152 2166 1201 tenta-

514 1244 746 1302 tionum
781 1243 998 1300 ﬂuvios
1053 1258 1125 1299 ac
1180 1245 1391 1298 ventos
1441 1239 1789 1296 timeremus
1844 1235 2162 1293 adhortati.

587 1409 841 1472 14.0w:
862 1421 1001 1461 cum
1026 1407 1231 1460 astans
1261 1402 1534 1475 piissima
1560 1399 1752 1474 plebs,
1786 1398 2010 1454 fervido
2040 1396 2165 1454 zelo

515 1500 977 1568 prosequeretur
1016 1493 1094 1550 ad
1124 1497 1393 1548 nostram
1421 1488 1892 1546 mediocritatem
1932 1486 2166 1560 synodo

513 1581 1345 1656 prmsidentem,conspiciens
1360 1578 1736 1635 mediocritas
1758 1582 1982 1639 nostra,
2000 1574 2167 1647 quod

2278 431 2505 497 γνώσεσι
2539 429 2628 475 καὶ
2692 426 2750 475 τὸ
2817 418 2956 494 μηδὲ
3021 428 3208 494 χεῖρας
3269 416 3451 473 δοῦναι
3508 431 3613 484 τοῖς
3676 423 3911 485 Ιταλοῖς

2276 518 2393 575 τοὺς
2444 518 2701 588 Κυπρίους
2729 533 2741 546 ο
2802 511 2845 565 εἰ
2890 514 2979 563 καὶ
3029 518 3139 572 τοῖς
3193 513 3345 586 ἱεροῖς
3391 518 3603 564 κανόσιν
3636 511 3911 586 ἀμνημό-

2276 622 2448 655 νευτον
2500 603 2960 677 παρατεθεώρηται
3012 607 3181 655 τοῦτο.
3244 600 3301 653 Εἰ
3350 602 3451 675 γὰρ
3508 607 3578 673 μὴ
3631 602 3769 654 οὕτω
3799 623 3908 675 γε-

2276 697 2511 758 νήσεται,
2586 687 2826 752 κίνδυνος
2898 694 3165 765 προφανὴς
3228 694 3322 748 τὴν
3395 692 3715 765 τετράγωνον
3792 696 3907 743 καὶ

2280 784 2486 856 στερεὰν
2543 784 2631 832 καὶ
2684 776 2823 853 δίχα
2881 778 3050 851 ψόγου
3104 787 3201 833 τῶν
3231 782 3331 854 πρὸ
3364 786 3457 831 σοῦ
3489 777 3779 854 ἀρχιερέων
3812 780 3906 833 οἰ-

2275 867 2504 943 κοδομὴν
2592 871 2714 943 ἄρτι
2812 877 3143 935 καταπεσεῖν,
3244 870 3305 927 ἣν
3406 868 3585 921 ἐκεῖνοι
3655 877 3901 941 συχνοῖς

2280 955 2472 1031 ἱδρῶσι
2564 964 2654 1011 καὶ
2742 960 3120 1032 ἑργομοχθίαις
3207 966 3429 1031 μακραῖς

2275 1044 2621 1121 επερείδοντες
2671 1048 2999 1105 καθεκάστην
3053 1050 3194 1120 ἡμᾶς
3245 1054 3362 1109 ταῖς
3425 1049 3719 1110 νουθεσίαις
3784 1048 3897 1100 αὖ·

2275 1144 2397 1205 τῶν,
2461 1136 2550 1189 καὶ
2605 1145 2678 1208 τῷ
2732 1136 2943 1209 θεμελίῳ
3009 1144 3109 1189 τῶν
3181 1136 3483 1190 ἀποστόλων
3550 1134 3894 1210 έδράζοντες,

3515 955 3867 1031 ἀνεδείμαντο
3881 1002 3901 1027 ,

2273 1231 2364 1278 καὶ
2427 1230 2496 1298 μὴ
2557 1221 2848 1279 δεδοικέναι
2905 1229 3021 1287 τούς
3084 1235 3183 1278 τῶν
3249 1235 3553 1303 πειρασμῶν
3612 1230 3897 1300 ποταμούς

2273 1311 2413 1388 μηδὲ
2441 1318 2558 1375 τούς
2588 1313 2804 1387 ἀνέμους
2829 1317 3204 1388 ὑποτιθέμενοι.

2349 1401 2436 1459 ιδ.
2488 1411 2664 1457 Ταῦτα
2709 1412 2800 1457 τοῦ
2850 1410 3234 1479 παρεστηκότος
3260 1404 3722 1479 φιλευσεϐεστάτου
3749 1404 3892 1459 λαοῦ

2278 1492 2445 1564 θερμῷ
2493 1499 2564 1563 τῷ
2618 1492 2758 1564 ζήλῳ
2813 1497 2945 1567 πρὸς
2989 1498 3081 1552 τήν
3138 1496 3282 1566 ἡμῶν
3344 1492 3739 1568 ἀποτεινομένου
3780 1515 3888 1567 με-

2275 1585 2526 1654 τριότητα
2602 1584 2999 1656 προκαθημένην
3088 1579 3394 1652 συνοδικῶς,
3482 1587 3509 1642 ἡ
3592 1589 3892 1659 μετριότης

515 1673 612 1730 hic
638 1672 990 1729 oeconomiae
1017 1670 1165 1727 ratio
1192 1669 1431 1740 juvaret
1448 1666 1612 1734 nihil,
1637 1666 1743 1722 sed
1773 1665 1967 1736 magis
1999 1664 2160 1720 ﬁeret

2276 1670 2421 1742 ἡμῶν
2453 1666 2746 1724 συνιδοῦσα
2775 1673 2838 1732 ὡς
2865 1670 3087 1724 ἐνταῦθα
3111 1672 3136 1724 ὀ
3166 1681 3260 1735 τῆς
3289 1672 3582 1746 οἰκονομίας
3610 1673 3764 1745 λόγος
3794 1674 3893 1725 οὗ·

516 1762 826 1831 tumultus;
854 1760 1139 1835 quodque
1168 1774 1291 1815 non
1319 1758 1502 1814 modo
1531 1772 1653 1812 non
1697 1760 1858 1812 recta
1907 1755 2040 1827 ipsa
2086 1753 2166 1810 ad

516 1851 879 1909 servandam
909 1847 1312 1923 percelebrem
1344 1850 1605 1919 Cyprum
1632 1846 1761 1916 jam
1781 1843 2164 1913 naufragium

515 1941 854 2009 facientem,
905 1938 1190 2003 tenderet,
1246 1937 1395 1992 dum
1438 1936 1609 2007 juxta
1656 1934 1927 1990 nauticas
1979 1933 2163 2006 leges,

516 2030 733 2103 pedem
790 2027 985 2094 refert,
1039 2030 1364 2098 velumque
1410 2025 1725 2080 intinctum
1804 2023 1983 2090 laxat;
2058 2022 2164 2079 sed

513 2119 694 2176 etiam
719 2116 1052 2191 periculum
1079 2119 1255 2181 esset,
1286 2130 1361 2170 ne
1386 2113 1642 2186 propriae
1674 2112 1851 2169 navis
1894 2116 2162 2168 vectores

515 2207 893 2281 compelleret
908 2207 985 2262 ad
1008 2205 1446 2272 seditionem;et
1472 2201 1651 2275 quasi
1680 2202 1756 2257 ad
1785 2203 2161 2257 vexationem

513 2313 638 2354 non
658 2297 995 2354 sufficerent
1021 2294 1246 2350 externi
1277 2292 1505 2366 pirataa,
1530 2295 1731 2364 aperte
1770 2290 2160 2346 metuendum

515 2391 689 2457 esset,
716 2403 791 2442 ne
814 2385 983 2458 ipsos
1005 2383 1153 2439 inter
1198 2398 1260 2438 se
1309 2382 1705 2438 committeret
1763 2379 2160 2452 navigationis

513 2477 727 2547 socios;
759 2476 887 2531 haec
919 2473 997 2531 ad
1033 2472 1283 2545 Cyprios
1326 2471 1639 2544 prolocuta
1689 2474 1794 2527 est:
1857 2469 2040 2525 Chrisi
2093 2485 2160 2526 os

512 2565 862 2637 Paulus,per
884 2580 953 2620 os
977 2578 1181 2619 meum
1203 2560 1428 2635 profert
1449 2560 1829 2627 sententiam,
1872 2564 2051 2631 atque
2081 2559 2157 2615 ad

508 2655 1033 2727 interrogationem
1063 2656 1324 2709 vestram
1352 2650 1435 2706 ita
1463 2649 1803 2722 respondet:
1837 2650 1996 2719 Rogo
2036 2663 2153 2719 vos,

512 2747 752 2817 fratres,
769 2750 835 2800 ut
855 2742 1165 2799 observetis
1188 2755 1279 2797 eos
1300 2742 1403 2811 qui
1417 2739 1807 2795 dissensiones
1823 2743 1877 2794 et
1909 2737 2157 2808 offendi-

516 2836 675 2903 cula,
685 2832 1252 2903 praeterdoctmnam
1264 2845 1441 2901 quam
1459 2844 1556 2885 vos
1568 2828 1881 2892 didicistis,
1894 2826 2154 2896 faciunt;

514 2931 567 2981 ei
584 2924 876 2980 declinata
894 2921 969 2978 ab
986 2920 1109 2977 illis
1127 2919 1468 2990 hujusmodi
1483 2920 1637 2974 enim
1654 2918 1890 2974 Christo
1908 2917 2159 2973 Domino

2277 1756 2362 1812 δεν
2389 1759 2583 1831 ὠφελεῖ,
2618 1759 2744 1812 ἀλλά
2788 1761 2976 1833 μᾶλλον
3024 1760 3238 1834 θόρυϐος
3280 1767 3480 1835 γίνεται
3509 1784 3522 1795 ο
3574 1768 3663 1815 καὶ
3706 1765 3776 1823 ὡς
3816 1762 3888 1815 οὐ

2273 1852 2424 1922 μόνον
2474 1848 2568 1901 οῦκ
2622 1849 2889 1903 εύθυπλοεῖ
2933 1851 3063 1909 αὕτη
3109 1855 3239 1925 πρὸς
3266 1857 3358 1911 την
3389 1857 3707 1926 περιώνυμον
3767 1854 3890 1905 Κύ-

2272 1956 2401 2013 προν
2421 1946 2753 2011 ναυαγοῦσαν
2774 1937 2877 1999 ἤδη
2903 1936 3300 2010 διασώσασθαι,
3315 1937 3601 1994 ἐνδιδοῦσα
3620 1944 3708 1993 τὸν
3732 1937 3893 1994 πόδα

2272 2046 2405 2079 κατα
2447 2032 2633 2101 νόμους
2689 2029 3052 2102 ναυτηλικούς,
3102 2034 3192 2083 καὶ
3220 2034 3277 2083 τὸ
3312 2033 3477 2083 ἱστίον
3504 2029 3706 2104 βαπτόν
3739 2031 3889 2083 ἀπο-

2272 2123 2492 2168 κενοῦσα
2525 2138 2536 2151 ·
2586 2115 2712 2171 ἀλλά
2767 2137 2825 2190 γε
2874 2115 2942 2177 δὴ
2980 2124 3069 2172 καὶ
3116 2123 3231 2181 τοὺς
3258 2129 3349 2183 τῆς
3380 2120 3571 2182 οἰκείας
3599 2116 3889 2195 φροντίδος

2405 2202 2674 2280 φορτίδος]
2724 2204 2973 2268 ἐπιϐάτας
3024 2211 3353 2270 στασιαστὰς
3401 2208 3717 2285 έργάζεσθαι
3762 2230 3885 2260 κιν-

2272 2287 2474 2346 δυνεύει
2538 2298 2626 2346 καὶ
2687 2297 2756 2356 ὡς
2815 2301 2886 2369 μὴ
2969 2295 3257 2370 ἀρκούντων
3324 2297 3395 2361 εἰς
3459 2301 3690 2351 κάκωσιν
3773 2307 3881 2350 τῶν

2270 2380 2449 2442 ἔξωθεν
2502 2392 2774 2456 πειρατῶν,
2854 2391 2944 2437 καὶ
3027 2385 3212 2447 αύτούς
3272 2385 3388 2439 καθ’
3451 2387 3643 2440 ἱαυτῶν
3719 2386 3880 2438 ἐκπο⁹

2268 2468 2499 2542 λεμῶσαι
2577 2476 2696 2536 τοὺς
2785 2473 3168 2551 συμπλωτῆρας
3251 2474 3405 2548 φόϐος
3472 2475 3566 2529 ούκ
3630 2475 3877 2549 αξυμιραο

2267 2563 2358 2621 νής
2389 2581 2401 2593 ·
2472 2565 2595 2636 πρὸς
2641 2566 2759 2625 τοὺς
2817 2570 3078 2637 Κυπρίους
3134 2574 3300 2618 ταῦτα
3329 2566 3493 2629 ἐξεῖπε
3526 2588 3537 2599 ·
3577 2566 3785 2627 Παῦλος
3815 2568 3877 2618 τὸ

2268 2655 2359 2700 τοῦ
2409 2656 2644 2722 Χριστοῦ
2695 2656 2883 2725 στόμα,
2940 2649 3035 2706 διὰ
3056 2661 3148 2706 τοῦ
3193 2653 3319 2727 ἐμοῦ
3361 2656 3618 2729 στόματος
3664 2675 3876 2728 γνωμο-

2269 2732 2429 2805 δοτεῖ,
2485 2743 2574 2791 καὶ
2624 2744 2753 2816 πρὸς
2810 2746 2903 2800 τὴν
2960 2744 3100 2815 ὑμῶν
3153 2742 3403 2819 ὶρώτησιν
3459 2749 3610 2797 ταυτὶ
3656 2743 3883 2818 ἀποκρί-

2267 2845 2403 2878 νεται
2438 2866 2449 2877 .
2525 2830 2817 2902 Παρακαλῶ
2909 2834 3062 2904 ὑμᾶς,
3148 2830 3378 2906 ἀδελφοὶ,

2269 2918 2362 2976 τὰς
2421 2913 2781 2990 διχοστασίας
2833 2926 2921 2974 καὶ
2968 2924 3035 2974 τά
3084 2919 3355 2975 σκάνδαλα
3406 2925 3548 2999 παρά
3612 2927 3707 2981 τὴν
3788 2919 3879 2975 δι-

3457 2841 3667 2886 σκοπεῖν
3748 2836 3846 2886 τού
3858 2856 3879 2896 ς

513 3029 635 3070 non
654 3014 942 3083 serviunt,
956 3011 1058 3067 sed
1072 2989 1567 3081 sumnequitgwmt
1586 3023 1697 3078 per
1720 3008 1923 3063 dulces
1944 3022 2160 3063 sermo-

2273 3001 2451 3078 δαχῆν
2533 3009 2594 3067 ἣν
2674 3012 2820 3082 ὑμεῖς
2898 3009 3108 3084 ἐμάθετε
3186 3020 3481 3079 ποιοῦντας,
3543 3017 3634 3063 καὶ
3703 3011 3874 3064 ἐκκλί-

513 3119 615 3159 nes
631 3107 684 3159 et
707 3101 1126 3158 benedictiones
1147 3098 1437 3155 seducunt
1459 3097 1644 3155 corda
1672 3096 2072 3153 innocentium
2098 3098 2118 3130 θ
2147 3152 2159 3165 ,

513 3190 694 3248 Nobis
723 3191 972 3247 omnino
1003 3187 1219 3245 sufﬁcit
1247 3186 1375 3242 haac
1415 3186 1702 3256 defensio,
1735 3190 1791 3242 et
1819 3184 1896 3241 ad
1920 3184 2163 3240 interro-

512 3281 816 3353 gationem
844 3277 1154 3351 aptissime
1186 3292 1247 3333 se
1272 3275 1469 3333 habet‘
1500 3274 1865 3349 abundeque
1886 3277 2082 3347 potest
2101 3272 2162 3329 id

513 3370 679 3443 quod
712 3369 849 3426 utile
879 3368 1146 3425 futurum
1176 3372 1264 3423 est
1303 3366 1571 3423 edocere.

2269 3114 2386 3147 νατε
2439 3095 2526 3149 ἀπ’
2594 3098 2780 3156 αὐτῶν.
2843 3103 2909 3153 Οἱ
2962 3103 3064 3175 γάρ
3110 3109 3337 3155 τοιοῦτοι
3386 3110 3459 3174 τῷ
3519 3106 3698 3173 Κυρίῳ
3724 3103 3876 3173 ἡμῶν

2272 3185 2449 3243 Ἰησοῦ
2502 3195 2717 3260 Χριστῶ
2779 3190 2838 3243 ού
2915 3187 3271 3259 δουλεύουσιν,
3338 3190 3464 3244 ἀλλά
3530 3199 3591 3264 τῇ
3676 3191 3874 3243 ἑαυτῶν

2269 3280 2429 3347 κακίᾳ
2465 3298 2478 3310 ο
2543 3283 2631 3331 καὶ
2696 3275 2789 3332 διὰ
2852 3289 2948 3341 τῆς
3014 3280 3408 3356 χρηστολογίας
3473 3285 3563 3333 καὶ
3637 3280 3877 3352 εύλογίας

2271 3362 2567 3427 ἐξαπατῶσι
2658 3372 2747 3429 τὰς
2825 3366 3052 3442 καρδίας
3125 3380 3223 3423 τῶν
3303 3370 3531 3424 ἀκάκων.
3605 3371 3874 3444 ’Λρκοῦσα

512 3478 713 3520 παντως
796 3461 921 3531 ἡμῖν
999 3459 1029 3515 ἡ
1112 3455 1385 3527 ἀπολογία,
1461 3460 1551 3506 καὶ
1633 3449 2044 3531 ἁρμοδιῶτάτως
2119 3453 2248 3527 πρὸς
2310 3458 2405 3513 τὴν
2480 3455 2751 3531 ἐρώτησιν,
2821 3464 2910 3512 καὶ
2978 3461 3163 3522 ἱκανῶς
3230 3463 3434 3532 ἔχουσα
3494 3463 3551 3513 τὸ
3621 3460 3869 3513 συνοῖσον

512 3545 611 3602 ἀνδ
618 3545 673 3601 ιδ
676 3548 819 3610 άξαι.

588 3639 653 3693 15
680 3679 690 3691 .
716 3638 836 3691 Vos
863 3640 1086 3701 autem,
1119 3649 1155 3689 ο
1185 3633 1394 3689 fratres
1425 3632 1485 3687 in
1509 3629 1735 3689 Cliristo
1768 3630 1985 3705 Cyprii,
2026 3629 2158 3685 imi-

510 3729 730 3782 tatores
758 3724 883 3781 sitis
917 3720 1582 3793 Constantinopolitanae
1641 3721 1931 3788 Ecclesiae;
1978 3719 2158 3790 hujus

510 3818 781 3887 pastores
809 3812 1113 3869 imitentur
1141 3810 1244 3883 qui
1272 3810 1450 3882 Cypri
1506 3815 1775 3883 pastores
1828 3815 1986 3877 sunt,
2037 3822 2157 3862 ser-

508 3919 764 3962 monum
792 3900 994 3959 ﬁstula
1018 3900 1425 3957 indesinenter
1469 3898 1866 3969 insuﬂlantes,
1922 3904 1977 3955 et
2033 3898 2157 3956 alli-

2341 3633 2411 3687 ιε’.
2450 3635 2611 3707 Ὑμεῖς
2642 3633 2721 3703 δι,
2751 3634 2789 3689 ὦ
2820 3640 2955 3691 κατά
2980 3642 3207 3714 Χριστὸν
3236 3635 3448 3712 ἀδελφοὶ
3482 3641 3731 3715 Κύπριοι,
3772 3659 3868 3713 μι-

2266 3727 2431 3793 μηταὶ
2451 3727 2655 3796 γίνεσθε
2680 3733 2771 3789 τῆς
2823 3736 2923 3780 τῶν
2981 3728 3593 3782 Κωνσταντινουπολιτῶν
3649 3728 3870 3787 Ἐκκλη-

2269 3816 2388 3875 σίας
2421 3835 2432 3848 ·
2488 3819 2605 3877 τούς
2650 3817 2810 3879 αύτῆς
2851 3824 3093 3892 ποιμένας
3149 3822 3198 3873 οἱ
3253 3827 3347 3881 τῆς
3410 3823 3621 3894 Κύπρου
3677 3824 3869 3893 ποιμέ-

2266 3920 2342 3963 νες
2420 3907 2821 3977 μιμείσθωσαν·
2897 3915 2959 3980 τῇ
3041 3917 3139 3960 τῶν
3209 3908 3372 3981 λόγων
3439 3908 3721 3971 ἀπαύστως
3782 3907 3871 3982 ἓμο

514 3993 737 4051 cientes
761 3989 1005 4049 canticis
1034 3987 1457 4046 adhortatoriis
1478 3992 1533 4044 et
1552 3988 1936 4045 salutaribus.
1962 3988 2155 4061 Cyprii

2272 3996 2493 4055 πνέοντες
2554 3997 2790 4071 σύριγγι,
2855 4002 2943 4050 καὶ
3007 3996 3346 4057 ἀνακλητικὸν
3417 3995 3691 4072 ἐπᾴδοντες
3775 4001 3869 4051 καὶ

511 4083 739 4156 greges’
770 4078 1369 4153 Constantinopoleos
1393 4093 1612 4151 pecora
1641 4078 1996 4135 aemulentur
2025 4084 2157 4134 Haec

510 4173 736 4246 quippe
764 4172 946 4243 longo
969 4168 1280 4226 intervallo
1312 4185 1347 4224 a
1372 4167 1714 4240 pastoribus
1744 4168 1972 4236 dissita,
2018 4184 2157 4224 cum

510 4260 879 4317 immanibus
895 4259 1054 4331 lupis
1071 4272 1459 4315 communem
1475 4262 1717 4331 pastum
1738 4256 2043 4327 habentia,
2066 4272 2160 4314 ca-

508 4348 783 4423 pillatum
811 4347 1012 4404 barbae
1039 4352 1461 4405 ornamentum
1495 4347 1764 4418 detonsa,
1794 4351 1852 4402 et
1874 4347 2158 4403 carnibus

512 4438 774 4506 concisa,
796 4437 935 4493 ﬁdei
966 4437 1225 4508 sigillum
1247 4436 1324 4493 ab
1344 4436 1571 4493 insidiis
1595 4442 1783 4493 tutum
1820 4439 2152 4502 servarunt,

509 4529 808 4601 luposque
838 4526 1056 4583 frustra
1080 4526 1311 4582 hiantes
1337 4530 1679 4596 arguerunt.
1711 4526 1881 4592 Quod
1906 4525 1953 4580 si
1983 4541 2052 4581 ex
2086 4525 2154 4581 iis

510 4616 806 4685 nonnulli,
839 4614 1126 4689 perpauci
1166 4631 1434 4687 numero.
1466 4615 1720 4687 alicujus
1760 4614 2003 4681 scabiei,
2062 4613 2153 4671 vel

510 4706 689 4763 etiam
717 4705 940 4762 rabiosi
970 4720 1209 4761 morsus
1235 4702 1556 4776 participes
1576 4702 1811 4771 fuerint,
1836 4719 2046 4760 verum
2075 4702 2153 4760 ad

511 4799 770 4854 resinam
801 4796 863 4851 in
895 4794 1134 4851 Galaad
1164 4795 1209 4830 ¹⁰
1230 4799 1285 4850 et
1317 4792 1397 4849 ad
1427 4791 1720 4864 spiritales
1749 4792 1999 4864 hujusce
2038 4792 2154 4850 loci

510 4887 779 4944 medicos
809 4888 1213 4952 accurrerunt;
1240 4897 1348 4956 per
1386 4897 1540 4954 quos
1587 4886 1642 4937 et
1699 4881 1777 4937 ad
1842 4882 2154 4954 pristinam

510 4977 815 5031 redierunt
843 4977 1175 5046 sanitatem,
1195 4988 1317 5030 non
1341 4971 1635 5028 minorem
1657 4987 1727 5027 ac
1753 4971 1921 5027 illaesi
1965 4972 2156 5029 invul-

510 5064 820 5135 neratique
845 5063 1088 5120 laudem
1112 5063 1231 5135 ipsi
1260 5076 1503 5134 quoque
1532 5060 1855 5127 consecuti,
1907 5061 1985 5118 ob
2032 5079 2156 5119 suae

513 5150 873 5210 inﬁrmitatis
886 5152 1272 5223 agnitionem,
1297 5150 1530 5222 etquod
1552 5149 1829 5207 velociter
1856 5150 2155 5210 medelam

511 5238 870 5314 quaesierint.

2269 4088 2539 4158 σωτήριον.
2619 4087 2696 4137 Τά
2774 4088 2981 4160 Κύπρια
3048 4093 3266 4161 ποίμνια
3326 4092 3545 4161 ποίμνια
3600 4097 3699 4140 τῶν
3769 4097 3871 4150 τῆς

2270 4178 2660 4227 Κωνσταντίνου
2746 4175 3081 4236 ζηλούτωσαν
3168 4180 3487 4252 θρεμμάτων.
3568 4183 3669 4231 Καὶ

2267 4269 2433 4315 ταῦτα
2457 4271 2569 4324 τοῖς
2609 4271 2829 4337 μακροῖς
2878 4267 3017 4338 ὅροις
3063 4274 3161 4317 τῶν
3219 4270 3471 4340 ποιμένων
3522 4263 3869 4335 διεστηκότα,

2267 4355 2356 4404 καὶ
2379 4351 2552 4414 λύκοις
2584 4349 2771 4415 δεινοῖς
2804 4352 3224 4428 συμϐοσκόμενα,
3252 4360 3341 4407 καὶ
3385 4360 3443 4410 τὸ
3483 4361 3866 4432 τετριχωμένον

3761 4181 3868 4253 γάρ

2265 4448 2355 4493 τοῦ
2385 4446 2631 4514 πώγωνος
2686 4446 2955 4517 κειρόμενα
3004 4450 3276 4517 κόσμημα,
3308 4449 3396 4497 καὶ
3427 4448 3862 4521 κρεουργούμενα.

2266 4528 2690 4584 ἀνεπιϐούλευτον
2738 4533 2833 4591 τὴν
2884 4531 3155 4607 σφραγῖδα
3192 4542 3288 4596 τῆς
3338 4538 3564 4596 πίστεως
3615 4531 3863 4608 διεφυλά-

2265 4618 2433 4683 ξαντο,
2483 4625 2571 4673 καὶ
2626 4623 2746 4683 τοὺς
2794 4621 2982 4683 λύκους
3039 4627 3299 4695 χανόντας
3346 4626 3515 4697 μάτην
3549 4622 3863 4695 ἀπήλεγξαν.

2264 4706 2405 4761 Είδέ
2433 4713 2522 4761 καί
2577 4729 2708 4771 τινες
2740 4708 2791 4773 ἔξ
2820 4710 2987 4763 αὐτῶν
3040 4708 3248 4786 σφόδρα
3299 4711 3462 4785 ὀλίγοι
3514 4713 3698 4789 ψώρας
3728 4717 3867 4774 τινὸς

2263 4801 2541 4870 μετέσχον,
2575 4795 2736 4851 εἶκαὶ
2773 4796 3086 4862 λυσσώδους
3133 4809 3225 4854 τοῦ
3267 4798 3559 4875 δήγματος,
3604 4800 3732 4856 ἀλλὰ
3773 4821 3868 4856 ται

2263 4890 2403 4959 χέως
2453 4891 2579 4962 πρὸς
2642 4893 2735 4947 τὴν
2790 4887 2837 4940 έν
2895 4886 3107 4943 Γαλαὰδ
3157 4895 3245 4943 καὶ
3306 4894 3427 4953 τοὺς
3480 4888 3695 4962 ivi-936‘s
3722 4898 3866 4964 τόπῳ

2264 4980 2641 5048 πνευματικούς
2685 4976 2971 5052 ἀκέστορας
3023 4979 3163 5050 [Am
3217 4980 3453 5053 ῥητίνην]
3510 4981 3870 5033 ύπαινίττεται

2266 5066 2407 5137 [Αη.
2449 5066 2849 5138 ύπανίστανται]
2876 5067 2997 5141 παρ’
3051 5076 3118 5118 ῶν
3160 5072 3249 5119 καὶ
3301 5072 3426 5142 πρὸς
3472 5073 3561 5127 τὴν
3612 5074 3872 5145 προτέραν

2267 5153 2547 5213 ἑπανῆλθον
2622 5156 2820 5227 ὑγίειαν
2854 5176 2868 5189 ·
2937 5156 3031 5208 ούκ
3087 5156 3289 5210 ἔλαττον
3343 5166 3443 5210 τῶν
3492 5156 3729 5216 ἀϐλὴτων
3780 5166 3873 5213 καὶ

2269 5243 2705 5317 ἀτραυματίστων
2754 5248 2842 5298 καὶ
2897 5244 3040 5298 οὗτοι
3106 5244 3448 5312 ἐπαινεθέντες
3503 5244 3597 5300 διὰ
3637 5253 3730 5307 τὴν
3776 5257 3875 5312 τῆς

512 5329 705 5391 οἰκείας
735 5325 1001 5392 ἀσθενείας
1027 5329 1323 5403 ἐπίγνωσιν,
1357 5333 1446 5381 καὶ
1474 5332 1530 5381 τὸ
1559 5329 1792 5390 ζητῆσαι
1821 5335 2029 5405 ταχέως
2054 5337 2143 5393 τὴν
2175 5334 2342 5395 tum.

581 5514 607 5599 ξ
636 5511 807 5573 Rom.
839 5525 918 5583 vx,
950 5509 1039 5585 l7,
1071 5510 1160 5573 18.
1186 5509 1232 5548 ¹⁰
1259 5510 1479 5570 Jerem.
1511 5524 1626 5584 vui,
1656 5514 1746 5571 22.
