4096 6208
137 0 404 52 νυν--

191 175 306 228 613
1445 169 1776 226 EPISTULA

1951 170 1994 226 D
2035 169 2328 228 CYPRIOS
3459 177 3562 236 614

267 296 372 360 ις’.
427 300 529 351 Καὶ
582 297 705 358 τοὺς
773 298 1037 371 Κυπρίους
1100 300 1378 370 τοιγαροῦν
1437 296 1706 368 ποιμένας,
1769 293 1884 350 εἰΑ

1993 297 2075 349 l6.
2104 297 2308 367 Itaque
2340 295 2427 351 sic
2453 295 2635 353 etiam
2664 295 2993 370 contigerit,
3029 303 3096 356 ut
3118 303 3392 372 pastores
3451 305 3563 374 Cy-

187 384 551 457 συμϐἠσεται
612 392 718 446 τοῖς
773 384 952 448 λύκοις
1021 385 1494 458 συμπλεκομένους,
1556 390 1646 438 καὶ
1712 392 1804 436 τῶν

1952 382 2052 448 ιτὶὶ,
2080 399 2219 438 cum
2248 383 2404 456 lupis
2429 384 2754 455 congressi,
2785 391 2841 442 et
2870 402 2978 458 pro
3031 388 3289 444 ovilibus
3315 390 3437 446 suis
3462 406 3569 463 pu-

187 476 415 526 οίκείων
480 478 918 549 ὑπερμαχοῦντας
981 480 1252 548 ποιμνίων,
1328 479 1417 526 καὶ
1480 482 1575 536 τῆς
1646 473 1804 526 αὐτῶν

1952 477 2194 541 ςηοηιοε,
2226 489 2556 546 eorumque
2585 473 2790 530 salutis
2839 491 3045 532 curam
3099 483 3389 548 gerentes,
3417 495 3569 536 non-

189 566 589 638 φροντίζοντας
635 570 920 639 σωτηρίας,
969 563 1263 618 ύποκλάσαι
1318 583 1371 616 τι
1416 568 1506 615 καὶ
1562 559 1806 616 ύπενδοῦ-

1950 560 2069 616 iihil
2097 561 2430 631 labascant,
2471 563 2843 636 paulumque
2895 564 3130 632 cedant,
3183 567 3350 639 quod
3390 567 3567 639 absit,

185 673 278 704 ναι
329 658 558 728 μικρὸν,
599 656 722 728 ὅπερ
776 653 950 726 ἀπείη,
1000 652 1397 727 παρακαλοῦμεν
1445 656 1516 725 μὴ
1565 656 1632 712 εἱς
1679 649 1802 704 ἀπό-

1954 656 2238 706 ιοτιιιωιιτ
2279 667 2402 720 eos,
2434 667 2508 706 ne
2556 653 2754 707 statim
2785 653 2847 707 in
2903 652 3383 725 desperationem
3429 657 3571 712 inci«

184 762 406 814 γνωσιν
462 743 614 806 εὐθύς
671 743 932 817 ἐμπεσεῖν,
975 739 1115 815 μηδὲ
1170 740 1452 795 ἀπελπίσαι
1496 745 1590 799 τὴν
1637 759 1801 799 σωτη-

1951 738 2090 809 lant,
2118 755 2268 796 neve
2300 740 2510 797 salutis
2533 756 2707 813 spem
2731 741 3034 813 abjiciant,
3065 759 3261 816 neque
3289 745 3568 817 iniquita-

184 836 337 906 ρίαν,
423 829 562 905 μηδὲ
621 832 838 907 ἀνομίαν
905 831 987 885 ἐπὶ
1050 836 1142 890 τὴν
1210 830 1425 904 ἀνομίαν
1487 831 1801 905 προσθεῖναι.

1951 844 2043 885 em
2073 829 2372 902 iniquitati
2401 829 2755 902 adjungant,
2789 837 2846 886 et
2875 831 2937 886 in
2987 832 3246 888 deterius
3292 849 3568 906 progres-

185 929 280 974 καὶ
327 927 440 980 τήν
496 921 581 975 ἐπὶ
640 927 697 975 τό
746 930 928 996 χεῖρον
970 920 1358 975 ἀσπάσσασθαι
1395 925 1685 994 προκοπὴν,
1725 923 1802 971 καί

1949 933 2063 972 ium
2116 917 2590 989 apprehendant,
2642 920 3004 976 misceantur
3075 937 3214 976 cum
3265 922 3566 994 gentibus,

182 1021 436 1084 μιγῆναι
492 1019 597 1073 τοῖς
656 1014 842 1078 ἔθνεσι,
883 1017 972 1065 καὶ
1027 1013 1209 1085 μαθεῖν
1269 1013 1334 1064 τά
1400 1012 1527 1084 ἔργα
1582 1010 1752 1062 αύτῶν

1951 1020 2253 1078 :arumque
2283 1006 2516 1062 discant
2577 1023 2799 1080 opera;
2834 1007 2942 1064 sed
2983 1009 3294 1066 confestim
3323 1027 3360 1067 a
3387 1010 3568 1084 lapsu

184 1099 302 1152 ἀλλ’
373 1101 534 1162 ι’ύθύς
587 1099 868 1154 ἀνανεῦσαι
921 1108 1014 1154 τοῦ
1063 1105 1363 1173 πτώματος,
1417 1105 1508 1151 καὶ
1564 1102 1690 1172 πρὸς
1726 1101 1801 1150 τό]

1951 1095 2154 1164 ετὶειωι
2182 1109 2332 1163 sese,
2359 1100 2416 1151 et
2445 1095 2525 1151 ad
2555 1095 2858 1152 medicum
2879 1102 3204 1156 recurrant.
3229 1103 3419 1172 Atque
3440 1099 3568 1156 haec

187 1190 387 1263 ἰατρὸν
420 1186 824 1264 ἐτι-ἀναδραμεῖν.
857 1189 1004 1244 Ἀλλό
1033 1198 1200 1242 ταῦτα
1223 1193 1313 1263 μὶν
1342 1189 1526 1251 οὕτως.

1154 1210 1200 1242 ·α
1223 1193 1313 1263 μὶν
1342 1189 1526 1251 οὕτως.
1920 1183 2165 1256 quidem
2202 1182 2280 1240 ad
2309 1183 2470 1240 hunc
2499 1185 2771 1243 modum.

265 1297 366 1360 ιζ’.
419 1300 498 1350 Τὰ
533 1301 710 1371 μέντοι
746 1300 896 1374 ἕτερα
943 1294 1041 1350 δύο
1089 1297 1382 1370 κεφάλαια·
1428 1299 1487 1349 τὸ
1545 1299 1616 1369 μὴ
1675 1291 1814 1367 δίχα

1995 1296 2080 1346 l7.
2114 1293 2402 1348 Caeterum
2432 1293 2598 1365 quod
2637 1298 2863 1366 spectat
2912 1295 2991 1352 ad
3037 1295 3160 1352 duo
3208 1295 3326 1353 alia
3345 1297 3565 1370 capita,

189 1383 426 1444 δηλαδὴ
480 1396 577 1448 τῆς
652 1394 752 1439 τῶν
813 1391 1048 1440 Λατίνων
1096 1382 1344 1446 εἰδήσεως
1399 1393 1461 1458 τῇ
1531 1389 1806 1459 προσφόρῳ

1950 1380 2212 1452 νὶἀειίοθι,
2243 1396 2319 1437 ne
2363 1381 2509 1438 citra
2557 1382 2900 1440 Latinorum
2936 1384 3211 1442 notitiam
3239 1385 3567 1458 quilibetin

193 1472 546 1548 πνευματικῇ
604 1474 725 1548 ἀξίᾳ
781 1471 1152 1534 όποιονδὴτινα
1217 1474 1654 1547 ἰγκαθίστασθαι,
1722 1479 1810 1526 καὶ

1950 1486 2188 1542 ,ongrua
2217 1470 2330 1528 sibi
2355 1471 2642 1542 dignitate
2675 1473 2926 1547 spiritali
2973 1476 3384 1546 constituatur,
3412 1481 3469 1534 et
3491 1493 3567 1534 ne

191 1569 250 1618 τό
311 1571 400 1638 μὴ
466 1564 763 1618 κωλύεσθαι
822 1569 944 1628 τοὺς
999 1565 1312 1638 Ῥωμαίους,
1381 1567 1477 1618 εἴτε
1551 1566 1808 1639 ἱερωμένοι

1954 1563 2173 1618 tomani
2213 1562 2336 1618 sive
2366 1561 2560 1618 clerici
2591 1563 2714 1619 sive
2738 1563 2873 1620 laici
2902 1564 3335 1636 prohibeantur
3357 1567 3436 1622 ad
3467 1570 3571 1624 La-

195 1655 333 1708 εἰσὶν
399 1659 502 1708 εἴτε
555 1653 748 1721 λαὶκοὶ,
810 1654 1127 1728 ἔγκλητεύειν
1187 1658 1316 1730 πρὸς
1368 1658 1485 1715 τούς
1541 1659 1808 1724 Λατίνους,

1951 1650 2078 1708 inos
2097 1650 2421 1724 appellare,
2447 1651 2509 1708 in
2536 1652 3024 1710 contentionibus
3051 1654 3568 1712 vehementiorum

193 1743 248 1796 ἑν
317 1751 444 1806 ταῖς
512 1748 629 1819 περὶ
687 1742 994 1818 βιαιοτέρων
1070 1745 1394 1817 πραγμάτων
1461 1742 1810 1816 φιλονεικείαις

1954 1740 2323 1810 iegotiorum,
2349 1740 2398 1796 si
2420 1742 2761 1812 putaverint
2781 1758 2892 1798 sea
2912 1743 3104 1812 gentis
3127 1759 3252 1799 sum
3265 1743 3571 1815 judicibus

196 1832 478 1905 οἰομένους
535 1835 680 1906 παρά
734 1841 833 1886 τῶν
899 1834 1153 1906 ὁμογενῶν
1215 1840 1404 1906 κριτῶν
1459 1828 1762 1885 ἀδικεῖσθαι
1796 1848 1809 1862 ⁶

1954 1829 2141 1900 njuria
2170 1829 2326 1885 afﬁci
2353 1846 2366 1896 ;
2400 1845 2473 1885 ea
2497 1834 2716 1886 nostra
2745 1829 3139 1888 mediocritati
3178 1832 3450 1890 videntur
3478 1833 3571 1889 in-

194 1919 482 1996 ἀδιάφορα
533 1918 681 1976 δοκεῖ
727 1929 788 1996 τῇ
851 1924 996 1995 ἡμῶν
1048 1926 1372 1998 μετριότητι,
1425 1926 1515 1974 καὶ
1571 1918 1666 1974 διὰ
1717 1925 1811 1995 μό-

1956 1916 2275 1984 ifferentia,
2309 1922 2632 1990 aperteque
2663 1920 2742 1974 ob
2774 1918 2966 1975 solam
3019 1921 3208 1992 turpis
3236 1920 3383 1976 lucri
3411 1936 3573 1976 com-

192 2032 289 2069 νην
348 2019 582 2085 φανερῶς
637 2009 1080 2086 αἰσχροκέρδειαν
1145 2019 1256 2074 τοῖς
1319 2015 1559 2072 Λατίνοις
1620 2011 1809 2072 ζητού-

1950 2007 2296 2064 arationem
2324 2023 2361 2063 a
2389 2006 2605 2062 Latinis
2642 2007 2951 2080 requisita.
2983 2010 3111 2064 Non
3157 2025 3376 2081 parvus
3405 2009 3567 2065 enim

195 2121 353 2174 μενοι.
412 2101 492 2153 Ού
536 2103 726 2176 μικρός
775 2103 877 2176 γὰρ
935 2100 1160 2154 ἐντεῦθεν
1212 2101 1392 2162 αὐτοῖς
1451 2102 1478 2153 ὁ
1538 2119 1807 2176 χρηματι-

1952 2093 2032 2152 llis
2072 2095 2211 2152 inde
2263 2100 2532 2168 quaestus
2571 2095 2902 2152 exhibetur.
2960 2098 3154 2169 Atque
3189 2097 3569 2154 mediocritas

198 2195 336 2264 σμὸς
388 2189 740 2262 ἀναφαίνεται,
802 2195 904 2244 Καὶ
955 2193 983 2250 ἡ
1044 2191 1190 2264 ημῶν
1238 2195 1513 2264 μετριότης
1572 2188 1810 2262 συμϐου-

1946 2189 2125 2241 :ostra
2151 2184 2268 2241 hoc
2294 2185 2650 2258 Cypriorum
2698 2185 3042 2257 pastoribus
3096 2187 3416 2244 consilium
3441 2186 3563 2252 dat,

193 2280 334 2334 λεύει
380 2286 489 2340 τοῖς
539 2287 639 2331 τῶν
690 2283 934 2354 Κυπρίων
982 2284 1243 2354 ποιμέσιν,
1284 2279 1334 2332 ἐν
1391 2280 1530 2340 ὃσοις
1578 2277 1810 2332 ἕνστατι-

1952 2279 1985 2331 ιι
2012 2274 2074 2330 in
2103 2273 2571 2348 quibuscunque
2601 2275 2788 2332 Latini
2815 2275 3155 2348 pervicaces
3193 2275 3569 2333 contentiosi-

195 2374 284 2421 κοί
319 2387 457 2430 τινες
505 2374 596 2422 καὶ
643 2367 922 2441 φιλόνεικοι
965 2373 1233 2442 φαίνονται
1285 2371 1333 2422 οἱ
1378 2373 1593 2421 Λατῖνοι
1644 2366 1811 2441 ἐφέσει

1949 2379 2038 2437 [ue
2050 2363 2449 2436 apparebunt,
2468 2363 2787 2436 cupiditate
2799 2369 3061 2437 capturas
3072 2381 3143 2423 ac
3159 2365 3566 2436 emolumenti,

194 2459 618 2532 λημμάτισμῶν,
678 2454 947 2511 ενδιδόναι
998 2462 1223 2527 τούτοις,
1287 2464 1377 2512 καὶ
1437 2462 1508 2531 μὴ
1569 2457 1810 2510 ἀνθίστα-

1958 2471 1980 2511 1
2019 2454 2090 2510 iis
2129 2453 2366 2524 cedant,
2427 2469 2536 2511 nec
2596 2454 2744 2526 ipsis
2790 2454 3190 2512 obluctentur.
3224 2457 3322 2511 Est
3349 2455 3575 2528 quippe

203 2549 356 2600 σθαι.
413 2548 711 2603 Ἐπαινετόν
775 2550 877 2622 γὰρ
944 2557 1248 2622 σωματικῆς
1314 2549 1510 2622 ζημίας
1575 2547 1810 2620 ψυχικόν

1959 2559 2016 2599 es
2075 2541 2252 2600 laude
2313 2541 2519 2613 digna,
2577 2541 2875 2615 corporali
2937 2542 3295 2600 detrimento
3338 2542 3576 2600 lucrum

199 2635 554 2690 ἀλλάττεσθαι
610 2633 794 2709 κέρδος
820 2653 835 2668 ο
899 2639 1130 2710 καθάπερ
1180 2643 1269 2691 καὶ
1310 2641 1369 2690 τό
1413 2637 1649 2710 χαλκέων
1691 2636 1810 2690 ἀντ-

1957 2629 2140 2687 nimie
2193 2645 2546 2703 comparare
2595 2646 2607 2697 ;
2657 2630 3180 2704 quemadmodum
3231 2647 3370 2688 cum
3422 2631 3574 2687 areis

201 2726 522 2798 ἀμείϐεσθαι
579 2729 808 2800 χρύσεα.
854 2724 1007 2788 Ἴσως
1058 2729 1178 2801 γὰρ,
1238 2726 1612 2802 πλωρωσαντες
1675 2746 1815 2802 χρη·-

1960 2735 2318 2793 ompensare
2329 2735 2532 2776 aurea.
2557 2719 2823 2776 Forsitan
2841 2720 3002 2776 enim
3021 2725 3345 2794 postquam
3361 2736 3577 2778 manus

199 2817 387 2887 μάτων
455 2818 552 2877 τὰς
615 2822 826 2890 χεῖρας,
905 2814 1230 2868 ἀπολύσουσι
1296 2819 1513 2879 τούτους
1572 2824 1664 2869 τοῦ
1720 2825 1811 2876 τῆς

1960 2809 2193 2866 »θοιωὶἱε
2205 2807 2578 2880 repleverint,
2593 2824 2696 2864 eos
2710 2807 3023 2865 absolvent
3041 2824 3076 2864 a
3089 2810 3272 2881 petita
3284 2824 3577 2866 manuum

201 2900 558 2978 χειροδοσίας
650 2908 951 2978 ζητήματος
993 2921 1004 2934 ⁸
1088 2903 1334 2958 κάκείνων
1426 2907 1814 2959 κατασπασθει·

1957 2898 2272 2963 raditione;
2291 2896 2651 2970 illorumque
2663 2896 2946 2954 manibus
2963 2897 3229 2969 pondere
3255 2897 3574 2969 depressis,

209 3005 319 3047 σῶν
375 2996 520 3047 κάτω
575 3003 646 3066 τῷ
705 2993 882 3068 βάρει,
936 2995 1142 3057 ἑξέσθαι
1198 2997 1377 3058 αύτοίς
1427 2998 1579 3060 ὁσίας
1629 3003 1815 3071 χεῖρας

1961 2986 2090 3042 iisce
2140 2985 2338 3041 licebit
2369 2990 2604 3042 sanctas
2637 3002 2854 3042 manus
2893 2984 3125 3041 elevare
3166 2985 3244 3041 ad
3290 2987 3497 3054 Deum,
3521 2989 3578 3042 et

203 3082 448 3159 ἐπαίρειν
481 3088 615 3158 πρὸς
662 3088 748 3137 τὸν
805 3087 954 3152 Θεὸν,
1000 3089 1090 3137 καὶ
1129 3081 1268 3158 δίχα
1316 3082 1638 3158 σκινδαλμοῦ
1687 3103 1818 3145 τινος

1959 3075 2160 3150 bsque
2218 3074 2338 3131 ullo
2377 3080 2511 3132 astu
2552 3078 2610 3132 et
2665 3073 3016 3147 praejudicio
3055 3089 3228 3131 sacra
3279 3072 3576 3131 celebrare

205 3178 302 3226 καὶ
383 3179 760 3247 προκρίματος,
838 3176 906 3226 τά
985 3181 1081 3236 τῆς
1163 3174 1524 3250 ἱεροτελεστίας
1590 3172 1822 3231 ἁποπλη-
1927 3163 2233 3238 mysteria.

205 3270 361 3338 ροῦν.

294 3370 388 3430 ιη’.
419 3377 600 3424 Ταῦτα
617 3369 1038 3444 παρεκϐληθέντα
1074 3371 1175 3426 ἀπὸ
1206 3382 1305 3426 τῶν
1331 3375 1630 3449 ἡμερησίων
1665 3376 1822 3426 συνόο

2007 3367 2089 3422 18.
2122 3369 2240 3422 Ista
2267 3364 2591 3437 desumpta
2615 3379 2646 3420 e
2675 3362 2905 3420 diurnis
2923 3363 3298 3436 synodorum
3325 3363 3577 3422 adnota-

215 3458 328 3514 ϐων
361 3461 502 3533 [Αη.
551 3457 860 3534 συνοδικῶν]
888 3469 1390 3538 παρασημειὼσεων,
1424 3467 1515 3515 καὶ
1553 3470 1613 3522 τῆ
1646 3469 1819 3536 γραιφῆ

1961 3454 2214 3521 ionibus,
2237 3459 2294 3511 et
2321 3469 2428 3528 per
2453 3452 2960 3526 subscriptionem
3007 3453 3389 3526 sigilluinque
3413 3469 3578 3510 reve-

215 3549 288 3625 {fl
322 3553 629 3628 ὑπογραρῇ]
653 3557 743 3605 καὶ
785 3549 1043 3626 σφραγῖδι
1080 3561 1172 3606 τοῦ
1197 3555 1514 3626 τιμιωτάτου
1545 3555 1823 3628 χαρτοφύ-

1963 3543 2274 3600 endissimi
2304 3542 2696 3600 sanctissimae
2729 3541 2830 3598 Dei
2848 3557 3088 3613 magna;
3119 3541 3386 3600 Ecclesia:
3412 3542 3580 3600 char-

215 3641 375 3702 λοαος
409 3649 471 3700 τῆ
484 3661 507 3702 ς
526 3639 820 3713 ἀγιωτάτης
836 3649 926 3694 τοῦ
945 3649 1078 3695 Θεου
1102 3641 1300 3715 μεγάλη
1313 3663 1334 3704 ς
1365 3641 1547 3700 Ἐκκλη
1557 3647 1675 3704 σίας
1698 3649 1825 3694 Θεο-

1966 3632 2268 3706 opliylacis
2320 3631 2611 3689 Theodori
2661 3630 2840 3688 Stilbe
2869 3630 3246 3700 conﬁrmata,
3277 3631 3418 3688 data
3441 3635 3583 3689 sunt

221 3727 403 3804 δώρου
435 3737 528 3783 τοῦ
559 3729 741 3790 Στιλϐῆ
779 3729 1149 3803 βεϐαιωθέντα,
1182 3728 1404 3791 ἐπεδόθη
1436 3737 1564 3806 μηνὶ
1592 3735 1682 3784 καὶ
1708 3729 1824 3784 ἐπι-

1819 3761 1824 3771 .
1933 3736 2139 3780 mense
2167 3726 2226 3779 et
2249 3719 2570 3778 indictione
2603 3736 2788 3795 supra
2811 3720 3068 3793 scriptis,
3095 3735 3258 3779 anno
3277 3721 3436 3778 673i.

218 3825 444 3893 νεμήσει
470 3828 566 3882 τῆς
589 3824 1051 3895 προγεγραμμένης
1185 3828 1292 3884 τοῖς
1329 3819 1823 3897 προγεγραμμένοις]

220 3912 369 3970 ἔτους
401 3907 558 3980 ςψλοί
584 3907 832 3980 [Christi
867 3911 1040 3980 1223].

334 4041 439 4088 Τοῦ
469 4033 631 4086 αύτοῦ
664 4033 956 4105 ἀγιωτάτου
987 4042 1148 4108 κυροῦ
1179 4041 1440 4109 Γερμανοῦ
1470 4034 1717 4095 ἐπιστολὴ
1933 4034 1951 4091 λ

1966 4034 2220 4106 ῖῙιιείίεηι
2249 4035 2610 4092 sanctissimi
2632 4033 2862 4091 domini
2889 4033 3177 4090 Germani
3211 4031 3464 4102 epistola
3502 4044 3583 4089 se-

609 4118 830 4196 δευτέρα
855 4125 986 4196 πρὸς
1014 4127 1138 4186 τούς
1164 4130 1443 4200 Κυπρίους.

1432 4169 1443 4181 .
2433 4123 2632 4180 cunda
2660 4123 2743 4180 ad
2767 4122 3049 4194 Cyprios.

303 4250 373 4304 α’.
435 4245 658 4323 Ἀνδρες
705 4248 1173 4325 φιλοχριστότατοι
1211 4256 1301 4304 καὶ
1347 4251 1681 4326 φιλευσεϐεἰς,
1712 4256 1828 4306 ὅσοι

2009 4252 2060 4306 1.
2093 4247 2579 4308 Christianissimi
2603 4247 2714 4305 viri
2737 4251 2794 4305 et
2822 4246 3058 4320 pietatis
3085 4249 3378 4315 amantes,
3411 4249 3584 4320 quot-

226 4344 324 4400 τὴν
374 4347 697 4417 περιώνυμον
746 4349 904 4400 νῆσον
961 4346 1052 4399 τὴν
1113 4345 1318 4418 Κύπρον
1381 4341 1592 4415 ἐλάχετε
1647 4362 1828 4396 κατοι-

1968 4343 2086 4413 [uot
2132 4342 2396 4412 Cyprum
2439 4337 2843 4411 percelebrem
2913 4337 3174 4394 insulam
3218 4335 3585 4406 inhabitatis,

227 4438 359 4489 κεῖν,
430 4431 677 4503 Ῥωμαῖοί
737 4447 792 4482 τε
857 4435 944 4482 καὶ
1018 4433 1191 4504 Σύροι,
1267 4433 1451 4494 πάντες
1526 4428 1830 4508 όρθοδοξίας

1968 4428 2191 4484 tomani
2221 4431 2279 4484 et
2305 4426 2458 4499 Syri,
2489 4425 2686 4483 cuncti
2733 4425 3103 4482 orthodoxiaa
3134 4431 3457 4495 amatores,
3488 4441 3585 4482 ac-

231 4518 474 4596 ἐρασταὶ,
558 4519 776 4592 φύλακες
861 4515 1092 4594 ἀκριϐεῖς
1179 4527 1275 4582 τῆς
1356 4518 1828 4595 πατροπαραδότου

1968 4518 2128 4574 ευτιιιὶ
2153 4516 2294 4574 fidei
2320 4517 2496 4573 nobis
2521 4532 2557 4574 a
2578 4515 2848 4573 Patribus
2874 4515 3104 4574 traditas
3159 4515 3461 4587 custodes,
3488 4531 3585 4572 su-

231 4611 380 4681 ἠμῶν
427 4612 676 4679 πίστεως,
712 4607 787 4681 ἐφ’
829 4609 890 4671 ἧς
933 4609 959 4660 ό
1010 4605 1405 4683 παντοδύναμος
1449 4609 1692 4686 βραχίων
1740 4619 1830 4664 τοῦ

1970 4623 2046 4665 »θι-
2109 4621 2296 4680 quam
2370 4605 2753 4678 omnipotens
2795 4605 2896 4662 Dei
2938 4610 2996 4661 et
3039 4605 3226 4662 Patris
3268 4603 3587 4660 brachium

230 4707 369 4752 Θεοῦ
416 4703 508 4752 καὶ
557 4702 762 4772 Πατρός
809 4699 834 4750 ὁ
885 4703 1114 4773 Χριστός
1163 4703 1254 4757 τὴν
1311 4699 1620 4759 Ἐκκλησίαν
1674 4701 1831 4754 αὑτοῦ

1968 4696 2224 4768 :hristus,
2251 4695 2569 4752 Ecclesiam
2595 4710 2770 4751 suam
2830 4693 3165 4762 aediﬁcavit,
3198 4698 3255 4750 et
3283 4699 3467 4766 portae
3497 4692 3585 4748 in-

230 4784 572 4862 ᾡκοδόμησε,
641 4792 730 4840 καὶ
771 4786 931 4840 πύλαι
976 4783 1110 4858 ᾅδου
1160 4787 1217 4840 ού
1263 4791 1688 4862 κατισχύσουσιν
1737 4790 1832 4842 αύ-

1969 4786 2046 4842 eri
2059 4800 2182 4840 non
2194 4783 2606 4856 praevalebunt
2625 4783 2912 4841 adversus
2943 4798 3079 4838 eam
3102 4784 3163 4836 ¹¹.
3181 4783 3415 4848 Quanto
3427 4780 3586 4836 enim

227 4887 365 4940 τῆς-
427 4879 549 4930 ὅσον
595 4880 697 4951 γὰρ
739 4874 800 4927 ἂν
831 4877 960 4935 αὑτὴ
1002 4876 1314 4949 πολεμῆται,
1365 4886 1611 4932 τοσοῦτον
1641 4878 1831 4952 μᾶλλον

1969 4873 2137 4944 nagis
2156 4873 2288 4946 ipsa
2307 4877 2662 4946 oppugnata
2677 4871 2872 4941 fuerit,
2895 4886 2966 4928 eo
2985 4869 3122 4943 plus
3142 4869 3586 4937 corroboratur,

228 4970 565 5041 κρατύνεται,
629 4964 1111 5039 ὶγκαλλωπιζομίνη
1179 4973 1241 5038 τῇ
1306 4975 1399 5020 τοῦ
1463 4973 1697 5042 Χριστου
1753 4971 1832 5021 ἐκ·

1971 4979 2048 5020 ter
2071 4963 2279 5019 Christi
2302 4962 2693 5018 imitationem
2718 4976 2848 5016 sese
2867 4958 3341 5032 efferenstsius
3365 4959 3588 5032 quippe

230 5061 481 5130 μιμήσει.
523 5055 694 5107 Λᾷτοῦ
737 5057 838 5128 γάρ
903 5074 1065 5124 εστιν,
1095 5051 1486 5127 ἀψευδέστατος
1537 5055 1688 5130 λόγος
1746 5059 1832 5110 ού-

1973 5053 2292 5109 erissimus
2318 5057 2407 5108 est
2435 5067 2652 5118 sermo,
2682 5066 2805 5124 quo
2830 5049 2912 5106 ita
2932 5049 3013 5105 ait
3040 5066 3054 5104 :
3085 5050 3156 5105 Si
3181 5065 3272 5106 me
3290 5052 3590 5119 persecuti

229 5151 367 5198 τωσὶ
423 5147 655 5217 φάσκων.
703 5150 767 5197 Et
819 5143 905 5216 ἐμὲ
961 5140 1202 5214 ἐδίωξαν,
1268 5150 1358 5198 καὶ
1414 5145 1544 5218 ὑμᾶς
1611 5144 1831 5210 διώξου-

1974 5149 2104 5212 unt,
2129 5151 2180 5199 et
2205 5158 2302 5199 vos
2321 5146 2800 5213 persequentur;
2820 5141 2876 5195 si
2899 5152 3228 5196 sermonem
3251 5154 3446 5195 meum
3473 5154 3591 5194 ser-

233 5251 364 5290 σιν·
427 5234 471 5287 εἰ
521 5238 609 5287 τόν
665 5233 818 5306 λόγον
882 5252 982 5306 μου
1038 5235 1324 5309 ἑτὴρησαν,
1392 5241 1482 5287 καὶ
1548 5239 1635 5288 τὸν
1701 5238 1830 5309 ύμέ-

1972 5239 2270 5305 ναυενιιηε;
2301 5238 2357 5289 et
2388 5237 2641 5289 vestrum
2672 5229 2995 5288 servabunt
3029 5231 3094 5282 ¹².
3125 5228 3327 5305 Igitur,
3356 5227 3589 5307 fratres,

313 5453 359 5487 “
399 5450 603 5516 latth.
629 5465 751 5522 κη,
772 5453 862 5512 18.
941 5453 987 5489 η
1015 5452 1186 5522 Joan,
1216 5466 1316 5526 xv,
1347 5455 1438 5508 20.
