4096 6208
496 178 599 231 διδ
1628 167 1938 226 cannam
1978 168 2026 223 11
2066 168 2171 226 cp.
2211 171 2710 239 PATRIARCHE.
3745 196 3852 252 διδ

496 298 762 357 Gaudete
788 298 851 354 in
891 296 1139 353 Domino
1186 309 1449 363 semper;
1477 297 1531 348 et
1574 294 1784 350 iterum
1815 293 1967 363 dico,
1997 308 2110 365 gau

2250 315 2392 371 τερον
2445 312 2775 382 τηρήσουσι’
2834 317 3051 389 χαίρετε
3103 314 3190 369 οὖν
3242 316 3290 370 ἐν
3354 324 3547 393 Κυρίῳ,
3599 315 3857 391 ἀδελφοὶ·-

494 389 625 446 dete
657 389 723 442 ‘3.
755 386 857 442 Dei
894 386 1074 442 frater
1096 382 1354 440 Jacobus
1382 398 1520 438 cum
1552 381 1736 438 Paulo
1767 382 1899 438 caali
1928 398 2108 439 ascen

2248 391 2484 481 πάντοτε,
2552 401 2641 451 καὶ
2699 399 2852 452 πάλιν
2905 402 3004 477 ἐρῶ
3045 412 3277 481 χαίρετε.
3350 407 3592 471 Ἰάκωϐος
3666 410 3691 461 ό
3760 410 3851 461 θε-

495 495 629 536 sore
681 476 1029 534 charitatem
1074 478 1335 530 vestram
1391 472 1470 529 ad
1516 472 1853 545 spirituales
1912 487 2112 543 agone

2249 474 2467 551 ἀδελφός
2535 488 2627 538 σὺν
2692 488 2879 563 Παύλῷ
2944 500 3016 564 τῷ
3082 495 3459 569 οὗρανοϐάμονι
3529 500 3656 571 πρὸς
3724 500 3852 558 τοὺς

491 569 829 641 perungant
864 569 1042 636 atque
1080 562 1343 619 incitent.
1379 562 1642 618 Jacobus
1698 561 1948 634 quidem
1997 578 2108 618 cun

2246 578 2624 641 πνευματικοὺς
2684 575 2886 649 ἀγῶνας
2947 586 3041 640 τὴν
3102 585 3243 657 ὑμῶν
3305 584 3513 658 ἀγάπην
3578 585 3855 658 ἐπαλειφέ-

494 655 669 712 dicit:
696 655 879 711 Omne
892 653 1181 724 gaudium
1209 654 1561 718 existimate,
1583 652 1811 723 fratres
1836 653 1971 722 mei,
2004 668 2111 709 eun

2244 676 2415 711 τωσαν
2450 678 2462 690 ·
2522 664 2547 714 ό
2600 668 2687 737 μὲν
2742 663 2809 726 δὴ
2865 668 3123 739 Ἰάκωϐος,
3172 678 3354 727 Πᾶσαν
3402 677 3577 747 χαρὰν
3636 676 3850 746 ἡγήσα-

491 747 554 800 in
584 745 980 801 tentationnes
1005 742 1207 798 varias
1227 740 1555 798 incideritis
1587 742 1655 796 ίι.
1679 741 1780 797 Hic
1800 756 1962 807 vero,
1990 741 2108 797 dun

2251 748 2360 815 σθε,
2426 748 2601 823 λέγων,
2672 752 2884 831 ἀδελφοί
2947 779 3068 833 μου,
3137 763 3257 815 ὅταν
3318 740 3633 838 πειρασμοῖς
3680 740 3848 838 ⁷περι-

489 832 742 889 libenter
770 832 1057 903 gloriatur
1076 829 1136 885 in
1156 828 1607 886 inﬁrmitatibus
1658 829 1802 899 suis,
1831 834 1889 887 et
1933 829 2043 886 sibi
2076 829 2106 885 i1

2246 839 2435 896 πέσητε
2490 843 2748 908 ποικίλοις
2807 868 2819 881 ’
2884 849 2910 900 ὁ
2979 846 3057 918 δε,
3129 848 3331 911 ἣδιστα
3393 858 3737 926 καυχώμενος
3798 852 3848 905 ἓν

491 919 973 979 tribulationibus
1002 917 1334 992 complacet
1365 920 1434 976 ίδ.

2245 932 2358 987 ταῖς
2405 925 2685 994 ἀσθενείαις
2752 935 2934 1007 αὐτου,
2982 944 3072 992 καὶ
3120 937 3411 994 ἑπευδοκῶν
3465 940 3513 994 ἐν
3569 949 3687 1005 ταῖς
3740 942 3849 995 θλί-

2246 1013 2418 1085 ψεσιν.

560 1103 617 1155 2.
647 1101 770 1168 Ego
796 1100 949 1153 certe
978 1095 1267 1152 minimus
1292 1098 1349 1151 et
1372 1093 1594 1151 inutilis
1619 1094 1772 1151 inter
1798 1094 2135 1168 pontiﬁces,

2318 1102 2387 1176 β’.
2428 1105 2559 1180 Ἑγὼ
2595 1113 2685 1183 μὲν
2740 1114 2765 1165 ὁ
2818 1113 3240 1188 ἐλάχιστος,καὶ
3297 1119 3509 1193 ἀχρεῖος
3555 1118 3603 1172 ἓν
3656 1117 3846 1193 ἀρχιε-

488 1189 734 1245 beatum
755 1203 852 1242 me
877 1184 1087 1242 censui
1114 1185 1175 1240 in
1205 1183 1675 1252 inﬁrmitatibus,
1708 1184 1870 1256 quod
1922 1184 2001 1241 ad
2030 1201 2105 1258 po

2245 1201 2395 1267 ρεῦσι
2441 1201 2697 1274 μακάριον
2741 1202 2961 1277 ἐμαυτόν
3014 1206 3062 1260 ἐν
3116 1228 3231 1271 ταις
3290 1208 3577 1272 ἀσθενείαις
3615 1214 3844 1283 ἥγημαι,

488 1276 701 1349 pulum
720 1273 1277 1332 obedientissimum
1328 1277 1385 1329 et
1422 1273 1500 1329 ad
1551 1289 1727 1330 aures
1764 1273 2105 1330 audientiun

2246 1284 2325 1336 ὄτι
2381 1289 2507 1358 πρὸς
2552 1288 2672 1343 λαὸν
2716 1293 3127 1366 εὐπειθέστατον,
3188 1302 3278 1352 καὶ
3329 1302 3457 1374 πρὸς
3509 1299 3618 1352 ὦτα
3684 1298 3844 1353 ἀκου-

488 1365 724 1423 locutus
760 1364 995 1421 fuerim.
1034 1366 1234 1434 Neque
1266 1362 1427 1418 enim
1457 1362 1668 1419 cecidit
1695 1378 1877 1436 super
1904 1368 2105 1436 petram

2244 1376 2401 1465 όντων
2454 1375 2727 1440 λελάληκα,
2779 1383 2854 1435 Οὐ
2910 1387 3010 1461 γὰρ
3059 1387 3135 1449 εἰς
3179 1362 3379 1464 πέτραν·
3420 1390 3446 1441 ὁ
3504 1407 3699 1465 σπόρος
3751 1398 3844 1442 τοῦ

492 1470 697 1512 semen
717 1452 887 1510 verbi
912 1451 1101 1508 nostri
1137 1452 1199 1519 ιδ,
1228 1466 1424 1523 neque
1452 1452 1513 1508 in
1540 1450 1715 1523 aquis
1767 1450 2109 1524 scripsimus

2244 1461 2398 1553 λόγου
2454 1468 2597 1539 ὑμῶν
2649 1472 2845 1543 ἔπεσεν,
2901 1450 3026 1528 οὐδὲ
3077 1476 3195 1530 καθ’
3253 1450 3461 1530 δδάτων
3518 1450 3839 1553 ἐγράψαμεν,

489 1559 687 1617 neque
712 1542 1001 1599 doctrinas
1018 1540 1163 1597 retia
1192 1540 1414 1597 frustra
1437 1541 1775 1597 laxavimus
1799 1542 1839 1577 ¹⁷
1863 1559 1877 1610 ;
1913 1542 2019 1597 sed
2048 1556 2106 1597 se

2247 1549 2370 1606 οὐδὲ
2411 1557 2477 1608 τὰ
2519 1553 2712 1612 δικτυα
2753 1540 2850 1624 τῆς
2888 1559 3245 1629 διδασκαλίας
3282 1540 3843 1639 διακενῆςῐέχάλάσαλ

489 1632 857 1690 minavimus
890 1630 1087 1704 potius
1114 1629 1176 1685 in
1203 1634 1358 1685 terra
1383 1630 1547 1686 bona
1585 1634 1644 1686 et
1688 1630 1868 1702 spicis
1919 1630 2106 1687 ferace

2251 1661 2334 1714 μεν
2368 1659 2383 1674 ⁸
2438 1644 2544 1698 ἀλλ’
2602 1647 2908 1724 ἐσπείραμεν
2963 1653 3151 1725 μᾶλλον
3201 1655 3272 1717 είς
3328 1660 3422 1715 τὴν
3481 1629 3685 1728 ἀγαθτδν
3743 1640 3868 1729 γῆν

490 1722 839 1795 scripsimus
857 1725 1058 1777 autem
1074 1719 1131 1775 in
1151 1719 1436 1775 cordibus
1482 1718 1832 1776 illuminatis
1857 1735 1927 1776 ac
1947 1720 2107 1793 puris

2243 1739 2333 1787 καὶ
2406 1739 2690 1810 εὕσταχυν,
2768 1739 3057 1814 έγράμαπεν
3146 1740 3206 1797 δὲ
3293 1744 3363 1808 εἰς
3437 1749 3838 1819 περωτισμένας

488 1817 654 1869 mota
681 1812 889 1882 lingua
918 1815 1125 1866 nostra
1167 1809 1357 1865 instar
1385 1808 1602 1866 calami
1640 1810 1850 1866 scribas
1879 1810 2037 1866 illius
2059 1810 2105 1866 d:

2241 1820 2466 1897 καρδίας
2520 1831 2609 1879 καὶ
2682 1832 2930 1903 καθαρὰς,
2989 1834 3058 1895 ὡς
3123 1833 3351 1906 κάλαμον
3414 1808 3511 1887 τοῦ·
3569 1808 3841 1909 ψαλμικοῡ

487 1916 610 1973 quo
634 1902 695 1956 in
724 1898 973 1956 Psalmis
1006 1899 1086 1963 ‘3;
1125 1913 1388 1970 cumque
1412 1897 1475 1953 in
1498 1897 1685 1955 verbo
1706 1898 1923 1954 Christi
1943 1898 2104 1955 demi

2238 1919 2581 1987 γραμματέως
2634 1921 2728 1976 τὴν
2778 1918 3011 1991 γλῶτταν
3063 1928 3364 1985 κινήσαντες
3395 1945 3410 1959 σ
3468 1897 3702 1978 καὶλπί.
3771 1933 3841 1997 τῷ

486 1989 774 2045 sissemus
810 1993 951 2058 rete,
1001 1986 1272 2059 cepimus
1296 2001 1406 2042 vos
1436 1986 1509 2043 ad
1538 1986 1943 2045 obedientiam
1969 1986 2103 2043 ﬁdei

2238 2003 2436 2076 ῥήματι
2482 2013 2574 2058 τοῦ
2627 2014 2863 2081 Χριστοῦ
2901 2013 3139 2075 καθέντες
3184 2016 3242 2065 τό
3293 2010 3526 2085 δικτύον,
3580 2015 3844 2088 ἠγρεύσα-

485 2082 543 2134 et
567 2077 797 2134 Christo
817 2075 1146 2132 obtulimus
1166 2075 1493 2148 opsonium
1516 2074 1737 2131 ccelesti
1767 2077 1898 2148 ejus
1920 2091 2102 2132 mens:

2239 2111 2328 2165 μεν
2381 2093 2515 2166 ὐμᾶς
2565 2100 2691 2169 πρὸς
2738 2098 2972 2159 ὑπακοὴν
3029 2106 3279 2173 πίστεως,
3332 2107 3421 2156 καὶ
3478 2102 3701 2175 ὀψώνιον
3754 2112 3832 2176 τῷ

484 2166 756 2237 dignum.
794 2164 959 2221 Unde
988 2169 1046 2221 et
1063 2163 1263 2221 laetitia
1292 2162 1487 2220 aﬂ‘ecti
1516 2164 1597 2221 ob
1635 2165 1896 2237 primam
1924 2170 2101 2239 captu

2239 2162 2456 2255 Χριστῷ
2508 2162 2910 2261 προσηγάγομεν
2968 2190 3111 2253 ἄξιον
3331 2162 3572 2266 οὐρανίόυ
3644 2162 3840 2267 τραπέ-

483 2271 636 2323 ram,
667 2256 955 2329 ipsosque
985 2269 1098 2311 nos
1129 2253 1342 2311 beatos
1370 2253 1484 2310 rati
1529 2254 1697 2327 quod
1748 2255 2100 2328 propositun

2241 2270 2337 2334 ζης
2368 2272 2548 2326 αὐτοῦ.
2581 2274 2758 2329 Ἔνθεν
2791 2297 2872 2331 τοι
2915 2283 3005 2332 καὶ
3032 2278 3390 2353 εὐφρανθέντες
3430 2280 3513 2334 ἔπι
3549 2289 3615 2353 τῇ
3647 2288 3834 2355 πρώτη

484 2343 887 2413 successisset,
926 2358 1136 2399 rursus
1182 2342 1245 2400 in
1297 2342 1517 2399 Christi
1563 2342 1807 2399 nomine
1855 2342 2101 2416 linguan

2237 2362 2395 2437 ἄγρᾳ,
2446 2368 2535 2416 καὶ
2580 2372 2675 2427 τῆς
2728 2366 3008 2440 εὐστοχίας
3060 2368 3274 2432 ἑαυτοὺς
3329 2342 3743 2444 μακαρίσαντεις,

481 2432 645 2491 velut
665 2432 1025 2490 verriculum
1053 2431 1135 2490 ad
1162 2430 1500 2489 doctrinam
1530 2431 1922 2491 demittimus.

2234 2458 2306 2522 τῷ
2344 2452 2560 2525 ὀνόματι
2610 2462 2704 2507 τοῦ
2746 2462 2991 2529 Χρισποῦ
3034 2458 3185 2510 πάλιν
3231 2462 3325 2518 τὴν
3369 2459 3601 2532 γλῶτταν
3652 2462 3832 2534 ὥσπερ

2238 2538 2629 2617 ἀμφίϐληστρον
2661 2541 2745 2597 ἰπὶ
2770 2553 2867 2608 τῆς
2897 2542 3250 2611 διδασκαλίας
3270 2549 3670 2623 καταχαλῶμεν.

553 2636 604 2691 3.
636 2634 1032 2705 Nequaquam
1059 2646 1171 2687 vos
1192 2629 1353 2701 latet,
1375 2629 1653 2687 homines
1680 2630 2011 2688 litterarum
2042 2630 2126 2687 di-

2306 2655 2373 2720 γ’.
2423 2648 2533 2701 Οὐκ
2573 2648 2799 2722 ἀγνοεῖτε
2837 2654 3055 2721 πάντως,
3101 2653 3510 2728 φιλώλογοτατοι
3574 2657 3845 2729 ἄνθρωποι

482 2721 992 2795 sciplinarumque
1015 2718 1511 2791 studiosissimos,
1536 2719 1703 2793 quod
1724 2721 1829 2793 qui
1854 2736 1891 2777 a
1913 2720 2099 2793 princi

2236 2740 2326 2789 καὶ
2392 2737 2853 2811 φιλομαθέστατοι,
2916 2743 2987 2803 ὡς
3053 2744 3102 2796 οἱ
3165 2742 3404 2798 ἀνέκαθεν
3463 2747 3697 2819 θεοφοροι
3749 2751 3845 2799 καὶ

479 2811 581 2885 pio
601 2810 952 2868 exstiterunt
979 2808 1187 2867 Deiferi
1226 2813 1282 2865 et
1331 2808 1519 2865 divini
1573 2825 1882 2882 praecones
1927 2813 2094 2867 Patre

2241 2827 2549 2901 θεοκὴρνκες
2610 2833 2832 2904 Πατέρες
2906 2833 3073 2903 ἡμῶν,
3136 2834 3254 2906 θείῳ
3321 2836 3604 2909 κινούρενοι
3680 2837 3842 2888 Πνεύ-

477 2899 686 2969 nostri,
721 2899 937 2973 Spiritu
959 2898 1163 2955 divino
1187 2898 1355 2965 moti,
1386 2901 1443 2955 et
1466 2898 1795 2971 apostolica
1837 2899 2094 2971 dogmat;

2234 2935 2363 2988 μαι-ι
2400 2921 2490 2970 καὶ
2529 2918 2902 2981 ἀποστολικαῖς
2945 2916 3321 2985 διδασκαλίαις
3372 2922 3626 2997 ἑπόμενοι,
3668 2926 3840 2979 πάντα

479 2988 685 3059 secuti,
717 2992 934 3045 cuncta
961 3004 1099 3060 quae
1126 2987 1206 3044 ad
1243 2986 1601 3044 catholicam
1641 2988 1965 3045 Ecclesiam
1990 3003 2095 3061 spe

2231 2986 2293 3064 τή
2344 3014 2440 3069 τῆς
2496 3007 2773 3069 καθολικῆς
2813 3008 3122 3074 Ἐκκλησίας
3175 3009 3222 3064 ἓν
3289 2986 3509 3086 σχοινίῳ
3555 3033 3842 3087 πνευματι·

478 3081 658 3145 ctant,
688 3077 750 3133 in
775 3076 1042 3133 funiculo
1098 3074 1379 3149 spiritalis
1426 3075 1858 3134 distributionis
1887 3077 2095 3135 ordina

2232 3102 2325 3155 κῆς
2387 3092 2739 3170 κληροδοσίας
2793 3100 3098 3163 θεοκινήτως
3150 3074 3338 3164 ἔταξαν,
3387 3120 3442 3155 τε
3483 3074 3586 3154 ’καὶ
3650 3074 3841 3177 ωροθέ-

476 3168 670 3224 verint
696 3182 765 3224 ac
814 3165 1359 3237 determinaverint,
1404 3166 1577 3237 juxta
1635 3166 1736 3222 Dei
1789 3167 2093 3239 inspiratio

2230 3204 2418 3257 τησαν,
2481 3190 2570 3240 καὶ
2634 3194 2750 3250 ταῖς
2810 3183 3058 3262 διαφόρος
3116 3197 3217 3242 τῶν
3281 3189 3603 3249 Ἐκκλησιῶν
3661 3165 3834 3268 ὁροθε-

476 3271 641 3323 nem,
699 3255 999 3327 variisque
1058 3254 1455 3312 Ecclesiarum
1502 3254 2093 3313 determinationihus

2234 3278 2376 3336 σίαις
2404 3254 2692 3351 ⁷φραγμοὺς
2756 3254 3084 3352 περιέθηκαν,
3145 3284 3234 3331 καὶ
3299 3254 3699 3354 περιετείχισαν.
3743 3283 3834 3342 τὰς

477 3348 649 3419 septa
703 3344 1269 3417 circumposuerint,
1327 3347 1508 3416 atque
1580 3343 1846 3416 singulas
1896 3344 2091 3419 ubiqu

2235 3363 2538 3437 ἑκασταχοῦ
2585 3364 2780 3441 ἓνορίας
2828 3370 2955 3439 πρὸς
3004 3366 3285 3440 ἀσφάλειαν
3330 3389 3346 3403 θ
3406 3370 3542 3422 ὥστε
3592 3374 3663 3442 μὴ
3715 3374 3838 3434 τοὺς

474 3434 817 3508 provincias
885 3432 1461 3490 circumvallaverint
1525 3432 1605 3488 ad
1661 3434 2025 3503 cautionem,
2050 3449 2090 3490 n

2236 3451 2541 3526 φιλοδόξους
2586 3474 2641 3508 τε
2704 3460 2793 3508 καὶ
2852 3454 3108 3519 ἀλαζόνας
3163 3456 3263 3510 ἀπὸ
3317 3466 3417 3510 τῶν
3481 3458 3683 3511 οἰκείων
3749 3457 3834 3511 ἐπὶ

476 3523 780 3583 ambitiosi
801 3526 859 3578 et
888 3526 1235 3591 arrogantes
1264 3521 1436 3577 facile
1457 3537 1493 3578 a
1523 3522 1647 3577 suis
1686 3522 1765 3578 ad
1795 3522 2020 3581 alienas
2039 3524 2093 3580 in

2232 3521 2323 3604 τὰς
2378 3543 2647 3619 ἀλλοτρίας
2705 3545 2920 3607 εὐκόλως
2972 3542 3237 3618 έπεπηδᾷν
3270 3567 3284 3581 ο
3339 3546 3469 3600 ἀλλὰ
3523 3543 3835 3610 δεδοικότας

475 3612 701 3669 silirent
750 3629 764 3679 ;
816 3610 924 3667 sed
972 3610 1143 3667 veriti
1213 3610 1506 3667 macerias
1556 3610 2092 3670 terribilissimarur

2234 3634 2327 3695 τάς
2387 3635 2645 3706 αἱμασιὰς
2705 3642 2804 3686 τῶν
2871 3631 3308 3710 φρικωδεστάτων
3373 3637 3675 3710 ἀφορισμῶν
3740 3640 3832 3689 καὶ

474 3700 1172 3801 θΧοοξΠωυιηίίξδίίοξξυω
1223 3701 2124 3801 ξίίίυθ,ξ.θξο.81ίθξὶθιίίοηυων
2234 3730 2333 3774 τῶν
2392 3700 2492 3775 ἀπὸ
2560 3730 2694 3777 Θεοῦ
2750 3700 3153 3797 ἀλλοτριώσεων,
3192 3700 3427 3801 στέργειν.
3474 3700 3707 3779 ,ἕκαστον
3770 3726 3833 3785 ἣν

473 3787 809 3846 excolerent
846 3788 1065 3859 singuli
1092 3793 1357 3862 spartam
1379 3787 1492 3845 sibi
1538 3788 1938 3861 designatam,
1984 3807 2090 3864 pro

2234 3810 2392 3884 ἔλαχε
2429 3814 2687 3886 Σπάρταν,
2733 3815 2823 3865 καὶ
2865 3812 3140 3889 ἀρκεῖσθαι
3186 3810 3258 3887 τῷ
3310 3810 3430 3888 ἰδίῳ
3458 3813 3615 3888 λάχει
3645 3819 3735 3868 καὶ
3765 3821 3830 3888 τῇ

470 3878 724 3952 priaque
755 3882 913 3937 sorte
938 3893 1009 3935 ac
1036 3876 1381 3935 haereditate
1432 3878 1899 3937 accommodata
1922 3896 2087 3939 esset:

1432 3878 1899 3937 ἂοοοωωοάὸΐθι
1922 3881 2129 3939 essent
2233 3876 2653 3976 πρόσαρμοσάση
2674 3876 3033 3976 ’κληροδοσίῳ

469 3969 750 4027 contenti.
1564 3984 1571 3993 ε

539 4061 598 4117 4.
633 4057 769 4124 Sed,
797 4073 834 4115 ο
869 4073 1008 4115 mea
1059 4061 1253 4115 errata
1276 4055 1288 4112 l
1313 4072 1350 4113 ο
1402 4055 1824 4131 inexplebilem
1850 4057 2126 4117 ambitio-

2305 4075 2352 4132 δ’
2359 4120 2372 4135 .
2414 4078 2548 4133 Ἀλλ’
2592 4079 2632 4131 ὦ
2678 4087 2777 4132 τῶν
2830 4078 2961 4153 ἐμῶν
3020 4078 3391 4154 ἀγνοημάτωνξ
3438 4081 3477 4133 ὢ
3524 4089 3621 4142 τῆς
3662 4079 3829 4142 ἀπ)ή-

468 4148 647 4205 nem!
676 4164 813 4221 quae
843 4164 1088 4206 omnem
1114 4147 1299 4205 modo
1337 4150 1693 4205 canonicam
1747 4148 2085 4223 disciplina!

2235 4186 2361 4221 στον
2416 4164 2753 4241 φιλοδοξίαςι
2809 4174 2983 4222 πᾶσαν
3024 4167 3214 4243 ἀρτίως
3264 4174 3536 4229 κανονικην
3590 4169 3829 4235 εὐταξίαν

469 4236 712 4306 abjecit,
782 4252 1151 4310 omnemque
1236 4236 1635 4294 Christianam
1690 4237 2086 4296 institutione:

2232 4253 2675 4325 έξουδενωσάσης,
2748 4257 2837 4311 καί
2913 4256 3209 4335 ἀνατρέπειν
3281 4262 3651 4335 επιχειρούσης
3730 4265 3828 4319 τήν

468 4326 729 4380 evertere
756 4324 1098 4394 connititur,
1135 4324 1259 4381 imo
1307 4339 1447 4381 vero
1475 4329 1533 4381 et
1574 4324 1866 4382 adversus
1918 4326 2085 4399 ipsur

2229 4353 2608 4421 Χριστιανικὴν
2663 4350 2991 4402 κατάστασιν
3057 4355 3270 4403 πᾶσανυ
3335 4349 3524 4423 μᾶλλον
3586 4352 3676 4421 μὲν
3736 4349 3827 4403 οὖν

468 4410 743 4468 Ecclesiae
769 4416 952 4485 caput
976 4413 1143 4485 quod
1177 4416 1263 4468 est
1292 4412 1577 4485 Christus,
1634 4414 2005 4472 conﬁdenter
2023 4416 2085 4472 de

2228 4444 2313 4490 καὶ
2360 4435 2470 4492 κατ’
2529 4438 2687 4499 αὐτῆς
2742 4445 2837 4501 τῆς
2897 4437 3121 4511 κεφαλῆς
3178 4446 3273 4502 τῆς
3328 4438 3659 4510 Ἐκκλησίας,
3708 4442 3828 4501 ἣτις

470 4500 606 4569 silit,
657 4516 854 4574 neque
903 4500 1176 4558 stimulos
1225 4500 1527 4569 formidat,
1572 4517 1727 4575 quos
1764 4502 1909 4559 olim
1942 4505 2087 4562 Sauli

2228 4526 2368 4581 ἐστίν
2428 4529 2453 4580 ὁ
2521 4531 2774 4604 Χριστὸς,
2842 4500 3069 4604 θρασέως
3128 4500 3535 4602 κῆθαλλομίνης,
3602 4500 3690 4582 καὶ
3747 4533 3822 4601 μὴ

465 4592 869 4650 comminatus
890 4593 979 4647 est
1006 4589 1296 4661 Christus,
1345 4589 1550 4647 dicens
1600 4590 1680 4647 ad
1699 4607 1839 4649 eum
1864 4594 2082 4652 :Duruz

2226 4616 2537 4691 φοϐουμένης
2572 4589 2663 4671 .τά
2708 4589 2892 4691 κέντρά
2949 4618 2984 4670 ἆ
3032 4621 3124 4671 καί
3178 4627 3252 4692 τῷ
3315 4616 3491 4691 Σαύλῳ
3549 4618 3828 4677 ἐπηπειλή-

466 4687 551 4740 est
577 4681 685 4740 tibi
703 4686 916 4740 contra
941 4679 1212 4737 stimulos
1238 4679 1561 4738 catcitrare
1595 4681 1663 4737 η.

2228 4711 2355 4759 σατό
2381 4726 2505 4760 ποτε
2525 4708 2550 4760 ό
2579 4710 2832 4784 Χριστὸς,
2864 4706 3088 4783 Σκληρόν
3113 4727 3218 4780 σοι,
3240 4710 3461 4782 φάμενος
3482 4710 3609 4781 πρὸς
3639 4706 3818 4775 αὐτὸν,

2223 4798 2354 4871 πρὸς
2382 4802 2567 4873 κέντρα
2585 4796 2870 4858 λακτιζειν.

535 4907 583 4958 5.
618 4902 904 4960 Novimus
951 4900 1113 4959 enim
1140 4899 1338 4958 cuncti
1367 4897 1472 4974 qui
1530 4898 1861 4958 Christiano
1886 4900 2115 4962 intincti

2294 4904 2350 4958 ε’.
2402 4900 2634 4979 Οἴδαμεν
2698 4906 2799 4979 γὰρ
2866 4903 3087 4968 ἅπαντες
3142 4904 3255 4958 ὅσοι
3322 4906 3381 4957 τὸ
3448 4904 3826 4980 Χριστιανικόν

462 4989 687 5046 fuimus
706 4991 1031 5064 baptismo,
1054 4989 1221 5065 quod
1236 5005 1392 5047 unus
1414 4988 1804 5060 estmagister
1820 4995 1876 5049 et
1902 4991 2079 5052 ducto

2222 4994 2617 5069 βεϐαπτίσμεθα
2692 4994 2997 5069 βάπτισμα,
3074 4996 3146 5058 ὡς
3221 4990 3295 5057 εἷς
3361 4994 3502 5047 ἐστιν
3574 4996 3721 5067 ἡμῶν
3799 4996 3826 5046 ὁ

460 5084 684 5146 noster,
718 5081 1005 5152 Christus,
1034 5082 1285 5155 ipseque
1316 5084 1405 5137 est
1443 5080 1716 5138 omnium
1766 5098 1873 5155 per
1900 5084 2077 5142 orben

2218 5086 2542 5158 καθηγητὴς,
2574 5086 2600 5137 ό
2656 5089 2918 5160 Χριστός·
2969 5088 3058 5136 καί
3102 5082 3256 5147 αὑτός
3300 5083 3413 5137 ἐστι
3473 5081 3666 5155 κεφαλὴ
3721 5090 3824 5135 τῶν

461 5167 933 5228 Christianorum
961 5175 1181 5243 caput;
1212 5169 1475 5226 universi
1526 5174 1728 5227 autem
1782 5172 2078 5243 pontiﬁce]

2219 5175 2528 5248 ἁπανταχοῦ
2572 5180 2666 5237 τᾶς
2717 5174 3019 5248 οἰκουμένης
3090 5182 3418 5250 Χριστιανῶν
3451 5194 3463 5208 ·
3527 5175 3713 5235 πάντες
3762 5168 3822 5225 δὲ

456 5257 736 5318 honorati
764 5258 1067 5331 dignitate,
1093 5258 1303 5317 fratres
1332 5274 1544 5316 sumus
1576 5263 1634 5317 et
1674 5261 1951 5320 membra
1980 5278 2073 5321 cor

2218 5268 2267 5319 oi’
2321 5274 2393 5338 τῷ
2460 5264 2815 5340 ἀρχιερατικῷ
2872 5267 3200 5337 τετιμημένοι
3281 5262 3538 5338 ἀξιώματι
3605 5258 3821 5336 ἀδελφοί

528 5439 574 5475 ¹³
602 5437 853 5511 Philipp.
886 5452 962 5496 ιν.
994 5438 1049 5495 4.
1129 5437 1175 5474 ¹⁴
1212 5437 1337 5495 Jac.
1374 5453 1413 5511 ι,
1447 5441 1498 5495 2.
1580 5439 1625 5475 ιδ
1657 5438 1705 5495 II
1740 5441 1869 5501 Cor.
1902 5457 2008 5514 xu,
2042 5445 2073 5500 9

462 5512 506 5548 ιθ
532 5513 656 5570 Act.
689 5526 766 5570 ιι.
796 5513 847 5569 5.

2192 5455 2218 5503 ι.
2297 5444 2344 5482 ¹⁶
2375 5444 2517 5503 Luc.
2548 5459 2650 5516 vn,
2675 5447 2728 5501 5.
2809 5443 2851 5482 1"
2883 5443 3021 5513 Luc,
3054 5457 3113 5509 v,
3151 5446 3207 5499 5.
3294 5441 3339 5481 ¹⁸
3366 5440 3533 5500 Psal.
3563 5456 3719 5510 xm,
3750 5443 3809 5497 2.

582 5526 656 5570 ot.
689 5526 766 5584 ut,
796 5526 847 5569 ο.
