4096 6208
188 201 299 261 617

1423 192 1778 256 EPISTOLA
1816 190 1864 247 Il
1901 194 1995 250 AD
2032 195 2326 258 CYPRIOS

3454 214 3558 276 618

190 327 347 401 ἐσμεν
389 327 478 380 καὶ
523 325 650 400 μιλη
701 333 792 380 τοῦ
835 330 1077 401 σώματος
1123 332 1215 382 τοῦ
1266 331 1524 401 Χριστοῦ.
1579 324 1681 375 Καὶ
1732 339 1765 372 τη

1907 321 2069 420 poris
2097 325 2444 420 Christi._Ac
2464 327 2683 386 veritas
2709 327 2986 420 quidem
3014 331 3098 389 ita
3133 331 3351 405 habet;
3384 339 3560 411 testa-

188 420 284 489 μὶν
351 415 533 478 mea;
615 419 778 480 οῦτως
852 419 984 491 ἔχει·
1062 421 1153 471 καὶ
1222 422 1478 492 μαρτυρεῖ
1552 410 1705 473 αύτός
1765 410 1792 462 ό

188 509 426 579 Χριστὸς
459 509 490 564 ἠ
547 505 911 576 αύτοαλήθεια,
967 511 1058 560 καὶ
1087 507 1137 560 οἰ
1189 506 1445 560 αύτόπται
1487 505 1674 556 τούτου
1702 503 1792 552 καὶ

185 595 468 671 ύπηρίταιο
519 597 545 648 ό
599 591 659 649 δέ
703 615 763 668 γε
809 595 1061 659 Ἰταλικὸς
1103 603 1262 669 τῦφος
1305 603 1456 649 τοῦτο
1494 593 1553 645 ού
1603 587 1792 664 βούλε-

183 703 298 750 ται,
353 681 469 736 οὐδ’
527 683 772 757 ἀνέχεται
817 689 904 738 τόν
959 689 1190 759 Χριστόν
1242 684 1464 758 κεφαλὴν
1521 685 1610 734 καὶ
1663 676 1792 732 εἶναι

184 777 280 824 καὶ
369 771 738 845 ὀνομάζεσθαι·
830 771 936 825 ἀλλ’
993 772 1247 826 ἐκϐάλλων
1328 779 1508 825 τοῦτον
1595 769 1790 828 ταύτης

183 869 284 923 τῆς
335 861 546 928 τάξεως,
600 871 673 932 τῷ
741 860 980 938 ἀρχιερεί
1025 871 1120 924 τῆς
1175 861 1526 936 πρεσϐυτέρας
1594 857 1792 930 Ῥώμης

185 953 387 1009 ταύτην
447 953 754 1024 χαρίζεται·
821 957 912 1006 καὶ
974 950 1318 1026 ἀναχωνιύειν
1386 949 1644 1023 ἐπιχειρεῖ
1726 950 1793 1000 τὰ

183 1037 517 1102 πενταδικῶς
595 1039 951 1116 ἀριθμούμενα
1024 1048 1402 1118 πατριαρχεῖα,
1461 1043 1552 1091 καὶ
1629 1038 1678 1090 ἓν
1736 1035 1790 1089 ἐκ

182 1133 386 1182 τούτων
434 1129 717 1200 ἀποτελεῖν,
761 1135 852 1184 καὶ
893 1133 1090 1184 τιθέναι
1135 1136 1221 1185 τόν
1276 1133 1451 1205 θρόνον
1505 1129 1661 1181 αύτοῦ
1707 1125 1791 1179 ἐπὶ

184 1227 288 1271 τῶν
339 1220 552 1293 τεφελῶν
600 1220 985 1296 ἀποθραάϐεται
1034 1221 1053 1292 [
1185 1218 1664 1294 ἀποθρασύνεται],
1696 1220 1787 1269 καὶ

184 1317 260 1380 τῷ
311 1308 538 1381 ’ὶσψίστῳ
595 1308 896 1384 ἀφομοιοῦν.
947 1311 1173 1384 Νεφελας
1224 1307 1276 1363 δ’
1332 1308 1431 1382 ἐγώ
1479 1327 1612 1382 φημι
1668 1309 1787 1368 τούς

184 1400 542 1473 ὑπερέχοντας
613 1398 1012 1476 ἀρχιερατικοὺς
1087 1403 1295 1476 θρόνους
1368 1403 1457 1451 καὶ
1531 1396 1784 1468 ὑψηλούς,

183 1493 278 1540 καὶ
339 1487 788 1562 ἀποτέταγμένους
833 1489 906 1551 εἰς
985 1496 1362 1564 πατριαρχιῖα·
1424 1487 1478 1550 ἐξ
1533 1484 1600 1538 ὧν
1665 1487 1786 1557 ὑψί-

187 1577 334 1637 ζεται
384 1581 443 1631 τὸ
495 1583 752 1651 περίγειον
803 1577 960 1645 ἁπαν,
1011 1577 1222 1652 βροχήν
1276 1577 1512 1630 Exodo-tow
1557 1581 1647 1628 καὶ
1678 1597 1784 1648 μν-

1905 412 2119 484 turque
2139 415 2271 487 ipse
2297 416 2588 490 Christus,
2620 419 2838 492 quiest
2864 419 2999 492 ipsa
3035 422 3277 496 veritas,
3323 441 3560 486 necnon

1904 501 2006 572 qui
2028 517 2167 560 eum
2197 505 2312 578 ipsi
2336 507 2633 580 viderunt,
2663 513 2720 566 et
2747 509 2988 567 fuerunt
3015 513 3145 584 ejus
3182 514 3440 573 ministri
3487 519 3558 576 ³ο.

1903 591 2121 648 Verum
2150 593 2337 651 fastus
2359 596 2594 654 Italicus
2624 597 2686 654 id
2710 614 2834 655 non
2861 599 3008 672 vult,
3062 616 3261 676 neque
3305 603 3562 665 sustinet

1903 679 2192 738 Christum
2217 689 2400 757 caput
2424 701 2552 743 esse
2573 691 2629 744 et
2649 689 2849 744 vocari
2875 707 2888 758 ;
2919 689 3025 746 sed
3053 706 3191 747 eum
3214 691 3292 748 ab
3314 693 3432 750 hoc
3460 711 3558 752 or-

1901 767 2042 826 dine
2070 771 2333 843 ejiciens,
2365 776 2614 833 senioris
2642 780 2846 834 Romae
2869 779 3135 850 pontiﬁci
3177 781 3348 838 illum
3378 783 3557 856 largi-

1902 860 2035 928 tur;
2068 863 2196 918 tum
2225 863 2733 936 quinariinumeri
2754 867 3195 938 patriarchatus
3222 873 3556 931 reconﬂare

1902 961 1972 1003 ac
1995 963 2185 1005 unum
2207 967 2278 1007 ex
2297 952 2366 1008 iis
2388 955 2681 1012 conficere
2703 959 2905 1025 tentat,
2929 957 3229 1031 audetque
3268 960 3555 1020 thronum

1900 1034 2057 1091 illius
2084 1054 2305 1110 ponere
2331 1058 2510 1115 super
2539 1043 2750 1115 nubes,
2787 1049 2966 1118 atque
2997 1047 3296 1106 Altissimo
3324 1051 3559 1108 assimi-

1899 1121 2024 1182 lare
2055 1128 2124 1184 ²¹.
2152 1129 2349 1186 Nubes
2379 1136 2579 1188 autem
2610 1148 2722 1205 ego
2749 1133 2884 1190 dico
2935 1136 3265 1194 eminentes
3314 1139 3554 1210 pontifi-

1900 1213 2023 1270 cias
2051 1215 2244 1290 sedes,
2280 1219 2575 1293 altasque,
2607 1227 2662 1278 et
2691 1222 2751 1278 in
2779 1223 3144 1296 patriarchia
3173 1226 3506 1284 destinatas
3534 1244 3550 1294 ;

1897 1317 2006 1374 per
2024 1320 2178 1376 quas
2199 1308 2540 1366 exaltantur
2559 1315 2776 1370 cuncta
2797 1313 3114 1383 terrestria,
3146 1314 3550 1374 voluntarium

1897 1393 2345 1470 mysticumque
2370 1399 2693 1470 spiritualis
2745 1400 3031 1458 doctrinae
3081 1403 3338 1461 imbrem
3369 1406 3552 1463 susci-

1895 1481 2138 1553 pientia.
2157 1486 2199 1540 0
2214 1487 2458 1558 quantis
2483 1487 2768 1562 lacrymis
2782 1490 2912 1546 haec
2923 1491 3109 1563 digna
3129 1499 3287 1563 sunt,
3306 1495 3550 1567 quantis

1898 1571 2266 1638 gemitibus!
2313 1576 2479 1648 quod
2509 1577 2804 1650 superbiae
2855 1578 3118 1650 spiritus,
3174 1581 3549 1653 tenebrosus,

185 1672 374 1725 στικην
438 1675 530 1728 τῆς
589 1676 945 1740 πνευματικῆς
1028 1663 1386 1727 διδασκαλίας
1464 1661 1765 1738 δεχόμενον

1896 1660 2120 1732 quique
2152 1664 2557 1722 maximorum
2607 1666 2960 1724 delictorum
2993 1674 3201 1726 auctor
3252 1674 3359 1741 est,
3413 1687 3549 1729 ma-

179 1755 252 1808 Ὠ
298 1761 470 1809 πόσων
518 1765 686 1810 ταῦτα
727 1754 968 1831 δακρύων
1025 1757 1168 1824 ἀξια,
1216 1761 1393 1809 πόσων
1426 1764 1724 1828 στεναγμῶν
1768 1753 1780 1808 ἔ

180 1847 260 1897 ὃτι
319 1848 380 1897 τό
434 1853 524 1906 τῆς
575 1847 927 1920 ὑπερηφανίας
992 1853 1194 1919 πνεῦμα
1244 1849 1302 1898 τὸ
1369 1849 1629 1898 σκοτεινόν
1695 1850 1784 1898 καὶ

177 1938 445 2006 μεγίστοιν
496 1936 785 2008 πτωμάτων
832 1940 1110 2008 παραίτιον
1175 1942 1266 1988 τοῦ
1314 1933 1540 2007 μεγάλου
1597 1936 1781 1987 τούτου

177 2028 362 2095 γένους
388 2029 479 2076 καὶ
509 2023 916 2098 πολυανθρώπου
941 2027 1248 2099 κεκράτηκε.

253 2111 308 2173 ς’.
378 2118 567 2188 Πρώτη
635 2117 727 2186 μὲν
809 2110 896 2166 οὖν
979 2119 1069 2166 καὶ
1131 2118 1353 2186 μεγίστη
1439 2114 1607 2188 τόλμα
1680 2121 1781 2166 τῶν

176 2200 382 2254 Ἰταλῶν
433 2204 464 2260 ἡ
523 2201 572 2254 ἐν
621 2210 693 2273 τῷ
742 2203 874 2274 ἁγίῳ
934 2202 1175 2275 συμϐόλῳ
1251 2211 1344 2266 τῆς
1408 2209 1632 2264 πίστεως
1683 2202 1781 2256 ἀπ-

179 2296 506 2363 ηγορευμένη
582 2294 882 2364 προσθήκη·
958 2294 1080 2366 ὅπερ
1149 2295 1231 2345 ῑνα
1293 2297 1495 2364 μήποτε
1557 2291 1779 2346 ἀποτολ-

177 2381 344 2452 μηθῇ,
406 2378 691 2454 ἀναθέματι
743 2383 933 2452 αἰωνίῳ
989 2382 1044 2434 αἱ
1081 2380 1436 2453 οἰκουμενικαὶ
1482 2386 1572 2434 καὶ
1628 2382 1778 2454 ἅγιαι

178 2465 396 2521 σύνοδοι
425 2473 550 2530 τούς
601 2469 963 2541 τολμήσαντας
1018 2468 1392 2522 καθυπέϐαλον.
1433 2475 1532 2522 Καὶ
1588 2473 1612 2522 ό
1645 2469 1776 2543 βου-

171 2556 382 2629 λόμενος
436 2557 830 2629 ἀναγινωσκέτω
895 2563 982 2612 τόν
1043 2567 1134 2620 τῆς
1199 2559 1557 2633 οἰκουμενικῆς
1620 2562 1774 2624 ἕκτης

172 2642 400 2698 συνόδου
452 2655 656 2720 πρῶτον
708 2652 913 2714 κανόνα,
974 2647 1108 2700 οὕτω
1136 2649 1304 2722 ῥητῶς
1353 2653 1472 2722 περὶ
1514 2651 1573 2701 τό
1630 2649 1772 2712 τέλος

165 2733 400 2806 λέγοντα.
451 2734 515 2787 Εἰ
573 2732 632 2788 δέ
682 2756 762 2798 τις
815 2745 914 2788 τῶν
967 2736 1202 2789 ἁπάντων
1259 2743 1329 2810 μὴ
1387 2741 1452 2790 τὰ
1514 2757 1767 2812 προειρη-

163 2827 291 2893 μένα
359 2831 458 2885 τῆς
530 2823 792 2886 εὐσεϐείας
870 2821 1114 2898 δόγματα
1179 2845 1353 2897 κρατει
1417 2832 1506 2879 καὶ
1596 2827 1766 2881 ἀσπα-

164 2913 330 2978 ζεται,
387 2918 480 2966 καὶ
542 2913 674 2966 οὕτω
731 2911 944 2976 δοξάζει
1000 2935 1055 2966 τε
1101 2921 1190 2968 καὶ
1243 2918 1502 2990 κηρύττει,
1553 2916 1663 2969 ἀλλ’
1710 2918 1764 2982 ἐξ

474 3003 540 3056 ἰέν
547 3023 600 3054 αι

162 2999 392 3062 ἐναντίας
474 3003 600 3056 ἰέναι
679 3007 874 3056 τούτων
959 3001 1217 3078 ἐπιχειρεῖ
1282 3007 1414 3056 ἔστω

160 3095 294 3145 κατα
360 3097 450 3146 τὸν
513 3089 619 3152 ἠδη
692 3093 958 3147 ἐκτεθέντα
1020 3096 1135 3166 ὀρον
1229 3096 1328 3147 ὑπὸ
1390 3104 1490 3148 τῶν
1555 3095 1756 3172 προδη-

159 3180 418 3234 λωθέντων
480 3181 638 3254 ἁγίων
721 3188 810 3235 καὶ
869 3189 1138 3257 μακαρίων
1194 3188 1452 3256 Πατέρων·
1512 3191 1602 3238 καὶ
1667 3195 1759 3240 τοῦ

162 3278 542 3344 Χριστιανικοῦ
634 3271 926 3344 καταλόγου
1015 3275 1083 3333 ὡς
1187 3273 1454 3348 ἀλλότριος
1556 3275 1756 3338 ἐξωθεί-

161 3361 272 3411 σθω
323 3366 415 3412 καὶ
482 3359 786 3415 ἐκπιπτέτω·
849 3361 1024 3434 Ἡμεῖς
1079 3365 1179 3435 γὰρ
1245 3366 1362 3415 οὔτε
1424 3368 1760 3437 προστιθέναι

719 3452 954 3525 ὑφαιρεῖν
1044 3455 1180 3504 κατά
1244 3453 1310 3502 τὰ
1380 3455 1760 3526 προορισθέντα

966 3543 994 3597 ἣ
1082 3539 1198 3592 καθ’
1265 3541 1528 3594 ὁντιναοῦν
1604 3539 1760 3594 δεδυ-

157 3467 228 3514 τι,
319 3453 439 3501 οὔτε
525 3454 627 3522 μὴν

156 3537 421 3599 παντελῶς
510 3534 882 3612 διεγνώκαμεν,

155 3629 360 3699 νήμεθα
417 3627 590 3698 λόγον,
661 3633 761 3681 Καὶ
821 3637 987 3681 ταῦτα
1033 3633 1123 3702 μὲν
1179 3631 1204 3682 ό
1261 3627 1513 3693 δηλωθεὶς
1567 3639 1754 3684 κανών·

151 3704 278 3767 Ὀτι
328 3712 389 3768 δὲ
436 3719 572 3769 κατά
622 3724 795 3770 πᾶσαν
839 3719 1199 3790 οἰκουμενικὴν
1245 3717 1464 3773 σύνοδον
1511 3719 1758 3776 συνευδο-

150 3813 254 3855 κῶν
293 3801 355 3862 ἧν
404 3810 494 3856 καὶ
528 3807 553 3856 ό
591 3808 728 3858 κατὰ
769 3811 864 3864 τὴν
912 3809 1106 3882 ἡμέραν
1155 3812 1366 3870 πάπποις
1409 3807 1502 3863 διὰ
1535 3832 1756 3871 τοποτη-

147 3902 323 3968 ρητῶν
375 3901 484 3957 τοῖς
533 3900 910 3970 κεκυρωμένοις
962 3893 1198 3970 δόγμασί
1253 3917 1307 3951 τε
1363 3905 1452 3952 καὶ
1517 3921 1748 3973 κανόσιν,

149 3979 326 4043 οὐδεὶς
357 3992 457 4034 τῶν
481 3989 739 4058 τροφίμων
765 3984 921 4057 λόγου
962 3986 1207 4057 ἠγνόησε.

220 4071 280 4132 ς’.
310 4077 374 4124 Τί
415 4080 503 4124 νῦν
558 4076 615 4125 τὸ
678 4072 899 4126 ἐνταῦθα
954 4081 1299 4148 συναγόμενον
1350 4094 1363 4144 ;
1427 4076 1641 4155 Ὀτιπερ
1701 4083 1750 4134 οἱ

144 4170 235 4213 νῦν
288 4170 384 4222 τῆς
433 4161 785 4237 πρεσϐυτέρας
847 4163 1043 4236 Ῥώμης
1099 4163 1384 4240 ἀρχιειρεῐς
1450 4165 1573 4220 οὐδὲ
1632 4175 1747 4232 τούς

147 4250 232 4303 ἐπὶ
304 4259 406 4302 τῶν
462 4251 826 4324 οἰκουμενικών
891 4257 982 4304 καὶ
1061 4253 1221 4324 ἁγίων
1305 4255 1436 4308 ἑπτὰ
1511 4256 1744 4311 συνόδων

1895 1764 2083 1819 gnum
2112 1752 2229 1810 hoc
2272 1754 2626 1814 hominibus
2664 1757 3114 1815 refertissimum
3157 1775 3348 1831 genus
3387 1761 3548 1818 devi-

1895 1839 2052 1896 cerit.

1964 2111 2014 2162 6.
2037 2107 2300 2165 Primum
2327 2111 2608 2184 equidem
2638 2113 3096 2186 maximumque
3135 2115 3420 2172 Italorum
3451 2114 3541 2174 fa-

1891 2193 2060 2251 cinus
2083 2203 2169 2254 est
2205 2199 2520 2256 interdicta
2543 2200 2646 2257 illa
2665 2201 2744 2257 ad
2774 2201 2914 2257 ﬁdei
2962 2202 3318 2274 Symbolum
3372 2203 3541 2262 addi-

1889 2283 1970 2340 tio
1984 2303 2002 2355 ,'
2036 2286 2201 2358 quod
2258 2303 2334 2344 ne
2391 2288 2722 2362 aliquando
2779 2293 3119 2362 tentaretur,
3171 2289 3544 2351 anathemati

1887 2379 2174 2446 perpetuo
2197 2391 2298 2432 eos
2318 2377 2423 2449 qui
2453 2378 2582 2434 ausi
2608 2384 2806 2434 essent
2857 2379 3237 2450 subjecerunt
3285 2397 3543 2439 oecume-

1884 2463 2033 2518 nicae
2057 2468 2398 2539 sanctasque
2424 2468 2660 2540 synodi.
2688 2471 2868 2538 Legat
2906 2470 3009 2540 qui
3027 2468 3306 2538 voluerit,
3358 2486 3542 2540 gene-

1881 2551 2022 2606 ralis
2053 2559 2232 2610 sextaa
2285 2555 2502 2627 synodi
2547 2571 2844 2611 canonem
2883 2556 3170 2627 primum,
3229 2557 3332 2630 qui
3363 2558 3444 2614 ita
3465 2558 3544 2615 ad

1879 2642 2133 2698 verbum
2160 2644 2319 2700 circa
2347 2645 2533 2701 ﬁnem
2555 2645 2772 2702 habet:
2799 2645 2860 2701 Si
2886 2649 3017 2716 quis
3045 2652 3242 2702 autem
3260 2664 3331 2703 ea:
3356 2656 3547 2704 omni-

1879 2730 1983 2786 bus
2001 2734 2303 2801 prcedicta
2313 2736 2555 2803 pietatis
2581 2736 2818 2792 decreta
2834 2752 2952 2790 non
2968 2741 3123 2792 tenet
3150 2742 3203 2791 et
3236 2738 3536 2806 amplecti-

1876 2813 1996 2883 tur,
2027 2824 2228 2893 sicque
2247 2825 2537 2891 opinatur
2560 2831 2614 2880 et
2634 2823 2955 2893 priedical,
2979 2825 3080 2879 sed
3105 2826 3174 2879 iis
3199 2831 3409 2880 contra
3429 2827 3532 2880 ad-

1872 2913 2390 2979 versariconatur,
2413 2915 2489 2968 sit
2504 2914 3186 2975 anathema,secundum
3190 2915 3324 2983 jam
3349 2929 3536 2983 expo-

1505 3003 1755 3079 ἀνάθεμα,
1792 3009 1832 3065 C
1870 3001 2050 3056 silum
2079 3004 2250 3070 prius
2271 3003 2720 3060 declaratorum
2745 3009 3087 3059 sanctorum
3117 3009 3170 3058 et
3203 3003 3534 3070 beatorum,

1869 3088 2118 3144 Patrum
2161 3092 2512 3160 decretum;
2561 3097 2616 3146 et
2670 3108 2706 3146 (ι
2749 3092 3095 3147 Christiano
3135 3092 3433 3162 catalogo,
3465 3101 3529 3148 ut

1870 3179 2104 3234 alienus
2139 3181 2507 3238 extrudatur
2527 3187 2580 3237 et
2598 3181 2849 3237 excidat.
2877 3182 2997 3236 Nos
3019 3183 3175 3236 enim
3201 3197 3391 3252 neque
3416 3183 3526 3237 ali-

1843 3268 2016 3338 'quid
2041 3269 2320 3340 adjicere,
2354 3285 2542 3340 neque
2566 3269 2892 3341 quidquam
2927 3270 3207 3338 adimere,
3233 3273 3422 3339 juxta
3455 3285 3524 3327 ea

1869 3371 2003 3426 quce
2018 3358 2189 3426 prius
2218 3359 2464 3426 deﬁnita
2492 3359 2766 3427 fuerunt,
2799 3359 2995 3414 omnia
3055 3361 3396 3428 statuimus,
3429 3359 3524 3416 vel

1868 3447 1996 3502 ullo
2028 3448 2198 3504 modo
2219 3451 2542 3518 potuimus.
2583 3449 2805 3504 Et-haec
2858 3449 3103 3518 quidem
3152 3455 3523 3505 memoratus

1869 3551 2086 3594 canon.
2119 3539 2287 3603 Quod
2315 3544 2514 3594 autem
2540 3539 2599 3594 in
2631 3539 2797 3594 omni
2847 3538 3216 3594 oecumenica
3258 3539 3520 3610 synodo,

1867 3626 2202 3681 constitutis
2253 3627 2640 3696 dogmatibus
2685 3633 2738 3682 et
2789 3626 3125 3682 canonibus
3156 3643 3520 3682 consensum

1865 3729 1973 3786 per
2001 3715 2254 3771 vicarios
2282 3715 2601 3786 praebuerit
2619 3731 2782 3788 papa
2801 3714 2956 3771 illius
2987 3717 3290 3788 temporis,
3314 3715 3518 3772 nullus

1865 3804 2216 3860 eruditionis
2244 3805 2526 3862 alumnus
2551 3805 2808 3875 ignorat.

1931 4077 1984 4128 7.
2025 4074 2157 4129 Jam
2212 4071 2360 4146 quid
2424 4072 2564 4128 inde
2609 4071 2883 4142 colligere
2938 4068 3066 4126 est?
3099 4069 3269 4136 Quod
3330 4070 3511 4141 hujus

1857 4163 2144 4233 temporis
2169 4161 2377 4217 veteris
2409 4163 2609 4216 Romae
2636 4160 2947 4232 pontiﬁces
2968 4174 3356 4231 nequaquam
3388 4177 3515 4214 sus-

1857 4251 2164 4322 cipiuntet
2187 4249 2632 4321 amplectuntur
2679 4264 2782 4304 eos
2821 4247 3032 4302 veteris
3089 4249 3290 4302 Romae
3320 4247 3514 4319 ponti-

150 4339 414 4414 ἀρχιερεῖς
485 4349 578 4402 τῆς
651 4340 1024 4416 πρεσϐυτέρας.
1103 4343 1303 4416 Ῥώμης
1387 4344 1742 4418 ἀποδέχονται

1878 4340 2016 4410 ices,
2046 4340 2149 4412 qui
2177 4338 2547 4411 temporibus
2572 4337 2848 4392 vixerunt
2878 4342 3108 4408 septem
3139 4335 3508 4406 generalium

145 4435 236 4481 καὶ
304 4429 654 4491 ἀσπάζονται·
735 4430 840 4482 ἀλλ’
921 4435 988 4495 ὡς
1068 4434 1207 4505 ἡμᾶς
1267 4439 1386 4496 τοὺς
1469 4442 1740 4510 Γραικούς,

146 4518 419 4582 κάκείνους
469 4519 877 4593 ἀποστρέφονται
928 4527 1018 4573 καὶ
1069 4522 1414 4590 ἐξουθενοῦσι,
1463 4532 1534 4598 μὴ
1587 4523 1742 4600 δεχό-

144 4629 290 4681 μενοι
354 4613 422 4661 τα
483 4611 606 4684 παρ’
683 4610 885 4662 ἐκείνοιν
958 4608 1248 4674 συνοδικὼς
1311 4613 1594 4673 λαληθέντα
1652 4623 1741 4670 καὶ

142 4700 463 4770 κυρωθέντα.
519 4698 606 4759 Ὠς
661 4695 788 4751 εἶναι
849 4702 969 4762 τούς
1037 4707 1126 4752 νῦν
1186 4701 1415 4764 Ἰταλούς
1478 4708 1589 4765 νέας
1644 4711 1739 4758 πί·-

143 4805 305 4848 στεως
373 4783 754 4861 δογματιστὰς,
823 4794 913 4841 καὶ
977 4787 1157 4863 ἐτέρων
1258 4796 1480 4844 κανόνων
1545 4792 1740 4867 ἐφευρε-

137 4879 245 4937 τὰς.
298 4881 624 4934 Ζητείτωσαν
677 4873 766 4929 οὖν
819 4883 910 4930 καὶ
965 4879 1193 4952 Χριστόν
1240 4881 1404 4954 ἕτερον
1464 4887 1554 4934 καὶ
1615 4881 1740 4937 ἀπο-

137 4964 350 5025 στόλους
398 4965 626 5038 ἐτέρους.
693 4971 791 5019 Καὶ
842 4969 943 5039 γὰρ
997 4969 1045 5019 οἰ
1090 4966 1300 5021 ἐπὶτῶν
1334 4967 1568 5024 συνόδων
1629 4974 1734 5026 θεο-

134 5059 280 5127 γόροι
336 5060 427 5106 καὶ
497 5056 797 5130 θεοκὴρυκες
873 5061 1091 5132 Πατέρες
1171 5058 1228 5110 ού
1321 5064 1732 5114 πεπιστεύκασιν

135 5143 202 5206 εὶς
273 5149 485 5215 Πνεῦμα
537 5143 686 5214 ἅγιον
743 5143 797 5196 ἐκ
851 5141 947 5198 δύο
1022 5152 1314 5219 προσώπων
1365 5154 1460 5208 τὴν
1512 5151 1732 5224 ὕπαρξιν

135 5235 274 5303 ἔχον·
311 5231 444 5284 ἀλλά
496 5236 878 5286 πεπιστεύκασι
934 5243 1005 5305 τῷ
1051 5244 1287 5308 Χριστῷ,
1328 5241 1392 5298 ὡς
1425 5243 1514 5291 καὶ
1554 5239 1602 5291 ἐν
1629 5248 1732 5301 τοῖς

137 5322 307 5384 illos;
372 5321 560 5393 ἅπασι,
632 5327 720 5374 καὶ
800 5321 848 5375 ἐν
906 5332 1015 5386 τοῖς
1073 5331 1190 5400 περὶ
1257 5334 1348 5380 τοῦ
1413 5331 1728 5403 Πνεῦματος.

211 5501 261 5538 ³ο
293 5501 438 5557 Luc.
461 5513 498 5566 ι,
531 5501 582 5555 2.
617 5499 663 5535 ’ί
701 5503 807 5555 lsa.
838 5517 956 5573 xiv,
990 5505 1073 5572 t3,
1103 5503 1192 5561 14.

363 5586 614 5648 Paron.
649 5591 749 5647 Gn.
775 5590 923 5651 CXL.

1820 4435 1822 4440 '
1855 4437 2324 4501 sanctorumque
2341 4427 2731 4485 conciliorum
2760 4444 2772 4492 ;
2799 4425 2902 4482 sed
2922 4425 3094 4480 sicuti
3115 4440 3226 4480 nos
3249 4427 3507 4493 Graecos,

1851 4520 1935 4576 ita
1964 4525 2021 4576 et
2045 4519 2174 4575 illos
2205 4523 2559 4574 aversantur
2587 4522 2646 4572 et
2675 4515 2844 4570 nihili
2897 4517 3189 4586 pendunt,
3249 4514 3394 4570 dum
3436 4531 3508 4572 ea

1849 4625 1973 4665 non
2004 4608 2297 4680 recipiunt
2339 4623 2475 4679 quae
2509 4605 2587 4662 ab
2643 4604 2758 4659 illis
2797 4602 3084 4674 synodica
3117 4603 3506 4674 pronuntiata

1851 4703 1992 4754 sunt
2010 4703 2188 4770 atque
2205 4696 2578 4752 conﬁrmata.
2598 4693 2760 4749 Adeo
2780 4697 2843 4747 ut
2863 4708 3025 4748 nunc
3047 4691 3174 4747 Itali
3199 4691 3316 4746 sint
3333 4708 3501 4747 novas

1845 4787 1987 4843 ﬁdei
2024 4787 2285 4858 novique
2315 4783 2616 4852 dogmatis
2647 4781 3108 4848 introductores,
3141 4784 3197 4834 et
3243 4779 3498 4835 aliorum

1845 4877 2181 4932 inventores
2207 4888 2531 4930 canonum.
2583 4873 2860 4935 Quaerant
2905 4868 3082 4938 igitur
3136 4873 3264 4922 tum
3309 4867 3491 4923 alium

1845 4965 2140 5022 Christum
2183 4968 2312 5019 tum
2339 4961 2488 5016 alios
2511 4957 2840 5031 apostolos.
2867 4955 3092 5012 Etenim
3115 4955 3494 5029 synodorum

1841 5056 1918 5112 illi
1949 5055 2151 5111 Patres
2182 5051 2434 5108 Numine
2455 5047 2662 5109 afflati,
2697 5063 2766 5102 ac
2799 5045 2899 5101 Dei
2939 5061 3268 5116 priecones,
3301 5045 3492 5102 nulla-

1843 5152 2013 5203 tenus
2063 5146 2122 5200 in
2164 5142 2445 5214 Spiritum
2494 5145 2770 5194 sanctum
2827 5135 3226 5203 crediderunt,
3260 5135 3362 5207 qui
3421 5152 3494 5192 ex

1839 5235 2081 5292 duabus
2106 5231 2381 5305 personis
2437 5225 2842 5284 exsistentiam
2888 5223 3125 5293 habeat,
3177 5225 3283 5280 sed
3309 5225 3492 5280 tidem

1843 5325 2247 5397 adjunxerunt
2293 5319 2546 5388 Christo,
2588 5321 2655 5372 ut
2702 5316 2766 5372 in
2796 5315 3022 5372 caeteris
3079 5314 3383 5382 omnibus,
3408 5314 3492 5372 sic

3967 5 3992 34 ἵ.

3973 103 4032 132 ἱ..

3971 143 3980 168 ,
4027 145 4030 148 .

4007 185 4032 236 -Ῑ

3973 321 4032 362 τι*

4001 455 4032 472 ,ι

3985 595 4038 618 ..οδ

4003 733 4012 746 ο

3975 1035 4020 1068 τ’.

4015 1097 4042 1116 ιιι

3999 1193 4044 1232 .π’

3989 1319 4040 1352 οἱ

4023 1419 4048 1448 ,ι

3967 1501 3994 1518 il

4005 1535 4034 1568 ’τ

4009 1805 4030 1832 ἰ

3983 1939 4042 1972 ._.I

4009 2121 4050 2146 ³,.
