4096 6208
62 860 71 879 .

559 274 662 331 619
1718 264 2032 323 GERMANI
2072 261 2117 314 II
2155 261 2176 315 (

2302 263 2755 330 PATRIARCHE
3814 39 3952 335 Ι

560 400 740 456 etiam
765 398 829 453 in
856 394 1053 452 verbis
1084 394 1159 449 de
1187 392 1423 466 Spiritu,
1475 392 1723 466 quando
1753 389 1955 447 docuit
2003 401 2141 442 eum
2174 422 2176 437 .

2326 388 2513 461 λόγοις,
2563 403 2706 473 παρά
2760 406 2852 454 του
2901 415 3100 471 ιιατρος
3148 400 3515 474 εκπορεύισθαι
3564 401 3717 452 τοῦτό
3768 397 3919 453 διδά-

557 490 726 544 Patre
752 483 1074 557 procedere
1105 483 1174 535 ”.

627 578 682 631 8.
716 578 781 629 Et
809 574 939 628 haec
970 570 1215 644 quidem
1236 575 1446 626 vestrae
1464 569 1738 625 charitati
1757 562 2206 639 compendiario

557 661 881 727 declaravi,
935 665 1000 715 ut
1051 658 1450 728 intelligeretis
1493 664 1787 730 quantum
1849 654 2077 710 malum
2134 652 2208 708 sit

559 751 773 823 subjici
806 749 1189 823 spiritualiter
1232 753 1413 820 atque
1466 764 1675 820 parere
1722 744 1970 801 senioris
2006 747 2205 799 Romm

558 840 919 916 specialibus
946 838 1262 893 institutis:
1298 837 1569 892 abstineo
1600 837 1758 892 enim
1792 836 1869 890 ab
1902 832 2205 904 asperiore

554 930 834 985 dictione.
874 927 1164 992 Quocirca
1213 925 1495 979 omnibus
1546 925 1681 980 laici
1728 924 1999 994 injungo,
2032 919 2202 973 vobis

554 1020 658 1092 qui
683 1016 989 1073 catholicae
1046 1013 1316 1069 Ecclesiae
1371 1012 1612 1083 genuini
1666 1014 1804 1067 estis
1859 1010 2051 1073 liberi,
2083 1013 2204 1063 toto

549 1108 703 1179 pede
733 1107 935 1173 fugere
995 1103 1073 1158 ab
1123 1103 1191 1157 iis
1245 1101 1657 1158 sacerdotibus
1684 1100 1789 1173 qui
1859 1098 2203 1154 Latinorum

549 1196 898 1253 obedientiae
956 1211 1085 1249 sese
1130 1192 1577 1247 submiserunt:
1605 1206 1756 1246 neve
1800 1188 1860 1243 in
1891 1186 2202 1242 ecclesiam

547 1304 685 1343 cum
718 1286 829 1340 illis
860 1283 1190 1352 convenite,
1218 1298 1326 1336 nec
1361 1281 1544 1335 ullam
1577 1296 1607 1335 e
1658 1278 1941 1335 manibus
1993 1290 2198 1331 eorum

547 1374 828 1447 suscipite
857 1371 1359 1427 benedictionem.
1418 1373 1659 1425 Prtestat
1710 1368 1888 1436 enim,
1924 1366 1984 1420 in
2014 1363 2202 1419 domi-

542 1465 660 1521 bus
685 1464 890 1518 vestris
922 1462 1109 1515 Deum
1160 1459 1417 1514 solitarie
1473 1458 1722 1530 precari,
1784 1471 1970 1528 quam
2028 1453 2086 1507 in
2111 1468 2200 1506 ec-

544 1554 723 1610 clesia
753 1552 1030 1608 collectas
1062 1566 1198 1605 cum
1232 1548 1583 1619 subjectitiis
1636 1548 1843 1602 Latina
1901 1542 2199 1599 sentienti-

539 1641 657 1698 bus
696 1641 912 1697 facere.
949 1640 1004 1696 Si
1048 1640 1185 1711 quis
1226 1644 1429 1693 autem
1477 1636 1773 1692 dictorum
1819 1632 2196 1689 sacerdotum

2322 481 2486 544 ξαντι,

2391 572 2454 631 η’.
2519 583 2697 630 Ταῦτα
2775 583 2863 651 μὲν
2932 587 3253 637 πνοπτικώς
3449 579 3672 651 ὑμετέρᾳ
3739 577 3911 652 ἀγάπῃ

2316 657 2579 727 ἐδήλωσα,
2617 666 2698 717 ἱνα
2742 677 2904 738 γνῶτε
2960 674 3121 718 πόσον
3172 666 3286 717 ἐστὶ
3338 670 3497 716 κακόν
3544 671 3601 717 τό
3636 686 3891 738 πνευματι

2314 764 2415 813 κῶς
2458 757 2843 811 ὑποτάττεσθαι
2887 765 2976 811 καὶ
3033 760 3338 831 πειθαρχεῖν
3388 765 3497 817 ταῖς
3545 767 3638 817 τῆς
3694 759 3918 831 πρεσϐυ-

2313 848 2464 918 τέρας
2519 846 2713 919 Ῥώμης
2770 847 3177 923 ἰδιορρυθμίαις.
3248 844 3491 919 φείδομαι
3547 851 3646 921 γὰρ
3704 854 3912 922 τροιχύ-

2313 938 2454 1007 τερόν
2497 955 2547 985 τι
2596 937 2772 992 εἰπεῖν,
2827 938 2979 989 Ὀθει
3034 943 3123 987 καὶ
3172 935 3563 1007 ἐπισκήπτομαι
3618 944 3753 989 πᾶσι
3805 946 3912 999 τοῖς

2311 1020 2525 1087 λαίκοίς,
2579 1027 2694 1076 ὅσοι
2740 1035 2831 1086 τῆς
2884 1026 3163 1085 κατολικῆς
3225 1024 3537 1082 Ἐκκλησίας
3594 1024 3708 1077 ἐστε
3762 1033 3915 1078 τέκνα

2311 1116 2527 1180 γνησία,
2579 1118 2779 1185 φεύγειν
2848 1115 2945 1186 ὅλῳ
3008 1111 3137 1166 πόδὶ
3204 1112 3304 1164 ἀπὸ
3373 1122 3471 1164 τὼν
3546 1116 3914 1166 ὑποπεσόντων

2315 1200 2479 1272 ἱερέων
2511 1209 2571 1273 τῇ
2630 1210 2881 1276 Λατινικῇ
2917 1205 3151 1274 ὑποταγῇ
3188 1201 3285 1273 (6)·
3319 1206 3408 1253 καὶ
3438 1198 3577 1273 μηδὲ
3617 1203 3683 1263 εἰς
3723 1202 3911 1260 ἐκκλη-

2314 1292 2430 1338 σίαν
2462 1293 2659 1350 τοὺτοις
2687 1295 2993 1363 συνάγεσθε,
3042 1287 3180 1361 μηδὲ
3225 1290 3453 1361 εὐλογίαν
3503 1291 3560 1342 ἐκ
3587 1300 3687 1342 τῶν
3717 1301 3912 1365 χειρῶν

2310 1375 2477 1427 αὐτῶν
2508 1374 2733 1449 δέχεσθε
2762 1386 2854 1438 τὴν
2911 1388 3203 1452 τυχοῦσαν·
3237 1386 3490 1452 Κρείσσον
3528 1382 3629 1452 γὰρ
3679 1379 3818 1433 ἐστιν
3866 1380 3913 1432 ἐν

2309 1472 2416 1525 τοῖς
2451 1468 2613 1529 οἴκοις
2651 1471 2791 1541 ὑμῶν
2826 1478 2897 1539 τῷ
2930 1478 3041 1539 Θεῷ
3090 1470 3485 1542 προσεύχεσθαι
3522 1474 3842 1539 καταμόνας,
3877 1472 3908 1528 ἦ

2308 1550 2385 1604 ἐπ’
2433 1553 2733 1623 ἐκκλησίας,
2788 1560 3104 1629 συνάγεσθαι
3163 1560 3294 1629 μετὰ
3348 1565 3446 1607 τῶν
3514 1563 3910 1631 Λατινοφρονων

2306 1642 2645 1713 ὑποταγάτων
2689 1646 2785 1715 (7).
2818 1648 2877 1699 Εἰ
2917 1643 2977 1698 δέ
3004 1666 3084 1706 τις
3112 1656 3211 1697 τὼν
3260 1646 3534 1717 εἰρημένων
3586 1649 3760 1717 ἱερέων
3802 1645 3907 1718 βίῳ

538 1731 661 1787 vita
687 1730 933 1803 quidem
965 1730 1236 1797 honesta,
1263 1728 1598 1794 decoratur,
1646 1727 2045 1797 pietatemque
2070 1738 2176 1776 amt

2301 1733 2391 1802 μὲν
2422 1742 2697 1805 κοσμεῖται
2730 1744 2895 1807 σεμνῷ
2924 1741 3013 1786 καὶ
3039 1734 3297 1794 εὐλαϐείας
3328 1733 3620 1805 ἀντέχεται,
3655 1743 3809 1786 τοῦτο
3844 1732 3907 1787 δὲ

542 1819 837 1892 plectitur,
880 1819 938 1873 in
966 1834 1036 1873 eo
1066 1833 1207 1872 vero
1237 1816 1531 1871 duntaxat
1554 1814 1864 1886 delinquit,
1898 1810 2063 1883 quod
2091 1816 2193 1868 aut

534 1923 641 1979 per
672 1909 788 1963 vim
839 1912 943 1961 aut
999 1922 1105 1977 per
1154 1905 1599 1975 surreptionem
1630 1902 2010 1958 succubuerit
2039 1900 2188 1955 Lati-

531 2012 749 2051 norum
780 1994 1084 2066 tyrannidi
1106 2010 1241 2065 quas
1294 1994 1410 2048 illic
1459 1993 1741 2048 ecclesias
1780 1991 2016 2055 invasit,
2050 2005 2187 2061 pro-

528 2084 845 2156 fessusque
876 2083 1051 2138 fuerit
1074 2099 1135 2138 se
1159 2098 1382 2155 papam
1415 2098 1525 2153 pro
1552 2081 1833 2154 pontiﬁce
1863 2096 1972 2135 suo
1999 2094 2180 2149 agno-

529 2187 728 2244 scere;
752 2188 877 2229 non
937 2172 1104 2228 aliter
1154 2172 1532 2243 permittatur
1583 2170 1902 2226 vobiscum
1941 2168 2098 2224 coire
2118 2169 2179 2223 in

527 2262 842 2319 ecclesiam
904 2267 961 2317 et
1029 2259 1474 2317 sacerdotaliter
1529 2259 1786 2332 operari.
1844 2258 1957 2313 nisi
2010 2258 2176 2329 prius

527 2368 872 2422 conversus,
904 2364 1108 2406 coram
1144 2349 1485 2405 Latinorum
1506 2348 1957 2421 archiepiscopo
1979 2352 2035 2403 et
2056 2346 2175 2419 epi-

526 2442 723 2513 scopis
753 2441 805 2496 ei
831 2438 1107 2505 subditis,
1136 2437 1381 2494 dixerit:
1416 2441 1542 2493 Non
1574 2438 1681 2492 erit
1708 2436 1787 2492 ad
1836 2436 1998 2491 hunc
2046 2452 2175 2491 mo-

525 2531 705 2597 dum;
741 2529 845 2586 sed
866 2529 1052 2585 robur
1078 2526 1301 2584 habeat
1321 2544 1458 2600 quae
1490 2532 1625 2583 ante
1654 2528 1837 2581 missa
1859 2526 1968 2581 fuit
1998 2541 2175 2597 syno-

523 2618 661 2676 dica
692 2619 1046 2691 segregatio.
1082 2619 1447 2689 Rursusque,
1470 2616 1662 2671 donec
1699 2616 1872 2686 juxta
1900 2614 1961 2669 id
2008 2614 2174 2687 quod

523 2708 626 2765 illa
655 2708 949 2781 scriptura
974 2705 1494 2778 complectitur,ad
1519 2704 1789 2760 divinam
1816 2719 2172 2776 sacramque

523 2797 828 2870 synodum
856 2795 1453 2867 mediocritatemque
1478 2800 1746 2849 nostram
1794 2793 2168 2848 recurrerint.

593 2979 651 3032 9.
682 2979 749 3031 Et
777 2974 971 3031 clerici
1001 2974 1071 3029 iis
1123 2972 1397 3044 subjecti,
1447 2976 1743 3045 quotquot
1789 2975 2007 3026 nostrae
2062 2970 2168 3025 ad—

2299 1826 2451 1891 μόνον
2506 1821 2647 1874 ἐστὶν
2696 1826 3026 1898 ἡμαρτηκὼς,
3087 1827 3144 1874 τό
3200 1820 3293 1875 διὰ
3326 1821 3447 1895 βίαν
3478 1824 3506 1880 ἡ
3554 1831 3902 1897 συναρπαγῄν

2297 1905 2607 1961 ὑπενδοῠναι
2650 1918 2710 1982 τῇ
2766 1911 3137 1986 ἐπισφρησάσῃ
3189 1919 3301 1971 ταῖς
3348 1911 3530 1963 αὐτόθι
3586 1910 3903 1974 ἐκκλησίαις

2292 1995 2563 2071 τυραννίδι
2612 2005 2887 2070 Λατινικῆ,
2921 2005 3005 2052 κοὶ
3052 2003 3138 2052 τὸν
3187 2002 3402 2053 πάππαν
3451 2004 3589 2071 ἔχειν
3641 1999 3903 2075 ἀρχιερέα

2290 2086 2632 2157 ὁμολογῆσαι·
2667 2091 2691 2139 ό
2730 2097 2955 2149 τοιοῦτος
2992 2088 3156 2151 άλλως
3201 2093 3272 2161 μὴ
3319 2091 3748 2163 παραχωρείσθω
3797 2094 3899 2141 σὺν

2288 2175 2408 2246 ὑμῖν
2451 2175 2892 2239 ἐκκλησιὰζεσθαι
2944 2183 3032 2229 καὶ
3092 2180 3358 2251 ίερατικώς
3414 2177 3648 2252 ἐνεργεῖν,
3714 2180 3759 2230 εἰ
3815 2184 3892 2249 μὴ

2288 2268 2531 2338 πρότερον
2596 2269 2731 2318 κατὰ
2794 2272 3072 2341 πρόσωπον
3137 2275 3230 2319 τοῦ
3293 2274 3723 2341 αρχιεπισκόπον
3790 2276 3897 2319 τῶν

2288 2359 2543 2424 Λατίνων,
2592 2361 2680 2407 καὶ
2719 2364 2818 2407 τῶν
2876 2357 2966 2408 ὑπ’
3022 2356 3161 2427 αὐτῷ
3210 2356 3505 2409 ἐπισκόπων
3550 2356 3897 2430 ἐπιστραφεὶς

2286 2445 2439 2494 εἶπον
2498 2444 2619 2516 Οὐχ
2684 2446 2843 2506 οὕτως
2895 2449 3064 2497 ἔσται·
3134 2444 3240 2497 ἀλλ’
3310 2446 3335 2497 ό
3403 2446 3900 2519 προαπεσταλμένος

2287 2529 2566 2595 συνοδικός
2617 2532 2905 2606 ἀφορισμὸς
2956 2538 3232 2607 κρατείτω⁹
3262 2539 3351 2586 καὶ
3382 2533 3556 2602 πάλιν,
3585 2539 3780 2607 μέχρις
3832 2537 3900 2585 εἰν

2283 2623 2418 2671 κατά
2454 2627 2545 2679 τὴν
2596 2622 2874 2696 περίληψιν
2920 2630 3012 2683 τῆς
3056 2625 3305 2682 τοιαύτης
3355 2629 3563 2695 γραφῆς
3616 2627 3748 2697 πρὸς
3800 2628 3897 2679 τήν

2286 2710 2421 2760 θείαν
2474 2716 2563 2762 καὶ
2619 2713 2756 2784 ἱερὰν
2812 2709 3031 2764 σύνοδον
3084 2716 3175 2763 καὶ
3228 2716 3319 2769 τὴν
3373 2714 3517 2783 ἡμῶν
3568 2716 3897 2784 μετριότητα

2282 2795 2647 2871 ἀναδράμωσι.

2353 2978 2420 3037 θ’.
2450 2984 2549 3031 Καὶ
2601 2982 2649 3031 οἱ
2699 2980 2786 3031 ὑπ’
2827 2981 3010 3040 αὐτοὺς
3061 2979 3321 3053 κληρικοὶ,
3375 2983 3491 3032 ὅσοι
3542 2985 3637 3037 τὴν
3697 2983 3889 3052 ἡμετέ-

517 3065 746 3123 haerent
777 3064 1068 3129 Ecclesiae,
1103 3063 1424 3134 voluntque
1452 3062 1632 3116 ﬁdem
1663 3077 1697 3116 a
1763 3060 2031 3116 Patribus
2053 3065 2170 3115 tra-

2289 3086 2370 3117 οαν
2430 3068 2759 3128 ἀσπάζονται
2810 3070 3142 3134 Ἐκκλησίαν,
3183 3074 3273 3121 καὶ
3328 3078 3416 3129 τῆς
3473 3066 3889 3143 πατροπαραδό-

518 3155 708 3211 ditam
746 3154 1016 3217 retinere,
1065 3168 1187 3207 non
1243 3151 1576 3207 subdentur
1632 3149 2016 3222 pontiﬁcibus
2046 3149 2169 3203 suis

518 3243 623 3318 qui
647 3243 1022 3316 praestiterint
1064 3240 1515 3307 obedientiam;
1564 3255 1759 3311 neque
1810 3238 1859 3293 si
1921 3239 1977 3307 ii,
2030 3254 2167 3293 cum

519 3332 794 3390 Ecclesiae
835 3332 1053 3388 Latinae
1093 3330 1529 3402 obtemperent,
1572 3328 1703 3383 illos
1759 3328 2169 3383 excommuni-

518 3424 801 3493 caverint,
833 3421 955 3477 ulla
984 3437 1054 3477 ex
1087 3426 1254 3493 parte
1283 3419 1617 3492 quidquam
1682 3417 1977 3473 ullatenus
2003 3434 2168 3473 cura-

517 3513 689 3568 bunt.
723 3509 1031 3582 Ejusmodi
1080 3510 1307 3580 quippe
1351 3522 1607 3562 censura
1667 3507 1831 3561 irrita
1867 3512 1974 3573 est,
2022 3507 2168 3579 quin

518 3601 641 3656 imo
671 3599 751 3655 ad
776 3613 1053 3653 censores
1085 3597 1427 3663 revertitur;
1456 3595 1747 3667 quoniam
1796 3599 1853 3650 et
1909 3595 2167 3651 scanda—

518 3689 717 3744 lorum
742 3685 1153 3742 conciliatores
1193 3685 1541 3740 exstiterunt
1589 3683 1817 3756 populo
1859 3685 1979 3747 Dei,
2030 3702 2169 3740 cum

521 3791 831 3832 sacrorum
853 3787 1156 3829 canonum
1187 3771 1565 3843 disciplinam
1605 3771 2054 3833 conculcarunt,
2083 3773 2167 3827 in-

518 3880 767 3922 vasores
819 3869 875 3920 et
915 3862 1250 3918 alienorum
1304 3862 1663 3932 appetitores
1692 3862 1740 3894 ²³
1796 3867 2166 3932 receperunt,

522 3961 700 4028 atque
721 3954 793 4009 iis
821 3952 1117 4009 dederunt
1140 3966 1380 4015 manus,
1431 3950 1596 4022 quod
1627 3956 1713 4005 est
1760 3949 2002 4019 signum
2034 3950 2171 4006 obe-

519 4044 757 4102 dientiaa
787 4050 844 4099 et
898 4042 1217 4110 servitutis,
1266 4040 1399 4095 licet
1450 4039 1816 4095 contendant
1871 4039 2164 4096 dicendo:

519 4134 745 4191 Patrios
801 4148 999 4187 mores
1028 4136 1267 4186 nostros
1326 4144 1719 4201 nequaquam
1766 4129 2166 4201 prodidimus,

520 4238 717 4294 neque
749 4220 975 4292 aliquid
1007 4226 1173 4275 extra
1213 4235 1524 4274 sacrorum
1574 4234 1873 4274 canonum
1908 4217 2169 4290 praescri-

520 4315 625 4383 pta
647 4310 987 4382 peregimus
1013 4324 1027 4373 ;
1053 4309 1245 4377 ignari
1277 4308 1405 4379 ejus
1434 4306 1601 4379 quod
1628 4306 1976 4378 loquuntur.
2018 4312 2165 4364 Nam

521 4403 868 4455 sanctorum
919 4396 1329 4466 apostolorum
1393 4394 1858 4465 divinorumque
1921 4395 2164 4451 Patrum

520 4499 784 4542 canones
832 4484 1229 4555 segregationi
1311 4483 1634 4554 subjiciunt
1679 4483 1996 4555 episcopos
2062 4486 2164 4557 qui

521 4573 749 4631 alienas
779 4572 1051 4644 regiones
1080 4571 1374 4627 invadunt
1402 4589 1415 4639 ;
1451 4571 1555 4626 sed
1586 4574 1643 4626 et
1669 4587 1771 4626 eos
1801 4572 2166 4630 anathemati

590 4755 638 4790 ¹²
664 4757 833 4811 Joan.
865 4769 965 4819 xv,
997 4755 1084 4808 26.
1118 4751 1167 4786 ²³
1198 4750 1217 4804 Ι
1246 4752 1397 4808 Petr.
1424 4766 1503 4819 Iv,
1539 4755 1618 4806 15.

587 4922 665 4991 (6)
689 4925 761 4979 Τῆ
798 4925 1047 4991 Λατινικῇ
1085 4918 1351 4991 ὑποταγῇ.
1388 4913 1609 4991 λάθω-
1634 4915 1965 4991 Germanus
2016 4918 2168 4972 Grae-

520 4985 728 5045 corum
760 4989 1100 5062 patriarcha
1129 4988 1248 5062 _CP.
1298 4985 1477 5062 Epist.
1535 4985 1613 5041 ad
1644 4986 1930 5062 aemulum
1953 5058 1963 5062 Α
1988 5004 2166 5062 suum

517 5057 993 5132 patriarcharum
1022 5059 1361 5132 Latinorum
1394 5059 1538 5132 CP.,_
1554 5057 1882 5132 productus
1911 5058 1989 5113 ab
2015 5059 2167 5115 Alla-

518 5124 600 5187 tio
628 5134 713 5188 De
736 5133 836 5186 lib.
868 5133 1071 5187 eccles.
1096 5133 1283 5184 Graac.
1309 5146 1329 5181 .·
1353 5128 1483 5199 Ἐγὼ
1505 5124 1667 5180 dimi
1688 5133 1805 5190 τοὺς
1828 5128 1874 5179 ἐν
1900 5137 2167 5181 Κωνσταν-

515 5201 803 5274 τινουπόλει
860 5202 1369 5274 Γραικοὺςᾼφθάσας
1442 5198 1715 5274 ἀφορισμῷ
1787 5201 2160 5267 καθυπέϐαλόν,

513 5271 704 5346 μηδενὶ
753 5282 851 5324 τῶν
898 5268 1071 5345 ’ἱερέων
1113 5268 1207 5322 διὰ
1269 5268 1548 5353 χαύνωσιν
1575 5268 1756 5342 buxa;
1795 5273 2163 5342 ὑποχαλασθέν

512 5343 623 5421 τῶν.
655 5347 726 5408 εἰς
782 5343 1071 5421 ὑποταγὴν⁸
1094 5347 1185 5421 καὶ
1219 5343 1436 5421 Δθέλημα
1488 5350 1582 5403 τῆς
1648 5343 1872 5421 παλαιᾶς
1938 5344 2158 5421 Ῥώμης,

512 5415 652 5491 μηδε
700 5412 999 5491 προσφορᾲν
1040 5412 1296 5485 δέχεσθαι
1345 5412 1399 5463 ἐκ
1437 5421 1538 5491 τῶν
1581 5423 1773 5487 χειρῶν
1798 5415 1981 5483 αὐτῶν,
2019 5412 2159 5487 μηδὲ

512 5480 856 5563 habitum"
905 5480 1141 5563 αὐτοῖς,⁷
1172 5488 1240 5545 ως
1318 5480 1619 5563 προδόταις
1672 5480 1791 5563 τῶνΔ
1841 5480 1984 5537 θείων
2019 5480 2030 5487 ”
2066 5493 2154 5540 καὶ

513 5552 658 5635 ἱερῶν
689 5566 931 5625 κανόνων,
979 5562 1067 5635 καί
1100 5565 1197 5635 τῶν
1228 5552 1706 5635 πατροπαραδότων
1745 5556 1888 5611 ἐθῶν.
1921 5558 2041 5627 Ego
2066 5574 2154 5614 ve-

509 5628 578 5695 rb
606 5640 662 5692 et
689 5635 924 5691 Grecos
951 5631 1059 5709 qui
1096 5628 1614 5697 Constantinbpoli
1629 5629 1854 5700 degunt
1885 5632 2024 5699 jam
2053 5646 2152 5685 ea:-

2276 3175 2367 3208 του
2412 3163 2636 3219 πίστεως
2684 3157 2991 3230 ἀντέχεσται
3037 3157 3332 3231 βούλονται,
3394 3159 3498 3230 οὐχ
3570 3161 3889 3211 ὑποκείσον-

2278 3266 2367 3297 ται
2442 3255 2545 3306 τοίς
2612 3252 2707 3305 τὴν
2768 3249 3031 3319 ὑποταγὴν
3105 3252 3480 3320 ποιησαμένοις
3540 3246 3890 3322 ἀρχιερεῦσιν

2281 3335 2465 3386 αότὼνυ
2529 3332 2652 3387 οὐδὲ
2710 3334 3057 3409 ἀφοριζόντων
3119 3336 3285 3387 αὐτῶν
3340 3336 3494 3388 ὕνεκα
3548 3344 3642 3387 τοῦ
3710 3338 3886 3389 πείθε-

2283 3425 2407 3474 σθαι
2469 3432 2530 3494 τῇ
2603 3430 2853 3496 Λατινικῇ
2921 3424 3207 3495 Ἐκκλησία
3268 3429 3452 3499 μικρόν
3512 3444 3565 3477 τι
3631 3423 3891 3497 ἐπιστρα-

2280 3518 2553 3583 φήσονται,
2607 3512 2666 3565 Ὀ
2716 3516 2817 3588 γὰρ
2863 3522 3096 3574 τοιοῦτος
3141 3512 3428 3586 ἀφορισμός
3489 3514 3683 3587 ἄκυρος
3744 3512 3885 3578 ἐστι,

2279 3606 2368 3652 καὶ
2419 3606 2541 3673 πρὸς
2610 3605 2732 3663 τούς
2785 3600 3122 3674 ἀφορίζοντας
3205 3601 3396 3673 μᾶλλον
3483 3601 3884 3673 ἐπαναστρέφειο

2280 3693 2359 3743 ὅτι
2407 3696 2497 3743 καὶ
2554 3688 2856 3743 σκανδάλων
2913 3696 3161 3762 γεγόνασι
3192 3691 3428 3763 πρόξενοι
3482 3700 3557 3761 τῷ
3606 3689 3716 3760 λαῷ
3792 3699 3887 3742 τοῦ

2281 3788 2434 3847 Θεοῦ,
2510 3786 2966 3840 καταπατήσαντες
3051 3786 3144 3838 τὴν

2282 3867 2565 3943 ἀκρίϐειαν,
2635 3874 2726 3920 καὶ
2786 3873 2905 3929 τοὺς
2975 3868 3286 3941 ἐπιϐήτορας
3360 3874 3448 3921 καὶ
3524 3868 3885 3941 ἁλλοτριοεπια

3245 3788 3344 3831 τῶν
3427 3783 3572 3853 ἱερῶν
3653 3786 3887 3831 κανόνων

2282 3963 2510 4019 σκόπους
2554 3955 2844 4030 δεξάμενοι,
2898 3963 2987 4010 καὶ
3038 3966 3225 4031 χεῖρας
3282 3954 3471 4018 δόντας
3525 3958 3606 4029 [ι.
3676 3954 3881 4022 δόντες]

2280 4045 2452 4105 αὐτοῖς
2531 4052 2742 4119 σημεῖον
2823 4046 3105 4105 εὐπειθείας
3190 4050 3279 4097 καὶ
3355 4041 3679 4105 δουλώσεως·
3780 4044 3878 4095 κᾶν

2283 4130 2737 4205 διισχυρίζωνται
2793 4134 3046 4205 λέγοντες,
3079 4136 3144 4193 ὼς
3199 4134 3274 4185 Οὐ
3331 4130 3883 4206 καταπροδεδώκαιιιεν

2278 4224 2345 4273 τὰ
2396 4224 2593 4295 πάτρια
2641 4224 2785 4294 ἡμῶν
2838 4224 2951 4293 ἔθη,
3003 4219 3127 4274 οὐδὲ
3175 4219 3231 4274 δι
3278 4231 3378 4273 τῶν
3448 4224 3591 4294 ἱερῶν
3654 4228 3885 4273 κανόνων

2278 4311 2373 4373 ἔξω
2425 4312 2788 4383 πεπράχαμεν⁹
2842 4316 2913 4384 μὴ
2967 4307 3162 4371 εἰδότες
3210 4314 3235 4362 ὁ
3295 4309 3552 4381 λέγουσιν.
3628 4312 3695 4362 Οἱ
3774 4313 3886 4386 γὰρ

2277 4410 2376 4453 τῶν
2419 4402 2577 4473 ἁγίων
2631 4400 2931 4453 ἀποστόλων
2983 4406 3071 4452 καὶ
3126 4409 3225 4452 τῶν
3307 4402 3452 4451 θείων
3500 4404 3739 4473 Πατέρων
3788 4419 3889 4451 κα·-

2277 4496 2408 4550 νόνες
2492 4490 2765 4565 ἀφορισμῴ
2848 4488 3305 4541 καθυποϐάλλονσι
3380 4492 3502 4550 τοὺς
3565 4497 3664 4541 τῶν
3730 4487 3884 4540 ἀλλο-

2275 4584 2430 4652 τρίων
2509 4580 2712 4652 ἐνοριᾱηι
2782 4577 3281 4651 κατεπεμϐαίνοντας
3355 4576 3671 4637 ἐπισκόπους
3746 4575 3877 4628 ἀλλὰ

2274 4920 2793 4975 communicationi
2844 4918 3089 4987 subjeci,
3142 4917 3195 4972 si
3230 4922 3337 4973 aut
3374 4932 3411 4972 a
3454 4931 3642 4973 manu
3673 4918 3879 4985 cujus-

2276 5006 2451 5061 quam
2483 4991 2879 5055 sacerdotum,
2900 4991 3002 5060 qui
3030 4995 3273 5060 propter
3286 4989 3474 5044 animi
3486 4988 3878 5061 mollitiemz'n

2274 5060 2665 5118 Obedientiam
2692 5070 2745 5117 et
2778 5063 3140 5116 voluntatem
3176 5062 3386 5115 veteris
3409 5062 3601 5114 Romae
3637 5060 3881 5128 delapsi

2273 5141 2429 5201 sunt,
2457 5133 2807 5187 oblationem
2847 5133 3165 5199 accipiant,
3186 5138 3291 5186 aut
3320 5146 3439 5186 una
3467 5146 3599 5185 cum
3618 5131 3691 5184 iis
3711 5131 3874 5199 psal-

2275 5206 2425 5271 lant,
2458 5212 2521 5258 ut
2563 5205 2906 5258 divinorum
2956 5218 3381 5272 sacrorumque
3422 5217 3716 5257 canonum
3749 5211 3805 5257 et
3837 5216 3875 5257 a

2270 5275 2597 5344 majoribus
2651 5274 3029 5341 traditarum,
3069 5272 3557 5329 consuetudinum
3604 5272 3875 5342 prodito-

2267 5347 2822 5487 rl?%s:l‘1rom7dtwv.
2862 5413 3108 5487 Michael
3137 5413 3465 5487 Βαιεᾳωοη
3494 5415 3553 5469 in
3580 5414 3863 5487 Anapho‘

2264 5485 2517 5543 ra‘c1eri
2567 5490 2665 5542 (LP.
2717 5486 2883 5557 apud
2930 5488 3184 5541 Leonem
3235 5485 3517 5541 Allatium
3567 5485 3655 5541 De
3696 5485 3860 5540 Eccl.

2266 5560 2561 5615 Occident.
2610 5564 2663 5613 et
2705 5556 2927 5614 Oi'ient.
2977 5559 3358 5613 consensione
3380 5556 3485 5613 lib.
3526 5573 3607 5626 ιιι,
3637 5572 3773 5629 cap.
3805 5559 3859 5623 2,

2261 5646 2320 5686 ιι.
2346 5635 2398 5699 4,
2419 5630 2606 5703 Ἐσμὶν
2631 5631 3011 5704 ὑποθησιάριοι
3035 5631 3237 5689 πάντες.

4030 5175 4033 5265 1

4024 5294 4031 5353 4

4026 5370 4029 5443 4

4024 5464 4027 5533 l

4021 5548 4025 5623 l

4021 5628 4023 5711 Ι
