4096 6208
595 296 698 349 627

1733 289 2047 348 GERMANI
2086 288 2133 344 Il
2191 288 2253 343 Cl

2359 287 2819 351 ’ATRIARCHE.
3822 297 3908 351 628

594 418 833 474 nuriam
868 416 1793 493 frequenteringemisco.Terret
1811 417 1971 473 enim
2002 430 2098 471 me
2135 418 2246 470 ter-

2359 418 2663 489 πορεύομαι,
2740 422 2831 470 καὶ
2879 418 3052 470 πυκνὰ
3104 416 3333 477 στενάζω
3390 414 3442 479 ἓξ
3499 419 3727 490 ἀπορίας.
3786 418 3911 472 Φοϐεῐ

592 506 779 562 ribilis
799 505 897 561 illa
914 507 1378 578 sententia,qu&3
1415 505 1574 562 dicit:
1611 507 1869 573 Esurivi,
1915 510 2105 561 etnon
2147 504 2246 559 de-

592 598 760 651 distis
778 596 931 651 mihi
946 595 1336 652 manducare.
1353 595 1569 651 Nudus
1586 611 1771 661 eram,
1787 600 1840 651 et
1863 610 1982 649 non
2009 595 2246 664 operuis

594 689 666 741 tis
688 701 779 740 me
798 686 840 739 ⁵.
866 687 1070 757 Neque
1093 686 1252 741 enim
1269 686 1415 740 mihi
1436 701 1504 741 os
1519 685 1749 758 aperire
1766 685 1854 740 fas
1871 689 1975 750 est,
1990 689 2048 740 et
2074 698 2245 739 exem

589 774 689 846 plo
712 773 878 828 Pauli
910 774 1207 846 populum
1265 791 1468 830 meum
1528 775 1868 839 admonere,
1932 780 1988 830 et
2026 773 2241 829 dicere:

587 864 888 920 Habentes
913 864 1197 919 alimenta
1222 868 1277 920 et
1296 864 1509 934 quibus
1529 869 1822 935 tegamur,
1856 864 1948 920 his
1984 862 2247 918 contenti

590 955 814 1008 erimus
837 955 878 1007 6:
903 954 1107 1024 Neque
1130 952 1290 1008 enim
1315 954 1541 1009 victum
1593 967 1706 1022 ego
1751 952 1923 1008 vobis
1970 951 2248 1024 suppedi-

589 1040 734 1097 tavi.

660 1128 1078 1193 Nihilominus,
1103 1129 1384 1201 quamvis
1405 1129 1467 1184 in
1488 1129 1602 1185 hac
1622 1134 1786 1185 tanta
1807 1128 2010 1201 inopia
2030 1129 2247 1185 consti-

590 1222 771 1285 tutus,
790 1222 1116 1291 utrumque
1132 1223 1416 1288 praestare
1441 1218 1728 1285 conabor,
1752 1224 2047 1289 quantum
2091 1220 2246 1275 vires

588 1307 804 1369 ferunt,
834 1311 893 1362 ut
912 1312 969 1363 et
990 1306 1318 1363 esurientes
1341 1322 1607 1379 pascam,
1653 1312 1709 1362 et
1729 1307 1928 1362 nudos
1972 1308 2243 1373 vestiam,

591 1396 757 1451 omni
777 1411 913 1451 mea
937 1410 1041 1467 spe
1063 1411 1134 1449 ex
1160 1395 1279 1461 illo,
1307 1396 1409 1467 qui
1433 1396 1609 1468 panis
1629 1396 1799 1451 vivus
1816 1402 1922 1459 est,
1949 1411 2248 1468 suspensa

589 1484 694 1556 qui
714 1483 789 1539 de
810 1483 960 1538 caelo
977 1483 1303 1548 descendit,
1326 1484 1742 1555 mundumque
1755 1485 1979 1540 afame:
2013 1485 2248 1539 animas

592 1572 896 1642 perdente,
918 1571 1208 1637 liberavit;
1234 1571 1337 1643 qui
1360 1571 1555 1644 etipse
1577 1578 1665 1628 est
1677 1573 2097 1628 vestimentum
2145 1589 2245 1628 sa~

590 1660 747 1730 lutis,
772 1660 1280 1716 ettunicalaatitite
1302 1677 1374 1716 ex
1416 1660 1756 1717 caelestibus
1800 1668 2095 1727 contexta,
2141 1663 2244 1734 qui

2355 506 2457 578 γάρ
2516 525 2578 577 με
2633 508 2662 563 ἡ
2724 503 2995 580 φρικώδης
3051 504 3217 563 ἐκείνη
3289 504 3575 577 ἀπόφασις,
3640 507 3906 572 Ἐπείνασα,

2356 592 2602 664 λέγουσα,
2670 601 2760 647 καὶ
2838 595 2931 647 οὐκ
3006 592 3238 647 ἐδώκατέ
3310 614 3401 666 μοι
3470 600 3667 665 φαγεῖν.
3740 598 3907 666 Γυμνὸς

2355 682 2517 753 ἢμην,
2576 688 2665 736 καὶ
2726 683 2784 735 ου
2852 682 3173 758 περιεϐάλετε
3238 703 3318 755 με.
3389 683 3500 735 Οὐκ
3566 686 3675 735 ἔστι
3736 679 3790 735 δὲ
3837 704 3907 755 μοι

2355 776 2529 843 στόμα
2566 772 2768 835 ἀνοῖξαι
2818 778 2909 824 καὶ
2962 776 3093 845 μετά
3136 772 3334 826 Παῦλον
3388 775 3477 824 τὸν
3537 769 3651 844 ἐμόν
3700 774 3904 830 νουθετῆ-

2356 879 2447 912 σαι
2525 860 2647 914 λαὸν
2742 866 2832 913 καὶ
2909 861 3086 914 εἰπεῖν’
3160 861 3410 931 Ἔχοντες
3494 857 3768 934 διατροφὴν
3836 866 3906 912 καὶ

2355 951 2722 1022 σκεπάσματα,
2802 953 3001 1011 τούτοις
3094 950 3554 1022 ἀρκεσθησόμεθα.
3634 945 3766 1002 Οὐδὶ
3823 952 3905 1023 γὰρ

2356 1040 2518 1096 αὐτὴν
2679 1037 3009 1111 ἐχορήγησα.

2424 1126 2603 1198 Ὀμως
2634 1125 2693 1181 δὲ
2737 1134 2825 1181 καὶ
2868 1130 3032 1191 οὕτως
3063 1125 3247 1189 ἐνδεῶς
3298 1129 3440 1199 ἔχων
3496 1131 3615 1200 περὶ
3659 1125 3903 1201 ἀμφότερα,

2355 1218 2673 1289 πειράσομαι
2710 1220 2845 1269 κατὰ
2902 1222 2958 1269 τό
3007 1215 3229 1269 δυνατὸν
3286 1221 3378 1269 καὶ
3432 1215 3620 1288 θρέψαι
3663 1220 3773 1275 τοὺς
3815 1234 3905 1268 1m-

2353 1313 2560 1373 νὼντας,
2637 1312 2726 1358 καὶ
2814 1306 3102 1378 περιϐαλεῖν
3182 1309 3304 1367 τοὺς
3376 1308 3793 1377 γυμνητευοντας,
3858 1308 3903 1356 τὸ

2354 1399 2455 1444 πᾶν
2482 1402 2542 1453 τῆ
2554 1416 2575 1456 ς
2603 1390 2807 1456 ἐλπίδος
2838 1394 3190 1469 ἐπικρεμάσας
3242 1395 3314 1455 εἰς
3374 1398 3461 1446 τὸν
3494 1394 3676 1456 ζῶντα,
3720 1398 3798 1444 καὶ
3836 1396 3903 1444 τόν

3341 1491 3439 1545 τῆς
3493 1481 3804 1554 ψυχολίθρου
3844 1480 3903 1531 λι·

2354 1570 2560 1642 μώξεως
2585 1576 2671 1624 τὸν
2724 1577 2919 1645 κόσμον
2976 1572 3450 1647 ἑκλυτρωσάμενον.
3506 1572 3657 1626 ’Ἐστι
3701 1567 3755 1624 δέ
3784 1570 3903 1628 αὐτὸς

2358 1661 2558 1730 ἱμάτιον
2618 1667 2911 1735 σωτηρίου,
2971 1668 3060 1714 καὶ
3108 1668 3276 1733 χιτὼν
3359 1663 3671 1734 εὐφροσύνης
3734 1658 3785 1711 ἑκ
3826 1667 3903 1709 τῶν

2355 1480 2408 1543 ἐξ
2445 1482 2664 1553 οὐρανοῦ
2701 1483 3115 1551 καταϐεϐηκότα,
3175 1504 3264 1536 και

592 1749 865 1804 omnium
892 1748 1105 1805 Adami
1127 1754 1502 1820 posterorum
1545 1750 1875 1805 nuditatem
1912 1752 2067 1806 texit.
2113 1751 2243 1813 Qui-

2359 1750 2544 1801 ἄνωθεν
2601 1751 2839 1821 ὑφαντὸς,
2881 1752 2908 1802 ὁ
2956 1754 3159 1803 πάντων
3205 1770 3308 1802 των
3351 1751 3405 1813 ξξ
3461 1746 3634 1821 ’Δδαμ
3690 1752 3901 1820 περιστεί-

593 1854 831 1910 cunque
861 1839 1020 1894 enim
1044 1842 1107 1893 in
1131 1840 1368 1894 Christo
1392 1838 1683 1908 baptizuti
1697 1856 1921 1905 sumus,
1947 1840 2241 1896 Christum

591 1930 895 1983 induimus
915 1930 957 1980 ⁷.
977 1928 1088 1984 Sed
1104 1928 1394 2001 quidnam
1416 1928 1710 2000 populum
1733 1944 1933 1984 meum
1956 1930 2075 1986 huc
2107 1946 2247 1986 con-

591 2017 852 2072 vocavit?
877 2016 1172 2072 Undeista
1198 2021 1315 2072 tam
1341 2016 1594 2086 insignis
1640 2017 1879 2073 concio?
1926 2020 2055 2084 Qua
2105 2034 2247 2074 con-

594 2105 867 2161 ventione
894 2121 1061 2160 sacer
1082 2106 1190 2161 iste
1212 2106 1498 2161 exercitus
1519 2111 1765 2161 coactus
1789 2112 1878 2162 est
1898 2107 1927 2162 ?
1974 2112 2060 2162 An
2104 2107 2249 2179 quia

595 2210 733 2249 cum
763 2199 1067 2267 sceptrum
1089 2194 1313 2266 ubique
1335 2195 1641 2263 regnantis
1665 2196 1836 2263 Regis
1858 2196 1973 2251 hoc
1994 2195 2125 2251 loco
2145 2196 2248 2251 ho.

594 2283 689 2338 die
712 2282 1017 2345 exaltetur,
1053 2283 1415 2354 signumque
1459 2282 1663 2338 omnia
1694 2285 1945 2339 tenentis
1994 2285 2250 2357 impera—

595 2371 737 2425 toris
760 2371 1046 2426 eximium
1068 2372 1129 2425 in
1151 2370 1331 2440 hujus
1356 2370 1559 2442 templi
1594 2371 1763 2427 altari
1779 2372 2135 2429 collocatum
2180 2374 2253 2430 sit

597 2462 654 2513 et
681 2463 964 2523 erectum,
1003 2474 1379 2531 consequens
1409 2464 1517 2523 est,
1542 2464 1680 2514 utet
1725 2462 2098 2531 Imperatoris
2144 2462 2241 2517 mi-

599 2546 731 2603 lites
757 2553 813 2602 et
834 2547 1111 2603 satellites
1133 2547 1292 2603 circa
1311 2547 1424 2602 hoc
1447 2552 1748 2620 sceptrum
1771 2555 1966 2607 castra
1997 2557 2248 2623 ponant,

600 2642 658 2693 et
700 2636 953 2692 tentoria
994 2636 1225 2707 ﬁgant?
1249 2638 1431 2691 Macte
1452 2637 1673 2709 popula
1694 2638 1887 2694 fidelis
1928 2640 2249 2697 Conditori.

599 2727 779 2781 Macte
808 2724 1227 2780 benevolentia
1246 2740 1389 2794 erga
1410 2725 1749 2793 Dominum;
1775 2733 1970 2784 macte
2014 2733 2070 2785 et
2115 2728 2255 2785 obe-

599 2812 841 2871 dientia.
1900 2828 1908 2836 ‘

675 2912 826 2976 Quid
851 2911 1047 2981 igitur,
1078 2929 1113 2967 ο
1162 2911 1383 2981 egregii
1425 2912 1634 2968 Christi
1686 2913 1919 2985 milites,
1970 2920 2028 2971 et
2069 2915 2257 2972 electa

602 2998 699 3056 Dei
728 3005 922 3056 castra
944 3001 971 3055 ?
993 3003 1143 3055 Num
1168 3000 1310 3055 satis
1333 3000 1505 3056 vobis
1548 3001 1655 3056 erit
1703 3002 1821 3057 huc
1878 3006 2252 3071 convenisse,

2354 1836 2447 1898 λας
2477 1842 2569 1895 τὴν
2601 1841 2887 1910 γύμνωσιν.
2938 1839 3092 1892 Ὀσοι
3137 1842 3239 1912 γὰρ
3298 1840 3373 1900 εἰς
3424 1847 3650 1913 Χριστόν
3696 1835 3904 1909 βεϐαπτί-

2358 1927 2544 1997 σμεθα,
2605 1930 2834 1997 Χριστὸν
2874 1924 3211 2000 ἐνδεδύμεθα.
3270 1927 3431 1981 Ἀλλὰ
3482 1931 3533 1979 τί
3591 1930 3648 1978 τὸ
3697 1922 3903 1996 συγκαλέο

2358 2031 2453 2064 σαν
2485 2017 2569 2064 τόν
2618 2013 2739 2085 ἐμόν
2784 2014 2904 2066 λαὸν
2947 2018 3219 2083 Maneat;
3272 2018 3439 2068 Πόθεν
3468 2017 3498 2073 ἡ
3548 2014 3671 2072 καλή
3715 2015 3904 2085 πειρᾶται

2358 2102 2436 2165 ξις
2492 2102 2660 2169 «Om;
2698 2102 2809 2156 Κὰκ
2843 2109 2975 2164 τίνος
3025 2106 3353 2176 συνθήματος
3413 2108 3473 2157 τὸ
3528 2107 3655 2178 ἱερὸν
3706 2119 3905 2173 συνεκρο·

2356 2193 2489 2248 τήθη
2526 2189 2918 2266 στρατόπεδονς
2950 2192 3015 2245 ⁴Η
3063 2196 3289 2256 παντως,
3346 2193 3459 2246 ἐπεὶ
3490 2196 3549 2246 τὸ
3601 2200 3688 2244 τοῦ
3737 2188 3904 2261 παμϐαο

2360 2279 2540 2341 σιλέως
2602 2289 2867 2354 σκῆπτρον
2924 2284 3147 2334 ἐνταῦθα
3203 2287 3435 2356 σήμερον
3498 2280 3787 2352 ἁνυψοῦται,
3836 2282 3903 2329 καὶ

2358 2371 2387 2427 ἡ
2431 2378 2521 2422 τοῦ
2560 2374 2974 2446 παντοκράτορος
3016 2378 3222 2445 σημαία
3258 2373 3347 2427 ἐπὶ
3387 2374 3571 2446 βωμόν
3623 2374 3787 2424 τούτου
3832 2374 3902 2419 τοῦ

2361 2461 2497 2531 ἱεροῦ
2534 2458 2748 2535 λαμπρὰ
2785 2460 3032 2536 λαμπρῶς
3073 2460 3453 2527 ἁνεστήλωται,
3513 2460 3772 2514 ἀκόλουθόν
3811 2458 3901 2509 ἐστι

2358 2553 2448 2600 καὶ
2499 2553 2619 2610 τοὺς
2668 2558 2760 2602 τοῦ
2817 2554 3232 2626 παντοκράτορος
3298 2558 3623 2625 στρατιώτας
3669 2553 3773 2622 περὶ
3816 2551 3904 2599 τοῦ·

2357 2656 2414 2689 το
2467 2642 2526 2690 τὸ
2585 2648 2849 2714 σκῆπτρον
2903 2638 3465 2714 στρατοπεδεύσασθαι
3501 2660 3515 2696 :
3547 2645 3643 2694 Καὶ
3670 2640 3773 2709 εὖγέ
3819 2654 3900 2701 σοι,

2360 2724 2447 2779 λαὶ
2516 2732 2670 2782 πιστε
2720 2738 2793 2800 τῷ
2846 2735 3147 2797 ποιήσαντι,
3216 2727 3336 2802 εὖγε
3383 2738 3478 2793 τῆς
3540 2733 3664 2803 πρὸς
3720 2729 3795 2779 τὸν
3838 2730 3903 2776 Δι-

2365 2818 2562 2874 σπότην
2588 2817 2801 2881 εὐνοίας·
2834 2815 2948 2891 εὖγε
2976 2824 3067 2871 καὶ
3093 2827 3183 2880 τῆς
3208 2821 3473 2881 ὑπακοῆς.

2432 2909 2495 2957 Τί
2538 2902 2625 2958 οὖν
2683 2904 2723 2958 ὦ
2777 2907 2926 2960 καλοὶ
2985 2914 3305 2984 στρατίῶται
3359 2908 3612 2984 Χριστοῦ,
3677 2910 3755 2957 καὶ
3804 2919 3904 2971 παρ·

2365 2993 2549 3066 εμϐολὴ
2594 3004 2727 3049 Θεοῦ
2784 2995 3035 3065 ἐκλεκτῆς
3096 2998 3371 3073 Ἀρκεῖσθε
3427 3001 3578 3071 μόνον
3623 3003 3680 3068 τῇ
3727 2988 3905 3046 ἐνταῦθα

600 3104 795 3161 neque
807 3088 1142 3161 quidquam
1158 3088 1417 3160 amplius
1429 3089 1993 3163 praestabitis,quam
2007 3093 2253 3164 utRegis

2368 3078 2637 3157 συνδρομῇ
2694 3089 2782 3136 καὶ
2834 3082 2985 3139 οὐδέν
3034 3104 3085 3138 τι
3123 3085 3272 3139 πλέον
3330 3094 3425 3139 τοῦ
3482 3090 3818 3158 προσκυνῆσαι
3860 3078 3904 3128 τό

604 3183 903 3249 sceptrum
935 3175 1230 3233 adoretis?
1257 3179 1408 3232 Num
1432 3182 1489 3233 et
1510 3193 1681 3234 arma
1703 3196 1937 3235 sumere
1958 3181 2257 3253 cupitis,et

603 3265 820 3321 bellum
862 3265 1033 3333 inire,
1056 3270 1112 3321 et
1140 3264 1255 3321 tela
1299 3265 1499 3336 jacere
1548 3258 1609 3321 in
1658 3268 1843 3323 corda
1875 3268 2255 3327 inimicorum

601 3356 775 3425 Regis
790 3355 1005 3411 nostri?
1034 3355 1376 3426 Ipsamque,
1401 3370 1537 3426 quas
1561 3354 1640 3410 ab
1664 3355 1778 3411 illis
1802 3355 2258 3430 blasphematur

602 3444 967 3499 etcalumnis
984 3443 1324 3509 incessitur,
1351 3458 1613 3510 crucem,
1632 3448 1921 3517 tanquam
1958 3451 2254 3519 tropaeum

605 3537 814 3587 contra
834 3532 966 3587 illos
992 3530 1215 3601 erigere
1242 3531 1269 3585 ‘I
1297 3530 1427 3586 Scio
1474 3546 1581 3585 vos
1625 3531 1754 3603 jam
1807 3533 1882 3589 ad
1907 3534 2254 3591 conﬂictum

605 3636 949 3692 properare,
975 3624 1031 3675 et
1050 3634 1339 3691 quaerere,
1370 3619 1617 3691 quinam
1643 3621 1759 3677 sint
1784 3622 2005 3679 inimici
2036 3625 2252 3681 crucis.

608 3714 671 3764 ut
690 3714 881 3764 totum
904 3709 1194 3779 impetum
1218 3712 1429 3762 contra
1452 3707 1686 3764 illorum
1709 3712 2015 3767 cohortem
2040 3713 2259 3782 diriga-

608 3796 703 3863 tis,
727 3796 933 3869 eisque
956 3796 1030 3851 ad
1057 3794 1414 3864 sanguinem
1445 3796 1751 3863 resistatis,
1799 3804 1855 3853 et
1898 3799 2258 3869 gloriﬁcetur

608 3886 669 3941 in
707 3886 876 3942 vobis
895 3885 989 3941 ille
1015 3902 1027 3951 ;
1051 3886 1154 3958 qui
1177 3889 1418 3956 propter
1438 3900 1543 3938 vos
1565 3885 1625 3940 in
1649 3884 1900 3954 gloriam
1923 3890 2113 3945 crucis
2160 3906 2259 3946 mo

610 3985 729 4033 tem
758 3975 959 4033 subiit.
986 3979 1106 4045 Age
1128 3974 1306 4044 igitur
1334 3972 1661 4029 induamus
1708 3992 1816 4031 vos
1869 3979 2052 4034 armis
2098 3980 2257 4045 ﬁdei,

609 4072 984 4137 vestramque
1011 4070 1271 4120 mentem
1284 4068 1697 4135 praegnantem
1711 4066 1946 4137 pietatis
1984 4067 2111 4124 telis
2131 4068 2259 4124 effi-

610 4156 861 4216 ciamus,
884 4159 949 4209 ut
964 4154 1179 4224 jaculis
1200 4153 1484 4224 impetere
1508 4154 1746 4223 possitis
1799 4157 1915 4211 Deo
1956 4157 2181 4213 invisos
2208 4162 2265 4213 et

614 4242 892 4298 scelestos
914 4242 1211 4305 homines,
1235 4256 1389 4311 quos
1416 4241 1585 4295 multi
1611 4242 1867 4300 barbare
1928 4246 2263 4314 Bogomilos

614 4329 946 4385 nominant.
972 4331 1119 4383 Cum
1150 4329 1309 4383 enim
1340 4326 1503 4382 multi
1532 4331 1647 4384 sint
1670 4332 1893 4387 inimici
1934 4335 2144 4395 crucis,
2170 4338 2259 4389 Ju-

2365 3178 2457 3222 τοῦ
2506 3171 2874 3244 παμϐασιλέως
2928 3183 3190 3249 σκῆπτρον
3246 3172 3573 3242 ἕνδείξεσθες
3630 3172 3689 3225 Ἠ
3747 3169 3905 3243 προθυ-

2365 3262 2545 3332 μεῖσθε
2591 3268 2681 3315 καὶ
2718 3262 2852 3316 ὂπλα
2888 3272 3103 3323 κινῆσαι
3153 3270 3244 3318 καὶ
3288 3265 3513 3338 πόλεμον
3574 3266 3903 3336 συγκροτῆσίιν

2364 3354 2453 3400 καὶ
2527 3348 2729 3422 ἀφιέναι
2794 3351 2919 3424 βέλη
2976 3355 3112 3405 κατὰ
3167 3350 3401 3428 καρδίας
3455 3362 3554 3405 τῶν
3610 3351 3792 3422 ἐχθρῶν
3835 3347 3905 3393 τοῦ

2366 3436 2625 3510 βασιλέως
2678 3441 2841 3512 ἡμῶν,
2920 3445 3009 3493 καὶ
3091 3446 3342 3516 τρόπαιον
3431 3440 3750 3499 συτήσασθαι
3815 3428 3903 3484 κατ’

2364 3527 2550 3597 αὐτῶν,
2601 3528 2754 3580 αὐτόν
2802 3532 2887 3582 τὸν
2917 3530 3003 3582 ὑπ’
3051 3530 3221 3583 αὐτῶν
3271 3529 3731 3603 βλασφημούμενον
3781 3539 3903 3575 σταυ·

2364 3621 2492 3691 ρόν;
2546 3614 2689 3670 Οἶδα
2740 3620 2817 3671 ὅτι
2863 3622 2990 3693 πρὸς
3042 3620 3333 3694 παράταξιν
3391 3616 3497 3679 ἤδη
3558 3611 3903 3686 ἐπείγεσθενκαί

2367 3707 2570 3767 ζητεῖτε
2599 3713 2725 3769 τίνες
2755 3710 2803 3760 οἱ
2834 3707 3019 3780 ἐχθροὶ
3046 3716 3140 3761 τοῦ
3193 3718 3447 3782 σταυροῦ,
3480 3711 3543 3768 ὡς
3593 3706 3651 3758 ἂν
3702 3707 3782 3760 τὴν
3827 3701 3903 3748 πᾶ⁴

2369 3814 2464 3847 σαν
2495 3797 2659 3869 ὁρμὴν
2712 3797 2847 3848 κατὰ
2877 3805 2971 3857 τῆς
3027 3796 3192 3849 αὐτῶν
3240 3804 3489 3857 κινήσητε
3544 3794 3796 3869 φάλαγγος.
3837 3785 3903 3835 καί

2366 3887 2559 3958 μέχρις
2637 3887 2852 3957 αἳματος
2908 3885 3085 3948 αὐτοῖς
3153 3884 3564 3945 ἆντικαταστῆτε
3591 3887 3674 3935 καὶ
3711 3873 3899 3941 δοξασθῇ

2366 3970 2415 4023 ἐν
2446 3972 2566 4044 ὑμῖν
2593 3978 2617 4024 ό
2665 3978 2750 4025 τόν
2776 3970 2964 4036 ἄδοξον
2991 3970 3063 4026 δι’
3095 3977 3227 4047 ἡμᾶς
3255 3982 3350 4027 τοῦ
3399 3982 3621 4046 σταυρόν
3666 3960 3904 4023 καταδιξά⁸

2368 4079 2513 4132 μενος
2565 4063 2801 4114 θάνατον.
2852 4067 2975 4135 Φέρε
3018 4059 3108 4114 οὖν
3154 4060 3451 4135 ἔνδύσωμεν
3525 4063 3653 4134 ὑμᾶς
3696 4058 3753 4108 τὰ
3800 4047 3904 4103 ὅπλα

2369 4156 2459 4209 τῆς
2503 4154 2720 4210 πίστεως
2762 4155 2851 4202 καὶ
2897 4159 2995 4203 τῶν
3043 4160 3139 4212 τῆς
3188 4151 3451 4213 εὐσεϐείας
3498 4149 3651 4220 βελῶν
3696 4143 3905 4215 ἐγκύμονα

2371 4242 2464 4294 τὴν
2503 4240 2753 4311 ἡμετέραν
2814 4235 3048 4293 διάνοιαν
3101 4239 3461 4316 ἕργασώμεθα,
3506 4239 3565 4291 ἶν’
3620 4238 3775 4306 ἔχοιτε
3814 4242 3905 4278 κατ·

2373 4327 2661 4388 ακοντίζειν
2742 4328 2875 4380 αὐτὰ
2936 4339 3033 4381 τῶν
3108 4332 3403 4401 θεοστυγῶν
3500 4326 3757 4399 ἀνθρώπων
3837 4315 3907 4364 καί

616 4419 751 4481 diei,
785 4416 1059 4485 Agareni,
1088 4422 1141 4471 et
1173 4415 1291 4481 alii,
1320 4431 1534 4470 omnes
1566 4423 1765 4474 tamen
1790 4422 1934 4475 istos
1953 4421 2253 4478 abomina~

2374 4424 2591 4488 μιαρῶν,
2653 4416 2743 4478 οὓς
2790 4417 3103 4487 Βογομίλους
3159 4416 3609 4492 βαρϐαρικώτιρον
3660 4413 3704 4463 οἱ
3762 4401 3903 4500 «alios

616 4507 774 4563 tione
800 4511 857 4561 et
885 4506 1185 4576 impietate
1223 4504 1400 4570 longe
1424 4513 1711 4576 superant
1770 4509 2082 4577 Bogomili,
2110 4527 2264 4582 quos

616 4595 1000 4651 manifestum
1034 4598 1122 4647 est
1154 4608 1281 4647 esse
1325 4612 1392 4650 os
1460 4594 1706 4661 diaboli,
1763 4601 1818 4652 et
1864 4613 2265 4668 praecursores

618 4684 973 4755 Antichristi,
994 4688 1049 4739 et
1070 4683 1627 4755 ejusjaminstantis
1660 4686 1990 4757 priesentiee
2045 4689 2265 4759 perspi-

618 4792 767 4831 cuos
785 4789 1111 4848 praecones.
1139 4778 1195 4829 et
1215 4774 1751 4830 consummationis
1772 4773 1981 4829 mundi
2000 4791 2120 4831 non
2155 4777 2265 4832 du-

617 4866 751 4922 bios
770 4854 1151 4921 indices.Nec
1172 4864 1297 4919 sine
1318 4869 1463 4919 teste
1501 4866 1615 4920 hoc
1661 4864 1818 4919 dico.
1871 4864 2071 4919 Habeo
2106 4866 2263 4920 enim

619 4954 867 5009 Paulum
890 4952 1037 5009 mihi
1076 4953 1563 5020 consentientem,
1608 4952 1753 5008 dum
1804 4953 1882 5008 ita
1927 4954 2145 5019 scribit;
2204 4958 2265 5010 In

619 5044 948 5097 novissimis
962 5042 1322 5111 temporibus
1334 5042 1635 5098 discedent
1647 5042 1891 5113 quidam
1910 5058 1945 5097 α
1958 5043 2265 5110 fide,atten

618 5128 819 5184 dentes
840 5129 1149 5197 spiritibus
1170 5132 1410 5193 erroris,
1438 5137 1491 5187 et
1512 5131 1802 5185 doctrinis
1839 5131 2265 5187 daemonumin

620 5217 927 5287 hypocrisi
939 5221 1301 5291 loquentium
1317 5220 1691 5276 mendacium
1710 5227 1761 5275 et
1776 5223 2166 5275 conteriatam
2187 5223 2265 5276 ha

619 5303 875 5360 bentium
897 5320 1061 5359 suam
1084 5305 1530 5373 conscientiam;
1552 5306 1991 5373 prohibentium
2021 5306 2262 5367 nubere,

2375 4504 2712 4576 ὀνομάζουσι.
2758 4505 2959 4558 Πολλῶν
3008 4510 3106 4580 γὰρ
3156 4511 3308 4559 ὄντων
3350 4506 3550 4581 ἐχθρῶν
3594 4508 3679 4555 τοῦ
3720 4492 3903 4564 arma?“

2374 4590 2667 4662 Ἰουδαίων,
2727 4593 3025 4666 Ἀγαρηνών
3079 4600 3168 4648 καὶ
3217 4595 3413 4670 ἐτέρων,
3480 4594 3528 4644 οἱ
3596 4594 3798 4641 τοιοῦτοι
3838 4583 3885 4629 Bo

2373 4680 2577 4753 γόμιλοι
2650 4678 3046 4757 βδελυκτότεροι
3123 4688 3212 4736 καὶ
3283 4680 3676 4749 δυσσεϐέστεροι
3740 4672 3901 4757 τεθέντι-’ξν

2376 4772 2566 4821 τούτων
2593 4770 2717 4835 εἰσὶ,
2758 4776 2848 4823 καὶ
2888 4778 3059 4844 στόμα
3096 4780 3188 4824 τοῦ
3229 4768 3476 4825 διαϐόλου
3532 4761 3799 4841 προδήλωςδ
3835 4753 3903 4804 καί

2373 4855 2666 4932 πρόδρομοι
2693 4867 2784 4911 τοῦ
2828 4858 3193 4933 ἀντιχρίστου,
3242 4866 3331 4913 καὶ
3373 4864 3463 4920 τῆς
3504 4857 3619 4909 ὅσον
3659 4846 3754 4909 ἤδη
3797 4857 3903 4933 κπαρ-

2374 4953 2559 5009 ουσίας
2607 4948 2767 5000 αὐτοῦ
2836 4956 3059 5022 κήρυκες
3104 4946 3337 5017 ἔκδηλοι,
3390 4953 3478 5001 καὶ
3534 4952 3623 5003 τῆς
3665 4932 3901 4991 συντελειας

2374 5045 2465 5088 του
2496 5037 2679 5098 αἰῶνος
2733 5036 3057 5111 ἀναμφίϐολα
3114 5044 3405 5111 σημαντρα.
3452 5040 3547 5089 Καὶ
3595 5034 3619 5084 ὁ
3666 5028 3794 5095 λὸγος
3833 5030 3904 5114 μοξ

2374 5126 2468 5178 οὐκ
2500 5124 2818 5197 ἀμάρτυρος.
2869 5126 3018 5198 Ἐχω
3060 5130 3160 5200 γὰρ
3210 5130 3297 5179 τὸν
3327 5125 3521 5180 Παῦλον
3574 5119 3903 5206 συνηγορουνξα

2374 5236 2463 5288 μοι
2500 5220 2589 5267 καὶ
2634 5218 2827 5268 οὑτωσὶ
2878 5218 3164 5287 γάσκοντα,
3221 5219 3300 5268 ὅτι
3359 5217 3435 5268 Ἐν
3477 5214 3699 5281 ὑστέροις
3741 5206 3903 5269 καφοίς

3071 5314 3165 5368 τῆς
3274 5311 3510 5367 πίστεως,
3605 5294 3900 5369 προσέχοντες

2376 5306 2767 5363 ἀποστήσονταί
2850 5326 2976 5367 τινες
3071 5314 3165 5367 τῆς
3274 5311 3510 5367 πίστεως,

616 5393 913 5449 abstinere
937 5408 973 5449 α
1001 5392 1318 5463 cibis,quos
1335 5394 1491 5449 Deus
1512 5395 2253 5464 creavitadpercipiendun

2373 5399 2627 5469 πνεύματι
2734 5394 2931 5456 πλάνης
3040 5400 3129 5447 καὶ
3223 5390 3563 5448 διδασκαλίας
3662 5377 3893 5453 sistito“:

685 5608 706 5641 ⁸
734 5604 932 5664 Matth.
960 5621 1103 5675 xxv,
1132 5608 1223 5675 42,
1253 5608 1345 5663 43.
1421 5608 1443 5642 ⁸
1473 5608 1495 5663 Ι
1521 5605 1710 5665 Thim.
1741 5623 1818 5678 v1,
1851 5610 1905 5663 8.
1982 5606 2171 5689 Galat.
2201 5624 2284 5679 ιιι,
2312 5610 2407 5664 27.
