4096 6208
285 311 398 366 629

285 432 338 484 ἐν
467 433 746 505 ὑποκρίσει
854 429 1189 506 ψευδλοόγων
1219 478 1236 499 ,

283 526 386 579 τὴν
466 518 611 572 ἰδίαν
679 517 985 579 συνείδησιν
1019 567 1032 588 ,
1108 523 1408 578 κωλυόντων
1489 531 1698 597 γαμεῖν,
1775 521 1895 574 ἀπέ-

281 613 486 681 χεσθαι
567 608 882 684 βρωμάτων,
936 610 969 662 ἆ
1025 613 1052 664 6
1107 616 1233 674 Θεὸς
1294 617 1492 667 ἔκτισεν
1539 614 1609 676 εἰς
1667 611 1893 686 μετάλη-

279 698 382 769 ψιν
444 699 559 772 μετ’
623 699 970 770 εὐχαριστιας
1027 709 1132 762 τοῖς
1190 711 1398 765 πιστοῖς
1462 708 1551 755 καὶ
1617 701 1897 773 ἐπεγνωκό-

285 807 346 840 σι
410 793 505 846 τὴν
572 787 833 846 ἀλήθειαν.
897 787 1015 841 Ὀτι
1075 796 1178 843 πᾶν
1257 793 1458 865 κτίσμα
1523 797 1650 845 Θεοῦ
1714 789 1890 854 καλὸν,

281 881 376 928 καὶ
437 873 590 929 οὐδὲν
655 875 946 935 ἀπόϐλητον
1011 881 1140 950 μετά
1207 880 1550 956 εὐχαριστίας
1635 878 1890 952 λαμϐανό·

279 985 455 1038 μενον.
522 972 700 1018 Ταῦτα
763 969 1108 1039 κηρύττοντες
1171 976 1258 1021 νῦν
1325 969 1374 1022 οὶ
1437 968 1734 1022 ἀποστάται
1794 975 1890 1028 τῆς

277 1059 513 1115 πίστεως
577 1059 666 1106 καὶ
715 1053 994 1128 λατρευταὶ
1053 1065 1150 1108 τῶν
1217 1059 1518 1130 πνευμάτων
1599 1065 1689 1118 τῆς
1761 1055 1886 1107 πλά-

1633 309 1910 384 CONTRA
1946 307 2344 365 BOGOMILOS

1371 437 1879 508 κεκαυτηριασμένωπ

2009 447 2142 487 cum
2165 433 2503 502 gratiarum
2522 435 2756 490 actione
2777 433 3138 504 ﬁdelibus,et
3156 431 3226 486 iis
3248 428 3357 502 qui
3381 443 3662 500 cognove-

3556 301 3663 364 .030

2005 527 2150 576 runt
2167 524 2495 579 veritatem.
2514 523 2663 590 Quia
2676 525 2866 580 omnis
2879 527 3162 580 creatura
3174 521 3285 576 Dei
3309 520 3462 575 bona
3486 525 3590 590 est,
3604 523 3661 575 et

2003 610 2159 665 nihil
2174 613 2560 680 reﬁciendum
2572 654 2584 678 ,
2598 613 2758 684 quod
2769 629 2902 668 cum
2915 611 3254 680 gratiarum
3269 609 3504 665 actione
3519 623 3662 678 per-

2004 700 2276 767 cipitur“.
2306 702 2439 755 Haec
2451 717 2590 756 cum
2606 700 3098 771 annuntientjam
3122 699 3452 753 desertores
3491 695 3654 766 ﬁdei,

2003 791 2060 841 et
2091 786 2346 842 cultores
2377 789 2690 860 spirituum
2719 789 2953 850 erroris,
2978 793 3035 843 et
3059 779 3408 842 daemonum
3429 783 3654 840 doctri—

2000 875 2092 930 nis
2107 876 2478 933 attendentes
2498 877 2745 950 planum
2762 877 3007 946 faciunt,
3026 881 3318 946 tempora,
3336 888 3473 946 quae
3503 874 3652 927 Pau-

1997 963 2094 1019 lus
2123 965 2454 1022 novissima
2473 971 2667 1032 vocat,
2703 983 2836 1022 esse
2858 965 3123 1033 illaipsa,
3141 961 3364 1035 quibus
3379 960 3472 1016 isti
3495 960 3648 1016 adeo

1997 1053 2311 1110 scelestam
2330 1059 2387 1110 et
2414 1055 2656 1126 plenam
2680 1055 2983 1128 impietate
2999 1052 3333 1109 doctrinam
3351 1048 3643 1106 effutiunt.

277 1162 396 1206 νης,
461 1146 552 1196 καὶ
619 1138 880 1214 δαιμόνων
945 1141 1323 1208 διδασκαλίαις
1382 1151 1752 1220 προσέχοντες,
1817 1149 2038 1218 φανερῶς
2097 1151 2425 1218 παριστῶσιν
2487 1145 2568 1195 ὅτι
2614 1164 2708 1218 περ
2757 1147 2845 1205 οῦς
2893 1146 2918 1194 ό
2965 1142 3163 1202 Παῦλος
3210 1141 3462 1212 ὑστέρους
3500 1137 3640 1208 λέγει

273 1237 495 1306 καιρούς
528 1272 544 1296 ,
567 1229 710 1284 οὗτοί
749 1228 872 1299 εἶσι,
905 1235 1024 1286 καθ’
1055 1234 1144 1297 ούς
1173 1239 1238 1288 τὰ
1259 1238 1426 1309 μιαρά
1452 1242 1621 1288 ταῦτα
1658 1239 1748 1286 καὶ
1781 1230 2091 1294 δυσσεϐείας
2121 1235 2290 1304 μεστὰ
2315 1232 2659 1306 φλυαροῦνται
2687 1229 2721 1286 δ
2728 1230 3020 1306 ιδάογματα.

355 1324 509 1391 Λέγει
577 1317 635 1372 δὲ
698 1325 788 1374 καὶ
855 1330 1021 1374 ταῦτα
1081 1325 1106 1374 6
1159 1324 1316 1386 αὐτὸς
1357 1323 1666 1384 Ἀπόστολος
1732 1322 1779 1374 ἐν
1818 1329 1880 1394 τῇ

273 1413 410 1482 πρὸς
461 1409 863 1473 Θεσσαλονικείς
921 1407 1138 1485 δευτέρᾳ
1189 1411 1476 1480 ἐπιστολῇ·
1525 1419 1609 1486 Mf)
1642 1432 1723 1472 τις
1752 1413 1883 1483 ὑμᾶς

1483 1503 1562 1553 ὅτι
1643 1501 1728 1554 ἐὰν
1806 1506 1878 1572 μὴ

637 1586 941 1641 ἀποστασία
999 1599 1201 1663 πρῶτον
1269 1595 1360 1643 καὶ
1424 1589 1762 1662 ἀποκαλυφθῇ
1855 1594 1880 1641 ό

273 1497 582 1571 ἐξαπατήσῃ
665 1502 799 1551 κατὰ
863 1497 1068 1573 μηδένα
1150 1505 1338 1576 τρόπον
1382 1524 1394 1534 ·

269 1587 396 1659 ἢθη
503 1589 535 1645 ἡ

272 1678 545 1748 ἄνθρωπος
589 1685 678 1737 τῆς
743 1677 1024 1751 ἁμαρτίας,
1091 1681 1116 1730 ό
1185 1682 1297 1740 υίὸς
1359 1686 1448 1740 τᾶς
1514 1678 1790 1744 ἀπωλείας,
1854 1681 1879 1729 ὁ

273 1762 639 1836 ἀντικείμενος.
745 1770 835 1818 καὶ
907 1767 1310 1841 ῦπεραιρόμενος
1392 1767 1476 1820 ἐπὶ
1559 1771 1728 1820 πάντα
1804 1767 1881 1820 λε-

269 1857 489 1922 γόμενον
553 1855 680 1905 Θεὸν
723 1897 737 1921 ,
806 1855 835 1912 ἢ
909 1854 1194 1927 σέϐασμα,
1259 1857 1392 1909 ὥστε
1457 1860 1611 1908 αὑτὸν
1670 1857 1736 1916 εἰς
1793 1859 1879 1908 τὸν

495 1947 589 1992 τοῦ
658 1946 785 1994 Θεοῦ
860 1945 924 2002 ὡς
993 1948 1121 1996 Θεὸν

271 2029 480 2096 ἑαυτὸν,
550 2030 630 2080 ὃτι
697 2029 808 2081 ἐστὶ
873 2035 1016 2091 Θεός.
1069 2037 1195 2104 Περὶ
1263 2038 1410 2084 τίνων
1476 2029 1582 2098 οὖν,
1635 2035 1748 2102 ἔφη,
1801 2034 1882 2083 ὅτι

269 1944 394 1991 ναόν
495 1947 589 1992 τοῦ
658 1946 785 1994 Θεοῦ
860 1945 924 1996 ὡς
993 1948 1121 1996 Θεὸν
1215 1946 1435 1996 καθίσαι
1503 1929 1884 1996 ἀποδεικνύντα

269 2115 356 2167 ἐὰν
404 2121 476 2188 μὴ
539 2117 661 2190 ἔλθῃ
715 2126 919 2190 πρῶτον
987 2122 1015 2177 ἡ
1082 2118 1422 2187 ἀποστασία;
1487 2125 1610 2192 Περὶ
1677 2120 1879 2189 αὐτῶν,

266 2207 440 2277 οἶμαι,
487 2215 589 2257 τῶν
651 2207 964 2279 Βογομίλων,
1023 2214 1140 2283 περὶ
1193 2207 1259 2260 ὧν
1311 2215 1400 2261 καὶ
1458 2213 1584 2282 πρὸς
1629 2211 1879 2281 Τιμόθεον

267 2298 480 2367 γράφων
535 2297 749 2370 εἰρηκει,
807 2301 875 2359 ὡς
932 2296 1166 2372 ἀνωτέρω
1221 2295 1538 2365 δεδήλωται,
1610 2301 1688 2351 ὅτι
1755 2297 1882 2351 ἀπο-

271 2389 564 2440 στήσονταί
611 2404 739 2446 τινες
793 2395 887 2448 τῆς
939 2392 1184 2450 πίστεως.
1240 2386 1360 2440 ’Ὀτι
1419 2384 1476 2440 δε
1542 2391 1630 2440 τὸν
1674 2390 1878 2459 ἔννομον

268 2473 438 2545 γάμον
505 2473 786 2544 κωλύουσι,
835 2479 924 2527 καὶ
979 2477 1060 2527 ὅτι
1111 2478 1314 2528 πάντων
1388 2474 1680 2550 βρωμάτων
1743 2474 1876 2528 ἀκα-

272 2562 499 2632 θαρσίαν
556 2563 1035 2634 καταψηφίζονται,
1097 2569 1184 2616 καὶ
1244 2566 1322 2618 ότι
1382 2568 1504 2617 Θεὸν
1555 2567 1878 2638 κηρύττουσι

266 2653 354 2701 τόν
411 2647 653 2702 διάϐολον
701 2654 750 2703 οἱ
799 2649 1124 2706 διαϐολιανοὶ
1177 2662 1249 2724 τῷ
1311 2657 1416 2706 ὄντι
1465 2653 1761 2726 Βογὸμιλοι,
1787 2658 1877 2706 καὶ

265 2743 362 2795 τὴν
471 2734 824 2814 δημιουργίαν
901 2749 992 2793 τοῦ
1065 2746 1368 2813 φαινομένου
1445 2749 1647 2815 κόσμου
1711 2744 1876 2813 τούτῳ

266 2825 699 2900 ἀποχαρίζονται
730 2871 744 2895 ,
811 2829 1004 2892 ἔξεστιν
1074 2830 1242 2882 αὐτῶν
1316 2830 1566 2902 λεγόντων
1632 2830 1878 2888 ἀκοῦσαι,

267 2913 407 2968 Ἀλλ’
443 2916 484 2966 ὦ
531 2924 626 2978 τῆς
685 2915 881 2989 ἀνοχῆς
944 2938 1061 2983 σου,
1115 2921 1313 2994 Χριστε
1381 2918 1639 2992 βασιλεῦὲ
1696 2920 1736 2970 ὣ
1786 2928 1882 2980 τῆς

265 3007 446 3060 πάντα
473 3013 591 3058 νοῦν
645 3009 943 3070 νικησάσης
1040 3011 1409 3082 μακροθυμίας
1480 3009 1614 3065 acu!
1673 2999 1882 3066 ἀληθινὶ

268 3091 568 3169 δημιουργὲ
605 3101 695 3148 καὶ
749 3100 944 3154 ποιητά
996 3099 1171 3158 πάσης
1229 3103 1468 3165 κτίσεως,
1527 3100 1785 3171 όρωμένης
1830 3115 1885 3149 τε

267 3189 356 3236 καὶ
393 3183 640 3257 ἀοράτου,
673 3187 753 3238 ὄτι
779 3194 878 3238 τῶν
921 3187 1239 3246 τηλικούτων
1298 3186 1461 3261 ἀνέχῃ
1519 3187 1888 3261 βλασφημιῶνο

271 3279 376 3325 Καὶ
440 3275 516 3324 ἔτι
572 3279 692 3335 τούς
747 3279 1029 3349 κεραυνοὺς
1081 3276 1290 3348 ἐπέχεις
1346 3283 1436 3330 καὶ
1499 3283 1739 3348 συνέχεις
1793 3281 1888 3335 τὴν

267 3370 393 3433 γῆν,
455 3365 547 3413 καὶ
615 3365 731 3414 οὔτε
799 3367 1016 3426 τούτους
1081 3369 1466 3428 κατακοντίζεις
1521 3375 1620 3418 τῶν
1688 3373 1887 3439 μιαρῶν

267 3449 545 3522 κεφαλῶν,
615 3451 674 3502 ού
742 3455 935 3509 ταύτην
1001 3453 1222 3524 ἀνοίγεις
1293 3459 1382 3506 καὶ
1449 3474 1690 3525 καταγεις
1763 3458 1884 3513 τοὺς

267 3539 486 3609 ἐναγεῖς,
571 3538 914 3600 ἀνθιστάντας
984 3549 1056 3611 τῷ
1113 3550 1285 3612 πιστῷ
1337 3562 1432 3594 σου
1485 3543 1656 3615 οἰκέτῃ
1713 3550 1880 3616 Μωσῇ

268 3629 592 3702 θρασύτερον
643 3629 671 3686 ἦ
726 3631 776 3680 οἱ
835 3635 955 3702 περὶ
1001 3632 1169 3682 Δαθὰν
1220 3635 1310 3682 καὶ
1349 3629 1614 3704 Ἀϐειρων.
1673 3635 1773 3684 Καὶ
1818 3635 1882 3682 σὺ

265 3725 434 3788 τιμῶν
467 3721 555 3768 τὸν
589 3717 792 3774 οἰκέτην
845 3737 940 3770 σου
999 3727 1070 3789 τῷ
1118 3719 1365 3792 χάσματι
1411 3722 1626 3781 τούτους
1682 3739 1880 3790 συγκα-

262 3804 478 3866 λύπτεις
542 3813 636 3867 τῆς
723 3816 857 3877 γῆς.
924 3807 1213 3882 Ἀλλότριον
1278 3816 1381 3880 πῦρ
1412 3811 1461 3860 οἱ
1539 3805 1722 3868 παῖδες
1789 3815 1880 3860 τοῦ

261 3893 468 3965 Ἀαρὼν
526 3903 599 3964 τῷ
669 3897 1034 3969 θυσιαστηρίῳ
1099 3902 1478 3970 προσφέρουσι,
1541 3902 1631 3948 καὶ
1692 3898 1718 3947 6
1783 3897 1876 3948 οῦ-

257 3985 412 4054 ρανὸς
469 3985 661 4035 ἀνωθεν
710 3981 919 4046 ἔκδικος
994 3985 1322 4058 πυρεκϐολῶν
1399 3983 1670 4060 ἀστραπὰς
1739 3988 1874 4037 κατὰ

258 4075 456 4123 τούτων
514 4080 613 4124 τῶν
677 4071 963 4145 ὑϐριστῶν,
1017 4077 1224 4126 Τούτων
1285 4070 1344 4126 δὲ
1412 4083 1512 4126 τῶν
1571 4074 1752 4136 ἀθέων,
1812 4075 1870 4127 ού

2062 1320 2224 1376 Idem
2237 1321 2560 1392 Apostolus
2574 1323 2702 1378 haec
2713 1338 2957 1395 quoque
2967 1324 3174 1377 monet
3191 1319 3251 1374 in
3275 1315 3544 1373 secunda
3563 1315 3643 1371 ad

1988 1409 2548 1467 Thessalonicenses
2569 1412 2827 1484 Epistola
2843 1432 2854 1467 :
2870 1413 2960 1467 Ne
2971 1411 3106 1483 quis
3123 1425 3223 1466 vos
3247 1408 3491 1464 seducat
3518 1406 3639 1461 alio

1988 1499 2464 1570 modo,quoniam
2487 1502 2604 1555 nisi
2618 1503 2841 1557 venerit
2863 1501 3136 1555 discessio
3146 1499 3406 1567 primum
3420 1500 3473 1551 et
3484 1509 3642 1550 reve-

1990 1589 2150 1644 latus
2169 1589 2362 1658 fuerit
2397 1590 2568 1644 homo
2581 1590 2830 1658 peccati.
2844 1589 3008 1659 ﬁlius
3017 1586 3388 1657 perditionis,
3404 1585 3506 1654 qui
3535 1582 3639 1638 ad-

1988 1682 2266 1732 versatur
2276 1684 2330 1732 et
2342 1680 3042 1747 extollitur,superomne
3053 1675 3212 1748 quod
3223 1672 3637 1739 diciturDeus,

1988 1773 2092 1821 aut
2114 1767 2273 1837 quod
2293 1769 2528 1838 colitur,
2554 1770 2640 1824 ita
2666 1775 2732 1822 ut
2748 1769 2811 1823 in
2826 1768 3044 1836 templo
3073 1767 3182 1820 Dei
3207 1763 3424 1830 sedeat,
3449 1767 3638 1817 osten-

1987 1856 2130 1911 dens
2159 1871 2240 1924 se,
2267 1863 2552 1926 tanquam
2578 1859 2653 1911 sit
2678 1861 2829 1912 Deus
2854 1859 2897 1911 9.
2932 1858 3008 1912 De
3038 1854 3260 1926 quibus
3275 1852 3454 1921 igitur
3473 1847 3638 1918 dixit,

1987 1945 2106 1998 nisi
2132 1946 2356 2000 venerit
2373 1946 2644 2001 discessio
2671 1947 2931 2013 primum
2961 1945 2990 1999 ‘2
3020 1946 3097 1998 De
3149 1943 3319 2014 ipsis,
3355 1944 3418 1995 ut
3467 1942 3636 2011 puto,

1990 2031 2327 2101 Bogomilis.
2367 2034 2444 2086 De
2485 2032 2707 2104 quibus
2743 2038 2799 2087 et
2830 2032 2909 2087 ad
2935 2030 3312 2087 Timotheum
3367 2026 3636 2082 scribens

1987 2119 2232 2188 dixerat,
2271 2129 2332 2175 ut
2363 2137 2542 2192 supra
2565 2121 2692 2191 jam
2722 2120 3010 2189 vidimus,
3037 2119 3161 2174 fore
3215 2122 3278 2172 ut
3327 2115 3579 2188 quidam
3600 2131 3636 2170 a

1986 2207 2105 2262 ﬁde
2127 2208 2466 2263 deﬁcerent.
2493 2209 2660 2274 Quod
2682 2213 2883 2265 autem
2914 2209 3212 2278 legitimas
3234 2205 3476 2278 nuptias
3496 2219 3634 2277 pro-

1985 2297 2255 2359 hibeant,
2295 2297 2580 2370 quodque
2628 2297 2835 2354 omnia
2877 2297 3181 2353 esculenta
3235 2291 3634 2350 immunditiae

1985 2387 2276 2443 damnent
2300 2393 2355 2442 et
2385 2387 2551 2460 quod
2575 2387 2859 2444 diabolici
2880 2388 3061 2460 plane
3098 2382 3385 2456 Bogomili
3425 2381 3637 2437 diabo-

1985 2475 2110 2532 lum
2141 2483 2433 2548 tanquam
2465 2476 2649 2532 Deum
2681 2476 3056 2543 annuntient,
3079 2474 3253 2545 eique
3273 2471 3455 2542 hujus
3468 2484 3638 2543 aspe-

1985 2566 2214 2622 ctabilis
2248 2565 2457 2621 mundi
2480 2565 2854 2622 etfectionem
2883 2565 3191 2622 ascribant
3217 2605 3230 2629 ,
3262 2560 3458 2634 quivis
3487 2558 3638 2632 ipsis

1982 2654 2046 2711 id
2076 2655 2518 2711 afﬁrmantibus
2549 2661 2603 2711 et
2621 2651 3385 2727 proﬁtentibusintelligere
3404 2648 3644 2722 potest?

1985 2745 2153 2814 sed,o
2178 2751 2342 2800 tuam
2374 2744 2600 2800 Christe
2631 2744 3010 2816 patientiam!
3036 2759 3072 2799 ο
3101 2739 3651 2811 Ιοηεδηὶωἱιδιθων

1985 2850 2122 2908 quae
2153 2850 2397 2888 omnem
2427 2833 2850 2902 cogitationem
2883 2830 3148 2888 excedit!
3179 2829 3357 2886 Unice
3379 2831 3436 2883 et
3465 2825 3646 2882 veris-

1990 2925 2139 2980 sime
2153 2927 2385 2978 creator
2402 2921 2712 2977 etelI‘ector
2742 2922 2943 2977 omnis
2957 2924 3242 2976 creaturae
3263 2913 3649 2988 aspectabilis

2001 3017 2058 3069 et
2087 3009 2554 3081 inaspectabilis,
2596 3026 2701 3065 cur
2731 3011 2878 3065 tales
2909 3006 3319 3081 blasphemias
3349 2999 3650 3059 sustines?

2001 3103 2116 3158 Cur
2137 3099 2336 3155 adhuc
2366 3098 2619 3154 fulmina
2646 3098 2911 3163 cohibes,
2971 3102 3311 3168 tersamque
3357 3089 3648 3160 contines,

1999 3206 2193 3262 neque
2214 3189 2312 3244 illa
2331 3190 2392 3243 in
2412 3189 2542 3244 haec
2565 3192 2686 3243 tam
2707 3186 2969 3243 nefanda
2987 3185 3184 3257 capita
3208 3181 3432 3250 vibras,
3450 3193 3651 3252 neque

1997 3281 2156 3336 hanc
2186 3278 2406 3349 aperis,
2439 3282 2495 3332 et
2514 3275 2782 3332 detrudis
2810 3275 3092 3331 scelestos
3121 3273 3286 3340 istos,
3331 3269 3434 3342 qui
3482 3266 3646 3323 ﬁdeli

1999 3383 2168 3422 servo
2197 3372 2295 3421 tuo
2321 3365 2497 3438 Moysi
2527 3365 2819 3425 audacius
2848 3363 3164 3428 obsistunt,
3197 3375 3384 3433 quam
3416 3355 3647 3413 Dathan

1995 3455 2286 3512 etAbiron
2301 3471 2438 3509 cum
2459 3454 2613 3510 suis?
2641 3457 2706 3509 Et
2733 3459 2796 3509 tu
2809 3454 3115 3509 honorans
3131 3447 3428 3506 famulum
3452 3450 3645 3514 tuum,

1993 3545 2160 3600 hiatu
2188 3549 2354 3599 terrae
2386 3544 2531 3599 istos
2562 3543 2846 3615 contegis.
2870 3541 3142 3598 Alienum
3173 3539 3375 3610 ignem
3404 3533 3508 3592 ﬁlii
3536 3538 3648 3590 Aa-

1991 3649 2103 3689 ron
2132 3632 2298 3688 altari
2341 3631 2616 3703 mferunt,
2643 3637 2698 3687 et
2742 3647 2878 3687 ecce
2936 3644 3195 3703 superne
3245 3629 3308 3684 in
3363 3624 3645 3682 ultionem

1990 3721 2254 3792 exsurgit
2281 3721 2520 3787 coelum,
2544 3720 2879 3790 fulguribus
2912 3723 3119 3776 contra
3138 3715 3463 3789 injuriosos
3497 3712 3644 3768 mis-

1989 3812 2070 3866 sis
2095 3811 2160 3866 ¹⁰.
2194 3810 2290 3866 His
2320 3826 2461 3865 vero
2503 3809 2691 3866 atheis
2724 3814 2781 3866 et
2833 3806 3324 3873 sceleratissimis,
3357 3819 3478 3860 non
3510 3802 3640 3875 jam

1986 3899 2170 3971 Moysi
2195 3898 2662 3963 obluctantibus,
2693 3900 2802 3954 sed
2829 3897 3072 3969 tibi,qui
3087 3897 3501 3952 universorum
3517 3895 3639 3946 Rex

1985 4003 2049 4042 es
2080 3992 2137 4042 et
2165 3988 2545 4058 omnipotens
2576 3991 2752 4052 Deus,
2788 3992 2962 4058 teque
2989 3987 3105 4041 tuis
3135 4000 3206 4039 ex
3228 3981 3512 4055 operibus
3541 3995 3637 4044 ,ex

1982 4075 2413 4133 dominatione.
2440 4075 2712 4146 imperio,
2745 4089 2890 4129 cura
2919 4077 2974 4128 et
3002 4070 3376 4145 providentia
3423 4067 3635 4140 ejicere

257 4162 395 4210 κατά
459 4164 689 4222 Μωσέως
751 4159 1158 4234 ἀνθισταμένων,
1212 4161 1342 4213 ἀλλὰ
1395 4165 1530 4214 κατά
1583 4170 1675 4214 τοῦ
1727 4183 1866 4236 παμ-

1989 4163 2339 4219 conantibus
2369 4163 2570 4219 fauces
2602 4169 2769 4220 terrae
2817 4162 2995 4219 alhuc
3047 4159 3377 4224 concludis,
3435 4171 3634 4230 neque

257 4246 514 4309 ϐασιλέως
571 4254 660 4300 καὶ
718 4247 1120 4322 παντοδυνάμου
1171 4258 1327 4318 Θεοῦ,
1381 4256 1469 4303 καὶ
1523 4255 1738 4303 σεαυτὸν
1768 4261 1867 4304 τῶν

261 4345 368 4388 σῶν
421 4338 734 4408 πονημάτων
791 4343 881 4390 καὶ
948 4335 1256 4400 δεσποτείας
1311 4344 1399 4391 καὶ
1457 4345 1704 4411 προνοίας
1741 4339 1868 4402 ἕξοις

259 4425 533 4490 κιζὸντων,
591 4431 830 4498 συνέχεις
888 4429 964 4478 ἔτι
1006 4431 1065 4477 τὸ
1123 4434 1294 4499 στόμα
1343 4436 1432 4487 τῆς
1481 4437 1597 4498 γῆς,
1653 4435 1742 4480 καὶ
1777 4429 1870 4481 οῦκ

258 4513 348 4584 ἐᾷς
375 4516 738 4573 καταποθῆναι
794 4519 916 4576 τοῦς
963 4520 1202 4589 μιαρούς.
1246 4520 1356 4568 Οῦκ
1405 4515 1670 4591 ἀλλότριον
1710 4537 1871 4591 προσ-

259 4607 479 4676 φέρουσι
531 4611 654 4675 πῦρ,
712 4603 839 4655 ἀ)λά
900 4601 1225 4679 δημιουργὸν
1284 4614 1675 4677 χειροτονοῦσιν
1729 4605 1873 4659 ἀλ)ὁ“

257 4712 404 4766 τριον
458 4693 525 4752 εἰς
569 4695 633 4744 τὰ
690 4701 785 4755 τῆς
832 4699 1012 4768 χειρός
1068 4713 1162 4746 σου
1193 4701 1466 4765 ποιήματα
1495 4698 1581 4745 τὸν
1611 4694 1870 4770 ἀντάρτην

256 4786 348 4831 καὶ
419 4779 722 4838 ἀποστάτην
787 4801 907 4851 σου,
965 4781 1018 4833 ὸν
1077 4783 1176 4834 ύπὸ
1240 4786 1356 4842 τοὺς
1427 4779 1599 4843 πόδας
1662 4791 1762 4834 τῶν
1831 4804 1915 4837 σοι
1973 4789 2392 4838 πεπιστευκότων
2458 4788 2834 4861 ύπέστρωσας.

256 4871 287 4927 ἡ
326 4865 386 4920 δὲ
417 4871 553 4920 κατά
576 4872 772 4920 τούτων
805 4869 1150 4943 ἐκτέφρωσιςς
1184 4874 1246 4922 Τί
1277 4873 1350 4922 ἔτι
1383 4874 1468 4921 καὶ
1497 4870 1725 4942 μέλλεις;

333 4956 490 5009 Ἀλλὰ
543 4961 630 5008 τὸν
684 4959 774 5028 μὲν
826 4957 976 5009 ἄλλον
1033 4967 1128 5018 τῆς
1167 4960 1413 5030 αἱρέσεως
1459 4959 1626 5009 αὐτῶν
1677 4958 1865 5033 βόρϐο-

255 5065 368 5120 ρον,
427 5050 515 5096 καὶ
563 5049 621 5096 τὸ
675 5045 802 5097 πολύ
860 5054 956 5107 τῆς
1003 5053 1096 5098 τοῦ
1145 5051 1398 5119 στόματος
1447 5047 1614 5098 αὐτῶν
1645 5046 1866 5100 ἀποκλυ-

260 5135 462 5194 ζούσης
525 5131 853 5206 ἀκαθαρσίας
921 5135 971 5186 ἐν
1039 5136 1281 5207 ὑπονόμῳ
1348 5139 1714 5208 μετοχετεύσω
1777 5146 1870 5200 τῆς

262 5229 490 5284 σιωπῆς.
561 5222 825 5296 Φόϐοῦμαι
885 5227 986 5299 γὰρ
1048 5229 1118 5297 μή
1184 5245 1307 5277 ποτε
1365 5229 1422 5276 τὸ
1485 5232 1586 5278 πᾶν
1646 5232 1870 5300 σήμερον

262 5309 546 5384 ἐπιχειρῶν
614 5310 860 5374 ἐξαντλεῖν
930 5310 1227 5379 δυσωδίας,
1305 5317 1390 5365 τὸν
1458 5311 1625 5371 εὐώδη
1694 5324 1872 5368 τοῦτον

260 5404 420 5451 τόπον
485 5399 765 5474 πληρώσω,
833 5405 926 5465 τὰς
996 5403 1158 5465 καλὰς
1219 5405 1351 5476 ὑμᾶς
1413 5405 1723 5478 περιστερὰς
1775 5404 1875 5469 ἐξε-

1980 4252 2293 4326 permittis,
2324 4257 2389 4307 ut
2413 4252 2812 4308 exsecrandos
2825 4251 2967 4308 istos
2979 4249 3462 4322 deglutiant.Non
3493 4245 3634 4302 alie-

1979 4357 2127 4396 num
2147 4340 2470 4412 imponunt
2499 4341 2723 4412 ignem,
2755 4343 2859 4397 sed
2895 4340 3079 4396 alium
3111 4338 3484 4395 conditorem
3515 4339 3630 4392 sta-

1979 4433 2173 4498 tuunt,
2200 4434 2258 4484 et
2281 4429 2342 4484 in
2371 4445 2555 4494 onera
2595 4447 2813 4486 manus
2843 4437 2960 4486 tuae
2991 4425 3496 4484 subintroducunt
3523 4423 3631 4480 ad-

1979 4518 2310 4573 versarium
2338 4523 2393 4574 et
2421 4517 2790 4575 desertorem
2817 4524 3008 4586 tuum,
3037 4532 3220 4590 quem
3260 4514 3519 4588 pedibus
3568 4513 3630 4569 in

1980 4611 2036 4663 te
2089 4606 2459 4664 credentium
2493 4607 2819 4678 subjecisti.
2855 4607 2962 4664 Ubi
2997 4621 3134 4662 vero
3169 4603 3418 4660 fulmina
3445 4600 3472 4656 7
3510 4605 3627 4660 Cur

1981 4712 2105 4752 non
2141 4702 2453 4752 vertuntur
2491 4699 2550 4752 in
2583 4698 2830 4753 cineres.
2893 4697 3041 4763 Quid
3103 4695 3300 4751 adhuc
3325 4691 3628 4750 moraris?

2926 4788 2991 4836 Oi
3052 4781 3111 4837 δὲ
3178 4786 3418 4858 κεραυνοὶ
3480 4786 3621 4846 ποῦς

1972 4966 2188 5018 Verum
2228 4963 2374 5020 alias
2403 4964 2649 5036 quidem
2686 4964 2982 5020 haereseos
3021 4962 3258 5018 illorum
3306 4959 3514 5017 sordes
3568 4963 3626 5016 et

1974 5053 2278 5122 ingentem
2300 5051 2462 5108 illam
2491 5051 2958 5120 immunditiam,
2987 5067 3186 5124 quam.
3212 5066 3314 5106 ore
3345 5065 3454 5106 suo
3484 5064 3624 5106 evo-

1977 5147 2167 5208 munt,
2203 5139 2454 5206 silentio,
2485 5141 2639 5196 velut
2669 5140 2830 5196 fossa
2849 5141 3114 5212 quadam
3147 5145 3204 5196 et
3234 5139 3430 5196 canali
3458 5144 3626 5196 trans

1977 5230 2235 5298 mittam,
2269 5236 2325 5285 et
2355 5230 2470 5285 alio
2502 5229 2809 5286 derivabo.
2837 5231 3057 5286 Vercor
3077 5229 3340 5295 enim,ne
3372 5229 3421 5284 si
3449 5228 3628 5285 hodie

1981 5335 2161 5374 coner
2180 5325 2368 5375 totam
2401 5319 2560 5375 illam
2581 5319 2804 5375 {caloris
2828 5320 3120 5376 sentinam
3144 5318 3467 5386 exantlare,
3493 5334 3630 5373 sua-

1983 5407 2315 5464 veolentem
2344 5408 2712 5464 hunclocum
2731 5407 3091 5481 compleam,
3109 5424 3332 5482 vosque
3347 5407 3629 5480 pulchras

341 5576 363 5610 ⁸
395 5575 595 5633 l'l‘im.
624 5595 697 5647 ιν,
746 5583 850 5638 1-4.
883 5583 904 5617 ³
935 5583 982 5636 ll
1011 5581 1218 5638 Thess.
1252 5599 1310 5652 n,
1339 5583 1393 5648 3,
1429 5585 1483 5639 4.
1514 5582 1562 5617 ¹⁰
1592 5584 1764 5640 Num.
1798 5602 1914 5656 xw,
1950 5590 1972 5640 1
2009 5601 2179 5659 seqq.
