4096 6208
527 332 628 388 631

1703 329 2018 390 GERMANI
2059 327 2104 382 ιι
2143 322 2246 380 cr.
2287 318 2759 380 PATBIARCHE

3819 324 3910 381 632

527 453 846 512 columbas
877 453 1086 527 procul
1120 453 1260 510 hinc
1313 455 1630 529 expellam.
1689 459 1840 515 Nam
1891 451 2181 511 columbis

2297 444 2441 499 λάσω
2459 451 2684 523 μακράν.
2722 447 2946 520 Ἐχθγὸν
2981 446 3082 522 γὰρ
3136 444 3363 522 ἀκριϐῶς
3417 445 3450 504 ἡ
3513 441 3768 500 δυσωδία
3816 457 3910 510 ταῖς

527 542 705 600 fmtor
732 542 910 599 valde
939 541 1310 600 adversatur.
1345 546 1540 611 Quam
1565 561 1708 603 vero
1736 542 2184 619 blasphemiam

529 637 740 689 contra
767 630 1147 688 benedictam
1163 647 1403 690 crucem
1431 634 2185 709 eructentilliquianimam

527 719 695 776 omni
723 720 1176 778 abominatione
1200 721 1628 780 refertissiman
1643 724 1889 791 habent,
1916 723 2060 780 dum
2075 736 2186 793 ego

530 807 782 882 explico,
813 808 982 864 vobis
1003 808 1082 865 ad
1111 811 1402 882 patienter
1423 813 1794 870 audiendum
1816 813 1935 870 vim
1957 812 2184 880 inferte,

528 901 597 955 ut
623 913 762 954 eum
792 898 1216 968 cognoveritis,
1245 915 1368 973 quo
1401 900 1660 958 stultitiae
1679 901 2090 975 processerint,
2114 899 2187 957 ri-

531 986 722 1043 deatis
751 986 990 1043 illorum
1021 987 1450 1060 insipientiam,
1483 990 1575 1046 vel
1603 991 1802 1064 potius
1840 991 1920 1047 ob
1951 991 2188 1046 illorum

531 1077 860 1149 perniciem
881 1077 1257 1134 etinteritum
1287 1078 1717 1138 lamentemini.
1751 1081 1962 1137 Adeste
1989 1081 2185 1151 igitur,

531 1165 886 1239 lignumque
916 1167 977 1222 in
1009 1167 1367 1240 blasphema
1397 1168 1636 1226 illorum
1665 1187 1770 1227 ora
1796 1171 2189 1226 immittamus

535 1260 592 1311 et
622 1259 1004 1312 conteramus
1034 1256 1166 1313 illos
1195 1257 1270 1312 de
1327 1261 1484 1314 terra
1535 1259 1882 1322 viventium,
1935 1259 2186 1329 lignum,

533 1344 812 1416 inquam,
847 1345 1040 1401 crucis
1069 1345 1373 1402 viviticum
1405 1347 1516 1402 illis
1549 1349 1653 1420 qui
1680 1348 1730 1403 ei
1752 1348 2002 1404 ﬁdeliter
2030 1347 2191 1404 labia

533 1431 864 1490 admovent
893 1451 906 1489 :
935 1439 1189 1490 mortem
1219 1452 1361 1492 vero
1394 1436 2007 1510 afferensillisquibus
2021 1453 2088 1493 os
2104 1441 2190 1492 est

531 1521 960 1594 blasphemum
975 1523 1683 1594 etexsecrandum,more
1704 1527 2010 1596 unguenti,
2025 1525 2190 1598 quod

533 1610 1286 1668 odorantibushominibus
1300 1613 1670 1686 voluptatem
1684 1613 2186 1686 parit,scarab£eis

2295 545 2626 612 περιστεραῖς
2675 537 2770 591 Ἢν
2820 533 2879 590 δὲ
2934 533 3243 608 δυσφημίαν
3307 537 3454 588 κατά
3523 542 3622 587 τοῦ
3667 543 3907 610 πανωφή.

2296 645 2396 699 μου
2465 634 2696 702 σταυροῦ
2763 625 3135 701 ἀπερεύγονται
3217 627 3266 677 οἱ
3327 625 3519 686 πάσης
3595 621 3906 698 βδελυγμίας

2297 717 2582 788 ἀνάμεστον
2639 718 2845 788 ἔχοντες
2894 720 2990 774 τὴν
3054 713 3260 786 ψυχὴν,
3341 711 3756 784 ἀναγγέλλοντός
3817 734 3903 786 μου

2294 810 2384 859 καὶ
2464 802 2846 880 διασαφοῦντος
2909 803 3370 878 παραϐιασάμενοι
3450 802 3672 864 ἑαυτόὺς
3740 824 3902 877 καρτεο

2295 900 2513 969 ρήσατε,
2563 899 2665 963 ἵνα,
2719 900 2921 968 γνόντες
2975 899 3139 949 πόσον
3198 893 3332 946 εἰσὶν
3385 891 3628 956 ἀνόητοι,
3690 912 3900 966 καταγε-

2296 985 2489 1044 λάσητε
2525 995 2620 1048 τῆς
2645 985 2895 1049 ἀνοησίας
2931 985 3118 1053 αὐτῶν,
3150 983 3344 1056 μᾶλλον
3407 979 3470 1036 δε
3524 990 3626 1044 τῆς
3665 980 3899 1045 ἀπωλείας

2297 1077 2769 1148 καταθρηνησητε.
2833 1081 2981 1128 Δεῦτε
3055 1070 3142 1126 οὖν
3207 1077 3298 1124 καὶ
3370 1071 3715 1144 ἓμϐάλλωμιν
3770 1071 3899 1134 ξύλον

2299 1163 2370 1225 εἰς
2399 1167 2464 1215 τα
2515 1163 2807 1236 βλάσφημα
2859 1166 3057 1216 τούτων
3114 1166 3381 1228 στόματα,
3445 1165 3540 1212 καὶ
3600 1159 3894 1234 ἐκτρίψωμεν

2299 1251 2482 1312 αὐτοὺς
2549 1251 2648 1304 ἀπὸ
2679 1261 2779 1324 γῆς
2847 1253 3070 1318 ζώντων,
3123 1250 3269 1314 ξύλον
3334 1253 3400 1302 τὸ
3459 1256 3558 1301 τοῦ
3602 1256 3822 1322 σταυροῦ
3847 1253 3896 1301 τό

3219 1337 3616 1413 προσψαῦουσι
3678 1337 3862 1409 χείλεσι
3881 1381 3892 1404 ,

2296 1435 2592 1504 νεκροποιόν
2644 1427 2702 1484 δὲ
2755 1439 2858 1492 τοῖς
2917 1429 3252 1503 βλασφήμοις
3283 1431 3556 1500 στόμασι,
3587 1431 3677 1478 καὶ
3715 1435 3894 1501 μιαροῖς

2297 1523 2434 1572 κατά
2471 1524 2562 1578 την
2607 1523 2761 1592 φύσιν
2813 1523 3000 1592 μύρου,
3058 1521 3082 1571 ὃ
3112 1527 3217 1578 τοῖς
3247 1520 3341 1590 μεν
3377 1513 3874 1590 ὁσφραινομένοιςάν

2303 1611 2522 1681 θρώποις
2568 1609 2920 1684 εὐφραντικὸν.
2971 1614 3075 1668 τοῖς
3131 1603 3190 1659 δε
3240 1607 3538 1680 κανθάροις
3586 1608 3888 1678 νεκρωτικὸνο

2301 1341 2553 1402 ζωοποιόν
2620 1345 2709 1414 μεν
2770 1337 2874 1401 τοίς
2939 1348 3140 1401 πιστῶς

536 1703 737 1755 antem
769 1700 1033 1756 exitium.
1058 1702 1236 1773 Cujus
1259 1701 1453 1772 ﬁgura
1483 1703 1624 1758 olim
1649 1703 1938 1760 adversus
1967 1719 2181 1776 aquam

2301 1699 2646 1760 Καὶὸτύπος
2691 1693 2750 1750 δὲ
2799 1697 2958 1749 αὐτοῦ
3009 1700 3218 1770 γραφείς
3271 1713 3403 1748 ποτε
3456 1692 3580 1745 καθ’
3607 1693 3788 1766 ὑγρῶν,
3819 1696 3889 1743 τὸν

535 1803 843 1859 expressa,
870 1788 1163 1862 populum
1191 1790 1434 1862 quidem
1456 1789 1696 1847 ﬁdelem
1717 1792 2049 1862 conﬁrmat,
2083 1792 2188 1847 du-

531 1891 670 1931 rum
692 1892 833 1933 vero
855 1882 911 1932 et
938 1877 1192 1948 impium
1225 1879 1598 1936 Pharaonem
1640 1881 1969 1950 submergit
2011 1884 2074 1936 ¹¹.

605 1965 748 2030 Quze
776 1965 1113 2035 suntigitur
1135 1966 1256 2033 illa,
1281 1983 1417 2039 quae
1443 1975 1650 2025 contra
1663 1969 2038 2026 adorandam
2063 1987 2189 2026 cru—

531 2069 661 2110 cem
694 2054 1010 2122 garriunt?
1035 2057 1163 2111 Non
1197 2057 1754 2130 oportet,inquiunt,
1783 2075 2019 2115 crucem
2048 2060 2188 2117 ado-

528 2159 661 2200 rare
692 2149 749 2200 et
795 2145 1076 2210 osculari,
1125 2146 1230 2201 sed
1277 2145 1640 2204 inhonorare
1693 2153 1749 2204 et
1801 2150 2084 2216 aversari,
2125 2155 2191 2207 ut

526 2231 876 2305 illam,quae
899 2234 1196 2291 Christum
1237 2235 1535 2292 sustulite
1591 2237 1790 2294 medio
1838 2243 1893 2293 et
1949 2240 2183 2296 occidit.

528 2321 842 2393 Allatoque
855 2328 1230 2393 argumento,
1245 2340 1352 2380 vos
1370 2323 1637 2381 videlicet
1651 2325 1708 2381 in
1749 2327 1784 2382 d
1796 2327 2184 2384 ubitationem

527 2411 872 2480 conjiciunt.
900 2412 956 2468 Si
985 2412 1144 2483 quis,
1167 2412 1464 2484 inquiunt.
1489 2419 1659 2469 tuum
1690 2418 1992 2486 patremin
2020 2417 2183 2486 ligno

528 2513 892 2570 suspensum
922 2500 1330 2570 interiecisset,
1356 2518 1503 2556 num
1526 2502 1757 2570 lignum
1797 2503 1940 2560 illud
1993 2505 2182 2562 hono-

523 2600 726 2641 rasses
751 2592 808 2642 et
847 2587 1165 2644 adorasses
1187 2589 1214 2643 ?
1246 2592 1639 2662 Nequaquam
1680 2608 1857 2658 vero;
1883 2593 2056 2649 sedet
2080 2595 2181 2651 ad-

520 2675 955 2748 versatusillud
986 2676 1227 2744 fuisses,
1253 2682 1305 2734 et
1347 2679 1608 2747 pessime
1663 2681 1914 2750 odisses,
1976 2689 2032 2738 et
2087 2684 2180 2740 vel

519 2763 1290 2836 proculintuitus,fugisses,
1310 2772 1596 2839 tanquam
1613 2769 2178 2844 inimicum,quippe

517 2851 684 2923 quod
709 2851 990 2909 dilectum
1023 2853 1128 2909 tibi
1157 2860 1467 2926 parentem
1500 2859 1771 2929 peremit.
1822 2861 1952 2914 lam
2011 2861 2175 2916 audi-

515 2939 686 2995 vistis
711 2940 1150 3014 blasphemiam
1183 2943 1445 3000 illorum.
1480 2946 1631 3008 Quid
1678 2947 1848 3003 vobis
1894 2950 2174 3006 videtur?

2298 1789 2388 1858 μεν
2437 1791 2623 1839 πιστόν
2668 1786 2786 1838 λαὸν
2829 1783 3102 1850 διασώζει,
3157 1789 3245 1836 τόν
3291 1781 3358 1837 δέ
3407 1802 3470 1854 γε
3500 1781 3728 1854 σπληρόν
3750 1801 3887 1834 κατα-

2300 1875 2526 1936 κοντίζει
2554 1879 2641 1928 καὶ
2670 1874 2983 1948 βλάσφημον
3018 1880 3224 1947 Φαραώ.

2368 1969 2496 2017 Τίνα
2558 1973 2681 2036 γοῦν
2747 1964 2898 2031 εἰσιν,
2953 1964 2987 2015 ἃ
3032 1971 3125 2016 τοῦ
3181 1967 3560 2036 προσκκνητοῦ
3611 1959 3881 2032 καταφλυα-

2297 2061 2451 2127 ροῦσι
2498 2061 2765 2127 σταυροῦ;
2822 2057 2898 2105 Οὐ
2946 2058 3074 2127 χρὴ,
3125 2057 3273 2124 φασὶ,
3327 2055 3418 2104 τόν
3477 2054 3703 2124 σταυρόν
3737 2067 3881 2123 προσ-

2294 2150 2462 2194 κυνεῖν
2527 2148 2616 2196 καὶ
2682 2141 3036 2203 ἀσπάζεσθαι.
3105 2141 3210 2193 ἀλλ’
3273 2139 3560 2212 ἀτιμάζειν
3625 2143 3709 2191 καὶ
3775 2137 3879 2189 ἀπο-

2298 2234 2633 2304 στρέφεσθαι,
2683 2236 2746 2292 ri);
2794 2234 2880 2284 τὸν
2938 2235 3168 2304 Χριστόν
3232 2229 3486 2282 ανελόντα
3541 2233 3631 2280 καὶ
3679 2229 3879 2280 Θανατὼ-

2297 2339 2478 2375 σαντα.
2560 2326 2660 2374 Καὶ
2731 2319 3012 2392 ἐπάγουσιν
3099 2320 3168 2382 εἰς
3245 2318 3480 2392 ἀπορίαν
3549 2314 3706 2376 δῆθεν
3765 2317 3878 2386 ὑμᾶς

2293 2409 2610 2482 ἐμϐαλόντες.
2681 2413 2742 2463 Εἰ
2804 2430 2903 2474 τις,
2969 2409 3218 2481 λέγοντες,
3280 2412 3374 2460 τὸν
3437 2410 3530 2460 σόν
3577 2410 3764 2479 πατέρα
3807 2402 3872 2455 ἐπὶ

2292 2499 2441 2561 ξύλου
2491 2501 2760 2573 κρεμάσας
2818 2497 3024 2564 ἀνεῖλεν,
3085 2498 3344 2570 ἐτιμησας
3399 2496 3462 2549 ἂν
3518 2501 3608 2548 καὶ
3649 2495 3876 2567 προσεκύ-

2287 2608 2450 2648 νησας
2517 2587 2676 2640 ἐκεῖνο
2741 2593 2800 2640 τό
2867 2588 3055 2655 ξύλον;
3127 2591 3343 2648 Πάντως
3403 2587 3574 2658 οὐχί·
3637 2583 3756 2635 ἀλλά
3799 2587 3873 2632 καὶ

2287 2676 2625 2752 ἀπεστράφης
2671 2677 2796 2729 αὐτὸ
2841 2682 2930 2730 καὶ
2972 2677 3251 2750 ἐμίσησας,
3308 2681 3408 2729 καὶ
3475 2674 3731 2749 πόρρωθεν
3774 2669 3873 2742 βλέ-

2285 2787 2392 2818 πων
2452 2765 2728 2839 ἀπέφευγες
2795 2767 2878 2834 ἂν,
2939 2770 3002 2826 ὡς
3058 2765 3270 2840 ἐχθρον,
3326 2767 3418 2818 οἵα
3475 2769 3563 2817 τόν
3614 2765 3700 2816 σόν
3749 2759 3867 2832 φίλον

2282 2860 2480 2929 πατέρα
2537 2853 2914 2910 ἐναποκτεῐναν.
2977 2851 3119 2912 ’Ἤδη
3177 2858 3448 2912 ἠκούσατε
3500 2858 3594 2910 τὴν
3652 2851 3868 2923 βλασφη-

2281 2949 2404 3016 μίαν
2445 2944 2632 2998 αὐτῶν.
2688 2950 2750 2996 Τί
2805 2945 2924 3016 ὑμῖν
2979 2942 3160 2998 domi:
3221 2943 3411 2996 Θέλετε
3454 2945 3523 3005 ὡς
3565 2945 3700 2994 ἱστόν
3748 2936 3860 3012 ἀρά-

513 3027 720 3098 Vultis,
745 3038 807 3085 ut
827 3011 1123 3104 tanquam
1155 3033 1334 3088 telam
1363 3050 1598 3090 araneae
1632 3042 1816 3092 totam
1843 3038 2024 3108 hujus
2077 3057 2171 3096 ar-

2293 3053 2417 3104 χνης
2465 3030 2716 3086 διαλῦσαι
2759 3041 2852 3095 τῆς
2909 3033 3129 3108 ἀπορίας
3171 3037 3377 3095 ταύτης
3420 3037 3507 3085 τόν
3559 3027 3859 3100 σύνδεσμ’)νῖ

515 3119 987 3188 gumentationis
1019 3123 1452 3178 connexionem
1489 3124 1838 3191 dissolvam,
1893 3129 2175 3199 redargu-

515 3222 736 3278 amque
755 3209 1420 3281 nugasrstasimpietate
1437 3211 1682 3283 plenas?
1708 3215 1976 3282 Agedum
2005 3216 2173 3271 refel-

512 3293 729 3350 lamus.
753 3297 998 3352 lnsitum
1019 3304 1107 3353 est
1121 3314 1157 3352 a
1174 3304 1388 3355 natura
1403 3301 1848 3372 bominibus,ut
1877 3304 2174 3361 benovolo

515 3383 628 3438 sint
651 3384 854 3440 animo
885 3387 948 3440 in
977 3385 1412 3454 benefactores,
1443 3389 1760 3462 vicemque
1783 3398 1839 3447 et
1867 3400 2065 3462 grates
2086 3411 2176 3449 re-

512 3479 746 3545 ponant
775 3490 1004 3546 :neque
1040 3475 1238 3531 solum
1268 3477 1432 3548 ipsos
1485 3479 1560 3534 de
1615 3497 1676 3534 se
1740 3480 1891 3535 bene
1937 3483 2178 3537 meritos

513 3559 836 3627 honorant,
852 3561 1174 3634 debitoque
1196 3563 1357 3619 cultu
1371 3572 1835 3638 prosequuntur,
1859 3569 1964 3624 sed
1983 3576 2037 3626 et
2055 3570 2177 3639 illa,

519 3664 659 3720 qua:
686 3653 750 3703 ut
770 3650 972 3705 media
1001 3651 1077 3705 ad
1103 3651 1562 3708 beneﬁcentiam
1593 3655 2075 3728 intercesserunt,
2126 3668 2183 3720 et

525 3734 929 3790 instrumenta
947 3736 1151 3792 salutis
1173 3741 1571 3809 procurandae
1586 3741 1717 3797 illis.
1733 3745 1832 3814 qui
1851 3746 2180 3816 periculum

519 3823 794 3893 subeunt,
827 3823 1006 3880 beata
1028 3827 1391 3896 praedicant:
1421 3829 1724 3903 fidemque
1747 3833 1846 3887 tibi
1870 3833 2048 3890 faciat
2089 3853 2180 3892 sa-

519 3912 928 3985 pientissimus
956 3914 1263 3978 Salomon,
1295 3918 1399 3989 qui
1427 3917 1508 3974 ait
1557 3921 1900 3978 Benedzr-ile
1947 3925 2178 3993 lignum

521 4017 637 4073 quo
662 4003 828 4058 salus
855 4003 1112 4074 obtingit
1147 4007 1208 4058 ηε.
1241 4005 1396 4061 Multi
1423 4007 1600 4063 etiam
1645 4009 1913 4077 gladium
1948 4014 2180 4081 regium

521 4089 1168 4162 honorarunt;sublato
1188 4110 1440 4166 perenni
1463 4101 1856 4168 tyrannorum
1887 4102 2181 4173 quopiam

523 4184 581 4234 et
603 4179 869 4236 restituta
898 4183 1205 4252 oppressis
1239 4184 1579 4242 civitatibus
1628 4187 1918 4256 libertate,
1961 4191 2082 4246 imo
2127 4196 2184 4248 ct

526 4265 606 4322 ad
633 4265 787 4332 loca,
812 4269 966 4323 eiad
991 4275 1284 4342 tempora,
1321 4274 1538 4343 quibus
1562 4276 1653 4331 vel
1685 4278 1854 4347 quies
1910 4285 1963 4334 et
2025 4285 2181 4336 tran-

526 4354 810 4428 quillitas,
845 4356 937 4411 vel
964 4359 1436 4417 emolumentum
1471 4362 1717 4435 aliquod
1745 4366 2046 4438 aliquibus
2077 4369 2180 4425 ob-
2214 4363 2255 4416 υ

527 4443 690 4500 venit
709 4444 901 4501 honos
921 4447 1230 4518 processit.

603 4535 667 4587 Et
691 4537 753 4588 ut
775 4547 900 4588 rem
938 4533 998 4588 in
1031 4549 1226 4606 pauca
1275 4538 1604 4608 conferam,
1638 4557 1817 4599 omne
1847 4543 1992 4600 illud
2017 4547 2185 4618 quod

528 4621 882 4678 hominibus
915 4622 1118 4696 aliquo
1145 4625 1328 4681 modo
1352 4627 1702 4698 adjumento
1730 4637 1838 4697 est,
1873 4639 1936 4689 ut
1965 4635 2184 4692 beneﬁ-

533 4711 693 4768 cium
719 4710 813 4768 vel
832 4711 1122 4782 gaudium
1157 4713 1484 4786 obtineant,
1516 4717 1694 4775 laude
1726 4721 1974 4791 dignum
2021 4727 2183 4796 apu'i

531 4801 810 4859 homines
833 4807 890 4860 et
915 4802 1168 4860 charum
1199 4803 1457 4862 habetur
1484 4824 1592 4879 pro
1619 4809 1847 4865 ratione
1903 4813 2182 4884 utilitatis,

533 4907 722 4965 quam
754 4891 944 4949 affert.
979 4894 1514 4958 Quomadmodum
1545 4913 1576 4951 e
1607 4900 1905 4956 contrario
1933 4917 2022 4968 ea,
2051 4919 2185 4976 quze

533 4982 883 5038 nocumenti
911 4981 1167 5052 alicujus
1197 4999 1380 5041 causa
1408 4985 1665 5055 fuerunt,
1691 4992 1747 5042 et
1768 4989 2187 5048 molestiteelii-

535 5069 769 5139 cientia,
809 5070 1051 5127 odimus
1111 5077 1168 5128 et
1214 5089 1564 5130 aversamur
1617 5075 1741 5132 sive
1791 5079 2190 5140 instrumenta

535 5160 672 5233 sint,
707 5159 828 5215 sive
851 5159 1002 5227 loca,
1038 5161 1161 5218 sive
1193 5167 1486 5236 tempora.
1511 5166 1658 5234 Fuit,
1683 5168 1784 5240 qui
1806 5185 2031 5239 ensem,
2064 5189 2186 5245 quo

534 5251 712 5308 frater
735 5255 1084 5322 peremptus
1109 5257 1232 5308 erat
1259 5252 1570 5320 defoderit,
1601 5256 1953 5332 virgamque
1984 5261 2084 5316 lilii
2104 5263 2186 5318 in-

533 5339 753 5397 terfecti
769 5337 924 5395 icem
956 5338 1638 5415 confregerit.jlllaledicit
1665 5345 1850 5402 David
1874 5351 2181 5406 montibus

535 5427 769 5493 Gelboe,
801 5427 970 5500 quod
986 5426 1070 5484 ibi
1099 5429 1329 5487 amicus
1361 5431 1744 5492 occubuisset
1786 5438 1856 5493 ¹³.
1896 5439 2182 5498 Maledicit

2283 3128 2372 3174 καὶ
2405 3126 2489 3174 τὸν
2518 3123 2672 3198 λῆρον
2729 3131 2906 3176 τοῦτον
2965 3119 3272 3182 δυσσεϐείας
3324 3121 3606 3193 άπελεγξαι
3656 3120 3823 3191 μεστόν
3843 3133 3854 3146 '

2287 3215 2408 3284 Φέρε
2467 3216 2556 3264 καὶ
2622 3211 2993 3284 ἀπελέγξωμεν.
3047 3216 3219 3284 Νόμος
3269 3210 3389 3264 ἔστι
3435 3219 3546 3272 τοῖς
3605 3207 3858 3280 ἀνθρώποις

2287 3301 2386 3352 ὑπὸ
2453 3309 2546 3362 τῆς
2617 3304 2813 3372 φύσεως
2865 3306 2982 3372 περὶ
3034 3305 3155 3360 τοὺς
3226 3300 3501 3374 εὐεργέτας
3557 3299 3856 3368 εὐγνωμονεῖν

2288 3394 2376 3440 καὶ
2417 3387 2858 3464 ἀντιχαρίζεσθαι
2914 3393 2978 3442 τά
3027 3389 3458 3462 εὐχαριστήριαο
3492 3393 3580 3440 καὶ
3621 3391 3688 3458 μὴ
3728 3387 3856 3456 μόνον

2291 3482 2475 3540 αὐτοὺς
2541 3479 2654 3538 τοῦς
2725 3479 2995 3552 εὐεργέτας
3054 3485 3245 3550 τιμᾲν,
3311 3485 3409 3530 καὶ
3491 3481 3549 3529 τό
3625 3480 3856 3548 προσῆκον

2294 3566 2446 3628 σέϐας
2514 3565 2781 3640 ἀπονέμειν
2841 3569 3038 3634 αὐτοῖς,
3099 3566 3225 3619 ἀλλά
3281 3573 3378 3620 καὶ
3431 3567 3564 3619 αὖ·βά
3616 3567 3679 3616 τά
3726 3578 3857 3634 μεσι-

3541 3653 3854 3726 ἐκπλήρωσιν,

2291 3659 2546 3708 τεύσαντα
2619 3660 2748 3731 πρὸς
2829 3663 2922 3715 τὴν
3005 3666 3099 3718 τῆς
3170 3657 3466 3729 εὐεργεσίας

2291 3752 2379 3797 καὶ
2444 3751 2638 3819 ὄργανα
2706 3753 2966 3819 σωτηρίας
3049 3754 3157 3809 τοῖς
3235 3743 3601 3800 κινδυνεύουσι
3666 3757 3854 3813 χρημα-

2292 3841 2509 3886 τίσαντα
2573 3840 2906 3908 μακαρίζειν·
2976 3841 3066 3887 καὶ
3128 3838 3346 3889 πειθέτω
3418 3854 3475 3888 σε
3539 3836 3564 3886 ὁ
3625 3835 3854 3922 πάνσοφος

2293 3924 2528 3996 Σαλομῶν
2603 3924 2736 3977 οὕτω
2817 3925 3012 3995 λέγων·
3105 3925 3368 3996 Edim/sita
3446 3923 3610 3989 ξύλον,
3676 3915 3741 3971 δι’
3805 3933 3852 3965 ον

2291 4017 2489 4085 γίνεται
2545 4019 2798 4088 σωτηρία.
2863 4013 3046 4066 Πολλοὶ
3106 4022 3194 4068 καὶ
3254 4017 3461 4072 σπάθην
3499 4009 3764 4085 βασιλικὴν
3789 4021 3852 4054 τε·

2292 4107 2577 4174 τιμὴκασιν
2646 4102 3064 4177 ἀνθρωποκτόνον
3129 4106 3372 4178 τύραννον
3437 4101 3719 4162 ἀνελοῦσαν,
3778 4109 3851 4141 καί

2293 4191 2476 4243 πόλεσι
2584 4197 3016 4264 τυραννουμέναις
3125 4191 3412 4265 ἐλευθερίαν
3523 4186 3850 4262 χαρισαμένου

2297 4278 2424 4332 ἀλλά
2475 4286 2564 4332 καὶ
2607 4285 2770 4355 μέχρι
2817 4286 2985 4333 τόπων
3031 4286 3114 4333 καὶ
3161 4287 3366 4354 χρόνων
3413 4280 3528 4332 καῦ⁹
3565 4276 3650 4338 οὓς
3693 4271 3848 4340 557.915-

2296 4375 2408 4444 ρίας
2473 4375 2610 4433 τινος
2671 4372 2699 4430 ἡ
2779 4370 3017 4444 ὠφελείας
3096 4376 3397 4444 μετέσχον,
3476 4371 3630 4442 ἕτεροι
3699 4357 3849 4414 ἐσέϐα-

2299 4461 2395 4516 σοη
2410 4479 2521 4514 σκν,

2370 4554 2468 4601 Καὶ
2523 4548 2696 4610 ἁπλῶς
2749 4549 2926 4613 εῖπίῖνο
2975 4549 3110 4602 ἅπαν
3159 4553 3215 4601 τό
3271 4551 3402 4602 κατά
3457 4568 3506 4600 τι
3574 4545 3846 4617 μιτιτεῦσοιν

2294 4645 2402 4701 τοῖς
2452 4637 2741 4712 ἀνθρώποις
2793 4639 3086 4714 εὐεργεσίαν
3138 4644 3227 4691 καὶ
3291 4641 3560 4711 χαρμονὴν
3607 4641 3846 4701 παρασχο⁴

2295 4747 2441 4800 μενον
2472 4727 2730 4781 ἐπαινετόν
2779 4736 2883 4789 τοῖς
2937 4727 3228 4802 ἀνθρώποις
3279 4734 3367 4781 καὶ
3425 4724 3679 4797 ὴγαποτὸν
3733 4729 3846 4766 κατα

2297 4820 2354 4869 τὸ
2403 4821 2588 4891 μέτρον
2645 4826 2735 4878 τῆς
2791 4817 3064 4890 ὡφελείας·
3117 4820 3288 4892 ὥσπερ
3345 4819 3408 4869 αὖ
3459 4813 3732 4867 τούναντίον
3772 4818 3844 4852 και

2297 4909 2363 4958 τά
2414 4906 2614 4979 βλάϐης
2670 4911 2812 4959 αἰτιά
2870 4927 2982 4960 τισι
3035 4912 3299 4979 γεγονότα,
3357 4911 3444 4958 καὶ
3487 4903 3684 4973 ἀνιαροῦ
3735 4905 3843 4944 τινος

2299 4997 2560 5069 πρόξενα,
2629 5001 2718 5049 καὶ
2779 5005 3070 5070 μισοῦμεν,
3135 5002 3224 5050 καὶ
3285 4989 3709 5068 ἀποστρεφόμεθα,
3765 4992 3845 5030 τίτί

2299 5089 2492 5160 ᾁογανά
2558 5086 2709 5152 εἰσιν,
2782 5090 2878 5139 εἴτε
2942 5091 3112 5152 τόποι,
3180 5106 3384 5161 χρόνοι.
3453 5085 3548 5136 Καὶ
3607 5083 3840 5171 μαχαιρίδων

2296 5177 2397 5249 γάρ
2445 5196 2525 5238 τις
2578 5173 2949 5249 ἀδελφοκτόνον
2993 5177 3274 5251 κατώρυξε,
3333 5180 3420 5228 καὶ
3466 5168 3643 5246 ράϐϐον
3686 5172 3840 5251 ratae.-

2973 5266 3258 5339 Ἰ-ξπαρᾱται
3323 5259 3484 5318 Δαυῐδ
3537 5260 3596 5309 τὰ
3662 5255 3750 5339 ιῇοηΔ

2297 5271 2476 5317 κτονον
2542 5262 2901 5339 διάοροωσεν.
2973 5266 3258 5339 Ἰ-ξπαρᾱται
3323 5262 3484 5318 Δανίδ
3537 5262 3596 5309 τὰ
3662 5267 3741 5324 ορη
3787 5262 3836 5293 τα

2298 5353 2508 5385 πειρησ.
2560 5350 2651 5385 3.).
2709 5359 2802 5385 -.ιιι
2856 5353 3016 5385 Ξυστ-.
3043 5363 3132 5385 --.ἡ
3185 5355 3330 5385 ,νΓη-,η
3364 5353 3607 5385 λυηίλι-ηευ
3639 5339 3702 5385 ’ὁ

3776 5353 3833 5380 ωυ

2298 5353 2508 5406 Γελϐουὲ
2559 5350 2652 5406 διὰ
2709 5359 2802 5413 τὴν
2853 5353 3016 5408 ἐκεῖσε
3043 5363 3132 5407 τοῦ
3185 5355 3331 5427 φῦ.ον
3363 5353 3607 5422 ἀναίρεσιν
3639 5363 3650 5374 ο
3681 5358 3746 5437 om

2291 5450 2386 5504 τήν
2460 5447 2674 5519 ἡμέραν,
2726 5443 2772 5497 ἐν
2917 5443 3184 5517 ἐγεννήθη,
3235 5441 3329 5497 διὰ
3381 5444 3466 5501 τάς
3510 5424 3830 5500 ἐπισυμϐασας

597 5609 642 5648 ιι
675 5607 862 5672 Exod.
891 5621 1007 5667 xiv.
1037 5611 1106 5669 26
1137 5624 1308 5685 seqq.
1347 5612 1394 5650 ¹²
1422 5613 1560 5686 Sap.
1591 5630 1708 5688 xiv,
1738 5621 1791 5676 7.
1826 5617 1874 5654 ¹³
1903 5618 1950 5675 Il
1979 5620 2121 5692 Reg.
2151 5625 2192 5692 l,
2226 5622 2315 5681 21.
