4096 6208
217 368 328 431 633

1535 358 1817 425 CONTRA
1854 355 2277 423 BOGOMILOS.

3475 376 3580 433 634

218 494 495 570 συμφορὰς
574 495 667 549 καὶ
748 494 841 556 τὰς
916 498 1262 571 κυμαγωγίας
1325 500 1427 550 τῶν
1492 496 1811 569 πειρασμῶν.

1931 488 1991 542 et
2009 483 2122 543 Job
2147 485 2284 557 diei,
2316 488 2380 547 in
2398 504 2522 565 quo
2545 494 2724 551 natus
2745 496 2856 561 est,
2880 496 3128 568 propter
3149 509 3277 567 eas,
3299 511 3438 573 quae
3467 497 3583 559 sibi

212 580 438 652 Ἰδωμεν
481 583 571 637 οὖν
626 585 718 637 τόν
784 587 1032 661 σταυρὸν,
1101 589 1240 640 τίσιν
1302 583 1555 658 ὠφέλιμος
1617 583 1816 655 γέγονε,

214 680 310 728 καὶ
339 678 477 728 τίσιν
528 671 834 737 ἕπιϐλαϐἠς·
888 677 981 727 καῖ
1036 673 1063 727 ό
1253 672 1531 748 ὠφεληθεὶς
1573 668 1821 741 ἀναλογον

215 771 283 837 τῇ
313 762 530 837 ὠφελείᾳ
556 767 648 816 καὶ
703 767 803 823 τὴν
833 766 993 836 τιμὴν
1035 767 1386 841 προσφερέτω,
1430 762 1471 836 ᾧ
1519 758 1581 816 δε
1618 757 1824 835 βλάϐης

215 853 383 914 αἰτιος
466 855 663 925 γέγονε,
760 857 942 906 τοῦτον
1030 848 1178 916 οὗτος
1263 850 1669 930 ἀποστρεφίσθω
1728 852 1823 902 καὶ

212 937 592 1015 βδελυττέσθω
631 935 872 1002 δικαίως
921 939 1387 1015 ’Δναγινωσκέσθω
1429 943 1604 995 τοίνυν
1650 939 1716 991 τὰ
1750 944 1822 1010 τῷ

208 1023 354 1074 κατὰ
429 1020 670 1080 Ἰωάννην
733 1016 1060 1095 Εὐαγγελίῳ,
1128 1022 1320 1075 οὑτωσὶ
1381 1021 1550 1097 ῥητῶς
1613 1017 1824 1095 ἂμφερόο

208 1130 367 1186 μενα,
416 1111 695 1185 καὶπαρά
762 1116 856 1164 τοῦ
926 1117 1160 1187 Σωτῆρος
1218 1109 1482 1185 λεγόμενα.
1548 1115 1657 1163 Νῦν
1710 1110 1823 1183 κρί-

212 1219 303 1261 σις
358 1199 473 1253 ἐστὶ
522 1206 616 1252 τοῦ
676 1203 885 1273 κόσμον
957 1202 1167 1254 τούτου·
1232 1207 1322 1253 νῦν
1405 1200 1432 1252 ό
1490 1197 1674 1273 ἅρχων
1728 1202 1821 1250 τοῦ

210 1293 425 1362 κόσμου
478 1286 859 1347 ἇκϐληθήσεται
912 1288 1031 1353 ἔξωο
1117 1286 1261 1362 κάγὼ
1339 1287 1425 1341 ἐὰν
1493 1286 1689 1360 ὑψωθῶ
1765 1284 1822 1339 ἐκ

206 1385 310 1438 τῆς
364 1385 485 1451 γῆς,
552 1378 749 1439 πάντας
813 1375 1014 1431 ἕλκὺσω
1066 1367 1221 1452 λιτρός,
1282 1375 1523 1451 ἐμαυτόν*
1583 1372 1723 1431 Ἰδοὺ
1770 1371 1820 1428 ἰν

204 1472 327 1528 τοῖς
353 1464 550 1537 ὀλίγοις
601 1468 808 1528 τούτοις
852 1466 1087 1541 ῥήμασιν
1138 1465 1309 1530 ἔξεστι
1357 1461 1696 1538 δῗδαχθῇναι
1738 1467 1821 1525 τίς

209 1556 243 1608 6
277 1555 631 1632 εὖεργετηθεὶς
661 1550 757 1609 διὰ
804 1561 898 1608 τοῦ
930 1562 1162 1630 σταυροῦ
1186 1598 1204 1620 ,
1248 1574 1330 1617 τις
1376 1550 1436 1608 δ⁴ε
1464 1555 1491 1608 6
1539 1550 1820 1627 συντριϐἡν

204 1645 474 1707 ὑποστάς.
546 1641 666 1697 Ὀτι
716 1640 776 1698 δὲ
817 1647 937 1719 περὶ
979 1652 1072 1705 τῆς
1110 1646 1351 1698 ἓκουσίου
1400 1649 1745 1720 σταυρώσεως
1791 1643 1819 1695 6

208 1738 451 1811 Χριστός
481 1739 651 1787 ταῦτα
702 1737 823 1808 ἔφη,
882 1736 1072 1809 ἔχομεν
1124 1733 1278 1788 αὐτόν
1315 1737 1402 1788 τόν
1432 1732 1819 1807 Εὐαγγελιστην

1930 581 2273 649 evenerant,
2284 578 2652 640 calamitates
2661 582 2918 657 procella
2928 598 3079 657 sque
3092 586 3383 644 tentation
3391 603 3491 644 um
3511 588 3578 647 ¹⁶.

1931 660 2254 721 Videamus
2275 666 2456 737 igitur
2480 684 2739 738 crucem,
2772 670 3146 746 quibusnam
3167 673 3504 746 utilitatem,
3523 679 3581 735 et

1925 750 2154 824 quibus
2181 753 2476 813 damnum
2501 757 2782 827 attulerit,
2829 759 3007 835 isque
3056 761 3163 836 qui
3189 762 3580 823 emolumenti

1930 838 2160 915 aliquid
2170 844 2416 918 accepit,
2435 861 2645 919 parem
2659 847 2897 906 utilitati
2915 848 3211 908 honorem
3230 850 3575 925 depromat;

1930 931 2029 987 cui
2059 936 2262 990 autem
2291 949 2436 992 crux
2464 936 2803 995 detrimenti
2828 954 3019 998 causa
3049 940 3283 1010 exstitit,
3313 941 3410 1000 hic
3440 958 3577 1001 eam

1928 1020 2143 1079 merito
2167 1036 2279 1081 suo
2306 1029 2612 1083 aversetur
2628 1030 2687 1084 et
2716 1026 3117 1087 abominetur.
3146 1031 3442 1101 Legantur
3470 1031 3575 1103 igi-

1929 1112 2026 1167 tur
2052 1126 2127 1168 ea
2148 1126 2286 1185 qua:
2305 1111 2367 1169 in
2398 1114 2718 1186 Evangelio
2735 1117 3071 1175 secundum
3094 1121 3392 1178 Joannem
3412 1136 3579 1194 repe-

1928 1196 2180 1266 riuntur,
2207 1216 2346 1274 quae
2375 1200 2460 1258 sic
2480 1202 2559 1260 ad
2587 1203 2838 1262 verbum
2864 1205 3110 1277 habent,
3127 1211 3184 1264 et
3200 1207 3278 1263 ab
3294 1207 3427 1280 ipso
3454 1208 3577 1266 Sal-

1927 1289 2135 1343 vatore
2157 1291 2362 1344 nostro
2382 1290 2767 1362 pronuntiata
2781 1296 2920 1349 sunt
2942 1293 3146 1353 :Nunc
3153 1294 3449 1366 judicium
3489 1301 3575 1353 est

1928 1375 2142 1430 mundi
2155 1376 2365 1446 hujus;
2392 1393 2557 1435 nunc
2578 1380 2860 1451 princeps
2875 1381 3059 1452 hujus
3070 1383 3283 1439 mundi
3300 1385 3577 1454 ejic'ietur

1925 1463 2097 1535 foras
2112 1482 2129 1535 ;
2150 1470 2205 1522 et
2224 1481 2331 1536 ego
2346 1482 2479 1524 cum
2497 1469 2803 1526 exaltatus
2814 1471 2988 1540 fuero
3009 1486 3046 1528 a
3068 1476 3261 1538 terra,
3278 1488 3473 1529 omnes
3493 1474 3576 1531 ad

1928 1555 2212 1622 meipsum
2234 1555 2477 1612 traham
2500 1558 2586 1612 ιδ’.
2610 1558 2756 1613 Ecce
2773 1573 2845 1614 ex
2860 1557 2953 1614 his
2969 1557 3243 1631 pauculis
3278 1559 3473 1616 verbis
3490 1560 3576 1618 di-

1927 1655 2092 1698 scere
2114 1640 2270 1710 licet,
2298 1644 2401 1717 qui
2432 1644 2625 1702 crucis
2653 1645 2981 1703 ministerio
3006 1646 3314 1705 beneﬁciis
3334 1647 3409 1704 sit
3437 1649 3577 1706 affe-

1927 1734 2081 1797 ctus,
2100 1732 2307 1805 etquis
2324 1731 2619 1791 damnum
2642 1739 2701 1792 et
2716 1735 3133 1793 contritionem
3148 1751 3384 1809 passus.
3403 1737 3577 1803 Quod

206 1825 461 1899 μάρτυρα
487 1829 581 1877 τοῦ
629 1822 790 1896 λόγου
821 1820 1146 1887 ἀξιόπιστον·
1177 1824 1389 1897 Ἐπάγει
1409 1826 1532 1900 γάρ·
1561 1829 1728 1878 Τοῦτο
1760 1817 1811 1875 δί

1925 1832 2068 1875 vero
2098 1817 2365 1877 Christus
2385 1820 2515 1878 haec
2535 1821 2748 1879 dixerit
2769 1822 2845 1879 de
2871 1823 3212 1881 voluntaria
3232 1823 3360 1882 illa.
3386 1840 3576 1898 quam

844 1915 981 1985 ποίῳ
1074 1913 1297 1986 θανάτῳ
1375 1910 1589 1989 ἢμελλερ
1682 1908 1818 1964 ἀπο-

205 1910 372 1985 ἒληο,
475 1916 744 1985 σημαίνων

209 2001 485 2060 θνήσκειν.

284 2178 448 2233 Πάλιν
487 2175 576 2232 οὖν
634 2180 721 2232 τόν
773 2177 926 2251 λόγον
989 2177 1406 2252 ἐπαναληψομαι.
1464 2186 1573 2234 Νῦν
1635 2182 1814 2254 κρίσις

204 2267 325 2322 ἔστι
386 2276 481 2321 τοῦ
545 2269 751 2341 κόσμου
812 2270 1024 2321 τούτου·
1092 2273 1258 2343 κρίνει
1324 2265 1384 2322 δε
1437 2270 1509 2331 ὡς
1565 2266 1814 2341 βασιλεὺς

202 2356 293 2412 ἐπὶ
347 2358 533 2432 θρόνου
585 2354 821 2430 βεϐηκὼς
879 2354 1164 2430 βασιλικοῦ
1214 2364 1309 2410 τοῦ
1354 2364 1605 2429 σταυροῦ.
1653 2356 1713 2410 Ἡ
1753 2351 1813 2410 δὶ

197 2450 387 2520 κρίσις
449 2445 519 2508 εἰς
583 2449 779 2506 ταύτην
864 2445 1130 2521 ἐκφέρεται
1205 2450 1302 2505 τὴν
1369 2444 1649 2520 ἀπόφασιν,
1730 2446 1813 2498 ἵνα

198 2535 229 2587 6
254 2541 350 2588 τοῦ
394 2538 601 2607 κόσμου
644 2536 829 2611 ἄρχων
871 2535 968 2600 ἔξω
1008 2543 1104 2598 τῆς
1155 2535 1316 2588 αὐτοῦ
1360 2533 1537 2612 ἀρχῆς
1560 2532 1807 2607 ἕκϐληθῇ,

197 2630 297 2678 καὶ
347 2626 379 2684 ἠ
433 2626 572 2678 κατά
614 2633 714 2677 τῶν
768 2623 1049 2700 ἀνθρώπων
1106 2630 1350 2699 τυραννὶς
1406 2625 1565 2679 αὐτοῦ
1626 2628 1717 2677 καὶ
1775 2625 1806 2684 ἠ

196 2713 559 2789 πολυχρόνιος
612 2716 842 2776 κάκωσις
892 2722 1012 2787 στῇ,
1061 2718 1151 2767 καὶ
1181 2715 1208 2766 ό
1261 2717 1508 2789 τύραννος
1557 2715 1659 2767 ὑπὸ
1688 2719 1810 2775 τοῦς

196 2798 379 2865 πόδας
424 2809 528 2856 τῶν
578 2807 991 2878 τυραννουμένων
1033 2803 1151 2861 τεθῆ
1213 2797 1307 2856 διὰ
1358 2805 1443 2856 τόν
1493 2809 1583 2856 τοῦ
1630 2809 1808 2861 Σωτη-

196 2910 295 2961 ρος
350 2887 542 2945 ἄδικον
597 2893 814 2945 θάνατον
855 2897 944 2944 καὶ
981 2895 1077 2950 τὴν
1124 2894 1261 2944 κατὰ
1304 2900 1394 2944 τοῦ
1436 2889 1807 2965 παμϐασιλέως

198 2979 593 3053 ἀναισχυντίαν
648 2985 736 3040 τὴν
789 2981 1102 3052 πάντολμον,
1167 2985 1257 3033 καὶ
1311 2980 1406 3033 οὐκ
1467 2983 1542 3033 ἔτι
1602 2979 1809 3052 λέγεται

196 3070 607 3143 κοσμοκράτωρ.
739 3067 1079 3127 Ἐκϐέϐληται
1193 3072 1292 3144 γαρ
1428 3070 1809 3142 σταυρωθέντος

1926 1905 2230 1964 subiturus
2251 1914 2397 1977 erat,
2419 1910 2820 1984 cruciﬁxione,
2846 1916 3057 1969 testem
3079 1912 3198 1969 ﬁde
3209 1912 3574 1987 dignumip-

1925 2010 2053 2051 sum
2067 1996 2497 2067 Evangelistam
2512 1997 2972 2072 habemus.Subj
2983 2000 3470 2072 ungitenim:Hoc
3480 2016 3573 2060 ve-

1922 2099 1988 2140 ro
1999 2081 2257 2157 dicebat,
2272 2086 2408 2157 sign
2417 2087 2648 2156 iﬁcans,
2663 2103 2783 2161 qua
2794 2094 2984 2146 morte
2997 2091 3327 2147 moriturus
3342 2095 3487 2148 esset
3500 2092 3514 2127 ¹
3525 2092 3568 2147 ³.

1996 2173 2286 2231 Eumdem
2307 2175 2486 2246 igitur
2510 2192 2846 2234 sermonem
2890 2193 3235 2237 resumam:
3280 2178 3573 2251 Nuncju-

1921 2261 2143 2319 dictum
2171 2269 2258 2322 est
2309 2265 2524 2321 mundi
2569 2264 2788 2339 hujus;
2830 2266 3062 2340 judicat
3097 2282 3241 2324 vero
3271 2271 3337 2324 ut
3379 2283 3483 2326 rex
3508 2268 3572 2326 in

1923 2351 2207 2409 thronum
2227 2353 2490 2425 regalem
2506 2355 2699 2411 crucis
2724 2355 3157 2413 conscendens.
3185 2360 3256 2413 At
3274 2355 3571 2428 judicium

1918 2440 1983 2498 in
2010 2441 2170 2499 hanc
2189 2444 2545 2501 sententiam
2566 2445 2937 2518 terminatur,
2968 2449 3035 2501 ut
3059 2446 3342 2519 princeps
3359 2447 3572 2503 mundi

1920 2535 2089 2588 extra
2135 2546 2318 2588 suum
2392 2530 2712 2605 imperium
2768 2533 3058 2605 ejiciatur,
3113 2534 3428 2609 ipsiusque
3468 2534 3573 2592 ad-

1918 2637 2128 2677 versus
2153 2620 2424 2678 homines
2454 2624 2726 2695 tyrannis
2757 2629 2815 2681 et
2844 2624 3131 2682 diuturna
3158 2624 3437 2682 violentia
3464 2641 3570 2682 co-

1917 2708 2213 2779 hibeatur,
2235 2716 2290 2766 et
2310 2713 2607 2783 tyrannus
2627 2711 2883 2785 pedibus
2897 2727 3108 2770 eorum
3125 2713 3229 2787 qui
3255 2711 3571 2786 tyrannide

1917 2798 2436 2871 opprimebantur,
2461 2798 2815 2871 subjiciatur
2833 2806 3077 2875 propter
3095 2806 3351 2859 mortem
3367 2802 3570 2875 inique

1919 2887 2211 2944 Salvatori
2232 2887 2484 2956 illatam,
2514 2893 2572 2945 et
2596 2894 2842 2963 propter
2892 2890 3245 2947 etfrenatam
3269 2890 3436 2948 illam
3459 2890 3569 2946 im-

1915 2974 2270 3049 pudentiam
2302 2977 2363 3032 in
2392 2977 2667 3033 omnium
2699 2980 2917 3049 Regem
2965 2984 3020 3035 et
3050 2978 3396 3044 Dominum,
3423 2984 3481 3035 et
3501 2982 3567 3037 ut

1913 3079 2039 3121 non
2067 3064 2327 3138 amplius
2355 3065 2564 3122 mundi
2586 3066 2866 3140 princeps
2913 3066 3268 3141 appelletur.
3329 3069 3563 3138 Ejectus

196 3167 467 3234 Χριστόν,
517 3164 608 3212 καὶ
649 3165 722 3230 τῷ
778 3159 950 3232 οἰκείῳ
1001 3160 1188 3232 αἵματι
1232 3163 1321 3212 τόν
1375 3164 1573 3231 κόσμον
1626 3155 1807 3228 ἐξαγο-

1922 3158 2003 3209 est
2022 3154 2182 3210 enim
2206 3153 2434 3210 Christo
2455 3155 2760 3223 cruciﬂxo,
2784 3161 3112 3229 postquam
3156 3155 3401 3229 proprio
3426 3172 3561 3213 san-

194 3249 487 3323 ροὶσαντος.
565 3252 665 3300 Καὶ
728 3249 754 3300 6
834 3245 1102 3321 ἀγοράσας
1180 3246 1632 3321 εὐαγγελιζόμενος
1695 3252 1807 3308 τοῖς

194 3336 386 3390 ἑαυτοῦ
452 3336 613 3409 φίλοις
668 3338 782 3409 ἔφη.
863 3332 1053 3396 Ἐδόθη
1117 3356 1209 3410 μοι
1272 3343 1422 3390 πᾶσα
1485 3335 1698 3399 ἐξουσία
1756 3333 1804 3386 ἓν

193 3426 405 3501 οὖρανῴ
458 3430 550 3478 καὶ
601 3424 684 3479 ἐπὶ
738 3434 855 3499 γῆς.
912 3432 1013 3480 Καὶ
1072 3425 1173 3479 ἀπὸ
1238 3423 1396 3481 τοῦδε
1454 3427 1505 3478 οἱ
1549 3431 1802 3497 γηγενεῖς,

192 3517 247 3569 οὶ
286 3517 425 3587 χθές
468 3534 568 3568 που
615 3520 706 3567 καὶ
755 3519 1013 3591 πρότριτα
1060 3514 1115 3568 ἑκ
1161 3536 1262 3588 γης
1310 3515 1384 3576 εἰς
1419 3510 1557 3586 ᾅδην
1585 3533 1806 3587 καταφε-

190 3608 429 3679 ρόμενοι,
487 3612 577 3657 νῦν
642 3607 691 3657 ἓν
755 3603 995 3678 οὐρανοῖς
1067 3603 1591 3678 πολιτογραφοῦνται·
1673 3608 1806 3655 Am-

192 3699 398 3768 φξνατο
457 3696 583 3767 γὰρ,
650 3694 721 3756 ὡς
784 3694 902 3746 Ἐὰν
971 3693 1165 3765 ὑψωθῶ
1240 3693 1326 3747 ἐπὶ
1392 3699 1483 3747 τοῦ
1550 3698 1801 3766 σταυροῦ,

192 3783 394 3843 πάντας
438 3781 638 3835 ἑλκύσω
666 3784 796 3857 πρός
841 3781 1083 3855 ἐμαυτόν,
1118 3784 1202 3835 ἵνα
1243 3784 1371 3836 ὅπου
1411 3781 1518 3856 εἰμὶ
1562 3779 1682 3853 ἐγὼ,
1715 3784 1806 3833 καὶ

196 3871 357 3926 αὐτοὶ
377 3871 480 3925 ὦσι
505 3869 615 3944 μετ’
642 3869 788 3943 ἐμοῦ.

268 3965 368 4023 Τίς
394 3959 486 4013 οὖν
515 3957 702 4032 ὀφείλει
727 3962 813 4012 τόν
860 3963 1085 4034 σταυρόν
1114 3957 1319 4031 ἀγαπᾷν
1352 3975 1365 4026 ;
1400 3961 1465 4011 Οἱ
1494 3967 1584 4020 τῆς
1622 3977 1803 4032 τυρανο

197 4046 353 4112 νίδος
383 4047 757 4121 ἀπαλλαγέντες
807 4055 902 4102 τοῦ
932 4044 1180 4102 διαϐόλου
1213 4056 1275 4122 τῇ
1329 4056 1585 4122 σταυρικῇ
1621 4065 1806 4121 συνερ-

196 4144 347 4213 yria,
395 4141 490 4191 καὶ
544 4140 673 4211 πρός
719 4136 934 4211 οὐρανόν
982 4135 1036 4202 ἐξ
1086 4133 1219 4208 ᾅδου
1260 4133 1660 4210 ἀναδραμόντες,
1717 4140 1808 4189 καὶ

202 4227 491 4302 ἱσαγγελου
523 4222 686 4291 δόξης
714 4225 1036 4291 ἀξιωθέντες,
1089 4224 1121 4284 ἢ
1150 4227 1175 4277 6
1207 4222 1240 4280 δ
1247 4224 1449 4287 ιάϐολος
1479 4227 1505 4278 ό
1561 4230 1655 4298 τῇς
1682 4243 1807 4297 προ-

199 4322 357 4392 τέρας
376 4316 624 4381 ἐξουσίας
673 4313 948 4370 ἀποπεσὼν
987 4312 1083 4367 διά
1108 4322 1199 4368 τοῦ
1249 4321 1498 4384 σταυροῦ,
1528 4318 1620 4366 καῖ
1651 4313 1718 4375 εἰς
1748 4316 1806 4366 τό

200 4406 655 4473 καταπαίζεσθαί,
700 4408 792 4456 καὶ
838 4404 1274 4473 καταπατεῖσθαι,
1334 4403 1434 4455 ὑπὸ
1478 4410 1576 4456 τῶν
1608 4399 1807 4477 ἀνθρὼ-

1914 3242 2092 3313 guine
2113 3242 2411 3300 mundum
2442 3245 2604 3311 emit,
2634 3244 2860 3317 quique
2882 3244 3183 3302 mundum
3212 3245 3372 3311 emit,
3399 3244 3451 3301 is
3483 3244 3565 3302 ad

1913 3332 2143 3388 amicos
2162 3348 2307 3389 suos
2326 3332 2694 3389 concionans
2715 3332 2892 3389 dixit:
2915 3334 3078 3390 Data
3097 3340 3182 3391 est
3201 3333 3355 3391 mihi
3371 3335 3563 3391 omnis

1908 3427 2168 3492 potestas
2201 3423 2266 3477 in
2288 3424 2436 3479 coelo
2456 3427 2511 3479 et
2538 3422 2600 3479 in
2632 3428 2796 3480 terra
2830 3424 2896 3479 ιθ.
2925 3425 2992 3479 Et
3020 3438 3092 3480 ex
3124 3422 3240 3480 isto
3269 3426 3560 3496 tempore,

1915 3511 2243 3581 terrigenis,
2273 3511 2377 3584 qui
2403 3510 2531 3567 heri
2559 3515 2617 3568 et
2636 3510 3064 3568 nudiustertius
3109 3512 3190 3569 ad
3215 3510 3438 3569 inferos
3465 3511 3566 3568 de-

1912 3598 2274 3670 ferebantur,
2298 3614 2460 3655 nunc
2493 3604 2784 3673 tanquam
2806 3600 2965 3656 cives
2992 3599 3054 3657 in
3102 3599 3255 3658 caelo
3307 3601 3566 3659 conscri-

1910 3687 2158 3745 buntur.
2177 3688 2437 3745 Asseruit
2456 3688 2616 3744 enim
2642 3705 2655 3744 :
2677 3689 2744 3744 Si
2761 3690 3068 3746 exaltatus
3088 3690 3266 3759 fuero
3283 3691 3345 3746 in
3365 3705 3563 3755 cruce,

1912 3791 2111 3834 omnes
2149 3776 2385 3834 traham
2417 3777 2499 3833 ad
2524 3791 2617 3834 me
2660 3778 2874 3850 ipsum,
2927 3782 2992 3835 ut
3021 3777 3125 3836 ubi
3166 3792 3281 3849 ego
3324 3795 3480 3850 sum,
3509 3781 3567 3837 et

1912 3865 2031 3941 ipsi
2062 3868 2178 3922 sint
2206 3882 2466 3923 mecum.

1985 3957 2098 4023 Qui
2124 3955 2301 4026 igitur
2354 3972 2594 4013 crucem
2641 3955 2941 4013 honorare
2993 3954 3263 4013 debent?
3310 3962 3402 4011 An
3459 3956 3565 4029 qui

1914 4043 2204 4101 beneﬁcio
2232 4045 2420 4101 crucis
2442 4060 2515 4101 ex
2552 4044 2781 4101 diaboli
2808 4044 3124 4117 tyrannide
3161 4043 3369 4117 erepti,
3401 4048 3459 4101 et
3482 4043 3564 4101 ad

1914 4133 2132 4191 caelum
2172 4133 2378 4204 evecti,
2413 4138 2469 4189 et
2506 4132 2752 4205 aequalis
2780 4149 2918 4189 cum
2941 4132 3173 4202 angelis
3199 4132 3402 4203 glorias
3433 4148 3566 4204 par-

1915 4221 2123 4295 ticipes
2150 4220 2342 4277 effecti
2370 4225 2545 4286 sunt;
2581 4237 2658 4278 an
2681 4220 2982 4291 diabolus,
3004 4221 3110 4295 qui
3137 4236 3211 4277 cx
3242 4221 3436 4294 priore
3461 4237 3566 4293 po-
3658 4238 3665 4245 '

1915 4314 2127 4367 testate
2145 4325 2251 4383 per
2279 4326 2515 4367 crucem
2544 4310 2777 4382 excidit,
2802 4311 3028 4384 quique
3066 4326 3229 4368 nunc
3247 4311 3564 4368 hominum

1915 4399 2177 4473 pedibus
2205 4398 2624 4456 miserabiliter
2652 4399 2998 4456 substratus
3045 4403 3153 4470 est,
3212 4405 3278 4456 ut
3323 4400 3402 4457 ab
3452 4399 3566 4457 illis

201 4515 311 4549 πων
364 4494 591 4568 οἰκτρῶς
636 4491 1004 4565 ὑποκείμενου
1060 4492 1250 4554 Πάντες
1305 4490 1355 4544 οἰ
1401 4494 1490 4564 μὲν
1544 4491 1804 4565 ἄνθρωποι

1922 4488 2175 4544 ludibrio
2227 4487 2435 4545 haberi
2491 4492 2548 4544 et
2615 4487 2955 4546 conculcari
2997 4486 3256 4562 possit?
3307 4487 3567 4546 Universi

202 4580 405 4638 πολλῶν
460 4580 761 4647 ἀξιωθέντες
805 4590 906 4634 τῶν
955 4578 1163 4653 ἀγαθῶν
1203 4575 1298 4633 διὰ
1321 4587 1414 4633 τοῦ
1436 4587 1684 4654 σταυροῦ,
1716 4584 1807 4633 καὶ

206 4673 349 4736 ζωὴν
436 4673 664 4745 εὑρόντες
754 4670 980 4735 αἰώνιον,
1061 4665 1278 4731 δικαίως
1366 4668 1627 4743 ὀφεΰιουσι
1717 4674 1808 4722 καὶ

205 4769 519 4837 προσκυνεῖν
615 4765 705 4813 καὶ
788 4759 1124 4821 ἀσπάζεσθαι
1221 4762 1309 4811 τόν
1393 4762 1637 4834 σταυρόν,
1733 4755 1808 4812 δι’

204 4852 267 4906 οὗ
315 4860 417 4905 τῶν
447 4848 658 4922 ἀγαθῶν
708 4847 999 4921 ἕπιγὶγονεν
1049 4849 1080 4906 ἡ
1136 4845 1441 4909 απόλαυσιςο
1500 4855 1573 4919 τῷ
1646 4842 1705 4900 δε
1748 4865 1810 4920 γε

205 4936 439 5012 διαϐόλῳ
486 4937 687 5010 ἀνάγκη
749 4944 922 5011 μισεῖν
991 4939 1079 4989 τόν
1152 4940 1398 5010 σταυρόν,
1462 4941 1549 4989 καὶ
1608 4939 1808 5010 φεύγειν

198 5032 409 5105 μακρὰν
457 5027 514 5092 ἕξ
541 5028 720 5097 αὐτου,
773 5029 845 5089 ὡς
873 5028 1051 5099 φεύγει
1094 5044 1176 5087 τις
1231 5023 1284 5078 ἔκ
1337 5030 1520 5100 πυρός’
1581 5022 1655 5079 δι’
1715 5025 1806 5078 αὖ-

198 5130 293 5176 τού
336 5122 439 5194 γὰρ
482 5119 513 5178 ἡ
567 5114 817 5191 συντριϐἠ
873 5115 1034 5168 αὐτοῦ
1087 5119 1178 5167 καὶ
1216 5113 1496 5188 ἱκνευρισις
1537 5119 1627 5168 καὶ
1674 5134 1806 5168 παν-

197 5210 350 5272 τελὴς
408 5206 784 5282 ἕξολόορευσις·
847 5203 1006 5258 Ὀσοι
1080 5210 1208 5276 γοῦν
1275 5206 1360 5257 τόν
1423 5207 1648 5276 σταυρόν
1713 5223 1804 5276 μιο

198 5306 386 5370 σοῦσι,
440 5301 534 5350 καὶ
615 5293 1046 5370 ἀποστρέφονται,
1118 5293 1335 5366 φανερὰν
1420 5293 1618 5345 εὔνοιαν
1679 5291 1806 5346 ἁποο

197 5385 429 5444 διδόασι
449 5392 524 5457 τῷ
550 5380 587 5438 δ
592 5382 801 5456 ιαϐόλῳ,
843 5386 935 5437 καὶ
966 5386 1149 5437 πιστοὶ
1196 5381 1332 5452 οὒτῷ
1358 5381 1801 5456 χρηματίζοντες,

197 5478 397 5553 ἔχθρόν
469 5475 714 5547 ἡγεῖσθαι
787 5474 873 5526 τὸν
927 5471 1088 5525 αὑτοῦ
1148 5468 1341 5548 ἐχθρόν
1425 5468 1801 5544 ὶποφείλουσιν,

1917 4578 2164 4651 quidem
2194 4577 2470 4635 homines
2500 4576 2700 4634 multis
2732 4576 2926 4635 affecti
2956 4586 3014 4634 et
3047 4577 3204 4634 aucti
3233 4576 3566 4635 commodi-

1919 4667 2141 4724 tatibus
2180 4683 2290 4741 per
2338 4683 2601 4737 crucem,
2640 4667 2943 4740 vitamque
2996 4670 3280 4723 aeternam
3338 4665 3562 4739 adepti,

1916 4758 2129 4815 merito
2158 4757 2380 4815 debent
2407 4760 2465 4814 et
2500 4756 2754 4815 adorare
2784 4762 2842 4813 et
2893 4755 3152 4813 osculari
3203 4770 3462 4826 crucem,
3490 4769 3566 4811 ex

1915 4864 2038 4920 qua
2057 4852 2220 4904 tanta
2239 4846 2538 4903 bonorum
2556 4846 2731 4919 copia
2753 4845 2831 4903 ad
2852 4843 2985 4901 illos
3014 4843 3307 4900 manavit.
3328 4846 3400 4899 At
3420 4858 3564 4899 vero

1914 4935 2194 4992 diabolus
2220 4951 2464 4991 necesse
2492 4934 2691 4997 habet,
2726 4938 2789 4989 ut
2818 4947 3058 4989 crucem
3106 4931 3315 5001 oderit,
3346 4936 3403 4987 et
3429 4946 3567 5005 pro-

1916 5023 2012 5081 cul
2032 5024 2112 5081 ab
2133 5024 2267 5097 ipsa
2282 5022 2573 5092 aufugiat,
2621 5023 2775 5079 sicut
2792 5021 2898 5094 qui
2916 5037 2980 5078 ex
3004 5021 3141 5091 igne
3166 5019 3437 5091 aufugit;
3461 5035 3568 5094 per

1914 5113 2111 5188 ipsam
2137 5113 2296 5171 enim
2323 5113 2631 5182 contritus,
2686 5118 2744 5168 et
2793 5116 3136 5180 enervatus,
3186 5115 3245 5168 et
3298 5110 3569 5169 funditus

1914 5219 2159 5261 eversus
2191 5209 2298 5260 est.
2332 5202 2684 5275 Quicunque
2705 5201 2885 5272 igitur
2932 5216 3173 5259 crucem
3224 5200 3485 5259 oderunt
3512 5205 3569 5258 et

1914 5297 2284 5359 aversantur,
2310 5291 2626 5348 manifesta
2647 5307 2769 5347 suae
2799 5304 2945 5362 erga
2968 5288 3280 5347 diabolum
3310 5289 3569 5347 benevo-

1910 5382 2107 5440 lentia:
2159 5381 2525 5439 documenta
2578 5380 2803 5449 edunt;
2833 5387 2890 5439 et
2942 5386 3003 5438 ut
3032 5380 3086 5437 ei
3136 5378 3343 5436 ﬁdeles
3371 5383 3432 5436 et
3458 5378 3567 5435 ob-

1911 5471 2097 5543 noxii,
2119 5470 2182 5529 id
2206 5470 2377 5545 quod
2400 5470 2453 5529 ei
2472 5470 2784 5528 inimicum
2800 5474 2910 5537 est,
2938 5469 3161 5527 inimici
3182 5467 3316 5526 loco
3339 5465 3558 5524 ducere

274 5656 328 5691 “
354 5651 468 5713 Job
494 5654 574 5719 m,
600 5654 650 5709 l.
684 5651 754 5689 ιι·
782 5648 956 5710 Joan.
987 5665 1086 5722 xu,
1111 5652 1199 5715 32,
1227 5650 1319 5709 32.
1348 5650 1394 5686 ’⁵
1424 5647 1571 5708 Ibid.
1604 5653 1692 5709 33.
1729 5651 1774 5688 ¹⁶
1802 5647 2014 5711 Matth.
2046 5622 2242 5720 xxvm,
2283 5651 2372 5705 18.

4046 804 4055 813 l

4046 3640 4055 3647 π

4046 3854 4051 3869 ι

4048 4404 4055 4423 Ι

4046 4780 4063 4823 '.

4046 5166 4055 5201 ἓ

4050 5342 4063 5367 ὸ

4046 5402 4053 5423 ι

4046 5508 4051 5521 Β

4046 5718 4053 5729 ι
