4096 6208
526 317 630 373 635

1673 315 1985 371 GERMANI
2022 314 2071 369 Il
2110 313 2214 371 GP.
2252 312 2728 373 PATRIARCHE

3488 6 3505 11 -
3578 6 3893 51 cur,”
3964 6 4035 39 Τ

3779 312 3891 366 636

524 437 747 495 debent
774 456 787 507 ;
814 437 1327 511 quemadmodum
1348 439 1611 497 vicissim
1653 454 1857 496 amare
1904 437 1965 494 id
1995 434 2161 509 quod

2277 439 2448 512 ὥσπερ
2515 439 2661 500 αὖθις
2727 435 2884 511 φιλεῖν
2958 439 3076 497 τοῦς
3159 434 3331 507 φίλους
3391 434 3567 489 αὐτοῦ.
3637 432 3897 486 Ἀκολού-

523 525 650 599 ipse
679 530 863 584 amat.
896 528 1303 583 Consentanee
1332 528 1511 597 igitur
1534 532 1591 584 et
1622 526 2044 584 convenienter
2080 524 2165 580 af-

523 612 759 669 lectioni
786 629 908 668 suae
939 627 1081 681 erga
1140 612 1474 681 diabolum,
1526 620 1582 671 et
1633 613 1916 670 inviolato
1963 611 2170 668 foederi

523 701 923 766 conformiler,
950 700 1258 759 affirmant
1281 704 1590 773 Bogomili,
1625 704 1899 776 iniquum
1931 718 2059 757 esse
2109 703 2173 756 ut

519 788 860 857 lignum,in
880 806 1004 863 quo
1058 795 1224 863 pater
1280 793 1536 863 alicujus
1583 799 1684 849 aut
1714 792 1945 848 amicus
1992 791 2169 847 inter-

521 878 708 934 fectus
731 878 823 942 sit,
848 878 1104 936 adorent
1135 880 1239 936 ﬁlii
1279 887 1381 937 aut
1412 881 1589 938 amici
1639 884 1785 953 ejus.
1842 883 1982 936 Ecce
2011 880 2171 935 enim

524 970 691 1039 pater
718 965 954 1022 illorum
990 966 1272 1025 diabolus
1312 970 1544 1027 inﬁnita
1590 969 1753 1026 mala
1778 985 1885 1042 per
1932 984 2171 1024 crucem

523 1070 737 1127 passus
759 1059 867 1125 est,
895 1055 1047 1111 sicut
1068 1057 1464 1126 ostendimus,
1492 1064 1548 1114 et
1568 1064 1885 1131 propterea
1933 1072 2169 1112 crucem

522 1142 779 1199 oderunt
802 1145 985 1215 patris
1018 1145 1108 1199 sui
1159 1146 1608 1203 interfectricem
1667 1153 1723 1204 et
1770 1146 2166 1219 perditricem.

521 1231 792 1287 Salvator
838 1233 997 1289 enim
1029 1234 1239 1289 mundi
1296 1235 1581 1297 Christus,
1632 1235 1764 1291 licet
1795 1240 2009 1307 sponte
2058 1249 2172 1288 sua

524 1319 682 1375 cruci
714 1322 784 1377 sit
816 1321 1087 1381 sufﬁxus.
1119 1328 1175 1378 et
1216 1324 1654 1380 sanctissimam
1701 1340 1874 1379 suam
1903 1324 2170 1379 animam

521 1408 581 1462 in
603 1414 884 1480 paternas
915 1426 1129 1465 manus
1168 1411 1361 1467 libens
1416 1412 1745 1484 volensque
1806 1409 2166 1484 deposuerit,

524 1502 786 1555 attamen
808 1499 1008 1555 denuo
1030 1499 1308 1557 eamdem
1332 1502 1577 1574 propria
1600 1506 1889 1574 potestate
1916 1506 1971 1557 et
1999 1499 2169 1555 liber-

524 1590 639 1641 tate
661 1589 1002 1659 resumpsit,
1031 1588 1201 1659 juxta
1262 1591 1641 1646 verissimum
1686 1590 1827 1645 illud
1884 1590 2014 1661 ejus
2040 1605 2169 1644 ora-

524 1672 725 1730 culum
756 1692 767 1729 :
795 1678 1149 1732 Potestatem
1174 1678 1359 1733 habeo
1381 1679 1647 1746 ponendi
1675 1679 1933 1734 animum
1956 1692 2165 1733 meam.

2279 527 2379 587 θως
2423 528 2509 578 οὖν
2556 532 2643 579 καὶ
2697 523 2959 602 ἁρμοδίως
3012 532 3073 597 τῇ
3116 527 3245 598 πρὸς
3283 526 3367 574 τόν
3423 517 3666 574 διάϐολον
3696 518 3891 574 διαθέ-

2281 634 2359 666 σει
2413 615 2579 667 αὐτῶν
2635 622 2726 669 xui
2780 622 2957 668 πίστει
3023 608 3413 688 ἁπαρασπόνδῳ
3475 614 3523 663 οἱ
3603 610 3893 682 Βογόμιλοι

2278 703 2516 775 λέγουσιν
2560 706 2640 757 ὅτι
2695 702 2881 757 ἄδικόν
2912 703 3028 757 ἐστι
3058 706 3115 755 τό
3149 701 3294 764 ξύλον
3349 699 3397 752 ἐν
3526 706 3702 773 πατήρ
3751 719 3890 758 τινος

2281 792 2308 851 ἂ
2370 792 2507 864 φίλος
2565 792 2859 850 ἐθανατώθη
2916 792 3328 865 προσκυνεῖσθαι
3391 791 3489 841 υπὸ
3537 798 3637 841 τὼν
3694 792 3886 840 τέκνων

2281 880 2309 939 ἦ
2367 890 2465 932 τῶν
2519 880 2673 953 φίλων
2730 882 2911 934 αυτοῦ.
2964 877 3103 933 Ἰδοὺ
3155 881 3256 953 γὰρ
3315 883 3404 930 καὶ
3434 879 3460 929 6
3508 882 3679 950 πατὴρ
3712 876 3886 928 αὐτῶν

2278 973 2368 1021 καὶ
2409 969 2546 1042 φίλος
2596 967 2839 1032 διάϐολος
2904 974 3070 1041 μυρία
3137 964 3280 1020 δεινὰ
3353 967 3570 1019 πέπονθε
3633 961 3728 1018 διὰ
3791 971 3887 1016 τοῦ

2281 1066 2532 1130 σταυροῦ,
2586 1060 2755 1120 καθὼς
2820 1054 3182 1129 ἀπεδείξαμεν,
3242 1058 3331 1106 καὶ
3401 1051 3495 1107 διὰ
3558 1060 3728 1105 ταῦτα
3795 1056 3884 1104 τόν

2282 1150 2505 1220 σταυρόν
2552 1156 2795 1219 μισοῦσι,
2846 1150 2933 1198 τόν
2985 1153 3077 1197 τοῦ
3143 1147 3337 1219 πατρός
3387 1143 3552 1194 αὐτῶν
3606 1140 3884 1216 ἀναιρετην

2277 1239 2366 1285 καὶ
2429 1235 2756 1310 ὀλοθρευτήν,
2820 1235 2879 1287 Ὀ
2942 1236 3043 1308 γὰρ
3100 1238 3277 1307 Σωτὴρ
3328 1239 3418 1283 τοῦ
3483 1236 3684 1303 κόσμου
3750 1238 3883 1304 Χρι-

2280 1326 2415 1385 στος,
2466 1324 2510 1375 εἰ
2566 1329 2654 1376 καὶ
2714 1324 2962 1385 ἑκουσίως
3011 1331 3081 1392 τῷ
3137 1328 3345 1396 σταυρῷ
3399 1324 3732 1395 προσεπάγη,
3788 1324 3881 1369 καὶ

2278 1415 2371 1468 τὴν
2425 1413 2709 1485 υπεραγίαν
2760 1412 2946 1482 ψυχὴν
2998 1412 3063 1471 εἰς
3128 1417 3311 1483 χεῖρας
3378 1408 3726 1470 αὐτεξουσίως
3786 1410 3880 1468 τας

2277 1505 2533 1573 πατρικάς
2601 1500 2891 1558 ἐναπέθετο.
2969 1499 3095 1551 ἀλλὰ
3161 1497 3311 1551 πάλιν
3386 1498 3548 1555 αὐτὴν
3630 1496 3879 1558 αὐτεξου-

2280 1592 2403 1648 σίως
2474 1588 2819 1661 προσελάϐετο
2892 1590 3024 1640 κατά
3087 1592 3180 1644 τὴν
3248 1583 3645 1657 ἀψευδεστάτην
3713 1583 3879 1635 αὐτοῦ

2276 1677 2587 1750 πρόρρησιν,
2652 1683 2758 1735 Τὴν
2841 1676 3077 1739 ἐξουσίαν
3166 1679 3274 1747 ἔχω
3358 1680 3451 1733 τὴν
3512 1674 3697 1746 ψυχήν
3775 1694 3878 1746 μου

523 1766 579 1816 et
588 1769 931 1831 potestatem
948 1765 1133 1820 habeo
1151 1766 1366 1821 iterum
1380 1767 1655 1822 sumendi
1666 1782 1793 1823 eam
1811 1769 1875 1836 '7,
1894 1781 2166 1838 morsque

2280 1765 2458 1835 θεῖναι,
2526 1771 2615 1817 καὶ
2689 1764 2926 1828 ἐξουσίαν
3002 1768 3110 1837 ἔχω
3184 1764 3336 1816 πάλιν
3410 1766 3603 1819 ταύτην
3678 1761 3878 1829 λαϐεῖν,

521 1850 702 1922 hujus
730 1852 1074 1908 hominibus
1106 1854 1238 1910 vitae
1267 1862 1503 1911 aeternas
1534 1871 1720 1911 causa
1749 1855 1986 1911 exstitit.

593 2030 735 2084 Vere
757 2029 1004 2087 verbum
1022 2032 1211 2089 crucis
1230 2032 1620 2101 pereuntibus
1639 2032 1882 2105 quidem
1908 2033 2168 2088 stultitia

521 2124 626 2181 est,
660 2118 836 2174 nobis
866 2136 1027 2187 vero,
1062 2121 1166 2194 qui
1218 2121 1546 2187 salvamur,
1602 2122 1711 2177 Dei
1751 2124 1942 2177 virtus
1984 2128 2065 2177 est
2099 2122 2163 2171 '8.

523 2206 674 2272 Quid
705 2206 882 2276 igitur
912 2208 1014 2264 tibi
1044 2209 1298 2278 videtur,
1327 2210 1518 2266 amice
1548 2209 1773 2266 diaboli
1826 2209 2169 2278 Bogomile?

519 2300 608 2350 An
639 2296 919 2368 Apostolo
949 2298 1489 2371 obtemperandum
1517 2305 1605 2355 est
1645 2299 2011 2355 asseveranti
2033 2314 2166 2354 cru-

521 2398 650 2437 cem
682 2398 810 2438 esse
860 2384 1137 2442 virtutem
1172 2386 1287 2455 Dei,
1349 2402 1427 2443 an
1474 2387 1578 2442 tibi
1629 2386 1859 2458 perdito
1884 2393 1940 2442 et
1972 2385 2167 2459 proﬂi-

523 2476 684 2541 gato,
712 2471 817 2543 qui
844 2488 1080 2529 crucem
1124 2474 1428 2530 stultitiam
1463 2475 1784 2530 nominas?
1831 2476 1887 2531 Si
1942 2491 2079 2529 vero
2107 2479 2167 2529 tu

521 2556 763 2615 diabolo
775 2576 897 2615 rem
918 2568 1147 2629 gratam
1170 2562 1415 2628 faciens,
1440 2580 1754 2636 nunquam
1779 2580 1999 2625 cessas,
2019 2563 2164 2636 quin

522 2660 760 2701 crucem
800 2664 974 2703 voces
1002 2648 1331 2717 stultitiam,
1356 2656 1413 2706 at
1444 2666 1554 2721 ego
1580 2651 1793 2707 iterum
1833 2649 2083 2705 ﬁdenter
2113 2655 2169 2706 et

523 2733 807 2790 audacter
837 2736 951 2798 aio.
999 2740 1180 2794 Deum
1239 2755 1373 2810 quae
1396 2740 1581 2795 stulta
1630 2745 1769 2795 sunt
1822 2738 2035 2794 mundi
2058 2739 2169 2795 ele-

520 2824 732 2894 gisse”
754 2827 1153 2882 .etanimalem
1171 2826 1465 2883 hominem
1481 2844 1599 2883 non
1623 2830 1931 2897 percipere
1953 2842 2021 2883 ea
2034 2841 2168 2898 quae

519 2919 660 2969 sunt
684 2912 944 2983 Spiritus
974 2917 1043 2974 ²⁰.
1075 2917 1129 2973 Si
1157 2932 1296 2972 vero
1328 2922 1411 2981 tu,
1434 2916 1657 2973 diaboli
1688 2916 2037 2990 discipulus,
2068 2915 2165 2971 de-

521 3000 705 3056 decus
735 3017 865 3058 esse
889 3002 1193 3061 arbitraris
1215 3022 1472 3075 crucem,
1508 3006 1611 3062 sed
1662 3006 1945 3077 magister
1976 3021 2164 3072 meus,

2277 1852 2458 1924 λέγων,
2533 1859 2622 1905 καὶ
2682 1856 2707 1906 6
2772 1856 2986 1916 θάνατος
3048 1856 3233 1906 τούτου
3301 1852 3436 1912 ζωῆς
3493 1851 3701 1902 αἰωνίου
3770 1858 3883 1912 τοῖς

2279 1939 2566 2008 ἀνθρώποις
2591 1946 2764 2013 γέγονε
2793 1942 3054 2016 πρόξενος.

2346 2028 2536 2090 ’Ὁντως
2580 2032 2604 2081 6
2653 2031 2799 2100 λόγος
2846 2038 2936 2082 τοῦ
2986 2037 3216 2102 σταυροῦ
3269 2037 3379 2090 τοῖς
3433 2031 3523 2101 μεν
3581 2027 3883 2099 ἀπολλυμέ-

2276 2137 2384 2179 νοις
2431 2139 2604 2193 μωρια
2644 2118 2778 2183 ἐστὶ,
2829 2126 2939 2180 τοῖς
2983 2115 3041 2171 δὲ
3105 2122 3415 2190 σωζομένοις
3476 2120 3599 2188 ἡμῖν
3654 2114 3883 2188 δύναμις

2279 2214 2410 2258 Θεοῦ
2443 2206 2606 2262 ἐστιν.
2637 2211 2699 2259 Τί
2742 2206 2829 2258 οὖν
2863 2226 2946 2259 σοι
2978 2203 3140 2273 δοκεῖ,
3190 2207 3299 2279 φίλε
3344 2216 3414 2277 τῷ
3447 2202 3674 2276 διαϐόλῳ
3710 2210 3877 2274 Βογό-

2277 2294 2547 2367 μιληΤῷ
2580 2295 2879 2368 Ἀποστόλῳ
2931 2300 3039 2368 χρὴ
3096 2296 3370 2348 πείθεσθαι
3424 2303 3496 2365 τῷ
3547 2294 3749 2365 λέγοντι
3799 2294 3881 2344 ότι

2278 2379 2502 2456 δύναμις
2540 2390 2673 2436 Θεοῦ
2706 2382 2844 2437 ἐστιν
2896 2386 2921 2435 6
2954 2388 3198 2457 σταυρὸς,
3232 2387 3261 2442 ἡ
3314 2388 3397 2435 σοὶ
3447 2392 3518 2454 τῷ
3545 2382 3879 2455 ἀπολλυμένῳ

2276 2478 2475 2546 μωρίαν
2523 2477 2609 2524 τόν
2655 2478 2877 2545 σταυρόν
2931 2473 3280 2544 ὀνομάζοντι;
3334 2472 3395 2524 Εἰ
3443 2468 3501 2524 δὲ
3533 2475 3598 2523 σὺ
3646 2478 3718 2541 τῷ
3750 2465 3878 2521 δια-

2277 2560 2410 2613 ϐόλω
2488 2565 2972 2634 καταχαριζόμενος
3016 2561 3072 2613 οῦ
3138 2565 3277 2634 παύῃ
3346 2566 3544 2633 μωρίαν
3602 2558 3879 2611 ἀποκαλῶν

2276 2653 2362 2701 τόν
2417 2653 2663 2723 σταυρόν,
2714 2648 2820 2702 ἀλλ’
2871 2648 2969 2721 ἐγὼ
3017 2655 3106 2702 xui
3162 2649 3314 2701 πάλιν
3361 2648 3456 2722 ἐρώ
3498 2651 3624 2720 μετά
3652 2646 3881 2721 θάρρους

2276 2740 2372 2790 ὁτυ
2424 2740 2499 2791 Tu
2546 2741 2697 2811 μωρὰ
2739 2746 2830 2790 τοῦ
2878 2744 3082 2811 κόσμου
3129 2738 3383 2801 ἐξελελατο
3416 2740 3440 2788 6
3472 2740 3624 2805 Θεὸς,
3675 2742 3765 2787 καὶ
3798 2737 3880 2787 ὅτι

2276 2827 2512 2899 ψυχικὸς
2586 2829 2856 2901 ἅνθρωπος
2930 2827 2987 2879 οῦ
3065 2824 3279 2899 δέχεται
3352 2830 3417 2878 τὰ
3478 2834 3567 2878 τοῦ
3646 2827 3883 2896 Πνεῦμα-

2278 2935 2378 2977 τος·
2434 2922 2607 2989 μωρία
2662 2919 2762 2990 γὰρ
2834 2916 2970 2986 αὐτῷ
3039 2915 3202 2974 ἐστιν,
3254 2916 3311 2969 Εἰ
3369 2912 3428 2968 δὲ
3482 2921 3573 2968 καὶ
3626 2911 3879 2966 διαϐόλου

2281 3009 2344 3056 σὺ
2396 3007 2637 3077 μαθητὴς
2685 3005 2949 3077 αἰσχύνην
2976 3007 3075 3079 ἡγῇ
3110 3008 3195 3057 τόν
3230 3008 3474 3080 σταυρόν,
3526 3003 3634 3055 ἀλλ’
3666 3003 3690 3054 6
3718 2998 3883 3055 διδά-

519 3089 863 3180 ΔζίΙιίαὸείι,
885 3094 1096 3163 inquit.
1127 3095 1189 3151 in
1212 3097 1334 3151 alio
1364 3102 1663 3167 quopiam,
1693 3112 1829 3169 qua:
1850 3096 1908 3150 in
1940 3093 2166 3149 mundo

2281 3093 2470 3155 σκαλος
2516 3096 2541 3146 ό
2573 3092 2713 3167 ἐμός,
2768 3100 2850 3151 Μή
2914 3114 3002 3167 μοι
3059 3098 3276 3166 γένοιτο,
3327 3093 3484 3166 λέγει,
3516 3092 3564 3145 ἐν
3610 3092 3745 3164 ἄλλῳ
3777 3096 3879 3144 τινὶ

522 3177 781 3251 gloriosa
810 3185 866 3236 et
883 3181 1196 3255 splendida
1225 3191 1561 3251 censentur,
1590 3184 1869 3255 gloriari,
1897 3198 2076 3255 quam
2104 3184 2168 3238 in

521 3282 698 3324 cruce
713 3268 1023 3325 Christi“.
1051 3272 1198 3338 Quid
1228 3277 1391 3329 Petro
1416 3274 1669 3335 firmius,
1692 3274 1785 3329 cui
1818 3289 2013 3346 neque
2037 3288 2170 3326 san-

522 3356 673 3426 guis,
726 3372 921 3429 neque
979 3376 1117 3416 caro
1163 3361 1367 3417 Filium
1428 3363 1522 3417 Dei
1575 3363 1878 3430 revelavit,
1912 3361 2020 3416 sed
2042 3360 2168 3432 ipse

521 3443 685 3499 solus
715 3446 901 3509 Pater,
929 3451 983 3502 et
1014 3447 1175 3502 solus
1225 3451 1568 3518 ingenitus?
1599 3450 1993 3506 Nihilominus
2029 3463 2167 3503 cum

521 3533 574 3588 ei
605 3532 803 3589 adhuc
836 3536 1138 3606 passionis
1159 3539 1507 3609 mysterium
1540 3540 1810 3608 ignotum
1837 3544 1893 3594 et
1914 3538 2169 3594 abscon-

521 3622 711 3677 ditum
733 3628 1396 3699 esset,magistrumque
1414 3627 1489 3682 ad
1504 3628 1696 3682 crucis
1710 3627 2043 3700 patibulum
2059 3627 2165 3681 fes-i

522 3709 808 3765 tiuantem
856 3710 1223 3780 intelligeret,
1269 3720 1520 3770 conatus
1549 3716 1794 3786 quidem
1827 3722 1937 3783 est,
1968 3722 2167 3771 tenero

521 3796 789 3869 quodam
811 3799 1033 3854 amoris
1050 3800 1285 3871 affectu,
1311 3819 1552 3858 cursum
1577 3803 1743 3859 illum
1761 3810 1817 3859 et
1847 3805 2168 3860 festinatio-

520 3900 659 3940 nem
690 3886 1024 3958 prohibere,
1059 3888 1345 3963 illudque,
1376 3892 1678 3961 Propitius
1720 3899 1839 3949 esto
1892 3893 2017 3958 tibi,
2056 3896 2167 3948 Do-

518 3976 694 4046 mine,
719 3991 838 4031 non
860 3979 970 4033 erit
996 3977 1104 4034 hoc
1126 3979 1233 4034 tibi
1252 3982 1318 4045 ²³,
1345 3982 1869 4036 commiseratione
1899 3981 2169 4054 quadam

518 4061 735 4119 ductus
767 4066 1029 4136 protulit,
1062 4067 1163 4121 sed
1194 4074 1399 4124 contra
1429 4069 1614 4124 audiit
1641 4086 1779 4124 cum
1825 4070 1991 4141 gravi
2021 4070 2171 4124 indi-

520 4153 801 4221 gnatione
831 4153 1010 4210 illud:
1047 4157 1201 4212 Vade
1228 4165 1359 4226 post
1398 4174 1507 4225 me,
1538 4158 1789 4221 Satana,
1816 4158 2167 4214 scandalum

519 4240 673 4294 mihi
689 4256 765 4303 es,
787 4246 927 4311 quia
946 4260 1062 4299 non
1082 4247 1241 4314 sapis
1259 4262 1346 4313 ea,
1366 4263 1500 4318 qua:
1512 4248 1783 4309 Deisunt,
1803 4248 1906 4303 sed
1925 4263 2012 4311 ea,
2034 4263 2168 4319 quae

524 4324 825 4384 hominum
859 4332 924 4384 ³³.
947 4333 989 4387 Ο
1018 4334 1371 4390 miraculum
1406 4336 1617 4404 ingens
1643 4336 1654 4392 !
1679 4338 1945 4392 Satanas
1970 4335 2169 4408 appel-

520 4413 677 4470 latur
739 4432 999 4486 magnus
1086 4424 1283 4476 Petrus
1337 4423 1498 4495 quod
1578 4440 1812 4478 crucem
1865 4424 2165 4492 detrectet,

519 4518 705 4574 quam
739 4511 800 4559 ut
824 4508 1211 4564 commodum
1243 4513 1342 4566 toti
1379 4511 1606 4566 mundo
1627 4512 1804 4581 longe
1829 4512 2166 4567 fructuosis-

519 4591 740 4647 simum
796 4593 1057 4650 Christus
1105 4599 1363 4670 arripere
1411 4599 1733 4667 cogitabat,
1785 4606 1839 4655 et
1890 4606 1952 4655 ut
1997 4608 2167 4672 petra

519 4681 785 4737 scandali
813 4688 869 4737 et
897 4683 1048 4757 lapis
1076 4686 1425 4743 offensionis
1456 4693 1608 4743 retro
1652 4688 1928 4758 abjicitur
1957 4689 2164 4745 infrac-

517 4774 645 4826 tum
670 4771 814 4827 illud
853 4773 1122 4830 Ecclesiae
1167 4776 1669 4841 fundamentum;
1703 4793 1825 4848 quo
1875 4778 2167 4849 supplicio

517 4875 637 4915 non
666 4862 779 4916 eris
809 4861 1050 4931 dignus,
1082 4865 1183 4937 qui
1236 4864 1647 4936 blasphemias
1691 4872 1897 4920 contra
1929 4882 2167 4921 crucem

517 4947 731 5003 clatras
753 4956 810 5005 et
833 4952 1182 5007 crucifixum
1207 4953 1509 5008 accusas?
1534 4958 1591 5007 In
1616 4954 1799 5008 vitam
1826 4953 1985 5008 enim
2009 4971 2168 5009 com-

519 5033 849 5092 minisceris
878 5040 1349 5107 cruciﬁxionem,
1378 5053 1434 5094 et
1472 5057 1590 5096 non
1647 5041 1828 5096 modo
1862 5057 1979 5096 non
2014 5042 2168 5097 fruc-

516 5124 754 5177 tuosam
777 5131 830 5179 et
862 5126 1329 5191 conducibilem,
1357 5129 1457 5183 sed
1483 5134 1539 5183 et
1564 5130 1670 5199 ipsi
1694 5128 1979 5183 cruciﬁxo
2006 5130 2172 5185 dam-

518 5224 755 5278 nosam,
771 5213 1053 5286 ipsosque
1067 5218 1168 5288 qui
1193 5216 1485 5271 Christum
1507 5217 2174 5289 crucifixerunt,poten-

515 5299 695 5369 tiores
724 5303 1007 5357 cruciﬁxo
1039 5305 1269 5374 statuis,
1328 5309 1613 5377 tanquam
1646 5306 1748 5378 qui
1786 5305 2083 5361 nolentem
2118 5311 2175 5363 et

486 5388 901 5470 'reluctantem
930 5393 1005 5448 ad
1033 5409 1270 5450 crucem
1306 5396 1629 5467 rapuerint.

588 5518 630 5551 ‘7
662 5518 831 5585 Joan,
864 5533 922 5591 χ,
962 5521 1046 5575 18.
1118 5520 1209 5574 "1
1254 5521 1386 5577 Cor.
1413 5535 1452 5595 ι,
1485 5523 1571 5578 18.
1639 5522 1683 5555 ¹⁹
1730 5523 1748 5575 l
1783 5520 1912 5579 Cor.
1954 5536 1995 5590 1,
2026 5525 2116 5579 27.

514 5607 563 5681 ξε
598 5605 749 5691 ibid.
778 5611 869 5701 οξ.
1284 5610 1287 5613 ·
1904 5608 1905 5615 ‘
2040 5608 2079 5618 ’π

2275 3192 2375 3234 τῶν
2429 3185 2564 3234 κατὰ
2617 3188 2813 3255 κόσμον
2867 3180 3084 3246 ἐνδόξων
3146 3185 3457 3255 καυχᾶσθαι
3512 3182 3553 3235 εἰ
3611 3187 3682 3253 μὴ
3728 3180 3776 3232 ἐν
3806 3189 3877 3251 τῷ

2279 3280 2487 3344 σταυρῴ
2530 3279 2618 3323 τοῦ
2676 3279 2908 3346 Χριστοῦ
2943 3315 2957 3329 .
3012 3277 3076 3324 Ti
3132 3280 3224 3323 τοῦ
3282 3276 3477 3345 Πέτροῦ
3521 3269 3873 3344 στερρότερον,

2277 3359 2421 3428 ᾧτινι
2458 3358 2551 3410 οὐκ
2592 3357 2722 3431 αἷμα
2769 3356 2893 3411 οὐδὲ
2927 3359 3058 3434 σὰρξ
3091 3363 3176 3411 τόν
3222 3362 3339 3411 Υίόν
3372 3357 3718 3429 ἀπεκάλυψεν,
3766 3356 3876 3408 ἀλλ’

2278 3447 2428 3508 αὐτὸς
2479 3448 2504 3498 6
2547 3452 2701 3519 μόνος
2752 3453 2949 3520 Πατήρ,
3001 3453 3089 3499 καὶ
3136 3452 3287 3521 μόνος
3341 3447 3647 3519 ἁγέννητος,
3692 3445 3873 3517 Ὀμως

2276 3534 2477 3606 ἐπείπερ
2527 3538 2599 3587 ἔτι
2657 3534 3104 3609 ἀποκεκρυμμένον
3137 3533 3196 3593 ἦν
3236 3536 3375 3604 αὐτῷ
3414 3539 3471 3586 τό
3531 3542 3621 3586 τοῦ
3678 3535 3874 3592 πάθους

2275 3630 2564 3697 μυστήριον
2603 3629 2692 3675 xui
2730 3626 2855 3698 πρὸς
2892 3627 2978 3675 τόν
3012 3628 3235 3698 σταυρόν
3266 3620 3649 3675 ἐπισπεύδοντα
3676 3624 3761 3673 τόν
3785 3618 3872 3672 δι-

2278 3710 2542 3765 δάσκαλον
2590 3718 2838 3781 κατενόει,
2898 3712 3141 3784 ἐπειράθη
3191 3715 3281 3784 μὲν
3337 3711 3655 3783 φιλοστόργῳ
3716 3707 3877 3769 δῆθεν

2278 3796 2510 3853 διαθέσει
2563 3810 2656 3861 τῆς
2707 3803 2868 3873 ὁρμῆς
2932 3799 3164 3852 κωλυσαι
3228 3805 3318 3851 καὶ
3350 3808 3440 3860 τῆς
3470 3798 3721 3861 ἐπείξεως,
3761 3804 3875 3855 καὶ,

2274 3890 2445 3950 Ἵλεώς
2503 3895 2605 3954 σοι,
2661 3897 2835 3962 Κυριε,
2887 3890 2945 3941 οῦ
2998 3895 3069 3961 μὴ
3138 3894 3285 3941 ἔσται
3352 3909 3434 3941 σοι
3500 3896 3669 3947 τοῦτο,
3734 3907 3875 3959 συμ-

2276 3980 2454 4035 παθῶς
2510 3976 2877 4051 ἀπεφθέγγετο.
2938 3978 3252 4035 Ἀντήκουσε
3316 3975 3375 4030 δὲ
3437 3997 3549 4051 μετ,
3618 3976 3878 4049 ἐμϐριμά-

2954 4067 3151 4138 Ὕπαγε
3213 4067 3382 4119 ὀπίσω
3460 4086 3582 4138 μου,
3652 4071 3873 4118 Σατανᾶ.

3353 4160 3546 4229 φρονεῖς
3646 4157 3712 4206 τὰ
3784 4161 3879 4205 τοῦ

3389 4251 3491 4296 Τοῦ
3557 4246 3817 4315 θαύματος
3860 4242 3875 4297 l

2279 4088 2406 4129 σεως
2467 4070 2546 4119 ὅτι
2612 4063 2866 4142 σφοδρᾶς,

2278 4153 2568 4208 Σκάνὸαλόν
2643 4176 2733 4227 μοι
2829 4155 3095 4227 ἐγενήθης·
3193 4156 3250 4208 οῦ

2277 4250 2424 4307 Θεοῦ,
2483 4244 2611 4296 ἀλλὰ
2685 4247 2749 4295 τὰ
2824 4252 2919 4295 τῶν
3002 4243 3305 4319 ἀνθρώπων,

2278 4340 2500 4394 Σατανᾶς
2544 4334 2569 4384 6
2622 4337 2783 4405 μέγας
2834 4338 3025 4407 Πέτρος
3082 4331 3259 4385 ἀκούει
3314 4329 3407 4385 διὰ
3471 4336 3529 4384 τὸ
3595 4331 3876 4383 ἀπαναίνε-

2280 4425 2403 4475 σθαι
2446 4442 2532 4474 τον
2583 4426 2827 4495 σταυρόν,
2874 4421 2927 4472 ὃν
2977 4424 3040 4482 ὡς
3078 4421 3567 4494 κοσμωφελέοτατον
3624 4421 3876 4492 ἁρπάζειν

2276 4511 2448 4569 ἤθελεν
2475 4512 2500 4561 6
2550 4514 2798 4585 Χριστός,
2847 4515 2933 4561 xui
2964 4513 3032 4570 ὡς
3062 4517 3224 4583 πέτρα
3275 4506 3569 4562 σκανδάλου
3601 4508 3877 4568 καὶ.).ίθος

2276 4604 2679 4671 προσκόμματος
2735 4597 2903 4650 ὁπισω
2978 4598 3404 4673 ἐναπορρίπτεται
3479 4597 3707 4672 ἀρραγὴς
3782 4604 3874 4658 τῆς

2280 4687 2586 4747 Ἐκκλησίας
2641 4687 2886 4759 θεμέλιος.
2934 4692 2996 4739 Τί
3029 4685 3079 4739 δ’
3109 4687 3169 4739 ἄν
3212 4689 3395 4746 πάθοις
3426 4688 3577 4747 αὐτὸς
3624 4689 3650 4737 6
3701 4684 3873 4757 βλάσ-

2278 4795 2425 4846 φημα
2471 4775 2806 4827 καθυλακτών
2856 4783 2946 4827 τοῦ
3005 4776 3255 4850 σταυροῦ,
3324 4781 3412 4827 καὶ
3470 4779 3554 4827 τὸν
3614 4774 3881 4846 ἐσταυρωο

2277 4870 2423 4935 μένον
2511 4873 2813 4935 κατηγορῶν
2870 4880 2883 4927 ;
2960 4864 3233 4917 Ἀκοῦσιον
3305 4869 3406 4937 γήρ
3484 4864 3714 4935 εἰσάγεις
3786 4868 3877 4920 τὴν

2281 4960 2596 5026 σταυρωσιν,
2657 4958 2745 5004 καὶ
2806 4952 2866 5004 οῦ
2945 4958 3097 5024 μόνον
3174 4953 3266 5004 οῦκ
3328 4953 3689 5024 ωφελήσασαν,
3757 4948 3878 5003 οὐδὲ

2278 5040 2517 5099 λυσιτελῆ
2584 5048 2846 5112 φανεῖταν,
2935 5040 3063 5093 ἀλλὰ
3118 5046 3208 5093 καὶ
3282 5042 3437 5093 αὐτόν
3500 5040 3881 5111 κατακλάψασε

2281 5134 2366 5181 τόν
2399 5128 2799 5201 ἐσταυρωμένονο
2852 5134 2940 5181 καὶ
2988 5131 3169 5192 οῦτους
3223 5128 3282 5184 δὲ
3318 5135 3439 5190 τοὺς
3476 5138 3882 5203 σταυρώσαντας

2286 5219 2661 5292 ἰσχυροτέρους
2726 5228 2817 5270 τοῦ
2885 5221 3264 5291 σταυρωθέντος
3331 5219 3579 5290 εἰσάγεις,
3658 5222 3725 5280 ως
3793 5224 3881 5271 καὶ

2282 5314 2351 5381 μή
2388 5306 2697 5381 βουλόμενον
2725 5307 2810 5360 ἐπὶ
2831 5311 2917 5360 τόν
2952 5312 3175 5383 σταυρόν
3196 5308 3589 5381 ἐφελκῦσαντας.

2184 5522 2233 5558 ²⁰
2316 5523 2447 5615 Cor.
2485 5541 2538 5585 ιι,
2589 5525 2675 5626 Μ»ἒ
2743 5522 2789 5603 υ
2823 5520 3010 5579 Galat.
3039 5539 3124 5592 v1,
3168 5525 3252 5579 14.
3320 5524 3366 5557 ²²
3401 5521 3604 5579 Matth.
3634 5538 3748 5592 xw,
3784 5524 3873 5578 22.
