4096 6208
28 20 53 119 ί
94 0 473 77 ῖῖήδπεθ
516 0 529 5 ’

44 70 53 85 ,
162 64 175 75 .

44 70 53 85 θ
162 64 175 75 α

254 280 377 336 637

347 406 442 456 Καὶ
487 409 657 455 ταῦτα
704 404 754 456 οἱ
808 402 1092 477 πάντολμοι
1139 406 1275 458 κατὰ
1325 412 1419 459 τοῦ
1459 401 1860 477 παντοδυνάμου

256 490 700 564 βλασφημοῦντες
747 499 1002 567 Χριστοῦ,
1044 498 1396 567 Χριστιανοὺς
1437 493 1620 555 καλοὺς
1649 494 1865 552 ἑαυτοὺς

256 580 619 652 ὀνομάζουσιν
671 583 721 633 οἱ
774 588 885 643 ταῖς
951 580 1215 644 ἀληθείαις
1285 581 1725 657 ἀντιχριστιανοί.
1789 583 1868 634 re

253 671 368 744 γὰρ
408 676 499 722 τοῦ
545 666 893 742 ἀντιχρῖστου
948 669 1322 747 πρεσϐεύουσι,
1380 677 1470 725 καὶ
1536 671 1678 742 αὐτῷ
1726 674 1864 742 μόνῳ

258 761 599 831 λατρεύουσι,
641 763 732 812 καὶ
773 762 900 830 πρὸς
966 758 1119 812 αὐτὸν
1168 763 1262 821 τὰς
1325 756 1538 821 ἐλπίδας
1593 758 1864 814 ἀνατιθέα-

259 867 373 903 σιν.
409 846 544 901 Ἀλλ’
589 842 733 900 οὗτοι
780 850 871 920 μεν
912 850 961 901 οἱ
1004 847 1303 904 ἀποστάται
1330 855 1462 923 μετά
1507 856 1599 903 τοῦ
1631 869 1863 903 συναπο-

256 939 462 995 στάτου
502 935 679 997 αὐτοῖς
726 935 1013 1011 έῤῥέτωσαν
1063 935 1334 1012 δαίμονος,
1393 944 1484 993 καὶ
1531 938 1603 1001 εἰς
1652 942 1711 992 τὸ
1759 946 1861 1013 πῦρ

250 1030 316 1078 1'6
372 1026 581 1079 αἰώνιον
646 1027 704 1078 1'6
774 1026 1156 1100 ἡτοιμασμένον
1219 1029 1362 1099 αὐτῷ
1420 1031 1862 1100 συμπαραπεμπέ-

252 1117 497 1171 σθωσαν.
547 1121 791 1168 Τοιοῦτον
844 1121 933 1169 καὶ
975 1118 1077 1190 γὰρ
1134 1124 1241 1177 τοῖς
1288 1122 1483 1178 τέκνοις
1544 1116 1702 1169 αὐτοῦ
1768 1117 1860 1173 θη-

254 1207 460 1276 σαυρόν
517 1204 543 1255 6
611 1208 785 1276 πατὴρ
848 1204 1015 1258 αὐτῶν
1081 1203 1479 1278 ἐθησαυρίασεν·
1552 1207 1681 1258 ὅπου
1760 1212 1858 1256 τῶν

250 1292 543 1366 θησαυρῶν
603 1292 773 1345 αὐτῶν
840 1293 1159 1365 εὑρήσουσιν
1231 1294 1493 1367 ἄνθρακας
1562 1292 1859 1367 έκπυρίξον-

248 1399 371 1450 τας,
422 1385 513 1433 καὶ
553 1382 581 1432 6
610 1379 951 1455 ἀντιχριστος
989 1385 1056 1435 τά
1096 1390 1188 1435 τοῦ
1234 1390 1469 1454 Χριστοῦ
1521 1380 1858 1456 ἱεροσυλήσας

249 1474 379 1544 περὶ
430 1478 531 1522 τῶν
579 1470 740 1522 αὐτοῦ
789 1470 976 1541 λεγέτω
1023 1473 1290 1543 μαθητῶνσ
1356 1471 1518 1536 Θελω,
1588 1472 1671 1523 ενα
1728 1472 1856 1523 ὅπου

252 1558 366 1630 εἰμὶ
398 1557 519 1629 ἐγὼ,
552 1563 642 1610 καὶ
687 1559 836 1612 αὐτοὶ
883 1560 984 1613 ὦσι
1018 1560 1127 1631 μετ’
1160 1559 1304 1632 ἐμοῦ.
1336 1564 1436 1614 Καὶ
1466 1562 1491 1611 ό
1537 1562 1721 1631 ἄρχων
1765 1566 1857 1610 τοῦ

252 1651 481 1708 σκότους
509 1650 637 1719 μετὰ
684 1656 779 1710 τῆς
819 1647 1009 1710 τάξεως
1054 1648 1216 1701 αὐτοῦ
1259 1652 1390 1722 πρὸς
1425 1652 1508 1701 τόν
1532 1646 1670 1701 ’ίδιον
1700 1653 1856 1701 τόπον

1591 278 1869 338 CONTRA
1903 278 2323 342 Βοαοιίιιοε.

1892 405 1939 459 Α
2044 407 2181 462 Haec
2200 406 2349 464 dum
2384 407 2775 466 audacissimi
2813 408 3106 466 adversus
3147 411 3621 481 omnipotentem

1974 493 2268 552 Christum
2280 494 2628 569 blasphemo
2639 513 2742 555 ore
2752 498 3331 567 evomunt,egregios
3346 496 3622 554 Christia—

1970 597 2081 637 nos
2097 583 2325 656 seipsos
2350 586 2871 657 appellitant,cum
2890 602 3099 643 revera
3121 587 3239 642 sint
3258 585 3617 642 Antichristi.

1970 672 2112 727 Rem
2144 673 2313 729 enim,
2332 675 2669 731 Antichristi
2700 681 2757 732 et
2784 676 3014 745 legatos
3035 676 3167 745 ejus
3207 678 3415 746 agunt,
3445 674 3621 746 eique

1973 759 2084 815 soli
2106 762 2384 831 serviunt,
2410 769 2464 818 et
2486 764 2547 821 in
2565 764 2695 837 ipso
2727 779 2864 837 spes
2886 779 3029 819 suas
3056 762 3347 835 repositas
3375 761 3618 817 habent.

1973 847 2087 905 Sed
2114 848 2334 905 abeant
2351 850 2444 907 isti
2472 851 2802 909 desertores
2818 868 2955 908 cum
2977 852 3253 908 daemone
3274 866 3443 923 asque
3476 864 3621 921 apo-

1969 938 2276 1007 stata,etin
2289 939 2489 1010 ignem
2506 946 2798 999 aeternum
2816 942 2936 1014 ipsi
2948 946 3222 1013 paratum
3248 938 3617 1009 ablegentur.

1967 1025 2163 1082 Talem
2179 1027 2338 1083 enim
2355 1028 2492 1085 ﬁliis
2503 1030 2626 1085 suis
2642 1030 2988 1089 thesaurum
3007 1036 3175 1102 pater
3202 1029 3472 1101 ipsorum
3497 1027 3619 1084 the-

1970 1114 2200 1170 sauriza
2212 1115 2309 1181 vit,
2344 1117 2761 1175 thesaurorum
2787 1136 3035 1176 suorum
3065 1118 3359 1175 carbones
3396 1117 3618 1186 ignitos

1964 1204 2279 1274 reperient.
2313 1204 2380 1260 Et
2397 1206 2790 1263 Antichristus
2805 1224 2879 1265 ea
2898 1224 3036 1280 quae
3059 1208 3265 1263 Christi
3288 1210 3444 1269 sunt.
3480 1205 3617 1260 sub-

1964 1288 2159 1361 legere
2174 1293 2379 1350 solitus
2390 1295 2464 1351 de
2476 1296 2599 1353 suis
2610 1296 2816 1354 itidem
2832 1298 3136 1370 discipulis
3152 1297 3311 1353 dicat
3333 1314 3345 1351 :
3367 1296 3528 1356 Volo.
3553 1297 3620 1350 ut

1966 1379 2069 1435 ubi
2083 1396 2195 1449 ego
2213 1384 2556 1455 sum,etipsi
2572 1384 2690 1440 sint
2701 1388 3037 1441 mecum.Et
3046 1384 3326 1457 princeps
3342 1382 3614 1439 tenebra-

1966 1484 2100 1523 rum
2130 1486 2268 1525 cum
2300 1472 2542 1528 cohorte
2569 1489 2679 1528 sua
2699 1474 2778 1528 ad
2809 1474 3115 1546 proprium
3146 1473 3345 1528 locum
3373 1473 3618 1527 descen—

1964 1556 2087 1613 dat.
2104 1560 2221 1619 Nos
2238 1574 2398 1625 vero,
2412 1560 2727 1618 hereditas
2744 1562 2866 1619 veri
2883 1563 2985 1619 Dei
3001 1561 3317 1634 peculiaris
3337 1566 3392 1616 et
3407 1560 3615 1625 electa,

1964 1661 2153 1718 quam
2178 1663 2353 1703 cruce
2382 1649 2717 1722 acquisivit.
2742 1651 3108 1723 proprioque
3133 1648 3425 1719 sanguine
3453 1647 3617 1714 emit,

252 1737 726 1809 συγκατερχέσθω.
785 1734 959 1808 Ἡμεῖς
1034 1732 1114 1805 δε,
1173 1739 1203 1795 ἠ
1255 1736 1572 1810 κληρονομία
1621 1736 1857 1811 Χριστοῦ

1970 1733 2172 1789 adeste
2192 1734 2537 1805 adoremus,
2569 1742 2625 1794 et
2646 1738 3011 1795 accedamus
3030 1738 3107 1795 ad
3129 1738 3325 1810 ipsam
3355 1750 3616 1801 crucem,

248 1834 345 1877 τοῦ
397 1824 645 1882 ἀληθινοῦ
691 1831 827 1877 Θεοῦ
874 1826 903 1876 ὑ
951 1828 1270 1899 περιούσιος,
1317 1826 1378 1885 ἣν
1426 1823 1520 1879 διά
1565 1833 1656 1879 τοῦ
1705 1845 1857 1879 σταυ-

246 1921 348 1985 ροῦ
386 1918 811 1988 περιεποιήσατο,
858 1918 949 1966 καὶ
991 1922 1066 1984 τῷ
1122 1910 1243 1986 ἰδίῳ
1292 1914 1601 1988 έξηγόρασεν
1649 1917 1856 1987 αῖματι,

250 1997 411 2054 δεῦτε
461 1992 930 2075 προσκυνωσωμεν,
990 2008 1082 2056 καὶ
1144 2008 1519 2075 προσπέσωμεν
1570 2003 1731 2057 αὐτοῦ
1785 2010 1858 2073 τῷ

580 2095 669 2143 καὶ
753 2093 803 2143 οἱ
874 2090 1211 2166 πολυτρόπως
1290 2092 1702 2166 εὐεργετηθέντες
1782 2088 1858 2144 δι’

1172 2182 1601 2252 έγκωμιάσωμεν,
1679 2180 1857 2253 θρόνον

246 2266 487 2338 λέγοντες
545 2266 698 2317 αὐτόν
755 2274 847 2319 τοῦ
897 2275 1052 2334 Θεοῦ,
1104 2267 1153 2321 ἓν
1183 2270 1223 2340 ᾧ
1282 2267 1477 2332 ἀναϐἀς
1526 2277 1599 2340 τῷ
1650 2272 1854 2340 κόσμῳ,

247 2358 341 2405 καὶ
398 2357 456 2405 τὸ
522 2358 722 2427 κόσμου
786 2359 1014 2429 τυράννῳ
1074 2362 1249 2432 κρίσιν
1302 2362 1575 2415 πεποίηκε’
1634 2360 1724 2409 καὶ
1770 2359 1856 2409 τόν

250 2097 497 2160 σταυρῷ,

249 2177 420 2229 αὐτοῦ
493 2177 840 2250 πολυωνύμως
914 2186 1094 2232 τοῦτον

1965 1828 2023 1879 et
2051 1823 2155 1894 qui
2187 1824 2351 1880 varia
2384 1824 2464 1881 ab
2495 1822 2598 1881 illa
2650 1826 2946 1883 beneﬁcia
3010 1827 3376 1899 accepimus,
3437 1823 3618 1879 variis

1963 1909 2169 1966 itidem
2191 1911 2537 1969 nominibus
2558 1914 2837 1970 eamdem
2860 1914 3251 1971 celebremus.
3309 1912 3617 1969 Thronum

1964 1996 2128 2054 illam
2161 2000 2262 2054 Dei
2290 2000 2695 2070 nominemus,
2725 2003 2785 2059 in
2815 2018 2997 2075 quem
3026 2002 3359 2060 ascendens
3387 2000 3618 2057 mundo

1967 2086 2296 2160 mundique
2336 2092 2593 2161 tyranno
2615 2090 2912 2161 judicium
2952 2091 3182 2159 indixit,
3218 2095 3277 2146 et
3315 2088 3617 2146 mundum

1963 2174 2211 2247 quidem
2236 2192 2303 2232 ex
2324 2179 2644 2250 tyrannide
2665 2178 2940 2237 liberavit
2957 2184 3015 2236 et
3049 2174 3645 2243 servavit,condem-~

1963 2269 2173 2320 natum
2192 2280 2336 2321 vero
2352 2271 2409 2322 et
2421 2266 2739 2324 confusum
2753 2268 2922 2339 ejecit
2934 2285 3072 2325 cum
3091 2266 3442 2324 satellitibus
3469 2264 3615 2326 suis.

1965 2358 2021 2408 et
2049 2353 2322 2421 deposuit
2344 2359 2609 2424 potentes
2624 2357 2696 2412 de
2709 2357 2865 2423 sede,
2886 2362 2941 2414 et
2957 2357 3247 2414 exultavit
3282 2355 3535 2412 humiles
3546 2352 3616 2412 ⁵⁸.

247 2445 344 2515 μὲν
389 2448 587 2514 κόσμον
615 2451 713 2505 τῆς
747 2440 1055 2520 τυραννίδος
1082 2444 1344 2510 ἀπήλλαξε
1373 2451 1463 2498 καὶ
1486 2442 1729 2511 διέσωσε,
1760 2448 1849 2498 τὸν
1879 2441 1938 2498 δε
1966 2447 2394 2515 κατακεκριμένον
2431 2449 2521 2497 καὶ
2551 2450 3014 2519 κατῃσχυμμένον,
3040 2446 3135 2509 ἔξω
3164 2442 3439 2501 ἐκϐέϐληκε
3489 2442 3621 2516 μετά

247 2539 355 2584 τῶν
390 2527 691 2606 δορυφόρων
713 2533 894 2600 αὐτοῦ,
922 2539 1013 2587 καὶ
1037 2535 1251 2588 καθεῖλα
1280 2532 1542 2595 δυνάστας
1577 2534 1681 2587 ἀπὸ
1713 2536 1917 2609 θρόνου,
1948 2534 2038 2583 καὶ
2066 2528 2247 2601 ὕψωσε
2272 2535 2549 2594 τακεινούς.

328 2625 436 2673 Καὶ
482 2621 509 2672 6
691 2618 952 2692 διάϐολος,
993 2630 1090 2685 τῆς
1126 2624 1288 2677 πάλαι
1352 2619 1515 2688 δόξης
1568 2622 1856 2677 ἀπωπεσὼν

250 2704 353 2761 διὰ
398 2713 495 2766 τὴν
542 2712 760 2785 ἔπαρσιν
803 2711 859 2774 ἐξ
905 2711 1126 2787 οὐρανοῦ
1177 2711 1261 2765 ἐπὶ
1311 2715 1404 2776 τὰς
1459 2712 1686 2787 νεφελας,
1744 2712 1856 2766 κατ’

246 2795 623 2871 ἀνοιποδισμὸν
698 2802 924 2853 κάτεισι·
986 2803 1165 2859 θήσειν
1228 2804 1328 2876 γὰρ
1392 2802 1470 2855 ἐπ’
1537 2802 1705 2856 αὐτῶν
1769 2805 1858 2855 τόν

249 2888 439 2959 θρόνον
506 2886 664 2940 αὐτοῦ
748 2887 1084 2962 βουλόμενον,
1168 2891 1490 2945 ὑπετόπασεν
1576 2891 1677 2946 ἀπὸ
1757 2900 1857 2944 τῶν

246 2974 471 3048 νεφελῶν
519 2976 601 3029 έπὶ
652 2982 746 3035 τήν
774 2986 892 3049 γῆν,
924 2978 986 3037 ἢν
1014 2984 1104 3031 καὶ
1146 2977 1420 3052 ἐξαλείφειν
1451 2981 1856 3045 ήλαζονεύσατο,

247 3062 362 3115 ἀπὸ
410 3072 504 3126 τῆς
556 3072 658 3137 γῆς
704 3065 776 3128 εἰς
816 3069 905 3119 τόν
960 3068 1238 3142 τάρταρον·
1296 3076 1498 3142 Σειραῖς
1548 3072 1647 3144 γὰρ
1698 3069 1858 3140 ζόφου

246 3159 596 3227 ταρταρώσας

250 3243 414 3314 ἡμεῖς
470 3237 530 3296 δε
588 3242 705 3295 ὅσοι
759 3240 855 3296 διά
904 3251 994 3297 τοῦ
1053 3253 1285 3320 σταυροῦ
1344 3248 1675 3319 σισὼσμεθα,
1727 3246 1860 3298 κατά

249 3325 630 3404 προποδισμόν
701 3337 792 3384 καὶ
856 3337 1126 3408 προκοπήν
1193 3331 1565 3408 ἀνατρέχομεν·
1638 3334 1695 3389 Ei
1757 3336 1855 3409 γὰρ

252 3421 354 3469 καὶ
397 3421 644 3493 πρότερον
696 3421 1155 3485 ὑποσκελισθέντες
1206 3430 1279 3493 τῷ
1331 3431 1542 3496 πονηρῷ
1596 3421 1859 3495 ἀντιπάλῳ

254 3510 353 3559 καὶ
402 3503 597 3582 δολερῷ
646 3513 835 3584 μέχρις
893 3506 1029 3580 ᾅδου
1090 3513 1527 3584 κατενηνέγμεθα,
1586 3510 1713 3564 ἀλλά
1770 3519 1857 3563 νῦν

256 3588 359 3647 διὰ
382 3603 475 3647 τοῦ
530 3605 760 3672 σταυροῦ
789 3600 843 3650 ἑκ
889 3605 982 3669 γῆς
1035 3602 1166 3672 πρός
1215 3599 1430 3674 οὐρανόν
1485 3598 1855 3674 ἀνατρέχομεν.

255 3689 365 3737 Καὶ
398 3704 492 3757 μοι
539 3681 630 3737 διὰ
663 3693 827 3738 ταῦτα
854 3691 945 3739 καὶ
984 3687 1051 3748 εἰς
1089 3688 1321 3760 κλίμακα
1348 3690 1549 3761 θεωρεῖν
1580 3687 1859 3762 ἐπέρχεται

252 3776 348 3824 τὸν
409 3776 654 3846 σταυρόν,
732 3774 783 3825 ἄν
945 3780 1034 3827 καὶ
1120 3774 1374 3839 ἀνάϐασις
1460 3783 1693 3850 φαίνεται
1770 3786 1860 3834 καὶ

252 3860 571 3923 κατάϐασις.
630 3861 993 3916 Ἀναϐαίνουσι
1058 3868 1154 3937 μὲκ
1180 3868 1279 3941 γὰρ
1332 3865 1426 3928 ἓως
1476 3874 1576 3918 τῶν
1632 3867 1859 3939 οὐρανῶν

253 3951 303 4002 οἱ
354 3950 640 4023 ἄνθρωποι·
697 3950 1076 4005 καταϐαίνουσι
1126 3949 1185 4006 δὲ
1227 3955 1320 4015 ἕως
1368 3955 1465 4007 τῶν
1514 3953 1759 4008 ἀϐύσσων
1812 3958 1861 4009 οἱ

199 4028 227 4053 ’
254 4035 524 4111 δαίμονες.
565 4044 833 4113 Σκῆπτρόν
879 4039 993 4094 έστι
1023 4040 1301 4114 βασιλικόν
1347 4044 1372 4094 6
1404 4046 1627 4117 σταυρὸς
1669 4052 1778 4106 τοῖς
1808 4042 1862 4108 ἐξ

254 4123 437 4201 Ἀδὰμ
518 4132 684 4201 μέχρι
762 4128 1051 4192 συντελείας
1130 4129 1421 4203 ἀνθρώποις
1506 4130 1856 4206 περίϐλεπτον,

255 4221 351 4269 καὶ
426 4217 606 4279 αὐτοῖς
680 4215 957 4292 αἰδέσιμον
1034 4226 1139 4280 τοῖς
1202 4218 1461 4290 ἀγγελοις.
1543 4226 1670 4273 Τότε
1732 4224 1855 4293 γὰρ,

259 4311 416 4379 φησὶ,
479 4311 767 4379 φανήσεται
821 4311 880 4359 τό
949 4314 1161 4380 σημεῖον
1226 4314 1316 4359 τοῦ
1389 4314 1513 4360 Υιοᾶ
1588 4306 1859 4382 ἀνθρώπου

262 4392 313 4447 ἓν
377 4404 450 4466 τῷ
509 4395 730 4468 οὐρανῷ,
779 4401 869 4448 καὶ
916 4400 1032 4448 τότε
1083 4396 1337 4466 κόψονται
1384 4402 1553 4448 πᾶσαι
1605 4400 1659 4449 αἱ
1706 4397 1860 4467 φυλαὶ

263 4486 358 4546 τῆς
392 4492 513 4555 γῆς,
556 4486 678 4537 ὅσαι
728 4478 939 4544 δηλαδή
982 4488 1056 4557 μή
1112 4493 1203 4547 τῆς
1241 4484 1402 4546 αὐτῆς
1448 4490 1669 4546 πίστεως
1705 4486 1862 4539 οὖσαι

266 4580 337 4643 τῷ
372 4571 609 4647 Ἀϐραάμ
652 4574 747 4624 οὐκ
789 4572 1192 4643 ἠγαλλιάσαντο,
1236 4569 1365 4625 ἰδεῖν
1407 4578 1501 4631 τήν
1540 4575 1735 4646 ἡμέραν
1773 4582 1863 4627 τοῦ

266 4662 463 4721 πάθους
510 4661 689 4727 αὐτοῦ,
724 4660 753 4719 ἡ
805 4667 895 4714 καὶ
945 4656 1158 4714 ἰδοῦσαι
1210 4660 1304 4713 οὐκ
1357 4660 1630 4736 ἐχάρησαν
1663 4662 1747 4715 ἐπὶ
1798 4670 1859 4735 τῇ

268 4746 398 4823 δόξῃ
453 4749 634 4802 αὐτοῦ·
689 4747 881 4822 μᾶλλον
943 4745 1002 4801 δε
1049 4753 1137 4801 καὶ
1198 4751 1429 4824 θρασέως
1480 4749 1737 4813 ἀντεῖπον,
1789 4750 1863 4802 Οὐ

271 4838 474 4909 θελομεν
502 4845 681 4890 τοῦτον
713 4835 1028 4910 βασιλεῦσαι
1056 4835 1130 4909 ἐφ’
1162 4839 1322 4909 ἡμᾶς.

338 4930 738 5001 Θυσιαστήριόν
803 4925 944 4979 ἔστιν
1009 4927 1035 4977 6
1098 4931 1339 4999 σταυρὸς.
1397 4927 1485 4980 Ἐν
1552 4926 1692 4998 αὐτῷ
1761 4930 1864 5002 γὰρ

267 5017 420 5073 ἐτύθη
448 5016 476 5067 6
521 5012 678 5086 ἀμνὸς
724 5021 814 5067 τοῦ
855 5021 1009 5079 Θεοῦ,
1050 5016 1076 5066 6
1125 5016 1283 5089 αἴρων
1325 5019 1417 5074 τήν
1463 5013 1720 5090 ἁμαρτίαν
1772 5024 1863 5067 τοῦ

267 5108 488 5177 κόσμου,
546 5108 637 5155 καὶ
682 5111 745 5175 τῇ
809 5105 1172 5175 θεοῦποστάτῳ
1224 5109 1381 5177 σαρκὶ
1432 5109 1623 5174 καὶτῷ
1659 5104 1863 5179 θεορρύ-

266 5211 335 5265 τῳ
389 5190 575 5264 αἱματι
629 5190 873 5252 όλοτελῶς
933 5188 1315 5262 καθηγίαστάι.
1371 5192 1564 5253 Μεῖζον
1621 5194 1723 5266 γὰρ
1790 5191 1863 5245 ἇν-

267 5283 431 5334 ταύθα
488 5284 548 5333 τὸ
610 5277 779 5353 δῶρον
840 5286 933 5333 τοῦ
1001 5281 1403 5355 θυσιαστηρίου,
1468 5285 1558 5333 καὶ
1614 5280 1714 5332 ὑπὸ
1771 5289 1864 5333 τοῦ

271 5366 440 5445 δώρου
483 5372 542 5421 τὸ
599 5371 978 5441 θυσιαστήριον
1023 5370 1424 5440 καθαγιάζεται.
1460 5368 1597 5428 Πλὴν
1644 5368 1732 5420 οὖν
1773 5374 1864 5422 καὶ

340 5549 387 5583 ’⁸
417 5548 555 5648 μισ.
585 5562 628 5637 r,
660 5549 746 5603 52.
778 5548 827 5583 ³⁸
856 5549 905 5645 li
930 5548 1170 5641 Petr.‘u,
1287 5546 1336 5583 ¹⁶
1364 5545 1567 5604 Matth.
1600 5562 1755 5615 xm,
1790 5548 1881 5640 30.

2034 2621 2099 2675 Et
2122 2618 2404 2677 diabolus
2427 2621 2674 2695 quidem
2705 2637 2779 2679 ex
2822 2622 3074 2695 antiqua
3136 2620 3330 2693 gloria
3379 2618 3619 2689 excidit,

1962 2722 2033 2763 eo
2062 2709 2222 2780 quod
2252 2724 2326 2764 ex
2355 2710 2505 2766 cmlo
2538 2726 2723 2783 supra
2755 2710 2947 2767 nubes
2973 2726 3102 2767 sese
3124 2709 3442 2767 sublevare
3461 2708 3623 2778 cogi-

1962 2796 2099 2853 tarit
2125 2815 2139 2863 ;
2167 2803 2568 2872 revocatoque
2598 2799 2775 2873 quasi
2796 2799 2993 2870 gradu
3018 2798 3348 2856 descendit.
3391 2797 3617 2853 Vcien-

1967 2890 2084 2941 tem
2112 2885 2272 2943 enim
2304 2886 2363 2943 in
2394 2887 2662 2944 nubibus
2694 2888 2976 2945 thronum
2993 2904 3167 2944 suum
3195 2887 3488 2944 collocare
3518 2885 3616 2941 de-

1965 2972 2221 3030 turbavit
2259 2991 2291 3030 e
2319 2975 2584 3031 nubibus
2609 2976 2672 3033 in
2699 2981 2940 3042 terram,
2961 2991 3148 3048 quam
3168 2991 3231 3032 se
3261 2974 3441 3032 etiam
3461 2972 3617 3029 dele-

1964 3065 2164 3118 turum
2188 3063 2543 3133 jactavcrat,
2569 3069 2627 3119 et
2655 3079 2725 3119 ex
2749 3069 2904 3122 terra
2925 3065 2987 3121 in
3014 3068 3276 3121 tartara:
3324 3060 3615 3119 [ludenti-

696 3151 997 3229 παρέδωκεν
1085 3155 1177 3219 -εἰς
1266 3163 1438 3231 κρίσιν
1522 3134 1854 3233 τηρΙούμενονο

1970 3134 2073 3206 bus
2099 3152 2253 3207 enim
2288 3153 2570 3221 caliginis
2582 3151 2645 3208 in
2659 3158 2900 3210 tartara
2921 3151 3244 3209 detractum
3266 3149 3523 3207 tradidit
3552 3150 3616 3203 in

1965 3239 2257 3307 iudicium
2289 3242 2584 3299 reservari
2608 3243 2655 3277 ³⁵
2684 3244 2835 3298 .Nos
2864 3257 3024 3308 vero,
3056 3240 3163 3314 qni
3214 3255 3321 3314 per
3374 3253 3616 3295 cruccm

1968 3326 2179 3384 salvati
2205 3344 2435 3399 sumus,
2457 3344 2781 3402 progressu
2808 3334 2867 3386 et
2911 3329 3179 3403 profectu
3203 3343 3443 3385 sursum
3489 3331 3615 3382 ten-

1966 3413 2187 3473 dimus.
2222 3416 2373 3474 Licet
2395 3419 2557 3477 enim
2576 3418 2743 3491 prius
2771 3416 3119 3475 subnervati
3173 3422 3230 3474 et
3253 3416 3533 3491 prostrati
3579 3429 3619 3472 a

1965 3501 2233 3574 maligno
2267 3512 2323 3561 et
2379 3504 2592 3563 doloso
2637 3505 2982 3563 adversario
3032 3505 3114 3563 ad
3158 3504 3380 3562 inferos
3428 3520 3617 3578 usque

1966 3588 2479 3664 descenderimus,
2506 3600 2565 3653 at
2586 3610 2748 3651 nunc
2777 3610 2964 3668 opera
2984 3595 3179 3652 crucis
3227 3611 3299 3650 ex
3348 3592 3505 3650 terra
3555 3593 3616 3649 in

1966 3679 2174 3736 ccelum
2193 3697 2385 3755 usque
2399 3684 2807 3741 sublevamur.
2822 3684 3041 3740 Horum
3053 3683 3247 3757 gratia
3258 3682 3434 3739 scala:
3445 3682 3618 3739 etiam

1967 3768 2413 3828 similitudinem
2462 3772 2610 3829 mihi
2629 3789 2774 3830 crux
2795 3773 3018 3830 habere
3038 3772 3293 3840 videtur,
3323 3772 3385 3828 in
3413 3786 3537 3842 qua
3563 3774 3622 3827 et

1966 3876 2251 3921 ascensus
2271 3866 2329 3917 et
2356 3860 2684 3918 descensus
2708 3863 2984 3918 cernitur.
3008 3861 3353 3918 Ascendunt
3372 3858 3619 3932 quidem

1966 3966 2158 4026 usque
2187 3949 2267 4006 ad
2294 3949 2480 4006 crelos
2520 3950 2819 4020 homines,
2869 3949 3245 4006 descendunt
3294 3961 3487 4019 usque
3539 3944 3616 4001 ad

1968 4040 2261 4112 abyssum
2290 4038 2616 4095 daemones.
2654 4038 2902 4108 Regium
2957 4043 3262 4109 sceptrum
3311 4050 3459 4091 crux
3508 4036 3616 4099 est,

1966 4127 2179 4184 Adami
2192 4127 2443 4199 posteris
2462 4120 2654 4198 usque
2671 4127 2747 4182 ad
2760 4125 2944 4181 ﬁnem
2978 4124 3178 4181 seculi
3190 4121 3614 4180 admirandum

1967 4221 2025 4271 et
2074 4214 2488 4285 conspicuum,
2544 4213 2813 4286 ipsisque
2878 4213 3107 4283 angelis
3200 4209 3619 4267 reverendum.

1971 4304 2134 4359 Tunc
2161 4303 2565 4375 enim,inquit,
2585 4302 2819 4371 parebit
2842 4304 3079 4374 signum
3105 4301 3251 4357 Filii
3274 4299 3525 4356 hominis
3552 4298 3617 4352 in

1969 4394 2135 4457 caelo,
2160 4398 2212 4449 et
2228 4393 2521 4462 plangent
2542 4407 2740 4449 omnes
2762 4392 2953 4447 tribus
2973 4396 3149 4447 terra
3170 4392 3238 4455 ⁵⁸,
3261 4404 3395 4461 quas
3418 4385 3619 4443 videli-

1891 4487 1936 4541 D
1970 4481 2268 4550 cet,ﬁdem
2296 4481 2624 4537 Abrahami
2648 4496 2768 4536 non
2790 4479 3266 4552 complexmmon
3284 4477 3620 4533 exsultave-

1970 4575 2109 4626 runt
2134 4570 2333 4626 videre
2359 4569 2522 4626 diem
2554 4568 2855 4641 passionis
2885 4568 3034 4639 ejus,
3065 4568 3158 4624 vel
3215 4567 3267 4623 si
3319 4564 3616 4627 viderunt,

1972 4674 2094 4715 non
2125 4659 2349 4728 gavisae
2375 4663 2512 4714 sunt
2533 4657 2612 4713 ob
2625 4656 2876 4727 gloriam
2904 4657 3053 4728 ejus,
3066 4656 3212 4728 quin
3224 4654 3422 4728 potius
3434 4651 3618 4709 auda-

1972 4753 2094 4803 cter
2124 4746 2631 4803 contradixerunt:
2658 4748 2941 4802 Nolumus
2963 4744 3123 4801 hunc
3149 4757 3407 4814 regnare
3440 4755 3620 4810 super

1971 4850 2079 4889 nos
2113 4836 2180 4886 ιτ.

2042 4922 2238 4979 Altare
2290 4924 2380 4978 est
2426 4938 2592 4978 crux.
2649 4926 2713 4978 ln
2739 4922 2874 4994 ipsa
2936 4921 3096 4977 enim
3127 4917 3494 4976 sacriﬁcatus
3524 4921 3619 4973 est

1973 5018 2179 5082 Agnus
2210 5011 2327 5078 Dei,
2356 5013 2459 5084 qui
2482 5012 2632 5067 tollit
2662 5017 2974 5084 peccatum
3010 5009 3244 5078 mundi,
3266 5015 3323 5065 et
3347 5024 3527 5065 carne
3558 5008 3620 5065 in

1971 5103 2091 5158 Deo
2111 5100 2488 5168 subsistente,
2514 5110 2572 5156 et
2607 5100 2812 5156 divino
2856 5099 3148 5171 sanguine
3202 5102 3619 5155 consecratum

1973 5190 2320 5261 est;majus
2359 5193 2520 5244 enim
2564 5188 2625 5245 in
2679 5190 2985 5262 proposito
3031 5203 3255 5247 munus
3294 5191 3385 5244 est
3430 5203 3619 5260 quam

1972 5279 2177 5346 altare,
2210 5283 2267 5333 et
2291 5294 2327 5333 a
2353 5292 2602 5333 munere
2632 5276 2817 5333 altare
2837 5277 3039 5349 ipsum
3061 5276 3481 5334 sanctiﬁcatur.
3501 5277 3618 5330 Cae-

1972 5373 2168 5425 terum
2193 5373 2251 5424 et
2278 5368 2383 5441 qui
2408 5367 2471 5424 in
2500 5365 2615 5424 hoc
2640 5367 2831 5424 crucis
2862 5366 3030 5451 altari
3053 5366 3235 5455 jurat,
3270 5365 3434 5437 jurat
3460 5378 3615 5437 quo:

1902 5546 1949 5618 "_'
1981 5545 2125 5602 Luc.
2155 5560 2276 5636 nux,
2309 5545 2395 5601 14.
