4096 6208
479 266 586 322 639
1650 259 1963 324 GERMANI
1989 259 2038 315 ll
2065 253 2131 314 Cl

2241 255 2667 317 ATRIARCHIE
3781 271 3878 326 6&0

480 403 601 462 que
628 387 692 446 in
718 386 958 448 viviﬁca
983 387 1308 454 illahostia,
1329 404 1467 464 quae
1503 403 1686 464 super
1714 403 1784 446 eo
1803 384 2000 461 posita
2014 385 2131 440 est:

2250 382 2444 455 ὀμόσας
2508 381 2557 436 ἰν
2621 390 2694 455 τῷ
2763 385 3124 462 θυσιαστηρίῳ
3182 387 3371 459 τούτῳ
3434 394 3514 460 τῷ
3611 403 3875 466 σταυρικῷ

480 493 627 536 nam
655 493 794 534 cum
824 493 1000 536 cruce
1028 478 1232 536 animo
1252 483 1310 537 et
1329 479 1686 550 cogitatione
1719 476 1898 535 simul
1945 473 2140 531 conci-

483 567 646 639 pitur
673 566 962 623 Christus.
995 568 1148 624 Crux
1167 567 1419 625 lectulus
1443 572 1535 626 est
1562 567 1929 636 Dominicus,
1953 577 2136 636 quem

481 669 606 710 non
635 654 940 726 lacrymis,
970 670 1138 714 more
1183 657 1445 729 Davidis,
1471 657 1579 714 sed
1628 655 1924 728 sanguine
1969 650 2132 721 lavit,

482 742 584 816 qui
619 757 690 799 ex
718 742 940 800 Davide
969 745 1303 802 secundum
1358 763 1603 804 carnem
1645 749 1994 820 procreatus
2046 745 2135 797 est

482 832 770 902 Christus,
789 849 914 891 non
937 836 1248 909 proprium
1267 837 1519 909 expians
1539 841 1873 912 peccatum,
1915 837 2134 891 natura

480 921 641 978 enim
670 938 781 979 sua
808 923 1232 984 immaculatus
1261 931 1370 997 est,
1401 926 1508 984 sed
1537 927 1848 983 destruens
1877 928 1935 980 et
1979 921 2130 978 abo-

481 1009 611 1066 lens
630 1017 947 1084 peccatum
979 1014 1193 1072 mundi
1215 1019 1428 1072 natum
1457 1015 1726 1087 exligno,
1755 1018 1812 1070 et
1839 1013 1900 1070 in
1942 1015 2128 1068 totum

482 1099 736 1156 mortale
761 1115 950 1172 genus
978 1109 1406 1177 propagatum,
1438 1104 1866 1176 dormiensque
1913 1101 1976 1157 in
2028 1097 2128 1155 illo

483 1190 924 1252 somnum,vitaa
953 1197 1010 1247 et
1037 1192 1248 1262 vigiliae
1271 1198 1508 1250 internas
1538 1207 1790 1249 causam
1819 1195 1877 1247 et
1897 1188 2128 1245 effecto-

479 1290 630 1342 rem,
656 1279 911 1335 surrexit
936 1281 1177 1353 prOpria
1199 1286 1514 1355 potestate,
1536 1283 1598 1337 in
1625 1281 1922 1338 matutino
1947 1280 2129 1334 inter-

481 1367 682 1435 ﬁciens
711 1383 908 1426 omnes
938 1378 1276 1440 peccatores
1311 1377 1488 1428 terrae
1519 1372 1588 1437 ’⁸,

555 1545 709 1610 Quin
749 1545 977 1603 honore
1016 1551 1074 1603 et
1132 1547 1296 1604 cultu
1353 1549 1604 1620 dignum
1643 1561 1804 1604 nunc
1845 1543 2127 1601 lectulum

483 1634 743 1702 invenio,
771 1635 1019 1707 ejusque
1039 1637 1122 1692 rei
1151 1641 1360 1693 testem
1390 1636 1470 1692 do
1495 1637 1732 1698 Isaiam,
1755 1633 1857 1708 qui
1892 1633 2126 1689 disertis

485 1723 680 1780 verbis
709 1723 982 1794 praedixit
1013 1726 1131 1780 :Et
1157 1727 1268 1782 erit
1299 1728 1528 1798 requies
1554 1728 1682 1796 ejus
1716 1725 1899 1780 honos
1932 1725 2003 1780 ³³.
2026 1724 2129 1777 Re-
2159 1737 2198 1790 Β

483 1813 655 1885 quies
705 1813 1060 1886 appellatur,
1111 1815 1258 1887 quia
1312 1815 1804 1889 peregrinationis
1853 1811 2027 1870 labor
2072 1815 2130 1868 et

482 1901 686 1969 sudor,
719 1906 776 1958 et
805 1902 934 1960 alite
965 1905 1266 1962 naturales
1293 1910 1349 1962 et
1375 1903 1854 1962 indetrectabiles
1896 1902 2128 1976 passio-

481 2007 590 2048 nes
607 1991 1012 2049 etaffectiones
1027 2009 1320 2050 concessu
1336 1994 1688 2064 divinitatis,
1707 1991 1954 2066 quando
1970 2007 2125 2064 opus

482 2086 628 2154 erat,
655 2087 973 2140 commota:
1003 2089 1060 2140 et
1081 2084 1390 2141 concitatas
1410 2085 1471 2140 in
1491 2084 1760 2140 humana
1781 2081 1991 2140 Christi
2019 2095 2128 2136 na-

480 2173 615 2228 tura
643 2187 832 2244 usque
863 2172 942 2228 ad
967 2173 1157 2229 crucis
1188 2172 1549 2246 supplicium
1583 2173 1694 2239 ;de
1725 2177 1939 2229 caetero
1978 2185 2126 2226 con-

482 2260 690 2332 sopitte
721 2266 875 2326 sunt,
915 2262 1246 2334 Christique
1295 2267 1483 2319 morte
1546 2267 1815 2324 mortuas.
1871 2263 2019 2318 Nam
2078 2258 2126 2315 si

480 2349 728 2421 quando
757 2355 896 2422 post
924 2353 1418 2408 resurrectionem
1447 2351 1649 2424 aliquo
1702 2351 1820 2417 ivit,
1869 2350 1970 2406 itio
2027 2347 2126 2405 illa

483 2453 666 2509 supra
695 2445 999 2509 naturam,
1031 2445 1088 2496 et
1129 2440 1308 2508 plane
1353 2440 1713 2497 admiranda
1759 2439 1867 2496 fuit
1912 2454 2126 2511 quem—

481 2526 818 2582 admodum
847 2543 1004 2585 nova
1029 2528 1235 2585 itidem
1258 2528 1367 2585 fuit
1396 2528 1807 2584 manducandi
1832 2528 1930 2583 illa
1947 2527 2122 2583 actio.

483 2615 615 2671 Dies
636 2630 734 2670 me
758 2615 1016 2686 deﬁciat,
1039 2616 1088 2672 si
1107 2616 1313 2673 omnia
1332 2617 1583 2674 viviﬁcae
1604 2618 1794 2674 crucis
1832 2617 2127 2673 miracula

481 2705 759 2778 persequi
782 2705 980 2761 velim.

555 2795 620 2848 In
658 2793 857 2850 Rubro
887 2794 1038 2850 mari
1067 2809 1212 2850 crux
1245 2794 1676 2863 adumbratur;
1719 2799 1962 2867 eratque
2011 2793 2127 2850 hoc

483 2882 968 2955 prmsigniﬁcatio
994 2889 1050 2939 et
1075 2883 1521 2956 praedelineatio
1543 2885 1670 2955 ejus
1699 2884 1958 2952 ruboris,
2025 2883 2130 2955 qui

483 2971 537 3026 ei
567 2975 775 3042 postea
803 2987 909 3044 per
929 2971 1162 3028 Domini
1183 2973 1541 3043 sanguinem
1561 2977 1648 3029 est
1667 2972 1844 3028 illitus
1866 2975 1932 3028 ³ο.
1960 2977 2133 3029 Ama-

2246 470 2422 544 ὀμνύει
2479 471 2527 524 ἄν
2580 473 2741 544 αὐτῷ,
2788 478 2879 527 καὶ
2934 472 2982 526 ἓν
3031 483 3106 546 τῷ
3162 477 3349 529 ἑποὲνω
3407 476 3580 530 αὐτοῦ
3643 479 3874 555 ζωοποίῷ

2247 561 2455 633 θύματι.
2503 569 2588 632 Τῷ
2633 565 2732 638 7&9
2791 571 3002 636 σταυρῷ
3059 572 3425 618 συνεννοεῖται
3498 570 3591 619 καὶ
3650 569 3676 620 ὁ
3725 591 3872 624 σταν.

2240 651 2441 723 ρωθείς.
2497 649 2653 708 Κλίνη
2708 650 2818 704 ἐστὶ
2873 657 3160 711 Δεσποτική
3213 655 3244 706 ὁ
3311 659 3586 728 σταυρὸς,
3645 660 3708 716 ἦν
3754 659 3871 732 οὐχὶ

2243 735 2495 813 δάκρυσι,
2545 744 2678 793 κατὰ
2723 744 2810 794 τὸν
2859 739 3044 808 Δαυίδ,
3091 741 3198 795 ἀλλ’
3227 745 3475 816 αἰμασιν
3527 743 3739 800 ἔλουσεν
3768 750 3792 800 ὁ
3821 748 3870 803 ἐκ

2241 825 2408 882 Δαυῖδ
2463 832 2522 882 τὸ
2573 831 2710 882 κατᾶ
2779 832 2950 906 σάρκα
3005 835 3268 904 Χριστὸς⁸
3351 833 3494 904 οὖχὶ
3554 838 3618 887 τὸ
3687 836 3862 890 ἑαυτοῦ

2239 916 2495 970 ἔκπλύνων
2553 917 2861 991 ἁμάρτημα,
2917 921 3053 972 κατὰ
3108 923 3271 993 φύσιν
3319 923 3435 996 γὰρ
3481 921 3630 976 ἔστιν
3674 924 3862 1000 ἄχραν-

2237 1027 2344 1074 τος,
2403 1005 2530 1059 ἁλλὰ
2571 1011 2831 1081 καταίρων
2875 1012 2971 1068 τὴν
3019 1007 3284 1083 ἁμαρτίαν
3335 1017 3446 1062 ταῦ
3505 1016 3716 1085 κόσμου
3775 1020 3860 1074 τὴν

2238 1093 2292 1148 ἐκ
2321 1102 2411 1149 τοῦ
2454 1095 2606 1158 ξύλου
2651 1094 2982 1168 ἂναφυεῖσαν,
3031 1103 3121 1151 καὶ
3169 1098 3240 1159 εἰς
3291 1099 3445 1151 ἅπαν
3499 1096 3861 1176 ἐκδραμοῦσα-ι

2237 1188 2296 1238 τὸ
2350 1188 2490 1256 γένος
2537 1188 2596 1237 τὸ
2641 1184 2900 1260 βρότειον,
2953 1191 3042 1240 καὶ
3102 1187 3361 1251 ὑπνώσας
3426 1187 3480 1241 ἒν
3542 1191 3686 1262 αὐτῷ
3751 1193 3862 1254 ζοῆς

2236 1279 2327 1326 καὶ
2365 1272 2724 1347 ἐγρηγόρσεως
2767 1275 3116 1337 αἰωνιζούσης
3155 1278 3422 1350 προξενον
3475 1278 3641 1331 ὕπνον
3675 1278 3850 1341 ἀνέστη

2237 1361 2579 1426 αὐτεξουσίως
2627 1363 2694 1424 εἰς
2736 1368 2830 1422 τὴν
2873 1367 3072 1438 πρωίαν
3117 1363 3450 1420 ἀποκτείνων
3508 1371 3710 1431 πάντας
3737 1376 3846 1434 τοὺς

2238 1450 2544 1525 ἀμαρτωλοὺ
2555 1473 2575 1514 ς
2597 1460 2659 1510 τῆ
2670 1473 2692 1514 ς
2710 1459 2775 1524 γῆ
2788 1474 2827 1516 ς.

2309 1539 2466 1594 Ἀλλὰ
2502 1547 2590 1594 καὶ
2647 1541 2975 1615 σεϐάσματος
3023 1541 3167 1607 ἀξίαν
3217 1547 3470 1620 εὑρίσκω
3525 1547 3726 1607 ταῦτην
3767 1554 3850 1608 την

2236 1628 2432 1687 κλίνην·
2509 1635 2599 1681 καὶ
2665 1633 2754 1682 τὸν
2823 1631 3052 1700 ςἮσαίαν
3117 1635 3350 1708 παράγω
3445 1655 3536 1688 σοι
3600 1638 3849 1711 μάρτυρα,

2239 1725 2339 1772 Καὶ
2403 1721 2547 1772 ἓσται
2611 1721 2640 1778 ἡ
2711 1717 3003 1782 ἀνάπαυσις
3063 1722 3222 1774 αὐτοῦ
3293 1728 3435 1796 τιμὴ
3503 1724 3626 1796 (3),
3689 1725 3849 1799 προλέ-

2235 1826 2395 1880 γοντα
2453 1815 2694 1882 φανερῶς.
2754 1808 3078 1871 Ἀνοὶπαυσις
3131 1807 3210 1877 δὲ,
3274 1813 3363 1864 ὅτι
3427 1818 3525 1864 καὶ
3577 1814 3603 1865 ὁ
3663 1811 3716 1865 ἐκ
3764 1821 3850 1874 τῆς

2236 1893 2544 1970 ὁδοιπορίας
2593 1901 2747 1958 κόπος
2795 1903 2884 1950 καὶ
2915 1900 2940 1951 ὁ
2990 1895 3170 1974 ἱδρὼς,
3201 1905 3300 1953 καὶ
3333 1900 3512 1954 τᾶλλα
3553 1903 3621 1954 τὰ
3667 1906 3849 1974 φυσικὰ

2235 1991 2324 2038 καὶ
2381 1981 2679 2043 Maestum
2725 1988 2891 2056 παθη,
2940 1986 3238 2061 ἐκχωρήσει
3299 1997 3402 2053 τῆς
3467 1992 3726 2051 θεότητος,
3775 1993 3849 2043 ὅτε

2235 2079 2324 2127 καὶ
2376 2071 2482 2128 ἔδει
2536 2081 2842 2148 κεκινημένα
2900 2075 2948 2128 ἓν
3009 2081 3066 2130 τὸ
3121 2081 3256 2130 κατὰ
3343 2083 3592 2152 Χριστὸν
3671 2078 3846 2147 ἀνθρω-

2234 2168 2364 2235 πίνῳ
2413 2168 2603 2238 μίχρις
2662 2165 2818 2217 αὐτοῦ
2891 2173 2982 2218 τοῦ
3054 2175 3313 2243 σταυροῦ·
3379 2172 3443 2221 τὸ
3514 2167 3618 2221 ἀπὸ
3703 2165 3844 2221 τοῦδε

2235 2251 2547 2324 ἀνενὲργητα
2629 2259 2992 2326 μεμενήκασι,’
3034 2260 3124 2308 καὶ
3189 2265 3252 2329 τῇ
3332 2262 3593 2331 νεκρώσει
3671 2260 3842 2309 τούτου

2237 2345 2711 2417 συνενεκρὼθησαν.
2766 2343 2827 2396 Ἢ
2879 2345 2980 2418 γὰρ
3041 2348 3169 2418 μετὰ
3214 2351 3317 2404 τὴν
3370 2345 3670 2399 ἀνάστασιν
3709 2343 3840 2398 erici-

2234 2437 2394 2507 πορία
2465 2431 2610 2505 ἑτέρα
2664 2441 2748 2500 ῆν,
2795 2434 3055 2508 ὑπερφυὴς
3105 2439 3194 2487 καὶ
3266 2432 3610 2511 παράδοξος,
3679 2439 3836 2508 ὥσπερ

2237 2517 2304 2579 δὴ
2361 2525 2451 2573 καὶ
2512 2523 2541 2580 ἡ
2605 2519 2807 2594 βρῶσις
2860 2529 3232 2596 καινοπρεπής.
3303 2524 3596 2596 Ἐπιλείψει
3647 2544 3708 2598 με
3755 2528 3834 2576 καὶ

2235 2612 2265 2668 ἡ
2318 2612 2486 2683 ἡμέρα
2525 2612 2588 2662 τὰ
2638 2612 2908 2683 θαυμάσια
2957 2608 3306 2687 διηγούμενον
3351 2621 3450 2668 τοῦ
3501 2618 3834 2687 ζωοπαρόχου

2239 2706 2487 2774 σταυροῦ.

2310 2789 2391 2842 Ἐν
2442 2788 2666 2864 Ἐρυθρᾴ
2716 2789 2950 2863 θαλάσση
3000 2791 3026 2842 ὁ
3078 2795 3308 2865 σταυρὸς
3375 2792 3702 2853 εἰκονίξεται·
3755 2793 3835 2840 καὶ

2241 2875 2302 2936 ἦν
2352 2886 2502 2930 τοῦτο
2550 2880 2914 2951 προχάραγμα
2959 2886 3051 2932 τοῦ
3099 2878 3147 2932 ἓν
3196 2889 3268 2951 τῷ
3323 2889 3628 2952 Δεσποτικῷ
3665 2883 3831 2951 αἵματι

2244 2967 2658 3041 ἐπιχρωσθέντος
2715 2967 2854 3037 αὐτῷ
2929 2970 3273 3041 ἐρυθήματος.
3355 2975 3582 3043 Πικρίαν
3647 2965 3834 3020 ὑδάτων

481 3059 803 3116 ritudinem
832 3077 1008 3133 aquae
1038 3066 1395 3118 transmutat
1422 3062 1480 3118 in
1508 3062 1907 3117 dulcedinem‘
1945 3077 2131 3134 popu-

2245 3055 2316 3116 εἰς
2370 3059 2670 3127 γλυκύτητα
2729 3063 3018 3128 μεταποιεῖ,
3083 3063 3171 3110 καὶ
3234 3061 3364 3111 λαὸν
3432 3059 3695 3116 πλανήτην
3754 3058 3832 3106 καὶ

483 3147 732 3222 lumque
759 3150 1170 3206 errabundum
1187 3155 1243 3206 et
1266 3150 1579 3223 fugitivum
1601 3151 1866 3207 viviﬁcat
1897 3151 1962 3205 ³³.
1987 3152 2133 3206 Sau-

481 3238 704 3294 ciantes
725 3242 1026 3310 serpentes
1057 3240 1314 3312 perimit,
1348 3245 1662 3312 servatque
1698 3239 1845 3294 ictos
1889 3245 1946 3294 et
1996 3255 2134 3295 sau-

483 3326 606 3382 cios
645 3328 712 3381 3’.
740 3325 974 3383 Utinam
1005 3331 1058 3382 et
1089 3331 1409 3383 venenatas
1431 3327 1574 3383 istas
1603 3327 2134 3399 viperas,Bogomi-

482 3415 574 3471 los
603 3415 875 3486 inquam,
917 3416 977 3470 in
1009 3430 1247 3470 crucem
1278 3415 1624 3484 injuriosos,
1683 3431 1719 3471 a
1773 3415 1922 3472 facie
1967 3422 2134 3470 terra;

482 3505 955 3572 exterminasset,
991 3503 1094 3575 qui
1119 3503 1323 3560 omnia
1352 3508 1783 3576 perreptantes,
1843 3503 2134 3576 populum

486 3593 586 3650 Dei
604 3592 1658 3665 mordent,venenumqueimpietatis
1672 3608 1794 3648 suae
1813 3593 2137 3648 infundunt

485 3681 722 3754 piorum
744 3680 959 3736 animis
992 3699 1005 3748 ;
1032 3696 1188 3752 quos
1205 3696 1326 3735 non
1349 3682 1474 3736 sine
1496 3681 2033 3738 commiserationis
2056 3683 2138 3738 af-

484 3768 639 3826 fectu
661 3769 793 3840 jure
821 3769 906 3825 sic
927 3769 1232 3840 alloquar:
1259 3771 1571 3826 Genimina
1594 3772 1958 3840 viperarum,
1991 3789 2139 3844 quo-

484 3857 690 3923 modo,
723 3862 780 3913 et
808 3873 930 3930 quo
962 3873 998 3912 a
1022 3857 1247 3929 judicio
1277 3858 1564 3930 gehennze
1594 3858 1828 3929 fugietis
1851 3860 1918 3928 ³³,
1951 3876 2136 3931 quam

483 3961 594 4002 vos
639 3945 932 4003 vobismet
976 3946 1088 4019 ipsi
1148 3945 1523 4010 accendistis.
1571 3947 1872 4012 abnegata
1923 3950 2139 4020 pietate

485 4033 717 4106 absque
740 4036 1154 4107 persecutione
1176 4039 1231 4092 et
1253 4035 1560 4092 tormentis
1585 4035 1613 4090 ?
1637 4036 1750 4091 Sed
1770 4052 1864 4092 res
1902 4036 2140 4093 illorum

482 4124 543 4180 in
573 4125 731 4182 hunc
757 4125 941 4182 finem
971 4126 1264 4194 desinent,
1294 4126 1410 4182 nisi
1439 4125 1794 4200 resipuerint
1845 4129 2138 4200 poeniten-

484 4212 749 4284 tiamque
789 4214 1037 4282 egerint.

539 4302 816 4356 Nos'vero
832 4301 1091 4371 agedum
1110 4303 1404 4376 populum
1424 4303 1631 4359 Christi
1650 4304 2138 4358 communiamus

2247 3141 2462 3217 φυγαδα
2549 3141 2810 3216 ζωογονεῖ.
2899 3147 3186 3207 Δοξκνοντας
3265 3151 3405 3219 ὄρεις
3493 3149 3690 3221 ἀναιρεῖ
3751 3147 3834 3194 καὶ

2247 3230 2502 3296 διασώζει
2556 3237 2675 3294 τοὺς
2734 3229 3098 3306 δακνομένους·
3156 3237 3226 3297 ὡς
3280 3239 3392 3289 εἶϐε
3451 3240 3542 3288 καὶ
3591 3237 3677 3294 τὰς
3723 3229 3839 3283 ἰοϐό-

2244 3321 2365 3383 λους
2411 3325 2602 3382 ταύτας
2653 3318 2894 3392 ἐχίδνας,
2945 3326 3067 3385 τοὺς
3109 3321 3373 3396 ὑϐριστὰς
3422 3325 3580 3377 οὗτοϋ
3630 3323 3831 3392 Βογομί-

2245 3410 2384 3476 λους,
2444 3411 2543 3462 ἀπὸ
2593 3415 2874 3482 προσώπου
2945 3418 3033 3470 τῆς
3092 3419 3193 3482 γῆς
3267 3411 3602 3485 ἐξηφανισεν,
3669 3411 3830 3464 οἰτινες

2247 3503 2481 3572 ἔρποντες
2527 3507 2799 3570 πανταχοῦ
2851 3496 3106 3552 δάκνουσι
3152 3499 3273 3552 λαὸν
3303 3509 3404 3554 τοῦ
3438 3509 3593 3566 Θεοῦ,
3643 3497 3825 3550 καὶτὸν

2250 3589 2324 3640 ἰὸν
2361 3597 2450 3649 τῆς
2495 3584 2808 3650 δυσσεϐείας
2855 3588 3024 3640 αὐτῶν
3078 3589 3326 3662 ἐγχέουσι
3390 3597 3508 3650 ταῖς
3559 3597 3656 3641 τῶν
3701 3585 3825 3638 r36:-

2248 3675 2470 3736 ϐουντων
2537 3675 2763 3748 ψυχαῖς,
2813 3681 2938 3752 πρὸς
3010 3679 3097 3741 οὓς
3145 3682 3450 3754 περιπαθῶς
3515 3679 3574 3730 οἶν
3634 3677 3821 3748 ἐροίμην

2247 3767 2406 3837 ὄφεις·
2470 3771 2767 3838 Γεννήματα
2833 3764 3080 3838 ἐχιδνῶν,
3146 3775 3246 3820 που
3307 3772 3522 3840 φύγοιτε
3591 3763 3687 3816 ἀπὸ
3741 3767 3823 3818 τῆς

2247 3859 2463 3928 κρίσεως
2513 3861 2608 3916 τῆς
2660 3859 2905 3926 γείννης;
2965 3857 3025 3914 ἢν
3072 3863 3222 3908 αὐτοὶ
3281 3856 3488 3918 ἑαυτοῖς
3539 3853 3822 3916 ἔξεκαύσατε

2247 3949 2419 4016 χωρὶς
2450 3940 2686 4014 διωγμοῦ
2734 3948 2823 3996 καὶ
2855 3942 3100 4016 βασάνων
3152 3950 3244 4004 τὴν
3302 3944 3566 3998 εὗσέϐειαν
3617 3937 3820 4015 ἀρνησά·
3851 3967 3876 3994 ο

2247 4051 2410 4105 μενοι.
2465 4031 2617 4086 Ἀ).λά
2647 4035 2711 4084 τὰ
2761 4037 2850 4106 μὲν
2901 4034 3017 4086 κατ’
3047 4035 3230 4096 αὐτοὺς
3287 4035 3362 4096 εἰς
3409 4041 3562 4087 τοῦτο
3612 4025 3817 4090 λήξειτὸ

2247 4121 2407 4187 τελος,
2441 4121 2525 4175 ἐὰν
2549 4127 2620 4196 μὴ
2649 4128 3032 4196 μετανοήσωσι.

2316 4299 2490 4374 Ἡμεῖς
2555 4296 2613 4354 δὶ
2673 4302 2749 4371 (4)
2816 4301 2942 4354 ἀλλὰ
2999 4306 3114 4376 φέρε
3173 4305 3260 4354 καὶ
3330 4290 3814 4372 κατασφαλισὼμεθα

487 4388 672 4444 sacris
694 4391 1154 4459 precationibus,
1181 4407 1256 4447 ne
1283 4392 1652 4447 mortiferum
1683 4392 1863 4460 hujus
1896 4391 2131 4446 haeresis

2245 4393 2332 4442 τὸν
2382 4390 2502 4443 λαὸν
2565 4397 2656 4442 τοῦ
2709 4399 2946 4464 Χριστοῦ
3001 4387 3232 4461 ἐπῳδαῖς
3276 4392 3456 4465 ἱεραῖς,
3511 4389 3590 4439 ἶνα
3629 4387 3693 4455 μὴ
3731 4385 3813 4436 τῆς

485 4491 780 4532 venenum
796 4476 1062 4534 animam
1080 4478 1208 4550 ejus
1219 4480 1542 4550 contingat.
1566 4480 1823 4547 Largiter
1833 4479 1992 4534 enim
2010 4479 2138 4536 ubi-

485 4581 603 4638 que
632 4564 858 4622 malitia
877 4565 1100 4622 diffusa
1116 4573 1224 4634 est,
1257 4573 1314 4624 et
1334 4568 1717 4624 circumcirca
1738 4566 2138 4625 obambulant

484 4654 672 4727 impii,
707 4658 770 4710 ut
796 4655 1037 4726 egregio
1067 4656 1279 4713 Christi
1311 4657 1475 4729 gregi
1505 4655 1732 4728 aliquid
1789 4657 2135 4713 nocumenti

481 4743 758 4802 inferant.
783 4749 853 4802 At
880 4761 985 4802 vos
1010 4745 1204 4803 videte
1235 4762 1448 4818 graves
1476 4746 1668 4819 lupos.
1689 4745 1881 4802 videte
1911 4761 2092 4803 canes
2117 4762 2130 4812 ;

2248 4481 2604 4555 Omont-1190901)
2658 4482 2845 4541 ταύτης
2901 4482 3143 4556 αἱρέσεως
3187 4481 3213 4532 ὁ
3261 4479 3333 4542 ἰὸς
3378 4479 3698 4532 καθάπτηται
3731 4472 3808 4523 τῆς

2243 4571 2434 4622 τούτων
2490 4569 2696 4642 ψυχῆς.
2767 4568 2985 4640 Δαψιλὲς
3036 4571 3136 4642 γὰρ
3212 4573 3269 4620 τὸ
3335 4570 3493 4620 κακὸν
3554 4563 3805 4630 ἐκκέχυται

2242 4665 2538 4731 πανταχοῦ,
2605 4663 2692 4711 καὶ
2760 4659 2930 4730 κύκλῳ
3013 4662 3063 4712 οἱ
3145 4657 3347 4720 ἀσεϐεῖς
3429 4653 3798 4729 περιπατοῦντις

2241 4751 2334 4806 τὴν
2385 4747 2546 4807 καλὴν
2601 4753 2823 4821 ποίμνην
2865 4747 3198 4820 λυμαίνονται
3251 4755 3343 4801 τοῦ
3399 4747 3640 4820 Χριστοῦ.
3685 4729 3801 4786 Ἀλλ’

555 4924 602 4959 ³⁸
634 4925 850 4996 Psal.c,
888 4926 938 4982 8.
971 4927 1019 4960 ’9
1052 4941 1126 4991 χι,
1166 4928 1248 4981 10.
1284 4925 1332 4960 ³ο
1358 4922 1544 4980 Exod.
1578 4939 1696 4993 xw,
1733 4929 1752 4980 t
1792 4939 1962 4997 seqq.
1992 4925 2036 4961 ³¹
2063 4927 2131 4981 Es

2241 4942 2367 4996 .xv,
2401 4929 2588 4982 23-25.
2616 4927 2664 4962 ³³
2695 4927 2874 4984 Num.
2899 4942 3021 4990 xxr,
3062 4929 3177 4983 6-9.
3216 4925 3266 4960 ³³
3289 4926 3422 4981 Luc.
3455 4936 3532 4990 ιιι,
3561 4918 3612 4972 7.

555 5100 631 5176 (3)
662 5103 842 5176 lta_70
901 5103 1118 5176 lnterp.
1177 5102 1341 5157 Isaiae
1395 5099 1608 5176 xnubi
1657 5101 1817 5176 vulg.
1843 5102 1986 5159 edit.
2044 5103 2124 5159 Et

482 5175 592 5244 erit
610 5173 945 5242 sepulcrum
965 5173 1092 5243 ejus
1111 5176 1453 5244 gloriosum.
1483 5175 1701 5229 Locum
1715 5175 1895 5229 etiam
1917 5189 2125 5230 secun-

479 5243 626 5298 dum
653 5244 779 5299 LXX
808 5245 1036 5314 accepit
1068 5243 1126 5300 S.’
1167 5245 1400 5299 Hieron.
1428 5244 1502 5299 de
1551 5245 1826 5314 sepulcro
1891 5245 2122 5309 Christi,

481 5313 573 5370 his
604 5315 799 5370 verbis
821 5313 990 5386 epist.
1023 5315 1100 5370 ad
1127 5314 1483 5384 Marcellam,
1521 5313 1764 5371 nomine
1824 5315 2021 5372 Paulae
2069 5322 2127 5372 et

482 5387 777 5442 Eustachii
812 5403 824 5441 :
860 5385 1052 5454 Cujus
1081 5387 1347 5455 sepulcri
1371 5387 1562 5458 gloria
1586 5387 1775 5441 multo
1805 5393 2127 5458 antequam

482 5459 855 5514 excideretm-
866 5473 902 5513 a
917 5458 1379 5526 Joseph,scimus
1396 5457 1567 5512 Isaiae
1579 5459 1758 5514 vatici
1763 5459 1859 5514 nio
1875 5457 2126 5528 prbphe—

483 5535 671 5585 talum
704 5529 983 5597 ;dicentis
1014 5545 1028 5584 :
1061 5530 1136 5584 Et
1169 5530 1278 5585 erit
1309 5529 1540 5601 requies
1565 5531 1692 5598 ejus
1714 5529 1937 5586 honor:
1972 5530 2132 5601 quod

479 5601 1042 5670 scalicetsepultura.’
1061 5601 1296 5658 Domini
1335 5600 1499 5658 locus
1543 5607 1688 5660 esset
1735 5601 1811 5659 ab
1857 5600 2129 5659 omnibus

482 5672 889 5730 honorandus.

525 5687 889 5732 onoranaus.

2303 5105 2378 5174 (4)
2411 5103 2690 5175 Sequitur
2717 5101 3028 5178 aculeatus
3050 5102 3110 5158 in
3132 5098 3802 5178 hatinos‘Epinguﬁz59'};

2232 5155 2374 5253 ριῖιξ
2400 5155 2478 5256 ejo‘
2495 5155 3796 5300 ie“a,35;e;“iu3vea‘eaaanimumque

2235 5247 2825 5300 Francr.2ravrssrma
2881 5246 2992 5300 ella
3003 5261 3142 5300 cum
3156 5246 3372 5300 Grtecrs
3389 5237 3792 5300 uerebantslP’a

2235 5237 2825 5316 ii‘ranci,gravissima
2837 5237 2992 5302 bella
3003 5261 3142 5300 cum
3156 5245 3372 5301 Graecis
3389 5237 3792 5316 gerebant,ip§«1

2235 5310 2640 5392 imperi’iwsede
2668 5317 2883 5392 Grecis
2904 5317 3344 5392 adempta.ng
3373 5310 3564 5392 ﬁgulus.
3592 5310 3787 5392 miran-

2235 5382 2404 5454 dum,
2439 5391 2802 5445 Germanum
2822 5390 3004 5443 istum
3035 5382 3253 5442 Latinis
3277 5382 3782 5456 gloriteiriimjculflr

2238 5449 2508 5533 linguam
2539 5458 2939 5533 «calamum
2985 5459 3258 5533 ειξρθιῖίιιδ
3277 5449 3359 5533 vei
3396 5449 3779 5533 πιοΐίίίέθξξῖἶῖῗ

2241 5519 2476 5586 Latinos
2524 5529 2856 5603 strinxisse.
2887 5519 3118 5603 Similes
3150 5527 3454 5585 invectiva:
3499 5523 3554 5603 if}
3577 5519 3778 5603 Lam?

2238 5606 2474 5660 exstant
2510 5601 2674 5674 apud
2703 5603 2989 5671 Nicetam,
3029 5602 3352 5671 Gregoram
3394 5603 3451 5658 et
3475 5591 3610 5652 alios
3638 5586 3772 5640 ϐιω-

2237 5688 2360 5732 008.
