4096 6208
208 278 305 345 641
1055 287 1060 290 ’
1536 270 1812 333 CONTRA

1942 269 2251 342 GOMILOS
3461 288 3566 349 642

208 411 354 482 opu;
417 403 635 479 βλέπετε
685 403 809 466 τοὺς
884 393 1063 478 βαρεῖς
1133 396 1348 467 λύκους,
1426 397 1640 473 βλέπετε
1689 401 1813 461 τοὺς

1938 400 2112 462 ridete
2138 407 2337 466 malos
2394 407 2724 484 operarios,
2755 410 2812 468 et
2838 408 3156 469 observate
3183 425 3289 471 eos
3339 412 3447 487 qui
3484 414 3569 472 sic

208 501 388 560 κύνας.
432 493 647 549 Βλέπετε
700 496 820 554 τοὺς
872 494 1068 554 κακοὺς
1121 488 1364 564 ἐργάτας,
1421 493 1511 543 καὶ
1574 495 1813 543 σκοπεῖτε

210 588 331 648 τοῦς
388 592 525 638 οῦτω
562 587 996 656 περιπατοῦντας,
1034 581 1209 644 καθὼς
1261 581 1410 653 ἔχετε
1455 580 1617 632 τύπον
1654 579 1809 653 ἡμᾶς’

212 684 314 729 ῦνα
364 671 435 726 κά
444 677 515 746 [ὼ
570 670 820 745 τολμήσω
899 672 1032 744 μετά
1114 667 1320 723 Παύλου
1386 668 1773 741 καυχήσασθαι
1796 686 1811 700 ο

216 763 406 819 Πολλοί
481 764 583 834 γὰρ
653 767 1057 835 περιπατοῦσιν,
1150 758 1240 823 οὓς
1316 755 1565 819 πολλάκις
1644 754 1816 828 ἔλεγον

217 855 365 928 ὑμῖν,
419 857 513 906 καὶ
574 858 664 906 νῦν
735 850 929 904 κλαίων
999 849 1151 923 λὲγω,
1226 851 1350 911 τοὺς
1432 846 1660 923 ἐχθρούς
1725 852 1819 899 τοῦ

222 949 461 1019 σταυροῦ
532 949 627 995 τοῦ
695 946 952 1016 Χριστοῦ,
1033 939 1101 992 ὧν
1173 941 1232 992 τὸ
1308 936 1450 999 τέλος
1533 934 1763 990 ἀπώλεια
1801 954 1815 968 ο

222 1031 485 1106 φυλάξατε
543 1035 640 1091 τήν
721 1028 883 1088 καλὴν
957 1028 1408 1104 παρακαταθήκην
1454 1033 1548 1087 τῆς
1596 1029 1822 1087 πίστεως

220 1121 421 1175 οἶσυλόν
479 1124 572 1174 καὶ
624 1117 1070 1175 ἀνεπιϐούλευτον.
1123 1115 1383 1190 Μίλλομεν
1436 1117 1539 1192 γὰρ
1592 1115 1823 1175 άκαστος

218 1213 420 1270 ταύτην
478 1208 836 1270 ἀπατηθῆναι
899 1213 1038 1261 σώαν
1109 1210 1201 1260 καὶ
1269 1203 1507 1264 ἀνελλιπῆ
1569 1201 1658 1258 ίπί
1728 1208 1824 1256 τοῦ

220 1298 453 1374 ῳοϐεροῦ
498 1296 744 1373 βήματος
797 1303 889 1351 τοῦ
932 1302 1190 1371 Χριστοῦ.
1222 1293 1379 1350 Ἀλλά
1419 1312 1512 1367 μοι
1539 1295 1627 1347 τὸν
1671 1290 1824 1364 λόγον

219 1384 333 1448 ἤδη
431 1385 867 1462 ἕπισφραγιστίον
947 1391 1059 1447 ταῖς
1140 1385 1268 1458 ὑπὶρ
1372 1389 1465 1437 τοῦ
1532 1385 1822 1456 κρατίστου

226 1496 399 1535 σεσεν.

293 1564 492 1639 Ἀρατε
544 1561 659 1634 οὖν,
706 1562 919 1626 εὐσεϐὴς
962 1562 1108 1629 λαός,
1164 1568 1347 1636 χεῖρας
1420 1559 1644 1623 ἅπαντες
1695 1561 1825 1633 πρὸς

220 1659 356 1711 Θεὸν
384 1656 515 1730 ὑπερ
545 1662 648 1707 τῶν
708 1651 905 1707 ἐκείνου
959 1659 1154 1728 χειρῶν
1194 1650 1358 1706 πολλά
1382 1651 1656 1724 καμοῦσας
1709 1644 1823 1708 ἤδη

1920 491 2237 554 ambulant
2261 497 2413 556 sicut
2445 498 2680 557 habetis
2717 497 2977 557 formam
3027 514 3161 571 nos,
3214 503 3282 558 ut
3305 501 3569 561 audeam

1922 595 2063 639 cum
2086 583 2273 643 Paulo
2296 586 2569 659 gloriari:
2616 587 2801 644 Multi
2848 589 3005 645 enim
3061 588 3394 657 ambulant,
3423 606 3570 664 quos

1923 685 2079 742 saepe
2114 673 2378 734 dicebam
2407 676 2589 747 vobis,
2621 682 2678 734 et
2712 692 2874 735 nunc
2897 678 3051 749 ﬂens
3086 679 3240 748 dico,
3296 680 3569 738 inimicos

1924 762 2118 818 crucis
2151 762 2395 832 Christi,
2419 780 2673 839 quorum
2702 766 2843 836 ﬁnis
2872 766 3153 825 interitus
3172 767 3240 822 ³⁸.
3270 767 3571 827 Custodite

1925 848 2162 921 insigne
2189 851 2331 910 ﬁdei
2348 853 2692 928 depositum
2733 854 3023 913 intactum
3053 859 3113 913 et
3162 853 3486 914 illibatum.
3522 861 3572 915 Α

1927 938 2197 1012 quolibet
2213 941 2375 999 enim
2396 942 2635 1001 salvum
2655 946 2713 1001 et
2726 942 3025 1015 integrum
3046 949 3413 1018 reposcetur,
3431 961 3571 1004 cum

1930 1026 2010 1083 ad
2057 1028 2313 1087 terribile
2355 1030 2617 1089 tribunal
2672 1031 2880 1089 Christi
2928 1032 3296 1090 assistemus.
3354 1035 3573 1092 Verum

1930 1115 2268 1175 orationem
2296 1134 2458 1177 nunc
2478 1120 2654 1194 quasi
2668 1119 3063 1191 obsignemus
3091 1121 3373 1196 precibus
3395 1123 3575 1180 votis-

1931 1204 2417 1351 quetardentibus
2444 1211 2503 1265 et
2526 1207 2784 1266 assiduis
2802 1224 2913 1283 pro
2961 1209 3192 1283 optimo
3211 1209 3573 1285 imperatore

1931 1306 2043 1350 nos
2071 1309 2156 1351 ro.

1930 1306 2156 1352 nostro.

1932 1381 2079 1455 ἡμῶν
2161 1382 2539 1461 αὐτοκράτορος
2614 1394 2945 1463 προσευχαῖς
3021 1391 3106 1442 κοὶ
3159 1386 3385 1443 ἕκτενίσι
3455 1386 3576 1450 δεή-

2003 1559 2205 1619 Tollite
2225 1562 2421 1636 igitur,
2441 1578 2477 1622 ο
2496 1563 2692 1621 ﬁdelis
2718 1563 2963 1638 popule,
2994 1579 3215 1623 manus
3238 1570 3468 1626 vestras
3496 1567 3576 1627 ad

1933 1647 2123 1708 Deum
2146 1666 2259 1725 pro
2285 1651 2461 1727 illius,
2501 1669 2639 1728 quae
2665 1654 2894 1726 totjam
2911 1653 3151 1713 labores
3179 1655 3488 1715 subierunt
3514 1658 3578 1715 in

220 1744 277 1798 ἓν
321 1750 441 1806 ταῖς
504 1744 641 1796 κατὰ
713 1749 816 1794 τῶν
889 1739 1096 1816 ἐχθρῶν
1162 1738 1504 1812 συμπλοκαῖς,
1573 1738 1658 1791 ἵνα
1709 1738 1820 1795 θείη

1938 1738 2310 1797 conﬂictibus
2341 1746 2399 1799 et
2444 1741 2664 1815 praeliis
2703 1743 2995 1801 adversus
3045 1744 3271 1816 hostes,
3300 1749 3366 1803 ut
3388 1750 3581 1817 ponat

221 1833 374 1897 τόξον
435 1830 670 1905 χαλκοῦν
764 1833 889 1892 τοὺς
975 1827 1268 1903 βραχίονας
1354 1827 1534 1899 αὐτοῦ,
1622 1822 1818 1890 διδάξαι

222 1924 315 1983 τὰς
366 1928 559 1995 χεῖρας
613 1918 777 1973 αὐτοῦ
826 1918 897 1982 εἰς
951 1917 1194 1992 πόλεμον,
1271 1917 1342 1980 εἰς
1409 1918 1470 1969 τὸ
1547 1912 1823 1968 ἀποϐαλεῖν

223 2015 323 2071 τὴν
385 2009 623 2069 ίταλικὴν
698 2007 1003 2084 ὀξυχειρίαν
1075 2007 1144 2068 εἰς
1222 2009 1284 2060 τὸ
1348 2006 1703 2081 καθαρπάζειν
1756 2004 1826 2056 τά

224 2099 479 2176 αλλὸτρια
528 2100 613 2151 ἶνα
668 2100 1044 2172 επιστρίιρωσιν
1098 2095 1173 2159 εἰς
1236 2094 1475 2171 ἑσπέραν,
1525 2097 1620 2152 nia
1683 2088 1824 2146 ἰδίαν

222 2184 484 2264 πατρίδα,
552 2189 659 2260 εἴγε
727 2187 863 2248 τινὶς
940 2183 1284 2258 ἀπολειφθεῖν,
1359 2188 1451 2237 καὶ
1529 2181 1825 2256 λιμὼξωσιν

226 2281 293 2340 ὡς
346 2279 519 2344 κύνες,
578 2276 673 2330 οὐκ
755 2277 965 2347 ἔχοντες
1017 2276 1067 2328 οἱ
1132 2276 1446 2348 αἱμοχαρεῖς
1494 2273 1573 2325 ἔτι
1628 2269 1825 2342 λείχειν

223 2368 429 2440 αἶματα
494 2366 564 2420 τά
642 2363 914 2419 αὖσονικά.
986 2368 1085 2418 Καὶ
1161 2361 1440 2416 κυκλὼσωι
1512 2363 1608 2420 τήν
1679 2353 1825 2411 ἰδίαν

219 2455 373 2510 πόλιν
486 2453 961 2528 λιμαγχονοῦμενοι
1048 2455 1140 2507 καὶ
1221 2450 1503 2525 βαΰζοντες
1601 2449 1822 2522 μάταια.

222 2543 467 2606 Ἰωάννης
492 2545 519 2597 ὁ
561 2541 829 2617 βαπτίσας
888 2541 1081 2603 αὐτοὺς
1133 2547 1241 2602 τοῖς
1290 2542 1509 2613 αἶμασιν
1558 2536 1768 2608 ἑαυτῶν,
1798 2535 1825 2588 ὀ

233 2635 615 2709 θοοφρσύρητος
668 2634 817 2705 ἡμῶν
898 2631 1253 2707 αὐτοκράτωρ,
1338 2629 1461 2701 ὑμῖν
1539 2633 1647 2688 τοίς
1725 2623 1826 2678 ὐπὸ

221 2731 389 2798 χεῖρα
425 2720 841 2794 εὐαγγελίζεται,
881 2724 1038 2773 Πᾶσα
1095 2716 1324 2795 φάραγξ,
1382 2716 1563 2790 λέγων,
1621 2713 1828 2789 πληρω-

226 2813 475 2882 θήσεται,
507 2811 541 2869 ἡ
576 2812 985 2882 τεταπεινωμένη
1019 2810 1169 2881 γενεά
1204 2814 1297 2868 τῆς
1360 2813 1434 2860 τῶ
1493 2808 1672 2880 χρόνῳ
1738 2805 1828 2876 μὶν

223 2900 517 2963 νεαζούσης
573 2899 793 2973 Ῥώμης,
828 2905 945 2960 ταῖς
999 2904 1295 2971 συμφοραῖς
1353 2892 1415 2949 δέ
1471 2895 1830 2971 γεγηρακυίας

1935 1826 2178 1886 brachia
2214 1831 2342 1901 ejus
2370 1832 2533 1888 velut
2561 1846 2771 1889 arcum
2786 1846 3009 1890 wreum
3039 1839 3096 1890 et
3127 1833 3333 1891 doceat
3362 1848 3580 1892 manus

1932 1919 2061 1988 ejus
2088 1918 2172 1975 ad
2188 1920 2411 1990 proelia
2440 1921 2510 1990 ³⁵,
2539 1923 2605 1977 ut
2630 1920 2923 1994 repellant
2941 1920 3204 1979 Italicam
3233 1922 3400 1980 illam
3417 1923 3580 1982 velo-

1933 2005 2172 2064 citatem
2182 2007 2454 2081 rapiendi
2465 2007 2681 2077 aliena,
2707 2014 2777 2067 ut
2796 2009 3240 2067 revertanturin
3269 2025 3576 2079 occasum,

1932 2093 2243 2166 propriam
2264 2110 2438 2151 suam
2458 2097 2736 2169 patriam,
2769 2096 2819 2153 si
2863 2097 2971 2170 qui
3012 2098 3333 2171 supersint,
3359 2103 3415 2156 et
3438 2113 3581 2154 esu-

1932 2181 2090 2240 riant
2100 2187 2353 2241 utcanes
2380 2185 2579 2255 ",non
2595 2184 2891 2243 habentes
2908 2186 3175 2259 amplius
3204 2186 3580 2258 sanguinarii

1932 2285 2209 2329 cruorem
2228 2272 2618 2343 Ausonicum,
2637 2288 2823 2347 quem
2848 2274 3098 2347 Iingant.
3119 2277 3188 2332 Et
3212 2276 3582 2333 circumeant

1932 2359 2240 2433 propriam
2265 2362 2567 2420 civitatem
2597 2361 2759 2420 fame
2787 2363 2999 2436 pressi,
3029 2363 3335 2421 incassum
3363 2363 3584 2420 latran-

1933 2452 2021 2504 tes
2048 2449 2121 2504 ³⁷.
2150 2448 2437 2519 Joannes,
2466 2449 2574 2523 qui
2597 2449 2923 2525 baptizavit
2940 2466 3046 2510 eos
3065 2451 3130 2508 in
3153 2450 3396 2526 proprio
3424 2451 3584 2526 ipso-

1932 2550 2070 2593 rum
2099 2537 2416 2609 sanguine,
2447 2539 2777 2597 custoditus
2806 2556 2844 2598 a
2868 2540 2989 2597 Deo
3026 2539 3355 2614 imperator
3381 2544 3586 2598 noster

1934 2626 2374 2698 evangelizans,
2392 2627 2692 2686 acclamat
2709 2629 2887 2686 nobis
2908 2628 3164 2689 subditis
3188 2647 3202 2685 :
3223 2629 3432 2688 Omnis
3456 2630 3585 2688 val-

1940 2717 2013 2773 lis
2030 2715 2379 2787 implebitur
2393 2717 2465 2787 ³⁸,
2486 2716 2584 2789 abj
2592 2721 2723 2774 ecta
2740 2721 2800 2775 et
2818 2717 3041 2776 afflicta
3061 2718 3385 2791 generatio,
3410 2719 3587 2776 annis

1936 2804 2181 2880 quidem
2209 2820 2386 2863 novae
2415 2808 2639 2874 Romae,
2656 2807 3101 2865 calamitatibus
3114 2823 3258 2866 vero
3272 2807 3588 2865 miserabi-

1937 2893 2069 2951 liter
2078 2894 2207 2966 jam
2225 2897 2495 2951 vetustas.
2517 2895 2598 2951 Et
2617 2897 2809 2953 omnis
2827 2911 2995 2953 mons
3014 2902 3072 2953 et
3099 2896 3269 2953 collis
3307 2896 3588 2953 humilia-

226 2990 482 3058 ἐλεεινῶς,
557 2993 655 3042 παὶ
728 2992 831 3042 πᾶν
888 2986 1009 3061 ὅρος
1090 2990 1182 3039 καί
1268 2983 1458 3058 βουνὸς
1512 2982 1826 3039 ταπεινωθή-

1943 2981 2104 3040 bitur
2130 2983 2200 3049 δ’,
2222 2980 2446 3040 elatum
2475 2981 2766 3041 videlicet.
2788 2984 3069 3041 Italorum
3095 2982 3481 3057 supercilium
3505 2983 3589 3041 Et

232 3097 404 3136 σεται,
434 3079 467 3137 ἡ
521 3077 639 3131 καθ’
698 3078 843 3150 ἡμῶν
901 3079 1213 3149 ἐπαιρομίνη
1271 3072 1538 3149 ἀθίρωχος
1593 3071 1749 3148 ὀφρῦς
1796 3070 1826 3128 ἡ

1941 3075 2120 3128 erunt
2144 3084 2340 3141 prava
2367 3072 2432 3127 in
2451 3070 2679 3129 directa
2707 3071 2779 3138 ⁸ο,
2809 3071 2911 3129 iIIo
2950 3075 3242 3145 tanquam
3291 3070 3405 3129 vise
3433 3071 3589 3128 duce

237 3166 473 3226 ἱταλική.
533 3170 637 3221 Καὶ
688 3167 896 3220 ἔσονται
945 3152 1014 3219 τὰ
1058 3163 1244 3218 σκολιά
1299 3162 1371 3226 εἰς
1430 3162 1649 3229 εὐθεῖαν,
1702 3159 1826 3213 ίκεί-

1942 3162 2266 3233 praaeunte,
2298 3163 2356 3216 et
2391 3160 2601 3217 omnia
2626 3164 2948 3218 revocante
2981 3160 3229 3228 Christo,
3278 3159 3385 3234 qui
3408 3164 3466 3217 et
3494 3176 3587 3231 ea,

234 3252 327 3309 ιῖου
384 3252 888 3330 προοδοποιοῦντος,
939 3258 1030 3307 καὶ
1064 3251 1412 3325 ἕπανάυγοντος
1473 3258 1568 3305 τοῦ
1626 3253 1715 3303 καὶ
1768 3251 1826 3302 τὰ

1943 3262 2081 3321 quae
2107 3246 2285 3305 nobis
2310 3251 2451 3305 sunt
2474 3247 2893 3322 impossibilia,
2922 3251 3139 3321 potest.
3188 3250 3322 3306 Jam
3366 3264 3508 3306 vero
3534 3252 3592 3307 et

232 3346 365 3418 ἡμῖν
403 3341 653 3398 ἀδύνατοι
689 3339 979 3416 δυναμένου
1032 3349 1287 3418 Χριστοῦ.
1354 3337 1499 3399 ’Ἤδη
1524 3337 1584 3394 δὶ
1646 3343 1739 3392 καὶ
1800 3338 1826 3397 ἧ

1943 3340 2168 3396 securis
2193 3337 2276 3395 ad
2290 3337 2551 3396 radicem
2578 3339 2774 3409 posita
2795 3343 2881 3396 est
2901 3339 2971 3397 ιι.
2992 3337 3194 3396 Ramis
3216 3338 3381 3396 enim
3406 3338 3591 3396 modo

236 3433 389 3497 eam
474 3435 604 3508 πρὸς
675 3436 767 3492 τὴν
821 3430 976 3508 ῥίζαν
1025 3438 1127 3485 τῶν
1190 3426 1421 3504 δένδρων
1478 3435 1668 3485 κεῖται.
1725 3434 1839 3482 Τῶν

234 3516 448 3575 κλάδων
495 3523 597 3597 γὰρ
657 3519 1088 3595 ἀποτετμημίνων
1177 3521 1300 3596 ἄρτι
1364 3523 1455 3572 καὶ
1530 3519 1668 3571 κατά
1741 3523 1841 3589 γῆς

236 3608 573 3687 ἐστρωμένων
599 3612 687 3662 καὶ
744 3605 1014 3683 κορμηδόν
1068 3607 1381 3684 ἐρριμμένων
1448 3606 1521 3670 εἰς
1551 3601 1837 3678 τοῦδαφος,

237 3699 333 3752 οὐκ
357 3697 682 3751 ἀπελπιστία
708 3701 800 3750 καὶ
827 3698 860 3757 ἡ
884 3698 1253 3774 ῥιζοτόμησις.
1305 3698 1466 3771 Τάχα
1499 3692 1560 3749 δέ
1620 3693 1845 3757 ἀσθενὴς

238 3790 271 3847 ἡ
329 3785 695 3863 ῥιζοϐόλησις,
754 3789 824 3849 ὡς
877 3783 933 3839 ἔκ
987 3788 1430 3859 μεταφυτεύσεως.
1500 3790 1722 3838 Πίστευε
1768 3790 1843 3855 τῷ

240 3884 358 3948 Θεῷ
409 3885 485 3950 τῷ
529 3878 701 3931 πάντα
752 3871 1044 3950 δυναμένῳ,
1084 3873 1345 3949 βασιλέων
1390 3872 1728 3928 εὐσεϐίστατε
1753 3876 1845 3925 καὶ

242 3952 529 4041 πραότατε,
579 3967 716 4019 κατά
773 3968 863 4018 τὸν
933 3960 1123 4034 Δαυίδ,
1184 3966 1251 4025 ὡς
1298 3962 1438 4036 ὅπλῳ
1484 3962 1743 4017 κυκλώσει
1787 3979 1847 4014 σε

240 4062 312 4108 τῶ
341 4062 613 4128 σταυρικῷ
639 4054 671 4112 ἠ
735 4051 952 4113 ἀλήθεια
984 4053 1167 4121 αὐτοῦ,
1203 4052 1255 4115 ὃς
1312 4050 1453 4106 ἔστιν
1503 4053 1530 4105 ὀ
1590 4053 1843 4126 Χριστὸς,

248 4148 346 4197 καὶ
406 4142 469 4197 οὐ
526 4142 799 4216 φοϐηθὴσῃ
855 4140 957 4197 ἀπὸ
1011 4141 1173 4216 φόϐου
1206 4149 1505 4218 νυκτερινοῦ
1570 4148 1664 4194 τοῦ
1717 4142 1825 4213 άφα

1946 3427 2291 3502 amputatis,
2308 3428 2440 3485 etin
2463 3432 2683 3486 terram
2699 3427 2968 3501 dejectis,
2997 3429 3442 3503 truncatimque
3463 3427 3594 3486 solo

1947 3516 2157 3586 allisis,
2188 3532 2311 3574 non
2336 3516 2788 3591 desperandum
2808 3522 2918 3586 est,
2947 3517 3098 3592 quin
3126 3522 3184 3575 et
3210 3518 3383 3576 radix
3406 3516 3595 3576 incidi

1947 3606 2154 3681 possit.
2187 3609 2354 3664 Forte
2381 3606 2563 3680 enim,
2584 3611 2650 3663 ut
2667 3623 2741 3664 ex
2763 3607 3325 3682 transplantatione,
3344 3607 3597 3665 inﬁrmas

1951 3699 2090 3753 sunt
2114 3693 2249 3767 illzn=
2279 3710 2435 3768 quas
2459 3695 2770 3765 miserunt,
2792 3696 3053 3755 radices.
3093 3696 3231 3753 Fide
3250 3696 3429 3768 igitur
3452 3698 3595 3764 Deo,

1951 3783 2056 3857 qui
2076 3783 2283 3841 omnia
2301 3788 2516 3857 potest,
2545 3784 2978 3858 imperatorum
2998 3784 3266 3858 piissime
3322 3789 3378 3843 et
3408 3785 3601 3842 mitis-

1954 3873 2125 3943 sime,
2145 3878 2338 3946 teque,
2371 3877 2440 3931 ut
2464 3873 2652 3931 David
2670 3874 2774 3943 ait,
2791 3878 3084 3947 tanquam
3097 3879 3264 3932 scuto
3285 3874 3478 3932 crucis
3491 3874 3603 3931 cir-

1955 3962 2259 4021 cumdabit
2283 3965 2505 4020 veritas
2533 3965 2661 4034 ejus
2690 4005 2704 4034 ,
2732 3969 2789 4021 et
2808 3979 2928 4020 non
2955 3963 3181 4021 timebis
3212 3965 3477 4020 atimore
3499 3978 3604 4019 no-

1956 4056 2171 4109 cturno
2202 4051 2249 4086 ⁸³
2283 4050 2434 4122 ejus,
2466 4051 2571 4123 qui
2599 4050 2831 4107 occulte
2854 4053 2912 4107 te
2941 4050 3308 4122 aggreditur,
3332 4047 3602 4107 formidi-

1955 4155 2217 4213 nemque
2245 4138 2529 4203 immittit,
2551 4154 2712 4197 neca
2739 4141 2964 4211 sagitta
2991 4141 3235 4197 volante
3259 4139 3324 4195 in
3345 4139 3441 4195 die
3461 4139 3528 4210 ⁸³,
3547 4140 3607 4195 et

244 4241 347 4295 νὼς
372 4250 461 4286 σοι
485 4230 883 4306 προϐάλλοντος,
942 4235 1029 4284 καὶ
1101 4227 1136 4284 δ
1139 4227 1316 4284 τιλανδ
1316 4235 1434 4305 ρίαν
1492 4228 1823 4304 ἐμποιοῦντος

1955 4227 2126 4284 hoste
2142 4226 2348 4300 palam
2372 4226 2479 4284 tibi
2492 4228 2824 4285 resistente.
2844 4227 3060 4286 Omnia
3091 4226 3254 4284 enim
3275 4227 3404 4284 haec
3424 4226 3607 4297 longe

247 4316 363 4374 οὐδ’
414 4319 520 4374 ἀπὸ
582 4317 768 4395 βέλους
824 4324 1106 4392 πετομένου
1158 4321 1379 4395 ἡμέρας,
1447 4324 1537 4373 καὶ
1623 4325 1823 4391 φανερῶ

1959 4330 2107 4372 crux
2131 4314 2342 4371 Christi
2360 4313 2623 4388 repellet,
2649 4319 2707 4371 et
2725 4314 2848 4371 dux
2865 4314 2969 4371 tibi
2985 4315 3094 4371 erit
3120 4315 3199 4371 ad
3224 4314 3451 4385 omnia,
3470 4329 3608 4387 quas

251 4429 337 4464 σοι
382 4408 763 4483 ἀνθισταμένου
791 4408 1009 4485 ἐχθροῦ.
1079 4411 1258 4462 Πάντα
1304 4410 1405 4484 γὰρ
1458 4415 1625 4461 ταῦτα
1679 4408 1707 4460 ὀ
1756 4425 1826 4458 τοι

1958 4402 2286 4471 desideras,
2318 4407 2374 4460 et
2391 4406 2461 4459 ut
2483 4408 2715 4459 scutum
2748 4403 2917 4461 bona:
2939 4403 3267 4461 voluntatis
3296 4402 3609 4460 coronabit

250 4506 489 4573 Χριστοῦ
543 4476 769 4573 σταυρὸς
814 4476 1170 4558 timeam
1225 4476 1452 4571 μακράν,
1503 4501 1595 4550 καὶ
1656 4492 1822 4567 ὁδηγὸ

1963 4498 2018 4551 te
2048 4494 2116 4562 “,
2132 4491 2636 4565 triumphatorem
2661 4494 2720 4548 et
2743 4485 3031 4548 victorem
3061 4506 3247 4565 supra
3272 4492 3612 4565 superiores

253 4606 337 4641 σοι
370 4592 499 4665 πρὸς
563 4588 700 4642 ἅπαν
742 4590 801 4641 τὸ
855 4588 1199 4661 καταθύμιον,
1253 4591 1345 4640 καὶ
1379 4587 1446 4648 ὡς
1497 4585 1651 4639 ὅπλον
1698 4580 1822 4640 εὐδο

1960 4582 2353 4655 imperatores
2372 4579 2650 4641 effectum
2675 4596 2691 4647 ;
2720 4580 3003 4653 precibus
3047 4585 3106 4638 et
3150 4581 3487 4638 interventu
3514 4596 3614 4637 ca-

252 4680 369 4737 κίας
452 4681 734 4729 στιανὼσιι
826 4693 885 4729 σε
914 4719 931 4746 ,
1033 4678 1380 4750 τροπαιφόρον
1403 4714 1419 4740 ,
1525 4672 1854 4747 μεγαλόνοιαν
1965 4669 2242 4727 δῆεείιῐιω
2269 4667 3053 4741 Deiparm,etimmaculataa
3076 4669 3343 4726 Dominae
3368 4672 3609 4735 nostrae,

255 4761 533 4828 ἀναδείξας
560 4780 619 4817 σε
645 4766 792 4837 παρά
814 4768 938 4825 τοὺς
990 4763 1277 4838 ἱμπροσθεν
1339 4760 1597 4836 βασιλεῖς,
1667 4765 1826 4816 ίκετευ

1966 4763 2026 4815 et
2042 4772 2284 4831 semper
2304 4756 2558 4828 Virginis
2578 4758 2791 4827 Mariae,
2814 4755 3273 4830 fortissimisque
3290 4755 3615 4814 victoribus

254 4859 421 4918 οὐσης
474 4862 573 4917 τῆς
613 4857 1004 4931 πανυκεράγνου
1051 4859 1397 4929 Θεομήτορος,
1451 4857 1542 4906 καὶ
1589 4872 1821 4930 πανυπερ

1971 4845 2181 4906 Christi
2210 4844 2597 4918 martyribus,
2619 4845 2972 4923 etomnibus
3004 4843 3227 4905 sanctis
3251 4843 3617 4903 intercedeno

373 4912 419 4918 -,
522 4912 570 4917 -,
807 4912 819 4931 ,
884 4912 899 4927 ,
1154 4912 1165 4929 ,
1214 4912 1221 4914 τ
1289 4912 1301 4928 ,
1360 4912 1395 4923 -,
1792 4912 1802 4930 ,

254 4950 474 5018 αμώμου
582 4940 642 4996 δε
728 4939 1015 5006 δεσποίνης
1090 4944 1256 5016 ἡμῶν,
1347 4947 1439 4996 καὶ
1514 4940 1826 5015 ἁιεπαρθένο

1972 4934 2132 4993 tibus
2161 4912 2697 4997 isthaec'eveniant.
2713 4949 2750 4990 o
2775 4912 3157 4991 sanctissima
3183 4936 3242 4990 et
3282 4932 3490 4990 omnia
3514 4948 3618 5005 gu-

256 5040 485 5107 Μαρίας,
530 5037 624 5086 καὶ
695 5040 797 5087 τῶν
882 5031 1188 5086 καλλινίκων
1271 5034 1548 5106 μαρτύρων
1626 5038 1826 5107 Χριστο

1973 5024 2238 5081 bernans
2261 5023 2531 5093 Trinitas,
2556 5022 2619 5079 in
2640 5022 2831 5079 tribus
2861 5023 3135 5094 personis
3154 5021 3293 5081 etin
3334 5038 3455 5081 una
3482 5024 3620 5083 Dei-

257 5128 477 5177 καὶτῶν
495 5121 660 5192 ἁγίων
703 5122 963 5175 ἁπάντων.
1012 5124 1214 5173 Γένοιτο
1277 5129 1462 5187 ταῦτα,
1519 5122 1684 5195 Τριας
1738 5139 1826 5174 παι

1977 5116 2093 5169 tate
2109 5111 2348 5168 adorari
2368 5110 2560 5181 solita,
2582 5126 2767 5184 quam
2785 5109 2958 5168 decet
2975 5111 3173 5168 omnis
3188 5111 3399 5183 gloria,
3420 5110 3619 5173 honos

259 5207 516 5284 εοδῦναμε
558 5212 651 5274 καὶ
707 5210 1069 5281 παντάνασσα,
1126 5210 1156 5269 ἡ
1203 5208 1252 5261 ἄν
1320 5214 1624 5286 προσώποις
1701 5229 1826 5286 προο

1976 5207 2033 5260 et
2055 5200 2331 5260 adoratio
2354 5201 2418 5261 in
2446 5200 2685 5259 inﬁnita
2709 5199 2948 5261 secula.
2976 5206 3167 5259 Amen
3189 5202 3290 5275 (ὅ).

323 5338 374 5410 'f
406 5335 663 5410 Philipp.
705 5350 800 5410 in.
836 5339 920 5408 {8,
952 5339 1061 5410 l9.
1108 5409 1113 5410 ί
1149 5334 1384 5410 “Psal.
1416 5350 1556 5404 xvu,
1578 5335 1691 5410 35.
1722 5336 1826 5410 ηδε

1938 5335 2016 5394 al.
2045 5351 2214 5410 mu,
2233 5342 2287 5393 7.
2402 5337 2447 5372 '7
2479 5334 2632 5396 Ibid.
2662 5340 2746 5394 I5.
2858 5337 2908 5373 ³⁸
2940 5337 3079 5395 Luc.
3108 5353 3193 5406 ιιι,
3223 5340 3277 5395 5.

259 5350 374 5445 ωσι
410 5350 663 5444 Pnulpp.
705 5350 787 5418 in.
836 5350 920 5408 ns,
952 5350 1038 5393 19.
1149 5350 1199 5372 ³ο
1229 5350 1384 5392 γεω.
1416 5350 1556 5404 xvn,
1586 5350 1676 5393 δε).
1721 5406 1734 5418 ο
1789 5350 1826 5372 σε

333 5406 485 5467 Ibid.
629 5410 645 5445 ⁸
677 5406 826 5464 Ibid.
854 5411 909 5465 9.
1021 5409 1068 5444 “
1098 5406 1248 5465 Psal.
1281 5422 1374 5476 xc,
1405 5410 1457 5463 5.
1572 5407 1621 5442 ⁸⁸
1650 5405 1800 5465 Ιδιᾶ.

1938 5350 2016 5394 a1.
2048 5351 2200 5404 Lvm,
2233 5350 2287 5393 7.
2402 5350 2443 5372 σι

2012 5408 2060 5445 ⁸⁸
2085 5408 2238 5465 Psal.
2273 5411 2328 5479 5,
2362 5410 2448 5465 l3.

322 5534 409 5605 (5)
440 5532 818 5608 Disqulsistio
836 5531 915 5590 de
931 5531 1049 5589 isto
1062 5533 1369 5608 germano
1383 5534 1627 5608 revocat
1644 5530 1791 5589 mihi
1813 5530 1877 5589 in
1982 5547 2177 5608 sacro,
2188 5547 2254 5608 vo
2267 5531 2622 5608 Geimauus,
2634 5529 2750 5590 sub
2758 5531 2940 5608 prisci
2948 5531 3107 5608 illius
3124 5530 3420 5608 Germani,
3440 5531 3622 5608 patri-

258 5601 808 5680 mMoriainguod
818 5601 1482 5678 estapudPossevinum
1490 5603 1555 5661 in
1563 5603 1885 5678 Apparatu
1985 5603 2184 5664 arotm
2199 5601 2653 5679 Constantinop.
2664 5601 2911 5663 nomine
2927 5601 3624 5663 circumferrilibrtimDe

3389 5339 3438 5377 ευ
3470 5312 3618 5398 Ibid.
