4096 6208
187 83 262 102 Α,
445 79 510 96 ,ι

232 274 334 326 645

1517 259 1588 327 ιΝ
1626 263 1974 323 VIVIFICAM
2013 261 2310 325 CBUCEM.

3486 263 3588 334 eis

229 401 332 470 γὰρ
385 399 473 447 καὶ
495 393 809 448 ἀποσπόλων
846 400 1105 470 καύχημα
1141 402 1169 450 ό
1219 399 1464 472 σταυρὸς,
1507 393 1580 448 δι’
1617 391 1676 447 οὗ
1701 412 1832 446 πανο

1953 391 2099 458 tum,
2131 391 2517 467 todidemque
2561 394 2865 467 baptismi,
2913 395 3137 470 quibus
3179 396 3589 470 perﬁciuntur,

229 489 316 546 τὸς
366 489 618 555 γεγόνασι
663 481 1010 558 δυνατώτεραι
1071 483 1318 560 δυνάμεις
1374 486 1566 546 πολλὰς
1607 489 1697 536 καὶ
1729 501 1832 541 ση-

226 576 351 646 μεῖα
413 573 786 640 εκτελὲσαντες,
841 593 929 628 και
982 571 1055 628 δι’
1102 573 1162 628 ού
1212 574 1387 637 αὐτοῖς
1419 580 1613 647 κόσμον
1645 572 1833 625 ἐσταύ-

225 682 415 737 ρωται,
462 666 554 714 καὶ
593 665 788 714 τούτων
843 663 1062 726 ἕκαστος
1107 673 1180 735 τῷ
1220 667 1422 737 κόσμῳ,
1463 661 1569 726 οἶος
1601 660 1662 721 ἦν
1701 661 1832 714 ἐκεῖ·

225 770 314 812 νος
361 752 386 801 ὁ
438 747 664 802 ε’)δοκών
711 750 760 804 ἓν
812 751 920 811 ταῖς
968 755 1259 816 ἀσθενεὶαις
1314 754 1476 806 αὑτοῦ
1519 757 1609 804 καί
1650 751 1829 822 λέγων,

224 839 389 891 Ὅταν
416 837 639 906 ἀσθενῶ,
670 844 787 891 τότε
818 836 1038 900 δυνατός
1073 842 1200 914 εἰμι.

303 1020 517 1081 Πάντες,
620 1021 768 1087 φησί,
844 1021 1152 1088 κατέχοντες
1232 1019 1494 1092 ῥομφαίας
1569 1013 1661 1068 διά
1731 1024 1832 1068 τῶν

1531 1110 1713 1179 Προκεὶ
1724 1106 1833 1156 σθω

216 1199 328 1268 γὰρ
395 1198 456 1246 τὸ
516 1193 808 1267 λειπόμενον
864 1203 956 1256 τῆς
1012 1195 1312 1268 ᾁσματικῆς
1377 1197 1569 1256 ταύτης
1622 1212 1830 1268 περικο-

215 1290 343 1344 πῆς.

213 1375 319 1434 τὰς
376 1375 709 1446 ἀναιρπικάς
773 1374 1077 1447 ὶγκρατείας
1140 1382 1241 1426 τῶν
1299 1373 1668 1446 ὑπογαστρίων
1737 1389 1826 1422 πα-

219 1115 409 1178 μηρῶν
484 1105 652 1157 αὐτῶν
709 1103 810 1158 ἀπό
880 1105 1110 1180 θάμϐους
1179 1110 1228 1160 εν
1301 1107 1434 1170 νυξὶ.

401 1281 684 1355 Ῥομφαίας
750 1286 834 1336 επὶ
885 1284 984 1335 τῶν
1031 1293 1232 1357 μηρῶν,
1285 1293 1376 1337 του
1405 1283 1560 1355 λόγου
1601 1277 1834 1341 νοοῦντος

218 1462 350 1531 θῶν,
412 1464 504 1512 καί
558 1462 673 1512 ἔστι
722 1469 957 1523 τοιοῦτος
1011 1461 1397 1536 ρομφαιοφόρος
1450 1465 1550 1534 πρὸ
1601 1469 1701 1511 τῶν
1749 1457 1839 1510 ἄλ·

209 1548 321 1600 λων
359 1551 386 1600 ό
442 1553 605 1621 μέγας
645 1555 975 1621 στρατιώτης
1017 1559 1113 1612 τῆς
1155 1553 1394 1624 χάριτος,
1437 1551 1487 1610 ὃς
1533 1546 1838 1601 επιστέλλων

217 1643 408 1710 φησίν.
467 1637 767 1699 Υπωπιάζω
833 1642 924 1711 μεν
988 1643 1046 1691 τό
1123 1647 1276 1711 σῶμα
1342 1644 1432 1691 καὶ
1499 1634 1841 1707 δουλαγωγῶ,

1946 475 2383 547 immersiones,
2415 484 2846 556 Prophetarum
2885 490 2942 540 et
2993 484 3411 557 apostolorum
3464 487 3592 557 glo-

1943 565 2115 623 riatio
2144 586 2290 626 crux
2320 579 2428 644 est,
2482 589 2605 645 qua
2646 573 2930 630 omnibus
2988 575 3356 646 potentiores
3399 575 3595 633 effecti

1945 661 2104 724 sunt,
2129 657 2329 715 multis
2346 661 2662 718 virtutibus
2688 668 2742 718 et
2761 663 2946 732 signis
2977 664 3246 735 patratis,
3280 679 3387 734 per
3405 679 3593 735 quam

1941 746 2209 802 mundus
2247 749 2361 804 illis
2398 751 2721 806 cruciﬁxus
2751 756 2864 820 est,
2923 756 2980 808 et
3033 750 3285 824 quilibet
3350 753 3594 810 illorum

1941 835 2194 904 mundo,
2224 837 2420 909 qualis
2449 844 2575 896 erat
2603 839 2722 906 ille,
2743 839 2849 912 qui
2879 839 2993 895 sibi
3023 839 3301 912 placebat
3341 840 3404 896 in
3433 840 3594 896 inﬁr-

1940 922 2248 979 mitatibus
2269 926 2413 998 suis,
2441 927 2685 984 dicens:
2715 928 2960 995 Quando
2997 929 3294 998 inﬁrmor,
3321 935 3468 985 tunc
3491 945 3598 999 po-

1942 1015 2069 1067 tens
2090 1029 2216 1068 sum
2245 1017 2289 1069 ³.

2015 1102 2246 1166 Omnes,
2276 1105 2739 1178 inquittenentes
2755 1107 2993 1177 gladios
3012 1122 3196 1176 super
3229 1107 3464 1176 femora
3487 1121 3594 1164 sua

1935 1197 2190 1260 propter
2216 1193 2452 1250 timores
2481 1200 2826 1250 nocturnos.
2849 1194 3208 1250 Addendum
3229 1194 3390 1250 enim
3419 1199 3506 1251 est
3531 1195 3595 1250 id

1943 1278 2111 1349 quod
2140 1287 2324 1338 restat
2348 1281 2422 1337 de
2450 1283 2742 1339 sententia
2767 1298 2839 1338 ex
2887 1283 3160 1339 Canticis.
3205 1285 3312 1338 Per
3362 1281 3595 1354 gladios

1945 1381 2125 1439 super
2143 1367 2372 1426 femora
2392 1370 2474 1425 nil
2512 1369 2675 1428 aliud
2722 1370 3081 1440 intelligitur,
3139 1386 3326 1442 quam
3373 1370 3596 1426 coerci-

1945 1454 2137 1511 tiones
2154 1456 2266 1512 illae
2289 1464 2344 1514 et
2361 1459 2776 1528 cohibitiones,
2807 1476 2944 1532 quae
2959 1458 3316 1531 cupiditates
3349 1458 3429 1514 ad
3450 1472 3598 1514 ven-

1949 1549 2097 1600 trem
2131 1553 2472 1618 spectantes
2498 1547 2572 1603 de
2602 1547 2801 1604 medio
2832 1547 3062 1606 tollunt.
3090 1546 3440 1617 Hujusmodi
3452 1563 3598 1603 ense

1951 1637 2088 1689 ante
2115 1634 2263 1690 alios
2287 1637 2638 1707 praecinctus
2660 1641 2788 1692 erat
2803 1651 3059 1705 magnus
3074 1634 3171 1690 ille
3183 1634 3388 1705 gratim
3405 1634 3596 1708 miles,

217 1731 414 1799 μήπως
491 1725 662 1786 ἄλλοις
717 1728 949 1799 κηρύξας
1021 1727 1177 1790 αὐτὸς
1271 1724 1521 1800 ἀδόκιμος
1584 1729 1837 1796 γένωμαι·

1953 1723 2055 1794 qui
2071 1722 2132 1778 in
2147 1723 2416 1796 quadam
2435 1724 2688 1795 epistola
2701 1724 2783 1780 ita
2796 1723 3060 1796 loquitur
3084 1741 3097 1778 :
3125 1722 3367 1794 Castigo
3380 1739 3597 1794 corpus

217 1815 588 1890 Ἐφήρμοσται
641 1811 701 1868 δέ
786 1814 1014 1890 ἀρίστως
1061 1825 1122 1889 τῇ
1195 1816 1359 1889 ἐννοίᾳ
1415 1819 1577 1886 ταύτῃ
1641 1818 1730 1865 καὶ
1760 1815 1840 1880 τό,

219 1907 330 1956 άπὸ
401 1902 631 1976 θάμϐους
688 1905 739 1957 ἐν
786 1905 918 1968 νυξὶ.
981 1908 1138 1977 Κάγώ
1182 1914 1274 1966 τῆς
1323 1903 1620 1964 Λαυῖὃικῆς
1683 1904 1840 1956 όπλο-

223 1993 398 2054 θήκης
450 1993 544 2050 τῆν
601 1993 861 2067 ῥομφαίαν
912 1997 1107 2052 ταύτην
1157 1994 1497 2067 άναλεγόμενς
1568 2005 1840 2070 συμμαχῶ

219 2088 299 2150 τῷ
351 2079 490 2150 λόγῳ
548 2077 912 2154 ἀγωνιζομένῳ
963 2085 1092 2154 πρός
1149 2087 1243 2140 τήν
1290 2078 1577 2145 ἀπόδειξιν·
1636 2083 1836 2156 Ὀπλῳ,

220 2173 386 2240 φησὶ,
458 2171 716 2220 κυκλώσει
778 2189 835 2222 σε
887 2171 916 2228 ὴ
977 2171 1194 2229 ἀλήθεια
1271 2171 1451 2223 αὐτοῦ·
1530 2172 1589 2224 ού
1674 2171 1836 2245 φοϐη-

223 2258 370 2328 θήσῃ
429 2255 532 2308 ἀπὸ
583 2256 742 2332 φόϐου
794 2260 1111 2332 νυκτερινοῦ·
1167 2261 1236 2315 Τὸ
1305 2262 1408 2334 γάρ
1455 2261 1607 2314 ὁπλον
1683 2261 1834 2314 ἀναι-

213 2349 433 2418 ρετικὸν
515 2355 618 2398 τῶν
672 2350 1069 2400 επαναστάσεων
1155 2355 1247 2408 τῆς
1316 2353 1528 2423 σαρκὸς,
1591 2355 1680 2404 καὶ
1738 2358 1836 2404 τῶν

216 2433 453 2487 ἐντεῦθεν
537 2445 841 2511 νυκτερινῶν
926 2439 1328 2510 φαντασμάτων.

458 2167 716 2220 κυκλώσει
778 2189 835 2222 σε
887 2169 916 2228 ὴ
977 2168 1194 2229 ἀλήθεια
1271 2171 1451 2223 αὐτοῦ·

1413 2443 1656 2492 Τοιοῦτόν
1742 2457 1837 2512 μοι

214 2531 313 2575 τοῦ
381 2522 542 2595 λόγου
595 2529 653 2577 τό
703 2525 918 2600 ὅρμημα
970 2531 1195 2600 σήμερον
1261 2529 1317 2579 εκ
1345 2525 1520 2590 κλίνης
1574 2531 1664 2601 μεν
1730 2530 1836 2579 ἀνι-

217 2616 508 2684 στάμενον,
561 2619 651 2666 καί
693 2622 784 2676 τῆς
820 2619 1075 2680 κινήσεως
1130 2616 1520 2689 ἀπαρχόμενον,
1575 2621 1642 2676 εὶς
1683 2612 1742 2668 δέ
1778 2635 1838 2687 γε

211 2707 314 2768 τὰς
395 2701 596 2776 πρωῖας
647 2707 838 2766 ταύτας
882 2705 972 2764 τάς
1027 2709 1491 2776 προσκυνησίμους
1556 2712 1648 2756 τοῦ
1714 2724 1838 2757 παν-

215 2795 489 2848 σεϐάστου
562 2799 790 2866 σταυροῦ
840 2790 1139 2844 ἀποκτεῖνον
1209 2793 1406 2854 πάντας
1477 2796 1599 2854 τούς
1673 2791 1837 2864 ἀμαρ-

213 2885 548 2947 τωλούςτῆς
575 2889 693 2953 γῆν.
744 2877 903 2933 Οὗτοι
953 2876 1013 2932 δέ
1038 2885 1142 2933 εἱσι
1202 2875 1467 2952 δαίμονες,
1522 2877 1839 2954 δημιουργοὶ

210 2983 317 3038 τῆς
376 2973 635 3046 ἁμαρτιας
689 2973 780 3021 καί
831 2976 924 3030 τῆς
971 2988 1159 3031 κακιας
1203 2974 1522 3044 γεννήτορες.
1572 2968 1698 3043 Ἀηρ
1734 2973 1834 3044 γὰρ

213 3067 250 3124 ἦ
313 3073 381 3137 τῇ
423 3066 572 3136 χειρὶ
642 3062 977 3132 τυπούμενος,
1029 3059 1059 3118 ἢ
1118 3067 1178 3132 τῇ
1233 3059 1437 3132 γλώττῃ
1493 3063 1828 3132 τυπτόμενος,
1877 3085 1918 3142 C

213 3162 280 3226 τῇ
347 3159 553 3224 γραφῇ,
613 3157 676 3222 τῇ
748 3147 930 3206 κλήσει
989 3155 1050 3219 τῇ
1132 3156 1411 3220 σταυρικῇ,

213 3244 502 3314 πνεύματα
574 3239 779 3311 μακράν
870 3235 1162 3300 ἀπελαύνει,
1251 3239 1415 3310 Βαρύς
1483 3239 1620 3288 εστιν
1713 3237 1838 3306 ἡμῖν

213 3336 314 3383 καὶ
419 3326 750 3402 βλεπόμενος,
837 3329 926 3376 καὶ
1027 3323 1359 3397 ἀκουόμενος,
1455 3323 1690 3396 λέγοντα,
1797 3324 1823 3374 ὁ

221 3421 473 3492 σταυρὸς.

295 3517 438 3568 ’Ότι
520 3518 692 3566 τοίνυν
740 3511 994 3585 όφθαλμοι
1022 3513 1114 3583 μὲν
1167 3519 1266 3563 τῶν
1334 3517 1554 3576 πιστῶν,
1624 3508 1840 3572 ὀπτικάς

222 3603 521 3679 ἀπορροὶας
578 3601 990 3664 ἑξακοντὶσαντες
1078 3601 1164 3652 επὶ
1220 3603 1305 3652 τὸν
1360 3601 1606 3669 σταυρὸν,
1681 3599 1844 3656 καθη-

221 3692 645 3768 γίάσθησαν.·αὶ
675 3687 735 3742 δὲ
781 3689 873 3741 τού
910 3695 1181 3761 αγιασμοῡ
1244 3688 1579 3762 κορεσθείσαι
1631 3686 1846 3760 πλήρεις

225 3786 464 3858 χάριτος
516 3777 789 3852 παλίρροοι
841 3780 968 3850 πρὸς
1040 3782 1134 3835 τὸν
1193 3772 1334 3829 ἰδίαν
1381 3780 1554 3846 πηγὴν
1583 3773 1844 3846 amoen-

1492 3151 1560 3200 τὰ
1633 3151 1838 3220 ὴαέρια

231 3893 338 3927 σαν
429 3867 585 3942 χείλη
647 3863 706 3920 δι
763 3862 1110 3919 διασταλέντα
1199 3870 1330 3938 πρός
1391 3862 1692 3937 ἀσπασμὸν,
1759 3859 1847 3916 εἶτ’

231 3962 427 4036 ἀθρόον
487 3957 903 4029 συμπτυχθεντα
949 3955 1153 4006 καὶτὸν
1202 3956 1550 4025 ἔποχούμενον
1612 3951 1738 4026 ἀέρα
1775 3960 1847 4022 τῷ

233 4054 362 4121 Θείῳ
449 4054 659 4119 σταυρῷ
738 4046 1122 4116 ἀνιμησάμενα,
1177 4046 1266 4095 καὶ
1379 4041 1850 4114 συνεφελκιζόμενα

229 4136 465 4207 ἔνδοθεν,
557 4140 732 4188 πᾶσαν
805 4136 898 4191 τὴν
977 4140 1076 4184 τῶν
1155 4130 1464 4202 σπλάλχνων
1554 4135 1848 4201 οἰκονομιαν

235 4229 504 4290 ζωοποιοῦ
557 4224 876 4295 εμπνεύσεως
954 4218 1207 4284 ἔπλησαν,
1270 4223 1360 4270 καὶ
1420 4220 1683 4292 ὄσφρησις
1757 4213 1851 4269 διά

235 4326 337 4377 τῆς
415 4309 605 4366 ἐκεῖθεν
649 4313 1069 4380 ιάποπνεομένης
1160 4303 1384 4369 εύωδὶας
1471 4305 1847 4377 ἠγαλλιάσατο·

240 4410 462 4475 μέτωπα
546 4398 625 4466 δὲ,
708 4397 941 4472 βλέφάρά
1005 4416 1059 4449 τε
1115 4401 1204 4448 καὶ
1260 4400 1484 4470 κορυφαὶ
1538 4402 1651 4456 ταῖς
1703 4393 1852 4466 ἀφαίς
1887 4433 1932 4486 D

242 4491 712 4565 καθηγιάσθησαν·
793 4491 910 4564 φερε
977 4491 1068 4538 καὶ
1132 4487 1223 4545 τὰς
1292 4487 1452 4546 ἀκοὰς
1509 4487 1850 4555 κατακοσμή-

249 4601 442 4656 σωμεν,
503 4580 572 4641 ὠς
621 4581 671 4631 ἓν
716 4596 829 4629 τισι
879 4577 1108 4636 ἑνωτίοις
1149 4581 1376 4648 χρυσοῖς
1421 4581 1531 4634 τοῖς
1566 4579 1658 4626 τοῦ
1686 4590 1852 4624 σταυ-

246 4679 344 4748 ροῦ
423 4671 718 4742 εγκωμίοις,
803 4664 910 4736 οὐχ
982 4665 1062 4715 ὃτι
1103 4664 1168 4715 τά
1221 4664 1442 4735 ἡμέτερα
1501 4664 1728 4734 χρύσεα,
1793 4659 1850 4712 ού

249 4747 405 4814 τοῦτό
488 4775 642 4829 φημι,
720 4753 828 4807 ἀλλ’
888 4755 968 4806 ὅτι
1035 4747 1069 4805 δ
1076 4751 1108 4804 ι’
1171 4750 1326 4804 αὑτὸν
1406 4749 1852 4822 ἐγκωμιαζόμενον

249 4853 426 4921 τίμια.
505 4851 735 4918 Τιμᾱται
819 4846 920 4918 γὰρ
1003 4847 1094 4894 καὶ
1154 4841 1301 4904 ξύλον
1369 4845 1531 4912 χερσὶ
1583 4835 1852 4911 δρυτόμου

253 4935 555 5012 ἀπερρωγὸς
626 4929 846 5006 δένδρου
921 4935 1081 4999 τινός,
1159 4934 1248 4982 καὶ
1335 4931 1518 4980 τούτου
1593 4926 1848 5000 ἀκάρπου,

255 5027 366 5080 εἶτα
431 5025 500 5084 εἰς
571 5027 748 5075 κοντόν
819 5019 1325 5094 ἀποτπορνευμένον,
1409 5021 1498 5068 καὶ
1587 5023 1853 5088 σκῆπτρον

253 5117 517 5185 ύπανέχον
574 5115 632 5164 τὸ
681 5108 983 5184 βασιλικόν.
1049 5103 1190 5160 Οἶδα
1241 5109 1330 5178 μεν
1379 5100 1466 5157 οὖν
1512 5104 1593 5156 ὅτι
1644 5105 1858 5166 καὶτὰς

255 5207 414 5264 ἀκοάς
462 5202 756 5272 ἡγιάσθητε
835 5197 1285 5271 μελουργουμένων
1361 5202 1461 5246 τῶν
1526 5195 1696 5264 ὕμνων
1757 5200 1855 5244 τῶν

259 5299 578 5367 σταυρικῶν.
649 5289 788 5348 Πλὴν
841 5286 970 5340 ἀλλὰ
1020 5287 1386 5359 πεφεισμενως,
1449 5287 1538 5334 καὶ
1598 5281 1658 5334 ού
1724 5283 1860 5334 κατά

334 5559 357 5593 ⁸
389 5557 438 5614 ll
469 5559 600 5615 Cor.
632 5572 731 5628 xu,
764 5560 850 5613 10.
927 5555 949 5589 ⁸
977 5553 999 5608 Ι
1026 5554 1158 5610 Cor.
1189 5568 1271 5619 ix,
1296 5555 1386 5608 27.

1461 5551 1482 5584 ⁵
1515 5550 1684 5606 Cant.
1712 5562 1797 5621 in,
1825 5548 1883 5602 8.

1950 1817 2227 1881 meum,et
2257 1815 2314 1868 in
2341 1815 2686 1870 servitutem
2707 1812 3012 1883 redigo,ne
3032 1812 3194 1881 forte
3219 1812 3360 1870 aliis
3381 1812 3599 1881 pradi-

1949 1915 2109 1970 cans,
2130 1902 2256 1969 ipse
2271 1902 2559 1971 reprobus
2579 1903 2814 1972 efﬁciar
2837 1903 2877 1956 ‘.
2903 1901 3044 1958 Huic
3067 1900 3372 1956 sententiae
3412 1900 3599 1972 aptis-

1948 1989 2101 2044 sime
2128 1988 2384 2062 quadrat
2430 1990 2610 2046 etiam
2657 1989 2824 2060 illud,
2867 1997 3118 2059 propter
3167 1990 3407 2045 timores
3457 2004 3598 2046 noc-

1948 2084 2155 2133 turnos
2176 2079 2219 2133 ⁵.
2245 2080 2310 2134 Et
2325 2094 2438 2149 ego
2457 2095 2530 2135 ex
2545 2077 2830 2135 Davidico
2846 2076 3316 2134 armamentario
3332 2075 3594 2147 gladium

1945 2166 2108 2222 hunc
2131 2166 2520 2238 depromens,
2551 2166 2804 2224 orationi
2834 2165 2913 2222 ad
2933 2164 3309 2238 propositum
3344 2164 3598 2221 demon-

1946 2254 2260 2312 strandum
2287 2270 2588 2325 aggressa;
2607 2254 2784 2328 quasi
2808 2253 3114 2328 suppetias
3133 2252 3356 2310 feram:
3388 2254 3596 2319 Scuto,

1945 2343 2159 2416 inquit,
2182 2343 2577 2400 circumdabit
2607 2349 2664 2400 te
2683 2343 2901 2400 veritas
2922 2343 3051 2412 ejus
3075 2356 3226 2408 ;non
3277 2340 3504 2397 timebis
3557 2355 3597 2399 α

1947 2435 2154 2490 timore
2171 2440 2466 2490 nocturno
2487 2434 2529 2486 ο.
2576 2435 2723 2489 Nam
2777 2437 2948 2488 scuto
3000 2431 3117 2488 hoc
3165 2430 3596 2504 impressiones

1945 2523 2163 2590 carnis,
2190 2527 2248 2578 et
2271 2520 2497 2589 omnia,
2527 2535 2665 2593 quae
2687 2519 2828 2576 hinc
2857 2524 3248 2584 enascuntur.
3301 2523 3600 2576 nocturna

1944 2611 2373 2683 phantasmata
2391 2616 2448 2667 et
2477 2615 2708 2684 spectra
2719 2609 3082 2682 comprimit.
3100 2607 3239 2665 Tale
3251 2607 3400 2664 mihi
3419 2606 3599 2664 hodie

1945 2699 2184 2756 dicendi
2209 2699 2525 2756 exordium
2559 2698 2687 2766 erit,
2715 2713 2789 2754 ex
2823 2696 3040 2754 lectulo
3097 2695 3348 2768 quidem
3394 2711 3600 2753 exsur-

1945 2803 2112 2860 gens,
2146 2793 2203 2844 et
2233 2787 2313 2844 ad
2339 2787 2453 2846 hoc
2483 2786 2761 2860 progredi
2790 2785 3084 2857 incipiens
3139 2785 3220 2841 ad
3273 2784 3601 2844 matutinas

1943 2893 2086 2934 vero
2108 2877 2252 2934 istas
2281 2877 2446 2933 omni
2473 2877 2855 2933 veneratione
2897 2875 3099 2944 dignae
3145 2872 3340 2929 crucis
3386 2873 3601 2930 adora-

1945 2967 2156 3033 tiones,
2189 2981 2387 3022 omnes
2427 2971 2769 3034 peccatores
2808 2969 2986 3019 terrae
3031 2962 3448 3030 interﬁciens’.
3502 2961 3598 3018 Isti

1945 3060 2168 3111 autem.
2201 3059 2342 3110 sunt
2369 3052 2696 3118 daemones,
2739 3056 2965 3107 satores
2995 3049 3222 3121 peccati
3246 3053 3303 3104 et
3355 3047 3596 3106 malitia

1945 3143 2394 3215 genitores.Aer
2408 3141 2569 3197 enim
2599 3139 2689 3196 vel
2713 3153 2903 3194 manu
2929 3137 3243 3202 formatus,
3275 3135 3370 3192 vel
3387 3136 3598 3207 lingua

1945 3247 2289 3306 percussus,
2304 3231 2476 3300 signo
2489 3237 2546 3284 et
2555 3227 2932 3285 invocatione
2944 3225 3137 3282 crucis
3150 3225 3343 3282 aerios
3359 3224 3600 3297 spiritus

1945 3319 2158 3394 procul
2180 3319 2386 3390 abigit.
2417 3318 2646 3386 Gravis,
2673 3315 2973 3388 inquiunt,
3012 3313 3190 3370 nobis
3237 3318 3325 3370 est
3371 3329 3518 3372 crux
3541 3317 3602 3372 et

1946 3409 2082 3466 visu
2100 3414 2158 3464 et
2185 3407 2413 3464 auditu.
3167 3457 3170 3460 .

2022 3496 2276 3563 Quando
2308 3495 2484 3566 igitur
2519 3491 2678 3550 oculi
2723 3489 2993 3548 ﬁdelium
3051 3488 3408 3546 emissiones
3465 3489 3600 3548 illas

1951 3585 2174 3641 visivas
2203 3584 2282 3641 ad
2323 3597 2562 3639 crucem
2609 3579 2974 3651 ejaculantes
3029 3575 3380 3634 sanctiﬁcati
3436 3583 3598 3646 sunt,

1951 3673 2186 3747 illasque
2215 3673 2390 3729 donis
2415 3669 2759 3728 caalestibus
2785 3666 3124 3738 cumulatae,
3157 3666 3348 3736 gratia
3384 3666 3598 3738 plenis,

1953 3763 2258 3835 reciproco
2303 3776 2484 3817 cursu
2543 3757 2626 3814 ad
2673 3773 2852 3813 suam
2898 3755 3192 3826 originem
3236 3759 3604 3825 remearunt,

1952 3851 2115 3908 labia
2163 3866 2304 3907 vero
2332 3848 2578 3905 diducta
2606 3844 3106 3904 adsalutationem
3160 3847 3219 3900 et
3275 3841 3552 3900 osculum
3579 3861 3600 3915 ;

1954 3941 2171 3997 deinde
2188 3937 2500 3996 confestim
2523 3935 2822 3992 conducta
2845 3940 2903 3990 et
2928 3947 3302 4005 compressa,
3331 3937 3389 3988 et
3401 3946 3604 3988 aerem

1956 4031 2176 4088 divinae
2207 4029 2366 4085 cruci
2391 4025 2822 4083 circumfusum
2835 4021 3192 4088 haurientia,
3209 4024 3266 4075 et
3277 4019 3602 4076 introrsum

1958 4118 2270 4188 trahentia,
2289 4131 2534 4173 omnem
2554 4112 2949 4168 membrorum
2964 4109 3246 4166 fabricam
3275 4112 3332 4164 et
3347 4107 3604 4180 disposi-

1957 4210 2182 4266 tionem
2194 4206 2424 4262 vivitica
2437 4201 2709 4276 quadam
2725 4198 3112 4273 inspiratione
3129 4197 3602 4270 compleverunt,

1960 4296 2210 4354 olfactus
2230 4294 2477 4365 insuper
2502 4289 2809 4362 voluptate
2838 4287 3115 4360 perfusus
3143 4289 3235 4341 est
3260 4283 3340 4341 ob
3357 4299 3499 4340 suav
3509 4299 3607 4342 eo-

1959 4385 2206 4444 lentiam
2233 4382 2372 4440 inde
2394 4385 2779 4445 manantem;
2811 4376 3032 4433 frontes
3068 4380 3377 4448 praeterea,
3409 4378 3465 4430 et
3509 4390 3608 4430 su-

1961 4473 2227 4548 percilia,
2249 4477 2306 4529 et
2323 4472 2571 4527 vertices
2605 4472 2884 4524 contactu
2910 4463 3442 4522 sanctiﬁcationem
3477 4477 3606 4535 per-

1961 4568 2248 4638 ceperunt
2273 4579 2286 4617 :
2319 4559 2584 4631 agedum
2612 4571 2790 4614 aures
2813 4569 3057 4628 quoque
3102 4568 3407 4622 ornemus,
3432 4549 3610 4624 quasi

1961 4652 2333 4728 quibusdam
2353 4647 2666 4706 inauribus
2685 4643 2882 4701 aureis
2901 4641 3094 4699 crucis
3122 4640 3458 4714 praeconiis,
3484 4654 3608 4728 non

1961 4726 2130 4818 quod
2147 4745 2354 4798 nostra
2365 4737 2777 4795 existimemus
2790 4747 2973 4789 aurea
2991 4749 3004 4798 ;
3018 4745 3141 4787 non
3153 4733 3235 4785 ita
3260 4727 3452 4784 sentio
3476 4726 3610 4794 ;sed

1961 4835 2127 4906 quod
2159 4830 2278 4887 sint
2303 4826 2383 4886 ad
2402 4827 2620 4900 ipsam,
2653 4837 2790 4895 quin
2822 4819 3115 4885 laudatur,
3159 4818 3326 4906 omni
3359 4829 3610 4906 venera-

1961 4903 2119 4980 tione
2142 4919 2345 4990 digna.
2379 4918 2712 4972 Honoratur
2755 4909 2917 4964 enim
2941 4913 2998 4964 et
3029 4907 3264 4976 lignum
3301 4903 3613 4977 [manibus

1961 5009 2271 5080 lignatoris
2291 5021 2365 5060 ex
2385 5002 2621 5067 arbore,
2645 5012 2835 5071 eaque
2855 4994 3226 5051 infructuosa
3262 4991 3537 5055 recisum.
3563 4991 3612 5049 si

1963 5104 2172 5172 postea
2191 5096 2251 5150 in
2268 5100 2513 5150 contum
2535 5087 2899 5154 efformetur,
2931 5087 3351 5156 sceptrumque
3378 5082 3611 5152 regium

1967 5186 2410 5244 sustineat.Non
2433 5196 2527 5236 me
2546 5178 2696 5250 fugit
2717 5175 2916 5246 igitur,
2931 5179 3156 5230 vestras
3174 5187 3418 5246 quoque
3439 5185 3614 5228 aures

1968 5273 2367 5334 sanctiﬁcatas
2397 5285 2526 5327 esse
2566 5265 2810 5339 hymnis
2856 5263 2919 5319 in
2973 5277 3214 5320 crucem
3259 5257 3611 5318 decantatis.

1957 5546 1980 5580 ⁶
2010 5541 2164 5610 Psal,
2194 5556 2287 5605 xc,
2320 5544 2372 5596 5.
2445 5538 2466 5573 "
2498 5534 2651 5593 Psal.
2682 5550 2734 5604 c,
2764 5534 2820 5588 8.
