4096 6208
73 0 166 206 Γ

157 237 268 294 649
1477 239 1547 299 ΙΝ
1583 233 1768 298 VIVIF

1883 241 1941 298 Μ
1981 232 2281 298 CRUCEM.
3441 249 3544 308 650

157 364 301 414 κατά
362 369 466 434 γῆς
542 362 858 435 κυλιόμενον,
910 370 1001 418 καὶ
1082 369 1504 442 περισυρόμενον.
1577 371 1771 420 Γίνεται

1889 369 1945 421 et
1966 364 2124 424 velut
2149 365 2338 438 pilam
2377 363 2712 439 quam-iam
2737 367 2797 423 in
2853 370 3012 424 terra
3061 369 3223 426 volvi
3270 374 3330 427 et
3358 374 3538 430 trahi.

159 457 334 506 τοίνον
393 453 420 504 ό
477 457 588 514 νέος
653 449 850 526 Ἀδὰμ,
901 460 990 508 καὶ
1051 454 1387 530 ἐμφανίζεται
1453 464 1524 510 τῶ
1592 461 1775 529 κόσμῳ

163 540 692 617 ἁνθρωποτροπικῶς,
789 547 850 596 τὸ
931 546 1207 619 θεοπρεπὲς
1286 546 1625 620 οἰκονομικῶς
1724 545 1772 597 ἓν

163 630 378 693 πολλοῖς
436 631 814 703 συγκαλύπτων
887 630 922 686 δ
929 636 982 686 ιὰ
1057 638 1145 688 τόν
1195 633 1489 694 ἀντίπαλον,
1552 639 1652 689 Καὶ
1713 632 1774 694 ἧν

165 723 465 793 ἔμπρακτος
515 728 668 774 τοῦτο
714 717 1040 775 διδασκαλία
1091 731 1161 795 τῷ
1231 727 1523 800 προπάτορι
1574 743 1776 797 μυστα-

571 806 870 882 προδὴλως,
955 812 1092 875 ὁπως
1151 819 1240 866 καὶ
1317 814 1472 866 αὐτόν
1527 811 1635 866 ἔδει
1680 818 1774 872 τὴν

166 897 336 957 πάλην
391 903 507 950 τότε
551 902 1052 972 μεταχειρίσασθαι.

166 828 340 880 γωγου
346 814 481 882 μένῳ

1136 901 1196 954 Εἰ
1259 904 1361 977 γὰρ
1443 900 1562 974 ἐγὼ,
1619 908 1770 973 φησὶ,

167 991 306 1040 κατὰ
366 992 522 1060 φύσιν
574 991 705 1050 Θεὸς
757 990 825 1042 ὣν
881 988 978 1041 κᾶν
1036 998 1146 1052 τοῖς
1197 991 1433 1065 ούρανοῖς
1493 1001 1768 1063 κατοικῶν,

169 1077 237 1139 εἰς
262 1085 366 1149 γῆν
393 1079 646 1150 ἀφῖγμαι,
710 1082 800 1130 καὶ
847 1083 1011 1151 μέχρι
1047 1076 1235 1132 δούλου
1293 1090 1497 1156 μορφῆς
1551 1080 1773 1154 ἐμαυτόν

169 1169 514 1235 ἑταπείνωσα,
545 1163 639 1218 διὰ
664 1171 716 1219 τί
752 1171 818 1220 σὺ
855 1173 1034 1240 γήῖνον
1086 1168 1266 1222 ἑαυτὸν
1324 1167 1496 1238 εἰδως,
1549 1170 1768 1228 πηλίνηι

169 1255 334 1307 οἰκίαν
365 1260 629 1325 οἰκοῦντα,
684 1255 755 1308 ἑνὶ
804 1253 1086 1327 πηδήματι
1139 1267 1240 1310 τῶν
1293 1259 1542 1335 οὐρανίων
1611 1260 1773 1336 ὕπερ-

169 1346 248 1397 θεν
291 1342 530 1417 ἀντύγων
580 1344 859 1419 ἐπειράθης
913 1346 1327 1420 ύπεράλλεσθαι;
1396 1344 1612 1407 Ἐὃέησε
1669 1368 1774 1401 τοι-

165 1433 360 1508 γαροῦν
409 1439 499 1487 τόν
554 1429 665 1487 ἶσον
694 1433 868 1505 ἀγῶνα
893 1437 1020 1510 ὑπὲρ
1076 1437 1222 1508 ἡμῶν
1271 1433 1631 1500 ἀναδέξασθαι
1683 1441 1769 1490 τὸν

170 1522 514 1594 ἀγωνοθέτην,
546 1527 636 1576 καὶ
679 1522 929 1596 ἐντέχνως
989 1524 1334 1578 ύποσκελίσαι
1378 1530 1463 1578 τόν
1517 1529 1769 1603 ἡμέτερον

167 1617 512 1687 πτερνιο-τήν.

234 1705 481 1756 Φυτεύετε
534 1710 808 1778 τοιγαροῦν
875 1703 1022 1766 ξύλον
1083 1704 1133 1756 ἐν
1193 1709 1333 1776 τόπῳ
1391 1711 1635 1780 Κρανίον.
1695 1711 1766 1759 T6
1799 1715 1840 1772 Β

169 1785 224 1843 δε
262 1795 510 1865 Κρανίον,
564 1790 712 1863 λόγος
764 1791 1068 1864 φιλαλήθης,
1121 1795 1460 1868 προπάτοροσ
1517 1797 1770 1867 τυγχάνει

166 1876 359 1952 Ἀδὰμ,
389 1884 481 1932 καὶ
516 1882 704 1933 ὡσανεὶ
758 1879 836 1932 ἐπ’
896 1881 1036 1952 αύτῷ
1081 1883 1234 1955 θεατῇ
1273 1885 1331 1934 τό
1369 1879 1584 1936 στάδιον
1619 1885 1772 1958 ὑπέρ-

165 1988 313 2040 χεται
348 1977 443 2021 τοῦ
478 1969 844 2042 παλαίσματος
878 1972 904 2022 ό
955 1975 1206 2044 Χριστός.
1243 1970 1300 2023 Ὀ
1335 1977 1535 2046 καρπός
1573 1969 1631 2024 δὲ
1665 1980 1756 2024 τοῦ

167 2059 312 2121 ξύλον
342 2061 533 2111 τούτου
572 2061 788 2121 θάνατος
831 2056 892 2117 ἦν
941 2056 1354 2132 προδηλότατος,
1421 2058 1588 2134 μηδὲν
1648 2073 1776 2135 προ·

1429 2147 1647 2213 ἀδοξίαν
1713 2147 1774 2202 δὲ

960 2246 1208 2311 φρονοῦσι
1283 2240 1349 2289 τα
1405 2247 1506 2290 τῶν
1567 2237 1765 2312 ἀνθρώ-

165 2147 471 2220 ϐεϐλημένος
531 2146 821 2220 ἐπαγωγόν,
897 2145 1037 2221 μηδὲ
1121 2145 1346 2215 ἔνδοξον,

161 2242 416 2309 μεγίστην
499 2241 588 2289 καὶ
685 2232 878 2296 ὄνειδος

576 2326 602 2376 6
660 2328 750 2398 μὲν
816 2330 1010 2398 καρπός
1068 2325 1250 2387 ἐκεῖνος
1308 2334 1398 2386 τῆς

161 2345 259 2377 των
290 2369 304 2382 .
389 2329 486 2379 Καὶ
576 2329 602 2376 6
660 2329 750 2398 μὲν
816 2330 1010 2398 καρπός
1068 2329 1250 2387 ἐκεῖνος
1308 2334 1398 2386 τῆς
1481 2331 1722 2398 γνώσεως
1757 2371 1770 2394 ,

162 2417 351 2487 ὡραῖος
407 2411 471 2472 ἦν
531 2413 601 2476 ἑίς
649 2415 830 2488 ὅρασιν
884 2419 974 2466 καὶ
1031 2415 1187 2476 καλός
1247 2415 1319 2476 εἰς
1372 2413 1594 2488 βρῶσιν,
1681 2421 1768 2468 καὶ

155 2501 361 2574 ὑψηλὰς
446 2499 662 2564 ἐλπὶὸας
742 2511 836 2564 τῆς
905 2505 1135 2566 θεὼσεως
1191 2507 1524 2576 προῦτεινεν·
1609 2507 1634 2557 ό
1703 2501 1764 2558 δὲ

164 2595 464 2665 στα-φρικὸς,
540 2592 832 2644 τούναντίον
913 2592 1066 2664 ἅπαν,
1161 2595 1296 2645 ὥστε
1352 2592 1591 2667 πόρρωθν
1684 2597 1771 2646 τόν

159 2682 378 2735 Ἠσαίαν
468 2690 648 2734 τοῦτον
728 2678 922 2754 ἰδόντα,
982 2688 1072 2735 καὶ
1145 2684 1501 2755 παθηνάμενον
1559 2683 1761 2754 λέγειν·

159 2768 384 2844 Εἷδομεν
443 2771 616 2837 αὐτόν,
677 2777 767 2823 καὶ
819 2771 912 2824 ούκ
971 2768 1112 2843 εἶχεν
1171 2767 1310 2833 εἶδος
1371 2767 1495 2824 οὐδὲ
1552 2772 1760 2838 κάλλος,

161 2861 289 2912 ἀλλά
376 2863 434 2913 τὸ
513 2857 650 2921 εἶδος
749 2860 910 2912 αὐτοῦ
1008 2862 1214 2932 άτιμον,
1303 2858 1531 2912 ἐκλεῖπον
1624 2865 1768 2937 παρα

159 2953 353 3010 πάντας
403 2949 732 3024 ἀνθρώπους.
815 2953 914 3002 Καὶ
999 2949 1057 3000 ού
1128 2953 1280 3020 μόνον
1339 2946 1527 3011 άὸοξος
1590 2951 1614 3001 ό
1671 2959 1761 3003 τοῦ

161 3039 315 3102 ξύλον
343 3041 536 3091 τούτου
587 3041 805 3114 καρπός,
862 3037 987 3089 ἀλλά
1045 3058 1133 3090 και
1206 3043 1489 3112 πικραίνων
1542 3043 1635 3098 τὴν
1689 3044 1838 3125 αἵτε

161 3131 382 3186 σθησιν.
437 3127 608 3186 Χολὴν
659 3131 758 3200 γαρ
815 3125 1069 3187 ἀπέϐλυξε
1111 3148 1123 3159 ·
1171 3130 1236 3179 τὰ
1288 3130 1386 3200 γὰρ
1446 3127 1639 3198 γλνκεα

159 3221 459 3292 προπάτορι
504 3217 576 3279 εἰς
631 3217 797 3288 χολὴν
849 3217 1078 3292 ἐστράφη
1116 3225 1188 3287 τῷ
1238 3221 1330 3275 τὴν
1390 3225 1590 3269 πτῶσιν
1646 3222 1767 3270 τού-

158 3327 254 3360 του
281 3305 694 3359 ἀναπαλαίοντι·
749 3310 839 3357 καὶ
896 3311 1126 3376 γίνονται
1177 3308 1244 3357 τα
1307 3305 1510 3357 ἐναντία
1573 3307 1770 3379 ἰάματα

159 3403 266 3447 τῶν
339 3393 601 3460 ἐναντίων,
670 3399 759 3446 καὶ
813 3395 838 3446 ὁ
895 3396 1194 3468 πικρανθεὶς
1245 3395 1404 3454 σώζει
1459 3398 1546 3446 τόν
1607 3393 1767 3454 ἡδυν-

161 3487 316 3537 θέντα
365 3493 440 3554 τῷ
497 3482 636 3553 καλῷ
701 3487 830 3557 πρὸς
885 3481 1086 3556 βρῶσιν
1150 3492 1353 3558 καρπῷ,
1404 3488 1493 3534 καὶ
1552 3483 1767 3538 ἑκουσία

157 3577 432 3645 γύμνωσις
498 3577 557 3624 τό
617 3579 710 3640 τῆς
763 3574 957 3645 φθορᾶς
1001 3568 1200 3644 ἔνδυμα
1282 3574 1568 3643 θεραπεύει,
1623 3575 1764 3624 καιό

157 3660 346 3725 ἄδικος
378 3664 597 3722 θάνατος
631 3666 716 3713 εον
775 3658 982 3713 δίκαιον
1035 3659 1252 3734 ἀναιρεῖ,
1303 3667 1392 3713 καὶ
1459 3666 1516 3713 τό
1586 3661 1758 3727 ξύλον,

154 3758 210 3805 τὸ
282 3758 470 3827 πρώην
524 3749 776 3825 ἐπάρατον
825 3756 915 3803 καὶ
968 3753 1326 3815 θανατοποτόν,
1386 3755 1454 3810 εἱς
1516 3750 1755 3822 εὐλογίαν

156 3840 492 3910 ἀποτελευτᾷ,
531 3844 621 3891 καὶ
651 3839 789 3900 ζωὴν
817 3845 1022 3891 αἰώνιον
1061 3838 1349 3891 ἀναϐάλλει.

1887 453 2158 510 Nascitur
2207 470 2350 526 ergo
2415 469 2608 511 novus
2670 457 2884 527 Adam,
2937 457 3292 532 mundoque
3349 461 3547 534 specie

1886 541 2157 599 humana
2182 543 2520 612 innotescit,
2541 544 2806 600 divinam
2829 546 3225 618 majestatem,
3250 553 3410 606 certa
3426 550 3546 605 dis-

1885 633 2237 704 pensatione
2266 634 2326 688 in
2355 633 2555 690 multis
2578 639 2782 706 tegens
2806 635 2885 691 ob
2908 635 3346 693 adversarium.
3373 641 3546 705 Quod

1887 720 2084 793 primo
2135 722 2369 794 parenti
2415 721 2674 780 efficacis
2729 723 3114 780 institutionis
3180 725 3313 782 loco
3369 732 3541 799 erat;

1887 809 2112 882 quippe
2135 810 2446 882 perspicue
2478 810 2711 878 edocto,
2744 812 3056 884 quomodo
3086 818 3142 869 et
3168 814 3369 886 ipsum
3402 820 3544 871 tunc

1884 897 1964 952 ad
1990 913 2259 969 pugnam
2281 898 2507 969 accingi
2531 900 2876 972 oportuerit.
2900 901 2958 957 Si
2984 901 3142 957 enim
3167 918 3296 973 ego,
3325 903 3538 976 inquit,

1884 986 1988 1059 qui
2017 991 2235 1044 natura
2290 990 2442 1043 Deus
2472 1005 2626 1059 sum,
2679 994 2734 1046 et
2779 990 2838 1045 in
2880 990 3044 1046 caelis
3067 991 3295 1058 habito,
3330 994 3388 1049 in
3428 999 3544 1050 ter-

1883 1090 2016 1130 ram
2035 1075 2342 1143 descendi,
2373 1082 2428 1134 et
2447 1093 2635 1151 usque
2657 1078 2734 1134 ad
2755 1079 3014 1136 formam
3033 1081 3186 1136 servi
3208 1097 3304 1138 me
3326 1082 3542 1139 demisi

1886 1172 1942 1222 et
1969 1167 2182 1238 abjeci,
2216 1184 2402 1241 quare
2433 1173 2514 1239 tu,
2575 1169 2682 1242 qui
2710 1174 2761 1226 te
2804 1175 3140 1228 terrestrem
3167 1188 3316 1240 esse,
3377 1179 3433 1229 et
3479 1175 3541 1230 iu

1880 1253 2042 1310 lutea
2058 1255 2240 1312 domo
2262 1257 2532 1314 habitare
2550 1272 2673 1314 non
2691 1259 3037 1330 ignorabas,
3057 1276 3178 1317 uno
3193 1261 3342 1317 saltu
3363 1278 3542 1336 super

1882 1358 2094 1400 omnes
2117 1344 2386 1402 caelestes
2418 1345 2594 1402 orbes
2621 1346 2841 1404 saltare
2889 1353 3142 1405 conatus
3173 1365 3236 1404 es
3259 1351 3285 1405 ‘?
3316 1351 3538 1416 Quam-

1883 1431 2093 1489 obrem
2123 1449 2369 1491 necesse
2416 1435 2546 1499 fuit,
2579 1440 2645 1492 ut
2706 1436 2838 1509 ipse
2889 1438 3292 1506 Agonothetes
3341 1447 3540 1496 noster

1882 1537 2090 1593 parem
2123 1538 2232 1594 pro
2256 1522 2432 1578 nobis
2464 1538 2734 1596 pugnam
2766 1524 2958 1593 iniret,
2999 1541 3260 1600 eumque
3290 1529 3395 1600 qui
3421 1528 3541 1585 cal-

1881 1626 2136 1666 caneum
2159 1615 2427 1667 nostrum
2453 1612 3084 1680 observat,artiﬂciose
3103 1614 3539 1687 supplantaret.

1954 1701 2271 1771 Eapropter
2305 1701 2538 1770 lignum
2587 1701 2893 1773 plantatur
2934 1703 2994 1758 in
3051 1702 3186 1758 loco
3233 1703 3537 1761 Calvarite.

1883 1789 2014 1842 Ηιεο
2041 1803 2182 1843 vero
2214 1788 2504 1855 Caivaria,
2539 1795 2603 1845 ut
2658 1806 2801 1846 vera
2833 1791 3068 1847 traditio
3118 1791 3320 1860 habet,
3363 1793 3541 1865 primi

1879 1875 2141 1948 parentis
2171 1875 2518 1943 Adamiest,
2555 1893 2678 1950 quo
2717 1878 2877 1934 velut
2914 1883 3244 1951 spectatore
3284 1881 3540 1952 ingredi-

1884 1969 1978 2020 tur
2011 1964 2278 2022 Christus
2336 1966 2599 2022 stadium
2659 1966 2981 2040 locumque
3055 1969 3415 2025 certaminis.
3468 1974 3541 2026 At

1882 2055 2106 2110 fructus
2135 2054 2280 2124 ligni
2337 2055 2517 2127 hujus
2562 2071 2725 2112 mors
2755 2062 2881 2113 erat
2932 2057 3265 2114 certissima
3303 2064 3359 2114 et
3389 2075 3536 2131 prae-

1883 2143 2264 2209 sentissima;
2296 2143 2461 2213 nihil,
2494 2143 2659 2216 quod
2691 2161 2960 2203 recreare
2989 2151 3212 2218 posset,
3267 2146 3534 2222 nihilque

1883 2231 2086 2303 gloriae
2114 2232 2445 2300 continens,
2481 2235 2627 2306 quin
2657 2234 2858 2306 potius
2888 2235 3067 2306 plena
3115 2235 3426 2292 dedecoris
3477 2241 3537 2292 et

1883 2320 2210 2393 opprobrii,
2229 2320 2456 2391 judicio
2477 2321 2735 2393 illorum,
2763 2323 2867 2396 qui
2889 2324 3160 2380 humana
3184 2329 3418 2380 tantum
3437 2340 3535 2380 sa-

1883 2410 2070 2481 piunt.
2134 2412 2200 2464 Et
2255 2409 2483 2466 fructus
2541 2411 2635 2465 ille
2683 2411 2928 2483 quidem
2981 2413 3241 2468 scientiae
3287 2413 3538 2485 pulcher

1883 2503 2008 2554 erat
2037 2499 2186 2567 visu,
2219 2505 2274 2556 et
2294 2500 2603 2570 jucundus
2631 2505 2894 2570 gustatu,
2941 2506 2996 2556 et
3023 2502 3350 2571 magniﬁca
3380 2503 3536 2558 divi-

1880 2586 2080 2642 nitatis
2113 2587 2518 2659 adipiscendae
2569 2604 2678 2660 spe
2706 2588 3014 2661 implebat.
3048 2593 3122 2645 At
3173 2592 3364 2646 crucis
3419 2591 3534 2646 fru-

1881 2682 2010 2730 ctus
2035 2677 2332 2731 contrario
2354 2693 2604 2749 prorsus
2626 2678 2809 2733 modo
2839 2694 2972 2733 sese
2995 2679 3202 2734 habuit
3227 2696 3240 2744 ;
3268 2685 3339 2736 ut.
3357 2680 3538 2736 lsaias

1879 2764 2117 2820 eminus
2152 2765 2432 2821 eumdem
2458 2766 2842 2837 conspicatus
2869 2772 2926 2824 et
2945 2769 3264 2824 miseratus
3286 2769 3496 2824 dixerit
3521 2787 3533 2824 :

1891 2855 2156 2911 Vidimus
2191 2857 2386 2917 illum,
2411 2863 2464 2911 et
2486 2872 2606 2911 non
2629 2857 2876 2912 habebat
2896 2859 3177 2926 formam,
3203 2874 3390 2928 neque
3403 2861 3537 2928 pul-

1878 2945 2300 3006 chritudinem,
2330 2947 2432 3002 sed
2464 2947 2683 3014 species
2705 2948 2872 3002 illius
2902 2949 3029 3002 sine
3063 2947 3288 3003 honore
3313 2950 3438 3016 fuit
3467 2951 3533 3014 ’³,

1878 3039 1962 3102 ut,
2016 3033 2183 3106 quod
2213 3035 2289 3089 ad
2341 3035 2504 3089 illam
2559 3035 2783 3102 attinet,
2845 3036 3130 3090 omnibus
3185 3036 3536 3092 hominibus

1877 3122 2072 3178 forma
2101 3122 2342 3178 inferior
2371 3123 2562 3178 fuerit.
2594 3126 2796 3194 Neque
2850 3123 3046 3179 solum
3096 3123 3324 3179 fructus
3356 3127 3536 3195 hujus

1879 3211 2110 3267 arboris
2140 3211 2426 3282 inglorius
2473 3211 2601 3280 fuit,
2661 3211 2766 3266 sed
2820 3216 2877 3267 et
2932 3228 3176 3268 sensum
3251 3214 3537 3270 amaritu-

1877 3300 2016 3355 dine
2058 3300 2295 3367 infecit;
2328 3315 2472 3355 nam
2504 3298 2581 3354 fel
2626 3299 2925 3363 stillabat;
2959 3316 3095 3373 quae
3149 3301 3308 3358 enim
3339 3303 3537 3375 primo

1878 3388 2109 3459 parenti
2154 3388 2316 3442 fuere
2346 3387 2567 3455 dulcia,
2609 3403 2680 3444 ea
2728 3388 2788 3442 in
2834 3387 2911 3443 fel
2945 3404 3238 3445 conversa
3266 3395 3416 3448 sunt,
3462 3391 3535 3459 ei,

1875 3476 1980 3546 qui
2011 3492 2219 3531 casum
2247 3475 2404 3530 illius
2445 3475 2764 3548 reparavit,
2793 3475 3066 3548 ﬁuntque
3097 3478 3538 3534 contrariorum

1877 3565 2178 3621 contraria
2227 3564 2688 3633 medicamenta,
2723 3569 2780 3620 et
2837 3565 2889 3620 is
2935 3565 3041 3636 qui
3071 3566 3538 3624 amaritudinem

1874 3659 2152 3726 expertus
2183 3658 2292 3720 est,
2321 3659 2523 3708 servat
2548 3653 2717 3708 illum
2759 3654 2860 3726 qui
2893 3653 3144 3726 pulchro
3179 3655 3375 3712 fructu
3407 3673 3540 3713 sese

1869 3743 2215 3808 oblectarat,
2251 3748 2306 3797 et
2349 3742 2701 3798 voluntaria
2730 3743 2971 3798 nuditas
3021 3745 3424 3816 corruptionis
3455 3747 3517 3802 in

1873 3834 2235 3888 (iumentum
2264 3836 2451 3897 curat,
2486 3847 2770 3903 morsque
2800 3831 3263 3903 injustajustum
3284 3834 3541 3914 perimit,

151 3935 204 3985 et
231 3930 471 4000 lignum
518 3928 649 3998 jam
691 3927 922 4000 pridem
951 3926 1391 3983 exsecrandum
1431 3931 1487 3983 et
1539 3925 1916 3982 mortiferum
1965 3921 2028 3978 in
2079 3919 2561 3975 benedictionem
2616 3920 2853 3986 desinit,
2912 3921 3222 3992 vitamque
3253 3927 3539 3977 aeternam

150 4019 456 4090 producit.

204 4106 498 4160 Ka’wrsiwsv
595 4102 1079 4177 παιδαγωγούμεθα
1188 4108 1318 4179 πρὸς
1401 4107 1484 4156 τόν

1610 4107 1775 4176 μέγαν

145 4196 346 4267 ἀγῶνα,
406 4200 498 4247 καὶ
555 4194 960 4266 ἐπιγινωσκομεν
1001 4199 1092 4251 τὴν
1161 4190 1382 4266 μέθοδον
1433 4201 1524 4245 τού
1584 4193 1775 4245 παλαὶ-

154 4303 376 4356 σματος·
441 4289 531 4337 καὶ
594 4286 912 4356 μανθάνομεν
965 4286 1030 4334 τα
1103 4279 1364 4341 ἡδύνοντα
1446 4286 1635 4351 πάντα,
1708 4275 1774 4333 ὼς

1958 4101 2100 4164 Quae
2131 4097 2335 4154 omnia
2365 4097 2442 4154 ad
2493 4097 2705 4166 ingens
2737 4102 3038 4154 certamen
3069 4113 3179 4153 nos
3229 4099 3533 4166 erudiunt,

1886 4191 1942 4242 et
1959 4187 2096 4243 hinc
2117 4202 2337 4258 pugnaa
2361 4186 2649 4242 rationem
2669 4187 3110 4257 cognoscimus,
3129 4187 3538 4260 discimusquc

1883 4276 2088 4332 omnia
2126 4275 2397 4346 jucunda
2427 4280 2490 4330 ut
2521 4275 2704 4331 tristia
2743 4281 2800 4331 et
2831 4275 3050 4332 acerba
3077 4277 3378 4346 defugere,
3412 4293 3536 4350 quo

155 4370 412 4445 ὀδυνηρά,
477 4375 850 4446 παρατρέχειν,
932 4375 1122 4443 γυμνοὶ
1204 4373 1556 4444 προσθαθείας
1641 4372 1770 4422 εἶναι

1883 4363 2028 4419 nudi
2059 4364 2246 4418 simus
2276 4365 2354 4419 ab
2381 4364 2548 4420 omni
2572 4379 2713 4434 erga
2761 4364 3062 4420 mundum
3092 4364 3428 4434 affectione,
3460 4383 3536 4422 ne

154 4471 241 4513 τοῦ
292 4467 523 4534 κόσμου,
599 4463 682 4512 ἱνα
770 4465 838 4532 μὴ
912 4463 1012 4532 ἔχη
1109 4463 1484 4534 κοσμοκράτωρ
1581 4458 1764 4522 λαϐάς·

155 4551 548 4624 ὑπερεύχεσθαι
596 4553 923 4624 ἐπηρεαστῶν
996 4551 1064 4610 ὡς
1120 4551 1415 4621 εὐεργετῶν,
1467 4549 1526 4600 ἂν
1587 4546 1768 4620 διαμε-

1109 4463 1484 4534 κοσμοκράτωρ

155 4641 406 4710 ρὶξωνταί
435 4658 568 4701 τινες
597 4642 663 4691 τὰ
707 4641 891 4711 ἱμάτια
943 4641 1009 4690 τα
1067 4637 1121 4690 ἐκ
1168 4646 1260 4698 τῆς
1308 4640 1609 4711 τετρακτύος
1666 4646 1765 4690 τῶν

159 4735 446 4801 στοιχείων
502 4728 956 4801 συμπεπλεγμένα,
1036 4726 1155 4799 μηδ’
1230 4726 1650 4798 ἐπιστρέφεσθαι·
1718 4730 1768 4777 τί

159 4820 255 4891 γὰρ
289 4816 356 4868 ἆν
418 4822 510 4869 καὶ
560 4815 817 4888 βλάψειαν
867 4822 958 4867 τοῦ
1016 4816 1204 4866 ἄνωθεν
1262 4813 1622 4886 ἐξυφασμένου
1680 4834 1770 4885 χι.

154 4911 498 4979 τῶνος,φημι
523 4915 614 4967 τῆς
640 4905 844 4977 ψυχῆς,
901 4909 1040 4956 σὼου
1097 4907 1186 4954 καὶ
1251 4901 1510 4977 ἀρραγούς
1586 4899 1770 4974 διαμε-

156 5015 374 5064 νοντος;
447 4999 534 5048 τὸν
605 4997 819 5047 θάνατον
901 4994 1052 5045 τύτὸν
1123 4994 1192 5053 ὡς
1255 4996 1375 5066 ὄναρ
1436 4990 1764 5062 λογίζεσθαι.

155 5085 348 5141 Ἔσται
404 5089 504 5160 γὰρ
565 5085 685 5137 ὃταν
745 5080 1154 5154 δινπνισθῶμεν,
1205 5086 1292 5132 καὶ
1345 5085 1434 5138 τὴν
1492 5079 1768 5155 ἀνέσει-ερον

160 5178 360 5251 ἡμραν
407 5175 643 5246 ὀψόμεθα
695 5177 785 5225 καὶ
865 5175 1218 5242 κατάσχωμεν
1278 5168 1522 5240 ἀσφαλῶς
1574 5175 1668 5227 τὴν
1721 5167 1768 5220 ἐν

161 5272 313 5320 νυκτὶ
337 5272 430 5319 τού
472 5262 594 5337 βίον
621 5262 1004 5337 φανταζομένην
1037 5262 1160 5333 ἡμῖν
1187 5256 1487 5332 βασιλείαν.

250 5558 450 5628 1’Isa,
481 5555 618 5634 ιλιι,
645 5558 698 5609 2.
838 5623 868 5634 Α
981 5621 1056 5634 Μ’

538 5628 789 5684 Punon.
832 5623 932 5680 Gn.
975 5620 1126 5677 CXL.

1879 4453 2159 4524 princeps
2191 4453 2370 4523 hujus
2403 4452 2612 4508 mundi
2655 4454 3035 4510 occasionem
3089 4455 3378 4510 adversus
3425 4471 3536 4512 nos

1878 4543 2152 4614 accipiat.
2189 4541 2478 4597 Discimus
2527 4542 2702 4598 etiam
2761 4543 2898 4598 hinc
2945 4559 3115 4599 orare
3167 4560 3277 4616 pro
3333 4544 3403 4599 iis
3431 4545 3537 4615 qui

1877 4647 1988 4686 nos
2009 4630 2236 4686 laedunt
2263 4636 2554 4702 tanquam
2583 4647 2694 4702 pro
2724 4631 3248 4688 benefactoribus:
3283 4638 3338 4687 et
3387 4633 3534 4687 nihil

1877 4720 2121 4785 morari,
2156 4719 2201 4774 si
2232 4720 2336 4791 qui
2367 4719 2639 4774 dividant
2672 4723 3022 4776 vestimenta
3051 4737 3121 4776 ex
3153 4719 3535 4793 quadruplici

1878 4809 2313 4864 elementorum
2344 4808 2491 4863 serie
2517 4813 2935 4877 coagmentata
2963 4828 2974 4876 ;
3009 4810 3155 4880 quid
3177 4809 3333 4864 enim
3354 4825 3534 4864 nocu-

1879 4897 2064 4952 menti
2112 4897 2326 4953 inferre
2371 4902 2616 4968 queant,
2675 4897 2724 4951 si
2769 4897 2968 4952 tunica
3013 4897 3244 4967 superis
3299 4897 3359 4952 in
3417 4898 3537 4954 oris

1881 4991 2060 5055 texta,
2083 4987 2288 5042 anima
2311 4987 2583 5059 inquam,
2609 4985 2776 5041 salva
2807 4991 2862 5042 et
2880 4986 3113 5054 integra
3141 4989 3538 5057 permaneat?

1881 5075 2176 5132 Discimus
2203 5075 2462 5146 denique
2505 5075 2700 5146 ipsam
2736 5077 2987 5128 mortem
3037 5078 3334 5146 tanquam
3375 5093 3537 5130 som—

1880 5164 2049 5220 nium
2070 5163 2384 5235 quoddam
2413 5169 2707 5235 reputare.
2743 5161 2861 5218 Erit
2901 5163 3060 5218 enim
3109 5168 3347 5234 tempus
3401 5180 3538 5219 cum

1881 5253 2375 5326 expergeﬁemus,
2410 5252 2692 5324 diemque
2725 5252 2852 5308 sine
2877 5268 3128 5324 vespera
3148 5253 3538 5321 intuebimur,

1883 5357 2210 5414 securaque
2239 5341 2675 5413 occupabimus
2705 5341 2870 5413 illud,
2904 5343 3074 5414 quod
3116 5342 3178 5398 in
3225 5347 3398 5400 nocte
3428 5343 3534 5398 liu-

1875 5432 1978 5504 jus
2003 5430 2136 5488 vitae
2166 5431 2370 5488 animo
2400 5433 2458 5486 et
2485 5430 2841 5502 cogitatione
2865 5432 3255 5504 concepimus
3287 5447 3539 5503 regnum

3224 5613 3286 5664 2i

3953 5 3994 56 ev

3950 71 4002 108 τ’.

3963 423 4012 472 ,ἡὴ

3979 489 3996 510 ὶ
4017 493 4028 514 ι

3950 909 3954 914 .
3973 861 4026 946 1"

3973 1087 3978 1090 -
3997 1063 4024 1110 ,ἑ

3999 1141 4022 1200 La.

4005 1353 4046 1420 ,ΞΕ-

3950 1479 3952 1482 ’
4017 1483 4024 1498 1

3991 1677 4038 1724 εν

4017 1957 4020 1960 .
4039 1947 4046 1962 .

4011 2067 4024 2118 ι

4003 2301 4046 2376 .;I‘

4005 2561 4028 2584 ³.

3957 2617 3962 2622 '
4019 2591 4034 2612 "I

4011 2635 4034 2676 :
