4096 6208
93 319 244 374 653

1445 308 1517 372 1N
1567 307 1924 364 VIVIFICAM
1961 310 2246 372 CRUCEM

3439 327 3545 386 65L

92 440 340 506 ληται,
402 436 512 490 ἀλλ’
574 440 674 510 ἔχῃ
744 435 890 498 ζωήν
945 441 1172 494 αἰώνιον.
1243 443 1450 510 Πρῶτον
1504 428 1590 484 οὖν
1643 435 1771 507 πρός

1904 432 2192 494 iistoriam
2206 435 3064 513 dubitationibusquibusdam
3096 459 3539 516 percurremus.

97 534 231 588 τὴν
311 529 555 601 ἱστορίαν
631 517 1039 599 ἀπορηματικῶς
1107 523 1508 596 ᾀπαντὴσωμεν.
1575 526 1638 574 Τί
1705 516 1772 578 δή

101 636 275 670 ποτε
338 613 655 688 δακνομένου
702 622 793 666 τόν
843 614 938 666 λαο
973 615 1124 667 ῦυπό
1175 616 1349 686 ὄφεως,
1407 617 1497 663 καὶ
1547 609 1776 670 ἀποθνή-

113 718 404 768 σκοντος,
463 705 531 766 εἰς
573 709 657 755 τόν
712 702 794 756 ἐπὶ
841 709 1098 778 μετεώρου
1153 707 1387 773 χαλκουν
1445 702 1558 772 ὄφιν
1613 697 1772 772 ἀναρ-

111 802 240 866 τᾲν
283 797 386 856 τὰς
419 802 509 854 τῆς
540 793 675 854 ζωῆς
707 787 922 854 ἐλπίδας
968 790 1248 844 ἐπέτασσεν
1275 792 1300 841 ὁ
1334 794 1465 851 Θεός
1492 806 1504 855 ;
1542 792 1642 840 Καὶ
1671 791 1775 860 μὴν

119 883 240 935 ἀπ’
313 881 494 958 ἁρχῇς
539 879 614 933 δι’
678 883 836 952 ὄφεως
886 882 1104 942 Θάνατος
1153 880 1218 940 εἰς
1275 884 1360 932 τόν
1422 884 1620 950 κόσμον
1672 876 1776 928 εἰσ-

121 973 312 1034 ῆλθε,
369 977 460 1023 καὶ
507 979 598 1022 τον
647 969 800 1032 ξύλου
846 977 936 1029 τῆς
990 970 1124 1030 ζωῆς
1174 966 1542 1042 ἀπεστέρηται.
1595 967 1689 1016 Δια
1726 967 1776 1014 τί

125 1059 207 1114 δὲ
267 1068 355 1133 μὴ
408 1063 533 1134 πρός
597 1064 690 1117 τὴν
756 1057 976 1110 κιϐωτόν
1043 1057 1238 1114 ἐκείνην
1303 1061 1396 1116 τὴν
1469 1057 1776 1125 σεϐάσμιον,

127 1157 250 1209 τὴν
316 1152 706 1222 Θανματοποιόν
760 1147 1002 1211 ἀτενίξειν
1057 1145 1327 1218 ἐπέτρεψεν
1381 1147 1420 1210 ό
1473 1147 1622 1207 Θεός,
1690 1146 1779 1193 καὶ

1035 1235 1094 1287 Ἠ
1150 1232 1209 1287 δε
1262 1238 1519 1290 Μνησαίκὴ
1581 1227 1781 1306 ῥάϐδος

130 1335 289 1392 ποῦ,
354 1330 384 1385 ἡ
448 1331 569 1387 τοὺς
623 1327 763 1398 ὄφεις
821 1323 1242 1377 καταναλώσασα
1292 1332 1392 1375 τῶν
1451 1317 1707 1374 ἐπαοιδῶν
1763 1333 1776 1382 ;

124 1246 247 1298 τὴν
313 1241 591 1314 θεραπείαν
647 1235 981 1308 Imperium;

139 1415 258 1470 διὰ
329 1422 383 1468 τί
435 1421 507 1490 μὴ
563 1422 653 1468 καὶ
701 1415 832 1474 αὐτὴ
886 1412 1336 1484 ἁποθηριωθείσα,
1389 1413 1560 1472 καθὼς
1608 1412 1780 1462 καὶτὸ

139 1511 450 1581 πρότερον,
511 1509 632 1566 τοὺς
677 1503 959 1578 ἕρημικούς
1009 1506 1246 1554 κατέπιεν
1304 1503 1443 1572 ὃφεῖς
1491 1517 1504 1566 ς
1564 1503 1632 1550 Τό
1700 1494 1778 1549 δὲ’

144 1598 238 1648 0:}
301 1600 549 1654 ποιήσεις
604 1599 705 1646 πᾶν
767 1595 1028 1664 ὁμοίωμα,
1097 1587 1216 1643 οὗτε
1285 1599 1385 1640 τῶν
1447 1587 1497 1640 ἐν
1560 1587 1780 1664 οὐρανῷ,

387 1693 489 1736 τῶν
555 1682 603 1734 ἐν
798 1689 892 1754 γῇ,

149 1687 288 1739 οὔτε
387 1693 489 1736 τῶν
555 1682 603 1734 ἐν
667 1691 729 1754 τῇ
798 1689 892 1754 γῇ,
971 1690 1082 1741 πῶς
1142 1683 1285 1756 παρὰ
1351 1687 1440 1730 τοῦ
1505 1679 1782 1749 νομοθέτου

1883 523 2004 587 Qus
2035 522 2109 578 de
2139 541 2343 593 causa,
2371 543 2511 582 cum
2535 528 2792 601 populus
2811 540 3134 602 aserpente
3167 534 3542 592 morderetur

1882 615 1938 666 et
1965 620 2310 680 moreretur,
2335 617 2614 688 praecepit
2638 617 2812 678 Deus,
2841 625 2906 676 ut
2927 636 3098 690 spem
3125 622 3258 677 vitm
3285 639 3540 695 suspen-

1881 716 2014 756 sam
2043 701 2331 764 haberent.
2365 705 2444 762 ab
2483 722 2651 761 aeneo
2683 715 2956 779 serpente
2988 711 3048 766 in
3097 711 3287 766 altum
3335 712 3489 768 elato
3513 712 3541 767 7

1885 789 2057 860 Atqui
2085 790 2282 846 statim
2315 808 2352 848 a
2369 794 2613 850 condito
2635 796 2865 852 mundo
2889 813 3048 852 mors
3065 815 3170 871 per
3201 807 3540 872 serpentem

1881 879 1942 934 in
1965 879 2260 936 mundum
2295 882 2634 948 intraverat,
2685 883 2971 957 lignoque
3001 887 3131 944 vita:
3183 888 3368 944 homo
3421 889 3542 963 pri-

1873 973 2054 1028 vatus
2087 967 2294 1026 fuerat.
2328 972 2442 1026 Cur
2496 986 2616 1026 non
2669 973 2936 1043 permisit
2999 977 3171 1044 Deus,
3226 981 3290 1032 ut
3336 977 3544 1034 oculos

1884 1062 2298 1114 converterent
2317 1057 2392 1114 ad
2409 1061 2820 1117 venerandam
2847 1062 3009 1118 illam
3033 1070 3090 1120 et
3111 1064 3542 1124 miraculorum

1885 1144 2240 1202 effectricem
2271 1162 2496 1213 arcam,
2540 1149 2746 1222 sicque
2774 1157 3126 1208 curarentur
3167 1154 3196 1208 ?
3241 1154 3350 1210 Ubi
3398 1171 3543 1211 vero

1889 1236 2056 1304 virga
2073 1236 2346 1303 Mosaica,
2363 1253 2500 1310 quae
2528 1245 2832 1312 serpentes
2861 1257 3180 1310 magorum
3196 1244 3546 1302 devoravit?

1887 1341 1992 1380 cur
2009 1340 2130 1380 non
2147 1326 2423 1398 etipsain
2442 1335 2798 1400 serpentem,
2833 1337 2896 1386 ut
2931 1331 3094 1397 olim,
3148 1340 3541 1404 commutata,

1888 1413 2228 1486 absumpsit
2247 1415 2377 1471 illos
2407 1416 2466 1472 in
2497 1433 2699 1474 eremo
2729 1425 3038 1491 serpentes
3061 1422 3089 1476 ?
3123 1421 3270 1478 Illud
3300 1428 3538 1482 autem:

1888 1503 2024 1558 Non
2048 1503 2233 1571 facies
2254 1519 2484 1560 omnem
2502 1506 3173 1581 simititudinem,neque
3184 1526 3541 1583 eorum,quce

1892 1592 1953 1646 in
1978 1592 2148 1654 creto,
2176 1607 2364 1663 neque
2385 1610 2611 1660 eorum,
2642 1610 2778 1666 quae
2808 1599 2868 1652 in
2897 1601 3063 1655 terra
3086 1600 3130 1633 ¹⁶
3154 1601 3549 1671 :quomodoa

1890 1680 2228 1752 legislatore
2255 1681 2540 1740 violatum
2564 1689 2673 1749 est,
2696 1690 2754 1742 et
2778 1685 3014 1742 irritum
3044 1688 3370 1758 redditum,
3401 1689 3551 1746 dum

153 1778 475 1847 ἠκύρωται,
527 1777 615 1824 καὶ
672 1767 955 1834 δοξάζεται
1007 1772 1122 1842 ὄφις
1177 1769 1407 1841 χαλκοῦς
1468 1767 1646 1838 ψιλαῖς
1703 1763 1785 1816 ἐπ-

1904 1784 2083 1828 ereus
2109 1784 2356 1841 serpens
2377 1786 2501 1827 non
2523 1773 2650 1828 sine
2667 1773 2881 1844 gloria,
2901 1775 3027 1832 solo
3054 1780 3110 1832 et
3131 1777 3298 1834 nudo
3313 1778 3548 1845 intuitu,

158 1868 511 1934 εντρανίσεσι
538 1862 802 1925 ζωοποιων
831 1864 874 1931 (ι
889 1861 930 1929 );

239 1953 416 2026 Ὀρᾲς
474 1955 567 2009 τὴν
624 1958 717 2012 τῆς
769 1947 990 2022 ἀπορίας
1058 1950 1233 2022 σειρὰν
1312 1949 1380 2006 ὡς
1445 1943 1784 2010 πολύπλοκος,

147 2033 242 2104 ⁴ὡς
282 2042 520 2115 ἰσχυρὰ,
570 2041 640 2100 ὠς
670 2035 1067 2102 δυσδιάλυτοςς
1117 2035 1186 2088 Ὤ.
1229 2033 1388 2108 βάθος
1429 2033 1652 2086 πλούτου
1701 2035 1789 2081 καὶ

941 2125 1076 2178 Θεοῦ
1089 2168 1102 2181 .
1173 2123 1190 2136 ”

166 2239 258 2269 νον
295 2213 362 2275 ἦν
417 2221 519 2292 πρό
574 2217 772 2267 αἰώνων
802 2219 860 2266 τό
915 2219 1231 2288 μυστὴρμον
1283 2221 1374 2266 τον
1405 2217 1653 2282 σταυροῦ·
1702 2212 1791 2258 καὶ

169 2135 372 2202 σοφίας
449 2133 539 2179 καὶ
620 2133 859 2198 γνώσεως
941 2125 1102 2181 Θεοῦ.
1173 2124 1190 2136 ”
1239 2133 1412 2184 Οντως
1464 2124 1790 2196 προωρισμέ-

169 2311 353 2372 ἄλλως
405 2310 504 2362 οὐκ
557 2306 663 2362 ἔδει
712 2310 1182 2384 πραγματευθῆναι
1232 2316 1331 2359 τὼν
1379 2304 1659 2378 ἀνθρωπων
1697 2305 1790 2360 τὴν

174 2405 461 2471 σωτηρίαν
512 2403 540 2457 ἧ
575 2402 726 2471 μόνον
777 2394 869 2450 διὰ
900 2405 1151 2472 σταυροῦ.
1186 2396 1245 2448 Ὀ
1296 2392 1355 2448 δὲ
1397 2396 1792 2467 προτετύπωται

169 2493 271 2563 μὲν
331 2494 581 2564 πρότερον
624 2486 719 2539 κάν
762 2495 834 2558 τῷ
878 2493 1144 2560 μονογενεί
1189 2480 1345 2538 παίδι
1404 2490 1495 2536 τοῦ
1554 2479 1793 2554 Ἀϐρααμ

172 2587 254 2648 τῷ
327 2577 383 2640 ἐξ
449 2576 779 2648 ἐπαγγελίας,
847 2584 918 2645 τῷ
985 2573 1324 2646 εὖλογημένῳ·
1401 2576 1491 2624 καὶ
1553 2566 1792 2641 δεύτερον

174 2668 230 2720 ἐν
273 2676 356 2737 τῇ)
403 2667 543 2738 καλῷ
594 2670 660 2717 τὰ
698 2667 870 2717 πάντα
921 2665 1137 2735 Ἰωσήφ·
1189 2662 1295 2714 ἀλλ’
1346 2665 1427 2714 ὁτι
1478 2657 1664 2722 ἔνδοξα
1728 2660 1794 2709 τὰ

177 2756 609 2826 προσκιιίσματα
665 2754 800 2810 ἦσαν
859 2757 949 2806 καὶ
1000 2757 1244 2818 πίνακας,
1294 2753 1465 2822 ἔφερον
1515 2755 1682 2799 ταῦτα
1713 2746 1792 2798 ευ-

180 2843 484 2916 λογημένον
563 2846 759 2913 γένους,
841 2845 928 2892 καὶ
995 2843 1450 2914 μεμακαρισμένου
1519 2835 1792 2908 ἀπεξεσμέ-

185 2953 291 3000 voc,
326 2934 434 3006 οὐχ
466 2935 652 2992 ἰστησι
701 2936 867 3004 μέχρι
913 2934 1097 2984 τούτου
1144 2936 1238 2989 τὴν
1281 2931 1615 3006 προτύπωσιν
1645 2928 1671 2978 ό
1722 2920 1794 2976 δι’

190 3025 384 3076 ἑαυτου
439 3027 504 3075 τὰ
579 3023 1027 3095 εἰκονουργήματα
1090 3024 1221 3093 πρός
1286 3025 1370 3072 τόν
1436 3016 1796 3091 ὶντελόμορφον

1899 1858 2078 1914 vitam
2102 1858 2351 1928 largitur
2369 1861 2396 1916 ?

1970 1945 2140 2001 Vides
2157 1947 2550 2006 dubitationis
2567 1951 2746 2024 quasi
2766 1957 3064 2012 catenam.
3086 1956 3282 2022 Quam
3301 1960 3391 2012 est
3405 1955 3557 2015 mul-

1898 2035 2098 2110 tiplex,
2127 2052 2314 2108 quam
2336 2038 2514 2096 tirma
2538 2045 2596 2095 et
2621 2056 2810 2112 quam
2840 2042 3273 2100 indissolubilis
3300 2045 3313 2100 Ξ
3350 2045 3553 2102 Οαιεί-

1899 2126 2042 2184 tudo
2069 2126 2418 2184 divitiarum
2443 2129 2751 2198 sapientiae
2771 2137 2825 2187 et
2863 2133 3125 2188 scientias
3151 2135 3261 2190 Dei
3284 2135 3323 2168 '7
3353 2134 3366 2188 ι
3406 2135 3555 2192 Vere

1899 2220 2036 2270 ante
2075 2215 2296 2272 saecula
2321 2215 2446 2286 jam
2481 2217 2925 2288 prtedetinitum
2951 2225 3082 2280 erat
3106 2221 3299 2278 crucis
3331 2227 3555 2294 myste-

1899 2303 2074 2369 rium,
2108 2319 2217 2359 nec
2241 2303 2411 2362 aliter
2437 2305 2756 2364 hominum
2793 2305 2958 2364 salus
2987 2309 3373 2380 procuranda
3424 2310 3554 2373 fuit.

1898 2407 2086 2464 quam
2110 2407 2214 2464 per
2234 2391 2428 2450 solam
2449 2410 2708 2465 crucem,
2729 2410 2867 2467 quas
2886 2397 3135 2468 quidem
3169 2399 3337 2470 prius
3376 2398 3559 2462 etiam

1900 2481 2284 2552 praeﬁgurata
2313 2483 2488 2538 estin
2523 2483 2825 2552 unigenito
2863 2484 2986 2541 tilio
3023 2485 3300 2552 Abrahae,
3349 2485 3410 2542 in
3465 2502 3558 2552 eo,

1899 2568 2005 2640 qui
2026 2585 2095 2626 ex
2124 2570 2550 2641 promissione,
2575 2572 2639 2628 in
2687 2571 2788 2628 illo
2837 2572 3179 2632 benedicta.
3227 2576 3302 2634 Et
3321 2591 3561 2636 rursum

1901 2657 1963 2714 in
1987 2659 2252 2729 Josepho
2283 2659 2383 2716 illo
2412 2659 2680 2718 formoso
2709 2661 2770 2720 iu
2802 2662 3107 2730 omnibus.
3142 2665 3365 2726 Verum
3419 2665 3567 2737 quia

1903 2746 2030 2802 istae
2060 2746 2266 2820 ﬁgura)
2307 2747 2561 2806 illustres
2613 2753 2800 2818 erant,
2851 2751 3236 2824 insigniaque
3287 2753 3564 2822 ferebant

1904 2833 2232 2894 benedictae
2262 2843 2320 2893 et
2349 2837 2539 2894 beatae
2566 2838 2787 2910 stirpis,
2816 2854 2941 2906 non
2972 2846 3290 2904 contentus
3318 2841 3427 2898 l'uit
3450 2842 3566 2900 hac

1904 2924 2472 2998 prasigniﬁcatione
2497 2927 2735 2996 divinus
2764 2944 2984 2996 sermo,
3003 2929 3108 3001 qui
3129 2931 3329 3002 seipso
3358 2929 3566 3000 imagi-

1906 3030 2013 3070 nes
2041 3013 2380 3070 futurorum
2411 3015 2611 3087 plena,
2643 3021 2702 3072 et
2728 3017 3016 3076 omnibus
3047 3019 3314 3086 numeris
3370 3019 3564 3090 perfe-

190 3111 647 3185 διαζωγραγήσας
709 3111 863 3182 λόγος
901 3115 1054 3174 Θεοῦ,
1135 3108 1241 3162 ἀλλ’
1310 3103 1458 3167 εἰδὼς
1532 3106 1613 3157 ὃτι
1667 3106 1792 3177 μετὰ

1907 3109 2002 3159 cta
2036 3102 2232 3172 ﬁgura
2278 3102 2597 3172 describit;
2649 3104 2757 3160 sed
2806 3106 2951 3178 quia
3009 3105 3236 3164 sciebat
3265 3106 3566 3172 Christum

195 3203 400 3275 ἀνόμων
446 3201 840 3272 λογισθήσεται,
891 3220 980 3252 και
1029 3205 1138 3261 τοίς
1187 3197 1235 3250 ἐν
1282 3199 1486 3270 κατάρᾳ
1543 3196 1796 3270 συναριθ-

193 3295 494 3364 μηθῂσεται
565 3286 658 3341 δια
713 3293 800 3342 τόν
867 3289 1081 3340 θάνατον
1146 3295 1237 3338 τοῦ
1302 3292 1553 3357 σταυροῦ,
1620 3283 1798 3336 καὶτὸ

198 3378 275 3434 δι’
351 3382 503 3454 ὄφεως
592 3376 1096 3452 συμπαραλαμϐάνει
1178 3377 1562 3450 προχάραγμα,
1648 3374 1800 3434 οἱονεί

197 3488 335 3529 τινος
382 3475 666 3540 χρώματος
720 3465 956 3537 μέλανος·
1015 3467 1122 3516 ἔστι
1171 3467 1269 3536 γαρ
1324 3459 1469 3522 οὗτος
1519 3469 1615 3514 τῶν
1683 3459 1799 3514 ἑπι-

199 3560 519 3631 καταράτων,
588 3560 677 3608 καὶ
763 3548 1293 3626 συμμυολογογραφεῖ
1365 3547 1437 3604 δι’
1495 3549 1652 3602 αὐτοῦ
1706 3554 1800 3610 τὴν

205 3629 438 3716 εὐλογιαν
489 3652 581 3696 τοῦ
638 3648 862 3716 κόσμου.
925 3639 1216 3713 Προσέλαϐε
1267 3643 1368 3713 γὰρ
1423 3643 1516 3696 τὴν
1577 3656 1803 3712 καταρα-

209 3737 384 3787 ϐεἰσαν
432 3737 586 3804 φύσιν
636 3734 800 3804 ἡμῶν,
856 3737 945 3782 καὶ
995 3726 1233 3783 δείκνυσι
1294 3733 1487 3786 ταυτην
1539 3731 1804 3800 σωτηρίας

212 3825 400 3889 αἰτίαν,
445 3827 533 3872 καὶ
583 3825 714 3884 ζωῆς
761 3819 1016 3872 ἀθανάτου
1080 3822 1439 3890 πηγαστικήν,
1500 3818 1804 3888 ὐμοιοῡται

213 3909 272 3966 δε
327 3919 429 3973 τοῖς
492 3914 654 3982 ὄφεσι,
707 3915 946 3962 τουτέστι
997 3916 1106 3970 τοῖς
1157 3911 1534 3980 κατηραμένοις
1601 3904 1802 3980 ανθρώ-

213 4022 327 4063 ποις
362 4002 475 4052 ἄνευ
531 3999 810 4072 ἁμαρτίας,
864 4004 954 4052 καὶ
1005 3999 1030 4049 ό
1061 3997 1294 4069 χαλκοῦς
1327 4001 1436 4070 ὄφις
1481 3999 1675 4067 εὖηχος
1705 3999 1801 4053 κή-

215 4091 314 4166 ρυξ
364 4097 448 4150 τῆς
502 4087 904 4162 ἁναμαρτησιας
945 4095 1037 4142 τοῦ
1089 4085 1522 4162 προσλήμματος,
1575 4084 1655 4136 ἰοῦ
1709 4085 1802 4136 θαο

215 4183 489 4251 summa.
544 4175 958 4249 ἀπηλλαγμένος.
1015 4175 1170 4250 Ὀφις
1220 4171 1278 4228 δε
1326 4178 1412 4226 τόν
1472 4174 1544 4225 ἰόν
1569 4171 1652 4226 ἐπὶ
1705 4177 1804 4226 σώ-

217 4286 368 4343 ματος
416 4269 570 4340 φέρει,
623 4271 712 4317 καὶ
759 4264 977 4336 ἔϐλαψεν
1028 4263 1076 4317 ἐν
1131 4273 1201 4336 τῷ
1254 4259 1562 4339 παραδείσῴ
1593 4264 1618 4314 ό
1671 4281 1804 4338 προ-

221 4358 364 4411 ελθὼν
409 4355 594 4408 ἐκεῖθεν
640 4357 770 4427 μετὰ
828 4351 983 4407 δόλου
1051 4353 1398 4428 ψιθυρισμὸς.
1463 4356 1690 4427 Χριστός
1744 4347 1803 4404 δε

1906 3209 2044 3254 cum
2097 3191 2315 3264 iniquis
2369 3197 2709 3264 reputatum
2755 3193 2848 3263 iri,
2897 3199 2954 3251 et
3003 3195 3158 3254 inter
3207 3195 3567 3268 maledictos

1907 3279 2376 3345 numerandum,
2407 3285 2652 3353 propter
2672 3282 2865 3338 crucis
2895 3282 3282 3354 supplicium,
3314 3299 3451 3348 eam
3483 3283 3565 3342 ob

1907 3385 2157 3428 causam
2187 3367 2424 3436 asciscit
2452 3384 2697 3442 quoque
2726 3369 2988 3430 efﬁctam
3027 3373 3288 3444 speciem
3317 3387 3569 3444 serpen-

1911 3459 2002 3525 tis,
2035 3463 2328 3531 tanquam
2357 3457 2510 3527 nigri
2541 3458 2865 3530 cujusdam
2897 3459 3136 3528 coloris,
3166 3461 3269 3534 qui
3316 3461 3568 3528 maledi-

1909 3548 2016 3604 ctis
2067 3551 2124 3604 et
2144 3546 2456 3604 devotioni
2481 3547 2762 3606 obnoxiis
2795 3549 3078 3622 proprius
3107 3555 3215 3617 est,
3257 3550 3428 3608 tacite
3451 3566 3572 3623 que

1911 3651 2017 3709 per
2043 3639 2380 3712 serpentem
2410 3635 2628 3698 mundi
2653 3637 2903 3696 salutem
2923 3639 3205 3696 insinuat.
3229 3639 3394 3696 Prius
3413 3638 3575 3698 enim

1911 3725 2238 3798 assumpsit
2283 3725 2681 3784 exsecrationi
2728 3726 3066 3798 subjectam
3115 3733 3396 3786 naturam
3433 3744 3574 3786 nos-

1912 3821 2086 3883 tram,
2109 3829 2367 3888 eamque
2399 3815 2604 3872 salutis
2649 3832 2898 3874 causam
2947 3823 3005 3874 et
3052 3819 3187 3874 vitm
3219 3817 3574 3876 immortalis

1911 3904 2162 3965 fontem.
2183 3908 2240 3960 et
2258 3904 2554 3974 originem
2577 3921 2713 3962 esse
2735 3906 3014 3962 ostendit.
3049 3907 3265 3962 Similis
3281 3912 3485 3964 autem
3505 3906 3574 3964 tit

1913 3993 2311 4066 serpentibus,
2335 3994 2449 4050 hoc
2469 4000 2577 4064 est,
2595 3993 2997 4052 maledictioni
3017 3995 3295 4052 obnoxiis
3319 3995 3575 4060 homini-

1911 4083 2028 4139 bus
2055 4083 2163 4138 sed
2191 4081 2423 4154 absque
2447 4088 2710 4154 peccato,
2733 4082 3054 4154 clarusque
3086 4085 3251 4142 testis
3288 4091 3344 4140 et
3372 4099 3573 4157 praeco

1911 4177 2059 4231 imm
2070 4171 2312 4226 unitatis
2333 4186 2369 4224 a
2381 4177 2626 4242 peccato
2639 4171 2791 4242 ejus,
2811 4171 2918 4243 qui
2943 4172 3102 4228 cruci
3129 4187 3462 4244 appensus,
3477 4177 3573 4230 est

1916 4257 2041 4332 ipse
2072 4275 2264 4316 aereus
2291 4274 2562 4331 serpens,
2596 4258 2811 4316 veneni
2843 4259 3133 4320 mortiferi
3171 4277 3407 4334 expers,
3441 4265 3574 4320 Ser-

1914 4365 2064 4422 pens
2095 4364 2231 4404 vero
2259 4363 2556 4404 venenum
2589 4348 2698 4405 fert
2723 4348 2786 4404 in
2815 4365 2936 4416 ore,
2970 4351 3148 4406 nocui
3163 4356 3302 4424 tque
3353 4352 3416 4410 in
3467 4369 3576 4426 pa-

224 4447 466 4521 ἁμαρτίαν
541 4445 635 4497 οὐκ
717 4443 978 4510 ἕποιησεν,
1065 4440 1190 4496 οὐδὲ
1263 4444 1442 4516 εὑρέθη
1521 4439 1668 4502 δόλος
1753 4439 1792 4492 ἐι

1915 4439 2117 4496 radiso
2137 4436 2383 4494 dolosus
2408 4436 2503 4494 ille
2529 4443 2586 4493 et
2637 4437 3057 4498 fraudulentus
3116 4457 3417 4512 susurrus,
3470 4442 3577 4515 qui

225 4544 292 4606 τῷ
337 4539 552 4607 στόματι
608 4532 787 4599 αὐτού,
845 4552 934 4585 και
988 4532 1147 4594 σώζει
1196 4535 1281 4584 τόν
1329 4535 1526 4603 κόσμον
1577 4529 1678 4584 ἀπό
1708 4537 1803 4590 τῆς

230 4625 422 4697 φθορᾶς.

297 4797 472 4862 ’ἰώδεες
512 4801 561 4852 οἱ
603 4795 810 4861 ὀδόντες
853 4806 945 4850 τοῦ
991 4816 1150 4871 οφεως
1191 4803 1278 4850 καὶ
1327 4799 1546 4851 θανάτου
1589 4797 1806 4870 μέλανος

234 4891 467 4966 πρόξενοι,
535 4895 773 4963 Χριστοῦ
835 4883 894 4940 δε
959 4890 1008 4939 οἱ
1067 4883 1276 4950 ὀδόντες
1338 4887 1532 4955 λευκοὶ,
1583 4891 1612 4946 ἣ
1672 4887 1807 4958 γάλα

235 4983 355 5032 κατὰ
406 4983 496 5040 τὴν
545 4981 862 5051 προφητείαν
889 4974 1098 5043 Ἰακὼϐ,
1148 4985 1302 5028 τοῦτο
1352 4980 1463 5049 μὲν,
1507 5019 1521 5043 ,
1554 4977 1632 5028 ὅτι
1676 4981 1806 5042 πρὸς

236 5071 319 5128 τὴν
359 5077 446 5141 γῆν
498 5069 639 5140 ἡμᾶς
694 5063 883 5138 ὁδηγεῖ
934 5067 960 5118 ὁ
1013 5066 1163 5138 λόγος
1210 5065 1372 5118 αὐτοῦ
1425 5066 1648 5140 ῥέουσαν
1691 5066 1807 5139 μέλι

237 5162 316 5226 καὶ
356 5156 500 5229 γάλα,
550 5162 643 5214 τὴν
699 5160 889 5215 νοητὴν
949 5153 1306 5228 Ἰερουσαλήμο
1362 5162 1515 5207 τοῦτο
1569 5151 1650 5223 δέ,
1714 5151 1809 5207 διὰ

305 5300 344 5333 ⁸⁸
371 5297 543 5355 Exod.
569 5313 666 5368 xx,
695 5299 748 5352 4.
827 5298 869 5332 ¹⁷
905 5299 1075 5353 Rom.
1102 5310 1188 5366 ιι,
1219 5299 1310 5353 33.

279 5547 288 5556 .
307 5475 374 5578 (ll)
395 5473 582 5578 γει-ξε.
605 5473 704 5529 illa
720 5473 920 5578 referri
936 5471 1285 5578 pos'supt’ad
1302 5472 1500 5578 ipsum
1512 5473 1797 5578 gog'sem,

253 5547 294 5601 si
314 5539 466 5602 lectio
497 5545 612 5601 hoc
658 5545 843 5600 modo
894 5539 1287 5600 constituatur
1308 5539 1342 5598 :'
1368 5547 1469 5596 Καὶ
1523 5539 1804 5606 δοξάζεται

254 5619 366 5690 ὄφεις
373 5615 594 5690 χαλκοῦς
608 5615 647 5688 ψ
657 5615 785 5676 ιλαῐς
797 5614 1185 5688 ίπεντρανίσεσι
1207 5615 1575 5676 ξωοποιῶν.Ει
1605 5621 1806 5673 tamen

1387 5296 1433 5332 ιε
1463 5297 1482 5350 ι
1515 5298 1668 5353 Petr.
1699 5311 1761 5365 ιι,
1793 5298 1886 5353 21.

1913 4528 2054 4604 inde
2079 4527 2316 4600 prodiit.
2353 4530 2423 4582 At
2448 4525 2715 4583 Christus
2741 4535 3051 4597 peccatum
3076 4545 3198 4586 non
3247 4531 3412 4600 fecit,
3467 4546 3576 4588 nec

1911 4621 2188 4676 inventus
2204 4621 2288 4672 est
2304 4615 2479 4672 dolus
2498 4616 2560 4671 in
2577 4631 2679 4672 ore
2694 4618 2824 4685 ejus
2846 4617 2908 4687 ³⁸,
2935 4622 3254 4690 servatque
3277 4617 3575 4676 mundum

1913 4723 1950 4765 a
1985 4705 2390 4776 corruptione.

1984 4794 2267 4852 Venenati
2297 4797 2433 4849 sunt
2457 4792 2667 4849 dentes
2700 4793 3014 4868 serpentis,
3056 4795 3386 4866 mortisque
3431 4798 3574 4850 atrae

1914 4890 2224 4950 auctores;
2251 4889 2311 4939 at
2338 4882 2774 4939 Christidentes
2795 4883 3035 4938 candidi
3066 4888 3224 4942 sunt.
3253 4882 3349 4938 vel
3377 4883 3576 4954 potius

1915 4974 2008 5030 lac
2035 4971 2370 5028 secundum
2383 4970 2762 5043 prophetiam
2777 4970 2962 5028 Jacob
2987 4971 3051 5032 '9,
3071 4970 3290 5042 partim
3327 4971 3575 5044 quidem

1915 5061 2082 5135 quod
2113 5076 2311 5118 sermo
2332 5060 2464 5130 ejus
2502 5075 2614 5116 nos
2657 5059 2840 5116 ducat
2879 5060 2940 5116 in
2995 5064 3216 5122 terram
3279 5060 3456 5118 melle
3520 5064 3580 5119 et

1917 5152 2070 5208 lacte
2093 5156 2462 5215 manantem,
2491 5148 2569 5204 ad
2591 5148 2920 5205 Jerusalem
2965 5148 3129 5206 illam
3180 5150 3574 5222 spiritualem,

1964 5296 2013 5332 ”
2044 5296 2186 5352 Gen.
2221 5309 2366 5363 χιιι,
2403 5294 2489 5352 12.

1912 5472 2204 5530 laudatur
2219 5478 2272 5530 et
2291 5471 2627 5545 celebratur
2644 5471 2742 5530 M0
2750 5487 2876 5543 νεεδ
2892 5472 3053 5545 quod
3069 5487 3250 5545 aereos
3274 5477 3576 5545 serpentes

1913 5545 2342 5618 efﬁnxeritdta
2375 5550 2454 5618 _ut
2483 5541 2769 5618 Cri-ignotus
2799 5541 2924 5602 non
2977 5543 3051 5601 sit
3099 5542 3418 5612 viviﬁcare,
3471 5541 3577 5598 sed

1915 5614 2195 5673 animalis
2227 5615 2490 5688 speciem
2512 5614 2814 5685 efﬁngere.

4021 54 4023 128 1

4021 134 4025 224 1

4021 232 4027 300 1

4027 428 4031 510 1

4031 526 4035 678 41

4035 720 4037 782 1

4037 818 4039 872 1

4039 916 4041 972 1

4041 1014 4043 1070 1

4043 1112 4045 1154 1

4045 1210 4047 1258 1

4047 1308 4049 1378 1

4049 1406 4051 1460 1

4051 1502 4053 1558 1

4053 1600 4055 1662 1

4055 1698 4057 1732 |

4057 1796 4059 1864 l

4059 1894 4061 1942 1

4061 1992 4063 2023 1
