4096 6208
586 316 708 372 ϐὕὸ

606 443 665 497 et
686 436 814 494 solo
839 431 1136 491 intellectu
1177 425 1465 501 coguosci
1517 428 1724 500 aptam
1748 444 1764 497 ;

604 525 772 600 quod
800 521 1139 595 typicarum
1160 514 1758 590 repraesentationum
1781 529 1907 572 non
1929 514 2005 569 sit
2046 527 2261 600 capax,

605 598 749 672 nam
774 611 968 667 solum
990 608 1083 663 lac
1108 622 1174 663 ex
1207 605 1491 662 omnibus
1515 603 1783 660 humidis
1820 601 2082 675 speciem
2130 598 2263 656 nul-

604 704 728 759 lam
767 698 1013 768 effigiat,
1068 710 1268 767 neque
1324 694 1550 750 formas
1604 706 1926 765 corporeas
1975 688 2163 745 reddit
2208 691 2268 745 et

606 787 944 862 repercutit.
967 788 1222 857 Serpens
1240 788 1439 839 autem
1457 781 1705 839 exuvias
1726 778 2052 853 quotannis
2073 777 2261 850 ponit.

606 883 678 937 At
697 878 963 935 Christus
1009 872 1158 930 nihil
1214 871 1427 928 habuit
1481 870 1557 927 de
1606 870 1788 926 veteri
1840 868 2108 937 homine,
2160 865 2265 939 qui

608 966 1010 1039 corrumpitur
1038 962 1372 1019 secundum
1398 960 1695 1018 desideria
1732 957 2103 1032 deceptionis
2163 971 2264 1013 ne-

611 1075 728 1132 quc
757 1054 1097 1129 quidquam
1131 1050 1386 1122 abjecit;
1420 1050 1548 1106 sine
1577 1054 1825 1122 peccato
1854 1048 2015 1105 enim
2066 1060 2264 1102 novus

612 1147 805 1205 Adam
836 1143 982 1201 vixit
1002 1156 1294 1214 novaeque
1342 1144 1628 1196 creaturae
1684 1142 1913 1194 auctor.
1943 1135 2096 1193 Talis
2125 1149 2264 1191 cum

614 1242 787 1303 esset,
819 1237 880 1291 in
933 1248 1173 1289 crucem
1234 1229 1522 1291 ascendit,
1580 1243 1766 1300 seque
1815 1226 2014 1283 statim
2067 1223 2265 1282 omnis

614 1324 867 1383 maculae
892 1325 1195 1394 expertem
1217 1334 1347 1375 esse
1374 1317 1614 1390 publice
1662 1315 2007 1373 testificatur
2031 1330 2045 1381 ;
2099 1328 2265 1369 acce-

616 1416 885 1487 densque
901 1411 1014 1477 ille,
1034 1410 1137 1483 qui
1149 1410 1279 1479 jam
1294 1406 2021 1479 deprimebaturserpens,
2044 1402 2189 1459 nihil
2206 1403 2265 1458 in

618 1522 690 1561 eo
705 1502 943 1576 reperit.
961 1498 1251 1557 Omnibus
1269 1498 1429 1552 enim
1450 1494 1647 1552 modis
1664 1494 1936 1567 superior
1949 1496 2077 1549 erat
2095 1507 2266 1548 vene-

618 1609 764 1649 num
790 1590 1047 1663 jaciente
1076 1586 1321 1653 malitia,
1369 1585 1845 1658 praefocaturque
1895 1580 2266 1655 perniciosus

620 1682 716 1739 ille
744 1694 1013 1753 serpens,
1047 1682 1103 1733 et
1129 1676 1312 1732 draco
1340 1678 1616 1747 apostata
1639 1673 1743 1740 qui
1768 1670 2120 1728 calcaneum
2162 1686 2265 1727 no-

1808 292 2119 359 GERMANI
2158 298 2204 354 ll
2243 298 2270 356 ί

2394 295 2871 363 ΡΑἸἮΙΛΗΟΗᾸΞ.
3812 312 3895 369 656

1822 423 2045 499 partim
2099 438 2260 493 vero,

2383 426 2434 476 τὸ
2486 435 2585 479 τῶν
2631 437 2861 482 τοπικῶν
2926 428 3193 503 ἐμφάσεων
3241 425 3614 504 ἁπαράδεκτον.
3668 432 3786 485 Γάλα
3821 438 3896 509 γὰρ

2377 517 2530 584 μόνον
2566 515 2622 579 ἐξ
2668 516 2905 571 ἁπάντων
2957 520 3129 593 ὑγρῶν
3182 517 3277 570 οὐκ
3328 514 3465 571 οἶδεν
3513 515 3741 574 ὶνδαλλειν
3766 542 3898 597 lapa-

2376 606 2580 678 κτήρων
2643 604 2914 680 ἐμφάσεις,
2967 612 3057 660 καὶ
3108 610 3301 669 τύπους
3364 604 3657 661 ἀποπάλλειν
3714 628 3897 682 σωματι·

2373 694 2520 755 κούς.
2571 692 2728 768 ’Ὁφις
2783 693 2842 750 δὶ
2879 701 2973 755 τὴν
3023 693 3281 772 λεϐηρίδα
3326 691 3399 748 δι’
3445 699 3583 758 ἔτους
3608 696 3896 770 ἁπαμφιένον-

2374 799 2482 835 ται.
2514 788 2749 859 Χριστὸς
2798 782 2857 838 δὲ
2895 786 3002 838 οὔτ’
3036 784 3149 859 εἶχέ
3186 804 3237 838 τι
3283 794 3373 838 τοῦ
3428 784 3639 838 παλαιοῦ
3679 785 3897 862 ἀνθρώπου

2374 878 2465 922 τοῦ
2513 874 2845 947 φθειρομένου
2894 877 3030 928 κατὰ
3086 878 3177 936 τὰς
3246 873 3515 947 ἐπιθυμίας
3575 884 3662 936 τῆς
3721 875 3898 947 ἀπάτης,

2374 959 2481 1011 οὔτ’
2538 960 2868 1033 ἀπεϐαλλετο,
2918 962 3291 1037 ἀναμαρτήτως
3344 968 3447 1024 νέος
3497 958 3663 1036 Ἀδάμ
3704 971 3898 1037 γεγονὼς,

2374 1053 2465 1101 καὶ
2527 1059 2616 1112 τῆς
2696 1062 2879 1115 καινῆς
2958 1058 3172 1114 κτίσεῶς
3238 1051 3495 1126 ἀρχηγὸς.
3574 1059 3791 1115 Τοιοῦτος
3850 1055 3901 1105 ὠν

2375 1140 2650 1214 ἀνατρέχει
2701 1139 2785 1195 ἐπὶ
2843 1144 2901 1195 τὸ
2958 1141 3126 1206 ξύλον,
3180 1147 3271 1194 καὶ
3332 1140 3613 1199 στηλιτεύει
3663 1141 3813 1195 ἑαυτὸν
3844 1143 3904 1195 r3-

2377 1229 2464 1290 θυς
2516 1229 2898 1303 ἀναμάρτητον,
2956 1236 3046 1283 καὶ
3099 1232 3125 1283 6
3179 1232 3323 1283 κάτω
3396 1236 3663 1306 συρόμενος
3712 1231 3806 1303 ὄφις
3848 1231 3904 1283 ἰλ-

2376 1317 2494 1385 θὼν,
2526 1319 2755 1392 εὑρίσκει
2812 1318 2860 1372 ὶν
2892 1319 3029 1391 αὖτῷ
3062 1316 3232 1378 οὐδέν.
3292 1318 3551 1381 Παντελῶς
3602 1322 3693 1393 γὰρ
3745 1316 3796 1377 is
3837 1329 3904 1380 τῆς

2376 1404 2580 1460 ἰοϐόλον
2648 1414 2838 1472 κακίας
2901 1410 3200 1484 ὑπέρτερος,
3258 1414 3349 1462 καὶ
3414 1411 3725 1481 κατάγχεται
3771 1411 3905 1482 μενά

2374 1490 2541 1559 δεινὸς
2623 1502 2735 1571 ὄφις
2823 1504 2913 1553 καὶ
2995 1496 3369 1574 δροίποστοξτης
3433 1500 3459 1551 6
3551 1498 3783 1571 ἐπιτηρων
3834 1503 3902 1556 τήν

2371 1588 2587 1660 πτέρναν
2643 1588 2810 1660 ἡμῶν,
2874 1589 3099 1650 σώζεται
3154 1585 3214 1641 δξ
3266 1590 3292 1641 6
3343 1587 3557 1662 Ἰσραήλ
3605 1588 3778 1663 ὀόρων
3815 1596 3904 1648 νοῦς

2369 1677 2457 1726 τὸν
2519 1679 2663 1745 Θεὸν,
2743 1683 3006 1752 σωτηρίαν
3072 1677 3276 1731 αἰώνιον
3355 1676 3696 1750 ἐπιγινώσκων
3763 1684 3904 1728 τοῦτον

619 1776 807 1827 strum
828 1768 1131 1830 observat,
1159 1768 1545 1821 conservatur
1567 1766 1767 1819 autem
1795 1759 1994 1827 Israel,
2026 1759 2265 1816 animus

2383 1766 2521 1828 Θεὸν,
2591 1770 2751 1840 σαρκὶ
2810 1770 2902 1840 μεν
2967 1766 3379 1841 ἐσταυρωμένον,
3456 1768 3651 1825 θεότητι
3710 1763 3761 1819 δὲ
3809 1766 3905 1827 Cm-

617 1860 827 1915 videns
858 1860 1066 1925 Deum,
1089 1867 1582 1925 cognoscensque
1603 1850 1856 1907 salutem
1872 1854 2157 1905 aeternam
2178 1864 2264 1904 re-

615 1948 880 2021 positam
900 1945 961 2001 in
989 1944 1102 2000 hoc
1134 1945 1273 2005 Deo,
1305 1955 1484 1997 carne
1512 1938 1759 2012 quidem
1805 1936 2109 2004 cruciﬁxo,
2159 1953 2267 2010 per

615 2037 984 2094 divinitatem
1034 2046 1178 2088 vero
1231 2029 1566 2086 vivificante
1624 2030 1934 2096 mortuos;
1982 2025 2044 2082 in
2082 2041 2267 2098 quem

615 2124 928 2199 perspicue
957 2120 1241 2194 competit
1267 2124 1324 2176 et
1351 2118 1571 2175 desinit
1597 2116 1909 2174 oraculum
1940 2116 2154 2189 Moysis
2184 2115 2266 2172 sic

612 2212 1031 2271 vaticinantis:
1069 2208 1340 2267 Videbitis
1368 2209 1551 2265 vitam
1602 2215 1860 2266 vestram
1915 2206 2267 2275 pendentem

615 2309 755 2359 ante
807 2302 1010 2358 oculos
1070 2304 1293 2356 vestros
1363 2299 1431 2353 ²⁰.
1496 2299 1745 2352 Necesse
1809 2294 1971 2350 enim
2029 2293 2267 2350 habue-

614 2394 753 2448 runt
807 2394 865 2447 et
918 2388 1021 2452 illi,
1081 2388 1187 2460 qui
1238 2386 1406 2459 prius
1450 2401 1488 2442 a
1548 2384 1924 2457 serpentibus
1978 2383 2077 2439 icti
2133 2382 2265 2439 fue-

2369 1860 2619 1907 ποιοῦντα
2674 1858 2791 1916 τοὺς
2855 1858 3214 1931 νεκρωθέντας,
3284 1856 3355 1919 εἰς
3422 1857 3475 1908 ὃν
3539 1854 3743 1908 ἕκϐαίνει
3808 1872 3906 1929 προσ

2375 1938 2543 2003 δήλως
2598 1944 2628 2001 ἠ
2657 1950 2947 2019 προφητεία
3000 1949 3257 2007 Μωυσέως
3318 1945 3662 2019 προλέγοντος*
3709 1941 3906 2014 ι’θρεσθε

2368 2035 2465 2088 τὴν
2516 2031 2655 2091 ζωὴν
2695 2034 2838 2107 ὑμῶν
2875 2039 3197 2109 κρεμαμένην
3245 2038 3516 2087 κατέναντι
3554 2043 3646 2086 τῶν
3685 2030 3907 2104 ὀφθαλμῶν

2373 2120 2535 2191 ὑμῶν·
2582 2120 2840 2195 Ἀνάγκην
2886 2126 2987 2197 γὰρ
3022 2120 3164 2196 εἶχον
3207 2128 3296 2176 καὶ
3327 2125 3379 2176 οἰ
3405 2131 3511 2186 τοῖς
3550 2128 3685 2197 ὄρεσι
3711 2124 3908 2197 πρότερον

2375 2203 2691 2283 δεδηγμένοι
2719 2214 2850 2286 πρὸς
2878 2216 2965 2265 τὸν
2997 2211 3410 2287 ἀνεστηλωμένον
3435 2216 3545 2287 ὅφιν
3574 2211 3907 2287 ἑπεντρανίξιιν,

2373 2297 2444 2359 ὡς
2492 2298 2598 2370 οὐχ
2651 2300 2833 2376 ἑτέρως
2882 2307 3281 2377 χορηγουμένου
3308 2302 3513 2366 τούτοις
3562 2310 3647 2355 τοῦ
3673 2301 3757 2373 ζῇν
3781 2298 3805 2356 ἢ
3832 2295 3907 2349 ἀπὸ

2373 2393 2469 2449 τῆς
2502 2387 2570 2448 εἰς
2600 2390 2754 2441 αὐτὸν
2786 2388 3079 2452 ἁτενίσεως,

612 2482 768 2547 rant,
791 2475 2030 2548 adeum,quiexcolumnasuspensuserat,
2048 2476 2406 2544 serpentem,
2429 2476 2635 2533 oculos
2679 2478 2880 2536 levare
2931 2480 3105 2552 quasi
3135 2478 3302 2537 aliter
3346 2481 3431 2537 eis
3474 2480 3585 2537 vita
3633 2491 3746 2535 non
3791 2476 3912 2533 esset

613 2567 968 2629 obventura,
996 2579 1181 2637 quam
1209 2563 1288 2620 ab
1313 2562 1538 2619 intento
1562 2566 1813 2634 aspectu
1841 2561 1901 2617 in
1926 2560 2114 2617 illum.

684 2658 928 2711 Etnunc
957 2666 1069 2709 nos
1089 2651 1312 2724 quibus
1337 2655 1475 2707 ante
1525 2650 1734 2706 oculos
1785 2652 1953 2706 Jesus
1998 2649 2261 2705 Christus

612 2744 955 2818 depingitur
999 2756 1268 2798 consona
1313 2739 1515 2796 divino
1562 2738 1769 2812 psaltaa
1827 2738 2036 2795 Davidi
2088 2754 2264 2795 cana-

610 2850 749 2890 mus
786 2850 798 2888 :
852 2831 1024 2888 Oculi
1052 2830 1312 2885 omnium
1339 2830 1402 2885 in
1438 2834 1494 2884 te
1524 2833 1771 2898 sperant
1805 2834 1859 2884 et
1896 2832 1961 2882 tu
1986 2825 2090 2882 das
2142 2825 2263 2881 illis

610 2940 804 2983 eseam
829 2925 893 2979 in
923 2928 1187 2991 tempore
1215 2925 1550 2990 opportuno
1580 2920 1649 2974 ’⁸.
1684 2917 2061 2975 Sacriﬁcatus
2102 2916 2263 2972 enim

610 3019 668 3070 et
691 3026 1019 3085 suspensus
1032 3014 1234 3080 Agnus
1247 3008 1348 3064 Dei
1368 3006 1676 3081 propriam
1690 3022 1933 3063 carnem
1963 3005 2262 3062 edendam
2294 3019 2335 3073 c
2376 3010 2633 3084 εὐκαιρίᾳ.

610 3103 863 3177 apponit
922 3100 1037 3157 illis
1100 3099 1206 3172 qui
1268 3098 1329 3154 in
1396 3102 1450 3154 te
1481 3114 1651 3171 spem
1678 3096 1886 3153 salutis
1939 3100 2261 3170 reponunt.

609 3192 817 3266 Aperis
844 3195 907 3246 tu
937 3203 1155 3245 manus
1181 3193 1339 3255 tuas,
1370 3186 1724 3260 expandens
1756 3202 1859 3243 eas
1886 3185 1946 3241 in
1978 3201 2176 3253 cruce,
2207 3190 2266 3242 et

613 3280 829 3354 imples
856 3293 1034 3336 omne
1066 3276 1292 3333 animal
1320 3276 1504 3332 Patris
1535 3277 1617 3333 tui
1646 3274 2041 3348 beneplacito.
2075 3274 2266 3331 Patris

610 3385 755 3427 vero
782 3365 1227 3439 beneplacitum
1251 3368 1361 3432 est,
1398 3370 1462 3421 ut
1509 3379 1721 3421 omnes
1775 3363 2052 3420 homines
2116 3362 2266 3418 salvi

611 3458 783 3527 ﬂant,
813 3470 919 3528 per
942 3453 1344 3510 voluntariam
1370 3458 1538 3508 tuam
1559 3453 1905 3524 passionem
1926 3457 1984 3508 et
2003 3467 2262 3519 crucem,

616 3550 674 3602 et
701 3550 766 3600 ut
787 3558 999 3599 omnes
1025 3542 1086 3597 in
1114 3540 1482 3611 agnitionem
1509 3540 1768 3596 veritatis
1801 3541 2065 3597 veniant.
2093 3540 2268 3610 Agni-

618 3635 698 3691 tio
728 3636 927 3688 autem
952 3631 1213 3687 veritatis
1245 3634 1331 3686 est
1356 3630 1507 3686 ﬁdes
1536 3634 1695 3686 recta
1725 3629 1784 3685 in
1838 3634 1916 3698 te,
1976 3635 2266 3701 tuumque

618 3726 853 3779 Patrem
878 3720 1173 3794 principio
1205 3723 1527 3787 carentem,
1555 3724 1946 3792 sanctumque
1962 3719 2264 3791 Spiritum.

622 3811 765 3878 Quis
792 3825 915 3866 non
936 3808 1214 3865 adorabit
1235 3813 1473 3864 scutum
1487 3806 1943 3878 salutisnostrae,
1966 3812 2101 3881 quis
2144 3822 2269 3863 non

622 3900 945 3960 celebrabit
968 3898 1430 3973 profligatricem
1456 3897 1774 3954 homicidas
1806 3901 2039 3955 Satanae
2060 3900 2089 3955 ’ἲ
2118 3900 2272 3954 Crux

621 3990 897 4049 videlicet
920 3990 1127 4046 lumen
1184 3987 1385 4044 vultus
1442 3987 1544 4043 Dei
1596 3992 1684 4045 est
1738 3989 2039 4057 signatum
2096 4002 2276 4058 super

625 4096 730 4137 nos
759 4082 829 4134 ”.
864 4082 1012 4135 Nam
1040 4082 1341 4150 sceptrum
1371 4076 1543 4148 Regis
1574 4076 1779 4133 lumen
1810 4077 1942 4149 ejus
1968 4080 2073 4149 est,
2110 4077 2275 4149 igna-

626 4185 727 4225 ros
752 4172 817 4224 ut
845 4168 1089 4224 lucerna
1127 4167 1205 4224 ad
1232 4166 1431 4240 ipsum
1463 4165 1788 4222 deducens.
1823 4169 1955 4223 Haec
1981 4166 2275 4236 signiﬁca-

631 4256 710 4314 tio
724 4260 832 4321 est,
847 4255 1345 4312 datatimentibus
1361 4255 1780 4324 Dominum,ut
1788 4257 2036 4326 fugiant
2061 4274 2093 4310 a
2117 4258 2279 4327 facie

2446 2660 2547 2707 Καὶ
2575 2663 2662 2707 νῦν
2720 2657 2889 2730 ἡμεῖς,
2942 2658 3020 2721 οἷς
3067 2656 3182 2711 κατ’
3236 2658 3535 2733 ὀφθαλμοὺς
3588 2658 3770 2717 Ἰησοὺς
3809 2661 3909 2727 X9!-

2375 2747 2499 2806 στός
2552 2742 2939 2820 ἐσταυρωμένος
2986 2750 3263 2820 γράφεται,
3316 2745 3531 2820 συνῳδά
3580 2755 3648 2819 τῷ
3701 2746 3909 2812 θεσπεσίῳ

2372 2830 2748 2907 ψαλτῳδοῡμεν
2805 2831 2992 2890 Δαυίδ.
3048 2838 3113 2888 Οἱ
3178 2835 3438 2910 ὀφθαλμοὶ
3508 2840 3700 2890 πάντων
3759 2834 3817 2895 εἰς
3868 2834 3910 2882 σὶ

2375 2919 2669 2993 ἐλπίζουσι,
2735 2943 2825 2976 και
2902 2928 2967 2976 σὺ
3043 2920 3213 2988 δίδως
3267 2930 3367 2984 τὴν
3431 2930 3618 3001 τροφὴν
3678 2923 3829 2982 αὐτοῖς
3875 2917 3912 2971 ἓν

2726 3014 3010 3086 Τεθυμένος
3094 3017 3197 3089 γὰρ
3289 3020 3384 3068 καὶ
3466 3017 3836 3092 κρεμαννύμενος
3892 3010 3911 3059 ἀ

2374 3100 2559 3173 Ἀμνος
2617 3108 2708 3154 τοῦ
2766 3110 2900 3154 Θεοῦ
2953 3106 3042 3163 τὰς
3097 3103 3294 3165 οἰκείας
3348 3103 3496 3175 ἐστιᾴ
3531 3105 3717 3179 σάρκας
3745 3105 3837 3160 τοῖς
3862 3096 3913 3155 εἷς

2378 3192 2435 3241 σε
2478 3192 2573 3251 τὰς
2628 3186 2840 3251 ἐλπίδας
2893 3190 3221 3264 ἀναθεμένοις
3256 3201 3355 3255 τῆς
3402 3198 3672 3266 σωτηρίας,
3715 3191 3914 3258 ’Ᾱνοίγεις

2377 3281 2443 3330 σύ
2490 3281 2581 3339 τὰς
2626 3286 2812 3353 χεῖρας
2869 3298 2964 3332 σου
3013 3278 3247 3353 ὶγαπλών
3301 3280 3469 3342 αὑτὰς
3502 3290 3572 3351 τῷ
3618 3284 3821 3352 σταυρῷ,
3846 3277 3913 3325 καὶ

2377 3366 2629 3440 ἕμπιπλᾶς
2674 3374 2777 3421 πᾶν
2827 3368 2960 3429 ζῶον
3012 3377 3107 3430 τῆς
3136 3378 3401 3441 πατρικῆς
3446 3366 3701 3431 εὐδοκίας.
3730 3360 3914 3419 Εὖδοκία

2378 3452 2437 3507 δὲ
2491 3459 2690 3529 Πατρός
2734 3458 2791 3508 τὸ
2843 3458 3041 3519 πάντας
3093 3455 3397 3531 ἀνθρώπους
3455 3459 3677 3516 σωθῆναι
3725 3450 3805 3506 διὰ
3844 3454 3912 3500 τοῦ

2379 3540 2619 3595 ἑκουσίου
2690 3563 2784 3596 σου
2849 3546 3065 3611 πάθους,
3131 3550 3220 3597 καί
3277 3553 3372 3598 τοῦ
3439 3552 3679 3619 σταυροῦ,
3735 3545 3812 3594 καὶ
3863 3535 3913 3594 εἰς

2378 3629 2656 3703 ἐπίγνωσιν
2708 3630 2947 3694 ἀληθείας
2994 3631 3173 3694 ἐλθεῖν,
3237 3634 3549 3707 Ἐπίγνωσις
3603 3629 3661 3686 δὲ
3719 3629 3913 3686 ἀληθείας

2379 3721 2408 3778 ἡ
2441 3725 2572 3795 πρὸς
2621 3725 2678 3773 σὲ
2724 3726 2813 3774 καὶ
2842 3725 2929 3774 τὸν
2955 3722 3188 3798 ἄναρχον
3221 3741 3315 3775 σου
3367 3727 3570 3797 Πατέρα
3599 3725 3682 3774 καὶ
3724 3721 3775 3772 τὸ
3810 3734 3915 3770 παν-

2380 3812 2525 3881 άγιον
2583 3817 2790 3884 Πνεῦμα
2843 3815 3023 3873 πίστις
3072 3808 3369 3886 ὁρθόδοξοςυ
3413 3818 3504 3874 Τίς
3533 3813 3591 3864 οὔ
3620 3819 3916 3885 προσκυνησει

2379 3902 2438 3951 τὸ
2498 3898 2650 3952 ὁπλον
2692 3909 2782 3962 τῆς
2820 3905 3078 3976 σωτηρίας
3131 3904 3315 3973 ﬁndi-2;
3373 3906 3463 3964 Τίς
3508 3900 3568 3953 οὐ
3621 3896 3813 3961 δοξάζει
3854 3893 3917 3944 τὸν

2384 3986 2654 4056 ἁναιρίτην
2704 3996 2796 4042 τοῦ
2844 3988 3205 4065 βρωτοκτόνου
3254 3993 3469 4057 Eat-dio;
3522 3985 3681 4042 Τοῦτο
3726 3992 3815 4058 φῶς
3852 3984 3919 4031 τοῦ

2384 4083 2666 4151 προσώπου
2764 4085 2857 4130 τοῦ
2956 4083 3083 4132 Θεοῦ
3183 4083 3555 4153 σημείονμενον
3652 4074 3722 4149 ἐφ’
3798 4072 3921 4143 ἡμᾱςο

2386 4174 2649 4240 Σκῆπτρον
2708 4168 2807 4241 γὰρ
2870 4166 3129 4241 βασιλέως
3196 4177 3297 4240 φῶς
3380 4168 3542 4221 αὐτοῦ
3622 4168 3684 4226 ὡς
3752 4162 3923 4232 λύχνοςγ

2386 4260 2515 4330 πρὸς
2568 4256 2723 4309 αὑτὸν
2769 4256 2891 4319 τούς
2956 4254 3233 4329 ἂγνοῦντας
3280 4254 3590 4330 ἕφοδηγοῦν.
3642 4253 3792 4309 Τοῦτο
3856 4262 3926 4299 tn:-

633 4360 807 4402 arcus
837 4346 884 4379 ²³
918 4349 976 4401 et
1021 4343 1457 4400 diabolicarum
1500 4344 1989 4415 impressionum.
2045 4347 2178 4401 Haec
2225 4349 2270 4402 et

2388 4351 2595 4418 μείωσις
2648 4342 2901 4420 δεδομένη
2955 4353 3064 4408 τοῖς
3122 4345 3455 4419 φοϐουμένοις
3512 4349 3599 4398 τὸν
3646 4345 3813 4417 Κύριον
3859 4336 3927 4386 τοῦ

633 4434 863 4504 lignum
896 4432 1233 4505 plantatum
1263 4448 1434 4489 secus
1455 4434 1646 4489 exitus
1676 4448 1972 4505 aquarum
2000 4434 2281 4490 fontium-

637 4538 757 4596 que
785 4521 1012 4578 salutis.
1053 4522 1115 4575 ln
1143 4521 1427 4578 omnibus
1442 4522 1831 4579 enimdivinze
1857 4521 2171 4595 Scripturae
2194 4523 2282 4579 lo-

639 4612 746 4681 cis,
772 4610 1016 4683 hymnis
1044 4614 1101 4666 et
1127 4609 1410 4667 laudibus
1436 4627 1581 4667 crux
1606 4611 1977 4679 decantatur,
2002 4627 2137 4683 quae
2167 4612 2283 4668 fru-

640 4706 801 4759 ctum
832 4716 1010 4756 suum
1040 4700 1201 4757 dedit
1234 4703 1291 4757 in
1322 4707 1582 4769 tempore
1610 4716 1715 4756 suo
1742 4702 1811 4769 ’⁸,
1844 4717 1966 4772 quo
1997 4702 2055 4757 in
2092 4702 2285 4759 Litho-

641 4795 825 4848 stroto
850 4788 1108 4861 depacta
1136 4794 1241 4845 est.
1271 4786 1500 4843 Gaudet
1535 4803 1675 4843 vero
1706 4803 1851 4843 crux
1879 4788 1969 4856 iis,
2009 4791 2114 4862 qui
2165 4793 2287 4849 vita

641 4881 826 4943 ﬂuxa,
902 4877 1066 4935 molli
1122 4880 1181 4933 et
1242 4876 1497 4933 delicata
1557 4881 1919 4949 contempta,
1979 4881 2286 4952 asperitati

643 4972 701 5024 et
755 4968 1048 5025 severitati
1079 4965 1421 5023 Christianae
1468 4964 1795 5037 disciplinae
1848 4982 1981 5023 sese
2036 4968 2282 5026 dedunt.

644 5059 715 5111 At
743 5055 969 5112 fructus
999 5055 1129 5126 ejus
1152 5058 1245 5111 est
1264 5053 1535 5111 remissio
1559 5060 1963 5127 peccatorum,
1991 5071 2175 5130 quam
2224 5058 2286 5116 in

717 5216 765 5250 ²⁰
796 5216 964 5271 Deut.
996 5229 1199 5284 xxvm,
1226 5218 1314 5271 66.
1391 5214 1435 5248 ³¹
1468 5212 1605 5270 Psal
1632 5229 1814 5285 ωηεν,
1845 5216 1928 5272 15.

644 5393 728 5468 (2)
764 5390 955 5448 Vocat
1013 5393 1375 5468 Cermanus__
1397 5389 1679 5468 calvariae
1701 5463 1718 5468 _
1744 5398 2011 5468 montem
2072 5394 2291 5453 Lithro-

646 5462 875 5522 stroton
900 5462 1063 5536 quod
1091 5467 1149 5536 et
1173 5462 1263 5536 ab;
1281 5462 1410 5536 aliis
1439 5463 1654 5520 Crtecis
1693 5463 1917 5523 factum
1946 5466 2290 5525 observavi-

646 5553 808 5597 mus.
836 5534 952 5593 Nec
991 5534 1135 5593 satis
1164 5534 1312 5593 mihi
1338 5539 1550 5594 notum
1574 5551 1699 5609 qua
1725 5537 1956 5595 ratione
1984 5554 1997 5605 ;
2030 5555 2170 5596 cum
2201 5540 2289 5597 Li-

2006 5218 2053 5252 ²²
2084 5217 2235 5275 Psal.
2258 5234 2335 5285 ιγ,
2366 5224 2420 5277 7.

2392 4442 2565 4507 φυγεῖν
2619 4434 2719 4487 ἀπὸ
2788 4440 3071 4510 προσώπου
3121 4436 3294 4501 τόξου,
3352 4440 3444 4488 καὶ
3508 4441 3606 4487 τῶν
3665 4427 3927 4501 δαιμονικὼν

2391 4523 2714 4598 προσϐολῶν.
2780 4530 2944 4578 Τοῦτο
3008 4530 3099 4577 καὶ
3178 4524 3324 4587 ξύλον
3394 4524 3752 4597 πεφυτευμέναι
3820 4508 3929 4581 παρὰ

2393 4616 2487 4676 τὰς
2543 4610 2813 4677 διεξόδους
2867 4621 2966 4666 τῶν
3012 4609 3220 4667 ὑδάτων
3276 4618 3365 4666 καὶ
3419 4622 3519 4665 τῶν
3574 4619 3662 4663 τοῦ
3717 4602 3928 4673 σωτηρίου

2394 4712 2597 4774 πηγῶν.
2628 4706 2711 4756 ιΕν
2762 4705 2961 4764 πάσαις
3006 4706 3105 4779 γὰρ
3164 4709 3279 4764 ταῖς
3334 4704 3495 4764 θείαις
3553 4704 3764 4775 Γραφαῖς
3791 4692 3931 4764 ὕμνοις

2396 4791 2849 4867 περιαντλουμενος
2908 4791 3047 4845 ἐστιν
3122 4793 3149 4845 6
3216 4794 3463 4866 σταυρὸς,
3530 4792 3586 4850 ὃς
3638 4791 3718 4840 τὸν
3776 4777 3932 4853 καρπὸν

2396 4882 2556 4934 αὑτοῦ
2589 4878 2816 4936 δέδωκεν
2867 4881 2915 4934 ἐν
2960 4888 3126 4955 καιρῷ
3183 4881 3364 4947 αὐτοῦ,
3413 4881 3533 4932 καθ’
3566 4878 3618 4930 ὃν
3663 4875 3708 4928 ἐν
3753 4878 3813 4941 τῷ
3855 4872 3933 4919 Av-

2399 4972 2675 5046 θοστρώτῳ
2716 4972 2787 5043 {2)
2843 4970 3172 5044 ἕπερ-ἁτευτο.
3224 4975 3407 5044 Χρίρει
3454 4966 3514 5021 δὲ
3560 4968 3584 5019 6
3638 4957 3935 5034 στιίιῡρὸςτθῖς

2395 5066 2481 5113 τόν
2529 5045 2747 5134 νὲνυγρον
2777 5062 2867 5133 μεν
2899 5057 3016 5133 βίον
3062 5078 3095 5111 κ
3125 5063 3179 5111 αὶ
3226 5055 3494 5133 πλαδαρὸν
3542 5052 3851 5113 διαπτύουσι,
3886 5045 3931 5108 τῇ

2497 5221 2545 5255 ³³
2576 5219 2724 5276 Psal.
2759 5235 2871 5283 LIX,
2901 5223 2953 5276 6.
3029 5220 3077 5254 “
3107 5218 3304 5275 Matth.
3335 5231 3480 5282 xx1v,
3512 5218 3599 5271 45.

2398 5396 2723 5455 throstotos
2750 5396 2927 5455 fuerit
2968 5394 3229 5453 tribunal
3266 5393 3449 5462 Pilati,
3501 5408 3573 5449 ex
3600 5402 3716 5463 quo
3742 5382 3934 5440 senten-

2396 5469 2545 5528 tiam
2569 5468 2778 5528 mortis
2806 5470 2868 5527 in
2890 5468 3188 5528 Christum
3213 5467 3380 5526 dixit.
