4096 6208
12 4 612 234 Γυνπηππ
673 2 776 16 ·

199 91 206 100 ,

199 91 206 100 ν

213 308 325 365 657

1515 315 1585 374 IN
1621 310 1982 369 VIVIFICAM
2018 312 2315 374 CRUCEM.

3491 321 3594 377 658

214 433 520 506 τραχύτητι
573 431 634 490 δῖ
679 439 769 490 καὶ
801 437 1176 516 σκληραοίωγίᾳ
1229 437 1320 503 ri;
1391 441 1530 495 κατὰ
1595 439 1806 515 Χριστότ

1936 450 2011 494 ea
2027 437 2246 497 aﬂixus
2265 442 2473 514 Agnus
2495 442 2614 514 Dei,
2651 443 2760 514 qui
2784 442 2942 499 tollit
2954 447 3267 513 peccatum
3289 443 3502 501 mundi
3521 444 3592 512 ³⁵,

216 517 974 599 διωίονίῆςπροσωδὲχουσιν.
1013 527 1072 581 Ὀ
1121 526 1180 584 6':
1234 533 1436 606 κάρπος
1487 529 1649 582 αὐτοῦ
1705 528 1826 600 οἶφε-

219 629 304 671 σις
332 609 623 685 ἁμαρτιῶν,
653 613 716 674 ἣν
752 617 780 668 6
823 613 872 669 ἓν
923 617 1065 690 αὐτῷ
1117 623 1439 694 προσπαγιὶς
1493 620 1679 693 Ἀμνός
1734 621 1828 670 τοῦ

218 699 382 754 αὐτὸν
409 705 748 759 πιστεύουσιν
773 701 1100 782 ἐδωρήσατο.

296 895 456 950 ’Δλλὰ
485 893 633 954 δεῦτε
687 901 875 965 πάντες
929 908 1374 980 προσκυνήσωμιν
1429 912 1504 977 νῷ
1547 900 1825 977 ὑποποδίῳ

214 992 314 1038 τοῦ
381 986 755 1060 παμϐασιλίως
819 998 1080 1066 Χριστοῦ.
1159 997 1542 1067 Προσπέσωμιν
1595 996 1812 1060 ἱκόντις,

216 1076 303 1126 ἵνα
331 1075 405 1148 μῆ
430 1077 641 1140 ἄκοντες
679 1086 833 1133 τοῦτο
881 1082 1146 1154 πάθωμεν,
1205 1083 1327 1136 ὅταν
1381 1085 1408 1136 ὁ
1463 1083 1643 1158 Πατὴρ
1701 1085 1822 1144 τούς

217 1162 446 1238 ἐχθροὺς
471 1173 562 1218 τοῦ
615 1173 734 1220 Υἰοῦ
790 1166 1079 1223 ὑποποδιον
1139 1172 1200 1244 Θῇ
1255 1180 1356 1224 τῶν
1406 1168 1583 1225 ποδῶν
1636 1171 1815 1227 αὐτοῦ.

213 1260 367 1306 Δεῦτε
423 1259 590 1307 τοίνυν
640 1262 1018 1332 προσπέσωμιν
1100 1266 1190 1312 καὶ
1271 1259 1576 1332 κλαύσωμεν
1667 1260 1815 1312 ἐναν-

209 1346 320 1395 τίον
404 1349 600 1418 κυρίου
645 1355 738 1399 τοῦ
809 1346 1126 1411 πλάσαντος.
1198 1351 1354 1422 ἡμᾶς,
1416 1347 1527 1402 εἶτα
1598 1351 1814 1425 p029}?-

207 1450 302 1494 τας
332 1439 397 1504 τῇ
429 1442 669 1510 παρακοῇ
723 1434 1116 1500 ἀναπλὰσαντος
1157 1435 1253 1491 διὰ
1301 1446 1552 1512 σταυροῦ,
1601 1438 1688 1490 ἵνα
1737 1443 1808 1511 μὴ

207 1520 536 1595 κλαῦσωμιν,
592 1525 713 1577 ὅταν
771 1527 826 1578 αἱ
872 1523 1117 1601 δυνάμεις
1144 1535 1244 1580 τῶν
1283 1527 1511 1601 οὐρανῶν
1565 1527 1813 1588 σαλευθή-

211 1628 415 1681 conm,
470 1619 560 1667 καὶ
614 1613 897 1686 ὀφθήσεται
947 1620 1007 1669 τό
1087 1624 1302 1691 σημεῖον
1360 1625 1453 1671 τοῦ
1526 1618 1650 1671 Υἱοῦ
1720 1626 1812 1671 τοῦ

207 1698 477 1773 ἆνθρὼπον
542 1701 591 1754 ἕν
635 1711 706 1775 τῷ
762 1705 980 1778 οὐρανῷ,
1053 1711 1143 1759 καὶ
1207 1706 1459 1779 κόψονται
1519 1711 1691 1759 πᾶσαι
1755 1709 1810 1759 αἱ

1937 525 2188 604 donavit
2215 531 2593 604 credentibus
2622 531 2682 588 in
2709 531 2933 604 ipsum.

1939 606 2096 671 Θεοῦ,
2126 600 2153 654 6
2182 601 2340 675 αἴρων
2365 607 2453 663 τὴν
2479 600 2858 680 ἁμαρτίαίτοῡ
2895 606 3121 678 κόσμου,
3144 611 3251 668 τοῖς
3284 609 3356 666 εὶς

2005 906 2298 964 Caeterum
2323 907 2530 965 adeste
2579 924 2813 981 omnes,
2874 909 3197 968 adoremus
3249 910 3582 968 scabellum

1938 994 2160 1068 ubique
2188 997 2498 1067 regnantis
2517 998 2753 1067 Christi,
2781 999 3167 1072 procidamus
3191 998 3482 1070 volentes,
3505 1015 3582 1056 ne

1933 1084 1992 1140 id
2014 1085 2283 1143 nolentes
2300 1086 2490 1144 facere
2507 1104 2818 1159 cogamur,
2839 1088 3089 1162 quando
3117 1091 3287 1145 Pater
3303 1088 3581 1146 inimicos

1933 1173 2052 1230 Filii
2073 1177 2337 1248 posuerit
2362 1176 2691 1232 scabellum
2716 1176 2941 1250 pedum
2970 1177 3123 1247 ejus.
3147 1175 3360 1233 Adeste
3377 1176 3576 1246 igitur,

1927 1265 2311 1333 procidamus
2337 1272 2390 1320 et
2425 1268 2726 1335 ploremus
2763 1281 2964 1322 coram
3013 1266 3265 1321 Domino
3305 1266 3413 1337 qui
3432 1265 3575 1335 fecit

1927 1367 2033 1408 nos
2059 1355 2126 1408 ³⁸.
2151 1353 2534 1428 perditosque
2559 1354 2638 1410 ob
2659 1353 3122 1410 inobedienliam
3150 1354 3448 1426 reparavit
3469 1369 3578 1426 per

1925 1457 2185 1513 crucem,
2221 1457 2294 1498 ne
2329 1442 2654 1516 ploremus,
2706 1441 2954 1515 quando
3010 1443 3254 1498 virtutes
3283 1441 3573 1498 cmlorum

1924 1530 2486 1597 commovebuntur,
2521 1531 2952 1603 apparebitque
2964 1531 3198 1600 signum
3222 1530 3366 1586 Filii
3386 1531 3574 1587 homi-

1923 1619 2016 1674 nis
2028 1620 2091 1674 in
2105 1621 2265 1680 cazlo.
2284 1627 2338 1676 et
2349 1621 2641 1690 plangent
2656 1635 2857 1676 omnes
2871 1619 3057 1675 tribus
3071 1625 3250 1674 terra:
3261 1620 3402 1685 ";ut
3412 1618 3573 1674 enim

1923 1707 2160 1764 mentiri
2189 1709 2428 1764 nescius
2452 1709 2716 1764 Christus
2757 1711 2910 1764 Deus
2967 1707 3260 1780 praedixit,
3311 1721 3458 1763 crux
3484 1722 3573 1764 se-

208 1788 364 1862 γυλοὰ
411 1799 510 1854 τῆς
561 1799 677 1864 γῆς.
735 1792 824 1856 Ὠς
877 1797 976 1868 γὰρ
1025 1791 1263 1866 ἀψευδὴς
1315 1798 1441 1858 Θεὸς
1497 1796 1524 1849 6
1578 1800 1806 1872 Χριστὸς

1921 1797 2190 1853 cundum
2213 1797 2340 1868 ejus
2362 1798 2688 1854 adventum
2712 1796 3040 1864 antecedet,
3065 1801 3357 1870 tanquam
3373 1795 3572 1866 regale

207 1875 569 1951 προεδήλωσι,
620 1886 1036 1956 προπορεὺσιται
1082 1893 1173 1947 τῆς
1221 1881 1469 1961 διυτίρας
1515 1891 1810 1961 παρουσίας

208 1966 372 2020 αὑτοῦ
414 1970 442 2021 6
491 1975 736 2046 σταυρὸς,
783 1975 848 2034 ὡς
891 1971 1145 2046 βασιλική
1202 1979 1408 2047 σημαία
1453 1977 1806 2048 πανεύσημος,

207 2077 292 2109 και
323 2065 652 2131 γνωρίσουσι
673 2063 859 2124 πάντις
904 2065 953 2116 οἱ
1004 2061 1056 2127 ἐξ
1109 2060 1281 2136 Ἀδὰμ
1327 2068 1492 2138 μέχρι
1544 2071 1637 2126 τῆς
1693 2083 1812 2116 συν-

207 2145 403 2210 τελιὶας
460 2149 745 2222 ἄνθρωποι,
791 2154 857 2212 ὡς
906 2154 931 2204 6
990 2151 1379 2228 ἐσταυρωμένος
1427 2156 1655 2226 Χριστὸς
1724 2155 1808 2228 ἔρ-

207 2255 366 2307 χεται
443 2244 616 2313 κρῖναι
695 2239 895 2302 ζῶντας
976 2247 1065 2294 καὶ
1125 2245 1356 2315 νεκρούς.
1414 2243 1802 2315 Προφθάσωμεν

203 2323 294 2377 οὖν
370 2328 428 2378 τὸ
495 2331 775 2402 πρόσωπον
863 2329 1024 2383 αὐτοῦ
1101 2329 1148 2383 ἓν
1232 2329 1636 2404 ἐξομολογήσει.
1711 2329 1808 2382 Οἰ-

203 2415 498 2488 κιιωθῶμιν
527 2424 600 2486 τῷ
627 2415 842 2490 βασιλεί
884 2426 984 2471 τῶν
1039 2420 1236 2472 αἰώνων
1290 2425 1380 2472 καὶ
1419 2417 1572 2493 κριτῇ
1625 2423 1808 2483 πὰσης

201 2511 367 2564 πνοῆς
409 2511 484 2574 τῷ
533 2503 905 2580 ἕσταυρωμὲνῳ
959 2515 1176 2584 Χριστῷ
1233 2508 1494 2562 οἱκιίωσιν
1548 2513 1643 2568 τὴν
1713 2506 1807 2562 δια

199 2597 496 2665 μιμήσεως.
573 2601 827 2669 Μιμιίται
905 2595 965 2652 6':
1014 2603 1101 2651 τόν
1157 2599 1436 2673 Χριστὸνὸ
1493 2598 1808 2662 καθηλὼσας

201 2689 277 2752 τῷ
332 2683 454 2754 Otia:
511 2689 646 2758 φόνῳ
696 2688 786 2748 τὰς
834 2687 1018 2741 ἑαυτοῦ
1076 2691 1296 2763 σάρκας,
1344 2694 1434 2742 καὶ
1485 2696 1558 2760 τῷ
1621 2693 1804 2763 κόσμῳ

204 2774 526 2844 σταυρωθιίς
555 2778 646 2827 καί
686 2772 1061 2850 ἀπονικρωθείς

278 2863 572 2933 Κάμμυσόν
635 2881 728 2916 σου
813 2869 931 2926 τοὺς
1005 2865 1323 2938 ὀφθαλμούς.
1375 2868 1503 2919 ὶπάν
1576 2885 1628 2918 τι
1704 2874 1804 2919 τῶν

203 2946 487 3019 Θιλγόντων
544 2952 734 3014 αὐτούς
789 2952 1061 3028 προσϐάλῃ
1140 2957 1314 3022 ποθὲν,
1395 2958 1526 3025 πρὸς
1607 2952 1802 3019 ἁδονῆς

203 3035 466 3113 βλαϐεροῖς
511 3045 815 3116 παρασύρον
865 3061 922 3096 σε
964 3042 1189 3118 ὄλεθρον.
1247 3042 1458 3097 κλεῖσον
1508 3047 1568 3096 τὸ
1633 3048 1804 3116 στόμα

204 3143 302 3178 σου
326 3125 375 3179 ἐν
405 3137 478 3199 τῷ
501 3139 760 3190 συστῆναι
787 3135 873 3184 τὸν
908 3131 1213 3207 ἁμαρτωλον
1271 3128 1512 3186 διάϐολον
1566 3131 1788 3186 ἐναντίον
1833 3163 1872 3218 C

202 3233 300 3268 σου
354 3215 651 3291 ἰριθίζοντα
703 3223 830 3295 πρὸς
885 3219 1060 3295 ὕϐρεις
1109 3225 1198 3274 καὶ
1240 3221 1630 3274 καταλαλοῦντα
1711 3230 1801 3274 τοῦ

199 3304 447 3363 πλησίον.
532 3310 819 3380 Κωφὼθητι
891 3309 1355 3383 καταλαλούμενος,
1434 3309 1799 3385 ὑϐριζόμινος,

198 3399 292 3446 καὶ
347 3394 511 3466 ψάλλι
566 3400 698 3470 μετὰ
754 3394 922 3451 Δαυῖδ
971 3401 1108 3451 κατα
1156 3406 1293 3451 νοῦν·
1353 3397 1484 3470 Ἐγὼ
1542 3395 1601 3452 6':
1677 3402 1802 3452 ὡσεὶ

195 3487 366 3556 κωφός
415 3485 509 3537 οὐκ
559 3489 768 3554 ἤκουον,
859 3491 946 3539 καὶ
1025 3487 1149 3540 ὡσιὶ
1234 3486 1416 3548 ἂλαλος
1496 3486 1592 3540 οὐκ
1667 3487 1802 3540 ἀνοί-

195 3591 306 3642 γων
359 3577 416 3626 τὸ
475 3579 646 3647 στόμα
696 3579 878 3632 αὐτοῦ.
936 3576 1230 3649 Δὶσμευσὸν
1281 3595 1376 3629 σου
1431 3577 1526 3639 τὰς
1596 3584 1799 3651 χεῖρας,

196 3663 284 3713 ἵνα
331 3667 403 3734 μὴ
463 3667 589 3736 πρὸς
643 3667 733 3726 τὰς
784 3663 1140 3738 ψυχοϐλαϐιίς
1204 3664 1507 3719 ἕκτιίνοιντο
1564 3666 1799 3739 πράξεις,

195 3747 344 3822 μηδὶ
417 3756 542 3826 πρὸς
616 3758 710 3812 τὴν
762 3752 1004 3827 ἁρπαγὴν
1056 3756 1156 3808 τῶν
1205 3758 1278 3827 μὴ
1352 3753 1641 3813 ἀνηκόντων
1695 3774 1796 3808 σοι.

197 3835 595 3913 Συνδὲσμιυσον
642 3848 731 3896 καὶ
787 3848 908 3906 τοὺς
958 3841 1130 3905 πόδας
1180 3847 1525 3918 πειρωμὲνονς
1594 3848 1799 3918 τρέχειν

195 3927 566 4004 πρόςαοδίας
615 3929 879 4008 βάραθρα,
929 3937 1018 3985 καὶ
1073 3931 1245 3994 ἁπλῶς
1299 3933 1498 4000 εἰπεῖν,
1553 3933 1800 3992 καθήλω-

201 4037 293 4071 σον
323 4023 415 4072 καὶ
437 4026 624 4093 χεῖρας
664 4026 752 4074 καὶ
804 4018 972 4082 πόδας
1021 4029 1094 4092 τῷ
1154 4020 1293 4094 φόϐῳ
1351 4029 1444 4075 τοῦ
1494 4019 1588 4074 δια
1641 4022 1797 4095 μολυ-

194 4112 332 4182 σμὸν
358 4117 450 4162 τοῦ
503 4109 745 4183 ψυχικοῦ
799 4108 1086 4184 ἐνδύματος
1141 4108 1373 4174 διθίντος
1427 4119 1636 4186 χιῖρας,
1699 4118 1789 4166 καὶ

191 4195 383 4264 πόδας,
461 4205 552 4253 καὶ
625 4199 992 4276 άπορῥιφὲντος
1071 4201 1138 4262 εἰς
1192 4201 1429 4261 κόλασιν,
1498 4202 1613 4256 Ἐὰν
1663 4203 1800 4257 οὓτω

193 4291 577 4363 σνστανρωῦῇς
595 4297 665 4362 τῷ
699 4298 933 4364 Χριστῷ,
977 4287 1396 4365 συσδοξασθῃσή
1456 4292 1618 4363 αὖτῷ,
1678 4297 1798 4346 ὅταν

195 4375 319 4451 ἂθῃ
355 4376 403 4430 ἐν
427 4385 488 4452 τῇ
521 4375 649 4452 δόξῃ
695 4386 788 4432 τοῦ
821 4383 1021 4455 Πατρός
1079 4379 1238 4432 αὐτοῦ
1293 4383 1426 4452 μετὰ
1482 4389 1582 4434 τῶν
1649 4384 1800 4455 ἀγγέ-

193 4465 296 4518 λων
349 4475 449 4519 τῶν
527 4465 712 4539 ἁγίων.
763 4472 890 4522 Τότε
953 4473 1333 4542 προσκυνήσεις
1386 4469 1694 4545 τιλιιοτιρόν
1745 4491 1800 4526 τι

191 4557 288 4607 καί
335 4553 652 4628 ὑψηλότερον
703 4560 789 4609 τόν
843 4556 1204 4616 πολυπόθητον
1253 4565 1347 4612 τοῦ
1381 4564 1574 4632 Κυρίου
1636 4579 1797 4613 σταυο

188 4648 307 4720 ρον,
377 4641 610 4698 κατιδὼν
667 4645 880 4708 ἡλιακὰς
956 4644 1163 4708 ἀκτῖνας
1229 4647 1645 4720 φωτοϐολοῡντα,
1709 4654 1800 4703 καὶ

193 4741 318 4794 ταῖς
379 4731 683 4806 ὰοῃιλικαίς
745 4733 1209 4810 περικυκλούμςνον
1279 4736 1650 4812 ταξιαρχίαις,
1714 4743 1806 4792 καὶ

197 4825 664 4897 συνθήματίζοντα
693 4831 802 4887 τοῖς
851 4832 1062 4886 πιστοῖς
1106 4829 1201 4884 τήν
1249 4829 1374 4898 πρὸς
1429 4831 1517 4880 τὸν
1579 4827 1806 4902 βασιλέα

195 4907 529 4985 σννδρομὴν,
598 4917 690 4966 καὶ
745 4915 846 4966 ἀπὸ
895 4921 994 4966 τῶν
1046 4913 1253 4988 ἐχθρῶν
1311 4913 1648 4988 ἀφοριζοντα,
1714 4922 1804 4970 καὶ

192 5003 330 5075 πρὸς
392 5006 487 5060 τήν
560 5006 907 5075 κληρονομίαν
985 5009 1079 5065 τῆς
1154 4998 1461 5075 ἀδιαδὸχου
1521 5002 1804 5078 βασιλείας

196 5089 643 5162 σνγκαλούμινον,
705 5088 768 5152 ἧς
833 5094 1032 5163 γένοιτο
1089 5093 1286 5154 πάντας
1340 5095 1477 5165 ἡμᾶς
1530 5092 1803 5167 ἄπιτυχιῖν

195 5179 247 5232 ἓν
298 5178 442 5249 αὐτῷ
527 5187 731 5254 Χριοτῷ
803 5188 878 5250 τῷ
933 5188 1048 5252 Θεῷ
1103 5181 1271 5254 ἡμῶν,
1329 5189 1368 5252 ᾧ
1415 5185 1598 5256 πρὶπιι
1655 5189 1804 5237 πᾶσα

195 5265 352 5333 δόξα,
385 5273 536 5341 τιμὴ,
568 5274 658 5322 καὶ
698 5271 1053 5344 προσκύνησις
1105 5271 1193 5321 οὑν
1239 5277 1309 5341 τῷ
1363 5271 1581 5345 άνὰρχῳ
1639 5273 1800 5324 αὑτοῦ

1919 1885 2202 1940 vexillum
2225 1885 2303 1941 ab
2323 1885 2609 1941 omnibus
2629 1885 2798 1942 facile
2819 1886 3080 1956 cognitu.
3105 1887 3172 1942 Et
3204 1888 3574 1954 cognoscent

1920 1989 2131 2030 omnes
2148 1990 2219 2030 ex
2235 1973 2468 2031 Adamo
2486 1973 2780 2046 progeniti
2799 1990 2992 2047 usque
3009 1973 3086 2029 ad
3103 1973 3572 2029 consummatio-

1920 2076 2080 2130 nem,
2111 2063 2402 2118 Christum
2427 2063 2777 2118 crucitixum
2806 2061 3000 2118 venire
3032 2061 3371 2133 judicatum
3399 2061 3570 2117 vivos

1919 2155 1977 2207 et
2006 2155 2297 2207 mortuos.
2330 2155 2804 2221 Praeoccupemus
2846 2152 3034 2221 igitur
3078 2151 3299 2221 faciem
3347 2153 3474 2220 ejus
3503 2150 3566 2205 in

1918 2241 2289 2311 confessione
2313 2242 2382 2297 ’³.
2411 2239 2642 2298 Similes
2669 2240 2888 2296 ﬁamus
2941 2241 3082 2310 Regi
3112 2237 3473 2295 saeculorum
3510 2243 3568 2294 et

1915 2328 2104 2400 judici
2129 2329 2326 2386 omnis
2353 2329 2593 2402 spiritus
2625 2329 2855 2386 Christo
2883 2328 3185 2395 cruciﬁxo,
3238 2326 3570 2384 similitudi-

1917 2434 2012 2484 ne,
2044 2435 2181 2492 quae
2208 2424 2298 2474 est
2327 2434 2432 2491 per
2461 2417 2876 2474 imitationem.
2903 2417 3173 2473 Imitatur
3213 2431 3357 2473 vero
3401 2415 3566 2472 Chri-

1917 2512 2097 2578 stum,
2121 2507 2225 2580 qui
2247 2506 2465 2562 divinae
2493 2506 2666 2563 morti
2682 2521 2926 2562 carnem
2949 2521 3124 2562 suam
3145 2504 3332 2562 clavis
3351 2503 3564 2575 affigit,

1916 2596 2145 2654 mundo
2177 2596 2496 2653 cruciﬁxus
2523 2601 2579 2654 et
2608 2600 2902 2654 mortuus.

1981 2865 2204 2923 Claude
2255 2869 2388 2922 tuos
2417 2864 2644 2933 oculos,
2672 2879 2812 2920 cum
2842 2861 2990 2936 quid
3019 2861 3465 2918 delectabilium
3496 2860 3557 2916 in

1909 2972 2014 3013 eos
2033 2957 2362 3026 incurrerit,
2377 2953 2682 3026 abripiens
2700 2959 2751 3009 te
2774 2952 2851 3009 ad
2871 2951 3219 3024 perniciosae
3237 2949 3558 3022 voluptatis

1909 3045 2178 3103 exitium.
2229 3043 2449 3100 Claude
2498 3058 2565 3098 os
2617 3046 2810 3111 tuum,
2861 3057 3000 3096 cum
3059 3040 3328 3097 consistit
3348 3038 3558 3094 adver-

1909 3150 2045 3190 sum
2067 3137 2118 3189 te
2139 3137 2411 3204 peccator
2430 3130 2896 3198 calumnians,et
2916 3129 3154 3185 irritans
3175 3127 3254 3184 ad
3279 3127 3554 3198 injurias.

1909 3228 1964 3280 et
1992 3222 2334 3278 obtrectans
2361 3219 2659 3293 proximo.
2683 3218 2910 3274 Surdus
2939 3222 3064 3274 esto
3091 3217 3170 3274 ad
3229 3215 3558 3273 oblocutio-

1909 3327 2015 3368 nes
2034 3315 2090 3367 et
2109 3309 2380 3380 injurias,
2403 3313 2458 3364 et
2478 3323 2627 3364 cane
2647 3323 2787 3364 cum
2811 3307 3034 3363 Davide
3057 3312 3254 3363 mente
3275 3311 3379 3362 tua
3401 3322 3414 3360 :
3438 3306 3557 3375 Ego

1909 3415 2047 3458 vero
2074 3405 2363 3471 tanquam
2396 3398 2615 3454 surdus
2628 3413 2748 3453 non
2764 3397 3327 3466 audiebam,etsicut
3357 3401 3555 3451 mulus

1909 3507 2029 3547 non
2061 3490 2337 3560 aperiens
2357 3504 2418 3544 os
2447 3503 2620 3543 suum
2645 3489 2713 3543 *9.
2741 3487 2877 3559 Liga
2899 3503 3116 3544 manus
3169 3491 3324 3556 tuas,
3357 3501 3432 3541 ne
3459 3500 3556 3540 ex-

1911 3578 2236 3636 tendantur
2257 3576 2334 3634 ad
2353 3577 2618 3634 actiones
2639 3575 2858 3632 animae
2879 3576 3234 3642 damnosas,
3256 3590 3450 3646 neque
3477 3573 3558 3629 ad

1909 3667 2187 3740 rapinam
2235 3682 2446 3722 earum
2505 3681 2704 3722 rerum
2733 3681 2871 3739 quas
2922 3664 3172 3722 nihilad
3203 3669 3256 3721 te
3286 3665 3557 3722 attinent.

1909 3757 2132 3828 Colliga
2151 3756 2332 3812 simul
2362 3760 2420 3812 et
2438 3755 2643 3829 pedes,
2676 3755 2725 3811 si
2750 3759 3040 3812 conentur
3081 3770 3316 3812 currere
3343 3754 3424 3810 ad
3449 3753 3557 3809 de-

1909 3847 2009 3903 via
2036 3851 2093 3902 et
2121 3845 2426 3911 barathra,
2455 3850 2513 3901 et
2541 3850 2608 3901 ut
2629 3845 2836 3917 paucis
2877 3845 3098 3911 (licam,
3147 3844 3380 3914 conﬁge
3429 3859 3558 3900 ma-

1909 3952 2023 3992 nus
2050 3939 2108 3991 et
2156 3931 2342 4009 pedes
2391 3935 2601 3991 timore
2645 3935 2794 4004 ejus,
2817 3933 2922 4007 qui
2964 3933 3043 3989 ob
3098 3932 3558 3989 contaminatio-

1908 4040 2046 4080 nem
2082 4023 2361 4079 animalis
2383 4023 2719 4080 indumenti
2747 4021 3029 4080 manibus
3054 4026 3111 4077 et
3138 4020 3391 4092 pedibus
3415 4017 3561 4088 liga-

1909 4118 2002 4168 tus
2031 4118 2091 4168 et
2122 4111 2198 4168 ad
2231 4127 2474 4183 poenam
2529 4113 2834 4183 expositus
2859 4115 2967 4166 est.
3022 4110 3079 4167 Si
3099 4109 3181 4165 ita
3209 4107 3388 4164 simul
3418 4122 3558 4164 cum

1908 4201 2134 4258 Christo
2151 4199 2542 4270 cruciﬁgaris,
2568 4200 2818 4270 gloriam
2841 4214 2978 4254 cum
2996 4197 3128 4269 ipso
3146 4197 3553 4270 consequeris,

1906 4289 2155 4363 quando
2185 4289 2409 4345 venerit
2439 4288 2498 4344 in
2543 4288 2732 4359 gloria
2788 4288 2970 4345 Patris
3021 4287 3115 4344 sui
3144 4303 3283 4344 cum
3335 4287 3560 4343 sanctis

1909 4379 2156 4448 angelis.
2189 4381 2351 4434 Tunc
2377 4377 2660 4435 adorabis
2682 4376 3094 4450 perfectiorem
3127 4377 3258 4447 jam
3289 4378 3347 4432 et
3377 4375 3561 4432 subli-

1909 4468 2162 4524 miorem
2191 4465 2652 4523 desiderabilem
2675 4465 2906 4522 Domini
2945 4481 3208 4534 crucem,
3230 4480 3371 4521 cum
3398 4464 3562 4521 vide-

1910 4557 1987 4613 ris
2007 4556 2232 4614 solares
2255 4556 2458 4613 radios
2479 4555 2900 4628 ejaculantem,
2923 4554 3330 4628 angelicisque
3345 4553 3557 4610 turmis

1911 4646 2366 4712 circumdatam,
2396 4645 2760 4718 signumque
2803 4642 3100 4712 ﬁdelibus,
3143 4648 3208 4700 ut
3234 4643 3314 4700 ad
3339 4645 3560 4713 Regem

1912 4736 2282 4808 confugiant.
2313 4734 2704 4808 prmbentem,
2730 4739 2788 4790 et
2809 4733 2885 4790 ab
2913 4733 3187 4789 hostibus
3239 4746 3558 4801 segregan-

1913 4833 2056 4894 tem,
2105 4829 2163 4881 et
2201 4824 2277 4880 ad
2330 4823 2740 4880 hereditatem
2808 4826 3113 4895 expertem
3160 4819 3558 4876 successionis

1914 4919 2367 4984 convocantem,
2401 4929 2590 4986 quam
2619 4928 2828 4969 omnes
2855 4928 2964 4967 nos
2989 4910 3229 4983 assequi
3253 4908 3562 4978 contingat

1913 5006 1975 5062 in
2000 5004 2132 5076 ipso
2157 5002 2389 5060 Christo
2419 5004 2537 5058 Deo
2557 5007 2782 5067 nostro,
2805 5015 2987 5074 quem
3009 4999 3180 5056 decet
3204 4999 3402 5056 omnis
3432 4997 3562 5069 glo-

1913 5094 2024 5162 ria,
2054 5092 2268 5158 honor,
2299 5096 2357 5148 et
2397 5089 2690 5156 adoratio,
2741 5105 2880 5146 cum
2906 5091 3072 5146 Patre
3121 5087 3414 5161 principio
3467 5104 3564 5144 ca-

1913 5187 2096 5247 rente,
2126 5185 2455 5252 sanctoque
2496 5185 2556 5235 et
2600 5178 2762 5234 bono
2818 5184 2876 5234 et
2931 5178 3270 5234 viviﬁcante
3319 5176 3561 5250 Spiritu,

1913 5287 2075 5328 nunc
2102 5275 2160 5327 et
2184 5269 2243 5326 in
2275 5269 2509 5325 inﬁnita
2529 5266 2886 5324 szeculorum
2912 5267 3152 5324 saecula.
3185 5271 3397 5325 Amen.

198 5362 394 5433 Ιιατρὶ,
439 5357 642 5429 καὶτῷ
705 5377 963 5430 παναγιῳ,
1015 5363 1105 5410 καὶ
1157 5356 1353 5431 ἀγαθῷ,
1409 5365 1498 5412 καὶ
1549 5361 1787 5434 ζωοποιῷ
1847 5364 2126 5434 ιῐντυματι,
2198 5367 2286 5412 νῦν
2338 5364 2428 5412 καὶ
2485 5358 2556 5422 εἰς
2621 5359 2736 5419 τούς
2792 5355 3155 5420 ἀτελευτήτους
3228 5357 3390 5410 αἰῶνα
3465 5363 3563 5409 τῶν

197 5447 423 5502 αἰωνων,
448 5446 636 5518 ’Δμήλ

273 5625 323 5659 ³⁸
347 5626 520 5682 Joan.
553 5641 592 5692 ι,
618 5626 705 5680 29.
783 5623 832 5660 “
864 5625 934 5680 Ps
957 5638 1104 5692 xcw,
1145 5627 1200 5680 6.

1275 5622 1324 5660 ’τ
1354 5623 1554 5686 Matth.
1586 5642 1746 5700 xxxv,
1779 5627 1870 5688 30.
1946 5629 1995 5665 "
2023 5627 2177 5686 Psal.
2203 5642 2348 5700 χειν,
2377 5631 2431 5685 2.
2508 5628 2556 5664 "
2587 5626 2745 5686 Psal.
2770 5643 2991 5696 xxxvu,
3023 5629 3105 5683 14.
