4096 6208
250 328 358 382 665

1665 322 1756 379 DE
1790 315 2215 382 IHAGINIBUS.

3511 342 3617 396 666

255 447 387 503 ἀλλά
408 447 601 512 πολλῆς
630 449 782 516 ἀξίαν
802 461 961 528 τιμῆς
985 455 1181 514 ταύτην
1211 454 1493 529 ἠγοΰμινος
1543 454 1634 505 καὶ
1695 464 1861 520 προσ·

1970 450 2285 536 aversaris,
2306 454 2602 516 ethonore
2616 457 2937 530 indignum
2968 458 3142 517 ducis
3156 461 3184 518 ?
3203 461 3615 536 Nequaquam.

252 548 395 593 κυνῶ
422 544 515 594 καὶ
543 539 875 615 ἀσπάζομαι.
924 548 1089 598 Τοῦτο
1143 542 1308 606 καλῶς
1359 545 1530 606 εἶπας.
1572 540 1727 595 ’Ἐστι
1756 537 1857 610 γὰρ

253 627 460 692 ἀληθῶς
506 635 599 684 καὶ
654 634 970 706 τιμιωτάτη,
1053 637 1142 687 καὶ
1195 633 1486 707 ἀγιωτάτη,
1536 636 1628 685 καὶ
1681 625 1863 702 βίϐλος

253 721 414 781 ὄντως
444 719 585 782 ζωῆς
613 716 1048 785 διαιωνιζούσης.
1083 719 1224 778 Ἰδού
1253 719 1344 777 οὖν
1368 721 1424 776 ὲκ
1452 729 1545 777 τοῦ
1605 718 1862 791 στόματὸς

256 825 359 861 σου
408 811 800 885 κατακριθήσῃ,
857 811 1124 885 Βαγόμιλι.
1175 816 1302 868 Elicit
1342 817 1536 882 τοίνυν,
1595 811 1628 869 ἡ
1684 804 1863 882 βίϐλος

255 896 394 968 αὕτη
425 897 525 951 οὐκ
570 896 673 953 ἀπό
705 896 934 954 σανίδων
988 903 1298 974 mir/auitas;
1354 901 1451 955 οὐκ
1502 898 1605 953 ἀπό
1662 893 1861 972 δερμά-

252 1002 398 1054 των;
427 986 525 1040 οὐκ
553 985 656 1042 ἀπό
701 991 944 1063 νημάτων
1003 999 1101 1044 τῶν
1128 994 1196 1045 τὰ
1251 987 1488 1068 δὶρματα
1548 1004 1863 1060 συσφιγγονο

251 1092 382 1142 τωνῖ
414 1076 511 1129 οὒκ
560 1079 665 1131 ἀπὸ
715 1078 931 1153 μέλανος
986 1084 1076 1134 καὶ
1114 1080 1298 1156 ἕτίρων
1338 1078 1587 1140 πολλάκις
1640 1074 1863 1151 χρωμά-

249 1182 394 1230 tm;
421 1165 542 1242 Ἆρ’
604 1167 693 1221 οὖν
718 1172 811 1221 καὶ
879 1173 946 1222 σὺ
984 1172 1043 1223 τό
1110 1167 1314 1244 βιϐλίον
1368 1178 1470 1223 τῶν
1535 1163 1859 1239 Εὖαγγιλίων

251 1257 569 1329 προσκυνῶν
596 1261 687 1310 καὶ
744 1255 1126 1331 ἀσπαζόμενος,
1182 1261 1278 1322 τὰς
1344 1254 1587 1325 σανιδας,
1652 1259 1743 1308 καὶ
1798 1254 1859 1305 τό

253 1343 439 1415 μέλαν,
496 1349 586 1398 καὶ
635 1348 701 1399 τά
748 1342 987 1422 δερματα
1034 1356 1347 1422 προσκυνεῖς
1395 1353 1487 1402 καὶ
1529 1345 1767 1417 ἀσπάζῃ,

253 1435 385 1495 τούς
419 1432 603 1506 λόγους
654 1442 749 1488 τοῦ
801 1443 936 1490 Θεοῦ
990 1441 1113 1500 τούς
1163 1439 1606 1513 ὲγγεγραμμένους
1654 1442 1716 1507 τῇ
1776 1431 1861 1506 βί-

254 1520 402 1594 ϐλῳ;
432 1528 563 1591 Ναὶ,
596 1530 750 1597 φησὶ,
809 1529 926 1588 τούς
983 1526 1172 1600 λόγους
1231 1532 1351 1591 τοὺς
1412 1526 1863 1599 ἐγγεγραμμένους

251 1620 320 1685 τῇ
617 1616 849 1668 Δύνασαι
899 1612 960 1669 δὲ
1019 1615 1185 1678 ἄλλως
1238 1621 1361 1679 τοὺς
1415 1615 1597 1683 λόγους
1645 1615 1862 1675 τούτους

253 1709 435 1775 γραφῇ
488 1699 815 1778 παραδοῦναι
841 1709 933 1757 καὶ
965 1709 1039 1767 ιίς
1090 1707 1382 1778 ἀνάγνωσιν
1428 1708 1601 1778 χωρίς
1646 1702 1862 1776 μέλανος

1969 534 2189 637 inquis,
2236 540 2465 637 honore
2524 547 2863 621 indignum,
2922 549 3031 607 sed
3080 549 3344 624 plurimo
3387 534 3616 610 honore

1969 623 2225 697 dignum
2255 633 2623 707 existimans,
2653 654 2793 696 eum
2821 636 3008 697 adoro
3038 623 3097 698 et
3137 638 3394 699 osculor.
3443 638 3618 700 Recte

1968 713 2086 773 hoc
2113 717 2490 784 dixisti.Vere
2517 727 2679 785 enim
2707 728 2875 787 omni
2902 729 3285 787 veneratione
3313 729 3536 802 dignus
3561 734 3618 791 et

1970 806 2387 903 sanctissimus
2413 818 2521 882 est,
2552 830 2812 891 vereque
2840 816 2991 875 liber
3025 822 3262 876 aeternae
3289 818 3446 876 vitae.
3472 818 3616 878 Vide

1969 893 2168 962 igitur,
2195 912 2269 954 ex
2293 914 2394 958 ore
2421 904 2524 960 tuo
2561 905 3083 975 condemnaberis,
3129 906 3453 980 Bogomile.
3512 906 3616 965 Dic

1968 995 2135 1054 ergo,
2163 1000 2367 1046 nonne
2388 989 2540 1049 liber
2566 992 2663 1051 hic
2689 1009 2763 1051 ex
2783 993 3087 1052 asseribus
3108 999 3460 1068 compactus
3480 1000 3572 1054 est
3587 998 3617 1055 ?

1969 1071 2177 1131 Nonne
2202 1092 2278 1134 ex
2298 1078 2557 1151 pellibus
2586 1083 2615 1140 Ἰ
2642 1085 2851 1141 Nonne
2877 1100 2952 1141 ex
2990 1084 3108 1141 ﬁlis
3181 1083 3369 1158 pelles
3400 1100 3615 1144 conne-

1968 1162 2266 1223 ctentibus
2290 1166 2317 1223 Τ
2345 1170 2550 1227 Nonne
2581 1187 2654 1228 ex
2682 1176 3039 1240 atramento,
3073 1176 3129 1231 et
3156 1172 3292 1230 aliis
3331 1189 3457 1231 non
3476 1189 3614 1232 raro

1967 1248 2268 1310 coloribus
2301 1257 2329 1313 ?
2371 1260 2463 1314 An
2502 1258 2683 1330 igitur
2729 1266 2788 1318 et
2817 1266 2879 1318 tu
2905 1261 3129 1320 librum
3158 1261 3616 1333 Evangeliorum

1968 1338 2231 1398 adorans
2260 1350 2317 1401 et
2339 1345 2698 1407 deosculans
2726 1366 2957 1408 asseres
3005 1356 3064 1409 et
3099 1355 3505 1409 atramentum
3559 1354 3618 1408 et

1968 1429 2152 1501 pelles
2177 1433 2396 1492 adoras
2420 1442 2478 1494 et
2496 1440 2807 1507 oscularis,
2836 1457 2915 1498 an
2933 1441 3121 1499 verba
3177 1444 3277 1499 Dei
3330 1441 3484 1500 libro
3530 1438 3617 1498 illi

1968 1517 2253 1594 inscripta
2282 1524 2311 1581 ?
2337 1524 2505 1593 Vere,
2529 1528 2741 1602 inquit,
2771 1530 2959 1605 verba
2987 1530 3088 1587 Dei
3107 1530 3171 1587 in
3194 1529 3348 1588 libro
3373 1528 3613 1603 scripta.

1968 1611 2058 1664 An
2086 1616 2255 1682 potes
2283 1629 2426 1672 vero
2463 1617 2648 1675 verba
2676 1618 2780 1675 Dei
2812 1618 3091 1692 scribere,
3121 1623 3182 1676 et
3214 1622 3281 1676 ut
3319 1617 3437 1690 legi
3480 1632 3620 1691 pos-

1970 1697 2104 1767 sint,
2137 1699 2370 1759 eﬂ‘icere
2409 1705 2642 1780 absque
2691 1712 3026 1766 atramento
3075 1713 3133 1765 et
3179 1706 3436 1764 charta?
3465 1709 3614 1773 Non,

256 1793 352 1841 καί
377 1792 623 1864 χάρτους
654 1792 822 1864 Οὐχί,
854 1798 1006 1866 φησί.
1035 1798 1100 1848 Τί
1123 1790 1212 1848 οὖν
1250 1797 1429 1847 λοιπόν
1457 1796 1515 1847 τό
1568 1795 1860 1864 συναγόμε-

1970 1786 2165 1860 inquit
2208 1791 2361 1857 Quid
2385 1793 2565 1864 igitur
2588 1796 2732 1854 hinc
2777 1797 3154 1855 concluditur
3180 1797 3210 1853 ‘i
3234 1795 3512 1854 Videlicet
3536 1792 3618 1853 ad

258 1894 383 1945 νον;
413 1878 537 1932 ὀτι
578 1884 714 1957 πρός
760 1888 856 1941 τήν
911 1892 1012 1936 τῶν
1054 1882 1398 1956 ὠαγγιλικῶν
1442 1883 1689 1958 ῥημάτων
1741 1879 1861 1933 ἀναο

257 1973 468 2040 γραφήν
513 1970 1011 2046 παραλαμϐάνονται
1038 1975 1105 2025 τά
1149 1970 1406 2046 δέρματα,
1436 1974 1495 2026 τό
1547 1970 1724 2044 μέλαν,
1771 1973 1862 2022 καὶ

258 2056 444 2110 τᾶλλα·
483 2063 544 2112 τό
576 2056 637 2114 δί
660 2067 945 2134 τιμώμενον
971 2066 1020 2115 oi
1078 2062 1223 2134 λόγοι
1296 2064 1399 2116 εἰσί
1433 2068 1523 2114 τοῦ
1590 2064 1784 2133 Κυρίου
1813 2056 1863 2111 οἱ

258 2155 321 2219 τῇ
386 2145 558 2221 βίϐλω
607 2148 952 2225 ἀνάγραπτοι.
1005 2149 1166 2205 Ὥστε
1212 2152 1257 2205 εἰ
1304 2171 1382 2213 τις
1418 2149 1691 2221 ἀπαλείφει
1745 2152 1864 2208 τοὺς

255 2234 468 2307 λόγους,
500 2237 856 2311 συναπήλιιψι
891 2244 982 2293 καὶ
1026 2245 1122 2300 τὴν
1159 2248 1257 2302 τῆς
1313 2237 1499 2313 βίϐλου
1547 2242 1724 2311 τιμὴν,
1774 2242 1866 2289 καὶ

256 2328 314 2377 τό
358 2323 692 2399 ἱναπομεῑναν
748 2326 1038 2382 ἀσίϐαστον
1089 2334 1181 2382 καὶ
1235 2327 1651 2403 ἀπροσκύνητον.
1712 2328 1866 2379 Οὕτω

255 2431 347 2485 μοι
370 2417 587 2479 νόησον,
618 2417 843 2490 αἱρετικὶ
868 2421 959 2470 καὶ
997 2415 1198 2487 ἀνόητε,
1258 2415 1389 2470 κάπὶ
1438 2423 1553 2478 ταῖς
1598 2412 1865 2487 τῶνάγίων

260 2505 581 2576 ζωγραφίαις
634 2504 863 2570 εἰκόνων,
895 2507 977 2561 ὅτι
1006 2509 1065 2559 τό
1126 2510 1420 2580 τιμίομινον
1483 2508 1575 2557 καὶ
1632 2522 1864 2577 προσκυ-

255 2593 498 2663 νούμενον
527 2594 555 2644 ό
583 2599 867 2669 χαρακτήρ
928 2593 1043 2649 ἔστι
1104 2600 1196 2649 καὶ
1254 2598 1314 2649 τό
1381 2596 1543 2668 ὄνομα
1607 2595 1711 2647 εἴτε
1769 2599 1862 2645 τοῦ

238 2682 518 2756 “Χριστοῡ,
575 2686 673 2736 εἴτε
718 2691 813 2745 τῆν
867 2688 1149 2754 Θιοτόκου,
1200 2685 1301 2737 εἴτε
1348 2687 1481 2745 τινός
1526 2691 1626 2736 τῶν
1677 2680 1862 2754 ἁγίων.

260 2771 442 2825 Ταῦτα
469 2767 532 2823 δέ
569 2775 910 2846 μορφωθῆναι
965 2777 995 2832 ἤ
1040 2782 1304 2849 γραφῆναι
1354 2770 1631 2839 ἀδύνατον,
1685 2776 1729 2825 εί
1786 2775 1858 2844 μὴ

259 2858 316 2912 ἐκ
363 2856 633 2933 διαφόρων
661 2863 980 2936 χρωμάτων·
1033 2870 1126 2916 τοῦ
1174 2859 1236 2916 δέ
1261 2870 1599 2937 χαρακτῆρος
1655 2859 1863 2913 ἀπαλιιο

262 2950 471 3020 φθάντος
501 2949 602 3019 (7),
631 2950 815 3024 ἄτιμος
852 2954 912 3004 τό
945 2950 1046 3004 ἀπό
1077 2948 1233 3005 τοῦδε
1260 2954 1289 3011 ἡ
1347 2951 1442 3010 ὕλη
1491 2954 1582 3003 καί
1623 2954 1863 3003 κεκοίνω-

259 3057 347 3090 ται
354 3080 367 3094 .

1970 1876 2343 1951 Scripturam
2361 1885 2845 1955 evangelicorum
2864 1886 3187 1945 verborum
3210 1884 3481 1944 adhiberi
3494 1881 3615 1958 pel-

1965 1964 2073 2038 les,
2125 1974 2551 2042 atramentum,
2600 1976 2659 2031 et
2712 1976 2807 2032 his
2855 1975 3193 2044 similia;id
3246 1990 3391 2032 vero
3447 1971 3617 2048 quod

1968 2054 2318 2127 honoratur,
2351 2076 2484 2117 esse
2524 2063 2659 2136 ipsa
2700 2064 2937 2121 Domini
2988 2064 3174 2121 verba
3213 2062 3277 2120 in
3322 2062 3424 2120 illo
3461 2061 3614 2119 libro

1971 2152 2233 2204 exarata.
2257 2151 2463 2223 Itaque
2484 2150 2533 2207 si
2554 2152 2689 2225 quis
2711 2152 2898 2210 verba
2943 2151 3156 2220 deleat,
3201 2151 3382 2209 simul
3434 2149 3615 2208 etiam

1970 2234 2105 2291 libri
2128 2236 2419 2296 honorem
2451 2244 2511 2297 et
2534 2243 2928 2299 reverentiam
2983 2240 3360 2310 oblitteravit,
3405 2238 3612 2312 idque,

1971 2324 2137 2396 quod
2165 2331 2453 2399 remanet,
2476 2328 2822 2401 inglorium,
2850 2335 2908 2387 et
2926 2330 3312 2393 inhonorum,
3327 2332 3384 2384 et
3402 2326 3613 2384 adora-

1972 2413 2147 2470 tionis
2188 2431 2395 2489 expers
2440 2417 2653 2478 eﬂecit.
2696 2417 2810 2487 Sic,
2854 2418 3128 2476 haeretice
3183 2423 3242 2474 et
3293 2416 3475 2488 fatue,
3538 2413 3615 2471 de

1971 2502 2193 2560 sanctis
2221 2504 2422 2562 itidem
2450 2506 2788 2579 imaginum
2817 2507 3062 2580 picturis
3084 2506 3303 2580 cogita,
3330 2503 3395 2562 id
3442 2502 3617 2560 nimi-

1970 2606 2106 2647 rum
2134 2592 2302 2666 quod
2321 2594 2652 2653 honoratur
2674 2601 2733 2654 et
2759 2595 3066 2662 adoratur,
3119 2610 3251 2653 esse
3280 2593 3538 2666 ﬁguram
3558 2596 3617 2649 et

1970 2695 2195 2740 nomen
2224 2683 2346 2740 sive
2402 2684 2634 2756 Christi,
2677 2684 2801 2743 sive
2849 2685 3141 2760 Deiparaa,
3190 2683 3311 2742 sive
3357 2679 3616 2753 alicujus

1969 2785 2041 2827 ex
2067 2772 2331 2829 caelitum
2360 2788 2635 2831 numero.
2665 2777 2799 2832 Hinc
2829 2790 2969 2832 vero
3010 2773 3257 2831 formari
3297 2776 3401 2829 aut
3446 2768 3615 2842 pingi

1969 2859 2137 2918 aliter
2162 2867 2491 2934 nequeunt,
2516 2863 2633 2920 nisi
2659 2880 2733 2921 ex
2765 2864 3016 2921 diversis
3047 2861 3376 2929 coloribus;
3419 2859 3616 2930 ﬁgura

1970 2954 2173 3006 autem
2203 2955 2505 3022 expuncta
2531 2951 2830 3009 inhonora
2863 2951 2940 3008 de
2959 2955 3173 3008 caetero
3192 2950 3462 3006 remanet
3487 2961 3616 3004 ma-

1969 3036 2116 3094 teria
2135 3043 2192 3094 et
2210 3039 2570 3097 communis.

336 3128 428 3191 Ὠς
477 3126 527 3181 ἐν
582 3125 970 3203 παραδείγματι
1023 3126 1084 3184 δὲ
1142 3130 1320 3201 εἰπεῖν,
1375 3130 1509 3183 ἔστω
1561 3148 1663 3182 που
1716 3128 1864 3181 ίστά·

2044 3128 2111 3182 Et
2140 3132 2204 3183 ut
2224 3127 2500 3200 exemplo
2545 3144 2674 3186 rem
2727 3127 3138 3185 illustremus:
3189 3126 3263 3184 sit
3300 3123 3613 3199 speculum

262 3236 409 3290 μενον
444 3219 693 3292 ἔσοπτρον
730 3219 760 3278 ἣ
819 3217 872 3282 ἑξ
903 3218 1050 3272 ὑέλου
1082 3220 1112 3279 ἣ
1169 3218 1223 3272 ἐκ
1285 3216 1532 3293 σιδήρου,
1585 3221 1675 3270 καί
1729 3217 1864 3269 ὑπό-

265 3307 356 3358 θου
385 3308 473 3359 τόν
503 3311 736 3383 Χριστόν
767 3307 1023 3361 ἳστασθαι
1070 3306 1186 3360 ἀντί
1231 3312 1513 3380 προσώπου
1572 3309 1710 3368 τινός
1763 3313 1864 3357 τῶν

264 3397 511 3448 τοιούτων
559 3398 845 3469 ἐσόπτρων,
924 3392 1305 3450 Είδοποιιίσθω
1362 3392 1423 3448 δὲ
1469 3399 1561 3448 καί
1607 3396 1632 3447 ὁ
1689 3414 1865 3468 χαρα-

265 3488 395 3558 κτὴρ
454 3484 618 3537 αὐτοῦ
682 3492 745 3558 τῇ
796 3493 888 3539 τοῦ
945 3484 1199 3563 ἐσόπτρου
1254 3484 1589 3543 στιλπνότητι
1634 3488 1725 3536 καί
1778 3482 1864 3557 ἰμ-

267 3575 525 3644 φαινέσθω
553 3573 874 3647 καθαρῶςέν
931 3574 1086 3648 αὐτῇ.
1146 3573 1261 3628 Ἐάν
1318 3577 1405 3627 οὖν
1460 3576 1516 3626 ἑκ
1568 3575 1731 3626 πόθου
1785 3592 1866 3635 τις

265 3667 496 3735 προσιὼν
522 3669 595 3733 τῷ
633 3660 887 3737 ὶσόπτρῳ,
921 3662 970 3715 ἐν
1121 3665 1151 3723 ἡ
1202 3667 1371 3737 μορφὴ
1428 3660 1723 3735 ἐμφαίνεται
1772 3668 1865 3714 τοῦ

272 3758 522 3827 Χριστοῦ,
595 3756 685 3804 καί
741 3752 1061 3827 προσψαύσῃ
1148 3759 1300 3806 τοῦτο
1353 3760 1460 3813 τοῖς
1510 3751 1719 3824 χείλεσι
1776 3754 1867 3802 καί

268 3839 584 3907 ἀσπάσεται,
619 3835 701 3915 ἄρ’
748 3837 835 3893 οὖν
889 3845 947 3894 τό
987 3844 1243 3915 ἔσοπτρον
1301 3840 1547 3914 ἐτίμησεν
1577 3844 1607 3899 ἦ
1663 3844 1759 3898 τήν
1817 3837 1867 3892 ἓν

266 3937 335 4000 τῷ
364 3928 601 4002 ἐσόπτρῳ
625 3935 828 4003 μορφὴν
869 3938 961 3983 τοῦ
992 3936 1262 4004 Χριστοῦς
1323 3926 1577 3992 Εὔδηλον,
1636 3928 1718 3981 ότι
1773 3932 1867 3988 τὴν

263 4024 487 4094 μορφήν.
534 4018 596 4071 Εἰ
651 4020 750 4092 γάρ
785 4023 880 4076 τὴν
940 4022 1093 4092 φύσιν
1151 4022 1370 4091 brium:
1428 4024 1521 4071 τοῦ
1588 4015 1863 4091 ἐσόπτρου,

262 4112 350 4160 καὶ
408 4110 468 4160 τό
531 4105 689 4170 σέϐας
744 4109 908 4180 ταύτῃ
976 4106 1272 4181 απένειμενο
1334 4104 1613 4159 ἀκόλουθον
1664 4106 1727 4179 ᾖν
1777 4106 1869 4158 αὖ·

262 4204 332 4266 τῷ
378 4199 550 4250 πάντα
597 4195 739 4249 ὕελον
789 4201 879 4249 καὶ
935 4199 1106 4249 πάντα
1156 4192 1376 4272 σίδηρον
1426 4203 1756 4269 προσκυνεῖν,
1808 4193 1869 4249 Εἰ

262 4282 319 4339 δὲ
344 4294 500 4339 τοῦτο
541 4288 632 4358 μὲν
661 4286 755 4338 οὐκ
790 4285 1021 4353 ἐποίησε,
1083 4291 1314 4353 πώποτε,
1375 4288 1536 4337 ὶκείνο
1598 4280 1657 4337 δὲ
1714 4287 1866 4358 μόνον

258 4375 562 4442 ἠσπάσατο,
615 4373 664 4425 ἐν
715 4374 754 4444 ᾧ
806 4372 960 4446 ἐφάνη
1023 4376 1082 4426 τό
1140 4377 1399 4448 μόρφωμα
1455 4378 1547 4425 τοῦ
1609 4377 1862 4445 Χριστοῦ·

260 4458 418 4522 δῆλον
472 4461 587 4515 ἐστι
619 4467 711 4514 καὶ
738 4461 931 4534 τυφλῷ,
986 4463 1066 4514 ὅτι
1099 4466 1193 4520 τὴν
1245 4459 1293 4513 ἐν
1345 4469 1407 4533 τῇ
1465 4458 1556 4535 ὕλη
1624 4459 1863 4535 ἕμραινο-
1895 4494 1942 4550 D

258 4554 412 4624 μένην
445 4555 652 4625 μορφὴν
678 4553 894 4623 ὶτίμησε
920 4557 1010 4603 τοῦ
1058 4556 1315 4623 Χριστοῦ.
1374 4553 1473 4602 Τόν
1533 4553 1710 4623 ὅμοιον
1744 4553 1864 4624 τρό-

259 4660 350 4693 πον
376 4646 470 4693 καὶ
529 4638 613 4693 ἰπὶ
684 4647 785 4692 τῶν
836 4640 998 4711 ἁγιων
1055 4643 1261 4693 εἰκόνων
1317 4638 1552 4710 λογίζου.
1614 4638 1769 4693 Ἀλλά
1798 4643 1864 4693 σύ

259 4729 570 4805 όαίριτικός
614 4728 721 4801 οὐχ
781 4731 951 4790 ἁπλῶς
992 4728 1157 4790 οὕτως
1220 4728 1583 4800 Εἰκονομάχος
1640 4724 1704 4795 εἴ,
1758 4727 1863 4781 ἀλλ’

258 4818 504 4892 ἄντικρυς
537 4819 939 4893 Χριστομάχος,
969 4822 1059 4870 καί
1093 4814 1189 4870 διὰ
1219 4824 1373 4870 τοῦτο
1408 4819 1546 4869 κατά
1589 4824 1684 4879 τῆς
1713 4816 1865 4888 ἁγίας

258 4907 419 4960 αὐτοῦ
496 4906 685 4966 εἰκόνος
770 4903 1214 4977 ἐκπεπολῳωσαι,
1301 4909 1391 4957 καὶ
1486 4902 1864 4980 ἕκτεθηρίωσαι

257 4997 355 5049 ὑπό
380 5003 475 5049 τοῦ
502 4994 813 5055 ἐνοικοῦντός
852 5013 937 5046 σοι
996 4990 1258 5066 δαίμονος.
1326 4997 1425 5047 Καί
1479 4995 1582 5067 γὰρ
1633 4997 1722 5045 καί
1772 4995 1866 5054 τὰς

256 5082 544 5159 παρδάλεις
598 5088 754 5156 φασιν
823 5081 1080 5154 ἀπεχθῶς
1123 5085 1265 5154 ἔχειν
1324 5085 1458 5157 πρός
1520 5084 1587 5135 τὰ
1643 5089 1743 5135 τῶν
1780 5078 1862 5133 ἀν-

260 5175 479 5249 ορωπων
511 5175 786 5247 πρόσωπα,
824 5176 915 5224 καί
977 5171 1167 5243 λυττᾲν
1232 5170 1344 5224 κατ’
1403 5171 1572 5224 αὐτῶν
1606 5178 1859 5242 μανικῶς,

258 5265 349 5317 κάν
415 5281 519 5316 που
581 5264 954 5338 ἱστορουμένην
1026 5257 1138 5314 ἴδοι
1210 5259 1583 5335 ἓνανθρωπιίαν
1633 5265 1861 5334 μορφὴν,

328 5399 407 5469 (7)
432 5394 703 5469 Haeretici
728 5394 1078 5469 interpretes
1094 5393 1412 5469 Cedreni‘et
1431 5392 1643 5469 Clycas,
1659 5395 1861 5469 lcono-

262 5463 514 5526 machos
541 5473 598 5523 et
624 5463 1025 5523 lconoclastas
1058 5470 1276 5522 vocant
1307 5463 1858 5533 simuldcriperdas,

263 5540 508 5597 nomine
528 5537 826 5597 hmretico.
851 5542 910 5593 et
936 5536 1017 5593 ad
1046 5537 1321 5593 fraudem
1343 5551 1591 5608 prorsus
1613 5540 1783 5606 apto;
1805 5541 1864 5608 et

267 5610 629 5670 ἀναστηλωσιν
667 5617 768 5662 τῶν
795 5608 1022 5674 εἰκόνων,
1067 5611 1284 5664 vocant
1322 5606 1754 5664 feslilutt'onem
1778 5606 1863 5663 εἰ·

266 5684 698 5753 mulacrorum,
712 5685 778 5739 ut
789 5684 847 5738 et
858 5679 1077 5750 εἰκόνας,
1089 5679 1441 5746 simulacra;
1462 5676 1861 5751 ignoscerem,

1971 3214 2218 3288 aliquod
2247 3215 2336 3271 vel
2365 3215 2620 3274 vitreum
2636 3216 2730 3274 vel
2744 3216 3024 3285 ferreum,
3053 3221 3108 3273 et
3122 3215 3281 3287 ﬁnge
3307 3231 3339 3272 e
3370 3212 3616 3284 regione

1972 3303 2227 3375 alicujus
2255 3320 2329 3360 ex
2345 3304 2604 3377 speculis
2625 3306 2943 3362 consistere
2968 3305 3283 3363 Christum.
3315 3301 3618 3373 Eﬂigietur

1970 3408 2113 3449 vero
2137 3392 2332 3449 forma
2350 3393 2527 3450 etiam
2549 3393 2726 3467 illius,
2761 3393 3078 3468 splendore
3104 3392 3331 3467 speculi
3365 3395 3424 3447 et
3452 3389 3618 3447 clari-

1971 3481 2196 3549 tudine,
2228 3482 2363 3539 etin
2393 3498 2466 3539 ea
2494 3483 2650 3539 clare
2674 3483 2956 3542 reluceat.
2987 3483 3045 3541 Si
3063 3482 3242 3557 igitur
3285 3480 3423 3555 quis
3467 3477 3619 3536 desi-

1971 3570 2138 3627 derio
2164 3575 2353 3628 tactus
2382 3571 2459 3627 ad
2483 3572 2795 3644 speculum
2822 3572 3089 3640 accedat,
3128 3571 3192 3628 in
3227 3585 3351 3644 quo
3388 3566 3616 3641 species

1973 3659 2182 3716 Christi
2212 3660 2455 3730 relucet,
2477 3659 2742 3734 illudque
2758 3661 2933 3718 labiis
2948 3660 3202 3729 attingat
3222 3663 3279 3716 et
3296 3656 3614 3722 osculetur,

1973 3762 2121 3805 num
2142 3747 2275 3805 talis
2300 3748 2612 3821 speculum
2637 3749 2975 3817 honoravit,
2998 3765 3077 3806 an
3097 3765 3254 3818 eam,
3281 3763 3417 3822 quae
3449 3748 3537 3803 est
3555 3744 3618 3800 in

1973 3837 2238 3910 speculo,
2277 3837 2534 3894 formam
2584 3838 2848 3895 Christi?
2891 3838 3280 3911 Perspicuum
3310 3839 3420 3907 est,
3451 3831 3619 3908 quod

1972 3927 2250 3983 formam.
2277 3926 2334 3983 Si
2354 3926 2515 3982 enim
2546 3927 2772 4000 speculi
2801 3930 3082 3983 naturam
3113 3925 3414 3990 coluisset,
3444 3922 3617 3995 eique

1973 4015 2198 4072 cultum
2219 4013 2604 4081 exhibuisset,
2636 4030 3010 4088 consequens
3029 4017 3203 4081 esset,
3224 4016 3290 4069 ut
3316 4025 3497 4068 omne
3532 4012 3619 4067 vi-

1974 4108 2131 4161 trum
2153 4106 2211 4160 et
2228 4112 2409 4172 omne
2431 4102 2651 4159 ferrum
2672 4102 2967 4159 adoraret.
2993 4101 3050 4159 Si
3074 4105 3275 4157 autem
3289 4098 3407 4155 hoc
3434 4112 3616 4154 nemo

1974 4207 2244 4263 unquam
2267 4191 2421 4259 fecit,
2450 4190 2596 4246 illud
2619 4206 2760 4247 vero
2782 4190 3076 4247 duntaxat
3095 4187 3402 4246 osculatus
3423 4192 3532 4258 est,
3555 4185 3616 4242 in

1971 4296 2095 4355 quo
2126 4279 2335 4337 Christi
2363 4279 2593 4352 species
2610 4278 3175 4353 apparuit,planum
3202 4282 3294 4336 est
3320 4275 3415 4334 vel
3433 4290 3613 4343 caeo,

1972 4385 2111 4426 eum
2137 4368 2324 4433 illam,
2352 4384 2490 4441 qua:
2518 4367 2580 4424 in
2618 4368 2869 4426 materia
2912 4366 3307 4433 elucescebat,
3358 4365 3617 4423 formam

1974 4458 2340 4515 honorasse:
2372 4455 2534 4514 idem
2563 4456 2639 4514 de
2659 4455 3232 4528 sacrisimaginibus
3266 4458 3475 4511 statue.
3502 4451 3618 4510 Sed

1975 4553 2058 4615 tu,
2084 4546 2188 4620 qui
2206 4544 2520 4602 haereticus
2538 4560 2624 4617 es,
2643 4560 2768 4602 non
2792 4543 3138 4619 simpliciter
3158 4541 3615 4606 lconomachus,

1972 4636 2088 4692 hoc
2114 4639 2220 4702 est,
2253 4633 2587 4705 imaginum
2614 4633 2822 4701 hostis,
2841 4632 2949 4692 sed
2967 4633 3221 4691 adversa
3248 4631 3440 4689 fronte
3459 4629 3607 4686 Chri.

1973 4724 2340 4795 stomachus,
2373 4723 2488 4780 hoc
2510 4727 2619 4793 est,
2640 4723 2851 4781 Christi
2875 4726 3257 4797 oppugnator
3281 4736 3366 4787 es,
3424 4734 3615 4792 eaque

1971 4814 2047 4870 de
2066 4828 2251 4870 causa
2272 4817 2479 4869 contra
2495 4827 2731 4868 sacram
2744 4812 2932 4885 ipsius
2946 4812 3273 4882 imaginem
3294 4823 3466 4865 arma
3484 4822 3614 4864 cor-

1970 4903 2136 4978 ripis,
2160 4907 2216 4959 et
2236 4902 2516 4958 efferatus
2538 4917 2620 4957 es.
2649 4903 2799 4957 Nam
2821 4904 2878 4958 et
2897 4898 3176 4974 pardales
3197 4898 3395 4954 ferunt
3412 4895 3617 4954 hostili

1970 4992 2175 5049 animo
2192 4990 2395 5047 essein
2413 4989 2748 5046 humanam
2760 4988 3039 5060 figuram,
3063 4992 3121 5044 et
3140 4986 3203 5044 in
3220 5001 3356 5043 eam
3375 4985 3617 5043 rabiosa

1968 5081 2185 5149 furere,
2217 5085 2275 5136 et
2297 5078 2488 5135 sicubi
2520 5077 2783 5151 speciem
2814 5075 3077 5134 hominis
3109 5075 3490 5134 eﬂ'ormatam
3530 5075 3619 5133 vi-

1968 5170 2182 5240 derint,
2212 5168 2272 5225 iu
2303 5184 2437 5225 eam
2467 5167 2751 5234 insanire,
2783 5170 2842 5224 et
2868 5165 3156 5223 iracunde
3211 5164 3453 5238 insilire,
3513 5180 3620 5223 uu-

1969 5272 2240 5332 guesquc
2264 5272 2616 5329 expromere
2637 5259 2694 5313 et
2729 5269 3038 5312 exacuere.
3069 5253 3237 5313 Tales
3263 5259 3403 5312 sunt
3429 5258 3487 5311 et
3512 5253 3613 5310 ﬁlii

1967 5390 2081 5448 nisi
2102 5390 2336 5456 scirem,
2367 5404 2493 5462 qua
2519 5391 2721 5445 mente
2747 5387 2905 5462 hanc
2935 5402 3150 5462 vocem
3203 5388 3517 5462 usurpent,
3538 5389 3618 5462 _et

1968 5476 2092 5536 quo
2129 5467 2186 5517 et
2225 5455 2494 5536 quodam
2525 5458 2879 5536 usurpando
2904 5457 3177 5536 alludant
3202 5455 3383 5536 Magis
3423 5455 3616 5536 probo

1968 5526 2351 5605 interpretem
2379 5530 2441 5587 in
2451 5530 2638 5605 rebus
2671 5526 3086 5605 ecclesiasticis
3110 5526 3319 5605 magis;
3341 5526 3617 5605 e‘cc1esia—

1968 5598 2203 5676 sticum,
2231 5601 2744 5676 quam__Latin_um,
2768 5600 2877 5658 etsi
2891 5615 3115 5658 nomen
3137 5598 3414 5670 imaginis
3443 5611 3614 5668 usque

1970 5670 2273 5743 Latinum}
2296 5687 2368 5732 ac
2393 5670 2541 5731 illud
2568 5671 2848 5731 alterum.
