4096 6208
824 2 831 5 ε

244 324 359 386 669
1659 329 1753 389 DE
1796 330 2217 393 IMAGlNlBUS.
3507 336 3612 392 670

247 459 408 507 τοῦτο
434 456 595 506 εἰπεῖν
622 448 901 526 ζοφὼδους
925 457 1133 530 φρενὸςο
1188 456 1278 528 ὡς,
1333 452 1445 510 ἕπεί
1492 456 1541 511 οἱ
1593 458 1702 510 θεοί
1750 464 1852 510 τῶν
1881 456 1927 514 Α

248 540 408 596 tam:
435 538 691 614 δαιμόνια
717 541 875 610 ἦσαν,
904 540 1037 617 μηδ’
1059 546 1204 618 ὑμεῖς
1235 551 1500 619 τιμήσητε
1560 548 1711 607 θεόν.
1770 547 1853 598 ἶνα

248 634 323 705 μή
366 632 701 705 νομισθείητε
754 627 1189 708 δαιμονολοίτραι,·
1244 633 1353 687 ἀλλ’
1406 635 1523 689 ﬁeri
1570 635 1735 691 ἄθεοι.
1791 634 1854 689 Εἰ

253 715 315 773 δε
347 724 506 772 τοῦτο
530 720 680 772 ἄθεον
731 725 823 773 καί
880 719 1085 791 ἆσεϐες,
1138 724 1332 795 ὁμοίως
1394 724 1544 777 ἔσται
1592 727 1683 776 καί
1735 727 1855 800 περί

249 814 354 860 τῶν
386 805 797 880 ἕκτυπωμοίτων.
829 810 897 863 Oi
949 811 1053 887 γὰρ
1111 808 1348 873 Ἕλληνες
1408 808 1672 885 δαιμόνων
1730 831 1855 887 μορ-

250 898 355 969 φὰς
411 898 785 972 προσεκῦνουν·
852 897 1003 971 ipsi;
1055 894 1115 954 δι
1165 908 1256 953 τοῦ
1308 906 1545 974 Χριστοῦ
1596 904 1688 953 καὶ
1753 909 1855 954 τῶν

254 985 422 1058 ἁγίων
467 985 651 1041 αὐτοῦ.
701 1006 732 1038 α
775 991 869 1050 Τίς
1106 995 1349 1043 κοινωνία
1395 994 1529 1064 φωτὶ
1577 992 1708 1067 πρός
1738 995 1858 1043 σκό-

249 1092 366 1138 τος.
396 1078 429 1136 ἣ
457 1081 802 1149 συμφώνησις
829 1080 1048 1152 Χριστῷ
1073 1083 1205 1153 πρὸς
1234 1078 1447 1147 una;
1472 1103 1500 1129 ››

322 1164 533 1237 Εἰγοῦν
560 1164 675 1218 ἐστι
694 1169 753 1219 τό
783 1174 890 1240 φῶς
917 1172 1009 1220 καὶ
1038 1171 1103 1221 τὸ
1145 1173 1330 1232 σκότος
1377 1168 1426 1223 ἓν
1467 1175 1558 1223 καὶ
1594 1149 1654 1223 τό
1706 1169 1852 1242 αῦτό,

248 1255 407 1307 ἔσται
470 1255 503 1313 ἦ
584 1253 730 1307 εἰκών
808 1262 903 1308 τοῦ
950 1258 1206 1330 Χριστοῦ,
1258 1262 1350 1311 καὶ
1409 1260 1467 1311 τό
1518 1254 1730 1312 είδωλον
1786 1259 1856 1313 ἓν.

248 1342 416 1397 Ἀλλά
462 1346 701 1414 τρέποιτο
747 1345 882 1397 κατά
936 1350 1030 1406 τῆς
1084 1352 1182 1408 σῆς
1236 1342 1499 1421 βδελυρᾶς
1550 1348 1772 1420 κεφαλῆς
1825 1346 1855 1408 ἦ

262 1428 603 1505 βλασφημία,
646 1431 893 1505 Βογόμιλε
935 1435 1340 1507 τρισκατάρατε.
1390 1434 1537 1488 Maio:
1580 1438 1860 1508 τοιγαροῦν

250 1522 352 1578 τὴν
377 1518 641 1590 ἀλήθειαν,
672 1528 766 1581 τῆς
787 1520 1033 1584 ἁληθειας
1059 1520 1239 1597 ἕχθρὶ,
1266 1521 1348 1575 ὅτι
1395 1526 1461 1576 τὰ
1515 1524 1635 1582 ἔθνη
1694 1526 1859 1577 ίκεῖνα

250 1611 321 1662 τὰ
366 1608 592 1662 πολύθεα
643 1614 734 1661 καί
780 1610 911 1663 ἄθεα
963 1606 1226 1683 δαιμόνων
1287 1610 1496 1682 γλνπτὰ
1555 1612 1860 1686 ὁμοιώματα

252 1698 721 1758 κατασκευάζοντα
748 1700 815 1759 ὡς
844 1699 973 1759 θεοῖς
1017 1701 1224 1761 τούτοις
1275 1698 1563 1775 ἐλάτρευον,
1622 1705 1709 1754 καὶ
1766 1722 1857 1761 κη-

260 1780 485 1860 δεμόνας
543 1792 637 1847 τῆς
695 1788 833 1850 ζωῆς
878 1786 1044 1840 αὐτῶν
1086 1789 1154 1840 τὰ
1213 1786 1531 1863 ἐστερημένοι
1586 1789 1723 1852 ζωῆς
1763 1790 1930 1866 {nr-'3

256 1875 528 1937 ετόπαζον·
561 1880 652 1929 καὶ
711 1868 846 1935 ἦσαν
900 1878 1052 1950 ὁμοῦ,
1106 1876 1198 1931 καὶ
1255 1881 1321 1931 τὰ
1376 1884 1717 1954 πρωτότυπα,
1766 1884 1856 1934 καὶ

256 1968 325 2018 τὰ
368 1966 694 2038 ὁμοιώματα,
749 1963 1013 2039 δαίμονες,
1066 1972 1158 2020 καὶ
1206 1963 1469 2042 δαιμόνων
1527 1970 1852 2044 ὁμοιώματα.

256 2054 321 2108 ’0
377 2051 437 2108 δέ
482 2059 711 2119 Χριστός
764 2060 891 2118 Θεὸς
947 2057 1017 2109 ὧν
1097 2056 1359 2123 ἀληθινός,
1440 2058 1511 2121 ὡς
1576 2063 1857 2132 μονογενὴς

254 2144 396 2210 Υἱός,
423 2147 512 2196 καὶ
532 2149 700 2215 Λόγος
727 2151 820 2197 τοῦ
850 2142 1087 2218 ἄναρχον
1120 2150 1348 2222 Πατρός,
1387 2152 1563 2223 γέγονε
1606 2142 1682 2201 δι’
1714 2145 1855 2222 ἡμᾶς

253 2231 528 2306 ἄνθρωπος
580 2234 717 2285 κατὰ
771 2231 1034 2295 ἀλήθειαν,
1088 2239 1179 2288 καὶ
1233 2234 1292 2289 οὗ
1346 2238 1484 2289 κατὰ
1544 2241 1850 2310 φαντασίαν,

252 2326 437 2394 μείνας
462 2322 584 2396 ὅπερ
614 2321 701 2390 ἧν,
739 2327 832 2375 καὶ
877 2326 938 2375 τό
991 2319 1131 2385 εἶδος
1180 2331 1277 2388 τῆς
1326 2322 1646 2400 ἀνθρωπείας
1693 2324 1855 2379 αὑτοῦ

252 2416 459 2484 μορφῆς
516 2410 951 2484 καθιστοροῦμεν,
1016 2416 1108 2465 καὶ
1155 2420 1384 2487 τιμῶμεν
1432 2416 1502 2475 ὡς
1546 2414 1715 2487 ἅγιον·
1773 2416 1854 2469 ὅτι

252 2500 395 2552 καὶὸ
424 2501 654 2574 Χριστός
703 2503 977 2573 πανάγιος.
1035 2500 1258 2575 Ὁμοίως
1308 2498 1370 2556 δε
1416 2510 1563 2556 τοῦτο
1609 2511 1854 2577 ποιοῦμεν

252 2593 350 2641 καὶ
379 2584 465 2640 ἓπὶ
516 2597 617 2641 τῶν
665 2588 829 2641 ἄλλων
880 2588 1062 2662 ἁγίων,
1109 2589 1240 2643 ἀλλὰ
1286 2596 1375 2644 καί
1440 2580 1710 2665 τιμῶντες,
1764 2598 1855 2646 καὶ

254 2684 665 2751 προσκυνοῦντες
688 2680 782 2741 τὰς
824 2677 981 2750 ἁγίας
1032 2679 1234 2742 εἰκόνας
1291 2676 1385 2734 διὰ
1427 2686 1524 2743 τὴς
1576 2688 1677 2734 τῶν
1715 2701 1855 2756 πρω-

252 2769 492 2820 τοτῦπων
516 2768 820 2839 ὁμοιότητα,
852 2768 958 2841 οῦχ
1005 2770 1073 2832 ὡς
1131 2770 1277 2833 θεοὺς
1327 2773 1525 2834 *αὐτας
1576 2769 1853 2844 σεϐόμεθα,

254 2860 333 2929 μή
414 2858 633 2927 γίνοιτο·
708 2854 837 2909 ἀλλὰ
909 2863 1000 2911 καί
1061 2857 1345 2932 ἁναθίματι
1399 2858 1855 2933 καθυποϐοίλλομεν

251 2948 380 3007 τοὺς
407 2950 479 3007 εὶς
522 2964 675 2999 τουτο
725 2952 1173 3021 συκοφαντοῦντας
1216 2948 1371 3021 ἡμᾶς’
1428 2946 1537 3002 imi
1576 2956 1668 3002 τοῦ
1728 2956 1855 3024 Χρι-

256 3038 391 3085 στοῦ
434 3032 843 3108 ὑπεξῃρημένου,
891 3030 1018 3088 οῦδί
1058 3034 1194 3089 αὐτὰ
1230 3037 1298 3088 τὰ
1323 3043 1423 3088 τῶν
1453 3034 1615 3108 ἁγίων
1646 3036 1856 3090 εἰκόνων

251 3126 577 3194 πρωτότυπα
641 3123 784 3186 θεοὺς
841 3126 979 3176 κατὰ
1049 3126 1205 3198 φύσιν
1270 3124 1558 3198 ἡγούμεθα·
1637 3121 1856 3187 δούλους

254 3204 321 3262 δε
350 3206 539 3280 μᾶλλον
565 3214 819 3281 γνησίους
845 3218 938 3264 τοῦ
976 3218 1130 3277 Θεοῦ,
1178 3216 1268 3264 καὶ
1314 3208 1591 3284 ἀγαπῶμεν
1644 3212 1852 3277 αὐτοὺς,

257 3294 411 3351 διότι
445 3294 494 3350 ἓν
535 3297 751 3373 ἀληθείᾳ
794 3306 883 3353 τόν
935 3304 1063 3355 Θεόν
1109 3301 1411 3372 ἠγάπησαν,
1457 3306 1547 3354 καὶ
1596 3309 1853 3373 πιμώμεν,

249 3384 339 3459 ἐφ’
386 3386 464 3447 οἷς
520 3387 648 3461 ὑπερ
698 3396 792 3451 τῆς
843 3395 997 3463 τιμῆς
1045 3395 1138 3441 τοῦ
1192 3394 1430 3462 Χριστοῦ
1477 3392 1642 3462 μέχρι
1687 3387 1858 3449 τέλους

248 3474 616 3548 ἠγωνίσαντο.

330 3564 494 3618 Πάλιν
525 3561 614 3619 οὖν
655 3565 828 3640 ἐρωτῶ
876 3585 952 3619 σε·
1001 3568 1091 3628 Τίς
1137 3564 1279 3620 ίστιν
1320 3568 1347 3619 6
1384 3564 1566 3638 λέγων’
1628 3566 1756 3619 «Τὰ
1792 3569 1861 3618 εἴ-

250 3650 407 3707 δωλα
439 3662 538 3708 τῶν
567 3650 722 3708 ίθνῶν
752 3653 1000 3731 ἀργύριον
1027 3661 1117 3709 καὶ
1140 3661 1389 3731 χρυσίον,
1419 3677 1448 3706 )›
1470 3659 1554 3708 κοὶ
1584 3658 1651 3708 τὰ
1698 3653 1785 3718 ἐξῆ
1796 3675 1818 3718 ς
1842 3669 1858 3719 ς

244 3744 319 3797 Ὀ
345 3739 534 3809 Δαυῑδ,
564 3746 770 3807 πάντως
798 3743 945 3817 ipsis.
984 3745 1151 3807 Αὐτός
1182 3741 1242 3798 δε
1286 3747 1313 3798 ὁ
1362 3741 1530 3798 Δαυὶδ
1566 3749 1720 3797 ποίου
1777 3753 1859 3796 νόν

248 3848 364 3906 μου
424 3832 663 3905 μαθητὴς
709 3852 765 3886 τε
817 3828 879 3892 ἦν
931 3839 1022 3887 καὶ
1077 3833 1364 3909 λατρευτής
1404 3852 1419 3900 ;
1464 3838 1569 3887 Τοῦ
1634 3832 1858 3886 παλαιοῦ

248 3924 351 3974 καί
369 3916 651 3982 σκιὼδους.
683 3920 713 3981 ἣ
762 3928 855 3974 τοῦ
899 3924 1011 3975 νίου
1058 3926 1149 3975 καὶ
1194 3918 1546 3996 φωτοειδοῦςς
1599 3928 1704 3975 Τοῦ
1761 3941 1853 3975 παι

246 4009 410 4063 λαιοῦ
439 4016 684 4085 φανερῶς.
722 4014 825 4063 Καὶ
872 4018 984 4071 πῶς
1026 4010 1053 4062 ὁ
1100 4009 1379 4083 Βογόμιλος
1445 4014 1512 4063 σύ
1555 4012 1620 4062 τὰ
1676 4006 1859 4083 βιϐλία

248 4100 354 4152 τοῦ
385 4098 610 4151 παλαιοῦ
657 4114 816 4172 νομου
874 4094 1193 4162 ἒξοϐελίζων,
1250 4104 1341 4151 καὶ
1398 4104 1495 4157 τὴν
1550 4100 1859 4171 νομοθεσίαν

249 4185 454 4245 εκείνην
478 4194 571 4241 τοῦ
601 4196 828 4261 πονηροῦ
852 4187 1012 4259 λὶγων
1044 4188 1193 4258 εἶναι,
1244 4186 1351 4240 ἀλλ’
1406 4187 1536 4260 οῦχὶ
1588 4194 1681 4240 τοῦ
1731 4184 1857 4259 ἄγα-

252 4276 356 4331 οοῦ
395 4283 549 4342 Θεοῦ,
610 4282 701 4329 καὶ
754 4280 959 4330 πάντων
1012 4280 1205 4329 τοῦτων
1277 4281 1434 4348 σιγὴν
1488 4275 1862 4350 κατα-,ιῃφισοίο

249 4382 428 4440 μενος,
458 4370 613 4437 μόνσν
642 4371 702 4419 τό
732 4366 989 4439 τεμάχιον
1022 4373 1176 4419 τοῦτο
1233 4373 1335 4418 τῶν
1405 4370 1611 4438 στίχων
1666 4360 1859 4418 ἁποδι·

250 4454 705 4529 ιλών,προτιίνεις
760 4458 932 4529 ἡμὶνς
984 4462 1069 4509 Δεῖ
1119 4458 1222 4531 γάρ
1284 4470 1343 4508 σι
1391 4453 1505 4508 ὅλον
1557 4459 1644 4508 τόν
1705 4460 1858 4528 νόμον

250 4520 675 4608 καταδέξασθαι.
736 4544 767 4603 ἢ
798 4520 807 4529 ’
835 4520 1022 4597 ἐκείνον
1074 4520 1147 4617 μί)
1192 4520 1652 4616 ’καταδεχόμενοι
1719 4520 1861 4616 pavr:
1894 4520 1935 4573 ι)

250 4632 318 4685 τό
368 4630 814 4706 βραχυσύλλαϐον
880 4641 1035 4685 τοῦτο
1096 4628 1377 4705 διοίψαλμα
1437 4628 1855 4695 καταδεξασθαι.

250 4718 511 4780 Ἀνόητον
551 4723 655 4795 γὰρ
693 4726 817 4794 μίαν
864 4720 1049 4774 ἀκτῖνα
1099 4719 1153 4784 ἕξ
1199 4720 1317 4774 ὅλου
1372 4726 1463 4775 τοῦ
1516 4720 1668 4780 ἡλίου
1717 4721 1839 4774 ίπαι

252 4813 481 4863 νὲσαντα
504 4812 571 4871 ὥς
597 4810 858 4885 λαμπράν,
885 4810 956 4872 ὡς
989 4805 1314 4885 χρυσοειδῆ,
1369 4818 1469 4862 τῶν
1517 4809 1681 4862 ἀλλων
1732 4810 1859 4863 ὂλων

254 4897 481 4952 ἀκτίνων
535 4898 764 4971 ζόφωσιν
810 4908 1155 4971 καταγνῶναι.
1210 4898 1276 4952 Ἦ
1327 4908 1437 4961 πῶς
1499 4895 1705 4972 δυνήσῃ
1765 4907 1862 4961 τῆς

255 4995 382 5051 μιᾶς
402 4993 662 5058 πηγῆςτὸ
690 4988 857 5061 ῥεῦμα
901 4984 1087 5041 διελεῖν
1135 4990 1206 5049 ὡς
1253 4987 1420 5060 γλυκὺ
1480 4993 1571 5040 καὶ
1629 4992 1857 5062 πικρόνς

252 5084 426 5141 Τοῦτο
456 5072 517 5129 δὶ
551 5085 663 5136 πῶς
704 5072 832 5128 ικὼν
879 5063 1252 5152 παρατρέχεις,
1302 5077 1379 5129 ὃτι
1435 5078 1462 5129 6
1509 5076 1730 5137 παλαιός
1774 5082 1861 5127 νό·

252 5184 376 5241 μος,
407 5164 601 5239 μᾶλλον
633 5160 692 5218 ιῒε
720 5164 747 5217 ὁ
778 5158 826 5218 ἓν
869 5164 942 5236 τῷ
988 5170 1129 5239 νόμῳ
1178 5164 1409 5226 λαλήσας
1448 5162 1686 5225 ἀληθινός
1731 5169 1863 5225 Θεὸς

256 5240 667 5327 διαταττόμενος
693 5262 765 5325 τῷ
810 5253 1028 5328 Ἰσραὴλ
1071 5258 1161 5307 καὶ
1208 5253 1391 5326 λέγων.
1418 5276 1439 5303 ε
1492 5254 1569 5305 Οὔ
1623 5256 1863 5315 ποιήσεις

254 5350 360 5398 πᾶν
397 5345 644 5416 ὁμοίωμα
679 5344 798 5399 οῦτε
850 5351 951 5397 τῶν
1008 5341 1058 5397 ἄν
1103 5343 1325 5416 οὐρανῷ,
1380 5346 1499 5395 οὔτε
1551 5350 1653 5397 τῶν
1698 5340 1747 5393 ίν
1795 5350 1857 5401 τῇ

254 5440 351 5507 γῇ,
384 5434 461 5484 n6
494 5432 652 5493 αὐτὸς
699 5427 979 5495 διετάξατο
1017 5427 1117 5485 δύο
1160 5428 1427 5507 Χερουϐὶμ
1464 5427 1865 5483 κατασκευὰσαι

1888 3168 1928 3222 C

333 5654 386 5691 ⁸*
424 5654 473 5711 ιι
502 5654 639 5712 Cor.
663 5660 744 5726 vr,
775 5655 860 5761 1f.
972 5654 1025 5690 ⁸⁸
1046 5652 1205 5711 Psal.
1238 5664 1389 5719 exin,
1418 5654 1471 5708 4.

1963 458 2177 514 mentis
2208 460 2314 527 est,
2335 464 2401 516 ut
2421 474 2556 515 cum
2584 457 2669 515 dii
2691 458 2959 530 gentium
3010 458 3313 518 daemonia
3374 456 3612 526 fuerint,

1962 560 2157 620 neque
2192 563 2301 603 vos
2339 546 2647 604 honoretis
2668 551 2875 613 Deum,
2902 564 2980 605 ne
3000 549 3368 605 censeamini
3390 547 3614 604 deamo~

1961 650 2109 692 num
2128 633 2406 701 cultores,
2438 635 2543 692 sed
2565 635 2723 692 athei
2755 634 2900 692 sitis.
2938 636 2993 693 Si
3024 652 3167 692 vero
3197 637 3313 693 hoc
3363 636 3607 693 atheum

1964 729 2020 780 et
2043 723 2295 796 impium
2319 728 2424 796 est,
2449 723 2662 780 eadem
2683 740 2926 798 quoque
2950 726 3102 781 ratio
3124 725 3230 781 erit
3256 722 3611 795 imaginum.

1965 804 2215 869 Gentﬂes
2240 813 2400 869 enim
2424 813 2773 869 daemonum
2797 811 3024 870 formas
3081 812 3441 881 adorabant,
3502 828 3614 869 nos

1964 901 2174 958 Christi
2194 906 2246 958 et
2270 904 2615 959 sanctorum
2642 902 2796 972 ejus.
2824 904 3001 969 nouae
3027 902 3236 974 (enim)
3295 902 3615 975 participa-

1968 990 2046 1046 tlo
2074 989 2189 1047 luci
2222 990 2299 1047 ad
2322 990 2620 1051 tenebras,
2645 990 2737 1046 vel
2767 1006 2904 1064 quze
2925 990 3242 1048 conventio
3265 991 3493 1048 Christo
3536 988 3613 1048 ad

1967 1078 2149 1136 Belial
2180 1081 2228 1116 ⁶⁹
2270 1080 2334 1135 Ῥω

2041 1169 2095 1227 Si
2120 1168 2471 1239 igiturluxet
2498 1168 2750 1224 tenebrae
2792 1184 2981 1225 unum
3012 1174 3069 1225 et
3094 1168 3256 1225 idem
3288 1173 3447 1237 sunt,
3476 1172 3616 1225 tunc

1967 1256 2170 1314 itidem
2188 1259 2388 1327 imago
2412 1258 2620 1314 Christ:
2642 1265 2695 1313 et
2716 1256 2944 1313 idolum
2965 1273 3150 1313 unum
3166 1264 3223 1313 et
3239 1258 3396 1314 idem
3412 1260 3606 1323 erunt;

1969 1346 2073 1402 sed
2095 1346 2154 1402 in
2182 1346 2535 1402 sceleratum
2562 1351 2730 1401 tuum
2757 1352 2958 1418 caput,
2983 1350 3069 1401 ter
3088 1345 3455 1402 exsecrande
3504 1346 3614 1402 Bo-

1969 1434 2209 1505 gomile,
2240 1434 2370 1490 haec
2400 1432 2775 1507 blasphemia
2803 1439 3062 1505 expetat.
3100 1434 3299 1491 Disces
3350 1434 3546 1503 igitur,
3579 1448 3616 1488 ο

1967 1520 2159 1581 hostis
2198 1525 2480 1593 veritatis,
2523 1522 2834 1579 veritatem
2877 1528 3083 1592 gentes
3127 1522 3259 1579 illas
3291 1523 3615 1579 multorum

1967 1612 2219 1670 deorum
2248 1612 2518 1669 cultrices
2548 1617 2603 1668 et
2623 1612 2854 1679 atheas,
2885 1611 3236 1669 daemonum
3315 1612 3617 1685 sculptiles

1969 1700 2389 1757 similitudines
2428 1699 2714 1768 effecisse,
2748 1700 2956 1772 eisque
2986 1702 3048 1757 ut
3078 1696 3192 1756 diis
3233 1700 3504 1767 servisse,
3560 1700 3620 1756 et

1967 1788 2101 1846 vita:
2133 1804 2257 1845 suae
2300 1794 2621 1855 curatores,
2681 1788 2819 1845 vitae
2875 1793 3148 1863 expertes
3207 1786 3614 1855 constituisse,

1966 1883 2254 1951 erantque
2280 1877 2457 1933 simul
2487 1882 2543 1934 et
2562 1882 2883 1951 prototypa
2904 1885 2960 1934 et
3009 1876 3444 1947 similitudines,
3498 1877 3619 1933 daa-

1964 1984 2181 2024 mones
2211 1974 2265 2022 et
2290 1966 2640 2024 daemonum
2666 1966 2916 2036 efﬁgies.
2968 1968 3231 2023 Christus
3278 1982 3418 2023 vero
3474 1982 3613 2024 cum

1964 2068 2142 2114 verus
2169 2054 2326 2112 Deus
2356 2055 2448 2123 sit,
2477 2062 2767 2130 tanquam
2800 2056 3139 2127 unigenitus
3170 2056 3346 2112 Filius
3379 2060 3437 2111 et
3483 2057 3616 2112 Ver-

1963 2144 2109 2202 bum
2138 2144 2326 2201 Patris
2355 2144 2650 2218 principio
2688 2144 2966 2205 carentis.
3025 2143 3221 2201 factus
3289 2150 3378 2200 est
3429 2144 3614 2201 hemo

1964 2240 2208 2308 propter
2230 2248 2342 2289 nos
2371 2232 2704 2289 secundum
2731 2232 3060 2296 veritatem,
3110 2236 3169 2289 et
3203 2246 3327 2289 non
3381 2238 3615 2289 tantum

1964 2320 2337 2395 imaginarie.
2370 2337 2623 2378 manens
2652 2320 2712 2378 id
2737 2320 2904 2395 quod
2918 2322 3466 2394 erat,speciemque
3502 2320 3616 2376 hu-

1966 2427 2163 2471 manae
2191 2411 2379 2484 ipsius
2392 2408 2600 2466 formm
2620 2410 3016 2483 exprimimus
3050 2416 3109 2467 et
3127 2410 3523 2472 honoramus,
3552 2408 3620 2464 ut

1965 2506 2258 2565 sanctam,
2281 2499 2425 2573 quia
2446 2499 2777 2556 etChristus
2791 2498 3211 2556 sanctissimus
3240 2503 3349 2554 est.
3385 2498 3546 2553 idem
3560 2500 3618 2553 et

1962 2588 2025 2646 in
2050 2589 2277 2645 caeteris
2307 2588 2532 2644 sanctis
2561 2594 2940 2660 praestamus,
2982 2586 3346 2643 honorando
3393 2591 3450 2642 et
3477 2585 3616 2642 ado-

1963 2677 2156 2735 rando
2169 2683 2408 2734 sanctas
2431 2677 2726 2746 imagines
2740 2681 2983 2750 propter
2994 2675 3427 2749 exemplarium
3457 2673 3621 2730 simi-

1963 2765 2298 2823 litudinem.
2327 2769 2441 2823 Nec
2470 2773 2534 2823 ut
2554 2765 2700 2822 deos
2720 2766 2867 2823 istas
2906 2765 3182 2831 colimus,
3228 2764 3425 2821 absit!
3472 2764 3618 2836 quin

1964 2859 2022 2912 et
2048 2855 2420 2912 anathemati
2451 2854 2805 2926 subjicimus
2846 2853 3000 2919 illos,
3044 2853 3149 2927 qui
3198 2853 3357 2910 hanc
3394 2851 3619 2908 calum-

1963 2946 2129 3003 niam
2152 2944 2636 3015 nobisirrogant;
2661 2959 2796 2999 cum
2834 2943 3063 3000 Christo
3106 2947 3371 3015 excepto,
3422 2932 3619 3014 neque

1964 3036 2100 3108 ipsa
2116 3039 2460 3090 sanctarum
2484 3032 2818 3104 imaginum
2837 3035 3181 3104 prototypa,
3207 3031 3355 3086 deos
3402 3036 3619 3086 natura

1966 3139 2076 3179 sua
2093 3121 2463 3179 arbitremur:
2488 3120 2593 3176 sed
2636 3119 2837 3193 potius
2891 3119 3192 3188 legitimos
3242 3118 3342 3175 Dei
3387 3132 3615 3189 servos,

1968 3226 2370 3284 amamusque
2402 3207 2743 3280 lllos,quod
2762 3207 2821 3263 in
2839 3208 3083 3263 veritate
3116 3209 3301 3262 Deum
3337 3206 3613 3276 amarint,

1966 3299 2431 3364 ethonoramus,
2454 3296 2619 3371 quod
2658 3310 2769 3369 pro
2816 3295 3019 3366 gloria
3046 3294 3253 3354 Christi
3309 3308 3505 3368 usque
3538 3294 3617 3351 ad

1965 3387 2149 3444 ﬁnem
2165 3386 2539 3443 decertarint.

2039 3568 2255 3620 lterum
2307 3578 2450 3636 ergo
2486 3564 2789 3633 interrogo
2846 3566 2920 3619 te:
2963 3560 3104 3628 Quis
3155 3565 3263 3629 est,
3323 3560 3427 3633 qui
3474 3559 3621 3616 dicit

1969 3652 2180 3710 «idola
2198 3652 2466 3724 gentium
2488 3657 2802 3723 argentum
2826 3655 2882 3707 et
2916 3666 3133 3706 aurum
3177 3665 3311 3705 esse
3354 3651 3404 3685 θ’
3453 3650 3511 3705 ἲ»
3561 3653 3620 3705 et

1967 3751 2336 3816 casteraquas
2365 3746 2720 3815 sequuntur.
2747 3739 3229 3813 David,inquies.
3283 3738 3416 3812 Ipse
3474 3754 3619 3796 vero

1969 3832 2155 3889 David
2176 3831 2351 3903 cujus
2377 3830 2523 3899 legis
2553 3830 2887 3904 discipulus
2902 3835 2959 3886 et
2979 3828 3433 3886 cultorexstitit?
3466 3831 3615 3884 Num

1966 3920 2180 3977 veteris
2202 3927 2260 3977 et
2284 3920 2643 3984 umbratilis,
2677 3936 2752 3976 an
2784 3934 2954 3975 novae
2998 3918 3277 3991 clareque
3341 3915 3621 3972 lucentis?

1968 4011 2185 4066 Veteris
2206 4016 2380 4067 certe.
2403 4010 2464 4066 Et
2480 4007 2793 4083 quomodo
2815 4014 2894 4078 tu,
2917 4006 3021 4080 qui
3107 4002 3448 4075 Bogomilus
3528 4018 3614 4073 es,

1965 4098 2150 4155 libros
2175 4098 2390 4155 veteris
2417 4098 2563 4166 legis
2586 4111 2963 4167 expungens,
2980 4099 3284 4168 totamque
3305 4090 3619 4161 legislatio-

1966 4204 2104 4243 nem
2120 4187 2283 4243 illam
2302 4204 2336 4242 a
2351 4184 2640 4258 maligno.
2660 4200 2781 4240 non
2803 4198 2838 4239 a
2854 4184 3012 4239 bono
3034 4186 3148 4239 Deo
3163 4180 3490 4255 profectam
3526 4195 3620 4235 as-

1970 4290 2267 4342 severans,
2292 4280 2341 4330 et
2366 4274 2571 4329 omnia
2591 4272 2692 4329 illa
2713 4270 2943 4328 silentio
2961 4270 3397 4333 condemnans,
3422 4268 3620 4324 solum

1966 4360 2081 4421 hoc
2104 4362 2421 4420 frustillum
2437 4378 2718 4418 versuum
2743 4358 3079 4417 abscissum
3098 4358 3274 4439 nobis
3287 4357 3576 4430 praponis
3591 4357 3620 4412 ?

1967 4453 2658 4526 Oportetenimtetotam
2682 4448 2875 4517 legem
2914 4448 3195 4520 recipere,
3231 4446 3326 4501 vel
3368 4447 3413 4501 si
3460 4444 3621 4502 illam

1969 4556 2089 4597 non
2108 4540 2341 4612 recipis,
2357 4554 2551 4612 neque
2574 4538 2734 4594 hunc
2760 4552 3093 4610 paucarum
3110 4534 3482 4608 syllabarum
3503 4548 3622 4589 ver-

1971 4628 2223 4685 siculum
2250 4628 2610 4702 approbare.
2639 4627 2891 4685 Stultum
2915 4631 3005 4682 est
3032 4626 3189 4680 enim
3231 4639 3415 4679 unum
3468 4622 3623 4677 dun-

1968 4723 2136 4775 taxat
2165 4712 2400 4772 radium
2429 4730 2497 4772 ex
2523 4721 2648 4774 toto
2679 4716 2826 4775 sole.
2861 4721 2923 4770 ut
2944 4712 3424 4786 splendidum.et
3445 4716 3617 4766 utauv

1967 4807 2208 4865 riﬂuum
2231 4805 2499 4872 laudare,
2553 4804 2798 4878 reliquis
2849 4801 3134 4859 omnibus
3181 4806 3243 4855 ut
3287 4798 3626 4867 caliginosis

1970 4897 2409 4955 condemnatis.
2440 4895 2535 4952 Vel
2556 4894 2868 4967 quomodo
2892 4896 3059 4965 poste
3079 4890 3256 4945 unius
3277 4894 3335 4944 et
3354 4888 3625 4959 ejusdem

1970 4987 2149 5042 fontis
2173 5002 2397 5056 aquam
2423 4984 2660 5039 dulcem
2679 4989 2735 5037 et
2756 4996 3025 5037 amaram
3054 4982 3452 5037 internoscere
3490 4977 3518 5037 ‘2
3566 4980 3630 5033 Et

1970 5088 2091 5149 qua
2116 5074 2365 5130 tandem
2397 5073 2628 5128 ratione
2654 5071 2865 5126 volens
2896 5068 3208 5139 libensque
3239 5067 3354 5123 hoc
3382 5071 3625 5138 praeter-

1970 5161 2156 5218 volas:
2186 5161 2471 5216 nimirum
2493 5165 2748 5214 veterem
2781 5156 2997 5223 legem,
3026 5154 3119 5211 vel
3174 5155 3376 5227 potius
3442 5156 3629 5210 Deum

1972 5266 2205 5316 verum,
2228 5248 2332 5321 qui
2354 5248 2411 5304 in
2434 5252 2631 5304 vetere
2651 5242 2781 5315 lege
2803 5244 3035 5301 locutus
3053 5251 3141 5300 est
3157 5244 3261 5317 qui
3277 5242 3629 5299 mandando

1972 5338 2173 5395 Israeli
2194 5338 2309 5394 hoc
2330 5336 2630 5410 praecepit:
2686 5338 2859 5392 «Non
2918 5333 3105 5391 facies
3144 5349 3390 5389 omnem
3426 5331 3631 5387 simili-

1973 5427 2267 5493 tudinem,
2283 5441 2480 5498 neque
2493 5438 2725 5491 eorum,
2758 5423 2968 5497 quain
2990 5422 3163 5488 coelo,
3181 5437 3374 5494 neque
3397 5434 3627 5509 eorum,

4048 604 4096 2327 ὁ

4050 2446 4096 2589 ίὲ

4062 2596 4096 2797 ἓ

4084 2816 4096 2865 1

4072 2888 4096 2973 ί
