4096 6208
495 283 588 339 671
1657 278 1961 341 GERlANI
2002 279 2051 337 11
2097 282 2223 340 CP.
2270 277 2699 343 PATRIARCHIE

3736 280 3872 335 672

486 416 621 475 quae
641 400 701 457 in
742 406 894 456 terra
922 401 1006 473 5';
1043 424 1072 453 ››
1102 403 1273 465 illum
1326 409 1613 468 eumdem
1637 409 1884 481 iussisse
1912 417 2136 477 prmpa-

2267 409 2448 479 χρυσᾶ
2474 404 2700 477 τορευτὰ,
2730 405 2821 456 καὶ
2864 410 3060 463 στῆσαι
3112 410 3208 464 τῆς
3254 403 3391 477 ἱερᾶς
3437 400 3659 455 κιϐωτοῦ
3714 404 3834 476 παρ’

484 488 600 546 rari
620 488 775 546 duos
803 504 1022 549 aureos
1045 496 1356 555 tornatiles
1374 498 1752 562 cherubinos,
1787 498 1843 550 et
1870 495 2146 561 utrinque

486 577 561 635 ad
580 594 818 637 sacram
835 596 1043 641 arcam
1074 586 1352 644 collocari
1383 588 1411 645 ?
1439 589 1620 645 Testis
1652 582 1841 641 verbis
1869 578 2015 635 meis
2044 591 2141 631 ac-

488 666 644 724 cedit
678 673 736 726 et
762 668 1010 737 Paulus,
1042 674 1138 731 ille
1168 675 1229 732 in
1259 673 1423 731 caelis
1482 673 1756 745 gradiens
1810 661 2137 740 δροειολιιεο

488 756 650 815 facta
671 775 880 817 eorum
915 765 1219 821 mentione
1250 763 1308 819 in
1329 778 1418 832 ea,
1452 778 1592 835 quas
1622 763 1711 817 est
1743 756 1819 813 ad
1860 750 2135 810 Hebraeos

492 848 774 923 Epistola,
818 850 919 907 ubi
956 852 1041 909 sic
1072 853 1151 910 ad
1188 850 1435 908 verbum
1493 848 1710 906 scribit:
1743 866 1770 894 ‹‹
1810 842 1946 898 Post
1974 838 2137 897 vela-

491 942 763 995 mentum
786 945 986 996 autem
1006 939 1358 1003 secundum,
1377 933 1848 998 tabernaculum,
1868 928 2033 1002 quod
2051 928 2137 986 di-

491 1026 643 1082 citur
672 1028 890 1085 Sancta
920 1032 1282 1085 sanctorum:
1315 1040 1533 1081 aurum
1583 1023 1811 1081 habens
1864 1017 2138 1075 thuribu-

490 1115 641 1187 lum,
671 1124 727 1175 et
765 1134 967 1175 arcam
996 1115 1327 1174 testamenti
1356 1113 1802 1171 circumteetam
1844 1124 1917 1165 ex
1969 1108 2137 1167 omni

490 1212 660 1279 parte
691 1221 857 1271 auro,
888 1206 946 1263 in
974 1221 1097 1276 qua
1126 1220 1278 1261 urna
1302 1216 1484 1259 aurea
1511 1201 1743 1258 habens
1777 1212 2021 1267 manna,
2082 1203 2139 1253 et

493 1296 660 1365 virga
676 1300 887 1355 Aaron,
906 1307 1040 1364 quae
1056 1291 1421 1352 fronduerat.
1446 1293 1503 1345 et
1536 1288 1751 1345 tabulae
1774 1285 2133 1356 testamenti,

494 1396 791 1454 superque
814 1396 948 1436 eam
970 1384 1096 1434 erat
1118 1378 1427 1435 cherubim
1460 1377 1663 1448 gloria:
1710 1375 2138 1432 obumbrantia

490 1467 970 1542 propitiatorium
988 1468 1035 1501 ⁸³
1058 1484 1071 1531 ;
1095 1488 1121 1513 ν
1142 1482 1323 1540 super
1352 1466 1570 1540 quibus
1601 1463 1944 1521 cherubinis
1976 1478 2136 1537 saepe

486 1556 576 1621 iis,
595 1556 698 1626 qui
713 1554 875 1622 digni
891 1559 1079 1621 erant,
1108 1556 1393 1612 Dominus
1408 1553 1761 1628 apparebat.
1782 1556 1861 1610 Ea
1879 1552 2039 1609 enim
2058 1552 2132 1608 de

485 1658 670 1697 causa
686 1658 720 1696 a
742 1641 925 1698 Paulo
942 1643 1256 1700 cherubim
1278 1644 1478 1717 gloriae
1500 1643 1812 1700 nominata
1832 1646 1989 1698 sunt.

550 1728 743 1800 Vides,
763 1747 937 1803 caece,
962 1735 1295 1806 quomodo,
1313 1740 1374 1791 ut
1392 1749 1573 1807 supra
1589 1733 1959 1801 dicebamus,
2001 1746 2135 1789 san-
2174 1748 2243 1804 Β.

483 1822 589 1876 ciae
607 1819 724 1878 sint
738 1821 1157 1880 similitudines
1174 1830 1518 1880 sanctorum
1534 1827 2012 1895 prototyporum.
2028 1836 2135 1878 seu

486 1910 940 1983 exemplarium.
959 1915 1033 1971 At
1062 1930 1202 1969 vero
1230 1913 1531 1968 daemones
1560 1910 1908 1967 exsecrandi
1942 1914 1998 1967 et
2026 1925 2135 1982 pe-

485 2001 644 2057 nitus
664 2000 999 2060 detestandi
1019 2007 1170 2072 sunt,
1210 2016 1537 2074 eorumque
1558 1998 1720 2056 idola
1766 1999 2135 2056 exsecranda

487 2095 547 2147 et
576 2091 810 2164 penitus
837 2090 1185 2148 detestanda
1214 2092 1371 2159 sunt;
1391 2094 1448 2144 et
1466 2088 1567 2162 qui
1598 2088 1804 2145 colunt
1833 2087 1983 2153 illos,
2033 2102 2131 2143 eo-

489 2194 746 2253 rumque
790 2181 1126 2248 simulacra,
1153 2180 1373 2252 pariter
1401 2195 1539 2234 cum
1569 2178 1714 2250 ipsis
1742 2177 1944 2247 ignem
1970 2181 2134 2233 aeter-

489 2282 633 2323 num
652 2268 1108 2326 haereditabunt.
1126 2269 1282 2340 Ignis
1296 2283 1435 2324 vero
1450 2272 1537 2322 est
1549 2265 1851 2322 funiculus
1885 2266 2131 2322 haeredi-

490 2356 625 2410 tatis
649 2357 1090 2426 Bogomilorum
1117 2376 1130 2425 ;
1156 2374 1291 2417 cum
1350 2362 1406 2413 et
1459 2355 1570 2412 illis
1610 2359 1911 2427 competat
1946 2354 2130 2411 illud:

489 2464 517 2492 ιι
553 2443 638 2498 Dii
668 2445 935 2512 gentium
965 2446 1266 2503 daemonia
1283 2446 1349 2501 ⁸³.
1389 2466 1416 2494 ››
1447 2447 1511 2500 Et
1539 2443 1812 2499 attendas
1838 2442 2013 2499 velim
2056 2443 2133 2499 ad

485 2530 771 2587 orationis
810 2535 1046 2590 seriem.
1081 2535 1288 2592 Omnis
1319 2534 1503 2590 homo
1537 2532 1640 2605 qui
1670 2532 1898 2588 ratione
1928 2536 1985 2588 et
2005 2547 2135 2588 ora-

484 2618 641 2676 tione
657 2622 895 2694 regitur,
924 2626 1108 2679 Deum
1125 2639 1308 2696 quem
1325 2621 1480 2689 colit,
1502 2620 1784 2678 eumdem
1822 2620 2137 2677 conﬁtetur

485 2709 853 2767 conditorem
877 2712 1006 2768 caeli
1027 2717 1082 2768 et
1104 2717 1294 2782 terrm,
1317 2717 1372 2768 et
1392 2711 1665 2767 omnium
1685 2726 1821 2783 quae
1856 2710 1916 2765 in
1960 2715 2131 2777 terra;

486 2805 545 2855 et
562 2800 663 2872 qui
683 2816 816 2857 vere
838 2802 1056 2858 borum
1077 2802 1317 2858 effector
1360 2806 1467 2869 est,
1500 2800 1626 2872 ipse
1648 2804 1733 2855 est
1767 2809 1822 2855 et
1858 2802 2033 2855 Deus.
2062 2806 2133 2858 At

485 2903 627 2945 vero
644 2890 1310 2959 Bogomilietfectionem
1336 2886 1800 2945 mundidiabolo
1825 2888 2136 2957 assignant

488 2982 554 3033 ut
570 2978 817 3050 proinde
841 2980 889 3035 si
908 2980 1018 3035 sibi
1039 2986 1316 3036 constare
1346 2978 1545 3047 velint,
1568 2976 1849 3033 eumdem
1868 2982 1925 3034 et
1948 2980 2132 3034 Deum

2261 492 2469 563 ἑκάτερα
2515 506 2529 557 ;
2566 496 2931 566 Συμμαρτυρεῖ
2982 512 3073 566 μοι
3127 500 3199 564 τῷ
3242 492 3379 564 λόγῳ
3420 495 3510 545 καὶ
3566 490 3765 552 Παῦλος
3808 492 3837 543 ὁ

2253 576 2612 651 οὐρανοϐάμων
2673 578 2983 647 ἀπόστολος,
3042 585 3373 655 μνημονεύων
3417 583 3610 634 τούτων
3667 578 3717 633 ἓν
3771 588 3828 654 τῇ

2246 669 2379 738 πρὸς
2431 665 2695 741 Ἑϐραίους
2744 670 3041 744 Ἐπιστολῇ,
3109 676 3199 724 καὶ
3465 670 3601 723 οὕτω
3650 669 3832 744 ῥητως·

2247 775 2276 805 κ
2310 758 2453 810 Μετὰ
2483 753 2543 812 δε
2588 763 2647 812 τὸ
2676 756 2913 833 δεύτερον
2951 767 3333 835 καταπέτασμα
3387 764 3551 819 σκηνή
3610 761 3642 818 ἡ
3700 758 3833 831 1‘70-

2244 845 2369 916 μενη
2410 842 2567 917 Ἅγια
2615 845 2795 920 ἁγίων,
2861 849 3101 922 χρυσοῦν
3170 852 3377 922 ἔχουσα
3438 850 3833 922 θυσιαστήριον»

2246 936 2335 984 καὶ
2382 938 2477 992 τὴν
2533 934 2752 991 κιϐωτόν
2813 946 2909 1000 τῆς
2992 935 3253 1000 διαθήκης
3327 936 3835 1011 περικεκαλυμμένην

2244 1022 2493 1075 πάντοθεν
2530 1029 2765 1097 χρυσίῳ,
2810 1024 2859 1078 ἐν
2999 1028 3224 1099 στάμνος
3280 1032 3462 1098 χρυσῆ
3530 1027 3737 1097 ἔχουσα
3782 1026 3837 1077 τὸ

2245 1112 2433 1181 μάννα,
2471 1117 2562 1164 xui
2594 1114 2621 1173 ἦ
2658 1110 2856 1188 ῥάϐδος
2894 1115 3091 1187 Ἀαρών
3135 1117 3164 1174 ἡ
3223 1113 3595 1188 βλαστήσασα,
3640 1118 3732 1168 καὶ
3788 1114 3840 1165 αἱ

2244 1197 2435 1262 πλάκες
2485 1209 2580 1263 τῆς
2626 1198 2889 1265 διαθήκης
2923 1225 2936 1239 ·
2969 1205 3205 1279 ὑπεράνω
3258 1202 3318 1258 δε
3365 1202 3525 1264 αὐτῆς
3576 1201 3842 1275 Χερουϐὶμ

2247 1284 2407 1351 δόξης
2453 1293 2877 1353 κατασκιάζοντα
2935 1296 2991 1347 τὸ
3060 1293 3382 1367 ἱλαστήριον,
3440 1314 3469 1343 ››
3525 1291 3601 1365 ἐφ’
3646 1293 3715 1343 ὧν
3772 1289 3837 1351 δή

2246 1378 2512 1452 Χερουϐὶμ
2574 1380 2820 1443 πολλάκις
2877 1383 2903 1435 ὁ
2958 1386 3089 1446 Θεὸς
3142 1392 3238 1446 τῆς
3296 1379 3457 1445 δόξης
3521 1379 3841 1455 ἓνεφανίζετο

2246 1474 2354 1530 τοῖς
2402 1466 2586 1532 ἀξίοις.
2653 1473 2749 1523 Διὰ
2802 1475 2904 1547 γὰρ
2970 1481 3122 1526 τοῦτο
3182 1479 3272 1527 καὶ
3329 1470 3533 1536 Παῦλος
3576 1469 3844 1548 Χερουϐὶμ

2246 1553 2406 1623 δόξης
2425 1568 2590 1613 ταῦτα
2608 1565 2963 1635 κατωνομασε.

2317 1727 2540 1798 Βλεπεις,
2597 1733 2772 1804 rupi},
2843 1739 2968 1797 πῶς,
3033 1733 3206 1794 καθὼς
3273 1728 3519 1806 ἀνωτάρω
3580 1728 3841 1801 ἐλέγομεν,

2244 1816 2369 1889 ἅγιά
2392 1819 2494 1871 εἱσι
2524 1821 2588 1871 τὰ
2622 1821 2929 1893 ὁμοιώματα
2981 1828 3080 1873 τῶν
3131 1819 3292 1892 ἁγίων
3339 1822 3713 1894 πρωτοτύπων.
3774 1818 3844 1868 Οἱ

2245 1903 2303 1959 δὲ
2353 1903 2595 1981 δαίμονες
2640 1916 2821 1984 μιαροὶ
2870 1914 2960 1961 καὶ
3013 1914 3330 1983 παμμίαροι,
3382 1913 3472 1962 καὶ
3519 1910 3586 1960 τὰ
3638 1909 3842 1959 τούτων

2242 1993 2430 2049 εῐδωλα
2483 2001 2649 2073 μιαρά
2704 2002 2793 2050 καὶ
2853 2002 3155 2073 παμμίαρα,
3217 2003 3307 2051 καὶ
3362 2002 3410 2050 oi
3469 1996 3697 2056 σέϐοντες
3745 1995 3845 2047 αὖ·

2239 2091 2355 2147 τοὺς
2418 2092 2507 2139 καὶ
2564 2090 2629 2139 τὰ
2683 2089 2875 2140 τούτων
2923 2084 3113 2141 εἴδωλα
3153 2092 3247 2141 σὺν
3300 2087 3473 2148 αὐτοῖς
3515 2091 3575 2139 τὸ
3608 2094 3711 2160 πῦρ
3777 2088 3841 2139 τὸ

2241 2176 2445 2229 αἰώνιον
2468 2176 2953 2251 κληρονομήσουσι.
2999 2182 3069 2230 Τὸ
3102 2174 3159 2230 δὲ
3208 2184 3311 2253 πῦρ
3372 2180 3669 2249 σχοίνισμα
3712 2173 3845 2231 κλη-

2241 2270 2484 2340 ρονομίας
2542 2274 2639 2318 τῶν
2703 2266 2995 2339 Βογομίλων
3073 2265 3211 2319 ἐστίν
3310 2264 3420 2318 ἐπεὶ
3497 2270 3585 2317 καὶ
3660 2262 3846 2323 αὐτοῖς

2243 2350 2497 2428 ἁρμόδιον
2527 2358 2609 2419 τὸ,
2638 2376 2665 2404 ι(
2712 2356 2777 2406 Οἰ
2833 2356 2936 2407 θεοὶ
2980 2363 3079 2407 τῶν
3131 2353 3285 2407 ἐθνῶν
3330 2350 3600 2427 δαιμόνια.
3656 2374 3685 2401 ››
3733 2355 3847 2403 Καὶ

2242 2445 2511 2515 πρόσσχες
2536 2451 2595 2515 τῇ
2629 2450 2720 2496 τοῦ
2744 2442 2899 2514 λόγου
2933 2451 3119 2502 σκευῆ.
3161 2449 3265 2504 Πᾶς
3296 2442 3564 2515 ἅνθρωπος
3611 2443 3691 2493 νοί
3743 2444 3847 2491 καὶ

2242 2528 2378 2601 λόγῳ
2414 2526 2788 2604 διοικούμενος,
2849 2534 2935 2583 τόν
2980 2535 3107 2584 Θεὸν
3150 2531 3204 2583 ὃν
3250 2530 3474 2597 σέϐεται,
3534 2532 3621 2582 τὸν
3679 2528 3848 2580 αὑτὸν

2244 2618 2481 2690 ὁμολογεῖ
2507 2624 2597 2672 καὶ
2626 2624 2846 2678 ποιητὴν
2887 2619 3129 2693 οὐρανοῦ,
3183 2625 3272 2672 καὶ
3313 2627 3435 2691 γῆς,
3493 2622 3582 2670 καὶ
3631 2620 3847 2669 πάντων

2242 2716 2341 2759 τὼν
2390 2706 2439 2759 ἐν
2471 2716 2531 2767 τῆ
2565 2716 2656 2780 γῆ·
2707 2705 2799 2760 δαὶ
2853 2710 2878 2760 ὁ
2929 2711 2989 2768 ην
3028 2707 3230 2761 ἀλεθεία
3272 2711 3468 2761 τούτων
3516 2703 3853 2780 δημιουργὸς

2243 2798 2396 2857 uiro;
2443 2795 2554 2849 ἐστι
2602 2802 2692 2849 καὶ
2737 2797 2881 2859 Θεὸς.
2936 2802 3002 2849 Οἱ
3051 2797 3324 2871 Βογόμιλοι
3352 2801 3443 2855 τὴν
3485 2794 3848 2869 δημιουργίαν

2242 2893 2333 2939 τοῦ
2363 2890 2566 2959 κόσμου
2602 2896 2673 2958 τῷ
2706 2883 2936 2959 διαϐολῳ
2975 2887 3418 2960 άποχαρίζονται,
3444 2888 3509 2947 ὡς
3552 2883 3847 2936 ἀκόλουθον

2242 2978 2371 3026 εἶναι
2419 2975 2617 3043 αὐτοῖς,
2656 2980 2746 3027 καὶ
2803 2980 2931 3029 Θεὸν
2970 2983 3150 3028 τοῦτον
3198 2976 3445 3046 ἡγεῖσθαι
3481 2993 3571 3026 και
3607 2990 3852 3045 προσκυ-

487 3067 821 3125 existimare
843 3073 898 3125 et
929 3072 1178 3125 adorare
1208 3069 1485 3125 debeant:
1518 3083 1641 3140 quo
1672 3065 1737 3123 ﬁt
1764 3072 1830 3123 ut
1864 3067 2133 3137 Bogomi-

2244 3072 2364 3128 νεῖν,
2424 3069 2513 3116 καί
2568 3067 2708 3117 ἐστιν
2773 3066 2799 3116 ὁ
2853 3067 2985 3125 Θεὸς
3040 3073 3138 3116 τῶν
3192 3063 3484 3136 Βογομίλων
3544 3058 3848 3135 δαιμονιον,

484 3152 680 3211 lorum
702 3156 851 3212 deus
875 3158 946 3214 sit
979 3158 1240 3224 daemon,
1269 3157 1618 3228 idolumque
1664 3156 1880 3211 horum
1912 3156 2136 3212 daemo-

485 3258 631 3299 num
652 3245 899 3316 quilibet
920 3264 992 3303 ex
1018 3247 1332 3317 Bogomilis
1350 3243 1737 3301 assimulatus
1757 3244 1835 3300 ad
1869 3261 2135 3314 unguem

487 3346 597 3386 suo
620 3338 961 3407 prototypo.
999 3336 1145 3391 Sunt
1170 3334 1330 3390 enim
1371 3339 1428 3389 et
1455 3332 1544 3387 isti
1577 3330 1928 3388 tenebricosi
1955 3332 2132 3390 infor-

486 3434 635 3483 mes,
653 3426 729 3489 et,
754 3428 819 3477 ut
839 3439 960 3478 uno
976 3424 1159 3479 verbo
1176 3424 1397 3490 dicam,
1412 3419 1707 3476 daemonis
1719 3420 1893 3492 quasi
1907 3421 2130 3478 vultum

484 3512 541 3563 et
557 3524 877 3580 personam
906 3511 1122 3567 induti.
1174 3510 1405 3568 Similes
1444 3508 1557 3565 illis
1588 3506 1752 3574 ﬁant,
1781 3508 1883 3580 qui
1929 3511 2134 3567 colunt

486 3611 607 3664 eos,
631 3599 853 3671 quique
883 3616 1089 3657 eorum
1121 3600 1529 3673 blasphemias
1549 3594 1863 3669 recipiunt,
1934 3600 2134 3671 subja-

484 3692 778 3759 ceantque
798 3704 1008 3745 omnes
1028 3695 1249 3745 aeterno
1280 3689 1668 3749 anathemati.

554 3775 961 3847 Suppetebant
980 3778 1225 3851 quidem
1244 3783 1299 3835 et
1315 3778 1584 3853 aliaqme
1618 3779 1917 3853 praedictis
1946 3776 2132 3834 adde-

484 3879 633 3931 rem,
658 3865 987 3923 refutandae
1013 3867 1455 3937 Bogomilorum
1492 3869 1771 3937 stultitiae,
1804 3869 1908 3924 sed
1949 3867 2133 3923 modo

483 3958 662 4008 vocat
693 3969 804 4010 nos
830 3955 1046 4012 divinae
1078 3956 1472 4029 mystagogite
1501 3961 1558 4013 et
1586 3957 1823 4014 sacritiii
1845 3955 2134 4013 offerendi

486 4045 745 4113 tempus:
776 4045 939 4115 quod
973 4044 1119 4102 dum
1173 4045 1583 4118 auspicamur,
1616 4062 1829 4103 omnes
1873 4045 2134 4101 veritatis

485 4129 687 4186 hostes
709 4136 764 4187 et
789 4133 965 4189 amici
1004 4134 1323 4199 mendacii,
1394 4134 1472 4190 ab
1518 4136 1793 4192 omnium
1824 4133 1927 4208 qui
1981 4132 2136 4189 Chri—

488 4217 683 4274 stiano
705 4221 947 4277 nomine
977 4229 1311 4293 censentur,
1328 4223 1566 4293 linguis,
1601 4221 1969 4280 anathemati
1995 4221 2135 4278 sub-

487 4305 721 4363 dentur.
747 4310 867 4379 Ego
897 4326 1058 4375 vero,
1114 4312 1448 4368 charissimi
1501 4312 1628 4379 ﬁlii,
1685 4312 1733 4368 si
1784 4312 2135 4384 perbrevem

487 4396 955 4454 cohortationem
969 4399 1045 4455 ad
1062 4400 1371 4457 utilitatem
1393 4401 1731 4457 animarum
1747 4382 2133 4471 adjecero,di-
2168 4382 2211 4436 Ῑ)

488 4485 660 4541 cendi
688 4486 869 4542 tinem
899 4488 1137 4546 faciam.
1170 4489 1400 4546 Memini
1434 4506 1529 4546 me
1588 4494 1643 4545 et
1693 4489 1840 4546 alias
1890 4503 1996 4544 vos
2049 4488 2133 4545 in-

489 4581 712 4632 struere
738 4581 1058 4633 etmonere
1083 4583 1143 4633 ut
1167 4580 1435 4651 quinque
1472 4578 1871 4635 hebdomadis
1922 4578 2135 4634 diebus

489 4663 673 4721 semel
689 4664 980 4722 duntaxat
1000 4667 1155 4722 circa
1176 4668 1387 4724 horam
1409 4683 1633 4725 nonam
1650 4667 1852 4723 cibum
1885 4666 2135 4739 capiatis

491 4756 555 4809 Et
573 4769 733 4810 nunc
753 4753 952 4811 denuo
973 4754 1048 4812 de
1077 4756 1289 4813 eodem
1318 4762 1578 4814 vestram
1608 4757 1954 4813 charitatem
1977 4772 2135 4813 com-

559 4897 602 4931 5'
624 4896 807 4952 Exod.
848 4914 949 4966 xx,
973 4902 1026 4955 4.
1103 4901 1149 4935 ⁶²
1175 4898 1347 4955 Hebr.
1372 4905 1519 4967 1x,5.

1613 4900 1661 4935 ⁸³
1687 4896 1840 4955 Psal.
1896 4915 2007 4955 κει
2042 4942 2056 4967 ,
2078 4904 2133 4955 5.

560 5040 637 5109 (8)
673 5041 877 5114 Graeci,
902 5056 1024 5114 non
1074 5042 1257 5114 modo
1310 5041 1633 5114 Dominicis
1667 5057 1800 5114 non
1832 5042 2129 5114 jejunant.

488 5118 700 5166 utmos
724 5112 995 5169 Ecclesiae
1020 5113 1220 5179 habet,
1251 5114 1356 5170 sed
1392 5129 1503 5169 nec
1541 5112 1845 5171 Sabbatis.
1890 5116 2018 5179 Quo
2068 5114 2133 5171 tit

489 5187 552 5237 ut
578 5182 846 5255 quinque
880 5189 1108 5240 tantum
1129 5184 1258 5240 dies
1284 5184 1684 5241 hebdomadis
1708 5183 1937 5255 jejunio
1993 5199 2133 5240 con-

488 5253 725 5327 cedant.
748 5253 947 5327 Carpit
976 5260 1175 5312 autem
1206 5256 1387 5327 paulo
1411 5260 1547 5327 post
1585 5253 1823 5327 Latinos
1899 5258 2132 5327 Graecus

490 5325 928 5391 schismaticus,
982 5331 1037 5382 et
1092 5325 1278 5382 hostis
1336 5325 1518 5382 Latini
1570 5326 1853 5382 nominis.
1906 5326 2134 5383 Habent

490 5395 672 5470 (iunci
696 5396 850 5452 duas
893 5397 1397 5469 Quadragesimas
1429 5415 1444 5464 ;
1475 5397 1724 5470 alteram
1772 5412 2029 5470 quoque
2051 5398 2134 5454 ita

488 5467 730 5541 dictam,
763 5484 945 5524 verno
981 5467 1269 5539 tempore,
1304 5475 1441 5524 ante
1477 5469 1715 5539 Pascha,
1751 5467 1825 5524 de
1852 5467 1974 5541 quo
2018 5469 2133 5525 hoc

488 5538 621 5594 loco
676 5540 1033 5612 Germanus.
1066 5538 1307 5612 Constat
1350 5545 1578 5612 septem
1637 5538 2019 5612 septimanis;
2071 5544 2132 5612 ut

489 5624 773 5667 numerus
798 5610 1279 5682 Quadragesimee
1290 5610 1660 5684 compleatur
1677 5610 1822 5685 quia
1856 5610 2134 5669 Sabbatis

2244 3158 2335 3206 xui
2379 3150 2571 3207 εἰδωλα
2615 3156 2810 3205 τούτων
2864 3159 3079 3214 ἐκαστος
3124 3161 3221 3205 τῶν
3268 3152 3557 3225 Βογομῖλων
3606 3170 3849 3224 παρομο-

2247 3246 2479 3315 ὶούμενος
2515 3246 2640 3318 πρὸς
2684 3247 2741 3295 τὸ
2776 3248 3133 3316 πρωτότυπον’
3161 3244 3427 3316 ἄντικρυς·
3477 3244 3849 3315 Σκοτεινὸμορα

2242 3351 2327 3403 φοι
2377 3335 2477 3406 γὰρ
2525 3338 2614 3384 xui
2662 3327 2804 3385 οὗτοι
2833 3337 2922 3384 καί
2967 3327 3255 3397 δυσειδεῐς,
3292 3336 3383 3383 xui
3432 3329 3608 3391 ἁπλῶς
3658 3334 3846 3394 εἰπεῖν,

2242 3417 2757 3495 δαιμονοπρόσωποι.
2791 3420 3005 3493 Ὅμοιοι
3034 3423 3206 3481 αὐτοῖς
3234 3425 3462 3492 γένοιντο
3503 3420 3553 3472 οἱ
3591 3426 3847 3492 τιμῶντες

2242 3510 2449 3576 αὐτοὺς,
2504 3514 2594 3562 καί
2654 3512 2748 3572 τὰς
2796 3508 3141 3582 βλασφημίας
3215 3512 3411 3562 τούτων
3463 3505 3840 3582 παραδεχόμε-

2240 3618 2338 3665 νοι,
2367 3602 2452 3651 καὶ
2482 3601 2714 3651 ἔστωσαν
2743 3600 2791 3651 οἱ
2828 3604 3054 3652 τοιοῦτοι
3105 3600 3293 3661 πάντες
3358 3599 3458 3651 ὑπὸ
3512 3601 3570 3649 τὸ
3631 3598 3839 3650 αἰώνιον

2244 3685 2475 3759 ἀνάθεμα

2311 3772 2471 3848 Εἶχον
2501 3780 2590 3849 μὲν
2637 3772 2724 3829 οὖν
2783 3781 2873 3829 καὶ
2922 3777 3069 3851 ἔτερα
3126 3777 3459 3851 προστιθέναι
3509 3772 3614 3836 τοῖς
3669 3793 3849 3850 προει-

2242 3868 2477 3939 ρημὲνοις
2526 3866 2598 3926 εἰς
2659 3864 2869 3937 ﬁer/xcv
2922 3873 3019 3926 τῆς
3068 3874 3165 3917 τῶν
3221 3864 3514 3937 Βογομίλων
3574 3883 3848 3940 παραφρο-

2245 3956 2427 4023 σύνης,
2460 3953 2566 4006 ἀλλ’
2612 3956 2641 4012 ἡ
2697 3962 2789 4016 τῆς
2850 3956 2987 4017 θείας
3039 3958 3411 4026 μυσταγωγίας
3459 3956 3695 4027 πανίερος
3742 3970 3837 4005 τε·

2242 4042 2384 4113 λετη,
2470 4044 2590 4117 ἄρτι
2667 4042 3039 4118 προσκαλεῖται
3104 4043 3243 4115 ἡμᾶς
3320 4042 3580 4096 τελεῖσθαι
3669 4040 3845 4114 ἀπαρο

2246 4137 2498 4207 χομένης,
2553 4135 2735 4194 πάντες
2781 4136 2830 4186 οὶ
2883 4141 2980 4196 τῆς
3025 4132 3260 4194 ἀληθείας
3315 4131 3501 4205 ἐχθροὶ
3556 4136 3647 4184 καὶ
3698 4131 3841 4204 φίλοι

2244 4230 2336 4277 τοῦ
2384 4220 2609 4294 ψεύδους
2661 4224 2761 4275 ὑπὸ
2814 4229 2930 4285 ταῖς
2979 4222 3216 4275 ἁπάντων
3282 4229 3381 4274 τῶν
3450 4223 3845 4293 Χριστωνύμων

2244 4311 2511 4385 γλώσσαις
2541 4313 2921 4365 ὑποπεσοῠνται
2978 4319 3049 4381 τῷ
3098 4308 3399 4384 ἀναθεματι.
3448 4309 3584 4381 Ἐγὼ
3640 4306 3699 4362 δι
3751 4330 3845 4382 μι-

2243 4405 2371 4477 κρὰν
2400 4406 2702 4476 παραίνεσιν
2750 4404 2879 4475 πρὸς
2934 4405 3022 4459 την
3070 4403 3318 4475 ὑμετεραν
3378 4398 3611 4471 ἀγάπην,
3678 4399 3719 4450 ὦ
3764 4402 3844 4452 τὲ-

2243 4512 2339 4545 κνα
2395 4492 2707 4565 τριπόθητα,
2780 4489 3185 4565 προϐαλλόμενος
3267 4489 3334 4550 εἰς
3415 4487 3655 4561 ὠφελειαν
3739 4496 3843 4541 τῶν

2241 4582 2433 4654 ψυχῶν
2467 4583 2792 4634 καταπαύσω
2833 4582 2919 4632 τὸν
2956 4578 3127 4651 λόγον,
3186 4583 3467 4650 Μέμνημαι
3517 4582 3608 4630 xui
3661 4576 3845 4631 ἄλλοτέ

2241 4689 2365 4724 ποτε
2416 4673 2781 4742 κατηχηκεναι
2819 4672 3136 4743 παραινέσας
3186 4669 3306 4740 ὑμῖν
3354 4665 3402 4719 ἐν
3445 4666 3631 4729 αὐταῖς
3692 4671 3844 4720 πέντε

2242 4767 2338 4822 τῆς
2368 4755 2664 4832 ἑϐδομάδος
2693 4761 2909 4836 ἡμέραις
2931 4767 3021 4822 τῆς
3075 4757 3230 4830 ἁγίας
3280 4760 3527 4817 νηστείας
3559 4757 3635 4828 (8)
3681 4774 3844 4829 μονο-

2241 5039 2509 5097 similiter
2529 5038 2821 5097 utdiebus
2842 5038 3165 5096 Dominicis
3184 5053 3308 5095 non
3334 5038 3413 5109 jej
3424 5042 3613 5096 unant
3631 5039 3843 5095 Graeci.

2243 5112 2560 5183 lnchoﬁatur
2574 5110 2702 5166 dies
2716 5111 2896 5183 lunae;
2922 5109 3231 5183 Dominica
3254 5110 3551 5183 proxime
3564 5124 3847 5183 sequens

2240 5187 2328 5239 est
2344 5182 2869 5255 prima_Dominica
2888 5180 3410 5255 Quadragesimte,
3458 5180 3845 5238 Orthodoxias

2239 5252 2463 5310 nomen
2481 5252 2718 5325 adepta.
2752 5253 2940 5310 Tertia
2956 5258 3044 5308 est
3077 5260 3175 5326 τῆς
3231 5256 3844 5326 σταυροπροσκυνὴσεως

2242 5321 2625 5382 Αάοναείοηὶἒ
2640 5325 2858 5391 crucis,-
2876 5330 3063 5389 sexta,
3083 5321 3446 5395 Palmarum:
3470 5321 3662 5395 pridie
3684 5322 3846 5377 cele-

2239 5395 2446 5453 bratur
2461 5395 2835 5453 resuscitatio
2856 5396 3074 5451 Lazari.
3100 5392 3845 5450 Dominicam'Palmarum

2240 5468 2508 5540 sequitur
2524 5482 2751 5540 magna
2767 5465 3124 5540 hebdomas,
3142 5481 3278 5540 quae
3302 5465 3668 5540 estseptima
3688 5466 3847 5529 Quae

2239 5535 2615 5610 dragesimm;
2631 5535 2889 5610 primam
2902 5535 3222 5610 septimam
3235 5535 3725 5610 Quadragesima:
3736 5550 3845 5591 an-

2239 5605 2457 5668 tecedit
2487 5605 2719 5683 Κυριᾱικὴ
2753 5605 3095 5684 τνρινή,ἐθιι
3124 5615 3218 5670 τῆς
3255 5609 3576 5683 τυροφάγου,
3606 5605 3686 5664 ab
3733 5620 3843 5662 esu
