4096 6208
5 4243 10 4272 l

7 4419 14 4436 .

3 4671 18 4716 'vE

5 4719 18 4776 ξ

13 4905 22 4956 ς

11 4971 24 5002 ί

11 5021 24 5162 ἒ

15 5169 24 5228 ί

1 5249 28 5324 ’ἓ

3 5361 28 5428 .;
55 5335 90 5412 ξζ

5 5521 10 5542 ι

5 5603 8 5608 .
49 5579 93 5616 ,⁴

1 5611 18 5716 ί
59 5643 93 5730 ξδί

51 5744 93 5772 ει

587 248 681 303 67l
1746 245 2052 306 GERMANI
2091 244 2136 300 11
2178 238 2285 295 CP.
2334 240 2787 299 PATRIARCHIE

3854 243 3980 329 ,ςῖὲ

580 381 714 440 quae
736 364 795 422 in
835 371 989 424 terra
1017 368 1100 439 6';
1135 390 1164 421 »
1194 369 1363 431 illum
1415 374 1701 433 eumdem
1725 373 1972 446 jussisse
2000 377 2228 439 praepa-

2342 369 2531 437 χρυσᾶ
2558 366 2792 440 τορευτὰ,
2823 370 2914 419 καὶ
2956 374 3153 426 στῆσαι
3205 374 3300 428 τῆς
3345 368 3491 441 ἱερᾶς
3540 364 3777 419 κιϐωτοῦ
3832 370 3943 441 παρ’

579 453 695 511 rari
714 452 868 511 duos
897 471 1114 515 aureos
1137 462 1445 521 tornatiles
1463 463 1839 527 cherubinos,
1875 463 1929 513 et
1958 457 2229 523 utrinque

580 542 656 600 ad
674 560 911 602 sacram
929 562 1134 606 arcam
1164 552 1441 610 collocari
1471 554 1499 609 ξ)
1525 553 1705 608 Testis
1738 545 1929 604 verbis
1958 540 2104 598 meis
2134 552 2229 593 ac-

582 630 737 688 cedit
771 638 828 691 et
854 633 1101 702 Paulus,
1132 638 1229 696 ille
1258 641 1319 697 in
1349 638 1511 697 caelis
1567 636 1845 706 gradiens
1898 624 2229 703 apostoluS.

580 721 742 779 facta
763 739 972 782 eorum
1007 729 1310 786 mentione
1340 729 1399 785 in
1419 743 1507 796 ea,
1540 740 1676 797 qua:
1706 726 1798 778 est
1831 719 1909 775 ad
1950 712 2227 774 Hebraeos

584 812 865 886 Epistola,
909 815 1010 873 ubi
1048 817 1132 873 sic
1163 817 1241 874 ad
1279 816 1523 873 verbum
1580 810 1798 867 scribit:
1832 828 1860 858 ‹‹
1901 805 2040 862 Post
2067 803 2229 862 vela-

582 906 855 959 mentum
878 910 1078 961 autem
1098 904 1449 968 secundum,
1467 896 1940 963 tabernaculum,
1962 893 2127 967 quod
2145 892 2231 951 di-

582 989 735 1046 citur
765 994 981 1049 Sancta
1012 998 1373 1049 sanctorum:
1407 1002 1622 1045 aurum
1670 984 1905 1042 habens
1958 982 2231 1040 thuribuv

581 1077 733 1151 lum,
763 1088 819 1139 et
857 1098 1059 1140 arcam
1088 1079 1419 1137 testamenti
1448 1077 1896 1133 circumtectam
1939 1090 2013 1130 ex
2064 1072 2231 1132 omni

580 1176 752 1242 parte
783 1186 948 1235 auro,
978 1170 1039 1226 in
1067 1185 1189 1241 qua
1217 1183 1368 1223 urna
1393 1180 1576 1222 aurea
1602 1163 1836 1220 habens
1871 1178 2116 1231 manna,
2175 1167 2232 1218 et

582 1258 752 1329 virga
767 1264 979 1318 Aaron,
999 1272 1132 1328 qua:
1150 1254 1513 1316 fronduerat.
1539 1257 1596 1308 et
1628 1252 1844 1309 tabulae
1868 1250 2227 1321 testamenti,

584 1361 884 1418 superque
907 1361 1040 1400 eam
1064 1347 1187 1399 erat
1210 1341 1519 1401 cherubim
1552 1341 1756 1412 gloriae
1804 1340 2231 1397 obumbrantia

582 1432 1062 1506 propitiatorium
1082 1433 1127 1465 ⁸³
1151 1450 1165 1496 ς
1188 1453 1213 1480 ››
1234 1446 1415 1503 super
1444 1430 1665 1505 quibus
1696 1428 2039 1487 cherubinis
2070 1443 2229 1501 saepe

580 1521 670 1585 iis,
689 1521 792 1592 qui
808 1519 970 1588 digni
985 1523 1173 1586 erant,
1202 1520 1486 1576 Dominus
1503 1518 1855 1594 apparebat.
1876 1521 1956 1575 Ea
1973 1517 2133 1574 enim
2152 1517 2226 1573 de

580 1623 766 1663 causa
783 1624 817 1662 a
838 1607 1019 1664 Paulo
1037 1609 1347 1666 cherubim
1370 1609 1572 1681 gloriae
1593 1609 1905 1665 nominata
1926 1611 2083 1663 sunt.

2341 449 2558 526 ἑκάτερα
2605 470 2620 520 ;
2658 460 3023 530 Συμμαρτυρεῖ
3075 476 3166 529 μοι
3220 464 3292 528 τῷ
3334 455 3478 527 λόγῳ
3523 460 3619 507 καὶ
3680 454 3879 516 Παῦλος
3920 457 3944 508 6

2339 540 2705 615 ούρανοϐάμων
2767 542 3076 612 ἀπόστολος,
3135 548 3472 619 μνημονεύων
3521 546 3726 598 τούτων
3778 542 3832 596 ἐν
3884 553 3939 619 τῇ

2337 632 2470 702 πρός
2523 629 2788 705 Ἑϐραίους
2837 634 3135 708 Ἐπιστολῇ,
3202 639 3292 688 καὶ
3571 633 3716 686 οὕτω
3765 633 3941 707 ῥητωςι

2339 740 2368 769 ι(
2402 722 2546 774 Μετὰ
2576 718 2636 776 δε
2681 727 2740 776 τὸ
2769 719 3007 797 διύτερον
3044 731 3430 798 καταπέτασμα
3488 727 3665 783 σκηνή
3726 725 3757 781 ἡ
3814 722 3941 796 λεγοο

2338 809 2463 880 μὲνη
2504 807 2660 882 Ἅγια
2708 809 2889 884 ἁγίων,
2954 812 3194 886 χρυσοῦν
3263 816 3477 886 ἔχουσα
3543 814 3940 886 θυσιαστήριον,

2339 900 2429 948 καὶ
2475 902 2570 957 τὴν
2626 898 2844 955 κιϐωτόν
2906 910 3003 965 τῆς
3085 899 3345 964 διαθήκης
3424 899 3940 975 περικεκαλυμμένην

2339 987 2586 1039 πάντοθεν
2623 993 2858 1062 χρυσίῳ,
2903 988 2952 1043 ἐν
3092 992 3318 1063 στάμνος
3373 996 3570 1062 χρυσῆ
3643 990 3847 1060 ἔχουσα
3888 992 3939 1042 τὸ

2339 1076 2526 1146 μάννα,
2558 1079 2714 1138 καὶὸ
2752 1074 2949 1153 ῥάϐδος
2987 1079 3184 1151 Ἀαρών
3227 1081 3257 1138 ἠ
3316 1077 3711 1152 βλαστήσασα,
3755 1081 3843 1131 καὶ
3895 1078 3941 1129 αἱ

2338 1162 2528 1227 πλάκες
2579 1173 2673 1227 τῆς
2719 1163 2982 1229 διαθήκης
3016 1189 3029 1203 ο
3062 1169 3299 1243 ὑπεράνω
3352 1165 3413 1222 δι
3467 1166 3638 1227 αὐτῆς
3688 1165 3940 1238 Χερουϐὶμ

2341 1248 2500 1315 δόξης
2546 1257 2970 1317 κατασκιάζοντα
3029 1260 3084 1310 τό
3153 1257 3484 1331 ἱλαστήριον,
3548 1277 3579 1305 ››
3639 1254 3715 1328 ἐφ’
3761 1256 3825 1307 ὧν
3877 1253 3936 1314 δή

2340 1342 2605 1416 Χερουϐὶμ
2668 1344 2914 1407 πολλάκις
2970 1347 2996 1399 ό
3052 1349 3183 1409 Θεὸς
3236 1356 3331 1410 τῆς
3390 1343 3564 1410 δόξης
3633 1343 3936 1418 ἐνεφανίζιτο

2340 1438 2447 1495 τοῖς
2495 1431 2679 1497 ἀξίοις.
2747 1437 2843 1488 Διά
2896 1438 2998 1511 γὰρ
3063 1445 3216 1491 τοῦτο
3276 1442 3366 1491 καὶ
3428 1434 3646 1499 Παῦλος
3690 1433 3938 1511 Χερουϐὶμ

2340 1517 2499 1587 δόξης
2518 1532 2683 1577 ταῦτα
2702 1530 3057 1599 κατωνόμασε.

647 1695 840 1765 Vides,
859 1713 1032 1769 caece,
1056 1699 1387 1772 quomodo,
1406 1705 1467 1756 ut
1486 1715 1668 1773 supra
1684 1698 2053 1765 dicebamus,
2095 1710 2228 1753 san-

2411 1691 2634 1762 Βλεπεις,
2691 1698 2865 1767 τυφλι,
2937 1702 3062 1761 πῶς,
3127 1697 3300 1757 καθὼς
3368 1692 3632 1769 ἀνωτάρω
3693 1691 3929 1763 ἐλέγομεν,

578 1789 683 1842 etae
702 1786 819 1844 sint
833 1787 1248 1845 similitudines
1266 1795 1612 1845 sanctorum
1629 1792 2106 1861 prototyporum.
2122 1801 2228 1842 seu

579 1875 1031 1948 exemplarium.
1051 1880 1124 1934 At
1154 1894 1293 1933 vero
1323 1877 1626 1934 daemones
1655 1874 2002 1932 exsecrandi
2036 1879 2091 1930 et
2120 1890 2228 1947 pe-

576 1964 734 2021 nitus
754 1964 1090 2022 detestandi
1110 1971 1263 2037 sunt,
1302 1982 1632 2039 eorumque
1652 1964 1813 2022 idola
1860 1963 2228 2021 exsecranda

578 2057 636 2110 et
665 2054 898 2126 penitus
926 2054 1278 2113 detestanda
1308 2060 1467 2125 sunt;
1486 2060 1544 2111 et
1561 2054 1662 2127 qui
1692 2053 1897 2110 colunt
1927 2051 2078 2118 illos,
2127 2067 2225 2108 eo-

579 2157 835 2215 rumque
879 2143 1220 2214 simulacra,
1246 2146 1467 2218 pariter
1495 2160 1633 2200 eum
1663 2143 1807 2215 ipsis
1837 2142 2037 2212 ignem
2064 2146 2228 2197 aeter-

579 2245 725 2286 num
744 2230 1202 2293 haereditabunt.
1220 2235 1377 2306 ignis
1391 2249 1529 2290 vero
1544 2230 1944 2287 estfuniculus
1979 2230 2226 2287 hieredi-

581 2320 717 2375 tatis
741 2322 1184 2391 Bogomilorum
1212 2342 1225 2391 ;
1251 2340 1385 2383 eum
1444 2327 1500 2378 et
1553 2320 1664 2377 illis
1703 2324 2005 2391 competat
2040 2318 2223 2376 illud:

583 2428 610 2457 ‹‹
645 2407 731 2463 Dii
762 2410 1029 2478 gentium
1059 2412 1361 2468 daemonia
1377 2412 1444 2466 ⁸³.
1483 2431 1510 2459 ››
1541 2412 1605 2465 Et
1633 2408 1907 2465 attendas
1932 2407 2108 2463 velim
2150 2407 2227 2463 ad

578 2496 866 2553 orationis
905 2501 1140 2555 seriem.
1176 2500 1382 2557 Omnis
1413 2499 1598 2555 homo
1631 2497 1736 2570 qui
1765 2497 1993 2553 ratione
2022 2500 2080 2553 et
2100 2511 2229 2553 ora-

579 2584 736 2642 tione
752 2587 990 2659 regitur,
1018 2592 1203 2644 Deum
1219 2604 1402 2661 quem
1419 2587 1575 2652 colit,
1597 2585 1878 2643 eumdem
1917 2585 2231 2641 conﬁtetur

580 2674 948 2733 conditorem
971 2678 1101 2733 caeli
1121 2682 1177 2733 et
1198 2682 1389 2747 terrae,
1411 2682 1467 2733 et
1487 2676 1759 2732 omnium
1779 2691 1915 2747 quae
1949 2675 2010 2730 in
2053 2680 2225 2742 terra;

580 2765 758 2837 etqui
777 2782 910 2822 vere
932 2767 1150 2823 horum
1171 2767 1412 2823 effector
1454 2770 1562 2834 est,
1595 2765 1721 2837 ipse
1742 2770 1828 2820 est
1862 2774 1917 2820 et
1953 2767 2128 2820 Deus.
2157 2769 2228 2822 At

578 2868 720 2909 vero
738 2855 1404 2924 Bogomilieffectionem
1430 2851 1894 2909 mundidiabolo
1919 2854 2230 2921 assignant

582 2946 647 2998 ut
664 2943 912 3014 proinde
935 2944 985 3000 si
1003 2946 1113 3000 sibi
1134 2951 1411 3002 constare
1441 2943 1639 3011 velint,
1662 2941 1943 2998 eumdem
1963 2946 2020 2999 et
2042 2945 2227 2998 Deum

2338 1781 2463 1853 ἅγιά
2485 1783 2588 1835 εἱσι
2617 1786 2682 1836 τὰ
2716 1785 3022 1857 ὁμοιώματα
3074 1792 3173 1837 τῶν
3224 1783 3388 1855 ἁγίων
3438 1784 3821 1858 πρωτοτύπων.
3873 1781 3930 1830 Οἱ

2338 1867 2397 1924 δὲ
2446 1867 2689 1945 δαίμονες
2734 1880 2915 1948 μιαροὶ
2965 1878 3055 1925 καὶ
3107 1878 3429 1947 παμμίαροι,
3486 1877 3581 1925 καὶ
3630 1873 3700 1923 τὰ
3751 1872 3929 1922 τούτων

2336 1957 2524 2014 ιῖδωλα
2577 1965 2742 2037 μιαρά
2798 1966 2887 2015 καὶ
2947 1966 3248 2037 παμμίαρα,
3311 1966 3404 2015 καὶ
3463 1966 3515 2014 οί
3577 1959 3804 2019 σέϐοντες
3849 1956 3928 2008 «'3-

2333 2056 2449 2112 τοὺς
2512 2056 2601 2103 καὶ
2658 2054 2723 2104 τὰ
2778 2054 2969 2105 τούτων
3018 2048 3207 2105 εἴδωλα
3247 2056 3341 2105 σὺν
3398 2051 3582 2112 αὐτοῖς
3626 2055 3686 2102 τό
3720 2056 3819 2122 πῦρ
3874 2049 3925 2098 τὸ

2336 2140 2539 2193 αἰώνιον
2562 2140 3047 2214 κληρονομήσουσι.
3093 2144 3163 2194 Τό
3195 2137 3254 2194 δε
3302 2148 3409 2217 πῦρ
3474 2143 3776 2213 σχοίνισμα
3817 2135 3923 2192 κληο

2335 2235 2578 2305 ρονομίας
2637 2239 2733 2282 τῶν
2798 2229 3090 2302 Βογομίλων
3167 2228 3305 2282 ἐστίν
3408 2228 3526 2282 ἐπεὶ
3605 2233 3696 2280 καὶ
3769 2225 3925 2283 αὐτοῖς

2338 2314 2591 2392 ἁρμόδιον
2621 2322 2704 2383 τὸ,
2732 2339 2758 2367 ‹‹
2806 2320 2871 2369 Oi
2927 2319 3030 2370 θεοὶ
3074 2326 3173 2370 τῶν
3225 2316 3381 2371 ἐθνῶν
3429 2314 3709 2390 δαιμόνια.
3763 2336 3789 2363 n
3836 2315 3923 2364 Καὶ

2337 2410 2605 2479 πρόσσχες
2630 2415 2689 2479 τῇ
2723 2414 2815 2460 τοῦ
2839 2406 2994 2478 λόγου
3027 2415 3181 2466 σκευῆ
3201 2450 3213 2463 .
3256 2413 3360 2467 Πᾶς
3393 2405 3674 2479 ἅνθρωπος
3720 2405 3796 2455 νοί
3844 2404 3923 2451 καὶ

2336 2492 2472 2565 λόγῳ
2508 2491 2882 2568 διοικούμενος,
2943 2498 3029 2546 τόν
3074 2499 3201 2548 Θεόν
3245 2495 3298 2547 ὃν
3345 2494 3580 2561 σεϐεται,
3643 2495 3729 2545 τόν
3783 2489 3921 2542 αὑτὸν

2339 2582 2575 2655 ὁμολογεῖ
2602 2588 2691 2635 καὶ
2721 2588 2941 2642 ποιητὴν
2982 2583 3224 2657 οὐρανοῦ,
3277 2589 3368 2636 καὶ
3412 2591 3540 2655 γῆς,
3599 2585 3691 2633 καὶ
3739 2580 3921 2632 πάντων

2336 2680 2436 2723 τὼν
2485 2670 2533 2723 ἐν
2565 2680 2625 2730 τῆ
2659 2680 2750 2743 γῆ·
2801 2668 2894 2724 δαὶ
2948 2674 2973 2723 ό
3023 2675 3084 2732 ἡν
3122 2671 3324 2725 ἁλεθεία
3368 2674 3574 2725 τούτων
3625 2666 3923 2741 δημιουργὸς

2337 2762 2490 2821 αᾶτός
2537 2760 2649 2813 ἐστι
2696 2766 2786 2813 καὶ
2831 2761 2975 2822 Θεὸς.
3031 2766 3097 2813 οί
3146 2760 3423 2834 Βογόμιλοι
3453 2766 3547 2819 τὴν
3589 2757 3918 2831 δημιουργίαν

2336 2857 2427 2903 τοῦ
2458 2853 2661 2923 κόσμου
2696 2860 2768 2922 τῷ
2800 2846 2835 2902 δ
2841 2849 3031 2922 ιαϐόλῳ
3070 2850 3522 2923 άπόχαρίζονται,
3550 2852 3615 2909 ὡς
3659 2844 3917 2898 ἀκόλουθον

2337 2943 2465 2990 εἰναι
2513 2939 2712 3006 αὐτοῖς,
2751 2944 2840 2991 καὶ
2898 2943 3026 2992 Θεὸν
3065 2946 3245 2991 τοῦτον
3292 2940 3549 3009 ἡγεῖσθαι
3586 2956 3676 2988 και
3711 2949 3918 3006 προσκυ-

580 3032 917 3090 existimare
938 3039 994 3090 et
1023 3037 1272 3091 adorare
1302 3034 1580 3090 debeant:
1613 3047 1736 3105 quo
1766 3030 1832 3088 ﬁt
1859 3036 1924 3087 ut
1959 3031 2228 3102 Bogomi-

2339 3036 2458 3092 νιῑν,
2518 3032 2608 3080 καί
2663 3031 2803 3081 ἐστιν
2869 3030 2894 3080 6
2948 3031 3080 3090 Θεὸς
3134 3036 3233 3080 τῶν
3288 3027 3589 3100 Βογομίλων
3649 3020 3915 3095 δαιμόνιον,

578 3118 773 3176 lorum
797 3121 945 3178 deus
970 3124 1040 3179 sit
1074 3122 1335 3189 daemon,
1364 3122 1712 3193 idolumque
1759 3121 1975 3176 horum
2007 3120 2230 3177 daemo-

579 3223 725 3265 num
747 3210 994 3282 quilibet
1015 3230 1087 3269 ex
1112 3212 1428 3283 Bogomilis
1444 3208 1831 3266 assimulatus
1852 3208 1930 3265 ad
1963 3226 2230 3279 unguem

580 3312 691 3351 suo
715 3304 1055 3372 prototypo.
1093 3301 1239 3357 Sunt
1264 3299 1425 3355 enim
1466 3304 1523 3354 et
1550 3296 1640 3352 isti
1672 3295 2022 3352 tenebricosi
2050 3296 2227 3354 infor-

580 3399 728 3449 mes,
748 3392 823 3455 et,
848 3394 915 3443 ut
934 3404 1055 3444 uno
1071 3389 1254 3445 verbo
1271 3388 1491 3455 dicam,
1507 3384 1802 3441 dmmonis
1814 3385 1988 3456 quasi
2001 3385 2224 3442 vultum

578 3477 636 3529 et
652 3490 972 3547 personam
1001 3477 1217 3533 induti.
1268 3475 1499 3533 Similes
1539 3473 1652 3530 illis
1682 3472 1846 3539 ﬁant,
1875 3474 1978 3546 qui
2024 3475 2229 3532 colunt

581 3578 702 3631 eos,
726 3566 947 3636 quique
978 3581 1184 3621 eorum
1216 3565 1624 3637 blasphemias
1644 3559 1958 3633 recipiunt,
2028 3564 2229 3636 subja-

579 3657 873 3724 ceantque
893 3669 1103 3709 omnes
1123 3659 1344 3709 (sterno
1375 3654 1763 3715 anathemati.

650 3740 1056 3812 Suppetebant
1075 3742 1320 3815 quidem
1339 3743 1679 3817 etaliaquze
1713 3744 2012 3818 praedictis
2042 3742 2227 3799 adde-

580 3844 729 3895 rem,
753 3830 1083 3887 retutandae
1108 3832 1551 3901 llogomilorum
1586 3834 1866 3903 stultitiae,
1898 3833 2003 3888 sed
2044 3831 2228 3887 modo

578 3924 757 3974 vocat
788 3935 899 3975 nos
925 3920 1142 3977 divinae
1172 3921 1567 3993 mystagogiae
1597 3926 1653 3978 et
1681 3922 1918 3978 sacriliii
1940 3919 2228 3978 efferendi

582 4011 840 4079 tempus:
871 4010 1035 4082 quod
1068 4009 1213 4066 dum
1268 4011 1679 4082 auspicamur,
1711 4027 1923 4068 omnes
1967 4008 2230 4065 veritatis

580 4095 782 4152 hostes
804 4103 859 4153 et
884 4099 1060 4154 amici
1099 4099 1419 4163 mendacii,
1490 4098 1567 4154 ab
1614 4099 1889 4156 omnium
1918 4097 2022 4171 qui
2076 4095 2231 4153 Chri-

583 4182 778 4238 stiano
801 4186 1043 4241 nomine
1072 4193 1406 4256 censentur,
1424 4187 1662 4257 linguis,
1697 4185 2064 4244 anathemati
2090 4184 2230 4241 sub-

582 4269 817 4326 dentur.
843 4274 963 4342 Ego
992 4290 1153 4337 vero.
1209 4276 1544 4332 charissimi
1598 4276 1724 4341 lilii,
1779 4276 1827 4331 si
1879 4274 2230 4347 perbrevem

582 4359 1051 4416 cohortationem
1064 4362 1140 4418 ad
1157 4364 1467 4420 utilitatem
1488 4365 1827 4421 animarum
1841 4345 2227 4434 adjecero,di-
2263 4345 2306 4400 D

583 4447 964 4504 cenditinem
994 4450 1233 4508 faciam.
1265 4452 1496 4509 Memini
1529 4470 1625 4509 me
1682 4457 1738 4508 et
1787 4452 1935 4509 alias
1985 4467 2090 4508 vos
2144 4452 2228 4508 in-

584 4542 807 4594 struere
833 4543 1153 4596 etmonere
1179 4547 1239 4596 ut
1262 4542 1530 4615 quinque
1567 4541 1965 4599 hebdomadis
2017 4542 2229 4599 diebus

584 4625 768 4682 semel
784 4626 1075 4685 duntaxat
1095 4630 1249 4685 circa
1272 4631 1483 4687 horam
1504 4646 1728 4688 nonam
1744 4630 1947 4688 cibum
1980 4630 2230 4704 capiatis

585 4719 649 4773 Et
668 4732 828 4773 nunc
847 4716 1047 4775 denuo
1067 4717 1142 4775 de
1172 4719 1385 4777 eodem
1414 4726 1673 4778 vestram
1703 4721 2049 4778 charitatem
2072 4736 2230 4777 com-

653 4861 696 4895 ⁶¹
720 4860 901 4917 Exod.
943 4878 1044 4930 xx,
1067 4866 1121 4920 4.
1198 4865 1244 4899 ⁸³
1270 4862 1441 4920 Hebr.
1467 4869 1614 4930 1x,5.

1707 4864 1755 4899 (³³
1782 4861 1935 4920 Psal.
1990 4879 2103 4919 xcx
2137 4907 2151 4932 ,
2174 4868 2228 4919 ὅ.

655 5003 732 5072 (8)
768 5005 971 5078 Graeci,
996 5020 1118 5078 non
1170 5007 1352 5078 modo
1406 5006 1728 5078 Dominicis
1772 5022 1894 5063 non
1926 5007 2225 5078 jejunant.

583 5080 795 5129 utmos
820 5075 1090 5133 Ecclesiae
1115 5077 1315 5144 habet,
1346 5078 1451 5134 sed
1487 5093 1599 5134 nec
1636 5075 1942 5135 Sabhatis.
1985 5075 2113 5144 Quo
2164 5078 2229 5134 iit

582 5149 647 5199 ut
672 5144 941 5220 quinque
974 5152 1203 5220 tantum
1224 5148 1353 5204 dies
1378 5148 1779 5205 hebdomadis
1803 5147 2032 5220 jejunio
2088 5164 2229 5204 con-

582 5215 819 5292 cedant.
842 5215 1042 5292 Carpit
1071 5224 1271 5292 autem
1301 5219 1481 5291 paulo
1507 5225 1643 5292 post
1680 5215 1917 5292 Latinos
1994 5222 2229 5292 Graecus

584 5287 1023 5353 schismaticus,
1077 5294 1131 5344 et
1188 5287 1373 5345 hostis
1430 5287 1614 5347 Latini
1665 5291 1947 5347 nominis.
2001 5289 2230 5347 Habent

583 5357 767 5433 Graeci
791 5358 945 5414 duas
987 5360 1493 5432 Quadragesimas
1524 5379 1539 5427 ;
1570 5362 1820 5418 alteram
1868 5376 2117 5433 quoque
2146 5362 2230 5418 ita

582 5429 824 5505 dictam,
856 5446 1040 5486 verno
1077 5429 1364 5503 tempore,
1399 5440 1535 5488 ante
1571 5432 1811 5502 Pascha,
1846 5429 1920 5488 de
1947 5429 2070 5505 quo
2114 5433 2229 5489 hoc

580 5500 714 5556 loco
770 5502 1129 5576 Germanus.
1161 5500 1401 5576 Constat
1445 5508 1673 5576 septem
1732 5500 2115 5576 septimanis;
2167 5508 2228 5576 ut

581 5587 867 5631 numerus
892 5573 1755 5649 Quadragesimsecompleatur
1772 5573 1917 5649 quia
1951 5574 2230 5634 Sabbatis

2339 3123 2429 3170 καί
2474 3114 2666 3170 εἴδωλα
2711 3121 2905 3169 τούτων
2959 3123 3174 3178 ἕκαστος
3219 3125 3316 3169 τῶν
3363 3115 3662 3189 Βογομίλων
3709 3126 3914 3184 παρομο-

2342 3210 2573 3280 ἱουμενος
2610 3210 2734 3282 πρὸς
2780 3211 2836 3259 τό
2871 3212 3227 3280 πρωτότυπον’
3256 3208 3531 3280 ἄντικρυς·
3581 3203 3915 3271 Σκοτεινόμορο

2337 3315 2422 3367 φοι
2472 3300 2572 3370 γὰρ
2620 3301 2710 3348 καί
2757 3291 2899 3348 οὗτοι
2928 3301 3017 3347 καί
3062 3291 3350 3361 δυσειδείς,
3389 3300 3485 3347 καί
3534 3292 3709 3352 ἁπλῶς
3754 3292 3910 3348 εἰπεῖν,

2337 3381 2852 3459 δαιμονοπρὸσωποι.
2886 3384 3099 3457 Ὀμοιοι
3129 3387 3301 3445 αὐτοῖς
3329 3389 3565 3455 γένοιντο
3606 3382 3656 3434 οἰ
3691 3384 3912 3451 τιμῶντες

2337 3473 2544 3539 αὐτοὺς,
2600 3479 2689 3526 καί
2750 3476 2842 3536 τὰς
2891 3472 3236 3546 βλασφημίας
3310 3476 3513 3527 τούτων
3565 3464 3904 3543 παραδεχόμε·

2335 3582 2432 3630 νοι,
2462 3566 2548 3615 καὶ
2576 3564 2809 3616 ἔστωσαν
2838 3565 2886 3616 οἱ
2923 3568 3149 3616 τοιοῦτοι
3201 3564 3390 3624 πάντες
3459 3563 3560 3614 ὑπό
3614 3562 3670 3612 τὸ
3727 3556 3904 3609 αἰώνιον

2339 3650 2570 3723 ἀνάθεμα

2407 3737 2566 3812 Εἶχον
2595 3743 2684 3813 μὶν
2733 3737 2819 3792 οὖν
2878 3744 2968 3792 καὶ
3016 3741 3164 3814 ἔτερα
3221 3742 3561 3814 προστιθέναι
3610 3732 3710 3796 τοῖς
3762 3747 3909 3807 προει-

2337 3833 2573 3903 ρημένοις
2621 3830 2693 3890 εἰς
2754 3828 2964 3901 ἔλεγχον
3017 3837 3113 3890 τῆς
3163 3838 3261 3881 τῶν
3318 3828 3614 3902 Βογομίλων
3672 3834 3907 3898 παραγρΦ

2341 3920 2522 3987 σύνης,
2555 3917 2661 3970 ἀλλ’
2707 3920 2736 3977 ἡ
2792 3926 2884 3980 τῆς
2945 3920 3081 3980 θείας
3134 3923 3511 3990 μυσταγωγίας
3559 3916 3782 3986 πανίιρος
3824 3922 3899 3958 τῖ’

2337 4005 2479 4078 λιτὴ,
2564 4009 2685 4081 οἶρτι
2762 4005 3134 4082 προσκαλεῖται
3199 4007 3338 4078 ἡμᾶς
3418 4006 3675 4060 τελεῖσθαι
3758 3996 3904 4065 ἀπαρ-

2341 4101 2593 4171 χομένης,
2648 4098 2831 4158 πάντες
2876 4100 2925 4150 οἱ
2978 4105 3075 4160 τῆς
3120 4095 3356 4158 ἁληθιίας
3412 4095 3598 4169 ἐχθροὶ
3651 4094 3736 4144 καὶ
3783 4083 3899 4158 φίλοι

2339 4195 2432 4241 τοῦ
2479 4183 2704 4257 ψεύδους
2756 4188 2855 4240 ὑπὸ
2910 4193 3025 4249 ταῖς
3075 4186 3312 4238 ἁπάντων
3377 4193 3479 4238 τῶν
3548 4177 3902 4254 Χριστωνύμων

2340 4275 2606 4348 γλώσσαις
2635 4278 3017 4329 ὑποπεσοῡνται
3073 4283 3144 4346 τῷ
3194 4273 3496 4348 ἀναθέματι.
3545 4272 3675 4342 Ἐγὼ
3727 4261 3780 4317 δῖ
3825 4278 3899 4332 μί’

2338 4368 2466 4440 κραν
2495 4370 2797 4439 παραίνεσιν
2845 4369 2975 4439 πρός
3029 4369 3118 4423 τὴν
3166 4367 3414 4439 ὑμετεραν
3475 4362 3700 4435 ἀγάπην,
3762 4352 3798 4403 ὦ
3835 4350 3899 4400 τὶν

2339 4475 2435 4508 xm
2490 4455 2803 4529 τριπόθητα,
2876 4453 3281 4528 προϐαλλόμενος
3363 4453 3430 4514 εἰς
3510 4448 3739 4522 disarm
3800 4443 3896 4535 ’τῶν

2337 4544 2529 4617 ψυχῶν
2563 4546 2887 4597 καταπαύσω
2928 4547 3013 4596 τόν
3051 4542 3224 4614 λόγον,
3281 4547 3562 4614 Μίμνημαι
3610 4539 3696 4589 καί
3744 4526 3895 4584 ἄλλοτε

2337 4652 2460 4687 ποτε
2512 4636 2876 4705 κατηχηκὶναι
2914 4637 3231 4706 παραινέσας
3282 4633 3402 4704 ὑμῖν
3450 4630 3497 4683 ἐν
3540 4627 3715 4683 αὐταῖς
3769 4619 3893 4670 πέντε

2337 4732 2434 4786 τῆς
2464 4718 2760 4795 ἑϐδομάδος
2788 4724 3005 4799 ἡμέραις
3026 4731 3117 4786 τῆς
3171 4722 3326 4794 ἁγίας
3376 4722 3617 4779 νηστείας
3646 4712 3717 4785 (8)
3757 4718 3892 4779 l‘m‘

2337 5003 2604 5062 similiter
2625 5002 2916 5061 utdiebus
2939 5002 3261 5060 Dominicis
3280 5017 3402 5060 non
3428 4996 3693 5072 jejunant
3710 4989 3886 5072 Grtlfﬁ';

2338 5076 2656 5147 Inchoatur
2670 5074 2797 5131 dies
2812 5074 2992 5147 lunae;
3019 5073 3326 5147 Dominiea
3350 5144 3358 5147 Α
3375 5062 3887 5147 ριῖοίἰῳοβθᾳξιξξιξ

2336 5151 2425 5203 est
2440 5146 2964 5219 prima_Dominica
2979 5134 3502 5219 iQuadragesiinre,
3548 5134 3885 5219 Orthod‘ojff

2336 5203 2557 5274 nomen
2576 5216 2813 5289 adepta.
2847 5203 3038 5274 rerui
3052 5221 3140 5272 est
3173 5203 3274 5278 τῆς
3326 5203 3881 5289 σταυροπροσκννὴσεωϐ

2351 5290 2374 5318 Α
2397 5289 2720 5318 λη..ηο;η..;.
2740 5290 2953 5318 -....,.;..
2971 5295 3131 5318 -..νη
3180 5287 3535 5318 οηιιηηηιιινιο
3558 5274 3733 5318 τινιάιῆ
3751 5262 3881 5318 cele-

2338 5274 2720 5346 Adorationis
2736 5290 2953 5355 crucis,-
2971 5295 3158 5354 sexta,
3178 5274 3536 5343 Palinurum:
3558 5274 3733 5355 ὴτὶᾂίθ
3751 5274 3883 5355 θξξῖζ

2335 5343 2542 5416 bratur
2553 5343 3169 5416 resuscitatio'Lazari'.
3196 5343 3882 5427 υοωίηἰριιωῬᾷιωδξξξἮ

2337 5410 2616 5508 ξέίῑίιῖίιὶιῖ
2620 5410 3880 5508 {issit—11155338587ﬁéééisepl‘ﬂ‘fffﬁi

2334 5484 2984 5574 δὶὲεξέέῑώᾱεξδίίῶεω
2996 5484 3857 5574 ἐὲριίοιάἰηοοαάτᾳὲθείιιὶεξξ

2335 5551 3318 5648 ῖέεετξῑίῖῐιξοίοῑέῑῑιῖῶτξςειῑξξξ
3338 5551 3654 5647 agas-qu,
3679 5551 3750 5611 ab
3789 5552 3876 5600 οιιι
