4096 6208
518 269 623 327 675

1690 259 2001 323 GERMANI
2038 259 2088 319 Π
2133 262 2238 320 CP.
2276 262 2738 320 PATBIARCHE

3800 261 3900 317 676

517 408 701 467 quem
742 392 948 461 habet,
992 406 1226 449 venena
1278 390 1602 463 spargendi
1653 394 1711 446 et
1756 386 2168 449 interﬁciendi,

2287 393 2375 448 τῆς
2409 393 2719 462 περιστερᾶς
2771 385 2883 439 ἀλλ’
2928 384 2983 438 ἰκ
3171 389 3264 436 τοῦ
3323 382 3494 455 δφεως
3529 385 3593 435 τὸ
3637 386 3761 456 περὶ
3814 388 3898 442 τὴν

519 482 615 540 vel
644 487 710 538 ut
764 481 1172 555 insipientiam
1229 478 1527 536 columbas
1581 478 1920 543 imitemur;
1971 475 2080 532 sed
2109 482 2174 532 ut

520 570 811 643 serpentis
842 570 1031 626 instar
1060 584 1268 624 curam
1294 573 1351 624 et
1382 567 1685 624 solertiam
1714 564 1925 638 capitis
1975 569 2169 621 custo-

519 658 722 713 diendi
754 657 1168 713 ostendamus.
1200 656 1259 711 id
1313 656 1474 712 enim
1508 673 1695 712 unum
1736 654 2007 710 elaborat
2059 668 2174 709 ser-

518 751 765 818 pens,ut
790 762 911 816 prae
925 745 1155 818 reliquo
1182 746 1448 818 corporis
1479 749 1689 801 tractu.
1712 748 1893 815 caput
1921 741 2171 797 illaesum

518 840 848 891 conservet.
879 841 925 891 A
969 834 1254 889 columba
1297 839 1495 889 autem
1559 833 1816 913 mutuari
1848 847 1958 887 nos
2011 830 2174 903 cupit

519 923 791 979 animum
826 923 1068 979 malitiae
1096 927 1420 995 expertem,
1449 928 1507 979 et
1551 928 1614 978 ut
1641 936 1767 987 eos,
1798 920 1900 995 qui
1940 936 2052 975 nos
2081 919 2170 995 in:

512 1012 674 1083 juria
704 1012 991 1077 afﬁciunt,
1024 1011 1364 1077 toleremus,
1398 1026 1593 1084 neque
1620 1010 1942 1065 vindictam
1970 1023 2175 1080 exspe-

518 1105 741 1163 tamus,
765 1099 996 1172 privata
1026 1100 1184 1154 enim
1214 1098 1391 1171 pullis
1417 1098 1542 1153 suis
1566 1097 1833 1158 sustinet.
1870 1111 2064 1168 neque
2093 1093 2175 1150 ob

518 1188 577 1243 id
608 1188 792 1243 domo
824 1188 1087 1244 excedit:
1121 1195 1178 1243 et
1208 1188 1330 1242 haec
1369 1190 1603 1242 tantum
1655 1185 1733 1241 ad
1780 1184 2173 1241 imitationem

518 1277 936 1350 proponenda,
980 1277 1099 1333 alia
1145 1276 1352 1332 omnia
1382 1275 1592 1349 procul
1624 1272 1965 1347 abjicienda
2012 1278 2173 1328 sunt.

523 1367 640 1421 Hoc
671 1369 730 1421 et
750 1369 815 1421 tu
848 1366 939 1422 fac
964 1383 977 1433 ;
1003 1364 1187 1438 idque
1209 1365 1375 1438 quod
1398 1364 1457 1419 in
1478 1364 1697 1421 Latinis
1716 1363 1960 1435 jejuniis
1985 1361 2177 1416 inesse

520 1454 782 1510 cernitur
802 1454 1054 1519 bonum,
1086 1454 1254 1527 quod
1284 1458 1389 1519 est,
1425 1452 1653 1509 tardius
1695 1451 1899 1508 cibum
1941 1465 2177 1506 sumere

522 1540 860 1598 uberiorem
890 1541 1002 1597 illis
1027 1542 1317 1615 relinque.

595 1630 653 1685 Si
684 1630 887 1687 dicas:
918 1637 958 1686 Α
992 1631 1152 1686 fame
1209 1646 1460 1704 superor
1486 1634 1541 1687 et
1598 1628 1867 1685 esuriens
1919 1627 2174 1684 mandu-

2283 471 2419 528 ἰδίαν
2478 475 2702 548 κεφαλὴν
2762 472 3180 551 προφυλακτικὸν
3244 492 3295 525 τε
3337 476 3437 524 καὶ
3476 471 3757 543 προμηθὲς
3798 470 3901 525 ἑπι-

2281 560 2620 617 δείκνυσθαι·
2669 559 2877 621 σπουδὴ
2933 565 3035 635 γὰρ
3088 559 3161 634 τῷ
3215 565 3327 637 ὄφει
3358 564 3462 619 τὴν
3518 556 3757 632 κεφαλὴν
3807 565 3900 634 πρὸ

2280 655 2467 714 παντὸς
2519 660 2611 705 τοῦ
2670 653 2823 706 ὁλκοῦ
2872 649 3293 705 ἀνεπιϐούλευτον
3352 645 3682 724 διατηρεῖν
3747 652 3804 701 εκ
3852 646 3902 702 δὲ

2280 749 2375 802 τῆς
2427 746 2733 816 περιστερᾶς
2801 744 2860 792 τὸ
2918 741 3137 802 ἄκακον,
3198 742 3288 791 καὶ
3332 741 3399 790 τὸ
3460 734 3763 808 ἆνὶχεσθαι
3811 746 3900 789 τῶν

2282 826 2626 897 ἀδικούντων,
2679 834 2771 882 καὶ
2821 834 2894 903 μὴ
2968 826 3306 901 ἁμύνασθαν
3381 824 3759 901 ἀφαιρουμένη
3811 829 3900 898 γὰρ

2280 922 2347 972 τὰ
2381 923 2586 972 νεόττια
2633 923 2836 994 στέργει
2878 923 2971 977 τὴν
3024 916 3260 987 ἀδικίαν,
3318 926 3420 978 τῆς
3476 916 3656 976 οἰκίας
3702 916 3796 968 οὐκ
3832 916 3899 980 ἐξ·

2285 1012 2533 1081 ισταμένη
2555 1029 2569 1041 ο
2605 1012 2696 1060 καὶ
2728 1002 2895 1061 ταῦτα
2927 1011 3061 1081 μόνα
3093 1005 3304 1075 ζηλοῦν,
3341 1008 3415 1058 τὰ
3452 1002 3507 1058 δ’
3545 1002 3684 1057 ἄλλα
3736 1005 3900 1081 πόρρω

2280 1115 2381 1148 που
2408 1094 2762 1170 ἁπορῥὶπτειν.
2795 1091 2960 1148 Τοῦτο
2994 1099 3084 1148 καὶ
3114 1098 3179 1147 σὺ
3204 1098 3481 1160 ποίησον)
3517 1098 3615 1145 καὶ
3670 1097 3730 1145 τὸ
3780 1094 3900 1168 εὑρι-

2285 1188 2531 1257 σκόμενον
2564 1181 2611 1235 ἐν
2639 1192 2746 1244 τοῖς
2776 1188 3016 1245 Λατίνοις
3066 1182 3244 1247 καλὸν,
3274 1182 3335 1234 τὸ
3378 1177 3444 1234 δέ
3486 1180 3609 1235 ἐστι
3662 1185 3724 1234 τὸ
3781 1180 3899 1254 βρα-

2285 1269 2501 1348 δύτερον
2545 1271 2757 1341 ἐσθίειν,
2833 1270 3067 1335 ζήλωσον
3096 1292 3110 1305 ο
3162 1274 3222 1324 τὸ
3262 1267 3324 1324 δέ
3375 1269 3712 1343 πολυφαγεῖν
3762 1273 3900 1323 ἔασον

2283 1362 2409 1438 παρ’
2447 1360 2678 1424 ἕκείνοις.

2284 1450 2588 1507 mmulare.
2620 1450 2995 1507 Crebriorem
3024 1464 3169 1506 vero
3225 1448 3343 1505 cibi
3398 1447 3823 1523 sumptionem
3850 1455 3901 1504 et

2358 1540 2418 1593 Εἰ
2480 1535 2539 1592 δι
2593 1538 2776 1612 λέγεις,
2814 1538 2973 1593 Ἀλλὰ
3004 1544 3230 1611 νικῶμαι
3274 1539 3382 1590 ὑπὸ
3425 1546 3531 1601 τῆς
3578 1542 3778 1609 πείνης,
3818 1544 3896 1590 καὶ

2284 1637 2467 1690 πεινῶς
2523 1626 2715 1681 ἐσθίειν
2763 1627 3264 1699 καταναγκάζομαι.
3309 1626 3492 1688 ἄλλως
3550 1629 3658 1700 γὰρ
3708 1629 3765 1679 τὸ
3802 1622 3897 1679 δει-

521 1733 657 1774 care
700 1733 902 1788 cogor,
958 1720 1289 1791 praesertim
1366 1736 1505 1776 cum
1549 1717 1697 1775 alias
1749 1722 1957 1774 venter
2018 1714 2177 1772 mala

2287 1720 2369 1769 νὸν
2397 1719 2593 1792 θηρίον,
2624 1718 2654 1776 ἠ
2683 1714 2874 1783 κοιλία,
2916 1715 3021 1788 οὐχ
3073 1716 3372 1791 ἠμοροῦται
3399 1737 3413 1750 ο
3440 1712 3576 1789 ὅμου
3631 1713 3896 1789 ἀποκρινο-

520 1806 713 1863 bestia
744 1808 839 1875 sit,
871 1813 928 1864 et
976 1808 1179 1864 nescia
1227 1808 1511 1878 cicurari;
1546 1807 1687 1864 audi
1743 1807 1886 1879 quid
1934 1821 2179 1877 respon-

521 1896 720 1951 deam.
746 1895 973 1952 ldcirco
1027 1902 1267 1971 tempus
1296 1896 1410 1953 hoc
1437 1896 1671 1967 jejunii,
1703 1895 1932 1963 dilecte,
1990 1900 2048 1951 et
2093 1899 2180 1949 est

520 1989 577 2041 et
605 1984 839 2051 dicitur,
875 1991 937 2041 ut
990 1987 1350 2042 esuriamus.
1402 1988 1465 2041 Et
1508 1986 1610 2058 qui
1666 1984 1889 2040 famem
1922 1983 2088 2053 fugit,
2130 1980 2179 2038 is

520 2070 671 2145 fugit
716 2078 773 2129 et
813 2074 1137 2146 jejunium,
1183 2080 1239 2131 et
1267 2075 1598 2132 satietatem
1649 2072 1934 2146 sequitur.
1967 2077 2038 2128 At
2091 2089 2178 2128 sa-

522 2160 697 2217 tietas
724 2166 781 2217 et
808 2162 1106 2233 jejunium
1138 2163 1217 2219 ita
1249 2162 1361 2218 sibi
1390 2162 1805 2229 adversantur,
1838 2162 1990 2217 sicut
2020 2177 2181 2234 aqua

521 2257 577 2306 et
601 2250 780 2319 ignis.
812 2251 1073 2317 Quando
1103 2258 1302 2307 autem
1336 2252 1548 2313 esuris,
1581 2251 1641 2307 in
1674 2257 1935 2307 mentem
1965 2265 2182 2305 revoca

520 2344 579 2394 et
628 2344 841 2410 reputa
873 2340 1139 2411 paradisi
1186 2340 1455 2408 delicias,
1508 2346 1565 2396 et
1611 2356 1822 2397 eorum
1866 2356 2001 2412 quin
2050 2338 2179 2395 istic

523 2431 663 2482 sunt
682 2426 983 2483 bonorum
1008 2427 1371 2496 fruitionem,
1400 2429 1783 2502 futuramque
1815 2427 2091 2499 gloriam,
2122 2432 2179 2484 et

523 2515 689 2588 aperi
742 2530 811 2570 os
859 2521 1054 2586 tuum,
1085 2522 1141 2573 et
1169 2517 1354 2590 imple
1413 2518 1711 2573 Davidicis
1769 2515 2066 2582 cantibus,
2123 2520 2181 2573 et

530 2602 712 2659 libere
744 2604 823 2659 ad
851 2604 1151 2660 Christum
1183 2604 1401 2661 dicito:
1440 2628 1459 2654 ε
1496 2606 1621 2678 Ego
1667 2621 1807 2660 vero
1858 2604 1918 2659 in
1951 2602 2179 2675 justitia

524 2691 834 2764 apparebo
864 2694 1209 2765 conspectui
1244 2701 1364 2761 tuo,
1384 2693 1649 2750 satiabor
1667 2710 1807 2749 cum
1837 2692 2180 2766 apparuerit

524 2780 669 2836 mihi
700 2780 889 2851 gloria
946 2787 1049 2838 tua
1101 2780 1170 2848 ⁸⁵,
1204 2804 1234 2831 ››
1294 2799 1431 2838 cum
1487 2782 1715 2838 veneris
1769 2798 1909 2837 cum
1958 2782 2179 2838 sanctis

522 2869 750 2941 angelis
776 2869 891 2926 tuis
922 2870 1168 2926 reddere
1226 2871 1552 2945 unicuique
1609 2870 1944 2927 secundum
1997 2886 2181 2943 opera

523 2974 655 3013 sua.
679 2960 927 3014 Summa
956 2959 1237 3016 orationis
1259 2960 1366 3016 sit:
1403 2962 1510 3015 Per
1529 2960 1744 3016 multas
1771 2958 2181 3016 tribulationes

521 3052 754 3120 oportet
800 3063 913 3103 nos
954 3048 1185 3120 ingredi
1255 3050 1313 3104 in
1363 3066 1614 3120 regnum
1668 3049 1977 3118 caelorum,
2039 3064 2178 3104 cum
2214 3084 2255 3138 Ο

522 3158 550 3186 ‹‹
583 3140 841 3205 angusta
874 3142 933 3192 et
980 3143 1146 3192 arcta.
1173 3137 1251 3193 sit
1293 3137 1412 3205 via,
1443 3152 1580 3211 quo:
1636 3138 1799 3195 ducit
1844 3137 1921 3193 ad
1972 3138 2176 3205 vitam,

520 3224 642 3281 lata
662 3240 801 3279 vero
822 3229 879 3279 et
894 3225 1179 3297 spatiosa,
1203 3242 1341 3300 quae
1358 3225 1521 3282 ducit
1543 3227 1620 3282 ad
1640 3226 2034 3301 perditionem
2054 3228 2122 3282 “.
2148 3248 2177 3276 »

440 3314 445 3325 '
524 3312 581 3370 Si
628 3313 708 3369 ad
732 3313 913 3369 vitam
944 3318 1229 3371 aeternam
1260 3315 1570 3388 pervenire
1598 3315 1766 3387 velis,
1822 3315 2180 3388 amplectere

520 3416 613 3473 ea,
673 3416 813 3473 quae
862 3417 1110 3458 sensum
1178 3402 1456 3472 afﬂigunt
1525 3408 1581 3459 et
1627 3406 1997 3460 contristant.
2052 3401 2183 3459 Alia

521 3489 683 3546 enim
708 3489 885 3546 viain
909 3505 1047 3546 eam
1066 3490 1297 3561 ingredi
1320 3507 1440 3548 non
1460 3491 1616 3555 licet,
1649 3493 1696 3547 si
1723 3497 1927 3548 autem
1955 3491 2180 3561 fugien-

522 3577 603 3632 do
628 3578 710 3644 id,
745 3578 911 3651 quod
941 3594 1225 3651 asperum
1259 3586 1315 3635 et
1342 3579 1742 3648 laboriosum,
1792 3579 2181 3637 declinaveris

523 3664 597 3722 ad
630 3664 711 3729 id,
743 3666 913 3743 quod
938 3667 1272 3739 spatiosum
1305 3675 1410 3737 est,
1454 3670 1692 3725 noveris
1746 3668 1926 3724 finem
1975 3670 2182 3740 hujus-

523 3753 757 3810 cemodi
785 3753 894 3809 viae
942 3771 1071 3810 esse
1102 3757 1300 3828 ignem
1333 3757 1778 3815 inexstinctum.
1831 3761 1889 3813 et
1916 3772 2179 3813 vet-mem

520 3842 929 3915 irrequietum.
962 3845 1104 3900 Ecce
1134 3846 1482 3901 testiﬁcatus
1536 3845 1640 3901 tibi
1668 3862 1823 3916 sum,
1859 3852 1916 3902 et
1946 3845 2179 3902 ostendi

519 3931 675 3987 duas
702 3931 844 3988 istas
872 3932 1016 4002 vias,
1048 3938 1106 3989 et
1147 3937 1453 4007 utriusque
1496 3935 1709 3991 exitus.
1744 3934 2003 3991 Gradere
2032 3948 2179 4007 qua-

521 4035 761 4094 cunque
791 4021 973 4077 voles.
1026 4024 1145 4079 Hoc
1209 4039 1398 4079 unum
1431 4028 1484 4079 te
1521 4024 1800 4093 ignorare
1843 4023 2005 4091 nolo,
2046 4022 2180 4080 licet

521 4110 655 4183 quis
680 4115 922 4166 centum
943 4110 1164 4167 saecula
1183 4110 1243 4167 in
1264 4112 1379 4168 hoc
1409 4111 1637 4168 mundo
1653 4110 1975 4182 afﬂigatur,
2005 4111 2066 4167 id
2095 4118 2178 4168 to-

522 4206 650 4255 tum
679 4198 825 4254 nihil
872 4216 1003 4255 esse
1058 4200 1136 4255 ad
1180 4201 1479 4257 cruciatus
1528 4201 1620 4257 vel
1672 4203 1848 4257 unius
1877 4201 2016 4269 diei,
2071 4204 2177 4274 qui

522 4286 743 4341 suntin
775 4287 1074 4356 gehenna.
1108 4288 1343 4344 Utinam
1372 4304 1510 4344 vero
1542 4290 1717 4345 nobis
1740 4291 2048 4360 contingat
2072 4306 2180 4362 per

524 4373 771 4447 pusillas
852 4374 1281 4444 tribulationes,
1349 4382 1407 4434 et
1472 4378 1804 4434 mediocres
1880 4394 2177 4437 {erumnas

523 4462 948 4536 malorumque
995 4465 1418 4537 perpessiones
1470 4471 1757 4523 aeternam
1797 4467 2064 4523 invenire
2114 4468 2177 4524 in

522 4551 688 4608 caelis
713 4551 1003 4624 requiem,
1055 4553 1247 4622 gratia
1293 4558 1353 4609 et
1394 4554 1764 4612 humanitate
1814 4556 2046 4611 Domini
2078 4556 2176 4613 Dei

523 4647 581 4698 et
601 4641 924 4699 Salvatoris
954 4642 1141 4697 nostri
1182 4644 1320 4700 Jesu
1370 4640 1623 4708 Christi;
1652 4644 1767 4718 ipsi
1797 4643 1989 4716 gloria
2037 4661 2177 4702 cum

524 4735 692 4790 Patre
732 4731 1028 4806 principio
1081 4736 1340 4801 carente,
1385 4736 1442 4789 et
1486 4749 1627 4789 cum
1676 4738 1883 4791 sancto
1926 4739 1984 4790 et
2040 4750 2176 4791 vere

521 4823 861 4881 viviﬁcante
893 4822 1134 4897 Spiritu,
1186 4838 1349 4880 nunc
1374 4826 1436 4879 et
1490 4838 1730 4897 semper
1758 4830 1817 4882 et
1844 4824 1907 4881 in
1955 4824 2178 4883 saecula

522 4913 901 4970 saeculorum.
924 4918 1136 4969 Amen.

1337 5021 1402 5077 ν.

523 5126 598 5183 In
621 5126 816 5183 divini
842 5129 1107 5197 corporis
1126 5129 1370 5185 Domini
1390 5142 1460 5184 ac
1480 5127 1813 5185 Saluatoris
1823 5132 2016 5186 nostri
2036 5131 2182 5189 Iesu

668 5213 900 5275 Christi
925 5218 1319 5289 sepulturam,
1351 5218 1414 5273 in
1449 5216 1545 5274 die
1568 5218 1781 5290 Magni
1803 5218 2070 5277 Sabbau'.

2286 1810 2439 1879 μένου
2464 1825 2547 1858 σοι
2572 1807 2749 1862 ἄκουε.
2778 1808 2873 1858 ,κιά
2894 1812 3070 1872 τοῦτο,
3109 1802 3364 1875 ἆγαπητὶ,
3402 1805 3430 1856 ὀ
3483 1807 3671 1876 καιρὸς
3729 1805 3896 1855 οὑτοσί

2286 1900 2535 1966 νηστιμος
2586 1892 2789 1965 λέγεται
2837 1897 2927 1947 καὶ
3007 1894 3170 1960 ἔστιν,
3254 1892 3340 1945 ἵνα
3406 1900 3689 1965 πεινῶμεν.
3733 1891 3790 1943 Ὀ
3842 1886 3896 1943 δε

2289 1986 2488 2057 φεύγων
2515 1987 2610 2040 τὴν
2658 1990 2833 2035 πεῖναν
2887 1984 3061 2054 φεύγει
3088 1986 3179 2033 καὶ
3225 1986 3322 2040 την
3376 1984 3634 2039 νηστείαν
3691 1987 3777 2033 καὶ
3816 1983 3890 2032 τὸν

2288 2077 2440 2147 κόρον
2469 2068 2783 2145 μεταδιώκει
2805 2092 2818 2104 ·
2848 2074 3001 2143 κόρος
3031 2066 3091 2123 δέ
3124 2075 3213 2123 καὶ
3269 2075 3499 2129 νηστεία
3549 2071 3712 2130 οὕτως
3760 2067 3890 2120 ἐναν-

2289 2166 2395 2226 τία,
2423 2164 2488 2222 ὡς
2514 2156 2659 2233 ὕδωρ
2703 2164 2794 2213 καὶ
2844 2155 2969 2235 πῦρ.
3009 2156 3171 2211 Ὅταν
3229 2155 3291 2212 δι
3347 2164 3561 2230 πεινᾷς,
3598 2156 3888 2231 ἀναλογίζου

2287 2256 2381 2309 τὴν
2418 2258 2511 2303 του
2540 2244 2865 2325 παραδείσου
2899 2250 3123 2323 τρυφὴν,
3173 2250 3263 2300 καὶ
3315 2253 3418 2307 τὴν
3472 2266 3578 2300 των
3635 2245 3738 2299 {ut

2287 2340 2474 2393 λαυσιν
2515 2336 2743 2410 ἀγαθῶν,
2782 2343 2873 2389 καὶ
2919 2342 3013 2395 τὴν
3046 2334 3336 2410 μέλλουσαν
3390 2332 3579 2407 δόξαν,
3638 2340 3727 2388 καί
3766 2336 3886 2386 itm-

2291 2429 2375 2493 ξόν
2413 2448 2508 2482 σου
2529 2432 2586 2481 τὸ
2622 2432 2813 2500 στόμα,
2842 2430 2932 2479 καὶ
2964 2406 3240 2501 πλήρωσον
3292 2424 3555 2499 ᾀσμάτων
3590 2420 3883 2491 Δαυῐδικῶν,

2289 2524 2379 2570 καὶ⁵
2407 2520 2515 2571 εἰπε
2548 2520 2675 2592 πρὸς
2727 2520 2816 2568 τὸν
2848 2517 3080 2592 Χριστὸν
3140 2517 3271 2588 μετὰ
3317 2514 3664 2590 παρῥησίας.
3694 2535 3722 2564 ν
3773 2511 3884 2583 Ἐγὼ

2292 2603 2420 2661 δέὶν
2452 2603 2762 2679 δικαιοσύνη
2816 2604 3112 2677 ὀφθήσομαι
3149 2613 3222 2675 τῷ
3259 2611 3535 2681 προσώπῳ
3591 2622 3707 2671 σου,
3755 2619 3884 2675 χαρ-

2289 2698 2630 2769 τασθησομαι
2690 2693 2739 2747 ἓν
2794 2704 2861 2765 τῷ
2911 2695 3137 2767 ὀφθῆναί
3193 2713 3285 2768 μοι
3339 2699 3441 2754 τὴν
3503 2690 3664 2756 δόξαν
3717 2710 3822 2757 σου,
3856 2713 3881 2737 υ

2290 2788 2412 2839 ὅταν
2474 2785 2627 2855 ἔλθῃς
2690 2787 2819 2856 μετὰ
2851 2782 3008 2856 ἁγίων
3061 2781 3288 2855 ἀγγέλων
3347 2780 3650 2836 ἀποδοῦναι
3695 2778 3877 2849 ἱκὰστῳ

2289 2876 2510 2927 κατὰτὰ
2540 2876 2665 2948 ἔργα
2698 2873 2882 2927 αὐτοῦ.
2916 2870 3202 2945 Κεφάλαιον
3239 2879 3332 2925 τοῦ
3388 2868 3550 2944 λόγου
3572 2893 3584 2904 ·
3624 2870 3715 2924 Διᾶ
3766 2864 3879 2921 πολ-

2287 2963 2388 3016 λῶν
2448 2962 2666 3033 θλίψεων
2722 2957 2804 3014 δεῖ
2851 2964 2986 3033 ἡμᾶς
3044 2959 3288 3017 εἰσελθεῖν
3338 2961 3419 3025 εἰς
3475 2965 3568 3019 τὴν
3625 2956 3876 3032 βασιλείαν

2288 3061 2389 3106 τῶν
2445 3051 2694 3127 οὐρανῶν,
2750 3049 2860 3103 ἐπεὶ
2908 3072 2929 3100 ι
2978 3055 3128 3109 στενὴ
3182 3055 3273 3103 καὶ
3306 3050 3625 3125 τεθλιμμένη
3684 3050 3713 3107 ἡ
3751 3042 3874 3110 ὁδός,

2289 3143 2319 3200 ἡ
2346 3140 2628 3212 ἀπάγουσα
2655 3143 2785 3214 πρὸς
2812 3144 2906 3197 τήν
2935 3138 3096 3204 ζωὴν,
3147 3136 3368 3191 πλατεῖα
3424 3135 3487 3193 δέ
3511 3144 3601 3191 καί
3655 3137 3870 3213 εὐρύχω-

2287 3249 2375 3303 ρος
2404 3231 2434 3287 ἡ
2467 3232 2697 3303 φέρουσα
2740 3227 2813 3289 εἰς
2873 3228 2967 3285 τὴν
3012 3225 3287 3281 ἀπώλειαν.
3331 3248 3363 3278 ››
3408 3224 3528 3282 Ἐὰν
3574 3224 3717 3296 θέλῃς
3767 3238 3872 3273 κατ·

2289 3324 2515 3376 αντῆσαι
2568 3319 2635 3377 εἰς
2689 3319 2785 3374 τὴν
2839 3317 3042 3367 αἰώνιον
3094 3314 3255 3377 ζωὴν,
3326 3311 3624 3378 κατάδεξαι
3661 3316 3723 3365 τὰ
3778 3309 3868 3362 θλι-

2290 3404 2414 3480 ϐερά
2460 3409 2551 3458 καὶ
2577 3404 2840 3457 λυποῦντα
2885 3408 2980 3462 τὴν
3020 3406 3304 3462 αἴσθησινο
3344 3403 3640 3476 ἀλλαχόθεν
3684 3401 3775 3474 γὰρ
3815 3397 3873 3456 εἰς

2288 3498 2483 3553 ταύτην
2542 3493 2885 3566 ὶπενεχθῆναι
2946 3489 3224 3548 ἀδύνατον.
3286 3493 3416 3549 Ἐὰν
3474 3490 3535 3546 δε
3585 3494 3770 3565 pri/ur
3820 3488 3867 3537 τό

2288 3587 2465 3659 τραχύ
2495 3588 2585 3636 καὶ
2619 3582 2857 3636 ἰπίπονον
2890 3585 3020 3658 πρὸς
3053 3586 3147 3641 τὴν
3183 3581 3492 3659 εὐρύχωρον
3546 3578 3861 3654 παρανεῦῃςν

2286 3678 2528 3744 γίνωσκε,
2559 3674 2724 3724 ὅτιτὸ
2761 3670 2903 3734 τέλος
2956 3680 3050 3733 τῆς
3095 3674 3345 3733 τοιαύτης
3398 3668 3531 3725 ὀδοῦ
3586 3674 3686 3743 πῦρ
3744 3663 3865 3715 ἔστιν

2288 3759 2569 3829 ἄσϐεστον,
2644 3765 2735 3813 καὶ
2810 3757 3019 3823 σκώληξ
3067 3757 3378 3832 ἀκοίμητος.
3424 3755 3567 3812 Ἰδοὺ
3607 3752 3863 3827 διεμαρτυο

2287 3851 2454 3923 ράμην
2515 3853 2601 3902 καὶ
2638 3844 2886 3910 ὑπέδειξα
2941 3867 3026 3900 σοι
3068 3850 3161 3909 τὰς
3213 3844 3312 3900 δύο
3350 3844 3531 3913 ὁδούς,
3569 3850 3657 3897 καὶ
3690 3843 3752 3896 τὰ

2289 3920 2512 4011 ροτέρων
2557 3941 2961 4010 καταντὴματα·
3024 3936 3087 3996 ἣν
3122 3935 3183 3990 ἂν
3234 3935 3383 4010 θελῃς
3439 3932 3651 4011 βάδιζε.
3698 3926 3778 3983 Ἕν
3811 3920 3862 3977 δί

2288 4036 2440 4080 τοῦτο
2469 4026 2594 4080 θελω
2633 4022 2825 4079 εἰδέναι
2852 4045 2931 4095 σε,
2979 4027 3061 4079 ὃτι
3103 4025 3199 4078 κᾶν
3234 4025 3384 4089 ὅλους
3438 4026 3618 4079 ἑκατὸν
3662 4022 3860 4094 χρόνους

2287 4117 2635 4188 κακοπαθήσῃ
2677 4134 2754 4176 τις
2780 4112 2830 4166 ἓν
2858 4123 2931 4185 τῷ
2963 4120 3147 4187 κόσμῳ
3180 4116 3366 4186 τούτῳ,
3407 4110 3559 4168 οὐδέν
3593 4110 3703 4164 ἔστι
3746 4105 3858 4177 πρὸς

2287 4212 2407 4279 μίαν
2432 4207 2632 4277 ἡμέραν
2674 4210 2765 4256 τοῦ
2816 4201 2866 4256 ἄν
2899 4210 2962 4276 τῇ
3022 4207 3198 4277 γεέννῃ
3263 4201 3626 4276 βασανισμοῦ.
3680 4198 3857 4250 Γένειτο

2288 4290 2348 4348 δὲ
2384 4296 2505 4368 ἡμῖν
2555 4296 2645 4345 καὶ
2699 4289 2792 4346 διὰ
2835 4300 3033 4369 μικρῶν
3086 4312 3235 4345 τινων
3287 4290 3509 4364 θλίψεων
3541 4294 3629 4341 καὶ
3672 4284 3856 4358 μετρίας

2283 4393 2377 4447 τῆς
2429 4386 2721 4455 κακουχίας
2775 4381 2986 4434 αἰωνίαν
3045 4382 3289 4454 εὑρέσθαι
3338 4379 3629 4434 ἀνάπαυσιν
3677 4371 3723 4427 ἓν
3762 4372 3856 4427 τοῖς

2285 4473 2519 4548 οὐρανοῖς
2592 4472 2779 4545 χάριτι
2836 4474 2929 4523 καί
2989 4468 3346 4545 γιλανθρωπίᾳ
3404 4476 3499 4525 τοῦ
3548 4468 3735 4540 Κυρίου

2284 4543 2421 4614 ϐίου
2473 4564 2564 4613 καὶ
2611 4543 2844 4635 Σὼτῆρος
2894 4560 3043 4632 ἡμῶν
3095 4543 3274 4617 Ἰησοῦ
3334 4562 3601 4632 Χριστοῦ·
3648 4549 3777 4618 αὐτῷ
3808 4543 3847 4635 ,ἦ

2285 4645 2419 4713 δόξα
2445 4650 2539 4703 σὺν
2564 4656 2635 4722 τῷ
2694 4646 2909 4723 ἄνάρχῳ
2964 4646 3125 4700 αὐτοῦ
3182 4651 3351 4724 Πατρὶ
3378 4651 3469 4700 καὶ
3519 4651 3590 4716 τῷ
3639 4634 3847 4729 παναγῆεο

2283 4744 2375 4792 καὶ
2424 4737 2629 4800 ἀληθῶς
2668 4737 2907 4810 ξωοποιῷ
2950 4739 3213 4810 Πνεύματι
3245 4744 3333 4789 νῦν
3366 4740 3457 4790 καὶ
3506 4732 3604 4802 ἀεὶ,
3651 4729 3735 4780 καὶ
3785 4737 3847 4779 εις

2282 4832 2407 4889 τοὺς
2425 4826 2612 4887 αἰῶνας
2634 4833 2734 4898 τῷν
2770 4825 2987 4897 αἰῳνων.
3023 4824 3208 4898 Ἀμήν.

3014 4947 3085 5004 Ε’.

2288 5076 2373 5139 Εἰς
2447 5081 2541 5137 τὴν
2597 5076 2858 5199 θεόσωῖιον
2937 5076 3104 5147 ταφὴν
3150 5080 3242 5127 τοῦ
3297 5076 3492 5151 Κυρίου
3561 5069 3646 5155 fill
3694 5060 3840 5138 Σὲδῖῆζ

2361 5166 2444 5199 oo:
2507 5150 2653 5199 ἡυῶν
2736 5146 2916 5199 ἠσοῦ
2987 5152 3224 5199 Χριστοῦ
3297 5147 3346 5198 ἓν
3431 5150 3491 5199 τῆ
3553 5138 3711 5199 ημέρει
3761 5143 3839 5179 τον

2358 5128 2653 5223 ἓοςῆῂμῶν
2710 5128 2916 5223 jacet)
2987 5128 3224 5220 Ὶξριστοῦ
3297 5128 3386 5198 ἐν’
3431 5150 3491 5218 τῇ
3553 5128 3839 5211 ἡμέρα-τοῦ

2361 5216 2600 5293 Μεγάλου
2628 5216 2915 5272 Σαϐϐάτου.

1247 5395 1477 5465 (Exstat
1497 5393 1651 5453 inter
1685 5394 1969 5454 homilias
1992 5399 2177 5455 Germ:

2296 5400 2342 5469 ι,
2367 5396 2717 5471 ριηοιοείω
2742 5401 2891 5456 tom.
2920 5394 3157 5466 κονίη,
3182 5394 3299 5455 col.
3328 5393 3477 5467 an).

590 5558 618 5597 ⁸
646 5555 803 5616 Paul.
826 5572 949 5630 xw,
984 5560 1070 5614 is.
1096 5557 1146 5595 ⁵⁸
1174 5555 1377 5617 Matth.
1395 5572 1497 5614 vu.
1531 5559 1619 5615 14.
