  <div class='ocr_page' id='page_1' title='image "/cluster/home/n/w/nwhite01/storage/ocr_20150623/140/hvd.32044073502551/370.png"; bbox 0 0 4096 6208; ppageno 0'>
   <div class='ocr_carea' id='block_1_1' title="bbox 259 203 2536 284">
    <p class='ocr_par' dir='ltr' id='par_1_1' title="bbox 259 203 2536 284">
     <span class='ocr_line' id='line_1_1' title="bbox 259 203 2536 284; baseline -0.005 0"><span class='ocrx_word' id='word_1_1' title='bbox 259 231 371 284; x_wconf 81' lang='grc'>677</span> <span class='ocrx_word' id='word_1_2' title='bbox 848 203 857 207; x_wconf 59' lang='grc'><em>“</em></span> <span class='ocrx_word' id='word_1_3' title='bbox 1396 203 1465 280; x_wconf 81' lang='lat' dir='ltr'>i’N</span> <span class='ocrx_word' id='word_1_4' title='bbox 1507 217 2129 278; x_wconf 77' lang='lat' dir='ltr'>ANNUNTIATIONEM</span> <span class='ocrx_word' id='word_1_5' title='bbox 2169 223 2230 278; x_wconf 73' lang='grc' dir='ltr'><strong>η.</strong></span> <span class='ocrx_word' id='word_1_6' title='bbox 2269 215 2536 277; x_wconf 61' lang='lat' dir='ltr'>mmm-</span> 
     </span>
    </p>
   </div>
   <div class='ocr_carea' id='block_1_2' title="bbox 1807 344 2142 402">
    <p class='ocr_par' dir='ltr' id='par_1_2' title="bbox 1807 344 2142 402">
     <span class='ocr_line' id='line_1_2' title="bbox 1807 344 2142 402; baseline -0.006 -2"><span class='ocrx_word' id='word_1_7' title='bbox 1807 344 2142 402; x_wconf 80' lang='lat' dir='ltr'>MONITUM.</span> 
     </span>
    </p>
   </div>
   <div class='ocr_carea' id='block_1_3' title="bbox 3529 227 3635 280">
    <p class='ocr_par' dir='ltr' id='par_1_3' title="bbox 3529 227 3635 280">
     <span class='ocr_line' id='line_1_3' title="bbox 3529 227 3635 280; baseline 0 0"><span class='ocrx_word' id='word_1_8' title='bbox 3529 227 3635 280; x_wconf 85' lang='lat'>678</span> 
     </span>
    </p>
   </div>
   <div class='ocr_carea' id='block_1_4' title="bbox 339 485 3640 564">
    <p class='ocr_par' dir='ltr' id='par_1_4' title="bbox 339 485 3640 564">
     <span class='ocr_line' id='line_1_4' title="bbox 339 485 3640 564; baseline -0.001 -15"><span class='ocrx_word' id='word_1_9' title='bbox 339 495 692 550; x_wconf 85' lang='lat' dir='ltr'>Sermonem</span> <span class='ocrx_word' id='word_1_10' title='bbox 727 494 1074 564; x_wconf 70' lang='lat' dir='ltr'>sequentem</span> <span class='ocrx_word' id='word_1_11' title='bbox 1105 506 1135 544; x_wconf 91' lang='lat' dir='ltr'>e</span> <span class='ocrx_word' id='word_1_12' title='bbox 1160 487 1595 545; x_wconf 84' lang='lat' dir='ltr'>Mouachiensis</span> <span class='ocrx_word' id='word_1_13' title='bbox 1629 485 2002 542; x_wconf 69' lang='lat' dir='ltr'>bibliotheca:</span> <span class='ocrx_word' id='word_1_14' title='bbox 2025 485 2228 540; x_wconf 90' lang='lat' dir='ltr'>codice</span> <span class='ocrx_word' id='word_1_15' title='bbox 2251 485 2481 556; x_wconf 86' lang='lat' dir='ltr'>primus</span> <span class='ocrx_word' id='word_1_16' title='bbox 2506 487 2701 541; x_wconf 79' lang='lat' dir='ltr'>Graece</span> <span class='ocrx_word' id='word_1_17' title='bbox 2723 486 2908 542; x_wconf 82' lang='lat' dir='ltr'>edidit</span> <span class='ocrx_word' id='word_1_18' title='bbox 2933 503 3214 560; x_wconf 88' lang='lat' dir='ltr'>novaque</span> <span class='ocrx_word' id='word_1_19' title='bbox 3235 488 3511 546; x_wconf 82' lang='lat' dir='ltr'>versione</span> <span class='ocrx_word' id='word_1_20' title='bbox 3532 490 3640 547; x_wconf 91' lang='lat' dir='ltr'>do-</span> 
     </span>
    </p>
   </div>
   <div class='ocr_carea' id='block_1_5' title="bbox 263 575 3641 650">
    <p class='ocr_par' dir='ltr' id='par_1_5' title="bbox 263 575 3641 650">
     <span class='ocr_line' id='line_1_5' title="bbox 263 575 3641 650; baseline -0.001 -11"><span class='ocrx_word' id='word_1_21' title='bbox 263 582 434 639; x_wconf 80' lang='lat' dir='ltr'>navit</span> <span class='ocrx_word' id='word_1_22' title='bbox 456 586 592 638; x_wconf 81' lang='lat' dir='ltr'>Ant.</span> <span class='ocrx_word' id='word_1_23' title='bbox 615 580 909 646; x_wconf 86' lang='lat' dir='ltr'>Ballerini,</span> <span class='ocrx_word' id='word_1_24' title='bbox 927 581 980 635; x_wconf 94' lang='lat' dir='ltr'>S.</span> <span class='ocrx_word' id='word_1_25' title='bbox 1004 581 1077 643; x_wconf 86' lang='lat' dir='ltr'>.l.,</span> <span class='ocrx_word' id='word_1_26' title='bbox 1100 579 1158 632; x_wconf 90' lang='lat' dir='ltr'>in</span> <span class='ocrx_word' id='word_1_27' title='bbox 1181 593 1361 650; x_wconf 81' lang='lat' dir='ltr'><strong>Opere</strong></span> <span class='ocrx_word' id='word_1_28' title='bbox 1379 575 1720 632; x_wconf 84' lang='lat' dir='ltr'>cuititulus:</span> <span class='ocrx_word' id='word_1_29' title='bbox 1746 575 1994 644; x_wconf 77' lang='lat' dir='ltr'>Sylloge</span> <span class='ocrx_word' id='word_1_30' title='bbox 2016 581 2531 629; x_wconf 82' lang='lat' dir='ltr'>monumentorum</span> <span class='ocrx_word' id='word_1_31' title='bbox 2555 575 2635 629; x_wconf 80' lang='lat' dir='ltr'>ad</span> <span class='ocrx_word' id='word_1_32' title='bbox 2656 577 2998 645; x_wconf 80' lang='lat' dir='ltr'>mysterium</span> <span class='ocrx_word' id='word_1_33' title='bbox 3019 579 3418 646; x_wconf 80' lang='lat' dir='ltr'>conceptionis</span> <span class='ocrx_word' id='word_1_34' title='bbox 3433 586 3641 637; x_wconf 84' lang='lat' dir='ltr'>imma-</span> 
     </span>
    </p>
   </div>
   <div class='ocr_carea' id='block_1_6' title="bbox 268 663 3642 739">
    <p class='ocr_par' dir='ltr' id='par_1_6' title="bbox 268 663 3642 739">
     <span class='ocr_line' id='line_1_6' title="bbox 268 663 3642 739; baseline -0.001 -13"><span class='ocrx_word' id='word_1_35' title='bbox 268 673 493 727; x_wconf 66' lang='lat' dir='ltr'>culata:</span> <span class='ocrx_word' id='word_1_36' title='bbox 535 671 798 739; x_wconf 76' lang='lat' dir='ltr'>Virginis</span> <span class='ocrx_word' id='word_1_37' title='bbox 830 671 1100 737; x_wconf 67' lang='lat' dir='ltr'>Deiparze</span> <span class='ocrx_word' id='word_1_38' title='bbox 1121 667 1581 722; x_wconf 78' lang='lat' dir='ltr'>illustrandum.</span> <span class='ocrx_word' id='word_1_39' title='bbox 1609 667 1809 720; x_wconf 60' lang='lat' dir='ltr'>Romae</span> <span class='ocrx_word' id='word_1_40' title='bbox 1837 663 1992 717; x_wconf 73' lang='lat'>1856.</span> <span class='ocrx_word' id='word_1_41' title='bbox 2021 665 2186 718; x_wconf 89' lang='lat' dir='ltr'>Tom.</span> <span class='ocrx_word' id='word_1_42' title='bbox 2218 663 2279 727; x_wconf 93' lang='lat' dir='ltr'>ll,</span> <span class='ocrx_word' id='word_1_43' title='bbox 2300 678 2437 734; x_wconf 81' lang='lat' dir='ltr'>pag.</span> <span class='ocrx_word' id='word_1_44' title='bbox 2461 667 2584 718; x_wconf 79' lang='lat'>293.</span> <span class='ocrx_word' id='word_1_45' title='bbox 2631 666 2690 718; x_wconf 90' lang='lat' dir='ltr'>In</span> <span class='ocrx_word' id='word_1_46' title='bbox 2731 664 3098 734; x_wconf 76' lang='lat' dir='ltr'>prmtatione,</span> <span class='ocrx_word' id='word_1_47' title='bbox 3123 682 3311 737; x_wconf 89' lang='lat' dir='ltr'>quam</span> <span class='ocrx_word' id='word_1_48' title='bbox 3343 667 3533 722; x_wconf 80' lang='lat' dir='ltr'>editor</span> <span class='ocrx_word' id='word_1_49' title='bbox 3555 668 3642 723; x_wconf 92' lang='lat' dir='ltr'>in-</span> 
     </span>
    </p>
   </div>
   <div class='ocr_carea' id='block_1_7' title="bbox 269 751 3642 824">
    <p class='ocr_par' dir='ltr' id='par_1_7' title="bbox 269 751 3642 824">
     <span class='ocr_line' id='line_1_7' title="bbox 269 751 3642 824; baseline -0 -10"><span class='ocrx_word' id='word_1_50' title='bbox 269 760 482 816; x_wconf 82' lang='lat' dir='ltr'>scribit</span> <span class='ocrx_word' id='word_1_51' title='bbox 498 761 581 814; x_wconf 90' lang='lat' dir='ltr'>De</span> <span class='ocrx_word' id='word_1_52' title='bbox 593 759 879 814; x_wconf 86' lang='lat' dir='ltr'>Germani</span> <span class='ocrx_word' id='word_1_53' title='bbox 893 757 1151 812; x_wconf 82' lang='lat' dir='ltr'>homiliis</span> <span class='ocrx_word' id='word_1_54' title='bbox 1163 755 1226 809; x_wconf 86' lang='lat' dir='ltr'>in</span> <span class='ocrx_word' id='word_1_55' title='bbox 1243 753 1571 822; x_wconf 73' lang='lat' dir='ltr'>DelparaeA</span> <span class='ocrx_word' id='word_1_56' title='bbox 1583 753 2086 816; x_wconf 80' lang='lat' dir='ltr'>nnuntiationem,</span> <span class='ocrx_word' id='word_1_57' title='bbox 2103 768 2172 806; x_wconf 92' lang='lat' dir='ltr'>ac</span> <span class='ocrx_word' id='word_1_58' title='bbox 2186 751 2359 806; x_wconf 81' lang='lat' dir='ltr'>veluti</span> <span class='ocrx_word' id='word_1_59' title='bbox 2375 753 2770 823; x_wconf 87' lang='lat' dir='ltr'>appendicem</span> <span class='ocrx_word' id='word_1_60' title='bbox 2786 752 3260 824; x_wconf 71' lang='lat' dir='ltr'>praebetalterius</span> <span class='ocrx_word' id='word_1_61' title='bbox 3275 755 3642 814; x_wconf 80' lang='lat' dir='ltr'>Dissertatio-</span> 
     </span>
    </p>
   </div>
   <div class='ocr_carea' id='block_1_8' title="bbox 269 839 3642 918">
    <p class='ocr_par' dir='ltr' id='par_1_8' title="bbox 269 839 3642 918">
     <span class='ocr_line' id='line_1_8' title="bbox 269 839 3642 918; baseline -0.001 -14"><span class='ocrx_word' id='word_1_62' title='bbox 269 850 368 904; x_wconf 87' lang='lat' dir='ltr'>nis</span> <span class='ocrx_word' id='word_1_63' title='bbox 391 849 478 904; x_wconf 88' lang='lat' dir='ltr'>De</span> <span class='ocrx_word' id='word_1_64' title='bbox 516 847 804 904; x_wconf 79' lang='lat' dir='ltr'>Germani</span> <span class='ocrx_word' id='word_1_65' title='bbox 849 846 1106 901; x_wconf 75' lang='lat' dir='ltr'>homilizs</span> <span class='ocrx_word' id='word_1_66' title='bbox 1129 847 1192 899; x_wconf 85' lang='lat' dir='ltr'>in</span> <span class='ocrx_word' id='word_1_67' title='bbox 1213 843 1316 899; x_wconf 88' lang='lat' dir='ltr'>SS.</span> <span class='ocrx_word' id='word_1_68' title='bbox 1341 844 1682 910; x_wconf 85' lang='lat' dir='ltr'>Deiparam,</span> <span class='ocrx_word' id='word_1_69' title='bbox 1709 839 1962 896; x_wconf 83' lang='lat' dir='ltr'>orationi</span> <span class='ocrx_word' id='word_1_70' title='bbox 1982 842 2043 893; x_wconf 92' lang='lat' dir='ltr'>in</span> <span class='ocrx_word' id='word_1_71' title='bbox 2067 841 2590 895; x_wconf 73' lang='lat' dir='ltr'>Praesentationem</span> <span class='ocrx_word' id='word_1_72' title='bbox 2615 840 2892 911; x_wconf 57' lang='lat' dir='ltr'>praefixas,</span> <span class='ocrx_word' id='word_1_73' title='bbox 2919 842 3158 910; x_wconf 85' lang='lat' dir='ltr'>evincit,</span> <span class='ocrx_word' id='word_1_74' title='bbox 3183 858 3214 897; x_wconf 92' lang='lat' dir='ltr'>e</span> <span class='ocrx_word' id='word_1_75' title='bbox 3240 843 3483 900; x_wconf 89' lang='lat' dir='ltr'>duabus</span> <span class='ocrx_word' id='word_1_76' title='bbox 3506 861 3642 918; x_wconf 65' lang='lat' dir='ltr'>quae</span> 
     </span>
    </p>
   </div>
   <div class='ocr_carea' id='block_1_9' title="bbox 269 927 3640 1008">
    <p class='ocr_par' dir='ltr' id='par_1_9' title="bbox 269 927 3640 1008">
     <span class='ocr_line' id='line_1_9' title="bbox 269 927 3640 1008; baseline -0.001 -16"><span class='ocrx_word' id='word_1_77' title='bbox 269 937 458 1008; x_wconf 86' lang='lat' dir='ltr'>hujus</span> <span class='ocrx_word' id='word_1_78' title='bbox 489 935 828 1006; x_wconf 82' lang='lat' dir='ltr'>argumenti</span> <span class='ocrx_word' id='word_1_79' title='bbox 858 932 1148 999; x_wconf 90' lang='lat' dir='ltr'>feruntur,</span> <span class='ocrx_word' id='word_1_80' title='bbox 1183 932 1461 988; x_wconf 80' lang='lat' dir='ltr'>Germani</span> <span class='ocrx_word' id='word_1_81' title='bbox 1493 929 1774 994; x_wconf 90' lang='lat' dir='ltr'>homiliis,</span> <span class='ocrx_word' id='word_1_82' title='bbox 1810 928 2059 983; x_wconf 87' lang='lat' dir='ltr'>alteram</span> <span class='ocrx_word' id='word_1_83' title='bbox 2091 927 2361 999; x_wconf 88' lang='lat' dir='ltr'>quidem.</span> <span class='ocrx_word' id='word_1_84' title='bbox 2390 944 2426 983; x_wconf 85' lang='lat' dir='ltr'>a</span> <span class='ocrx_word' id='word_1_85' title='bbox 2460 927 2819 983; x_wconf 86' lang='lat' dir='ltr'>Combefisio</span> <span class='ocrx_word' id='word_1_86' title='bbox 2849 931 3046 985; x_wconf 72' lang='lat' dir='ltr'>Grmce</span> <span class='ocrx_word' id='word_1_87' title='bbox 3080 937 3137 986; x_wconf 93' lang='lat' dir='ltr'>et</span> <span class='ocrx_word' id='word_1_88' title='bbox 3171 931 3369 986; x_wconf 85' lang='lat' dir='ltr'>Latine</span> <span class='ocrx_word' id='word_1_89' title='bbox 3395 932 3640 1000; x_wconf 81' lang='lat' dir='ltr'>editam,</span> 
     </span>
    </p>
   </div>
   <div class='ocr_carea' id='block_1_10' title="bbox 271 1018 3643 1093">
    <p class='ocr_par' dir='ltr' id='par_1_10' title="bbox 271 1018 3643 1093">
     <span class='ocr_line' id='line_1_10' title="bbox 271 1018 3643 1093; baseline -0.001 -13"><span class='ocrx_word' id='word_1_90' title='bbox 271 1025 526 1080; x_wconf 87' lang='lat' dir='ltr'>senioris</span> <span class='ocrx_word' id='word_1_91' title='bbox 543 1040 676 1078; x_wconf 89' lang='lat' dir='ltr'>esse</span> <span class='ocrx_word' id='word_1_92' title='bbox 706 1021 980 1077; x_wconf 88' lang='lat' dir='ltr'>Germani</span> <span class='ocrx_word' id='word_1_93' title='bbox 998 1021 1195 1088; x_wconf 84' lang='lat' dir='ltr'>(Patr.</span> <span class='ocrx_word' id='word_1_94' title='bbox 1225 1027 1265 1075; x_wconf 88' lang='lat' dir='ltr'>t.</span> <span class='ocrx_word' id='word_1_95' title='bbox 1296 1021 1392 1076; x_wconf 89' lang='lat' dir='ltr'>XC</span> <span class='ocrx_word' id='word_1_96' title='bbox 1412 1019 1570 1086; x_wconf 84' lang='lat' dir='ltr'><em>VIII,</em></span> <span class='ocrx_word' id='word_1_97' title='bbox 1598 1019 1714 1074; x_wconf 87' lang='lat' dir='ltr'>col.</span> <span class='ocrx_word' id='word_1_98' title='bbox 1738 1020 1866 1082; x_wconf 80' lang='lat' dir='ltr'>3t9)</span> <span class='ocrx_word' id='word_1_99' title='bbox 1888 1037 1910 1080; x_wconf 86' lang='lat'><em>;</em></span> <span class='ocrx_word' id='word_1_100' title='bbox 1927 1022 2282 1088; x_wconf 64' lang='lat' dir='ltr'>praesentem</span> <span class='ocrx_word' id='word_1_101' title='bbox 2299 1032 2440 1071; x_wconf 86' lang='lat' dir='ltr'>vero</span> <span class='ocrx_word' id='word_1_102' title='bbox 2462 1018 2802 1072; x_wconf 81' lang='lat' dir='ltr'>recentioris</span> <span class='ocrx_word' id='word_1_103' title='bbox 2820 1034 2952 1073; x_wconf 87' lang='lat' dir='ltr'>esse</span> <span class='ocrx_word' id='word_1_104' title='bbox 2982 1020 3260 1076; x_wconf 85' lang='lat' dir='ltr'>Germani</span> <span class='ocrx_word' id='word_1_105' title='bbox 3285 1023 3348 1091; x_wconf 88' lang='lat' dir='ltr'>ll,</span> <span class='ocrx_word' id='word_1_106' title='bbox 3375 1022 3480 1093; x_wconf 86' lang='lat' dir='ltr'><strong>qui</strong></span> <span class='ocrx_word' id='word_1_107' title='bbox 3509 1023 3643 1078; x_wconf 89' lang='lat' dir='ltr'>titu-</span> 
     </span>
    </p>
   </div>
   <div class='ocr_carea' id='block_1_11' title="bbox 270 1105 3648 1183">
    <p class='ocr_par' dir='ltr' id='par_1_11' title="bbox 270 1105 3648 1183">
     <span class='ocr_line' id='line_1_11' title="bbox 270 1105 3648 1183; baseline -0 -15"><span class='ocrx_word' id='word_1_108' title='bbox 270 1114 401 1170; x_wconf 87' lang='lat' dir='ltr'>lum</span> <span class='ocrx_word' id='word_1_109' title='bbox 423 1109 1066 1183; x_wconf 86' lang='lat' dir='ltr'>Constantinopolitani</span> <span class='ocrx_word' id='word_1_110' title='bbox 1085 1108 1349 1182; x_wconf 89' lang='lat' dir='ltr'>episcopi</span> <span class='ocrx_word' id='word_1_111' title='bbox 1374 1113 1580 1164; x_wconf 90' lang='lat' dir='ltr'>tenens</span> <span class='ocrx_word' id='word_1_112' title='bbox 1601 1105 1662 1162; x_wconf 93' lang='lat' dir='ltr'>in</span> <span class='ocrx_word' id='word_1_113' title='bbox 1685 1105 1832 1160; x_wconf 87' lang='lat' dir='ltr'>urbe</span> <span class='ocrx_word' id='word_1_114' title='bbox 1853 1106 2089 1160; x_wconf 69' lang='lat' dir='ltr'>Nicaana</span> <span class='ocrx_word' id='word_1_115' title='bbox 2112 1105 2318 1161; x_wconf 90' lang='lat' dir='ltr'>sedem</span> <span class='ocrx_word' id='word_1_116' title='bbox 2343 1105 2569 1175; x_wconf 79' lang='lat' dir='ltr'>habuit,</span> <span class='ocrx_word' id='word_1_117' title='bbox 2591 1122 2713 1178; x_wconf 92' lang='lat' dir='ltr'>quo</span> <span class='ocrx_word' id='word_1_118' title='bbox 2735 1112 3000 1180; x_wconf 87' lang='lat' dir='ltr'>tempore</span> <span class='ocrx_word' id='word_1_119' title='bbox 3020 1109 3161 1164; x_wconf 83' lang='lat' dir='ltr'>urbs</span> <span class='ocrx_word' id='word_1_120' title='bbox 3179 1110 3345 1180; x_wconf 87' lang='lat' dir='ltr'>regia</span> <span class='ocrx_word' id='word_1_121' title='bbox 3363 1111 3648 1167; x_wconf 70' lang='lat' dir='ltr'>Constan-</span> 
     </span>
    </p>
   </div>
   <div class='ocr_carea' id='block_1_12' title="bbox 273 1199 1336 1273">
    <p class='ocr_par' dir='ltr' id='par_1_12' title="bbox 273 1199 1336 1273">
     <span class='ocr_line' id='line_1_12' title="bbox 273 1199 1336 1273; baseline -0.006 -15"><span class='ocrx_word' id='word_1_122' title='bbox 273 1201 561 1273; x_wconf 88' lang='lat' dir='ltr'>tinopolis</span> <span class='ocrx_word' id='word_1_123' title='bbox 585 1217 622 1256; x_wconf 89' lang='lat' dir='ltr'>a</span> <span class='ocrx_word' id='word_1_124' title='bbox 645 1199 863 1256; x_wconf 84' lang='lat' dir='ltr'>Latinis</span> <span class='ocrx_word' id='word_1_125' title='bbox 897 1199 1336 1270; x_wconf 87' lang='lat' dir='ltr'>occupabatur.</span> 
     </span>
    </p>
   </div>
   <div class='ocr_carea' id='block_1_13' title="bbox 1032 1321 2830 1386">
    <p class='ocr_par' dir='ltr' id='par_1_13' title="bbox 1032 1321 2830 1386">
     <span class='ocr_line' id='line_1_13' title="bbox 1032 1321 2830 1386; baseline 0 -8"><span class='ocrx_word' id='word_1_126' title='bbox 1032 1321 1098 1386; x_wconf 77' lang='grc' dir='ltr'>ς’.</span> <span class='ocrx_word' id='word_1_127' title='bbox 1919 1326 1965 1370; x_wconf 78' lang='grc' dir='ltr'><strong>Α</strong></span> <span class='ocrx_word' id='word_1_128' title='bbox 2741 1321 2830 1378; x_wconf 85' lang='grc' dir='ltr'>νι.</span> 
     </span>
    </p>
   </div>
   <div class='ocr_carea' id='block_1_14' title="bbox 754 1427 1919 1500">
    <p class='ocr_par' dir='ltr' id='par_1_14' title="bbox 754 1427 1410 1500">
     <span class='ocr_line' id='line_1_14' title="bbox 754 1427 1410 1500; baseline -0.002 -17"><span class='ocrx_word' id='word_1_129' title='bbox 754 1430 838 1492; x_wconf 82' lang='grc' dir='ltr'>Εἰς</span> <span class='ocrx_word' id='word_1_130' title='bbox 878 1433 964 1482; x_wconf 89' lang='grc' dir='ltr'>τὸν</span> <span class='ocrx_word' id='word_1_131' title='bbox 1004 1427 1410 1500; x_wconf 71' lang='grc' dir='ltr'>Εὐάγγελισμον.</span> 
     </span>
    </p>
   </div>
   <div class='ocr_carea' id='block_1_15' title="bbox 2036 1427 3203 1500">
    <p class='ocr_par' dir='ltr' id='par_1_15' title="bbox 2535 1427 3203 1486">
     <span class='ocr_line' id='line_1_15' title="bbox 2535 1427 3203 1486; baseline 0.01 -7"><span class='ocrx_word' id='word_1_132' title='bbox 2535 1427 2606 1480; x_wconf 86' lang='lat' dir='ltr'>In</span> <span class='ocrx_word' id='word_1_133' title='bbox 2639 1427 3203 1486; x_wconf 84' lang='lat' dir='ltr'>Annuntialionem.</span> 
     </span>
    </p>
   </div>
   <div class='ocr_carea' id='block_1_16' title="bbox 2077 1530 3650 1609">
    <p class='ocr_par' dir='ltr' id='par_1_16' title="bbox 2077 1530 3650 1609">
     <span class='ocr_line' id='line_1_16' title="bbox 2077 1530 3650 1609; baseline 0.008 -25"><span class='ocrx_word' id='word_1_134' title='bbox 2077 1535 2117 1584; x_wconf 95' lang='lat' dir='ltr'>l.</span> <span class='ocrx_word' id='word_1_135' title='bbox 2130 1530 2324 1600; x_wconf 86' lang='lat' dir='ltr'>Super</span> <span class='ocrx_word' id='word_1_136' title='bbox 2339 1537 2590 1586; x_wconf 81' lang='lat' dir='ltr'>montem</span> <span class='ocrx_word' id='word_1_137' title='bbox 2611 1535 2908 1589; x_wconf 73' lang='lat' dir='ltr'>excelsum</span> <span class='ocrx_word' id='word_1_138' title='bbox 2927 1537 3190 1607; x_wconf 85' lang='lat' dir='ltr'>ascende,</span> <span class='ocrx_word' id='word_1_139' title='bbox 3209 1544 3271 1592; x_wconf 85' lang='lat' dir='ltr'>lu</span> <span class='ocrx_word' id='word_1_140' title='bbox 3287 1539 3390 1608; x_wconf 83' lang='lat' dir='ltr'>qui</span> <span class='ocrx_word' id='word_1_141' title='bbox 3401 1553 3650 1609; x_wconf 79' lang='lat' dir='ltr'>evange-</span> 
     </span>
    </p>
   </div>
   <div class='ocr_carea' id='block_1_17' title="bbox 2007 1620 3656 1699">
    <p class='ocr_par' dir='ltr' id='par_1_17' title="bbox 2007 1620 3656 1699">
     <span class='ocr_line' id='line_1_17' title="bbox 2007 1620 3656 1699; baseline 0.005 -24"><span class='ocrx_word' id='word_1_142' title='bbox 2007 1621 2151 1676; x_wconf 83' lang='lat' dir='ltr'>lizas</span> <span class='ocrx_word' id='word_1_143' title='bbox 2179 1620 2350 1687; x_wconf 84' lang='lat' dir='ltr'>Sion;</span> <span class='ocrx_word' id='word_1_144' title='bbox 2378 1623 2583 1676; x_wconf 70' lang='lat' dir='ltr'>exaltu</span> <span class='ocrx_word' id='word_1_145' title='bbox 2614 1623 2677 1676; x_wconf 85' lang='lat' dir='ltr'>in</span> <span class='ocrx_word' id='word_1_146' title='bbox 2709 1624 3072 1691; x_wconf 79' lang='lat' dir='ltr'>fortitudine</span> <span class='ocrx_word' id='word_1_147' title='bbox 3104 1642 3300 1682; x_wconf 82' lang='lat' dir='ltr'>vocem</span> <span class='ocrx_word' id='word_1_148' title='bbox 3333 1634 3518 1694; x_wconf 83' lang='lat' dir='ltr'>tuam,</span> <span class='ocrx_word' id='word_1_149' title='bbox 3550 1629 3656 1699; x_wconf 81' lang='lat' dir='ltr'>qui</span> 
     </span>
    </p>
   </div>
   <div class='ocr_carea' id='block_1_18' title="bbox 2004 1711 3656 1788">
    <p class='ocr_par' dir='ltr' id='par_1_18' title="bbox 2004 1711 3656 1788">
     <span class='ocr_line' id='line_1_18' title="bbox 2004 1711 3656 1788; baseline 0.005 -22"><span class='ocrx_word' id='word_1_150' title='bbox 2004 1711 2379 1780; x_wconf 79' lang='lat' dir='ltr'>euangelizas</span> <span class='ocrx_word' id='word_1_151' title='bbox 2406 1711 2738 1768; x_wconf 84' lang='lat' dir='ltr'>Jerusalem</span> <span class='ocrx_word' id='word_1_152' title='bbox 2770 1716 2865 1784; x_wconf 86' lang='lat' dir='ltr'>(t).</span> <span class='ocrx_word' id='word_1_153' title='bbox 2921 1715 3010 1770; x_wconf 85' lang='lat' dir='ltr'>Ab</span> <span class='ocrx_word' id='word_1_154' title='bbox 3044 1717 3208 1772; x_wconf 66' lang='lat' dir='ltr'>Isaiae</span> <span class='ocrx_word' id='word_1_155' title='bbox 3265 1716 3472 1788; x_wconf 89' lang='lat' dir='ltr'>lingua</span> <span class='ocrx_word' id='word_1_156' title='bbox 3501 1735 3533 1774; x_wconf 95' lang='lat' dir='ltr'>e</span> <span class='ocrx_word' id='word_1_157' title='bbox 3560 1719 3656 1774; x_wconf 93' lang='lat' dir='ltr'>di-</span> 
     </span>
    </p>
   </div>
   <div class='ocr_carea' id='block_1_19' title="bbox 2005 1799 3656 1879">
    <p class='ocr_par' dir='ltr' id='par_1_19' title="bbox 2005 1799 3656 1879">
     <span class='ocr_line' id='line_1_19' title="bbox 2005 1799 3656 1879; baseline 0.008 -26"><span class='ocrx_word' id='word_1_158' title='bbox 2005 1799 2124 1854; x_wconf 84' lang='lat' dir='ltr'>vini</span> <span class='ocrx_word' id='word_1_159' title='bbox 2153 1799 2430 1855; x_wconf 84' lang='lat' dir='ltr'>carbonis</span> <span class='ocrx_word' id='word_1_160' title='bbox 2480 1805 2640 1855; x_wconf 90' lang='lat' dir='ltr'>tactu</span> <span class='ocrx_word' id='word_1_161' title='bbox 2673 1802 2856 1870; x_wconf 86' lang='lat' dir='ltr'>ignita</span> <span class='ocrx_word' id='word_1_162' title='bbox 2904 1806 2976 1872; x_wconf 76' lang='lat'>(2)</span> <span class='ocrx_word' id='word_1_163' title='bbox 3024 1805 3262 1862; x_wconf 84' lang='lat' dir='ltr'>dicendi</span> <span class='ocrx_word' id='word_1_164' title='bbox 3292 1809 3656 1879; x_wconf 75' lang='lat' dir='ltr'>prooemium</span> 
     </span>
    </p>
   </div>
   <div class='ocr_carea' id='block_1_20' title="bbox 2007 1887 3656 1953">
    <p class='ocr_par' dir='ltr' id='par_1_20' title="bbox 2007 1887 3656 1953">
     <span class='ocr_line' id='line_1_20' title="bbox 2007 1887 3656 1953; baseline 0.007 -11"><span class='ocrx_word' id='word_1_165' title='bbox 2007 1887 2412 1942; x_wconf 89' lang='lat' dir='ltr'>mutuandum</span> <span class='ocrx_word' id='word_1_166' title='bbox 2445 1887 2574 1951; x_wconf 89' lang='lat' dir='ltr'>fuit,</span> <span class='ocrx_word' id='word_1_167' title='bbox 2609 1904 2730 1944; x_wconf 91' lang='lat' dir='ltr'>non</span> <span class='ocrx_word' id='word_1_168' title='bbox 2785 1906 2958 1944; x_wconf 88' lang='lat' dir='ltr'>secus</span> <span class='ocrx_word' id='word_1_169' title='bbox 2992 1908 3061 1947; x_wconf 88' lang='lat' dir='ltr'>ac</span> <span class='ocrx_word' id='word_1_170' title='bbox 3117 1894 3347 1949; x_wconf 89' lang='lat' dir='ltr'>vicinus</span> <span class='ocrx_word' id='word_1_171' title='bbox 3391 1913 3426 1950; x_wconf 90' lang='lat' dir='ltr'>a</span> <span class='ocrx_word' id='word_1_172' title='bbox 3459 1897 3656 1953; x_wconf 90' lang='lat' dir='ltr'>vicino</span> 
     </span>
    </p>
   </div>
   <div class='ocr_carea' id='block_1_21' title="bbox 2007 1975 3657 2050">
    <p class='ocr_par' dir='ltr' id='par_1_21' title="bbox 2007 1975 3657 2050">
     <span class='ocr_line' id='line_1_21' title="bbox 2007 1975 3657 2050; baseline 0.006 -20"><span class='ocrx_word' id='word_1_173' title='bbox 2007 1980 2206 2048; x_wconf 90' lang='lat' dir='ltr'>petere</span> <span class='ocrx_word' id='word_1_174' title='bbox 2253 1975 2453 2043; x_wconf 80' lang='lat' dir='ltr'>ignem</span> <span class='ocrx_word' id='word_1_175' title='bbox 2507 1977 2670 2031; x_wconf 86' lang='lat' dir='ltr'>solet.</span> <span class='ocrx_word' id='word_1_176' title='bbox 2709 1980 2770 2032; x_wconf 87' lang='lat' dir='ltr'>Et</span> <span class='ocrx_word' id='word_1_177' title='bbox 2817 1979 3094 2050; x_wconf 81' lang='lat' dir='ltr'>proxima</span> <span class='ocrx_word' id='word_1_178' title='bbox 3145 1998 3290 2038; x_wconf 88' lang='lat' dir='ltr'>sane</span> <span class='ocrx_word' id='word_1_179' title='bbox 3355 1985 3657 2040; x_wconf 80' lang='lat' dir='ltr'>veteribus</span> 
     </span>
    </p>
   </div>
   <div class='ocr_carea' id='block_1_22' title="bbox 2008 2064 3652 2140">
    <p class='ocr_par' dir='ltr' id='par_1_22' title="bbox 2008 2064 3652 2140">
     <span class='ocr_line' id='line_1_22' title="bbox 2008 2064 3652 2140; baseline 0.006 -20"><span class='ocrx_word' id='word_1_180' title='bbox 2008 2064 2125 2120; x_wconf 85' lang='lat' dir='ltr'>illis</span> <span class='ocrx_word' id='word_1_181' title='bbox 2153 2071 2445 2136; x_wconf 72' lang='lat' dir='ltr'>suntquae</span> <span class='ocrx_word' id='word_1_182' title='bbox 2473 2071 2742 2136; x_wconf 87' lang='lat' dir='ltr'>spectant</span> <span class='ocrx_word' id='word_1_183' title='bbox 2769 2067 2847 2122; x_wconf 88' lang='lat' dir='ltr'>ad</span> <span class='ocrx_word' id='word_1_184' title='bbox 2866 2084 3086 2124; x_wconf 84' lang='lat' dir='ltr'>novam</span> <span class='ocrx_word' id='word_1_185' title='bbox 3114 2071 3382 2140; x_wconf 87' lang='lat' dir='ltr'>gratiam,</span> <span class='ocrx_word' id='word_1_186' title='bbox 3415 2079 3471 2128; x_wconf 92' lang='lat' dir='ltr'>et</span> <span class='ocrx_word' id='word_1_187' title='bbox 3502 2080 3652 2130; x_wconf 79' lang='lat' dir='ltr'>utra-</span> 
     </span>
    </p>
   </div>
   <div class='ocr_carea' id='block_1_23' title="bbox 2009 2153 3656 2234">
    <p class='ocr_par' dir='ltr' id='par_1_23' title="bbox 2009 2153 3656 2234">
     <span class='ocr_line' id='line_1_23' title="bbox 2009 2153 3656 2234; baseline 0.006 -27"><span class='ocrx_word' id='word_1_188' title='bbox 2009 2169 2126 2225; x_wconf 91' lang='lat' dir='ltr'>que</span> <span class='ocrx_word' id='word_1_189' title='bbox 2144 2153 2222 2208; x_wconf 89' lang='lat' dir='ltr'>ad</span> <span class='ocrx_word' id='word_1_190' title='bbox 2243 2153 2689 2209; x_wconf 88' lang='lat' dir='ltr'>accendendam</span> <span class='ocrx_word' id='word_1_191' title='bbox 2708 2157 3060 2228; x_wconf 88' lang='lat' dir='ltr'>conspirant</span> <span class='ocrx_word' id='word_1_192' title='bbox 3077 2174 3262 2214; x_wconf 90' lang='lat' dir='ltr'>uuam</span> <span class='ocrx_word' id='word_1_193' title='bbox 3282 2160 3494 2228; x_wconf 85' lang='lat' dir='ltr'>facem,</span> <span class='ocrx_word' id='word_1_194' title='bbox 3517 2177 3656 2234; x_wconf 80' lang='lat' dir='ltr'>quae</span> 
     </span>
    </p>
   </div>
   <div class='ocr_carea' id='block_1_24' title="bbox 2009 2241 3657 2318">
    <p class='ocr_par' dir='ltr' id='par_1_24' title="bbox 2009 2241 3657 2318">
     <span class='ocr_line' id='line_1_24' title="bbox 2009 2241 3657 2318; baseline 0.005 -21"><span class='ocrx_word' id='word_1_195' title='bbox 2009 2242 2254 2298; x_wconf 88' lang='lat' dir='ltr'>lucerna</span> <span class='ocrx_word' id='word_1_196' title='bbox 2283 2241 2346 2297; x_wconf 88' lang='lat' dir='ltr'>ﬁt</span> <span class='ocrx_word' id='word_1_197' title='bbox 2367 2241 2624 2314; x_wconf 90' lang='lat' dir='ltr'>pedibus</span> <span class='ocrx_word' id='word_1_198' title='bbox 2652 2259 2860 2299; x_wconf 90' lang='lat' dir='ltr'>eorum</span> <span class='ocrx_word' id='word_1_199' title='bbox 2890 2245 2988 2316; x_wconf 80' lang='lat'>(3),</span> <span class='ocrx_word' id='word_1_200' title='bbox 3009 2245 3111 2318; x_wconf 87' lang='lat' dir='ltr'>qui</span> <span class='ocrx_word' id='word_1_201' title='bbox 3135 2247 3211 2303; x_wconf 85' lang='lat' dir='ltr'>ad</span> <span class='ocrx_word' id='word_1_202' title='bbox 3233 2247 3657 2306; x_wconf 87' lang='lat' dir='ltr'>inveniendam</span> 
     </span>
    </p>
   </div>
   <div class='ocr_carea' id='block_1_25' title="bbox 2011 2331 2680 2402">
    <p class='ocr_par' dir='ltr' id='par_1_25' title="bbox 2011 2331 2680 2402">
     <span class='ocr_line' id='line_1_25' title="bbox 2011 2331 2680 2402; baseline -0.003 -18"><span class='ocrx_word' id='word_1_203' title='bbox 2011 2331 2316 2387; x_wconf 88' lang='lat' dir='ltr'>veritatem</span> <span class='ocrx_word' id='word_1_204' title='bbox 2340 2338 2680 2402; x_wconf 88' lang='lat' dir='ltr'>properant.</span> 
     </span>
    </p>
   </div>
   <div class='ocr_carea' id='block_1_26' title="bbox 2083 2419 3662 2498">
    <p class='ocr_par' dir='ltr' id='par_1_26' title="bbox 2083 2419 3662 2498">
     <span class='ocr_line' id='line_1_26' title="bbox 2083 2419 3662 2498; baseline 0.004 -22"><span class='ocrx_word' id='word_1_205' title='bbox 2083 2423 2202 2476; x_wconf 83' lang='lat' dir='ltr'>Hoc</span> <span class='ocrx_word' id='word_1_206' title='bbox 2229 2419 2427 2492; x_wconf 89' lang='lat' dir='ltr'>itaque</span> <span class='ocrx_word' id='word_1_207' title='bbox 2457 2421 2703 2476; x_wconf 87' lang='lat' dir='ltr'>incensa</span> <span class='ocrx_word' id='word_1_208' title='bbox 2741 2423 2877 2491; x_wconf 86' lang='lat' dir='ltr'>igne</span> <span class='ocrx_word' id='word_1_209' title='bbox 2908 2423 2982 2478; x_wconf 89' lang='lat' dir='ltr'>ad</span> <span class='ocrx_word' id='word_1_210' title='bbox 3012 2425 3309 2482; x_wconf 87' lang='lat' dir='ltr'>excelsam</span> <span class='ocrx_word' id='word_1_211' title='bbox 3335 2427 3517 2498; x_wconf 89' lang='lat' dir='ltr'><strong>hujus</strong></span> <span class='ocrx_word' id='word_1_212' title='bbox 3544 2427 3662 2484; x_wconf 90' lang='lat' dir='ltr'>diei</span> 
     </span>
    </p>
   </div>
   <div class='ocr_carea' id='block_1_27' title="bbox 2013 2509 3663 2588">
    <p class='ocr_par' dir='ltr' id='par_1_27' title="bbox 2013 2509 3663 2588">
     <span class='ocr_line' id='line_1_27' title="bbox 2013 2509 3663 2588; baseline 0.005 -23"><span class='ocrx_word' id='word_1_213' title='bbox 2013 2509 2440 2565; x_wconf 88' lang='lat' dir='ltr'>sublimitatem</span> <span class='ocrx_word' id='word_1_214' title='bbox 2481 2526 2609 2565; x_wconf 89' lang='lat' dir='ltr'>sese</span> <span class='ocrx_word' id='word_1_215' title='bbox 2651 2510 2877 2568; x_wconf 86' lang='lat' dir='ltr'>attollat</span> <span class='ocrx_word' id='word_1_216' title='bbox 2929 2513 3136 2580; x_wconf 90' lang='lat' dir='ltr'>oratio,</span> <span class='ocrx_word' id='word_1_217' title='bbox 3166 2520 3222 2570; x_wconf 92' lang='lat' dir='ltr'>et</span> <span class='ocrx_word' id='word_1_218' title='bbox 3277 2531 3416 2572; x_wconf 91' lang='lat' dir='ltr'>cum</span> <span class='ocrx_word' id='word_1_219' title='bbox 3448 2517 3663 2588; x_wconf 85' lang='lat' dir='ltr'>angelo</span> 
     </span>
    </p>
   </div>
   <div class='ocr_carea' id='block_1_28' title="bbox 2015 2599 3663 2673">
    <p class='ocr_par' dir='ltr' id='par_1_28' title="bbox 2015 2599 3663 2673">
     <span class='ocr_line' id='line_1_28' title="bbox 2015 2599 3663 2673; baseline 0.004 -17"><span class='ocrx_word' id='word_1_220' title='bbox 2015 2599 2282 2656; x_wconf 87' lang='lat' dir='ltr'>Gabriele</span> <span class='ocrx_word' id='word_1_221' title='bbox 2331 2599 2598 2655; x_wconf 88' lang='lat' dir='ltr'>adinstar</span> <span class='ocrx_word' id='word_1_222' title='bbox 2627 2599 2891 2657; x_wconf 65' lang='lat' dir='ltr'>ﬂammas</span> <span class='ocrx_word' id='word_1_223' title='bbox 2921 2602 3197 2660; x_wconf 89' lang='lat' dir='ltr'>rutilante</span> <span class='ocrx_word' id='word_1_224' title='bbox 3229 2607 3304 2673; x_wconf 78' lang='grc'>(4)</span> <span class='ocrx_word' id='word_1_225' title='bbox 3349 2605 3528 2662; x_wconf 89' lang='lat' dir='ltr'>simul</span> <span class='ocrx_word' id='word_1_226' title='bbox 3557 2608 3663 2663; x_wconf 92' lang='lat' dir='ltr'>ad-</span> 
     </span>
    </p>
   </div>
   <div class='ocr_carea' id='block_1_29' title="bbox 2016 2688 3666 2765">
    <p class='ocr_par' dir='ltr' id='par_1_29' title="bbox 2016 2688 3666 2765">
     <span class='ocr_line' id='line_1_29' title="bbox 2016 2688 3666 2765; baseline 0.005 -21"><span class='ocrx_word' id='word_1_227' title='bbox 2016 2688 2192 2744; x_wconf 88' lang='lat' dir='ltr'>volet.</span> <span class='ocrx_word' id='word_1_228' title='bbox 2229 2691 2392 2743; x_wconf 86' lang='lat' dir='ltr'>llunc</span> <span class='ocrx_word' id='word_1_229' title='bbox 2444 2688 2604 2744; x_wconf 89' lang='lat' dir='ltr'>enim</span> <span class='ocrx_word' id='word_1_230' title='bbox 2662 2690 2740 2744; x_wconf 89' lang='lat' dir='ltr'>ad</span> <span class='ocrx_word' id='word_1_231' title='bbox 2801 2692 3079 2747; x_wconf 88' lang='lat' dir='ltr'>nuntium</span> <span class='ocrx_word' id='word_1_232' title='bbox 3133 2692 3272 2749; x_wconf 81' lang='lat' dir='ltr'>felix</span> <span class='ocrx_word' id='word_1_233' title='bbox 3316 2696 3536 2765; x_wconf 83' lang='lat' dir='ltr'>Virgini</span> <span class='ocrx_word' id='word_1_234' title='bbox 3582 2697 3666 2752; x_wconf 86' lang='lat' dir='ltr'>illi</span> 
     </span>
    </p>
   </div>
   <div class='ocr_carea' id='block_1_30' title="bbox 2017 2779 3666 2855">
    <p class='ocr_par' dir='ltr' id='par_1_30' title="bbox 2017 2779 3666 2855">
     <span class='ocr_line' id='line_1_30' title="bbox 2017 2779 3666 2855; baseline 0.005 -23"><span class='ocrx_word' id='word_1_235' title='bbox 2017 2793 2204 2848; x_wconf 88' lang='lat' dir='ltr'>supra</span> <span class='ocrx_word' id='word_1_236' title='bbox 2223 2781 2466 2848; x_wconf 84' lang='lat' dir='ltr'>captum</span> <span class='ocrx_word' id='word_1_237' title='bbox 2497 2779 2830 2848; x_wconf 61' lang='lat' dir='ltr'>purissimae</span> <span class='ocrx_word' id='word_1_238' title='bbox 2853 2780 2932 2849; x_wconf 74' lang='grc' dir='ltr'>(ὅ)</span> <span class='ocrx_word' id='word_1_239' title='bbox 2953 2780 3344 2838; x_wconf 79' lang='lat' dir='ltr'>deferendum</span> <span class='ocrx_word' id='word_1_240' title='bbox 3368 2785 3666 2855; x_wconf 88' lang='lat' dir='ltr'>propheti-</span> 
     </span>
    </p>
   </div>
   <div class='ocr_carea' id='block_1_31' title="bbox 2018 2865 3668 2939">
    <p class='ocr_par' dir='ltr' id='par_1_31' title="bbox 2018 2865 3668 2939">
     <span class='ocr_line' id='line_1_31' title="bbox 2018 2865 3668 2939; baseline 0.004 -17"><span class='ocrx_word' id='word_1_241' title='bbox 2018 2883 2122 2922; x_wconf 91' lang='lat' dir='ltr'>cus</span> <span class='ocrx_word' id='word_1_242' title='bbox 2149 2882 2346 2921; x_wconf 90' lang='lat' dir='ltr'>sermo</span> <span class='ocrx_word' id='word_1_243' title='bbox 2373 2865 2783 2921; x_wconf 85' lang='lat' dir='ltr'>vehementius</span> <span class='ocrx_word' id='word_1_244' title='bbox 2806 2875 3129 2939; x_wconf 88' lang='lat' dir='ltr'>provocat;</span> <span class='ocrx_word' id='word_1_245' title='bbox 3154 2886 3290 2926; x_wconf 90' lang='lat' dir='ltr'>eam</span> <span class='ocrx_word' id='word_1_246' title='bbox 3321 2887 3461 2926; x_wconf 88' lang='lat' dir='ltr'>vero</span> <span class='ocrx_word' id='word_1_247' title='bbox 3488 2872 3548 2927; x_wconf 93' lang='lat' dir='ltr'>in</span> <span class='ocrx_word' id='word_1_248' title='bbox 3576 2874 3668 2928; x_wconf 85' lang='lat' dir='ltr'>Je-</span> 
     </span>
    </p>
   </div>
   <div class='ocr_carea' id='block_1_32' title="bbox 2017 2953 3668 3031">
    <p class='ocr_par' dir='ltr' id='par_1_32' title="bbox 2017 2953 3668 3031">
     <span class='ocr_line' id='line_1_32' title="bbox 2017 2953 3668 3031; baseline 0.002 -20"><span class='ocrx_word' id='word_1_249' title='bbox 2017 2953 2277 3011; x_wconf 87' lang='lat' dir='ltr'>rusalem</span> <span class='ocrx_word' id='word_1_250' title='bbox 2314 2959 2372 3009; x_wconf 91' lang='lat' dir='ltr'>et</span> <span class='ocrx_word' id='word_1_251' title='bbox 2402 2953 2539 3008; x_wconf 83' lang='lat' dir='ltr'>Sion</span> <span class='ocrx_word' id='word_1_252' title='bbox 2575 2971 2609 3008; x_wconf 91' lang='lat' dir='ltr'>a</span> <span class='ocrx_word' id='word_1_253' title='bbox 2663 2953 2838 3022; x_wconf 86' lang='lat' dir='ltr'>longe</span> <span class='ocrx_word' id='word_1_254' title='bbox 2884 2957 3230 3028; x_wconf 87' lang='lat' dir='ltr'>prophetica</span> <span class='ocrx_word' id='word_1_255' title='bbox 3260 2958 3498 3029; x_wconf 90' lang='lat' dir='ltr'>dioptra</span> <span class='ocrx_word' id='word_1_256' title='bbox 3523 2975 3668 3031; x_wconf 90' lang='lat' dir='ltr'>pro-</span> 
     </span>
    </p>
   </div>
   <div class='ocr_carea' id='block_1_33' title="bbox 2020 3041 3665 3119">
    <p class='ocr_par' dir='ltr' id='par_1_33' title="bbox 2020 3041 3665 3119">
     <span class='ocr_line' id='line_1_33' title="bbox 2020 3041 3665 3119; baseline 0.003 -21"><span class='ocrx_word' id='word_1_257' title='bbox 2020 3042 2329 3114; x_wconf 90' lang='lat' dir='ltr'>spiciebat,</span> <span class='ocrx_word' id='word_1_258' title='bbox 2365 3041 2485 3096; x_wconf 78' lang='lat' dir='ltr'>sive</span> <span class='ocrx_word' id='word_1_259' title='bbox 2517 3046 2807 3114; x_wconf 88' lang='lat' dir='ltr'>tanquam</span> <span class='ocrx_word' id='word_1_260' title='bbox 2866 3043 3157 3100; x_wconf 88' lang='lat' dir='ltr'>civitatem</span> <span class='ocrx_word' id='word_1_261' title='bbox 3205 3047 3408 3115; x_wconf 82' lang='lat' dir='ltr'>magni</span> <span class='ocrx_word' id='word_1_262' title='bbox 3468 3048 3665 3119; x_wconf 83' lang='lat' dir='ltr'>Regis,</span> 
     </span>
    </p>
   </div>
   <div class='ocr_carea' id='block_1_34' title="bbox 2019 3131 3670 3203">
    <p class='ocr_par' dir='ltr' id='par_1_34' title="bbox 2019 3131 3670 3203">
     <span class='ocr_line' id='line_1_34' title="bbox 2019 3131 3670 3203; baseline 0.002 -15"><span class='ocrx_word' id='word_1_263' title='bbox 2019 3133 2094 3188; x_wconf 89' lang='lat' dir='ltr'>de</span> <span class='ocrx_word' id='word_1_264' title='bbox 2127 3147 2248 3203; x_wconf 89' lang='lat' dir='ltr'>qua</span> <span class='ocrx_word' id='word_1_265' title='bbox 2271 3131 2347 3198; x_wconf 89' lang='lat'>(6)</span> <span class='ocrx_word' id='word_1_266' title='bbox 2380 3131 2617 3202; x_wconf 88' lang='lat' dir='ltr'>proprie</span> <span class='ocrx_word' id='word_1_267' title='bbox 2646 3133 2911 3200; x_wconf 87' lang='lat' dir='ltr'>gloriosa</span> <span class='ocrx_word' id='word_1_268' title='bbox 2951 3133 3113 3190; x_wconf 85' lang='lat' dir='ltr'>dicta</span> <span class='ocrx_word' id='word_1_269' title='bbox 3165 3141 3325 3201; x_wconf 79' lang='lat' dir='ltr'>sunt,</span> <span class='ocrx_word' id='word_1_270' title='bbox 3365 3135 3491 3191; x_wconf 88' lang='lat' dir='ltr'>sive</span> <span class='ocrx_word' id='word_1_271' title='bbox 3539 3141 3670 3192; x_wconf 86' lang='lat' dir='ltr'>tan-</span> 
     </span>
    </p>
   </div>
   <div class='ocr_carea' id='block_1_35' title="bbox 2022 3218 3673 3297">
    <p class='ocr_par' dir='ltr' id='par_1_35' title="bbox 2022 3218 3673 3297">
     <span class='ocr_line' id='line_1_35' title="bbox 2022 3218 3673 3297; baseline 0.004 -23"><span class='ocrx_word' id='word_1_272' title='bbox 2022 3235 2210 3292; x_wconf 87' lang='lat' dir='ltr'>quam</span> <span class='ocrx_word' id='word_1_273' title='bbox 2243 3218 2538 3273; x_wconf 84' lang='lat' dir='ltr'>excelsam</span> <span class='ocrx_word' id='word_1_274' title='bbox 2570 3218 2727 3273; x_wconf 91' lang='lat' dir='ltr'>hanc</span> <span class='ocrx_word' id='word_1_275' title='bbox 2759 3219 2916 3285; x_wconf 90' lang='lat' dir='ltr'>Sion,</span> <span class='ocrx_word' id='word_1_276' title='bbox 2948 3237 3134 3293; x_wconf 88' lang='lat' dir='ltr'>quam</span> <span class='ocrx_word' id='word_1_277' title='bbox 3170 3224 3233 3278; x_wconf 88' lang='lat' dir='ltr'>in</span> <span class='ocrx_word' id='word_1_278' title='bbox 3261 3238 3431 3279; x_wconf 89' lang='lat' dir='ltr'>suam</span> <span class='ocrx_word' id='word_1_279' title='bbox 3481 3223 3673 3297; x_wconf 89' lang='lat' dir='ltr'>ipsius</span> 
     </span>
    </p>
   </div>
   <div class='ocr_carea' id='block_1_36' title="bbox 2027 3308 2971 3380">
    <p class='ocr_par' dir='ltr' id='par_1_36' title="bbox 2027 3308 2971 3380">
     <span class='ocr_line' id='line_1_36' title="bbox 2027 3308 2971 3380; baseline -0.001 -16"><span class='ocrx_word' id='word_1_280' title='bbox 2027 3308 2453 3364; x_wconf 73' lang='lat' dir='ltr'>habitationem</span> <span class='ocrx_word' id='word_1_281' title='bbox 2481 3308 2637 3363; x_wconf 87' lang='lat' dir='ltr'>Deus</span> <span class='ocrx_word' id='word_1_282' title='bbox 2672 3308 2847 3377; x_wconf 86' lang='lat' dir='ltr'>elegit</span> <span class='ocrx_word' id='word_1_283' title='bbox 2875 3309 2971 3380; x_wconf 86' lang='lat'>(‘7).</span> 
     </span>
    </p>
   </div>
   <div class='ocr_carea' id='block_1_37' title="bbox 2099 3395 3676 3476">
    <p class='ocr_par' dir='ltr' id='par_1_37' title="bbox 2099 3395 3676 3476">
     <span class='ocr_line' id='line_1_37' title="bbox 2099 3395 3676 3476; baseline 0.005 -25"><span class='ocrx_word' id='word_1_284' title='bbox 2099 3399 2168 3451; x_wconf 95' lang='lat' dir='ltr'>ll.</span> <span class='ocrx_word' id='word_1_285' title='bbox 2207 3395 2377 3460; x_wconf 89' lang='lat' dir='ltr'>Quod</span> <span class='ocrx_word' id='word_1_286' title='bbox 2407 3411 2544 3450; x_wconf 88' lang='lat' dir='ltr'>vero</span> <span class='ocrx_word' id='word_1_287' title='bbox 2583 3397 2912 3461; x_wconf 86' lang='lat' dir='ltr'>conﬁcitur,</span> <span class='ocrx_word' id='word_1_288' title='bbox 2961 3413 3146 3470; x_wconf 86' lang='lat' dir='ltr'>quam</span> <span class='ocrx_word' id='word_1_289' title='bbox 3183 3399 3440 3456; x_wconf 87' lang='lat' dir='ltr'>sublime</span> <span class='ocrx_word' id='word_1_290' title='bbox 3491 3419 3676 3476; x_wconf 89' lang='lat' dir='ltr'>supra</span> 
     </span>
    </p>
   </div>
   <div class='ocr_carea' id='block_1_38' title="bbox 2029 3484 3677 3561">
    <p class='ocr_par' dir='ltr' id='par_1_38' title="bbox 2029 3484 3677 3561">
     <span class='ocr_line' id='line_1_38' title="bbox 2029 3484 3677 3561; baseline 0.002 -19"><span class='ocrx_word' id='word_1_291' title='bbox 2029 3491 2258 3542; x_wconf 72' lang='lat' dir='ltr'>naturae</span> <span class='ocrx_word' id='word_1_292' title='bbox 2290 3484 2440 3539; x_wconf 84' lang='lat' dir='ltr'>ﬁnes</span> <span class='ocrx_word' id='word_1_293' title='bbox 2471 3485 2725 3540; x_wconf 88' lang='lat' dir='ltr'>eminet!</span> <span class='ocrx_word' id='word_1_294' title='bbox 2765 3485 2843 3540; x_wconf 91' lang='lat' dir='ltr'>Illi</span> <span class='ocrx_word' id='word_1_295' title='bbox 2875 3487 3034 3542; x_wconf 89' lang='lat' dir='ltr'>enim</span> <span class='ocrx_word' id='word_1_296' title='bbox 3069 3488 3221 3544; x_wconf 91' lang='lat' dir='ltr'>inter</span> <span class='ocrx_word' id='word_1_297' title='bbox 3270 3490 3520 3561; x_wconf 87' lang='lat' dir='ltr'>angelos</span> <span class='ocrx_word' id='word_1_298' title='bbox 3575 3491 3677 3548; x_wconf 92' lang='lat' dir='ltr'>Dei</span> 
     </span>
    </p>
   </div>
   <div class='ocr_carea' id='block_1_39' title="bbox 1237 3573 1919 3651">
    <p class='ocr_par' dir='ltr' id='par_1_39' title="bbox 1237 3573 1919 3640">
     <span class='ocr_line' id='line_1_39' title="bbox 1237 3573 1919 3640; baseline -0.009 -9"><span class='ocrx_word' id='word_1_299' title='bbox 1237 3582 1301 3640; x_wconf 75' lang='grc' dir='ltr'>ὡς</span> <span class='ocrx_word' id='word_1_300' title='bbox 1358 3577 1458 3630; x_wconf 80' lang='grc' dir='ltr'>ἀπὸ</span> <span class='ocrx_word' id='word_1_301' title='bbox 1517 3573 1732 3629; x_wconf 79' lang='grc' dir='ltr'>πεδινοῦ</span> <span class='ocrx_word' id='word_1_302' title='bbox 1789 3591 1919 3632; x_wconf 85' lang='grc' dir='ltr'>τινος</span> 
     </span>
    </p>
   </div>
   <div class='ocr_carea' id='block_1_40' title="bbox 2036 3573 3678 3651">
    <p class='ocr_par' dir='ltr' id='par_1_40' title="bbox 2036 3574 3678 3651">
     <span class='ocr_line' id='line_1_40' title="bbox 2036 3574 3678 3651; baseline 0.004 -22"><span class='ocrx_word' id='word_1_303' title='bbox 2036 3574 2302 3649; x_wconf 87' lang='lat' dir='ltr'>principi,</span> <span class='ocrx_word' id='word_1_304' title='bbox 2337 3574 2438 3646; x_wconf 91' lang='lat' dir='ltr'>qui</span> <span class='ocrx_word' id='word_1_305' title='bbox 2470 3590 2575 3646; x_wconf 90' lang='lat' dir='ltr'>per</span> <span class='ocrx_word' id='word_1_306' title='bbox 2626 3574 2806 3629; x_wconf 77' lang='lat' dir='ltr'>caelos</span> <span class='ocrx_word' id='word_1_307' title='bbox 2837 3576 3124 3646; x_wconf 86' lang='lat' dir='ltr'>graditur,</span> <span class='ocrx_word' id='word_1_308' title='bbox 3149 3579 3326 3651; x_wconf 88' lang='lat' dir='ltr'>quasi</span> <span class='ocrx_word' id='word_1_309' title='bbox 3352 3595 3425 3635; x_wconf 84' lang='lat' dir='ltr'>ex</span> <span class='ocrx_word' id='word_1_310' title='bbox 3465 3580 3678 3636; x_wconf 87' lang='lat' dir='ltr'>humili</span> 
     </span>
    </p>
   </div>
   <div class='ocr_carea' id='block_1_41' title="bbox 355 1531 1891 1608">
    <p class='ocr_par' dir='ltr' id='par_1_41' title="bbox 355 1531 1891 1608">
     <span class='ocr_line' id='line_1_41' title="bbox 355 1531 1891 1608; baseline -0.005 -17"><span class='ocrx_word' id='word_1_311' title='bbox 355 1539 437 1592; x_wconf 77' lang='lat' dir='ltr'>A’.</span> <span class='ocrx_word' id='word_1_312' title='bbox 508 1537 599 1589; x_wconf 68' lang='grc' dir='ltr'>[ἐπ’</span> <span class='ocrx_word' id='word_1_313' title='bbox 676 1541 794 1608; x_wconf 78' lang='grc' dir='ltr'>ὅρος</span> <span class='ocrx_word' id='word_1_314' title='bbox 859 1535 1054 1606; x_wconf 71' lang='grc' dir='ltr'>ὑψηλόν</span> <span class='ocrx_word' id='word_1_315' title='bbox 1133 1533 1379 1599; x_wconf 78' lang='grc' dir='ltr'>ἀνάϐηθι,</span> <span class='ocrx_word' id='word_1_316' title='bbox 1459 1535 1485 1584; x_wconf 89' lang='lat'>6</span> <span class='ocrx_word' id='word_1_317' title='bbox 1561 1531 1891 1604; x_wconf 72' lang='grc' dir='ltr'>εὐαγγελιζό-</span> 
     </span>
    </p>
   </div>
   <div class='ocr_carea' id='block_1_42' title="bbox 280 1623 1892 1698">
    <p class='ocr_par' dir='ltr' id='par_1_42' title="bbox 280 1623 1892 1698">
     <span class='ocr_line' id='line_1_42' title="bbox 280 1623 1892 1698; baseline -0.004 -21"><span class='ocrx_word' id='word_1_318' title='bbox 280 1645 432 1698; x_wconf 84' lang='grc' dir='ltr'>μενος</span> <span class='ocrx_word' id='word_1_319' title='bbox 497 1630 625 1677; x_wconf 80' lang='grc' dir='ltr'>Σιών</span> <span class='ocrx_word' id='word_1_320' title='bbox 654 1645 666 1657; x_wconf 90' lang='grc'><strong>·</strong></span> <span class='ocrx_word' id='word_1_321' title='bbox 723 1623 936 1694; x_wconf 61' lang='grc' dir='ltr'>ῦψωσον</span> <span class='ocrx_word' id='word_1_322' title='bbox 993 1632 1056 1682; x_wconf 82' lang='grc' dir='ltr'>τῆ</span> <span class='ocrx_word' id='word_1_323' title='bbox 1135 1624 1294 1694; x_wconf 76' lang='grc' dir='ltr'>ἰσχύϊ</span> <span class='ocrx_word' id='word_1_324' title='bbox 1374 1625 1469 1678; x_wconf 75' lang='grc' dir='ltr'>τὴν</span> <span class='ocrx_word' id='word_1_325' title='bbox 1549 1625 1724 1691; x_wconf 83' lang='grc' dir='ltr'>ῳωνὴν</span> <span class='ocrx_word' id='word_1_326' title='bbox 1798 1638 1892 1670; x_wconf 86' lang='grc' dir='ltr'>σου</span> 
     </span>
    </p>
   </div>
   <div class='ocr_carea' id='block_1_43' title="bbox 279 1709 1893 1784">
    <p class='ocr_par' dir='ltr' id='par_1_43' title="bbox 279 1709 1893 1784">
     <span class='ocr_line' id='line_1_43' title="bbox 279 1709 1893 1784; baseline -0.005 -18"><span class='ocrx_word' id='word_1_327' title='bbox 279 1717 308 1766; x_wconf 98' lang='lat'>6</span> <span class='ocrx_word' id='word_1_328' title='bbox 374 1713 794 1784; x_wconf 72' lang='grc' dir='ltr'>εὐγγελιζὸμενος</span> <span class='ocrx_word' id='word_1_329' title='bbox 888 1709 1244 1783; x_wconf 77' lang='grc' dir='ltr'>Ἰερουσαλήμ.</span> <span class='ocrx_word' id='word_1_330' title='bbox 1345 1709 1433 1762; x_wconf 80' lang='grc' dir='ltr'>Ἐκ</span> <span class='ocrx_word' id='word_1_331' title='bbox 1525 1716 1618 1770; x_wconf 84' lang='grc' dir='ltr'>τῆς</span> <span class='ocrx_word' id='word_1_332' title='bbox 1697 1727 1893 1765; x_wconf 79' lang='grc' dir='ltr'>κατην-</span> 
     </span>
    </p>
   </div>
   <div class='ocr_carea' id='block_1_44' title="bbox 284 1798 1895 1877">
    <p class='ocr_par' dir='ltr' id='par_1_44' title="bbox 284 1798 1895 1877">
     <span class='ocr_line' id='line_1_44' title="bbox 284 1798 1895 1877; baseline -0.005 -22"><span class='ocrx_word' id='word_1_333' title='bbox 284 1805 626 1877; x_wconf 76' lang='grc' dir='ltr'>θρακωμένης</span> <span class='ocrx_word' id='word_1_334' title='bbox 676 1809 768 1853; x_wconf 77' lang='grc' dir='ltr'>τοῦ</span> <span class='ocrx_word' id='word_1_335' title='bbox 796 1801 1016 1853; x_wconf 69' lang='grc' dir='ltr'>Ἠσαίου</span> <span class='ocrx_word' id='word_1_336' title='bbox 1065 1799 1306 1870; x_wconf 75' lang='grc' dir='ltr'>γλώττης</span> <span class='ocrx_word' id='word_1_337' title='bbox 1358 1808 1432 1870; x_wconf 82' lang='grc' dir='ltr'>τῷ</span> <span class='ocrx_word' id='word_1_338' title='bbox 1468 1805 1560 1850; x_wconf 78' lang='grc' dir='ltr'>τοῦ</span> <span class='ocrx_word' id='word_1_339' title='bbox 1610 1798 1747 1850; x_wconf 78' lang='grc' dir='ltr'>θείου</span> <span class='ocrx_word' id='word_1_340' title='bbox 1801 1799 1895 1848; x_wconf 80' lang='grc' dir='ltr'>ἄν·</span> 
     </span>
    </p>
   </div>
   <div class='ocr_carea' id='block_1_45' title="bbox 289 1887 1896 1964">
    <p class='ocr_par' dir='ltr' id='par_1_45' title="bbox 289 1887 1896 1964">
     <span class='ocr_line' id='line_1_45' title="bbox 289 1887 1896 1964; baseline -0.005 -20"><span class='ocrx_word' id='word_1_341' title='bbox 289 1895 485 1964; x_wconf 81' lang='grc' dir='ltr'>θρακος</span> <span class='ocrx_word' id='word_1_342' title='bbox 555 1892 780 1961; x_wconf 72' lang='grc' dir='ltr'>γεύματι</span> <span class='ocrx_word' id='word_1_343' title='bbox 851 1887 1146 1942; x_wconf 70' lang='grc' dir='ltr'>δανειστὲον</span> <span class='ocrx_word' id='word_1_344' title='bbox 1226 1891 1285 1940; x_wconf 81' lang='grc' dir='ltr'>τὸ</span> <span class='ocrx_word' id='word_1_345' title='bbox 1349 1891 1644 1960; x_wconf 76' lang='grc' dir='ltr'>προοίμιον,</span> <span class='ocrx_word' id='word_1_346' title='bbox 1722 1888 1896 1958; x_wconf 81' lang='grc' dir='ltr'>ὥσπερ</span> 
     </span>
    </p>
   </div>
   <div class='ocr_carea' id='block_1_46' title="bbox 286 1974 1897 2051">
    <p class='ocr_par' dir='ltr' id='par_1_46' title="bbox 286 1974 1897 2051">
     <span class='ocr_line' id='line_1_46' title="bbox 286 1974 1897 2051; baseline -0.006 -18"><span class='ocrx_word' id='word_1_347' title='bbox 286 1983 393 2034; x_wconf 73' lang='grc' dir='ltr'>(ἱπό</span> <span class='ocrx_word' id='word_1_348' title='bbox 450 1985 682 2051; x_wconf 72' lang='grc' dir='ltr'>γείτονος</span> <span class='ocrx_word' id='word_1_349' title='bbox 740 1982 923 2049; x_wconf 75' lang='grc' dir='ltr'>γείτων</span> <span class='ocrx_word' id='word_1_350' title='bbox 1007 1976 1390 2050; x_wconf 79' lang='grc' dir='ltr'>μεταλαμϐάνει</span> <span class='ocrx_word' id='word_1_351' title='bbox 1455 1979 1633 2049; x_wconf 78' lang='grc' dir='ltr'><strong>πυρός.</strong></span> <span class='ocrx_word' id='word_1_352' title='bbox 1703 1974 1897 2044; x_wconf 72' lang='grc' dir='ltr'>Ἀγχι-</span> 
     </span>
    </p>
   </div>
   <div class='ocr_carea' id='block_1_47' title="bbox 288 2063 1899 2143">
    <p class='ocr_par' dir='ltr' id='par_1_47' title="bbox 288 2063 1899 2143">
     <span class='ocr_line' id='line_1_47' title="bbox 288 2063 1899 2143; baseline -0.006 -21"><span class='ocrx_word' id='word_1_353' title='bbox 288 2072 514 2143; x_wconf 75' lang='grc' dir='ltr'>Θυροῦσι</span> <span class='ocrx_word' id='word_1_354' title='bbox 537 2071 641 2140; x_wconf 70' lang='grc' dir='ltr'>γάρ</span> <span class='ocrx_word' id='word_1_355' title='bbox 687 2069 755 2119; x_wconf 79' lang='grc' dir='ltr'><strong><em>τά</em></strong></span> <span class='ocrx_word' id='word_1_356' title='bbox 783 2075 880 2128; x_wconf 82' lang='grc' dir='ltr'>τῆς</span> <span class='ocrx_word' id='word_1_357' title='bbox 907 2071 1022 2128; x_wconf 72' lang='grc' dir='ltr'>νέας</span> <span class='ocrx_word' id='word_1_358' title='bbox 1081 2069 1300 2138; x_wconf 71' lang='grc' dir='ltr'>χάριτος</span> <span class='ocrx_word' id='word_1_359' title='bbox 1341 2073 1450 2124; x_wconf 87' lang='grc' dir='ltr'><strong>τοίς</strong></span> <span class='ocrx_word' id='word_1_360' title='bbox 1492 2063 1754 2132; x_wconf 78' lang='grc' dir='ltr'>παλαιοῖς,</span> <span class='ocrx_word' id='word_1_361' title='bbox 1812 2067 1899 2112; x_wconf 68' lang='grc' dir='ltr'>καὶ</span> 
     </span>
    </p>
   </div>
   <div class='ocr_carea' id='block_1_48' title="bbox 288 2147 1900 2231">
    <p class='ocr_par' dir='ltr' id='par_1_48' title="bbox 288 2147 1900 2231">
     <span class='ocr_line' id='line_1_48' title="bbox 288 2147 1900 2231; baseline 0.011 -33"><span class='ocrx_word' id='word_1_362' title='bbox 288 2147 398 2231; x_wconf 46' lang='lat' dir='ltr'>WB;</span> <span class='ocrx_word' id='word_1_363' title='bbox 480 2162 530 2211; x_wconf 74' lang='grc' dir='ltr'>ἓν</span> <span class='ocrx_word' id='word_1_364' title='bbox 593 2158 647 2219; x_wconf 64' lang='grc' dir='ltr'>ἐξ</span> <span class='ocrx_word' id='word_1_365' title='bbox 702 2159 1002 2229; x_wconf 71' lang='grc' dir='ltr'>ἀμφοτέρων</span> <span class='ocrx_word' id='word_1_366' title='bbox 1041 2156 1322 2208; x_wconf 52' lang='lat' dir='ltr'>memmi</span> <span class='ocrx_word' id='word_1_367' title='bbox 1368 2155 1378 2164; x_wconf 82' lang='grc'><strong>’</strong></span> <span class='ocrx_word' id='word_1_368' title='bbox 1427 2159 1516 2205; x_wconf 80' lang='grc' dir='ltr'>καὶ</span> <span class='ocrx_word' id='word_1_369' title='bbox 1551 2153 1744 2224; x_wconf 72' lang='grc' dir='ltr'>λύχνος</span> <span class='ocrx_word' id='word_1_370' title='bbox 1811 2156 1900 2222; x_wconf 80' lang='grc' dir='ltr'>γί-</span> 
     </span>
    </p>
   </div>
   <div class='ocr_carea' id='block_1_49' title="bbox 287 2241 1900 2320">
    <p class='ocr_par' dir='ltr' id='par_1_49' title="bbox 287 2241 1900 2320">
     <span class='ocr_line' id='line_1_49' title="bbox 287 2241 1900 2320; baseline -0.006 -20"><span class='ocrx_word' id='word_1_371' title='bbox 287 2267 433 2300; x_wconf 74' lang='grc' dir='ltr'>νεται</span> <span class='ocrx_word' id='word_1_372' title='bbox 461 2255 568 2308; x_wconf 82' lang='grc' dir='ltr'>τοῖς</span> <span class='ocrx_word' id='word_1_373' title='bbox 606 2251 735 2299; x_wconf 84' lang='grc' dir='ltr'>ποσί</span> <span class='ocrx_word' id='word_1_374' title='bbox 764 2253 864 2297; x_wconf 86' lang='grc' dir='ltr'>τῶν</span> <span class='ocrx_word' id='word_1_375' title='bbox 920 2249 1208 2320; x_wconf 76' lang='grc' dir='ltr'>τρεχόντων</span> <span class='ocrx_word' id='word_1_376' title='bbox 1248 2245 1314 2304; x_wconf 86' lang='grc' dir='ltr'>εἰς</span> <span class='ocrx_word' id='word_1_377' title='bbox 1361 2247 1454 2300; x_wconf 78' lang='grc' dir='ltr'>τὴν</span> <span class='ocrx_word' id='word_1_378' title='bbox 1505 2250 1597 2302; x_wconf 82' lang='grc' dir='ltr'>τῆς</span> <span class='ocrx_word' id='word_1_379' title='bbox 1661 2241 1900 2300; x_wconf 73' lang='grc' dir='ltr'>ἀληθείας</span> 
     </span>
    </p>
   </div>
   <div class='ocr_carea' id='block_1_50' title="bbox 289 2332 685 2410">
    <p class='ocr_par' dir='ltr' id='par_1_50' title="bbox 289 2332 685 2410">
     <span class='ocr_line' id='line_1_50' title="bbox 289 2332 685 2410; baseline 0.003 -21"><span class='ocrx_word' id='word_1_380' title='bbox 289 2335 584 2410; x_wconf 70' lang='grc' dir='ltr'>ἀνεύρεσιν.</span> <span class='ocrx_word' id='word_1_381' title='bbox 673 2332 685 2341; x_wconf 70' lang='grc'><em>’</em></span> 
     </span>
    </p>
   </div>
   <div class='ocr_carea' id='block_1_51' title="bbox 369 2419 1973 2510">
    <p class='ocr_par' dir='ltr' id='par_1_51' title="bbox 369 2419 1973 2510">
     <span class='ocr_line' id='line_1_51' title="bbox 369 2419 1973 2510; baseline -0.006 -33"><span class='ocrx_word' id='word_1_382' title='bbox 369 2425 766 2496; x_wconf 74' lang='grc' dir='ltr'>Ἀνωφορείσθω</span> <span class='ocrx_word' id='word_1_383' title='bbox 827 2427 999 2475; x_wconf 79' lang='grc' dir='ltr'>τοίνυν</span> <span class='ocrx_word' id='word_1_384' title='bbox 1053 2424 1079 2474; x_wconf 87' lang='lat'>6</span> <span class='ocrx_word' id='word_1_385' title='bbox 1129 2421 1285 2492; x_wconf 72' lang='grc' dir='ltr'>λόγος</span> <span class='ocrx_word' id='word_1_386' title='bbox 1349 2419 1485 2473; x_wconf 81' lang='grc' dir='ltr'>οὕτω</span> <span class='ocrx_word' id='word_1_387' title='bbox 1541 2421 1901 2492; x_wconf 68' lang='grc' dir='ltr'>πεπυρωμὲνος</span> <span class='ocrx_word' id='word_1_388' title='bbox 1931 2457 1973 2510; x_wconf 76' lang='grc' dir='ltr'><strong>Β</strong></span> 
     </span>
    </p>
   </div>
   <div class='ocr_carea' id='block_1_52' title="bbox 290 2511 1167 2588">
    <p class='ocr_par' dir='ltr' id='par_1_52' title="bbox 290 2511 1167 2588">
     <span class='ocr_line' id='line_1_52' title="bbox 290 2511 1167 2588; baseline -0.006 -22"><span class='ocrx_word' id='word_1_389' title='bbox 290 2518 428 2588; x_wconf 78' lang='grc' dir='ltr'>πρὸς</span> <span class='ocrx_word' id='word_1_390' title='bbox 491 2517 548 2565; x_wconf 86' lang='grc' dir='ltr'>τὸ</span> <span class='ocrx_word' id='word_1_391' title='bbox 639 2521 730 2574; x_wconf 81' lang='grc' dir='ltr'>τῆς</span> <span class='ocrx_word' id='word_1_392' title='bbox 780 2513 976 2586; x_wconf 77' lang='grc' dir='ltr'>ἡμέρας</span> <span class='ocrx_word' id='word_1_393' title='bbox 1033 2511 1167 2580; x_wconf 73' lang='grc' dir='ltr'>ὕψος</span> 
     </span>
    </p>
   </div>
   <div class='ocr_carea' id='block_1_53' title="bbox 291 2597 1902 2676">
    <p class='ocr_par' dir='ltr' id='par_1_53' title="bbox 291 2597 1902 2676">
     <span class='ocr_line' id='line_1_53' title="bbox 291 2597 1902 2676; baseline -0.006 -19"><span class='ocrx_word' id='word_1_394' title='bbox 291 2603 522 2658; x_wconf 78' lang='grc' dir='ltr'>πτὰσθω</span> <span class='ocrx_word' id='word_1_395' title='bbox 563 2600 790 2676; x_wconf 79' lang='grc' dir='ltr'>Γαϐριὴλ</span> <span class='ocrx_word' id='word_1_396' title='bbox 821 2609 893 2670; x_wconf 85' lang='grc' dir='ltr'>τῷ</span> <span class='ocrx_word' id='word_1_397' title='bbox 921 2603 1234 2674; x_wconf 70' lang='grc' dir='ltr'>πυριμὸρφῳ</span> <span class='ocrx_word' id='word_1_398' title='bbox 1287 2597 1504 2669; x_wconf 71' lang='grc' dir='ltr'>ἀγγέλῳ.</span> <span class='ocrx_word' id='word_1_399' title='bbox 1559 2604 1752 2649; x_wconf 77' lang='grc' dir='ltr'>Τοῦτον</span> <span class='ocrx_word' id='word_1_400' title='bbox 1799 2598 1902 2669; x_wconf 73' lang='grc' dir='ltr'><strong>γὰρ</strong></span> 
     </span>
    </p>
   </div>
   <div class='ocr_carea' id='block_1_54' title="bbox 295 2687 1904 2765">
    <p class='ocr_par' dir='ltr' id='par_1_54' title="bbox 295 2687 1904 2765">
     <span class='ocr_line' id='line_1_54' title="bbox 295 2687 1904 2765; baseline -0.005 -21"><span class='ocrx_word' id='word_1_401' title='bbox 295 2695 326 2745; x_wconf 88' lang='lat'>6</span> <span class='ocrx_word' id='word_1_402' title='bbox 385 2694 711 2765; x_wconf 77' lang='grc' dir='ltr'>προφητικὸς</span> <span class='ocrx_word' id='word_1_403' title='bbox 779 2688 934 2761; x_wconf 76' lang='grc' dir='ltr'>λόγος</span> <span class='ocrx_word' id='word_1_404' title='bbox 1009 2693 1139 2763; x_wconf 81' lang='grc' dir='ltr'><strong>πρὸς</strong></span> <span class='ocrx_word' id='word_1_405' title='bbox 1215 2690 1281 2739; x_wconf 79' lang='grc' dir='ltr'>τὰ</span> <span class='ocrx_word' id='word_1_406' title='bbox 1360 2695 1453 2747; x_wconf 84' lang='grc' dir='ltr'>τῆς</span> <span class='ocrx_word' id='word_1_407' title='bbox 1509 2687 1904 2760; x_wconf 78' lang='grc' dir='ltr'>πανυπεράγνου</span> 
     </span>
    </p>
   </div>
   <div class='ocr_carea' id='block_1_55' title="bbox 297 2777 1906 2854">
    <p class='ocr_par' dir='ltr' id='par_1_55' title="bbox 297 2777 1906 2854">
     <span class='ocr_line' id='line_1_55' title="bbox 297 2777 1906 2854; baseline -0.005 -21"><span class='ocrx_word' id='word_1_408' title='bbox 297 2783 568 2854; x_wconf 77' lang='grc' dir='ltr'>Παρθένου</span> <span class='ocrx_word' id='word_1_409' title='bbox 635 2777 910 2849; x_wconf 67' lang='grc' dir='ltr'>εὐαγγέλια</span> <span class='ocrx_word' id='word_1_410' title='bbox 979 2782 1352 2850; x_wconf 74' lang='grc' dir='ltr'>συντονώτερον</span> <span class='ocrx_word' id='word_1_411' title='bbox 1403 2780 1698 2846; x_wconf 72' lang='grc' dir='ltr'>κατεπείγει</span> <span class='ocrx_word' id='word_1_412' title='bbox 1740 2796 1752 2807; x_wconf 90' lang='grc'><strong>·</strong></span> <span class='ocrx_word' id='word_1_413' title='bbox 1812 2779 1906 2832; x_wconf 79' lang='grc' dir='ltr'>τὴν</span> 
     </span>
    </p>
   </div>
   <div class='ocr_carea' id='block_1_56' title="bbox 296 2859 1910 2941">
    <p class='ocr_par' dir='ltr' id='par_1_56' title="bbox 296 2859 1910 2941">
     <span class='ocr_line' id='line_1_56' title="bbox 296 2859 1910 2941; baseline -0.006 -19"><span class='ocrx_word' id='word_1_414' title='bbox 296 2866 366 2922; x_wconf 70' lang='grc' dir='ltr'>δὲ</span> <span class='ocrx_word' id='word_1_415' title='bbox 407 2867 480 2928; x_wconf 87' lang='grc' dir='ltr'>εἰς</span> <span class='ocrx_word' id='word_1_416' title='bbox 528 2865 868 2941; x_wconf 77' lang='grc' dir='ltr'>Ἰερουσαλήμ</span> <span class='ocrx_word' id='word_1_417' title='bbox 917 2871 1007 2917; x_wconf 79' lang='grc' dir='ltr'>καὶ</span> <span class='ocrx_word' id='word_1_418' title='bbox 1054 2869 1180 2918; x_wconf 85' lang='grc' dir='ltr'>Σιὼν</span> <span class='ocrx_word' id='word_1_419' title='bbox 1244 2865 1274 2920; x_wconf 76' lang='grc' dir='ltr'><strong>ἡ</strong></span> <span class='ocrx_word' id='word_1_420' title='bbox 1327 2867 1624 2937; x_wconf 71' lang='grc' dir='ltr'>προφητικὴ</span> <span class='ocrx_word' id='word_1_421' title='bbox 1683 2859 1910 2936; x_wconf 82' lang='grc' dir='ltr'>διὸπτρα</span> 
     </span>
    </p>
   </div>
   <div class='ocr_carea' id='block_1_57' title="bbox 293 2952 1911 3031">
    <p class='ocr_par' dir='ltr' id='par_1_57' title="bbox 293 2952 1911 3031">
     <span class='ocr_line' id='line_1_57' title="bbox 293 2952 1911 3031; baseline -0.004 -22"><span class='ocrx_word' id='word_1_422' title='bbox 293 2955 606 3031; x_wconf 72' lang='grc' dir='ltr'>προέϐλιψε,</span> <span class='ocrx_word' id='word_1_423' title='bbox 672 2959 730 3007; x_wconf 80' lang='grc' dir='ltr'>τὸ</span> <span class='ocrx_word' id='word_1_424' title='bbox 801 2958 892 3026; x_wconf 68' lang='grc' dir='ltr'>μὲν</span> <span class='ocrx_word' id='word_1_425' title='bbox 931 2957 998 3016; x_wconf 83' lang='grc' dir='ltr'>ὡς</span> <span class='ocrx_word' id='word_1_426' title='bbox 1072 2952 1222 3006; x_wconf 82' lang='grc' dir='ltr'>πόλιν</span> <span class='ocrx_word' id='word_1_427' title='bbox 1249 2971 1342 3004; x_wconf 75' lang='grc' dir='ltr'>του</span> <span class='ocrx_word' id='word_1_428' title='bbox 1387 2952 1642 3013; x_wconf 80' lang='grc' dir='ltr'>Βασιλέως</span> <span class='ocrx_word' id='word_1_429' title='bbox 1693 2959 1786 3003; x_wconf 79' lang='grc' dir='ltr'>τοῦ</span> <span class='ocrx_word' id='word_1_430' title='bbox 1827 2969 1911 3022; x_wconf 83' lang='grc' dir='ltr'>με·</span> 
     </span>
    </p>
   </div>
   <div class='ocr_carea' id='block_1_58' title="bbox 298 3038 1908 3118">
    <p class='ocr_par' dir='ltr' id='par_1_58' title="bbox 298 3038 1908 3118">
     <span class='ocr_line' id='line_1_58' title="bbox 298 3038 1908 3118; baseline -0.005 -20"><span class='ocrx_word' id='word_1_431' title='bbox 298 3046 492 3118; x_wconf 72' lang='grc' dir='ltr'>γάλου,</span> <span class='ocrx_word' id='word_1_432' title='bbox 567 3050 686 3118; x_wconf 74' lang='grc' dir='ltr'><strong>περὶ</strong></span> <span class='ocrx_word' id='word_1_433' title='bbox 763 3044 828 3104; x_wconf 78' lang='grc' dir='ltr'>ἧς</span> <span class='ocrx_word' id='word_1_434' title='bbox 901 3047 1092 3118; x_wconf 79' lang='grc' dir='ltr'><strong>κυρίως</strong></span> <span class='ocrx_word' id='word_1_435' title='bbox 1186 3038 1547 3114; x_wconf 76' lang='grc' dir='ltr'>δεδοξασμένα</span> <span class='ocrx_word' id='word_1_436' title='bbox 1623 3039 1908 3111; x_wconf 76' lang='grc' dir='ltr'>λελᾳληται·</span> 
     </span>
    </p>
   </div>
   <div class='ocr_carea' id='block_1_59' title="bbox 296 3128 1912 3207">
    <p class='ocr_par' dir='ltr' id='par_1_59' title="bbox 296 3128 1912 3207">
     <span class='ocr_line' id='line_1_59' title="bbox 296 3128 1912 3207; baseline -0.005 -20"><span class='ocrx_word' id='word_1_437' title='bbox 296 3138 366 3187; x_wconf 85' lang='grc' dir='ltr'>τὸ</span> <span class='ocrx_word' id='word_1_438' title='bbox 393 3131 537 3187; x_wconf 78' lang='grc' dir='ltr'>δ’ὄτι</span> <span class='ocrx_word' id='word_1_439' title='bbox 571 3134 1010 3207; x_wconf 56' lang='grc' dir='ltr'>πρόςξκατοὶκίαν</span> <span class='ocrx_word' id='word_1_440' title='bbox 1055 3131 1241 3183; x_wconf 71' lang='grc' dir='ltr'>ἑαυτοῦ</span> <span class='ocrx_word' id='word_1_441' title='bbox 1297 3134 1390 3187; x_wconf 78' lang='grc' dir='ltr'>τήν</span> <span class='ocrx_word' id='word_1_442' title='bbox 1450 3128 1658 3200; x_wconf 68' lang='grc' dir='ltr'>ὑψηλήν</span> <span class='ocrx_word' id='word_1_443' title='bbox 1720 3131 1912 3186; x_wconf 77' lang='grc' dir='ltr'>ταύτην</span> 
     </span>
    </p>
   </div>
   <div class='ocr_carea' id='block_1_60' title="bbox 297 3225 759 3296">
    <p class='ocr_par' dir='ltr' id='par_1_60' title="bbox 297 3225 759 3296">
     <span class='ocr_line' id='line_1_60' title="bbox 297 3225 759 3296; baseline 0 -20"><span class='ocrx_word' id='word_1_444' title='bbox 297 3228 437 3277; x_wconf 79' lang='grc' dir='ltr'>Σιὼν</span> <span class='ocrx_word' id='word_1_445' title='bbox 464 3225 759 3296; x_wconf 80' lang='grc' dir='ltr'>ἡρετίσατο.</span> 
     </span>
    </p>
   </div>
   <div class='ocr_carea' id='block_1_61' title="bbox 1246 2513 1904 2584">
    <p class='ocr_par' dir='ltr' id='par_1_61' title="bbox 1246 2513 1904 2584">
     <span class='ocr_line' id='line_1_61' title="bbox 1246 2513 1904 2584; baseline -0.005 -23"><span class='ocrx_word' id='word_1_446' title='bbox 1246 2513 1524 2584; x_wconf 78' lang='grc' dir='ltr'>μετάρσιον</span> <span class='ocrx_word' id='word_1_447' title='bbox 1535 2529 1548 2541; x_wconf 91' lang='grc'><strong>·</strong></span> <span class='ocrx_word' id='word_1_448' title='bbox 1617 2513 1706 2560; x_wconf 77' lang='grc' dir='ltr'>καὶ</span> <span class='ocrx_word' id='word_1_449' title='bbox 1761 2526 1904 2558; x_wconf 90' lang='grc' dir='ltr'>συνι-</span> 
     </span>
    </p>
   </div>
   <div class='ocr_carea' id='block_1_62' title="bbox 567 3044 1092 3118">
    <p class='ocr_par' dir='ltr' id='par_1_62' title="bbox 567 3044 1092 3118">
     <span class='ocr_line' id='line_1_62' title="bbox 567 3044 1092 3118; baseline -0.006 -22"><span class='ocrx_word' id='word_1_450' title='bbox 567 3050 686 3118; x_wconf 81' lang='grc' dir='ltr'><strong>περὶ</strong></span> <span class='ocrx_word' id='word_1_451' title='bbox 763 3044 794 3102; x_wconf 77' lang='grc' dir='ltr'>ἧ</span> <span class='ocrx_word' id='word_1_452' title='bbox 806 3063 828 3104; x_wconf 90' lang='grc' dir='ltr'>ς</span> <span class='ocrx_word' id='word_1_453' title='bbox 901 3047 1092 3118; x_wconf 78' lang='grc' dir='ltr'><strong>κυρίως</strong></span> 
     </span>
    </p>
   </div>
   <div class='ocr_carea' id='block_1_63' title="bbox 380 3398 1916 3476">
    <p class='ocr_par' dir='ltr' id='par_1_63' title="bbox 380 3398 1916 3476">
     <span class='ocr_line' id='line_1_63' title="bbox 380 3398 1916 3476; baseline -0.007 -18"><span class='ocrx_word' id='word_1_454' title='bbox 380 3404 544 3461; x_wconf 89' lang='grc' dir='ltr'>Β’.Τό</span> <span class='ocrx_word' id='word_1_455' title='bbox 572 3401 633 3458; x_wconf 73' lang='grc' dir='ltr'>δέ</span> <span class='ocrx_word' id='word_1_456' title='bbox 690 3406 1034 3476; x_wconf 71' lang='grc' dir='ltr'>συναγόμενον</span> <span class='ocrx_word' id='word_1_457' title='bbox 1101 3404 1166 3463; x_wconf 82' lang='grc' dir='ltr'>ὡς</span> <span class='ocrx_word' id='word_1_458' title='bbox 1230 3403 1504 3473; x_wconf 70' lang='grc' dir='ltr'>ὑπερφυές.</span> <span class='ocrx_word' id='word_1_459' title='bbox 1574 3405 1659 3468; x_wconf 85' lang='grc' dir='ltr'>Τῷ</span> <span class='ocrx_word' id='word_1_460' title='bbox 1701 3398 1916 3471; x_wconf 80' lang='grc' dir='ltr'>ούρανο-</span> 
     </span>
    </p>
   </div>
   <div class='ocr_carea' id='block_1_64' title="bbox 305 3483 1917 3568">
    <p class='ocr_par' dir='ltr' id='par_1_64' title="bbox 305 3483 1917 3568">
     <span class='ocr_line' id='line_1_64' title="bbox 305 3483 1917 3568; baseline -0.006 -20"><span class='ocrx_word' id='word_1_461' title='bbox 305 3495 502 3568; x_wconf 75' lang='grc' dir='ltr'>ϐοίμονι</span> <span class='ocrx_word' id='word_1_462' title='bbox 537 3497 662 3566; x_wconf 67' lang='grc' dir='ltr'><strong>γὰρ,</strong></span> <span class='ocrx_word' id='word_1_463' title='bbox 695 3497 861 3564; x_wconf 76' lang='grc' dir='ltr'>τούτῳ</span> <span class='ocrx_word' id='word_1_464' title='bbox 890 3501 963 3563; x_wconf 80' lang='grc' dir='ltr'>τῷ</span> <span class='ocrx_word' id='word_1_465' title='bbox 992 3501 1083 3545; x_wconf 79' lang='grc' dir='ltr'>τοῦ</span> <span class='ocrx_word' id='word_1_466' title='bbox 1125 3500 1259 3546; x_wconf 73' lang='grc' dir='ltr'>Θεοῦ</span> <span class='ocrx_word' id='word_1_467' title='bbox 1314 3487 1659 3565; x_wconf 72' lang='grc' dir='ltr'>πρωταγγέλῳ</span> <span class='ocrx_word' id='word_1_468' title='bbox 1715 3483 1917 3559; x_wconf 80' lang='grc' dir='ltr'>προδή-</span> 
     </span>
    </p>
   </div>
   <div class='ocr_carea' id='block_1_65' title="bbox 305 3578 1142 3654">
    <p class='ocr_par' dir='ltr' id='par_1_65' title="bbox 305 3578 1142 3654">
     <span class='ocr_line' id='line_1_65' title="bbox 305 3578 1142 3654; baseline -0.005 -18"><span class='ocrx_word' id='word_1_469' title='bbox 305 3585 409 3646; x_wconf 82' lang='grc' dir='ltr'>λως</span> <span class='ocrx_word' id='word_1_470' title='bbox 463 3586 488 3636; x_wconf 87' lang='lat'>6</span> <span class='ocrx_word' id='word_1_471' title='bbox 543 3583 696 3654; x_wconf 67' lang='grc' dir='ltr'>λόγος</span> <span class='ocrx_word' id='word_1_472' title='bbox 769 3578 1142 3649; x_wconf 76' lang='grc' dir='ltr'>διακελεύεται,</span> 
     </span>
    </p>
   </div>
   <div class='ocr_carea' id='block_1_66' title="bbox 308 3664 1923 3744">
    <p class='ocr_par' dir='ltr' id='par_1_66' title="bbox 308 3664 1923 3744">
     <span class='ocr_line' id='line_1_66' title="bbox 308 3664 1923 3744; baseline -0.006 -18"><span class='ocrx_word' id='word_1_473' title='bbox 308 3678 499 3732; x_wconf 72' lang='grc' dir='ltr'>ἥκοντι</span> <span class='ocrx_word' id='word_1_474' title='bbox 552 3678 644 3724; x_wconf 82' lang='grc' dir='ltr'>καὶ</span> <span class='ocrx_word' id='word_1_475' title='bbox 714 3670 1058 3744; x_wconf 72' lang='grc' dir='ltr'>ἀγχωμάλου,</span> <span class='ocrx_word' id='word_1_476' title='bbox 1136 3668 1440 3743; x_wconf 78' lang='grc' dir='ltr'>ἀνατρέχειν</span> <span class='ocrx_word' id='word_1_477' title='bbox 1504 3665 1577 3728; x_wconf 84' lang='grc' dir='ltr'>εἰς</span> <span class='ocrx_word' id='word_1_478' title='bbox 1643 3664 1792 3736; x_wconf 69' lang='grc' dir='ltr'>ὕψος,</span> <span class='ocrx_word' id='word_1_479' title='bbox 1834 3669 1923 3716; x_wconf 82' lang='grc' dir='ltr'>καὶ</span> 
     </span>
    </p>
   </div>
   <div class='ocr_carea' id='block_1_67' title="bbox 311 3758 1142 3833">
    <p class='ocr_par' dir='ltr' id='par_1_67' title="bbox 311 3758 1142 3833">
     <span class='ocr_line' id='line_1_67' title="bbox 311 3758 1142 3833; baseline -0.004 -18"><span class='ocrx_word' id='word_1_480' title='bbox 311 3767 413 3820; x_wconf 64' lang='grc' dir='ltr'>τὸν</span> <span class='ocrx_word' id='word_1_481' title='bbox 441 3765 610 3833; x_wconf 75' lang='grc' dir='ltr'>φωνήν</span> <span class='ocrx_word' id='word_1_482' title='bbox 637 3758 874 3832; x_wconf 82' lang='grc' dir='ltr'>ἶσχυρῴς</span> <span class='ocrx_word' id='word_1_483' title='bbox 894 3759 1142 3829; x_wconf 68' lang='grc' dir='ltr'>άνυψοῡν.</span> 
     </span>
    </p>
   </div>
   <div class='ocr_carea' id='block_1_68' title="bbox 390 3934 1924 4012">
    <p class='ocr_par' dir='ltr' id='par_1_68' title="bbox 390 3934 1924 4012">
     <span class='ocr_line' id='line_1_68' title="bbox 390 3934 1924 4012; baseline -0.007 -19"><span class='ocrx_word' id='word_1_484' title='bbox 390 3941 545 3994; x_wconf 80' lang='grc' dir='ltr'>⁴Εστι</span> <span class='ocrx_word' id='word_1_485' title='bbox 571 3943 672 4012; x_wconf 78' lang='grc' dir='ltr'>γάρ</span> <span class='ocrx_word' id='word_1_486' title='bbox 736 3942 875 3992; x_wconf 74' lang='grc' dir='ltr'>ἔστιν</span> <span class='ocrx_word' id='word_1_487' title='bbox 915 3941 985 3998; x_wconf 82' lang='grc' dir='ltr'>ὡς</span> <span class='ocrx_word' id='word_1_488' title='bbox 1050 3936 1312 3996; x_wconf 79' lang='grc' dir='ltr'><strong>ἀληθῶςή</strong></span> <span class='ocrx_word' id='word_1_489' title='bbox 1379 3934 1631 4006; x_wconf 82' lang='grc' dir='ltr'>Παρθένος</span> <span class='ocrx_word' id='word_1_490' title='bbox 1678 3940 1778 3984; x_wconf 86' lang='grc' dir='ltr'>τῶν</span> <span class='ocrx_word' id='word_1_491' title='bbox 1831 3935 1924 3983; x_wconf 84' lang='grc' dir='ltr'>οὺ-</span> 
     </span>
    </p>
   </div>
   <div class='ocr_carea' id='block_1_69' title="bbox 317 4019 1924 4106">
    <p class='ocr_par' dir='ltr' id='par_1_69' title="bbox 317 4019 1924 4106">
     <span class='ocr_line' id='line_1_69' title="bbox 317 4019 1924 4106; baseline -0.006 -24"><span class='ocrx_word' id='word_1_492' title='bbox 317 4034 511 4106; x_wconf 84' lang='grc' dir='ltr'>ρανίων</span> <span class='ocrx_word' id='word_1_493' title='bbox 544 4025 750 4100; x_wconf 64' lang='grc' dir='ltr'>ἀψίδων</span> <span class='ocrx_word' id='word_1_494' title='bbox 789 4025 1104 4100; x_wconf 51' lang='grc' dir='ltr'>ὑψηλοτέρα,</span> <span class='ocrx_word' id='word_1_495' title='bbox 1159 4029 1249 4076; x_wconf 78' lang='grc' dir='ltr'>καὶ</span> <span class='ocrx_word' id='word_1_496' title='bbox 1314 4031 1413 4075; x_wconf 80' lang='grc' dir='ltr'>τῶν</span> <span class='ocrx_word' id='word_1_497' title='bbox 1467 4019 1704 4074; x_wconf 86' lang='grc' dir='ltr'>θεοειδῶν</span> <span class='ocrx_word' id='word_1_498' title='bbox 1764 4020 1924 4092; x_wconf 71' lang='grc' dir='ltr'>ἀαγγέ-</span> 
     </span>
    </p>
   </div>
   <div class='ocr_carea' id='block_1_70' title="bbox 315 4108 1925 4192">
    <p class='ocr_par' dir='ltr' id='par_1_70' title="bbox 315 4108 1925 4192">
     <span class='ocr_line' id='line_1_70' title="bbox 315 4108 1925 4192; baseline -0.007 -20"><span class='ocrx_word' id='word_1_499' title='bbox 315 4121 423 4172; x_wconf 79' lang='grc' dir='ltr'>λων</span> <span class='ocrx_word' id='word_1_500' title='bbox 469 4115 825 4192; x_wconf 77' lang='grc' dir='ltr'>Θεοειδεστέρα</span> <span class='ocrx_word' id='word_1_501' title='bbox 857 4137 869 4149; x_wconf 79' lang='lat'><strong>-</strong></span> <span class='ocrx_word' id='word_1_502' title='bbox 903 4115 997 4167; x_wconf 80' lang='grc' dir='ltr'>κᾶν</span> <span class='ocrx_word' id='word_1_503' title='bbox 1036 4118 1154 4186; x_wconf 69' lang='grc' dir='ltr'><strong>περί</strong></span> <span class='ocrx_word' id='word_1_504' title='bbox 1209 4132 1306 4164; x_wconf 84' lang='grc' dir='ltr'>που</span> <span class='ocrx_word' id='word_1_505' title='bbox 1368 4108 1572 4184; x_wconf 76' lang='grc' dir='ltr'>βαδίζῃ</span> <span class='ocrx_word' id='word_1_506' title='bbox 1630 4117 1719 4170; x_wconf 77' lang='grc' dir='ltr'>τῆς</span> <span class='ocrx_word' id='word_1_507' title='bbox 1773 4109 1925 4161; x_wconf 86' lang='grc' dir='ltr'>Γαλι-</span> 
     </span>
    </p>
   </div>
   <div class='ocr_carea' id='block_1_71' title="bbox 399 4283 1926 4362">
    <p class='ocr_par' dir='ltr' id='par_1_71' title="bbox 399 4283 1926 4362">
     <span class='ocr_line' id='line_1_71' title="bbox 399 4283 1926 4362; baseline -0.006 -13"><span class='ocrx_word' id='word_1_508' title='bbox 399 4294 474 4362; x_wconf 85' lang='lat' dir='ltr'>(l)</span> <span class='ocrx_word' id='word_1_509' title='bbox 489 4293 600 4347; x_wconf 89' lang='lat' dir='ltr'>lsa.</span> <span class='ocrx_word' id='word_1_510' title='bbox 617 4308 710 4356; x_wconf 73' lang='lat' dir='ltr'>XL,</span> <span class='ocrx_word' id='word_1_511' title='bbox 723 4296 776 4348; x_wconf 89' lang='lat'>9.</span> <span class='ocrx_word' id='word_1_512' title='bbox 793 4293 938 4362; x_wconf 86' lang='lat' dir='ltr'>Cum</span> <span class='ocrx_word' id='word_1_513' title='bbox 954 4291 1156 4346; x_wconf 68' lang='lat' dir='ltr'>Grmca</span> <span class='ocrx_word' id='word_1_514' title='bbox 1171 4288 1269 4344; x_wconf 92' lang='lat' dir='ltr'>SS.</span> <span class='ocrx_word' id='word_1_515' title='bbox 1289 4286 1616 4362; x_wconf 75' lang='lat' dir='ltr'>Bibliorum</span> <span class='ocrx_word' id='word_1_516' title='bbox 1627 4283 1926 4362; x_wconf 82' lang='lat' dir='ltr'>exempla-</span> 
     </span>
    </p>
   </div>
   <div class='ocr_carea' id='block_1_72' title="bbox 326 4356 1924 4431">
    <p class='ocr_par' dir='ltr' id='par_1_72' title="bbox 326 4356 1924 4431">
     <span class='ocr_line' id='line_1_72' title="bbox 326 4356 1924 4431; baseline -0.006 -10"><span class='ocrx_word' id='word_1_517' title='bbox 326 4356 419 4421; x_wconf 82' lang='lat' dir='ltr'>ria</span> <span class='ocrx_word' id='word_1_518' title='bbox 442 4356 782 4419; x_wconf 86' lang='lat' dir='ltr'>constanter</span> <span class='ocrx_word' id='word_1_519' title='bbox 802 4361 901 4416; x_wconf 87' lang='lat' dir='ltr'>hic</span> <span class='ocrx_word' id='word_1_520' title='bbox 922 4361 1142 4428; x_wconf 85' lang='lat' dir='ltr'>legant,</span> <span class='ocrx_word' id='word_1_521' title='bbox 1171 4363 1255 4409; x_wconf 83' lang='grc' dir='ltr'>ἐπὶ</span> <span class='ocrx_word' id='word_1_522' title='bbox 1286 4361 1397 4431; x_wconf 74' lang='grc' dir='ltr'><strong>ὅρος</strong></span> <span class='ocrx_word' id='word_1_523' title='bbox 1444 4356 1713 4431; x_wconf 52' lang='grc' dir='ltr'>ἠφώώνη,</span> <span class='ocrx_word' id='word_1_524' title='bbox 1741 4361 1924 4427; x_wconf 87' lang='lat' dir='ltr'>patet,</span> 
     </span>
    </p>
   </div>
   <div class='ocr_carea' id='block_1_73' title="bbox 331 4429 1926 4492">
    <p class='ocr_par' dir='ltr' id='par_1_73' title="bbox 331 4429 1926 4492">
     <span class='ocr_line' id='line_1_73' title="bbox 331 4429 1926 4492; baseline -0.006 -2"><span class='ocrx_word' id='word_1_525' title='bbox 331 4434 626 4492; x_wconf 90' lang='lat' dir='ltr'>mendoso</span> <span class='ocrx_word' id='word_1_526' title='bbox 651 4432 856 4488; x_wconf 90' lang='lat' dir='ltr'>codice</span> <span class='ocrx_word' id='word_1_527' title='bbox 895 4447 1074 4486; x_wconf 83' lang='lat' dir='ltr'>usum</span> <span class='ocrx_word' id='word_1_528' title='bbox 1115 4445 1249 4484; x_wconf 82' lang='lat' dir='ltr'>esse</span> <span class='ocrx_word' id='word_1_529' title='bbox 1299 4429 1689 4484; x_wconf 83' lang='lat' dir='ltr'>Nicodemum</span> <span class='ocrx_word' id='word_1_530' title='bbox 1715 4442 1926 4482; x_wconf 89' lang='lat' dir='ltr'>mona-</span> 
     </span>
    </p>
   </div>
   <div class='ocr_carea' id='block_1_74' title="bbox 332 4499 1926 4581">
    <p class='ocr_par' dir='ltr' id='par_1_74' title="bbox 332 4499 1926 4581">
     <span class='ocr_line' id='line_1_74' title="bbox 332 4499 1926 4581; baseline -0.007 -19"><span class='ocrx_word' id='word_1_531' title='bbox 332 4508 538 4581; x_wconf 76' lang='lat' dir='ltr'>chum,</span> <span class='ocrx_word' id='word_1_532' title='bbox 562 4503 1128 4581; x_wconf 52' lang='lat' dir='ltr'>qui(_Heo_r_todrom.</span> <span class='ocrx_word' id='word_1_533' title='bbox 1160 4516 1306 4581; x_wconf 66' lang='lat' dir='ltr'>pag1</span> <span class='ocrx_word' id='word_1_534' title='bbox 1323 4502 1446 4581; x_wconf 48' lang='grc' dir='ltr'>ξοδ)</span> <span class='ocrx_word' id='word_1_535' title='bbox 1479 4500 1710 4581; x_wconf 70' lang='lat' dir='ltr'>initium</span> <span class='ocrx_word' id='word_1_536' title='bbox 1734 4499 1926 4581; x_wconf 75' lang='lat' dir='ltr'>hujus</span> 
     </span>
    </p>
   </div>
   <div class='ocr_carea' id='block_1_75' title="bbox 331 4568 1843 4645">
    <p class='ocr_par' dir='ltr' id='par_1_75' title="bbox 331 4568 1843 4645">
     <span class='ocr_line' id='line_1_75' title="bbox 331 4568 1843 4645; baseline -0.007 -12"><span class='ocrx_word' id='word_1_537' title='bbox 331 4568 601 4634; x_wconf 60' lang='lat' dir='ltr'>homiliae&#39;</span> <span class='ocrx_word' id='word_1_538' title='bbox 619 4574 796 4630; x_wconf 80' lang='lat' dir='ltr'>refert</span> <span class='ocrx_word' id='word_1_539' title='bbox 819 4574 980 4645; x_wconf 85' lang='lat' dir='ltr'>hisce</span> <span class='ocrx_word' id='word_1_540' title='bbox 1009 4568 1204 4645; x_wconf 85' lang='lat' dir='ltr'>verbis</span> <span class='ocrx_word' id='word_1_541' title='bbox 1224 4589 1236 4645; x_wconf 65' lang='grc' dir='ltr'><em>ς</em></span> <span class='ocrx_word' id='word_1_542' title='bbox 1255 4568 1370 4645; x_wconf 52' lang='grc' dir='ltr'>Ἐπί</span> <span class='ocrx_word' id='word_1_543' title='bbox 1399 4575 1516 4645; x_wconf 78' lang='grc' dir='ltr'>ὅρος</span> <span class='ocrx_word' id='word_1_544' title='bbox 1548 4568 1843 4645; x_wconf 74' lang='grc' dir='ltr'>ὑψηλοῦ....</span> 
     </span>
    </p>
   </div>
   <div class='ocr_carea' id='block_1_76' title="bbox 409 4641 1928 4717">
    <p class='ocr_par' dir='ltr' id='par_1_76' title="bbox 409 4641 1928 4717">
     <span class='ocr_line' id='line_1_76' title="bbox 409 4641 1928 4717; baseline -0.007 -15"><span class='ocrx_word' id='word_1_545' title='bbox 409 4651 488 4717; x_wconf 78' lang='lat'>(2)</span> <span class='ocrx_word' id='word_1_546' title='bbox 519 4651 628 4702; x_wconf 88' lang='lat' dir='ltr'>lsa.</span> <span class='ocrx_word' id='word_1_547' title='bbox 664 4662 740 4709; x_wconf 80' lang='lat' dir='ltr'>Vl,</span> <span class='ocrx_word' id='word_1_548' title='bbox 771 4649 895 4699; x_wconf 88' lang='lat'>6-7.</span> <span class='ocrx_word' id='word_1_549' title='bbox 938 4644 1013 4699; x_wconf 81' lang='lat' dir='ltr'>Et</span> <span class='ocrx_word' id='word_1_550' title='bbox 1033 4644 1258 4717; x_wconf 74' lang='lat' dir='ltr'>volavit</span> <span class='ocrx_word' id='word_1_551' title='bbox 1286 4642 1367 4698; x_wconf 83' lang='lat' dir='ltr'>ad</span> <span class='ocrx_word' id='word_1_552' title='bbox 1391 4641 1482 4698; x_wconf 85' lang='lat' dir='ltr'>me</span> <span class='ocrx_word' id='word_1_553' title='bbox 1499 4657 1653 4717; x_wconf 79' lang='lat' dir='ltr'>unus</span> <span class='ocrx_word' id='word_1_554' title='bbox 1674 4641 1746 4717; x_wconf 79' lang='lat' dir='ltr'>de</span> <span class='ocrx_word' id='word_1_555' title='bbox 1769 4654 1928 4717; x_wconf 81' lang='lat' dir='ltr'>sera—</span> 
     </span>
    </p>
   </div>
   <div class='ocr_carea' id='block_1_77' title="bbox 331 4711 2006 4792">
    <p class='ocr_par' dir='ltr' id='par_1_77' title="bbox 331 4711 2006 4792">
     <span class='ocr_line' id='line_1_77' title="bbox 331 4711 2006 4792; baseline -0.006 -17"><span class='ocrx_word' id='word_1_556' title='bbox 331 4711 524 4792; x_wconf 76' lang='lat' dir='ltr'>phim,</span> <span class='ocrx_word' id='word_1_557' title='bbox 549 4719 677 4792; x_wconf 79' lang='lat' dir='ltr'>etin</span> <span class='ocrx_word' id='word_1_558' title='bbox 693 4731 878 4792; x_wconf 84' lang='lat' dir='ltr'>manu</span> <span class='ocrx_word' id='word_1_559' title='bbox 893 4718 1019 4792; x_wconf 78' lang='lat' dir='ltr'>ejus</span> <span class='ocrx_word' id='word_1_560' title='bbox 1031 4715 1325 4792; x_wconf 82' lang='lat' dir='ltr'>calculus,</span> <span class='ocrx_word' id='word_1_561' title='bbox 1352 4728 1521 4783; x_wconf 88' lang='lat' dir='ltr'>quem</span> <span class='ocrx_word' id='word_1_562' title='bbox 1533 4712 1764 4781; x_wconf 82' lang='lat' dir='ltr'>forcipe</span> <span class='ocrx_word' id='word_1_563' title='bbox 1785 4711 1931 4766; x_wconf 87' lang='lat' dir='ltr'>tule-</span> <span class='ocrx_word' id='word_1_564' title='bbox 1965 4738 2006 4792; x_wconf 70' lang='grc' dir='ltr'>ι)</span> 
     </span>
    </p>
   </div>
   <div class='ocr_carea' id='block_1_78' title="bbox 337 4787 1421 4855">
    <p class='ocr_par' dir='ltr' id='par_1_78' title="bbox 337 4787 1421 4855">
     <span class='ocr_line' id='line_1_78' title="bbox 337 4787 1421 4855; baseline -0.008 -7"><span class='ocrx_word' id='word_1_565' title='bbox 337 4787 436 4847; x_wconf 67' lang='lat' dir='ltr'>rat</span> <span class='ocrx_word' id='word_1_566' title='bbox 465 4790 539 4845; x_wconf 84' lang='lat' dir='ltr'>de</span> <span class='ocrx_word' id='word_1_567' title='bbox 563 4790 785 4845; x_wconf 83' lang='lat' dir='ltr'>altari:</span> <span class='ocrx_word' id='word_1_568' title='bbox 817 4794 872 4843; x_wconf 87' lang='lat' dir='ltr'>et</span> <span class='ocrx_word' id='word_1_569' title='bbox 899 4787 1091 4855; x_wconf 82' lang='lat' dir='ltr'>tetigit</span> <span class='ocrx_word' id='word_1_570' title='bbox 1118 4801 1179 4840; x_wconf 91' lang='lat' dir='ltr'>os</span> <span class='ocrx_word' id='word_1_571' title='bbox 1209 4800 1421 4840; x_wconf 85' lang='lat' dir='ltr'>meum.</span> 
     </span>
    </p>
   </div>
   <div class='ocr_carea' id='block_1_79' title="bbox 432 4859 1066 4930">
    <p class='ocr_par' dir='ltr' id='par_1_79' title="bbox 432 4859 1066 4930">
     <span class='ocr_line' id='line_1_79' title="bbox 432 4859 1066 4930; baseline -0.006 -16"><span class='ocrx_word' id='word_1_572' title='bbox 432 4862 487 4930; x_wconf 93' lang='lat'>3)</span> <span class='ocrx_word' id='word_1_573' title='bbox 522 4859 676 4915; x_wconf 83' lang='lat' dir='ltr'>Psal.</span> <span class='ocrx_word' id='word_1_574' title='bbox 710 4875 905 4923; x_wconf 84' lang='lat' dir='ltr'>cxvm,</span> <span class='ocrx_word' id='word_1_575' title='bbox 943 4860 1066 4930; x_wconf 76' lang='lat' dir='ltr'>l05.</span> 
     </span>
    </p>
   </div>
   <div class='ocr_carea' id='block_1_80' title="bbox 409 4863 1934 5002">
    <p class='ocr_par' dir='ltr' id='par_1_80' title="bbox 409 4863 1934 5002">
     <span class='ocr_line' id='line_1_80' title="bbox 432 4863 1066 4930; baseline -0.006 -16"><span class='ocrx_word' id='word_1_576' title='bbox 432 4863 487 4930; x_wconf 90' lang='lat'>3)</span> <span class='ocrx_word' id='word_1_577' title='bbox 522 4863 676 4915; x_wconf 83' lang='lat' dir='ltr'>Psal.</span> <span class='ocrx_word' id='word_1_578' title='bbox 710 4875 905 4923; x_wconf 84' lang='lat' dir='ltr'>cxvm,</span> <span class='ocrx_word' id='word_1_579' title='bbox 943 4863 1066 4912; x_wconf 85' lang='lat' dir='ltr'>l05.</span> 
     </span>
     <span class='ocr_line' id='line_1_81' title="bbox 409 4863 1934 5002; baseline -0.005 -15"><span class='ocrx_word' id='word_1_580' title='bbox 409 4863 489 5002; x_wconf 49' lang='grc' dir='ltr'>ξι)</span> <span class='ocrx_word' id='word_1_581' title='bbox 515 4931 676 5002; x_wconf 84' lang='lat' dir='ltr'>Adeo</span> <span class='ocrx_word' id='word_1_582' title='bbox 705 4946 827 4985; x_wconf 90' lang='lat' dir='ltr'>non</span> <span class='ocrx_word' id='word_1_583' title='bbox 857 4928 1068 5002; x_wconf 53' lang='lat' dir='ltr'>Graecis</span> <span class='ocrx_word' id='word_1_584' title='bbox 1096 4924 1430 5002; x_wconf 75' lang='lat' dir='ltr'>m9do,_sed</span> <span class='ocrx_word' id='word_1_585' title='bbox 1455 4923 1711 5002; x_wconf 64' lang='lat' dir='ltr'>etSyris,</span> <span class='ocrx_word' id='word_1_586' title='bbox 1737 4924 1934 4996; x_wconf 88' lang='lat' dir='ltr'>Coptis</span> 
     </span>
    </p>
   </div>
   <div class='ocr_carea' id='block_1_81' title="bbox 334 4995 1936 5068">
    <p class='ocr_par' dir='ltr' id='par_1_81' title="bbox 334 4995 1936 5068">
     <span class='ocr_line' id='line_1_82' title="bbox 334 4995 1936 5068; baseline -0.006 -9"><span class='ocrx_word' id='word_1_587' title='bbox 334 4995 596 5059; x_wconf 74' lang='lat' dir='ltr'>Armenis</span> <span class='ocrx_word' id='word_1_588' title='bbox 609 4996 1404 5056; x_wconf 77' lang='lat' dir='ltr'>consuetumfuitccelestibus</span> <span class='ocrx_word' id='word_1_589' title='bbox 1417 4995 1721 5068; x_wconf 82' lang='lat' dir='ltr'>spiritibus</span> <span class='ocrx_word' id='word_1_590' title='bbox 1735 4995 1936 5068; x_wconf 84' lang='lat' dir='ltr'>quam-</span> 
     </span>
    </p>
   </div>
   <div class='ocr_carea' id='block_1_82' title="bbox 335 5065 1937 5139">
    <p class='ocr_par' dir='ltr' id='par_1_82' title="bbox 335 5065 1937 5139">
     <span class='ocr_line' id='line_1_83' title="bbox 335 5065 1937 5139; baseline -0.006 -9"><span class='ocrx_word' id='word_1_591' title='bbox 335 5076 483 5130; x_wconf 86' lang='lat' dir='ltr'>dam</span> <span class='ocrx_word' id='word_1_592' title='bbox 517 5072 696 5126; x_wconf 84' lang='lat' dir='ltr'>veluti</span> <span class='ocrx_word' id='word_1_593' title='bbox 716 5071 973 5126; x_wconf 85' lang='lat' dir='ltr'>formam</span> <span class='ocrx_word' id='word_1_594' title='bbox 1003 5071 1240 5139; x_wconf 88' lang='lat' dir='ltr'>igneam</span> <span class='ocrx_word' id='word_1_595' title='bbox 1261 5065 1611 5139; x_wconf 75' lang='lat' dir='ltr'>tribuere,ut</span> <span class='ocrx_word' id='word_1_596' title='bbox 1627 5065 1702 5122; x_wconf 91' lang='lat' dir='ltr'>ad</span> <span class='ocrx_word' id='word_1_597' title='bbox 1725 5065 1829 5122; x_wconf 79' lang='lat' dir='ltr'>ebs</span> <span class='ocrx_word' id='word_1_598' title='bbox 1846 5067 1937 5122; x_wconf 90' lang='lat' dir='ltr'>in-</span> 
     </span>
    </p>
   </div>
   <div class='ocr_carea' id='block_1_83' title="bbox 337 5137 1944 5208">
    <p class='ocr_par' dir='ltr' id='par_1_83' title="bbox 337 5137 1944 5208">
     <span class='ocr_line' id='line_1_84' title="bbox 337 5137 1944 5208; baseline -0.005 -8"><span class='ocrx_word' id='word_1_599' title='bbox 337 5143 636 5202; x_wconf 76' lang='lat' dir='ltr'>dicandas</span> <span class='ocrx_word' id='word_1_600' title='bbox 648 5157 770 5197; x_wconf 92' lang='lat' dir='ltr'>non</span> <span class='ocrx_word' id='word_1_601' title='bbox 782 5157 918 5196; x_wconf 86' lang='lat' dir='ltr'>raro</span> <span class='ocrx_word' id='word_1_602' title='bbox 932 5137 1211 5196; x_wconf 80' lang='lat' dir='ltr'>absoluta</span> <span class='ocrx_word' id='word_1_603' title='bbox 1221 5153 1368 5193; x_wconf 88' lang='lat' dir='ltr'>voce</span> <span class='ocrx_word' id='word_1_604' title='bbox 1384 5137 1543 5208; x_wconf 82' lang='lat' dir='ltr'>ignei</span> <span class='ocrx_word' id='word_1_605' title='bbox 1559 5153 1664 5192; x_wconf 77' lang='lat' dir='ltr'>seu</span> <span class='ocrx_word' id='word_1_606' title='bbox 1679 5139 1944 5206; x_wconf 87' lang='lat' dir='ltr'>ﬂammei</span> 
     </span>
    </p>
   </div>
   <div class='ocr_carea' id='block_1_84' title="bbox 338 5208 1943 5284">
    <p class='ocr_par' dir='ltr' id='par_1_84' title="bbox 338 5208 1943 5284">
     <span class='ocr_line' id='line_1_85' title="bbox 338 5208 1943 5284; baseline -0.006 -12"><span class='ocrx_word' id='word_1_607' title='bbox 338 5220 603 5272; x_wconf 88' lang='lat' dir='ltr'>utantur.</span> <span class='ocrx_word' id='word_1_608' title='bbox 633 5217 832 5284; x_wconf 85' lang='lat' dir='ltr'>Neque</span> <span class='ocrx_word' id='word_1_609' title='bbox 861 5211 1192 5284; x_wconf 86' lang='lat' dir='ltr'>admodum</span> <span class='ocrx_word' id='word_1_610' title='bbox 1213 5208 1699 5284; x_wconf 78' lang='lat' dir='ltr'>repugnandum,</span> <span class='ocrx_word' id='word_1_611' title='bbox 1731 5209 1780 5284; x_wconf 66' lang='lat' dir='ltr'>si</span> <span class='ocrx_word' id='word_1_612' title='bbox 1809 5209 1943 5284; x_wconf 86' lang='lat' dir='ltr'>quis</span> 
     </span>
    </p>
   </div>
   <div class='ocr_carea' id='block_1_85' title="bbox 339 5279 1943 5344">
    <p class='ocr_par' dir='ltr' id='par_1_85' title="bbox 339 5279 1943 5344">
     <span class='ocr_line' id='line_1_86' title="bbox 339 5279 1943 5344; baseline -0.007 -1"><span class='ocrx_word' id='word_1_613' title='bbox 339 5289 506 5344; x_wconf 87' lang='lat' dir='ltr'>hunc</span> <span class='ocrx_word' id='word_1_614' title='bbox 535 5279 765 5340; x_wconf 84' lang='lat' dir='ltr'>morem</span> <span class='ocrx_word' id='word_1_615' title='bbox 787 5282 1107 5338; x_wconf 87' lang='lat' dir='ltr'>contendat</span> <span class='ocrx_word' id='word_1_616' title='bbox 1135 5279 1459 5336; x_wconf 74' lang='lat' dir='ltr'>deductum</span> <span class='ocrx_word' id='word_1_617' title='bbox 1487 5294 1616 5335; x_wconf 86' lang='lat' dir='ltr'>esse</span> <span class='ocrx_word' id='word_1_618' title='bbox 1645 5294 1717 5334; x_wconf 83' lang='lat' dir='ltr'>ex</span> <span class='ocrx_word' id='word_1_619' title='bbox 1735 5279 1943 5334; x_wconf 71' lang='lat' dir='ltr'>Psaltis</span> 
     </span>
    </p>
   </div>
   <div class='ocr_carea' id='block_1_86' title="bbox 341 5351 1939 5427">
    <p class='ocr_par' dir='ltr' id='par_1_86' title="bbox 341 5351 1939 5427">
     <span class='ocr_line' id='line_1_87' title="bbox 341 5351 1939 5427; baseline -0.006 -13"><span class='ocrx_word' id='word_1_620' title='bbox 341 5357 546 5414; x_wconf 88' lang='lat' dir='ltr'>verbis</span> <span class='ocrx_word' id='word_1_621' title='bbox 560 5353 735 5427; x_wconf 86' lang='lat' dir='ltr'>(Psal.</span> <span class='ocrx_word' id='word_1_622' title='bbox 751 5369 863 5426; x_wconf 84' lang='lat' dir='ltr'>cui,</span> <span class='ocrx_word' id='word_1_623' title='bbox 879 5354 931 5424; x_wconf 77' lang='grc'>4)</span> <span class='ocrx_word' id='word_1_624' title='bbox 946 5369 959 5407; x_wconf 91' lang='lat'><strong>:</strong></span> <span class='ocrx_word' id='word_1_625' title='bbox 978 5354 1091 5420; x_wconf 84' lang='lat' dir='ltr'>Qui</span> <span class='ocrx_word' id='word_1_626' title='bbox 1093 5352 1250 5422; x_wconf 78' lang='lat' dir='ltr'>facis</span> <span class='ocrx_word' id='word_1_627' title='bbox 1263 5352 1508 5422; x_wconf 84' lang='lat' dir='ltr'>angelos</span> <span class='ocrx_word' id='word_1_628' title='bbox 1530 5356 1660 5406; x_wconf 85' lang='lat' dir='ltr'>tuos</span> <span class='ocrx_word' id='word_1_629' title='bbox 1672 5351 1939 5420; x_wconf 83' lang='lat' dir='ltr'>spiritus,</span> 
     </span>
    </p>
   </div>
   <div class='ocr_carea' id='block_1_87' title="bbox 409 5529 1140 5612">
    <p class='ocr_par' dir='ltr' id='par_1_87' title="bbox 409 5529 1140 5612">
     <span class='ocr_line' id='line_1_88' title="bbox 409 5529 1140 5612; baseline -0.003 -18"><span class='ocrx_word' id='word_1_630' title='bbox 409 5535 630 5612; x_wconf 65' lang='lat' dir='ltr'>,‘Tom.</span> <span class='ocrx_word' id='word_1_631' title='bbox 661 5533 923 5596; x_wconf 75' lang='lat' dir='ltr'><strong>CXXXVI.</strong></span> <span class='ocrx_word' id='word_1_632' title='bbox 953 5529 1140 5592; x_wconf 86' lang='lat' dir='ltr'>initio.</span> 
     </span>
    </p>
   </div>
   <div class='ocr_carea' id='block_1_88' title="bbox 2032 3663 3681 3740">
    <p class='ocr_par' dir='ltr' id='par_1_88' title="bbox 2032 3663 3681 3740">
     <span class='ocr_line' id='line_1_89' title="bbox 2032 3663 3681 3740; baseline 0.004 -21"><span class='ocrx_word' id='word_1_633' title='bbox 2032 3669 2212 3736; x_wconf 89' lang='lat' dir='ltr'>atque</span> <span class='ocrx_word' id='word_1_634' title='bbox 2233 3663 2356 3718; x_wconf 88' lang='lat' dir='ltr'>ima</span> <span class='ocrx_word' id='word_1_635' title='bbox 2384 3663 2625 3734; x_wconf 85' lang='lat' dir='ltr'>regione</span> <span class='ocrx_word' id='word_1_636' title='bbox 2653 3663 3088 3734; x_wconf 85' lang='lat' dir='ltr'>proficiscatur,</span> <span class='ocrx_word' id='word_1_637' title='bbox 3117 3667 3544 3740; x_wconf 89' lang='lat' dir='ltr'>(propheticus)</span> <span class='ocrx_word' id='word_1_638' title='bbox 3564 3685 3681 3725; x_wconf 87' lang='lat' dir='ltr'>ser-</span> 
     </span>
    </p>
   </div>
   <div class='ocr_carea' id='block_1_89' title="bbox 2033 3751 3680 3824">
    <p class='ocr_par' dir='ltr' id='par_1_89' title="bbox 2033 3751 3680 3824">
     <span class='ocr_line' id='line_1_90' title="bbox 2033 3751 3680 3824; baseline 0.002 -16"><span class='ocrx_word' id='word_1_639' title='bbox 2033 3770 2133 3808; x_wconf 91' lang='lat' dir='ltr'>mo</span> <span class='ocrx_word' id='word_1_640' title='bbox 2167 3751 2473 3808; x_wconf 85' lang='lat' dir='ltr'>manifeste</span> <span class='ocrx_word' id='word_1_641' title='bbox 2505 3751 2732 3819; x_wconf 83' lang='lat' dir='ltr'>indicit,</span> <span class='ocrx_word' id='word_1_642' title='bbox 2765 3754 2914 3809; x_wconf 89' lang='lat' dir='ltr'>utin</span> <span class='ocrx_word' id='word_1_643' title='bbox 2945 3753 3134 3811; x_wconf 90' lang='lat' dir='ltr'>altum</span> <span class='ocrx_word' id='word_1_644' title='bbox 3156 3756 3460 3824; x_wconf 85' lang='lat' dir='ltr'>ascendat,</span> <span class='ocrx_word' id='word_1_645' title='bbox 3484 3773 3554 3814; x_wconf 88' lang='lat' dir='ltr'>ac</span> <span class='ocrx_word' id='word_1_646' title='bbox 3577 3773 3680 3812; x_wconf 90' lang='lat' dir='ltr'>vo-</span> 
     </span>
    </p>
   </div>
   <div class='ocr_carea' id='block_1_90' title="bbox 2033 3841 2833 3898">
    <p class='ocr_par' dir='ltr' id='par_1_90' title="bbox 2033 3841 2833 3898">
     <span class='ocr_line' id='line_1_91' title="bbox 2033 3841 2833 3898; baseline -0.001 -1"><span class='ocrx_word' id='word_1_647' title='bbox 2033 3859 2162 3897; x_wconf 92' lang='lat' dir='ltr'>cem</span> <span class='ocrx_word' id='word_1_648' title='bbox 2185 3842 2561 3898; x_wconf 81' lang='lat' dir='ltr'>vehementer</span> <span class='ocrx_word' id='word_1_649' title='bbox 2589 3841 2833 3896; x_wconf 90' lang='lat' dir='ltr'>attollat.</span> 
     </span>
    </p>
   </div>
   <div class='ocr_carea' id='block_1_91' title="bbox 2107 3928 3683 3998">
    <p class='ocr_par' dir='ltr' id='par_1_91' title="bbox 2107 3928 3683 3998">
     <span class='ocr_line' id='line_1_92' title="bbox 2107 3928 3683 3998; baseline 0.002 -13"><span class='ocrx_word' id='word_1_650' title='bbox 2107 3933 2202 3985; x_wconf 88' lang='lat' dir='ltr'>Est</span> <span class='ocrx_word' id='word_1_651' title='bbox 2227 3930 2385 3986; x_wconf 90' lang='lat' dir='ltr'>enim</span> <span class='ocrx_word' id='word_1_652' title='bbox 2419 3928 2621 3998; x_wconf 89' lang='lat' dir='ltr'>Virgo,</span> <span class='ocrx_word' id='word_1_653' title='bbox 2650 3934 2741 3984; x_wconf 89' lang='lat' dir='ltr'>est</span> <span class='ocrx_word' id='word_1_654' title='bbox 2765 3930 3014 3986; x_wconf 90' lang='lat' dir='ltr'>omnino</span> <span class='ocrx_word' id='word_1_655' title='bbox 3043 3932 3332 3988; x_wconf 74' lang='lat' dir='ltr'>cmlorum</span> <span class='ocrx_word' id='word_1_656' title='bbox 3362 3932 3683 3988; x_wconf 87' lang='lat' dir='ltr'>verticibus</span> 
     </span>
    </p>
   </div>
   <div class='ocr_carea' id='block_1_92' title="bbox 2035 4017 3685 4093">
    <p class='ocr_par' dir='ltr' id='par_1_92' title="bbox 2035 4017 3685 4093">
     <span class='ocr_line' id='line_1_93' title="bbox 2035 4017 3685 4093; baseline 0.003 -20"><span class='ocrx_word' id='word_1_657' title='bbox 2035 4018 2363 4083; x_wconf 88' lang='lat' dir='ltr'>sublimior,</span> <span class='ocrx_word' id='word_1_658' title='bbox 2397 4033 2468 4072; x_wconf 88' lang='lat' dir='ltr'>ac</span> <span class='ocrx_word' id='word_1_659' title='bbox 2492 4033 2616 4089; x_wconf 67' lang='lat' dir='ltr'>prte</span> <span class='ocrx_word' id='word_1_660' title='bbox 2647 4017 2874 4088; x_wconf 87' lang='lat' dir='ltr'>angelis</span> <span class='ocrx_word' id='word_1_661' title='bbox 2903 4017 3108 4075; x_wconf 83' lang='lat' dir='ltr'>divina</span> <span class='ocrx_word' id='word_1_662' title='bbox 3137 4018 3330 4076; x_wconf 82' lang='lat' dir='ltr'>forma</span> <span class='ocrx_word' id='word_1_663' title='bbox 3355 4021 3685 4093; x_wconf 68' lang='lat' dir='ltr'>praestanti-</span> 
     </span>
    </p>
   </div>
   <div class='ocr_carea' id='block_1_93' title="bbox 2035 4105 3686 4183">
    <p class='ocr_par' dir='ltr' id='par_1_93' title="bbox 2035 4105 3686 4183">
     <span class='ocr_line' id='line_1_94' title="bbox 2035 4105 3686 4183; baseline 0.002 -21"><span class='ocrx_word' id='word_1_664' title='bbox 2035 4105 2169 4175; x_wconf 84' lang='lat' dir='ltr'>bus,</span> <span class='ocrx_word' id='word_1_665' title='bbox 2205 4109 2322 4161; x_wconf 92' lang='lat' dir='ltr'>Deo</span> <span class='ocrx_word' id='word_1_666' title='bbox 2343 4106 2519 4177; x_wconf 90' lang='lat' dir='ltr'>longe</span> <span class='ocrx_word' id='word_1_667' title='bbox 2551 4105 2800 4162; x_wconf 88' lang='lat' dir='ltr'>similior</span> <span class='ocrx_word' id='word_1_668' title='bbox 2825 4108 2928 4178; x_wconf 90' lang='lat'>(8),</span> <span class='ocrx_word' id='word_1_669' title='bbox 2947 4108 3055 4163; x_wconf 90' lang='lat' dir='ltr'>etsi</span> <span class='ocrx_word' id='word_1_670' title='bbox 3081 4108 3141 4163; x_wconf 91' lang='lat' dir='ltr'>in</span> <span class='ocrx_word' id='word_1_671' title='bbox 3167 4108 3390 4179; x_wconf 89' lang='lat' dir='ltr'>angulo</span> <span class='ocrx_word' id='word_1_672' title='bbox 3413 4109 3686 4183; x_wconf 87' lang='lat' dir='ltr'>quodam</span> 
     </span>
    </p>
   </div>
   <div class='ocr_carea' id='block_1_94' title="bbox 2035 4285 3684 4357">
    <p class='ocr_par' dir='ltr' id='par_1_94' title="bbox 2035 4285 3684 4357">
     <span class='ocr_line' id='line_1_95' title="bbox 2035 4285 3684 4357; baseline 0.002 -17"><span class='ocrx_word' id='word_1_673' title='bbox 2035 4291 2090 4340; x_wconf 88' lang='lat' dir='ltr'>et</span> <span class='ocrx_word' id='word_1_674' title='bbox 2122 4285 2421 4357; x_wconf 76' lang='lat' dir='ltr'>ministros</span> <span class='ocrx_word' id='word_1_675' title='bbox 2457 4289 2586 4341; x_wconf 88' lang='lat' dir='ltr'>tuos</span> <span class='ocrx_word' id='word_1_676' title='bbox 2615 4285 2810 4355; x_wconf 86' lang='lat' dir='ltr'>ignem</span> <span class='ocrx_word' id='word_1_677' title='bbox 2838 4293 3267 4357; x_wconf 76' lang='lat' dir='ltr'>urentem,seu,</span> <span class='ocrx_word' id='word_1_678' title='bbox 3298 4291 3362 4345; x_wconf 89' lang='lat' dir='ltr'>ut</span> <span class='ocrx_word' id='word_1_679' title='bbox 3391 4287 3576 4345; x_wconf 81' lang='lat' dir='ltr'>Graeci</span> <span class='ocrx_word' id='word_1_680' title='bbox 3603 4287 3684 4344; x_wconf 92' lang='lat' dir='ltr'>le-</span> 
     </span>
    </p>
   </div>
   <div class='ocr_carea' id='block_1_95' title="bbox 2036 4355 3684 4432">
    <p class='ocr_par' dir='ltr' id='par_1_95' title="bbox 2036 4355 3684 4432">
     <span class='ocr_line' id='line_1_96' title="bbox 2036 4355 3684 4432; baseline 0 -22"><span class='ocrx_word' id='word_1_681' title='bbox 2036 4361 2201 4425; x_wconf 88' lang='lat' dir='ltr'>gunt,</span> <span class='ocrx_word' id='word_1_682' title='bbox 2234 4364 2336 4432; x_wconf 68' lang='grc' dir='ltr'>πῦρ</span> <span class='ocrx_word' id='word_1_683' title='bbox 2368 4355 2568 4432; x_wconf 58' lang='grc' dir='ltr'>φλέθίον,</span> <span class='ocrx_word' id='word_1_684' title='bbox 2625 4374 2731 4413; x_wconf 91' lang='lat' dir='ltr'>seu</span> <span class='ocrx_word' id='word_1_685' title='bbox 2757 4361 2944 4432; x_wconf 67' lang='lat' dir='ltr'>_nup6g</span> <span class='ocrx_word' id='word_1_686' title='bbox 2990 4359 3174 4431; x_wconf 70' lang='grc' dir='ltr'>φλόγα,</span> <span class='ocrx_word' id='word_1_687' title='bbox 3224 4355 3329 4414; x_wconf 82' lang='lat' dir='ltr'>seu</span> <span class='ocrx_word' id='word_1_688' title='bbox 3367 4359 3684 4432; x_wconf 74' lang='grc' dir='ltr'>πῦρλάϐρον,</span> 
     </span>
    </p>
   </div>
   <div class='ocr_carea' id='block_1_96' title="bbox 2036 4380 3686 4507">
    <p class='ocr_par' dir='ltr' id='par_1_96' title="bbox 2036 4380 3686 4507">
     <span class='ocr_line' id='line_1_97' title="bbox 2036 4380 3684 4432; baseline 0 -22"><span class='ocrx_word' id='word_1_689' title='bbox 2036 4380 2201 4425; x_wconf 64' lang='grc' dir='ltr'>δυυι,</span> <span class='ocrx_word' id='word_1_690' title='bbox 2234 4380 2336 4428; x_wconf 76' lang='grc' dir='ltr'>πυρ</span> <span class='ocrx_word' id='word_1_691' title='bbox 2368 4380 2568 4426; x_wconf 62' lang='grc' dir='ltr'>φΛεἹον)</span> <span class='ocrx_word' id='word_1_692' title='bbox 2625 4380 2731 4413; x_wconf 74' lang='lat' dir='ltr'>seu</span> <span class='ocrx_word' id='word_1_693' title='bbox 2778 4380 2944 4432; x_wconf 79' lang='grc' dir='ltr'>πυρος</span> <span class='ocrx_word' id='word_1_694' title='bbox 2990 4380 3174 4431; x_wconf 66' lang='grc' dir='ltr'>φΛΟΊα,</span> <span class='ocrx_word' id='word_1_695' title='bbox 3224 4380 3329 4414; x_wconf 73' lang='lat' dir='ltr'>seu</span> <span class='ocrx_word' id='word_1_696' title='bbox 3367 4381 3438 4412; x_wconf 88' lang='grc' dir='ltr'>πυ</span> <span class='ocrx_word' id='word_1_697' title='bbox 3478 4380 3684 4432; x_wconf 79' lang='grc' dir='ltr'>Λαυρον,</span> 
     </span>
     <span class='ocr_line' id='line_1_98' title="bbox 2036 4380 3686 4507; baseline 0.002 -27"><span class='ocrx_word' id='word_1_698' title='bbox 2036 4431 2391 4507; x_wconf 48' lang='lat' dir='ltr'>seunupivuv</span> <span class='ocrx_word' id='word_1_699' title='bbox 2435 4427 2625 4507; x_wconf 39' lang='lat' dir='ltr'>flor/az,</span> <span class='ocrx_word' id='word_1_700' title='bbox 2680 4429 2775 4484; x_wconf 84' lang='lat' dir='ltr'>vel</span> <span class='ocrx_word' id='word_1_701' title='bbox 2825 4431 3066 4505; x_wconf 72' lang='grc' dir='ltr'>φλογερὸν</span> <span class='ocrx_word' id='word_1_702' title='bbox 3117 4438 3242 4504; x_wconf 75' lang='grc' dir='ltr'><strong>πῦρ.</strong></span> <span class='ocrx_word' id='word_1_703' title='bbox 3299 4380 3470 4487; x_wconf 45' lang='lat' dir='ltr'>Com}.2</span> <span class='ocrx_word' id='word_1_704' title='bbox 3515 4434 3686 4488; x_wconf 87' lang='lat' dir='ltr'>Joan.</span> 
     </span>
    </p>
   </div>
   <div class='ocr_carea' id='block_1_97' title="bbox 2039 4448 2566 4576">
    <p class='ocr_par' dir='ltr' id='par_1_97' title="bbox 2039 4448 2566 4576">
     <span class='ocr_line' id='line_1_99' title="bbox 2039 4448 2566 4500; baseline -0.004 -20"><span class='ocrx_word' id='word_1_705' title='bbox 2039 4448 2139 4480; x_wconf 83' lang='lat' dir='ltr'>seu</span> <span class='ocrx_word' id='word_1_706' title='bbox 2169 4448 2391 4500; x_wconf 85' lang='grc' dir='ltr'>πυρινμν</span> <span class='ocrx_word' id='word_1_707' title='bbox 2478 4448 2566 4498; x_wconf 70' lang='grc' dir='ltr'>Αογ</span> 
     </span>
     <span class='ocr_line' id='line_1_100' title="bbox 2039 4448 2566 4576; baseline 0.004 -24"><span class='ocrx_word' id='word_1_708' title='bbox 2039 4497 2316 4576; x_wconf 70' lang='lat' dir='ltr'>Larinum</span> <span class='ocrx_word' id='word_1_709' title='bbox 2349 4448 2494 4576; x_wconf 59' lang='lat' dir='ltr'>inii.</span> <span class='ocrx_word' id='word_1_710' title='bbox 2525 4498 2566 4576; x_wconf 90' lang='lat' dir='ltr'>l._</span> 
     </span>
    </p>
   </div>
   <div class='ocr_carea' id='block_1_98' title="bbox 2109 4567 3690 4648">
    <p class='ocr_par' dir='ltr' id='par_1_98' title="bbox 2109 4567 3690 4648">
     <span class='ocr_line' id='line_1_101' title="bbox 2109 4567 3690 4648; baseline 0.004 -26"><span class='ocrx_word' id='word_1_711' title='bbox 2109 4567 2351 4648; x_wconf 35' lang='lat' dir='ltr'>(infide</span> <span class='ocrx_word' id='word_1_712' title='bbox 2375 4569 2676 4648; x_wconf 75' lang='lat' dir='ltr'>singulare</span> <span class='ocrx_word' id='word_1_713' title='bbox 2711 4571 2976 4648; x_wconf 76' lang='lat' dir='ltr'>studium</span> <span class='ocrx_word' id='word_1_714' title='bbox 2997 4572 3464 4648; x_wconf 82' lang='lat' dir='ltr'>exquisitissima</span> <span class='ocrx_word' id='word_1_715' title='bbox 3488 4588 3690 4648; x_wconf 86' lang='lat' dir='ltr'>_usur—</span> 
     </span>
    </p>
   </div>
   <div class='ocr_carea' id='block_1_99' title="bbox 2037 4639 3686 4715">
    <p class='ocr_par' dir='ltr' id='par_1_99' title="bbox 2037 4639 3686 4715">
     <span class='ocr_line' id='line_1_102' title="bbox 2037 4639 3686 4715; baseline 0.003 -22"><span class='ocrx_word' id='word_1_716' title='bbox 2037 4639 2226 4715; x_wconf 86' lang='lat' dir='ltr'>pandi</span> <span class='ocrx_word' id='word_1_717' title='bbox 2253 4640 2655 4715; x_wconf 66' lang='lat' dir='ltr'>vocabulaad</span> <span class='ocrx_word' id='word_1_718' title='bbox 2686 4642 3050 4712; x_wconf 87' lang='lat' dir='ltr'>singularem</span> <span class='ocrx_word' id='word_1_719' title='bbox 3075 4639 3342 4714; x_wconf 69' lang='lat' dir='ltr'>Deiparm</span> <span class='ocrx_word' id='word_1_720' title='bbox 3369 4643 3686 4715; x_wconf 83' lang='lat' dir='ltr'>puritatem</span> 
     </span>
    </p>
   </div>
   <div class='ocr_carea' id='block_1_100' title="bbox 2040 4710 3691 4784">
    <p class='ocr_par' dir='ltr' id='par_1_100' title="bbox 2040 4710 3691 4784">
     <span class='ocr_line' id='line_1_103' title="bbox 2040 4710 3691 4784; baseline 0.004 -20"><span class='ocrx_word' id='word_1_721' title='bbox 2040 4710 2449 4784; x_wconf 79' lang='lat' dir='ltr'>denotandam</span> <span class='ocrx_word' id='word_1_722' title='bbox 2475 4727 2488 4765; x_wconf 88' lang='lat'><strong>:</strong></span> <span class='ocrx_word' id='word_1_723' title='bbox 2518 4711 2663 4766; x_wconf 89' lang='lat' dir='ltr'>alias</span> <span class='ocrx_word' id='word_1_724' title='bbox 2685 4710 2883 4770; x_wconf 79' lang='lat' dir='ltr'>autem</span> <span class='ocrx_word' id='word_1_725' title='bbox 2913 4710 3224 4770; x_wconf 72' lang='lat' dir='ltr'>innuimus</span> <span class='ocrx_word' id='word_1_726' title='bbox 3252 4718 3337 4782; x_wconf 82' lang='lat' dir='ltr'>(in</span> <span class='ocrx_word' id='word_1_727' title='bbox 3371 4710 3508 4769; x_wconf 51' lang='lat' dir='ltr'>‘not.</span> <span class='ocrx_word' id='word_1_728' title='bbox 3561 4714 3691 4784; x_wconf 67' lang='grc' dir='ltr'>αιΙὲ</span> 
     </span>
    </p>
   </div>
   <div class='ocr_carea' id='block_1_101' title="bbox 2043 4781 3688 4865">
    <p class='ocr_par' dir='ltr' id='par_1_101' title="bbox 2043 4781 3688 4865">
     <span class='ocr_line' id='line_1_104' title="bbox 2043 4781 3688 4865; baseline 0.003 -30"><span class='ocrx_word' id='word_1_729' title='bbox 2043 4783 2106 4835; x_wconf 91' lang='lat' dir='ltr'>Vl</span> <span class='ocrx_word' id='word_1_730' title='bbox 2125 4781 2290 4836; x_wconf 86' lang='lat' dir='ltr'>Orat.</span> <span class='ocrx_word' id='word_1_731' title='bbox 2313 4782 2532 4865; x_wconf 55' lang='lat' dir='ltr'>Isiglori</span> <span class='ocrx_word' id='word_1_732' title='bbox 2552 4784 2816 4838; x_wconf 87' lang='lat' dir='ltr'>Thessal.</span> <span class='ocrx_word' id='word_1_733' title='bbox 2832 4791 2989 4856; x_wconf 89' lang='lat' dir='ltr'>part.</span> <span class='ocrx_word' id='word_1_734' title='bbox 3007 4801 3043 4848; x_wconf 91' lang='grc' dir='ltr'>ι,</span> <span class='ocrx_word' id='word_1_735' title='bbox 3061 4800 3200 4865; x_wconf 84' lang='lat' dir='ltr'>pag.</span> <span class='ocrx_word' id='word_1_736' title='bbox 3218 4781 3393 4865; x_wconf 41' lang='lat'>423:),</span> <span class='ocrx_word' id='word_1_737' title='bbox 3414 4781 3688 4865; x_wconf 64' lang='lat' dir='ltr'>vixalaui</span> 
     </span>
    </p>
   </div>
   <div class='ocr_carea' id='block_1_102' title="bbox 2045 4853 3696 4979">
    <p class='ocr_par' dir='ltr' id='par_1_102' title="bbox 2045 4853 3696 4979">
     <span class='ocr_line' id='line_1_105' title="bbox 2045 4853 3696 4979; baseline 0.001 -71"><span class='ocrx_word' id='word_1_738' title='bbox 2045 4869 2268 4933; x_wconf 38' lang='lat' dir='ltr'>vocem.</span> <span class='ocrx_word' id='word_1_739' title='bbox 2283 4853 2528 4925; x_wconf 86' lang='lat' dir='ltr'>proferri</span> <span class='ocrx_word' id='word_1_740' title='bbox 2567 4869 2764 4932; x_wconf 78' lang='lat' dir='ltr'>posse,</span> <span class='ocrx_word' id='word_1_741' title='bbox 2795 4853 2918 4979; x_wconf 39' lang='lat' dir='ltr'>qua</span> <span class='ocrx_word' id='word_1_742' title='bbox 2945 4853 3176 4926; x_wconf 89' lang='lat' dir='ltr'>puritas</span> <span class='ocrx_word' id='word_1_743' title='bbox 3230 4859 3288 4911; x_wconf 89' lang='lat' dir='ltr'>et</span> <span class='ocrx_word' id='word_1_744' title='bbox 3312 4855 3608 4912; x_wconf 88' lang='lat' dir='ltr'>intensive</span> <span class='ocrx_word' id='word_1_745' title='bbox 3637 4858 3696 4911; x_wconf 87' lang='lat' dir='ltr'>et</span> 
     </span>
     <span class='ocr_line' id='line_1_106' title="bbox 2047 4926 3029 4979; baseline 0 0"><span class='ocrx_word' id='word_1_746' title='bbox 2047 4929 2347 4979; x_wconf 75' lang='lat' dir='ltr'>extenstve</span> <span class='ocrx_word' id='word_1_747' title='bbox 2378 4940 2619 4978; x_wconf 88' lang='lat' dir='ltr'>summa</span> <span class='ocrx_word' id='word_1_748' title='bbox 2646 4926 2797 4979; x_wconf 77' lang='lat' dir='ltr'>sumi</span> <span class='ocrx_word' id='word_1_749' title='bbox 2847 4931 3029 4979; x_wconf 88' lang='lat' dir='ltr'>cetur.</span> 
     </span>
    </p>
   </div>
   <div class='ocr_carea' id='block_1_103' title="bbox 2047 4926 3029 4992">
    <p class='ocr_par' dir='ltr' id='par_1_103' title="bbox 2047 4926 3029 4992">
     <span class='ocr_line' id='line_1_107' title="bbox 2047 4926 3029 4992; baseline 0.001 -12"><span class='ocrx_word' id='word_1_750' title='bbox 2047 4926 2347 4980; x_wconf 83' lang='lat' dir='ltr'>extensive</span> <span class='ocrx_word' id='word_1_751' title='bbox 2378 4940 2619 4978; x_wconf 88' lang='lat' dir='ltr'>summa</span> <span class='ocrx_word' id='word_1_752' title='bbox 2646 4926 3029 4992; x_wconf 82' lang='lat' dir='ltr'>significetur.</span> 
     </span>
    </p>
   </div>
   <div class='ocr_carea' id='block_1_104' title="bbox 2117 4995 2727 5064">
    <p class='ocr_par' dir='ltr' id='par_1_104' title="bbox 2117 4995 2727 5064">
     <span class='ocr_line' id='line_1_108' title="bbox 2117 4995 2727 5064; baseline 0.002 -14"><span class='ocrx_word' id='word_1_753' title='bbox 2117 4996 2197 5064; x_wconf 87' lang='lat'>(6)</span> <span class='ocrx_word' id='word_1_754' title='bbox 2229 4995 2376 5050; x_wconf 87' lang='lat' dir='ltr'>Psal.</span> <span class='ocrx_word' id='word_1_755' title='bbox 2411 5011 2642 5062; x_wconf 84' lang='lat' dir='ltr'>Lxxxm,</span> <span class='ocrx_word' id='word_1_756' title='bbox 2673 4999 2727 5051; x_wconf 90' lang='lat'>3.</span> 
     </span>
    </p>
   </div>
   <div class='ocr_carea' id='block_1_105' title="bbox 2120 5066 2716 5136">
    <p class='ocr_par' dir='ltr' id='par_1_105' title="bbox 2120 5066 2716 5136">
     <span class='ocr_line' id='line_1_109' title="bbox 2120 5066 2716 5136; baseline 0.003 -17"><span class='ocrx_word' id='word_1_757' title='bbox 2120 5071 2198 5136; x_wconf 83' lang='lat'>(‘7)</span> <span class='ocrx_word' id='word_1_758' title='bbox 2223 5066 2366 5121; x_wconf 87' lang='lat' dir='ltr'>Psal.</span> <span class='ocrx_word' id='word_1_759' title='bbox 2402 5081 2596 5131; x_wconf 80' lang='lat' dir='ltr'>cxxx1,</span> <span class='ocrx_word' id='word_1_760' title='bbox 2634 5071 2716 5121; x_wconf 79' lang='lat' dir='ltr'>l3.</span> 
     </span>
    </p>
   </div>
   <div class='ocr_carea' id='block_1_106' title="bbox 2121 5137 3698 5212">
    <p class='ocr_par' dir='ltr' id='par_1_106' title="bbox 2121 5137 3698 5212">
     <span class='ocr_line' id='line_1_110' title="bbox 2121 5137 3698 5212; baseline 0.004 -20"><span class='ocrx_word' id='word_1_761' title='bbox 2121 5137 2210 5212; x_wconf 66' lang='grc' dir='ltr'>(8)Δ</span> <span class='ocrx_word' id='word_1_762' title='bbox 2231 5137 2490 5192; x_wconf 88' lang='lat' dir='ltr'>Postulat</span> <span class='ocrx_word' id='word_1_763' title='bbox 2524 5141 2855 5212; x_wconf 72' lang='lat' dir='ltr'>contextus,</span> <span class='ocrx_word' id='word_1_764' title='bbox 2901 5143 2968 5194; x_wconf 91' lang='lat' dir='ltr'>ut</span> <span class='ocrx_word' id='word_1_765' title='bbox 2997 5145 3222 5196; x_wconf 69' lang='lat' dir='ltr'>sanctae</span> <span class='ocrx_word' id='word_1_766' title='bbox 3257 5141 3514 5212; x_wconf 84' lang='lat' dir='ltr'>Virginis</span> <span class='ocrx_word' id='word_1_767' title='bbox 3555 5138 3698 5198; x_wconf 80' lang='lat' dir='ltr'>emi-</span> 
     </span>
    </p>
   </div>
   <div class='ocr_carea' id='block_1_107' title="bbox 2051 5207 3701 5280">
    <p class='ocr_par' dir='ltr' id='par_1_107' title="bbox 2051 5207 3701 5280">
     <span class='ocr_line' id='line_1_111' title="bbox 2051 5207 3701 5280; baseline 0.004 -17"><span class='ocrx_word' id='word_1_768' title='bbox 2051 5207 2448 5280; x_wconf 82' lang='lat' dir='ltr'>nentiaatque</span> <span class='ocrx_word' id='word_1_769' title='bbox 2469 5208 2924 5280; x_wconf 85' lang='lat' dir='ltr'>expressissima</span> <span class='ocrx_word' id='word_1_770' title='bbox 2939 5226 3078 5267; x_wconf 90' lang='lat' dir='ltr'>cum</span> <span class='ocrx_word' id='word_1_771' title='bbox 3101 5214 3218 5268; x_wconf 92' lang='lat' dir='ltr'>Deo</span> <span class='ocrx_word' id='word_1_772' title='bbox 3236 5207 3560 5279; x_wconf 80' lang='lat' dir='ltr'>Similitudo</span> <span class='ocrx_word' id='word_1_773' title='bbox 3576 5229 3701 5269; x_wconf 89' lang='lat' dir='ltr'>non</span> 
     </span>
    </p>
   </div>
   <div class='ocr_carea' id='block_1_108' title="bbox 2052 5278 3701 5366">
    <p class='ocr_par' dir='ltr' id='par_1_108' title="bbox 2052 5278 3701 5366">
     <span class='ocr_line' id='line_1_112' title="bbox 2052 5278 3701 5366; baseline 0.005 -33"><span class='ocrx_word' id='word_1_774' title='bbox 2052 5279 2131 5366; x_wconf 70' lang='lat' dir='ltr'>ad</span> <span class='ocrx_word' id='word_1_775' title='bbox 2155 5278 2369 5366; x_wconf 52' lang='lat' dir='ltr'>divinae</span> <span class='ocrx_word' id='word_1_776' title='bbox 2392 5278 2783 5366; x_wconf 64' lang='lat' dir='ltr'>maternitatis</span> <span class='ocrx_word' id='word_1_777' title='bbox 2806 5281 3119 5366; x_wconf 70' lang='lat' dir='ltr'>honorem,</span> <span class='ocrx_word' id='word_1_778' title='bbox 3151 5285 3260 5340; x_wconf 87' lang='lat' dir='ltr'>sed</span> <span class='ocrx_word' id='word_1_779' title='bbox 3289 5278 3368 5340; x_wconf 89' lang='lat' dir='ltr'>ad</span> <span class='ocrx_word' id='word_1_780' title='bbox 3395 5299 3701 5366; x_wconf 69' lang='lat' dir='ltr'>praeroga-</span> 
     </span>
    </p>
   </div>
   <div class='ocr_carea' id='block_1_109' title="bbox 2055 5350 3700 5426">
    <p class='ocr_par' dir='ltr' id='par_1_109' title="bbox 2055 5350 3700 5426">
     <span class='ocr_line' id='line_1_113' title="bbox 2055 5350 3700 5426; baseline 0.001 -20"><span class='ocrx_word' id='word_1_781' title='bbox 2055 5350 2205 5407; x_wconf 87' lang='lat' dir='ltr'>tivas</span> <span class='ocrx_word' id='word_1_782' title='bbox 2232 5350 2449 5406; x_wconf 69' lang='lat' dir='ltr'>anima:</span> <span class='ocrx_word' id='word_1_783' title='bbox 2473 5351 2684 5409; x_wconf 88' lang='lat' dir='ltr'>insitas</span> <span class='ocrx_word' id='word_1_784' title='bbox 2735 5351 3054 5411; x_wconf 79' lang='lat' dir='ltr'>referatur:</span> <span class='ocrx_word' id='word_1_785' title='bbox 3078 5353 3150 5410; x_wconf 92' lang='lat' dir='ltr'>lis</span> <span class='ocrx_word' id='word_1_786' title='bbox 3177 5370 3320 5425; x_wconf 85' lang='lat' dir='ltr'>ergo</span> <span class='ocrx_word' id='word_1_787' title='bbox 3344 5350 3550 5412; x_wconf 76' lang='lat' dir='ltr'>anima</span> <span class='ocrx_word' id='word_1_788' title='bbox 3568 5350 3700 5426; x_wconf 64' lang='lat' dir='ltr'>eius</span> 
     </span>
    </p>
   </div>
  </div>
