4096 6208
37 553 40 556 ’
141 539 402 613 γε’λλεται
493 540 700 615 εἰρήνην
785 539 1213 612 εὐαγγελίζεσθαι
1279 561 1293 576 ·

1037 81 1056 89 ι
1149 73 1298 89 ,ις-ι.-

695 125 706 134 δ
803 113 836 119 .-
869 113 878 119 .
933 111 938 118 ι

145 325 267 384 681
1330 320 1377 382 Ν
1438 319 1797 384 ANNUNTIA‘

1918 317 2057 384 NEM
2095 315 2162 383 e.
2210 318 2476 386 MARUE.
3223 308 3227 310 ’
3441 325 3546 389 682

149 449 287 514 τοῖς
331 451 522 517 ἔθνεσι,
573 453 664 504 καὶ
717 453 827 512 τοῖς
868 450 1070 524 μαρκὰν
1124 453 1214 504 καὶ
1265 457 1376 514 τοῖς
1632 450 1786 524 ἄπαγ-

1922 455 2057 508 etur
2082 456 2206 510 tum
2222 452 2294 509 iis
2311 453 2416 525 qui
2439 454 2614 524 longe
2635 457 2760 509 tum
2785 447 2855 509 iis
2892 450 2998 524 qui
3015 466 3206 523 prope
3220 457 3358 510 sunt
3380 453 3460 525 (2|
3475 457 3545 527 '),

1363 547 1454 596 καὶ
1513 541 1574 594 ού
1631 545 1784 614 μόνον

147 629 249 684 ἐπὶ
294 633 480 707 Θρόνου
538 626 706 684 Δαυῐδ
768 637 862 684 τού
922 633 1120 705 πατρὸς
1182 630 1344 684 αὐτοῦ
1406 633 1545 685 κατὰ
1611 633 1786 707 σάρκα

149 717 492 795 ἐνιδρύεται,
521 718 650 773 ἂ).λοὶ
695 723 786 773 καὶ
837 717 1107 794 βασιλεύει
1135 721 1161 773 6
1214 723 1343 784 Θεὸς
1391 721 1476 774 ἐπὶ
1510 722 1577 774 τὰ
1640 723 1780 780 ἔθνη.

155 814 311 865 Πότε
378 805 457 876 δε,
529 807 588 862 τό
665 807 978 882 ἐπαγόμενον
1053 817 1145 871 τῆς
1217 814 1530 887 προφητείας
1605 806 1781 867 δηλοῖ.

156 902 354 954 Εἰπὼν
401 899 505 972 γὰρ
558 917 574 933 ο
622 896 683 951 'O
735 901 862 960 Θεὸς
953 896 1282 952 ἐϐασίλευσεν
1361 897 1444 953 ἐπὶ
1500 901 1564 952 τὰ
1644 901 1785 968 ἔθνη,

155 986 438 1060 ἐπήγαγεν
519 1007 533 1021 ·
601 985 663 1040 Ὀ
724 990 854 1052 Θεὸς
923 988 1148 1047 κάθηται
1219 987 1304 1041 ἐπὶ
1392 989 1575 1062 θρόνου
1628 986 1783 1060 ἁγίου

159 1078 367 1135 αὐτοῦ.
436 1076 497 1130 ’0
527 1073 588 1130 δε
651 1074 793 1130 ἔστιν
842 1077 872 1136 ἡ
933 1079 1206 1151 Παρθενος,
1263 1077 1382 1131 καθ’
1443 1079 1505 1138 ἣν
1560 1076 1785 1153 ἕνθρονιη

162 1169 328 1228 cesi;
377 1161 473 1220 διὰ
498 1172 590 1229 τῆς
622 1164 676 1230 ἕξ
733 1165 896 1228 αὐτῆς
949 1173 1280 1241 σαρκώσεως,
1347 1175 1442 1230 τῆς
1485 1174 1586 1220 τῶν
1632 1166 1786 1220 ἐθνῶν

160 1255 528 1331 βεϐασίλευκε
604 1258 985 1331 πανσπερμίας,
1082 1257 1292 1316 ὑπήκοα
1392 1263 1558 1310 ταῦτα
1619 1273 1787 1330 παρα-

161 1347 513 1418 στησάμενος
533 1343 720 1416 ἑαυτῷ.

245 1433 408 1488 Οὕτω
431 1436 524 1507 μέν
570 1429 659 1486 οὖν
687 1433 948 1507 νομισθεὶς
986 1437 1168 1508 Πατήρ
1197 1442 1290 1488 τοῦ
1341 1431 1426 1488 ἐπὶ
1480 1443 1582 1507 γῆς
1611 1433 1789 1507 ὀφθέν-

160 1543 264 1587 τος
318 1530 474 1592 Θεοῦ,
530 1526 624 1582 τὴν
683 1520 878 1596 βουλήν
935 1526 1381 1600 προεσχημάτισε
1433 1533 1507 1596 τῷ
1563 1528 1789 1600 σφετέρῳ

167 1609 564 1685 ἕπιτηδεύματι
593 1619 687 1675 τῆς
739 1616 915 1675 κοινῆς
966 1619 1058 1666 τού
1115 1617 1298 1684 γένους
1353 1615 1497 1687 ἡμῶν
1555 1611 1793 1686 ἁμαπλοξ·

169 1721 340 1765 σεως.
405 1704 565 1760 Καὶή
635 1702 890 1774 Παρθένος
955 1698 1016 1755 δν
1062 1700 1347 1774 ἀξιόχρεως
1414 1699 1653 1764 διάκονος
1717 1707 1793 1764 εὶς

1894 555 2090 614 neque
2119 539 2314 598 solum
2336 543 2495 599 sedet
2511 543 2573 598 in
2601 541 2814 598 throno
2836 541 3036 599 David
3055 544 3252 611 patris
3272 545 3401 614 ejus
3433 546 3545 616 (22)

1894 630 2229 688 secundum
2264 647 2530 698 carnem,
2560 631 2665 688 sed
2695 631 2875 688 etiam
2904 635 3118 703 regnat
3173 634 3323 690 Deus
3367 649 3550 705 super

1893 725 2089 791 gentes
2113 720 2246 791 (23).
2277 721 2530 788 Quando
2561 726 2762 777 autem
2793 720 2941 792 (haec
2982 721 3179 777 futura
3233 720 3394 795 sint),
3449 723 3550 780 de-

1894 807 2102 878 clarat,
2128 809 2294 882 quod
2314 811 2376 866 in
2407 810 2538 883 ipso
2568 809 2846 866 vaticinio
2875 808 3137 867 additur.
3183 811 3332 866 Cum
3383 810 3547 869 enim

1893 897 2144 955 dixisset
2165 916 2179 955 :
2195 899 2493 970 Regnavit
2503 901 2660 956 Deus
2673 913 2854 969 super
2870 903 3094 970 gentes,
3110 898 3382 970 protinus
3405 901 3548 958 sub-

1895 986 2075 1045 didit:
2100 988 2258 1045 Deus
2278 989 2438 1046 sedet
2463 1003 2644 1059 super
2673 989 2864 1046 sedem
2899 991 3166 1045 sanctam
3201 1003 3372 1046 suam
3412 987 3545 1061 (24).

1897 1076 2031 1133 Haec
2057 1082 2259 1135 autem
2280 1078 2453 1136 sedes
2478 1083 2566 1136 est
2595 1078 2789 1150 Virgo,
2815 1078 2877 1134 in
2907 1093 3031 1150 qua
3052 1092 3158 1150 per
3178 1093 3424 1136 carnem
3477 1094 3546 1136 ex

1895 1165 2032 1240 ipsa
2059 1171 2439 1240 assumptam
2469 1167 2646 1224 veluti
2666 1167 2725 1226 in
2769 1166 2985 1224 throno
3017 1165 3254 1234 sedens,
3287 1183 3427 1224 cum
3445 1183 3553 1226 va-

1893 1254 2121 1312 riarum
2153 1257 2448 1313 mentium
2469 1255 2915 1313 universitatem
2949 1254 3065 1312 sibi
3107 1253 3545 1330 obsequentem

1897 1342 2205 1411 effecisset,
2232 1359 2413 1418 super
2443 1361 2657 1403 omnes
2685 1344 2979 1416 regnavit.

1971 1432 2064 1490 Sic
2077 1432 2254 1504 igitur
2269 1433 2386 1503 ille,
2400 1435 2506 1507 qui
2519 1435 2619 1491 Dei
2646 1435 2706 1490 in
2725 1439 2883 1491 terra
2899 1435 3246 1507 apparentis
3259 1437 3433 1509 pater
3442 1451 3550 1512 pu-

1899 1522 2141 1580 tabatur
2157 1527 2248 1592 (25
2262 1524 2387 1594 26),
2416 1524 2689 1594 ejusdem
2712 1523 2787 1580 de
2807 1523 3090 1581 universo
3109 1530 3316 1583 nostro
3336 1541 3554 1599 genere

1899 1611 2296 1669 restaurando
2326 1612 2643 1669 consilium
2674 1617 2799 1669 arte
2830 1627 2940 1670 sua
2968 1609 3166 1670 fabrili
3193 1613 3254 1670 in
3291 1618 3557 1672 anteces-

1902 1716 2038 1756 sum
2055 1700 2462 1758 adumbravit.
2488 1701 2662 1772 Virgo
2689 1705 2890 1758 autem
2920 1701 3279 1774 dignissima
3307 1703 3556 1776 insuper

165 1797 280 1850 τὴν
346 1794 536 1852 ταύτης
595 1787 1024 1866 ἀνοικοδόμησιν,
1111 1791 1205 1844 οὐκ
1269 1792 1468 1864 ἔξωθεν,
1519 1791 1627 1846 ἀλλ’
1707 1790 1792 1866 ἀφ’

1918 1789 2083 1862 injus
2103 1789 2584 1868 reuadiﬂcationis
2606 1791 2981 1864 cooperatrix
2998 1791 3124 1860 fuit,
3138 1806 3262 1848 non
3284 1791 3553 1860 aliunde,

164 1881 376 1942 ἑαυτῆς
403 1888 721 1953 χορηγοῦσα
747 1883 843 1943 τὰς
885 1882 1181 1954 παναγνους
1209 1881 1336 1944 ύλας
1361 1886 1451 1934 καί
1503 1889 1575 1953 τῷ
1657 1880 1795 1953 αὔλῳ

157 1966 508 2042 ἐπιτηδείας,
542 1969 595 2034 ἐξ
635 1970 760 2029 ὧνή
815 1971 966 2032 ζῶσα
1011 1976 1169 2045 σοφία
1246 1979 1338 2024 τοῦ
1389 1979 1526 2025 Θεοῦ
1578 1974 1665 2024 τὸν
1714 1971 1796 2024 οἷ-

176 2077 280 2112 κον
390 2059 546 2132 ἑαυτῇ
653 2056 1013 2132 ᾠκοδόμησεν,
1109 2059 1469 2136 ἔρηρεισμένον
1590 2058 1797 2122 στύλοις

167 2147 324 2202 ἑπτά
380 2167 394 2182 ’
433 2149 835 2221 τοσαυτάριθμα
892 2150 994 2221 γὰρ
1058 2155 1152 2200 τοῦ
1219 2151 1516 2222 ῐῐνεύματος
1576 2150 1644 2200 τὰ
1695 2167 1798 2220 χα-

167 2241 472 2310 ρίσματα·
529 2235 584 2288 ἐκ
635 2239 933 2309 Πνεύματος
979 2233 1039 2290 δι
1095 2236 1249 2309 ἁγίου
1297 2242 1386 2290 καὶ
1441 2238 1472 2295 ἡ
1536 2235 1798 2310 σύμπηξις

168 2334 283 2380 τοῦ
313 2325 730 2401 προσλήμματος
753 2325 890 2397 (21).

251 2416 347 2472 E'.
416 2414 572 2468 Ἀλλά
625 2424 736 2477 πῶς
791 2415 853 2467 ἂν
909 2416 934 2467 6
984 2416 1105 2488 ἐμὸς
1170 2413 1344 2488 λόγος,
1393 2419 1677 2490 χαμερπής
1733 2415 1800 2467 ὧν

173 2509 278 2558 καὶ
349 2500 590 2566 διανοίας
655 2503 871 2576 ἄγγελος
925 2503 1291 2578 χαμαιζήλου,
1350 2504 1434 2557 ἐπὶ
1499 2504 1800 2563 τηλικοῦτον

176 2594 327 2665 ὕψος
393 2592 807 2667 ἐπιτολμήσειεν,
886 2596 957 2656 ὡς
1051 2591 1265 2647 θεοειδεῖ
1339 2595 1803 2668 συμπτερύξασθαι

179 2682 569 2759 πρωταγγελῳ,
599 2687 850 2756 καὶπρὸς
915 2685 1028 2758 ὅρος
1087 2691 1240 2738 τοῦτο
1308 2685 1508 2756 φθάσαι
1567 2703 1627 2737 το
1692 2685 1802 2736 θεο-

188 2769 477 2839 ϐοὲδιστον,
507 2773 576 2834 ὡς
622 2776 745 2846 πρὶν
782 2778 982 2834 Μωσῆς
1029 2770 1112 2826 ἐπὶ
1140 2775 1197 2826 τὸ
1253 2775 1373 2826 Σινά
1402 2789 1415 2840 ;
1449 2773 1509 2827 Εἰ
1558 2775 1660 2848 γὰρ
1713 2774 1804 2826 καὶ

187 2863 344 2932 ἡμεῖς
383 2862 522 2912 κατὰ
585 2864 680 2918 τὴν
746 2858 1030 2914 ἐνεστῶσαν
1095 2864 1292 2920 ταύτην
1349 2863 1545 2936 ἡμέραν
1609 2865 1668 2915 τὸ
1710 2869 1804 2924 τῆς

197 2955 452 3011 νηστείας
477 2947 694 3022 ἀνύομεν
750 2951 1320 3026 τεσσαρηονθὴμερον,
1377 2949 1485 3003 ἀλλ’
1537 2951 1666 3025 ούχί
1715 2954 1806 3003 καὶ

200 3043 296 3098 τήν
329 3042 524 3093 ἐκείνου
568 3043 781 3114 φέρομεν
841 3041 1098 3112 κάθαρσιν
1159 3059 1172 3073 ο
1207 3041 1290 3093 ὅτι
1337 3037 1477 3114 μηδὲ
1527 3040 1640 3093 κατ’
1672 3039 1807 3093 ἐκεῖ·

205 3147 289 3182 νον
340 3131 487 3202 ἡμεῖς
515 3131 817 3194 νηστευταὶ,
882 3133 971 3182 καὶ
1026 3125 1178 3182 ούδὶν
1242 3138 1343 3182 τῶν
1392 3129 1808 3202 θαυμαστωσᾶω-

1905 1879 2010 1935 sed
2033 1895 2103 1935 ex
2125 1879 2444 1952 semetipsa
2465 1866 2645 1952 plane
2666 1877 3122 1936 immaculatam
3143 1896 3213 1936 ac
3237 1881 3403 1950 (Deo)
3434 1895 3560 1936 ma-

1907 1966 2063 2025 teriae
2087 1968 2313 2040 experti
2331 1973 2764 2038 congruentem
2783 1968 3098 2024 materiam
3135 1969 3557 2041 suppeditans,

1906 2072 1940 2113 e
1967 2071 2091 2128 qua
2115 2056 2324 2112 vivens
2346 2057 2454 2113 Dei
2479 2059 2776 2126 sapientia
2802 2056 3122 2124 aediﬁcavit
3148 2057 3264 2112 sibi
3291 2057 3555 2126 domum,

1907 2147 2200 2202 columnis
2225 2151 2441 2215 septem
2471 2145 2748 2202 innixam
2769 2148 2915 2217 (27);
2947 2144 3193 2201 totidem
3238 2145 3398 2201 enim
3449 2160 3561 2201 nu-

1905 2250 2072 2292 mero
2087 2240 2226 2291 sunt
2238 2235 2602 2291 charismata
2617 2235 2849 2308 (sancti)
2873 2235 3122 2307 Spiritus
3143 2251 3157 2302 ;
3181 2235 3343 2292 idem
3358 2241 3562 2292 autem

1911 2324 2160 2398 Spiritus
2189 2329 2246 2380 et
2265 2328 2595 2396 assumptus
2617 2324 2780 2380 carni
2807 2323 3066 2380 formam
3095 2322 3328 2381 indidit.

1981 2413 2043 2468 V.
2077 2413 2288 2468 Verum
2313 2413 2626 2486 quomodo
2646 2412 2840 2468 oratio
2865 2427 3020 2480 mea,
3052 2412 3220 2468 humi
3256 2427 3471 2485 repens
3494 2428 3565 2469 ac

1909 2501 2125 2558 mentis
2149 2501 2338 2558 humo
2359 2500 2564 2558 defixae
2589 2502 2904 2574 interpres,
2931 2501 3010 2558 ad
3041 2505 3272 2558 tantam
3305 2517 3440 2558 sese
3481 2502 3567 2558 ef-

1909 2591 2060 2648 ferre
2089 2590 2510 2648 celsitudinem
2535 2591 2775 2663 audeat,
2805 2596 2871 2648 ut
2905 2590 3086 2647 simul
3131 2606 3272 2647 cum
3320 2591 3568 2661 angelo-

1909 2695 2044 2736 rum
2077 2679 2366 2753 principe,
2391 2680 2494 2737 Dei
2524 2679 2785 2754 speciem
2810 2679 3096 2750 habente,
3127 2679 3256 2736 alas
3287 2680 3565 2752 explicet,

1911 2775 1968 2828 et
1992 2769 2070 2827 ad
2091 2771 2252 2827 hunc
2275 2775 2563 2842 montem,
2584 2771 2645 2827 in
2668 2786 2791 2844 quo
2814 2772 2970 2826 Deus
2996 2769 3402 2837 deambuleat,
3442 2783 3570 2827 non

1913 2876 2087 2917 secus
2128 2875 2198 2918 ac
2237 2859 2382 2917 olim
2427 2863 2652 2932 Moyses
2702 2860 2765 2917 in
2825 2865 3091 2917 montem
3151 2861 3312 2924 Sina,
3370 2858 3568 2916 subito

1915 2948 2204 3006 ascendat
2222 2948 2251 3004 ‘7
2265 2949 2422 3005 Licet
2439 2949 2599 3004 enim
2617 2964 2728 3005 nos
2748 2963 2993 3021 quoque
3015 2947 3420 3021 quadraginta
3449 2947 3570 3003 die-

1914 3053 2052 3094 rum
2069 3038 2367 3110 jejunium
2398 3037 2676 3110 praesenti
2701 3037 2817 3094 hac
2845 3037 2942 3093 die
2981 3035 3375 3093 absolvamus
3427 3036 3564 3106 (28),

1917 3141 2040 3183 non
2071 3126 2353 3183 eamdem
2377 3132 2581 3182 tamen
2604 3143 2674 3183 ac
2697 3125 2791 3182 ille
2809 3129 3128 3198 puritatem
3149 3123 3452 3182 consecuti
3475 3140 3565 3181 su-

209 3236 308 3270 των
341 3217 528 3272 ἐκεῖνον
557 3215 898 3290 πλουτοῦμεν,
945 3218 1024 3270 ὅτι
1079 3222 1152 3292 μὴ
1210 3222 1304 3277 τὴν
1366 3215 1797 3292 ϐραδυγλωσσίαὶ

1918 3230 2054 3272 mus
2078 3231 2090 3284 ;
2122 3215 2414 3288 quoniam
2440 3230 2637 3288 neque
2649 3213 2948 3287 jejunium
2963 3219 3237 3270 nostrum
3257 3229 3395 3270 cnm
3413 3211 3493 3284 jej
3505 3229 3571 3269 u-

203 3310 366 3379 μόνην
430 3313 522 3360 καὶ
578 3310 636 3360 τὸ
691 3307 1035 3380 ἰσχνόφωνον.
1093 3307 1161 3361 Ἦ
1219 3317 1329 3371 πῶς
1385 3311 1446 3361 ἄν
1499 3307 1811 3385 ἀπρόσκοπα

207 3400 300 3454 τήν
355 3392 440 3450 ἐπὶ
497 3396 591 3454 τὴν
641 3399 884 3469 Ναζαρέτ
941 3393 1251 3470 βαδισωμεν
1308 3401 1582 3471 φέρουσαν,
1641 3398 1685 3450 εἰ
1734 3401 1804 3470 μή

208 3488 340 3548 Θεὸς
379 3484 709 3549 ὶξαποστελεῖ
763 3489 847 3555 τὸν
899 3486 1116 3560 ἄγγελον
1169 3486 1329 3540 αύτοῡ
1373 3492 1471 3564 πρὸ
1523 3494 1809 3561 προσώπου

206 3582 296 3627 τοῦ
346 3580 542 3649 Λόγου,
601 3580 690 3628 καὶ
732 3579 826 3634 τόν
879 3571 1002 3628 ὁδὸν
1075 3577 1366 3650 ἔμπροσθεν
1436 3575 1596 3629 αὐτοῦ
1651 3596 1811 3630 κατα-

211 3667 452 3718 σκευάσει
530 3660 839 3717 εύδιάϐάτον
900 3682 914 3728 ς
1007 3664 1129 3718 ’Υπό
1204 3683 1375 3718 τοινυν
1435 3673 1653 3739 προηγῷ
1740 3674 1812 3738 τῷ

209 3751 479 3824 preteetth
555 3755 722 3824 τούτῷ
788 3750 1102 3828 ἀρχαγγέλῷ
1201 3752 1462 3826 ἀγόμενοι,
1523 3751 1576 3807 εὖ
1663 3751 1808 3823 οἶδα,

211 3843 738 3915 κατευθυνθησὸμεθα
784 3841 858 3904 εἰς
936 3838 1060 3894 ὁδὸν
1121 3842 1348 3916 εἰρήνης.
1433 3843 1636 3918 Ὠραῑοι
1708 3845 1810 3920 γὰρ

215 3929 334 3982 ιίσιν
385 3935 434 3984 οἱ
517 3927 679 3993 πόδες
780 3930 940 3983 αὐτοῦ
1032 3931 1487 4004 εὐαγγελιζομένου
1553 3940 1612 4006 τῇ
1677 3950 1812 3986 παν-

216 4022 343 4093 άγνῳ
421 4025 630 4096 εἰρήνην
708 4026 798 4074 καὶ
863 4020 1038 4094 ἀγαθά
1097 4042 1110 4056 ⁸
1179 4026 1400 4098 Χριστὸς
1458 4019 1517 4076 δὲ
1585 4024 1725 4076 εστιν
1777 4024 1807 4082 ἠ

217 4109 382 4184 εἰρήνη
414 4114 584 4186 ἡμῶν,
637 4110 786 4164 "Hm
838 4114 938 4185 γὰρ
993 4113 1058 4164 τὰ
1110 4109 1373 4164 διεστῶτα
1423 4111 1674 4184 συνάψαι,
1723 4118 1814 4165 καὶ

223 4201 280 4252 τὰ
331 4198 706 4275 διαμαχόμενα
779 4200 1096 4276 εἰρηνεῡσαι,
1144 4199 1338 4273 ἀγαθά,
1369 4205 1435 4254 τὰ
1482 4201 1539 4254 ἐκ
1606 4209 1699 4264 τῆς
1747 4201 1812 4255 εὶ-

129 4303 141 4320 ⁰
217 4294 364 4364 ρήνης
435 4294 634 4353 ταύτης
729 4286 963 4362 δαψιλῶς
1017 4299 1088 4359 τῷ
1141 4295 1324 4364 κόσμῳ
1377 4291 1696 4364 πηγάσαντᾶ
1747 4298 1808 4363 τῇ

219 4387 298 4442 τῆς
318 4386 654 4456 Θεομὴτορος
676 4385 939 4454 μεσιτείᾳ.

286 4717 561 4862 ἱῖίΗΖΟά.
596 4717 993 4794 προσλήματος.

307 4793 421 4861 21⁸)
452 4795 568 4862 lsa.
604 4806 731 4861 ινιτ,
757 4793 840 4846 19.

307 4793 421 4861 21⁸)
452 4795 568 4847 lsa.
604 4793 731 4861 LVII,
757 4793 840 4846 19.

290 4861 398 4932 (22)
417 4861 573 4934 Psal.
598 4877 788 4928 cxxxi,
814 4863 872 4917 11
901 4881 914 4932 ;
939 4865 1048 4919 lsa.
1071 4877 1153 4934 ιι,
1175 4863 1700 4931 7;Jerem.xxxv1,
1723 4863 1815 4920 30.

291 4931 401 5004 (23)
433 4931 590 5004 Psal.
610 4948 766 5002 XLVI,
799 4936 851 4990 9.

299 5006 404 5076 (2i)
435 5003 881 5077 Ibid._sec.ux,
928 5003 1034 5077 qui
1075 5003 1279 5075 legunt
1327 5003 1655 5077 ἑϐασίλευσεν
1706 5006 1822 5077 (re-

241 5074 474 5149 gnavit),
487 5074 605 5149 ubi
621 5074 907 5149 Vulgatus
927 5074 1115 5149 habet
1139 5074 1431 5149 regnabit.

303 5147 507 5218 (25-25)
530 5148 670 5202 Luct
697 5162 777 5210 111,
800 5147 868 5203 33
892 5164 905 5202 :
939 5146 1451 5218 Putabaturﬁtius
1472 5147 1710 5216 Joseph.

309 5217 413 5288 (27)
443 5221 615 5274 Prov.
637 5233 716 5287 ιχ,
749 5220 805 5275 1.
837 5217 1007 5284 Quod
1035 5217 1253 5274 dicitur
1297 5218 1500 5274 vivens
1526 5218 1828 5288 sapientia

255 5290 412 5370 (me
441 5288 867 5370 ξῶσειλραιεςαι
897 5288 1059 5370 feeit:
1091 5304 1434 5370 εεξτιροεβρει
1457 5305 1586 5370 esse
1600 5289 1691 5370 5.1.8
1739 5305 1830 5370 sa:

257 5359 455 5434 pientla
483 5359 855 5434 subsistente,
883 5359 1155 5434 videlicet
1183 5359 1258 5434 de
1283 5359 1421 5415 Filio
1443 5359 1749 5434 βοῇ-111119
1768 5364 1833 5434 ut

261 5430 420 5506 paulo
429 5436 572 5506 ante
584 5431 865 5506 vidimus,
882 5433 1171 5506 uiuentem
1185 5435 1202 5494 (
1211 5432 1406 5506 ζῶντα)
1429 5430 1681 5503 Cyrillus
1692 5431 1836 5488 dicit

269 5502 409 5574 λόγον
435 5502 766 5574 (Verbum),
787 5509 854 5574 ut
871 5502 1280 5574 subsistentem
1309 5502 1582 5558 fateatur.

361 5523 409 5555 ον
435 5523 454 5572 ί
478 5523 766 5574 vernum),
791 5523 854 5558 ιιι
871 5523 1280 5560 suasistemem
1309 5523 1582 5558 lateatur.

307 5523 584 5649 728)}linc
597 5573 1095 5649 patet,h_omi_liam
1108 5573 1378 5632 habitam
1391 5589 1521 5632 esse
1532 5577 1838 5649 postremo

329 5590 427 5646 (26)
439 5590 1095 5704 uinigawtmomiuam
1109 5590 1378 5632 [1110113111
1391 5590 1521 5632 6886
1532 5590 1838 5649 posuemo

275 5645 458 5725 lejunii
466 5660 552 5722 qu
635 5645 1010 5719 ragesimalis
1023 5645 1346 5716 die;annus
1358 5649 1584 5719 autem,
1597 5660 1724 5725 quo
1735 5645 1843 5713 Pa-

569 5773 815 5837 Ριτιιοι..
853 5771 957 5836 Gn.
997 5772 1149 5835 CXL.

1919 3304 2022 3360 nio
2046 3303 2204 3360 illius
2234 3303 2716 3378 comparandum
2747 3308 2854 3374 est,
2890 3318 3105 3377 neque,
3145 3307 3360 3375 praeter
3379 3314 3570 3358 unam

1915 3395 2137 3466 linguae
2164 3393 2498 3453 tarditatem
2529 3394 2973 3468 exilitatemque
3003 3396 3187 3459 vocis,
3232 3392 3571 3467 quidquam

1917 3502 2127 3544 eorum
2155 3483 2558 3559 possidemus,
2589 3497 2726 3560 quae
2749 3485 2915 3540 illum
2931 3483 3351 3541 admirabilem
3365 3483 3573 3540 effece-

1917 3578 2077 3632 runt.
2093 3581 2203 3632 Aut
2225 3573 2536 3649 quomodo
2557 3571 2850 3631 inoffenso
2871 3573 3026 3647 pede
3045 3575 3230 3640 viam,
3251 3589 3388 3646 quae
3408 3567 3574 3628 ducit

1917 3663 1997 3721 ad
2029 3664 2336 3731 Nazareth,
2366 3669 2646 3726 teramus,
2684 3663 2798 3719 nisi
2827 3659 2984 3720 Deus
3031 3662 3258 3720 miserit
3291 3660 3576 3729 angelum

1919 3770 2097 3810 suum
2121 3757 2258 3810 ante
2289 3751 2504 3810 faciem
2525 3751 2699 3809 Verbi
2726 3753 2857 3824 (29),
2890 3757 2948 3810 et
2977 3751 3214 3809 facilem
3258 3755 3394 3808 ante
3435 3765 3576 3806 eum

1917 3843 2083 3900 viam
2097 3842 2434 3915 paraverit?
2454 3841 2625 3898 Hunc
2642 3858 2822 3916 porro
2836 3841 3226 3912 refulgentem
3241 3839 3462 3897 archan
3472 3853 3572 3910 ge-

1916 3932 2044 3988 lum
2075 3949 2215 3988 cum
2245 3931 2463 3988 ducem
2493 3931 2855 4000 habeamus,
2883 3933 2941 3987 in
2963 3934 3121 3989 viam
3169 3931 3359 4000 pacis,
3414 3933 3570 3984 certe

1919 4021 2065 4092 scio,
2092 4021 2431 4090 dirigemur
2461 4021 2592 4092 (30).
2619 4021 2882 4090 Speciosi
2908 4021 3068 4076 enim
3089 4027 3229 4075 sunt
3250 4020 3378 4088 ejus
3394 4016 3573 4086 pedes

1921 4108 2391 4179 evangelizantis
2419 4109 2758 4180 purissima:
2795 4107 3067 4180 (Virgini)
3106 4108 3218 4176 (3t)
3261 4120 3467 4176 pacem
3517 4109 3574 4161 et

1924 4198 2237 4268 bona(32);
2253 4213 2384 4267 pax
2407 4214 2546 4254 vero
2576 4205 2784 4255 nostra
2808 4197 3084 4254 Christus
3113 4202 3197 4252 est
3217 4194 3356 4267 (33).
3376 4192 3576 4250 Adve-

1920 4285 2008 4342 nit
2026 4286 2206 4352 enim,
2237 4292 2303 4342 ut
2317 4285 2527 4342 dissita
2551 4286 2903 4357 conjungat,
2926 4302 2995 4344 ac
3013 4283 3348 4357 pugnantia
3367 4281 3446 4339 ad
3469 4297 3578 4354 pas

1921 4389 2053 4430 cem
2085 4380 2436 4447 componat,
2467 4391 2604 4448 quae
2634 4375 2883 4448 quidem
2910 4373 3075 4432 bona
3104 4389 3176 4430 ex
3219 4368 3577 4444 hujusmodl

1921 4477 2071 4537 pace
2103 4464 2482 4535 proﬂuentia,
2510 4463 2860 4520 madiatrice
2889 4464 2986 4520 Dei
3037 4465 3234 4529 Matre,
3280 4460 3583 4518 uberrime

1923 4551 1986 4608 in
2006 4549 2348 4607 universam
2371 4556 2586 4608 terram
2617 4551 2810 4608 effusa
2848 4556 3008 4608 sunt.

1927 4709 2078 4768 scha
2099 4711 2371 4784 sequenti
2397 4710 2493 4784 die
2516 4715 2582 4768 26
2613 4713 2798 4769 Martii
2850 4711 3213 4778 recurrebat,
3266 4709 3383 4765 sub
3440 4711 3582 4766 Ger-

1926 4796 2114 4856 mano
2142 4783 2202 4838 ll’
2217 4783 2505 4856 reperitur
2539 4788 2694 4839 I228.

2003 4853 2116 4925 (29)
2148 4849 2394 4912 Mala'ch.
2417 4870 2493 4921 111,
2531 4860 2548 4910 1
2583 4857 2757 4922 ;Luc.
2791 4870 2885 4920 vn,
2913 4857 3014 4918 27;
3040 4855 3210 4908 Marc.
3251 4867 3290 4920 1,
3322 4856 3376 4907 2.
3412 4849 3588 4925 Quod

1930 4921 2348 4983 de'in'carnato
2382 4927 2483 4982 Dei
2508 4921 2700 4982 Verbo
2727 4926 3015 4996 scriptum
3041 4929 3151 4989 est,
3172 4939 3293 4979 non
3330 4925 3463 4996 sine
3482 4921 3588 4978 ali-

1932 5009 2057 5124 qtho
2083 4997 2281 5054 abusu
2311 4996 2392 5054 ad
2422 5012 2764 5053 sermonem
2802 4993 2982 5052 suum
3013 4999 3222 5050 auctor
3270 4993 3592 5052 transferre

1932 5084 1990 5124 v1
2045 5079 2190 5124 etur.

1932 5079 2190 5125 Videtur.

2011 5145 2122 5202 (30)
2157 5143 2272 5196 Luc
2327 5155 2365 5202 1,
2397 5144 2489 5197 79.

2013 5150 2122 5210 (30)
2157 5150 2272 5196 Luc
2327 5155 2365 5205 1,
2397 5150 2489 5197 79.

2013 5209 2067 5280 (3
2081 5217 2097 5266 t
2113 5219 2126 5281 )
2144 5211 2315 5267 Vides
2335 5211 2651 5284 Deiparam
2677 5208 3004 5284 indicatam
3023 5207 3304 5284 absoluta
3327 5201 3596 5284 appellaf

1940 5279 2118 5339 tiOne'
2163 5291 2259 5345 τῆς
2327 5279 2613 5354 πανᾶγνου,
2658 5281 2826 5354 quod
2895 5281 3196 5351 signiﬁcat
3245 5279 3428 5352 ἁγνὴν
3465 5279 3601 5331 κατᾶ

1947 5356 2072 5427 περ,
2106 5369 2176 5410 ac
2207 5354 2457 5427 proinde
2481 5354 2645 5410 omni
2681 5368 2756 5410 ex
2789 5360 2965 5424 parte
2991 5365 3213 5424 puram
3244 5357 3600 5410 antonoma~

1952 5422 2097 5483 stise
2111 5422 2554 5499 compellatam.

2036 5503 2148 5566 (32)
2172 5496 2340 5571 lion).
2361 5513 2411 5568 χ,
2447 5501 2508 5552 lii
2533 5515 2545 5552 :
2568 5499 2754 5571 lsam,
2785 5498 2855 5554 7:
2883 5496 3192 5567 Nahum,1,
3229 5500 3314 5551 15.

2024 5571 2137 5648 (33)
2168 5569 2360 5646 Ephes
2384 5585 2443 5638 11,
2472 5572 2562 5628 14.

3991 0 4031 708 ἱ

4037 1004 4039 1022 Ι

4037 1025 4039 1040 Ι

4039 1098 4041 1116 !

4039 1123 4041 1142 |

4041 1199 4043 1216 Ι

4043 1286 4045 1304 |

4045 1383 4047 1398 Ι

4049 1627 4051 1642 Ι

4025 1662 4057 1930 .‘j

4017 1935 4057 1960 '1‘

4021 1969 4057 2026 η

4011 2031 4057 2064 >ίε

4011 2081 4057 2122 .ςῖ

4005 2129 4057 2160 ἰῒι

4023 2161 4048 2200 ἔ

4031 2233 4057 2278 ζ.

4005 2318 4006 2321 η
4031 2293 4057 2336 ,ι

4031 2345 4040 2358 I

4019 2377 4057 2448 ᾇ

4031 2535 4056 2574 ,3

4053 2603 4057 2636 1

4051 2663 4057 2682 1

4035 2765 4057 2800 ,Ξ

4049 2855 4057 2874 I

4041 2923 4057 2950 ‘1

4019 1662 4059 2062 ἕ

4031 2226 4067 2402 si

4041 2875 4079 3002 ελ

4037 2978 4083 3154 *1
