4096 6208
580 256 688 311 683
1723 250 2037 307 GERMANI
2081 248 2128 303 Il
2164 249 2197 304 C

2314 249 2787 312 PATRIARCHE.
3818 266 3931 323 684

647 381 749 437 VI.
781 376 1066 435 Salutaris
1089 376 1292 446 itaque
1309 388 1382 429 ex
1410 378 1628 429 natura
1652 388 1763 429 sua
1797 378 2044 444 estpax,
2086 387 2222 443 qum
2251 447 2264 474 Δ

2406 377 2477 441 ς·’.
2548 385 2676 431 Εστι
2731 384 2821 452 μεν
2874 378 2963 432 οὖν
3019 382 3048 438 ἠ
3109 380 3163 432 ἐκ
3215 390 3349 436 Θεοῦ
3422 390 3605 457 είρήυη
3665 392 3937 461 σωτήριος

575 474 665 525 est
687 486 725 525 a
744 470 864 525 Deo
888 473 945 522 et
970 442 1420 537 imperturbatus
1439 462 1754 533 beataeque
1789 442 1925 517 vitae
1943 442 2192 517 concilia

2332 469 2502 536 φύσει,
2536 472 2749 530 καὶτῆς
2781 467 3141 521 ἀστασιάστου
3191 476 3283 522 καὶ
3331 442 3597 546 μακάρὶας
3652 442 3939 546 διαγωγῆς

573 558 686 613 trix
715 560 1007 616 etcustos.
1036 560 1093 609 et
1121 568 1360 623 semper
1404 550 1589 615 bona,
1643 551 1877 622 sibique
1934 556 2190 621 perpetui

2329 560 2614 618 επιστάτης
2650 564 2735 609 xui
2783 561 2980 632 ἔφορος,
3034 562 3251 611 πάντοτε
3291 558 3486 631 ἀγαθὴ,
3546 563 3625 616 ἀεὶ
3669 567 3936 626 ὡσαύτως

570 651 871 710 constans,
922 642 1186 714 undique
1216 638 1594 704 turbulentis,
1664 639 1954 709 dissidiis,
1982 654 2052 693 ac
2104 638 2187 693 lev

2327 645 2551 713 ἔχουσα,
2635 649 2802 703 πάντη
2882 653 3084 707 πάντως
3162 645 3491 710 ἀνεπίδεκτος
3575 652 3936 726 θορυϐοποιοῦ

567 734 747 790 etiam
768 731 1039 788 scissioni
1068 729 1314 785 omnino
1342 728 1672 783 inaccessa.
1704 730 1846 793 Quae
1888 742 2030 781 vero
2065 726 2184 781 inte

2328 726 2601 802 διχονοίας
2630 740 2719 786 xui
2748 732 3097 807 σκινδαλμοω
3129 744 3192 789 ,Η
3252 734 3310 789 δε
3365 742 3511 813 παρά
3559 749 3665 801 τοῖς
3722 740 3935 813 ἀνθρώ.

563 822 841 880 homines
855 837 971 893 pax
982 824 1090 887 est,
1115 825 1294 890 atque
1319 833 1351 872 e
1374 817 1620 872 terrenis
1656 816 1957 871 enascitur
1980 816 2180 871 animo

2322 839 2439 881 ποις
2495 822 2693 896 εἰρήνη,
2749 828 2839 875 xui
2891 826 2921 882 η
2975 832 3152 897 χαμαὶ
3220 826 3475 900 ἐρχομένη
3551 830 3782 899 ὁμόνοια,
3858 834 3930 881 οὐ

563 928 699 967 rum
730 909 1070 977 consensio,
1100 908 1266 963 haud
1297 922 1535 977 semper
1558 910 1647 960 est
1667 904 1832 960 bona
1864 925 1876 960 :
1907 904 2055 976 quin
2089 905 2180 958 im:

2320 910 2539 962 πάντοτε
2595 909 2791 981 ἀγαθὴ·
2869 910 2975 963 ἀλλ’
3058 916 3197 965 ἐστιν
3275 917 3359 966 ὅτε
3415 920 3504 966 καὶ
3552 920 3926 989 πονηρεύεται,

562 999 631 1055 ﬁt
656 1005 719 1055 ut
743 997 1114 1071 quandoque
1135 995 1382 1064 scelesta
1407 994 1675 1061 exsistat,
1705 998 1764 1047 et
1786 1008 1922 1047 cum
1948 991 2179 1046 illorum

2357 1003 2408 1049 ui
2482 999 2830 1072 πολεμιωτέρα
2881 1001 3105 1072 πολέμου
3169 1004 3462 1077 εὑρίσκεται
3517 1014 3615 1055 τῶν
3691 1006 3974 1079 εἰρηνευο.

561 1088 667 1161 qui
688 1103 900 1159 pacem
923 1102 1058 1141 eam
1087 1084 1333 1149 habent,
1366 1080 1576 1137 studiis
1630 1080 2029 1153 componitur,
2052 1078 2178 1134 ῠεηι

2319 1094 2476 1140 όντων
2547 1086 2979 1161 συνδιατιθεμένη
3067 1100 3131 1149 τῆ
3203 1097 3522 1166 προαιρέσει⁸
3595 1093 3765 1165 ὥσπερ
3848 1095 3927 1146 αὖ

556 1178 690 1250 ipso
709 1176 975 1233 infestior
988 1173 1335 1247 reperiatur;
1360 1170 1878 1243 quemadmodum
1907 1186 1938 1225 e
1973 1174 2173 1225 contra

2316 1176 2610 1230 τούναντίον
2663 1184 2753 1230 xui
2817 1179 3038 1251 πόλεμος
3110 1190 3252 1232 ποτε
3305 1181 3508 1256 εἰρήνης
3583 1183 3923 1253 εἰρηνικώτε-

556 1268 645 1322 rio
676 1266 810 1338 plus
841 1264 1004 1337 pacis
1029 1261 1498 1318 inestinterdum
1524 1260 1586 1315 in
1608 1260 1740 1331 ipso
1754 1258 2169 1331 bello,plusqu

2311 1284 2418 1338 ρος,
2467 1272 2556 1318 καὶ
2605 1275 2700 1327 τῆς
2746 1270 2882 1319 κατά
2936 1274 3143 1340 γνώμην
3210 1275 3487 1341 συνεχείας
3566 1268 3922 1343 σωτηριωδε-

557 1354 766 1411 salutis
793 1354 856 1409 in
874 1351 1193 1421 discordia,
1227 1365 1414 1423 quam
1440 1349 1501 1404 in
1527 1365 1601 1404 ea
1620 1364 1758 1420 quae
1779 1347 2054 1402 humana
2100 1364 2174 1418 pa

1179 1394 1193 1421 ,
1227 1365 1414 1423 quam
1440 1349 1501 1404 in
1527 1365 1601 1404 ea
1620 1364 1758 1420 quas
1779 1347 2054 1402 humana
2100 1364 2205 1418 pa-
2315 1357 2473 1426 στέρα
2498 1356 2528 1412 ἡ
2568 1351 2796 1426 διέχεια.

553 1445 703 1500 ritur
724 1442 1048 1511 voluntate,
1073 1438 1419 1496 concordia.

623 1535 736 1588 V11.
765 1532 982 1586 Pacem
1003 1528 1215 1585 habuit
1226 1526 1420 1599 prima
1442 1541 1658 1598 parens
1676 1541 1814 1580 mea
1832 1525 1893 1580 in
1917 1525 2197 1597 paradiso

2378 1530 2451 1587 Z'.
2504 1531 2803 1606 Εἰρήνευσεν
2857 1534 2887 1590 ἡ
2949 1538 3232 1608 προμήτωρ
3304 1553 3404 1606 μου
3471 1533 3520 1585 ἐν
3601 1531 3920 1609 παραδείσῳ

552 1637 692 1678 cum
722 1622 1079 1691 serpente,et
1098 1620 1507 1673 convenerunt
1537 1615 1717 1670 simul
1749 1614 1827 1669 ad
1857 1612 2169 1685 colloquen

2305 1620 2434 1691 μετὰ
2486 1629 2579 1672 του
2627 1618 2802 1693 ὅψεως,
2859 1627 2949 1672 xui
3007 1622 3081 1683 εἰς
3139 1621 3343 1693 ὁμιλίαν
3422 1622 3674 1681 συνῆλθοι
3748 1626 3779 1681 ἣ
3858 1643 3920 1674 τε

550 1709 698 1765 dum
726 1708 868 1765 hinc
895 1722 1109 1763 amans
1137 1704 1278 1762 recti
1306 1710 1542 1773 natura,
1573 1702 1712 1758 inde
1750 1718 1889 1758 osor
1942 1702 2167 1757 human

2306 1708 2589 1779 φιλάγαθος
2641 1713 2792 1781 φύσις
2838 1716 2927 1762 xui
2978 1712 3007 1767 ἡ
3068 1713 3435 1784 μισάνθρωπος
3514 1717 3842 1785 προαίρεσις,
3884 1716 3915 1763 ὁ

549 1798 783 1870 generis
808 1796 1068 1859 animus,
1098 1798 1370 1851 Satanas.
1402 1795 1465 1847 Et
1485 1798 1612 1848 erat
1652 1791 1752 1847 illa
1792 1790 2035 1863 quidem
2078 1792 2166 1846 sin

2304 1800 2488 1851 Σατάν.
2524 1803 2623 1851 Καὶ
2677 1795 2736 1870 ᾖν
2768 1802 2906 1871 ἡμὶν
2944 1804 3113 1871 γυμνὴ
3156 1808 3218 1857 τῆ
3271 1800 3545 1866 ἁπλότητι,
3637 1802 3662 1851 ὁ
3720 1796 3781 1852 δὲ
3811 1807 3910 1858 τὴν

547 1903 679 1943 cere
707 1901 894 1956 agens
922 1885 983 1940 in
1009 1882 1385 1954 simplicitate
1418 1897 1528 1936 sua
1547 1900 1564 1952 ;
1608 1884 1720 1935 iste
1759 1896 1900 1935 vero
1947 1879 2161 1935 indutu

2304 1882 2557 1939 διπλοιδα
2598 1887 3021 1962 περιϐεϐλημένος
3072 1898 3167 1950 τῆς
3214 1885 3538 1957 δολιότητος,
3601 1890 3662 1951 ἧς
3694 1894 3750 1941 τὸ

544 1975 769 2031 amictu
798 1971 1215 2029 fraudulentiae
1244 1976 1389 2035 erat,
1420 1970 1592 2041 cujus
1638 1969 1895 2024 exterior
1944 1968 2161 2039 quiden

2301 1974 2445 2037 ἐκτός
2492 1982 2581 2028 xui
2629 1976 2851 2047 ὑπόψιον
2922 1981 2979 2028 τὸ
3052 1977 3294 2029 στιλπνὸν
3378 1987 3473 2039 τῆς
3527 1978 3753 2039 ἰσοθεὶας
3812 1984 3906 2029 καὶ

542 2064 775 2137 species
798 2061 1095 2132 fulgorem
1125 2058 1481 2131 asqualitatis
1503 2074 1641 2112 cum
1679 2058 1799 2112 Deo
1829 2072 1900 2112 ac
1931 2056 2159 2129 splendi

2300 2062 2576 2135 φωτοειδὲς
2626 2066 2970 2137 υπεφάνταζε,
3038 2069 3096 2117 τὸ
3154 2062 3206 2118 δ’
3247 2063 3391 2118 ἔνδον
3438 2072 3527 2118 xui
3573 2067 3906 2139 ὐποκρυπτό-

538 2151 793 2207 dissima
810 2164 1068 2222 quisque
1088 2145 1299 2205 callide
1317 2150 1693 2218 proponebat
1714 2164 1727 2213 ;
1750 2144 1915 2216 quod
1936 2161 2073 2199 vero
2104 2145 2155 2199 in

2296 2170 2445 2223 μενον
2490 2160 2643 2224 μονον
2691 2154 2929 2225 ὑπῆρχεν
2987 2152 3250 2219 ἀλωπεχῆ,
3308 2159 3398 2205 xui
3451 2154 3731 2207 ὑπέκλεπτε
3770 2158 3906 2227 πρὸς

538 2241 718 2296 terius
748 2238 1253 2302 abscondebatur,
1287 2236 1368 2291 ad
1417 2234 1692 2306 vulpinos
1730 2240 1960 2289 tantum
2016 2232 2155 2288 dolo

2298 2239 2521 2307 ἀπάτην,
2572 2246 2661 2293 καὶ
2712 2250 2785 2293 τῶ
2842 2248 2935 2299 τὴν
3007 2241 3273 2301 ἀλωπεκῆν
3321 2239 3657 2315 ὐποδυομένῳ
3711 2243 3898 2310 λέοντι,

535 2328 839 2397 tendebat,
859 2325 1353 2396 subducebatque
1368 2322 1655 2395 paulatim
1670 2323 1730 2378 in
1744 2322 2152 2394 deceptionem

1629 2323 1730 2378 uin
1744 2322 2182 2394 deceptionem,
2293 2334 2583 2402 μαινομένῳ
2619 2332 2685 2390 εἰς
2717 2328 2939 2404 βρῶσιν,
2971 2331 3246 2403 ὑπέσυρεν,

534 2421 712 2487 atque
734 2416 811 2472 ad
838 2415 1096 2483 leonem,
1118 2410 1368 2484 vulpina
1400 2410 1550 2484 pelle
1601 2410 1902 2477 indutum,
1959 2409 2182 2481 praedae

531 2505 865 2561 inhiantem
890 2501 1287 2575 pertrahebat.

587 2595 653 2648 Et
662 2593 777 2648 hoc
788 2590 1087 2662 colloquio
1101 2594 1279 2661 atque
1295 2589 1513 2643 unione
1527 2588 1970 2657 concipiebatur
1983 2588 2177 2653 dolor,

2366 2590 2451 2640 Ἐκ
2477 2593 2671 2651 ταύτης
2727 2597 2822 2649 τῆς
2872 2589 3078 2661 ὁμιλίας
3142 2594 3232 2641 xui
3288 2600 3382 2651 τῆς
3460 2590 3685 2651 ἐνώσεως
3748 2611 3898 2645 συνε-

530 2689 606 2753 et,
630 2681 874 2737 vulnere
894 2680 1110 2736 divinaa
1133 2678 1249 2749 legi
1275 2694 1381 2751 per
1407 2677 1703 2733 exitialem
1719 2676 1863 2747 ligni
1889 2693 2061 2731 esum
2093 2678 2147 2731 in

2288 2678 2573 2750 λαμϐάνετο
2672 2684 2845 2741 πόνος,
2976 2684 3064 2729 xui
3167 2677 3388 2729 ἐτίκτετο
3490 2678 3700 2748 ἀνομία,
3805 2690 3894 2733 τοῦ

527 2771 1068 2841 ﬂicto,pariebatur
1071 2774 1382 2840 peccatum
1393 2770 1416 2836 (
1418 2767 1507 2835 34)
1518 2774 1843 2836 ;peccatum
1862 2782 1996 2822 vero
2008 2783 2144 2836 gem

2289 2770 2425 2819 θείου
2487 2773 2644 2839 νόμον
2706 2769 3147 2841 παρεκτρωθεντος
3213 2775 3274 2838 τῇ
3335 2764 3896 2842 δηλητηριωὸειβρωο

527 2864 688 2918 ravit
701 2866 945 2917 mortem
959 2858 1102 2932 (35),
1127 2856 1430 2914 crudelem
1455 2857 1745 2927 viperam,
1762 2872 1897 2929 quae
1917 2856 2144 2927 priman

2288 2877 2366 2909 σει
2424 2866 2514 2908 τοὺ
2545 2856 2696 2918 ξύλου
2758 2878 2770 2889 ο
2834 2860 2862 2914 η
2917 2853 2976 2907 δε
3037 2854 3224 2928 ἀνομία
3284 2858 3496 2908 θάνατον
3552 2855 3889 2926 ἀπεγέννησε,

527 2955 788 3007 matrem
802 2948 1039 3006 occidit.

2283 2949 2373 3003 τὴν
2432 2948 2621 3017 πικράν
2704 2941 2923 3016 ἐχιδναν
3022 2950 3114 3002 την
3195 2953 3291 3004 τῆς
3338 2949 3664 3018 προμητορος
3748 2944 3893 2997 ἀναι-

2280 3040 2440 3106 ρέτιν.

596 3131 714 3184 Rex
745 3132 948 3183 autem
977 3124 1144 3199 pacis
1170 3126 1321 3180 inter
1347 3124 1655 3178 hominem
1709 3139 1779 3178 ac
1830 3126 2171 3192 serpentem
2203 3112 2213 3160 ⁴

2351 3126 2572 3181 Τίθησιν
2603 3123 2627 3173 ὁ
2659 3120 2905 3195 βασιλεὺς
2953 3130 3046 3182 τῆς
3100 3123 3304 3197 εἰρήνης
3352 3124 3547 3195 ἔχθραν
3583 3121 3677 3174 ἀνὰ
3731 3128 3888 3194 μέσον

523 3218 898 3273 inimicuz'am
918 3217 1089 3285 ponit
1114 3216 1247 3283 (36),
1277 3211 1625 3284 bellumque
1679 3209 2059 3281 implacabile
2109 3210 2140 3263 i1

2282 3212 2551 3284 ἀνθρώπου
2607 3218 2696 3264 καὶ
2730 3212 2904 3283 ὀφεως,
2945 3217 3034 3263 xui
3108 3211 3326 3282 πολεμον
3372 3210 3759 3263 uirtuti/iuxta?
3818 3222 3886 3282 τῷ

522 3306 728 3362 omnia
744 3304 965 3361 saacula
977 3304 1355 3359 duraturum.
1371 3303 1522 3371 Ipse,
1548 3300 1738 3372 inquit
1756 3299 1881 3370 37),
1898 3300 2139 3353 observa

2282 3306 2436 3353 παντὶ
2495 3301 2640 3350 αἰῶνι
2701 3308 3174 3373 παρεκτεινόμενον.
3252 3300 3419 3360 Αὐὀς
3476 3319 3569 3352 σου
3632 3307 3884 3373 τηρήσει,

524 3398 607 3450 bit
619 3400 796 3464 caput
816 3400 1004 3460 tuum,
1035 3398 1214 3464 tuque
1231 3390 1569 3447 observabis
1592 3390 1940 3444 calcaneum
1960 3389 2125 3442 illius

2285 3395 2463 3461 φησιν,
2532 3389 2775 3461 κεφαλὴν,
2843 3395 2931 3440 καὶ
3000 3394 3065 3440 σὺ
3150 3396 3395 3464 τηρήσεις
3481 3389 3639 3441 αὐτοῦ
3725 3397 3885 3463 πτέρ-

520 3486 581 3541 id
614 3491 720 3553 est,
747 3484 909 3555 jugis
937 3484 1087 3538 inter
1111 3487 1434 3552 utrumque
1460 3485 1517 3534 et
1545 3478 1622 3534 ab
1653 3478 1816 3532 initio
1862 3476 1939 3532 ad
1985 3476 2137 3531 ﬁnem

2282 3501 2413 3531 ναν·
2491 3483 2655 3532 εἳτουν
2727 3480 2774 3531 ἐν
2892 3478 3199 3552 ἀμφοτέροις
3276 3476 3569 3538 διηνεκίζον
3627 3484 3773 3531 ἔσται
3825 3486 3881 3533 τὸ

521 3589 714 3645 usque
743 3573 851 3627 erit
878 3587 1105 3643 pugna,
1131 3567 1629 3641 quandoquidem
1654 3567 1835 3621 homo
1869 3566 2077 3636 primae
2108 3565 2138 3619 il

2283 3572 2521 3642 μάχιμον
2549 3576 2638 3622 xui
2670 3568 2755 3620 ἀπ’
2812 3568 2983 3642 ἀρχῆς
3038 3572 3127 3628 ἕως
3179 3568 3355 3629 τέλους
3447 3589 3458 3600 '
3504 3569 3630 3619 ἐπὰν
3685 3571 3798 3639 (38)
3856 3573 3881 3620 ὁ

521 3661 638 3717 lius
658 3659 887 3716 fraudis
908 3658 1195 3730 laqueum
1214 3655 1520 3711 memorias
1542 3654 1808 3709 defixum
1828 3670 2063 3725 semper
2084 3670 2138 3709 re

2283 3661 2372 3729 μεν
2438 3660 2708 3732 ἄνθρωπος
2770 3666 2865 3719 τῆς
2921 3663 3127 3728 πρώτης
3195 3655 3389 3717 ἐκείνης
3462 3655 3723 3718 ἐξαπάτης
3772 3660 3880 3725 (39)

520 3750 750 3816 tinebit,
797 3753 856 3804 et
905 3746 1139 3804 cladem
1185 3743 1530 3818 rependere,
1589 3750 1761 3815 teque
1812 3742 2053 3797 ultionis
2099 3759 2135 3798 a

2283 3746 2593 3819 ἀείμνηστον
2624 3746 2723 3808 ἔξει
2780 3750 2864 3797 τὸν
2896 3742 3066 3813 δόλον,
3141 3749 3231 3797 καὶ
3311 3754 3532 3820 πειρῷτο
3571 3750 3659 3802 την
3718 3746 3880 3803 ἧτταν

518 3838 954 3913 pcenastimore
986 3841 1200 3892 terrere
1244 3832 1578 3890 conabitur.
1628 3832 1745 3887 Erit
1800 3832 1981 3896 enim,
2039 3831 2135 3885 erit

2278 3834 2743 3907 ἀναμαχέσασθαι,
2791 3839 2847 3886 σε
2914 3830 2973 3886 δὲ
3038 3834 3309 3906 φοϐεῖσθαι
3374 3840 3470 3892 την
3531 3836 3733 3906 ἄμυναν
3788 3840 3879 3887 xui

518 3928 769 4003 quando
790 3932 874 3999 tu,
898 3922 1224 3999 spiritualis
1241 3932 1508 3995 serpens,
1533 3920 1887 3977 calcaneum
1906 3919 2135 3974 homini

2277 3928 2333 3975 τὸ
2401 3923 2710 3979 ἀντίποινον.
2753 3923 2943 3976 Ἔσται
2971 3926 3096 3997 γὰρ,
3158 3926 3326 3989 ἔσται,
3370 3924 3487 3974 ὅταν
3536 3928 3622 3988 οὐ,
3657 3926 3683 3973 ὁ
3736 3929 3878 3975 νοού-

518 4017 886 4077 observabis.
914 4018 1064 4073 Nam
1085 4012 1407 4087 postremis
1426 4009 1539 4066 illis
1560 4009 1775 4065 diebus
1794 4010 2135 4081 inexpugna

2277 4033 2423 4086 μενος
2487 4018 2617 4085 ὄφις,
2692 4017 2784 4070 τὴν
2855 4020 2947 4064 τοῦ
3001 4010 3271 4084 ἀνθρώπου
3328 4015 3545 4084 πτέρναν
3601 4018 3875 4085 τηρήσεις,

516 4107 654 4165 bilis
689 4107 807 4179 ipsi
829 4110 1091 4175 potestas
1109 4099 1391 4158 ealcandi
1402 4114 1585 4168 supra
1599 4103 1898 4167 serpentes
1912 4113 1983 4153 ac
2000 4112 2133 4152 scor

2280 4102 2385 4174 Ἐφ’
2422 4103 2623 4174 ἡμερῶν
2653 4105 2751 4176 γὰρ
2781 4110 2878 4153 τῶν
2933 4099 3175 4171 ἐσχάτων
3233 4097 3519 4157 δοθήσεταί
3563 4102 3613 4151 οἱ
3662 4102 3879 4173 ἄμαχος

510 4198 720 4267 piones
749 4194 884 4267 (40),
913 4198 1207 4263 tuamque
1233 4204 1498 4259 omnem,
1533 4188 1792 4257 inimice,
1832 4186 2127 4258 potentia:

2275 4190 2489 4253 ἐξουσία
2551 4199 2642 4242 τοῦ
2742 4198 2919 4242 πατεῖν
2982 4188 3148 4241 ἐπάνω
3215 4190 3371 4261 ὄφεων
3434 4194 3523 4240 xui
3589 4196 3876 4264 σκορπίων,

515 4281 857 4358 proterendi
885 4281 1195 4337 tribuetur.
1766 4277 1776 4286 '

2274 4286 2363 4332 xui
2390 4278 2473 4332 ἐπὶ
2497 4287 2673 4331 πᾶσαν
2700 4284 2791 4337 τήν
2820 4276 3039 4351 δύναμίν
3071 4298 3189 4341 σου,
3221 4276 3398 4350 ἐχθρὲ.

589 4372 728 4427 Vlll.
760 4372 827 4426 Et
845 4368 938 4425 hae
964 4367 1210 4440 quidem
1252 4365 1398 4421 mihi
1438 4364 1500 4419 in
1539 4363 1703 4419 Eden
1744 4362 2163 4434 (obvenerunt)

2345 4368 2425 4422 H'.
2491 4369 2720 4420 Τοιαύτά
2789 4386 2878 4438 μοι
2948 4368 3079 4418 κατὰ
3141 4370 3234 4424 τὴν
3300 4362 3457 4437 Ἐδεμ
3538 4364 3880 4439 ἀρχαιότατα

515 4459 947 4533 antiquissimae
966 4456 1169 4513 clades
1196 4474 1209 4523 ;
1238 4454 1343 4510 sed
1366 4471 1397 4510 e
1415 4452 1705 4509 Nazareth
1726 4468 1904 4507 omne
1920 4467 2023 4522 per
2036 4468 2132 4505 mu

2270 4463 2528 4529 πτώματα
2560 4478 2571 4489 ·
2608 4457 2661 4508 ἐκ
2720 4452 2779 4507 δέ
2822 4464 2918 4517 τῆς
2976 4458 3220 4529 Ναζαρὲτ
3275 4461 3395 4525 πᾶν,
3437 4454 3479 4507 εἶ
3542 4474 3593 4505 τι
3655 4454 3873 4527 ἀγαθὸν,

512 4549 738 4619 lierem,
769 4543 1071 4619 quidquid
1092 4548 1179 4598 est
1202 4541 1346 4597 boni
1367 4541 1662 4595 dimanat.
1683 4538 1771 4593 Ad
1793 4538 1952 4593 hanc
1982 4538 2129 4595 advc

2272 4543 2365 4599 διὰ
2420 4551 2666 4618 γυναικὸς
2720 4545 3092 4616 ἐκπηγάζεται.
3154 4545 3377 4618 Εἰρήνης
3424 4544 3502 4596 ἐπ’
3555 4545 3720 4605 αὐτὴν
3769 4547 3874 4619 ἐφί..

510 4639 596 4695 lat
612 4635 864 4707 angelus
886 4632 1075 4707 pacis,
1094 4630 1363 4703 mysticae
1384 4629 1629 4684 unionis
1657 4627 1935 4683 nuntium
1954 4626 2127 4683 allatu

2268 4656 2460 4689 πταται
2488 4636 2720 4706 ἄγγελος,
2770 4638 2837 4686 τὰ
2886 4643 2980 4695 τῆς
3035 4642 3299 4705 μυστικῆς
3355 4634 3582 4695 ἐνώσεως
3615 4635 3871 4707 εἰσηγού-

510 4745 633 4785 rus.
657 4730 804 4784 Nam
831 4740 969 4780 cum
996 4719 1255 4793 serpenti
1284 4718 1428 4775 olim
1461 4716 1929 4789 praebuissemus
1959 4732 2127 4772 aures

2267 4745 2414 4798 μενος
2479 4744 2739 4797 μηνυτρα.
2806 4730 2889 4793 Τῷ
2962 4727 3063 4795 γὰρ
3127 4726 3237 4794 ὄφει
3318 4722 3480 4775 πάλαι
3554 4726 3868 4794 πεισθέντες,

509 4821 900 4876 contumaces
925 4813 987 4868 in
1012 4813 1347 4867 Creatorem
1368 4808 1698 4871 fueramus,
1723 4811 1779 4861 et
1807 4806 1885 4861 ad
1919 4812 2126 4878 aposta

2268 4815 2623 4884 ἠπειθήσαμεν
2682 4819 2755 4881 τῷ
2811 4807 3143 4883 δημιουργῷ,
3226 4816 3314 4862 καὶ
3374 4814 3717 4883 προσρυεντες
3796 4822 3869 4883 τῷ

509 4912 636 4963 tam
665 4905 1027 4972 deﬁcientes,
1061 4914 1304 4956 eramus
1336 4912 1372 4953 a
1396 4898 1551 4967 Rege
1586 4894 1823 4949 divulsi.
1850 4894 2126 4949 Maledict:

2267 4902 2559 4974 ἀποστάτῃ,
2612 4909 2703 4952 τοῦ
2780 4899 3034 4972 βασιλέως
3106 4898 3487 4973 απερράθημεν.
3572 4906 3873 4975 Κεκατηρα-

507 4995 619 5050 fuit
646 4998 784 5058 Eva,
827 4990 1053 5064 repleta
1101 4992 1302 5045 autem
1354 4985 1464 5041 fuit
1510 4983 1703 5055 gratia
1755 4982 2124 5052 Maria;radi:

2264 5011 2350 5042 ται
2379 4993 2409 5049 ἡ
2462 4986 2590 5054 Εὖα,
2621 5009 2973 5063 κεχαριτωται
3037 4986 3094 5041 δε
3125 4990 3154 5047 ἡ
3222 4990 3444 5062 Μαριάμ
3473 5009 3485 5021 ο
3528 4990 3557 5046 ἡ
3618 4994 3747 5064 ρίζα
3786 5010 3870 5043 πι-

507 5082 743 5147 acerba,
777 5081 883 5136 sed
924 5080 1152 5135 fructus
1211 5074 1383 5131 melle
1430 5073 1661 5129 dulcior
1706 5071 2047 5143 (41):radix
2093 5071 2124 5127 i1

2262 5081 2385 5155 κρά,
2424 5076 2539 5132 ὁδε
2600 5083 2801 5153 καρπὸς
2861 5078 3173 5153 γλυκύτερος
3235 5077 3438 5149 μελιτος
3472 5078 3540 5134 ’ἠ
3608 5080 3741 5152 ῥίζα
3800 5088 3864 5151 τῇ

574 5277 686 5343 (34)
713 5273 867 5333 Psal.
890 5291 986 5341 vn,
1033 5276 1118 5328 15.

2258 5266 2379 5324 lam
2411 5264 2534 5343 iga»
2550 5263 2887 5343 tantumde
2917 5268 3201 5343 tempore.
3217 5261 3528 5343 usurpari:
3563 5264 3626 5319 at
3654 5262 3865 5336 palam

576 5332 687 5489 (35%
717 5349 838 5403 Jac.
870 5363 909 5408 ι.
936 5332 1022 5401 1δ.
2258 5344 2367 5405 est,
2396 5337 2513 5393 alio
2541 5334 2849 5417 sensu‘hic
2874 5350 3006 5390 eam
3042 5332 3333 5390 adhiberi.

576 5424 660 5489 (36
716 5420 857 5475 Gen.
885 5434 965 5489 ιιι,
995 5420 1080 5472 15.
2328 5409 2440 5489 (39)
2472 5408 2613 5489 god.
2645 5406 2698 5470 ἐξ
2727 5425 2953 5489 agures.

573 5406 684 5491 (‘36;
716 5420 857 5491 Gen.
885 5406 965 5490 iu,
995 5420 1080 5472 15.

2328 5409 2440 5491 ea)
2472 5408 2613 5491 ςοάο
2645 5406 2698 5470 εξ

711 5489 981 5635 litigium
999 5556 1241 5616 nemine
1264 5554 1599 5623 diﬁidente,
1642 5552 1840 5624 tradit,
1887 5552 2122 5625 particu
2476 5481 3047 5622 Ettig’eliﬁbgfructus,
3074 5546 3255 5606 Maria
3280 5544 3521 5618 scilicet,
3549 5547 3861 5623 particeps
