4096 6208
6 0 573 135 wr”'
652 0 675 17 ’-

386 34 393 43 η
434 28 501 45 σιξ

226 94 233 103 ,

386 34 393 43 η
434 28 501 45 σιξ

226 94 233 103 ,

202 313 316 372 689
1335 312 1406 370 ΙΝ
1442 304 2059 368 ΑΝΝΗΝΤῙΑΤῙΟΝΕΜ
2098 305 2161 366 Β.
2199 309 2462 369 MARUE.
2648 310 2651 313 ⁴
3463 317 3569 376 690

198 440 393 511 θρόνου
447 458 535 494 τον
588 442 972 516 κατερχόμενον
1030 440 1159 495 Θεὸν
1226 434 1514 510 διαλαθεῖν,
1580 439 1797 511 μήτοιγε

1914 433 2131 493 nedum
2150 434 2427 495 homines
2453 437 2672 512 solum,
2707 437 2814 496 sed
2842 441 2899 497 et
2919 442 3171 511 angelos
3199 439 3439 501 latuerit
3461 453 3569 519 qui

197 527 511 605 ἀνθρώπους
558 534 741 604 μόνον’
797 535 888 584 καὶ
924 530 1011 584 ἳνα
1057 532 1116 584 τὸ
1165 537 1255 591 τῆς
1309 535 1515 605 Γραφῆς
1561 525 1683 603 ipa"),
1740 527 1799 586 ὡς

1915 524 2073 582 circa
2099 524 2301 598 ipsum
2335 527 2733 586 ministerium
2769 528 3012 594 obeunt.
3045 546 3117 588 ac
3176 530 3395 589 throno
3443 535 3574 605 ejus

196 620 356 683 ὑετὸς
399 618 483 673 έπὶ
547 622 708 674 πόκον
785 620 1020 674 κάτεισιν
1103 617 1355 691 ἀψοφητὶ,
1428 622 1518 671 καὶ
1598 614 1806 669 ἀνεπαιο

197 710 411 771 σθήτως
475 714 567 763 καὶ
636 709 818 773 αὐτοῖς
870 716 977 770 τοῖς
1040 708 1263 768 πλησίον
1310 709 1446 761 κατά
1499 708 1803 779 συγγένειαν

194 797 574 874 Ἰσραηλίταις.
659 799 832 873 Ἡμεῖς
920 800 1047 875 γὰρ,
1112 803 1292 873 φησίν,
1374 792 1612 870 οἴδαμεν,
1723 795 1805 848 ὃτι

194 894 389 944 Macci
436 887 706 948 λελαληκεν
770 890 798 941 ὁ
865 892 993 951 Θεὸς
1018 908 1032 925 ο
1101 894 1281 942 τοῦτον
1339 882 1400 941 δε
1480 884 1575 939 οὐκ
1654 881 1801 938 οἶδα-

192 996 314 1051 μεν.
351 979 503 1032 πόθεν
563 976 700 1037 έστί.
754 976 1005 1038 Πολλάκις
1060 978 1162 1052 γὰρ
1232 974 1519 1050 σκληρότης
1578 970 1802 1049 καρδίας

191 1066 472 1130 amoves
520 1066 691 1140 λόγοις
740 1068 975 1143 ἡμέροις,
1032 1069 1122 1119 καὶ
1161 1064 1515 1139 σχολαιοτέρα
1579 1062 1799 1139 βάδισις

190 1176 287 1210 και
309 1154 579 1235 ἀτάραχος
596 1158 683 1212 τόν
709 1154 998 1211 ἀτίθασσον
1030 1156 1166 1232 θῆρα
1191 1153 1511 1229 ἐζώγρησεν.

269 1341 538 1417 ΙΒ’.⁴Εχω
573 1345 665 1416 μεν
711 1350 800 1398 οῦν
852 1348 943 1396 καὶ
991 1342 1169 1419 έτέρως
1210 1338 1529 1415 μεθοδεῦσαι
1575 1342 1663 1393 τόν
1710 1338 1797 1392 λό-

188 1451 316 1506 γον,
344 1435 433 1485 καὶ
477 1433 544 1486 τὰ
585 1433 723 1486 κατά
770 1434 858 1485 τὸν
905 1434 1066 1485 πόκον
1111 1429 1510 1503 ὑψηλολογῆσαι
1568 1423 1795 1491 διεξοδι-

190 1526 441 1596 κώτερον.
502 1517 644 1575 Οἶδα
696 1523 798 1597 γὰρ
850 1522 973 1584 τοὺς
1036 1527 1130 1574 τοῦ
1192 1523 1369 1592 γένους
1441 1519 1793 1594 προπάτορας,

195 1608 544 1685 δερματίνους
566 1618 799 1685 χιτῶνας
857 1611 1266 1684 ἠμφιεσμένους,
1326 1612 1417 1662 καὶ
1468 1607 1657 1682 ξηροὺς
1705 1610 1795 1658 καὶ

192 1698 475 1762 ἀλίϐαντας
540 1696 634 1754 διά
697 1705 786 1760 τὴν
859 1699 1121 1773 ἀπόφασιν
1180 1706 1272 1760 τῆς
1330 1701 1640 1771 νεκρὼσεως.
1703 1701 1796 1756 τῆς

196 1785 445 1865 εὐυδρίας
520 1787 904 1864 έξοριζομενους
974 1796 1067 1842 τοῦ
1146 1783 1498 1862 παραδείσου.
1552 1788 1793 1853 ,Εκείνων

198 1881 552 1955 mamma;
581 1878 870 1953 ἄνθρωπος,
911 1880 941 1939 ἠ
990 1880 1265 1952 Παρθὶνος,
1317 1876 1450 1937 πλήν
1499 1876 1580 1929 ὅτι
1633 1874 1797 1927 λεπτά

193 1973 542 2043 γνωρίσματα
611 1972 871 2043 περιφέρει
930 1976 1025 2031 τῆς
1106 1966 1306 2020 ἐκείνων
1376 1966 1538 2035 ζωῆς,
1612 1965 1795 2022 θνητόν

200 2061 293 2132 μὶν
332 2061 658 2131 περικειμένη
726 2061 785 2111 τό
822 2065 995 2131 σῶμα,
1027 2061 1119 2111 καὶ
1168 2058 1380 2132 φθαρτῷ
1440 2071 1797 2126 συναναστρε-

201 2150 418 2221 γομένη,
475 2148 544 2201 τὰ
593 2142 641 2201 δ’
680 2145 812 2199 ἄλλα
865 2144 979 2199 λίαν
1048 2146 1302 2220 ὑπέρτερα
1381 2147 1472 2196 καὶ
1546 2144 1796 2216 θειότερα.

199 2238 335 2296 Τοὺς
412 2238 514 2309 ⁹χιῐιρ
590 2233 893 2311 ἀρραϐῶνας
964 2242 1058 2297 τῆς
1155 2231 1445 2306 ἀφθαρσίας
1535 2249 1799 2305 προεμνη-

201 2326 435 2394 στεύετο,
484 2328 573 2377 καὶ
632 2323 924 2402 ἀνθρώποις
969 2318 1384 2396 συνδιαιτωμίνη
1443 2323 1569 2395 πρὸς
1652 2316 1799 2391 ἀγγε-

196 2413 352 2474 λικὴν
415 2412 595 2468 ἀῡλίαν
673 2412 920 2485 ἀνέϐαινε,
1006 2416 1094 2465 καὶ
1161 2410 1353 2485 κλίμαξ
1435 2409 1801 2485 οὐρανομήκης

200 2508 598 2576 έπεγινώσκετο,
649 2504 714 2566 ἧς
759 2505 791 2562 ἡ
838 2501 1028 2576 κεφαλὴ
1082 2499 1341 2571 ἀφικνεῖτο
1395 2498 1462 2561 εἰς
1508 2500 1595 2551 τὸν
1648 2497 1800 2570 οὐρα-

198 2595 308 2655 νὸν,
376 2594 441 2645 τὰ
494 2592 658 2647 έκεῖσε
708 2592 869 2652 κάλλη
927 2588 1267 2663 διανοουμένη
1310 2591 1400 2642 καὶ
1458 2589 1706 2660 θεωμένη,
1759 2585 1802 2639 εἰ

199 2686 294 2735 καὶ
332 2686 470 2735 κατὰ
524 2690 624 2755 γῆν
658 2686 754 2742 την
803 2680 964 2755 βάσιν
1014 2677 1213 2757 ἤρειδε,
1258 2683 1348 2732 καὶ
1417 2676 1658 2752 ἐστήριξε
1728 2683 1801 2747 τῷ

202 2778 295 2833 τῆς
337 2771 520 2833 οὐσίας
582 2770 916 2847 κατωϐριθιῖ.
982 2768 1098 2825 Ἐπί
1145 2770 1340 2826 ταύτην
1393 2764 1655 2821 ἀνέϐαινον
1713 2770 1803 2820 καὶ

202 2860 507 2915 κατέϐαινον
536 2862 586 2914 οἱ
610 2859 823 2933 ἄγγελοι
852 2865 945 2913 τοῦ
993 2864 1128 2913 Θεοῦ
1162 2877 1176 2892 ·
1231 2855 1491 2910 ἀνέϐαινον
1546 2863 1608 2929 τῇ
1668 2858 1803 2909 κατά

205 2955 363 3025 φύσιν
428 2959 520 3013 τῆς
585 2949 768 3012 ἀῡλίας
849 2950 1085 3025 ὑπεροχῇ
1163 2945 1463 3001 κατέϐαινον
1531 2947 1632 2999 ὑπὸ
1711 2952 1803 3007 τῆς

202 3042 524 3117 παρθενικῆς
599 3042 869 3113 ἠττὼμενα
939 3040 1336 3114 καθαρότητος’
1399 3039 1490 3089 καὶ
1538 3036 1564 3089 ὀ
1612 3037 1803 3110 Κύριος

201 3130 551 3205 έπεστηρικτο
578 3130 656 3185 ἄπ’
686 3130 873 3190 αὐτὴν.

1915 614 2227 683 assistunt,
2280 621 2429 675 etut
2472 619 2904 693 Scripturarum
2955 620 3203 678 etfatum
3257 638 3569 696 usurpem,

1912 704 2215 762 descendit
2246 706 2400 764 sicut
2431 709 2718 777 pluviain
2731 710 3072 781 vellus(57),
3095 711 3221 767 sine
3239 714 3489 785 strepitu
3515 719 3574 772 et

1913 795 2070 853 clam
2094 795 2167 852 iis
2196 812 2440 871 quoque
2472 798 2771 871 Israelitis,
2808 800 2909 873 qui
2932 801 3245 859 viciniores
3298 802 3416 876 ipsi
3470 820 3568 861 se-

1912 884 2181 944 cundum
2192 888 2610 960 cognationem
2624 892 2812 947 erant.
2826 891 2946 947 Nos
2956 892 3097 948 scim
3106 908 3193 959 us,
3223 893 3415 966 inquit
3428 896 3563 966 (58),

1910 976 2053 1047 quia
2062 977 2259 1048 Moysi
2288 979 2520 1035 locutus
2532 985 2614 1036 est
2642 981 2799 1037 Deus
2828 998 2840 1037 :
2868 980 3029 1038 hunc
3041 985 3235 1039 autem
3248 985 3563 1054 nescimus,

1908 1066 2068 1122 unde
2080 1068 2175 1124 sit.
2207 1067 2488 1126 Videlicet
2509 1071 2890 1127 contumacia
2904 1071 3176 1129 eordium
3195 1089 3356 1148 saepe
3391 1090 3563 1131 mau~

1910 1156 2092 1212 suetis
2121 1155 2321 1213 verbis
2338 1157 2623 1228 mollitur,
2638 1175 2708 1216 ac
2733 1158 2945 1217 lentior
2957 1162 3436 1236 tranquillusque
3464 1164 3560 1222 iu-

1908 1258 2116 1301 cessus
2138 1246 2233 1303 vel
2255 1246 2579 1306 indomitas
2606 1248 2762 1306 feras
2792 1265 2950 1323 saepe
2977 1250 3145 1307 vivas
3167 1252 3343 1325 cepit.

1983 1334 2092 1390 Xll.
2124 1333 2436 1391 Enimvero
2455 1339 2513 1393 et
2541 1335 2659 1394 alia
2683 1337 2832 1395 mihi
2869 1354 2933 1395 se
2963 1338 3135 1396 oﬂert
3188 1341 3341 1398 ratio
3370 1340 3558 1400 disse-

1905 1421 2098 1489 rendi,
2128 1427 2186 1480 et
2212 1424 2527 1497 copiosiori
2549 1427 2925 1484 enarratione
2964 1444 3055 1497 ea,
3088 1444 3224 1503 quae
3250 1430 3327 1487 ad
3367 1432 3556 1489 vellus

1905 1510 2021 1569 hoc
2050 1517 2338 1586 spectant.
2357 1513 2717 1571 celebrandi.
2744 1517 2963 1574 Etsaue
2984 1524 3361 1590 compertum
3381 1521 3557 1578 nobis

1906 1602 2696 1675 est,primosgenerisuostri
2715 1609 3016 1677 parentes,
3056 1608 3271 1664 tunicis
3315 1610 3556 1668 indutos

1904 1690 2188 1765 pellieeis,
2234 1708 2305 1748 ac
2363 1696 2606 1766 propter
2653 1694 2863 1751 mortis
2928 1697 3284 1754 sententiam
3338 1703 3558 1759 terrore

1905 1785 2239 1853 prostratos
2269 1797 2339 1839 uc
2370 1782 2544 1839 veluti
2577 1784 2903 1856 exanimes,
2939 1801 2976 1842 a
3013 1788 3278 1859 paradisi
3334 1791 3560 1849 deliciis

1904 1869 2190 1943 expulsos
2216 1870 2418 1928 fuisse.
2450 1873 2621 1943 Virgo
2659 1878 2882 1943 autem,
2922 1890 3132 1933 eorum
3177 1877 3301 1935 tilia
3354 1884 3559 1954 utpote

1904 1959 2111 2027 homo,
2140 1958 2189 2016 si
2214 1960 2515 2032 quasdam
2539 1960 2776 2018 levioris
2796 1965 3086 2019 momenti
3118 1967 3379 2037 excipias
3421 1985 3560 2041 pro-

1906 2050 2187 2124 prietates
2209 2065 2349 2107 cum
2371 2066 2579 2108 eorum
2605 2052 2726 2110 vita
2747 2068 3121 2127 communes,
3152 2058 3317 2130 quod
3336 2074 3555 2133 nempe

1906 2139 2222 2197 mortalem
2251 2149 2409 2198 hanc
2437 2140 2941 2200 caruissareiuam
2965 2150 3208 2217 gereret,
3234 2152 3290 2204 et
3314 2164 3557 2226 corrup-

1907 2228 2057 2286 tibili
2111 2244 2249 2287 cum
2305 2245 2556 2304 corpore
2610 2230 2832 2289 viveret
2899 2236 3013 2305 (59,
3072 2236 3277 2308 quoad
3328 2238 3559 2312 reliqua

1906 2319 2087 2390 longe
2115 2318 2227 2375 illis
2248 2318 2562 2375 sublimior
2582 2324 2706 2377 erat
2734 2336 2805 2377 ac
2829 2321 3103 2380 divinior.
3140 2327 3560 2401 lucorruptibi-

1907 2410 2085 2468 litatis
2113 2410 2272 2467 enim
2303 2410 2512 2467 arrlias
2533 2410 2649 2468 sibi
2674 2414 3085 2486 comparabat,
3145 2420 3204 2473 et
3247 2417 3397 2475 inter
3452 2419 3564 2476 ho-

1910 2500 2105 2557 mines
2131 2500 2337 2557 vivens
2368 2500 2446 2557 ad
2477 2502 2741 2559 materias
2798 2508 3103 2576 expertem
3155 2507 3563 2568 conditionem

1910 2590 2245 2661 angelicam
2294 2591 2666 2662 assurgebat,
2722 2608 2794 2649 ac
2836 2595 3191 2653 cernebatur
3241 2614 3349 2654 ceu
3402 2599 3566 2656 scala

1910 2679 2193 2754 quadam
2203 2680 2553 2752 celsissima,
2571 2682 2742 2754 cujus
2756 2685 3075 2742 summitas
3091 2686 3169 2742 ad
3181 2687 3362 2744 caelos
3377 2705 3566 2761 usque

1911 2770 2274 2844 pertingeret
2309 2772 2442 2843 (60),
2474 2787 2610 2845 quas
2652 2770 2769 2829 illic
2803 2778 3079 2845 portenta
3127 2782 3267 2833 sunt
3298 2778 3569 2835 conside-

1911 2874 2053 2916 rans
2065 2863 2245 2933 atque
2256 2859 2672 2933 contemplans
2688 2862 3067 2936 (quanquam
3088 2865 3280 2921 basim
3304 2866 3571 2924 firmaret

1912 2948 1974 3005 in
2002 2952 2202 3021 terra),
2233 2964 2343 3005 nec
2376 2954 2622 3006 terrenas
2654 2950 3001 3009 substantiae
3028 2955 3295 3026 pondere
3340 2961 3418 3011 ad
3440 2956 3569 3013 haec

1910 3037 2152 3095 infirma
2170 3038 2827 3111 deprimebaturJuxta
2854 3041 3049 3113 ipsam
3077 3043 3484 3101 ascendebant
3513 3048 3573 3101 et

1916 3126 2364 3184 descendebant
2394 3128 2492 3183 Dei
2542 3128 2775 3197 angeli;
2819 3130 3227 3187 ascendebant
3281 3134 3570 3191 nimirum

200 3221 554 3294 praestantia
594 3219 864 3295 quadam
893 3217 1251 3278 conditionis
1277 3216 1447 3275 omni
1477 3214 1728 3273 materia
1757 3228 1832 3272 ex
1858 3220 2078 3273 natura
2103 3230 2215 3273 sua
2243 3215 2501 3273 carentis
2530 3232 2545 3282 ;
2591 3215 3039 3275 descendebant
3069 3224 3271 3276 autem
3302 3221 3572 3294 virginea

202 3310 363 3367 illius
397 3310 653 3384 puritate
679 3309 817 3367 victi
842 3326 857 3378 ;
886 3308 1083 3366 eidem
1111 3323 1252 3365 vero
1276 3306 1565 3365 Dominus
1595 3306 1726 3377 ipse
1753 3303 2139 3362 innitebatur.

279 3399 444 3453 Βαϐαὶ
485 3408 583 3453 τῶν
642 3400 917 3473 χαρίτωνξ
1003 3398 1167 3453 Βαϐαὶ
1220 3404 1312 3451 τοῦ
1373 3403 1467 3459 τῆς
1540 3396 1799 3470 Παρθένου

1984 3394 2073 3453 0h
2097 3399 2395 3468 quantum
2426 3396 2754 3466 gratiarum
2785 3396 3095 3455 cumulum
3120 3399 3132 3455 !
3158 3398 3245 3456 0h
3275 3404 3568 3473 quantam

202 3489 739 3563 ἀξιώματοςῐῐιάντα
778 3486 997 3565 δεύτερα
1038 3497 1130 3550 τῆς
1180 3484 1343 3551 δόξης
1388 3485 1585 3546 αὐτῆς*
1633 3486 1805 3537 πάντα

200 3581 654 3654 μειονεκτούμενα,
714 3580 809 3631 κᾶν
873 3580 942 3631 τά
996 3573 1399 3654 φρικωδέστατα
1467 3574 1804 3650 ἁξαπτέρυγα

202 3666 601 3743 διενθυμηθῇς·
635 3670 665 3727 ἡ
713 3670 815 3743 γὰρ
873 3667 1042 3735 λαϐὶς,
1101 3669 1128 3721 ό
1183 3670 1346 3728 τύπος
1402 3664 1587 3731 αὐτῆς,
1654 3661 1802 3717 εὐλα-

202 3756 305 3819 ϐῶς
379 3766 485 3820 τοῖς
555 3756 916 3833 έξαπτερύγοις
960 3760 1163 3819 τούτοις
1213 3759 1532 3826 κατέχεταμ
1601 3752 1695 3805 κᾶν
1736 3754 1804 3805 τὰ

200 3846 554 3921 πολυόμματα
607 3845 875 3921 Χερουϐὶμ
925 3845 1070 3921 ἐρεῖς,
1130 3842 1166 3898 ἄ
1219 3849 1307 3897 καί
1370 3843 1440 3907 εἰς
1507 3844 1719 3918 θρόνους
1774 3840 1801 3893 ὁ

205 3938 339 4000 θεῖος
401 3936 768 4010 θεαματίζεται
849 3934 1113 4006 Ἰεζεκιηλ,
1184 3932 1260 4007 ἔφ’
1316 3934 1384 3985 ὧν
1435 3934 1801 4007 πτερυσσόμε-

198 4044 288 4077 νον
326 4024 523 4098 εἰσάγει
580 4028 668 4078 τὸν
712 4024 985 4097 Ὕψιστον,
1034 4028 1124 4077 καὶ⁵
1183 4022 1267 4076 έπὶ
1319 4030 1527 4098 τροχῶν
1577 4020 1802 4093 ἑφιπτά-

199 4133 353 4188 μενον
378 4136 392 4151 -
443 4114 656 4169 ἐκινεῖτο
719 4118 815 4189 μέν
888 4117 988 4188 γὰρ
1078 4111 1165 4166 ἀπ’
1221 4112 1426 4181 αἰῶνος,
1474 4119 1536 4184 τῇ
1597 4108 1801 4182 ἐμφύτῳ

196 4208 568 4277 χρηστότητι,
619 4203 705 4257 ἐπὶ
752 4207 812 4257 τό
865 4206 1160 4279 μυστήριον
1202 4210 1298 4265 τῆς
1349 4200 1801 4275 ένανθρωπήσεως,

196 4297 290 4347 καὶ
358 4297 444 4355 της
512 4297 642 4369 πρός
715 4292 1018 4368 ἀνθρώπους
1110 4294 1434 4366 φάνέρωσιν·
1516 4292 1659 4342 οὔπω
1744 4283 1803 4340 δε

194 4387 476 4456 προσήκων
534 4381 816 4442 ἐνειστήκει
863 4385 1065 4459 καιρός,
1115 4382 1168 4434 ὃν
1211 4383 1240 4440 ἡ
1307 4381 1647 4450 ὑπεράπειρος
1704 4384 1802 4430 τῶν

193 4475 466 4549 χριμάτων
539 4472 699 4526 αὐτοῦ
782 4471 1118 4545 έπεογίνωσκεν
1188 4469 1442 4533 ἄϐυσσος·
1504 4475 1564 4521 Ὀ
1628 4470 1804 4541 μέντοι

195 4565 589 4638 πατριαρχικὸς
618 4569 733 4624 νοῦς
759 4559 947 4624 ἐκεῖνος
975 4566 1065 4614 καὶ
1108 4563 1195 4613 τὸν
1240 4562 1369 4613 Θεὸν
1426 4560 1579 4633 ὀρῶν,
1639 4555 1801 4614 έστη-

192 4656 437 4731 ρεαιμένον
495 4651 579 4706 έπὶ
625 4656 721 4712 την
774 4653 1031 4722 Παρθένον
1075 4652 1192 4725 ὁρᾷ.
1250 4648 1372 4702 Ὀτε
1429 4650 1529 4723 γὰρ
1586 4646 1801 4721 εὓρηται

263 4824 382 4897 (57)
414 4822 573 4880 Psal.
605 4838 760 4889 Lm,
790 4826 841 4880 6.

269 4897 383 4967 (58)
405 4898 577 4953 Joan.
608 4897 804 4967 11.729.

265 4963 385 5041 (59)
417 4966 720 5040 Numquid
742 4981 862 5041 non
878 4980 942 5023 se
954 4965 1109 5023 clare
1122 4964 1322 5041 prodit
1332 4963 1574 5041 hocetia
1585 4986 1641 5026 m
1663 4970 1797 5028 loco

190 5036 471 5097 doctrina
494 5036 763 5094 veterum
781 5036 1218 5094 Grmcorum'de
1239 5036 1579 5093 conditione
1603 5042 1796 5099 Maria;

191 5109 745 5193 communislapsis.
758 5108 1323 5193 hominibusprobri
1344 5110 1795 5193 capertis‘tﬁane

192 5183 309 5240 nisi
327 5181 518 5239 tiliam
543 5180 784 5262 fatearis
806 5180 963 5262 illius
995 5180 1195 5262 reatus
1207 5180 1522 5262 exsortem.
1545 5184 1647 5262 qu}
1675 5185 1795 5256 ρι-ί-

193 5269 329 5327 mos
346 5257 626 5327 parentes
642 5268 674 5308 e
692 5251 842 5327 felici
855 5255 1010 5309 statu
1022 5252 1081 5308 in
1094 5250 1383 5327 abyssum
1410 5250 1793 5327 miserrimum

188 5321 557 5404 deturbavit,
574 5323 772 5404 inanis
791 5327 880 5404 est
893 5321 1215 5404 oppositio,
1229 5337 1416 5397 quam
1434 5321 1623 5382 filiam
1643 5327 1795 5383 inter

193 5412 265 5454 ac
292 5400 577 5454 parentes
608 5400 816 5452 auctor
835 5396 1104 5451 instituit.

264 5464 380 5540 (60)
396 5467 543 5523 Gen.
561 5482 767 5535 xxvm,
786 5469 868 5532 12,
893 5464 1257 5537 13:Viditque
1272 5464 1475 5535 (Iacob
1492 5467 1552 5540 in
1574 5469 1794 5525 somnis

194 5554 293 5596 sca
301 5540 425 5597 tam
434 5544 688 5595 stantem
697 5552 880 5607 super
890 5542 1194 5607 terram,et
1205 5550 1477 5607 cacumen
1488 5539 1656 5594 illius
1670 5544 1796 5594 tan-

193 5578 1797 5738 ;f.‘:.'.".§j.;2;:'.;;;agragwwgmzazsa2.23135,

197 5679 851 5753 εεηάεηεεερενεαηιιει
909 5675 1799 5741 ominamtrtmcmmcatadns-

773 5712 1173 5752 ιυιυυηιῑηιυη
1187 5712 1462 5738 εηηιωουιε
1473 5712 1673 5741 συυιηε

1912 3484 2165 3555 Virginis
2177 3483 2554 3555 dignitatem!
2576 3484 2790 3542 Omnia
2803 3485 3003 3555 gloriae
3016 3488 3291 3559 ejusdem
3316 3490 3567 3560 cedunt;

1909 3575 2118 3631 omnia
2147 3578 2287 3631 sunt
2304 3573 2606 3643 inferiora,
2630 3575 2724 3631 vel
2746 3575 2798 3630 si
2833 3576 3037 3633 animo
3059 3578 3282 3650 cogites
3311 3584 3569 3637 tremen-

1911 3663 2194 3720 dissimos
2215 3663 2723 3736 illos(Serapbim)
2747 3680 2852 3722 sex
2881 3664 3009 3723 alas
3060 3666 3350 3724 habentes
3408 3670 3518 3741 (61)
3552 3690 3565 3740 ;

1908 3758 2248 3815 reverenter
2300 3753 2461 3809 enim
2539 3753 2601 3810 hi
2674 3753 2986 3827 forcipem,
3048 3773 3186 3829 quae
3232 3761 3356 3815 erat
3410 3758 3567 3815 illius

1910 3849 2092 3921 typus
2122 3843 2731 3918 (92).apprebendunt
2763 3850 2902 3913 ;aut
2930 3846 3109 3903 etiam
3132 3848 3180 3903 si
3205 3848 3265 3904 in
3296 3849 3566 3905 medium

1908 3938 2178 4013 proferas
2199 3933 2408 4009 plenos
2436 3934 2628 3990 oculis
2650 3932 2971 3992 Cherubim
2989 3938 3116 4007 (63),
3140 3952 3296 4009 quos
3323 3936 3564 3994 divinus

1910 4025 2173 4085 Ezechiel
2195 4028 2587 4097 repraesentat
2615 4040 2726 4080 ceu
2755 4024 3025 4093 thronos,
3058 4040 3243 4097 supra
3269 4042 3425 4098 quos
3470 4041 3562 4082 ex-

1909 4117 2073 4175 hibet
2100 4114 2470 4172 Altissimum
2502 4112 2630 4169 alas
2656 4112 3001 4183 agitantem,
3063 4117 3119 4170 et
3162 4129 3346 4186 supra
3399 4118 3562 4170 rotas

1909 4207 2256 4264 volitantem
2308 4204 2447 4277 (64),
2508 4201 2805 4279 siquidem
2856 4218 2893 4257 a
2942 4202 3161 4259 saeculo
3217 4203 3399 4259 insita
3446 4203 3559 4260 sibi

1910 4296 2177 4355 bonitate
2190 4294 2267 4351 ad
2280 4291 2706 4350 incarnationis
2728 4290 3086 4363 mysterium
3105 4291 3555 4364 complendum,

1911 4389 1969 4443 et
1996 4384 2072 4441 ad
2100 4378 2608 4440 manifestaudum
2640 4394 2705 4435 se
2735 4378 3083 4435 hominibus
3114 4379 3450 4450 ferebatur;
3499 4387 3562 4441 at

1909 4473 2182 4532 nondum
2213 4475 2618 4544 opportunum
2637 4473 2871 4541 tempus
2897 4468 3245 4538 advenerat,
3266 4470 3429 4545 quod
3448 4471 3559 4530 im-

1908 4560 2355 4639 perscrutabilis
2377 4559 2744 4633 judiciorum
2799 4558 2930 4630 ejus
2978 4558 3240 4631 abyssus
3286 4565 3556 4617 noverat.

1910 4654 2063 4712 Illud
2090 4666 2236 4710 sane
2268 4649 2686 4724 (mysterium),
2717 4664 2787 4706 ac
2841 4651 3029 4706 Deum
3094 4649 3156 4706 in
3200 4650 3408 4722 spiritu
3451 4665 3558 4723 pa-

1907 4826 2037 4901 pice
2065 4820 2580 4901 porro,quon_i_od_o
2599 4819 2747 4901 .hiuc
2770 4823 2982 4901 auctor
2994 4818 3555 4901 occasionem‘arri-

1952 4890 2645 4970 i_at,pu_ritatém_Virgipis
2670 4908 2792 4965 prie
2811 4890 3160 4970 angelorum
3183 4890 3442 4970 puritate
3456 4907 3553 4970 ce:

1952 4914 2375 4970 tat,puriw.tem
2404 4914 2645 4962 Virginis
2672 4914 2792 4965 prus
2811 4914 3160 4972 διεξίωσι-[ιω
3184 4914 3435 4963 puruuw
3456 4914 3553 4975 ce:

1904 4914 2176 5025 iebrandi
2197 4965 2389 5039 :quod
2427 4964 2671 5039 quidem
2702 4978 3051 5039 encomium
3074 4961 3264 5039 abs_re
3294 4966 3467 5035 esset,
3502 4980 3553 5021 st

1904 5040 2048 5098 olim
2076 5032 2265 5107 Virgo'
2289 5032 2516 5109 peccati
2540 5032 3154 5109 deformitatefmdata
3176 5032 3401 5109 fuisset.

1977 5112 2087 5179 (61)
2117 5104 2232 5165 lsa.
2262 5104 2341 5174 v't,
2374 5112 2406 5162 2
2433 5105 2782 5179 :Seraphim
2806 5104 3049 5162 stabant
3102 5121 3283 5176 super
3342 5107 3504 5164 illud
3531 5125 3546 5166 ε

1901 5197 2007 5239 sex
2039 5177 2152 5237 ala:
2183 5180 2306 5245 uni,
2344 5184 2399 5235 et
2426 5193 2531 5235 sex
2555 5179 2669 5233 alae
2701 5177 2901 5233 alteri.
3524 5183 3532 5190 ‘

1970 5252 2086 5324 (62)
2116 5254 2491 5324 Consuetum
2509 5249 2740 5324 scilicet
2875 5246 3149 5304 Palribus
3168 5248 3301 5324 fuit,
3324 5254 3408 5324 ut_
3431 5250 3549 5324 for-

1903 5318 2119 5395 cipem,
2151 5338 2273 5395 qua
2292 5320 2603 5395 Seraphin;
2630 5318 2926 5395 calculum
2948 5320 3205 5394 sumpsit
3246 5320 3322 5377 de
3357 5322 3548 5390 altari,

1900 5391 2275 5452 habeaut'uti
2298 5391 2518 5449 sanctas
2540 5391 2790 5462 Virginis
2819 5395 3056 5463 typum.

1975 5470 2079 5535 (63)
2106 5465 2305 5522 Ezech.
2341 5481 2398 5526 Χ,
2429 5468 2491 5519 12
2521 5479 2536 5520 :
2562 5463 2637 5518 Et
2661 5477 2831 5518 omne
2850 5477 3064 5532 corpus
3201 5468 3255 5520 et
3279 5465 3457 5532 colla,
3496 5470 3550 5519 et

1903 5552 2138 5603 manus,
2175 5542 2228 5593 et
2254 5549 2463 5603 penna:
2494 5572 2552 5598 .,.
2581 5535 2765 5603 plena
2795 5540 2963 5591 erant
2996 5536 3204 5592 oculis:

1974 5609 2092 5682 (64)
2112 5607 2320 5665 Ezecb.
2358 5622 2415 5678 χ,
2451 5610 2540 5678 28,
2568 5607 2655 5677 29,
