4096 6208
0 0 406 88 (ρετινετ
423 0 658 42 Ὑτῗηή

0 23 228 110 ιε-’σξ

203 328 324 382 ‘93

206 447 520 503 διανιστῶν.
580 447 784 501 Αύαλέα
830 449 934 521 γὰρ
989 449 1304 517 γέγονεκαὶ
1352 451 1540 522 τέφρας
1601 445 1818 517 αύχμω-
1847 442 1895 494 Α

209 536 540 613 δεστίρα,ἑξ
590 539 710 589 ὅτου
769 537 901 607 (73),
955 540 1021 596 ὼς
1072 534 1316 610 ἀστραπὴ
1379 529 1816 611 πρηστηριὼδης,

209 628 489 686 ὁΣατανᾶς
547 630 719 678 πεσὼν
765 628 822 677 εκ
881 631 974 676 τοῦ
1028 625 1269 697 ούρανοῦ,
1337 630 1551 700 καιρίως
1624 625 1818 678 ταύτην

212 715 415 789 βαλὼν,
472 714 833 780 κατηθοὶλωσε,
913 717 1004 768 καὶ
1053 715 1271 786 ἄνικμον
1329 714 1682 788 ἀπειργάσατο
1729 715 1820 763 καὶ

210 809 352 879 πρὸς
401 808 755 879 καρποφορίαν
841 805 987 855 θείων
1037 805 1200 878 ἔργων
1255 801 1480 867 ἀδίξιον.
1543 800 1818 871 Ἀνατελεῖ,

213 899 402 966 φησὶν,
474 892 524 945 ἰν
601 901 715 953 ταῖς
793 893 1007 966 ἡμέραις
1089 892 1250 946 αὐτοῦ
1334 889 1647 948 δικαιοσύνη
1729 893 1821 942 καὶ

213 982 415 1042 πλῆθος
478 982 707 1056 εἰρήνης,
777 982 870 1043 ἕως
938 981 999 1032 οὗ
1081 979 1417 1056 ἀνταναιρεθῇ
1497 982 1529 1038 ἠ
1610 979 1817 1037 σελήνη.

212 1071 612 1142 Ἐπεξερχέσθω
659 1072 763 1144 γὰρ
819 1071 846 1121 6
883 1069 1036 1140 λόγος
1081 1074 1314 1130 καὶτοῖς
1370 1068 1488 1132 έξῆς
1543 1075 1636 1122 τοῦ
1689 1066 1822 1138 ψαλ-

209 1168 340 1233 μοῦ,
371 1165 462 1212 καὶ
489 1160 607 1212 καθ’
647 1156 773 1212 ὁδὸν
835 1160 1183 1231 προερχέσθω
1239 1157 1325 1210 ἐπὶ
1381 1162 1476 1216 τὴν
1531 1165 1633 1210 τῶν
1687 1176 1820 1230 κρυ-

212 1255 484 1322 πτομένων
533 1253 833 1321 σαφήνειαν.
873 1244 1017 1305 Ἤδη
1077 1249 1180 1319 γὰρ
1227 1254 1322 1299 τοῦ
1373 1246 1524 1304 ἡλίου
1577 1253 1673 1307 τῆς
1729 1242 1820 1298 δι-

212 1339 505 1397 καιοσύνης
595 1335 880 1390 ἀνατέλλειν
974 1333 1368 1408 ἀπαρχομένων,
1467 1337 1536 1386 τὰ
1615 1333 1664 1386 ἕν
1749 1341 1822 1403 τῷ

215 1422 445 1484 σκιώδει
499 1432 592 1480 τοῦ
680 1427 992 1500 γράμματος
1067 1442 1502 1497 συγκρυπτομενα
1567 1422 1639 1484 εἰς
1715 1430 1822 1494 φῶς

216 1515 488 1588 ἐξαγέσθω
495 1533 590 1568 σαν
599 1556 612 1571 .

295 1801 397 1856 IA'.
430 1799 565 1854 Ἀλλ’
612 1801 674 1867 ὦ,
703 1803 834 1860 τίνες
884 1801 934 1851 οἱ
987 1802 1208 1850 κατόπιν
1249 1799 1396 1870 ἡμῶν
1443 1795 1632 1871 ἀρτίως
1690 1794 1820 1868 βαῦ-
1854 1803 1893 1855 Β

219 1890 423 1958 ζοντες,
483 1894 574 1942 καὶ
632 1891 784 1961 θροῦν
836 1892 997 1960 μέγαν
1044 1891 1135 1939 καὶ
1178 1889 1412 1959 τάραχον
1466 1884 1821 1957 ἀνεγείροντες,

219 1984 314 2031 καὶ
338 1981 474 2030 κατὰ
502 1985 595 2030 τοῦ
622 1977 774 2048 λόγου
816 1975 1102 2049 βρύχοντες
1153 1979 1276 2036 τοὺς
1325 1971 1644 2036 κυνόδοντας
1668 1974 1821 2044 ('75);

219 2064 480 2122 Ἰουδαῖοι
536 2068 739 2128 πάντως
807 2065 932 2133 εἰσὶ,
1015 2069 1075 2116 τὸ
1123 2064 1476 2138 φιλοτάραχον
1531 2063 1682 2134 φῦλον
1735 2065 1826 2113 καὶ

217 2158 524 2230 κραυγάζον
558 2177 570 2189 ·
623 2155 690 2206 ὧν
749 2173 1135 2227 καρποφορημα
1189 2158 1393 2225 κραυγή
1459 2150 1572 2204 ἀντὶ
1621 2170 1825 2222 σταφυ-

217 2245 338 2310 λῆς,
370 2248 528 2318 φάναι
556 2245 676 2296 καθ’
695 2244 933 2298 Ἡσαΐαν.

289 2339 356 2387 Τί
411 2331 498 2386 οὖν
549 2338 835 2405 ποιήσομεν
883 2349 896 2396 ;

213 2424 538 2497 ῥήγνυσθαι,
591 2418 854 2494 μηδεμίαν
948 2420 1269 2495 ἕπιστροφὴν
1351 2426 1452 2471 τῶν
1515 2417 1821 2491 πεφλυαρη-

215 2516 382 2583 μένων
435 2512 609 2571 αὐτοῖς
660 2512 954 2582 ποιούμενοι
995 2526 1008 2575 ;
1057 2508 1128 2561 ’Ἡ
1216 2507 1611 2581 ἐπιστραφέντες
1692 2505 1824 2577 ὀλίγ’

216 2602 354 2652 ἄττα
385 2601 500 2668 (76)
542 2595 748 2651 λιθίδια
787 2606 881 2651 τοῦ
939 2594 1188 2660 ἁναιδοῡς
1235 2596 1404 2648 αὐτῶν
1455 2599 1826 2648 κατακοντίσο-

215 2709 310 2762 μεν
363 2693 662 2762 στόματος;
695 2697 842 2742 Δοκεῖ
898 2708 987 2760 μοι
1042 2691 1100 2739 τὸ
1163 2685 1401 2759 δεύτερον
1459 2686 1822 2758 ἰσχυρότερον.

215 2778 328 2832 Κᾶν
377 2781 478 2852 γὰρ
538 2774 873 2851 ἔπιδροὲμωσι
942 2773 1431 2852 διαρριπτουμένοις
1478 2780 1583 2834 τοῖς
1657 2773 1824 2834 λίθοις

216 2867 551 2939 ἐπιχανόντες
609 2869 834 2932 τούτοις,
911 2869 980 2926 ὡς
1042 2867 1256 2925 σύνηθες
1290 2885 1303 2897 ’
1385 2862 1490 2914 ἀλλ’
1522 2863 1654 2932 οὐχί
1734 2865 1824 2913 καὶ

219 2954 704 3031 διαμασσὴσασθαι
747 2955 808 3008 ἂν
856 2953 1143 3017 δυνηθεῖεν,
1193 2957 1252 3006 τὸ
1321 2952 1532 3027 στερρὸν
1580 2951 1680 3004 ἀπὸ
1728 2958 1824 3012 τῆς

216 3045 466 3106 ἀληθείας
541 3045 855 3118 αὐχοῦντας.
946 3043 1190 3101 Ἀλήθεια
1261 3039 1321 3094 δε
1375 3043 1401 3093 ὀ
1487 3044 1739 3115 Χριστὸς,
1795 3041 1820 3091 6

212 3141 338 3196 τοὺς
393 3142 492 3186 τῶν
541 3134 856 3208 ἁμαρτωλῶν
941 3131 1227 3206 συντρίϐων
1303 3128 1540 3197 ὀδόντας,
1596 3128 1681 3180 ἳνα
1725 3134 1824 3200 μή·
1853 3153 1892 3208 C

946 2333 1196 2403 Ἐοξσομεν
1234 2337 1350 2392 ταῖς
1403 2329 1620 2391 ὑλακαῖς
1679 2325 1828 2403 διαρ-

212 3228 302 3276 τὸν
326 3233 426 3285 τῆς
458 3228 683 3284 πίστεως
722 3224 874 3296 ἄρτον
933 3218 1128 3280 ἀδίκως
1191 3217 1631 3291 διαλυμοίνωνται
1685 3219 1817 3288 (77).

289 3313 390 3366 1Ε“.
451 3311 608 3364 Ἀλλὰ
658 3316 709 3363 τί
761 3311 969 3385 κράζεις
1034 3311 1247 3362 ὄπισθεν
1295 3328 1416 3380 μου,
1471 3302 1682 3366 ἀναιδὲς
1729 3303 1821 3356 ἁν-

213 3403 444 3475 θρώπιου
490 3405 580 3452 καὶ
635 3399 1006 3472 φιλοτάραχον,
1069 3394 1331 3463 Ἰουδαῖε;
1393 3396 1452 3449 Εἰ
1483 3397 1623 3466 ἔχεις
1693 3392 1794 3446 ἀπο

209 3495 436 3565 κρίσεως
490 3489 662 3559 λόγον,
723 3489 847 3542 εἰπέ.
906 3488 993 3548 Εἰς
1046 3485 1364 3558 Seleuci-ara,
1451 3489 1633 3556 φησίν,
1695 3482 1819 3535 ἀπο-

208 3583 466 3630 τείνονται
530 3585 694 3630 ταῦτα
791 3579 855 3628 τὰ
919 3577 1150 3650 ῥήματα,
1241 3579 1331 3625 καὶ
1405 3573 1556 3643 λόγον
1638 3578 1818 3624 τοῦτον

210 3667 412 3739 ἀγαθόν
473 3665 529 3717 ἐκ
580 3673 674 3727 τῆς
739 3661 961 3739 καρδίας
1026 3663 1285 3737 ἐρεύγεται
1336 3664 1363 3714 6
1416 3657 1583 3714 Δαυίδ
1633 3667 1706 3732 τῷ
1765 3659 1819 3712 ἐκ

208 3766 308 3817 τῆς
377 3755 574 3814 κοιλίας
669 3754 829 3806 αύτοῡ
933 3757 1282 3825 γεγεννημένῳ
1388 3747 1638 3821 διαδόχῳ
1723 3757 1820 3811 τῆς

211 3843 507 3916 βασιλείας,
577 3842 686 3894 ἀλλ’
747 3843 853 3914 οὐχ
919 3845 987 3904 ὡς
1052 3847 1117 3893 σύ
1179 3839 1337 3911 λέγεις
1403 3843 1428 3891 6
1480 3841 1814 3911 Χριστιανὸς,

208 3939 330 4006 περὶ
395 3941 489 3984 τοῦ
553 3940 790 4004 Χριστου
856 3935 943 3982 τὸν
1002 3930 1154 4001 λόγον
1230 3937 1473 3982 ποιεῖται.
1541 3926 1658 3994 Ἔα,
1721 3946 1817 3999 μα-

205 4021 446 4092 ταιολὸγε
471 4027 561 4072 καὶ
589 4021 799 4095 φλύαρε,
847 4023 962 4073 κατ’
1031 4020 1314 4092 εὐθυωρίαν
1365 4021 1674 4091 προτρέχειν
1731 4019 1818 4067 τόν

205 4110 383 4181 λόγον,
451 4116 540 4162 καὶ
588 4116 658 4182 μη
715 4109 1064 4183 ἀντιπερίσπα
1121 4112 1251 4182 πρὸς
1326 4107 1522 4160 ἑαυτόν.
1586 4105 1662 4158 Οὐ
1713 4106 1816 4179 γάρ

207 4200 353 4252 ἐστιν
410 4201 531 4271 ἄρτι
633 4196 913 4259 δικανικῆς
988 4197 1332 4258 ἀντιστασίας
1421 4198 1623 4269 καιρὸς,
1690 4192 1818 4245 ἄλλὰ

204 4285 559 4362 ψαλμῳδικῆς
602 4287 906 4358 ἀντιφωνιας
959 4291 1138 4359 χορός.
1175 4285 1325 4338 Ἥκει
1384 4288 1486 4358 γὰρ
1541 4284 1815 4358 οὐρανόθεν

205 4380 233 4430 6
287 4379 404 4450 ἐμὸς
475 4381 733 4438 Δεσπότης
781 4375 866 4429 ἐπὶ
912 4381 1001 4434 τὴν
1053 4385 1173 4447 γῆν,
1227 4375 1332 4446 οὐχ
1391 4375 1473 4425 ἵνα
1528 4377 1676 4445 κρίνῃ
1729 4376 1818 4423 τόν

1322 325 1392 380 ΙΝ
1434 317 2063 380 ANNUNTIATIONEM
2108 319 2169 374 Β.
2213 317 2474 375 MANE.

1915 449 2253 515 'renamque
2265 445 2543 497 naturam
2553 441 2819 496 nostram
2836 433 3072 506 copiose
3087 427 3375 500 irrigavit,
3391 429 3576 499 atque

3467 307 3573 362 694

1927 531 2005 587 ad
2025 547 2242 587 suaves
2254 529 2480 586 fructus
2495 527 2752 586 ubertim
2775 523 3056 582 ferendos
3069 519 3366 578 excitavit.
3383 519 3574 589 Squa-

1924 619 2047 676 lida
2071 620 2332 678 enim.et
2353 619 2652 676 cineribus
2680 616 2829 689 ipsis
2884 611 3097 668 siccior
3152 610 3442 671 evaserat,
3499 618 3577 660 ex

1926 724 2050 781 quo
2077 710 2350 770 Satanas,
2379 723 2488 764 ceu
2518 707 2718 775 fulgur
2741 701 3109 760 comburens
3127 713 3159 754 e
3177 693 3572 764 cmlolapsus,

1927 796 2370 853 cumlethaliter
2387 797 2584 869 ipsam
2597 791 2947 858 sauciasset,
2964 801 3212 845 omnem
3223 785 3277 841 ei
3314 783 3575 842 virorem

1927 885 2189 952 abstulit,
2207 865 2560 958 aridamque
2588 888 2644 940 et
2672 881 2751 939 ad
2770 879 3114 936 divinorum
3141 888 3396 947 operum
3437 865 3576 958 pro-

1927 973 2239 1030 ducendos
2266 957 2493 1029 εωθιυέ
2533 973 2801 1042 ineptam
2855 964 3132 1022 reddidit.
3191 963 3448 1026 Orietur,
3479 957 3576 1014 in-

1927 1063 2058 1136 quit
2085 1062 2199 1135 (74)
2217 1107 2233 1132 ,
2257 1065 2322 1118 in
2333 1061 2539 1117 diebus
2551 1057 2925 1130 cjusjustitz‘a
2937 1060 2994 1110 et
3003 1049 3382 1109 abundantia
3389 1047 3574 1118 pacis,

1927 1151 2112 1208 donec
2131 1152 2455 1222 auferatur
2470 1151 2637 1206 luna.
2657 1150 2768 1203 Par
2791 1145 2952 1200 enim
2978 1140 3173 1208 fuerit,
3222 1143 3288 1194 ut
3328 1142 3387 1193 et
3436 1150 3576 1208 quas

1927 1240 2158 1312 reliqua
2214 1246 2354 1296 sunt
2399 1239 2582 1310 hujus
2616 1234 2862 1297 Psalmi,
2908 1230 3100 1288 oratio
3155 1229 3577 1300 persequatur,

1927 1333 2209 1401 rectaque
2229 1329 2329 1385 via
2357 1328 2435 1385 ad
2465 1342 2676 1384 eorum
2713 1338 2851 1397 quas
2873 1322 2936 1378 in
2960 1335 3033 1377 eo
3067 1318 3313 1382 lateant,
3371 1312 3577 1386 expla-

1928 1418 2234 1474 nationem
2265 1416 2702 1489 progrediatur.
2733 1414 2884 1469 Cum
2904 1409 3068 1467 enim
3100 1406 3442 1464 illucescere
3487 1401 3580 1458 sol

1924 1506 2168 1578 justitiaa
2206 1507 2337 1577 jam
2379 1504 2628 1576 incipiat
2655 1513 2996 1558 consonum
3019 1493 3196 1552 fuerit
3223 1497 3290 1549 nt
3311 1507 3449 1565 qua
3477 1507 3583 1547 oc-

1929 1596 2229 1652 cultantur
2255 1594 2474 1651 umbra
2499 1593 2730 1655 litterte,
2767 1589 2830 1645 in
2869 1587 3070 1643 lucem
3111 1586 3383 1656 apertam
3437 1579 3580 1637 edu-

1930 1688 2164 1744 cantur.

2005 1794 2117 1847 XIX
2137 1794 2352 1847 Verum
2380 1789 2479 1853 oh,
2502 1786 2753 1861 quinam
2779 1786 2940 1853 sunt,
2969 1779 3075 1856 qui
3123 1777 3304 1836 nobis
3323 1791 3360 1833 a
3409 1777 3580 1845 tergo

1932 1897 2094 1938 nunc
2121 1881 2362 1949 latrant,
2411 1890 2823 1949 magnumque
2861 1870 3173 1944 strepitum
3235 1881 3307 1924 ac
3360 1863 3583 1922 tumul-

1933 1975 2060 2028 tum
2105 1970 2382 2028 excitant.
2415 1973 2474 2022 et
2518 1965 2750 2021 caninis
2799 1960 3080 2017 dentibus
3129 1958 3192 2014 in
3240 1967 3583 2011 sermonem

1933 2057 2255 2127 (nostrum)
2284 2055 2592 2112 frendent?
2625 2053 2878 2107 Prorsus
2920 2046 3108 2104 Judtei
3163 2047 3326 2108 sunt,
3373 2040 3583 2098 turbu-

1932 2147 2163 2204 lentum
2192 2145 2648 2214 clamosumque
2679 2154 2892 2208 genus;
2914 2150 3176 2209 quorum
3187 2129 3580 2195 fructiﬁcatio,

1934 2241 2000 2292 ut
2024 2251 2162 2291 cum
2194 2234 2352 2289 Isaia
2377 2233 2596 2304 loquar
2618 2228 2754 2302 (78),
2777 2242 2890 2301 pro
2918 2239 3040 2280 uva
3079 2222 3326 2279 clamor.

2007 2323 2163 2390 Quid
2199 2337 2343 2392 ergo
2381 2318 2699 2377 faciemus?
2739 2316 3118 2376 Sinemusne,
3159 2315 3222 2366 ut
3293 2306 3416 2364 suis
3467 2304 3586 2378 ipsi

1934 2412 2246 2470 latratibus
2281 2411 2757 2481 disrumpantur,
2788 2403 2938 2460 nihil
2973 2400 3269 2458 adversus
3308 2413 3383 2453 ea
3443 2409 3583 2467 qua

1936 2502 2206 2572 garriunt
2277 2497 2538 2554 vicissim
2585 2497 2945 2567 reponentes
3018 2505 3096 2546 an
3159 2501 3304 2542 vero
3361 2497 3588 2558 parvos

1936 2591 2170 2662 aliquos
2198 2587 2433 2660 lapillos
2475 2586 2538 2641 in
2559 2581 2882 2655 impudens
2923 2593 3134 2635 eorum
3163 2591 3232 2632 os
3263 2567 3588 2645 jaciemus?

1936 2679 2246 2735 Efﬁcacius
2285 2680 2660 2749 postremum
2678 2672 2795 2727 hoc
2825 2669 2971 2725 mihi
3005 2666 3235 2722 videtur
3264 2674 3588 2732 argumen-

1933 2772 2083 2824 tum.
2113 2766 2230 2823 Etsi
2259 2766 2420 2820 enim
2485 2764 2545 2819 in
2575 2761 2878 2831 conjectos
2948 2757 3063 2813 hos
3114 2752 3348 2827 lapides
3384 2750 3588 2806 hiante

1934 2873 2055 2921 ore,
2088 2863 2154 2912 ut
2192 2855 2402 2922 solent,
2429 2854 2764 2916 occurrant,
2789 2847 2954 2904 haud
2982 2849 3185 2900 tamen
3217 2847 3274 2898 et
3297 2839 3588 2896 mandere

1933 2962 2037 3002 eos
2069 2945 2238 3002 facile
2267 2947 2564 3017 poterunt,
2597 2944 2801 3011 utpote
2831 2935 2936 3009 qui
2965 2932 3282 2997 soliditate,
3314 2944 3452 3017 qua)
3497 2931 3589 2983 est

1933 3053 1969 3090 a
1997 3016 2617 3102 veritate,ﬂgaudeant.
2661 3028 2890 3084 Veritas
2916 3028 3116 3080 autem
3149 3025 3233 3077 est
3258 3021 3386 3087 ipse
3414 3016 3588 3074 Chri-

1932 3131 2058 3178 stus
2085 3123 2220 3195 (79),
2250 3125 2352 3193 qui
2385 3121 2588 3176 dentes
2611 3121 2994 3185 peccatorum
3021 3109 3277 3167 conterit
3315 3106 3455 3177 (80),
3507 3121 3585 3162 ne

1933 3214 2084 3269 forte
2115 3226 2336 3284 panem
2365 3209 2505 3264 ﬂdei
2536 3206 2717 3278 impie
2752 3203 3116 3274 discerpant.

2007 3283 2338 3364 XV.7Porro,
2361 3297 2508 3372 quid
2529 3299 2668 3369 post
2691 3310 2787 3350 me
2817 3293 3065 3354 clamas,
3105 3287 3330 3350 Iudaee,
3359 3283 3584 3342 effrena

1930 3407 2000 3447 ac
2023 3389 2388 3445 contentiose
2447 3384 2776 3443 homuncio
2804 3381 2834 3437 ?
2863 3380 2921 3436 Si
2957 3378 3104 3452 quid
3142 3375 3355 3442 habes,
3417 3373 3584 3446 quod

1928 3494 2188 3548 regeras,
2220 3477 2399 3532 dicto.
2436 3476 2534 3530 Αα
2563 3473 2958 3534 Solomonem,
2999 3465 3212 3539 inquit,
3254 3464 3384 3521 hwc
3419 3462 3586 3518 dicta

1927 3567 2304 3636 referuntur,
2329 3570 2383 3620 et
2411 3565 2521 3620 hoc
2552 3561 2795 3619 verbum
2825 3561 3040 3615 bonum
3067 3570 3099 3612 e
3130 3553 3309 3611 corde
3345 3555 3582 3609 eructat

1928 3656 2123 3712 David
2154 3654 2473 3711 successori
2499 3648 3169 3722 (81)regniejus,quiex
3184 3648 3353 3699 utero
3395 3639 3583 3709 ipsius

1925 3759 2190 3815 egressus
2216 3741 2429 3813 est(82)
2465 3734 3146 3808 ;nonautem,proutitu
3201 3729 3582 3786 Christianus

1925 3834 2578 3901 contendis,sermonem
2589 3829 2663 3884 de
2675 3826 2909 3883 Christo
2920 3821 3197 3879 instituit.
3217 3818 3580 3890 Sine,queso

1924 3939 1961 3978 o
1986 3924 2492 3994 ineptenugarum
2504 3917 2795 3980 venditor,
2807 3917 3038 3970 rectum
3055 3925 3234 3966 suum
3277 3907 3578 3964 tramitem

1924 3992 2326 4082 prosequatur
2351 4008 2563 4068 oratio,
2590 4021 2738 4060 neve
2759 4019 2896 4059 eam
2916 4000 2997 4056 ad
3019 4004 3074 4054 te
3119 3998 3319 4070 ipsum
3369 3992 3584 4054 nitaris

1925 4099 2234 4154 divertere.
2253 4101 2451 4168 Neque
2464 4095 2622 4150 enim
2635 4096 3048 4161 nunctempus
3062 4091 3150 4143 est
3179 4082 3577 4141 contentionis

1924 4187 2197 4252 forensis,
2215 4181 2322 4240 sed
2335 4185 2597 4254 hymnos
2611 4180 2850 4237 alternis
2862 4177 3060 4234 choris
3073 4172 3351 4230 canendi.
3377 4169 3577 4228 Domi-

1924 4291 2039 4332 nus
2065 4277 2224 4330 enim
2251 4289 2419 4328 meus
2438 4288 2470 4327 e
2491 4271 2640 4326 coelo
2661 4270 2820 4326 venit
2848 4268 2912 4322 in
2941 4271 3169 4320 terram
3201 4277 3322 4318 non
3366 4266 3431 4315 ut
3472 4262 3578 4329 ju-

1925 4365 2078 4420 dicet
2093 4363 2379 4419 mundum
2389 4405 2403 4426 ,
2417 4359 2519 4416 sed
2537 4366 2600 4415 ut
2624 4357 2915 4414 mundum
2927 4353 3182 4420 vivi/teet
3194 4351 3322 4422 (83).
3336 4351 3578 4406 Verum-

203 4473 425 4539 κόσμον,
460 4466 566 4518 ἀλλ’
624 4469 706 4518 ἱνα
790 4471 940 4537 σώσῃ
1024 4485 1109 4516 τον
1185 4469 1399 4536 κόσμον.
1467 4461 1665 4533 Ὀμως,
1738 4462 1821 4511 ἶνα

1936 4461 2219 4509 tamenne
2248 4448 2610 4524 properandi
2645 4461 2890 4502 cursum
2938 4440 3222 4498 sollicitos
3284 4453 3398 4494 nos
3439 4436 3577 4494 ideo

205 4560 280 4627 μὴ
336 4551 570 4626 δόξωμεν
647 4549 968 4625 δι’ἀποριαν
1009 4551 1306 4622 ἀντιλογιας
1359 4555 1418 4602 τὸ
1459 4557 1551 4610 τῆς
1611 4566 1820 4620 πορειας

203 4643 635 4714 προφασίζεσθαι
685 4645 947 4707 σύντονον,
1000 4645 1064 4702 ὡς
1095 4641 1200 4692 οἷόν
1257 4660 1311 4692 τε
1371 4641 1818 4710 συνεπτυγμένως.

201 4737 302 4789 τὴν
329 4738 424 4789 σὴν
456 4731 720 4803 ἐλὲγξομεν
743 4732 941 4787 ἄνοιαν.

280 4822 372 4882 Ις”.
401 4827 464 4872 Ὃ
491 4819 697 4892 ψαλμὸς
746 4820 897 4882 οὗτος
945 4825 1066 4894 τρία
1117 4825 1286 4870 ταῦτα
1335 4819 1401 4869 τὰ
1447 4821 1675 4889 μέγιστα
1713 4815 1817 4867 εἰσ⁸

207 4919 420 4982 ηγεῐται
448 4914 566 4983 περὶ
625 4916 716 4961 τοῦ
767 4908 816 4960 ἔν
867 4909 1008 4979 αύτῷ
1085 4905 1452 4980 διειλημμένου
1528 4911 1818 4978 εἰρηνικοῦ,

209 5106 459 5166 melius
487 5107 796 5174 οτάγουσαι,
845 5103 1012 5175 quod
1067 5117 1191 5175 non
1234 5101 1418 5158 modo
1458 5101 1518 5175 in
1567 5098 1817 5175 reliquis

208 5178 434 5234 Graecis
466 5171 986 5242 editionibus,'sed
1014 5180 1072 5230 et
1108 5173 1169 5229 in
1220 5178 1384 5228 textu
1409 5171 1695 5227 Hebraico
1748 5186 1820 5226 ac

211 5249 471 5311 Vulgata
500 5247 776 5314 legimus,

307 5325 402 5378 '73)
426 5318 571 5373 Cod.
604 5317 806 5379 ἐξοτου.

285 5392 404 5464 (74)
441 5389 596 5464 Psal.
620 5394 805 5464 Lxxiﬂ
818 5427 831 5439 .

285 5401 380 5464 (7;
441 5401 831 5453 Psal.LXXi,7.

285 5401 407 5530 (75)
438 5462 580 5530 Cod.
611 5455 937 5520 κυνὶδοντας.

303 5529 398 5599 ἷὸ
431 5529 552 5586 Cod
583 5530 853 5600 ὀλιγὰττα.
864 5573 874 5584 .

288 5597 407 5670 (77)
436 5602 580 5659 Cod.
603 5597 1052 5673 διαλυμαίνονται.

288 5674 532 5756 (78)Isa.
561 5690 594 5730 ν
620 5677 672 5743 li,
705 5674 758 5732 7.

1926 4543 2153 4611 ﬁnegre
2183 4541 2497 4596 videamur
2523 4537 2683 4610 quod
2705 4534 2880 4590 nobis
2909 4547 3032 4588 non
3063 4531 3387 4601 suppetant
3436 4541 3575 4598 quas

1927 4637 2134 4687 contra
2164 4644 2550 4702 reponamus,
2565 4618 3159 4692 summatim,quoad
3171 4615 3424 4684 licuerit,
3446 4629 3574 4672 rem

1926 4719 2411 4790 perstringentes,
2429 4714 2725 4770 inscitiam
2760 4717 2928 4768 tuam
2946 4705 3395 4764 convincemus.

2002 4809 2130 4863 XVI.
2159 4812 2267 4862 Iste
2290 4803 2560 4860 Psalmus
2581 4803 2691 4871 (84)
2719 4799 2794 4856 de
2813 4813 2906 4864 eo,
2929 4811 3112 4869 quem
3145 4788 3573 4850 celebrandum

1926 4897 2126 4963 sumit,
2159 4895 2410 4968 paciﬁco
2439 4894 2554 4967 (85)
2597 4891 2680 4961 (id
2730 4889 2891 4946 enim
2943 4883 3242 4956 signiﬁcat
3269 4881 3571 4951 Salomon)

1999 5095 2106 5166 (79)
2129 5097 2149 5149 ι
2174 5095 2345 5166 Joan,
2374 5108 2408 5145 γ
2432 5095 2490 5166 76.

1999 5163 2112 5234 (80)
2145 5163 2394 5230 Psal.1n,
2421 5165 2472 5216 8.

2000 5243 2110 5308 (81)
2137 5234 2286 5308 Psal.
2319 5237 2502 5299 xuv,i

2001 5311 2106 5378 (82)
2137 5309 2181 5362 ll
2204 5307 2346 5376 Reg.
2366 5321 2466 5372 vn,
2503 5307 2583 5357 t2.

2001 5379 2112 5448 (83)
2139 5381 2307 5433 Joan.
2330 5393 2430 5440 xu,
2460 5379 2548 5448 47,

2004 5446 2114 5520 (84)
2144 5448 2371 5520 Scilicet
2393 5446 2663 5520 Psalmus
2694 5457 2842 5520 1.5x].

2689 5491 2996 5591 ξάξοτηοιι
3021 5491 3212 5591 Πῠίῖφ
3252 5503 3426 5591 reddi
3472 5517 3576 5591 Ba-

1933 5573 2190 5661 cificu'm;
2216 5573 2500 5663 quocirca
2529 5601 2666 5663 cum
2689 5583 2957 5663 Psalmus
2981 5578 3343 5663 inscribatur
3363 5573 3579 5663 innSq-

1937 5643 2257 5732 istisistsz
2271 5643 2404 5730 iure
2427 5657 2622 5730 inquit
2641 5651 2949 5722 auctor,de
2967 5651 3232 5718 Paciﬁco
3258 5662 3397 5706 eum
3422 5643 3580 5708 Psal-
