4096 6208
299 285 410 340 69‘]
1375 283 1446 342 IN
1480 283 1916 344 ANNUNTlATlt

2047 285 2099 344 Μ
2131 283 2198 342 Β.
2237 284 2501 345 MARL/E.
3561 285 3664 342 698

298 406 448 470 ἰντὸς
488 413 586 471 τῆς
641 407 885 482 παλάμῃς
970 408 1120 473 ἀξίως
1175 408 1292 485 ὁρᾷ,
1345 407 1440 463 κᾶν
1496 418 1595 465 τῶν
1650 411 1782 484 ἄγαν
1824 413 1901 474 εἴη

2048 412 2126 469 cit
2143 412 2470 485 antequam
2494 408 2662 478 ﬂant,
2706 412 2764 468 et
2793 408 2855 466 in
2897 421 3083 467 manu
3116 407 3243 478 ejus
3269 418 3470 463 omnes
3517 405 3665 475 ﬁnes

297 495 736 568 λεπτεπιλέπτων,
763 497 860 553 κάν
877 505 979 554 τῶν
1008 503 1166 575 μήπω
1188 504 1655 578 παρενηνεγμένων.

2047 515 2190 559 erras
2214 500 2329 575 (93)
2353 500 2742 570 sustinentur,
2769 502 2825 556 et
2839 513 2976 572 quae
3033 495 3352 554 constricta
3399 493 3664 565 cujusvis

2017 605 2207 648 manu
2231 589 2550 655 abdentur,
2583 592 2755 648 acute
2781 586 3084 662 perspicit,
3115 585 3223 643 etsi
3254 583 3664 647 minutissima

2020 679 2160 751 sint,
2181 679 2292 738 etsi
2319 679 2582 737 necdum
2605 679 2669 737 in
2703 677 2836 735 luce
2856 676 3108 750 prolata.

385 765 491 823 18'.
521 768 671 838 Μάγα
694 761 756 820 δὲ
808 785 913 834 σοι,
967 767 1047 822 ὅτι
1085 770 1176 822 καὶ
1228 767 1301 832 εἰς
1355 767 1580 843 βασιλέα
1630 773 1911 843 κίχρισται

2093 771 2221 827 XIX.
2262 770 2336 828 At
2370 783 2664 840 magnum
2687 766 2835 841 quid
2863 765 2968 826 tibi
2993 764 3247 834 videtur,
3276 762 3444 838 quod
3481 762 3547 819 in
3569 776 3660 820 re-

301 860 404 909 τοῦ
435 854 672 930 Ἰσραήλ.
719 855 925 918 Μείζων
963 856 1024 910 ἂν
1073 860 1151 917 ειη
1194 859 1380 912 τούτου
1401 859 1428 912 ὀ
1459 857 1624 912 Σαούλ
1647 879 1660 893 ο
1688 859 1764 912 ὅτι
1819 862 1911 912 καὶ

2043 873 2158 931 gem
2194 859 2373 916 Israel
2399 858 2730 929 (Salomon)
2761 861 2976 914 unctus
3014 855 3108 912 sit.
3151 853 3330 928 Atqui
3365 851 3561 927 potior
3597 851 3660 908 in

301 945 447 997 κατὰ
475 945 613 998 θείαν
639 949 924 1022 κίχρισται
959 945 1132 1020 ψῆφον
1160 967 1174 982 ο
1233 951 1322 1000 καὶ
1370 948 1397 1000 ὁ
1448 951 1682 1020 χρίστης
1744 946 1909 1001 πολυ-

2048 949 2196 1010 ὶαυιθ
2231 949 2362 1008 haec
2406 949 2801 1024 praerogativa
2832 947 3018 1005 videri
3067 949 3310 1019 posset;
3343 947 3471 1001 tum
3517 943 3665 1017 quia-

303 1032 590 1107 θρύλλητος
627 1037 693 1087 τὰ
731 1034 803 1097 εἰς
840 1037 1160 1107 ἁγιωσύνην,
1224 1036 1465 1102 Σαμουὴλ
1490 1039 1593 1111 γὰρ
1628 1058 1642 1072 ο
1691 1040 1781 1090 καὶ
1827 1038 1910 1090 ὃτι

2042 1045 2170 1098 tutu
2189 1039 2394 1097 divino
2411 1042 2626 1100 unctus
2636 1038 2765 1104 fuit;
2780 1042 2908 1095 tum
2922 1035 3066 1111 quia
3079 1035 3187 1109 qui
3206 1049 3346 1092 eum
3361 1033 3548 1099 unxit,
3563 1047 3659 1090 ce-

298 1130 506 1196 πρῶτος
530 1121 778 1196 βασιλεὺς
796 1129 885 1177 καὶ
937 1123 1081 1199 ἁρχὴ
1141 1127 1342 1180 πάντων
1405 1133 1507 1180 τῶν
1562 1125 1674 1199 μετ’
1717 1125 1899 1183 αὐτόν.

2037 1129 2366 1187 eberrimus
2377 1133 2503 1186 erat
2516 1127 2854 1194 sanctitate;
2878 1142 3020 1184 nam
3043 1124 3213 1182 unxit
3230 1138 3369 1180 eum
3386 1121 3654 1191 Samuel;

301 1215 409 1264 Καὶ
452 1211 569 1266 οὔτε
621 1209 1069 1290 εἰδωλολατρήσας
1132 1217 1448 1288 εὑρίσκεται,
1529 1216 1636 1269 οὔτ’
1692 1215 1906 1288 αλλοφύο

2040 1235 2142 1276 um
2171 1218 2316 1292 quia
2341 1218 2494 1276 inter
2519 1233 2689 1290 reges
2725 1217 2958 1290 primus
3006 1215 3132 1282 fuit,
3173 1219 3230 1271 et
3281 1216 3653 1279 cunctorum,

295 1299 409 1362 λοις
449 1304 770 1378 συμφθαρεὶς
805 1304 1067 1376 γυναιξὶν,
1123 1306 1192 1359 ὧν
1238 1308 1331 1368 τὰς
1389 1303 1653 1378 επιμιξίας
1695 1305 1722 1357 ὁ
1779 1308 1904 1368 Θεὸς

2037 1308 2117 1384 [ui
2140 1307 2482 1383 postipsum
2495 1307 2752 1373 fuerunt,
2767 1321 3048 1372 exorsus;
3073 1302 3182 1360 sed
3196 1317 3393 1375 neque
3414 1301 3654 1374 uspiam

297 1389 680 1464 ἀπηγόρευσα.
751 1393 885 1446 Ἀλλ’
971 1395 1145 1470 ὅτιπερ
1217 1394 1266 1448 ἂν
1352 1394 1554 1456 πολλοῖς
1639 1400 1902 1468 παρηκοος

2034 1396 2476 1471 leprehenditur
2530 1395 2930 1453 idololatriam
2985 1393 3216 1468 lapsus,
3280 1407 3478 1464 neque
3573 1390 3651 1448 ab

297 1480 450 1552 ὤφθη
525 1488 627 1534 τῶν
720 1482 814 1535 τοῦ
873 1485 1292 1558 παντοκράτορος
1341 1485 1782 1559 προσταγμάτων,
1833 1484 1900 1545 εἰς

2036 1486 2374 1559 ιιὶθῐιὶεοῐιὶε,
2403 1501 2663 1559 quarum
2695 1488 2850 1542 Deus
2891 1481 3388 1540 consuetudinem
3417 1479 3653 1537 interdi-

294 1572 397 1628 τὴν
442 1577 542 1622 τῶν
593 1577 1035 1646 κατακεκριμένων
1085 1581 1270 1649 μοῖραν
1322 1573 1622 1643 samum,
1664 1578 1754 1626 καὶ
1801 1593 1897 1627 πι-

2036 1579 2194 1646 :erat,
2224 1575 2462 1632 feminis
2491 1579 2826 1648 corruptus.
2877 1578 3153 1631 Attamen
3205 1587 3343 1628 cum
3374 1568 3653 1642 Omnipo-

295 1665 410 1733 κρῷ
477 1659 681 1733 θανάτῳ
745 1664 834 1714 τὸν
913 1661 1034 1736 βίον
1093 1663 1431 1738 κατέστρεψε,
1497 1669 1587 1717 καὶ
1637 1653 1897 1737 ὠφέληται

2038 1665 2179 1723 antis
2205 1663 2506 1722 mandatis
2525 1664 2746 1738 pluries
2767 1679 2829 1721 se
2859 1661 3015 1720 male
3043 1661 3476 1734 obsequentem
3492 1659 3655 1718 exhi-

297 1744 454 1800 οὖδὶν
485 1745 572 1821 ἀφ’
611 1746 678 1802 ὧν
739 1751 765 1802 ὁ
833 1754 964 1815 Θεὸς
1012 1748 1088 1805 δι’
1143 1752 1339 1806 οἰκείαν
1393 1754 1720 1826 συμπάθειαν
1757 1753 1896 1826 αὐτῷ

2039 1755 2254 1825 ιιιὶεεοῑ,
2303 1754 2366 1812 in
2389 1753 2782 1828 reproborum
2820 1755 3041 1810 sortem
3091 1751 3414 1824 deputatus
3465 1754 3570 1817 est,
3599 1755 3656 1809 et

297 1835 596 1912 ἐχαρίσατο
619 1861 632 1874 ·
691 1840 882 1914 μᾶλλον
935 1839 996 1897 δὲ
1049 1847 1139 1898 καὶ
1188 1840 1452 1916 καταδίκη
1500 1843 1897 1903 καθυποϐίϐλη-

2035 1843 2190 1900 'itam
2214 1843 2434 1900 acerba
2461 1847 2651 1900 morte
2671 1841 2963 1908 absolvit;
2983 1845 3040 1897 et
3067 1839 3213 1897 nihil
3228 1844 3278 1896 ei
3300 1838 3652 1913 profuerunt

297 1946 390 1979 ται
432 1936 496 2001 τῇ
543 1927 771 2006 ἐσχάτη,
846 1934 928 1985 ὅτι
979 1935 1067 1986 τὸν
1119 1933 1386 2008 εὐεργέτην
1435 1933 1729 2010 ὶξὼργισεν,
1785 1931 1898 1989 ἀντὶ

2034 1932 2317 2002 beneficia,
2360 1931 2582 2006 quibus
2623 1931 2790 1989 illum
2843 1930 2997 1987 Deus
3025 1945 3101 1986 ex
3125 1929 3491 1999 benignitate
3537 1944 3651 1987 sua

299 2015 512 2088 ἀγαθῶν
531 2027 708 2082 κακοῖς
738 2019 1107 2096 ἀμειψάμενος.

2030 2026 2226 2095 sponte
2255 2021 2682 2088 cumulaverat,
2705 2021 2828 2078 imo
2849 2034 2989 2076 vero
3008 2019 3069 2075 in
3086 2017 3504 2088 gravissimam
3523 2032 3647 2074 om-

298 2105 473 2164 nium
520 2108 972 2168 damnationem
1022 2115 1340 2186 propterea
1389 2112 1744 2186 provolutus
1794 2114 1900 2184 est,
1955 2110 2142 2185 quod,
2201 2110 2362 2169 mala
2412 2125 2522 2184 pro
2565 2109 2762 2177 bonis,
2801 2107 3158 2182 rependens,
3204 2105 3648 2164 benefactorem

296 2212 478 2253 suum
510 2197 589 2254 ad
618 2198 1096 2271 indignationem
1135 2202 1468 2259 concitavit.

371 2287 448 2345 κ’.
490 2288 651 2341 Πάλιν
683 2286 770 2342 οὖν
823 2289 995 2363 ἐρωτῶ
1055 2310 1134 2362 σε,
1179 2297 1268 2345 καὶ
1319 2292 1473 2345 πάλιν
1519 2313 1610 2366 μοι
1666 2290 1890 2367 ἀποκρί-

2074 2291 2180 2348 ΧΧ.
2211 2291 2469 2347 Bursum
2490 2290 2694 2363 itaque
2719 2291 2776 2346 te
2804 2289 3125 2359 interrogo,
3151 2301 3221 2344 ac
3240 2285 3389 2343 mihi
3406 2298 3647 2342 rursum

293 2378 419 2434 θητι
478 2392 491 2406 ·
551 2379 635 2430 Ἐν
706 2383 806 2432 τίνι
844 2388 944 2432 τῶν
994 2389 1083 2433 τοῦ
1137 2381 1459 2455 Σο)ομῶντος
1515 2381 1890 2456 μεγαλαυχεῖς,

2031 2379 2302 2452 esponde
2330 2396 2343 2437 :
2377 2378 2784 2446 Quamobrem
2807 2394 2881 2436 ex
2899 2377 3204 2442 omnibus,
3230 2391 3366 2448 quae
3387 2374 3467 2432 ab
3489 2373 3648 2431 Salo-

286 2471 380 2518 καὶ
431 2467 556 2540 ὑπὲρ
611 2472 746 2530 τίνος
793 2469 977 2534 πολλος
1045 2469 1266 2533 ἕπαίνοις
1333 2472 1488 2525 αὐτὸν
1554 2471 1890 2538 καταντλετς;

2031 2465 2245 2526 nonem
2268 2474 2560 2542 spectant,
2590 2473 2896 2541 tantopere
2917 2468 3111 2539 jactas
3140 2467 3169 2524 ?
3191 2467 3322 2532 Qua
3364 2464 3440 2521 de
3464 2479 3648 2522 causa

285 2554 434 2621 Ὀτι,
493 2562 646 2628 φησὶ,
724 2565 1012 2634 σοφώτερος
1061 2569 1161 2613 τῶν
1203 2580 1258 2614 τε
1308 2565 1408 2637 πρὸ
1467 2561 1627 2615 αὑτοῦ
1667 2566 1758 2615 καὶ
1794 2569 1892 2614 τῶν

2027 2573 2130 2614 am
2176 2557 2378 2614 multis
2423 2574 2564 2614 eum
2608 2557 2891 2614 laudibus
2938 2556 3145 2613 obruis
3172 2556 3201 2613 ?
3234 2553 3403 2622 Quia,
3434 2553 3643 2626 inquit,

288 2647 404 2718 μετ’
462 2645 616 2700 αὐτὸν
672 2647 930 2721 βασιλέων
1000 2659 1228 2726 φανερῶς
1291 2655 1691 2727 μεμαρτύρηται
1743 2672 1756 2686 ο
1801 2655 1892 2704 καὶ

2032 2647 2295 2704 iniversis
2334 2647 2599 2719 regibus,
2636 2647 2739 2720 qui
2765 2662 2901 2703 eum
2932 2661 3036 2702 seu
3063 2646 3499 2718 praecesserunt
3541 2658 3649 2700 seu

290 2731 457 2797 δόξης
508 2736 791 2809 ὑψώματος
852 2745 942 2792 καὶ
997 2739 1221 2794 πλούτου
1281 2740 1577 2816 ὁγκὼματος
1633 2739 1894 2817 βασιλικῷ

2030 2737 2314 2794 .ubsecuti
2337 2743 2497 2808 sunt,
2520 2737 2939 2811 sapientiorem
2959 2735 3124 2793 illum
3141 2734 3340 2806 fuisse,
3361 2733 3647 2790 omnibus

286 2833 364 2897 τῷ
390 2831 558 2899 πήχει
587 2832 702 2890 τοὺς
722 2828 904 2892 ἄλλους
931 2835 1212 2891 νενίκηκεν·

2030 2827 2551 2901 ιχριοειιιὶεεὶωιιω
2580 2831 2669 2884 est
2701 2831 2790 2884 :et
2812 2826 2957 2900 quia
2979 2825 3180 2896 glorise
3211 2823 3571 2880 sublimitate
3592 2825 3647 2880 et

2002 2931 2188 2990 opum
2220 2917 2506 2990 superbia
2533 2917 2698 2987 regio
2726 2916 2926 2972 cubito
2953 2913 3217 2986 reliquos
3247 2911 3572 2985 superavit.

361 3003 489 3057 Εἰπὶ
514 3001 600 3058 οὖν
625 3027 736 3080 μοι,
762 3011 893 3083 πρὸς
911 3015 1000 3062 τοῦ
1049 3018 1143 3062 σοῦ
1187 3010 1510 3084 Σολομῶντος
1569 3032 1582 3046 ο
1629 3018 1759 3074 Θεος
1799 3016 1890 3065 τοῦ
1931 3053 1971 3106 C

2073 3005 2174 3062 Die
2203 3021 2345 3076 ergo
2375 3006 2542 3073 mihi,
2567 3006 2922 3076 gratuitone,
2951 3003 3118 3078 quod
3142 3002 3221 3060 ad
3252 3005 3421 3058 tuum
3486 2999 3645 3056 Salo-

291 3098 578 3166 χρηματος
608 3098 792 3150 τούτου
821 3093 986 3172 δοτὴρ
1019 3099 1090 3170 τῷ
1118 3098 1391 3176 ἀνθρώπῳ,
1425 3102 1454 3161 ἦ
1492 3109 1702 3174 συχνῶν
1732 3098 1889 3173 ἱδρῶ·

2026 3110 2245 3152 nonem
2274 3096 2500 3164 attinet,
2533 3095 2685 3151 Deus
2705 3093 2935 3152 homini
2955 3096 3168 3150 cuncta
3197 3093 3324 3148 hinc
3358 3094 3480 3146 tam
3511 3105 3643 3145 am-

287 3201 391 3234 των
465 3189 554 3237 καὶ
607 3195 819 3261 μακρῶν
888 3191 1200 3262 πονηματων
1274 3198 1365 3251 τῆς
1423 3189 1607 3264 ἀρετῆς
1671 3189 1888 3243 ἔπαθλον

2028 3182 2100 3242 ila
2136 3183 2298 3240 dono
2318 3183 2501 3251 dedit,
2530 3199 2607 3239 an
2637 3198 2780 3240 vero
2826 3187 3118 3255 tanquam
3166 3179 3460 3236 sudorum
3489 3176 3645 3249 jugi-

283 3271 509 3341 ἔλαϐεν;
563 3274 658 3344 Οὒ,
701 3281 832 3349 φησί
868 3299 881 3312 ·
933 3287 1042 3342 πῶς
1087 3282 1209 3353 γὰρ,
1263 3276 1595 3341 δωδεκαέτης
1642 3299 1743 3332 που
1791 3289 1888 3345 τῆς

2027 3287 2084 3328 er
2102 3273 2503 3339 manantium,
2536 3272 3078 3344 diuturnorumque
3121 3269 3397 3326 laborum
3412 3269 3644 3338 justam

286 3359 562 3434 βασιλείας
607 3361 928 3440 δραξάμενος
960 3385 974 3436 ;
1007 3373 1136 3422 Θεία
1168 3365 1226 3423 δὲ
1285 3370 1314 3429 ἠ
1361 3371 1541 3443 χάρις,
1573 3373 1662 3422 καὶ
1690 3371 1746 3423 τὸ
1787 3364 1890 3422 δῶ-

2023 3361 2338 3418 nereedem
2385 3362 2495 3419 iste
2549 3377 2620 3417 ea
2674 3359 2916 3418 retulit?
2963 3362 3377 3432 Nequaquam,
3418 3355 3640 3430 inquit;

282 3471 375 3527 ρον
417 3454 753 3528 θεόπεμπτον.

2026 3451 2309 3523 [uomodo
2331 3451 2490 3508 enim
2543 3466 2693 3524 puer
2738 3449 3079 3507 duodennis
3117 3462 3374 3518 regnum
3402 3445 3643 3518 uspiam

1996 3540 2350 3600 obtinuisset
2375 3543 2403 3598 ‘I
2427 3545 2544 3598 Hoc
2568 3557 2713 3598 sane
2738 3540 3097 3598 beneﬁcium
3122 3536 3535 3604 fuitdivinum,
3573 3549 3644 3592 ac

1995 3629 2227 3688 donum
2260 3632 2493 3688 caelitus
2520 3631 2826 3689 collatum.

358 3723 606 3795 Σύμφημί
659 3743 743 3776 σοι
795 3723 940 3797 κάγώ
989 3747 1001 3760 ο
1057 3732 1146 3780 καὶ
1189 3736 1466 3801 προσκυνῶ
1520 3731 1605 3781 τὸν
1659 3725 1882 3806 δοτῆρα,

2067 3723 2188 3791 Ego
2213 3737 2456 3796 quoque
2483 3726 2678 3778 tecum
2711 3721 2919 3792 sentio,
2946 3724 3004 3776 et
3043 3718 3384 3790 largitorem
3430 3715 3639 3783 adoro,

282 3815 464 3862 καὶτὸ
496 3807 663 3886 δῶρον
723 3812 1051 3888 ἀσπαζομαι.
1111 3813 1509 3870 Ἀποδέδεικται
1559 3815 1668 3888 οὖν,
1726 3823 1793 3882 ὡς
1850 3823 1880 3880 ἠ

2026 3813 2343 3884 ionumque
2370 3812 2570 3884 ipsum
2595 3811 2932 3869 exosculor.
2961 3813 3344 3882 Compertum
3366 3807 3643 3876 estigitur

283 3905 461 3972 σοφία,
495 3904 524 3959 ἡ
575 3899 728 3967 δόξα,
768 3904 793 3955 ὁ
832 3903 1072 3975 πλοῦτος,
1117 3908 1143 3958 ὁ
1201 3916 1296 3969 τῆς
1333 3913 1702 3981 κατασχέσεως
1747 3910 1884 3963 πλα-

2029 3902 2376 3974 apientiam,
2433 3901 2704 3974 gloriam,
2769 3901 3004 3958 divitias
3057 3915 3127 3956 ac
3185 3897 3641 3971 possessionum

277 3995 483 4063 ξυσμὸς
544 3988 845 4064 θεοδωρητςὶ
924 3995 1037 4049 ἐστι
1092 3995 1500 4070 φιλοτιμήματα.
1553 4005 1678 4069 Ναὶ,
1741 4001 1770 4060 ἡ
1834 4007 1885 4054 τί

2022 3991 2451 4065 ιωριὶιιιόἱηεω
2483 3991 2731 4048 totidem
2762 3989 3018 4061 gratuita
3042 3988 3260 4044 divinae
3286 3985 3639 4042 muniﬁcen-

279 4077 378 4144 φῄς
425 4089 438 4140 ;
491 4077 591 4126 Καὶ
644 4076 780 4126 πὰνυ
831 4093 909 4145 γε.
965 4078 1056 4138 Οἷς
1113 4073 1172 4130 δι
1216 4077 1366 4130 -πολυ
1418 4083 1737 4149 πιστεύεται,
1791 4086 1882 4134 καὶ

2023 4080 2087 4136 ire
2113 4095 2365 4136 munera
2385 4081 2697 4136 exstitisse.
2743 4078 3042 4136 Faterisne
3088 4077 3169 4132 ita
3198 4091 3446 4148 prorsus
3466 4088 3595 4130 esse
3613 4073 3640 4129 ?

275 4160 410 4234 πολρ
491 4163 915 4221 ἀπαιτηθήσεται
985 4181 1003 4198 ο
1074 4172 1164 4220 καὶ
1237 4170 1285 4220 οἱ
1355 4163 1568 4223 δυνατοὶ
1647 4165 1883 4234 δυνατῶς

2024 4172 2200 4226 'ateor
2228 4169 2553 4227 enimvero.
2595 4173 2771 4225 Porro
2795 4167 3009 4240 quibus
3038 4167 3295 4222 multum
3339 4163 3641 4220 concredi-

275 4247 683 4308 ἕτασθήσονται.
734 4245 954 4325 Τίθεμαι
996 4275 1008 4288 ο
1053 4255 1212 4308 αὑτοῦ
1255 4260 1356 4333 γάρ
1402 4257 1543 4311 ἐστιν
1591 4261 1620 4318 ἡ
1683 4259 1881 4334 ἀπόφα-

2021 4275 2117 4316 um
2138 4265 2243 4327 est,
2271 4260 2524 4315 multum
2553 4259 2896 4330 requirelur
2924 4256 2998 4312 ab
3023 4257 3104 4312 eis
3125 4256 3260 4326 (9t);
3284 4259 3334 4311 et
3372 4259 3638 4323 potentes

277 4358 364 4398 σις
432 4339 775 4413 Σολομῶντος.
831 4343 888 4394 ’0
927 4351 1052 4414 γοῦν
1100 4349 1374 4398 τοσούτων
1423 4353 1512 4400 καὶ
1559 4348 1877 4408 τηλικούτων

2018 4353 2262 4405 ιοῑεηιεν
2276 4353 2571 4404 tormenta
2582 4349 2903 4417 patiuntur
2922 4346 3053 4416 (95),
3079 4347 3316 4401 Certum
3337 4341 3399 4398 id
3419 4340 3635 4414 habeo;

275 4426 579 4490 ἀπολαύσας
617 4433 762 4484 θείων
800 4437 1038 4504 χαρίτων
1070 4429 1162 4486 διὰ
1211 4439 1306 4494 τὴν
1362 4445 1453 4488 τοῦ
1504 4446 1637 4491 Θεοῦ
1678 4437 1875 4511 ἁγαθό-

2026 4443 2081 4494 st
2109 4437 2268 4493 enim
2305 4441 2598 4493 sententia
2649 4435 2839 4508 ipsius
2896 4433 3252 4492 Salomonis.
3309 4431 3411 4488 Hic
3439 4430 3637 4502 igitur,

273 4536 430 4584 τητα,
459 4529 770 4592 μακαριστῷ
800 4521 929 4574 τέλει
966 4525 1052 4574 τὸν
1085 4520 1202 4596 βίον
1259 4523 1542 4600 ἕσφράγισε
1603 4534 1693 4582 καὶ
1751 4527 1878 4602 ἀξίῳ

2022 4533 2092 4599 ςιιι
2120 4533 2202 4584 tot
2227 4527 2524 4600 tantisque
2549 4541 2580 4581 e
2612 4525 2707 4582 Dei
2755 4524 3022 4581 bonitate
3046 4521 3384 4579 coelestibus
3429 4535 3639 4576 mune-

275 4616 373 4669 τῆς
427 4604 800 4682 δεδωρημένης
846 4613 1010 4684 τούτῳ
1052 4617 1281 4685 σοφίας
1332 4615 1360 4674 ἦ
1410 4618 1492 4669 ἰπὶ
1530 4617 1754 4690 κεφαλὴν
1813 4619 1878 4680 εἰς

2022 4615 2152 4671 ibus
2173 4615 2514 4672 cumulatus
2537 4620 2646 4684 est,
2669 4630 2817 4670 num
2839 4614 2998 4670 exitu
3020 4610 3354 4668 admodum
3366 4609 3546 4665 beato
3568 4623 3639 4666 ac

275 4694 547 4772 βάραθρον
600 4698 832 4762 ἀσεϐείας
899 4701 1270 4774 κατεκυλίσθη,
1336 4709 1426 4759 καὶ
1481 4706 1767 4768 ἐϐεϐήλωσε
1813 4711 1878 4762 τὰ

2020 4705 2173 4776 ligno
2207 4705 2499 4778 sapientia
2530 4704 2642 4760 sibi
2671 4703 2898 4760 donata
2935 4703 3113 4759 vitam
3158 4698 3466 4758 coronavit
3497 4698 3525 4755 ‘2
3548 4701 3637 4754 An

273 4787 404 4858 ἀγια
442 4795 609 4842 ταῦτα
629 4783 958 4866 0“'“PWM‘W‘;
1984 4811 2109 4851 non
2135 4795 2333 4868 potius
2367 4795 2427 4850 in
2457 4794 2778 4867 impietatis
2813 4791 3163 4848 barathrum
3211 4803 3401 4861 usque
3439 4787 3516 4844 ad
3542 4801 3641 4844 ca-

1987 4890 2093 4958 put
2121 4883 2437 4940 devolutus
2482 4890 2588 4951 est,
2630 4899 2701 4940 ac
2743 4882 2946 4939 divina
2999 4879 3101 4936 illa
3147 4893 3401 4936 munera
3442 4877 3636 4950 profa-

1986 4974 2149 5031 navit
2178 4974 2206 5030 ?

343 5059 408 5108 Τί
440 5061 658 5126 σιωπᾷς,
684 5053 909 5110 Ἰουνῖαῖε
961 5075 974 5123 ;
1013 5057 1250 5112 Ἐπέλιπέ
1303 5079 1359 5113 σε
1411 5058 1564 5132 λόγος
1605 5069 1698 5124 τῆς
1747 5063 1876 5116 ἀπο.

2059 5061 2212 5129 Quid
2243 5067 2425 5130 taces,
2455 5077 2491 5116 o
2520 5061 2726 5116 Judiee
2755 5064 2783 5116 ?
2813 5058 3052 5116 Adeone
3103 5057 3218 5114 cito
3257 5057 3492 5114 nullum
3533 5054 3638 5113 tibi

266 5151 494 5218 κρίσεως
519 5145 655 5197 οὕτω
679 5151 916 5218 ταχέως;
949 5148 1081 5218 Ἑγὼ
1111 5167 1205 5201 σου
1249 5157 1310 5208 τῆ
1342 5148 1536 5225 ἀπορίᾳ
1591 5149 1872 5223 βοηθήσω,

2024 5153 2249 5226 uppetit
2267 5151 2662 5225 responsum?
2686 5152 2999 5224 Suppetias
3011 5148 3258 5206 haerenti
3287 5154 3526 5220 egomet
3549 5148 3639 5205 fe-

267 5237 357 5286 τόν
416 5236 690 5287 θεσπέσιον
767 5235 1011 5297 Ἰεζεκιήλ
1050 5241 1390 5311 παραγαγὼν,
1440 5237 1630 5311 μᾶλλον
1672 5235 1732 5292 δε
1781 5247 1873 5293 τοῦ

2018 5241 2423 5308 am,divinitus
2451 5242 2696 5296 doctum
2728 5241 2800 5295 ΕΖ
2817 5239 3090 5296 achielem
3116 5240 3178 5296 in
3204 5238 3473 5296 medium
3497 5253 3635 5310 pro-

267 5325 320 5374 ἑν
359 5321 499 5392 αὐτῷ
535 5321 868 5384 λελαληκὸτος
897 5332 1051 5390 Θεοῦ,
1076 5322 1302 5391 δεηθεὶς,
1350 5328 1432 5378 ἶνα
1484 5332 1575 5385 την
1632 5324 1726 5380 δια
1779 5337 1870 5382 τοῦ

2018 5333 2230 5398 Lucens,
2253 5345 2358 5386 seu
2377 5330 2573 5402 potius
2599 5331 2783 5384 Deum
2811 5329 3032 5402 ipsum,
3049 5328 3155 5402 qui
3181 5343 3288 5400 per
3317 5343 3456 5384 eum
3476 5325 3635 5382 loeu-

267 5409 523 5470 Ἰεζεκιὴλ
568 5412 831 5483 ἀπόφασιν
877 5412 1029 5465 πάλιν
1093 5413 1422 5487 ἀπογανῆται
1470 5417 1606 5487 (96).
1667 5415 1750 5469 Ἐν
1798 5426 1869 5489 τῷ

2015 5435 2075 5475 us
2095 5423 2202 5487 est,
2223 5419 2579 5491 deprecans,
2629 5421 2692 5475 ut
2731 5418 3085 5476 sententiam
3125 5432 3233 5490 per
3274 5413 3632 5473 Ezechietem

485 5549 924 5684 {ahmxiinzé‘h
2045 5561 2159 5708 E95)
2194 5563 2329 5639 Sap.
2371 5576 2446 5649 vi,
2475 5565 2528 5621 7.
2717 5640 2724 5648 ~

607 5661 620 5684 .
730 5654 748 5698 ι
851 5651 866 5684 ι
2071 5634 2159 5704 νο)
2189 5634 2334 5696 Cod.
2370 5632 2724 5708 ἀπογανείταιι

607 5632 748 5698 .xu;
776 5632 866 5684 εει
2047 5632 2159 5708 (96)
2189 5634 2224 5693 ι]

2047 5632 2159 5708 (νο)
2189 5632 2334 5696 eoa.
2370 5632 2726 5712 ἀπογανείταιὶ
