4096 6208
548 294 655 354 707

625 421 799 488 Quod
824 436 968 478 vero
1024 416 1505 476 benedicendum
1554 422 1612 472 et
1644 414 2023 472 adorandum
2052 415 2204 472 inter
2229 420 2279 475 Α

546 525 767 567 omnes
797 515 996 579 gentes
1024 509 1098 563 sit
1134 521 1356 561 nomen
1392 504 1621 573 Christi,
1651 510 1858 560 auctor
1889 504 2063 559 nobis
2112 510 2201 560 est

551 601 840 657 altisonus
871 599 1081 659 Isaias,
1110 612 1215 651 seu
1246 594 1341 651 ille
1369 594 1591 667 potius,
1622 594 1726 665 qui
1758 594 1919 648 Isaiae
1945 593 2200 666 prophe-

552 692 667 745 tica
687 687 998 757 inspiravit
1027 684 1291 749 oracula,
1322 683 1406 738 sic
1435 683 1682 738 omnino
1713 688 1914 754 aperte
1935 697 2196 754 pronun-

550 778 705 834 tians
729 795 741 829 :
778 776 1085 831 Vocabitur
1107 776 1291 830 servis
1320 774 1460 829 meis
1480 786 1695 827 nomen
1715 786 1957 835 novum,
1986 774 2090 842 qui
2109 774 2197 827 be-

550 866 926 922 nediceturin
942 863 1319 931 terra;lauda
1327 863 1470 917 bunt
1484 863 1639 917 enim
1654 862 1839 915 Deum
1852 860 2191 931 verum(35).

548 955 806 1027 Populus
829 952 988 1007 enim
1017 952 1116 1007 Dei
1140 966 1261 1006 non
1294 948 1554 1021 amplius
1584 949 1767 1005 Jacob
1796 947 2191 1020 (appellatur),

548 1060 669 1099 non
692 1041 954 1114 amplius
987 1040 1215 1110 Joseph
1241 1045 1344 1094 aut
1374 1038 1673 1109 Ephraim;
1714 1040 1912 1092 vetera
1974 1036 2074 1091 illa
2138 1042 2195 1092 et

546 1133 817 1189 obsoleta
830 1129 1226 1186 suntnomina
1253 1127 1355 1182 sed
1374 1143 1531 1182 novo
1545 1132 1790 1181 vocatur
1802 1125 2043 1181 nomine
2055 1127 2191 1195 (36),

545 1223 834 1294 quoniam
867 1226 925 1275 et
980 1221 1399 1274 testamentum
1452 1231 1663 1271 novum
1725 1220 1835 1279 est,
1889 1221 1946 1270 et
1999 1230 2193 1269 novus

542 1310 827 1383 populus.
861 1307 1181 1375 Quodnam
1210 1320 1353 1360 vero
1386 1304 1539 1359 istud
1568 1304 1596 1356 *ἲ
1625 1303 2014 1370 Christianus,
2047 1310 2103 1357 et
2156 1317 2192 1357 a

543 1402 774 1457 Christo
804 1400 917 1454 hoc
942 1396 1186 1453 nomine
1239 1393 1716 1464 cognominatus,
1766 1407 1903 1447 vere
1966 1407 2190 1447 nomen

543 1506 719 1544 suum
752 1487 917 1556 gerit.
950 1485 1303 1554 Quicunque
1338 1487 1539 1537 autem
1568 1480 1867 1535 benedicit
1894 1496 2053 1545 eum,
2085 1480 2190 1551 qui

542 1593 677 1633 vere
706 1575 949 1631 nomine
975 1588 1084 1628 suo
1114 1572 1198 1626 sic
1252 1569 1605 1642 appellatur,
1656 1570 1751 1639 (eo
1799 1569 1951 1640 ipso)
2004 1571 2187 1624 Deum

541 1682 749 1721 verum
773 1662 1089 1725 benedicit,
1122 1660 1344 1716 scilicet
1360 1659 1675 1722 Christum,
1709 1672 1746 1712 a
1768 1673 1893 1729 quo
1912 1657 2189 1713 Christia-

540 1769 657 1810 nus
686 1767 910 1809 nomen
920 1751 1179 1806 sortitur.

611 1852 732 1913 Age
758 1846 981 1913 itaque,
1011 1846 1069 1894 et
1103 1837 1316 1893 exinde
1349 1842 1441 1891 sta
1478 1851 1737 1902 mecum,
1795 1840 1974 1906 atque
2002 1834 2186 1891 ambo

538 1931 718 1988 simul
758 1931 1051 1987 Christum
1085 1942 1292 1981 verum
1347 1928 1533 1980 Deum
1588 1924 1945 1987 adoremus;
1997 1930 2055 1979 et
2090 1924 2185 1979 fac

537 2021 854 2077 nobiscum
886 2015 1140 2083 signeris
1170 2015 1285 2084 (57)
1316 2012 1541 2068 lumine
1568 2011 1768 2066 vultus
1786 2011 1942 2066 illius
1960 2014 2184 2068 acnovi

534 2105 1229 2175 Testamentisanguine,
1262 2103 1468 2172 sicque
1497 2101 1708 2157 mortis
1766 2107 2067 2156 auctorem
2126 2107 2185 2157 et

534 2197 917 2254 tenebrarum
948 2194 1278 2267 principem
1310 2190 1581 2259 effugias.

606 2289 802 2343 XXVII.
831 2290 903 2341 At
936 2284 1225 2354 scriptum
1262 2286 1370 2347 est,
1406 2278 1615 2351 inquit,
1646 2278 1813 2350 quod
1854 2278 2097 2334 Orietur
2116 2278 2181 2334 in

532 2378 735 2433 diebus
751 2378 878 2445 ejus
879 2377 914 2443 j
918 2375 1122 2428 ustitia
1134 2378 1186 2427 et
1207 2377 1261 2426 et
1279 2368 1652 2425 abundantia
1668 2369 1829 2435 paci:
1840 2382 1853 2431 (
1863 2371 1971 2436 38).
1989 2369 2056 2422 Et
2066 2368 2181 2423 hoc

530 2465 842 2524 oraculum
871 2462 1137 2535 profeczo
1166 2459 1449 2516 Salomon
1474 2457 1756 2527 operibus
1780 2456 2066 2527 implevit,
2092 2464 2179 2512 ut-

530 2561 668 2628 pote
697 2554 801 2627 qui
827 2550 1199 2625 sapientibus
1222 2547 1515 2617 rectisque
1532 2545 1773 2616 judiciis
1805 2545 1934 2600 lites
1962 2544 2178 2600 direm-

528 2646 730 2718 pserit,
758 2649 815 2698 et
834 2644 1121 2698 irruentes
1143 2639 1347 2694 hostes
1373 2652 1480 2708 per
1509 2635 1821 2691 circuitum
1864 2634 1981 2690 sibi
2032 2633 2175 2691 sub-

524 2734 749 2806 jecerit.

599 2829 670 2878 At
698 2837 857 2887 vero,
914 2816 1246 2890 quomodo,
1289 2830 1326 2869 0
1377 2812 1660 2882 sacrilege
1726 2812 1959 2867 tacuisti
2008 2811 2176 2884 quod

528 2911 793 2984 sequitur
826 2912 853 2964 ?
883 2905 1220 2973 Quomodo,
1259 2903 1343 2957 ﬁli
1371 2901 1704 2967 ministerii,
1743 2900 1909 2972 quod
1963 2902 2174 2957 merito

525 3000 688 3058 nocti
712 3000 1113 3071 comparatur,
1148 2999 1351 3049 lunam
1383 2990 1749 3046 abscondisti
1794 2995 1859 3045 ut
1930 2989 2172 3046 thesau-

524 3106 661 3146 rum
690 3087 955 3144 veritatis
984 3082 1261 3139 sutfurari
1292 3095 1501 3153 posses
1530 3078 1885 3143 ?Quodnam
1901 3094 2043 3134 vero
2056 3079 2171 3134 hoc

1661 286 1973 348 GERMANI
2001 290 2049 347 ll
2084 286 2189 349 BP.
2227 286 2710 354 PATRIARCHA.

2377 418 2495 472 Ὀτι
2529 417 2587 472 δέ
2615 424 2672 473 τὸ
2695 428 2786 473 τοῦ
2815 429 3053 496 Χριστοῦ
3085 426 3246 495 ὄνομα
3303 421 3596 494 manu?“
3644 423 3751 478 ἐστι
3802 432 3882 481 καί

2305 513 2665 580 προοκυνητόν
2743 509 2791 563 ἐν
2882 517 3017 563 πᾶσι
3097 517 3206 572 τοῖς
3285 513 3511 578 ἔθνεσιν,
3569 515 3750 585 Exegi"
3804 521 3881 569 τὸν

2302 595 2521 649 Ἡσαΐαν
2573 606 2860 671 συνήγορον
2913 599 3421 672 μεγαλοφωνότατον,
3470 600 3659 672 μᾶλλον
3704 598 3760 655 δε
3803 609 3879 656 τὸν

2303 685 2442 755 αὐτῷ
2493 688 2558 738 τά
2618 695 2711 749 τῆς
2763 693 3080 760 προφητείας
3140 686 3523 761 ἐμπνεύσαντα,
3575 696 3663 741 καὶ
3709 693 3879 745 οὑτωσὶ

2302 770 2601 848 διαρρήδην
2678 775 3070 849 ἀποφηνάμενον
3128 798 3142 811 ·
3204 784 3329 839 Τοῖς
3409 774 3717 831 δουλεύουσί
3796 796 3877 852 μοι

2299 862 2620 921 κληθήσεται
2695 869 2855 937 ὄνομα
2934 870 3131 933 καινὸν,
3217 866 3243 917 ὁ
3326 866 3732 937 εὐλογηθήσεται
3805 869 3876 922 ἐπὶ

2299 958 2393 1012 τῆς
2440 961 2541 1023 γῆς
2570 974 2584 985 ·
2651 953 2997 1024 εὐλογήσονσι
3059 957 3162 1029 γὰρ
3219 958 3307 1006 τόν
3377 960 3510 1008 Θεὸν
3574 960 3661 1006 τὸν
3721 956 3876 1014 ἀληθι-

2299 1046 2407 1097 νον.
2461 1042 2571 1093 Οὐκ
2622 1044 2699 1094 ἔτι
2749 1045 2850 1114 ’γὰρ
2902 1052 2995 1095 τοῦ
3049 1050 3181 1097 Θεοῦ
3232 1043 3355 1104 λαὸς
3418 1042 3627 1111 Ἰακὼϐ,
3681 1045 3769 1096 οὐκ
3812 1049 3875 1097 ἔτι

2299 1128 2493 1201 Ἰωσὴφ
2524 1135 2613 1182 καὶ
2647 1131 2884 1203 Ἐφραίμ,
2922 1134 2988 1182 τὰ
3011 1131 3211 1184 παλαιὰ
3237 1140 3434 1184 αταὺτα
3485 1137 3576 1184 καὶ
3633 1140 3875 1191 σεσηπότα

2299 1218 2527 1290 ὀνόματα
2564 1240 2576 1252 ο
2612 1218 2741 1270 ἀ)λά
2772 1224 2948 1271 καινὸν
2969 1224 3147 1292 ὄνομα,
3185 1220 3294 1273 ἐπεί
3330 1226 3426 1273 καὶ
3453 1225 3606 1278 καινή
3665 1224 3871 1280 Amerina

2298 1310 2387 1359 καὶ
2420 1311 2597 1368 καινὸς
2634 1307 2779 1369 λαὸς.
2858 1313 2958 1361 Καὶ
2994 1316 3142 1361 ποῖον
3192 1317 3391 1375 τοῦτο;
3445 1314 3518 1362 Τὸ
3567 1317 3871 1382 Χριστιανός,

2297 1400 2387 1447 καὶ
2416 1398 2571 1447 ὀάπὸ
2630 1404 2867 1470 Χριστοῦ
2924 1403 3398 1469 παρωνομασμένος
3456 1398 3669 1470 ὀνόματι

2296 1492 2687 1557 φερωνυμεῑται.
2758 1490 2858 1538 Καὶ
2909 1487 2936 1537 ὀ
2984 1490 3072 1537 τόν
3123 1486 3259 1538 οὕτω
3319 1491 3767 1560 φερωνυμούμενον
3809 1488 3872 1539 εὖ·

2294 1570 2458 1644 λογὼν
2515 1573 2713 1645 εὐλογεῑ
2765 1578 2852 1626 τὸν
2912 1579 3040 1629 Θεὸν
3093 1579 3180 1627 τὸν
3234 1574 3507 1644 ἀληθινὸν,
3564 1576 3701 1628 τοῦτ’
3774 1579 3869 1628 ἔστι

2294 1666 2545 1735 Χριστὸν,
2579 1662 2663 1735 ἀφ’
2699 1664 2759 1716 οὗ
2789 1666 2815 1717 ὁ
2856 1669 3169 1737 Χριστιανὸς
3198 1670 3644 1740 παρωνομασται.

2364 1840 2508 1912 Δεῦρ’
2535 1842 2628 1907 ἰθι,
2665 1846 2755 1893 καὶ
2786 1844 2945 1901 στῆθι
2994 1841 3171 1895 λοιπὸν
3223 1843 3339 1913 μετ’
3375 1843 3526 1914 ἐμοῦ,
3592 1847 3681 1894 καὶ
3733 1861 3866 1916 ηροσ-

2291 1936 2595 2001 κυνήσωμεν
2652 1932 2805 2003 οἰμφω
2862 1936 3091 2005 Χριστὸν
3149 1936 3235 1983 τὸν
3270 1930 3521 1989 ἀληθινὸν
3577 1935 3703 1984 Θεὸν
3730 1952 3741 1964 ·
3792 1936 3866 1983 καὶ

2294 2021 2619 2089 σημειώθητι
2647 2019 2757 2087 μεθ’
2815 2022 2961 2091 ἡμῶν
3011 2030 3084 2091 τῷ
3138 2040 3265 2092 φωτι
3300 2029 3399 2073 τοῦ
3458 2028 3735 2095 προσώπου
3787 2021 3863 2071 ιυ-

2290 2116 2401 2173 rat),
2434 2114 2524 2159 και
2549 2116 2619 2178 τῷ
2649 2110 2833 2179 αἵματι
2866 2117 2961 2170 τῆς
2988 2112 3102 2170 νέας
3158 2111 3449 2174 Διαθὴκης,
3511 2115 3601 2162 καὶ
3634 2106 3863 2181 dum;

2288 2200 2375 2248 τὸν
2411 2196 2743 2270 ὀλεθρεύοντα
2770 2202 2859 2248 καί
2888 2206 2977 2249 τοῦ
3007 2202 3227 2259 σκότους
3255 2202 3348 2250 τὸν
3388 2201 3643 2270 ἄρχοντα.

2362 2284 2478 2339 ΚΖ.
2535 2285 2688 2337 Ἀλλὰ
2737 2290 3046 2360 γέγραπται,
3125 2291 3306 2358 φησίν,
3402 2291 3470 2348 ὼς
3541 2285 3758 2338 ἀνατελεὶ
3822 2286 3860 2336 ἐν

2286 2382 2399 2435 ταῖς
2455 2377 2669 2446 ἡμέραις
2745 2375 2908 2426 αὐτοῦ
2981 2373 3293 2433 δικαιοσύνη
3355 2381 3448 2429 καὶ
3503 2375 3690 2435 πλῆθος
3744 2375 3857 2447 sipi-

2286 2482 2398 2523 νης.
2434 2468 2534 2515 Καί
2576 2462 2660 2515 ἐπί
2690 2472 2789 2515 τῶν
2843 2467 3002 2535 ’ἰργων
3057 2466 3084 2515 ὁ
3143 2464 3384 2537 Σολομὼν
3437 2468 3526 2516 τὸν
3576 2463 3718 2533 λόγον
3764 2461 3858 2513 imi-

2284 2570 2440 2625 ρωσε,
2480 2559 2662 2623 σοφαῖς
2714 2548 3043 2614 εὐθυδικίαις
3123 2556 3215 2615 τὰς
3269 2549 3569 2614 ἀντιδικίας
3634 2548 3855 2609 διαλύσας

2284 2644 2374 2690 καί
2442 2648 2541 2690 τῶν
2636 2638 2809 2710 κύκλῳ
2928 2643 3392 2713 συνεπιτιθεμένων
3474 2641 3854 2715 κατακυριεύσας

2283 2726 2508 2799 ἐχθρῶν.
3371 2789 3393 2813 ⁸

2355 2816 2509 2868 Ἀλλὰ
2551 2826 2681 2881 πῶς,
2718 2816 2971 2891 ἱερόσυλε,
3000 2822 3059 2869 τὸ
3103 2817 3220 2880 ἑξῆς
3272 2820 3683 2895 ὑπεκράτησας;
3735 2823 3848 2879 Πῶς,

2282 2901 2322 2955 ὦ
2361 2908 2439 2957 vis
2487 2914 2577 2966 τῆς
2633 2910 2781 2958 νυκτί
2842 2912 3280 2978 παρωμοιωμένης
3338 2907 3600 2980 λατρείας,
3653 2910 3738 2962 τὴν
3785 2921 3851 2954 σε·

2280 2991 2436 3052 λὴνην
2506 2994 2831 3066 ὑπεκρυψας,
2908 2996 2991 3047 ἵνα
3050 2994 3354 3068 ὑποκλὶψῃς
3407 3001 3466 3049 τὸ
3553 3004 3733 3069 χρῆμα
3774 2999 3849 3050 τῆς

2279 3080 2560 3149 ἀληθείαςς
2614 3088 2713 3137 Καί
2770 3087 2821 3135 τί
2882 3088 2938 3136 τὸ
3019 3084 3220 3158 κλέμμα
3271 3089 3419 3152 ;Τό,
3483 3087 3577 3144 ἕως
3634 3083 3690 3134 οὗ
3746 3079 3848 3131 ἄντε-

523 3144 747 3235 iurtum
766 3178 795 3231 ‘l’
809 3179 927 3232 Hoc
948 3188 1161 3244 nempe
1182 3187 1196 3226 :
1226 3144 1412 3226 donec
1436 3168 1757 3238 auferatur
1769 3169 1936 3224 (una.
1955 3170 2169 3223 Verum

2282 3173 2519 3245 αναιρεθῇ
2576 3174 2605 3229 ἡ
2674 3171 2885 3231 σελήνη,
2914 3172 3095 3244 ’Ὅμως
3128 3172 3414 3232 ἀπανιησω
3471 3193 3564 3226 σου
3609 3174 3726 3244 μετὰ
3770 3176 3845 3219 τοῦ

522 3286 663 3327 cum
726 3266 953 3323 lumine
1018 3261 1282 3318 veritatis
1354 3257 1831 3314 dubitationibus
1886 3257 2004 3313 tuis
2075 3273 2171 3313 oc-

517 3373 781 3415 curram.

592 3447 889 3517 Scriptum
912 3447 1003 3498 est
1025 3444 1189 3511 (nam
1238 3443 1296 3493 et
1347 3452 1459 3507 ego
1491 3434 1830 3490 consimilia
1879 3433 2164 3506 quaedam

517 3537 621 3594 tibi
646 3534 928 3599 narrabo)
949 3530 1113 3603 quod
1138 3527 1458 3583 Suscitavit
1480 3526 1768 3579 Dominus
1796 3530 1968 3579 satan
1988 3524 2164 3579 Sala-

518 3626 677 3679 moni
701 3623 865 3678 Ader
893 3621 1245 3681 Idnmwum,
1287 3621 1341 3669 et
1371 3614 1580 3667 Esrom
1611 3618 1664 3667 et
1696 3613 2075 3678 Barameeth,
2108 3619 2164 3669 et

518 3714 909 3775 Andraezer;
939 3714 991 3763 et
1019 3708 1423 3761 convenerunt
1448 3702 1735 3757 adversus
1764 3717 1895 3757 eum
1916 3720 1938 3765 ;
1958 3709 2010 3757 et
2033 3710 2163 3758 erat

516 3806 645 3859 dux
672 3800 931 3870 agminis
960 3802 1013 3852 et
1042 3792 1353 3861 occupavit
1375 3793 1694 3846 Damasec:
1720 3797 1965 3861 eratque
1990 3796 2162 3847 satan

516 3891 734 3949 lsraeli
756 3888 984 3943 cunctis
1014 3883 1218 3939 diebus
1246 3881 1579 3936 Salomonis
1600 3880 1734 3947 (39).
1771 3881 1949 3935 Satan
1985 3895 2163 3951 porro

513 3981 655 4038 dicit
677 3979 774 4035 hic
800 3977 1033 4033 hostem
1063 3978 1119 4027 et
1146 3973 1647 4043 oppugnatorem.

586 4160 698 4216 Sed
725 4158 927 4214 dicam
958 4154 1062 4211 tibi
1083 4151 1261 4209 etiam
1292 4148 1365 4203 de
1384 4148 1616 4219 justitia
1640 4147 1999 4216 Salomonis,
2056 4165 2163 4205 seu

510 4250 711 4322 potius
740 4261 863 4301 non
885 4259 1017 4314 ego,
1051 4242 1157 4296 sed
1188 4243 1530 4309 Regnorum
1555 4236 1706 4292 liber
1734 4237 1849 4293 ista
1874 4244 2112 4294 enarrat
2145 4255 2158 4293 :

511 4341 587 4395 Et
617 4338 848 4393 locutus
874 4340 955 4389 est
980 4333 1234 4401 populus
1246 4329 1327 4384 ad
1348 4342 1541 4396 regem
1555 4327 1835 4392 Roboam,
1866 4327 2158 4384 dicentes:

509 4432 689 4485 Pater
716 4432 853 4480 tuus
867 4422 1249 4476 durissimum
1256 4419 1477 4486 jugum
1496 4417 1954 4484 imposuitnobis
1968 4418 2161 4487 (pater

2276 3270 2336 3319 τῇ
2350 3282 2371 3322 ς
2396 3261 2638 3323 ἀληθείας
2659 3266 2823 3333 φωτὸς
2854 3269 2961 3323 τοῖς
2980 3260 3344 3335 προϐλήμασι,

2346 3444 2661 3513 Γέγραπται,
2694 3437 2839 3510 κάγὼ
2875 3442 2977 3514 γὰρ
3009 3458 3095 3492 σοι
3136 3441 3202 3492 τὰ
3233 3444 3327 3492 ἶσα
3358 3441 3478 3515 ἐρῶ,
3531 3441 3610 3491 ὅτι
3660 3435 3838 3505 Ἥγεφε

2276 3533 2466 3603 Κύριος
2517 3532 2678 3580 σατὰν
2747 3537 2819 3597 τῷ
2880 3528 3121 3600 Σαλομὼν
3180 3534 3266 3581 τὸν
3342 3527 3503 3603 Ἄδερ
3569 3530 3650 3578 τὸν
3698 3519 3837 3577 Ἰδονο

2272 3625 2443 3688 μαῖον,
2478 3622 2680 3670 καὶτὸν
2732 3617 2961 3690 Ἑσρώμ,
2994 3622 3084 3669 καί
3140 3622 3227 3669 τὸν
3284 3618 3571 3694 Βαραμεὲθ,
3630 3618 3711 3666 καί
3762 3613 3834 3660 τὸν

2275 3702 2582 3778 Ἀνδραέζερ
2653 3726 2665 3738 ·
2721 3711 2811 3758 καί
2873 3708 3330 3780 συνηθροίσθησαν
3388 3706 3464 3759 ἐπ’
3542 3704 3674 3773 αὖτῲ
3716 3721 3728 3732 ·
3760 3698 3836 3749 καί

2273 3791 2333 3865 ᾖν
2433 3798 2615 3868 ἅρχων
2734 3800 3150 3867 συστρέμματος,
3260 3802 3352 3848 καί
3465 3786 3833 3867 προκατελὰϐετο

2271 3889 2364 3942 την
2418 3888 2660 3953 Δαμασέκ
2707 3925 2722 3942 .
2774 3889 2863 3936 καί
2930 3881 2990 3942 ἦν
3084 3888 3247 3937 σατὰν
3305 3895 3382 3957 τῷ
3433 3882 3639 3957 Ἰσραὴλ
3685 3879 3834 3933 πάσας

2268 3978 2357 4035 τὰς
2428 3977 2623 4047 ἡμέρας
2695 3973 2956 4046 Σαλομών.
3014 3978 3178 4027 Σατὰν
3243 3972 3303 4028 δι
3352 3980 3440 4029 τὸν
3526 3968 3831 4036 ἁντικείμενόν

2271 4083 2336 4135 φη
2347 4083 2400 4115 σι
2424 4068 2514 4115 καί
2538 4062 2800 4135 πολέμιον.

2343 4153 2473 4226 Ἐρῶ
2510 4149 2567 4203 δὲ
2606 4171 2689 4203 σοι
2719 4156 2809 4204 καί
2852 4157 2970 4225 περὶ
3027 4161 3119 4213 τῆς
3176 4150 3514 4212 δικαιοσύνης
3566 4155 3651 4201 τοῦ
3702 4141 3828 4195 Eulo-

2269 4248 2376 4314 μὼν
2433 4262 2447 4274 ο
2504 4240 2695 4313 μᾶλλον
2749 4238 2808 4294 δὲ
2857 4241 2953 4293 οὐκ
3014 4242 3133 4313 ἐγὼ,
3188 4240 3297 4294 ἀλλ’
3352 4245 3384 4301 ἡ
3444 4261 3540 4293 των
3582 4233 3825 4289 Βασιλειᾱην

2271 4328 2452 4402 βίϐλος
2511 4351 2522 4363 ·
2577 4336 2677 4382 Καί
2723 4328 2966 4387 ἐλάλησεν
3023 4332 3049 4381 ὁ
3105 4330 3229 4392 λαὸς
3309 4336 3441 4404 πρὸς
3496 4332 3576 4381 τὸν
3631 4318 3824 4396 βασιὶέα

2268 4418 2511 4491 Ῥοϐοάμ,
2596 4418 2822 4489 λέγοντες
2875 4437 2889 4451 ο
2946 4419 3004 4471 Ὀ
3070 4425 3246 4491 πατὴρ
3329 4439 3425 4473 σου
3502 4416 3700 4489 ἐϐάρυνε
3749 4409 3820 4457 τόν

2596 4418 2822 4489 λέγοντες
2875 4437 2889 4451 ο

509 4522 711 4574 autem
747 4512 1019 4567 Roboam
1040 4507 1149 4561 fuit
1179 4504 1505 4571 Salomon).
1531 4506 1621 4559 .Tu
1654 4506 1856 4575 itaque
1876 4520 2033 4560 nunc
2051 4506 2157 4560 im-

2282 4507 2435 4560 ιλοιόν
2465 4510 2610 4581 ἡμῶν
2641 4521 2657 4537 θ
2689 4512 2862 4583 πατὴρ
2922 4504 2982 4561 δι
3040 4516 3132 4560 τοῦ
3177 4507 3398 4582 Ῥοϐοὰμ
3447 4506 3683 4577 Σολομὼν.
3734 4494 3819 4548 Καί

506 4610 709 4664 minue
735 4599 1054 4673 paululum
1085 4594 1157 4650 de
1182 4594 1427 4661 imperio
1436 4592 1735 4660 patristui
1755 4592 2069 4649 durissimo
2099 4601 2155 4650 et

505 4695 856 4770 gravissimo
866 4691 1040 4760 jugo,
1080 4682 1239 4756 quod
1258 4683 1379 4749 ipse
1399 4682 1675 4770 imposuit
1692 4680 1858 4735 nobis
1871 4683 2008 4770 (40).
2031 4689 2150 4738 Au-

504 4769 676 4843 disne
705 4780 1032 4854 gratiarum
1044 4773 1328 4833 actiones,
1343 4784 1495 4841 quas
1508 4769 1789 4825 Salomon
1819 4769 2029 4841 recipit
2041 4786 2151 4842 pro

508 4893 617 4932 sua
644 4889 785 4944 erga
818 4867 1101 4943 populum
1122 4860 1349 4935 justitia
1374 4859 1401 4915 ?
1431 4858 1592 4914 Adeo
1620 4865 1683 4914 ut
1706 4858 1841 4931 ipsa
1905 4874 2149 4933 quoque

505 4963 713 5038 populi
737 4958 987 5017 defectio
1008 4955 1087 5011 ad
1140 4949 1494 5016 Samariam,
1562 4956 1618 5005 et
1638 4946 1718 5003 ad
1768 4947 1983 5003 vitulos
2039 4950 2149 5021 (42)

576 5124 685 5193 (35)
718 5123 828 5193 lsa.
861 5133 985 5193 sit},
1024 5119 1084 5169 t5
1103 5128 1225 5193 sec.
1258 5110 1382 5165 LXX
1409 5127 1421 5175 ;
1467 5123 1611 5163 nam
1639 5106 1937 5193 'V‘ulgatus
2001 5109 2149 5193 Lati-

501 5180 618 5253 nus
649 5180 840 5265 paulo,
858 5188 1025 5265 aliter
1041 5204 1075 5265 _:_
1090 5188 1308 5265 Servos
1324 5195 1460 5236 suos
1481 5180 1712 5265 vocabit
1735 5182 2113 5265 npmz‘nealio
2128 5196 2150 5250 ,'

501 5251 564 5323 ἷη
595 5251 710 5336 quo
737 5262 840 5333 qui
868 5258 1203 5315 benedictus
1226 5251 2151 5321 estsuperterram,benedicetur

500 5356 565 5395 ιη
602 5340 741 5402 Deo,
772 5346 965 5390 amen.

569 5408 684 5477 (36)
707 5402 925 5462 Referri
952 5401 1072 5458 huc
1100 5399 1355 5469 possunt
1386 5410 1522 5467 quae
1549 5392 1829 5464 leguntur
1874 5395 1985 5450 lsa.
2016 5410 2147 5465 Lm,

493 5486 548 5555 2,
581 5485 667 5538 12.

570 5550 679 5622 (37)
710 5542 865 5622 Psal.
886 5560 962 5611 1v,
987 5542 1044 5598 ’7.

569 5617 684 5700 (38)
713 5617 867 5678 Psal.
894 5630 1045 5685 Lm,
1075 5618 1131 5669 7.

2266 4601 2330 4649 σὺ
2381 4605 2469 4648 νῦν
2534 4599 2781 4669 κούφισον
2839 4595 2941 4649 ἀπὸ
3004 4605 3098 4659 τῆς
3180 4593 3420 4660 δουλείας
3488 4600 3573 4648 τοῦ
3646 4580 3816 4658 πατρός

2266 4706 2359 4739 σου
2430 4695 2525 4748 τῆς
2574 4685 2824 4758 σκληρᾶς,
2874 4691 2964 4737 καί
3017 4684 3122 4738 ἀπὸ
3180 4695 3272 4739 τοῦ
3328 4687 3501 4740 ελοιοῡ
3550 4680 3697 4733 αὐτοῦ
3738 4676 3813 4722 τοὺ

2263 4772 2470 4845 βαρέος,
2552 4773 2613 4824 οὗ
2685 4769 2873 4825 ἔδωκεν
2951 4775 3096 4844 ἡμῖν.
3175 4774 3406 4837 Ἀκούεις
3475 4779 3565 4831 τῆς
3628 4763 3814 4845 εὖχοφὲ

2261 4844 2412 4923 στίας
2438 4861 2573 4933 (41),
2619 4861 2678 4921 ἧς
2702 4863 3101 4935 εὐχαριστεῖ-ται
3137 4863 3163 4913 ὁ
3216 4863 3447 4935 Σολομὼν
3496 4857 3709 4931 περὶτῆς
3753 4844 3812 4903 είς

2258 4954 2344 5002 τὸν
2368 4949 2487 5002 λαὸν
2520 4950 2679 5002 αὐτοῦ
2711 4946 3054 5013 δικαιοσύνης
3087 4968 3100 5017 ;
3126 4956 3148 4971 ”
3175 4959 3313 5003 nm
3350 4956 3438 5004 καὶ
3467 4951 3495 5006 ἠ
3545 4937 3810 4996 ἀποστασία

2327 5111 2422 5237 S39
2472 5111 2541 5192 Ill
2569 5112 2709 5191 Reg.
2740 5128 2817 5177 IX,
2855 5115 2936 5178 14,
2966 5129 3081 5168 sec.
3111 5112 3247 5194 CXX
3285 5112 3629 5169 versionem,
3648 5117 3682 5156 8
3702 5107 3807 5222 (ﬁla

2327 5207 2335 5237 ι
2360 5182 2433 5237 de
2446 5181 2543 5237 hic
2558 5181 3016 5237 diﬂertVulgata
3042 5183 3432 5237 Latina.adeo
3452 5185 3716 5237 utnonnll
3756 5181 3802 5237 ἃ,

2258 5181 2433 5237 valde
2446 5181 2543 5238 hic
2558 5181 3016 5255 diﬂertYulgata
3042 5185 3247 5239 Latina
3261 5183 3432 5251 ,adeo
3452 5187 3513 5237 ut
3528 5188 3677 5255 noun
3687 5181 3802 5255 alii,

2256 5269 2394 5380 quas
2421 5254 2585 5325 apud
2614 5256 2740 5309 LXX
2762 5249 2976 5310 hoc-Us
3024 5249 3317 5313 versiculo
3365 5250 3729 5311 continentur,
3751 5249 3801 5290 In

2308 5323 2505 5380 ulgata
2532 5322 2809 5380 legantur
2837 5342 2927 5380 vv.
2959 5330 3025 5380 23
3059 5332 3116 5380 et
3138 5330 3226 5380 25.

2308 5322 2505 5394 ulgata
2532 5322 2809 5394 legantur
2837 5342 2927 5381 vv.
2959 5330 3025 5382 23
3059 5332 3116 5382 et
3138 5330 3226 5382 25.

2330 5399 2443 5536 (4οζ
2469 5398 2535 5451 llI
2556 5398 2706 5465 Reg.
2745 5413 2842 5465 xu,
2866 5397 2958 5453 3-4
2980 5412 3094 5452 sec.
3128 5398 3279 5454 LXX.

2330 5470 2413 5535 (41
2478 5466 2602 5523 Cod
2635 5467 3026 5536 εὐχαριστείας.

2327 5466 2441 5541 (41)
2475 5466 2619 5541 βοά-
2635 5467 3026 5541 εὐχαριστείας.

2326 5524 2445 5607 (42)
2474 5524 2951 5595 Vitulos"a'ureos
2976 5524 3183 5596 auctor
3210 5537 3406 5597 innuit
3443 5552 3480 5595 a
3517 5524 3795 5589 Jeroboam

2255 5613 2504 5667 erectos.
2532 5609 2676 5667 Vide
2702 5608 2778 5669 Ill
2803 5612 2945 5682 Reg.
2974 5626 3069 5679 xu,
3095 5613 3280 5669 28-32.
