4096 6208
575 220 670 285 ’711

1718 210 2033 281 GERMANI
2071 214 2118 280 ll
2160 222 2189 281 ε

2312 200 2795 281 maneam.
3797 214 3881 286 742

577 350 986 425 gratissimum
1015 351 1133 406 Deo
1172 346 1550 419 sacrificium,
1597 347 1764 421 quod
1810 347 1872 405 in
1923 347 2189 419 unigenit

2300 355 2413 406 ,νιί
2472 355 2563 401 τοῦ
2606 346 2845 422 Ἀϐραὰμ
2903 344 3226 420 ἐμιμήσαντο
3277 347 3327 399 οἰ
3390 353 3558 411 κακῶς
3613 350 3697 402 καὶ
3735 358 3884 423 οῦντες

578 441 834 499 Abrahae
864 438 1190 514 perfectum
1219 436 1429 510 fuerat,
1458 436 1670 495 imitati
1694 441 1835 494 sunt
1861 437 1954 494 isti
2018 452 2229 511 perpe-

576 548 707 590 ram
732 548 805 588 ex
834 529 1089 586 Abrahae
1113 527 1337 584 lumbis
1368 530 1425 584 et
1446 526 1745 600 progeniti
1777 532 1835 584 et
1875 528 2177 600 progressi
2210 526 2222 583 l

573 623 854 692 Infensus
869 620 1060 691 igitur
1074 619 1195 688 fuit
1221 619 1378 675 Deus
1406 618 1786 689 generatiom’
1810 616 1942 674 huic
1969 623 2025 676 et
2045 618 2223 674 dixit:

568 710 812 781 Semper
841 710 906 766 hi
931 714 1139 766 errant
1168 707 1345 765 corde
1369 707 1502 778 (47).
1536 709 1826 764 Caeterum
1852 706 2224 764 ethnicorum

566 800 867 873 permistis
896 797 1292 855 multitudinis
1321 796 1488 854 nulla
1511 800 1651 853 tunc
1676 796 1829 853 ratio
1856 795 2065 854 habita
2100 795 2222 852 fue-

565 894 677 946 rat.
709 892 771 945 Et
789 902 932 945 vero
953 887 1266 943 cumidem
1291 888 1448 943 Deus
1472 890 1620 943 esset
1636 886 1984 943 Judavorum
2008 888 2061 943 et
2086 900 2224 956 gen-

566 980 714 1036 tium
746 979 881 1049 (48),
914 981 1119 1051 utpote
1150 976 1491 1033 communis
1543 978 1937 1047 utrorumque
1989 977 2222 1032 creator

566 1074 622 1126 et
642 1068 935 1135 conditor,
965 1072 1020 1124 et
1039 1081 1250 1123 omnes
1269 1081 1455 1138 opera
1478 1080 1773 1123 manuum
1801 1063 1931 1137 ejus
1981 1067 2215 1129 essent;

566 1163 625 1215 at
646 1158 926 1228 gentibus
941 1171 1137 1229 neque
1156 1154 1353 1226 legem
1373 1153 1699 1227 (scriptam)
1723 1152 1989 1221 dederat,
2020 1167 2216 1226 neque

563 1246 888 1320 prophetas
918 1245 997 1302 ad
1026 1261 1129 1302 eos
1154 1245 1420 1314 miserat,
1458 1259 1654 1317 neque
1681 1243 1739 1299 vi
1786 1241 2215 1300 miraculorum

564 1336 644 1393 ad
674 1352 737 1393 se
770 1335 1065 1393 attrahere
1090 1334 1221 1391 illos
1249 1333 1455 1391 voluit.
1519 1337 1777 1406 Equum
1838 1332 2017 1403 igitur
2059 1334 2213 1388 Deus

560 1425 809 1493 censuit,
848 1424 960 1481 hos
987 1439 1231 1496 quoque
1268 1427 1449 1495 atque
1478 1437 1684 1478 eorum
1715 1437 1810 1477 res
1834 1421 2213 1494 providentia

561 1531 671 1571 sua
699 1515 953 1582 visitare,
986 1517 1042 1570 et
1066 1512 1429 1585 experientia
1457 1511 1735 1585 probare,
1760 1526 1840 1569 an
1883 1515 2089 1582 gentes
2127 1511 2210 1568 di-

558 1603 707 1660 vinis
738 1602 1041 1660 mandatis
1073 1602 1472 1675 obsequentes
1505 1617 1569 1659 se
1597 1601 1951 1674 praeberent.
1983 1604 2050 1659 Et
2082 1617 2207 1658 rur-

555 1709 659 1749 sus
686 1699 889 1750 tamen
913 1707 1148 1748 memor
1176 1691 1665 1765 promissionum,
1691 1690 1916 1763 quibus
1946 1706 2008 1747 se
2064 1706 2189 1762 erga

2316 1690 2574 1763 ἐπιφοιτᾷ,
2642 1696 2732 1743 καὶ
2792 1691 2938 1743 ταῦτ’
2989 1687 3162 1759 εἰδὼς,
3235 1692 3301 1751 ὡς

551 1782 920 1855 patriarchas
940 1781 1359 1849 obstrinxerat,
1386 1784 1444 1836 et
1470 1795 1662 1837 semen
1688 1780 1952 1837 Abrahae
1975 1788 2204 1851 (appre-

552 1873 779 1942 hendit)
811 1872 941 1943 (49),
984 1874 1041 1927 et
1079 1870 1231 1927 inter
1302 1869 1539 1926 Judeeos
1595 1873 1866 1926 versatus
1908 1876 2013 1941 est,
2066 1869 2203 1928 licet

547 1965 775 2024 nosset,
800 1977 862 2016 se
892 1960 969 2017 ab
1000 1959 1112 2015 illis
1142 1959 1308 2016 haud
1334 1963 1638 2031 receptum
1686 1958 1776 2015 iri.
1834 1960 2055 2017 Factus
2112 1964 2198 2015 est

543 2051 729 2108 homo
755 2067 767 2107 :
793 2050 1289 2123 conspiciendum
1316 2064 1377 2105 se
1393 2048 1669 2122 praebuit:
1694 2066 1825 2106 cum
1860 2049 2196 2107 hominibus

543 2148 927 2199 conversatus
957 2146 1041 2197 est
1072 2140 1187 2212 (50)
1221 2157 1234 2206 ;
1262 2138 1555 2195 beneﬁcia
1585 2154 1697 2195 sua
1742 2138 1935 2195 instar
1988 2140 2194 2196 fluenti

541 2231 749 2287 effudit
777 2230 838 2286 in
873 2229 1093 2287 Judteaa
1122 2228 1304 2284 totius
1322 2232 1668 2301 conspectu.
1701 2232 1803 2283 Ast
1860 2228 1961 2296 illi,
2020 2229 2195 2302 quasi

540 2320 963 2390 gravissimam
986 2319 1270 2391 injuriam
1289 2318 1474 2390 passi,
1504 2317 1689 2374 livore
1714 2318 1775 2373 in
1796 2333 1937 2374 eum
1958 2334 2193 2375 exarse-

536 2414 693 2476 runt,
722 2413 778 2465 et
807 2424 930 2465 non
960 2423 1133 2464 secus
1156 2423 1227 2465 ac
1246 2406 1533 2478 fragranti
1552 2410 1856 2476 unguento
1902 2407 2191 2464 scarabaei

537 2499 749 2571 solent,
782 2498 1145 2555 salutaribus
1176 2498 1350 2570 aquis
1399 2496 1671 2553 exstincti
1718 2500 1874 2552 sunt.
1918 2497 2190 2554 Tradide-

533 2593 691 2656 runt,
716 2587 1153 2653 cruciﬁxerunt,
1176 2585 1349 2642 morti
1374 2584 1735 2641 addixerunt
1754 2584 2186 2644 henefactorem

535 2692 737 2733 suum.
787 2677 923 2733 Haec
967 2674 1439 2747 longanimitatis
1486 2673 1726 2730 fuerunt
1794 2690 1807 2729 :
1865 2689 2001 2747 qua:
2044 2692 2186 2733 vero

531 2766 859 2839 potestatis,
891 2781 923 2822 e
948 2765 1198 2821 mortuis
1227 2764 1485 2835 resurgit
1517 2780 1529 2819 :
1558 2779 1664 2835 per
1692 2763 2000 2836 apostolos
2045 2781 2183 2822 suos

530 2855 609 2912 ad
639 2862 841 2926 gentes
872 2854 1258 2924 transmigrat
1288 2870 1301 2908 :
1344 2851 1667 2909 effunditur
1720 2853 1783 2908 in
1834 2853 2181 2910 universam

528 2948 747 3001 terram
771 2959 930 3017 aqua
953 2944 1176 3001 saliens
1205 2959 1268 2998 ιη
1316 2946 1501 2999 vitam
1553 2948 1837 2999 aeternam
1884 2943 1993 3012 (51)
2057 2960 2070 3010 ;
2126 2948 2182 3000 et

2337 442 2427 490 καὶ
2479 435 2849 512 ἀνατραφέντις
2881 434 2935 501 ἐξ
2984 434 3172 509 ὀσφύος
3226 435 3485 510 Ἀϐραάμ.
3549 441 3885 513 Προσὼχθισεν

2337 522 2425 579 οὖν
2455 528 2481 579 ὁ
2522 530 2647 589 Θεὸς
2699 535 2760 601 τῇ
2830 532 2977 599 γενιᾲ
3023 524 3209 599 εκείνη,
3270 531 3362 579 καὶ
3396 524 3529 579 εἶπεν
3574 547 3587 560 ’
3639 528 3734 582 Ἀεὶ
3778 528 3885 581 πλα-

2334 625 2522 672 νῶνται
2719 614 2943 693 καρδίᾳ.
3023 623 3132 680 Τῆς
3201 612 3251 669 δ’
3306 615 3506 678 ἔθνικῆς
3566 624 3887 692 πανσπερμίας

2332 712 2448 761 τότε
2476 707 2627 781 λόγος
2679 704 2869 770 οὐδείς.
2925 712 3024 761 Καὶ
3053 710 3155 781 μὴν
3185 709 3352 769 κοινὸς
3380 710 3406 760 ὁ
3464 710 3590 770 Θεὸς
3639 714 3722 762 καὶ
3771 708 3885 763 Ἰου-

2334 793 2496 851 δαίων
2551 801 2642 850 καὶ
2688 796 2864 866 ἐθνῶν,
2923 799 2994 860 ὡς
3031 796 3265 859 πλάστης
3295 801 3385 849 καὶ
3451 793 3779 872 δημιουργὸς,
3810 805 3884 852 καὶ

2329 889 2509 949 πάντες
2560 890 2685 960 ἔργα
2752 894 2945 961 χειρῶν
3029 886 3208 953 αὐτοῦ,
3270 892 3363 940 καὶ
3419 890 3534 939 οὔτι
3591 892 3733 959 νόμον
3799 895 3884 949 τοῖς

2330 977 2524 1030 ἔθνεσιν
2574 973 2784 1046 ἔδωκεν,
2838 979 2955 1030 οὔτε
2998 982 3267 1050 προφήτας
3320 975 3663 1039 ἐξαπέστειλεν
3706 976 3767 1037 εἰς
3807 978 3884 1030 αύ-

2326 1069 2447 1129 τούς
2511 1069 2628 1119 οὔτε
2699 1073 2761 1139 τῇ
2818 1074 2917 1118 τῶν
2977 1067 3252 1138 θαυμάτων
3310 1063 3508 1138 ἀνάγκη
3559 1064 3787 1123 ἠθελησεν
3823 1065 3884 1137 ἐφ’

2328 1156 2506 1210 ἑαυτὸν
2546 1157 2963 1210 ἐπισπάσασθαι.
3018 1152 3362 1209 Ἐδικαίωσιν
3427 1151 3515 1207 οὖν
3586 1161 3742 1227 σκοπῇ
3797 1152 3885 1207 ἑπι-

2328 1245 2627 1318 σκέψασθαι
2675 1250 2771 1306 ,καὶ
2826 1248 2893 1299 τὰ
2964 1246 3079 1298 κατ’
3156 1244 3363 1316 αὐτούς,
3451 1248 3538 1297 καὶ
3607 1252 3782 1315 γνῶναι
3828 1251 3878 1316 τῇ

2323 1340 2497 1411 πείρᾳ,
2542 1335 2585 1387 si
2648 1336 2920 1396 πειθηνίως
2984 1337 3098 1407 ἔχει
3150 1336 3217 1388 τὰ
3273 1336 3393 1393 ἔθνη
3461 1337 3590 1409 πρὸς
3667 1335 3729 1386 τὰ
3791 1334 3881 1386 Otia

2322 1424 2666 1498 κελεύσματα.
2766 1423 2905 1483 Πλὴν
2974 1430 3065 1477 καὶ
3144 1423 3298 1477 πάλιν
3407 1425 3728 1495 μνημονεύων
3805 1431 3881 1483 τῆς

2318 1517 2447 1589 πρός
2497 1518 2613 1575 τούς
2662 1516 2998 1589 πατριάρχας
3061 1512 3391 1585 ἐπαγγελίας,
3470 1517 3560 1565 καὶ
3614 1520 3702 1564 τού
3753 1515 3879 1585 σπέρ-

2316 1622 2482 1674 ματος
2549 1601 2791 1677 Ἀϐραὰμ.
2845 1601 3265 1675 ἕπιλαριϐάνιται,
3327 1606 3419 1654 καὶ
3478 1609 3588 1662 τοῖς
3635 1597 3879 1661 Ἰουδαίοις

3379 1689 3440 1743 ού
3515 1686 3875 1764 παραδίξονται.

2313 1780 2736 1855 Ἐνηνθρὼπησιν
2801 1801 2814 1815 ·
2897 1779 3050 1853 ἐφάνη
3111 1801 3124 1814 ·
3195 1778 3493 1853 ἀνθρώποις
3571 1780 3877 1854 σννανιστρά-

2312 1890 2377 1944 φη
2409 1892 2421 1905 ·
2456 1868 2765 1944 ποταμηδόν
2793 1874 2887 1934 τὰς
2952 1870 3246 1944 εὐεργεσίας
3285 1869 3451 1922 αὐτοῦ
3507 1868 3589 1922 ἐπὶ
3633 1873 3875 1943 πρόσωπον

2306 1969 2401 2024 τῆς
2431 1958 2697 2022 Ἰουδαίας
2728 1961 2948 2033 ἐξέχεεν.
3005 1963 3071 2012 Οἱ
3097 1955 3175 2027 δὲ,
3229 1962 3296 2021 ὡς
3339 1962 3409 2012 τὰ
3445 1963 3664 2033 μέγιστα
3716 1954 3874 2015 ἠδικη-

2306 2056 2469 2124 μένοι,
2522 2061 2595 2124 τῷ
2650 2054 2816 2125 φθόνῳ
2874 2051 3230 2126 ἑνεπυρίζοντο
3280 2072 3293 2085 ο
3346 2056 3439 2104 καὶ
3490 2058 3561 2121 τῷ
3608 2046 3772 2115 ﬁdem,
3819 2051 3874 2109 ὡς

2305 2144 2452 2216 μύρῳ
2492 2144 2539 2194 οἱ
2577 2143 2845 2215 κάνθαροι,
2905 2140 3268 2212 ἀπεπνίγοντο.
3328 2137 3667 2218 Προύδωκαν,
3705 2139 3869 2192 ἐσταύ-

2303 2250 2497 2304 ρωσαν,
2556 2230 2885 2283 ἐθανατὼσαν
2922 2234 3011 2283 τόν
3065 2226 3204 2283 ἴδιον
3256 2231 3548 2305 εὐεργέτην.
3599 2236 3764 2282 Ταῦτα
3818 2229 3870 2279 τὰ

2301 2328 2395 2382 τῆς
2426 2322 2788 2393 μακροθυμίας
2812 2341 2824 2353 ·
2866 2323 2929 2373 τὰ
2959 2316 3018 2373 δὲ
3064 2328 3161 2383 τῆς
3210 2318 3476 2386 ἐξουσίας,
3537 2317 3790 2372 ἀνίσταται
3823 2315 3866 2368 ix

2299 2418 2487 2483 νεκρῶν
2521 2430 2533 2443 ⁸
2575 2409 2871 2482 μεταϐαίνει
2903 2405 2939 2462 δ
2945 2412 2997 2462 ιὰ
3025 2418 3124 2461 τῶν
3152 2408 3458 2462 ἀποστόλων
3491 2408 3572 2461 ἐπὶ
3602 2411 3665 2460 τὰ
3722 2409 3821 2464 ἔθνη
3850 2424 3861 2439 ·

2297 2506 2530 2551 κενούται
2590 2502 2715 2575 πρὸς
2787 2505 2961 2552 πᾶσαν
3018 2503 3111 2557 τὴν
3162 2499 3471 2573 οἰκουμένην
3527 2502 3585 2550 τὸ
3641 2497 3707 2559 εἰς
3749 2497 3863 2557 ζωὴν

2295 2588 2499 2640 αἰώνιον
2568 2588 2844 2661 ἁλλόμονον
2901 2584 3045 2662 ὕδωρ
3088 2608 3100 2621 ο
3156 2590 3222 2641 τὰ
3261 2584 3323 2641 δὲ
3386 2590 3440 2641 ὃν
3493 2592 3676 2661 τρόπον
3717 2586 3865 2639 ἐπιπο-

2297 2677 2430 2735 θιῑή
2491 2674 2673 2749 actaeo;
2704 2676 2785 2731 ἐπὶ
2841 2681 2930 2739 τὰς
2968 2681 3143 2750 πηγὰς
3197 2686 3297 2729 τῶν
3364 2674 3593 2747 ύδοίτων,
3648 2678 3763 2749 πρὸς
3818 2676 3863 2725 τό

2294 2762 2437 2839 ὕδωρ
2483 2775 2572 2819 τού
2605 2766 2808 2839 Σιλωὰμ
2837 2771 2895 2819 τό
2949 2768 3133 2840 ἡσυχῆ
3167 2768 3279 2842 ῥέον
3324 2763 3737 2841 διψητικώτερον
3772 2764 3863 2816 ἑπι-

2292 2856 2531 2912 πόθησαν
2565 2875 2577 2888 ·
2633 2861 2723 2907 καὶ
2771 2854 3005 2915 ἐπλήσθη
3058 2861 3088 2913 ὴ
3143 2859 3413 2929 σύμπασα
3452 2865 3519 2928 γῆ
3560 2862 3648 2908 τοῦ
3701 2862 3860 2925 γνῶναι

2291 2946 2376 2995 τόν
2432 2948 2640 3018 Κύριον.
2692 2952 2855 2998 Τούτο
2938 2947 2967 3003 ἠ
3040 2943 3360 3006 δικαιοσύνη
3423 2954 3574 3001 Θεοῦ.
3633 2945 3759 2999 Ἐπεὶ
3813 2946 3859 2994 τὸ

526 3034 1019 3104 quemadmodum
1056 3032 1353 3089 desiderat
1401 3046 1578 3088 cerva
1627 3031 1705 3085 ad
1750 3032 1948 3100 fontes
1992 3048 2176 3104 aqua-

2300 3033 2456 3108 ἵτερον
2486 3044 2585 3086 τῶν
2624 3034 2739 3086 λίαν
2779 3032 3115 3088 ἀδικωτάτων
3168 3035 3325 3106 ἐστὶν,
3393 3040 3450 3089 τὸ
3504 3034 3690 3089 πολλῶν
3730 3039 3858 3086 ὄντων

524 3138 659 3179 rum
691 3124 823 3194 (32),
854 3122 931 3179 ad
962 3121 1159 3178 undas
1192 3120 1345 3178 Siloe
1374 3120 1581 3176 leniter
1626 3119 1878 3175 ﬂuentes
1926 3120 2175 3178 avidiori

522 3212 615 3268 siti
638 3215 886 3285 (gentes;
909 3211 1416 3267 desideraverunt:
1445 3214 1501 3266 et
1527 3210 1758 3278 repleta
1782 3215 1865 3265 est
1892 3212 2174 3268 universa

520 3308 685 3359 terra
711 3304 958 3359 scientia
987 3302 1228 3357 Domini
1254 3300 1383 3372 (53).
1414 3302 1528 3355 Hoc
1576 3299 1871 3371 disposuit
1926 3300 2027 3355 Dei
2075 3300 2171 3371 ju-

517 3390 689 3447 stitia.
720 3394 870 3448 Nam
897 3390 1074 3470 longe
1102 3389 1217 3447 alia
1240 3389 1555 3445 hominum
1582 3403 1876 3460 perquam
1922 3387 2169 3460 iniquis-

516 3480 809 3536 simorum
853 3479 1147 3535 sententia
1196 3484 1303 3534 est.
1352 3480 1687 3533 Decernunt
1731 3476 1792 3530 hi
1851 3475 2090 3539 scilicet,
2134 3492 2165 3533 e

515 3570 722 3625 multis
744 3568 1025 3624 fratribus
1055 3583 1194 3623 eum
1224 3564 1419 3621 solum
1457 3565 1710 3635 dignum
1727 3580 1879 3632 esse,
1913 3571 2035 3622 uta
2058 3565 2166 3622 Pa~

511 3664 597 3716 tre
622 3658 955 3715 honoribus
987 3656 1340 3725 cumulatur,
1367 3656 1470 3728 qui
1492 3660 1549 3711 et
1594 3662 1940 3720 contumax,
1972 3660 2028 3712 et
2057 3656 2162 3712 du-

511 3763 592 3804 ra;
614 3747 879 3815 cervicis,
912 3751 968 3803 et
994 3745 1291 3818 parricida
1325 3744 1477 3811 fuit;
1547 3743 1812 3816 reliquos
1853 3761 2012 3814 vero,
2059 3746 2164 3818 qui

509 3836 731 3894 nullius
772 3836 1103 3909 iniquitatis
1169 3834 1253 3890 rei
1304 3832 1853 3906 deprehenduntur,
1904 3834 2027 3889 imo
2085 3834 2163 3891 ad

506 3932 763 3984 mortem
795 3941 986 3999 usque
1015 3925 1173 3982 Patri
1197 3924 1449 3996 obsequi
1468 3923 1659 3995 parati
1685 3928 1842 3992 sunt,
1867 3923 1945 3979 ab
1975 3924 2161 3980 luere—

505 4015 685 4073 ditate
711 4012 1383 4090 paternaexcludendos
1420 4028 1570 4070 esse.
1601 4015 1778 4069 Porro
1826 4013 1873 4067 si
1919 4013 2033 4069 hoc
2076 4018 2164 4070 est

2288 3118 2516 3194 ἀδελφῶν
2547 3127 2633 3176 τὸν
2689 3124 3153 3200 σκληροτραχηλον
3192 3132 3349 3191 μόνον
3421 3131 3509 3179 καὶ
3572 3123 3855 3199 πατραλοίαν

2283 3215 2372 3263 καὶ
2403 3210 2586 3272 ἀπειθῆ
2624 3212 2797 3276 ἀξιοῦν
2826 3216 3084 3287 τιμᾶσθαι
3140 3219 3282 3289 παρα
3340 3224 3438 3269 τού
3465 3222 3656 3291 πατρὸς
3705 3234 3715 3248 ·
3755 3216 3852 3271 τοὺς

2282 3295 2340 3351 δὲ
2388 3298 2553 3372 μηδὲν
2606 3299 2951 3369 ἠδικηκότας,
3004 3302 3112 3356 ἀλλ’
3167 3307 3391 3377 ἑτοίμως
3450 3309 3664 3379 ἔχοντας
3710 3309 3849 3379 μέχρι

2282 3389 2501 3442 θανάτου
2559 3393 2826 3444 πείθεσθαι
2872 3401 2944 3463 τῷ
3010 3399 3190 3467 πατρὶ,
3240 3402 3334 3455 τῆς
3406 3395 3735 3470 κληρονομίας
3779 3392 3846 3444 ἐκ-

2276 3476 2571 3534 ϐάλλεσθαι,
2598 3481 2659 3533 Εἰ
2697 3490 2847 3534 τοῦτο
2885 3479 3089 3553 ἄδικον,
3137 3486 3307 3557 ὥσπερ
3353 3482 3446 3537 οὖν
3476 3491 3566 3538 καὶ
3620 3489 3742 3551 ἔστι,
3796 3483 3843 3532 τό

2273 3571 2439 3639 τούτῷ
2469 3568 2810 3642 ἀντικείμενον
2841 3567 3067 3639 δίκαιον,
3108 3578 3200 3625 καὶ
3254 3575 3476 3646 μείζονα
3532 3578 3713 3633 ταύτης
3765 3579 3844 3631 τῆς

2275 3653 2614 3719 δικαιοσύνης
2643 3656 2812 3720 οὐδεὶς
2839 3659 2897 3711 ἂν
2952 3663 3160 3735 εὑρήσει
3213 3665 3355 3717 ποτέ.
3393 3668 3617 3722 Τοιαύτη
3660 3662 3704 3714 ὲν
3748 3666 3841 3719 ταῖς

2273 3746 2491 3818 ἡμέραις
2520 3755 2614 3809 τῆς
2651 3752 2785 3800 κατὰ
2822 3757 2921 3821 γῆν
2968 3747 3247 3823 διατριϐῆς
3294 3761 3391 3803 τοῦ
3444 3750 3566 3826 suo;
3609 3752 3842 3824 Σολομῶν-

2272 3851 2359 3895 τος
2420 3831 2730 3894 δικαιοσύνη
2786 3837 3027 3891 ἀνέτειλεν
3093 3860 3105 3873 ·
3168 3841 3318 3901 οὗτος
3369 3848 3461 3895 καὶ
3531 3840 3842 3898 δικαιοσύνης

2274 3922 2413 3985 ἣλιος
2456 3924 2538 3995 ὑφ’
2593 3925 2763 4000 ἑτέρου
2814 3934 3079 4001 προφήτου
3141 3934 3507 4004 προηγορεύθη
3574 3941 3661 3991 τῆς
3705 3928 3845 3987 αὐτῆς

2273 4013 2416 4064 ἕνεκα
2443 4010 2695 4077 διανοίας.

502 4106 800 4177 iniquum,
822 4106 905 4162 uti
934 4103 1196 4177 profecto
1227 4102 1673 4175 iniquissimum
1709 4107 1817 4171 est,
1874 4102 2050 4171 igitur
2100 4100 2265 4176 quod
2295 4102 2348 4158 ei
2393 4105 2737 4176 opponitur,
2761 4105 2988 4177 justum
3023 4114 3130 4175 est,
3153 4109 3278 4166 imo
3305 4112 3457 4168 nihil
3496 4113 3609 4168 hoc
3637 4106 3845 4181 aequius

498 4194 753 4250 inveniri
806 4208 1078 4266 unquam
1120 4192 1332 4265 poterit
1387 4192 1708 4263 ejusmodi,
1762 4191 2007 4264 quidem
2061 4192 2170 4248 fuit
2201 4191 2449 4262 justitia,
2485 4209 2623 4265 quae
2666 4210 2773 4267 per
2792 4196 3034 4253 eosdies
3064 4204 3196 4255 orla
3233 4204 3322 4256 est
3351 4202 3487 4273 (54),
3521 4201 3757 4274 quando
3786 4200 3838 4256 in

497 4282 667 4339 terris
694 4282 1045 4339 versabatur
1101 4281 1384 4338 Salomon
1425 4296 1595 4337 meus
1629 4299 1642 4349 ;
1698 4285 1879 4353 atque
1934 4280 2147 4336 eadem
2177 4282 2251 4337 de
2268 4298 2453 4339 causa
2471 4283 2601 4354 jam
2624 4290 2801 4340 antea
2830 4285 2907 4343 ab
2925 4288 3040 4343 alio
3063 4287 3359 4360 propheta
3383 4292 3495 4363 (55)
3523 4292 3617 4349 hic
3646 4289 3840 4366 appel-

496 4371 651 4428 latus
677 4375 768 4428 est
796 4373 881 4427 sol
894 4371 1170 4442 ,Ῑιιεείιίιςιξ⁸

568 4464 713 4518 XXX.
748 4459 901 4526 Quid
938 4459 1136 4517 adhuc
1161 4458 1474 4531 (postulas)
1505 4460 1534 4516 ?
1579 4456 1884 4516 Salomoni
1916 4457 2152 4530 (inquit)
2188 4461 2231 4516 D

496 4550 781 4609 divinitus
812 4548 1028 4605 collata
1057 4548 1354 4620 sapientia
1383 4547 1507 4603 fuit.

568 4644 698 4699 Esto
731 4658 745 4710 ;
775 4639 882 4697 sed
902 4643 957 4696 et
986 4638 1272 4696 terrestris
1300 4637 1620 4711 paradisus
1658 4654 1694 4695 a
1750 4641 1866 4694 Deo
1920 4636 2146 4710 planta-

493 4736 587 4789 tus
614 4731 742 4803 fuit,
788 4735 844 4788 et
898 4727 1163 4804 paradisi
1212 4727 1491 4784 divinitus
1547 4725 1797 4799 plantati
1848 4727 2147 4784 habitator

488 4824 681 4880 Adam
712 4822 842 4896 ipse
867 4836 1111 4894 quoque
1144 4836 1179 4876 a
1208 4821 1329 4876 Deo
1359 4817 1636 4874 conditus
1666 4823 1755 4874 est
1788 4818 1951 4890 :ipse
1996 4834 2145 4891 quo-

487 4927 606 4984 que
635 4911 918 4971 divinitus
938 4909 1235 4983 sapientia
1272 4907 1499 4964 ditatus
1521 4907 1646 4979 fuit,
1674 4907 1858 4981 idque
1924 4913 2142 4964 testan-

485 5005 579 5059 tur
608 5000 935 5073 aptissimee
956 4998 1425 5071 significationes
1452 4998 1788 5070 nominum,
1831 5013 1965 5070 qua:
1997 5012 2140 5055 sane

556 5199 841 5271 (‘57)Psal.
875 5213 1026 5266 xcw,
1059 5200 1142 5267 19,
1176 5211 1294 5256 sec.
1324 5196 1477 5253 LXX.

550 5274 664 5341 (48)
698 5274 864 5327 Rom.
902 5286 981 5333 Ill,
1014 5274 1103 5326 29.

548 5347 657 5415 (49)
683 5342 831 5399 Heb.
854 5357 912 5409 ιι,
946 5346 1028 5397 t6.

545 5410 657 5487 (51))
694 5415 817 5487 Bar.
854 5429 932 5484 ιιι,
959 5416 1046 5484 38,
1078 5410 1184 5468 sed
1208 5411 1374 5485 apud
1405 5413 1554 5485 LXX,
1583 5421 1640 5471 v.
1665 5417 1751 5470 37.

542 5485 658 5557 (iit)
692 5485 969 5554 Joan.1v,
1001 5488 1054 5541 4.

539 5564 654 5635 (52)
683 5557 993 5631 Psal.x1.u,
1026 5561 1074 5629 l,
1103 5572 1220 5616 sec.
1250 5558 1400 5617 LXX.

2372 4461 2453 4518 A'.
2487 4466 2549 4515 Τί
2579 4464 2684 4532 in;
2710 4460 3004 4528 Θιόσδοτος
3038 4468 3064 4527 ἡ
3092 4472 3249 4540 σοφία
3285 4476 3377 4521 τού
3411 4470 3742 4544 Σολομῶντος.

2336 4637 2487 4693 Ἀλλὰ
2534 4646 2623 4693 καὶ
2663 4639 3059 4717 όπαράδεισος,
3106 4648 3439 4721 θεοφύτιυτος
3479 4656 3567 4703 καὶ
3612 4658 3697 4703 τοῦ
3745 4641 3833 4700 θεοί

2259 4732 2509 4800 φυτεύτου
2554 4734 2738 4784 τούτου
2788 4730 3117 4797 ἐνδιαιτητὴς
3164 4738 3275 4809 (56)
3300 4740 3325 4789 ὁ
3357 4736 3553 4812 Ἀδὰμ,
3587 4745 3671 4791 καὶ
3707 4737 3834 4794 οὗτος

2259 4819 2558 4881 θεόκτιστος
2581 4840 2594 4853 ν
2632 4825 2722 4873 καὶ
2771 4818 2922 4885 οὗτος
2961 4826 3227 4897 θεόσοφος,
3274 4833 3363 4880 καὶ
3416 4836 3759 4902 μαρτυροῦσιν
3787 4826 3833 4876 αἱ

2255 4907 2566 4967 κατάλληλοι
2646 4916 2910 4983 σηιαασίαι
2963 4923 3060 4965 τῶν
3125 4915 3377 4986 κλήσεων,
3453 4920 3618 4992 οἷο-περ
3682 4918 3833 4968 ἅπασι

2250 5004 2357 5059 τοῖς
2387 4998 2540 5061 ζώοις
2578 4997 2625 5051 ἒν
2675 4998 2983 5075 παραδείσῳ
3035 5010 3424 5080 προσήρμοσεν.
3470 5007 3604 5061 Ἀλλ’
3664 5005 3705 5058 εἰ
3755 5006 3831 5055 καὶ

2321 5197 2431 5265 (53)
2453 5194 2567 5252 Isa.
2598 5214 2679 5266 x1,
2702 5201 2755 5253 9.

2342 5271 2430 5336 54)
2456 5269 2668 5340 lsa.x1.
2694 5287 2745 5340 v‘
2778 5273 2829 5325 8.

2339 5341 2425 5408 35)
2456 5339 2697 5397 Malach.
2727 5339 2802 5403 iv,
2842 5347 2860 5397 1
2900 5358 2912 5397 :
2946 5343 3022 5398 Et
3044 5345 3273 5402 orietur
3306 5346 3478 5413 vobis,
3508 5343 3824 5404 timentibus

2243 5426 2454 5466 nomen
2484 5428 2720 5482 meum,_
2739 5414 2829 5468 sol
2848 5415 3119 5482 ιῙιιιςιίιίίιν.

2312 5485 2424 5555 (56)
2461 5482 2605 5542 Cod.
2640 5480 3042 5551 ἐνδιατητητής.
