4096 6208
217 299 324 364 ³713
1331 290 1403 360 IN
1439 289 2064 361 ΑΝΝΙῘΝΤῘΑΤΙΟΝΕΜ
2100 300 2170 361 Β.
2209 300 2470 363 ΜΑΒΙιΕ.
2584 301 2587 304 ’
3473 298 3582 368 7ίᾶ

197 431 265 483 τὰ
317 434 499 506 πρῶτα
550 429 900 502 μακαριστέα,
941 423 1007 480 τεὶ
1052 442 1112 498 γε
1171 429 1275 499 μὴν
1315 421 1536 500 δεύτερα
1585 425 1794 480 ταλανι-

1962 441 2038 483 μεθ
2059 425 2120 483 in
2144 426 2432 500 paradiso
2458 428 2754 487 universis
2775 428 3188 486 animantibus
3214 431 3579 490 convenien-

200 523 344 587 στέα,
383 523 475 571 καὶ
511 518 578 570 τὰ
614 525 707 580 τῆς
756 516 996 590 εὐλογίας
1043 517 1478 590 μετεστράφησαν
1521 515 1595 578 εἰς
1643 518 1807 569 κατά-

1964 532 2003 571 :r
2036 515 2342 589 imposuit.
2375 519 2592 575 Verum
2642 518 2691 574 si
2737 519 2935 592 prima
2961 519 3090 576 haec
3145 521 3229 577 uti
3277 520 3581 580 fortunata

195 629 292 685 ραν
331 605 428 662 διὰ
459 609 547 660 τὸν
585 611 697 680 ὅφιν
745 611 837 660 καὶ
885 611 981 666 τήν
1037 613 1281 679 γυναῖκα.
1321 604 1380 658 Ὀ
1424 609 1515 679 μὶν
1556 608 1658 680 γὰρ
1698 606 1806 659 εἰσ.

1963 604 2224 663 ιιιᾶειιιάε.
2253 609 2412 673 sunt,
2443 607 2752 664 enimvero
2783 613 2848 665 ut
2889 608 3063 665 valde
3089 625 3438 666 aerumnosa
3477 611 3580 668 de-

197 702 442 770 ηγήσατο
497 701 592 756 τὴν
651 695 970 750 πολυθεῖανο
1039 695 1260 750 Ἐσεσθε
1311 697 1434 768 γὰρ,
1487 701 1668 770 φησὶν,
1735 697 1804 760 ὡς

1962 693 2212 751 [oranda
2257 703 2398 751 sunt
2442 696 2795 769 posteriora,
2829 713 2900 754 ac
2945 697 3382 755 benedictionis
3421 699 3579 755 illius

200 789 304 841 θεοί
333 807 351 824 ο
389 788 422 846 ἡ
462 783 522 840 δί
550 793 650 839 τῶν
685 786 1005 860 εἰσηγήσεσυν
1055 782 1299 848 διάκονος
1335 789 1467 859 πρὸς
1514 782 1686 856 ἄνδρα
1721 803 1806 857 γι-

1963 779 2180 840 )ηάἱῐὶο
2218 783 2280 840 in
2318 784 2805 843 maledictionem
2835 791 3082 860 propter
3125 791 3464 861 serpentem
3495 793 3580 844 at-

193 880 432 950 γένηται.
494 880 596 930 Καὶ
658 876 686 928 6
753 872 1005 950 βασιλεὺς
1062 884 1163 928 τῶν
1239 873 1474 947 ἓπιγιίων
1541 873 1800 947 ἁπάντων,

1964 887 2033 928 ue
2061 872 2376 930 mulierem
2411 890 2706 933 conversa
2736 880 2842 932 est.
2879 878 3028 933 Nam
3057 892 3304 950 serpens
3331 877 3581 950 quidem

193 967 418 1040 γυμνὸς,
467 963 828 1038 αἰχμάλωτος,
866 964 1065 1032 ἄθλιος,
1126 971 1220 1018 τοῦ
1269 960 1601 1039 παραδείσου
1639 964 1804 1039 ὑπερ-

1960 976 2169 1020 eorum
2216 962 2442 1022 invexit
2497 965 2966 1038 multitudinem,
3024 965 3317 1038 quoniam
3369 965 3577 1025 dixit:

194 1056 452 1130 ορίςεται.

1964 1050 2109 1108 {ritis
2129 1053 2282 1110 sicut
2314 1053 2399 1110 dii
2425 1055 2579 1128 (57);
2611 1053 2827 1112 mulier
2865 1059 3067 1113 autem
3098 1055 3401 1113 malorum
3439 1058 3581 1128 (ser-

191 1145 422 1219 petitis)
459 1143 854 1203 consiliorum
881 1141 1239 1202 administra
1266 1141 1433 1217 apud
1464 1142 1663 1201 virum
1707 1140 1867 1198 facta
1905 1143 2014 1197 est.
2061 1141 2208 1198 Hinc
2245 1158 2350 1200 rex
2397 1143 2494 1201 ille
2535 1143 2972 1217 universorum,
3016 1161 3151 1218 quae
3195 1150 3367 1202 erant
3397 1160 3580 1218 super

191 1239 439 1308 terram,
460 1233 687 1301 nudus,
711 1233 1005 1306 captivus,
1030 1231 1386 1290 miserabilis
1407 1249 1440 1291 e
1470 1232 1756 1308 paradiso
1785 1228 2118 1302 expellitur.

257 1329 354 1384 Μὴ
413 1325 472 1378 τὸ
509 1326 645 1377 κατὰ
681 1326 768 1376 τὸν
818 1321 1122 1397 Σολομῶντα
1173 1318 1356 1397 δρᾶμα
1411 1332 1507 1397 τῆς
1539 1325 1676 1376 κατὰ
1721 1323 1808 1374 τὸν

1990 1319 2292 1396 Numquid
2313 1337 2437 1380 non
2461 1321 2604 1381 Adae
2646 1323 2834 1381 ruinae
2860 1339 2972 1398 par
2992 1321 3292 1383 invenitur
3313 1323 3581 1383 Salomoo

209 1409 377 1486 Λδάμ
435 1410 638 1475 ἀπάτης
703 1410 956 1482 ﬁnietur;
1019 1417 1107 1471 Μὴ
1163 1414 1232 1466 τὰ
1294 1415 1430 1466 κατὰ
1489 1416 1578 1490 re»
1637 1407 1811 1484 Ἀδὰμ

1967 1408 2016 1466 is
2050 1411 2384 1482 tragoedia?
2426 1413 2705 1485 Nunquid
2733 1429 2856 1470 non
2883 1410 3167 1471 simillimi
3204 1415 3348 1472 Adae
3378 1431 3449 1471 ac
3481 1418 3582 1473 Sac

193 1499 531 1561 ὃοιατσὶλληλα
563 1504 696 1576 πρὸς
747 1506 834 1555 τὸν
890 1501 1238 1578 Σολομῶντας
1290 1508 1402 1555 Τῶν
1445 1499 1602 1579 suae
1641 1519 1810 1573 χαρι-

1958 1499 2180 1556 )monis
2202 1501 2419 1558 casus?
2435 1501 2628 1558 Ambo
2644 1500 2862 1558 divinis
2883 1501 3238 1560 muneribus
3256 1502 3575 1573 cumulati;

194 1589 410 1666 σμάτωυ
463 1590 681 1668 πλήρεις
731 1584 1008 1666 ἀμφότεροι
1039 1608 1052 1622 ⁸
1102 1595 1234 1664 γυνη
1294 1596 1384 1645 καὶ
1414 1593 1529 1664 ὄφις
1589 1596 1676 1643 καὶ
1717 1608 1809 1643 πο-

1964 1589 2135 1646 tulier
2161 1596 2220 1647 et
2250 1607 2496 1664 serpens
2527 1597 2581 1649 et
2611 1591 2865 1649 deorum
2909 1590 3229 1650 multitudo
3267 1599 3508 1650 nostros
3543 1610 3581 1650 a

190 1680 378 1735 λυθεία
417 1679 829 1754 ἁπαλλοτριοῡσι
879 1688 972 1734 τοῦ
1024 1687 1158 1734 Θεοῦ
1214 1684 1336 1742 τοὺς
1529 1682 1807 1753 ἡμιτέρους

1963 1692 2040 1733 eo
2061 1678 2290 1750 primos
2318 1685 2598 1751 parentes
2621 1679 2913 1737 alienant:
2944 1679 3180 1748 eadem,
3211 1694 3349 1756 quae
3371 1678 3580 1754 primis

191 1766 534 1846 προπάτορας
569 1784 582 1799 ·
652 1771 972 1822 ταυτοπαθιί
1047 1777 1158 1831 τοῖς
1217 1771 1552 1844 προπάτορσι
1622 1773 1711 1820 καὶ
1781 1768 1808 1819 6

1960 1766 2294 1834 arentibus,
2323 1773 2380 1824 et
2407 1767 2611 1841 nepoti
2653 1768 2982 1826 obveniunt
3026 1768 3204 1838 mala,
3230 1751 3577 1843 iisdemque

191 1855 455 1932 ἀπόγονος
505 1863 597 1911 καὶ
643 1857 744 1911 ὑπὸ
783 1865 882 1910 τῶν
931 1859 1121 1930 ὁμοίων
1175 1857 1466 1914 ἁλίσκεται.
1500 1858 1642 1912 Ἐπεὶ
1688 1854 1808 1908 κᾶν·

1963 1855 2149 1927 Lqueis
2180 1857 2276 1912 hic
2304 1856 2710 1928 prehenditur.
2743 1860 2891 1914 Nam
2921 1858 3103 1914 etiam
3133 1859 3231 1915 hic
3265 1859 3580 1928 suasiones

188 1949 370 2001 ταῦθα
461 1944 730 2020 συμϐουλὴ
811 1955 1091 2019 γυναικῶν,
1157 1952 1248 2000 καὶ
1331 1951 1458 2023 πρὸς
1531 1945 1805 2000 πολυθιῖαν

1958 1943 2260 2010 lulierum,
2297 1951 2354 2000 et
2377 1945 2456 2001 ad
2501 1945 2980 2018 polytheismum
3023 1947 3370 2014 conversio;
3411 1952 3469 2003 et
3497 1963 3575 2002 ne

190 2042 534 2112 παρατροπή
571 2051 586 2067 ο
639 2041 728 2090 καὶ
780 2033 904 2089 οὕδὶ
955 2039 1066 2109 ὄφις
1117 2038 1308 2090 ἄπεστι
1359 2034 1805 2109 κακοσύμϐουλος.

1964 2048 2165 2104 arpens
2189 2033 2438 2106 quidem
2465 2033 2634 2089 deest
2660 2033 2804 2089 mali
2826 2041 3036 2090 auctor
3058 2033 3307 2090 consilii.
3345 2035 3410 2091 ld
3446 2051 3581 2092 sen-

187 2132 362 2182 Τοῦτο
403 2121 545 2178 οἶδεν
587 2126 614 2178 6
659 2127 927 2187 πεπονθὼς
960 2147 972 2158 ·
1016 2123 1210 2178 ἐκείνου
1249 2128 1349 2202 γὰρ
1380 2126 1536 2198 λόγος
1572 2129 1652 2191 τὸ,
1707 2131 1804 2178 Κα-

1962 2120 1994 2177 it
2021 2125 2076 2177 et
2095 2120 2212 2190 ille,
2245 2121 2349 2193 qui
2379 2121 2596 2177 horum
2631 2123 2929 2178 malorum
2971 2124 3270 2194 particeps
3302 2121 3451 2191 fuit;
3485 2122 3579 2196 ip-

195 2217 496 2289 θαιροῦντα
555 2218 792 2290 φραγμὸν
841 2211 1060 2276 δήξεται
1118 2219 1276 2288 ὄφις·
1340 2235 1413 2277 εις
1463 2219 1700 2290 φραγμὸν
1749 2209 1810 2266 δέ

1962 2211 2042 2264 ius
2067 2209 2228 2266 enim
2261 2225 2374 2266 vox
2394 2209 2495 2266 illa
2515 2216 2603 2266 est
2633 2227 2645 2265 :
2673 2211 2785 2278 Qui
2813 2212 3068 2281 dissipat
3102 2227 3318 2282 sepem,
3349 2211 3579 2268 morde-

191 2325 287 2380 μοι
315 2307 342 2358 6
382 2308 480 2368 τὰς
517 2304 624 2358 imi
653 2303 765 2366 ταῖς
791 2303 1090 2377 ἀλλοφύλοις
1134 2305 1401 2378 ἐπιμιξίας
1452 2304 1808 2376 ἀποτειχίζων

1963 2298 2002 2353 it
2022 2313 2154 2354 eum
2185 2299 2432 2354 coluber
2459 2299 2594 2370 (59).
2609 2300 2789 2370 Sepes
2819 2305 3020 2355 autem
3041 2299 3158 2368 hic,
3174 2315 3310 2355 mea
3330 2299 3580 2372 quidem

191 2401 356 2469 νόμος
409 2394 706 2458 ἑξείληπται
737 2411 751 2426 ·
807 2399 897 2448 καὶ
927 2399 1021 2453 τὴν
1063 2393 1264 2455 ἀπάτην
1317 2394 1566 2453 ταύτηνό
1625 2397 1808 2457 νοητὸς

1965 2387 2230 2453 antentia,
2261 2403 2372 2461 pro
2425 2387 2557 2458 lege
2601 2387 2911 2461 accipitur.
2956 2405 3093 2461 quae
3131 2389 3319 2445 instar
3349 2388 3506 2444 muri
3544 2403 3582 2444 a

193 2489 504 2558 γεγέννηκεν
529 2488 659 2557 ὄφις.

1965 2476 2307 2532 ermistione
2338 2494 2478 2532 cum
2511 2477 2862 2534 mulieribus
2892 2477 3241 2548 alienigenis
3299 2476 3578 2542 arcebat;

1921 2565 2153 2622 ethanc
2174 2581 2420 2640 quoque
2452 2571 2696 2622 ruinam
2727 2565 3006 2639 spiritalis
3041 2583 3288 2638 serpens
3313 2565 3571 2638 peperit.

273 2661 405 2736 Λᾼ’.
464 2663 644 2716 Ταῦτά
703 2679 786 2715 σοι
850 2668 924 2734 τῷ
998 2660 1369 2736 πεπλανημένῳ
1429 2659 1670 2735 Ἰουδαίῳ
1720 2667 1810 2716 καὶ

1992 2655 2168 2711 XXXI.
2209 2661 2403 2728 Atque
2432 2654 2560 2711 haec
2593 2671 2788 2728 pauca
2828 2671 2859 2713 e
2899 2655 3102 2712 multis
3134 2654 3258 2725 tibi,
3291 2671 3328 2711 o
3355 2653 3580 2723 Iudaee,

201 2726 638 2828 σκληιρογνὼμονι
689 2751 746 2804 ἐκ
775 2760 876 2804 τῶν
906 2751 1103 2804 πολλῶν
1140 2751 1311 2824 ὀλίγα.
1356 2748 1496 2806 Οὐδὲ
1541 2757 1642 2828 γὰρ
1685 2773 1812 2825 συγ-

1964 2743 2225 2800 berranti
2275 2726 2331 2801 et
2377 2745 2439 2800 in
2495 2726 2692 2802 errore
2741 2746 3122 2818 pervicaciter
3172 2743 3581 2818 perseveranti

197 2851 373 2918 χωρεί
429 2849 545 2904 ταῖς
604 2840 966 2916 ἀντιρρήσεσιν
1022 2843 1436 2915 ἐμπλατύνισθαι
1475 2844 1505 2900 ἠ
1553 2840 1814 2896 ἐνεστώσα

1966 2833 2083 2890 icta
2110 2833 2350 2891 fuerint.
2393 2836 2597 2906 Neque
2623 2835 2784 2892 enim
2814 2833 3188 2904 longioribus
3214 2831 3583 2889 refutationi-

198 2937 515 3005 πανήγυρις.
580 2935 857 2983 Δικανικοῦ
930 2932 1031 3004 γὰρ
1097 2933 1153 2983 τὸ
1230 2926 1618 3005 σφοδρύνεσθαι
1678 2933 1814 2984 κατὰ

1967 2938 2039 2978 us
2078 2922 2367 2988 insistere,
2399 2939 2537 2994 qua:
2568 2939 2730 2979 nunc
2763 2921 3095 2979 celebratur
3127 2921 3435 2990 festivitas,
3479 2935 3583 2992 pa-

197 3029 304 3073 τῶν
359 3019 748 3092 ἀντιλεγόντων,
816 3024 908 3072 καὶ
972 3021 1090 3082 ταῖς
1146 3018 1468 3074 ἀντιθέοισιν
1528 3018 1810 3094 ἀντιπαρα-

1963 3016 2081 3068 tur.
2109 3014 2172 3067 Et
2192 3011 2480 3068 causidici
2511 3013 2756 3084 quidem
2789 3011 2981 3083 fuerit,
3015 3011 3306 3068 adversus
3338 3015 3580 3066 contra-

195 3111 510 3163 τάττεσθαι.
565 3114 970 3184 Πανηγυριστοῦ
1001 3105 1060 3162 δὲ
1101 3111 1158 3161 τὸ
1208 3108 1482 3184 ῥυθμίζειν
1519 3113 1576 3161 τὸ
1637 3109 1812 3162 ἐπιθυο

1964 3101 2186 3156 iccntes
2237 3100 2652 3156 vehementius
2681 3099 3064 3169 contendere,
3113 3106 3291 3172 atque
3339 3097 3581 3169 objecta

195 3205 334 3272 μοῦν
377 3205 476 3260 τῆς
522 3197 710 3270 ψυχῆς
761 3205 879 3259 ταῖς
934 3197 1222 3274 εἰρηνικαῖς
1266 3197 1654 3265 καταστάσεσι,
1685 3197 1812 3252 κάπὶ

1962 3189 2206 3246 efellere.
2225 3190 2579 3261 Panegyrim
2604 3205 2744 3245 vero
2765 3187 3121 3245 celebrantis
3141 3188 3336 3258 magis
3356 3204 3579 3244 munus

195 3291 258 3341 τὸ
317 3286 592 3359 ἀτάραχον
621 3290 712 3339 καὶ
755 3285 1014 3339 ἀθόλωτον
1066 3289 1388 3360 κατάστημα
1439 3296 1535 3348 τῆς
1590 3283 1812 3360 καρδίας

1966 3282 2013 3334 st
2046 3277 2230 3334 animi
2259 3283 2459 3334 motus
2485 3277 2565 3334 ad
2597 3276 2982 3349 tranquillum
3031 3275 3304 3333 ordinem
3337 3292 3583 3348 compo-

197 3383 301 3438 τὴν
341 3377 541 3454 ἰόρτιον
597 3374 792 3436 ἡδονὴν
844 3377 1146 3451 θαλαμεύειν
1188 3377 1637 3453 ἀστενοχώρητον.
1678 3377 1814 3432 Ἀλλ’

1970 3381 2085 3433 ere,
2113 3372 2169 3422 et
2193 3365 2406 3422 exinde
2429 3365 2490 3420 in
2522 3363 2726 3432 corda,
2757 3381 2894 3437 quae
2925 3380 3137 3421 serena
3165 3381 3237 3422 ac
3261 3363 3585 3437 tranquilla

199 3469 355 3522 οὗτοι
379 3470 472 3540 μὶν
495 3470 545 3520 οἱ
584 3469 957 3542 χριστομάχοι
980 3470 1128 3544 θῆρες
1165 3469 1518 3540 οἰχέσθωσαν,
1543 3474 1632 3521 καὶ
1656 3487 1816 3526 κατη-

1964 3471 2074 3512 ace
2103 3453 2395 3525 fruantur,
2409 3453 2914 3525 jucundissimam
2938 3454 3222 3512 inducere
3248 3453 3581 3511 festivitatis

201 3560 469 3630 σχυμένοι
501 3559 830 3628 φευγέτωσαν
862 3573 875 3586 ·
934 3561 1033 3610 Καὶ
1063 3559 1334 3629 γενηθήτω
1386 3559 1415 3615 ἡ
1479 3553 1598 3618 ὁδὸς
1645 3557 1814 3609 αὐτῶν

1966 3543 2315 3616 oluptatem.
2349 3542 2464 3600 Sed
2496 3542 2718 3599 abeant
2747 3560 2892 3600 sane
2923 3542 3138 3601 bellum
3183 3544 3310 3600 ista:
3353 3543 3583 3601 Christo

205 3649 395 3706 σκότος
451 3649 542 3697 καὶ
595 3644 859 3718 ὀλίσθημα
891 3667 904 3679 ο
951 3651 1040 3698 καὶ
1070 3646 1284 3718 ἄγγελος
1325 3652 1518 3720 Κυρίου
1549 3643 1813 3699 καταδιω-

1966 3631 2188 3702 ifensae,
2223 3637 2279 3688 et
2319 3633 2549 3704 pudore
2573 3632 2783 3688 suffusi
2823 3632 3172 3701 discedant;
3205 3632 3462 3704 Fiatque
3486 3634 3583 3688 via

203 3739 340 3788 κέτω
371 3734 578 3805 αὐτοὺς,
603 3735 630 3785 6
660 3736 726 3786 τὰ
763 3735 1038 3806 εὐαγγέλια
1066 3737 1295 3808 κομίζων
1321 3743 1382 3808 τῇ
1419 3737 1764 3808 Ἀειωαρθένῳ
1798 3751 1812 3765 ο

1965 3722 2169 3778 {lorum
2201 3721 2473 3786 tenebrw,
2509 3728 2561 3777 et
2598 3721 2938 3778 lubricum:
2968 3728 3021 3778 et
3053 3727 3457 3793 persequatur
3491 3735 3582 3776 eos

203 3826 355 3897 ἡμῶν
381 3819 442 3877 δί
473 3823 621 3884 οὗτος
651 3826 1072 3900 προπορευέσθω,
1114 3830 1204 3878 καὶ
1233 3825 1306 3887 εἰς
1339 3829 1510 3879 αἶσιον
1541 3826 1680 3887 τέλος
1726 3829 1814 3878 τὸν

1969 3812 2174 3883 ngelus
2214 3812 2457 3868 Domini
2481 3813 2611 3884 (6t),
2641 3811 2746 3884 qui
2776 3811 2915 3868 felix
2963 3813 3243 3869 nuntium
3272 3811 3351 3868 ad
3377 3826 3586 3884 perpe-

202 3911 356 3984 λόγον
385 3912 554 3983 ἀγέτω
585 3932 598 3947 ο
632 3908 750 3966 εἶεν.

1964 3916 2091 3957 1am
2144 3899 2304 3956 illam
2337 3901 2638 3971 Virginem
2690 3899 2921 3957 defert:
2971 3901 3100 3973 ipse
3149 3905 3354 3956 autem
3404 3898 3581 3954 nobis

1922 3995 2165 4063 praeeat,
2198 3995 2254 4046 et
2283 3989 2617 4046 orationem
2665 3994 2936 4046 nostram
2982 3990 3063 4046 ad
3091 3988 3324 4046 felicem
3355 3988 3584 4045 exitum

1922 4078 2237 4151 perducat.
2278 4083 2359 4134 Ac
2388 4077 2462 4134 de
2491 4078 2586 4134 his
2615 4078 2927 4134 hactenus.

281 4174 400 4229 AB‘.
451 4173 589 4229 Ἀλλ’
647 4175 750 4248 ὁρῶ
802 4179 1118 4250 προφητικὸν
1156 4180 1320 4253 χορὸν
1359 4175 1696 4251 ὁμοθυμαδὸν
1750 4190 1809 4254 τῇ

1994 4169 2193 4224 XXXII.
2228 4172 2299 4222 At
2321 4183 2458 4222 ecce
2492 4167 2837 4223 universum
2868 4167 3122 4225 chorum
3150 4168 3584 4242 prophetarum

212 4267 504 4338 πανηγύρει
567 4267 924 4338 συντρέχοντα
989 4270 1325 4338 γεγανωμένῳ
1389 4274 1651 4341 προσώπῳ
1725 4274 1815 4321 καὶ

1969 4257 2119 4330 ideo,
2153 4257 2232 4314 ad
2278 4257 2436 4312 hanc
2489 4255 2892 4314 celebritatem
2939 4257 3076 4314 ltBlO
3130 4275 3200 4316 ac
3248 4261 3586 4322 subridenti

211 4350 506 4425 μειδιῶντι,
537 4358 628 4405 καὶ
669 4351 882 4425 βίϐλους
940 4354 1270 4425 ὑπαγκαλονς
1325 4354 1683 4429 βαστάζοντα,
1723 4364 1813 4412 καὶ

1969 4346 2094 4402 ultu
2143 4361 2264 4402 una
2309 4344 2485 4402 simul
2515 4362 2726 4402 omnes
2756 4353 3160 4414 accurrentes,
3200 4348 3386 4407 libros
3427 4351 3585 4412 ulnis

210 4441 426 4514 ἕτοίμως
483 4445 673 4515 ἔχοντυ
727 4451 800 4514 τῷ
856 4441 1252 4518 ἓσφραγισμένῳ
1302 4453 1395 4497 τοῦ
1449 4453 1583 4500 Θεοῦ
1623 4447 1810 4522 βιϐλίῳ

1966 4439 2615 4508 estantes,paratosque
2641 4433 3030 4505 obsignatum
3049 4437 3215 4494 illum
3242 4440 3338 4495 Dei
3362 4441 3583 4499 librum

212 4529 316 4584 ἀπὸ
358 4529 550 4604 βίϐλου
599 4529 954 4605 προσομιλειν.
1012 4539 1285 4608 Χοραρχεῖ
1341 4529 1400 4586 δὲ
1447 4544 1540 4597 τῆς
1597 4540 1818 4610 πανεγύ-

1964 4541 2034 4582 sc.
2055 4530 2328 4581 sanctam
2353 4523 2676 4594 Virginem)
2695 4539 2726 4579 e
2753 4525 2875 4580 suis
2898 4525 3306 4584 voluminibus
3331 4530 3581 4604 alloqui.

210 4637 336 4695 ρεως
389 4621 415 4672 6
467 4626 719 4692 Μωῡσῆς,
771 4620 864 4674 οὐκ
903 4623 981 4674 ἔτι
1025 4621 1315 4694 μογιλαλῶν
1354 4623 1494 4695 (60),
1534 4627 1708 4699 ὥσπερ
1761 4631 1818 4681 τὸ

1962 4615 2125 4672 nhac
2151 4629 2329 4686 porro
2355 4611 2692 4669 celebritate
2713 4611 2941 4686 primas
2967 4615 3088 4684 agit
3105 4624 3303 4687 partes
3331 4622 3579 4692 Moyses,

214 4713 486 4787 πρότιρον,
514 4713 581 4772 ὡς
609 4708 658 4762 ἐν
695 4718 757 4784 τῇ
817 4709 1034 4783 γλώσσῃ
1087 4709 1370 4784 βαστάζων
1414 4717 1472 4766 τὸ
1523 4713 1664 4789 βαρύ
1705 4737 1823 4792 φορ-

1967 4719 2056 4760 .on
2085 4702 2363 4776 amplius,
2414 4706 2479 4757 ut
2508 4701 2672 4768 olim,
2719 4717 2821 4757 ore
2863 4702 3071 4769 blaeso,
3123 4705 3347 4777 quippe
3390 4708 3492 4778 qui
3523 4709 3584 4764 in

211 4802 320 4851 τίον
376 4805 471 4850 τοῦ
528 4801 709 4872 νόμου,
772 4797 899 4851 ἀλλά
945 4803 1295 4874 τετρανωμένῃ
1351 4801 1551 4876 γλώττῃ
1607 4805 1824 4877 φθεγγό-

1966 4816 2138 4873 .ngua
2158 4815 2340 4871 grave
2359 4799 2508 4871 legis
2545 4815 2702 4857 onus
2729 4798 2977 4862 terebat,
3006 4801 3112 4856 sed
3139 4802 3583 4874 expeditissime

214 4905 384 4960 μενος.
446 4888 732 4960 Φθίγγεται
765 4884 826 4942 δὲ
863 4893 953 4957 τί;
989 4889 1262 4964 Παρελθὼν
1301 4890 1499 4964 ὄψομαι
1554 4897 1612 4945 τὸ
1653 4895 1825 4968 ὅραμα

1968 4905 2205 4963 )quens.
2263 4889 2418 4956 Quid
2472 4903 2654 4962 porro
2691 4887 2962 4945 clamat?
3019 4891 3338 4947 Transiens
3379 4893 3585 4950 videbo

215 4980 276 5032 τὸ
337 4979 480 5051 μέγα
526 4985 702 5048 τοῦτο,
757 4982 813 5032 τί
862 4980 944 5032 ὅτι
1008 4979 1068 5033 οὐ
1133 4987 1477 5034 κατακαίεται
1541 4985 1570 5040 ἡ
1639 4981 1824 5064 βάτος,

1971 4981 2216 5036 isionem
2243 4977 2401 5036 hanc
2427 4991 2732 5049 magnam,
2759 4993 2950 5049 quare
2973 4979 3160 5034 rubus
3190 4995 3310 5037 non
3355 4981 3587 5039 combu-

213 5068 308 5123 καὶ
360 5072 535 5122 ταῦτα
595 5069 657 5122 τὸ
712 5075 814 5142 πῦρ
891 5072 950 5122 τὸ
1027 5072 1296 5144 ἰπτόμινον
1356 5079 1456 5122 τῶν
1521 5070 1676 5146 ὀρέων
1735 5079 1826 5126 καὶ

1972 5074 2114 5127 atur
2141 5066 2276 5142 (62),
2330 5067 2532 5141 idque,
2563 5066 2699 5124 licet
2743 5066 2808 5123 in
2853 5067 3177 5142 semetipsa
3222 5068 3392 5128 illum
3421 5079 3589 5145 gerat

289 5334 407 5463 (57g
433 5334 576 5392 Gen.
602 5349 686 5404 ιιι,
711 5339 760 5391 5.
1935 5337 2364 5411 codicis,quem
2393 5351 2582 5394 manu
2612 5335 2859 5402 terebat,
2885 5335 2990 5392 sed
3019 5338 3251 5396 ratione
3272 5346 3588 5413 syntaxeos

293 5410 382 5463 £58
441 5405 590 5463 Cod.
619 5416 730 5463 τῆς.
1933 5412 2132 5463 nosuit
2187 5407 2557 5463 καταδιωκέτω
2614 5423 2725 5463 pro
2780 5404 3143 5463 xmadzéxwv.
3198 5413 3396 5463 nrouti
3450 5425 3588 5463 con.

293 5413 382 5479 (58
441 5413 590 5463 Cod.
619 5416 730 5466 τῆς.

293 5413 408 5553 (⁵θῖ
440 5476 632 5553 Emi“:
653 5493 708 5546 κν
738 5479 794 5553 8:
843 5547 857 5553 _

1974 5413 2132 5468 .osuit
2187 5413 2557 5463 καταδιωκέτω
2614 5423 2725 5483 pro
2780 5413 3143 5477 καταδιώκων,
3198 5413 3396 5485 prouti
3450 5425 3591 5470 con-

1974 5498 2083 5540 one
2113 5495 2252 5539 cum
2305 5481 2514 5539 Latina
2564 5481 2814 5553 Vulgata
2867 5478 3053 5540 habet
3101 5490 3160 5540 et
3215 5487 3419 5543 Graeca
3465 5483 3590 5543 LXX

319 5545 414 5622 60)
441 5547 583 5622 βοά.
618 5545 752 5622 μογγ
759 5545 962 5604 ιλαλῶν.
1935 5555 2152 5613 versio.

290 5619 410 5698 (61)
438 5619 598 5677 Psal.
618 5619 881 5690 mmo.
900 5622 1168 5680 Fortasse
1187 5623 1520 5687 Germanus
1539 5638 1666 5689 non
1683 5625 1827 5688 vitio
2007 5626 2122 5700 (62)
2160 5623 2346 5686 Exod.
2390 5638 2475 5698 ω,
2520 5627 2576 5685 3.

513 5711 766 5773 mnos.
806 5711 907 5771 Gn.
951 5705 1098 5770 CXL.
3239 5715 3310 5778 23
