4096 6208
570 318 673 386 719

3664 0 3887 37 oh'r‘ixo'
3916 0 3957 17 -θ

3808 0 3863 59 ᾗ..

1682 312 2022 395 {GERMANI
2068 321 2115 380 Il
2164 321 2270 392 Cp,
2319 304 2808 379 paruissent.
3782 328 3869 385 τεο

646 450 865 509 XXXVI.
896 452 1042 507 Cum
1063 447 1266 522 itaque
1293 441 1372 507 ad
1396 450 1723 524 Sponsum,
1753 434 1859 521 qui
1890 463 1963 504 ex
2013 450 2225 505 natura

2410 454 2497 510 Ας.
2568 446 2652 507 Ὠς
2712 448 2883 498 τοίνυν
2957 435 3301 521 ὑπερϐολικῶς
3375 435 3616 520 ἐξαίρετον
3694 452 3743 501 ὅν
3823 448 3871 506 τὸ

572 559 682 598 sua
712 539 1241 613 imperscrutabilis
1266 544 1355 596 est
1374 538 1705 597 sanctitatis
1727 537 2009 611 abyssus,
2039 538 2229 610 Spon-

571 647 701 686 sam
722 629 1024 695 accedere,
1053 627 1621 702 przestantissimum
1661 627 1807 701 quid
1857 626 1932 683 sit
1982 642 2226 683 omnem

570 734 923 774 mensuram
949 717 1267 788 excedens,
1299 718 1668 775 continenter
1709 716 1893 787 hujus
1948 730 2228 771 accessus

571 807 917 863 eucomium
946 806 1215 863 oratione
1244 806 1714 879 prosequitur;et
1738 805 1974 862 iterum:
2005 805 2223 876 Surge,

570 898 759 969 inqui,
782 913 1063 968 propera,
1090 899 1285 954 amica
1309 913 1463 967 mea,
1472 898 1745 969 formosa
1761 910 1915 963 mea,
1946 892 2226 951 columba

571 1002 725 1043 mea:
750 1002 875 1044 ecce
902 988 1057 1044 enim
1088 988 1271 1044 hiems
1294 986 1556 1054 transiit,
1584 986 1779 1043 imber
1816 983 1963 1041 abiit
1992 982 2225 1040 recessit

572 1076 705 1146 sibi,
727 1078 903 1146 ﬂores
934 1082 1353 1147 apparuerunt
1367 1077 1428 1132 in
1444 1083 1628 1141 terra,
1645 1080 1875 1144 tempus
1887 1071 2226 1144 putationis

571 1165 834 1229 advenit,
855 1182 973 1223 vox
992 1166 1251 1221 turturis
1266 1166 1478 1222 audita
1494 1171 1577 1222 est
1596 1165 1657 1221 in
1671 1171 1835 1221 terra
1848 1167 2059 1219 nostra
2082 1159 2223 1233 (94).

575 1256 672 1309 liae
705 1254 1087 1313 Canticorum
1108 1254 1318 1325 ﬁgurre
1370 1258 1429 1311 et
1497 1252 1992 1311 adumbrationes
2043 1248 2225 1306 obvio

572 1344 821 1414 quidem
851 1360 1031 1400 sensu
1058 1344 1210 1400 veris
1245 1344 1573 1400 adventum
1601 1346 1658 1399 et
1684 1340 1862 1415 primi
1895 1338 2060 1412 apud
2115 1339 2222 1394 Ju-

573 1434 740 1489 daeos
772 1433 993 1489 mensis
1024 1433 1258 1490 initium
1287 1432 1651 1504 signiﬁcant:
1669 1446 1793 1504 quo
1806 1434 2078 1502 tempore
2097 1443 2224 1484 om-

572 1523 741 1578 nium
771 1528 961 1578 mater
984 1522 1186 1595 (terra)
1216 1522 1451 1593 frigoris
1485 1521 1683 1578 soluta
1705 1518 1984 1583 vinculis,
2017 1521 2073 1575 et
2092 1517 2227 1590 ipsa

572 1610 849 1666 foeturam
876 1610 1641 1683 absolvit,omnigenasque
1656 1607 1873 1665 herbas
1899 1606 2223 1680 progignit.

574 1700 675 1755 Dei
696 1704 898 1756 autem
922 1701 1101 1756 Mater
1121 1704 1178 1756 et
1196 1715 1335 1756 vere
1366 1702 1577 1755 sancta
1600 1701 1775 1759 terra.
1811 1712 1882 1753 ac
1916 1695 2045 1752 sola
2099 1708 2225 1750 non

2335 536 2645 598 πλησιάζειν
2691 542 2765 606 τῷ
2837 538 3041 608 νυμφίῳ
3087 537 3183 593 τὴν
3238 531 3459 607 νύμφδν,
3555 536 3678 590 κατά
3746 541 3873 611 φύσιν

2335 631 2442 680 ὄντι
2496 625 2689 700 ἀπείρῳ
2748 622 2964 695 ἀϐύσσῳ
3020 631 3114 686 τῆς
3184 621 3421 695 ἀγιόττος
3506 621 3875 701 ἕνδελεχίστιρον

2333 724 2445 778 τοῖς
2483 716 2658 788 λόγοις
2723 713 3033 788 ἐπισυνείρει
3094 720 3187 766 τοῦ
3265 712 3627 787 πλησιασμτοῦ
3644 719 3697 768 τὸ
3746 715 3878 789 ἐγκώ-

2331 803 2646 879 μιου·καὶ,’
2696 805 2930 873 Ανάστα,
2992 801 3125 871 ίλθε,
3192 803 3221 860 ἡ
3287 800 3507 861 πλησίον
3568 823 3681 877 μου,
3749 806 3874 859 πάλιν

2333 899 2483 968 φησί,
2516 892 2644 951 καλή
2711 895 2826 964 (92)
2877 910 2979 965 μου
3034 892 3318 967 περιστερά
3341 911 3441 965 μου
3497 892 3628 962 (93).
3685 894 3757 945 ὅτι
3778 890 3873 946 ἰδού

2329 985 2356 1035 ὁ
2408 988 2611 1055 χειμών
2669 978 2950 1055 παρῆλθεν
3006 980 3033 1032 ό
3117 979 3263 1042 ύετός
3342 978 3583 1039 ἀπῆλθεν*
3632 980 3873 1057 ιὲπορεύθη

2331 1071 2514 1143 ἐαυτῷ.
2568 1073 2634 1124 τά
2686 1071 2815 1129 οἷνθη
2899 1070 3043 1142 ὤφθη
3104 1067 3154 1121 ἐν
3210 1075 3270 1141 τῇ
3323 1078 3417 1143 γῇ.
3475 1072 3645 1143 καιρὸς
3702 1079 3875 1131 πῆςτοο

2331 1169 2433 1234 μῆς
2489 1161 2679 1233 ἔφθασε
2741 1158 2853 1232 (9i)
2944 1162 3081 1230 φωνὴ
3146 1167 3240 1221 τῆς
3318 1163 3558 1234 τρυγόνος
3675 1160 3873 1220 ἠκούσθη

2332 1249 2381 1302 ἐν
2424 1257 2485 1323 τῇ
2536 1257 2603 1322 γῇ
2667 1250 2834 1322 ἡμῶν.
2900 1254 3080 1302 Ταῦτα
3152 1250 3219 1301 τὰ
3278 1247 3547 1324 ᾁσματικὰ
3587 1247 3877 1323 προϐλήματα

2331 1345 2420 1394 καὶ
2488 1339 2793 1412 αἰνιγματα,
2870 1340 3003 1390 κατά
3065 1340 3156 1411 μεν
3215 1343 3313 1399 τὴν
3371 1344 3647 1413 πρόχειρον
3702 1341 3876 1408 ἕννοιαν,

2331 1435 2426 1489 τὴν
2454 1437 2545 1482 τού
2576 1432 2719 1503 ἔαρος
2750 1421 3002 1485 δηλοῦσιν
3056 1424 3367 1503 ίπιδημιαν,
3405 1435 3494 1483 καὶ
3531 1433 3620 1489 τὴν
3655 1435 3737 1482 τοῦ
3770 1436 3878 1501 npti-

2332 1539 2425 1574 του
2450 1519 2629 1593 παρὰ⁹
2669 1512 2935 1581 Ιουδαίοις
2971 1521 3129 1591 μηνός
3188 1516 3504 1591 ἐπιφάνειαν·
3571 1518 3697 1571 καθ’
3750 1520 3802 1578 ἣν
3851 1520 3873 1576 ἡ

2331 1616 2653 1684 παμμήτωρ,
2692 1617 2793 1662 τῶν
2829 1615 2922 1660 τού
3017 1612 3205 1685 κρύους
3281 1608 3600 1663 ἀπολυθεῖσα
3686 1601 3877 1683 δεσμῶν,

2330 1700 2439 1755 λύει
2464 1705 2555 1752 καὶ
2595 1698 2724 1758 αύτη
2763 1700 2857 1760 τὰς
2891 1692 3100 1760 ὠδῖνας·
3143 1703 3232 1752 καὶ
3290 1699 3550 1771 ἀπογεννᾴ
3600 1701 3654 1752 τό
3714 1697 3880 1772 παμϐόο

573 1792 817 1860 accepto
847 1787 1073 1843 semine
1095 1788 1279 1844 fetum
1305 1785 1718 1860 progerminat
1738 1783 1903 1841 nullo
1948 1782 2223 1840 humano

2333 1809 2502 1846 τανον.
2559 1787 2617 1841 Ἠ
2658 1784 2718 1841 δε
2756 1791 3058 1862 Θεομητωρ,
3110 1792 3201 1841 καὶ
3242 1788 3373 1860 ἁγία
3446 1786 3596 1850 ὄντως
3662 1796 3743 1860 γῆ,
3811 1792 3881 1841 καὶ

571 1892 749 1950 opere
768 1876 1088 1946 excultum,
1118 1881 1297 1949 atque
1313 1874 1774 1949 implementum
1799 1873 2103 1947 accipiunt
2121 1870 2224 1929 illa

566 1966 731 2022 lsaite
759 1966 1022 2022 oracula:
1052 1966 1411 2038 Egredietur
1435 1966 1609 2037 virga
1638 1964 1711 2022 de
1741 1964 1948 2022 radice
1971 1964 2221 2033 Jesse,et

566 2057 674 2126 ﬂos
698 2056 771 2112 de
794 2056 997 2112 radice
1024 2055 1300 2113 ascendet
1332 2055 1474 2128 (95).

640 2233 1068 2290 XXXVII.Verni
1094 2234 1296 2307 itaque
1316 2231 1621 2306 temporis'
1653 2234 2050 2298 venustatem,
2101 2228 2220 2286 vel-

567 2328 635 2378 ut
659 2322 1014 2379 exsistentiaa
1041 2339 1164 2379 suae
1197 2322 1680 2388 fundamentum,
1723 2321 1783 2375 in
1821 2319 1967 2392 ipsis
2019 2334 2221 2375 rerum

568 2411 749 2466 initiis
778 2411 999 2467 invenit
1022 2411 1221 2482 prima
1242 2415 1471 2467 naturae
1492 2409 1777 2466 humana:
1806 2408 2148 2482 plasmatio;
2167 2411 2224 2463 et

569 2514 823 2554 vernum
855 2499 1018 2554 hunc
1048 2503 1327 2555 ornatum
1359 2498 1583 2554 invenit
1603 2497 1787 2554 modo
1809 2498 1814 2503 '
1835 2502 2065 2553 naturae
2113 2511 2222 2552 no-

571 2592 706 2644 strie
728 2586 1097 2657 regeneratio
1120 2592 1175 2644 et
1200 2586 1509 2643 renovatio
1520 2585 1752 2644 mundi.
1768 2588 1835 2641 Et
1869 2601 2013 2642 sane
2036 2584 2222 2642 alicu-

568 2677 630 2733 bi
655 2692 958 2733 sacraram
995 2678 1433 2749 Scripturarum
1459 2676 1687 2733 dictum
1739 2679 1846 2741 est,
1877 2674 2046 2749 quod
2074 2674 2224 2731 vidit

572 2767 863 2824 Dominus
892 2768 1048 2823 Deus
1063 2772 1304 2837 terram,
1328 2772 1379 2823 et
1393 2772 1523 2822 erat
1536 2771 1848 2837 corrupta;
1865 2765 2085 2837 quippe
2109 2780 2228 2821 om-

567 2856 662 2910 nis
693 2870 837 2911 caro
868 2861 1222 2925 corruperat
1256 2857 1410 2911 viam
1437 2870 1608 2911 suam
1638 2869 1819 2923 super
1853 2859 2073 2910 terram
2104 2853 2221 2926 (98)

570 2950 623 2999 et
656 2949 821 3000 terra
850 2943 1081 3013 repleta
1109 2950 1237 2998 erat
1261 2944 1582 3013 iniquitate
1603 2941 1840 3011 (99).Ad
1863 2942 2019 2998 hanc
2050 2942 2229 3012 igitur

569 3031 944 3100 iniquitatem
964 3030 1298 3087 sistendam
1313 3030 1662 3103 aperiuntur
1674 3033 1985 3088 cataractae
2012 3028 2229 3101 cceli(t)

572 3125 629 3215 et
648 3136 863 3177 omnes
894 3118 1086 3176 fontes
1114 3118 1341 3215 abyssi,
1364 3123 1431 3215 et
1458 3118 1703 3215 horrida
1731 3118 1798 3175 iit
1818 3135 1849 3176 e
1877 3118 2107 3215 diluvio
2141 3119 2228 3175 fa-
2260 3160 2300 3215 C

572 3210 692 3266 cies
724 3213 916 3268 terrae.
948 3225 1020 3265 ac
1046 3208 1311 3282 pristinae
1330 3206 1785 3278 elegantiaaloco
1818 3207 1897 3265 ad
1928 3208 2229 3278 integrum

572 3314 802 3355 annum
833 3297 1015 3354 facies
1065 3302 1233 3354 terrm
1287 3298 1460 3371 aquis
1505 3296 1855 3362 inundatur,
1931 3296 2231 3370 simulque

573 3403 713 3444 cum
738 3387 809 3443 iis
825 3385 1128 3458 omnibus,
1149 3403 1285 3458 quia
1305 3402 1377 3442 ex
1397 3386 1530 3458 ipsa
1542 3390 1886 3458 assurgunt,
1926 3385 2229 3456 afﬂigitur,

573 3477 995 3549 insuetamque
1023 3475 1177 3531 hanc
1203 3476 1466 3532 hiemem
1498 3475 1676 3532 subit.
1708 3478 1926 3532 Verum
1970 3476 2116 3548 quid
2138 3492 2233 3533 ea-

575 3564 716 3620 dem
741 3580 948 3621 rursus
976 3563 1119 3620 dicit
1173 3566 1523 3637 Scriptura?
1558 3566 1795 3635 factum
1844 3568 1926 3620 est
1990 3579 2232 3621 sexcen-

578 3654 781 3709 tesimo
790 3653 988 3723 primo
1001 3668 1161 3709 anno
1176 3655 1312 3709 vita:
1324 3653 1468 3719 Noe,
1482 3654 1680 3723 primo
1693 3669 1906 3723 mense,
1924 3655 2126 3724 prima
2140 3652 2233 3710 die

578 3743 815 3811 mensis,
840 3742 1185 3812 defecerant
1206 3757 1432 3814 aquam
1455 3742 1610 3811 facie
1651 3746 1845 3811 terrae,
1894 3748 1948 3800 et
1995 3743 2231 3813 aperuit

576 3832 704 3888 Noe
722 3832 1066 3902 operculum
1083 3846 1255 3897 arcae,
1280 3831 1441 3903 quod
1450 3832 1700 3901 fecerat,
1714 3837 1767 3887 et
1787 3832 2109 3903 viditquod
2126 3833 2231 3889 de-

572 3922 809 3992 fecisset
833 3936 991 3993 aqua
1010 3936 1047 3978 a
1065 3921 1226 3990 facie
1247 3925 1418 3976 terra
1437 3918 1539 3991 (2).
1556 3918 2158 3993 Videsne,quomodo
2178 3927 2232 3978 et

578 4011 825 4067 secundi
854 4010 1066 4066 mundi
1089 4008 1402 4066 exordium
1436 4024 1472 4065 a
1512 4008 1708 4082 primo
1758 4010 1911 4066 veris
1966 4015 2232 4083 tempore

576 4098 783 4171 incipit
809 4104 834 4154 .9
858 4100 1071 4157 Omnia
1096 4115 1167 4156 ex
1201 4114 1375 4172 mquo
1408 4102 1604 4156 vetera
1629 4098 1731 4156 illa
1762 4099 1841 4156 ad
1870 4104 2231 4173 praesentem

577 4192 852 4258 spectant
863 4189 1320 4259 solemnitatem,
1345 4194 1535 4261 quaet
1555 4188 1740 4246 divini
1755 4188 1951 4245 vultus
1978 4190 2227 4256 aversio,

576 4278 633 4331 et
644 4275 743 4331 iraa
760 4276 1035 4346 ejusdem
1053 4277 1354 4349 profunda
1371 4278 1564 4334 hiems
1604 4280 1785 4335 tinem
1802 4284 2078 4334 sumunt:
2102 4284 2228 4335 tum

573 4377 718 4421 vero
746 4368 968 4420 terram
992 4366 1238 4422 salutari
1269 4365 1605 4423 visitatione
1645 4369 1797 4423 Deus
1849 4364 2122 4433 lustrare,
2174 4372 2232 4424 et

572 4450 689 4508 isto
717 4467 854 4509 vere
885 4469 995 4508 ceu
1024 4453 1239 4509 florida
1267 4469 1492 4511 corona
1513 4455 1713 4527 ipsum
1763 4470 2052 4511 exornare
2081 4455 2226 4512 inci-

571 4540 679 4613 pit,
705 4547 763 4598 et
789 4541 919 4613 ejus
940 4541 1137 4599 sulcos
1184 4542 1467 4599 bonitatis
1526 4560 1649 4599 sum
1731 4543 2082 4600 muneribus
2107 4545 2226 4601 ine-

567 4629 786 4688 briare.
819 4630 934 4687 Sed
964 4636 1021 4688 et
1052 4632 1234 4688 David
1257 4635 1606 4689 vernantem
1627 4648 1815 4706 prope
1835 4631 2087 4689 dixerim
2105 4633 2227 4691 vul-

566 4722 695 4778 tum
720 4718 1050 4795 explicans,
1074 4737 1144 4777 ac
1164 4736 1374 4778 vocem
1388 4720 1629 4777 cithara:
1646 4737 1796 4778 sono
1826 4723 2220 4793 conjungens,

561 4808 703 4867 huic
728 4814 897 4869 terrae
924 4809 1300 4868 renovationi
1329 4823 1597 4881 congrua
1640 4809 1723 4865 sic
1776 4808 1935 4865 canit
1975 4825 1987 4864 :
2025 4808 2221 4865 Domi-

561 4902 853 4959 nusdabit
916 4900 1420 4973 benignitatem,et
1482 4905 1646 4957 terra
1743 4903 1959 4956 nostra
2052 4899 2221 4956 dabit

556 4986 829 5058 fructum
845 5004 1017 5048 suum
1047 4990 1145 5061 (3).
1261 4996 1267 5002 ”

624 5311 742 5385 (92)
774 5306 1119 5385 Commmini.

623 5381 735 5456 (‘93)
765 5384 987 5440 Excidit
1021 5401 1051 5440 e
1078 5381 1214 5441 cod.
1248 5399 1373 5456 μου.

620 5450 737 5525 (94)
765 5460 927 5513 Cant.
959 5474 1018 5527 ιι,
1052 5457 1213 5512 10-12
1240 5450 1361 5513 sec.
1386 5450 1532 5510 LXX.

644 5529 736 5597 65)
768 5530 1084 5601 Lect.com.
1110 5529 1315 5601 ἔφθακε.

640 5592 729 5673 96)
762 5600 973 5673 μελισ,
1004 5604 1025 5655 t
1059 5592 1198 5673 sed.
1259 5600 1409 5673 LXX,
1448 5596 1558 5673 qui
1612 5593 1820 5673 legunt
1865 5593 1939 5655 de
1994 5592 2202 5656 radice

544 5669 647 5733 ubi
678 5671 931 5746 Vulgata
958 5670 1161 5731 Latina
1185 5670 1386 5747 habet,
1418 5669 1493 5729 de
1511 5669 1719 5730 radice
1746 5670 1897 5742 ejus.

2332 1881 2564 1953 ἄσπορος
2592 1881 2721 1951 μόνη
2754 1880 2849 1935 τὴν
2893 1875 3142 1949 ἀνήροτον
3190 1876 3565 1931 ἀναϐλαστάνει
3625 1882 3880 1952 κυοφορίαν.

2330 1971 2511 2023 καὶτὰ
2546 1976 2640 2029 τῆς
2675 1970 2996 2041 προφητείας
3056 1965 3277 2020 Ἡσαΐου
3343 1971 3499 2041 πέρας
3555 1965 3880 2040 ἀπολαμϐάνει,

2334 2058 2699 2122 Ἐξελςύσεται
2752 2052 2951 2132 ῥάϐδος
3012 2054 3067 2107 ἐκ
3125 2063 3217 2118 τῆς
3275 2056 3437 2131 ῥίζης
3531 2058 3735 2126 Ἰεσσαὶ,
3815 2058 3883 2106 καὶ

2330 2148 2485 2209 ἄνθος
2509 2146 2564 2199 ἐκ
2584 2154 2673 2207 τῆς
2699 2145 2853 2220 ῥίζης
2874 2143 3037 2204 ἀναϐἠ
3049 2164 3216 2201 σεται.

2401 2243 2506 2291 ΑΖ.
2547 2231 2676 2308 Εὗρε
2703 2236 2794 2307 μεν
2855 2233 2943 2286 οὖν
3006 2234 3121 2287 κατ’
3187 2232 3368 2309 ἀρχὰς
3403 2236 3434 2294 ἡ
3502 2238 3673 2310 πρώτη
3732 2232 3883 2293 πλάσις

2331 2325 2845 2398 τῆςάιθρωπότητος
2893 2332 2988 2387 τῆς
3045 2325 3157 2377 κατ’
3216 2324 3383 2383 αὐτὴν
3439 2325 3758 2384 ὑποστάσεως
3814 2323 3879 2375 θέ-

2332 2416 2533 2490 μεθλον,
2588 2418 2682 2473 τὴν
2740 2411 2945 2488 ἐαρινὴν
3002 2412 3308 2486 εὐκοσμίαν·
3358 2415 3584 2487 εὑρίσκει
3627 2412 3684 2467 δε
3723 2415 3878 2467 ταύτην

2332 2506 2519 2580 ἀρτίως
2545 2508 2635 2556 καὶ
2677 2504 2708 2562 ἠ
2794 2502 3167 2574 παλιγγενεσία
3215 2512 3309 2565 τῆς
3363 2504 3509 2576 ἡμῶν
3578 2504 3773 2577 φύσεως,
3811 2504 3880 2552 καὶ

2330 2604 2423 2648 τοῦ
2443 2599 2644 2665 κόσμου
2666 2593 2696 2651 ἠ
2723 2590 3018 2652 ἀνανέωσις.
3049 2594 3270 2665 Εἴρηται
3331 2595 3422 2665 μίν
3478 2611 3576 2645 που
3632 2600 3700 2663 τῷ
3739 2591 3881 2666 γράμ.

2332 2703 2459 2759 ματι
2483 2690 2554 2754 τῷ
2586 2684 2724 2756 ἱερῷ,
2766 2682 2835 2744 ὡς
2865 2676 2988 2734 Εῖδε
3020 2683 3205 2756 Κύριος
3228 2682 3256 2733 ὁ
3314 2684 3452 2743 Θεὸς
3510 2685 3601 2740 τὴν
3661 2688 3766 2753 γῆν,
3818 2680 3885 2729 καὶ

2334 2771 2396 2833 ἧν
2457 2773 2871 2844 κατεφθαρμένηο
2974 2771 3055 2823 ὅτι
3150 2772 3462 2845 κοιτέειιθεφ⁸
3554 2776 3695 2824 πᾶσα
3783 2765 3887 2840 σὰρξ

2333 2868 2424 2923 τὴν
2446 2858 2569 2914 ὁδόν
2591 2861 2752 2913 αὑτοῦ
2800 2863 2885 2913 επὶ
2944 2867 3040 2923 τῆς
3104 2868 3221 2933 γῆς,
3296 2866 3398 2914 καὶ
3463 2858 3686 2919 ἐπλήσθη
3749 2860 3775 2916 ἠ
3833 2862 3884 2928 ’Ῑῆ

2337 2948 2572 3013 ἀδικίας.
2614 2952 2761 3003 Κατὰ
2787 2951 2985 3011 ταύτης
3039 2954 3209 3001 τοίνυν
3272 2958 3380 3013 τῆς
3438 2946 3648 3011 ἀδικίας
3703 2946 3889 3018 ἀνοίγον-

2336 3059 2423 3094 ται
2453 3042 2502 3092 οἱ
2522 3040 2850 3114 καταράκται
2897 3045 2990 3091 τού
3041 3040 3260 3112 ούρανοῦ
3307 3044 3408 3093 καὶ
3461 3046 3626 3093 πᾶσαι
3677 3040 3726 3090 αἱ
3757 3037 3890 3106 πηγαὶ

2336 3137 2427 3191 τῆς
2450 3128 2707 3199 ἀϐύσσου,
2751 3132 2840 3180 καὶ
2894 3125 3204 3200 ἀχρειοῦται
3254 3135 3355 3189 τῆς
3406 3137 3505 3201 γῆς
3554 3130 3608 3181 τό
3659 3130 3891 3200 πρόσωπον

2339 3216 2394 3270 ἐκ
2421 3225 2514 3270 τοῦ
2539 3214 2933 3289 κατακλυσμοῦ,
2966 3220 3054 3267 καὶ
3083 3214 3196 3269 ἀντὶ
3249 3224 3312 3275 τῆ
3330 3237 3356 3280 ς
3404 3219 3650 3293 προτέρας
3686 3214 3893 3287 εύχροίσις

2339 3302 2527 3381 ύδεριᾲ
2573 3305 2640 3366 εἰς
2687 3304 2799 3357 ὅλον
2839 3303 3091 3358 ίνιαυτόνο
3143 3310 3233 3357 καὶ
3291 3308 3612 3379 συμπάσχει
3658 3307 3794 3357 παντὶ
3836 3306 3891 3370 τῷ

2340 3393 2393 3457 ἕξ
2416 3396 2581 3458 αὐτῆς
2625 3394 2975 3467 ἀναστήματι,
3027 3398 3117 3447 καὶ
3162 3397 3248 3447 τὸν
3292 3397 3539 3454 ἀσυνήθη
3590 3401 3763 3447 τούτου
3803 3408 3889 3463 χει·

2339 3493 2484 3557 μῶνα
2512 3486 2819 3556 ὑφίσταται.
2850 3482 3005 3537 Ἀλλά
3029 3488 3081 3535 τί
3127 3482 3281 3535 πάλιν
3300 3488 3367 3537 τό
3426 3484 3552 3537 αύτό
3608 3500 3730 3556 φησι
3761 3479 3892 3553 γράμ-

2340 3590 2433 3647 μα;
2487 3575 2710 3646 Ἐγένετο
2771 3571 2819 3624 ἕν
2871 3581 2945 3644 τῷ
3001 3571 3072 3626 ἑνὶ
3137 3576 3228 3625 καὶ
3292 3571 3650 3643 ἑξακοσιοστῷ
3722 3572 3807 3624 ἔτει
3853 3564 3890 3617 ἒν

2339 3671 2402 3736 τῇ
2429 3663 2534 3735 ζωῇ
2563 3671 2654 3715 τού
2682 3669 2818 3732 Νῶε,
2848 3659 2898 3713 εν
2956 3669 3028 3733 τῷ
3076 3666 3262 3735 πρώτῳ
3328 3668 3483 3734 μηνὶ,
3544 3667 3640 3736 μιᾷ
3692 3666 3775 3713 τοῦ
3814 3673 3892 3729 μη·

2338 3756 2442 3823 νὸς,
2503 3751 2697 3804 ἐξελιπε
2768 3754 2825 3803 τὸ
2904 3747 3048 3825 ὕδωρ
3128 3748 3229 3803 ἀπὸ
3300 3758 3591 3827 προσώπου
3663 3757 3750 3811 τῆς
3813 3752 3890 3817 γῆς

2338 3846 2429 3894 καὶ
2479 3839 2774 3911 ἀπεκάλυψε
2824 3846 2938 3893 Νῶε
3003 3844 3097 3899 τὴν
3158 3844 3352 3912 στέγην
3403 3849 3494 3903 τῆς
3548 3838 3775 3905 κιϐωτοῦ,
3844 3836 3890 3891 ἦν

2340 3928 2573 3997 ἐποίησε,
2634 3934 2724 3981 καὶ
2775 3923 2930 3995 εἶδεν,
2986 3926 3061 3980 ὅτ’
3159 3926 3356 3991 ἑξελιπε
3429 3932 3489 3981 τὸ
3606 3920 3740 4002 ὕδωρ
3813 3918 3891 3973 ἆπό

2339 4024 2623 4091 προσώπου
2643 4025 2737 4079 τῆς
2786 4024 2902 4088 γῆς.
2969 4022 3130 4092 Ορᾷς,
3190 4020 3330 4079 ὅπως
3386 4023 3477 4070 καὶ
3530 4018 3559 4075 ἡ
3614 4022 3700 4069 τοῦ
3744 4010 3891 4065 δευτά-

2336 4127 2431 4181 ρου
2456 4111 2656 4180 κόσμου
2688 4105 2831 4180 ἀρχὴ
2855 4113 2947 4158 τού
3001 4110 3390 4181 πρωτοκαιρίου
3441 4106 3589 4183 ἔαρος
3635 4102 3891 4180 ίξάρχεται;

2336 4196 2509 4270 Ὁμώς
2556 4198 2676 4268 (97)
2736 4196 2941 4248 ἅπαντα
2995 4193 3161 4247 ἐκεῖνα
3220 4198 3287 4247 τὰ
3360 4194 3563 4249 παλαιά
3637 4196 3757 4268 πρὸς
3824 4189 3891 4243 τὴν

2338 4286 2624 4340 ἕνεστῶσαν
2679 4284 2961 4359 βλέπουσιν
3010 4284 3209 4360 ἑορτήν*
3267 4287 3389 4339 καθ’
3440 4288 3502 4345 ἣν
3562 4287 3628 4338 τά
3818 4283 3895 4336 τῆς

2337 4375 2667 4451 ἀποστροφῆς
2688 4383 2780 4427 τοῦ
2830 4377 2966 4428 θείου
3023 4379 3328 4447 προσώπου,
3389 4378 3481 4427 καὶ
3536 4375 3563 4427 ὁ
3612 4372 3759 4447 ϐαρύς
3796 4383 3893 4439 χιι·

2334 4470 2444 4539 μών
2465 4448 2560 4527 της
2606 4468 2792 4519 τούτου
2850 4465 3012 4540 ὀργῆς
3061 4463 3198 4524 τέλος
3256 4462 3530 4535 λαμϐάνει.
3586 4463 3796 4538 ἄρχεται
3846 4448 3891 4506 tn

2334 4560 2428 4614 τὴν
2456 4563 2555 4627 γῆν
2581 4555 2986 4607 ἐπισκέπτεσθαι
3032 4557 3289 4626 σωτήριον
3341 4550 3656 4618 ἐπισκοπὴν,
3707 4552 3788 4601 καὶ
3834 4548 3890 4612 τῷ

2334 4643 2545 4697 ἀνθεινῶ
2595 4643 2826 4716 στεφάνῳ
2877 4650 2949 4713 τῷ
3002 4643 3116 4716 ἕαρι
3161 4645 3504 4714 καταστέφειν
3578 4640 3756 4703 αὐτὴν,
3818 4633 3890 4685 καὶ

2330 4736 2535 4806 μεθύειν
2564 4734 2654 4795 τάς
2684 4732 2913 4795 αὔλακας
2945 4738 3062 4794 ταῖς
3116 4737 3206 4793 τῆς
3249 4734 3627 4805 χρηστότητος
3679 4723 3886 4800 δωρεαῖς·

2330 4821 2633 4900 Ἐνεαριζων
2688 4819 2747 4875 δε
2802 4826 2892 4874 καὶ
2940 4816 3178 4874 οΔαυῐδ.
3227 4839 3316 4871 και
3369 4827 3432 4892 τῇ
3490 4814 3890 4871 ἀνακαινίσειτῆς

2326 4922 2427 4986 ’γῆς
2455 4916 2521 4966 τά
2562 4917 2840 4987 πρόσφορα
2884 4906 3195 4983 ψαλτῳδῶν·
3226 4916 3268 4962 Ο
3301 4912 3496 4983 Κύριος
3562 4905 3720 4962 eam
3778 4905 3892 4975 χρῆο

2329 5007 2579 5071 στότητα,
2633 4997 2839 5075 ἂπᾴδει,
2894 5004 2984 5053 καὶ
3037 5001 3068 5059 ὴ
3121 5008 3189 5071 γῆ
3244 4999 3390 5072 ἡμῶν
3449 4994 3615 5052 δώσει
3657 4997 3741 5049 τὸν
3784 5003 3891 5062 κιρ·

2325 5096 2421 5148 πὸν
2443 5091 2632 5156 αὐτῆς.

2391 5309 2508 5381 (97)
2535 5306 2679 5381 Cod-
2711 5306 2865 5381 ὅμως.

2394 5380 2508 5450 (98)
2538 5380 2661 5436 Gen
2690 5380 2765 5445 vi,
2791 5383 2879 5436 t2.

2410 5449 2500 5518 99)
2530 5449 2681 5508 Ibid.
2717 5455 2805 5518 11,

2420 5527 2469 5587 t)
2502 5521 2648 5579 Gen.
2678 5536 2799 5591 nu,
2839 5521 2925 5577 tt.

2411 5595 2467 5665 2)
2504 5594 2648 5665 Gen.
2679 5589 2794 5664 vni,
2823 5593 2888 5650 t3
2912 5604 3027 5647 sec'
3056 5589 3205 5648 LXX.

2406 5664 2459 5741 3)
2486 5664 2645 5726 Psal.
2671 5675 2904 5735 ιωιγ,
2926 5666 3011 5726 t3.

2382 5455 2407 5743 ἓ
