4096 6208
91 0 370 66 ...τηρ
419 13 430 22 .

205 101 216 110 ⁴
339 99 362 120 κ

250 239 355 298 721

1389 239 1458 298 IN
1487 237 2109 301 ANNUNTIA’I‘IONEM
2135 240 2198 297 Β.
2231 235 2468 300 meum
2503 315 2508 320 ,

3518 242 3626 300 722

325 363 454 422 ΑΠ’.
517 363 602 422 Ἐν
671 371 746 437 τῷ
800 372 969 441 καιρῷ
1021 365 1190 438 τούτῳ
1249 364 1464 419 ἵσταται
1515 373 1612 427 τῆς
1661 371 1859 440 μακρᾶς

2047 366 2318 423 XXXVIII.
2351 366 2484 421 Jam
2529 360 2896 422 circumferri
2927 359 3138 420 tandiu
3182 357 3303 419 huc
3349 359 3507 434 illuc,
3557 379 3628 421 ac

249 455 674 531 περιπλανήσεως
720 459 812 509 καὶ
879 455 1025 520 ξένης
1102 457 1440 528 κυμαγωγίας
1521 456 1552 513 ἠ
1633 459 1863 527 κοσμικη

251 543 498 616 κιϐωτὸς,
537 547 626 598 καὶ
664 547 724 598 τὸ
773 540 918 620 ὕδωρ
956 547 1015 598 τὸ
1065 542 1426 597 ἀνυπόστατον
1481 543 1650 600 τέλεον
1693 542 1867 617 ἕκλιμ-

513 633 963 689 ’Δποκαλύπτεται
1019 635 1087 686 τά
1140 630 1608 706 συγκεκαλυμμένοι
1651 638 1866 707 μυστη-

1633 724 1715 775 ·ὁ
1770 730 1866 785 τῆς

252 653 426 692 πανει.

253 742 349 799 ρια
377 730 476 785 τῆς
505 721 736 797 ἀρχαίας
758 721 952 798 βουλῆς
987 729 1079 784 τῆς
1116 725 1270 783 ὅντως
1317 719 1566 783 ἀληθινῆς

253 809 605 876 δικαιοσύνης
661 811 805 874 ἣλιος
856 811 1134 885 επιλάμπει
1198 818 1272 883 τῷ
1329 814 1510 884 κόσμῳ
1552 830 1566 846 ο
1619 815 1710 864 καὶ
1761 820 1865 886 φῶς

249 902 410 977 μέγαί
445 898 576 956 ίδεῖν
606 905 656 956 οἱ
683 905 912 976 χρονίως
971 900 1022 954 ἄν
1061 904 1236 955 σκότει
1273 902 1557 974 καθήμενοι
1591 904 1680 954 καὶ
1739 907 1867 971 σκιᾷ

251 999 349 1046 τοῦ
383 993 608 1046 θανάτου
655 992 1046 1058 καταξιοῦνται,
1089 994 1268 1044 καὶτὸ
1314 994 1517 1064 στερεὸν
1571 999 1668 1053 τῆς
1714 1010 1866 1045 πνευ-

249 1088 485 1155 ματικῆς
531 1083 904 1143 καταστάσεως
973 1087 1067 1134 τοῦ
1145 1078 1360 1155 ἓνύγρου
1434 1083 1523 1132 καὶ
1586 1076 1861 1156 πλαδαροῦ

255 1169 381 1245 βίου
430 1167 896 1246 ἀντιλαμϐάνουσι.
949 1172 1238 1246 Περιστερά
1282 1171 1372 1242 μεν
1420 1165 1508 1222 οὖν
1556 1167 1721 1223 ἐκεῖσε
1762 1170 1860 1243 ἄγ-

250 1259 398 1334 γελος
443 1267 536 1322 τῆς
608 1258 907 1332 ἀπαλλαγῆς
939 1266 1059 1322 τοῦς
1116 1257 1492 1333 κατακλυσμοῦ
1542 1278 1556 1295 ο
1612 1260 1699 1318 in
1741 1277 1858 1330 χει-

252 1357 421 1424 μῶνος
451 1351 643 1402 ἑκείνου
700 1351 776 1401 ἔτι
822 1341 1218 1422 ἐπικρατοῦντος
1254 1347 1348 1401 οὐκ
1400 1345 1816 1423 ἐπαρρησιάζετο
1841 1368 1854 1382 ο

254 1436 367 1492 imi
443 1433 503 1492 δ“ε
551 1436 813 1511 παρῆλθεν
861 1437 1030 1504 οὗτος,
1100 1435 1304 1501 ἐξῆλθεν
1351 1435 1540 1496 ἐκείνη.
1588 1440 1689 1490 Καὶ
1730 1437 1856 1511 ύπὶρ

253 1531 416 1601 χιόνα
447 1522 506 1581 δί
534 1525 687 1586 λευκὴ
716 1524 768 1581 ἔκ
798 1533 889 1582 τοῦ
927 1528 1065 1580 κατά
1115 1524 1301 1599 ψυχὴν
1359 1533 1631 1599 φωτισμοῦ
1671 1526 1701 1583 ἡ
1728 1526 1858 1577 πάν-

255 1635 412 1688 αγνος
469 1619 559 1669 καὶ
619 1614 804 1687 λογική
878 1617 1180 1690 περιστερὰ,
1207 1621 1299 1668 τοῦ
1359 1621 1543 1673 νοητοῦ
1603 1611 1861 1668 κατακλυ-

1974 451 2212 510 tunesta
2229 452 2492 526 procella
2505 451 2720 524 jactari
2741 456 2934 510 cessat
2948 468 3089 510 arca
3109 451 3345 519 mundi,
3369 455 3428 510 et
3446 452 3630 510 insta-

1974 540 2126 598 biles
2140 542 2219 614 (4)
2235 557 2430 617 aquas
2447 542 2694 599 omnino
2716 542 2954 600 deserit.
2968 542 3102 599 Jam
3124 541 3464 600 revelantur
3485 541 3629 599 abs-

1975 629 2219 688 condita
2299 630 2530 704 antiqui
2599 630 2758 687 illius
2810 636 2866 688 et
2925 646 3070 688 sane
3113 629 3238 686 veri
3281 630 3513 688 consrlii
3553 633 3630 701 (5)

1974 720 2308 792 mysteria:
2361 720 2592 777 mundo
2635 719 2937 777 illucescit.
2985 718 3082 777 Sol
3133 720 3376 792 justitite
3423 721 3540 790 (6):
3571 725 3629 777 et

1976 809 2080 884 qui
2109 809 2216 866 diu
2245 809 2306 866 in
2338 808 2598 866 tenebris
2627 815 2684 866 et
2711 809 2774 866 in
2803 808 3022 866 umbra
3049 809 3256 866 mortis
3311 808 3622 872 sedebant,

1975 897 2142 970 digni
2165 897 2304 956 facti
2330 902 2490 968 sunt,
2514 902 2579 956 ut
2602 913 2890 969 magnam
2919 897 3116 954 lucem
3166 897 3409 956 videant
3437 899 3534 970 (7),
3567 904 3625 956 et

1974 1004 2086 1062 pro
2113 988 2427 1045 ﬂuctuanti
2456 986 2560 1044 illa
2587 992 2644 1044 et
2673 987 2926 1044 ﬂaccida
2953 987 3070 1044 vita
3095 986 3456 1043 soliditatem
3505 987 3625 1061 spi-

1972 1079 2160 1137 ritalis
2187 1078 2521 1136 mansionis
2548 1077 2984 1151 adipiscuntur.
3015 1075 3102 1132 Ibi
3125 1077 3327 1150 itaque
3348 1075 3628 1134 receden-

1972 1168 2045 1226 tis
2071 1167 2279 1226 diluvii
2305 1168 2517 1225 nuntia
2549 1167 2848 1241 (apparet)
2873 1165 3194 1233 columba;
3218 1182 3353 1241 quae
3380 1167 3628 1240 quidem

1970 1257 2117 1315 dum
2157 1257 2353 1314 adhuc
2418 1257 2680 1330 procella
2734 1255 3048 1326 obtineret,
3106 1256 3347 1330 prodire
3403 1271 3630 1331 nequa-

1970 1360 2158 1420 quam
2199 1345 2499 1402 audebat:
2535 1345 2735 1419 prodit
2763 1359 2930 1410 vero,
2963 1348 3288 1416 postquam
3334 1343 3626 1401 diluvium

1971 1434 2248 1493 cessavit.
2283 1435 2399 1492 Sed
2429 1438 2486 1492 et
2515 1449 2654 1491 cum
2689 1433 2979 1490 deﬂueret
3007 1433 3270 1507 spiritale
3308 1433 3624 1505 diluvium,

1972 1522 2293 1581 candidior
2325 1524 2460 1580 nive
2487 1523 2566 1581 ob
2597 1523 2816 1581 animae
2847 1521 3246 1596 splendorem,
3306 1524 3630 1595 purissima

1971 1627 2042 1669 ac
2062 1611 2370 1669 rationalis
2391 1612 2676 1669 columba
2698 1613 2776 1683 (8)
2798 1610 3030 1668 mundo
3063 1612 3362 1686 apparuit.
3385 1615 3464 1666 Ac
3489 1628 3628 1685 pro.

256 1711 394 1776 σμοῦ
425 1703 858 1780 ύπορρεύσαντος,
891 1711 964 1774 τῷ
1005 1707 1188 1776 κόσμῳ
1243 1701 1571 1776 ὶνεφανίσθηο
1626 1703 1734 1755 Λεά
1779 1720 1859 1754 τοι

1974 1706 2178 1775 pterea
2197 1700 2342 1757 dicit
2363 1701 2719 1775 Sponsus(9)
2743 1719 2756 1757 :
2793 1701 2957 1771 Veni,
2987 1702 3184 1757 amica
3201 1715 3348 1770 mea,
3369 1701 3632 1770 pulchra

251 1799 434 1858 τοῦτο,
485 1792 650 1865 Ἔλθε,
707 1789 737 1852 ἧ
807 1792 1030 1851 πλησίον
1098 1811 1221 1865 μου,
1322 1791 1457 1864 λίγει
1523 1793 1549 1844 ὀ
1620 1796 1859 1864 νυμφίος,

252 1881 384 1940 κειλή
429 1900 531 1954 μου
603 1883 886 1955 περιστερά
936 1903 950 1916 ο
1001 1881 1080 1934 ὅτι
1139 1876 1256 1933 ἰδοὺ
1335 1881 1362 1933 ὁ
1414 1884 1613 1954 χειμὼν
1664 1878 1862 1955 παρῆλο

256 1970 359 2037 θεν,
415 1971 442 2023 ὁ
491 1971 638 2031 ύετὸς
700 1967 920 2029 ἀπῆλθε.
979 1970 1294 2043 Περιστερόω
1355 1963 1414 2022 δε
1487 1972 1583 2028 τὴν
1645 1987 1862 2041 κεχαρι⁸

251 2063 486 2132 τωμίνην
537 2060 566 2119 ἠ
630 2058 1003 2133 ᾁσματίζουσα
1059 2059 1324 2134 ὀνομάζει,
1372 2063 1464 2112 καὶ
1506 2054 1601 2112 διὰ
1637 2062 1696 2112 τό
1741 2057 1862 2116 ὅλην

255 2143 314 2202 δι
365 2147 487 2202 ὅλου
541 2151 674 2227 πρὸς
720 2151 779 2202 τὸ
861 2151 1209 2221 πνευματικὸν
1282 2146 1724 2224 μετερρύθμίσθαι
1770 2151 1862 2201 καὶ

254 2239 411 2292 οἱονεὶ
484 2239 815 2292 πεποιῶσθαι
869 2257 884 2274 ο
937 2235 1064 2290 ἀλλὰ
1112 2240 1202 2290 καὶ
1245 2238 1326 2290 ὅτι
1378 2241 1473 2297 τὴν
1527 2235 1727 2290 παῦλαν
1770 2243 1864 2291 τοῦ

252 2333 351 2389 τῆς
396 2325 597 2388 πλάνης
647 2334 904 2400 χειμῶνος
965 2332 1074 2390 τοῖς
1115 2323 1406 2400 ἀνθρώποις
1477 2323 1716 2398 ὶμήνυσε,
1774 2331 1865 2380 καὶ

253 2419 344 2469 τὸν
405 2417 702 2492 χρισθέντα
763 2423 837 2487 τῷ
905 2413 1056 2487 ἕλαίῳ
1133 2422 1229 2476 τῆς
1298 2412 1650 2486 ἀγαλλιάσεως
1723 2417 1866 2491 παρά

251 2508 377 2567 τούς
442 2509 705 2578 μετόχους
785 2504 946 2558 αὑτοῦ
1029 2511 1102 2576 τῷ
1163 2508 1347 2577 κόσμῳ
1428 2500 1687 2568 ύπίδειξε.
1765 2509 1866 2557 Καὶ

253 2595 419 2648 πάλαι
623 2593 819 2667 ἐλέγετο
893 2597 1021 2670 πρὸς
1088 2601 1182 2647 τοῦ
1247 2600 1403 2661 Θεοῦ,
1471 2591 1865 2667 ἕξοργιζομίνου

253 2687 392 2739 κατὰ
450 2692 549 2737 τῶν
591 2683 929 2760 ἀμαρτὼλῶν,
979 2685 1050 2746 ὡς
1083 2683 1164 2736 Οὐ
1224 2687 1296 2758 μὴ
1357 2687 1503 2758 μείνῃ
1557 2702 1614 2736 το
1660 2685 1868 2756 Πνεῦμά

251 2793 358 2849 μου
409 2771 487 2827 ἄπ’
543 2772 754 2843 αύτούς,
815 2769 911 2826 διὰ
954 2775 1014 2826 τὸ
1069 2771 1198 2826 εἶναι
1265 2771 1456 2835 αύτούς
1489 2773 1733 2848 σάρκας·
1776 2779 1868 2826 τοῦ

254 2865 555 2936 Πνεύματος
583 2869 711 2936 γοῦν
768 2860 1136 2926 ἕξοικισθέντος
1191 2860 1527 2932 ἕκείθεν-τοῦ
1587 2864 1865 2926 ζωοποιοῦ,

251 2954 279 3006 ὁ
324 2954 630 3029 νεκροποιὸς
698 2951 1072 3024 κατακλυσμὸς
1176 2949 1524 3010 ἐπενηνεκται.
1608 2949 1868 3006 Ἐνταῦθα

251 3047 303 3096 τί
351 3059 366 3098 :
417 3047 630 3114 Πνεῦμα
681 3041 830 3114 ἅγιον
887 3039 1212 3094 ἕπελεύσεται
1254 3038 1340 3093 ἰπὶ
1407 3043 1485 3108 σε,
1562 3043 1652 3092 καὶ
1711 3035 1869 3093 δύνα-

1972 1805 2123 1856 mea,
2149 1790 2429 1847 columba
2448 1805 2612 1847 mea:
2632 1803 2762 1847 ecce
2784 1791 2935 1846 enim
2953 1789 3139 1846 hiems
3161 1791 3424 1859 transiit,
3440 1790 3634 1858 imber

1971 1879 2140 1936 abiit.
2161 1878 2402 1935 Nomine
2422 1883 2625 1935 autem
2640 1877 2936 1934 columbae
2956 1893 3074 1933 vox
3092 1878 3471 1936 Canticorum
3489 1894 3630 1950 gra-

1972 1969 2060 2026 tia
2087 1969 2329 2040 plenam
2358 1969 2467 2041 (IO)
2490 1968 2773 2043 appellat,
2809 1971 2936 2024 tum
2977 1968 3124 2040 quia
3152 1971 3276 2024 tota
3305 1972 3362 2024 et
3391 1983 3632 2041 semper

1971 2057 2051 2116 ad
2079 2073 2360 2115 normam
2383 2057 2631 2131 Spiritus
2653 2056 3043 2130 semetipsam
3072 2062 3638 2128 expresserat,eam-

1971 2163 2091 2223 que
2110 2162 2391 2205 normam
2421 2146 2757 2222 quamdam
2807 2145 2991 2203 veluti
3020 2149 3301 2203 naturam
3329 2145 3633 2215 induerat;

1973 2241 2102 2294 tum
2131 2235 2313 2294 etiam
2341 2235 2486 2311 quia
2513 2235 2698 2292 ﬁnem
2725 2235 2943 2292 hiemis
2963 2249 3233 2292 errorum
3257 2235 3637 2292 annuntiavit

1974 2324 2520 2399 hominibus,atque
2533 2330 2773 2380 unctum
2783 2325 2910 2380 oleo
2923 2324 3638 2394 exsultationispraapar-

1977 2415 2256 2486 ticipibus
2291 2412 3088 2486 suts(tt)mundoostendit.
3138 2412 3361 2469 Etolim
3384 2412 3634 2485 quidem

1979 2520 2015 2562 a
2044 2507 2183 2574 Deo,
2213 2504 2505 2562 adversus
2532 2507 2876 2578 peccatores
2901 2500 3329 2568 irato,dictum,
3348 2500 3640 2560 fuitzNon

1972 2594 2350 2665 permanebit
2370 2593 2634 2664 Spiritus
2664 2607 2827 2649 meus
2859 2591 2923 2647 in
2949 2591 3112 2661 ipsis,
3140 2596 3455 2662 propterea
3477 2591 3636 2664 quod

1979 2683 2417 2755 carosunt(12);
2437 2681 2688 2755 proinde
2703 2696 2844 2737 cum
2872 2679 3186 2736 viviﬁcans
3219 2679 3473 2752 Spiritus
3497 2678 3637 2736 inde

1976 2772 2338 2838 recessisset,
2361 2770 2732 2828 mortiferum
2753 2767 3067 2826 inductum
3081 2772 3169 2825 est
3188 2767 3509 2825 diluvium.
3533 2768 3634 2824 Hic

1980 2866 2182 2919 autem
2193 2859 2627 2934 quid?Spiritus
2638 2856 3528 2929 sanctus,inquitarchangelus,
3542 2873 3633 2911 su-

1976 2951 2259 3022 perveniet
2272 2951 2334 3006 in
2355 2953 2428 3015 te,
2447 2949 2686 3005 etvirtus
2704 2944 3353 3002 Altissimiobumbrabit
3385 2943 3488 3000 tibi
3499 2945 3634 3014 (13),

1976 3054 2112 3112 quae
2143 3054 2267 3112 prae
2293 3036 2578 3094 omnibus
2593 3033 2806 3092 creatis
2863 3048 3113 3108 prorsus
3139 3048 3203 3088 es
3244 3031 3636 3091 immaculata

249 3151 343 3206 μις
369 3138 464 3184 τοὺ
483 3129 735 3202 Ὑψίστου
761 3128 1064 3184 ἐπισκιάσει
1103 3149 1184 3182 σοι
1229 3136 1292 3202 τῇ
1343 3133 1872 3203 πανυπεραμωμήτῳ,
1904 3127 2066 3200 ἔλεγεν
2087 3127 2112 3179 ὀ
2145 3125 2490 3200 ἀρχάγγελος.

325 3219 456 3276 ΛΘ’.
487 3219 623 3275 Ἀλλ’
645 3219 1000 3274 ὶπιπλεκίσθω
1029 3223 1120 3272 καὶ
1168 3221 1236 3272 τὰ
1305 3216 1424 3282 ἑξῆς
1479 3225 1572 3270 τοῦ
1596 3223 1859 3290 ᾊσματοε

2053 3217 2270 3272 XXXIX.
2325 3216 2542 3270 Verum
2566 3216 2625 3269 et
2678 3227 2816 3284 quae
2860 3214 3196 3284 sequuntur
3247 3209 3308 3264 in
3367 3209 3632 3278 Cantica,

249 3317 314 3382 τῇ
383 3316 478 3364 τοῦ
532 3309 692 3382 λόγου
757 3310 858 3382 ὑφῇ
917 3329 931 3344 ο
992 3310 1182 3381 Καιρὸς
1239 3314 1332 3380 τῇς
1374 3314 1539 3379 τομῆς
1596 3308 1790 3379 ἔφθασε
1845 3329 1859 3342 ·

252 3405 392 3472 φωνὴ
447 3407 545 3462 τῆς
619 3417 868 3473 τρυγονος
947 3397 1185 3456 ἠκούσθη
1265 3394 1313 3448 ἐν
1394 3403 1457 3468 τῇ
1536 3402 1604 3467 γῇ
1697 3398 1867 3468 ἡμῶν,

251 3488 338 3543 Ἐν
391 3491 600 3552 τούτοις
679 3489 706 3541 ὁ
787 3483 1110 3563 προδραμὼν
1176 3493 1270 3539 τοῦ
1319 3487 1637 3561 παρθενικοῦ
1689 3488 1867 3553 τόκου,

1977 3304 2263 3362 orationis
2308 3307 2556 3359 texturae
2599 3302 2977 3369 inserantur;
3022 3301 3271 3368 Tempus
3298 3300 3632 3368 putationis

1975 3395 2262 3462 advenit;
2302 3407 2419 3449 v0.1:
2451 3392 2709 3446 turturis
2737 3389 2950 3446 audita
2978 3395 3063 3444 est
3107 3389 3171 3443 in
3213 3395 3376 3444 terra
3422 3393 3632 3444 nostra

1977 3484 2112 3556 (14).
2138 3487 2202 3539 In
2222 3482 2315 3539 his
2343 3495 2590 3554 germen
2636 3492 2876 3552 quoque
2917 3476 3129 3533 sterilis
3145 3492 3486 3550 praecursor
3514 3477 3628 3532 vir-

247 3586 348 3637 τῆν
409 3581 630 3652 στσίρας
685 3575 938 3651 βλαστὸς,
991 3579 1424 3652 παρεμφαίνεται.
1477 3578 1578 3627 Καὶ
1635 3576 1734 3646 γὰρ
1776 3577 1859 3624 καί

1974 3573 2130 3644 ginei
2177 3577 2406 3645 partus,
2459 3568 2639 3626 simul
2685 3566 3058 3640 exprimitur.
3107 3569 3170 3622 Et
3194 3581 3339 3622 sane
3371 3565 3625 3636 angelus

251 3667 531 3740 εὐάγγελος
613 3666 828 3740 ἄγγελος
911 3665 1224 3739 επισυνείρει
1319 3661 1613 3740 ἀμφότερα.
1695 3661 1859 3720 Εἰπὼν

1974 3661 2207 3719 faustus
2223 3660 2315 3717 ille
2337 3659 2582 3715 nuntius
2595 3662 2917 3728 utrumque
2935 3653 3112 3710 simul
3139 3654 3455 3711 connectit.
3480 3657 3628 3712 Nam

247 3759 354 3830 γάρ
410 3759 544 3832 πρὸς
591 3760 686 3817 τὴν
736 3757 997 3830 Παρθένον
1065 3776 1078 3789 ·
1127 3760 1339 3828 Πνεῦμα
1403 3752 1552 3826 ἅγιον
1609 3750 1859 3805 ἐπελεύσε-

1974 3756 2299 3825 postquam
2312 3747 2532 3818 Virgini
2543 3745 2906 3815 dixit:Spirit
2915 3759 2982 3799 us
2994 3749 3238 3801 sanctus
3250 3746 3626 3815 superveniet

247 3865 340 3899 ται
415 3844 507 3900 επὶ
590 3849 666 3918 σε,
754 3849 843 3898 καὶ
924 3841 1146 3918 δύναμις
1222 3842 1476 3915 Ὑψίστου
1570 3840 1859 3895 ἕπισκιάσει

1974 3843 2035 3898 in
2063 3846 2212 3909 te,et
2241 3837 2746 3898 virtusAltissimi
2781 3833 3157 3892 obumbrabit
3196 3833 3325 3900 tibi;
3379 3834 3625 3904 ideoque

421 3953 437 3971 ο
515 3930 602 3989 διὸ
682 3938 771 3988 καὶ
848 3937 906 3988 τὸ
970 3939 1280 4006 γεννώμενον
1339 3931 1488 4004 ἅγιον
1543 3929 1859 3990 κληθήσεται

1974 3931 2131 4004 quod
2158 3935 2440 3987 nascetur
2457 3932 2764 3983 sanectum
2795 3923 3108 3981 vocabitur
3123 3923 3314 3978 Filius
3346 3921 3459 3976 Dei
3479 3921 3618 3992 (15);

682 4021 970 4095 ἐπισυνῆψε
1027 4026 1234 4084 τούτοις
1290 4019 1443 4082 εὐθὺς
1504 4014 1859 4094 τὸνπροδρο-

1974 4019 2254 4076 continuo
2279 4016 2668 4092 praecursoris
2697 4011 3150 4084 conceptionem
3191 4009 3284 4064 liis
3323 4008 3617 4079 adjunxit,

829 4117 930 4167 Καὶ
999 4108 1118 4165 ἰδοὺ
1178 4109 1473 4177 Ἐλισάϐετ,
1513 4112 1542 4169 ἡ
1606 4113 1859 4181 συγγενής

1974 4108 2350 4182 inquienszEt
2413 4119 2544 4162 ecce
2588 4101 2900 4159 Elisabeth
2959 4105 3218 4170 cognata
3271 4104 3375 4154 tua
3395 4103 3449 4154 et
3485 4099 3618 4167 ipsa

251 3955 338 3989 σοι

248 4026 368 4086 Υἱός
423 4031 553 4079 Θειῦ
608 4043 622 4058 ·

247 4119 411 4189 μεκήν
443 4113 703 4186 σύλληψιν
755 4134 768 4148 ·

250 4224 371 4274 σου,
456 4203 634 4272 εἰπὼν,
692 4208 782 4256 καὶ
833 4205 967 4261 αὐτὴ
1045 4199 1413 4274 συνειληφυία.
1453 4200 1564 4252 υἱὸν
1620 4197 1668 4251 ἐν
1712 4203 1859 4272 γήρει

1974 4199 2233 4268 concepit
2262 4197 2457 4265 ﬁlium
2489 4196 2550 4250 in
2571 4195 2872 4249 senectute
2907 4203 3016 4245 sua
3045 4189 3156 4261 (l6)
3187 4187 3286 4243 Hic
3315 4190 3618 4242 estturtur

247 4294 433 4357 αὐτῆς.
499 4293 668 4356 Οὗτός
723 4290 862 4345 ἔστιν
917 4293 947 4350 ἠ
1017 4295 1220 4364 τρυγών
1259 4291 1290 4348 ἡ
1348 4288 1626 4363 φιλῃρημος
1659 4326 1673 4342 .
1707 4287 1856 4350 οὗτος

1974 4286 2306 4344 solitudinis
2340 4284 2570 4341 amicus
2607 4281 2742 4338 :hic
2775 4285 3012 4352 tempus
3039 4276 3367 4351 putationis
3397 4289 3615 4348 appro-

247 4389 342 4444 την
379 4387 546 4457 τομήν
603 4382 811 4456 ἇγγίσαι
857 4378 1294 4456 διαμαρτύρεται,
1342 4381 1472 4433 ὅπου
1501 4383 1631 4452 φησί
1663 4399 1676 4412 ·
1709 4373 1849 4437 Ἤδη

250 4469 311 4527 δέ
352 4478 443 4526 καὶ
495 4471 645 4538 ἀξίνη
696 4474 825 4547 πρὸς
863 4475 955 4530 τήν
1009 4471 1166 4546 ῥίζαν
1219 4477 1321 4523 τῶν
1379 4464 1608 4544 δένδρων
1660 4474 1846 4524 κεῖται.

322 4651 402 4721 (4)
422 4653 502 4708 De
521 4665 671 4707 voce
692 4648 1044 4703 inundantes
1073 4646 1163 4721 ita!
1185 4647 1446 4721 Henric;
1472 4644 1843 4721 Stephanus:

246 4717 656 4806 Hieronymus
669 4736 982 4806 ennarrans,
1002 4719 1165 4806 φειοὰ
1181 4718 1380 4804 βνίερί
1398 4717 1737 4806 Βίὺιίὸνιιρι
1758 4718 1848 4772 in-

248 4788 537 4866 terprete:
574 4788 974 4866 reddiderunt
995 4788 1140 4866 ύδῳρ
1172 4788 1541 4866 ἀνυπόστατον,
1573 4789 1847 4866 verbum,

245 4862 466 4938 inquit,
496 4864 663 4938 apud
685 4865 929 4938 Graecos
941 4862 1297 4932 ambiguum
1318 4865 1503 4938 est,et
1529 4863 1729 4938 potest
1753 4875 1846 4938 so-

246 4930 594 5010 na're,quod
621 4949 747 4992 non
764 4933 1076 5010 subsistat,
1089 4930 1148 4990 et
1173 4931 1339 5006 quod
1354 4930 1728 4990 intolerabile
1751 4931 1843 4988 sit.

315 5010 398 5082 (5)
429 5004 544 5082 I'sa,
579 5022 710 5082 ξεν,
749 5009 782 5064 1
802 5020 918 5082 sec.
943 5004 1095 5060 LXX.

317 5078 395 5152 (ϐ)
426 5078 671 5138 Malach.
703 5093 782 5145 iv,
809 5079 862 5152 2.

314 5145 395 5221 (7)
426 5151 538 5207 Isa.
569 5166 643 5214 ix,
676 5153 730 5221 2,
753 5145 1036 5221 etiam.
1065 5161 1140 5201 iv.
1174 5145 1262 5221 16.

315 5213 396 5294 (8)
427 5213 747 5297 Spirituale
775 5217 1068 5297 diluvium
1092 5220 1194 5297 est
1211 5214 1387 5272 ruina
1407 5213 1477 5297 .in
1501 5214 1848 5297 universum

247 5287 440 5364 genus
455 5287 562 5364 per
588 5291 780 5350 Adam
796 5289 1065 5364 inducta.
1092 5287 1276 5364 Porro
1288 5301 1390 5364 _res
1404 5287 1845 5364 ipsapostulat,

245 5357 323 5422 ne
340 5379 412 5422 eo
431 5357 654 5422 diluvio
683 5361 926 5436 periisse
951 5363 1189 5436 putetur
1212 5357 1497 5436 columba
1524 5357 1626 5414 illa
1651 5360 1849 5436 puris-

249 5437 429 5504 sima,
455 5451 594 5510 qua;
618 5428 1204 5510 nuntiapommunis
1233 5428 1444 5510 salutis
1469 5428 1740 5502 apparet.

321 5500 581 5579 (9)Ctint.
615 5507 787 5579 11,10.
815 5505 938 5560 Hoc
951 5502 1132 5579 etiam
1148 5500 1283 5559 loco
1303 5500 1634 5579 Germanus
1682 5503 1852 5579 omit-

249 5571 467 5653 ω’μδυ,
499 5571 667 5654 quod
693 5591 768 5636 ex
788 5575 1099 5636 communi
1125 5589 1283 5632 versi
1327 5573 1459 5632 LXX
1505 5571 1854 5646 adiungitur

1963 4377 2289 4450 pinquasse
2313 4378 2580 4440 testatur,
2610 4370 2715 4426 ubi
2747 4368 2829 4425 ait
2861 4386 2874 4425 :
2905 4369 3045 4425 Jam
3082 4367 3238 4424 enim
3259 4366 3482 4422 securis
3533 4365 3615 4420 ad

1958 4465 2218 4525 radicem
2248 4463 2532 4522 arbor-um
2556 4459 2756 4532 posita
2803 4463 2887 4516 est
2917 4456 3048 4530 (17).
3094 4458 3419 4530 Postquam
3449 4454 3610 4510 enim

1952 4662 2084 4703 VOCI
2108 4663 2386 4703 πεοιστερα
2399 4687 2412 4699 .

2023 4663 2084 4702 ω
2108 4663 2412 4719 περιστερα.
3085 4706 3096 4718 ⁶

2023 4719 2140 4781 (10)
2192 4715 2331 4771 Vibe
2371 4712 2514 4790 Deip
2532 4727 2662 4768 ram
2695 4712 3604 4790 antgnqmastl‘ce_?ﬁ;:ttxaptt'w-

1954 4778 2079 4864 μένη
2092 4809 2130 4850 ς.
2163 4789 2363 4854 qratia
2387 4778 2605 4855 plenae,
2644 4779 3046 4857 appellatione
3070 4778 3480 4847 designatam’.

2024 4860 2137 4915 till
2163 4843 2302 4915 Psal
2329 4872 2482 4915 xuv.
2513 4858 2546 4910 8

2024 4860 2137 4922 tu)
2167 4857 2302 4915 Psal
2329 4872 2482 4922 xuv,
2513 4858 2546 4910 8

2027 4860 2137 4930 ait)
2167 4860 2302 4915 Psal
2329 4872 2482 4922 xuv,
2513 4860 2546 4910 8
3251 4919 3262 4931 _

2027 4933 2138 5000 (I2)
2169 4932 2372 5000 Gen,“
2401 4970 2414 4995 ,
2447 4931 2476 4983 3
2535 4942 2659 5000 sec.
2715 4939 2902 5000 _vers._
2952 4922 3104 5000 l_.XX,
3169 4935 3342 5000 emus
3401 4922 3604 5000 tamen

1954 4991 2210 5071 Vulgata
2238 4991 2418 5056 editio
2451 4997 2633 5070 paulo
2676 4996 2843 5053 aliter
2887 4991 3090 5071 habet,
3135 4995 3206 5065 μὴ
3243 4995 3604 5071 καταμείνῃ...

1955 5063 2142 5146 ἕντοῖς
2169 5063 2471 5146 ἀνθριέξποιςξ
2484 5072 2687 5146 τούτοις
2714 5085 2727 5122 :
2759 5081 2938 5146 voces
2994 5063 3197 5122 autem
3227 5063 3298 5126 εἰς
3327 5063 3413 5117 τὸν
3444 5063 3607 5117 αίῶνα

1955 5143 2136 5202 etiam
2163 5144 2226 5201 in
2253 5139 2374 5199 edit
2407 5140 2602 5197 Aldin.
2651 5139 2890 5196 desunt.

2026 5215 2143 5286 (t3)
2175 5217 2311 5271 Luc.
2343 5229 2382 5282 ι,
2411 5216 2498 5268 35.

2025 5288 2140 5357 (ιι)
2171 5288 2332 5342 Cant.
2365 5288 2528 5349 ",12.

2029 5360 2141 5430 (15)
2177 5359 2368 5430 Lugd,
2402 5359 2492 5411 35.

2025 5427 2318 5500 (⁷16)Ιὺί(1.
2357 5430 2444 5483 se.

2029 5501 2145 5573 (I7)
2172 5501 2288 5557 Luc
2317 5513 2398 5568 ιιι,
2443 5501 2497 5554 9.

3679 5 3690 12 ·
3705 4 3926 44 σιν-ππ
3939 6 4010 40 ’ττ-

4057 159 4077 182 vi

4059 191 4077 248 ‘4.

4063 265 4077 298 Ἰ

4051 305 4074 328 ,ι

4057 327 4077 356 Ἡ

4057 393 4077 422 1

4053 445 4077 500 ’ἕ

4049 1079 4064 1100 ο

4065 843 4077 1052 ἓ

4065 1083 4077 1274 ἒ

4065 1281 4077 1356 J

4041 1409 4077 1486 Il

4043 1463 4077 1576 σέ

4035 1987 4044 2002 ο

4059 1621 4077 1824 ἒ

4047 1859 4077 1978 .i

4055 2059 4077 2206 “tl

4059 2237 4077 2276 η

4070 4229 4073 4286 ἕ

4071 4307 4073 4336 |

4070 4355 4073 4398 Ι

4070 4407 4073 4460 l
