4096 6208
3664 46 3667 47 ,
3688 38 3707 47 γ

3760 76 3787 107 ἢ

490 213 596 267 723
1664 211 1973 267 GERMANI
2013 209 2056 265 ΙΙ
2079 210 2161 265 CP
2185 211 2645 275 PATRIARCHE
3754 220 3863 275 724

491 335 686 393 hiems
705 335 1067 409 pertransiit,
1109 339 1165 390 et
1187 333 1457 391 vivificus
1486 334 1583 391 Sol
1606 335 1843 405 justitiae
1880 334 2134 406 resplen-

2258 344 2341 388 Δεῖ
2361 340 2484 414 γὰρ,
2517 338 2744 400 ἐπειὸἠὸ
2810 347 3008 415 χειμὼν
3063 341 3313 416 παρῆλθε,
3367 345 3455 393 καὶ
3489 343 3516 397 ὁ
3560 340 3705 404 ἣλιος
3772 350 3866 400 τῆς

495 424 646 495 duit,
695 424 988 498 ﬂosquee
1058 423 1259 478 radice
1315 424 1468 479 Iesse
1527 424 1899 495 germinavit,
1967 423 2134 496 plane

2259 422 2601 492 δικαιοσύνης
2635 432 2885 503 ζωογόνος
2935 432 3046 501 (18)
3106 430 3385 503 ἐπέλαμψε,
3440 436 3529 483 καὶ
3558 434 3617 482 τὸ
3669 429 3725 482 ἐκ
3766 438 3866 492 τῆς

494 516 727 585 oportet
758 518 821 568 ut
841 528 1215 584 quaecunque
1246 511 1511 581 arbores,
1542 513 1723 584 hujus
1773 512 1913 568 solis
1962 512 2134 567 radiis

2253 514 2406 590 ῥίζης
2478 518 2676 571 Ἰεσσαὶ
2714 522 2866 583 ἄνθος
2908 519 3243 587 ἐϐλάστησεν,
3296 521 3397 571 ὅσα
3451 528 3550 570 τῶν
3606 508 3859 592 δένδρων,

495 602 865 657 circumfotm
887 601 945 655 in
978 599 1224 671 pristina
1247 601 1564 667 sterilitate,
1590 601 1820 657 nullum
1848 600 2134 671 frugifera

2254 608 2383 676 μετὰ
2421 612 2511 665 την
2552 606 2605 661 ἐκ
2634 618 2725 661 τοῦ
2776 610 2924 668 ἡλίου
2978 609 3311 682 περίθαλψίν,
3376 608 3459 661 ἐπὶ
3502 618 3596 667 τῆν
3647 617 3865 681 πρώτης

493 692 628 746 vitae
659 706 905 745 succum
943 690 1375 761 promittentes,
1402 695 1799 762 perseverant.
1831 693 1960 747 Jam
1993 692 2134 747 exci-

2253 698 2496 765 μένουσιν
2548 694 2832 771 ἀκαρπίας,
2887 694 3153 771 μηδεμίαν
3232 694 3435 770 ἰκμάδα
3480 706 3573 759 τῆς
3640 697 3866 760 εὐζωίας

494 780 734 848 dantur,
784 784 840 834 et
879 779 939 834 in
972 779 1173 848 ignem
1229 778 1622 848 conjiciantur
1680 786 1735 835 et
1765 780 2138 836 comburan-

492 870 715 939 ἴοι-«19)
757 871 1028 940 Namque
1061 868 1475 940 aequissimum
1526 874 1582 925 et
1626 868 1685 923 id
1744 869 2134 940 itajudicavit

2253 878 2341 925 καὶ
2384 876 2649 929 καίεσθαι,
2712 881 2919 929 Δίκαιον
2966 880 3066 951 γὰρ
3116 882 3204 929 καὶ
3258 884 3409 928 τοῦτο
3447 878 3582 927 οὕτω
3624 884 3721 939 τῆς
3779 873 3863 927 δι-

495 957 591 1014 Sol
613 957 871 1029 justitiae:
930 959 1001 1013 Ut
1037 958 1183 1029 quid
1229 958 1403 1028 enim,
1457 956 1669 1030 inquit,
1709 959 1887 1015 etiam
1920 966 2134 1015 terram

2253 965 2527 1024 καιοσύνης
2558 966 2582 1015 ό
2616 964 2752 1029 ἣλιος
2781 970 3010 1040 κέκρικεν
3046 987 3058 998 ·
3115 965 3225 1018 Ἵνα
3273 971 3323 1018 τί
3374 968 3497 1040 γὰρ,
3558 969 3713 1038 φησὶ,
3769 970 3863 1017 καὶ

492 1054 742 1118 occupat
773 1048 883 1119 (‘20)
907 1050 933 1105 ?

565 1139 668 1191 XL.
702 1138 933 1203 Quanta
954 1152 1095 1192 vero
1123 1136 1267 1192 mihi
1292 1136 1703 1208 exemplorum
1731 1137 1904 1210 copia
1927 1153 2139 1211 suppe-

491 1225 577 1289 tit,
606 1226 827 1299 quibus
873 1225 1055 1281 veluti
1111 1225 1412 1281 coloribus
1466 1225 1769 1282 hodiernae
1810 1226 2134 1283 festivitatis

2253 1248 2346 1279 των
2378 1233 2434 1280 τό
2460 1225 2703 1300 δαψιλὲς,
2732 1226 2805 1282 δι’
2835 1231 2901 1282 ὧν
2922 1235 2978 1283 τό
3010 1239 3104 1293 τῆς
3130 1235 3395 1306 παρούσης
3418 1230 3597 1306 ἑορτῆς
3624 1232 3860 1304 προεζωο

489 1315 841 1387 mysterium
864 1314 1095 1387 pridem
1105 1315 1126 1385 j
1136 1331 1232 1369 am
1248 1315 1323 1369 ad
1339 1315 1539 1370 vivum
1561 1316 1941 1385 designatum
1972 1332 2134 1387 repe-

2253 1326 2492 1391 γραφεῖτο
2536 1324 2829 1394 μυστήριον
2890 1320 2901 1375 i
2961 1320 3018 1373 Ἠ
3075 1330 3460 1395 πρωτομηνίτις
3514 1320 3645 1377 αὕτη
3700 1340 3862 1393 κορυα

488 1404 635 1460 ritur
676 1405 688 1459 ι
724 1404 934 1461 Mensis
966 1405 1095 1469 iste,
1129 1404 1489 1477 principium
1521 1404 1819 1460 mensium
1858 1409 1915 1460 et
1961 1405 2137 1460 totius

488 1494 673 1549 annui
714 1492 1229 1565 orbiscaput,ipse
1244 1492 1543 1564 est,quiin
1568 1496 1821 1565 Egypto
1858 1493 2136 1549 Israelem

488 1582 635 1637 vidit
656 1588 779 1638 tum
798 1583 857 1637 in
880 1582 1091 1637 mediis
1114 1581 1553 1637 calamitatibus
1592 1585 1919 1638 intuentem
1952 1597 2134 1638 suave

2253 1581 2379 1637 εἶδεν
2413 1582 2594 1638 ἰδόντα
2629 1596 2735 1659 φῶς
2761 1587 2925 1659 γλυκὺ
2967 1597 3059 1652 τῆς
3114 1587 3421 1662 ἐλευθερίας,
3479 1596 3570 1642 καὶ
3628 1596 3859 1661 φυγόντα

488 1671 774 1727 libertatis
794 1671 1019 1737 lumen,
1041 1676 1166 1726 tum
1188 1676 1530 1744 exemptum
1550 1688 1657 1742 per
1682 1672 2037 1741 sanguinem
2057 1673 2134 1730 ab

2253 1670 2321 1726 δι’
2348 1676 2568 1747 αἳματος
2594 1680 2679 1729 τόν
2727 1677 3064 1751 ὀλοθρεύοντα
3121 1678 3337 1750 ἄγγελον
3395 1696 3406 1708 ’
3449 1682 3735 1754 μαρτύριον
3794 1674 3856 1731 δὲ

489 1759 703 1831 angelo
734 1762 1191 1816 exterminatore
1218 1778 1231 1827 ;
1262 1761 1433 1831 cujus
1462 1760 1544 1816 rei
1602 1761 1766 1816 testis
1806 1765 1931 1817 erat
1969 1779 2134 1818 sacer

2253 1766 2429 1815 τούτου
2462 1772 2552 1816 τοῦ
2577 1767 2777 1837 Πάσχα
2801 1768 2829 1823 ἡ
2861 1765 3057 1824 τελετή.
3092 1766 3228 1820 Ἀλλ’
3252 1766 3430 1819 ἐκεῖνοι
3470 1770 3561 1839 μὲν
3594 1773 3857 1843 προσκαίο

486 1849 791 1923 paschalis
844 1850 1011 1906 ritus.
1058 1851 1269 1904 Verum
1326 1848 1405 1905 illi
1434 1849 1796 1922 temporaria
1833 1852 2132 1922 servitute,

489 1943 668 2011 atque
688 1938 1006 1994 laboriosis
1025 1938 1328 2002 mrumnis,
1353 1954 1488 2011 quae
1518 1937 1729 1994 saltem
1753 1955 1858 2011 per
1879 1946 2131 1997 mortem

488 2033 744 2093 cessant,
778 2043 848 2083 ea
887 2025 1451 2082 occasioneliberati
1481 2025 1735 2084 fuerunt.
1777 2032 1846 2083 At
1879 2025 1977 2099 illi,
2029 2030 2131 2101 qui

486 2116 563 2173 ab
588 2117 778 2172 Adam
809 2116 904 2171 vel
937 2132 1124 2185 usque
1156 2115 1232 2170 ad
1265 2115 1425 2172 hunc
1455 2115 1666 2170 Christi
1698 2116 2019 2173 adventum
2049 2117 2131 2174 vi-

485 2212 606 2262 tam
637 2205 936 2273 ﬁnierunt,
979 2204 1356 2278 tyrannidem
1384 2220 1525 2259 sane
1553 2203 1942 2272 acerbiorem,
1971 2207 2028 2261 in
2051 2213 2131 2262 te-

481 2295 827 2350 nebricosas
840 2292 1151 2349 inferorum
1171 2292 1341 2348 sedes
1355 2292 1783 2349 descendentes
1799 2295 1959 2366 passi
1974 2301 2129 2352 sunt.

2253 2302 2347 2351 Καὶ
2372 2302 2436 2350 τὰ
2466 2297 2513 2350 ἐν
2544 2300 2770 2371 Ψαλμοῖς
2824 2301 3069 2375 εἰρημένα
3127 2309 3236 2364 τοῖς
3289 2311 3360 2372 τῷ
3402 2304 3599 2372 θανάτῳ
3641 2308 3732 2353 καὶ
3782 2310 3857 2372 τῷ

483 2386 548 2438 Et
577 2388 731 2438 certe
758 2384 949 2454 aptius
979 2381 1470 2454 his,quivinculis
1488 2382 1693 2437 mortis
1716 2389 1893 2454 atque
1917 2382 2134 2440 infero-

2253 2382 2351 2459 ᾅδῃ
2447 2394 2871 2462 τυραννουμένοις
2934 2388 3122 2463 μᾶλλον
3159 2390 3409 2465 ’ἀρόσειεν
3450 2412 3463 2423 ο

479 2488 615 2527 rum
648 2471 863 2543 captivi
893 2470 1331 2532 detinebantur,
1356 2471 1701 2525 convenerit
1732 2488 1866 2543 quae
1890 2472 1946 2526 in
1984 2471 2132 2529 Psal-

482 2561 598 2617 mis
625 2560 783 2617 dicta
813 2565 951 2615 sunt
980 2577 991 2614 :
1016 2561 1095 2615 Et
1125 2560 1537 2615 clamauerunt
1566 2559 1802 2633 (inquit)
1833 2561 1914 2617 ad
1942 2564 2135 2617 Domi-

482 2666 784 2712 num,cum
818 2648 1269 2718 tribularentur,
1302 2648 1444 2704 etde
1474 2651 1911 2706 necessitatibus
1936 2667 2135 2707 eorum

485 2739 753 2796 liberavit
775 2738 1065 2795 eosulﬁsit
1109 2738 1359 2794 Verbum
1390 2754 1583 2803 suum,
1610 2745 1661 2793 el
1680 2741 1920 2809 sanavit
1939 2756 2048 2802 eos,
2083 2744 2136 2796 et

483 2823 698 2899 eripuit
715 2843 807 2883 eos
827 2830 898 2883 de
918 2828 1310 2883 interionibus
1324 2842 1521 2883 eorum
1547 2827 1683 2898 (l2).
1704 2830 1887 2884 Nemo
1906 2829 2133 2901 quippe

2253 2824 2358 2892 δείς
2388 2833 2486 2903 γὰρ
2548 2832 2712 2904 ἔτερος
2769 2833 2906 2884 κατὰ
2947 2833 3166 2884 θανάτου
3225 2838 3472 2906 τρόπαιον
3512 2835 3725 2903 ἔστησε,
3764 2839 3859 2886 καὶ

484 2916 638 2974 alius
660 2916 734 2973 de
748 2921 938 2973 morte
956 2922 1253 2990 tropaeum
1271 2916 1470 2983 erexit,
1486 2920 1541 2971 et
1563 2921 1841 2973 naturam
1864 2935 1899 2973 a
1930 2935 2134 2974 corru-

2253 2926 2342 2980 τῆς
2390 2914 2679 2993 διαφθορᾶς
2752 2924 2843 2978 τὴν
2926 2922 3080 2991 φύσιν
3133 2918 3442 2987 ἀπήλλαξεν,
3483 2921 3526 2972 εἰ
3576 2926 3701 2994 μηο
3765 2930 3859 2974 τοῦ

485 3007 685 3077 ptione
702 3005 991 3070 liberavit,
1007 3004 1119 3061 nisi
1137 3006 1323 3061 Patris
1342 3004 1671 3060 subsistens
1697 3012 1753 3061 et
1772 3011 2134 3062 coeeternum

2253 3010 2455 3081 Πατρός
2502 3007 2851 3069 ἑνυπόστατος
2926 3013 3091 3080 Λόγος
3151 3006 3240 3060 καὶ
3295 3005 3577 3077 συναίδιος,
3650 3011 3699 3070 ὃς
3743 3013 3860 3062 κατ’

486 3094 767 3161 Verbum,
790 3095 895 3167 qui
945 3094 1277 3150 secundum
1325 3099 1639 3166 paternum
1694 3094 2134 3168 beneplacitum

2253 3091 2489 3147 εὐδοκίαν
2559 3093 2674 3148 ἰδοὺ
2761 3101 3020 3171 πατρικὴν
3092 3098 3402 3170 ἀφικνεῖται,
3486 3106 3567 3150 ἶνα
3644 3104 3861 3171 γένηται

489 3200 623 3240 ecce
654 3184 917 3250 advenit,
950 3190 1013 3239 ut
1042 3184 1387 3240 incarnatus
1427 3199 1497 3238 ex
1530 3183 1797 3252 virgineo
1847 3185 2134 3255 sanguine

2253 3191 2572 3258 πρωτότοκος
2631 3184 2678 3237 ἐν
2746 3186 2948 3247 πολλοῖς
2994 3182 3237 3259 ἀδελφοῖς
3304 3184 3396 3239 διὰ
3445 3197 3538 3251 τῆς
3605 3187 3660 3239 ἐκ
3719 3209 3862 3263 παρ-

490 3273 564 3329 sit
587 3274 1018 3344 primogenitus
1044 3274 1105 3327 in
1128 3274 1332 3328 multis
1370 3272 1671 3342 fratribus
1691 3277 1822 3343 (22),
1851 3278 2141 3344 etcogna-

491 3366 585 3418 tos
609 3378 753 3418 suos
777 3362 1012 3418 invisat.
1063 3362 1363 3417 Manifeste
1416 3363 1572 3416 enim
1615 3367 1986 3434 compertum
2029 3369 2134 3433 est,

492 3452 813 3507 Dominum
838 3468 867 3507 e
899 3452 1053 3507 tribu
1092 3450 1259 3505 Judaa
1325 3454 1520 3505 ortum
1552 3467 1700 3504 esse.
1738 3451 1853 3506 Erit
1916 3456 2139 3520 autem,

494 3541 744 3613 quando
776 3546 1020 3613 propter
1060 3538 1306 3595 fratrum
1360 3538 1647 3593 invidiam
1690 3542 1749 3594 in
1822 3534 2139 3612 Egythm,

496 3628 558 3684 in
583 3629 898 3684 tenebrosa
938 3644 1154 3700 nempe
1181 3627 1395 3683 inferni
1416 3642 1621 3695 regna,
1654 3626 1994 3684 descendet.

571 3717 700 3772 XLI.
727 3717 877 3781 Quin
910 3715 1087 3771 etiam
1121 3714 1267 3770 vidit
1288 3714 1381 3770 hic
1408 3715 1662 3787 (primus
1688 3717 1931 3786 mensis)
1963 3734 2134 3790 Opere

2322 3721 2449 3774 MA'.
2498 3724 2572 3772 0'3
2615 3727 2717 3795 μὴν
2773 3721 2897 3773 ἀλλὰ
2950 3728 3040 3775 καὶ
3101 3727 3194 3781 τὴν
3248 3728 3443 3781 σκηνὴν
3516 3723 3711 3782 ἐκείνην
3758 3730 3852 3783 την

496 3806 858 3880 completum
886 3806 996 3877 (23)
1029 3804 1474 3859 tabernaculum
1528 3803 1671 3859 illud
1714 3805 1940 3874 vectile,
1974 3806 2134 3878 cujus

2253 3816 2622 3883 μεταφόρητον,
2675 3812 2732 3871 ἧς
2789 3807 3175 3887 ἀρχιδομήτωρ
3239 3810 3498 3880 Βεσελεὴλ,
3566 3817 3662 3870 τὴν
3717 3815 3860 3888 Θεμε-

496 3896 775 3969 princeps
817 3894 1022 3951 artifex
1076 3894 1183 3949 fuit
1225 3892 1501 3959 Beseleel,
1556 3893 1697 3949 nulli
1752 3895 1954 3967 utique
2005 3896 2134 3951 sub-

2253 3896 2386 3960 λίους
2408 3904 2496 3971 μὲν
2528 3900 2621 3951 οὐκ
2672 3902 2925 3971 ἔχουσαν,
2972 3903 3166 3962 τύπους
3214 3897 3271 3952 δὲ
3321 3907 3472 3973 μόνον
3517 3894 3722 3954 ἔνδοθεν
3778 3923 3863 3955 πε-

494 3985 700 4041 ιιὶιιιιιιι
729 3983 1145 4049 fundamento,
1197 3982 1355 4038 intus
1412 3998 1551 4037 vero
1609 3983 1751 4038 nihil
1811 3984 2134 4053 continens,

2253 3988 2577 4062 ρικλείουσαν
2624 3998 2721 4050 τῆς
2775 3988 3021 4050 ἀληθινῆς
3116 3999 3330 4059 σκηνῆς,
3426 3996 3514 4042 καὶ
3582 3990 3857 4064 ἐμψύχου,

496 4074 607 4129 nisi
638 4073 861 4145 figuras
886 4073 1007 4128 veri
1030 4071 1418 4141 tabernaculi,
1442 4075 1499 4125 et
1523 4072 1801 4127 animatae
1822 4072 1978 4127 illius
2009 4090 2134 4130 vere

2253 4082 2367 4150 περὶ
2420 4077 2483 4138 ἧς
2527 4084 2615 4130 καὶ
2670 4075 3061 4148 ἐψαλτῳδηται,
3118 4078 3176 4129 Ὀ
3224 4084 3346 4139 Θεος
3387 4078 3434 4130 ἐν
3500 4085 3643 4152 μέσῳ
3700 4080 3864 4141 αὐτῆς

494 4164 988 4231 sanctiﬁcationis
1028 4165 1225 4224 Art-ce,
1258 4160 1332 4216 de
1362 4177 1483 4232 qua
1515 4162 1689 4215 etiam
1735 4168 2037 4218 cantatum
2082 4164 2139 4219 in

496 4250 744 4305 Psalmis
776 4252 913 4306 fuit:
947 4252 1100 4306 Deus
1128 4252 1185 4304 in
1224 4250 1615 4317 medioejuset
1636 4268 1750 4305 non
1766 4252 2142 4310 commovebi-

495 4338 869 4407 tur(24lTum
910 4338 1203 4393 dedicatio
1236 4338 1622 4408 tabernaculi,
1666 4339 1779 4394 hoc
1807 4340 1939 4411 ipso
1980 4359 2134 4396 men-

2254 4344 2450 4397 θέαται.
2498 4347 2597 4395 Καὶ
2648 4345 2713 4394 τὰ
2762 4342 2995 4413 ἐγκαίνια
3042 4352 3143 4404 τοῖς
3194 4345 3544 4418 Ἰσραηλίταις
3596 4347 3645 4397 ἐν
3690 4352 3863 4419 τούτῳ

495 4442 555 4481 se
579 4426 655 4481 ab
680 4425 953 4480 lsraelitis
985 4425 1284 4480 celebrata
1305 4431 1399 4480 est
1431 4426 1563 4496 (35).
1618 4426 1775 4481 Adeo
1806 4443 2020 4500 nempe
2061 4429 2134 4484 di-

2253 4434 2726 4505 πεπανηγύρισται.
2786 4432 2935 4483 Οὕτω
2998 4438 3256 4504 μεγίστης
3332 4430 3605 4508 φροντίδος
3665 4435 3859 4497 ἠξίωτο

492 4531 678 4585 gnum
704 4514 970 4568 maxima
991 4529 1134 4568 cura
1169 4513 1418 4567 Domino
1479 4515 1596 4568 Deo
1626 4514 1817 4570 visum
1858 4520 1946 4570 est
1992 4516 2140 4572 divi-

488 4620 633 4658 num
667 4603 811 4658 illud
843 4618 913 4657 ac
938 4617 1226 4672 magnum
1268 4602 1818 4674 mysterium,quod
1850 4605 2140 4663 hodierna

485 4691 581 4747 die
623 4690 943 4764 perficitur,
989 4704 1059 4744 ac
1100 4694 1418 4761 propterea
1443 4690 1621 4745 variis
1666 4696 1803 4746 ante
1844 4693 2138 4765 symbolis

480 4781 850 4854 descriptum
892 4778 1016 4835 fuit.
1808 4818 1817 4829 ,

550 4872 705 4927 XLII.
754 4874 921 4926 Nunc
964 4869 1143 4925 etiam
1185 4869 1509 4938 Sapientia:
1559 4870 1669 4926 Dei
1708 4869 1927 4925 domus
1985 4888 2132 4928 con-

2321 4876 2443 4930 MB'.
2520 4881 2790 4949 Πηγνυτοιι
2829 4883 2919 4930 καὶ
2956 4886 3044 4930 νῦν
3096 4886 3158 4951 τῇ
3210 4884 3367 4951 Σοφίᾳ
3410 4886 3500 4931 τοῦ
3553 4888 3690 4933 Θεοῦ
3747 4880 3862 4935 i0:-

2253 781 2686 858 ἐπαγγελλόμενα,
2717 786 3081 854 ἐκκόπτεσθαι,
3132 793 3220 840 καὶ
3278 787 3349 850 εἰς
3398 795 3500 859 πῦρ
3549 786 3861 860 βάλλεσθαι,

2248 1059 2347 1122 γῆν
2376 1061 2630 1128 καταργεῖ
2658 1072 2671 1119 ;

2320 1139 2401 1193 Μ’.
2433 1139 2500 1192 Ὠ
2550 1147 2725 1194 πόσων
2766 1162 2858 1216 μοι
2892 1152 2991 1194 τῶν
3032 1140 3497 1217 παραδειγμάτων,
3543 1145 3611 1205 ὡς
3637 1145 3863 1217 χρωμά-

2248 1411 2392 1479 φαία,
2427 1412 2513 1459 καὶ
2537 1412 2728 1463 παντὸς
2757 1417 2846 1460 του
2895 1417 3148 1484 χρονικοῡ
3195 1409 3655 1482 κυκλοφορηματος
3709 1410 3861 1482 ἔξαρ-

2247 1514 2362 1565 χος,
2394 1500 2598 1547 καὶτὸν
2658 1495 3081 1554 τληπαθέστατον
3141 1500 3256 1550 κατ’
3313 1498 3580 1569 Αἴγυπτον
3641 1498 3857 1573 Ἰσραὴλ

2242 1872 2336 1927 ρου
2392 1848 2644 1920 δουλείας,
2712 1859 2798 1905 καὶ
2854 1852 3206 1929 ἐργομοχθίας
3260 1858 3457 1928 θανάτῳ
3526 1856 3855 1928 ἀναπαυομ-

2244 1961 2354 2007 νης,
2380 1942 2496 1993 κατ’
2545 1941 2705 1995 ἐκεῖνο
2733 1952 2917 2017 καιροῦ
2952 1942 3229 1997 ἀπελύοντο
3261 1961 3273 1972 ·
3308 1947 3357 1997 οἱ
3412 1941 3470 1997 δε
3520 1944 3620 1997 ἀπὸ
3674 1942 3854 2017 Ἀδὰμ

2244 2032 2333 2092 ἕως
2379 2037 2468 2082 καί
2524 2032 2594 2093 εἰς
2647 2032 2811 2091 αὐτὴν
2872 2038 2965 2092 τὴν
3018 2040 3312 2107 παρουσίαν
3368 2041 3599 2107 Χριστοῦ
3647 2040 3704 2086 τὸ
3757 2038 3854 2106 ζῇν

2244 2120 2649 2190 καταλύσαντες,
2700 2127 2793 2180 τὴν
2848 2128 3149 2197 πικροτέραν
3208 2124 3488 2195 ὑφίσταντο
3539 2120 3850 2198 τυραννίδα,

2246 2208 2329 2261 ἐπὶ
2386 2214 2480 2267 την
2540 2215 2806 2269 σκοτεινὴν
2862 2218 3142 2285 παροικίαν
3186 2211 3503 2273 καταϐάντες
3551 2220 3642 2263 τοῦ
3694 2209 3853 2282 ᾁδου.

3522 2389 3859 2465 Ἐκέκραξαν,

2246 2481 2400 2548 φησὶ,
2455 2481 2585 2550 πρὸς
2637 2481 2723 2528 τόν
2772 2482 2959 2551 Κύριον
3048 2477 3095 2529 ἐν
3150 2486 3221 2531 τῶ
3302 2478 3569 2531 θλιϐεσθαι
3645 2479 3857 2540 αὐτοὺς.

2245 2570 2333 2615 καὶ
2399 2564 2452 2616 ἐκ
2506 2574 2604 2618 τῶν
2665 2565 2901 2637 ἀναγκῶν
2956 2567 3123 2619 αὐτῶν
3198 2571 3389 2619 ἴσωσεν
3464 2568 3674 2628 αὐτούς.
3746 2574 3862 2620 Απ-

2247 2652 2438 2705 έστειλε
2500 2658 2585 2705 τόν
2660 2660 2821 2725 Λόγον
2881 2655 3041 2709 αὐτοῦ
3094 2661 3184 2707 καὶ
3237 2656 3421 2707 ἰάσατο
3465 2657 3655 2717 αὐτούς
3706 2699 3719 2711 .
3765 2663 3857 2708 καὶ

2248 2738 2497 2816 ἐρρύσατο
2578 2746 2768 2804 αὐτοὺς
2846 2742 2900 2794 ἐκ
2957 2752 3055 2795 τῶν
3122 2740 3418 2818 διαφθορῶν
3484 2745 3673 2799 αὐτῶν.
3752 2745 3855 2796 Οὐ-

2252 3280 2457 3329 θενικών
2538 3279 2769 3350 αἱμάτων
2856 3285 3191 3351 σαρκώσεως,
3262 3288 3351 3331 και
3419 3283 3509 3330 τοὺ
3596 3288 3863 3351 συγγενεῖς

2250 3364 2618 3436 ἐπισκέψηται.
2670 3362 2939 3440 Πρόδηλον
2971 3370 3070 3441 γὰρ
3129 3369 3209 3420 ὅτι
3250 3366 3303 3430 ἐξ
3359 3363 3537 3421 Ἰούδα
3585 3370 3610 3419 ὁ
3675 3374 3861 3442 Κύριος

2252 3454 2601 3509 ἀνατέταλκεν.
2669 3454 2857 3508 Ἔσται
2923 3452 3001 3523 δὲ,
3062 3458 3143 3508 ὅτε
3215 3458 3488 3528 φθονηθεὶς
3571 3457 3672 3508 ὑπὸ
3762 3464 3861 3510 τῶν

2258 3540 2445 3615 ἀὸελφν
2486 3543 2557 3605 εἰς
2627 3546 2886 3615 Αἴγυπτον
2918 3543 3296 3615 καταϐήσεται,
3348 3551 3437 3597 καὶ
3495 3547 3561 3598 τὰ
3615 3552 3859 3599 σκοτεινά

2250 3641 2341 3684 του
2362 3628 2493 3703 ᾅδου
2523 3630 2784 3706 βασίλεια.

2251 4170 2339 4217 καὶ
2419 4165 2476 4217 οὐ
2563 4165 2960 4234 σαλευθὴσεται,
3058 4176 3146 4228 τῆς
3241 4170 3395 4229 όντως
3461 4167 3688 4221 κιϐωτοῦ
3771 4180 3863 4222 του

2252 4254 2601 4327 ἁγιάσματος,
2653 4257 2677 4307 ό
2730 4259 2833 4327 μὴν
2889 4254 3034 4316 οὗτος
3109 4262 3201 4315 την
3272 4256 3427 4319 πῆξιν
3466 4256 3731 4310 λαϐοῦσαν
3784 4280 3862 4311 τε-

2256 4530 2325 4591 τῴ
2388 4527 2619 4593 Δεσπότῃ
2671 4529 2783 4591 Θεῷ
2836 4525 2893 4573 τὸ
2950 4525 3242 4594 τελούμενον
3296 4529 3520 4596 σήμερον
3583 4527 3862 4599 Θεοπρεπες

2253 4615 2343 4662 καὶ
2390 4616 2527 4683 μέγα
2554 4616 2879 4686 μυστήριον.
2923 4617 3013 4664 καὶ
3064 4615 3204 4689 παρὰ
3262 4621 3415 4665 τοῦτο
3458 4614 3713 4676 ποικίλοις
3744 4636 3862 4688 τρο-

2249 4702 2572 4774 χαράγμασι
2600 4706 2997 4776 προίστόρηται.

2242 5067 2335 5105 mo
2359 5066 2555 5107 mense
2577 5053 2727 5107 anni
2756 5052 3022 5115 secundi,
3060 5054 3261 5122 prima
3290 5054 3387 5110 die
3412 5055 3652 5123 mensis,
3680 5058 3859 5113 collo-

2241 5126 2448 5178 catum
2491 5130 2573 5177 est
2603 5124 3083 5180 tabernaculum.

2316 5195 2433 5269 (24)
2466 5193 2615 5248 Psal.
2649 5211 2773 5261 xu,
2803 5193 3862 5269 6.Particulamet,quaeetaVulgata

2238 5264 2477 5325 Latina,
2514 5271 2569 5320 et
2597 5281 2633 5320 a
2657 5267 2963 5321 communi
3000 5268 3197 5321 Grmca
3227 5264 3635 5323 LXX’lectione
3665 5264 3857 5335 abest,

2235 5335 2497 5390 retinent
2529 5340 2728 5391 tamen
2763 5352 2899 5392 cum
2934 5340 3231 5393 Germano
3248 5337 3538 5395 editiones
3561 5337 3780 5396 Aldina
3800 5346 3857 5396 et

2237 5408 2377 5463 Com
2389 5406 2702 5478 plutengsis.

2304 5476 2419 5551 (24)
2453 5476 2621 5563 Conf.
2692 5476 2875 5534 Exod.
2909 5495 3001 5562 XL,

545 5050 655 5183 £18)
690 5050 963 5120 ζωογόνον.

578 5123 658 5183 19)
692 5121 831 5174 Luc.
867 5135 946 5183 ιιι,

578 5123 658 5191 19)
692 5121 831 5174 Luc.
867 5135 946 5185 ιιι,
988 5122 1042 5175 9.

540 5192 653 5258 (20)
688 5192 820 5245 Luc.
847 5206 966 5253 xm,
992 5196 1044 5243 7.

541 5261 653 5327 (2n
684 5261 831 5316 Psal.
870 5277 976 5320 ενι.
1008 5264 1076 5315 '20
1105 5266 1161 5317 et
1192 5262 1279 5317 28.

539 5335 650 5401 ('22l
692 5334 857 5387 Rom.
891 5348 1006 5399 vm,
1043 5335 1130 5386 29.

531 5407 646 5474 (23)
682 5403 866 5459 Exod.
898 5419 982 5466 XL,
1017 5405 1048 5455 2
1072 5408 1127 5457 et
1163 5407 1243 5458 45:
1299 5404 1501 5459 Mense
1549 5406 1767 5472 primo,
1792 5408 2001 5474 prima
2031 5408 2123 5461 die

457 5470 692 5541 mensis,
720 5476 874 5545 erige
888 5474 1345 5531 tabernaculum
1360 5470 1751 5530 testinionii...
1776 5470 2118 5549 Igiturpri-

4085 0 4087 97 ι
