4096 6208
243 186 354 240 725
1275 217 1278 220 ~
1355 188 1426 246 ΙΝ
1464 189 1860 250 ANNUNTIAT

2004 189 2082 248 ΞΜ
2115 189 2178 246 Β.
2215 187 2480 250 MARLE.
3509 187 3621 256 726

241 307 496 381 μελίωτος
545 304 684 369 οἶκος
728 311 794 361 τά
847 330 907 384 γε
969 315 1038 373 εἰς
1113 309 1368 388 ἀνδρικὴν
1423 320 1696 390 συνεργίαν
1759 317 1850 370 καὶ

1996 314 2219 383 truitur,
2252 311 2640 388 eaque,quod
2659 311 2738 368 ad
2767 311 3104 368 humanam
3129 311 3613 386 cooperationem

241 399 442 469 φύσεως
500 396 830 454 ἀκολουθίαν.
915 399 1170 455 Ἐνταῦθα
1218 407 1316 477 γὰρ
1373 406 1398 456 ὁ
1447 406 1640 466 ἓνοικὸς
1735 406 1848 455 ἐστι

1996 402 2316 460 tordinem
2347 406 2574 458 natura;
2615 403 2862 474 spectat,
2920 405 3130 457 carens
3183 399 3611 458 fundamentis.

241 493 338 540 τοῦ
368 489 514 539 οἴκου
547 486 774 559 θεμελιος
794 494 882 542 καὶ
935 490 1020 543 ἐπὶ
1075 499 1149 561 τῷ
1216 488 1481 564 οἰκοδόμῳ
1538 489 1847 566 παραδόξως

1999 491 2062 547 lic
2091 491 2250 546 enim
2275 489 2641 546 inhabitator
2669 488 2798 561 ipse
2819 492 2907 544 est
2962 488 3352 548 habitationis
3404 489 3616 546 funda-

240 577 268 627 ὁ
306 573 446 636 οἶκος
475 574 803 648 ἐστήρικται.
833 577 892 632 Ἡ
934 579 1062 638 αὐτὴ
1114 584 1214 656 γὰρ
1237 589 1330 634 τοῦ
1389 587 1558 653 Αόσγου
1619 581 1848 634 ὑποστα-

2000 583 2228 635 lentum
2263 583 2357 644 ;et
2397 577 2581 634 modo
2627 575 2806 650 plane
2853 573 3115 632 mirabili
3162 576 3383 633 domus
3435 591 3617 651 super

244 683 328 726 σες
356 669 448 718 καὶ
481 665 712 737 θεμέλιος
769 665 882 720 ἐστι
935 675 1008 739 τῷ
1055 673 1200 742 οἴκτρ’
1254 674 1309 723 τὸ
1366 673 1464 745 γὰρ
1523 671 1848 746 πρόσλημμα

1995 684 2157 741 psum
2187 667 2612 723 aediﬁcatorem
2645 681 2824 720 suum
2863 665 3122 722 cernitur
3161 665 3432 724 fundata.
3468 668 3612 733 Qum

243 755 652 825 θεοῦπὸστατον,
674 761 764 807 καὶ
815 759 968 818 αὐτὸς
1015 758 1156 829 αὐτῷ
1212 755 1411 830 ἐνοικεῖ,
1466 761 1511 811 ἰν
1561 761 1572 780 ’
1625 763 1701 818 εἴη
1747 768 1844 812 τῶν

1995 757 2116 814 nim
2147 756 2318 812 Verbi
2348 760 2439 811 est
2469 753 2832 827 hypostasis,
2901 754 3115 810 eadem
3169 759 3226 811 et
3263 755 3474 813 domui
3520 760 3612 814 est

236 840 290 894 ἐν
320 851 392 914 τῷ
421 843 492 896 ἐνι
523 849 738 918 Χριστῷ
765 841 864 898 δύο
889 849 1088 929 φύσεων
1141 851 1199 902 τὸ
1258 845 1508 924 διάφορον
1557 844 1842 920 πρόδηλον·

1990 845 2419 902 sndamentum
2451 862 2464 911 ;
2492 841 2781 916 quoniam
2810 842 2976 908 illud,
3004 843 3171 918 quod
3222 849 3607 919 assumptum

234 929 446 1008 ἐπείπερ
478 933 600 986 illo
630 938 689 986 τὸ
722 933 948 991 ἐνοικοῦν
998 956 1049 988 τι
1101 939 1237 1008 (ξϐ),
1285 943 1375 992 καὶ
1425 938 1549 992 ἄλλο
1598 942 1656 990 τὸ
1712 942 1842 992 ἐνοι-

1991 940 2060 1000 st,
2092 935 2152 990 in
2183 937 2303 990 Deo
2329 933 2779 990 subsistentiam
2807 931 3010 1004 habet,
3045 949 3116 988 ac
3147 935 3301 989 Deus
3329 933 3391 991 in
3421 949 3492 990 eo
3521 934 3608 990 in-

231 1024 508 1094 κούμενον.
572 1025 718 1076 Κατά
766 1027 962 1086 ταύτην
1012 1023 1099 1080 οὖν
1148 1032 1241 1086 τὴν
1300 1023 1536 1080 διάνοιαν
1599 1027 1842 1102 εἰρῆσθαι

1987 1024 2180 1080 .abitat
2214 1043 2227 1092 ;
2257 1023 2411 1079 adeo
2437 1026 2502 1076 ut
2557 1020 2842 1090 duarum,
2891 1037 3026 1094 quae
3076 1022 3137 1077 in
3198 1037 3316 1078 uno
3375 1021 3604 1079 Christo

230 1115 328 1164 καὶ
379 1112 440 1164 τὸ
497 1117 607 1174 τοῖς
660 1112 895 1186 Ψαλμοῖς
931 1114 1287 1188 ἐμφερόμενον.
1344 1122 1508 1172 Εσται
1572 1121 1842 1192 στήριγμα

1988 1118 2112 1182 unt,
2141 1119 2497 1168 naturarum
2537 1109 2863 1166 discrimen
2901 1108 3217 1167 manifeste
3283 1116 3601 1184 appareat:

233 1196 286 1249 ἓν
308 1206 369 1270 τῇ
400 1206 466 1271 τῇ
495 1198 589 1252 ἐπ’
624 1201 795 1273 ἄκρων
852 1211 951 1254 τῶν
1021 1205 1198 1279 ὁρέων,
1286 1204 1438 1266 αὐτὸς
1505 1201 1837 1272 εὐτθυϐολως,

1984 1201 2238 1275 ςυοηίειω
2265 1199 2429 1256 aliud
2451 1215 2594 1254 sane
2626 1203 2731 1266 est,
2764 1199 2930 1271 quod
2964 1197 3259 1256 inhabitat
3287 1200 3349 1256 in
3373 1199 3601 1273 aliquo,

231 1288 306 1348 ὡς
333 1282 506 1360 οἶμαι,
551 1294 788 1348 νενόηκα.
853 1295 1122 1367 Στήριγμα
1170 1295 1272 1366 γὰρ
1326 1298 1418 1346 καὶ
1465 1295 1757 1354 ὑπόστασις
1812 1295 1839 1346 ὅ

1991 1290 2117 1346 liud
2147 1305 2305 1359 vero,
2332 1287 2498 1362 quod
2527 1286 2894 1343 inhabitatur
2917 1287 3049 1358 (27).
3091 1289 3264 1344 Recte
3293 1288 3490 1358 igitur,
3538 1294 3603 1348 ut

232 1381 532 1448 Μονοοιενής
563 1384 787 1450 γεγονὼς
826 1388 887 1454 τῇ
939 1384 1093 1455 γηῐνη
1127 1387 1305 1458 σαρκὶ,
1360 1383 1422 1441 ἣν
1467 1381 1522 1434 ἐκ
1575 1391 1669 1444 τῆς
1697 1388 1837 1456 Παρ-

1979 1379 2096 1436 nihi
2124 1379 2376 1444 videtur,
2411 1377 2470 1432 in
2501 1375 2783 1432 eamdem
2817 1375 3176 1432 sententiam
3215 1375 3332 1432 dici
3362 1382 3420 1433 et
3448 1376 3596 1434 illud

235 1467 383 1518 θὲνου
440 1466 802 1540 προσείληφεν,
859 1469 1169 1544 ὑπερύψωσε
1217 1473 1432 1540 ταύτην,
1492 1475 1581 1523 καὶ
1649 1490 1838 1546 σαρκο-

1980 1485 2076 1542 pse
2107 1467 2333 1536 censui,
2359 1463 2525 1538 quod
2555 1464 2890 1520 continetur
2913 1465 2975 1520 in
2999 1463 3253 1521 Psalmis
3287 1482 3300 1521 :
3333 1466 3468 1521 Erit
3494 1467 3597 1536 ﬂr-

231 1558 396 1627 φὸρος
421 1553 711 1628 ἐπὀἴκρων
764 1564 863 1608 τῶν
920 1556 1074 1632 ὀρέων
1123 1555 1422 1629 δοξάζεται,
1475 1567 1582 1622 τοῖς
1639 1579 1836 1633 χερου-

1976 1561 2305 1613 rramentum
2334 1557 2398 1609 in
2459 1557 2623 1609 terra
2653 1567 2834 1622 super
2860 1553 3106 1608 summis
3125 1554 3417 1610 montium
3456 1552 3593 1626 (30).

231 1641 407 1705 ϐικοῐς
436 1642 788 1717 ἐποχούμενος
843 1652 1020 1708 νώτοις
1085 1649 1393 1722 Θεοπρεπῶς⁵
1463 1668 1530 1710 εις
1581 1650 1675 1722 ὀρη
1733 1651 1834 1722 γάρ

1978 1643 2291 1715 lnigenitus
2302 1641 2462 1698 enim
2484 1639 2948 1698 fundamentum
2968 1645 3024 1698 et
3038 1640 3383 1716 hypostasis
3403 1641 3595 1698 factus

231 1731 506 1804 πολλαχοῦ
559 1735 607 1786 οἱ
654 1734 864 1806 ἄγγελοι
919 1733 1364 1810 ’ἐκλαμϐάνονται,
1434 1744 1718 1810 Τπραχώς
1776 1733 1836 1790 δέ

1977 1733 2200 1790 errestri
2229 1730 2414 1796 carni,
2437 1745 2626 1802 quam
2652 1729 2984 1810 expVirgine
3039 1729 3386 1803 assumpsit,
3436 1731 3594 1788 hanc

225 1839 357 1873 ποτε
387 1827 480 1872 τοῦ
507 1817 876 1895 δωδεκαφύλου
912 1833 1010 1877 τῶν
1049 1821 1338 1878 Ἰουδαίων
1393 1826 1647 1887 εὐτάκτως
1696 1823 1732 1879 δ
1737 1846 1835 1878 ιαι-

1978 1821 2253 1886 xaltavit;
2277 1825 2333 1877 et
2347 1819 2681 1875 humanam
2699 1834 2912 1888 gerens
2930 1833 3197 1887 carnem,
3230 1819 3595 1889 gloriﬁcatur

223 1909 487 1980 ρεθέντος,
518 1915 608 1962 καὶ
658 1916 1056 1986 προηγουμένης
1109 1913 1227 1986 (28)
1277 1922 1372 1976 τῆς
1423 1914 1671 1980 κιϐωτοῦ,
1726 1917 1830 1967 ἔτε-

1978 1927 2126 1983 uper
2149 1908 2405 1965 summis
2437 1907 2754 1977 montium,
2773 1907 3108 1965 cherubicis
3136 1908 3376 1978 scilicet,
3414 1911 3595 1982 prout

225 2015 318 2070 ρον
345 1996 403 2049 ἐκ
453 2002 632 2051 τούτου
688 2007 978 2077 μυστήριον
1036 2008 1470 2076 προεσημαίνετο.
1529 2004 1598 2064 ὠς
1653 2011 1714 2076 τῇ
1775 2007 1831 2056 ἐκ

1975 2008 2130 2056 beum
2168 1999 2356 2066 decet,
2385 1999 2654 2054 invectus
2708 1996 2997 2063 humeris,
3030 2013 3169 2052 cum
3226 1997 3425 2067 angeli
3479 1996 3592 2054 fre-

226 2088 508 2158 πανάγνων
535 2090 858 2164 παρθενικῶν
943 2091 1170 2163 αἱμάτων
1239 2094 1606 2164 θεοῦποστάτῳ
1661 2100 1825 2165 σκηνῇ

1975 2092 2189 2161 uenter
2205 2090 2499 2146 montium
2518 2085 2763 2144 nomine
2781 2085 3170 2158 accipiantur.
3191 2085 3305 2141 Sed
3328 2089 3386 2142 et
3427 2084 3592 2142 aliud

228 2175 658 2248 κάμψουσιγόνν
687 2181 753 2229 τὰ
783 2178 1020 2250 οὐράνια,
1052 2185 1141 2232 καὶ
1179 2182 1227 2232 οἱ
1277 2179 1360 2233 ἐπὶ
1415 2188 1508 2252 γῆς
1567 2179 1830 2253 ἂνθρωποι

1974 2175 2292 2250 mysterium
2321 2177 2383 2234 in
2413 2195 2481 2234 eo
2512 2172 3013 2250 praesignabatur,
3047 2173 3216 2247 quod
3262 2171 3591 2246 aliquando

229 2265 298 2325 εἰς
353 2264 578 2327 Ελληνας
619 2286 707 2318 και
759 2263 1053 2330 Ἰουδαίους
1119 2265 1428 2342 διῃρημένοι
1511 2271 1643 2340 (29),
1737 2273 1826 2322 καὶ

1983 2265 2260 2322 uodecim
2289 2265 2636 2322 Iudaeorum
2659 2261 2849 2318 tribus
2878 2261 3134 2336 pulchro
3179 2261 3392 2318 ordine
3440 2277 3592 2336 qua-

229 2353 366 2405 αὐτὰ
392 2350 428 2406 δ
432 2360 568 2412 ἡπου
596 2359 663 2407 τὰ
686 2359 1017 2428 καταχθόνια

1979 2355 2244 2413 rifariam
2311 2355 2644 2412 distributae
2689 2352 2827 2421 sint,
2881 2365 3023 2408 arca
3076 2365 3218 2407 vero
3301 2351 3596 2425 praecede-

229 2448 320 2499 ret
347 2444 490 2513 (3t);
521 2445 1004 2516 praesignabatur
1028 2462 1246 2520 nempe
1275 2447 1564 2514 futurum,
1607 2453 1671 2504 ut
1695 2445 2104 2513 tabernaculo,
2133 2461 2206 2501 ex
2232 2444 2559 2518 purissimo
2585 2441 2878 2510 sanguine
2914 2439 3166 2510 Virginis
3217 2439 3515 2498 aediﬁcato
3541 2444 3624 2523 et

225 2530 288 2588 in
323 2533 442 2587 Deo
475 2532 926 2592 subsistentiam
951 2534 1232 2604 habente,
1259 2541 1385 2592 tum
1416 2536 1746 2592 caelestium
1785 2541 1912 2592 tum
1945 2533 2330 2604 terrestrium,
2355 2533 2673 2590 hominum
2686 2528 3048 2603 nempe,qui
3075 2528 3599 2600 distinguebantur

228 2619 292 2672 in
324 2619 568 2687 Judaaos
607 2625 665 2678 et
705 2624 960 2689 Graecos,
1001 2626 1055 2678 ct
1094 2623 1365 2698 ipsorum
1396 2624 1601 2697 utique
1631 2623 1959 2681 inferorum
2007 2638 2205 2698 genua
2241 2621 2637 2678 ﬂecterentur.

298 2707 415 2762 ΜΓ.
462 2710 586 2771 Αλις
629 2709 808 2763 λοιπὸν
857 2720 956 2763 τῶν
1012 2709 1254 2764 σκιωδῶν
1285 2709 1684 2786 ὑποδειγμάτων
1741 2718 1832 2764 καὶ

2014 2711 2194 2767 XLIII.
2247 2713 2529 2768 Caeterum
2597 2709 2724 2780 jam
2780 2705 2926 2764 satis
2982 2705 3399 2778 symbolarum
3449 2709 3597 2780 typo

229 2805 482 2849 τυπικῶν·
541 2798 650 2860 άλις
716 2808 816 2851 τῶν
883 2797 1164 2854 Δαυῖδείων
1221 2798 1655 2874 ψαλτῳδημάτων
1741 2805 1832 2853 καὶ

1981 2817 2194 2873 umque
2225 2797 2793 2857 adumbrationibus
2818 2795 3256 2869 persequendis
3294 2796 3598 2853 immorati

226 2893 326 2937 τῶν
374 2885 754 2959 Σολομωντείων
809 2887 1080 2961 ᾀσμάτων.
1133 2890 1284 2942 Ἰτέον
1351 2899 1413 2942 επ
1443 2890 1454 2910 ’
1509 2889 1675 2944 ἐκεῖνα
1727 2910 1829 2943 τοι-

1978 2905 2151 2944 umus
2183 2908 2200 2956 ;
2233 2889 2376 2946 satis
2393 2905 2465 2945 ex
2492 2885 2920 2960 multiplicibus
2940 2884 3243 2956 variisque
3275 2884 3595 2956 propheta-

221 2975 344 3050 γὰρ,
417 2974 452 3028 ἃ
521 2973 695 3028 πολλοὶ
777 2986 1039 3050 προφῆται
1109 2983 1199 3030 καὶ
1283 2975 1521 3052 βασιλεῖς
1577 2977 1830 3052 ἐπιθυμη-

1979 2995 2071 3033 um
2103 2979 2360 3034 oraculis
2395 2977 2726 3034 attulimus.
2798 2973 2946 3031 Satis
2992 2972 3413 3029 Davidicorum
3441 2973 3596 3045 psal-

227 3029 243 3050 1
292 3029 344 3049 ιν
816 3029 825 3049 ι
887 3029 899 3050 ι
932 3029 970 3037 σί
1170 3029 1195 3030 η
1283 3029 1293 3052 ι
1350 3029 1521 3040 «Vr—is
1581 3029 1611 3030 η
1642 3029 1800 3052 πέδη.

225 3082 320 3115 σαν
349 3061 503 3130 ἰδεῖν,
525 3065 615 3118 καί
645 3065 736 3118 οὐκ
768 3062 929 3121 εἶδον.

1978 3083 2202 3134 morum,
2224 3071 2281 3122 et
2304 3066 2642 3123 Salomonis
2659 3064 3028 3120 canticorum
3051 3061 3471 3118 delibavimus.
3506 3062 3595 3118 Ad

1939 3155 2038 3211 illa
2066 3161 2268 3228 itaque
2300 3152 2692 3228 pergendum;
2721 3167 2858 3225 quae
2877 3151 3058 3206 multi
3083 3150 3392 3220 propheta:
3422 3156 3476 3207 et
3503 3165 3596 3208 re-

1937 3261 2036 3316 ges
2067 3246 2420 3314 cupiverunt
2450 3242 2670 3304 videre.
2703 3245 2898 3297 etnon
2931 3239 3214 3296 viderunt
3250 3240 3388 3311 (32).

293 3329 306 3348 ’
338 3337 384 3382 Ο
435 3333 816 3404 παριστάμενος
878 3333 982 3384 ἀνω
1030 3335 1160 3405 μετά
1217 3329 1371 3394 δέους
1416 3343 1489 3405 τῷ
1539 3337 1828 3408 ’τιάνϊοκράε⁵

2011 3333 2106 3388 [lle
2139 3333 2245 3404 qui
2285 3331 2344 3387 in
2375 3331 2537 3387 caelis
2563 3345 2702 3386 cum
2722 3328 2932 3384 timore
2971 3331 3128 3384 astat
3146 3342 3350 3384 coram
3394 3328 3594 3385 Omni-

223 3437 340 3493 τορι
404 3425 619 3492 γυναικὶ
699 3425 1021 3495 παρίσταται
1095 3427 1320 3496 σήμερον
1398 3425 1526 3494 μετὰ
1580 3423 1826 3485 πλείστης

1979 3425 2195 3491 otente,
2225 3419 2491 3475 maxima
2538 3433 2675 3472 cum
2707 3414 3038 3471 reverentia
3088 3413 3267 3471 hodie
3289 3419 3444 3471 astat
3497 3431 3593 3472 co-

218 3515 310 3568 τῆς
343 3507 611 3569 εὐλαϐείας
659 3512 790 3582 πρὸς
845 3512 1042 3571 ταύτης
1091 3511 1117 3562 ὁ
1166 3516 1489 3584 πυρίμορφος
1537 3509 1826 3588 ἆνταστρά-

1972 3525 2063 3564 am
2096 3507 2342 3564 muliere
2373 3523 2386 3573 ;
2419 3505 2496 3562 ab
2516 3505 2699 3577 hujus
2728 3503 3068 3577 splendore,
3105 3507 3236 3560 utut
3259 3503 3437 3574 ignea
3463 3504 3589 3578 ipse

215 3615 423 3650 πτεται·
477 3599 502 3648 ὸ
555 3597 712 3659 οἶῡλος
763 3602 856 3656 τὴν
935 3598 1104 3651 ἔνυλον
1169 3591 1418 3651 δέδοικε(
1470 3606 1744 3672 Ζαχαρίας
1795 3604 1822 3654 ὁ

1980 3597 2167 3670 ilgens
2193 3597 2408 3662 forma,
2432 3594 2769 3668 percellitur
2791 3611 2804 3656 :
2834 3593 3098 3650 materiai
3109 3608 3324 3666 expers
3341 3607 3590 3667 corpore

213 3683 499 3758 ἀρχιερεὺς
547 3689 623 3738 ἔτι
665 3695 755 3747 τῆς
808 3686 1120 3759 ἀμφιϐολίας
1168 3687 1404 3760 ἐπιτίμια
1444 3697 1684 3763 καρτερεῖ
1727 3696 1820 3750 τὴν

1972 3691 2306 3742 onstantem
2338 3689 2588 3741 veretur.
2624 3686 2908 3741 Summus
2938 3681 3220 3740 sacerdos
3275 3684 3589 3742 Zacharias

211 3771 462 3847 ἀφωνίαν,
543 3779 637 3834 τὴν
685 3782 964 3848 κωφευσιν.
1027 3773 1156 3829 Οῐδε
1207 3787 1358 3830 τοῦτο
1407 3780 1436 3836 ἠ
1485 3781 1738 3852 Παρθένος
1783 3784 1813 3840 ἠ

1969 3776 2128 3833 dhuc
2157 3775 2501 3832 difﬁdentia:
2533 3791 2657 3831 suae
2678 3789 2926 3848 poenam
2951 3778 3171 3844 mutus,
3197 3772 3452 3844 elinguis
3480 3773 3586 3832 luit

210 3869 492 3934 συγγενὴς.
522 3868 606 3916 καὶ
635 3861 830 3934 εἰδυῖα,
863 3865 1002 3937 ὅμως
1049 3863 1295 3938 ἀντιλέγει
1348 3876 1430 3938 πῷ
1481 3867 1811 3942 ἀρχαγγέλῳ.

1963 3869 2054 3922 lon
2093 3866 2282 3922 nescit
2311 3864 2370 3920 id
2397 3869 2656 3934 cognata
2675 3863 2859 3932 Virgo
2895 3881 2908 3931 ;
2940 3877 3200 3935 cumque
3229 3862 3286 3917 id
3327 3863 3580 3931 noverit,

212 3958 330 4013 Πῶς
386 3953 538 4005 ἔσται
603 3973 693 4026 μοι
763 3961 936 4022 τοῦτο,
1013 3953 1123 4007 ἐπει
1187 3952 1357 4030 ἄνδρα
1413 3957 1472 4008 οὐ
1548 3964 1810 4029 γινώσκω;

1968 3952 2286 4023 rchangelo
2304 3951 2666 4008 tamenillud
2687 3949 2891 4023 objicit
2919 3969 2932 4007 :
2965 3951 3265 4020 Quomodo
3284 3951 3403 4007 erit
3432 3951 3585 4007 mihi

205 4047 247 4093 Ο
306 4037 366 4095 δὲ
433 4043 528 4094 οὐκ
577 4041 808 4115 ἐπιτιμᾷ,
872 4041 999 4095 ἀλλὰ
1059 4047 1116 4096 τὸ
1170 4043 1636 4119 ἀμφισϐητήσιμον
1695 4043 1810 4100 δια-

1958 4043 2101 4112 ςιιιά,
2127 4045 2410 4114 quoniam
2437 4042 2633 4096 virum
2665 4055 2785 4096 non
2817 4055 3103 4110 cognosco
3133 4040 3242 4108 (33)
3267 4040 3296 4095 ?
3331 4041 3442 4097 Ast
3479 4039 3575 4097 hic

200 4127 331 4196 λύει,
363 4131 478 4203 μεθ’
507 4131 620 4194 οῖας
667 4133 728 4184 ἄν
771 4151 852 4192 τις
909 4137 1034 4205 φαίη
1102 4128 1348 4195 δουλικῆς
1397 4135 1676 4198 συστολῆς*
1733 4137 1808 4189 Οὐ

1964 4147 2041 4187 on
2072 4130 2600 4204 plenamintentat,
2632 4128 2738 4184 sed
2767 4144 2907 4184 cum
2939 4144 3009 4184 ea
3025 4127 3408 4199 demissione,
3451 4144 3576 4202 qua

199 4221 301 4294 γὰρ
335 4225 495 4291 μόνον
521 4229 611 4272 του
654 4219 940 4295 ἀρχιερέως
991 4221 1205 4294 μείζονα
1260 4227 1453 4281 ταύτην
1509 4223 1804 4295 ἐγίνωσκεν,

1952 4221 2189 4277 ervulus
2205 4225 2479 4288 uteretur,
2501 4218 2871 4292 propositam
2903 4218 3339 4274 dubitationem
3373 4219 3569 4276 solvit.

201 4306 330 4360 ἀλλὰ
377 4315 468 4360 καὶ
525 4317 618 4361 τοῦ
681 4308 728 4361 ἐν
767 4317 872 4370 τοῖς
934 4309 1102 4382 ἁγίοις
1157 4319 1257 4362 τῶν
1301 4311 1462 4381 ἁγίων
1498 4312 1804 4388 ἰλαστηρίου

1954 4314 2083 4368 [anc
2112 4311 2340 4382 quippe
2368 4313 2620 4364 noverat
2645 4323 2767 4363 non
2791 4307 2976 4363 modo
2999 4321 3242 4363 summo
3273 4307 3571 4366 sacerdoti

199 4398 320 4449 ἔνθα
367 4400 394 4448 ό
447 4396 723 4471 ἀρχιερεὺς
773 4401 968 4470 θυμιῶν
1011 4404 1316 4472 πεπήρωται
1345 4405 1410 4453 τὰ
1458 4403 1802 4478 αἰσθητήρια,

1950 4381 2272 4467 .rsecellere,
2305 4399 2410 4454 sed
2441 4399 2534 4454 vel
2557 4397 2941 4471 ipsi,quodin
2957 4397 3189 4455 Sanctis
3220 4404 3567 4458 sanctorum

200 4485 282 4537 ἶνα
325 4491 399 4558 μὴ
449 4490 576 4559 πρὸς
633 4490 698 4539 τὰ
745 4489 860 4540 κατ’
911 4490 1162 4546 αἴσθησιν
1223 4490 1358 4560 ἔχων
1410 4494 1496 4542 τὸν
1533 4499 1650 4542 νοῦν
1694 4501 1802 4555 τοῖς

1948 4489 2154 4559 itebat,
2170 4488 2598 4561 propitiatorio,
2616 4487 2718 4543 ubi
2740 4485 3044 4552 sacerdos,
3057 4485 3205 4542 dum
3229 4486 3565 4560 thymiama

197 4573 324 4646 ὕπερ
379 4574 678 4646 κατάληψιν
725 4579 949 4648 ἀπιστη.
985 4581 1048 4652 ,Η
1116 4573 1175 4628 δε
1239 4579 1497 4652 Παρθένος
1558 4582 1623 4632 τὰ
1702 4581 1801 4634 ὑπὸ

1946 4579 2195 4646 doleret,
2210 4578 2428 4634 exstasi
2449 4593 2486 4634 a
2507 4576 2781 4634 sensibus
2806 4575 3141 4632 abstractus
3169 4580 3276 4643 est,
3300 4591 3376 4633 ne
3405 4578 3563 4634 scili-

195 4667 287 4720 τήν
346 4666 601 4722 αἴσθησιν
653 4661 1006 4722 διαϐεϐηκότα
1061 4663 1175 4736 εἶχε
1215 4669 1302 4718 τὸν
1348 4676 1486 4734 νοῦν,
1519 4673 1605 4720 καὶ
1674 4671 1803 4740 μετὰ

1948 4674 2001 4724 et
2031 4666 2414 4724 sensibilibus
2438 4671 2700 4722 mentem
2739 4665 3058 4736 adhibens,
3091 4663 3170 4721 ab
3207 4665 3278 4721 iis
3319 4667 3565 4726 creden-

194 4759 292 4803 τῶν
321 4752 494 4804 ἁῦλων
545 4757 670 4804 νόων
722 4761 834 4824 Θεῷ
879 4755 1285 4828 παριστάμενον.
1336 4752 1466 4808 Οἵδε
1515 4753 1663 4809 τοῦτο
1711 4763 1800 4810 καὶ

1937 4758 2025 4828 lis,
2056 4773 2192 4830 quae
2223 4755 2437 4811 mentis
2466 4761 2711 4828 captum
2763 4758 3135 4826 superarent,
3184 4760 3554 4814 avocaretur.

260 4929 374 4991 (26)
407 4927 548 4998 CQd.
576 4929 875 4980 'svouoﬁvn.

1938 4933 2306 4990 Labitatorem
2337 4935 2393 4987 et
2444 4930 2880 4996 habitaculum,
2932 4929 3085 4986 duas
3114 4933 3385 4998 naturas,
3439 4949 3555 4990 ser-

259 4999 378 5076 (27)
401 4997 650 5055 Adverte
673 4999 1430 5076 discrimenNestorianam
1454 5000 1604 5076 inter
1625 5005 1682 5076 et
1702 5019 1796 5058 ca-
1907 5010 2046 5060 vata
2081 5019 2355 5076 personae
2387 5003 2632 5068 unitate,
2663 5000 3037 5076 proﬁtentur.

193 5069 1696 5147 tholicamsententiam.U_trisqueen_im,catholicis
1725 5090 1794 5130 ac
1965 5069 2097 5147 7(28)'
2140 5074 2283 5130 Cod.
2359 5069 2778 5147 προηγουμένου,
2865 5072 2972 5128 sed
3048 5071 3359 5144 mendose,
3412 5092 3554 5133 nam

192 5139 575 5207 Nestorianis,
610 5141 896 5196 familiare
922 5140 1032 5195 fuit
1060 5139 1216 5196 hanc
1247 5142 1570 5212 imaginem
1625 5161 1792 5199 usur-
1904 5139 2104 5214 (Num.
2139 5162 2192 5214 x,
2225 5149 2319 5268 353
2348 5139 2652 5216 Scriptura
2681 5149 2948 5208 testatur,
3009 5159 3214 5200 arcam
3252 5139 3555 5218 praeivisse

192 5225 334 5268 Dare
374 5217 430 5265 et
458 5211 516 5266 in
549 5213 776 5268 Christo
809 5211 1057 5267 Domino
1093 5211 1504 5268 habitaculum
1540 5215 1795 5268 simulet
1975 5217 2090 5268 (‘29)
2113 5215 2255 5268 Cod.
2325 5219 2622 5268 ιηοηιιένον.

192 5225 350 5291 pare
374 5217 430 5291 et
458 5211 524 5291 in
549 5213 776 5268 Christo
809 5211 1504 5291 Domino_habitacu_lum
1540 5215 1717 5291 simul
1739 5221 1795 5271 et
1914 5211 1922 5214 ’
1975 5217 2090 5291 (‘29,)
2113 5211 2255 5291 Cod.
2286 5211 2622 5291 διῃρημένον.

193 5282 628 5338 inhabitantem
651 5283 941 5338 contueri.
971 5288 1040 5337 At
1064 5284 1411 5349 Nestoriani,
1430 5284 1576 5339 dum
1605 5285 1664 5340 in
1688 5285 1792 5341 ha-
1976 5282 2089 5352 (30)
2116 5285 2265 5345 Psal.
2293 5282 2435 5352 LXXI,
2453 5282 2552 5343 '16.

197 5289 628 5338 inhabitantem
651 5289 941 5338 contueri.
971 5289 1040 5337 At
1064 5289 1411 5349 Nestoriani,
1430 5289 1576 5339 dum
1605 5289 1664 5340 in
1688 5289 1792 5341 ha-
1976 5289 2068 5360 (30
2116 5289 2265 5345 Psal.
2293 5303 2435 5352 LXXI,
2467 5291 2500 5341 1η

197 5353 458 5428 bitaculo
508 5363 594 5428 _et_
621 5354 929 5409 habitante
979 5355 1177 5428 altum
1227 5361 1293 5428 et
1326 5356 1515 5428 a‘lz'um
1568 5356 1790 5422 vident,
1975 5289 2089 5428 (31;
2117 5361 2286 5414 Num.
2320 5373 2378 5424 χ,
2411 5361 2500 5414 33.

197 5423 348 5497 duas
377 5426 438 5497 in
464 5425 692 5497 Christo
721 5429 1010 5497 personas
1034 5424 1216 5497 impie
1238 5423 1616 5496 distinguunt
1647 5444 1659 5482 :
1694 5429 1794 5484 Ca-
1975 5423 2089 5495 (3‘!)
2121 5431 2255 5485 Luc.
2292 5446 2344 5495 x,
2365 5423 2464 5484 ⁷24.

197 5493 396 5576 tholici
436 5507 578 5552 vero
607 5493 753 5552 dum
793 5509 956 5552 mere
985 5493 1160 5552 aliud
1188 5502 1240 5553 et
1272 5493 1447 5552 aliud
1469 5497 1676 5556 dicunt
1703 5499 1791 5572 in-
1982 5493 2098 5574 {33)
2131 5502 2264 5556 Luc.
2292 5493 2337 5572 ι,
2367 5501 2454 5566 34.

4075 779 4077 814 Ι

4075 915 4077 958 Ι

4075 1109 4077 1130 l

4075 1159 4077 1184 l

4075 1191 4077 1210 l

4075 1257 4077 1286 |

4075 1333 4077 1362 l

4075 3873 4077 3888 Ι

4075 3895 4077 3916 Ι

4075 4033 4077 4044 Α

4075 4057 4077 4066 l

4075 4209 4077 4216 Α

4075 4309 4077 4328 Ι

4075 4369 4077 4386 Ι

4075 4391 4077 4408 Ι

4075 4465 4077 4472 ι

4075 4473 4077 4496 Ι

4075 4805 4077 4816 4

4075 4819 4077 4838 Ι
