4096 6208
146 46 285 85 rw
346 46 417 79 α’-ς

262 98 267 109 ι

246 279 358 337 729

324 404 423 459 Καὶ
478 395 702 474 δύναμις
738 403 831 451 τοῦ
893 395 1149 471 Ὑψίστου
1225 395 1527 451 επισκιάσει
1558 413 1644 449 σοι
1675 413 1690 429 ο
1747 397 1860 456 ἣτις
1893 395 1942 452 Α

249 477 393 547 ἰστὶν
423 492 451 544 6
475 488 841 560 τοῦἹψίσ-του
870 488 1011 552 Υἱός
1046 481 1215 543 Δαυὶδ
1248 507 1261 521 ·
1290 488 1382 560 μεν
1416 482 1503 539 οὖν
1529 486 1555 538 ό
1609 483 1862 559 βασιλεὺς

252 577 550 650 Ἰουδαίων,
598 584 729 646 Ποῦ,
816 582 966 651 φησὶ,
1014 577 1249 652 πορευθῶ
1302 573 1404 629 ἀπὸ
1469 570 1560 628 τοῦ
1628 577 1861 648 Πνεῦμα-

252 674 342 735 τός
397 688 516 735 σου,
582 672 671 721 καὶ
724 664 825 720 ἀπὸ
882 672 975 721 τοῦ
1031 671 1315 741 προσώπου
1366 683 1461 718 σου
1517 670 1619 717 ποῦ
1666 666 1859 737 φύγω;

254 764 385 834 πρὸς
439 761 527 813 τόν
598 759 804 833 Πατέρα
862 759 950 809 τόν
1006 754 1158 829 λόγον
1204 756 1527 827 ποιούμενος,
1592 753 1654 807 οῦ
1698 757 1865 827 πρόσ-

258 868 399 903 ωπον
445 850 474 901 6
525 848 668 917 Υἱὸς,
710 850 801 899 καὶ
847 844 1242 921 ἀπαράλλακτος
1292 848 1573 919 χαρακτήρ
1626 863 1640 880 ο
1685 845 1712 898 ό
1759 846 1861 919 γὰρ

260 937 506 1011 ἑωρακὼς
534 938 620 988 τὸν
657 936 777 989 Υἱόν
807 934 1000 1010 ἑώρακε
1043 936 1129 987 τόν
1182 937 1389 1007 Πατέρα
1435 954 1450 970 ο
1509 936 1599 986 καὶ
1662 935 1865 995 τούτοις

256 1032 367 1088 τοῖς
434 1025 613 1097 λόγοις
661 1027 721 1079 τὸ
772 1030 868 1086 τῆς
940 1018 1165 1099 Τριαδος
1255 1020 1478 1095 ἐκφαίνει
1547 1027 1861 1099 μυστήριον.

256 1115 571 1189 ’Λνθρωπος
647 1110 706 1170 δε
770 1114 859 1184 ὢν,
921 1116 1011 1166 καὶ
1082 1117 1326 1188 στραφεὶς
1384 1112 1455 1174 εἰς
1509 1112 1863 1187 ταλαιπωρίαν

258 1204 310 1259 ἓν
385 1213 459 1278 τῷ
519 1204 817 1278 ἐμπαγῆναι
897 1204 1066 1274 τούτῳ
1122 1211 1213 1263 τῆς
1267 1201 1520 1275 ἁμαρτίας
1567 1206 1662 1261 τῆν
1708 1203 1863 1255 ἀκανο

260 1296 378 1362 Θαν,
438 1292 750 1367 φοϐούμενος
812 1296 907 1350 τὴν
957 1295 1273 1350 ,δεσποτικὴν
1341 1290 1679 1361 ἕπεξέλευσιν,
1731 1288 1862 1366 δρα-

260 1386 394 1457 σμὸν
422 1382 607 1457 μελετᾲ
638 1403 652 1417 ·
692 1386 783 1436 καὶ
811 1380 1125 1442 ὑποσκάζων
1163 1382 1239 1434 ἔτι
1266 1382 1352 1433 τὸν
1389 1376 1532 1433 πόδα
1576 1389 1638 1454 τῆ
1685 1379 1858 1454 πληγῇ

255 1481 348 1535 τῆς
401 1472 652 1541 ἀκάνθης,
715 1470 918 1545 ἀπορεῖ,
971 1477 1073 1523 ποῦ
1129 1470 1245 1523 ποτ’
1307 1467 1367 1521 ἂν
1413 1472 1503 1522 καὶ
1565 1465 1864 1544 ἀποδράσοι

257 1567 349 1615 καὶ
376 1564 462 1614 τὸν
518 1560 773 1619 ἀλαθητον
833 1558 1052 1618 λήσεται
1106 1556 1388 1632 ὀφθαλμόν.
1440 1556 1499 1610 Ὀ
1545 1552 1635 1631 μεν
1696 1553 1865 1612 Δαυῖδ

257 1657 431 1704 ταῦτα
496 1670 510 1684 ·
563 1651 593 1709 ἠ
656 1645 709 1703 δ’
763 1647 818 1702 ἐκ
863 1644 1034 1702 Δσυῖδ
1088 1648 1347 1721 Παρθένος
1393 1654 1865 1721 μυσταγωγοῦντος

257 1747 353 1794 τοῦ
400 1738 754 1815 ἀρχαγγέλου,
814 1741 873 1792 τὸ
930 1739 1296 1811 ὑπερουροξνιον
1338 1737 1562 1811 μάθημα
1612 1736 1864 1811 ὶκμανθά-
1901 1750 1942 1805 Β

261 1849 335 1883 νει
364 1837 456 1890 τῆς
502 1834 627 1901 μιᾶς
666 1830 715 1881 εν
750 1823 947 1903 Τριάδι
997 1829 1255 1897 θεότητος,
1300 1833 1525 1903 ,Πνεῦμα
1572 1826 1719 1900 ἅγιον
1774 1830 1864 1880 καὶ

262 1915 490 1991 δύναμιν
517 1924 609 1971 τοῦ
636 1902 911 1989 Ὑψίστου,
966 1915 1021 1980 ἕξ
1075 1912 1272 1979 οὗτινος
1300 1902 1573 1988 ”Υψίστου
1625 1918 1656 1975 ἠ
1708 1912 1865 1969 δύνα-

256 2028 352 2080 μις
378 2011 468 2059 καὶ
496 2010 555 2059 τὸ
591 2012 800 2078 Πνεῦμα
844 2008 904 2058 τὸ
968 2004 1117 2077 ἅγιον
1168 2010 1492 2079 προαιωνίως
1535 2006 1859 2063 ὑπέστησαν.

261 2095 405 2155 Πλὴν
454 2095 582 2167 οὐχὶ
634 2091 876 2168 δρασμόν
931 2090 1217 2147 διανοεῖται
1259 2098 1350 2147 καὶ
1407 2095 1535 2152 αῦτη
1562 2114 1574 2128 ·
1619 2092 1747 2146 ἀλλά
1810 2097 1862 2146 τί

260 2206 394 2259 φησι
446 2189 577 2262 πρὸς
634 2188 723 2238 τόν
782 2188 1050 2258 pavorii»;
1113 2181 1252 2238 Ἰδοὺ
1313 2186 1343 2243 ἠ
1414 2180 1574 2243 δούλη
1644 2190 1858 2260 Κυριου,

255 2280 457 2348 γένοιτό
535 2294 626 2348 μοι
691 2276 828 2327 κατά
854 2278 914 2327 τό
940 2275 1087 2348 ῥῆμά
1127 2293 1242 2330 σου.
1298 2273 1411 2330 Οῦκ
1470 2272 1657 2346 ἀγνοῶ,
1706 2278 1858 2347 φησὶ,

254 2370 353 2425 τὴν
428 2364 587 2417 πάλαι
646 2366 1045 2437 προωρισμένην
1120 2361 1205 2416 ἰπὶ
1253 2370 1350 2434 γῆς
1420 2362 1713 2416 κατάϐασιν
1769 2369 1861 2416 τοῦ

256 2461 416 2510 Θεοῦ.
446 2456 511 2506 Οἱ
538 2455 638 2528 γὰρ
686 2459 976 2527 προφῆται,
1025 2451 1205 2524 χεῖλος
1252 2454 1426 2526 ὥσπερ
1481 2453 1529 2505 ἓν
1575 2456 1859 2525 γεγονότες,

254 2548 346 2597 τὸν
396 2548 564 2614 Λόγον
601 2550 694 2595 τοῦ
761 2548 894 2596 Θεοῦ
940 2541 1135 2615 μέλλειν
1193 2540 1248 2594 ἐκ
1297 2545 1545 2615 γυναικός
1592 2550 1866 2617 σεσαρκῶ-

259 2636 390 2688 σθαι
436 2632 771 2708 πολυτρόπως
799 2631 1053 2709 ἐκήρυξαν
1086 2654 1099 2667 ·
1130 2637 1220 2685 καὶ
1275 2638 1453 2709 χαίρω
1506 2641 1568 2707 τῇ
1630 2636 1865 2707 σωτηρίᾳ

254 2732 362 2778 τῶν
393 2724 669 2795 ὁμογενῶν,
710 2726 799 2775 καὶ
848 2729 1128 2795 προσκυνῶ
1180 2725 1267 2774 τὸν
1322 2721 1596 2794 Ὕψιστον,
1648 2726 1737 2776 τόν
1771 2720 1865 2777 διὰ

259 2821 364 2876 τῆς
414 2811 538 2886 ἕμῆς
590 2817 946 2873 ταπεινώσεως
1004 2807 1370 2870 εὐδοκήσαντα
1436 2816 1531 2872 τὴν
1593 2814 1863 2885 φθονηθεῖ-

262 2922 367 2957 σαν
397 2904 553 2975 φύσιν
586 2900 808 2975 ἀφθόνου
859 2920 1083 2976 χαριτος
1132 2901 1474 2972 καταξιῶσαι,
1517 2906 1607 2954 καὶ
1658 2906 1863 2975 μεσῖτίν

263 3011 333 3067 με
365 2988 535 3055 δεῖξαι
570 2997 665 3054 τῆς
685 2997 777 3046 τοῦ
800 2995 1001 3065 κόσμου
1032 2993 1291 3066 σωτηρίας
1318 2994 1408 3043 καί
1439 2992 1686 3053 θεὼσεως.

337 3186 474 3252 Μ’ς’.
517 3187 649 3261 Ἐγώ
708 3183 758 3241 δ’
808 3185 913 3239 ἀλλ’
945 3186 1166 3240 ἐνταῦθα
1227 3193 1319 3240 τοῦ
1373 3186 1527 3259 λόγου
1579 3190 1863 3260 γενόμενος,

264 3282 361 3330 καὶ
417 3277 506 3329 ὑπ’
583 3275 867 3340 ἐκπλήξεως
910 3277 1087 3339 ἔνθους
1140 3280 1472 3349 γεγενημένος
1548 3272 1865 3350 διαπρύσιον

262 3367 547 3440 ἀνακράζω
606 3385 619 3400 ’
657 3365 741 3427 Ὠς
800 3365 1115 3439 ἑμεγαλύνθη
1182 3368 1249 3418 τὰ
1306 3368 1433 3438 ἔργα
1490 3384 1615 3432 σου,
1665 3368 1862 3437 Κύριε·

263 3452 478 3529 σφόδρα
547 3453 903 3513 ὶϐαθύνθησαν
1005 3456 1054 3508 οἱ
1135 3451 1477 3527 διαλογισμοί
1547 3473 1663 3509 σου.
1711 3454 1865 3529 ’Λνηρ

259 3547 461 3620 ἄφρων,
503 3539 780 3607 Ἰουδαῖος,
848 3543 908 3596 οῦ
969 3549 1246 3616 γνώσεται,
1299 3548 1387 3595 καὶ
1452 3541 1711 3609 ἀσύνετος,
1771 3549 1867 3596 Νε-

260 3638 490 3709 στόριος,
575 3632 636 3685 οῦ
712 3637 928 3691 συνήσει
1017 3639 1205 3687 ταῦτα.
1277 3636 1376 3686 Καὶ
1432 3636 1588 3695 ὄντως
1663 3636 1721 3705 τό
1778 3640 1868 3693 τῆς

258 3722 700 3797 ἕνανθρωπήσεως
736 3729 824 3775 τοῦ
863 3728 997 3775 Θεοῦ
1038 3726 1208 3794 Λόγου
1246 3726 1533 3798 μυστήριον
1599 3725 1698 3798 πρὸ
1772 3729 1868 3784 τῆς

259 3811 557 3873 καταϐολῆς
616 3819 710 3864 τοῦ
748 3816 952 3885 κόσμου
992 3817 1318 3886 προώρισται
1376 3832 1388 3845 ·
1430 3816 1538 3882 καὶ,
1581 3813 1651 3872 ὡς
1689 3809 1737 3863 ἐν
1774 3815 1869 3864 πί·-

258 3920 383 3954 νακι
423 3899 583 3972 ἀῦλῳ,
623 3908 696 3970 τῷ
737 3903 859 3971 θείῳ
918 3898 1338 3975 ἀρχιστρατήγῳ
1378 3896 1472 3953 διὰ
1507 3907 1599 3953 τοῦ
1639 3902 1870 3972 Πνεῦμα-

260 4009 350 4051 τος
373 3989 868 4064 προεζωγραφηται.
925 3992 996 4042 Τὸ
1051 3990 1153 4064 γὰρ
1214 3987 1444 4063 Γαϐριὴλ
1495 3987 1548 4052 ἐξ
1596 3985 1868 4063 Ἐϐραῖδος

262 4079 338 4141 εἰς
420 4075 649 4132 Ἐλλάδα
728 4083 1130 4152 μεταφερόμενον
1236 4077 1468 4150 γλῶτταν
1554 4075 1870 4151 θεανδρικῶς

262 4165 678 4243 διερμηνεύεται,
775 4167 915 4221 τοῦτ’
1009 4171 1148 4221 ἔστιν
1242 4166 1455 4239 ἄγγελος
1543 4164 1865 4242 θεανδρικός.

260 4260 372 4311 Λιά
427 4264 580 4310 τοῦτο
634 4261 721 4309 καὶ
768 4256 995 4332 πρέσϐυς
1054 4258 1167 4327 (51)
1232 4264 1324 4317 τῆς
1371 4259 1503 4331 πρὸς
1567 4255 1867 4329 ἀνθρώπους

256 4346 592 4417 καταλλαγῆς
629 4352 720 4399 τοῦ
752 4352 885 4399 Θεοῦ
923 4348 949 4398 6
1001 4344 1230 4420 Γαϐριὴλ
1293 4348 1723 4419 κεχενροτόνηται
1779 4344 1867 4398 ἀπ’

262 4438 426 4497 αὐτῆς
463 4444 556 4496 τῆς
615 4435 861 4498 κλήσεως,
917 4437 1089 4508 ὥσπερ
1144 4434 1244 4487 ἀπὸ
1295 4441 1523 4507 σημείων
1579 4434 1867 4508 βασιλικῶν
1900 4463 1945 4517 D

261 4532 349 4580 τὸν
383 4530 580 4579 σκοπόν
617 4528 952 4602 παριστάνων
996 4534 1088 4578 τοῦ
1138 4523 1541 4597 ἀμοστείλαντος
1585 4524 1864 4599 βασιλέως,

265 4620 410 4680 ὄυτις
434 4621 490 4670 τέ
515 4615 648 4689 ἔστι,
676 4636 765 4669 και
795 4618 822 4669 6
859 4635 911 4668 τι
951 4613 1222 4689 βούλεται.

336 4798 580 4848 Βοῦλεται
611 4790 671 4847 δὲ
726 4794 981 4847 συνελθεῖν
1038 4800 1143 4854 τοῖς
1201 4791 1486 4866 ἀνθρώποις
1537 4791 1608 4855 εἰς
1636 4792 1816 4846 ἕνωσιν
1849 4814 1862 4828 ·

264 4884 390 4955 οὐχ,
424 4888 496 4947 ὡς
517 4886 578 4937 οἶν
608 4903 690 4947 τες
721 4888 837 4958 εῖπῃ
870 4885 1150 4958 αἱρετικός,
1213 4883 1420 4956 φιλικὴν
1472 4902 1527 4936 τε
1581 4887 1671 4935 καὶ
1731 4901 1868 4955 σχε-

262 4979 413 5034 τικὴν
458 4979 550 5027 καὶ
596 4976 730 5029 κατά
775 4978 938 5048 μόνης
992 4973 1363 5028 ταυτοϐουλίαν
1431 4976 1810 5049 συνερχόμενος
1850 4994 1863 5008 ·

330 5188 446 5259 (45)
483 5186 630 5243 Psal.
658 5203 898 5243 cxxxvn.
929 5193 984 5259 7.

335 5256 648 5327 (46)]0811.
668 5274 783 5322 xw,
816 5263 862 5314 9.
905 5258 1022 5327 Qui
1047 5256 1205 5313 videt
1220 5272 1329 5322 me,
1354 5256 1511 5313 videt
1539 5259 1593 5312 et
1606 5257 1865 5315 Patrem.

333 5329 453 5403 (47)
487 5329 640 5403 Psal.
662 5345 810 5403 xxiii,
842 5333 875 5385 4
904 5345 1021 5386 sec.
1055 5328 1236 5403 LXX:
1298 5329 1594 5403 Ἐστράφην
1646 5327 1716 5391 εἰς
1772 5348 1866 5382 τα-

264 5399 552 5477 λαιπωρῖαν
565 5400 711 5477 μέντῷ-
732 5399 1029 5475 ἐμπαγῆναι
1048 5402 1297 5477 inanem.

335 5470 446 5546 (48)
475 5470 682 5530 Habes
699 5470 793 5529 hic
807 5470 1241 5546 mancamtidei
1264 5471 1865 5546 confessionem,qum

271 5543 520 5621 Spiritus
530 5546 753 5621 sancti,
771 5559 944 5618 atque
955 5560 1026 5602 ac
1037 5543 1184 5616 Filii,
1198 5545 1492 5621 originem
1506 5561 1541 5601 a
1555 5544 1684 5602 solo
1698 5543 1864 5621 Patre

267 5615 493 5689 rspetit.
523 5615 614 5675 Nil
639 5615 865 5676 mirum'
885 5631 1027 5675 cum
1065 5615 1414 5676 noverimus
1457 5616 1574 5677 hoc
1618 5616 1863 5690 quoque

1415 269 1485 326 IN
1522 265 2149 327 ANNUNTIATIONEM
2187 267 2249 327 B.
2282 270 2546 334 MABLE.

3531 258 3638 335 73'0

2041 395 2124 452 Et
2152 397 2341 453 virtus
2367 397 2662 456 Altissimi
2687 398 3072 459 obumbrabit
3098 400 3209 458 tibi
3227 415 3253 460 .°
3280 416 3419 475 quas
3441 399 3634 459 virtus

1972 483 2153 559 plane
2184 485 2361 542 Filius
2381 490 2471 543 est
2499 487 2802 548 Altissimi.
2837 492 2905 547 Et
2953 505 3099 549 sane
3145 489 3491 548 Iudaeorum
3528 505 3634 548 rex

1974 572 2185 645 David,
2200 574 2346 644 Quo,
2359 574 2697 650 inquit(45),
2721 578 2816 635 ibo
2830 580 3099 650 aspiritu
3113 585 3214 637 tuo
3232 585 3416 651 etquo
3430 595 3465 637 a
3474 579 3638 650 facie

1975 667 2081 720 tua
2108 664 2337 735 fugiam
2349 664 2378 719 ?
2422 668 2657 724 Patrem
2670 667 2891 726 scilicet
2904 668 3246 742 alloquitur,
3262 669 3435 740 cujus
3453 667 3638 726 facies

1973 756 2031 810 et
2050 768 2157 827 per
2183 754 2389 811 omnia
2416 753 2626 811 similis
2651 757 2853 828 imago
2880 762 2969 815 est
2996 757 3208 824 Filius;
3235 756 3342 830 qui
3370 758 3531 814 enim
3551 757 3637 815 vi-

1973 840 2036 899 di
2070 841 2457 913 Filium,vidit
2477 845 2712 902 Patrem
2737 846 2874 918 (46);
2907 851 2962 904 et
2991 847 3074 904 sic
3101 845 3399 904 Trinitatis
3414 849 3635 919 myste-

1973 928 2132 987 rium
2163 930 2224 987 in
2244 930 2358 987 illis
2385 932 2585 989 verbis
2613 933 2889 991 ostendit.
2924 936 3074 992 Cum
3094 948 3274 1007 porro
3303 933 3635 1005 homo(hic)

1974 1023 2153 1089 esset,
2173 1023 2231 1077 et
2260 1035 2580 1079 conversus
2608 1023 2671 1079 in
2695 1038 2992 1095 erumna,
3007 1024 3149 1080 dum
3171 1024 3496 1095 conﬁgitur
3522 1022 3637 1095 ipsi

1972 1109 2203 1183 peccati
2223 1110 2392 1181 spina
2422 1111 2562 1183 (48),
2587 1112 2803 1170 timens
2824 1113 3109 1170 ultionem
3137 1112 3394 1178 Domini,
3426 1111 3637 1183 fugam

1972 1197 2329 1269 meditatur;
2365 1204 2421 1257 et
2443 1215 2474 1255 e
2504 1200 2693 1273 spinas
2730 1201 2974 1259 vulnere
3005 1201 3204 1259 adhuc
3231 1200 3388 1274 pede
3413 1200 3635 1258 claudi~

1973 1302 2141 1355 cans,
2171 1287 2354 1345 haeret
2381 1288 2665 1358 incertus,
2689 1306 2812 1364 quo
2843 1291 3087 1349 tandem
3114 1291 3456 1364 etaufugiat
3478 1295 3535 1348 et
3552 1291 3634 1349 la-

1972 1379 2094 1434 teat
2121 1376 2389 1448 oculum,
2420 1394 2605 1451 quem
2632 1379 2779 1436 nihil
2806 1380 2963 1438 latet.
2999 1384 3085 1437 lta
3109 1380 3358 1454 quidem
3407 1380 3631 1439 David:

1974 1470 2036 1523 at
2092 1465 2267 1535 Virgo
2297 1480 2330 1521 e
2392 1466 2616 1524 Davide
2664 1472 2871 1526 exorta
2923 1468 3289 1542 archangelo
3356 1468 3637 1527 sublimia

1973 1554 2279 1625 edocente,
2304 1555 2724 1628 supercaeleste
2751 1558 2927 1615 unius
2956 1558 3019 1615 in
3056 1559 3337 1616 Trinitate
3395 1559 3634 1617 Deitatis

1973 1645 2328 1718 mysterium
2350 1646 2431 1712 (et
2472 1645 2635 1719 ipsa)
2687 1646 2885 1717 discit,
2907 1663 3127 1721 nempe
3171 1649 3457 1724 Spiritum
3492 1663 3637 1705 san-

1973 1737 2160 1805 ctum,
2191 1740 2247 1792 et
2276 1734 2559 1793 Virtutem
2587 1736 2892 1805 Altissimi,
2922 1753 2955 1795 e
3011 1753 3135 1812 quo
3164 1738 3471 1796 Altissimo
3513 1738 3638 1795 Vir-

1972 1828 2070 1880 tus
2108 1822 2309 1892 (Filius
2356 1828 2413 1882 et
2464 1825 2715 1898 Spiritus
2774 1830 3017 1885 sanctus
3071 1829 3185 1901 (48)
3236 1832 3373 1885 ante
3429 1827 3637 1885 omnia

1972 1910 2190 1969 smcula
2222 1911 2669 1969 subsistentiam
2691 1913 3055 1973 habuerunt.
3085 1917 3509 1973 Verumtamen
3534 1929 3635 1972 ne-

1971 2013 2282 2072 quaquam
2317 2005 2375 2056 et
2398 2000 2532 2072 ipsa
2580 2001 2791 2072 fugam
2838 2005 3077 2074 cogitat,
3112 2004 3217 2061 sed
3245 2004 3395 2076 quid
3422 2004 3633 2062 nuntio

1969 2087 2253 2161 reponit?
2281 2088 2435 2145 Ecce
2458 2089 2693 2147 ancilla
2722 2092 2983 2160 Domini,
3002 2094 3124 2163 fiat
3148 2092 3300 2149 mihi
3308 2093 3632 2149 secundum

1971 2177 2212 2235 verbum
2246 2182 2413 2234 tuum
2440 2178 2577 2251 (47).
2612 2181 2740 2237 Non
2758 2180 2993 2253 ignoro,
3024 2181 3237 2256 inquit,
3256 2182 3384 2253 jam
3411 2180 3634 2254 praesti-

1970 2269 2165 2324 tutum
2188 2266 2266 2324 ab
2295 2268 2545 2341 antiquo
2570 2268 2778 2336 fuisse,
2808 2275 2873 2328 ut
2894 2270 3123 2328 Deusin
3146 2276 3366 2329 terram
3384 2269 3633 2327 descen-

1970 2355 2155 2413 deret.
2184 2357 2487 2430 Prophetm
2509 2358 2672 2416 enim
2692 2359 2873 2417 veluti
2904 2375 3028 2417 uno
3078 2359 3241 2417 labio
3294 2359 3629 2431 loquentes,

1973 2446 2075 2503 Dei
2104 2445 2365 2503 Verbum
2392 2462 2638 2506 carnem
2663 2464 2696 2505 e
2722 2448 2970 2506 muliere
2997 2452 3451 2522 assumpturum
3480 2447 3635 2505 mul-

1971 2534 2231 2594 tifariam
2251 2537 2805 2609 praenuntiaverunt
2836 2554 2851 2605 ;
2882 2538 3049 2596 laetor
3081 2542 3284 2595 autem
3317 2536 3392 2593 de
3421 2552 3633 2593 eorum

1974 2623 2187 2694 salute,
2214 2623 2320 2697 qui
2346 2639 2739 2683 communem
2765 2641 3007 2683 mecum
3060 2625 3283 2683 habent
3326 2628 3629 2695 naturam,

1976 2712 2463 2787 Altissimumque
2484 2714 2694 2787 adoro,
2720 2715 2817 2771 cui
2845 2730 2953 2789 per
2993 2715 3396 2774 humilitatem
3429 2729 3632 2771 meam

1974 2802 2356 2875 complacuit,
2384 2808 2685 2872 naturam,
2715 2805 2943 2863 invidia
2979 2805 3298 2879 perditam,
3328 2804 3633 2862 uberrima

1974 2892 2166 2963 gratia
2195 2892 2448 2964 dignam
2477 2893 2731 2961 eﬂicere,
2763 2909 2980 2967 meque
3014 2895 3240 2965 salutis,
3275 2894 3397 2950 imo
3423 2897 3481 2949 et
3506 2892 3635 2950 dei-

1973 2980 2270 3038 ﬁcationis
2292 2982 2527 3041 mundo
2548 2982 2939 3041 conciliandae
2974 2982 3383 3042 mediatricem
3414 2980 3632 3039 consti-

1974 3074 2165 3129 tuere.

2047 3178 2221 3234 XLVI.
2264 3181 2387 3249 Ego
2437 3194 2580 3236 vero
2633 3179 2901 3237 oratione
2953 3194 3092 3236 mea
3150 3179 3271 3236 huc
3322 3177 3631 3252 appellans

1974 3271 2153 3340 atque
2165 3268 2386 3324 exstasi
2396 3268 2664 3341 quadam
2681 3268 2886 3325 divina
2895 3284 3019 3341 pra:
3032 3272 3275 3340 stupore
3299 3274 3627 3341 correptus,

1976 3356 2056 3413 ad
2085 3356 2466 3414 vehementer
2482 3358 2949 3415 exclamandum
2979 3358 3136 3415 feror
3159 3376 3172 3414 :
3194 3360 3381 3427 Quam
3394 3360 3632 3429 magni-

1973 3448 2158 3517 ﬁcata
2185 3451 2326 3502 sunt
2354 3461 2537 3515 opera
2554 3448 2971 3513 tua,Domine!
3003 3448 3192 3505 Nimis
3204 3448 3523 3519 pro/unda?
3539 3450 3632 3517 fa-

1976 3543 2087 3596 ctm
2114 3541 2257 3592 sunt
2319 3537 2707 3607 cogitationes
2738 3543 2856 3594 tuae
2889 3538 2901 3593 !
2941 3538 3036 3594 Vir
3053 3537 3366 3608 insipiens,
3388 3537 3633 3593 Iudaeus

1976 3642 2097 3683 non
2126 3630 2457 3695 cognoscet,
2483 3631 2539 3683 et
2566 3626 2811 3693 stultus,
2838 3627 3156 3693 Nestorius,
3184 3643 3306 3683 non
3337 3627 3631 3697 intelliget

1977 3715 2104 3773 haec
2125 3716 2239 3787 (50)
2257 3755 2270 3769 .
2290 3716 2357 3770 Et
2370 3730 2500 3771 vere
2518 3714 2946 3772 incarnationis
2962 3714 3143 3773 Verbi
3156 3717 3257 3773 Dei
3276 3716 3633 3788 mysterium

1976 3809 2115 3862 ante
2148 3802 2358 3860 mundi
2412 3804 2895 3862 constitutionem
2940 3805 3433 3878 praedestinatum
3484 3805 3630 3873 fuit;

1975 3898 2157 3967 atque
2176 3892 2240 3948 in
2268 3892 2476 3949 divino
2495 3892 2598 3951 illo
2627 3894 2920 3951 exercitus
2944 3894 3118 3962 duce,
3150 3894 3312 3952 velut
3338 3894 3399 3950 in
3423 3893 3633 3951 tabula

1975 3981 2247 4057 quadam
2276 3981 2650 4055 incorporea,
2682 3987 2861 4041 antea
2875 3998 2983 4055 per
3013 3982 3294 4055 Spiritum
3316 3983 3394 4039 ad
3422 3982 3630 4039 vivum

1975 4073 2087 4130 fuit
2110 4085 2483 4144 expressum.
2514 4074 2639 4128 Vox
2663 4072 2824 4129 enim
2846 4071 3098 4139 Gabriel,
3151 4087 3223 4128 ex
3281 4070 3532 4127 Hebraea
3566 4071 3629 4128 in

1976 4164 2244 4219 Graecam
2273 4157 2544 4229 linguam
2556 4175 2847 4216 conversa
2859 4160 3276 4216 theandricum
3289 4157 3437 4231 quid
3456 4164 3631 4216 sonat

1976 4249 2040 4309 id
2067 4253 2156 4306 est
2181 4256 2431 4326 angelus
2457 4250 2869 4308 theandricus.
2896 4249 3123 4305 Idcirco
3154 4248 3388 4305 Gabriel
3431 4247 3529 4304 vel
3556 4263 3631 4305 ex

1976 4345 2110 4418 ipso
2140 4344 2384 4401 nomine
2395 4340 2743 4411 designatus
2760 4336 3519 4410 apparetreconciliationis
3530 4338 3633 4394 Dei

1978 4450 2118 4491 cum
2141 4431 2491 4490 hominibus
2514 4427 2936 4494 internuntius,
2966 4441 3090 4483 non
3116 4442 3288 4484 secus
3317 4442 3388 4484 ac
3416 4426 3468 4482 si
3494 4426 3632 4499 quis

1974 4524 2154 4594 regis,
2186 4523 2293 4596 qui
2317 4537 2458 4578 eum
2487 4518 2733 4585 miserit,
2784 4516 3102 4573 consilium
3151 4516 3213 4572 in
3259 4516 3438 4586 regiis
3493 4515 3633 4572 insi-

1976 4612 2197 4684 gnibus
2220 4610 2513 4686 praeferat,
2545 4611 2602 4666 et
2627 4607 2913 4681 quisnam
2972 4620 3192 4679 nempe
3247 4606 3339 4677 sit,
3385 4609 3442 4663 et
3483 4604 3632 4677 quid

1972 4702 2134 4760 velit.

2046 4790 2186 4848 Vult
2209 4805 2391 4864 porro
2423 4789 2810 4861 (rex)arctam
2835 4801 2975 4843 cum
3004 4782 3354 4841 hominibus
3380 4783 3630 4853 conjun-

1974 4880 2236 4937 ctionem
2263 4879 2432 4949 inire,
2458 4893 2584 4934 non
2612 4874 2880 4950 quidem,
2903 4876 2969 4930 ut
2991 4871 3301 4928 haereticus
3323 4870 3629 4943 quispiam

1974 4970 2124 5028 forte
2151 4970 2391 5038 diceret,
2425 4972 2482 5026 et
2509 4966 2771 5025 amicitia
2798 4964 2994 5022 solum
3041 4966 3098 5021 et
3144 4960 3375 5029 habitu,
3425 4965 3484 5020 et
3527 4977 3631 5019 voc

1974 5186 2261 5261 doctrinae
2292 5187 2475 5261 caput
2494 5183 2761 5261 incensa
2780 5180 2986 5261 fuisse,
3014 5178 3181 5252 quod
3199 5176 3465 5261 lcgatisa
3497 5178 3633 5234 Gre-

1976 5258 2160 5332 gorio_
2175 5260 2239 5332 lx
2270 5250 2467 5332 missis
2495 5254 2574 5311 ad
2603 5257 2867 5310 extorres
2924 5250 3183 5332 Grai—cos
3208 5250 3629 5332 Ecclesiae__re-

1975 5319 2383 5393 conciliandos
2409 5328 2740 5383 Germanus
2768 5340 2908 5381 cum
2951 5324 3076 5382 suis
3127 5321 3437 5381 obstiterit.
3497 5319 3629 5378 Vid.

1973 5400 2261 5474 Raynald
2297 5398 2377 5455 ad
2404 5414 2504 5474 an.
2537 5398 2671 5455 1233
2701 5401 2802 5455 n.6
2823 5400 2879 5455 et
2905 5399 2989 5454 t3.

2046 5473 2165 5541 (49)
2191 5474 2327 5527 Luc.
2357 5486 2396 5535 l,
2425 5473 2514 5526 38.

2041 5543 2159 5614 (50)
2188 5541 2342 5615 Psal.
2368 5556 2487 5615 xei,
2508 5544 2577 5615 Δ6,
2595 5543 2652 5598 ’7ι

2043 5610 2157 5689 (Et)
2186 5613 2330 5673 Cod.
2364 5610 2602 5689 spicea.
