4096 6208
521 188 619 244 ’731

1656 193 1968 250 GERMANI
1998 189 2047 247 ΙΙ
2087 187 2195 244 CP.
2236 187 2736 255 PATRIABCHE.
3753 198 3841 252 732

520 310 766 369 luntatis
795 316 1215 373 tantummodo
1245 304 1639 374 consensione
1670 320 1858 373 semet
1886 331 2024 370 cum
2062 312 2176 368 illis

2294 311 2415 365 αλλὰ
2450 318 2577 388 πρὸς
2615 317 2794 368 ἕνωσιν
2848 317 3011 388 ἄκραν
3054 320 3144 367 καὶ
3199 320 3387 389 κρᾶσιν
3440 314 3729 387 ἇσὺγχυτον
3771 324 3844 371 καί

523 403 929 473 conjungens;
959 405 1063 460 sed
1120 421 1421 462 summam
1449 407 1613 477 (inire
1635 406 1778 476 vuit)
1801 404 2180 471 unionem,et

523 492 857 563 quamdam
889 494 1016 549 sine
1082 494 1430 551 confusione
1496 494 1967 569 permistionem,
1995 496 2178 563 utque

522 577 583 633 in
608 594 790 635 unam
813 580 1187 652 hypostasim
1219 598 1579 639 concursum
1609 601 1622 639 :
1662 583 1812 639 adeo
1850 586 1911 637 ut
1937 582 2180 653 propter

523 684 799 741 personae
871 672 1238 729 identitatem
1270 689 1343 730 ea
1379 690 1515 746 quae
1550 675 1858 741 uniuntur,
1920 687 2039 726 uno
2084 685 2178 724 eo-

522 756 782 829 demque
808 761 1051 817 nomine
1082 762 1476 834 appellentur,
1507 769 1563 820 et
1594 764 1771 820 unica
1828 758 2176 818 adoratione

2285 407 2377 460 την
2410 405 2479 465 εἰς
2507 410 2631 477 μίαν
2671 407 2963 457 ὑπόστασιν
2996 401 3294 479 συνδρομήν
3330 425 3342 437 ·
3386 407 3453 467 ὡς
3515 409 3601 456 καὶ
3648 404 3713 457 ἑνὶ
3748 406 3847 459 ὀνό-

2285 510 2413 563 ματι
2453 496 2519 544 τὰ
2558 497 2795 566 ἡνωμένα
2819 494 3091 547 καλεῖσθαι
3122 491 3213 546 διὰ
3263 497 3322 545 τὸ
3355 495 3751 565 ὁμοὺπόστατον,
3775 501 3849 548 καὶ

2284 585 2381 651 μιᾷ
2422 589 2775 653 προσκυνήσει
2813 586 3070 656 τιμᾶσθαι
3112 579 3204 636 διὰ
3239 587 3299 635 τὸ
3338 591 3431 635 τοῦ
3468 588 3736 655 προσώπου
3772 604 3849 657 μο-

2284 665 2523 739 ναδικόν,
2557 671 2599 724 εἰ
2628 678 2715 724 καὶ
2765 676 2829 724 τὰ
2877 675 3109 743 ἡνωμένα
3151 680 3245 735 τῆς
3292 675 3427 724 κατὰ
3485 674 3635 743 φύσιν
3696 667 3852 744 διαφο-

2285 763 2377 830 ρᾶς
2405 760 2499 811 οὐκ
2530 759 2811 824 ἐξέστησαν
2837 766 2925 814 καὶ
2955 766 3012 813 τὸ
3047 758 3303 813 δυαδικὸν
3334 779 3428 813 οκκ
3458 760 3750 833 ἠρνήσαντο.

520 851 764 919 propter
791 864 1063 920 personae
1115 852 1402 908 unitatem
1451 853 1840 918 houorentur,
1884 849 1989 906 etsi
2036 860 2171 920 quae
2201 845 2505 913 uniuntur,
2542 850 2745 922 quoad
2770 855 3070 918 naturam,
3116 864 3313 924 neque
3348 848 3667 905 discrimen
3699 847 3854 903 amit-

523 938 671 1002 tant,
701 950 896 1009 neque
925 937 1336 1011 duplicitatem
1377 947 1686 997 recussent

596 1025 979 1083 Consimilem
1010 1028 1151 1085 huic
1180 1029 1533 1101 dignitatem
1567 1034 1628 1086 tu
1660 1044 1925 1104 quoque,
1956 1043 1992 1084 o
2025 1023 2184 1082 Chri'

525 1112 733 1179 stiane,
756 1116 1102 1190 participas,
1132 1118 1180 1173 si
1230 1126 1431 1175 tamen
1487 1120 1627 1175 huic
1689 1115 2075 1192 appellationi
2128 1118 2182 1168 et

524 1200 882 1274 obsequium
905 1221 1011 1277 per
1037 1221 1220 1279 opera
1242 1223 1386 1277 erga
1426 1208 1816 1276 Altissimum,
1850 1211 1906 1261 et
1936 1202 2183 1259 manda-

524 1292 719 1344 torum
751 1291 941 1363 ipsius
990 1294 1323 1351 custodiam
1360 1301 1648 1368 praeterea
1692 1293 1963 1364 adjicias.
2022 1294 2182 1346 Tunc

524 1377 686 1433 enim
717 1386 773 1435 et
795 1382 921 1452 ipse
947 1382 1329 1439 theandricus
1355 1385 1625 1440 minister
1646 1390 1703 1439 et
1747 1388 1969 1438 astator
2027 1379 2185 1449 regis

527 1466 737 1523 Christi
768 1472 1006 1543 proprie
1036 1472 1372 1529 vocaberis.
1425 1477 1571 1529 Nam
1619 1474 1667 1528 si
1720 1472 1981 1528 Christus
2036 1470 2187 1524 Deus

2358 1025 2460 1078 Τοῦ
2511 1026 2629 1079 ἴσου
2690 1026 2980 1099 ἀξιώματος
3035 1032 3125 1079 καὶ
3181 1031 3246 1079 σὺ
3295 1030 3549 1099 μετέχεις,
3588 1028 3853 1099 Χριστιανέ,

2289 1112 2331 1165 εἰ
2365 1118 2453 1165 καὶ
2484 1123 2546 1188 τῇ
2587 1115 2768 1174 κλήσει
2810 1120 2969 1190 ταύτῃ
3020 1117 3345 1190 προσθήσεις
3400 1119 3491 1167 καὶ
3537 1118 3594 1165 τὸ
3642 1110 3728 1166 διὰ
3775 1120 3857 1165 τῶν

2289 1205 2449 1275 ἔργων
2502 1206 2793 1278 θεραπεύειν
2850 1206 2957 1276 τὸνξ
2983 1206 3254 1276 Ὕψιστον,
3314 1209 3406 1257 καὶ
3445 1211 3549 1263 τοῖς
3602 1203 3748 1255 αὑτοῦ
3788 1220 3856 1254 κε-

2288 1291 2550 1365 λεὺσμασι
2590 1296 2881 1347 πείθεσθαι.
2933 1300 3061 1347 Τότε
3118 1296 3220 1368 γὰρ
3251 1299 3343 1346 καὶ
3388 1293 3545 1354 αὑτός
3592 1288 3858 1365 θεανδρικός

2291 1382 2555 1453 ὑπηρέτης
2583 1389 2776 1458 κυρίως
2829 1383 3091 1456 κληθήσῃ,
3133 1387 3221 1435 καὶ
3274 1384 3620 1457 παραστάτης
3671 1387 3751 1432 τοῦ
3780 1385 3856 1431 σοῦ

2295 1475 2557 1522 Δεσπότου
2604 1474 2852 1544 Χριστοῦ,
2912 1472 2971 1525 Εἰ
3028 1474 3129 1546 γὰρ
3184 1473 3210 1523 ὁ
3282 1475 3516 1545 Χριστὸς
3570 1470 3855 1542 θεάνθρωπος

525 1553 711 1611 homo
750 1563 856 1625 est,
886 1574 1025 1629 ergo
1059 1562 1427 1617 Christianus
1459 1562 1571 1634 ipsi
1600 1561 2031 1618 administrans
2052 1546 2185 1613 °the'

2295 1564 2383 1612 καὶ
2431 1561 2455 1611 ὀ
2498 1565 2808 1633 Χριστιανὸς
2840 1563 3070 1634 θεράπων
3125 1557 3450 1633 θεανδρικὸς,
3491 1560 3612 1621 ὠςὸ
3658 1565 3741 1610 τοῦ
3770 1555 3854 1630 βα-

529 1642 810 1699 andricus
833 1648 1251 1719 appellabitur,
1282 1666 1405 1705 non
1433 1666 1604 1705 secus
1628 1665 1697 1705 ac
1724 1650 1924 1719 regius
1970 1646 2189 1702 dicitur

526 1731 684 1799 regis
709 1734 1109 1793 administrer.
1138 1738 1408 1808 Videsne,
1431 1738 1508 1795 ad
1540 1737 1779 1811 qualem
1812 1742 1867 1792 et
1890 1750 2072 1809 quam
2098 1750 2192 1789 su-

529 1818 776 1878 blimem
807 1824 1157 1894 dignitatem
1189 1843 1299 1884 nos
1330 1828 1587 1883 Verbum
1641 1826 1880 1882 evexit?
1926 1833 1981 1881 et
2040 1839 2192 1896 quo-

528 1909 713 1965 modo
734 1911 846 1983 ipsi
873 1914 1235 1984 archangelo
1264 1932 1378 1972 nos
1403 1931 1507 1988 per
1528 1915 1785 1971 nominis
1811 1912 2191 1971 communio”

525 2010 666 2052 nem
704 2001 1015 2070 conjunxit
1061 2004 1175 2075 (52)
1197 2007 1226 2060 ί]

596 2087 798 2143 XLVII.
826 2091 1106 2147 Immensi
1148 2093 1328 2163 hujus
1370 2092 1646 2149 beneﬁcii
1689 2091 2056 2149 conciliatrix
2082 2106 2185 2147 no-

527 2173 624 2230 bis
648 2173 749 2231 illa
774 2181 867 2233 est
894 2180 1131 2252 (Virgo),
1157 2198 1294 2253 qum
1324 2182 1499 2238 cmlos
1528 2182 1888 2238 sublimitate
1917 2185 2180 2253 superat.

528 2265 595 2319 Et
618 2265 762 2335 quid
794 2266 949 2332 dico,
983 2270 1109 2341 pari
1142 2286 1279 2326 cum
1330 2272 1559 2343 angelis
1611 2271 1837 2326 honore
1892 2283 2000 2343 per
2049 2283 2181 2325 eam

527 2366 639 2408 nos
668 2352 883 2424 dignos
906 2356 1149 2414 effectos
1178 2359 1385 2423 fuisse,
1417 2359 1665 2432 quando
1690 2360 2025 2415 humanam
2046 2357 2181 2413 sub-

529 2441 829 2513 stantiam,
864 2461 1000 2516 qute
1023 2462 1094 2502 ex
1120 2448 1255 2519 ipsa
1280 2454 1389 2513 est,
1441 2448 1864 2503 subsistentem
1904 2446 2009 2515 (in)
2066 2448 2183 2500 Deo

528 2528 745 2595 Verbo,
779 2532 839 2587 in
861 2534 1074 2590 eodem
1104 2538 1316 2593 throno
1347 2553 1484 2593 cum
1520 2540 1683 2593 Patre
1706 2541 1763 2591 et
1794 2535 2008 2607 Spiritu
2042 2548 2185 2588 san-

529 2621 625 2673 cto
650 2620 977 2691 sedentem,
1006 2630 1062 2680 et
1107 2641 1142 2679 a
1193 2627 1424 2681 cunctis
1473 2625 1822 2695 angelorum
1874 2621 2184 2678 ordinibus

530 2705 923 2775 gloriﬁcatam
946 2717 1123 2785 atque
1145 2713 1455 2769 adoratam
1478 2729 1656 2769 cerno
1672 2715 1699 2769 ?
1724 2716 1989 2783 Namque
2008 2711 2184 2766 unico

531 2794 780 2864 Christo,
807 2799 906 2870 qui
938 2802 1088 2856 Deus
1120 2806 1205 2858 est
1254 2807 1308 2857 et
1362 2803 1566 2869 homo,
1634 2802 1932 2875 perfectus
1981 2799 2184 2872 quoad

530 2888 851 2958 utramque
900 2894 1182 2946 naturam
1236 2891 1550 2953 exsistens,
1604 2890 1781 2946 simul
1831 2905 1969 2944 cum
2023 2891 2185 2944 Patre
2216 2902 2256 2955 ο

532 2976 589 3027 et
608 2980 819 3031 sancto
852 2978 1067 3049 Spiritu
1089 2981 1347 3035 honores
1373 2980 1554 3035 diviti
1584 2979 1950 3035 deferuntur.

602 3063 827 3131 XLVIII,
870 3072 972 3123 Ast
1018 3073 1080 3123 tu
1123 3085 1159 3124 o
1207 3069 1411 3135 homo,
1471 3084 1606 3141 quas
1657 3084 1763 3140 per
1802 3067 2064 3140 primum
2109 3066 2189 3121 ho

530 3150 755 3207 miuem
790 3169 852 3208 es
882 3170 913 3210 e
954 3162 1157 3225 terra;
1213 3163 1271 3213 et
1317 3158 1516 3225 simul,
1578 3158 1850 3229 Deipara,
1894 3172 2031 3227 qua)
2083 3172 2189 3227 per

531 3241 862 3299 secundum
893 3244 1199 3303 hominem
1221 3263 1285 3303 es
1310 3247 1514 3302 itidem
1542 3263 1574 3302 e
1594 3245 1747 3302 coelo
1772 3247 1785 3300 ε
1820 3248 1863 3302 Ο
1924 3245 2047 3301 tilia
2082 3260 2188 3317 pa-

532 3328 636 3383 tris
665 3333 955 3402 mortalis,
1010 3340 1067 3391 et
1117 3339 1295 3392 Mater
1348 3336 1467 3392 Filii
1533 3333 1926 3391 immortalis!
1971 3336 2014 3389 Ο
2055 3349 2191 3405 quae

532 3419 719 3476 Deum
762 3437 1012 3495 corpore
1060 3425 1329 3489 induisti,
1387 3442 1489 3482 eos
1537 3440 1700 3489 vero,
1753 3425 1853 3495 qui
1919 3411 2195 3478 constant

531 3523 801 3581 corpore,
825 3512 885 3567 in
911 3513 1062 3567 Deos
1084 3513 1329 3568 evexisti
1358 3514 1369 3568 i
1400 3515 1443 3570 Ο
1468 3512 1727 3568 universi
1759 3511 2074 3566 hominum
2099 3516 2194 3581 ge”

530 3597 692 3652 neris
732 3598 892 3653 salus
927 3602 1268 3656 communis
1293 3602 1305 3656 l
1333 3603 1375 3657 Ο
1431 3599 1843 3656 indissolubile
1866 3599 2191 3654 ccelestium

532 3700 671 3741 cum
694 3688 1069 3744 terrestribus
1096 3690 1427 3759 vinculum,
1459 3706 1596 3761 quas
1661 3690 1845 3744 Deum
1905 3703 2040 3744 cum
2084 3688 2191 3743 mi-

532 3773 922 3831 nistrantibus
961 3778 1190 3847 angelis
1250 3780 1307 3833 in
1353 3785 1568 3834 terram
1616 3778 1930 3845 attraxisti,
1978 3782 2033 3831 et
2083 3777 2191 3832 ho-

533 3864 727 3919 mines
758 3880 899 3922 cum
926 3868 1245 3939 congenita
1271 3866 1384 3922 sibi
1418 3874 1571 3922 terra
1599 3866 1675 3923 ad
1704 3865 1880 3921 caelos
1909 3865 2151 3920 elevasti
2176 3868 2188 3923 !

534 3955 740 4012 Osola
775 3972 806 4012 θ
846 3958 1066 4014 seculo
1093 3964 1149 4014 et
1206 3959 1445 4032 proprie
1516 3959 1613 4014 Dei
1674 3957 1931 4013 Genitrix
1994 3957 2005 4011 l
2076 3964 2192 4012 Hac

532 4044 693 4100 enim
719 4046 1124 4117 appellatione
1142 4047 1301 4103 velut
1330 4046 1597 4119 quodam
1630 4047 1899 4102 Dominae
1925 4045 2116 4115 sigillo
2137 4051 2194 4101 et

533 4148 716 4189 aureo
754 4140 809 4190 et
836 4134 1442 4193 honoriﬁcentissimo
1474 4152 1815 4192 sermonem
1848 4151 2051 4190 meum
2082 4135 2190 4189 ob-

535 4221 727 4288 signo.
764 4225 882 4277 Hoc
912 4240 1133 4281 nomen
1165 4231 1340 4281 etore
1372 4230 1429 4281 et
1458 4225 1636 4280 corde
1687 4231 1743 4280 et
1800 4226 2005 4280 anima
2069 4229 2195 4279 tota

2300 1648 2475 1709 σιλέως
2533 1651 2790 1723 ὑπηρέτης
2861 1648 3137 1722 βασιλικὸς
3203 1651 3541 1722 ονομάζεται.
3596 1647 3758 1721 Ὁρᾷς,
3800 1645 3856 1705 εἰς

2298 1739 2402 1791 οἷον
2430 1738 2633 1811 ἀξίωμα
2654 1744 2813 1813 φέρων
2840 1741 2978 1812 ἡμᾶς
3008 1741 3032 1791 ὁ
3058 1739 3208 1810 λόγος
3267 1737 3502 1811 ἀνήγαγε
3558 1754 3572 1803 ;
3619 1740 3703 1788 καὶ
3742 1737 3856 1795 ὅπως

2296 1834 2368 1898 τῷ
2395 1826 2708 1902 ἀρχαγγέλῳ
2738 1831 2905 1900 τούτῳ
2924 1829 3040 1881 καθ’
3066 1830 3369 1901 ὁμωνυμίαν
3394 1825 3627 1898 συνῆψες

2366 2088 2493 2143 MZ'.
2550 2094 2653 2141 Τοῦ
2742 2089 3123 2161 ὑπερμεγέθους
3225 2089 3418 2139 τούτου
3494 2085 3857 2158 εὐεργετήματος

2293 2177 2535 2252 πρόξενος
2592 2179 2717 2250 ἡμῖν
2790 2180 2819 2235 ἡ
2891 2176 3186 2251 ὑψηλοτέρα
3241 2183 3344 2227 τῶν
3407 2174 3650 2248 οὐρανῶν.
3703 2175 3785 2225 Καὶ
3815 2175 3856 2222 τί

2292 2266 2423 2338 λέγω
2480 2266 2763 2338 ἀγγελικῆς
2830 2266 3095 2338 ἰσοτιμίας
3178 2263 3469 2327 ἀξιωθῆναι
3535 2260 3626 2315 διὰ
3694 2263 3857 2320 ταύτης

2292 2357 2452 2428 ἡμᾶς,
2481 2355 2631 2418 εἰδὼς
2670 2360 2763 2413 τὴν
2803 2354 2855 2418 ἐξ
2919 2355 3077 2415 αὑτῆς
3125 2356 3436 2406 ὑποστᾶσαν
3486 2360 3558 2421 τῷ
3589 2357 3696 2420 Θεῷ
3733 2354 3855 2419 Λόγῳ

2295 2444 2618 2520 ἀνθρωπίνην
2671 2445 2873 2506 οὐσίαν,
2929 2446 3205 2517 σύνθρονον
3266 2446 3440 2515 Πατρί
3493 2460 3547 2494 τε
3584 2445 3668 2492 καὶ
3728 2440 3858 2490 11νεύ-

2293 2553 2438 2605 ματι,
2481 2535 2695 2585 καὶὺπό
2742 2536 2917 2593 πάσης
2971 2536 3380 2604 ταγματαρχίας
3444 2528 3704 2601 ἆγγελικῆς
3733 2523 3858 2587 δοξα-

2295 2623 2513 2695 ζομένην
2544 2642 2598 2675 τε
2648 2623 2737 2674 καί
2788 2626 3243 2695 προσκυνουμένην
3287 2637 3300 2686 ;
3368 2627 3451 2690 Τῷ
3504 2619 3573 2671 ἐνὶ
3618 2620 3711 2689 γὰρ
3758 2623 3858 2688 Χρι·

2297 2721 2402 2783 στῷ
2468 2716 2812 2783 προσφέρεται
2872 2714 2901 2769 ἡ
2955 2711 3159 2783 λατρεία
3226 2712 3367 2781 μετὰ
3440 2712 3636 2779 Πατρός
3684 2724 3734 2757 τε
3786 2705 3858 2754 καὶ

2296 2804 2612 2873 Πνεὺματος,
2645 2797 2734 2852 ὁδε
2781 2800 2893 2852 ἐστὶ
2933 2803 3064 2860 Θεὸς
3115 2802 3205 2850 καὶ
3248 2800 3546 2871 ἄνθρωπος,
3577 2795 3627 2847 ἐν
3672 2792 3859 2864 ἀμφοτέ-

2295 2909 2407 2963 ροις
2436 2894 2493 2942 τὸ
2519 2892 2654 2941 κατὰ
2680 2892 2833 2961 φύσιν
2863 2888 3049 2941 τέλειον
3070 2888 3233 2959 ὶχων.

2370 3067 2500 3123 MH'.
2561 3068 2715 3135 Ἀλλ’,
2771 3069 2809 3118 ὠ
2853 3069 3109 3139 ἄνθρωπε,
3146 3062 3238 3118 διὰ
3283 3070 3379 3118 τὸν
3460 3071 3652 3138 πρῶτον
3693 3060 3857 3133 ἄνθρω-

2297 3177 2391 3210 πον
2420 3158 2476 3210 ἐκ
2507 3166 2599 3228 γῆς
2633 3197 2646 3211 .
2703 3161 2813 3217 καὶ.
2864 3157 2903 3206 ὡ
2956 3158 3174 3220 θεοποιε,
3239 3150 3343 3206 διὰ
3384 3156 3470 3206 τὸν
3511 3149 3733 3223 δεύτερον
3780 3148 3850 3196 καὶ

2298 3243 2351 3308 ἕξ
2393 3247 2613 3318 οὐρανθὺ
2680 3246 2692 3300 l
2745 3248 2983 3318 Θὺγατερ
3042 3252 3132 3295 τοὺ
3192 3245 3409 3311 θνητοῦ,
3462 3246 3549 3293 καὶ
3599 3247 3745 3311 μῆτερ
3785 3238 3858 3285 τοῦ

2302 3337 2558 3390 ἀθανάτου
2595 3336 2690 3391 ῘὬ.
2720 3338 2848 3387 Θεὸν
2906 3340 3296 3404 σωματώσασα,
3363 3337 3453 3385 καὶ
3501 3333 3619 3388 τοὺς
3664 3322 3858 3394 ίνσωμά-

2299 3445 2416 3486 τους
2462 3423 2743 3478 θεώσασαῐ
2777 3422 2845 3474 Ὢ.
2878 3426 3023 3479 κοινό
3067 3426 3303 3496 σωτηρία
3355 3427 3447 3472 του
3477 3427 3575 3470 τῶν
3618 3414 3858 3487 ἀνθρώπων

2300 3514 2640 3587 πληρώματος
2708 3512 2719 3565 ε
2802 3511 2869 3562 Ὢ.
2934 3507 3193 3582 σύνδεσμε
3240 3508 3473 3583 ἄρρηκτε
3526 3514 3621 3558 τῶν
3666 3506 3853 3572 ὑπερκο-

2302 3609 2466 3676 σμίων
2522 3622 2575 3655 τε
2628 3607 2719 3653 καὶ
2777 3600 3064 3672 ἐγκοσμίων
3111 3598 3123 3652 l
3181 3603 3309 3651 Θεὸν
3374 3598 3504 3671 μετά
3555 3602 3650 3647 τῶν
3700 3592 3856 3661 inrupt-

2296 3695 2514 3744 τοὺντων
2569 3689 2795 3762 ἀγγέλων
2834 3689 2904 3750 εἰς
2956 3697 3055 3758 ’γῆν
3095 3688 3394 3758 ἀγαγοῦσα,
3455 3705 3542 3737 και
3595 3681 3855 3762 ἀνθρώπους

2299 3782 2430 3849 μετά
2469 3788 2557 3838 τῆς
2611 3760 2896 3849 νσυμφὺτου
2953 3784 3049 3847 γῆς
3101 3775 3167 3835 εἰς
3233 3775 3483 3848 οὐρανοὺς
3533 3760 3853 3838 ἁνυψώσασαῑ

2300 3867 2368 3919 Ὦ.
2395 3872 2523 3938 μόνη
2558 3866 2610 3929 ἐξ
2648 3866 2826 3925 αἰῶνος
2872 3870 2961 3916 καὶ
3013 3864 3200 3938 κυρίως
3239 3870 3512 3935 Θεομῆτορ
3556 3858 3749 3925 ῙΤαύτη
3777 3851 3854 3921 γὰρ

2299 3964 2362 4027 τῇ
2396 3956 2600 4023 κλήσει,
2633 3958 2701 4015 ὡς
2741 3950 2999 4027 σφραγῖδι
3030 3949 3338 4022 δεσποινικῇ
3399 3948 3740 4022 ἐπισφραγίζω
3787 3940 3855 3990 τὸν

2299 4044 2449 4115 λόγον
2479 4064 2579 4116 μου
2606 4052 2666 4115 τῇ
2709 4050 2889 4116 χρυσῇ
2931 4048 3095 4094 τεκαὶ
3134 4042 3400 4111 ὑπερτίμῳ
3465 4060 3476 4070 -
3533 4046 3592 4095 ῆν
3637 4037 3718 4085 καὶ
3762 4030 3857 4079 στὸ-

2301 4153 2429 4205 ματι
2459 4139 2547 4185 καὶ
2593 4129 2792 4206 καρδία
2846 4136 2935 4182 καὶ
2963 4130 3118 4201 ψυχῇ
3151 4129 3564 4199 κατασπάζομαι
3612 4145 3623 4157 ’
3672 4124 3734 4179 ὡς
3773 4115 3855 4168 εἴθε

2300 4227 2495 4281 ταύτην
2562 4222 2645 4275 ἰπὶ
2699 4222 2933 4292 γλώττης
2986 4230 3151 4293 φορῶν
3209 4221 3487 4290 εὑρεθείην,
3544 4218 3629 4266 καὶ
3669 4212 3741 4262 ὅτε
3781 4222 3855 4261 τας

534 4309 899 4380 amplector:
934 4319 989 4368 et
1017 4315 1242 4370 utinam
1277 4315 1391 4370 hoc
1417 4314 1575 4370 idem
1606 4320 1730 4370 tum
1772 4313 1951 4369 etiam
1982 4313 2043 4368 in
2095 4313 2185 4369 or‘

2301 4314 2527 4373 ὑστάτας
2555 4314 2714 4372 πνοὰς
2751 4316 2915 4363 πνέειν
2979 4329 3040 4380 με
3097 4313 3152 4361 τὸ
3206 4310 3347 4369 τέλος
3395 4314 3490 4368 τῆς
3554 4304 3680 4364 ζωῆς
3728 4295 3853 4347 ἀπαι-

531 4398 765 4454 habens
789 4399 1227 4471 deprehendar,
1260 4420 1397 4458 cum
1430 4404 1661 4458 instans
1689 4404 1820 4457 vita;
1840 4402 1975 4457 tinis
1988 4401 2065 4456 ad
2079 4418 2191 4472 po-

533 4491 788 4543 stremos
829 4488 1139 4545 ducendos
1189 4491 1429 4562 spiritus
1480 4507 1575 4546 me
1632 4490 1869 4558 adiget!
1923 4490 2187 4545 Firmiter

530 4576 692 4633 enim
718 4575 922 4641 credo,
953 4577 1224 4633 crudeles
1251 4578 1641 4650 humanoque
1667 4578 1865 4647 generi
1918 4578 2183 4634 infensos

532 4666 685 4722 aeris
715 4670 1020 4721 exactores
1040 4666 1185 4721 illud
1208 4666 1655 4736 formidaturos,
1680 4683 1749 4722 ac
1772 4667 2084 4722 transitum
2107 4667 2183 4722 ab

533 4756 841 4812 exactione
869 4755 1123 4811 liberum
1159 4756 1304 4811 mihi
1335 4756 1756 4827 permissuros.
1812 4755 1933 4811 Hoc
1981 4755 2184 4827 ipsum

531 4848 702 4900 tuum
730 4845 829 4901 Dei
856 4845 1161 4901 Genitricis
1195 4860 1416 4900 nomen
1445 4845 1517 4900 sit
1540 4844 1683 4900 mihi
1710 4843 2183 4913 ultimuslinguae

528 4932 828 5004 loquentis
857 4940 1075 5000 motus,
1107 4939 1169 4991 ut
1190 4933 1335 4989 illud
1367 4933 1525 4989 velut
1545 4933 1714 4989 olivas
1742 4948 1979 4988 ramum
2006 4934 2065 4988 in
2083 4949 2184 4989 ore

530 5020 745 5087 ferens,
776 5022 965 5077 instar
988 5024 1284 5079 columba
1315 5022 1567 5089 avolem,
1600 5022 1736 5076 etin
1789 5022 2031 5077 salutari
2084 5039 2184 5091 pa-

527 5109 710 5166 radisi
743 5125 883 5165 arca
910 5113 1279 5184 requiescam
1304 5114 1437 5183 (ὅὶ).
1471 5110 1993 5166 Vehementissime
2024 5111 2183 5166 enim

602 5299 711 5368 (52)
738 5298 1131 5353 Communem
1154 5313 1293 5353 cum
1306 5295 1572 5352 Gabriele
1584 5295 1946 5363 archangelo
1974 5296 2179 5367 appel-

529 5370 814 5425 lationem
844 5386 917 5424 ex
945 5369 1220 5423 Germani
1258 5368 1548 5423 sententia
1580 5368 1881 5431 sortimur,
1921 5370 2081 5438 quia
2123 5368 2175 5423 vi

530 5441 792 5497 nominis
821 5439 1053 5496 Gabriel
1084 5439 1258 5495 dicit!
1277 5439 1653 5494 'zeandmcum
1672 5452 1693 5507 ,'
1714 5437 2041 5494 theandrici
2074 5454 2174 5495 au-

532 5517 650 5587 tem
671 5518 728 5569 et
754 5516 866 5568 nos
892 5512 1102 5575 merito
1121 5524 1566 5582 nuncupamur,
1602 5514 1803 5581 utpote
1838 5509 2176 5567 administri

2297 4406 2508 4459 τησεται
2576 4405 2713 4471 (53).
2791 4404 3117 4451 ΙΙεπίστευκα
3165 4400 3267 4468 γὰρ
3353 4399 3422 4456 ὡς
3485 4389 3853 4446 αἰδεσθήσονται

2295 4494 2490 4547 ταύτην
2555 4497 2649 4541 τοῦ
2713 4488 2858 4559 ἀέρος
2931 4490 2980 4539 οἱ
3062 4489 3350 4558 πράκτορες
3436 4485 3485 4536 οἱ
3556 4481 3723 4549 πικροὶ
3777 4486 3849 4520 καί

2293 4580 2672 4651 μισάνθρωποι,
2732 4583 2820 4629 καὶ
2872 4596 2961 4648 μοι
3033 4583 3125 4637 τῆς
3207 4571 3496 4632 διαϐάσεως
3570 4562 3851 4641 ἀφορολοΊη’

2293 4687 2384 4719 του
2437 4672 2947 4740 παραχωρήσουσιν,
3018 4666 3156 4722 Αὑτη
3222 4684 3312 4735 μοι
3350 4666 3481 4715 ἔστω
3519 4662 3546 4716 ἡ
3603 4661 3663 4713 σὴ
3712 4654 3851 4703 θεοτο·

2293 4776 2427 4818 κειος
2498 4757 2681 4817 κλῆσις
2756 4755 2959 4825 ΰ.λογον
3040 4754 3276 4825 γλώττης
3339 4755 3531 4822 κίνημα
3578 4744 3849 4798 τελευταῖονν

2296 4845 2356 4897 ἶν’
2407 4848 2475 4906 ὡς
2523 4848 2711 4919 κάρφος
2770 4844 2944 4905 ἐλαίας
3004 4846 3198 4900 ταὺτην
3252 4841 3334 4893 ἐπὶ
3409 4842 3652 4909 στόματος
3716 4841 3849 4921 φεραςν

2293 4936 2526 4990 πετασοὴ
2539 4953 2716 5005 σομαι,
2795 4937 2885 4984 καὶ
2949 4932 3273 4983 καταπαύσω

2295 5022 2361 5081 εἰς
2390 5028 2483 5079 την
2527 5029 2617 5073 τοῦ
2676 5017 3002 5094 παραδείσου
3054 5023 3318 5074 σώστικην
3383 5012 3611 5065 κιϐωτόν.
3665 5012 3846 5055 Φιλυπο-

2297 5120 2502 5184 στροφὼ
2549 5113 2647 5182 γὰρ
2726 5105 2933 5180 σφόδρα
2998 5103 3204 5179 σγοδρα
3256 5126 3268 5138 ·
3330 5103 3513 5155 ἐκεῖθεν
3568 5099 3662 5168 γὰρ
3712 5110 3733 5140 ο
3774 5103 3847 5136 τον

2292 5297 2650 5353 famulantes
2680 5295 2929 5357 Christo.
2952 5294 3057 5366 qui
3085 5288 3331 5365 θέανδρος
3381 5303 3483 5343 seu
3532 5280 3839 5352 θεάνθρωπυς,

2293 5369 2448 5422 Deus
2477 5376 2531 5423 et
2561 5369 2745 5423 homo
2770 5372 2878 5420 est.

2356 5440 2474 5509 (53)
2502 5438 2624 5495 Cod
2664 5437 3000 5494 ἀπαιτήσει-ε.

2343 5514 2455 5583 (54)
2494 5510 2645 5567 Psal.
2688 5526 2801 5575 LIV,
2870 5514 2922 5563 7.
2965 5527 2968 5530 ’

3955 0 4001 585 ,
