4096 6208
215 97 236 120 "0
318 97 325 100 ⁷
477 97 500 118 ο

223 241 330 296 733

1363 246 1432 302 IN
1464 246 2080 306 ANNUNTIATIONEM
2119 247 2195 306 B.
2232 249 2468 306 MARUE

3477 253 3584 308 ’734

221 368 424 438 πρώτου
455 367 660 436 κόσμου
713 371 895 441 Πατὴρ
952 367 1248 429 ἀποστῆναί
1277 390 1341 444 με
1388 371 1672 442 ἠνάγκασε,
1735 376 1821 424 καὶ

1934 371 2067 430 illuc
2095 388 2362 429 remeare
2393 374 2568 446 cupio
2603 391 2617 441 ;
2668 373 2958 446 quoniam
2989 372 3129 430 inde
3188 373 3430 432 avolare
3487 392 3584 430 me

223 455 354 525 πρὸς
431 456 520 504 τὸν
587 456 793 530 ἔνυγρον
865 475 1046 510 τουτον
1103 456 1220 530 βίον
1279 462 1523 534 φέρεσθαι
1591 464 1825 535 προετρέ-

273 559 381 595 ατο.

299 646 432 703 ΜΘ’.
465 654 571 702 Nui
596 645 686 721 δὴ,
729 658 1129 727 κοσμοσὼτειρα
1182 655 1392 719 κιϐωτε,
1443 658 1679 731 κύρωσον
1723 676 1822 728 μου

223 741 321 795 τὴν
352 735 560 809 δέησιν,
611 744 820 793 καὶτὸν
858 748 1107 816 πενιχρὸν
1165 765 1267 820 μου
1316 753 1496 799 τοῦτον
1539 747 1686 818 λόγον
1734 751 1824 799 καὶ

221 824 502 879 οὐτιδανόν
531 825 843 901 προσδεξαι.
898 837 998 886 Καὶ
1040 836 1105 894 ὡς
1156 834 1331 906 νεφέλη
1366 836 1530 907 κούφη
1585 840 1674 890 καὶ
1714 857 1824 907 φω-

218 921 363 975 τεινή
437 915 745 972 ἕπισκίασον
806 919 893 974 ἐπὶ
938 926 1033 981 τὴν
1085 922 1314 994 κεφαλήν
1395 943 1495 996 μου
1550 923 1598 976 ἐν
1655 927 1826 999 ἡμέρᾳ

215 1005 474 1077 πολέμου.
533 1006 721 1060 ιιολλοὶ
773 1011 878 1084 γάρ
934 1010 1066 1064 εἰσιν
1132 1014 1182 1066 οἱ
1242 1011 1329 1085 ἀφ’
1372 1013 1539 1084 ὕψους
1593 1032 1657 1085 με
1710 1013 1824 1066 πλε-

212 1103 454 1167 μοῦντες,
516 1101 606 1149 xui
655 1102 938 1171 πυφρόροις
995 1098 1263 1172 βάλλοντες
1327 1101 1528 1174 βέλεσιν
1597 1102 1823 1175 Ἐπαρον

209 1187 308 1246 τὰς
372 1187 559 1258 χεῖράς
602 1205 697 1240 σου
737 1186 822 1240 ἐπὶ
884 1191 975 1250 τὰς
1028 1192 1272 1260 ἓπάρσεις
1327 1197 1417 1244 xui
1478 1194 1824 1266 ὑπερηφανίας

207 1273 408 1339 αὐτῶν,
465 1279 555 1326 καὶ
615 1275 896 1350 σύντριιρον
947 1276 997 1330 ἰν
1052 1281 1211 1351 τάχει
1276 1283 1489 1340 τούτους
1537 1283 1637 1332 ὑπὸ
1711 1284 1824 1342 τοὺς

206 1359 390 1426 πόδας
411 1365 579 1435 ἡμῶν.
613 1365 674 1418 Εἰ
704 1361 764 1418 δε
792 1371 884 1420 xui
931 1374 1062 1438 χοῦς
1107 1373 1188 1431 τίς
1216 1367 1358 1422 ἔστιν
1416 1368 1464 1421 ἄν
1524 1376 1629 1430 τοῖς
1668 1375 1824 1424 ποσὶν

208 1453 384 1518 iam,
462 1451 518 1504 ἐκ
594 1461 694 1505 τῶν
778 1452 1158 1528 ἕπιτηρούντων
1245 1459 1341 1520 τὰς
1403 1458 1822 1530 πτέρνας“ὃφεων

207 1537 516 1612 ἕπιτριϐεὶς,
590 1540 906 1603 λειξάτωσαν
989 1551 1170 1596 τοῦτον
1251 1545 1402 1598 αὐτοὶ
1470 1545 1520 1597 ἐν
1582 1555 1654 1616 τῷ
1717 1544 1821 1598 ἑπι-

211 1627 448 1702 στριλψαι
517 1631 606 1682 τὸν
665 1635 818 1683 πόνον
899 1631 1067 1684 αὐτῶν
1151 1633 1219 1694 εἰς
1273 1639 1366 1692 τὴν
1434 1633 1655 1707 κεφαλὴν
1729 1635 1824 1687 αὐ-

212 1725 340 1788 τῶν,
409 1722 502 1770 xui
574 1716 658 1772 ἐπὶ
713 1725 943 1795 κορυφὴν
1010 1721 1175 1774 αὐτῶν
1229 1727 1321 1782 τὴν
1391 1719 1605 1778 ἀδικίαν
1664 1743 1826 1778 κατα-

217 1806 405 1865 ϐῆναι.

283 1893 368 1948 Ν.
424 1893 655 1948 Ὶλέωσον
685 1898 811 1970 ἡμῖν
875 1901 961 1951 τὸν
1004 1897 1061 1952 ἔκ
1119 1906 1213 1952 σοῦ
1264 1901 1570 1972 γεννηθέντα
1633 1905 1754 1956 Θεὸν
1807 1922 1819 1935 ο

207 1983 553 2057 χρεωλυσίαν
622 1993 722 2036 τῶν
775 1985 1080 2058 ὀφλημάτων
1150 1991 1371 2047 αἴτησαι
1428 1989 1554 2062 παρ’
1637 1990 1816 2044 αὐτοῦ.

206 2071 393 2144 Ὁρᾷς,
441 2074 563 2124 ὅσον
619 2077 678 2125 τὸ
734 2077 1042 2149 κατάχρεων
1090 2079 1255 2150 ἡμῶν·
1311 2076 1670 2152 ἐγχειρίζομίν
1737 2099 1820 2133 σοι

209 2160 484 2213 λοιπὸντό
548 2167 898 2236 χειρόγραφον
934 2185 948 2197 ο
975 2170 1047 2237 μὴ
1099 2169 1226 2238 πρὸς
1275 2170 1362 2218 τὸν
1412 2166 1564 2238 ὁφκον
1621 2165 1822 2241 ἀπίδῃς

209 2247 402 2317 αὐτοῦ,
463 2254 552 2300 καὶ
603 2254 662 2301 τὸ
721 2250 917 2313 πλῆθος
967 2261 1066 2304 τῶν
1119 2253 1443 2325 ὀφλημάτων.
1495 2254 1578 2314 Ὧς
1640 2258 1742 2329 γὰρ
1794 2258 1820 2308 ὀ

205 2343 415 2412 χρόνος
451 2339 597 2410 ἡμῶν
649 2340 1017 2416 εὖπερίληπτὸς
1056 2342 1173 2396 ἔστι
1216 2349 1306 2396 xui
1335 2346 1364 2402 ἠ
1396 2346 1531 2398 κατὰ
1558 2353 1654 2416 γῆν
1707 2341 1742 2398 δ
1748 2365 1824 2396 ια-

203 2425 387 2499 τριϐὴ,
421 2427 558 2480 οὕτω
604 2432 785 2482 καὶτὰ
834 2435 971 2504 χρέα
1002 2429 1362 2504 ἀπεριόριστα.
1405 2431 1510 2486 Κᾶν
1566 2436 1623 2485 τὸ
1681 2430 1821 2486 δυσ-

208 2517 514 2589 αρίθμητον
562 2519 752 2588 ἔχουσι
811 2519 936 2593 παρ’
999 2521 1146 2592 ἡμῖν,
1189 2522 1218 2578 ἡ
1279 2518 1337 2574 δι
1389 2529 1478 2574 τοῦ
1543 2529 1638 2574 σοῦ
1693 2523 1820 2574 Υἰοῡ

203 2601 478 2675 ἀγαθοτης
519 2604 629 2657 οὗθ’
676 2606 762 2657 ὑπ’
804 2605 978 2681 ἀρχὴν
1008 2612 1206 2673 πίπτιι,
1253 2612 1371 2661 οὔτε
1417 2609 1548 2664 τελει
1595 2615 1822 2685 περιορί-

203 2693 363 2754 ζεται
444 2713 457 2726 ο
536 2697 621 2752 Μή
689 2697 824 2748 κατά
894 2697 984 2758 τὰς
1043 2695 1261 2770 ἀνομίας
1324 2700 1468 2771 ἡμῶν
1544 2701 1820 2757 ποιησάτω

205 2784 362 2856 ἡμῖν,
416 2778 557 2856 undi
607 2786 743 2836 κατά
813 2787 902 2846 τὰς
970 2785 1232 2860 ἁμαρτίας
1280 2789 1425 2860 ἡμῶν
1482 2785 1822 2842 ἀνταποδότω

205 2871 365 2946 ἡμῖν.
403 2876 504 2924 Kui
527 2874 629 2946 γὰρ
674 2875 808 2926 κατά
861 2878 920 2928 τὸ
969 2874 1102 2946 ὕψος
1155 2884 1246 2928 τοῦ
1296 2877 1516 2952 οὐρανοῦ
1561 2876 1661 2930 ἀπὸ
1728 2886 1824 2940 τῆς

202 2969 303 3032 γῆς
378 2958 695 3033 ἔκραταίωσε
740 2964 797 3014 τὸ
871 2961 1006 3026 ἔλεος
1076 2963 1236 3016 αὐτοῦ
1306 2965 1390 3018 ἐπὶ
1455 2969 1511 3020 τὸ
1585 2965 1824 3041 βρότειον

207 3050 497 3122 πλήρωμα,
553 3049 729 3113 κλίνας
789 3051 1056 3128 οὐρανοὺς,
1122 3057 1214 3106 καὶ
1274 3053 1510 3117 καταϐὰς
1576 3057 1661 3110 ἐπὶ
1726 3064 1825 3128 γῆν

210 3133 304 3190 διὰ
414 3137 797 3211 φιλανθρωπίας
898 3141 1242 3216 ὑπεράπειρον
1351 3143 1604 3200 ἄϐυσσον.
1698 3137 1827 3198 Καθ’

203 3227 330 3280 ὅσον
410 3223 524 3297 (62)
581 3223 873 3298 ἀπέχουσιν
931 3225 1174 3282 ἀνατολαὶ
1243 3228 1344 3284 ἀπὸ
1400 3228 1638 3304 δυσμῶν,
1699 3231 1824 3304 ἐμα-

211 3332 402 3387 κρυνεν
480 3312 564 3386 ἀφ’
632 3317 776 3386 ἡμῶν
863 3317 956 3378 τὰς
1041 3316 1301 3392 ἁμαρτίας
1367 3321 1534 3390 ἡμῶν,
1606 3319 1822 3378 ἀνατολὴ

1559 3403 1593 3460 δ
1597 3411 1715 3468 ύνας
1767 3404 1826 3461 δὲ

212 3489 285 3545 δι’
323 3491 720 3564 εὐσπλαγχνίαν
751 3496 864 3564 (63)
893 3493 1191 3548 ἀνείκαστον
1221 3495 1302 3548 ἐπὶ
1333 3501 1425 3555 τὴν
1459 3501 1672 3549 σκοτίαν
1709 3498 1830 3569 (64η)

215 3591 310 3634 τοῦ
352 3579 472 3634 καθ’
527 3583 666 3652 ἡμᾶς
699 3581 820 3654 βίου
875 3588 964 3635 καὶ
1012 3592 1102 3635 τοῦ
1155 3590 1375 3660 σαρκίον

215 3669 508 3722 κατέλαϐεν
583 3671 735 3722 αὐτὸν
806 3673 837 3728 ἡ
923 3677 1110 3725 σκοτία
1184 3695 1196 3706 ο

203 3407 292 3475 μὲν
355 3400 606 3474 ἀείφωτος
661 3408 752 3455 καὶ
810 3405 876 3455 ὧν
939 3409 1028 3457 καὶ
1077 3405 1450 3479 ὀνομαζόμενος
1497 3428 1509 3440 ·

1456 3607 1468 3618 ο
1524 3584 1568 3638 εἰ
1619 3592 1707 3638 καὶ
1768 3587 1826 3638 οὐ

1289 3673 1478 3746 μᾶλλον
1561 3669 1648 3726 οὖν
1738 3681 1827 3727 xui

216 3756 546 3813 διεσκέδασε
592 3763 650 3812 τὸ
692 3757 925 3833 ζοφῶδες
972 3767 1063 3814 καὶ
1117 3770 1551 3835 μετεστοιχείωσε
1606 3769 1730 3839 πρὸς
1769 3768 1826 3816 τὸ

229 3845 541 3920 φωτοειδές.
593 3853 788 3902 Λοιπὸν
842 3849 994 3921 ὀλίγα
1047 3853 1112 3903 τὰ
1163 3855 1438 3926 τραύματα
1493 3857 1558 3905 τα
1603 3855 1828 3927 ἡμέτερα

219 3941 352 4010 πρὸς
408 3941 506 3995 τὴν
582 3936 946 4011 ἀπεριόριστον
1011 3940 1358 4014 ἔμπλαστρον,
1427 3941 1485 4000 ἢν
1541 3950 1613 4014 τῷ
1670 3949 1823 3996 παντὶ

216 4026 580 4094 συνεξέτεινεν,
663 4027 744 4079 ἵνα
813 4029 1104 4103 θεραπεύσῃ
1169 4032 1234 4081 τὰ
1298 4032 1485 4085 πάντα.
1559 4030 1823 4103 ’Ἐγκειται

215 4111 271 4166 δε
340 4122 402 4186 τῇ
469 4115 782 4189 ἀμπλάστρῳ
856 4119 914 4168 τό
975 4113 1404 4189 δραστικώτατον
1443 4121 1732 4192 φάρμακον,
1766 4127 1823 4174 τὸ

213 4203 350 4276 αἷμα
419 4204 580 4256 αὐτοῦ
629 4208 689 4257 τὸ
731 4204 1022 4280 θεόρρυτον,
1074 4207 1451 4260 καταναλίσκον
1491 4217 1589 4260 τῶν
1642 4209 1821 4282 ἡμετέ-

204 4312 308 4368 ρων
360 4295 674 4367 τραυμάτων
722 4299 816 4352 τήν
867 4297 1200 4360 κακοήθειαν,
1255 4298 1323 4358 ὡς
1397 4301 1486 4349 καὶ
1534 4299 1621 4357 τὰς
1669 4297 1822 4361 οὐλὰς

208 4381 513 4455 ἐξαλείφειν,
555 4386 798 4457 καὶπρὸς
829 4388 923 4441 τὴν
981 4388 1232 4460 προτέραν
1289 4386 1465 4457 ὑγείαν
1503 4389 1640 4458 (68')
1693 4383 1820 4442 ἀπο-

208 4473 308 4524 καθ
319 4476 496 4541 ιστᾲν.

281 4682 397 4750 (55)
411 4679 606 4764 Mundi
613 4680 845 4764 pristini
856 4726 870 4750 ,
882 4681 942 4737 id
960 4683 1329 4764 estcorrupti
1344 4685 1448 4764 qui
1461 4683 1818 4764 redemptio-

212 4768 348 4826 nem
381 4753 696 4816 antecedit,
728 4761 900 4826 pater
925 4759 1010 4809 est
1031 4753 1384 4826 Adaquui
1405 4760 1589 4812 totum
1627 4753 1816 4825 genus

213 4823 550 4898 humanum
581 4823 1066 4898 quodamveluti
1096 4823 1317 4880 diluvio
1339 4823 1656 4882 demersit.—
1668 4829 1813 4884 Cum

213 4909 352 4966 vero
379 4893 564 4966 paulo
587 4893 721 4965 post
737 4895 915 4966 Maria
927 4895 1276 4965 designetur
1291 4912 1399 4951 ceu
1411 4911 1552 4953 arca
1576 4899 1816 4956 Noetica

211 4965 349 5042 hinc
381 4965 563 5037 plane
591 4965 920 5042 cqnoludaa
947 4966 1112 5042 licet,
1150 4968 1266 5042 hoc
1292 4969 1658 5042 symbolum,
1689 4986 1814 5042 quo

210 5038 430 5112 saepius
443 5052 627 5108 penes
641 5039 841 5112 Patres
860 5037 1114 5112 Deipara
1125 5037 1478 5106 celebratur,
1493 5040 1572 5095 ad
1596 5037 1813 5112 praero-

251 5107 470 5164 ativam
491 5123 736 5181 quoque
759 5107 1035 5165 devitataa
1059 5109 1138 5165 ab
1164 5125 1234 5167 ea
1259 5107 1811 5168 communis'ruime

254 5183 624 5252 enotandam
651 5183 940 5252 spectare.

281 5250 393 5320 (56)
427 5251 541 5306 lsa.
563 5250 764 5316 x1x,1.

285 5325 390 5391 (57)
423 5321 579 5377 Psal.
607 5337 848 5392 anxur,
880 5324 932 5376 8.

280 5393 391 5461 (58)
410 5409 602 5461 Lxxm,
627 5396 680 5447 3.

281 5463 394 5528 (59)
414 5465 560 5518 Gen.
581 5479 655 5526 ιιι,
686 5463 771 5520 15.

284 5532 389 5610 (60)
418 5534 575 5590 δεδι.
607 5549 764 5604 LXXI,
790 5538 890 5586 Καὶ
919 5536 969 5586 οἱ
994 5532 1181 5610 ἐχθροί
1202 5533 1361 5587 αὐτοῦ
1378 5541 1514 5607 χοῦν
1546 5534 1806 5598 λείξουσι;

1930 460 2161 531 pristini
2187 462 2396 518 mundi
2417 469 2584 535 pater
2601 463 2792 534 coegit
2813 465 2944 532 (55),
2977 478 3205 536 perque
3224 461 3382 518 hanc
3403 463 3583 520 vitam

1927 547 2206 606 ﬂuctibus
2233 551 2439 608 diluvii
2460 551 2800 608 demersam
2813 551 3166 623 jactandum
3201 551 3465 607 tradidit.

1999 657 2172 714 XLIX.
2201 657 2292 712 Tu
2338 657 2558 731 itaque,
2590 677 2626 714 ο
2653 676 2793 714 arca
2847 657 3057 714 mundi
3107 659 3415 726 servatrix,
3447 673 3583 730 pre-

1930 761 2030 800 ces
2060 761 2248 812 meas,
2281 747 2550 818 obsecro,
2584 755 2740 804 ratas
2769 747 2939 813 habe,
2972 753 3030 804 et
3059 763 3263 804 meum
3291 747 3453 804 hunc
3474 747 3582 802 mi-

1933 833 2147 890 sellum
2168 851 2239 892 ac
2263 836 2484 892 nullius
2507 837 2676 908 pretii
2699 853 3038 892 sermonem
3057 836 3283 908 excipe.
3309 841 3389 892 Ac
3423 835 3586 891 velut

1927 923 2073 980 levis
2101 941 2171 981 ac
2191 925 2392 982 lucida
2443 926 2634 982 nubes
2662 927 2800 998 (66),
2831 926 3119 982 obumbra
3174 931 3357 993 caput
3389 940 3581 982 meum

1930 1014 1993 1068 in
2023 1013 2118 1069 die
2149 1013 2314 1070 belli.
2373 1015 2488 1085 (57)
2520 1015 2682 1071 Multi
2709 1015 2867 1070 enim
2903 1018 3060 1080 sunt,
3093 1013 3197 1086 qui
3229 1015 3306 1069 ab
3337 1013 3454 1070 alto
3484 1029 3580 1068 me

1929 1107 2305 1173 oppugnant,
2329 1110 2385 1158 et
2407 1103 2636 1172 sagittis
2659 1102 2855 1171 ignitis
2880 1102 3245 1174 jaculantur.
3269 1104 3427 1158 Leva
3452 1116 3578 1158 ma-

1930 1206 2042 1245 nus
2076 1198 2211 1247 tuas
2238 1193 2300 1247 in
2333 1193 2643 1262 superbius
2676 1198 3092 1264 tumoremque
3122 1208 3324 1248 eorum
3361 1193 3494 1260 (58),
3524 1194 3582 1245 et

1928 1279 2048 1336 cito
2077 1286 2314 1336 contere
2366 1298 2468 1336 eos
2496 1284 2607 1336 sub
2640 1281 2895 1354 pedibus
2921 1281 3157 1336 nostris.
3192 1280 3366 1347 Quod
3408 1282 3458 1336 si
3489 1296 3582 1353 pe-

1929 1368 2108 1424 dibus
2140 1370 2354 1426 nostris
2386 1370 2714 1426 etiamnum
2745 1370 2939 1442 pulvis
2981 1369 3195 1442 aliquis
3214 1386 3320 1442 per
3344 1385 3581 1444 serpen-

1931 1463 2019 1514 tes
2064 1459 2349 1516 calcaneo
2382 1460 2731 1516 insidiantes
2784 1461 2896 1530 (59)
2952 1460 3227 1530 injectus,
3275 1460 3578 1518 adhaeret:

1929 1546 2092 1604 hunc
2108 1549 2223 1616 ipsi
2241 1549 2478 1618 lingant
2491 1549 2583 1618 (60
2593 1562 2628 1616 ),
2652 1565 2781 1604 cum
2797 1553 3177 1604 convertatur
3196 1549 3370 1604 dolor
3383 1562 3579 1604 eorum

1928 1636 1993 1692 in
2024 1643 2202 1706 caput
2233 1638 2500 1705 illorum,
2519 1645 2569 1693 et
2599 1638 2660 1692 in
2699 1638 2976 1692 verticem
3009 1638 3271 1706 ipsorum
3301 1637 3580 1706 iniquitas

1861 1736 1897 1788 Β
1931 1740 2136 1781 eorum
2157 1725 2468 1782 descendet
2498 1725 2629 1797 (61),

2003 1903 2060 1956 L.
2081 1899 2281 1956 Redde
2303 1899 2476 1956 nobis
2503 1899 2829 1972 propitium
2854 1899 3062 1969 Deum,
3090 1898 3195 1971 qui
3222 1913 3292 1954 ex
3325 1902 3376 1954 te
3403 1904 3580 1956 natus

1929 1994 2221 2055 est;ex0ra
2233 1988 2311 2046 ab
2323 1989 2454 2061 ipso
2468 1987 2794 2043 debitorum
2811 1992 3144 2044 nostrorum
3155 1987 3578 2046 remissionem.

1932 2077 2129 2148 Vides,
2159 2094 2343 2151 quam
2405 2078 2618 2147 ingens
2669 2076 2744 2134 sit
2797 2076 3067 2136 debitum
3114 2081 3431 2134 nostrum:
3463 2075 3580 2132 hoc

1929 2182 2117 2222 unum
2149 2166 2324 2222 nobis
2347 2171 2639 2239 superest,
2668 2172 2730 2221 ut
2753 2165 3222 2238 chirographum
3244 2163 3345 2220 tibi
3362 2165 3422 2220 in
3454 2180 3578 2220 ma-

1927 2271 2040 2310 nus
2061 2255 2378 2312 tradamus
2405 2271 2417 2309 :
2451 2270 2548 2320 ne,
2579 2270 2808 2328 quaeso,
2842 2258 3084 2326 propter
3113 2253 3243 2324 ejus
3265 2253 3504 2326 pondus
3524 2257 3580 2308 et

1927 2349 2171 2416 propter
2194 2343 2535 2399 debitorum
2565 2343 2872 2400 cumulum
2895 2341 3102 2398 oculos
3131 2346 3267 2398 tuos
3297 2346 3530 2404 avertas
3563 2358 3576 2395 :

1929 2431 2250 2488 sicutenim
2265 2432 2540 2502 exiguum
2555 2430 2728 2486 nobis
2741 2437 2987 2502 tempus,
3007 2447 3076 2485 ac
3088 2430 3271 2486 breve
3292 2429 3580 2502 reliquum

1927 2526 2017 2576 est
2049 2519 2356 2592 praesentis
2378 2520 2511 2576 vitae
2557 2520 2842 2592 spatium,
2875 2519 2960 2574 sic
2991 2518 3288 2574 immensa
3339 2533 3581 2592 quoque

1931 2617 2070 2666 sunt
2099 2609 2302 2664 debita
2322 2613 2544 2664 nostra.
2567 2609 2928 2680 Quanquam
2964 2607 3078 2662 ista
3107 2623 3144 2662 a
3161 2605 3335 2662 nobis
3359 2607 3453 2662 vix
3475 2623 3582 2662 nu-

1928 2699 2144 2754 merari
2170 2698 2417 2772 possint,
2449 2702 2510 2753 at
2540 2696 2659 2752 Filii
2693 2697 2775 2754 tui
2805 2695 3122 2752 clementia
3179 2697 3579 2769 quemadmo-

1929 2788 2077 2844 dum
2109 2804 2320 2860 expers
2339 2792 2428 2842 est
2457 2785 2749 2859 principii,
2775 2787 2857 2842 sic
2881 2785 3056 2842 nullis
3082 2785 3306 2841 ﬁnibus
3333 2786 3580 2842 circum-

1931 2875 2225 2932 scribitur.
2247 2877 2382 2931 Non
2401 2875 2723 2932 secundum
2749 2879 2999 2944 peccata
3035 2880 3244 2930 nostra
3267 2873 3446 2929 faciat
3473 2889 3578 2928 no-

1935 2966 2039 3031 bis,
2063 2980 2251 3034 neque
2276 2963 2599 3022 secundum
2642 2963 2989 3034 iniquitates
3031 2969 3265 3021 nostras
3292 2960 3580 3017 retribuat

1932 3052 2099 3110 nobis
2128 3053 2260 3122 (65).
2306 3051 2596 3118 Quoniam
2620 3054 2942 3109 secundum
2967 3054 3348 3110 altitudinem
3380 3049 3517 3106 coeli
3541 3064 3578 3104 a

1935 3147 2100 3197 terra
2135 3136 2546 3194 corroboravit
2577 3141 3042 3196 misericordiam
3064 3155 3230 3196 suam
3250 3152 3429 3207 super
3451 3134 3580 3190 uni-

1935 3245 2166 3285 versum
2181 3226 2524 3283 mortalium
2538 3241 2744 3296 genus,
2762 3229 3371 3300 propterimmensam
3405 3238 3579 3280 amo-

1934 3319 2014 3372 ris
2042 3317 2291 3387 suierga
2304 3314 2580 3370 homines
2605 3313 2892 3386 abyssum
2921 3319 3094 3373 cmlos
3124 3315 3424 3372 inclinans
3437 3319 3492 3370 et
3519 3312 3578 3366 in

1936 3412 2154 3462 terram
2186 3403 2555 3460 descendens
2588 3405 2719 3474 (66).
2749 3403 3051 3471 Quantum
3104 3405 3286 3462 distat
3313 3409 3479 3460 ortus
3505 3401 3578 3457 ab

1934 3494 2436 3563 occidente,longe
2445 3491 2582 3561 fecit
2598 3507 2633 3547 a
2648 3491 2814 3548 nobis
2829 3495 3174 3566 iniquitates
3187 3499 3425 3550 nostras
3446 3490 3577 3562 (67),

1934 3587 2131 3640 oriens
2167 3583 2412 3655 quidem
2455 3597 2693 3652 semper
2725 3581 2952 3639 lumine
2975 3584 3331 3658 splendidus
3355 3587 3411 3638 et
3433 3581 3580 3637 exsi-

1935 3679 2094 3728 stens
2123 3681 2178 3727 et
2201 3669 2540 3743 appellatus
2572 3685 2584 3734 ;
2614 3672 2888 3728 occidens
2918 3691 3052 3730 vero
3082 3678 3322 3746 propter
3365 3670 3581 3727 intesti-

1934 3761 2171 3816 mabilis
2193 3758 2613 3815 misericordiae
2636 3774 2759 3814 suae
2785 3761 3011 3818 viscera
3032 3763 3110 3818 ad
3133 3763 3264 3818 vitae
3287 3766 3504 3817 nostra;
3524 3763 3582 3812 et

1933 3851 2012 3906 ad
2037 3850 2320 3905 humanae
2370 3847 2565 3902 carnis
2613 3848 2891 3904 tenebras
2926 3866 2991 3906 se
3020 3851 3353 3906 damittens.
3385 3851 3578 3914 Quan-

1934 3955 2119 4011 quam
2150 3938 2402 3994 tenebrte
2433 3951 2563 3992 eum
2628 3949 2749 3991 non
2802 3939 3384 4008 comprehenderunt
3416 3939 3527 4006 (68)
3565 3954 3576 4000 ;

1932 4027 2204 4099 quinimo
2231 4033 2286 4082 et
2315 4023 2608 4098 quidquid
2640 4026 3079 4084 tenebricosum
3141 4031 3283 4092 erat,
3333 4023 3580 4096 dispulit

1930 4121 1986 4170 et
2016 4116 2075 4170 in
2107 4115 2373 4170 lucidum
2422 4111 2885 4172 transformavit.
2949 4114 3238 4170 Caeterum
3266 4115 3416 4170 levia
3445 4128 3578 4168 cen-

1931 4206 2042 4259 seri
2091 4211 2346 4276 possunt
2399 4203 2665 4270 vulnera,
2700 4209 2924 4270 nostra,
2955 4204 3002 4259 si
3027 4221 3164 4260 cum
3210 4203 3308 4259 illo
3333 4201 3577 4258 inﬁnitae

1930 4293 2159 4349 virtutis
2188 4293 2515 4366 pharmaco
2546 4297 3162 4366 comparentur,quod
3192 4293 3474 4348 omnibus
3505 4307 3574 4346 ex

1927 4399 2102 4455 aequo
2132 4384 2408 4448 porrexit,
2433 4387 2496 4438 ut
2519 4383 2725 4438 omnia
2758 4385 3019 4438 sanaret.
3062 4381 3218 4438 Inest
3248 4381 3407 4436 enim
3437 4380 3574 4435 huic

1927 4472 2256 4546 pharmaco
2277 4470 2754 4526 efﬁcacicissimae
2777 4469 3009 4526 virtutis
3041 4469 3426 4535 elementum,
3445 4467 3496 4539 ej
3507 4483 3574 4522 us

1925 4683 2002 4739 Et
2016 4685 2248 4740 inimici
2257 4686 2315 4752 ej
2320 4698 2386 4738 us
2399 4690 2625 4739 terram
2644 4685 2897 4752 lingent.
2915 4682 3197 4738 Eamdem
3218 4682 3573 4738 sententiam

1925 4754 2117 4824 legere
2139 4761 2229 4808 est
2256 4755 2365 4809 lsa.
2389 4770 2542 4819 χιιι,
2568 4761 2624 4811 et
2645 4753 2820 4810 Mich.
2848 4770 2941 4820 vu,
2975 4759 3054 4810 17.

2020 4826 2111 4898 61)
2153 4825 2306 4880 Psal.
2339 4841 2434 4880 vn.
2463 4826 2524 4878 17

1993 4827 2113 4968 (6‘2)
2147 4896 2287 4968 Cod.
2316 4898 2524 4968 xuaioaoi

2020 4896 2113 4962 6‘2)
2147 4896 2264 4951 Cod
2277 4939 2287 4949 .
2316 4898 2560 4950 καθόσον.

1995 4965 2110 5038 (63)
2148 4967 2290 5024 C0d°
2315 4965 2696 5036 ὶσπλαγχνίαν.

1996 5042 2109 5104 (64)
2149 5039 2291 5095 Cod.
2324 5042 2581 5090 σκοτείαν.

1994 5111 2107 5180 (65)
2151 5110 2300 5180 Psal.
2327 5125 2418 5175 cu,
2452 5113 2532 5173 10,
2564 5109 2646 5162 11.

1995 5181 2106 5318 (66)
2147 5179 2294 5236 Psal.
2326 5195 2464 5248 xvu,
2494 5182 2582 5234 10.

1995 5253 2080 5318 (67
2150 5252 2300 5309 Psal.
2333 5267 2426 5315 cu,
2459 5251 2542 5305 t2.

2017 5251 2106 5315 67)
2150 5252 2300 5309 Psal.
2333 5267 2426 5315 cu,
2459 5251 2542 5305 t2.

2017 5323 2106 5388 63)
2144 5325 2313 5378 Joan.
2353 5338 2392 5386 ι,
2416 5323 2473 5378 5.

1993 5389 2130 5462 (68’)
2174 5393 2256 5448 Ita
2281 5392 2395 5469 cod
2424 5407 2560 5447 cum
2593 5389 2851 5447 dialecto
2880 5390 3130 5462 vulgari,
3163 5396 3224 5446 ut
3255 5391 3573 5469 Hedericus

1919 5469 2144 5530 censet,
2173 5479 2286 5535 pro
2307 5467 2536 5536 ὑγίειαν.
