4096 6208
585 252 688 309 735

1761 239 2072 302 CERMANI
2104 244 2149 300 ll
2180 243 2284 302 ΟΡ.
2311 243 2737 303 PATRIACH/E
3817 257 3897 313 736

585 389 806 448 nempe
851 374 1095 449 sanguis
1159 371 1443 430 divinitus
1488 368 1704 436 ﬂuens,
1761 369 1865 443 qui
1943 369 2613 430 vulnerumnostrorum
2664 373 2745 430 ita
2824 371 3259 446 malignitatem
3329 372 3607 446 absumit,
3668 380 3728 437 ut
3783 379 3902 454 ipsis

583 480 827 539 quoque
843 464 1141 521 cicatrices
1154 462 1562 532 abstergeatet
1586 459 1647 515 in
1675 457 1991 531 pristinam
2019 459 2336 519 sanitatem
2368 461 2663 533 integram
2693 462 2984 520 restituat.

654 554 744 610 LI.
769 554 872 610 Tui
899 553 1100 626 itaque
1127 553 1188 623 (o
1233 550 1524 624 Deipara),
1559 563 1727 604 sume
1748 547 2241 622 chirographum,
2271 553 2313 606 A

584 658 705 716 quo
727 648 850 699 tam
881 641 1068 698 multa
1097 640 1296 697 debita
1328 643 1534 697 nostra
1581 637 1978 703 continentur,
2010 642 2068 695 et
2095 637 2242 694 illud

584 731 843 788 dilacera
868 730 1274 788 immaculatis
1299 729 1414 785 illis
1435 729 1552 786 tuis
1582 726 1889 799 manibus,
1915 727 2138 801 quibus
2158 728 2242 786 uti

584 826 776 877 mater
803 836 963 888 eum,
1015 819 1118 893 qui
1151 823 1350 893 portat
1379 819 1440 874 in
1498 832 1687 874 manu
1740 832 1852 874 sua
1894 817 2240 874 universum

583 910 898 982 mundum,
963 911 1178 981 gestati
1224 926 1239 977 ;
1293 910 1407 965 hac
1500 907 1665 964 enim
1719 905 1795 962 de
1872 922 2059 964 causa
2100 923 2241 963 eum

585 999 846 1072 gestasti,
870 1015 994 1072 quo
1025 999 1224 1055 sicicet
1249 999 1522 1055 humano
1572 996 1777 1067 generi
1822 993 2028 1053 debita
2056 995 2239 1052 solve-

581 1095 802 1147 rentur.
837 1089 1023 1146 Etiam
1053 1088 1230 1144 nobis
1258 1088 1434 1160 igitur
1481 1089 1668 1142 Deum
1702 1100 1775 1141 ex
1796 1088 1850 1141 te
1872 1089 2084 1142 natum
2109 1101 2240 1158 pro-

579 1179 795 1252 pitium
820 1179 1024 1243 redde,
1047 1179 1370 1250 ipsumque
1402 1193 1439 1233 a
1468 1175 1648 1233 veteri
1694 1179 1838 1248 (quo
1881 1175 1987 1231 tibi
2035 1175 2241 1232 obstri-

584 1274 712 1325 ctus
737 1269 985 1337 tenetur)
1034 1267 1239 1324 debito
1299 1267 1506 1324 libera.
1552 1266 1795 1322 Fenoris
1844 1265 2027 1334 enim,
2076 1264 2244 1338 quod

580 1359 716 1430 ipsa
737 1358 1151 1414 universorum
1176 1356 1428 1413 Domino
1451 1353 1858 1412 commodasti
1885 1355 2022 1424 (69),
2045 1353 2242 1411 carnis

585 1449 806 1503 scilicet
847 1447 1222 1520 hypostatice
1270 1462 1306 1502 a
1378 1449 1495 1502 Deo
1546 1447 1894 1516 assumpta},
1947 1444 2242 1500 rationem

582 1538 709 1611 ipse
729 1536 929 1604 habet,
962 1540 1018 1592 et
1039 1537 1293 1608 gratiam
1325 1534 1430 1591 tibi
1483 1534 1688 1602 gratiis
1731 1533 2015 1590 omnibus
2055 1534 2242 1606 potio-

583 1641 711 1682 rem
737 1625 931 1695 debet,
955 1625 1122 1697 quod
1150 1624 1264 1680 hoc
1288 1623 1449 1680 idem
1489 1624 1682 1691 fenus,
1733 1638 1955 1694 purum
1997 1638 2243 1695 prorsus

585 1730 770 1789 supra
798 1729 984 1787 quam
1015 1713 1131 1770 dici
1157 1714 1366 1786 possit,
1393 1717 1450 1768 et
1479 1711 1646 1768 omni
1673 1727 1821 1768 auro
1865 1711 2243 1783 splendidius

583 1821 652 1861 ac
679 1804 963 1860 sincerius
985 1818 1230 1871 sonans,
1255 1806 1313 1858 et
1335 1802 1613 1872 dignum,
1647 1816 1773 1874 quo
1805 1801 1935 1874 ipse
1962 1805 2244 1870 uteretur,

582 1893 635 1950 ei
662 1892 1009 1949 servaveris.
1034 1891 1204 1957 Quod
1234 1890 1480 1964 quidem
1510 1905 1622 1946 nos
1673 1893 2041 1946 contrectare
2081 1889 2248 1962 digni

582 1983 715 2039 facti
741 1998 951 2039 sumus
979 1982 1130 2038 inter
1156 1997 1330 2038 sacra
1371 1981 1681 2052 mysteria,
1729 1996 1797 2037 ac
1830 1980 2011 2037 veluti
2064 1979 2249 2052 colly-

579 2071 749 2129 bistaa
799 2072 1066 2144 mysticae
1096 2087 1167 2128 ac
1188 2074 1409 2127 sanctas
1433 2085 1656 2127 mensae
1683 2069 1948 2127 minutas
1972 2069 2034 2126 in
2050 2073 2249 2141 partes

580 2162 918 2231 tribuimus,
936 2166 991 2218 et
1006 2177 1108 2234 per
1129 2161 1386 2232 gratiam
1409 2160 1598 2233 ipsius
1617 2175 1916 2232 pauperes
1942 2159 2152 2232 spiritu
2169 2158 2246 2215 ab

578 2252 841 2325 antiquis
870 2251 1104 2317 debitis,
1128 2252 1211 2308 uti
1239 2250 1561 2315 credimus,
1592 2249 1814 2306 liberos
1863 2248 2245 2306 dimittimus.

648 2340 946 2407 Introduc,
1005 2356 1042 2397 o
1101 2341 1354 2397 Domina
1406 2340 1852 2405 universorum,
1885 2339 1946 2395 in
2009 2338 2245 2395 caeleste

578 2444 789 2499 regum
813 2444 1023 2486 omnes
1047 2429 1152 2502 qui
1183 2429 1287 2485 tibi
1311 2444 1375 2484 se
1436 2427 1687 2494 dedunt,
1746 2432 1919 2500 teque
1981 2443 2117 2485 vere
2173 2442 2244 2484 ac

579 2519 820 2592 proprie
847 2519 945 2575 Dei
977 2518 1326 2574 Genitricem
1357 2517 1627 2589 credunt,
1671 2521 1729 2573 et
1758 2517 1947 2574 corda
1978 2517 2092 2575 hac
2125 2516 2242 2573 ﬁde

576 2607 972 2678 sanctiﬁcant,
991 2613 1048 2664 et
1065 2608 1338 2679 linguam
1356 2607 1468 2664 hac
1491 2622 1635 2663 voce
1656 2606 1998 2679 puriﬁcant,
2013 2607 2240 2680 quique

576 2697 797 2754 auxilio
825 2701 925 2752 tuo
952 2696 1282 2766 gloriantur
1307 2711 1378 2752 ac
1406 2696 1533 2769 spei
1565 2695 1899 2753 anchoram
1948 2700 2065 2753 tuae
2117 2713 2239 2754 me-

575 2787 845 2843 ditationi
865 2785 1191 2843 adnectunt
1241 2791 1380 2859 post
1410 2788 1616 2856 Deum,
1665 2801 1849 2858 quem
1880 2786 1942 2841 iu
1967 2789 2135 2843 Patre
2184 2792 2240 2844 et

577 2875 720 2932 Filio
750 2880 806 2932 et
829 2879 1038 2932 sancto
1071 2875 1288 2947 Spiritu
1318 2875 1648 2932 adoramus
1695 2880 1753 2931 et
1806 2874 2234 2944 gloriﬁcamus;

574 2965 667 3020 cui
691 2964 801 3021 soli
827 2964 1013 3022 latriaa
1046 2964 1274 3020 cultum
1327 2963 1674 3030 deferimus,
1703 2968 1759 3020 et
1789 2980 1972 3037 quem
2033 2965 2235 3023 solum

574 3055 848 3112 omnium
876 3058 1154 3112 nostrum
1183 3053 1556 3111 conditorem
1589 3053 1889 3125 novimus,
1929 3059 1986 3112 et
2017 3071 2054 3112 a
2112 3072 2235 3128 quo

575 3157 772 3208 creata
800 3151 1005 3208 omnia
1034 3151 1316 3224 pendent,
1352 3157 1416 3207 ut
1445 3150 1774 3208 consistant
1794 3156 1851 3208 et
1875 3166 2235 3208 conserven-

574 3245 708 3305 tur;
739 3240 849 3296 soli
876 3241 1153 3297 increatae
1188 3257 1256 3296 ac
1292 3240 1671 3312 sempiternae
1731 3245 1982 3306 naturae,
2023 3241 2117 3296 cui
2135 3241 2232 3297 de-

574 3329 882 3385 cetomnis
913 3329 1123 3399 gloria,
1155 3330 1348 3385 honor
1409 3333 1466 3384 et
1494 3328 1788 3395 adoratio,
1823 3330 2131 3401 decusque
2165 3346 2234 3387 ac

572 3419 1019 3490 magniﬁcentia
1034 3434 1196 3476 nunc
1211 3423 1267 3476 et
1282 3419 1345 3475 in
1364 3418 1599 3476 inﬁnita
1613 3433 1726 3474 saec
1737 3418 1834 3476 ula
1848 3417 2229 3490 saeculorum,

572 3512 782 3565 Amen.

1325 3685 1445 3740 νυ.

572 3808 642 3865 In
654 3812 1000 3866 sanctorum
1017 3809 1432 3865 Innocentium
1449 3809 1816 3880 occisionem,
1839 3816 1891 3866 et
1903 3811 1966 3866 in
1975 3811 2044 3866 -ίη
2055 3811 2227 3868 itium

641 3881 1513 3951 sancliEvangelt'isecumdum
1527 3881 1799 3938 Marcum
1810 3923 1823 3939 .
1838 3882 2015 3939 Lecta
2026 3884 2173 3940 Dom
2182 3886 2226 3940 ι’-

642 3955 781 4010 nica
809 3960 949 4010 ante
983 3954 1256 4010 Lumina.

2422 551 2552 608 NA'.
2599 551 2752 605 Ὀθεν
2814 551 3052 605 λαϐοῦσα
3108 557 3166 605 τὸ
3230 552 3552 626 πολύστιχον
3597 564 3904 638 χειρόγραφον

2351 649 2450 693 τῶν
2500 643 2757 716 ἡμετέρων
2795 650 2990 717 χρεῶν,
3033 637 3319 717 διάρρηξον
3357 650 3473 707 ταῖς
3527 654 3635 707 σαίς
3669 637 3903 726 πανάγνοιξ

2352 736 2561 805 χερσὶν,
2595 731 2671 792 αἶς
2723 734 2809 784 τόν
2897 731 2945 784 έν
2979 736 3125 805 χειρὶ
3163 731 3325 785 αὐτοῦ
3395 737 3482 785 τὸν
3508 738 3693 808 κόσμον
3731 739 3905 812 βαστά-

2357 824 2510 882 ζοντα
2539 823 2607 881 ὡς
2636 825 2809 893 μήτηρ
2853 819 3146 882 ἐϐάστασας
3202 840 3218 857 ο
3263 820 3562 887 ἐϐάστασας
3617 822 3672 880 δι
3715 826 3796 884 διὰ
3831 841 3902 893 τὴν

2352 909 2524 961 αἰτίαν
2562 913 2758 968 ταύτην
2783 917 2878 973 τῆς
2915 919 3013 964 τῶν
3069 909 3350 985 ἀνθρώπων
3399 912 3737 986 χρεωλυσίας.
3778 919 3904 976 ωε...

2355 1015 2444 1050 σον
2475 993 2562 1049 οὖν
2592 1000 2828 1070 καὶήμίν
2850 1002 2936 1051 τόν
2963 997 3018 1051 ix
3087 1006 3182 1052 σοῦ
3225 1001 3483 1071 τεχθέντα
3525 1007 3668 1073 Θεὸν,
3720 1014 3798 1062 καὶ
3834 1021 3904 1074 τῆς

2353 1086 2704 1161 πολυχρονίου
2775 1087 3064 1151 ἀπάλλαξον
3128 1088 3352 1162 ὀφειλῆς.
3416 1087 3649 1146 Αἰδείται
3712 1099 3800 1171 γὰρ
3861 1106 3903 1154 τὸ

2353 1179 2528 1250 χρέος,
2569 1179 2690 1251 ὅπερ
2744 1177 2874 1236 αὐτὴ
2916 1185 2988 1248 τῷ
3040 1185 3130 1230 τοῦ
3177 1181 3375 1240 παντὸς
3414 1185 3649 1256 Λεσπότῃ
3712 1181 3903 1242 δεδάνιι.

2353 1285 2470 1334 κας,
2503 1270 2596 1324 τὴν
2639 1268 2810 1341 σάρκα
2860 1266 2990 1339 λέγω
3042 1271 3136 1326 τὴν
3192 1270 3570 1322 θεοῦπόστατον
3608 1293 3621 1305 ·
3659 1279 3739 1327 καὶ
3777 1279 3904 1352 χάριν

2357 1374 2439 1407 σοι
2470 1355 2656 1428 ὀφείλει
2693 1363 2874 1409 πασῶν
2915 1362 3150 1430 χαρίτων
3194 1362 3289 1417 τὴν
3339 1359 3574 1429 μείζονα,
3621 1364 3780 1417 ὅτιτὸ
3835 1364 3904 1421 διέ-

2353 1462 2482 1497 νειον
2527 1451 2680 1497 τοῦτο
2748 1447 3211 1520 πανυπερκάθαρον
3253 1442 3596 1521 διετήρησας,
3658 1457 3739 1505 καὶ
3797 1475 3903 1530 χρυ.

2357 1537 2474 1585 σίου
2523 1537 2712 1595 παντὸς
2765 1531 3172 1608 ἡλιοειδέστερόν
3229 1555 3285 1589 τε
3333 1541 3423 1589 καὶ
3472 1537 3788 1615 ὀϐρυζότερον
3834 1549 3901 1596 καὶ

2355 1621 2498 1684 ἀξιον
2543 1630 2635 1683 τῆς
2692 1622 2852 1676 αὑτοῦ
2908 1628 3180 1696 χρήσεως.
3263 1624 3428 1699 Ὅπερ
3494 1634 3903 1702 μεταχειρίζεσθαι

2356 1710 2654 1775 ἀξιωθέντες
2745 1714 2891 1786 ἡμεῖς
2987 1715 3342 1788 ίερουργικῶς,
3448 1720 3903 1793 κατακερματίζομιθ

2355 1805 2403 1856 οἱ
2477 1803 2785 1876 τραπεζῖται
2845 1812 2943 1867 τῆς
2998 1813 3262 1877 μυστικῆς
3316 1811 3405 1859 καὶ
3467 1807 3614 1880 ἁγίας
3667 1812 3900 1885 τραπέζης,

2355 1897 2589 1954 καὶτοὺς
2634 1898 2884 1966 πτωχοὺς
2922 1903 2995 1966 τῷ
3028 1899 3286 1968 πνεύματι
3324 1896 3678 1972 πολυχρονίων
3728 1900 3903 1974 λυτρούο

2356 1984 2489 2055 μεθα
2539 1991 2639 2035 τῶν
2693 1983 2903 2057 ὀφειλῶν
2965 1980 3060 2039 διὰ
3099 1993 3190 2047 τῆς
3233 1985 3399 2041 αὑτοῦ
3437 1989 3674 2062 χάριτος,
3719 1993 3778 2053 ὡς
3835 2010 3902 2043 πι-

2360 2090 2624 2145 στευομεν.

2430 2341 2626 2401 Πάντας
2675 2342 2926 2413 εἰσάγαγε
2994 2343 3126 2414 πρὸς
3192 2345 3286 2401 τὴν
3362 2342 3593 2418 οὐράνιον
3665 2344 3904 2418 βασιλείαν,

2354 2433 2382 2490 ἠ
2410 2435 2663 2484 Δέσποινα
2686 2438 2786 2483 τῶν
2843 2431 3099 2502 ἁπάντων,
3167 2435 3290 2494 τοὺς
3335 2433 3705 2506 ὁμολογοῦντάς
3748 2454 3796 2488 σε
3840 2438 3904 2486 καὶ

2354 2526 2657 2593 φρονοῦντας
2705 2525 2897 2595 κυρίως
2951 2525 3040 2573 καὶ
3089 2519 3297 2584 ἀληθῶς
3356 2527 3624 2590 Θεοτόκον,
3679 2528 3757 2576 xui
3804 2542 3905 2596 καρ-

2352 2604 2472 2660 δίαν
2547 2609 2857 2680 ἁγιάζοντας
2904 2617 2976 2680 τῷ
3033 2615 3349 2684 φρονήματι,
3402 2616 3492 2665 καὶ
3536 2612 3763 2684 γλῶσσαν
3791 2611 3903 2682 ἁγνί-

2351 2698 2532 2760 ξοντας
2579 2707 2651 2769 τῷ
2719 2703 3010 2772 φωνήματι,
3089 2698 3218 2753 κάπὶ
3260 2708 3380 2761 ταῖς
3451 2709 3569 2765 σαῖς
3650 2700 3899 2772 ἀντιλήψει

2348 2793 2740 2860 καυχωμένους,
2767 2793 2857 2840 καὶ
2886 2793 2980 2848 τήν
3028 2788 3262 2863 ἄγκυραν
3313 2799 3405 2852 τῆς
3455 2788 3655 2852 έλπίδος
3697 2799 3782 2853 τῆς
3823 2797 3898 2849 σῆς

2347 2875 2634 2949 ἐξάψαντας
2690 2883 2971 2950 μεσιτείας,
3018 2882 3150 2950 μετὰ
3214 2883 3346 2933 Θεὸν
3399 2885 3487 2935 τὸν
3535 2881 3581 2935 έν
3628 2885 3778 2955 Πατρί
3831 2883 3895 2931 καὶ

2347 2968 2449 3038 Υίῷ
2479 2973 2570 3020 καὶ
2617 2966 2747 3040 ἁγίῳ
2801 2971 3061 3041 Πνεῦματι
3116 2974 3566 3044 προσκυνούμενον
3615 2991 3666 3024 τε
3707 2974 3784 3022 καὶ
3827 2965 3893 3021 δο-

2346 3055 2623 3127 ξαζόμενον
2671 3078 2684 3091 ·
2837 3061 2975 3130 μόνῳ
3020 3056 3356 3131 λατρεῦομεν,
3414 3067 3502 3114 καὶ
3548 3062 3598 3113 ὃν
3641 3064 3777 3133 μόνον
3820 3053 3893 3113 δη·

2344 3150 2594 3220 μιουργὸν
2647 3149 2790 3218 ἡμῶν
2853 3145 3195 3220 ἐπιστάμεθα,
3262 3155 3355 3202 καὶ
3440 3150 3500 3203 οὗ
3540 3153 3602 3203 τὰ
3675 3153 3892 3220 κτίσματα

2343 3238 2515 3288 πάντα
2551 3235 2784 3307 ἐξέχεται
2833 3240 2960 3310 πρὸς
3003 3242 3236 3309 συνοχήν
3289 3258 3347 3292 τε
3399 3245 3488 3293 καὶ
3543 3243 3791 3303 σύστασιν,

2343 3330 2471 3398 μόνῃ
2507 3327 2735 3395 ἁκτίστῳ
2775 3328 2924 3398 φύσει
2955 3332 3043 3378 καὶ
3088 3331 3431 3402 προανάρχῳ,
3561 3333 3725 3404 πρέπει
3778 3331 3891 3378 πᾶσα

2345 3410 2496 3479 δόξα,
2548 3419 2698 3486 τιμὴ,
2762 3419 2851 3467 καὶ
2921 3418 3303 3489 προσκύνησις,
3356 3417 3680 3491 μεγαλωσύνη
3735 3433 3781 3466 τε
3824 3415 3888 3463 καὶ

2341 3503 2790 3579 μεγαλοπρέπειαἸ
2828 3512 2914 3555 νῦν
2966 3510 3056 3557 καὶ
3091 3505 3160 3568 εἰς
3227 3511 3351 3571 τοῦς
3407 3507 3753 3568 ἀτελευτήτους
3791 3501 3890 3555 σιἰώ-

2340 3613 2427 3656 νας
2453 3602 2550 3646 τῶν
2573 3594 2786 3650 αἰώνων.
2814 3593 3000 3666 Ἀμήν.

3118 3685 3189 3742 Ζ’.

2337 3812 2430 3894 Εἰς,
2474 3815 2566 3870 τὴν
2617 3815 2821 3894 σφαγὴν
2872 3818 2972 3862 τῶν
3024 3809 3184 3882 ἁγίων
3263 3816 3484 3878 νηπίων,
3541 3809 3884 3894 καὶαὶςκτὴν

2409 3882 2582 3956 ἀρχὴν
2660 3879 2751 3934 τοῦ
2834 3885 2967 3935 κατὰ
3045 3879 3255 3957 Μάρκον
3346 3886 3498 3956 ἁγίου
3600 3879 3883 3954 Εὗαγγελίον.

2408 3956 2884 4026 Ἀναγινωσκομένη
2920 3956 3152 4027 Κυριακῇ
3186 3958 3285 4027 πρὸ
3326 3966 3427 4009 τῶν
3454 3962 3649 4011 Φὼτων.

974 4045 1152 4113 (Inter
1183 4041 1468 4099 Homilias
1501 4041 1801 4098 variorum
1829 4044 2067 4099 Patrum
2093 4043 2188 4100 ed.
2221 4043 2617 4104 Hmscbelius.
2658 4048 2940 4115 Augustae
2969 4043 3259 4100 Vindelic.
3317 4047 3472 4113 1586,
3505 4046 3606 4116 4ο.)

641 4132 680 4186 1.
708 4133 896 4198 «Quis
929 4135 1083 4188 Deus
1109 4138 1322 4204 praeter
1372 4135 1557 4188 Deum
1603 4135 1898 4201 nostrum,
1943 4135 2095 4190 Deus
2127 4136 2222 4192 ille

567 4219 671 4289 qui
703 4221 1010 4290 praecingit
1066 4237 1160 4277 me
1191 4223 1403 4277 virtute
1431 4226 1487 4278 et
1539 4221 1778 4277 instruit
1818 4221 2002 4293 pedes
2058 4240 2228 4283 meos

568 4311 861 4378 tanquam
889 4325 1222 4376 cervorum,
1257 4316 1313 4366 et
1339 4311 1399 4366 in
1428 4310 1664 4365 excelsa
1694 4314 1958 4366 statuens
1987 4317 2118 4369 me‘
2144 4317 2171 4371 ?
2193 4338 2220 4366 »

567 4398 824 4451 Rursum
858 4398 1044 4453 David
1070 4399 1324 4454 orationi
1366 4403 1691 4470 praecurrat
1728 4414 1866 4453 cum
1897 4399 2069 4457 solito
2126 4403 2225 4460 de-

565 4483 934 4556 cachordozet
947 4487 1116 4542 suavi
1133 4487 1392 4542 melodia
1405 4490 1674 4543 animam
1698 4502 1897 4542 meam
1911 4489 2225 4550 remissam

565 4578 621 4629 et
644 4573 1040 4630 dormientem
1073 4576 1249 4648 quasi
1308 4577 1608 4645 inungens
1661 4575 1738 4632 ad
1793 4575 2078 4635 doctrinae
2112 4588 2225 4640 sta-

563 4661 732 4719 dium
762 4679 1019 4736 eamque
1051 4664 1128 4720 ad
1156 4666 1253 4720 Dei
1286 4663 1495 4720 laudes
1525 4664 1814 4733 excitans,
1845 4666 1949 4736 qui
1975 4684 2072 4725 me
2114 4672 2226 4729 vir-

563 4758 684 4810 tute
709 4753 1018 4826 praacingit
1047 4754 1326 4823 scientiae,
1378 4755 1758 4827 sterilemque
1817 4770 2015 4813 meam
2062 4776 2225 4818 men-

561 4848 680 4899 tem
711 4843 1044 4901 inhabitare
1076 4845 1213 4901 facit
1241 4845 1300 4901 in
1333 4861 1506 4902 sacra
1552 4845 1666 4901 hac
1723 4843 1929 4912 domo,
1972 4853 2223 4910 matrem

560 4931 818 4988 filiorum
847 4933 1167 5005 lzetantem;
1202 4935 1347 5007 ipsis
1373 4934 1511 4991 inde
1539 4933 1751 5005 genitis
1783 4932 2072 4994 doctrina;
2106 4957 2222 4997 ser-

562 5021 864 5080 monibus.
888 5024 1014 5079 Non
1044 5024 1206 5080 enim
1230 5040 1402 5081 meus
1424 5028 1511 5081 est
1533 5023 1627 5080 ille
1656 5023 1900 5095 fructus,
1934 5026 2040 5082 sed
2064 5031 2220 5087 totus

561 5124 598 5164 a
626 5110 816 5177 gratia
847 5111 947 5166 Dei
1004 5114 1273 5183 procedit
1325 5133 1337 5183 ;
1370 5130 1490 5171 non
1521 5117 1686 5190 quod
1718 5120 1832 5177 sim
1863 5133 1974 5189 ego
2009 5118 2107 5177 illa
2137 5121 2220 5177 di-

561 5213 734 5267 gnus,
769 5199 874 5255 sed
904 5201 1068 5272 quod
1099 5202 1352 5259 dilectus
1384 5209 1472 5261 est
1497 5208 1617 5263 Deo
1643 5210 1903 5282 populus
1933 5226 2105 5267 meus
2131 5228 2143 5266 :
2167 5216 2224 5268 et

559 5293 799 5360 propter
825 5303 936 5344 nos
959 5306 1054 5346 me
1075 5290 1319 5350 roborat
1339 5298 1396 5351 et
1423 5295 1526 5354 dat
1546 5297 1796 5358 verbum
1825 5301 1887 5358 in
1918 5301 2222 5374 apertione

635 5433 648 5468 ¹
679 5431 832 5490 Psal.
860 5449 999 5499 xvu,
1050 5437 1232 5494 32-34.

629 5575 747 5651 (69)
767 5576 931 5637 Conf.
957 5580 978 5636 ι
1008 5579 1151 5652 Reg.
1178 5594 1235 5652 ιι,
1259 5580 1348 5637 20.

2408 4135 2481 4191 A'.
2537 4157 2565 4185 ιι
2613 4140 2700 4194 Τίς
2756 4136 2886 4196 Θεὸς
2916 4134 3047 4192 πλὴν
3077 4142 3167 4187 τοῦ
3197 4137 3365 4207 ἡμῶν,
3406 4138 3579 4197 όΘεός
3619 4136 3642 4186 ό
3680 4130 3882 4204 περιζων·

2334 4229 2464 4278 νῦων
2493 4244 2555 4297 με
2609 4221 2854 4296 δύναμιν,
2907 4225 2932 4276 ό
2977 4225 3413 4296 καταρτιζόμενος
3468 4230 3585 4287 τοὺς
3611 4219 3764 4280 πόδας
3803 4234 3879 4290 μου

2336 4316 2459 4366 ὡσεὶ
2490 4313 2698 4385 ἐλάφου,
2730 4318 2818 4365 καὶ
2850 4312 2931 4365 ἐπὶ
2962 4317 3026 4365 τὰ
3055 4312 3234 4384 ὑψηλὰ
3277 4317 3437 4368 ἱστῶν
3469 4334 3530 4387 με
3560 4331 3573 4382 ;
3623 4335 3641 4363 ι
3677 4308 3812 4363 Πάλιν
3862 4303 3881 4353 ὁ

2337 4399 2516 4456 Λαυίδ
2553 4406 2885 4477 προτρεχέτω
2941 4409 3031 4454 τοῦ
3089 4402 3241 4473 λόγου
3281 4408 3411 4475 μετὰ
3441 4414 3530 4467 τῆς
3572 4402 3795 4460 συνήθους
3819 4414 3879 4444 κισ

2335 4495 2487 4564 νῦρας
2544 4497 2632 4544 καὶ
2681 4499 2779 4544 τῶν
2852 4487 3201 4563 ἠδυφθόγγων
3266 4493 3582 4568 μελουργιών
3647 4488 3878 4556 ἐπαλείφων

2337 4584 2509 4655 ὥσπερ
2563 4583 2621 4633 τὸ
2678 4589 2773 4642 τῆς
2831 4579 3014 4651 ψυχῆς
3071 4579 3327 4653 ἀνειμένον
3395 4581 3732 4642 καθυπτιάζον
3781 4574 3878 4645 πρὸς

2334 4672 2392 4721 τὸ
2428 4665 2645 4722 στάδιον
2674 4677 2763 4731 τῆς
2796 4665 3153 4731 διδασκαλίας
3182 4676 3269 4723 καὶ
3291 4675 3418 4746 πρὸς
3446 4668 3729 4739 δοξολογίαν
3748 4660 3876 4733 διερε-

2338 4758 2481 4819 θίζον
2509 4766 2664 4824 Θεοῦ,
2705 4766 2796 4811 τοῦ
2843 4759 3242 4834 περιζωννῦντος
3272 4780 3334 4831 με
3387 4757 3600 4831 δύναμιν
3658 4759 3872 4827 γνώσεως»

2335 4852 2723 4911 κατοικίζοντος
2786 4854 2879 4907 τὴν
2953 4854 3156 4924 στείραν
3223 4868 3322 4922 μου
3386 4846 3612 4902 διάνοιαν
3672 4844 3715 4896 ἐν
3776 4840 3873 4904 οἴκῳ

2333 4940 2499 5008 τούτῳ
2542 4937 2679 5012 ἱερῷ,
2739 4942 2939 5013 μητέρα
2972 4937 3054 4991 ἐπὶ
3100 4944 3294 5000 τέκνοις
3352 4940 3744 5013 εῦφραινομένην.
3790 4931 3872 4982 τοῖς

2334 5026 2546 5079 αὐτόθεν
2597 5030 3015 5101 ὰποτικτομίνοις
3065 5027 3239 5100 λόγοις
3297 5025 3638 5088 διδακτικοίς.
3686 5019 3750 5073 Οὔ
3793 5017 3871 5085 γὰρ

2334 5115 2454 5188 έμὸν
2509 5125 2661 5169 τοῦτο
2719 5119 3052 5191 κατόρθωμα,
3107 5115 3213 5169 ἀλλ’
3267 5117 3377 5170 ὅλον
3429 5125 3518 5178 τῆς
3559 5115 3756 5187 χάρίτος
3801 5106 3870 5154 τοῦ

2335 5212 2467 5258 Θεοῦ
2494 5226 2506 5240 ο
2541 5206 2645 5277 οὐχ
2674 5208 2754 5259 ὅτι
2784 5207 2924 5270 οἰξιος
2955 5209 3145 5268 ταύτης
3193 5205 3314 5280 ἐγὼ,
3363 5205 3470 5259 ἀλλ’
3519 5205 3595 5256 ὅτι
3649 5191 3870 5270 ἀγαπητὸς

2333 5295 2358 5347 ὁ
2385 5294 2505 5368 ἐμὸς
2532 5295 2653 5359 λαὸς
2680 5303 2753 5368 τῷ
2785 5303 2920 5368 Θεῷ,
2969 5300 3059 5350 καὶ
3117 5293 3193 5350 δι’
3226 5279 3384 5369 ἡμᾶς
3431 5293 3513 5368 ἔμε
3555 5287 3774 5359 δυναμοῖο
3800 5279 3867 5330 καὶ
