  <div class='ocr_page' id='page_1' title='image "/cluster/home/n/w/nwhite01/storage/ocr_20150623/140/hvd.32044073502551/400.png"; bbox 0 0 4096 6208; ppageno 0'>
   <div class='ocr_carea' id='block_1_1' title="bbox 224 264 1841 372">
    <p class='ocr_par' dir='ltr' id='par_1_1' title="bbox 224 296 1841 367">
     <span class='ocr_line' id='line_1_1' title="bbox 224 296 1841 367; baseline 0.001 -5"><span class='ocrx_word' id='word_1_1' title='bbox 224 311 335 367; x_wconf 79' lang='lat'><strong>737</strong></span> <span class='ocrx_word' id='word_1_2' title='bbox 1395 296 1683 365; x_wconf 74' lang='lat' dir='ltr'><strong>HOMILIA</strong></span> <span class='ocrx_word' id='word_1_3' title='bbox 1721 298 1791 364; x_wconf 77' lang='grc' dir='ltr'><strong>ῙΝ</strong></span> <span class='ocrx_word' id='word_1_4' title='bbox 1829 305 1841 364; x_wconf 76' lang='grc' dir='ltr'>ε</span> 
     </span>
    </p>
   </div>
   <div class='ocr_carea' id='block_1_2' title="bbox 1983 264 3600 372">
    <p class='ocr_par' dir='ltr' id='par_1_2' title="bbox 1983 264 3600 372">
     <span class='ocr_line' id='line_1_2' title="bbox 1983 264 3600 372; baseline 0.004 -11"><span class='ocrx_word' id='word_1_5' title='bbox 1983 302 2423 365; x_wconf 74' lang='lat' dir='ltr'><strong>TNNOCENTES.</strong></span> <span class='ocrx_word' id='word_1_6' title='bbox 3404 264 3417 280; x_wconf 75' lang='grc'><em>’</em></span> <span class='ocrx_word' id='word_1_7' title='bbox 3490 306 3600 372; x_wconf 78' lang='grc'><strong>738</strong></span> 
     </span>
    </p>
   </div>
   <div class='ocr_carea' id='block_1_3' title="bbox 226 425 1843 507">
    <p class='ocr_par' dir='ltr' id='par_1_3' title="bbox 226 425 1841 505">
     <span class='ocr_line' id='line_1_3' title="bbox 226 425 1841 505; baseline 0 -20"><span class='ocrx_word' id='word_1_8' title='bbox 226 428 433 486; x_wconf 77' lang='grc' dir='ltr'>δίδωσι</span> <span class='ocrx_word' id='word_1_9' title='bbox 456 429 610 501; x_wconf 82' lang='grc' dir='ltr'>λόγον</span> <span class='ocrx_word' id='word_1_10' title='bbox 641 425 690 482; x_wconf 77' lang='grc' dir='ltr'>ἓν</span> <span class='ocrx_word' id='word_1_11' title='bbox 742 426 932 494; x_wconf 82' lang='grc' dir='ltr'>άνοίξει</span> <span class='ocrx_word' id='word_1_12' title='bbox 978 434 1073 483; x_wconf 85' lang='grc' dir='ltr'><strong>τοῦ</strong></span> <span class='ocrx_word' id='word_1_13' title='bbox 1128 432 1411 505; x_wconf 86' lang='grc' dir='ltr'>στόματος,</span> <span class='ocrx_word' id='word_1_14' title='bbox 1458 435 1549 485; x_wconf 81' lang='grc' dir='ltr'>καὶ</span> <span class='ocrx_word' id='word_1_15' title='bbox 1577 438 1679 505; x_wconf 86' lang='grc' dir='ltr'><strong>μοῦ</strong></span> <span class='ocrx_word' id='word_1_16' title='bbox 1718 451 1841 485; x_wconf 85' lang='grc' dir='ltr'>κατ-</span> 
     </span>
    </p>
   </div>
   <div class='ocr_carea' id='block_1_4' title="bbox 1987 425 3604 507">
    <p class='ocr_par' dir='ltr' id='par_1_4' title="bbox 1987 428 3604 507">
     <span class='ocr_line' id='line_1_4' title="bbox 1987 428 3604 507; baseline 0.002 -18"><span class='ocrx_word' id='word_1_17' title='bbox 1987 430 2070 489; x_wconf 88' lang='lat' dir='ltr'><strong>ris</strong></span> <span class='ocrx_word' id='word_1_18' title='bbox 2100 430 2244 501; x_wconf 88' lang='lat' dir='ltr'><strong>mei,</strong></span> <span class='ocrx_word' id='word_1_19' title='bbox 2266 432 2323 488; x_wconf 92' lang='lat' dir='ltr'><strong>et</strong></span> <span class='ocrx_word' id='word_1_20' title='bbox 2341 428 2513 502; x_wconf 82' lang='lat' dir='ltr'><strong>erigit</strong></span> <span class='ocrx_word' id='word_1_21' title='bbox 2538 428 2721 503; x_wconf 83' lang='lat' dir='ltr'><strong>pedes</strong></span> <span class='ocrx_word' id='word_1_22' title='bbox 2746 446 2916 489; x_wconf 90' lang='lat' dir='ltr'><strong>meos</strong></span> <span class='ocrx_word' id='word_1_23' title='bbox 2943 430 3021 490; x_wconf 91' lang='lat' dir='ltr'><strong>ad</strong></span> <span class='ocrx_word' id='word_1_24' title='bbox 3070 431 3604 507; x_wconf 88' lang='lat' dir='ltr'><strong>evangelizandum</strong></span> 
     </span>
    </p>
   </div>
   <div class='ocr_carea' id='block_1_5' title="bbox 219 515 1836 595">
    <p class='ocr_par' dir='ltr' id='par_1_5' title="bbox 219 515 1836 595">
     <span class='ocr_line' id='line_1_5' title="bbox 219 515 1836 595; baseline 0.001 -21"><span class='ocrx_word' id='word_1_25' title='bbox 219 521 431 594; x_wconf 78' lang='grc' dir='ltr'>αρτίξει</span> <span class='ocrx_word' id='word_1_26' title='bbox 495 523 615 581; x_wconf 85' lang='grc' dir='ltr'>τούς</span> <span class='ocrx_word' id='word_1_27' title='bbox 686 515 854 581; x_wconf 84' lang='grc' dir='ltr'>πόδας</span> <span class='ocrx_word' id='word_1_28' title='bbox 929 518 1391 594; x_wconf 69' lang='grc' dir='ltr'><strong>εὐαγγελιζομένου</strong></span> <span class='ocrx_word' id='word_1_29' title='bbox 1468 520 1676 595; x_wconf 76' lang='grc' dir='ltr'><strong>εἰρήνην</strong></span> <span class='ocrx_word' id='word_1_30' title='bbox 1748 524 1836 575; x_wconf 77' lang='grc' dir='ltr'>καὶ</span> 
     </span>
    </p>
   </div>
   <div class='ocr_carea' id='block_1_6' title="bbox 1992 515 3609 595">
    <p class='ocr_par' dir='ltr' id='par_1_6' title="bbox 1997 519 3609 595">
     <span class='ocr_line' id='line_1_6' title="bbox 1997 519 3609 595; baseline 0.001 -16"><span class='ocrx_word' id='word_1_31' title='bbox 1997 536 2167 579; x_wconf 90' lang='lat' dir='ltr'><strong>acem</strong></span> <span class='ocrx_word' id='word_1_32' title='bbox 2196 524 2253 578; x_wconf 91' lang='lat' dir='ltr'><strong>et</strong></span> <span class='ocrx_word' id='word_1_33' title='bbox 2278 519 2462 586; x_wconf 90' lang='lat' dir='ltr'><strong>bona;</strong></span> <span class='ocrx_word' id='word_1_34' title='bbox 2490 523 2547 577; x_wconf 89' lang='lat' dir='ltr'><strong>et</strong></span> <span class='ocrx_word' id='word_1_35' title='bbox 2566 536 2663 577; x_wconf 90' lang='lat' dir='ltr'><strong>me</strong></span> <span class='ocrx_word' id='word_1_36' title='bbox 2690 536 2872 595; x_wconf 84' lang='lat' dir='ltr'><strong>super</strong></span> <span class='ocrx_word' id='word_1_37' title='bbox 2898 522 3058 580; x_wconf 90' lang='lat' dir='ltr'><strong>hanc</strong></span> <span class='ocrx_word' id='word_1_38' title='bbox 3082 524 3380 582; x_wconf 83' lang='lat' dir='ltr'><strong>excelsam</strong></span> <span class='ocrx_word' id='word_1_39' title='bbox 3409 524 3609 582; x_wconf 90' lang='lat' dir='ltr'><strong>cathe-</strong></span> 
     </span>
    </p>
   </div>
   <div class='ocr_carea' id='block_1_7' title="bbox 224 608 1841 686">
    <p class='ocr_par' dir='ltr' id='par_1_7' title="bbox 224 608 1838 685">
     <span class='ocr_line' id='line_1_7' title="bbox 224 608 1838 685; baseline 0.001 -22"><span class='ocrx_word' id='word_1_40' title='bbox 224 610 421 683; x_wconf 75' lang='grc' dir='ltr'>ἀγαθά·</span> <span class='ocrx_word' id='word_1_41' title='bbox 458 613 550 663; x_wconf 86' lang='grc' dir='ltr'>καὶ</span> <span class='ocrx_word' id='word_1_42' title='bbox 598 608 683 663; x_wconf 72' lang='grc' dir='ltr'>ἐπὶ</span> <span class='ocrx_word' id='word_1_43' title='bbox 748 611 807 662; x_wconf 84' lang='grc' dir='ltr'>τὸ</span> <span class='ocrx_word' id='word_1_44' title='bbox 872 609 1073 681; x_wconf 71' lang='grc' dir='ltr'>ὑψηλόν</span> <span class='ocrx_word' id='word_1_45' title='bbox 1130 618 1281 664; x_wconf 88' lang='grc' dir='ltr'>τοῦτο</span> <span class='ocrx_word' id='word_1_46' title='bbox 1350 612 1473 683; x_wconf 82' lang='grc' dir='ltr'>ἱστᾷ</span> <span class='ocrx_word' id='word_1_47' title='bbox 1540 610 1838 685; x_wconf 78' lang='grc' dir='ltr'>ξυλολόφιον</span> 
     </span>
    </p>
   </div>
   <div class='ocr_carea' id='block_1_8' title="bbox 1990 608 3607 686">
    <p class='ocr_par' dir='ltr' id='par_1_8' title="bbox 1990 608 3607 686">
     <span class='ocr_line' id='line_1_8' title="bbox 1990 608 3607 686; baseline 0.002 -19"><span class='ocrx_word' id='word_1_48' title='bbox 1990 626 2127 668; x_wconf 85' lang='lat' dir='ltr'><strong>ram</strong></span> <span class='ocrx_word' id='word_1_49' title='bbox 2158 609 2361 668; x_wconf 78' lang='lat' dir='ltr'><strong>statuit</strong></span> <span class='ocrx_word' id='word_1_50' title='bbox 2397 608 2634 682; x_wconf 90' lang='lat' dir='ltr'><strong>pietatis</strong></span> <span class='ocrx_word' id='word_1_51' title='bbox 2663 626 3007 685; x_wconf 71' lang='lat' dir='ltr'><strong>praeconem</strong></span> <span class='ocrx_word' id='word_1_52' title='bbox 3040 617 3096 671; x_wconf 91' lang='lat' dir='ltr'><strong>et</strong></span> <span class='ocrx_word' id='word_1_53' title='bbox 3133 615 3368 673; x_wconf 87' lang='lat' dir='ltr'><strong>virtutis</strong></span> <span class='ocrx_word' id='word_1_54' title='bbox 3411 614 3607 686; x_wconf 87' lang='lat' dir='ltr'><strong>magi-</strong></span> 
     </span>
    </p>
   </div>
   <div class='ocr_carea' id='block_1_9' title="bbox 226 695 1843 777">
    <p class='ocr_par' dir='ltr' id='par_1_9' title="bbox 226 695 1840 777">
     <span class='ocr_line' id='line_1_9' title="bbox 226 695 1840 777; baseline -0.001 -22"><span class='ocrx_word' id='word_1_55' title='bbox 226 707 442 777; x_wconf 75' lang='grc' dir='ltr'>κήρυκα</span> <span class='ocrx_word' id='word_1_56' title='bbox 466 697 723 762; x_wconf 80' lang='grc' dir='ltr'>εὐσεϐείας</span> <span class='ocrx_word' id='word_1_57' title='bbox 745 703 838 753; x_wconf 82' lang='grc' dir='ltr'>καὶ</span> <span class='ocrx_word' id='word_1_58' title='bbox 894 695 1220 754; x_wconf 84' lang='grc' dir='ltr'>διδάσκαλον</span> <span class='ocrx_word' id='word_1_59' title='bbox 1255 699 1459 775; x_wconf 78' lang='grc' dir='ltr'>ἀρετῆς.</span> <span class='ocrx_word' id='word_1_60' title='bbox 1532 706 1632 754; x_wconf 84' lang='grc' dir='ltr'><strong>Καὶ</strong></span> <span class='ocrx_word' id='word_1_61' title='bbox 1686 701 1840 755; x_wconf 88' lang='grc' dir='ltr'>πάλιν</span> 
     </span>
    </p>
   </div>
   <div class='ocr_carea' id='block_1_10' title="bbox 1990 695 3607 777">
    <p class='ocr_par' dir='ltr' id='par_1_10' title="bbox 1990 698 3607 774">
     <span class='ocr_line' id='line_1_10' title="bbox 1990 698 3607 774; baseline 0.001 -17"><span class='ocrx_word' id='word_1_62' title='bbox 1990 704 2160 757; x_wconf 84' lang='lat' dir='ltr'><strong>trum.</strong></span> <span class='ocrx_word' id='word_1_63' title='bbox 2193 702 2258 757; x_wconf 88' lang='lat' dir='ltr'><strong>Et</strong></span> <span class='ocrx_word' id='word_1_64' title='bbox 2282 713 2526 756; x_wconf 83' lang='lat' dir='ltr'><strong>rursum</strong></span> <span class='ocrx_word' id='word_1_65' title='bbox 2553 698 2683 772; x_wconf 92' lang='lat' dir='ltr'><strong>ipse</strong></span> <span class='ocrx_word' id='word_1_66' title='bbox 2711 704 3004 774; x_wconf 89' lang='lat' dir='ltr'><strong>tanquam</strong></span> <span class='ocrx_word' id='word_1_67' title='bbox 3058 700 3340 759; x_wconf 83' lang='lat' dir='ltr'><strong>vexillum</strong></span> <span class='ocrx_word' id='word_1_68' title='bbox 3368 702 3431 759; x_wconf 88' lang='lat' dir='ltr'><strong>in</strong></span> <span class='ocrx_word' id='word_1_69' title='bbox 3460 702 3607 760; x_wconf 92' lang='lat' dir='ltr'><strong>colle</strong></span> 
     </span>
    </p>
   </div>
   <div class='ocr_carea' id='block_1_11' title="bbox 225 786 1842 865">
    <p class='ocr_par' dir='ltr' id='par_1_11' title="bbox 225 786 1839 865">
     <span class='ocr_line' id='line_1_11' title="bbox 225 786 1839 865; baseline -0.001 -21"><span class='ocrx_word' id='word_1_70' title='bbox 225 791 389 854; x_wconf 73' lang='grc' dir='ltr'>αὐτὸς</span> <span class='ocrx_word' id='word_1_71' title='bbox 416 792 488 853; x_wconf 82' lang='grc' dir='ltr'>ὡς</span> <span class='ocrx_word' id='word_1_72' title='bbox 526 793 733 863; x_wconf 87' lang='grc' dir='ltr'>σημαία</span> <span class='ocrx_word' id='word_1_73' title='bbox 760 786 845 842; x_wconf 69' lang='grc' dir='ltr'><strong>ἰπὶ</strong></span> <span class='ocrx_word' id='word_1_74' title='bbox 872 787 1087 862; x_wconf 78' lang='grc' dir='ltr'><strong>βουνοῦ,</strong></span> <span class='ocrx_word' id='word_1_75' title='bbox 1126 794 1214 844; x_wconf 84' lang='grc' dir='ltr'>καὶ</span> <span class='ocrx_word' id='word_1_76' title='bbox 1243 792 1310 854; x_wconf 83' lang='grc' dir='ltr'>ὡς</span> <span class='ocrx_word' id='word_1_77' title='bbox 1358 791 1501 852; x_wconf 82' lang='grc' dir='ltr'>ἱστός</span> <span class='ocrx_word' id='word_1_78' title='bbox 1540 788 1616 843; x_wconf 77' lang='grc' dir='ltr'><strong>ἐπ’</strong></span> <span class='ocrx_word' id='word_1_79' title='bbox 1666 792 1839 865; x_wconf 79' lang='grc' dir='ltr'>ὅρους,</span> 
     </span>
    </p>
   </div>
   <div class='ocr_carea' id='block_1_12' title="bbox 1990 786 3607 865">
    <p class='ocr_par' dir='ltr' id='par_1_12' title="bbox 1990 786 3607 863">
     <span class='ocr_line' id='line_1_12' title="bbox 1990 786 3607 863; baseline 0 -16"><span class='ocrx_word' id='word_1_80' title='bbox 1990 792 2328 863; x_wconf 88' lang='lat' dir='ltr'><strong>ttanquam</strong></span> <span class='ocrx_word' id='word_1_81' title='bbox 2357 786 2555 846; x_wconf 88' lang='lat' dir='ltr'><strong>malus</strong></span> <span class='ocrx_word' id='word_1_82' title='bbox 2586 787 2649 844; x_wconf 90' lang='lat' dir='ltr'><strong>in</strong></span> <span class='ocrx_word' id='word_1_83' title='bbox 2676 796 2900 858; x_wconf 92' lang='lat' dir='ltr'><strong>monte,</strong></span> <span class='ocrx_word' id='word_1_84' title='bbox 2934 804 3313 862; x_wconf 79' lang='lat' dir='ltr'><strong>congregans</strong></span> <span class='ocrx_word' id='word_1_85' title='bbox 3366 805 3607 848; x_wconf 84' lang='lat' dir='ltr'><strong>sacrum</strong></span> 
     </span>
    </p>
   </div>
   <div class='ocr_carea' id='block_1_13' title="bbox 224 877 1841 954">
    <p class='ocr_par' dir='ltr' id='par_1_13' title="bbox 224 877 1840 954">
     <span class='ocr_line' id='line_1_13' title="bbox 224 877 1840 954; baseline -0.001 -20"><span class='ocrx_word' id='word_1_86' title='bbox 224 880 588 954; x_wconf 78' lang='grc' dir='ltr'>συναθροίζων</span> <span class='ocrx_word' id='word_1_87' title='bbox 616 881 676 932; x_wconf 88' lang='grc' dir='ltr'><strong>τό</strong></span> <span class='ocrx_word' id='word_1_88' title='bbox 710 880 843 953; x_wconf 89' lang='grc' dir='ltr'>ἱερόν</span> <span class='ocrx_word' id='word_1_89' title='bbox 873 879 1263 954; x_wconf 85' lang='grc' dir='ltr'>στρατολόγιον.</span> <span class='ocrx_word' id='word_1_90' title='bbox 1326 877 1403 932; x_wconf 68' lang='lat'><strong>0&#39;3</strong></span> <span class='ocrx_word' id='word_1_91' title='bbox 1457 881 1560 953; x_wconf 84' lang='grc' dir='ltr'><strong>γὰρ</strong></span> <span class='ocrx_word' id='word_1_92' title='bbox 1612 878 1673 931; x_wconf 80' lang='grc' dir='ltr'><strong>διν</strong></span> <span class='ocrx_word' id='word_1_93' title='bbox 1722 878 1840 933; x_wconf 88' lang='grc' dir='ltr'>τολ-</span> 
     </span>
    </p>
   </div>
   <div class='ocr_carea' id='block_1_14' title="bbox 1993 877 3610 954">
    <p class='ocr_par' dir='ltr' id='par_1_14' title="bbox 1993 877 3610 938">
     <span class='ocr_line' id='line_1_14' title="bbox 1993 877 3610 938; baseline 0.002 -5"><span class='ocrx_word' id='word_1_94' title='bbox 1993 878 2297 935; x_wconf 80' lang='lat' dir='ltr'><strong>xercitum.</strong></span> <span class='ocrx_word' id='word_1_95' title='bbox 2327 880 2456 934; x_wconf 88' lang='lat' dir='ltr'><strong>Non</strong></span> <span class='ocrx_word' id='word_1_96' title='bbox 2477 877 2641 934; x_wconf 93' lang='lat' dir='ltr'><strong>enim</strong></span> <span class='ocrx_word' id='word_1_97' title='bbox 2671 878 2913 935; x_wconf 81' lang='lat' dir='ltr'><strong>audebo</strong></span> <span class='ocrx_word' id='word_1_98' title='bbox 2944 879 3139 938; x_wconf 87' lang='lat' dir='ltr'><strong>dicere</strong></span> <span class='ocrx_word' id='word_1_99' title='bbox 3170 894 3266 937; x_wconf 88' lang='lat' dir='ltr'><strong>me</strong></span> <span class='ocrx_word' id='word_1_100' title='bbox 3291 896 3427 938; x_wconf 89' lang='lat' dir='ltr'><strong>esse</strong></span> <span class='ocrx_word' id='word_1_101' title='bbox 3482 885 3610 937; x_wconf 91' lang='lat' dir='ltr'><strong>tan-</strong></span> 
     </span>
    </p>
   </div>
   <div class='ocr_carea' id='block_1_15' title="bbox 222 965 1839 1043">
    <p class='ocr_par' dir='ltr' id='par_1_15' title="bbox 222 965 1838 1043">
     <span class='ocr_line' id='line_1_15' title="bbox 222 965 1838 1043; baseline -0.002 -20"><span class='ocrx_word' id='word_1_102' title='bbox 222 974 387 1042; x_wconf 78' lang='grc' dir='ltr'>μήσω</span> <span class='ocrx_word' id='word_1_103' title='bbox 412 968 571 1022; x_wconf 74' lang='grc' dir='ltr'>εἰπεῖν</span> <span class='ocrx_word' id='word_1_104' title='bbox 596 968 676 1020; x_wconf 84' lang='grc' dir='ltr'>ὅτι</span> <span class='ocrx_word' id='word_1_105' title='bbox 704 969 768 1027; x_wconf 83' lang='grc' dir='ltr'>ὡς</span> <span class='ocrx_word' id='word_1_106' title='bbox 817 966 957 1029; x_wconf 87' lang='grc' dir='ltr'>πόλις</span> <span class='ocrx_word' id='word_1_107' title='bbox 1014 965 1182 1021; x_wconf 69' lang='grc' dir='ltr'>ἐπάνω</span> <span class='ocrx_word' id='word_1_108' title='bbox 1236 969 1409 1043; x_wconf 84' lang='grc' dir='ltr'>ὅρους,</span> <span class='ocrx_word' id='word_1_109' title='bbox 1466 972 1558 1021; x_wconf 80' lang='grc' dir='ltr'><strong>καί</strong></span> <span class='ocrx_word' id='word_1_110' title='bbox 1626 970 1696 1031; x_wconf 86' lang='grc' dir='ltr'>ὡς</span> <span class='ocrx_word' id='word_1_111' title='bbox 1750 966 1838 1021; x_wconf 72' lang='grc' dir='ltr'><strong>λύο</strong></span> 
     </span>
    </p>
   </div>
   <div class='ocr_carea' id='block_1_16' title="bbox 1990 965 3607 1043">
    <p class='ocr_par' dir='ltr' id='par_1_16' title="bbox 1990 967 3607 1042">
     <span class='ocr_line' id='line_1_16' title="bbox 1990 967 3607 1042; baseline 0.001 -19"><span class='ocrx_word' id='word_1_112' title='bbox 1990 983 2137 1037; x_wconf 89' lang='lat' dir='ltr'><strong>uam</strong></span> <span class='ocrx_word' id='word_1_113' title='bbox 2164 967 2377 1024; x_wconf 83' lang='lat' dir='ltr'><strong>urbem</strong></span> <span class='ocrx_word' id='word_1_114' title='bbox 2405 982 2591 1040; x_wconf 80' lang='lat' dir='ltr'><strong>supra</strong></span> <span class='ocrx_word' id='word_1_115' title='bbox 2620 971 2887 1025; x_wconf 86' lang='lat' dir='ltr'><strong>montem</strong></span> <span class='ocrx_word' id='word_1_116' title='bbox 2913 974 3019 1025; x_wconf 90' lang='lat' dir='ltr'><strong>aut</strong></span> <span class='ocrx_word' id='word_1_117' title='bbox 3043 973 3333 1042; x_wconf 88' lang='lat' dir='ltr'><strong>tauquam</strong></span> <span class='ocrx_word' id='word_1_118' title='bbox 3379 969 3607 1042; x_wconf 86' lang='lat' dir='ltr'><strong>lampa.</strong></span> 
     </span>
    </p>
   </div>
   <div class='ocr_carea' id='block_1_17' title="bbox 221 1054 1838 1132">
    <p class='ocr_par' dir='ltr' id='par_1_17' title="bbox 221 1054 1836 1132">
     <span class='ocr_line' id='line_1_17' title="bbox 221 1054 1836 1132; baseline -0.001 -21"><span class='ocrx_word' id='word_1_119' title='bbox 221 1078 354 1132; x_wconf 81' lang='grc' dir='ltr'>χνος</span> <span class='ocrx_word' id='word_1_120' title='bbox 386 1060 471 1111; x_wconf 65' lang='grc' dir='ltr'><strong>ἐπὶ</strong></span> <span class='ocrx_word' id='word_1_121' title='bbox 524 1056 771 1130; x_wconf 76' lang='grc' dir='ltr'>λυχνίας·</span> <span class='ocrx_word' id='word_1_122' title='bbox 836 1064 1005 1110; x_wconf 89' lang='grc' dir='ltr'>ταῦτα</span> <span class='ocrx_word' id='word_1_123' title='bbox 1059 1060 1162 1132; x_wconf 82' lang='grc' dir='ltr'><strong>γὰρ</strong></span> <span class='ocrx_word' id='word_1_124' title='bbox 1220 1065 1321 1110; x_wconf 69' lang='grc' dir='ltr'><strong>τῶν</strong></span> <span class='ocrx_word' id='word_1_125' title='bbox 1386 1054 1663 1120; x_wconf 82' lang='grc' dir='ltr'>ἀναϐάσεις</span> <span class='ocrx_word' id='word_1_126' title='bbox 1722 1064 1836 1121; x_wconf 87' lang='grc' dir='ltr'>ταῖς</span> 
     </span>
    </p>
   </div>
   <div class='ocr_carea' id='block_1_18' title="bbox 1992 1054 3609 1132">
    <p class='ocr_par' dir='ltr' id='par_1_18' title="bbox 1992 1055 3609 1129">
     <span class='ocr_line' id='line_1_18' title="bbox 1992 1055 3609 1129; baseline 0.001 -16"><span class='ocrx_word' id='word_1_127' title='bbox 1992 1071 2090 1113; x_wconf 92' lang='lat' dir='ltr'><strong>em</strong></span> <span class='ocrx_word' id='word_1_128' title='bbox 2118 1071 2301 1129; x_wconf 87' lang='lat' dir='ltr'><strong>supra</strong></span> <span class='ocrx_word' id='word_1_129' title='bbox 2326 1055 2761 1113; x_wconf 84' lang='lat' dir='ltr'><strong>candelabrum</strong></span> <span class='ocrx_word' id='word_1_130' title='bbox 2786 1074 2800 1113; x_wconf 92' lang='lat'><strong>:</strong></span> <span class='ocrx_word' id='word_1_131' title='bbox 2826 1056 2958 1114; x_wconf 64' lang='lat' dir='ltr'><strong>hac</strong></span> <span class='ocrx_word' id='word_1_132' title='bbox 2987 1058 3149 1115; x_wconf 90' lang='lat' dir='ltr'><strong>enim</strong></span> <span class='ocrx_word' id='word_1_133' title='bbox 3203 1073 3412 1116; x_wconf 89' lang='lat' dir='ltr'><strong>eorum</strong></span> <span class='ocrx_word' id='word_1_134' title='bbox 3465 1059 3609 1115; x_wconf 88' lang='lat' dir='ltr'><strong>sunt</strong></span> 
     </span>
    </p>
   </div>
   <div class='ocr_carea' id='block_1_19' title="bbox 225 1141 1842 1221">
    <p class='ocr_par' dir='ltr' id='par_1_19' title="bbox 225 1141 1837 1221">
     <span class='ocr_line' id='line_1_19' title="bbox 225 1141 1837 1221; baseline -0.001 -21"><span class='ocrx_word' id='word_1_135' title='bbox 225 1157 370 1221; x_wconf 63' lang='grc' dir='ltr'>σφῶν</span> <span class='ocrx_word' id='word_1_136' title='bbox 436 1141 684 1220; x_wconf 74' lang='grc' dir='ltr'>καρδίαις</span> <span class='ocrx_word' id='word_1_137' title='bbox 745 1147 1019 1219; x_wconf 77' lang='grc' dir='ltr'><strong>τιθεμένων</strong></span> <span class='ocrx_word' id='word_1_138' title='bbox 1068 1151 1160 1200; x_wconf 73' lang='grc' dir='ltr'><strong>καὶ</strong></span> <span class='ocrx_word' id='word_1_139' title='bbox 1215 1148 1305 1208; x_wconf 81' lang='grc' dir='ltr'>τὰς</span> <span class='ocrx_word' id='word_1_140' title='bbox 1365 1153 1468 1198; x_wconf 86' lang='grc' dir='ltr'>τῶν</span> <span class='ocrx_word' id='word_1_141' title='bbox 1525 1143 1837 1219; x_wconf 79' lang='grc' dir='ltr'>ἀναϐαθμῶν</span> 
     </span>
    </p>
   </div>
   <div class='ocr_carea' id='block_1_20' title="bbox 1992 1141 3609 1221">
    <p class='ocr_par' dir='ltr' id='par_1_20' title="bbox 1992 1145 3609 1221">
     <span class='ocr_line' id='line_1_20' title="bbox 1992 1145 3609 1221; baseline 0.002 -20"><span class='ocrx_word' id='word_1_142' title='bbox 1992 1145 2131 1201; x_wconf 91' lang='lat' dir='ltr'><strong>uiin</strong></span> <span class='ocrx_word' id='word_1_143' title='bbox 2159 1145 2374 1203; x_wconf 83' lang='lat' dir='ltr'><strong>vestris</strong></span> <span class='ocrx_word' id='word_1_144' title='bbox 2408 1145 2694 1203; x_wconf 88' lang='lat' dir='ltr'><strong>cordibus</strong></span> <span class='ocrx_word' id='word_1_145' title='bbox 2709 1161 3065 1219; x_wconf 90' lang='lat' dir='ltr'><strong>progressus</strong></span> <span class='ocrx_word' id='word_1_146' title='bbox 3088 1150 3364 1221; x_wconf 76' lang='lat' dir='ltr'><strong>statuere,</strong></span> <span class='ocrx_word' id='word_1_147' title='bbox 3394 1152 3454 1205; x_wconf 91' lang='lat' dir='ltr'><strong>et</strong></span> <span class='ocrx_word' id='word_1_148' title='bbox 3477 1164 3609 1219; x_wconf 89' lang='lat' dir='ltr'><strong>gra-</strong></span> 
     </span>
    </p>
   </div>
   <div class='ocr_carea' id='block_1_21' title="bbox 222 1231 1839 1311">
    <p class='ocr_par' dir='ltr' id='par_1_21' title="bbox 222 1231 1837 1309">
     <span class='ocr_line' id='line_1_21' title="bbox 222 1231 1837 1309; baseline 0 -21"><span class='ocrx_word' id='word_1_149' title='bbox 222 1235 521 1307; x_wconf 70' lang='grc' dir='ltr'>ψαλλόντων</span> <span class='ocrx_word' id='word_1_150' title='bbox 552 1231 717 1307; x_wconf 79' lang='grc' dir='ltr'>ᾠδὰς,</span> <span class='ocrx_word' id='word_1_151' title='bbox 757 1235 826 1286; x_wconf 82' lang='grc' dir='ltr'>ὧν</span> <span class='ocrx_word' id='word_1_152' title='bbox 880 1238 971 1287; x_wconf 81' lang='grc' dir='ltr'>καὶ</span> <span class='ocrx_word' id='word_1_153' title='bbox 1021 1237 1080 1287; x_wconf 85' lang='grc' dir='ltr'>τὸ</span> <span class='ocrx_word' id='word_1_154' title='bbox 1129 1242 1232 1308; x_wconf 73' lang='grc' dir='ltr'><strong>φῶς</strong></span> <span class='ocrx_word' id='word_1_155' title='bbox 1295 1242 1396 1287; x_wconf 84' lang='grc' dir='ltr'>τῶν</span> <span class='ocrx_word' id='word_1_156' title='bbox 1444 1236 1603 1309; x_wconf 64' lang='grc' dir='ltr'>ἦογων</span> <span class='ocrx_word' id='word_1_157' title='bbox 1650 1237 1837 1309; x_wconf 76' lang='grc' dir='ltr'>ἔμπρο-</span> 
     </span>
    </p>
   </div>
   <div class='ocr_carea' id='block_1_22' title="bbox 1987 1231 3604 1311">
    <p class='ocr_par' dir='ltr' id='par_1_22' title="bbox 1987 1234 3604 1311">
     <span class='ocr_line' id='line_1_22' title="bbox 1987 1234 3604 1311; baseline 0.002 -20"><span class='ocrx_word' id='word_1_158' title='bbox 1987 1251 2140 1292; x_wconf 75' lang='lat' dir='ltr'><strong>.uum</strong></span> <span class='ocrx_word' id='word_1_159' title='bbox 2169 1234 2554 1308; x_wconf 83' lang='lat' dir='ltr'><strong>psallentium</strong></span> <span class='ocrx_word' id='word_1_160' title='bbox 2576 1240 2788 1293; x_wconf 90' lang='lat' dir='ltr'><strong>cantus</strong></span> <span class='ocrx_word' id='word_1_161' title='bbox 2820 1252 3099 1309; x_wconf 85' lang='lat' dir='ltr'><strong>posuere,</strong></span> <span class='ocrx_word' id='word_1_162' title='bbox 3118 1253 3380 1311; x_wconf 87' lang='lat' dir='ltr'><strong>quorum</strong></span> <span class='ocrx_word' id='word_1_163' title='bbox 3406 1237 3510 1295; x_wconf 84' lang='lat' dir='ltr'><strong>lux</strong></span> <span class='ocrx_word' id='word_1_164' title='bbox 3531 1253 3604 1294; x_wconf 83' lang='lat' dir='ltr'><strong>ex</strong></span> 
     </span>
    </p>
   </div>
   <div class='ocr_carea' id='block_1_23' title="bbox 227 1322 1844 1398">
    <p class='ocr_par' dir='ltr' id='par_1_23' title="bbox 227 1322 1836 1398">
     <span class='ocr_line' id='line_1_23' title="bbox 227 1322 1836 1398; baseline 0.002 -20"><span class='ocrx_word' id='word_1_165' title='bbox 227 1326 349 1378; x_wconf 83' lang='grc' dir='ltr'>σθεν</span> <span class='ocrx_word' id='word_1_166' title='bbox 412 1332 514 1377; x_wconf 82' lang='grc' dir='ltr'>τῶν</span> <span class='ocrx_word' id='word_1_167' title='bbox 576 1322 854 1398; x_wconf 85' lang='grc' dir='ltr'>ἀνθρώπων</span> <span class='ocrx_word' id='word_1_168' title='bbox 909 1322 1121 1397; x_wconf 85' lang='grc' dir='ltr'>λάμπει,</span> <span class='ocrx_word' id='word_1_169' title='bbox 1191 1324 1327 1377; x_wconf 85' lang='grc' dir='ltr'>κατὰ</span> <span class='ocrx_word' id='word_1_170' title='bbox 1382 1326 1443 1377; x_wconf 84' lang='grc' dir='ltr'>τὸ</span> <span class='ocrx_word' id='word_1_171' title='bbox 1500 1323 1836 1397; x_wconf 70' lang='grc' dir='ltr'>Εὐαγγελιον.</span> 
     </span>
    </p>
   </div>
   <div class='ocr_carea' id='block_1_24' title="bbox 1992 1322 3609 1398">
    <p class='ocr_par' dir='ltr' id='par_1_24' title="bbox 1992 1324 3609 1398">
     <span class='ocr_line' id='line_1_24' title="bbox 1992 1324 3609 1398; baseline 0.002 -18"><span class='ocrx_word' id='word_1_172' title='bbox 1992 1324 2234 1398; x_wconf 91' lang='lat' dir='ltr'><strong>peribus</strong></span> <span class='ocrx_word' id='word_1_173' title='bbox 2256 1339 2464 1382; x_wconf 90' lang='lat' dir='ltr'><strong>coram</strong></span> <span class='ocrx_word' id='word_1_174' title='bbox 2488 1324 2839 1382; x_wconf 89' lang='lat' dir='ltr'><strong>hominibus</strong></span> <span class='ocrx_word' id='word_1_175' title='bbox 2866 1325 3021 1383; x_wconf 86' lang='lat' dir='ltr'><strong>lucet</strong></span> <span class='ocrx_word' id='word_1_176' title='bbox 3065 1326 3400 1383; x_wconf 91' lang='lat' dir='ltr'><strong>secundum</strong></span> <span class='ocrx_word' id='word_1_177' title='bbox 3417 1328 3609 1383; x_wconf 90' lang='lat' dir='ltr'><strong>Evan-</strong></span> 
     </span>
    </p>
   </div>
   <div class='ocr_carea' id='block_1_25' title="bbox 226 1411 1843 1491">
    <p class='ocr_par' dir='ltr' id='par_1_25' title="bbox 226 1411 1841 1491">
     <span class='ocr_line' id='line_1_25' title="bbox 226 1411 1841 1491; baseline -0.002 -23"><span class='ocrx_word' id='word_1_178' title='bbox 226 1418 352 1491; x_wconf 65' lang='grc' dir='ltr'>Φέρε</span> <span class='ocrx_word' id='word_1_179' title='bbox 380 1418 553 1467; x_wconf 79' lang='grc' dir='ltr'>τοίνυν</span> <span class='ocrx_word' id='word_1_180' title='bbox 581 1411 635 1477; x_wconf 74' lang='grc' dir='ltr'>εξ</span> <span class='ocrx_word' id='word_1_181' title='bbox 686 1412 863 1487; x_wconf 80' lang='grc' dir='ltr'><strong>ἑορτῆς</strong></span> <span class='ocrx_word' id='word_1_182' title='bbox 912 1412 1340 1487; x_wconf 86' lang='grc' dir='ltr'>μετελευσώμεθα</span> <span class='ocrx_word' id='word_1_183' title='bbox 1392 1413 1464 1477; x_wconf 85' lang='grc' dir='ltr'><strong>εἰς</strong></span> <span class='ocrx_word' id='word_1_184' title='bbox 1515 1412 1698 1487; x_wconf 74' lang='grc' dir='ltr'>ἑορτὴν</span> <span class='ocrx_word' id='word_1_185' title='bbox 1749 1421 1841 1474; x_wconf 85' lang='grc' dir='ltr'>τῆς</span> 
     </span>
    </p>
   </div>
   <div class='ocr_carea' id='block_1_26' title="bbox 1991 1411 3608 1491">
    <p class='ocr_par' dir='ltr' id='par_1_26' title="bbox 1991 1413 3608 1486">
     <span class='ocr_line' id='line_1_26' title="bbox 1991 1413 3608 1486; baseline 0.002 -17"><span class='ocrx_word' id='word_1_186' title='bbox 1991 1413 2199 1471; x_wconf 87' lang='lat' dir='ltr'><strong>elium.</strong></span> <span class='ocrx_word' id='word_1_187' title='bbox 2221 1414 2324 1470; x_wconf 86' lang='lat' dir='ltr'><strong>Eia</strong></span> <span class='ocrx_word' id='word_1_188' title='bbox 2351 1413 2532 1485; x_wconf 82' lang='lat' dir='ltr'><strong>igitur</strong></span> <span class='ocrx_word' id='word_1_189' title='bbox 2547 1428 2579 1471; x_wconf 93' lang='lat' dir='ltr'><strong>e</strong></span> <span class='ocrx_word' id='word_1_190' title='bbox 2595 1414 2751 1471; x_wconf 84' lang='lat' dir='ltr'><strong>festo</strong></span> <span class='ocrx_word' id='word_1_191' title='bbox 2780 1418 3157 1473; x_wconf 85' lang='lat' dir='ltr'><strong>transeamus</strong></span> <span class='ocrx_word' id='word_1_192' title='bbox 3169 1415 3248 1472; x_wconf 92' lang='lat' dir='ltr'><strong>ad</strong></span> <span class='ocrx_word' id='word_1_193' title='bbox 3267 1415 3510 1486; x_wconf 84' lang='lat' dir='ltr'><strong>festum,</strong></span> <span class='ocrx_word' id='word_1_194' title='bbox 3535 1432 3608 1472; x_wconf 83' lang='lat' dir='ltr'><strong>ex</strong></span> 
     </span>
    </p>
   </div>
   <div class='ocr_carea' id='block_1_27' title="bbox 234 1500 1851 1579">
    <p class='ocr_par' dir='ltr' id='par_1_27' title="bbox 234 1501 1844 1579">
     <span class='ocr_line' id='line_1_27' title="bbox 234 1501 1844 1579; baseline -0.001 -23"><span class='ocrx_word' id='word_1_195' title='bbox 234 1506 635 1579; x_wconf 76' lang='grc' dir='ltr'>παρῳχημένης</span> <span class='ocrx_word' id='word_1_196' title='bbox 707 1504 802 1561; x_wconf 70' lang='grc' dir='ltr'>τήν</span> <span class='ocrx_word' id='word_1_197' title='bbox 876 1502 1178 1576; x_wconf 84' lang='grc' dir='ltr'>μελλουσον,</span> <span class='ocrx_word' id='word_1_198' title='bbox 1247 1501 1303 1555; x_wconf 76' lang='grc' dir='ltr'>ἐκ</span> <span class='ocrx_word' id='word_1_199' title='bbox 1362 1509 1460 1564; x_wconf 80' lang='grc' dir='ltr'>τῆς</span> <span class='ocrx_word' id='word_1_200' title='bbox 1524 1509 1844 1565; x_wconf 80' lang='grc' dir='ltr'>Δεσποτικῆς</span> 
     </span>
    </p>
   </div>
   <div class='ocr_carea' id='block_1_28' title="bbox 1994 1500 3611 1579">
    <p class='ocr_par' dir='ltr' id='par_1_28' title="bbox 1994 1500 3611 1572">
     <span class='ocr_line' id='line_1_28' title="bbox 1994 1500 3611 1572; baseline 0.002 -14"><span class='ocrx_word' id='word_1_201' title='bbox 1994 1500 2256 1558; x_wconf 89' lang='lat' dir='ltr'><strong>elebrato</strong></span> <span class='ocrx_word' id='word_1_202' title='bbox 2287 1501 2361 1558; x_wconf 90' lang='lat' dir='ltr'><strong>ad</strong></span> <span class='ocrx_word' id='word_1_203' title='bbox 2392 1502 2682 1572; x_wconf 77' lang='lat' dir='ltr'><strong>futurum,</strong></span> <span class='ocrx_word' id='word_1_204' title='bbox 2706 1518 2778 1559; x_wconf 85' lang='lat' dir='ltr'><strong>ex</strong></span> <span class='ocrx_word' id='word_1_205' title='bbox 2805 1502 3042 1559; x_wconf 89' lang='lat' dir='ltr'><strong>Domini</strong></span> <span class='ocrx_word' id='word_1_206' title='bbox 3093 1503 3428 1561; x_wconf 83' lang='lat' dir='ltr'><strong>secundum</strong></span> <span class='ocrx_word' id='word_1_207' title='bbox 3476 1518 3611 1561; x_wconf 81' lang='lat' dir='ltr'><strong>car-</strong></span> 
     </span>
    </p>
   </div>
   <div class='ocr_carea' id='block_1_29' title="bbox 227 1586 1844 1666">
    <p class='ocr_par' dir='ltr' id='par_1_29' title="bbox 227 1586 1841 1666">
     <span class='ocr_line' id='line_1_29' title="bbox 227 1586 1841 1666; baseline -0.001 -21"><span class='ocrx_word' id='word_1_208' title='bbox 227 1594 367 1645; x_wconf 83' lang='grc' dir='ltr'>κατὰ</span> <span class='ocrx_word' id='word_1_209' title='bbox 434 1593 609 1666; x_wconf 85' lang='grc' dir='ltr'>σάρκα</span> <span class='ocrx_word' id='word_1_210' title='bbox 657 1596 942 1664; x_wconf 74' lang='grc' dir='ltr'>γεννήσεως</span> <span class='ocrx_word' id='word_1_211' title='bbox 999 1589 1082 1645; x_wconf 79' lang='grc' dir='ltr'>ίπὶ</span> <span class='ocrx_word' id='word_1_212' title='bbox 1133 1596 1226 1651; x_wconf 70' lang='grc' dir='ltr'>τὴν</span> <span class='ocrx_word' id='word_1_213' title='bbox 1282 1598 1382 1645; x_wconf 88' lang='grc' dir='ltr'>τῶν</span> <span class='ocrx_word' id='word_1_214' title='bbox 1436 1586 1635 1645; x_wconf 82' lang='grc' dir='ltr'>δούλων</span> <span class='ocrx_word' id='word_1_215' title='bbox 1695 1592 1841 1665; x_wconf 80' lang='grc' dir='ltr'>ἡμῶν</span> 
     </span>
    </p>
   </div>
   <div class='ocr_carea' id='block_1_30' title="bbox 1994 1586 3611 1666">
    <p class='ocr_par' dir='ltr' id='par_1_30' title="bbox 1999 1590 3611 1663">
     <span class='ocr_line' id='line_1_30' title="bbox 1999 1590 3611 1663; baseline 0.001 -16"><span class='ocrx_word' id='word_1_216' title='bbox 1999 1607 2095 1647; x_wconf 91' lang='lat' dir='ltr'><strong>em</strong></span> <span class='ocrx_word' id='word_1_217' title='bbox 2121 1590 2504 1661; x_wconf 87' lang='lat' dir='ltr'><strong>generatione</strong></span> <span class='ocrx_word' id='word_1_218' title='bbox 2530 1590 2607 1647; x_wconf 90' lang='lat' dir='ltr'><strong>ad</strong></span> <span class='ocrx_word' id='word_1_219' title='bbox 2632 1595 2901 1647; x_wconf 89' lang='lat' dir='ltr'><strong>nostram</strong></span> <span class='ocrx_word' id='word_1_220' title='bbox 2933 1606 3246 1649; x_wconf 90' lang='lat' dir='ltr'><strong>servorum</strong></span> <span class='ocrx_word' id='word_1_221' title='bbox 3300 1606 3611 1663; x_wconf 84' lang='lat' dir='ltr'><strong>regenera-</strong></span> 
     </span>
    </p>
   </div>
   <div class='ocr_carea' id='block_1_31' title="bbox 227 1678 1844 1757">
    <p class='ocr_par' dir='ltr' id='par_1_31' title="bbox 227 1679 1840 1757">
     <span class='ocr_line' id='line_1_31' title="bbox 227 1679 1840 1757; baseline -0.001 -23"><span class='ocrx_word' id='word_1_222' title='bbox 227 1681 592 1755; x_wconf 78' lang='grc' dir='ltr'>ἇιναγίννησιν·</span> <span class='ocrx_word' id='word_1_223' title='bbox 625 1683 680 1735; x_wconf 78' lang='grc' dir='ltr'>ἑκ</span> <span class='ocrx_word' id='word_1_224' title='bbox 709 1688 802 1734; x_wconf 76' lang='grc' dir='ltr'><strong>τοῦ</strong></span> <span class='ocrx_word' id='word_1_225' title='bbox 842 1679 1052 1757; x_wconf 68' lang='grc' dir='ltr'>ἀστέρο)</span> <span class='ocrx_word' id='word_1_226' title='bbox 1100 1685 1227 1755; x_wconf 85' lang='grc' dir='ltr'>πρὸς</span> <span class='ocrx_word' id='word_1_227' title='bbox 1276 1684 1362 1735; x_wconf 88' lang='grc' dir='ltr'><strong>τόν</strong></span> <span class='ocrx_word' id='word_1_228' title='bbox 1418 1685 1580 1754; x_wconf 76' lang='grc' dir='ltr'>μέγαν</span> <span class='ocrx_word' id='word_1_229' title='bbox 1624 1680 1840 1753; x_wconf 82' lang='grc' dir='ltr'>λύχνον,</span> 
     </span>
    </p>
   </div>
   <div class='ocr_carea' id='block_1_32' title="bbox 1996 1678 3613 1757">
    <p class='ocr_par' dir='ltr' id='par_1_32' title="bbox 1996 1678 3613 1754">
     <span class='ocr_line' id='line_1_32' title="bbox 1996 1678 3613 1754; baseline 0.002 -19"><span class='ocrx_word' id='word_1_230' title='bbox 1996 1695 2182 1737; x_wconf 89' lang='lat' dir='ltr'><strong>onem</strong></span> <span class='ocrx_word' id='word_1_231' title='bbox 2207 1698 2220 1749; x_wconf 90' lang='lat'><strong>;</strong></span> <span class='ocrx_word' id='word_1_232' title='bbox 2253 1695 2327 1737; x_wconf 84' lang='lat' dir='ltr'><strong>ex</strong></span> <span class='ocrx_word' id='word_1_233' title='bbox 2357 1679 2527 1736; x_wconf 88' lang='lat' dir='ltr'><strong>stella</strong></span> <span class='ocrx_word' id='word_1_234' title='bbox 2551 1678 2631 1737; x_wconf 92' lang='lat' dir='ltr'><strong>ad</strong></span> <span class='ocrx_word' id='word_1_235' title='bbox 2654 1694 2946 1751; x_wconf 90' lang='lat' dir='ltr'><strong>magnam</strong></span> <span class='ocrx_word' id='word_1_236' title='bbox 2974 1680 3344 1754; x_wconf 86' lang='lat' dir='ltr'><strong>lampadem,</strong></span> <span class='ocrx_word' id='word_1_237' title='bbox 3369 1697 3444 1738; x_wconf 84' lang='lat' dir='ltr'><strong>ex</strong></span> <span class='ocrx_word' id='word_1_238' title='bbox 3475 1681 3613 1738; x_wconf 91' lang='lat' dir='ltr'><strong>stel-</strong></span> 
     </span>
    </p>
   </div>
   <div class='ocr_carea' id='block_1_33' title="bbox 222 1767 1839 1848">
    <p class='ocr_par' dir='ltr' id='par_1_33' title="bbox 222 1767 1839 1848">
     <span class='ocr_line' id='line_1_33' title="bbox 222 1767 1839 1848; baseline -0.001 -22"><span class='ocrx_word' id='word_1_239' title='bbox 222 1779 319 1826; x_wconf 84' lang='grc' dir='ltr'><strong>τοῦ</strong></span> <span class='ocrx_word' id='word_1_240' title='bbox 384 1768 692 1848; x_wconf 84' lang='grc' dir='ltr'>προρδόμου</span> <span class='ocrx_word' id='word_1_241' title='bbox 761 1779 858 1824; x_wconf 76' lang='grc' dir='ltr'>τῶν</span> <span class='ocrx_word' id='word_1_242' title='bbox 899 1769 1263 1847; x_wconf 79' lang='grc' dir='ltr'>ἀστρολατρῶν</span> <span class='ocrx_word' id='word_1_243' title='bbox 1330 1774 1414 1825; x_wconf 81' lang='grc' dir='ltr'><strong>ἐπὶ</strong></span> <span class='ocrx_word' id='word_1_244' title='bbox 1468 1775 1556 1825; x_wconf 87' lang='grc' dir='ltr'><strong>τόν</strong></span> <span class='ocrx_word' id='word_1_245' title='bbox 1617 1767 1839 1847; x_wconf 86' lang='grc' dir='ltr'>πρόδρο-</span> 
     </span>
    </p>
   </div>
   <div class='ocr_carea' id='block_1_34' title="bbox 1994 1767 3611 1848">
    <p class='ocr_par' dir='ltr' id='par_1_34' title="bbox 1994 1768 3611 1842">
     <span class='ocr_line' id='line_1_34' title="bbox 1994 1768 3611 1842; baseline -0.001 -16"><span class='ocrx_word' id='word_1_246' title='bbox 1994 1784 2149 1827; x_wconf 72' lang='lat' dir='ltr'><strong>trum</strong></span> <span class='ocrx_word' id='word_1_247' title='bbox 2179 1770 2567 1826; x_wconf 89' lang='lat' dir='ltr'><strong>adoratorum</strong></span> <span class='ocrx_word' id='word_1_248' title='bbox 2592 1768 2799 1825; x_wconf 84' lang='lat' dir='ltr'><strong>itinere</strong></span> <span class='ocrx_word' id='word_1_249' title='bbox 2831 1769 2909 1825; x_wconf 91' lang='lat' dir='ltr'><strong>ad</strong></span> <span class='ocrx_word' id='word_1_250' title='bbox 2939 1770 3118 1826; x_wconf 91' lang='lat' dir='ltr'><strong>totius</strong></span> <span class='ocrx_word' id='word_1_251' title='bbox 3163 1769 3409 1842; x_wconf 78' lang='lat' dir='ltr'><strong>justitiae</strong></span> <span class='ocrx_word' id='word_1_252' title='bbox 3462 1769 3611 1827; x_wconf 92' lang='lat' dir='ltr'><strong>Solis</strong></span> 
     </span>
    </p>
   </div>
   <div class='ocr_carea' id='block_1_35' title="bbox 230 1857 1847 1937">
    <p class='ocr_par' dir='ltr' id='par_1_35' title="bbox 230 1857 1847 1937">
     <span class='ocr_line' id='line_1_35' title="bbox 230 1857 1847 1937; baseline -0.002 -21"><span class='ocrx_word' id='word_1_253' title='bbox 230 1880 332 1936; x_wconf 83' lang='grc' dir='ltr'><strong>μον</strong></span> <span class='ocrx_word' id='word_1_254' title='bbox 368 1869 461 1915; x_wconf 87' lang='grc' dir='ltr'><strong>τοῦ</strong></span> <span class='ocrx_word' id='word_1_255' title='bbox 488 1860 663 1915; x_wconf 84' lang='grc' dir='ltr'>Ἠλίου</span> <span class='ocrx_word' id='word_1_256' title='bbox 702 1868 794 1922; x_wconf 82' lang='grc' dir='ltr'>τῆς</span> <span class='ocrx_word' id='word_1_257' title='bbox 850 1857 1209 1932; x_wconf 83' lang='grc' dir='ltr'>δικαιοσύνης,</span> <span class='ocrx_word' id='word_1_258' title='bbox 1262 1860 1322 1914; x_wconf 70' lang='grc' dir='ltr'>οὗ</span> <span class='ocrx_word' id='word_1_259' title='bbox 1376 1862 1563 1937; x_wconf 84' lang='grc' dir='ltr'>τριττά</span> <span class='ocrx_word' id='word_1_260' title='bbox 1620 1864 1847 1935; x_wconf 73' lang='grc' dir='ltr'>προσφί-</span> 
     </span>
    </p>
   </div>
   <div class='ocr_carea' id='block_1_36' title="bbox 1995 1857 3612 1937">
    <p class='ocr_par' dir='ltr' id='par_1_36' title="bbox 1997 1857 3612 1932">
     <span class='ocr_line' id='line_1_36' title="bbox 1997 1857 3612 1932; baseline 0.001 -18"><span class='ocrx_word' id='word_1_261' title='bbox 1997 1873 2362 1929; x_wconf 88' lang='lat' dir='ltr'><strong>rogressum,</strong></span> <span class='ocrx_word' id='word_1_262' title='bbox 2396 1873 2520 1914; x_wconf 91' lang='lat' dir='ltr'><strong>non</strong></span> <span class='ocrx_word' id='word_1_263' title='bbox 2542 1858 2653 1915; x_wconf 85' lang='lat' dir='ltr'><strong>tria</strong></span> <span class='ocrx_word' id='word_1_264' title='bbox 2680 1857 2995 1915; x_wconf 75' lang='lat' dir='ltr'><strong>afferentes</strong></span> <span class='ocrx_word' id='word_1_265' title='bbox 3024 1859 3206 1929; x_wconf 89' lang='lat' dir='ltr'><strong>dona,</strong></span> <span class='ocrx_word' id='word_1_266' title='bbox 3259 1858 3365 1916; x_wconf 89' lang='lat' dir='ltr'><strong>sed</strong></span> <span class='ocrx_word' id='word_1_267' title='bbox 3411 1859 3612 1932; x_wconf 87' lang='lat' dir='ltr'><strong>potius</strong></span> 
     </span>
    </p>
   </div>
   <div class='ocr_carea' id='block_1_37' title="bbox 227 1945 1844 2026">
    <p class='ocr_par' dir='ltr' id='par_1_37' title="bbox 227 1945 1843 2026">
     <span class='ocr_line' id='line_1_37' title="bbox 227 1945 1843 2026; baseline -0.003 -22"><span class='ocrx_word' id='word_1_268' title='bbox 227 1970 405 2026; x_wconf 89' lang='grc' dir='ltr'>ροντες</span> <span class='ocrx_word' id='word_1_269' title='bbox 436 1948 605 2025; x_wconf 82' lang='grc' dir='ltr'>δῶρα,</span> <span class='ocrx_word' id='word_1_270' title='bbox 634 1954 816 2003; x_wconf 85' lang='grc' dir='ltr'>πίστιν</span> <span class='ocrx_word' id='word_1_271' title='bbox 844 1945 904 2003; x_wconf 72' lang='grc' dir='ltr'><strong>δε</strong></span> <span class='ocrx_word' id='word_1_272' title='bbox 967 1949 1157 2024; x_wconf 82' lang='grc' dir='ltr'>μᾶλλον</span> <span class='ocrx_word' id='word_1_273' title='bbox 1213 1956 1307 2010; x_wconf 72' lang='grc' dir='ltr'>τὴν</span> <span class='ocrx_word' id='word_1_274' title='bbox 1365 1951 1437 2012; x_wconf 84' lang='grc' dir='ltr'><strong>εἰς</strong></span> <span class='ocrx_word' id='word_1_275' title='bbox 1488 1954 1697 2026; x_wconf 86' lang='grc' dir='ltr'>Πατίρα</span> <span class='ocrx_word' id='word_1_276' title='bbox 1752 1949 1843 2002; x_wconf 80' lang='grc' dir='ltr'>καὶ</span> 
     </span>
    </p>
   </div>
   <div class='ocr_carea' id='block_1_38' title="bbox 1994 1945 3611 2026">
    <p class='ocr_par' dir='ltr' id='par_1_38' title="bbox 1994 1946 3611 2019">
     <span class='ocr_line' id='line_1_38' title="bbox 1994 1946 3611 2019; baseline 0.001 -17"><span class='ocrx_word' id='word_1_277' title='bbox 1994 1947 2140 2005; x_wconf 88' lang='lat' dir='ltr'><strong>dem</strong></span> <span class='ocrx_word' id='word_1_278' title='bbox 2168 1946 2232 2003; x_wconf 91' lang='lat' dir='ltr'><strong>in</strong></span> <span class='ocrx_word' id='word_1_279' title='bbox 2262 1949 2493 2003; x_wconf 87' lang='lat' dir='ltr'><strong>Patrem</strong></span> <span class='ocrx_word' id='word_1_280' title='bbox 2535 1951 2594 2003; x_wconf 91' lang='lat' dir='ltr'><strong>et</strong></span> <span class='ocrx_word' id='word_1_281' title='bbox 2637 1946 2844 2003; x_wconf 84' lang='lat' dir='ltr'><strong>Filium</strong></span> <span class='ocrx_word' id='word_1_282' title='bbox 2894 1952 2950 2004; x_wconf 92' lang='lat' dir='ltr'><strong>et</strong></span> <span class='ocrx_word' id='word_1_283' title='bbox 3007 1947 3292 2019; x_wconf 89' lang='lat' dir='ltr'><strong>Spiritum</strong></span> <span class='ocrx_word' id='word_1_284' title='bbox 3336 1952 3611 2004; x_wconf 88' lang='lat' dir='ltr'><strong>sanctum</strong></span> 
     </span>
    </p>
   </div>
   <div class='ocr_carea' id='block_1_39' title="bbox 231 2034 1848 2115">
    <p class='ocr_par' dir='ltr' id='par_1_39' title="bbox 231 2037 1838 2115">
     <span class='ocr_line' id='line_1_39' title="bbox 231 2037 1838 2115; baseline 0.001 -21"><span class='ocrx_word' id='word_1_285' title='bbox 231 2043 352 2095; x_wconf 80' lang='grc' dir='ltr'><strong>Υἰὸν</strong></span> <span class='ocrx_word' id='word_1_286' title='bbox 376 2045 470 2093; x_wconf 82' lang='grc' dir='ltr'>καὶ</span> <span class='ocrx_word' id='word_1_287' title='bbox 494 2038 644 2111; x_wconf 82' lang='grc' dir='ltr'>ἅγιον</span> <span class='ocrx_word' id='word_1_288' title='bbox 672 2043 882 2111; x_wconf 82' lang='grc' dir='ltr'>Πνεῦμα</span> <span class='ocrx_word' id='word_1_289' title='bbox 910 2041 972 2098; x_wconf 81' lang='grc' dir='ltr'>ἦν</span> <span class='ocrx_word' id='word_1_290' title='bbox 1002 2038 1371 2115; x_wconf 79' lang='grc' dir='ltr'>ἑπισφραγίζει</span> <span class='ocrx_word' id='word_1_291' title='bbox 1421 2042 1482 2092; x_wconf 86' lang='grc' dir='ltr'><strong>τό</strong></span> <span class='ocrx_word' id='word_1_292' title='bbox 1531 2037 1838 2112; x_wconf 84' lang='grc' dir='ltr'>βάπτισμα.</span> 
     </span>
    </p>
   </div>
   <div class='ocr_carea' id='block_1_40' title="bbox 1998 2034 3615 2115">
    <p class='ocr_par' dir='ltr' id='par_1_40' title="bbox 1998 2034 3615 2108">
     <span class='ocr_line' id='line_1_40' title="bbox 1998 2034 3615 2108; baseline 0 -16"><span class='ocrx_word' id='word_1_293' title='bbox 1998 2051 2141 2092; x_wconf 91' lang='lat' dir='ltr'><strong>uam</strong></span> <span class='ocrx_word' id='word_1_294' title='bbox 2173 2035 2488 2105; x_wconf 87' lang='lat' dir='ltr'><strong>consignat</strong></span> <span class='ocrx_word' id='word_1_295' title='bbox 2509 2034 2835 2108; x_wconf 88' lang='lat' dir='ltr'><strong>baptisma.</strong></span> <span class='ocrx_word' id='word_1_296' title='bbox 2866 2034 3082 2092; x_wconf 86' lang='lat' dir='ltr'><strong>Triduo</strong></span> <span class='ocrx_word' id='word_1_297' title='bbox 3110 2040 3250 2093; x_wconf 88' lang='lat' dir='ltr'><strong>ante</strong></span> <span class='ocrx_word' id='word_1_298' title='bbox 3275 2051 3413 2093; x_wconf 90' lang='lat' dir='ltr'><strong>cum</strong></span> <span class='ocrx_word' id='word_1_299' title='bbox 3436 2052 3615 2107; x_wconf 89' lang='lat' dir='ltr'><strong>ange-</strong></span> 
     </span>
    </p>
   </div>
   <div class='ocr_carea' id='block_1_41' title="bbox 240 2120 1857 2203">
    <p class='ocr_par' dir='ltr' id='par_1_41' title="bbox 240 2124 1845 2203">
     <span class='ocr_line' id='line_1_41' title="bbox 240 2124 1845 2203; baseline -0.002 -21"><span class='ocrx_word' id='word_1_300' title='bbox 240 2129 371 2185; x_wconf 66' lang='grc' dir='ltr'><strong>Μετ*</strong></span> <span class='ocrx_word' id='word_1_301' title='bbox 448 2127 674 2201; x_wconf 76' lang='grc' dir='ltr'>ἁγγελων</span> <span class='ocrx_word' id='word_1_302' title='bbox 736 2124 1058 2201; x_wconf 74' lang='grc' dir='ltr'>ἕδοξάσαμεν</span> <span class='ocrx_word' id='word_1_303' title='bbox 1121 2132 1379 2203; x_wconf 91' lang='grc' dir='ltr'>πρότριτα</span> <span class='ocrx_word' id='word_1_304' title='bbox 1436 2132 1530 2187; x_wconf 78' lang='grc' dir='ltr'>τὴν</span> <span class='ocrx_word' id='word_1_305' title='bbox 1597 2126 1845 2203; x_wconf 84' lang='grc' dir='ltr'>ἐνανθρώ-</span> 
     </span>
    </p>
   </div>
   <div class='ocr_carea' id='block_1_42' title="bbox 1995 2120 3612 2203">
    <p class='ocr_par' dir='ltr' id='par_1_42' title="bbox 1999 2122 3612 2198">
     <span class='ocr_line' id='line_1_42' title="bbox 1999 2122 3612 2198; baseline 0.001 -18"><span class='ocrx_word' id='word_1_306' title='bbox 1999 2141 2026 2180; x_wconf 92' lang='lat' dir='ltr'><strong>s</strong></span> <span class='ocrx_word' id='word_1_307' title='bbox 2052 2123 2522 2195; x_wconf 81' lang='lat' dir='ltr'><strong>gloriﬁcavimus</strong></span> <span class='ocrx_word' id='word_1_308' title='bbox 2550 2123 2651 2179; x_wconf 89' lang='lat' dir='ltr'><strong>Dei</strong></span> <span class='ocrx_word' id='word_1_309' title='bbox 2672 2122 3170 2192; x_wconf 87' lang='lat' dir='ltr'><strong>incarnationem,</strong></span> <span class='ocrx_word' id='word_1_310' title='bbox 3205 2139 3276 2181; x_wconf 92' lang='lat' dir='ltr'><strong>ac</strong></span> <span class='ocrx_word' id='word_1_311' title='bbox 3318 2140 3427 2198; x_wconf 92' lang='lat' dir='ltr'><strong>per</strong></span> <span class='ocrx_word' id='word_1_312' title='bbox 3475 2140 3612 2181; x_wconf 90' lang='lat' dir='ltr'><strong>eam</strong></span> 
     </span>
    </p>
   </div>
   <div class='ocr_carea' id='block_1_43' title="bbox 225 2211 1842 2292">
    <p class='ocr_par' dir='ltr' id='par_1_43' title="bbox 225 2212 1842 2292">
     <span class='ocr_line' id='line_1_43' title="bbox 225 2212 1842 2292; baseline -0.002 -19"><span class='ocrx_word' id='word_1_313' title='bbox 225 2236 392 2278; x_wconf 82' lang='grc' dir='ltr'>πησιν</span> <span class='ocrx_word' id='word_1_314' title='bbox 421 2226 517 2271; x_wconf 86' lang='grc' dir='ltr'><strong>τοῦ</strong></span> <span class='ocrx_word' id='word_1_315' title='bbox 547 2224 703 2285; x_wconf 82' lang='grc' dir='ltr'>Θεοῦ,</span> <span class='ocrx_word' id='word_1_316' title='bbox 736 2221 829 2269; x_wconf 85' lang='grc' dir='ltr'>καὶ</span> <span class='ocrx_word' id='word_1_317' title='bbox 859 2217 990 2292; x_wconf 65' lang='grc' dir='ltr'>ὑπὲρ</span> <span class='ocrx_word' id='word_1_318' title='bbox 1038 2216 1290 2290; x_wconf 72' lang='grc' dir='ltr'>ἀγγέλους</span> <span class='ocrx_word' id='word_1_319' title='bbox 1344 2212 1701 2290; x_wconf 69' lang='grc' dir='ltr'>ἰδοξάσθημεν</span> <span class='ocrx_word' id='word_1_320' title='bbox 1754 2213 1842 2270; x_wconf 81' lang='grc' dir='ltr'>διὰ</span> 
     </span>
    </p>
   </div>
   <div class='ocr_carea' id='block_1_44' title="bbox 1997 2211 3614 2292">
    <p class='ocr_par' dir='ltr' id='par_1_44' title="bbox 1997 2211 3614 2286">
     <span class='ocr_line' id='line_1_44' title="bbox 1997 2211 3614 2286; baseline 0.001 -17"><span class='ocrx_word' id='word_1_321' title='bbox 1997 2228 2143 2286; x_wconf 91' lang='lat' dir='ltr'><strong>uper</strong></span> <span class='ocrx_word' id='word_1_322' title='bbox 2168 2212 2417 2285; x_wconf 88' lang='lat' dir='ltr'><strong>angelos</strong></span> <span class='ocrx_word' id='word_1_323' title='bbox 2448 2228 2659 2269; x_wconf 88' lang='lat' dir='ltr'><strong>sumus</strong></span> <span class='ocrx_word' id='word_1_324' title='bbox 2686 2211 3023 2284; x_wconf 85' lang='lat' dir='ltr'><strong>gloriﬁcati.</strong></span> <span class='ocrx_word' id='word_1_325' title='bbox 3057 2235 3079 2263; x_wconf 71' lang='grc' dir='ltr'><strong>ι</strong></span> <span class='ocrx_word' id='word_1_326' title='bbox 3104 2216 3232 2270; x_wconf 89' lang='lat' dir='ltr'><strong>Non</strong></span> <span class='ocrx_word' id='word_1_327' title='bbox 3253 2214 3412 2271; x_wconf 89' lang='lat' dir='ltr'><strong>enim</strong></span> <span class='ocrx_word' id='word_1_328' title='bbox 3434 2229 3614 2285; x_wconf 89' lang='lat' dir='ltr'><strong>ange-</strong></span> 
     </span>
    </p>
   </div>
   <div class='ocr_carea' id='block_1_45' title="bbox 227 2300 1844 2380">
    <p class='ocr_par' dir='ltr' id='par_1_45' title="bbox 227 2304 1844 2380">
     <span class='ocr_line' id='line_1_45' title="bbox 227 2304 1844 2380; baseline -0.002 -18"><span class='ocrx_word' id='word_1_329' title='bbox 227 2311 450 2367; x_wconf 77' lang='grc' dir='ltr'>ταῦτην·</span> <span class='ocrx_word' id='word_1_330' title='bbox 486 2329 515 2357; x_wconf 89' lang='grc'><strong>‹‹</strong></span> <span class='ocrx_word' id='word_1_331' title='bbox 556 2305 631 2359; x_wconf 70' lang='grc' dir='ltr'><strong>Οὐ</strong></span> <span class='ocrx_word' id='word_1_332' title='bbox 684 2309 788 2380; x_wconf 80' lang='grc' dir='ltr'>γὰρ</span> <span class='ocrx_word' id='word_1_333' title='bbox 848 2304 1078 2378; x_wconf 77' lang='grc' dir='ltr'>ἀγγέλων</span> <span class='ocrx_word' id='word_1_334' title='bbox 1138 2304 1427 2373; x_wconf 71' lang='grc' dir='ltr'>ἔπελάϐετο,</span> <span class='ocrx_word' id='word_1_335' title='bbox 1488 2307 1658 2368; x_wconf 85' lang='grc' dir='ltr'>καθὼς</span> <span class='ocrx_word' id='word_1_336' title='bbox 1707 2306 1769 2358; x_wconf 81' lang='grc' dir='ltr'>ἄν</span> <span class='ocrx_word' id='word_1_337' title='bbox 1820 2307 1844 2359; x_wconf 89' lang='grc' dir='ltr'><strong>ό</strong></span> 
     </span>
    </p>
   </div>
   <div class='ocr_carea' id='block_1_46' title="bbox 1994 2300 3611 2380">
    <p class='ocr_par' dir='ltr' id='par_1_46' title="bbox 1994 2300 3611 2375">
     <span class='ocr_line' id='line_1_46' title="bbox 1994 2300 3611 2375; baseline -0.001 -15"><span class='ocrx_word' id='word_1_338' title='bbox 1994 2319 2048 2361; x_wconf 77' lang='lat' dir='ltr'><strong>)s</strong></span> <span class='ocrx_word' id='word_1_339' title='bbox 2078 2301 2359 2375; x_wconf 89' lang='lat' dir='ltr'><strong>suscepit,</strong></span> <span class='ocrx_word' id='word_1_340' title='bbox 2391 2306 2458 2358; x_wconf 93' lang='lat' dir='ltr'><strong>ut</strong></span> <span class='ocrx_word' id='word_1_341' title='bbox 2480 2301 2676 2375; x_wconf 88' lang='lat' dir='ltr'><strong>inquit</strong></span> <span class='ocrx_word' id='word_1_342' title='bbox 2705 2300 2951 2369; x_wconf 89' lang='lat' dir='ltr'><strong>Paulus,</strong></span> <span class='ocrx_word' id='word_1_343' title='bbox 2981 2302 3087 2358; x_wconf 89' lang='lat' dir='ltr'><strong>sed</strong></span> <span class='ocrx_word' id='word_1_344' title='bbox 3118 2317 3325 2359; x_wconf 85' lang='lat' dir='ltr'><strong>semen</strong></span> <span class='ocrx_word' id='word_1_345' title='bbox 3359 2302 3611 2360; x_wconf 71' lang='lat' dir='ltr'><strong>Abrahae</strong></span> 
     </span>
    </p>
   </div>
   <div class='ocr_carea' id='block_1_47' title="bbox 235 2390 1852 2473">
    <p class='ocr_par' dir='ltr' id='par_1_47' title="bbox 235 2393 1851 2473">
     <span class='ocr_line' id='line_1_47' title="bbox 235 2393 1851 2473; baseline -0.002 -21"><span class='ocrx_word' id='word_1_346' title='bbox 235 2397 439 2459; x_wconf 86' lang='grc' dir='ltr'>Παῦλος</span> <span class='ocrx_word' id='word_1_347' title='bbox 497 2394 619 2473; x_wconf 62' lang='lat' dir='ltr'><strong>ipsi“</strong></span> <span class='ocrx_word' id='word_1_348' title='bbox 689 2393 819 2448; x_wconf 77' lang='grc' dir='ltr'>ἀλλὰ</span> <span class='ocrx_word' id='word_1_349' title='bbox 875 2399 1178 2471; x_wconf 78' lang='grc' dir='ltr'>σπέρματος</span> <span class='ocrx_word' id='word_1_350' title='bbox 1229 2395 1487 2470; x_wconf 79' lang='grc' dir='ltr'>Ἀϐρααμ,</span> <span class='ocrx_word' id='word_1_351' title='bbox 1548 2397 1660 2449; x_wconf 84' lang='grc' dir='ltr'>ὅθεν</span> <span class='ocrx_word' id='word_1_352' title='bbox 1716 2397 1851 2448; x_wconf 80' lang='grc' dir='ltr'>κατὰ</span> 
     </span>
    </p>
   </div>
   <div class='ocr_carea' id='block_1_48' title="bbox 1995 2390 3612 2473">
    <p class='ocr_par' dir='ltr' id='par_1_48' title="bbox 1995 2390 3612 2464">
     <span class='ocr_line' id='line_1_48' title="bbox 1995 2390 3612 2464; baseline -0.001 -15"><span class='ocrx_word' id='word_1_353' title='bbox 1995 2393 2121 2449; x_wconf 62' lang='lat' dir='ltr'><strong>Lude</strong></span> <span class='ocrx_word' id='word_1_354' title='bbox 2141 2393 2201 2448; x_wconf 89' lang='lat' dir='ltr'><strong>in</strong></span> <span class='ocrx_word' id='word_1_355' title='bbox 2223 2391 2511 2449; x_wconf 88' lang='lat' dir='ltr'><strong>omnibus</strong></span> <span class='ocrx_word' id='word_1_356' title='bbox 2536 2390 2715 2448; x_wconf 90' lang='lat' dir='ltr'><strong>nobis</strong></span> <span class='ocrx_word' id='word_1_357' title='bbox 2744 2391 2953 2447; x_wconf 89' lang='lat' dir='ltr'><strong>similis</strong></span> <span class='ocrx_word' id='word_1_358' title='bbox 2992 2391 3189 2448; x_wconf 86' lang='lat' dir='ltr'><strong>factus</strong></span> <span class='ocrx_word' id='word_1_359' title='bbox 3238 2395 3329 2449; x_wconf 89' lang='lat' dir='ltr'><strong>est</strong></span> <span class='ocrx_word' id='word_1_360' title='bbox 3381 2392 3612 2464; x_wconf 86' lang='lat' dir='ltr'><strong>absque</strong></span> 
     </span>
    </p>
   </div>
   <div class='ocr_carea' id='block_1_49' title="bbox 241 2480 1858 2561">
    <p class='ocr_par' dir='ltr' id='par_1_49' title="bbox 241 2483 1851 2561">
     <span class='ocr_line' id='line_1_49' title="bbox 241 2483 1851 2561; baseline -0.002 -21"><span class='ocrx_word' id='word_1_361' title='bbox 241 2488 417 2540; x_wconf 83' lang='grc' dir='ltr'>πάντα</span> <span class='ocrx_word' id='word_1_362' title='bbox 440 2488 568 2559; x_wconf 81' lang='grc' dir='ltr'>ἡμῖν</span> <span class='ocrx_word' id='word_1_363' title='bbox 604 2485 848 2558; x_wconf 78' lang='grc' dir='ltr'>ὡμοιώθη</span> <span class='ocrx_word' id='word_1_364' title='bbox 890 2489 1059 2561; x_wconf 80' lang='grc' dir='ltr'>χωρὶς</span> <span class='ocrx_word' id='word_1_365' title='bbox 1100 2483 1380 2560; x_wconf 82' lang='grc' dir='ltr'>ἁμαρτίας.</span> <span class='ocrx_word' id='word_1_366' title='bbox 1421 2506 1450 2533; x_wconf 69' lang='grc' dir='ltr'><strong>ι)</strong></span> <span class='ocrx_word' id='word_1_367' title='bbox 1491 2487 1637 2539; x_wconf 83' lang='grc' dir='ltr'>Μετὰ</span> <span class='ocrx_word' id='word_1_368' title='bbox 1672 2487 1851 2558; x_wconf 71' lang='grc' dir='ltr'>ποιμέ-</span> 
     </span>
    </p>
   </div>
   <div class='ocr_carea' id='block_1_50' title="bbox 1997 2480 3614 2561">
    <p class='ocr_par' dir='ltr' id='par_1_50' title="bbox 1997 2480 3614 2555">
     <span class='ocr_line' id='line_1_50' title="bbox 1997 2480 3614 2555; baseline -0.001 -16"><span class='ocrx_word' id='word_1_369' title='bbox 1997 2486 2207 2540; x_wconf 70' lang='grc' dir='ltr'>»θοοαίο</span> <span class='ocrx_word' id='word_1_370' title='bbox 2227 2483 2269 2517; x_wconf 70' lang='grc' dir='ltr'><strong>ὀ</strong></span> <span class='ocrx_word' id='word_1_371' title='bbox 2300 2504 2330 2532; x_wconf 84' lang='grc'><strong>››</strong></span> <span class='ocrx_word' id='word_1_372' title='bbox 2362 2484 2510 2540; x_wconf 79' lang='lat' dir='ltr'><strong>Cum</strong></span> <span class='ocrx_word' id='word_1_373' title='bbox 2535 2480 2880 2555; x_wconf 88' lang='lat' dir='ltr'><strong>pastoribus</strong></span> <span class='ocrx_word' id='word_1_374' title='bbox 2912 2480 3103 2552; x_wconf 89' lang='lat' dir='ltr'><strong>gloria</strong></span> <span class='ocrx_word' id='word_1_375' title='bbox 3128 2481 3255 2539; x_wconf 91' lang='lat' dir='ltr'><strong>nati</strong></span> <span class='ocrx_word' id='word_1_376' title='bbox 3295 2481 3614 2539; x_wconf 89' lang='lat' dir='ltr'><strong>Salvatoris</strong></span> 
     </span>
    </p>
   </div>
   <div class='ocr_carea' id='block_1_51' title="bbox 240 2569 1857 2649">
    <p class='ocr_par' dir='ltr' id='par_1_51' title="bbox 240 2570 1852 2649">
     <span class='ocr_line' id='line_1_51' title="bbox 240 2570 1852 2649; baseline -0.001 -20"><span class='ocrx_word' id='word_1_377' title='bbox 240 2596 342 2629; x_wconf 87' lang='grc' dir='ltr'><strong>νων</strong></span> <span class='ocrx_word' id='word_1_378' title='bbox 408 2573 861 2649; x_wconf 75' lang='grc' dir='ltr'>περιελάμφθημεν</span> <span class='ocrx_word' id='word_1_379' title='bbox 916 2580 979 2646; x_wconf 72' lang='grc' dir='ltr'>τῇ</span> <span class='ocrx_word' id='word_1_380' title='bbox 1043 2570 1169 2647; x_wconf 75' lang='grc' dir='ltr'>δόξῃ</span> <span class='ocrx_word' id='word_1_381' title='bbox 1228 2581 1318 2626; x_wconf 89' lang='grc' dir='ltr'><strong>τοῦ</strong></span> <span class='ocrx_word' id='word_1_382' title='bbox 1365 2576 1702 2647; x_wconf 79' lang='grc' dir='ltr'>γεννηθέντος,</span> <span class='ocrx_word' id='word_1_383' title='bbox 1761 2577 1852 2627; x_wconf 81' lang='grc' dir='ltr'>καὶ</span> 
     </span>
    </p>
   </div>
   <div class='ocr_carea' id='block_1_52' title="bbox 1996 2569 3613 2649">
    <p class='ocr_par' dir='ltr' id='par_1_52' title="bbox 1996 2569 3613 2646">
     <span class='ocr_line' id='line_1_52' title="bbox 1996 2569 3613 2646; baseline 0.001 -18"><span class='ocrx_word' id='word_1_384' title='bbox 1996 2571 2278 2646; x_wconf 90' lang='lat' dir='ltr'><strong>plendide</strong></span> <span class='ocrx_word' id='word_1_385' title='bbox 2290 2569 2893 2640; x_wconf 88' lang='lat' dir='ltr'><strong>circumdatisumus,</strong></span> <span class='ocrx_word' id='word_1_386' title='bbox 2911 2573 2969 2627; x_wconf 92' lang='lat' dir='ltr'><strong>et</strong></span> <span class='ocrx_word' id='word_1_387' title='bbox 2986 2570 3181 2643; x_wconf 81' lang='lat' dir='ltr'><strong>magis</strong></span> <span class='ocrx_word' id='word_1_388' title='bbox 3201 2584 3391 2644; x_wconf 90' lang='lat' dir='ltr'><strong>quam</strong></span> <span class='ocrx_word' id='word_1_389' title='bbox 3411 2575 3613 2644; x_wconf 89' lang='lat' dir='ltr'><strong>pasto-</strong></span> 
     </span>
    </p>
   </div>
   <div class='ocr_carea' id='block_1_53' title="bbox 243 2658 1860 2739">
    <p class='ocr_par' dir='ltr' id='par_1_53' title="bbox 243 2660 1852 2739">
     <span class='ocr_line' id='line_1_53' title="bbox 243 2660 1852 2739; baseline -0.001 -21"><span class='ocrx_word' id='word_1_390' title='bbox 243 2666 368 2739; x_wconf 72' lang='grc' dir='ltr'>ὀπὲρ</span> <span class='ocrx_word' id='word_1_391' title='bbox 442 2666 691 2736; x_wconf 48' lang='lat' dir='ltr'><strong>«crisin;</strong></span> <span class='ocrx_word' id='word_1_392' title='bbox 754 2666 814 2716; x_wconf 84' lang='grc' dir='ltr'><strong>τό</strong></span> <span class='ocrx_word' id='word_1_393' title='bbox 880 2660 1176 2735; x_wconf 72' lang='grc' dir='ltr'>ἆφάταστον</span> <span class='ocrx_word' id='word_1_394' title='bbox 1240 2671 1336 2727; x_wconf 86' lang='grc' dir='ltr'>τῆς</span> <span class='ocrx_word' id='word_1_395' title='bbox 1402 2669 1708 2739; x_wconf 78' lang='grc' dir='ltr'>σαρκώσεως</span> <span class='ocrx_word' id='word_1_396' title='bbox 1767 2660 1852 2717; x_wconf 81' lang='grc' dir='ltr'><strong>ἒπ-</strong></span> 
     </span>
    </p>
   </div>
   <div class='ocr_carea' id='block_1_54' title="bbox 1997 2658 3614 2739">
    <p class='ocr_par' dir='ltr' id='par_1_54' title="bbox 1997 2658 3614 2734">
     <span class='ocr_line' id='line_1_54' title="bbox 1997 2658 3614 2734; baseline 0 -16"><span class='ocrx_word' id='word_1_397' title='bbox 1997 2678 2058 2719; x_wconf 85' lang='lat' dir='ltr'><strong>es</strong></span> <span class='ocrx_word' id='word_1_398' title='bbox 2088 2660 2341 2734; x_wconf 89' lang='lat' dir='ltr'><strong>quodin</strong></span> <span class='ocrx_word' id='word_1_399' title='bbox 2368 2660 2784 2717; x_wconf 86' lang='lat' dir='ltr'><strong>incarnatione</strong></span> <span class='ocrx_word' id='word_1_400' title='bbox 2813 2658 3106 2717; x_wconf 87' lang='lat' dir='ltr'><strong>invisibile</strong></span> <span class='ocrx_word' id='word_1_401' title='bbox 3153 2664 3280 2719; x_wconf 89' lang='lat' dir='ltr'><strong>erat</strong></span> <span class='ocrx_word' id='word_1_402' title='bbox 3339 2660 3614 2730; x_wconf 85' lang='lat' dir='ltr'><strong>cognovi-</strong></span> 
     </span>
    </p>
   </div>
   <div class='ocr_carea' id='block_1_55' title="bbox 243 2748 1860 2827">
    <p class='ocr_par' dir='ltr' id='par_1_55' title="bbox 243 2751 1854 2827">
     <span class='ocr_line' id='line_1_55' title="bbox 243 2751 1854 2827; baseline -0.001 -21"><span class='ocrx_word' id='word_1_403' title='bbox 243 2758 549 2827; x_wconf 78' lang='grc' dir='ltr'>εγνὼκειμεν</span> <span class='ocrx_word' id='word_1_404' title='bbox 618 2752 711 2805; x_wconf 72' lang='grc' dir='ltr'>οὐκ</span> <span class='ocrx_word' id='word_1_405' title='bbox 777 2751 1057 2825; x_wconf 70' lang='grc' dir='ltr'>ὀφθαλμοῖς</span> <span class='ocrx_word' id='word_1_406' title='bbox 1114 2755 1269 2825; x_wconf 88' lang='grc' dir='ltr'>μόνον</span> <span class='ocrx_word' id='word_1_407' title='bbox 1319 2752 1696 2826; x_wconf 79' lang='grc' dir='ltr'>παραλαϐόντες</span> <span class='ocrx_word' id='word_1_408' title='bbox 1750 2756 1854 2805; x_wconf 82' lang='grc' dir='ltr'><strong>κεί·</strong></span> 
     </span>
    </p>
   </div>
   <div class='ocr_carea' id='block_1_56' title="bbox 1997 2748 3614 2827">
    <p class='ocr_par' dir='ltr' id='par_1_56' title="bbox 1997 2748 3614 2824">
     <span class='ocr_line' id='line_1_56' title="bbox 1997 2748 3614 2824; baseline -0.001 -16"><span class='ocrx_word' id='word_1_409' title='bbox 1997 2767 2121 2821; x_wconf 82' lang='lat' dir='ltr'><strong>nus,</strong></span> <span class='ocrx_word' id='word_1_410' title='bbox 2148 2765 2272 2808; x_wconf 91' lang='lat' dir='ltr'><strong>non</strong></span> <span class='ocrx_word' id='word_1_411' title='bbox 2293 2749 2484 2808; x_wconf 89' lang='lat' dir='ltr'><strong>oculis</strong></span> <span class='ocrx_word' id='word_1_412' title='bbox 2504 2748 2688 2807; x_wconf 90' lang='lat' dir='ltr'><strong>modo</strong></span> <span class='ocrx_word' id='word_1_413' title='bbox 2708 2766 2848 2807; x_wconf 92' lang='lat' dir='ltr'><strong>eum</strong></span> <span class='ocrx_word' id='word_1_414' title='bbox 2871 2749 2978 2824; x_wconf 90' lang='lat' dir='ltr'><strong>qui</strong></span> <span class='ocrx_word' id='word_1_415' title='bbox 3000 2749 3063 2806; x_wconf 90' lang='lat' dir='ltr'><strong>in</strong></span> <span class='ocrx_word' id='word_1_416' title='bbox 3092 2749 3351 2823; x_wconf 84' lang='lat' dir='ltr'><strong>mystico</strong></span> <span class='ocrx_word' id='word_1_417' title='bbox 3378 2749 3614 2807; x_wconf 92' lang='lat' dir='ltr'><strong>stabulo</strong></span> 
     </span>
    </p>
   </div>
   <div class='ocr_carea' id='block_1_57' title="bbox 241 2839 1858 2917">
    <p class='ocr_par' dir='ltr' id='par_1_57' title="bbox 241 2839 1854 2917">
     <span class='ocr_line' id='line_1_57' title="bbox 241 2839 1854 2917; baseline 0 -22"><span class='ocrx_word' id='word_1_418' title='bbox 241 2863 391 2917; x_wconf 82' lang='grc' dir='ltr'>μενον</span> <span class='ocrx_word' id='word_1_419' title='bbox 422 2841 471 2896; x_wconf 73' lang='grc' dir='ltr'>ἓν</span> <span class='ocrx_word' id='word_1_420' title='bbox 504 2844 666 2916; x_wconf 71' lang='grc' dir='ltr'>φάτνῃ</span> <span class='ocrx_word' id='word_1_421' title='bbox 697 2849 760 2915; x_wconf 76' lang='grc' dir='ltr'>τῇ</span> <span class='ocrx_word' id='word_1_422' title='bbox 793 2850 1052 2916; x_wconf 77' lang='grc' dir='ltr'>μυστικῇ,</span> <span class='ocrx_word' id='word_1_423' title='bbox 1119 2840 1249 2895; x_wconf 76' lang='grc' dir='ltr'>ἀλλὰ</span> <span class='ocrx_word' id='word_1_424' title='bbox 1310 2847 1399 2896; x_wconf 81' lang='grc' dir='ltr'>καὶ</span> <span class='ocrx_word' id='word_1_425' title='bbox 1457 2848 1682 2915; x_wconf 80' lang='grc' dir='ltr'>στόματι</span> <span class='ocrx_word' id='word_1_426' title='bbox 1737 2839 1772 2896; x_wconf 84' lang='grc' dir='ltr'><strong>δ</strong></span> <span class='ocrx_word' id='word_1_427' title='bbox 1777 2861 1854 2895; x_wconf 86' lang='grc' dir='ltr'>ια-</span> 
     </span>
    </p>
   </div>
   <div class='ocr_carea' id='block_1_58' title="bbox 1997 2839 3614 2917">
    <p class='ocr_par' dir='ltr' id='par_1_58' title="bbox 1997 2840 3614 2914">
     <span class='ocr_line' id='line_1_58' title="bbox 1997 2840 3614 2914; baseline -0.002 -16"><span class='ocrx_word' id='word_1_428' title='bbox 1997 2840 2201 2898; x_wconf 77' lang='lat' dir='ltr'><strong>acebat</strong></span> <span class='ocrx_word' id='word_1_429' title='bbox 2227 2840 2644 2914; x_wconf 83' lang='lat' dir='ltr'><strong>percipientes,</strong></span> <span class='ocrx_word' id='word_1_430' title='bbox 2668 2840 2773 2897; x_wconf 87' lang='lat' dir='ltr'><strong>sed</strong></span> <span class='ocrx_word' id='word_1_431' title='bbox 2795 2844 2852 2897; x_wconf 92' lang='lat' dir='ltr'><strong>et</strong></span> <span class='ocrx_word' id='word_1_432' title='bbox 2883 2854 2986 2896; x_wconf 89' lang='lat' dir='ltr'><strong>ore</strong></span> <span class='ocrx_word' id='word_1_433' title='bbox 3016 2844 3453 2897; x_wconf 84' lang='lat' dir='ltr'><strong>contrectantes</strong></span> <span class='ocrx_word' id='word_1_434' title='bbox 3496 2856 3614 2896; x_wconf 74' lang='lat' dir='ltr'><strong>cce-</strong></span> 
     </span>
    </p>
   </div>
   <div class='ocr_carea' id='block_1_59' title="bbox 240 2928 1857 3007">
    <p class='ocr_par' dir='ltr' id='par_1_59' title="bbox 240 2930 1851 3007">
     <span class='ocr_line' id='line_1_59' title="bbox 240 2930 1851 3007; baseline -0.002 -21"><span class='ocrx_word' id='word_1_435' title='bbox 240 2932 650 3006; x_wconf 68' lang='grc' dir='ltr'>ψηλαφήσαντες</span> <span class='ocrx_word' id='word_1_436' title='bbox 708 2934 796 2984; x_wconf 88' lang='grc' dir='ltr'><strong>τόν</strong></span> <span class='ocrx_word' id='word_1_437' title='bbox 853 2930 1090 3004; x_wconf 74' lang='grc' dir='ltr'>οὐράνιον</span> <span class='ocrx_word' id='word_1_438' title='bbox 1152 2932 1309 3007; x_wconf 82' lang='grc' dir='ltr'>ἄρτον</span> <span class='ocrx_word' id='word_1_439' title='bbox 1373 2932 1445 2995; x_wconf 84' lang='grc' dir='ltr'><strong>εἰς</strong></span> <span class='ocrx_word' id='word_1_440' title='bbox 1512 2931 1851 3007; x_wconf 80' lang='grc' dir='ltr'>βεϐαιοτέραν</span> 
     </span>
    </p>
   </div>
   <div class='ocr_carea' id='block_1_60' title="bbox 1997 2928 3614 3007">
    <p class='ocr_par' dir='ltr' id='par_1_60' title="bbox 1997 2928 3614 3003">
     <span class='ocr_line' id='line_1_60' title="bbox 1997 2928 3614 3003; baseline -0.003 -16"><span class='ocrx_word' id='word_1_441' title='bbox 1997 2934 2174 2987; x_wconf 72' lang='lat' dir='ltr'><strong>astam</strong></span> <span class='ocrx_word' id='word_1_442' title='bbox 2200 2945 2423 3003; x_wconf 91' lang='lat' dir='ltr'><strong>panem</strong></span> <span class='ocrx_word' id='word_1_443' title='bbox 2453 2930 2515 2987; x_wconf 89' lang='lat' dir='ltr'><strong>in</strong></span> <span class='ocrx_word' id='word_1_444' title='bbox 2544 2928 2872 2986; x_wconf 86' lang='lat' dir='ltr'><strong>ﬁrmiorem</strong></span> <span class='ocrx_word' id='word_1_445' title='bbox 2892 2928 3100 2986; x_wconf 86' lang='lat' dir='ltr'><strong>ﬁdem.</strong></span> <span class='ocrx_word' id='word_1_446' title='bbox 3128 2928 3295 2986; x_wconf 91' lang='lat' dir='ltr'><strong>Oculi</strong></span> <span class='ocrx_word' id='word_1_447' title='bbox 3325 2928 3487 2984; x_wconf 90' lang='lat' dir='ltr'><strong>enim</strong></span> <span class='ocrx_word' id='word_1_448' title='bbox 3512 2944 3614 2983; x_wconf 89' lang='lat' dir='ltr'><strong>au-</strong></span> 
     </span>
    </p>
   </div>
   <div class='ocr_carea' id='block_1_61' title="bbox 241 3013 1858 3098">
    <p class='ocr_par' dir='ltr' id='par_1_61' title="bbox 241 3020 1850 3098">
     <span class='ocr_line' id='line_1_61' title="bbox 241 3020 1850 3098; baseline 0 -24"><span class='ocrx_word' id='word_1_449' title='bbox 241 3027 334 3083; x_wconf 78' lang='grc' dir='ltr'><strong>τήν</strong></span> <span class='ocrx_word' id='word_1_450' title='bbox 362 3026 648 3077; x_wconf 86' lang='grc' dir='ltr'>πίστωσιν.</span> <span class='ocrx_word' id='word_1_451' title='bbox 674 3020 985 3094; x_wconf 71' lang='grc' dir='ltr'>Ὀφθαλμῶν</span> <span class='ocrx_word' id='word_1_452' title='bbox 1156 3024 1259 3096; x_wconf 79' lang='grc' dir='ltr'><strong>γὰρ</strong></span> <span class='ocrx_word' id='word_1_453' title='bbox 1316 3022 1478 3075; x_wconf 81' lang='grc' dir='ltr'>ὠτίων</span> <span class='ocrx_word' id='word_1_454' title='bbox 1528 3026 1850 3098; x_wconf 84' lang='grc' dir='ltr'>πιστότεροι,</span> 
     </span>
    </p>
   </div>
   <div class='ocr_carea' id='block_1_62' title="bbox 1997 3013 3614 3098">
    <p class='ocr_par' dir='ltr' id='par_1_62' title="bbox 1997 3013 3614 3088">
     <span class='ocr_line' id='line_1_62' title="bbox 1997 3013 3614 3088; baseline -0.001 -14"><span class='ocrx_word' id='word_1_455' title='bbox 1997 3017 2127 3074; x_wconf 90' lang='lat' dir='ltr'><strong>ibus</strong></span> <span class='ocrx_word' id='word_1_456' title='bbox 2146 3016 2442 3074; x_wconf 86' lang='lat' dir='ltr'><strong>ﬁdeliores</strong></span> <span class='ocrx_word' id='word_1_457' title='bbox 2472 3020 2628 3088; x_wconf 88' lang='lat' dir='ltr'><strong>sunt,</strong></span> <span class='ocrx_word' id='word_1_458' title='bbox 2663 3016 2850 3073; x_wconf 88' lang='lat' dir='ltr'><strong>oculis</strong></span> <span class='ocrx_word' id='word_1_459' title='bbox 2882 3019 3086 3073; x_wconf 90' lang='lat' dir='ltr'><strong>autem</strong></span> <span class='ocrx_word' id='word_1_460' title='bbox 3114 3019 3308 3075; x_wconf 89' lang='lat' dir='ltr'><strong>tactus</strong></span> <span class='ocrx_word' id='word_1_461' title='bbox 3330 3013 3614 3072; x_wconf 89' lang='lat' dir='ltr'><strong>sincerior</strong></span> 
     </span>
    </p>
   </div>
   <div class='ocr_carea' id='block_1_63' title="bbox 245 3104 1862 3210">
    <p class='ocr_par' dir='ltr' id='par_1_63' title="bbox 245 3107 1852 3186">
     <span class='ocr_line' id='line_1_63' title="bbox 245 3107 1852 3186; baseline -0.001 -21"><span class='ocrx_word' id='word_1_462' title='bbox 245 3111 520 3185; x_wconf 64' lang='grc' dir='ltr'>ὀφθαλμῶν</span> <span class='ocrx_word' id='word_1_463' title='bbox 546 3107 605 3165; x_wconf 73' lang='grc' dir='ltr'><strong>δε</strong></span> <span class='ocrx_word' id='word_1_464' title='bbox 642 3110 744 3183; x_wconf 68' lang='grc' dir='ltr'><strong>ἁφὴ</strong></span> <span class='ocrx_word' id='word_1_465' title='bbox 796 3108 1125 3183; x_wconf 89' lang='grc' dir='ltr'>βεϐαιότερα,</span> <span class='ocrx_word' id='word_1_466' title='bbox 1183 3114 1355 3185; x_wconf 85' lang='grc' dir='ltr'>στόμα</span> <span class='ocrx_word' id='word_1_467' title='bbox 1411 3108 1471 3165; x_wconf 75' lang='grc' dir='ltr'><strong>δε</strong></span> <span class='ocrx_word' id='word_1_468' title='bbox 1526 3116 1617 3165; x_wconf 80' lang='grc' dir='ltr'><strong>καὶ</strong></span> <span class='ocrx_word' id='word_1_469' title='bbox 1687 3109 1852 3186; x_wconf 67' lang='grc' dir='ltr'>ἀμφο-</span> 
     </span>
    </p>
   </div>
   <div class='ocr_carea' id='block_1_64' title="bbox 1295 3104 2912 3210">
    <p class='ocr_par' dir='ltr' id='par_1_64' title="bbox 1295 3104 2912 3210">
     <span class='ocr_line' id='line_1_64' title="bbox 1295 3104 2912 3210; baseline -0.001 -47"><span class='ocrx_word' id='word_1_470' title='bbox 1295 3131 1355 3164; x_wconf 79' lang='grc' dir='ltr'><strong>ια</strong></span> <span class='ocrx_word' id='word_1_471' title='bbox 1411 3108 1471 3165; x_wconf 65' lang='grc' dir='ltr'>δὲ</span> <span class='ocrx_word' id='word_1_472' title='bbox 1526 3116 1617 3165; x_wconf 80' lang='grc' dir='ltr'><strong>καὶ</strong></span> <span class='ocrx_word' id='word_1_473' title='bbox 1687 3109 1852 3186; x_wconf 68' lang='grc' dir='ltr'>ἀμφο-</span> <span class='ocrx_word' id='word_1_474' title='bbox 1882 3154 1921 3210; x_wconf 76' lang='lat' dir='ltr'>C</span> <span class='ocrx_word' id='word_1_475' title='bbox 1962 3123 2033 3165; x_wconf 90' lang='lat' dir='ltr'><strong>os</strong></span> <span class='ocrx_word' id='word_1_476' title='bbox 2063 3122 2203 3165; x_wconf 89' lang='lat' dir='ltr'><strong>vero</strong></span> <span class='ocrx_word' id='word_1_477' title='bbox 2234 3110 2291 3163; x_wconf 91' lang='lat' dir='ltr'><strong>et</strong></span> <span class='ocrx_word' id='word_1_478' title='bbox 2323 3105 2626 3164; x_wconf 90' lang='lat' dir='ltr'><strong>ambobus</strong></span> <span class='ocrx_word' id='word_1_479' title='bbox 2651 3104 2912 3163; x_wconf 82' lang='lat' dir='ltr'><strong>ﬁdelius.</strong></span> 
     </span>
    </p>
   </div>
   <div class='ocr_carea' id='block_1_65' title="bbox 243 3204 758 3277">
    <p class='ocr_par' dir='ltr' id='par_1_65' title="bbox 243 3204 758 3277">
     <span class='ocr_line' id='line_1_65' title="bbox 243 3204 758 3277; baseline -0.002 -22"><span class='ocrx_word' id='word_1_480' title='bbox 243 3206 403 3277; x_wconf 80' lang='grc' dir='ltr'>τίρων</span> <span class='ocrx_word' id='word_1_481' title='bbox 432 3204 758 3276; x_wconf 83' lang='grc' dir='ltr'>πιστότερον.</span> 
     </span>
    </p>
   </div>
   <div class='ocr_carea' id='block_1_66' title="bbox 315 3280 1932 3366">
    <p class='ocr_par' dir='ltr' id='par_1_66' title="bbox 315 3285 1855 3366">
     <span class='ocr_line' id='line_1_66' title="bbox 315 3285 1855 3366; baseline 0 -22"><span class='ocrx_word' id='word_1_482' title='bbox 315 3290 384 3347; x_wconf 84' lang='grc' dir='ltr'><strong>Β’.</strong></span> <span class='ocrx_word' id='word_1_483' title='bbox 428 3291 640 3344; x_wconf 87' lang='grc' dir='ltr'>Πάντων</span> <span class='ocrx_word' id='word_1_484' title='bbox 678 3285 765 3343; x_wconf 83' lang='grc' dir='ltr'>οὖν</span> <span class='ocrx_word' id='word_1_485' title='bbox 816 3297 916 3343; x_wconf 86' lang='grc' dir='ltr'>τῶν</span> <span class='ocrx_word' id='word_1_486' title='bbox 974 3287 1026 3342; x_wconf 74' lang='grc' dir='ltr'>ἐν</span> <span class='ocrx_word' id='word_1_487' title='bbox 1078 3288 1304 3364; x_wconf 69' lang='grc' dir='ltr'>Βηθλεὲμ</span> <span class='ocrx_word' id='word_1_488' title='bbox 1355 3292 1666 3366; x_wconf 85' lang='grc' dir='ltr'>ἱεροπρεπῶς</span> <span class='ocrx_word' id='word_1_489' title='bbox 1719 3289 1855 3345; x_wconf 81' lang='grc' dir='ltr'>τελε-</span> 
     </span>
    </p>
   </div>
   <div class='ocr_carea' id='block_1_67' title="bbox 1998 3280 3615 3366">
    <p class='ocr_par' dir='ltr' id='par_1_67' title="bbox 2034 3280 3615 3357">
     <span class='ocr_line' id='line_1_67' title="bbox 2034 3280 3615 3357; baseline 0.001 -16"><span class='ocrx_word' id='word_1_490' title='bbox 2034 3284 2101 3341; x_wconf 87' lang='grc' dir='ltr'>Π.</span> <span class='ocrx_word' id='word_1_491' title='bbox 2133 3282 2346 3341; x_wconf 83' lang='lat' dir='ltr'><strong>Omnia</strong></span> <span class='ocrx_word' id='word_1_492' title='bbox 2374 3280 2555 3355; x_wconf 90' lang='lat' dir='ltr'><strong>igitur</strong></span> <span class='ocrx_word' id='word_1_493' title='bbox 2582 3296 2719 3355; x_wconf 68' lang='lat' dir='ltr'><strong>quaa</strong></span> <span class='ocrx_word' id='word_1_494' title='bbox 2768 3280 3072 3340; x_wconf 89' lang='lat' dir='ltr'><strong>Bethleem</strong></span> <span class='ocrx_word' id='word_1_495' title='bbox 3127 3281 3328 3341; x_wconf 88' lang='lat' dir='ltr'><strong>divine</strong></span> <span class='ocrx_word' id='word_1_496' title='bbox 3370 3287 3615 3357; x_wconf 87' lang='lat' dir='ltr'><strong>peracta</strong></span> 
     </span>
    </p>
   </div>
   <div class='ocr_carea' id='block_1_68' title="bbox 248 3371 1865 3455">
    <p class='ocr_par' dir='ltr' id='par_1_68' title="bbox 248 3378 1851 3455">
     <span class='ocr_line' id='line_1_68' title="bbox 248 3378 1851 3455; baseline -0.001 -21"><span class='ocrx_word' id='word_1_497' title='bbox 248 3382 470 3434; x_wconf 79' lang='grc' dir='ltr'>σθίντων</span> <span class='ocrx_word' id='word_1_498' title='bbox 531 3378 867 3454; x_wconf 83' lang='grc' dir='ltr'>χαρμονικῶν</span> <span class='ocrx_word' id='word_1_499' title='bbox 932 3381 1083 3431; x_wconf 85' lang='grc' dir='ltr'>ὅντων</span> <span class='ocrx_word' id='word_1_500' title='bbox 1150 3384 1238 3432; x_wconf 83' lang='grc' dir='ltr'>καὶ</span> <span class='ocrx_word' id='word_1_501' title='bbox 1299 3378 1567 3454; x_wconf 82' lang='grc' dir='ltr'>τερπωλῆς</span> <span class='ocrx_word' id='word_1_502' title='bbox 1622 3378 1851 3455; x_wconf 70' lang='grc' dir='ltr'>ἐμφορη-</span> 
     </span>
    </p>
   </div>
   <div class='ocr_carea' id='block_1_69' title="bbox 1999 3371 3616 3455">
    <p class='ocr_par' dir='ltr' id='par_1_69' title="bbox 1999 3371 3616 3447">
     <span class='ocr_line' id='line_1_69' title="bbox 1999 3371 3616 3447; baseline 0 -16"><span class='ocrx_word' id='word_1_503' title='bbox 1999 3379 2124 3438; x_wconf 87' lang='lat' dir='ltr'><strong>unt.</strong></span> <span class='ocrx_word' id='word_1_504' title='bbox 2148 3372 2423 3445; x_wconf 90' lang='lat' dir='ltr'><strong>jucunda</strong></span> <span class='ocrx_word' id='word_1_505' title='bbox 2452 3377 2591 3429; x_wconf 88' lang='lat' dir='ltr'><strong>sunt</strong></span> <span class='ocrx_word' id='word_1_506' title='bbox 2617 3371 2919 3445; x_wconf 87' lang='lat' dir='ltr'><strong>plenaque</strong></span> <span class='ocrx_word' id='word_1_507' title='bbox 2941 3372 3148 3430; x_wconf 65' lang='lat' dir='ltr'><strong>laetitia</strong></span> <span class='ocrx_word' id='word_1_508' title='bbox 3171 3389 3305 3447; x_wconf 83' lang='lat' dir='ltr'><strong>quae</strong></span> <span class='ocrx_word' id='word_1_509' title='bbox 3350 3378 3616 3431; x_wconf 89' lang='lat' dir='ltr'><strong>mentem</strong></span> 
     </span>
    </p>
   </div>
   <div class='ocr_carea' id='block_1_70' title="bbox 245 3460 1862 3542">
    <p class='ocr_par' dir='ltr' id='par_1_70' title="bbox 245 3464 1853 3542">
     <span class='ocr_line' id='line_1_70' title="bbox 245 3464 1853 3542; baseline -0.001 -19"><span class='ocrx_word' id='word_1_510' title='bbox 245 3479 403 3523; x_wconf 79' lang='grc' dir='ltr'>τικών</span> <span class='ocrx_word' id='word_1_511' title='bbox 442 3464 824 3530; x_wconf 79' lang='grc' dir='ltr'>διαϐαινούσης</span> <span class='ocrx_word' id='word_1_512' title='bbox 855 3467 922 3530; x_wconf 85' lang='grc' dir='ltr'><strong>εἰς</strong></span> <span class='ocrx_word' id='word_1_513' title='bbox 947 3472 1042 3528; x_wconf 83' lang='grc' dir='ltr'>τὴν</span> <span class='ocrx_word' id='word_1_514' title='bbox 1071 3467 1277 3542; x_wconf 69' lang='grc' dir='ltr'>ψυχὴν,</span> <span class='ocrx_word' id='word_1_515' title='bbox 1320 3468 1369 3522; x_wconf 76' lang='grc' dir='ltr'>ἓν</span> <span class='ocrx_word' id='word_1_516' title='bbox 1409 3465 1472 3528; x_wconf 78' lang='grc' dir='ltr'>ἦν</span> <span class='ocrx_word' id='word_1_517' title='bbox 1516 3472 1575 3522; x_wconf 89' lang='grc' dir='ltr'><strong>τό</strong></span> <span class='ocrx_word' id='word_1_518' title='bbox 1633 3472 1853 3524; x_wconf 82' lang='grc' dir='ltr'>ὰνιάσαν</span> 
     </span>
    </p>
   </div>
   <div class='ocr_carea' id='block_1_71' title="bbox 1998 3460 3615 3542">
    <p class='ocr_par' dir='ltr' id='par_1_71' title="bbox 1998 3460 3615 3535">
     <span class='ocr_line' id='line_1_71' title="bbox 1998 3460 3615 3535; baseline 0.004 -21"><span class='ocrx_word' id='word_1_519' title='bbox 1998 3465 2234 3519; x_wconf 62' lang='grc' dir='ltr'>νΘΠθῖΓΕί</span> <span class='ocrx_word' id='word_1_520' title='bbox 2261 3477 2487 3532; x_wconf 89' lang='lat' dir='ltr'><strong>;unum</strong></span> <span class='ocrx_word' id='word_1_521' title='bbox 2517 3465 2719 3518; x_wconf 90' lang='lat' dir='ltr'><strong>autem</strong></span> <span class='ocrx_word' id='word_1_522' title='bbox 2763 3460 2874 3517; x_wconf 86' lang='lat' dir='ltr'><strong>fuit</strong></span> <span class='ocrx_word' id='word_1_523' title='bbox 2918 3460 3086 3535; x_wconf 90' lang='lat' dir='ltr'><strong>quod</strong></span> <span class='ocrx_word' id='word_1_524' title='bbox 3143 3462 3615 3520; x_wconf 87' lang='lat' dir='ltr'><strong>Christianorum</strong></span> 
     </span>
    </p>
   </div>
   <div class='ocr_carea' id='block_1_72' title="bbox 247 3550 1864 3633">
    <p class='ocr_par' dir='ltr' id='par_1_72' title="bbox 247 3555 1855 3633">
     <span class='ocr_line' id='line_1_72' title="bbox 247 3555 1855 3633; baseline 0 -21"><span class='ocrx_word' id='word_1_525' title='bbox 247 3563 337 3612; x_wconf 78' lang='grc' dir='ltr'>καὶ</span> <span class='ocrx_word' id='word_1_526' title='bbox 369 3562 606 3631; x_wconf 84' lang='grc' dir='ltr'>συγχίαν</span> <span class='ocrx_word' id='word_1_527' title='bbox 634 3560 727 3620; x_wconf 80' lang='grc' dir='ltr'><strong>τὰς</strong></span> <span class='ocrx_word' id='word_1_528' title='bbox 780 3555 1018 3619; x_wconf 79' lang='grc' dir='ltr'>διανοίας</span> <span class='ocrx_word' id='word_1_529' title='bbox 1071 3566 1172 3611; x_wconf 84' lang='grc' dir='ltr'>τῶν</span> <span class='ocrx_word' id='word_1_530' title='bbox 1240 3556 1616 3633; x_wconf 80' lang='grc' dir='ltr'>φιλοχρίστων,</span> <span class='ocrx_word' id='word_1_531' title='bbox 1675 3561 1705 3618; x_wconf 80' lang='grc' dir='ltr'>ἡ</span> <span class='ocrx_word' id='word_1_532' title='bbox 1762 3568 1855 3621; x_wconf 78' lang='grc' dir='ltr'>τῆς</span> 
     </span>
    </p>
   </div>
   <div class='ocr_carea' id='block_1_73' title="bbox 1996 3550 3613 3633">
    <p class='ocr_par' dir='ltr' id='par_1_73' title="bbox 1996 3550 3613 3625">
     <span class='ocr_line' id='line_1_73' title="bbox 1996 3550 3613 3625; baseline 0 -16"><span class='ocrx_word' id='word_1_533' title='bbox 1996 3552 2197 3609; x_wconf 74' lang='grc' dir='ltr'>,ηἰωαε</span> <span class='ocrx_word' id='word_1_534' title='bbox 2225 3566 2481 3607; x_wconf 68' lang='lat' dir='ltr'><strong>maerore</strong></span> <span class='ocrx_word' id='word_1_535' title='bbox 2498 3550 2682 3607; x_wconf 78' lang='lat' dir='ltr'><strong>afﬁcit</strong></span> <span class='ocrx_word' id='word_1_536' title='bbox 2698 3566 2769 3607; x_wconf 93' lang='lat' dir='ltr'><strong>ac</strong></span> <span class='ocrx_word' id='word_1_537' title='bbox 2792 3550 3009 3623; x_wconf 89' lang='lat' dir='ltr'><strong>turbat,</strong></span> <span class='ocrx_word' id='word_1_538' title='bbox 3038 3551 3448 3609; x_wconf 88' lang='lat' dir='ltr'><strong>innocentium</strong></span> <span class='ocrx_word' id='word_1_539' title='bbox 3468 3567 3613 3625; x_wconf 90' lang='lat' dir='ltr'><strong>par-</strong></span> 
     </span>
    </p>
   </div>
   <div class='ocr_carea' id='block_1_74' title="bbox 249 3639 1866 3724">
    <p class='ocr_par' dir='ltr' id='par_1_74' title="bbox 249 3645 1853 3724">
     <span class='ocr_line' id='line_1_74' title="bbox 249 3645 1853 3724; baseline 0.001 -23"><span class='ocrx_word' id='word_1_540' title='bbox 249 3646 597 3724; x_wconf 80' lang='grc' dir='ltr'>ἆπειροκάκου</span> <span class='ocrx_word' id='word_1_541' title='bbox 620 3646 851 3708; x_wconf 86' lang='grc' dir='ltr'>νεολαίας</span> <span class='ocrx_word' id='word_1_542' title='bbox 908 3645 1191 3721; x_wconf 77' lang='grc' dir='ltr'>ἀναίρεσις.</span> <span class='ocrx_word' id='word_1_543' title='bbox 1234 3649 1260 3699; x_wconf 90' lang='grc' dir='ltr'><strong>ό</strong></span> <span class='ocrx_word' id='word_1_544' title='bbox 1311 3646 1555 3722; x_wconf 80' lang='grc' dir='ltr'>θερισμός</span> <span class='ocrx_word' id='word_1_545' title='bbox 1609 3656 1700 3709; x_wconf 79' lang='grc' dir='ltr'>τῆς</span> <span class='ocrx_word' id='word_1_546' title='bbox 1752 3648 1853 3702; x_wconf 75' lang='grc' dir='ltr'><strong>ἀώ-</strong></span> 
     </span>
    </p>
   </div>
   <div class='ocr_carea' id='block_1_75' title="bbox 1995 3639 3612 3724">
    <p class='ocr_par' dir='ltr' id='par_1_75' title="bbox 1995 3639 3612 3709">
     <span class='ocr_line' id='line_1_75' title="bbox 1995 3639 3612 3709; baseline -0.001 -12"><span class='ocrx_word' id='word_1_547' title='bbox 1995 3640 2239 3697; x_wconf 85' lang='lat' dir='ltr'><strong>ulorum</strong></span> <span class='ocrx_word' id='word_1_548' title='bbox 2252 3639 2495 3709; x_wconf 89' lang='lat' dir='ltr'><strong>ablatio,</strong></span> <span class='ocrx_word' id='word_1_549' title='bbox 2521 3639 2861 3697; x_wconf 67' lang='lat' dir='ltr'><strong>immatura:</strong></span> <span class='ocrx_word' id='word_1_550' title='bbox 2887 3640 3203 3697; x_wconf 86' lang='lat' dir='ltr'><strong>etrecentis</strong></span> <span class='ocrx_word' id='word_1_551' title='bbox 3223 3640 3426 3698; x_wconf 76' lang='lat' dir='ltr'><strong>herbae</strong></span> <span class='ocrx_word' id='word_1_552' title='bbox 3456 3657 3612 3697; x_wconf 90' lang='lat' dir='ltr'><strong>mes-</strong></span> 
     </span>
    </p>
   </div>
   <div class='ocr_carea' id='block_1_76' title="bbox 248 3729 1865 3810">
    <p class='ocr_par' dir='ltr' id='par_1_76' title="bbox 248 3734 1853 3810">
     <span class='ocr_line' id='line_1_76' title="bbox 248 3734 1853 3810; baseline 0.002 -22"><span class='ocrx_word' id='word_1_553' title='bbox 248 3755 337 3810; x_wconf 86' lang='grc' dir='ltr'><strong>ρον</strong></span> <span class='ocrx_word' id='word_1_554' title='bbox 365 3735 537 3808; x_wconf 82' lang='grc' dir='ltr'>χλόης</span> <span class='ocrx_word' id='word_1_555' title='bbox 570 3740 661 3789; x_wconf 85' lang='grc' dir='ltr'>καὶ</span> <span class='ocrx_word' id='word_1_556' title='bbox 700 3734 1001 3810; x_wconf 71' lang='grc' dir='ltr'>ἁρτιφυοῦς.</span> <span class='ocrx_word' id='word_1_557' title='bbox 1067 3735 1207 3794; x_wconf 80' lang='grc' dir='ltr'>Πλὴν</span> <span class='ocrx_word' id='word_1_558' title='bbox 1268 3740 1359 3788; x_wconf 86' lang='grc' dir='ltr'>καὶ</span> <span class='ocrx_word' id='word_1_559' title='bbox 1418 3739 1535 3789; x_wconf 80' lang='grc' dir='ltr'>τότε</span> <span class='ocrx_word' id='word_1_560' title='bbox 1598 3745 1707 3798; x_wconf 89' lang='grc' dir='ltr'>τοῖς</span> <span class='ocrx_word' id='word_1_561' title='bbox 1762 3741 1853 3809; x_wconf 70' lang='grc' dir='ltr'>μὲν</span> 
     </span>
    </p>
   </div>
   <div class='ocr_carea' id='block_1_77' title="bbox 1997 3729 3614 3810">
    <p class='ocr_par' dir='ltr' id='par_1_77' title="bbox 1997 3729 3614 3804">
     <span class='ocr_line' id='line_1_77' title="bbox 1997 3729 3614 3804; baseline 0.001 -18"><span class='ocrx_word' id='word_1_562' title='bbox 1997 3731 2065 3787; x_wconf 92' lang='lat' dir='ltr'><strong>is.</strong></span> <span class='ocrx_word' id='word_1_563' title='bbox 2098 3731 2462 3802; x_wconf 86' lang='lat' dir='ltr'><strong>Quanquam</strong></span> <span class='ocrx_word' id='word_1_564' title='bbox 2482 3734 2540 3786; x_wconf 92' lang='lat' dir='ltr'><strong>et</strong></span> <span class='ocrx_word' id='word_1_565' title='bbox 2562 3732 2705 3786; x_wconf 88' lang='lat' dir='ltr'><strong>tunc</strong></span> <span class='ocrx_word' id='word_1_566' title='bbox 2729 3729 3092 3787; x_wconf 88' lang='lat' dir='ltr'><strong>metentibus</strong></span> <span class='ocrx_word' id='word_1_567' title='bbox 3144 3731 3344 3804; x_wconf 88' lang='lat' dir='ltr'><strong>potius</strong></span> <span class='ocrx_word' id='word_1_568' title='bbox 3374 3730 3614 3804; x_wconf 86' lang='lat' dir='ltr'><strong>illacry-</strong></span> 
     </span>
    </p>
   </div>
   <div class='ocr_carea' id='block_1_78' title="bbox 251 3816 3612 3901">
    <p class='ocr_par' dir='ltr' id='par_1_78' title="bbox 251 3816 3612 3901">
     <span class='ocr_line' id='line_1_78' title="bbox 251 3816 3612 3901; baseline 0 -23"><span class='ocrx_word' id='word_1_569' title='bbox 251 3825 521 3900; x_wconf 81' lang='grc' dir='ltr'>θερίζουσι</span> <span class='ocrx_word' id='word_1_570' title='bbox 541 3824 729 3899; x_wconf 82' lang='grc' dir='ltr'>μᾶλλον</span> <span class='ocrx_word' id='word_1_571' title='bbox 789 3821 1235 3898; x_wconf 78' lang='grc' dir='ltr'>ἓπεδακρύσαμεν,</span> <span class='ocrx_word' id='word_1_572' title='bbox 1298 3832 1404 3886; x_wconf 88' lang='grc' dir='ltr'>τοῖς</span> <span class='ocrx_word' id='word_1_573' title='bbox 1471 3821 1506 3878; x_wconf 83' lang='grc' dir='ltr'><strong>δ</strong></span> <span class='ocrx_word' id='word_1_574' title='bbox 1509 3828 1530 3878; x_wconf 66' lang='grc' dir='ltr'><strong>ι</strong></span> <span class='ocrx_word' id='word_1_575' title='bbox 1580 3826 1851 3901; x_wconf 80' lang='grc' dir='ltr'>θεριζομί-</span> <span class='ocrx_word' id='word_1_576' title='bbox 1961 3816 2591 3887; x_wconf 88' lang='lat' dir='ltr'><strong>mavimus,demessis</strong></span> <span class='ocrx_word' id='word_1_577' title='bbox 2603 3821 2805 3874; x_wconf 91' lang='lat' dir='ltr'><strong>autem</strong></span> <span class='ocrx_word' id='word_1_578' title='bbox 2821 3816 3003 3875; x_wconf 69' lang='lat' dir='ltr'><strong>laetati</strong></span> <span class='ocrx_word' id='word_1_579' title='bbox 3028 3834 3239 3876; x_wconf 89' lang='lat' dir='ltr'><strong>sumus</strong></span> <span class='ocrx_word' id='word_1_580' title='bbox 3268 3820 3612 3892; x_wconf 91' lang='lat' dir='ltr'><strong>manipulis.</strong></span> 
     </span>
    </p>
   </div>
   <div class='ocr_carea' id='block_1_79' title="bbox 248 3907 1865 3989">
    <p class='ocr_par' dir='ltr' id='par_1_79' title="bbox 248 3910 1853 3989">
     <span class='ocr_line' id='line_1_79' title="bbox 248 3910 1853 3989; baseline 0 -22"><span class='ocrx_word' id='word_1_581' title='bbox 248 3934 350 3976; x_wconf 89' lang='grc' dir='ltr'>νοις</span> <span class='ocrx_word' id='word_1_582' title='bbox 374 3911 737 3988; x_wconf 69' lang='grc' dir='ltr'>ἐφηδύνθημεν</span> <span class='ocrx_word' id='word_1_583' title='bbox 769 3910 1092 3987; x_wconf 65' lang='grc' dir='ltr'>δράγμασιψ</span> <span class='ocrx_word' id='word_1_584' title='bbox 1141 3915 1222 3967; x_wconf 85' lang='grc' dir='ltr'>ὅτι</span> <span class='ocrx_word' id='word_1_585' title='bbox 1278 3912 1328 3967; x_wconf 79' lang='grc' dir='ltr'><strong>ίν</strong></span> <span class='ocrx_word' id='word_1_586' title='bbox 1357 3913 1563 3987; x_wconf 74' lang='grc' dir='ltr'>μαλακῇ</span> <span class='ocrx_word' id='word_1_587' title='bbox 1630 3922 1692 3987; x_wconf 80' lang='grc' dir='ltr'>τῇ</span> <span class='ocrx_word' id='word_1_588' title='bbox 1748 3934 1853 3989; x_wconf 79' lang='grc' dir='ltr'><strong>ποᾳ</strong></span> 
     </span>
    </p>
   </div>
   <div class='ocr_carea' id='block_1_80' title="bbox 1997 3907 3614 3989">
    <p class='ocr_par' dir='ltr' id='par_1_80' title="bbox 1997 3907 3614 3981">
     <span class='ocr_line' id='line_1_80' title="bbox 1997 3907 3614 3981; baseline 0 -16"><span class='ocrx_word' id='word_1_589' title='bbox 1997 3924 2026 3965; x_wconf 82' lang='lat' dir='ltr'><strong>n</strong></span> <span class='ocrx_word' id='word_1_590' title='bbox 2055 3914 2257 3965; x_wconf 88' lang='lat' dir='ltr'><strong>tenera</strong></span> <span class='ocrx_word' id='word_1_591' title='bbox 2285 3907 2445 3964; x_wconf 89' lang='lat' dir='ltr'><strong>enim</strong></span> <span class='ocrx_word' id='word_1_592' title='bbox 2468 3913 2525 3965; x_wconf 91' lang='lat' dir='ltr'><strong>et</strong></span> <span class='ocrx_word' id='word_1_593' title='bbox 2552 3907 2802 3965; x_wconf 79' lang='lat' dir='ltr'><strong>ﬂorente</strong></span> <span class='ocrx_word' id='word_1_594' title='bbox 2852 3908 3042 3965; x_wconf 89' lang='lat' dir='ltr'><strong>herba</strong></span> <span class='ocrx_word' id='word_1_595' title='bbox 3088 3908 3331 3981; x_wconf 87' lang='lat' dir='ltr'><strong>plenam</strong></span> <span class='ocrx_word' id='word_1_596' title='bbox 3382 3910 3614 3981; x_wconf 91' lang='lat' dir='ltr'><strong>spicam</strong></span> 
     </span>
    </p>
   </div>
   <div class='ocr_carea' id='block_1_81' title="bbox 249 3995 1866 4079">
    <p class='ocr_par' dir='ltr' id='par_1_81' title="bbox 249 3998 1852 4079">
     <span class='ocr_line' id='line_1_81' title="bbox 249 3998 1852 4079; baseline 0 -22"><span class='ocrx_word' id='word_1_597' title='bbox 249 4009 339 4057; x_wconf 86' lang='grc' dir='ltr'>καὶ</span> <span class='ocrx_word' id='word_1_598' title='bbox 365 4003 597 4057; x_wconf 81' lang='grc' dir='ltr'>νεοθαλεῖ</span> <span class='ocrx_word' id='word_1_599' title='bbox 632 3999 795 4079; x_wconf 75' lang='grc' dir='ltr'>ἁδρόν</span> <span class='ocrx_word' id='word_1_600' title='bbox 846 4007 932 4056; x_wconf 88' lang='grc' dir='ltr'>τὸν</span> <span class='ocrx_word' id='word_1_601' title='bbox 982 4005 1188 4076; x_wconf 88' lang='grc' dir='ltr'>στάχυν</span> <span class='ocrx_word' id='word_1_602' title='bbox 1241 3998 1667 4071; x_wconf 74' lang='grc' dir='ltr'>ἁποδνδωκασιν,</span> <span class='ocrx_word' id='word_1_603' title='bbox 1723 4002 1852 4057; x_wconf 84' lang='grc' dir='ltr'>ἀπο-</span> 
     </span>
    </p>
   </div>
   <div class='ocr_carea' id='block_1_82' title="bbox 1996 3995 3613 4079">
    <p class='ocr_par' dir='ltr' id='par_1_82' title="bbox 1996 3995 3613 4067">
     <span class='ocr_line' id='line_1_82' title="bbox 1996 3995 3613 4067; baseline -0.001 -14"><span class='ocrx_word' id='word_1_604' title='bbox 1996 3997 2351 4064; x_wconf 78' lang='lat' dir='ltr'><strong>radiderunt,</strong></span> <span class='ocrx_word' id='word_1_605' title='bbox 2374 3996 2603 4054; x_wconf 88' lang='lat' dir='ltr'><strong>horreis</strong></span> <span class='ocrx_word' id='word_1_606' title='bbox 2635 3996 2980 4053; x_wconf 75' lang='lat' dir='ltr'><strong>ccelestibus</strong></span> <span class='ocrx_word' id='word_1_607' title='bbox 3003 3995 3273 4067; x_wconf 86' lang='lat' dir='ltr'><strong>dignam.</strong></span> <span class='ocrx_word' id='word_1_608' title='bbox 3298 4000 3363 4054; x_wconf 84' lang='lat' dir='ltr'><strong>Et</strong></span> <span class='ocrx_word' id='word_1_609' title='bbox 3380 4012 3506 4053; x_wconf 91' lang='lat' dir='ltr'><strong>non</strong></span> <span class='ocrx_word' id='word_1_610' title='bbox 3525 3997 3613 4052; x_wconf 90' lang='lat' dir='ltr'><strong>di-</strong></span> 
     </span>
    </p>
   </div>
   <div class='ocr_carea' id='block_1_83' title="bbox 253 4084 1870 4165">
    <p class='ocr_par' dir='ltr' id='par_1_83' title="bbox 253 4092 1855 4165">
     <span class='ocr_line' id='line_1_83' title="bbox 253 4092 1855 4165; baseline -0.001 -19"><span class='ocrx_word' id='word_1_611' title='bbox 253 4096 424 4152; x_wconf 79' lang='grc' dir='ltr'>θηκῶν</span> <span class='ocrx_word' id='word_1_612' title='bbox 452 4101 553 4145; x_wconf 86' lang='grc' dir='ltr'>τῶν</span> <span class='ocrx_word' id='word_1_613' title='bbox 592 4094 696 4145; x_wconf 79' lang='grc' dir='ltr'>ἄνω</span> <span class='ocrx_word' id='word_1_614' title='bbox 748 4092 980 4156; x_wconf 76' lang='grc' dir='ltr'>ἐπάξιον.</span> <span class='ocrx_word' id='word_1_615' title='bbox 1050 4097 1152 4145; x_wconf 77' lang='grc' dir='ltr'><strong>Καὶ</strong></span> <span class='ocrx_word' id='word_1_616' title='bbox 1204 4092 1298 4145; x_wconf 71' lang='grc' dir='ltr'>οὐκ</span> <span class='ocrx_word' id='word_1_617' title='bbox 1356 4095 1579 4165; x_wconf 75' lang='grc' dir='ltr'>εἴπομεν,</span> <span class='ocrx_word' id='word_1_618' title='bbox 1633 4092 1855 4165; x_wconf 74' lang='grc' dir='ltr'>Εὐλογία</span> 
     </span>
    </p>
   </div>
   <div class='ocr_carea' id='block_1_84' title="bbox 1997 4084 3614 4165">
    <p class='ocr_par' dir='ltr' id='par_1_84' title="bbox 1997 4084 3614 4157">
     <span class='ocr_line' id='line_1_84' title="bbox 1997 4084 3614 4157; baseline 0 -15"><span class='ocrx_word' id='word_1_619' title='bbox 1997 4087 2191 4142; x_wconf 87' lang='lat' dir='ltr'><strong>imus:</strong></span> <span class='ocrx_word' id='word_1_620' title='bbox 2225 4085 2565 4141; x_wconf 87' lang='lat' dir='ltr'><strong>Benedictio</strong></span> <span class='ocrx_word' id='word_1_621' title='bbox 2592 4084 2827 4141; x_wconf 89' lang='lat' dir='ltr'><strong>Domini</strong></span> <span class='ocrx_word' id='word_1_622' title='bbox 2881 4100 3063 4157; x_wconf 90' lang='lat' dir='ltr'><strong>super</strong></span> <span class='ocrx_word' id='word_1_623' title='bbox 3107 4089 3396 4142; x_wconf 89' lang='lat' dir='ltr'><strong>metentes</strong></span> <span class='ocrx_word' id='word_1_624' title='bbox 3439 4101 3453 4152; x_wconf 90' lang='lat'><strong>;</strong></span> <span class='ocrx_word' id='word_1_625' title='bbox 3508 4084 3614 4142; x_wconf 89' lang='lat' dir='ltr'><strong>sed</strong></span> 
     </span>
    </p>
   </div>
   <div class='ocr_carea' id='block_1_85' title="bbox 253 4173 1870 4258">
    <p class='ocr_par' dir='ltr' id='par_1_85' title="bbox 253 4180 1852 4258">
     <span class='ocr_line' id='line_1_85' title="bbox 253 4180 1852 4258; baseline -0.002 -20"><span class='ocrx_word' id='word_1_626' title='bbox 253 4188 449 4258; x_wconf 74' lang='grc' dir='ltr'>Κυρίου</span> <span class='ocrx_word' id='word_1_627' title='bbox 479 4181 564 4237; x_wconf 71' lang='grc' dir='ltr'>ἐπὶ</span> <span class='ocrx_word' id='word_1_628' title='bbox 594 4187 714 4247; x_wconf 78' lang='grc' dir='ltr'>τοὺς</span> <span class='ocrx_word' id='word_1_629' title='bbox 757 4184 1068 4258; x_wconf 74' lang='grc' dir='ltr'>θερίζοντας·</span> <span class='ocrx_word' id='word_1_630' title='bbox 1119 4180 1247 4236; x_wconf 75' lang='grc' dir='ltr'>ἀλλὰ</span> <span class='ocrx_word' id='word_1_631' title='bbox 1301 4187 1395 4241; x_wconf 82' lang='grc' dir='ltr'>τὴν</span> <span class='ocrx_word' id='word_1_632' title='bbox 1457 4183 1696 4258; x_wconf 71' lang='grc' dir='ltr'>εὐφορίαν</span> <span class='ocrx_word' id='word_1_633' title='bbox 1751 4191 1852 4235; x_wconf 74' lang='grc' dir='ltr'><strong>τῶν</strong></span> 
     </span>
    </p>
   </div>
   <div class='ocr_carea' id='block_1_86' title="bbox 1998 4173 3615 4258">
    <p class='ocr_par' dir='ltr' id='par_1_86' title="bbox 1998 4173 3615 4247">
     <span class='ocr_line' id='line_1_86' title="bbox 1998 4173 3615 4247; baseline -0.002 -15"><span class='ocrx_word' id='word_1_634' title='bbox 1998 4174 2414 4247; x_wconf 68' lang='lat' dir='ltr'><strong>manipulorum</strong></span> <span class='ocrx_word' id='word_1_635' title='bbox 2426 4173 2760 4230; x_wconf 90' lang='lat' dir='ltr'><strong>ubertatem</strong></span> <span class='ocrx_word' id='word_1_636' title='bbox 2773 4173 3012 4230; x_wconf 89' lang='lat' dir='ltr'><strong>beatam</strong></span> <span class='ocrx_word' id='word_1_637' title='bbox 3026 4174 3299 4231; x_wconf 82' lang='lat' dir='ltr'><strong>diximus.</strong></span> <span class='ocrx_word' id='word_1_638' title='bbox 3315 4177 3380 4231; x_wconf 88' lang='lat' dir='ltr'><strong>Et</strong></span> <span class='ocrx_word' id='word_1_639' title='bbox 3393 4174 3441 4230; x_wconf 93' lang='lat' dir='ltr'><strong>si</strong></span> <span class='ocrx_word' id='word_1_640' title='bbox 3461 4175 3615 4231; x_wconf 87' lang='lat' dir='ltr'><strong>enim</strong></span> 
     </span>
    </p>
   </div>
   <div class='ocr_carea' id='block_1_87' title="bbox 252 4262 1869 4349">
    <p class='ocr_par' dir='ltr' id='par_1_87' title="bbox 252 4269 1854 4349">
     <span class='ocr_line' id='line_1_87' title="bbox 252 4269 1854 4349; baseline -0.001 -23"><span class='ocrx_word' id='word_1_641' title='bbox 252 4269 573 4349; x_wconf 80' lang='grc' dir='ltr'>δραγμάτων</span> <span class='ocrx_word' id='word_1_642' title='bbox 637 4272 1045 4347; x_wconf 73' lang='grc' dir='ltr'>ἕμακαρίσαμεν.</span> <span class='ocrx_word' id='word_1_643' title='bbox 1122 4271 1184 4325; x_wconf 84' lang='grc' dir='ltr'>Εἰ</span> <span class='ocrx_word' id='word_1_644' title='bbox 1255 4275 1356 4346; x_wconf 77' lang='grc' dir='ltr'>γὰρ</span> <span class='ocrx_word' id='word_1_645' title='bbox 1414 4276 1503 4324; x_wconf 87' lang='grc' dir='ltr'>καὶ</span> <span class='ocrx_word' id='word_1_646' title='bbox 1568 4271 1854 4347; x_wconf 87' lang='grc' dir='ltr'>παραπλη-</span> 
     </span>
    </p>
   </div>
   <div class='ocr_carea' id='block_1_88' title="bbox 1999 4262 3616 4349">
    <p class='ocr_par' dir='ltr' id='par_1_88' title="bbox 1999 4262 3616 4337">
     <span class='ocr_line' id='line_1_88' title="bbox 1999 4262 3616 4337; baseline 0 -16"><span class='ocrx_word' id='word_1_647' title='bbox 1999 4263 2485 4337; x_wconf 70' lang='grc' dir='ltr'>[ιιθωειᾶωοάιιω</span> <span class='ocrx_word' id='word_1_648' title='bbox 2511 4267 2567 4319; x_wconf 93' lang='lat' dir='ltr'><strong>et</strong></span> <span class='ocrx_word' id='word_1_649' title='bbox 2594 4262 2632 4319; x_wconf 91' lang='lat' dir='ltr'><strong>ii</strong></span> <span class='ocrx_word' id='word_1_650' title='bbox 2661 4262 2766 4336; x_wconf 91' lang='lat' dir='ltr'><strong>qui</strong></span> <span class='ocrx_word' id='word_1_651' title='bbox 2794 4263 2857 4319; x_wconf 89' lang='lat' dir='ltr'><strong>in</strong></span> <span class='ocrx_word' id='word_1_652' title='bbox 2885 4262 3171 4319; x_wconf 89' lang='lat' dir='ltr'><strong>domibus</strong></span> <span class='ocrx_word' id='word_1_653' title='bbox 3196 4267 3339 4320; x_wconf 91' lang='lat' dir='ltr'><strong>sunt</strong></span> <span class='ocrx_word' id='word_1_654' title='bbox 3384 4279 3616 4321; x_wconf 87' lang='lat' dir='ltr'><strong>marce—</strong></span> 
     </span>
    </p>
   </div>
   <div class='ocr_carea' id='block_1_89' title="bbox 253 4350 1870 4437">
    <p class='ocr_par' dir='ltr' id='par_1_89' title="bbox 253 4358 1852 4437">
     <span class='ocr_line' id='line_1_89' title="bbox 253 4358 1852 4437; baseline -0.002 -21"><span class='ocrx_word' id='word_1_655' title='bbox 253 4367 381 4426; x_wconf 86' lang='grc' dir='ltr'>σίως</span> <span class='ocrx_word' id='word_1_656' title='bbox 409 4370 521 4424; x_wconf 85' lang='grc' dir='ltr'><strong>τοίς</strong></span> <span class='ocrx_word' id='word_1_657' title='bbox 544 4360 628 4415; x_wconf 66' lang='lat' dir='ltr'><strong>im’</strong></span> <span class='ocrx_word' id='word_1_658' title='bbox 655 4370 755 4414; x_wconf 86' lang='grc' dir='ltr'>τῶν</span> <span class='ocrx_word' id='word_1_659' title='bbox 788 4358 1042 4435; x_wconf 82' lang='grc' dir='ltr'>δωμάτων</span> <span class='ocrx_word' id='word_1_660' title='bbox 1082 4358 1355 4434; x_wconf 70' lang='grc' dir='ltr'>ἐσχήκασι</span> <span class='ocrx_word' id='word_1_661' title='bbox 1404 4363 1464 4414; x_wconf 87' lang='grc' dir='ltr'><strong>τό</strong></span> <span class='ocrx_word' id='word_1_662' title='bbox 1515 4361 1852 4437; x_wconf 71' lang='grc' dir='ltr'>εὐμάραντον,</span> 
     </span>
    </p>
   </div>
   <div class='ocr_carea' id='block_1_90' title="bbox 1999 4350 3616 4437">
    <p class='ocr_par' dir='ltr' id='par_1_90' title="bbox 1999 4350 3616 4426">
     <span class='ocr_line' id='line_1_90' title="bbox 1999 4350 3616 4426; baseline -0.001 -16"><span class='ocrx_word' id='word_1_663' title='bbox 1999 4368 2127 4410; x_wconf 90' lang='lat' dir='ltr'><strong>cere</strong></span> <span class='ocrx_word' id='word_1_664' title='bbox 2146 4356 2412 4426; x_wconf 88' lang='lat' dir='ltr'><strong>possent,</strong></span> <span class='ocrx_word' id='word_1_665' title='bbox 2443 4351 2611 4408; x_wconf 82' lang='lat' dir='ltr'><strong>brevi</strong></span> <span class='ocrx_word' id='word_1_666' title='bbox 2635 4350 2916 4409; x_wconf 87' lang='lat' dir='ltr'><strong>ﬂorentes</strong></span> <span class='ocrx_word' id='word_1_667' title='bbox 2945 4368 3015 4409; x_wconf 91' lang='lat' dir='ltr'><strong>ac</strong></span> <span class='ocrx_word' id='word_1_668' title='bbox 3045 4351 3402 4410; x_wconf 88' lang='lat' dir='ltr'><strong>deﬂorentes</strong></span> <span class='ocrx_word' id='word_1_669' title='bbox 3430 4369 3443 4408; x_wconf 91' lang='lat'>:</span> <span class='ocrx_word' id='word_1_670' title='bbox 3507 4353 3616 4409; x_wconf 91' lang='lat' dir='ltr'><strong>sed</strong></span> 
     </span>
    </p>
   </div>
   <div class='ocr_carea' id='block_1_91' title="bbox 251 4440 1868 4525">
    <p class='ocr_par' dir='ltr' id='par_1_91' title="bbox 251 4449 1855 4525">
     <span class='ocr_line' id='line_1_91' title="bbox 251 4449 1855 4525; baseline -0.001 -20"><span class='ocrx_word' id='word_1_671' title='bbox 251 4450 300 4505; x_wconf 72' lang='grc' dir='ltr'>ἂν</span> <span class='ocrx_word' id='word_1_672' title='bbox 320 4452 481 4525; x_wconf 80' lang='grc' dir='ltr'>ὀλίγῳ</span> <span class='ocrx_word' id='word_1_673' title='bbox 512 4450 812 4511; x_wconf 75' lang='grc' dir='ltr'>ἆνθὸσαντά</span> <span class='ocrx_word' id='word_1_674' title='bbox 840 4470 895 4504; x_wconf 88' lang='grc' dir='ltr'><strong>τε</strong></span> <span class='ocrx_word' id='word_1_675' title='bbox 957 4456 1049 4503; x_wconf 87' lang='grc' dir='ltr'><strong>καί</strong></span> <span class='ocrx_word' id='word_1_676' title='bbox 1110 4449 1311 4509; x_wconf 81' lang='grc' dir='ltr'>ἁπανθὴ</span> <span class='ocrx_word' id='word_1_677' title='bbox 1323 4469 1506 4504; x_wconf 79' lang='grc' dir='ltr'>σανταο</span> <span class='ocrx_word' id='word_1_678' title='bbox 1575 4449 1706 4504; x_wconf 75' lang='grc' dir='ltr'>ἀλλά</span> <span class='ocrx_word' id='word_1_679' title='bbox 1767 4455 1855 4505; x_wconf 85' lang='grc' dir='ltr'><strong>τόν</strong></span> 
     </span>
    </p>
   </div>
   <div class='ocr_carea' id='block_1_92' title="bbox 2003 4440 3620 4525">
    <p class='ocr_par' dir='ltr' id='par_1_92' title="bbox 2003 4440 3620 4515">
     <span class='ocr_line' id='line_1_92' title="bbox 2003 4440 3620 4515; baseline -0.001 -16"><span class='ocrx_word' id='word_1_680' title='bbox 2003 4442 2422 4499; x_wconf 72' lang='lat' dir='ltr'><strong>inumAbrahte</strong></span> <span class='ocrx_word' id='word_1_681' title='bbox 2441 4441 2969 4515; x_wconf 86' lang='lat' dir='ltr'><strong>impleverunt,qui</strong></span> <span class='ocrx_word' id='word_1_682' title='bbox 2988 4440 3135 4498; x_wconf 89' lang='lat' dir='ltr'><strong>tales</strong></span> <span class='ocrx_word' id='word_1_683' title='bbox 3156 4442 3543 4512; x_wconf 86' lang='lat' dir='ltr'><strong>congregavit</strong></span> <span class='ocrx_word' id='word_1_684' title='bbox 3562 4445 3620 4499; x_wconf 91' lang='lat' dir='ltr'><strong>et</strong></span> 
     </span>
    </p>
   </div>
   <div class='ocr_carea' id='block_1_93' title="bbox 252 4509 1869 4615">
    <p class='ocr_par' dir='ltr' id='par_1_93' title="bbox 252 4538 1857 4615">
     <span class='ocr_line' id='line_1_93' title="bbox 252 4538 1857 4615; baseline -0.001 -22"><span class='ocrx_word' id='word_1_685' title='bbox 252 4540 442 4595; x_wconf 80' lang='grc' dir='ltr'>κόλπον</span> <span class='ocrx_word' id='word_1_686' title='bbox 511 4540 815 4615; x_wconf 72' lang='grc' dir='ltr'>ἐπλήρωσαν</span> <span class='ocrx_word' id='word_1_687' title='bbox 843 4547 936 4603; x_wconf 83' lang='grc' dir='ltr'><strong>τοῦ</strong></span> <span class='ocrx_word' id='word_1_688' title='bbox 967 4538 1207 4615; x_wconf 81' lang='grc' dir='ltr'>Ἀϐραὰμ</span> <span class='ocrx_word' id='word_1_689' title='bbox 1231 4547 1323 4592; x_wconf 79' lang='grc' dir='ltr'><strong>τοῦ</strong></span> <span class='ocrx_word' id='word_1_690' title='bbox 1361 4542 1428 4593; x_wconf 77' lang='grc' dir='ltr'>τὰ</span> <span class='ocrx_word' id='word_1_691' title='bbox 1468 4547 1687 4593; x_wconf 87' lang='grc' dir='ltr'>τοιαῦτα</span> <span class='ocrx_word' id='word_1_692' title='bbox 1736 4540 1857 4594; x_wconf 82' lang='grc' dir='ltr'>συλ-</span> 
     </span>
    </p>
   </div>
   <div class='ocr_carea' id='block_1_94' title="bbox 2000 4509 3617 4615">
    <p class='ocr_par' dir='ltr' id='par_1_94' title="bbox 2000 4509 3617 4604">
     <span class='ocr_line' id='line_1_94' title="bbox 2000 4509 3617 4604; baseline -0.002 -14"><span class='ocrx_word' id='word_1_693' title='bbox 2000 4532 2260 4590; x_wconf 87' lang='lat' dir='ltr'><strong>onclusit</strong></span> <span class='ocrx_word' id='word_1_694' title='bbox 2282 4509 2651 4604; x_wconf 79' lang='lat' dir='ltr'><strong>manipulos.</strong></span> <span class='ocrx_word' id='word_1_695' title='bbox 2674 4530 2793 4587; x_wconf 89' lang='lat' dir='ltr'><strong>Sed</strong></span> <span class='ocrx_word' id='word_1_696' title='bbox 2815 4509 3084 4603; x_wconf 78' lang='lat' dir='ltr'><strong>seipsum</strong></span> <span class='ocrx_word' id='word_1_697' title='bbox 3099 4529 3269 4588; x_wconf 88' lang='lat' dir='ltr'><strong>latuit</strong></span> <span class='ocrx_word' id='word_1_698' title='bbox 3284 4509 3491 4588; x_wconf 59' lang='lat' dir='ltr'><strong>larens</strong></span> <span class='ocrx_word' id='word_1_699' title='bbox 3506 4530 3617 4587; x_wconf 83' lang='lat' dir='ltr'><strong>He-</strong></span> 
     </span>
    </p>
   </div>
   <div class='ocr_carea' id='block_1_95' title="bbox 251 4620 1868 4705">
    <p class='ocr_par' dir='ltr' id='par_1_95' title="bbox 251 4627 1855 4705">
     <span class='ocr_line' id='line_1_95' title="bbox 251 4627 1855 4705; baseline 0 -24"><span class='ocrx_word' id='word_1_700' title='bbox 251 4629 486 4692; x_wconf 62' lang='grc' dir='ltr'>λέξαντος</span> <span class='ocrx_word' id='word_1_701' title='bbox 512 4627 796 4705; x_wconf 84' lang='grc' dir='ltr'>δράγματα</span> <span class='ocrx_word' id='word_1_702' title='bbox 841 4633 931 4681; x_wconf 79' lang='grc' dir='ltr'><strong>καὶ</strong></span> <span class='ocrx_word' id='word_1_703' title='bbox 986 4629 1411 4701; x_wconf 83' lang='grc' dir='ltr'>συγκλείσαντος.</span> <span class='ocrx_word' id='word_1_704' title='bbox 1472 4627 1628 4683; x_wconf 84' lang='grc' dir='ltr'><strong>Ἀλλὰ</strong></span> <span class='ocrx_word' id='word_1_705' title='bbox 1681 4629 1855 4683; x_wconf 82' lang='grc' dir='ltr'>ἔλαθεν</span> 
     </span>
    </p>
   </div>
   <div class='ocr_carea' id='block_1_96' title="bbox 2000 4620 3617 4705">
    <p class='ocr_par' dir='ltr' id='par_1_96' title="bbox 2000 4620 3617 4692">
     <span class='ocr_line' id='line_1_96' title="bbox 2000 4620 3617 4692; baseline -0.002 -13"><span class='ocrx_word' id='word_1_706' title='bbox 2000 4622 2143 4679; x_wconf 90' lang='lat' dir='ltr'><strong>odes</strong></span> <span class='ocrx_word' id='word_1_707' title='bbox 2170 4626 2226 4679; x_wconf 90' lang='lat' dir='ltr'><strong>et</strong></span> <span class='ocrx_word' id='word_1_708' title='bbox 2245 4621 2496 4678; x_wconf 91' lang='lat' dir='ltr'><strong>demens</strong></span> <span class='ocrx_word' id='word_1_709' title='bbox 2518 4636 2585 4677; x_wconf 85' lang='lat' dir='ltr'><strong>ac</strong></span> <span class='ocrx_word' id='word_1_710' title='bbox 2605 4635 2815 4677; x_wconf 88' lang='lat' dir='ltr'><strong>revera</strong></span> <span class='ocrx_word' id='word_1_711' title='bbox 2843 4620 3169 4678; x_wconf 87' lang='lat' dir='ltr'><strong>coriaceus.</strong></span> <span class='ocrx_word' id='word_1_712' title='bbox 3190 4620 3283 4678; x_wconf 90' lang='lat' dir='ltr'><strong>Sic</strong></span> <span class='ocrx_word' id='word_1_713' title='bbox 3303 4620 3462 4677; x_wconf 87' lang='lat' dir='ltr'><strong>enim</strong></span> <span class='ocrx_word' id='word_1_714' title='bbox 3488 4621 3617 4692; x_wconf 89' lang='lat' dir='ltr'><strong>ejus</strong></span> 
     </span>
    </p>
   </div>
   <div class='ocr_carea' id='block_1_97' title="bbox 255 4708 1872 4794">
    <p class='ocr_par' dir='ltr' id='par_1_97' title="bbox 255 4714 1857 4794">
     <span class='ocr_line' id='line_1_97' title="bbox 255 4714 1857 4794; baseline -0.001 -21"><span class='ocrx_word' id='word_1_715' title='bbox 255 4719 493 4773; x_wconf 74' lang='grc' dir='ltr'>ἕαυτὸνό</span> <span class='ocrx_word' id='word_1_716' title='bbox 539 4723 783 4793; x_wconf 82' lang='grc' dir='ltr'>μεμηνὼς</span> <span class='ocrx_word' id='word_1_717' title='bbox 848 4714 1073 4794; x_wconf 81' lang='grc' dir='ltr'>Ηρὼδης</span> <span class='ocrx_word' id='word_1_718' title='bbox 1135 4722 1227 4771; x_wconf 86' lang='grc' dir='ltr'>καὶ</span> <span class='ocrx_word' id='word_1_719' title='bbox 1283 4720 1475 4788; x_wconf 73' lang='grc' dir='ltr'>ἔκνους,</span> <span class='ocrx_word' id='word_1_720' title='bbox 1538 4718 1564 4770; x_wconf 83' lang='grc' dir='ltr'><strong>ό</strong></span> <span class='ocrx_word' id='word_1_721' title='bbox 1620 4726 1691 4770; x_wconf 82' lang='grc' dir='ltr'>τῶ</span> <span class='ocrx_word' id='word_1_722' title='bbox 1748 4723 1857 4772; x_wconf 80' lang='grc' dir='ltr'>ὄντι</span> 
     </span>
    </p>
   </div>
   <div class='ocr_carea' id='block_1_98' title="bbox 1999 4708 3616 4794">
    <p class='ocr_par' dir='ltr' id='par_1_98' title="bbox 1999 4708 3616 4783">
     <span class='ocr_line' id='line_1_98' title="bbox 1999 4708 3616 4783; baseline -0.002 -15"><span class='ocrx_word' id='word_1_723' title='bbox 1999 4726 2188 4768; x_wconf 47' lang='lat' dir='ltr'><strong>[omen</strong></span> <span class='ocrx_word' id='word_1_724' title='bbox 2214 4709 2579 4783; x_wconf 87' lang='lat' dir='ltr'><strong>interpretati</strong></span> <span class='ocrx_word' id='word_1_725' title='bbox 2608 4714 2767 4766; x_wconf 89' lang='lat' dir='ltr'><strong>sunt.</strong></span> <span class='ocrx_word' id='word_1_726' title='bbox 2800 4708 3038 4782; x_wconf 82' lang='lat' dir='ltr'><strong>Accepit</strong></span> <span class='ocrx_word' id='word_1_727' title='bbox 3062 4708 3207 4766; x_wconf 92' lang='lat' dir='ltr'><strong>illud</strong></span> <span class='ocrx_word' id='word_1_728' title='bbox 3233 4708 3486 4765; x_wconf 88' lang='lat' dir='ltr'><strong>rubrum</strong></span> <span class='ocrx_word' id='word_1_729' title='bbox 3512 4723 3616 4765; x_wconf 86' lang='lat' dir='ltr'><strong>co-</strong></span> 
     </span>
    </p>
   </div>
   <div class='ocr_carea' id='block_1_99' title="bbox 255 4797 1872 4884">
    <p class='ocr_par' dir='ltr' id='par_1_99' title="bbox 255 4806 1855 4884">
     <span class='ocr_line' id='line_1_99' title="bbox 255 4806 1855 4884; baseline -0.001 -22"><span class='ocrx_word' id='word_1_730' title='bbox 255 4809 588 4884; x_wconf 68' lang='grc' dir='ltr'>δερμάτινος.</span> <span class='ocrx_word' id='word_1_731' title='bbox 641 4808 730 4870; x_wconf 82' lang='grc' dir='ltr'>Εἰς</span> <span class='ocrx_word' id='word_1_732' title='bbox 802 4814 952 4860; x_wconf 87' lang='grc' dir='ltr'>τοῦτο</span> <span class='ocrx_word' id='word_1_733' title='bbox 1006 4809 1109 4880; x_wconf 77' lang='grc' dir='ltr'><strong>γὰρ</strong></span> <span class='ocrx_word' id='word_1_734' title='bbox 1159 4808 1189 4866; x_wconf 78' lang='grc' dir='ltr'>ἡ</span> <span class='ocrx_word' id='word_1_735' title='bbox 1267 4806 1454 4870; x_wconf 82' lang='grc' dir='ltr'>κλῆσις</span> <span class='ocrx_word' id='word_1_736' title='bbox 1503 4807 1663 4860; x_wconf 73' lang='grc' dir='ltr'>αὐτοῦ</span> <span class='ocrx_word' id='word_1_737' title='bbox 1737 4826 1855 4881; x_wconf 81' lang='grc' dir='ltr'>μετ-</span> 
     </span>
    </p>
   </div>
   <div class='ocr_carea' id='block_1_100' title="bbox 1999 4797 3616 4884">
    <p class='ocr_par' dir='ltr' id='par_1_100' title="bbox 1999 4797 3616 4869">
     <span class='ocr_line' id='line_1_100' title="bbox 1999 4797 3616 4869; baseline -0.002 -12"><span class='ocrx_word' id='word_1_738' title='bbox 1999 4800 2122 4857; x_wconf 89' lang='lat' dir='ltr'><strong>ium</strong></span> <span class='ocrx_word' id='word_1_739' title='bbox 2148 4800 2450 4856; x_wconf 87' lang='lat' dir='ltr'><strong>innocenti</strong></span> <span class='ocrx_word' id='word_1_740' title='bbox 2482 4798 2775 4868; x_wconf 89' lang='lat' dir='ltr'><strong>sanguine</strong></span> <span class='ocrx_word' id='word_1_741' title='bbox 2823 4798 3119 4864; x_wconf 82' lang='lat' dir='ltr'><strong>effectum,</strong></span> <span class='ocrx_word' id='word_1_742' title='bbox 3178 4798 3482 4869; x_wconf 90' lang='lat' dir='ltr'><strong>pertinens</strong></span> <span class='ocrx_word' id='word_1_743' title='bbox 3536 4797 3616 4854; x_wconf 88' lang='lat' dir='ltr'><strong>ad</strong></span> 
     </span>
    </p>
   </div>
   <div class='ocr_carea' id='block_1_101' title="bbox 253 4886 1870 4971">
    <p class='ocr_par' dir='ltr' id='par_1_101' title="bbox 253 4892 1858 4971">
     <span class='ocr_line' id='line_1_101' title="bbox 253 4892 1858 4971; baseline -0.001 -19"><span class='ocrx_word' id='word_1_744' title='bbox 253 4897 619 4965; x_wconf 65' lang='grc' dir='ltr'>θλὼττισται.</span> <span class='ocrx_word' id='word_1_745' title='bbox 690 4896 875 4951; x_wconf 79' lang='grc' dir='ltr'>’Ἑλαϐε</span> <span class='ocrx_word' id='word_1_746' title='bbox 945 4900 1004 4949; x_wconf 89' lang='grc' dir='ltr'><strong>τό</strong></span> <span class='ocrx_word' id='word_1_747' title='bbox 1105 4892 1596 4971; x_wconf 72' lang='grc' dir='ltr'>ἡρνθροδανωμένον</span> <span class='ocrx_word' id='word_1_748' title='bbox 1699 4894 1858 4950; x_wconf 71' lang='grc' dir='ltr'>ἐκεῖνο</span> 
     </span>
    </p>
   </div>
   <div class='ocr_carea' id='block_1_102' title="bbox 1999 4886 3616 4971">
    <p class='ocr_par' dir='ltr' id='par_1_102' title="bbox 1999 4886 3616 4962">
     <span class='ocr_line' id='line_1_102' title="bbox 1999 4886 3616 4962; baseline -0.002 -15"><span class='ocrx_word' id='word_1_749' title='bbox 1999 4889 2358 4947; x_wconf 81' lang='lat' dir='ltr'><strong>abernacula</strong></span> <span class='ocrx_word' id='word_1_750' title='bbox 2378 4887 2693 4958; x_wconf 89' lang='lat' dir='ltr'><strong>Cedar,ubi</strong></span> <span class='ocrx_word' id='word_1_751' title='bbox 2712 4887 2991 4962; x_wconf 90' lang='lat' dir='ltr'><strong>princeps</strong></span> <span class='ocrx_word' id='word_1_752' title='bbox 3021 4886 3405 4944; x_wconf 86' lang='lat' dir='ltr'><strong>tenebrarum</strong></span> <span class='ocrx_word' id='word_1_753' title='bbox 3435 4890 3493 4943; x_wconf 92' lang='lat' dir='ltr'><strong>et</strong></span> <span class='ocrx_word' id='word_1_754' title='bbox 3510 4887 3616 4961; x_wconf 88' lang='lat' dir='ltr'><strong>qui</strong></span> 
     </span>
    </p>
   </div>
   <div class='ocr_carea' id='block_1_103' title="bbox 256 4975 1873 5063">
    <p class='ocr_par' dir='ltr' id='par_1_103' title="bbox 256 4983 1859 5063">
     <span class='ocr_line' id='line_1_103' title="bbox 256 4983 1859 5063; baseline -0.003 -20"><span class='ocrx_word' id='word_1_755' title='bbox 256 4986 427 5063; x_wconf 78' lang='grc' dir='ltr'>δέρμα</span> <span class='ocrx_word' id='word_1_756' title='bbox 450 4986 505 5050; x_wconf 74' lang='grc' dir='ltr'><strong>ἕξ</strong></span> <span class='ocrx_word' id='word_1_757' title='bbox 526 4985 705 5040; x_wconf 84' lang='grc' dir='ltr'>ἀθώων</span> <span class='ocrx_word' id='word_1_758' title='bbox 750 4987 1006 5059; x_wconf 84' lang='grc' dir='ltr'>αἱμάτων,</span> <span class='ocrx_word' id='word_1_759' title='bbox 1062 4988 1121 5038; x_wconf 85' lang='grc' dir='ltr'><strong>τό</strong></span> <span class='ocrx_word' id='word_1_760' title='bbox 1172 4983 1442 5038; x_wconf 84' lang='grc' dir='ltr'>συντελοῦν</span> <span class='ocrx_word' id='word_1_761' title='bbox 1493 4985 1565 5048; x_wconf 81' lang='grc' dir='ltr'><strong>εἰς</strong></span> <span class='ocrx_word' id='word_1_762' title='bbox 1606 4988 1671 5039; x_wconf 84' lang='grc' dir='ltr'>τὰ</span> <span class='ocrx_word' id='word_1_763' title='bbox 1732 5003 1859 5045; x_wconf 82' lang='grc' dir='ltr'>σκη-</span> 
     </span>
    </p>
   </div>
   <div class='ocr_carea' id='block_1_104' title="bbox 1999 4975 3616 5063">
    <p class='ocr_par' dir='ltr' id='par_1_104' title="bbox 1999 4975 3616 5049">
     <span class='ocr_line' id='line_1_104' title="bbox 1999 4975 3616 5049; baseline -0.001 -14"><span class='ocrx_word' id='word_1_764' title='bbox 1999 4979 2045 5037; x_wconf 88' lang='lat' dir='ltr'><strong>.b</strong></span> <span class='ocrx_word' id='word_1_765' title='bbox 2074 4979 2241 5036; x_wconf 87' lang='lat' dir='ltr'><strong>initio</strong></span> <span class='ocrx_word' id='word_1_766' title='bbox 2269 4978 2576 5035; x_wconf 88' lang='lat' dir='ltr'><strong>homicida</strong></span> <span class='ocrx_word' id='word_1_767' title='bbox 2622 4981 2731 5046; x_wconf 91' lang='lat' dir='ltr'><strong>est,</strong></span> <span class='ocrx_word' id='word_1_768' title='bbox 2752 4976 3086 5049; x_wconf 87' lang='lat' dir='ltr'><strong>requiescit.</strong></span> <span class='ocrx_word' id='word_1_769' title='bbox 3151 4975 3265 5033; x_wconf 91' lang='lat' dir='ltr'><strong>Sed</strong></span> <span class='ocrx_word' id='word_1_770' title='bbox 3312 4991 3423 5033; x_wconf 90' lang='lat' dir='ltr'><strong>sua</strong></span> <span class='ocrx_word' id='word_1_771' title='bbox 3475 4991 3616 5034; x_wconf 89' lang='lat' dir='ltr'><strong>eum</strong></span> 
     </span>
    </p>
   </div>
   <div class='ocr_carea' id='block_1_105' title="bbox 252 5058 1869 5152">
    <p class='ocr_par' dir='ltr' id='par_1_105' title="bbox 252 5072 1858 5152">
     <span class='ocr_line' id='line_1_105' title="bbox 252 5072 1858 5152; baseline -0.002 -21"><span class='ocrx_word' id='word_1_772' title='bbox 252 5085 471 5152; x_wconf 72' lang='grc' dir='ltr'>νὼματα</span> <span class='ocrx_word' id='word_1_773' title='bbox 507 5085 597 5138; x_wconf 88' lang='grc' dir='ltr'>τῆς</span> <span class='ocrx_word' id='word_1_774' title='bbox 624 5072 833 5151; x_wconf 80' lang='grc' dir='ltr'>Κηδὰρ,</span> <span class='ocrx_word' id='word_1_775' title='bbox 864 5077 984 5129; x_wconf 72' lang='grc' dir='ltr'>ἔνθα</span> <span class='ocrx_word' id='word_1_776' title='bbox 1039 5076 1065 5128; x_wconf 90' lang='grc' dir='ltr'><strong>ό</strong></span> <span class='ocrx_word' id='word_1_777' title='bbox 1116 5083 1209 5128; x_wconf 81' lang='grc' dir='ltr'><strong>τοῦ</strong></span> <span class='ocrx_word' id='word_1_778' title='bbox 1262 5079 1479 5136; x_wconf 80' lang='grc' dir='ltr'>σκότους</span> <span class='ocrx_word' id='word_1_779' title='bbox 1528 5077 1712 5149; x_wconf 79' lang='grc' dir='ltr'>ἄρχων</span> <span class='ocrx_word' id='word_1_780' title='bbox 1767 5080 1858 5128; x_wconf 76' lang='grc' dir='ltr'>καὶ</span> 
     </span>
    </p>
   </div>
   <div class='ocr_carea' id='block_1_106' title="bbox 1999 5058 3616 5152">
    <p class='ocr_par' dir='ltr' id='par_1_106' title="bbox 2001 5063 3616 5142">
     <span class='ocr_line' id='line_1_106' title="bbox 2001 5063 3616 5142; baseline -0.001 -17"><span class='ocrx_word' id='word_1_781' title='bbox 2001 5084 2105 5142; x_wconf 88' lang='lat' dir='ltr'><strong>pes</strong></span> <span class='ocrx_word' id='word_1_782' title='bbox 2116 5067 2339 5135; x_wconf 84' lang='lat' dir='ltr'><strong>fefellit,</strong></span> <span class='ocrx_word' id='word_1_783' title='bbox 2352 5067 2596 5124; x_wconf 88' lang='lat' dir='ltr'><strong>etunius</strong></span> <span class='ocrx_word' id='word_1_784' title='bbox 2608 5080 2796 5123; x_wconf 89' lang='lat' dir='ltr'><strong>causa</strong></span> <span class='ocrx_word' id='word_1_785' title='bbox 2807 5064 3024 5121; x_wconf 85' lang='lat' dir='ltr'><strong>timens</strong></span> <span class='ocrx_word' id='word_1_786' title='bbox 3045 5063 3222 5135; x_wconf 88' lang='lat' dir='ltr'><strong>regis,</strong></span> <span class='ocrx_word' id='word_1_787' title='bbox 3246 5064 3469 5122; x_wconf 90' lang='lat' dir='ltr'><strong>multos</strong></span> <span class='ocrx_word' id='word_1_788' title='bbox 3488 5064 3616 5139; x_wconf 89' lang='lat' dir='ltr'><strong>ipse</strong></span> 
     </span>
    </p>
   </div>
   <div class='ocr_carea' id='block_1_107' title="bbox 255 5152 1872 5242">
    <p class='ocr_par' dir='ltr' id='par_1_107' title="bbox 255 5163 1856 5242">
     <span class='ocr_line' id='line_1_107' title="bbox 255 5163 1856 5242; baseline -0.001 -24"><span class='ocrx_word' id='word_1_789' title='bbox 255 5168 342 5221; x_wconf 75' lang='grc' dir='ltr'><strong>ἀπ’</strong></span> <span class='ocrx_word' id='word_1_790' title='bbox 374 5165 551 5242; x_wconf 77' lang='grc' dir='ltr'>ἀρχῆς</span> <span class='ocrx_word' id='word_1_791' title='bbox 576 5163 994 5242; x_wconf 73' lang='grc' dir='ltr'>ἀνθρωποκτόνος</span> <span class='ocrx_word' id='word_1_792' title='bbox 1040 5167 1447 5221; x_wconf 72' lang='grc' dir='ltr'>επαναπαύεται.</span> <span class='ocrx_word' id='word_1_793' title='bbox 1500 5169 1600 5217; x_wconf 81' lang='grc' dir='ltr'>Καί</span> <span class='ocrx_word' id='word_1_794' title='bbox 1641 5182 1701 5236; x_wconf 77' lang='grc' dir='ltr'><strong>γε</strong></span> <span class='ocrx_word' id='word_1_795' title='bbox 1748 5172 1856 5228; x_wconf 84' lang='grc' dir='ltr'>πῶς</span> 
     </span>
    </p>
   </div>
   <div class='ocr_carea' id='block_1_108' title="bbox 1999 5152 3616 5242">
    <p class='ocr_par' dir='ltr' id='par_1_108' title="bbox 1999 5152 3616 5229">
     <span class='ocr_line' id='line_1_108' title="bbox 1999 5152 3616 5229; baseline -0.002 -14"><span class='ocrx_word' id='word_1_796' title='bbox 1999 5157 2269 5225; x_wconf 71' lang='lat' dir='ltr'><strong>aterfecit,</strong></span> <span class='ocrx_word' id='word_1_797' title='bbox 2292 5170 2447 5229; x_wconf 87' lang='lat' dir='ltr'><strong>quos</strong></span> <span class='ocrx_word' id='word_1_798' title='bbox 2477 5154 2810 5227; x_wconf 89' lang='lat' dir='ltr'><strong>sanguinea</strong></span> <span class='ocrx_word' id='word_1_799' title='bbox 2837 5152 3033 5211; x_wconf 91' lang='lat' dir='ltr'><strong>induit</strong></span> <span class='ocrx_word' id='word_1_800' title='bbox 3057 5168 3345 5227; x_wconf 88' lang='lat' dir='ltr'><strong>purpura.</strong></span> <span class='ocrx_word' id='word_1_801' title='bbox 3370 5153 3457 5211; x_wconf 92' lang='lat' dir='ltr'><strong>Illi</strong></span> <span class='ocrx_word' id='word_1_802' title='bbox 3477 5169 3616 5211; x_wconf 89' lang='lat' dir='ltr'><strong>cum</strong></span> 
     </span>
    </p>
   </div>
   <div class='ocr_carea' id='block_1_109' title="bbox 256 5242 1873 5328">
    <p class='ocr_par' dir='ltr' id='par_1_109' title="bbox 256 5248 1855 5328">
     <span class='ocr_line' id='line_1_109' title="bbox 256 5248 1855 5328; baseline -0.003 -18"><span class='ocrx_word' id='word_1_803' title='bbox 256 5252 467 5317; x_wconf 75' lang='grc' dir='ltr'>ἐλπίδος</span> <span class='ocrx_word' id='word_1_804' title='bbox 528 5252 746 5327; x_wconf 71' lang='grc' dir='ltr'>ἔσφάλη,</span> <span class='ocrx_word' id='word_1_805' title='bbox 814 5258 905 5307; x_wconf 80' lang='grc' dir='ltr'>καὶ</span> <span class='ocrx_word' id='word_1_806' title='bbox 969 5255 1096 5328; x_wconf 72' lang='grc' dir='ltr'>ὑπερ</span> <span class='ocrx_word' id='word_1_807' title='bbox 1148 5253 1252 5313; x_wconf 75' lang='grc' dir='ltr'>ἑνός</span> <span class='ocrx_word' id='word_1_808' title='bbox 1328 5248 1518 5315; x_wconf 82' lang='grc' dir='ltr'>δεδιὼς</span> <span class='ocrx_word' id='word_1_809' title='bbox 1580 5251 1855 5326; x_wconf 79' lang='grc' dir='ltr'>βασιλέως,</span> 
     </span>
    </p>
   </div>
   <div class='ocr_carea' id='block_1_110' title="bbox 1995 5242 3612 5328">
    <p class='ocr_par' dir='ltr' id='par_1_110' title="bbox 1995 5242 3612 5317">
     <span class='ocr_line' id='line_1_110' title="bbox 1995 5242 3612 5317; baseline -0.004 -13"><span class='ocrx_word' id='word_1_810' title='bbox 1995 5246 2289 5304; x_wconf 88' lang='lat' dir='ltr'><strong>mmortali</strong></span> <span class='ocrx_word' id='word_1_811' title='bbox 2307 5260 2446 5317; x_wconf 90' lang='lat' dir='ltr'><strong>rege</strong></span> <span class='ocrx_word' id='word_1_812' title='bbox 2469 5248 2724 5315; x_wconf 89' lang='lat' dir='ltr'><strong>regnant</strong></span> <span class='ocrx_word' id='word_1_813' title='bbox 2755 5247 2935 5317; x_wconf 88' lang='lat' dir='ltr'><strong>atque</strong></span> <span class='ocrx_word' id='word_1_814' title='bbox 2962 5242 3026 5300; x_wconf 92' lang='lat' dir='ltr'><strong>in</strong></span> <span class='ocrx_word' id='word_1_815' title='bbox 3054 5246 3345 5300; x_wconf 60' lang='lat' dir='ltr'><strong>auternum</strong></span> <span class='ocrx_word' id='word_1_816' title='bbox 3386 5243 3612 5300; x_wconf 86' lang='lat' dir='ltr'><strong>vivunt.</strong></span> 
     </span>
    </p>
   </div>
   <div class='ocr_carea' id='block_1_111' title="bbox 256 5331 1873 5415">
    <p class='ocr_par' dir='ltr' id='par_1_111' title="bbox 256 5340 1857 5415">
     <span class='ocr_line' id='line_1_111' title="bbox 256 5340 1857 5415; baseline -0.004 -15"><span class='ocrx_word' id='word_1_817' title='bbox 256 5346 472 5406; x_wconf 73' lang='grc' dir='ltr'>πολλοὺς</span> <span class='ocrx_word' id='word_1_818' title='bbox 509 5342 658 5405; x_wconf 70' lang='grc' dir='ltr'>αὐτὸς</span> <span class='ocrx_word' id='word_1_819' title='bbox 714 5341 1029 5413; x_wconf 76' lang='grc' dir='ltr'>ἀπετέλεσεν,</span> <span class='ocrx_word' id='word_1_820' title='bbox 1082 5341 1168 5404; x_wconf 74' lang='grc' dir='ltr'>οὓς</span> <span class='ocrx_word' id='word_1_821' title='bbox 1217 5345 1311 5401; x_wconf 76' lang='grc' dir='ltr'>τὴν</span> <span class='ocrx_word' id='word_1_822' title='bbox 1373 5340 1428 5404; x_wconf 76' lang='grc' dir='ltr'><strong>ἐξ</strong></span> <span class='ocrx_word' id='word_1_823' title='bbox 1481 5342 1713 5415; x_wconf 83' lang='grc' dir='ltr'>αἱμάτων</span> <span class='ocrx_word' id='word_1_824' title='bbox 1757 5341 1857 5415; x_wconf 69' lang='grc' dir='ltr'>ἠμα</span> 
     </span>
    </p>
   </div>
   <div class='ocr_carea' id='block_1_112' title="bbox 2001 5331 3618 5415">
    <p class='ocr_par' dir='ltr' id='par_1_112' title="bbox 2001 5331 3618 5407">
     <span class='ocr_line' id='line_1_112' title="bbox 2001 5331 3618 5407; baseline -0.004 -13"><span class='ocrx_word' id='word_1_825' title='bbox 2001 5340 2335 5395; x_wconf 82' lang='lat' dir='ltr'><strong>nsecutores</strong></span> <span class='ocrx_word' id='word_1_826' title='bbox 2348 5338 2574 5403; x_wconf 90' lang='lat' dir='ltr'><strong>autem,</strong></span> <span class='ocrx_word' id='word_1_827' title='bbox 2591 5337 2837 5407; x_wconf 89' lang='lat' dir='ltr'><strong>propter</strong></span> <span class='ocrx_word' id='word_1_828' title='bbox 2848 5346 2992 5390; x_wconf 85' lang='lat' dir='ltr'><strong>suas</strong></span> <span class='ocrx_word' id='word_1_829' title='bbox 3030 5331 3321 5391; x_wconf 80' lang='lat' dir='ltr'><strong>adversus</strong></span> <span class='ocrx_word' id='word_1_830' title='bbox 3336 5331 3618 5389; x_wconf 87' lang='lat' dir='ltr'><strong>innocen-</strong></span> 
     </span>
    </p>
   </div>
   <div class='ocr_carea' id='block_1_113' title="bbox 260 5420 1877 5511">
    <p class='ocr_par' dir='ltr' id='par_1_113' title="bbox 260 5428 1857 5511">
     <span class='ocr_line' id='line_1_113' title="bbox 260 5428 1857 5511; baseline -0.004 -22"><span class='ocrx_word' id='word_1_831' title='bbox 260 5439 410 5511; x_wconf 65' lang='grc' dir='ltr'>γὲεσε</span> <span class='ocrx_word' id='word_1_832' title='bbox 432 5430 759 5508; x_wconf 74' lang='grc' dir='ltr'>πορφυρίδα.</span> <span class='ocrx_word' id='word_1_833' title='bbox 788 5432 855 5487; x_wconf 82' lang='grc' dir='ltr'>Οἱ</span> <span class='ocrx_word' id='word_1_834' title='bbox 884 5430 943 5487; x_wconf 75' lang='grc' dir='ltr'><strong>δε</strong></span> <span class='ocrx_word' id='word_1_835' title='bbox 984 5430 1433 5507; x_wconf 80' lang='grc' dir='ltr'>σνμϐασιλεὺουσι</span> <span class='ocrx_word' id='word_1_836' title='bbox 1487 5438 1561 5504; x_wconf 81' lang='grc' dir='ltr'>τῷ</span> <span class='ocrx_word' id='word_1_837' title='bbox 1616 5428 1857 5505; x_wconf 78' lang='grc' dir='ltr'>ἀθανάτῳ</span> 
     </span>
    </p>
   </div>
   <div class='ocr_carea' id='block_1_114' title="bbox 1994 5420 3611 5511">
    <p class='ocr_par' dir='ltr' id='par_1_114' title="bbox 1994 5420 3611 5501">
     <span class='ocr_line' id='line_1_114' title="bbox 1994 5420 3611 5501; baseline -0.005 -16"><span class='ocrx_word' id='word_1_838' title='bbox 1994 5443 2052 5485; x_wconf 87' lang='lat' dir='ltr'><strong>es</strong></span> <span class='ocrx_word' id='word_1_839' title='bbox 2089 5425 2363 5501; x_wconf 84' lang='lat' dir='ltr'><strong>injurias,</strong></span> <span class='ocrx_word' id='word_1_840' title='bbox 2394 5423 2745 5483; x_wconf 79' lang='lat' dir='ltr'><strong>occidantur</strong></span> <span class='ocrx_word' id='word_1_841' title='bbox 2775 5426 2869 5496; x_wconf 89' lang='lat' dir='ltr'><strong>;et</strong></span> <span class='ocrx_word' id='word_1_842' title='bbox 2906 5421 3066 5481; x_wconf 89' lang='lat' dir='ltr'><strong>zelus</strong></span> <span class='ocrx_word' id='word_1_843' title='bbox 3107 5422 3317 5497; x_wconf 89' lang='lat' dir='ltr'><strong>perdet</strong></span> <span class='ocrx_word' id='word_1_844' title='bbox 3371 5420 3611 5497; x_wconf 86' lang='lat' dir='ltr'><strong>impios,</strong></span> 
     </span>
    </p>
   </div>
   <div class='ocr_carea' id='block_1_115' title="bbox 330 5646 768 5711">
    <p class='ocr_par' dir='ltr' id='par_1_115' title="bbox 330 5646 768 5711">
     <span class='ocr_line' id='line_1_115' title="bbox 330 5646 768 5711; baseline 0.005 -2"><span class='ocrx_word' id='word_1_845' title='bbox 330 5655 354 5694; x_wconf 74' lang='grc' dir='ltr'><em>ε</em></span> <span class='ocrx_word' id='word_1_846' title='bbox 391 5646 569 5711; x_wconf 74' lang='lat' dir='ltr'><strong>Hebr.</strong></span> <span class='ocrx_word' id='word_1_847' title='bbox 608 5664 650 5707; x_wconf 79' lang='grc' dir='ltr'><strong>ιι</strong></span> <span class='ocrx_word' id='word_1_848' title='bbox 684 5652 768 5711; x_wconf 81' lang='grc'><strong>16.</strong></span> 
     </span>
    </p>
   </div>
  </div>
