  <div class='ocr_page' id='page_1' title='image "/cluster/home/n/w/nwhite01/storage/ocr_20150623/140/hvd.32044073502551/401.png"; bbox 0 0 4096 6208; ppageno 0'>
   <div class='ocr_carea' id='block_1_1' title="bbox 454 372 559 433">
    <p class='ocr_par' dir='ltr' id='par_1_1' title="bbox 454 372 559 433">
     <span class='ocr_line' id='line_1_1' title="bbox 454 372 559 433; baseline -0.01 0"><span class='ocrx_word' id='word_1_1' title='bbox 454 372 559 433; x_wconf 82' lang='lat'>739</span> 
     </span>
    </p>
   </div>
   <div class='ocr_carea' id='block_1_2' title="bbox 1592 360 2669 427">
    <p class='ocr_par' dir='ltr' id='par_1_2' title="bbox 1592 360 2669 427">
     <span class='ocr_line' id='line_1_2' title="bbox 1592 360 2669 427; baseline 0 0"><span class='ocrx_word' id='word_1_2' title='bbox 1592 372 1903 427; x_wconf 80' lang='lat' dir='ltr'>GERMANI</span> <span class='ocrx_word' id='word_1_3' title='bbox 1942 360 1991 426; x_wconf 87' lang='grc' dir='ltr'>ΙΙ</span> <span class='ocrx_word' id='word_1_4' title='bbox 2032 369 2134 426; x_wconf 87' lang='lat' dir='ltr'>CP.</span> <span class='ocrx_word' id='word_1_5' title='bbox 2175 364 2669 427; x_wconf 73' lang='lat' dir='ltr'>PATRIARCH/E.</span> 
     </span>
    </p>
   </div>
   <div class='ocr_carea' id='block_1_3' title="bbox 3306 0 3807 33">
    <p class='ocr_par' dir='ltr' id='par_1_3' title="bbox 3306 0 3807 33">
     <span class='ocr_line' id='line_1_3' title="bbox 3306 0 3807 33; baseline 0 -10"><span class='ocrx_word' id='word_1_6' title='bbox 3306 6 3319 13; x_wconf 68' lang='grc' dir='ltr'>ν</span> <span class='ocrx_word' id='word_1_7' title='bbox 3342 0 3357 9; x_wconf 69' lang='grc' dir='ltr'>τ</span> <span class='ocrx_word' id='word_1_8' title='bbox 3386 14 3391 23; x_wconf 95' lang='grc'>.</span> <span class='ocrx_word' id='word_1_9' title='bbox 3412 0 3807 33; x_wconf 28' lang='grc' dir='ltr'>χᾰ.νιῖγι.“ηςζ</span> 
     </span>
    </p>
   </div>
   <div class='ocr_carea' id='block_1_4' title="bbox 3707 367 3818 426">
    <p class='ocr_par' dir='ltr' id='par_1_4' title="bbox 3707 367 3818 426">
     <span class='ocr_line' id='line_1_4' title="bbox 3707 367 3818 426; baseline 0.027 -3"><span class='ocrx_word' id='word_1_10' title='bbox 3707 367 3818 426; x_wconf 64' lang='grc'>740</span> 
     </span>
    </p>
   </div>
   <div class='ocr_carea' id='block_1_5' title="bbox 452 488 2101 591">
    <p class='ocr_par' dir='ltr' id='par_1_5' title="bbox 452 512 2101 591">
     <span class='ocr_line' id='line_1_5' title="bbox 452 512 2101 591; baseline -0.005 -14"><span class='ocrx_word' id='word_1_11' title='bbox 452 526 518 577; x_wconf 87' lang='lat' dir='ltr'>ut</span> <span class='ocrx_word' id='word_1_12' title='bbox 537 518 762 591; x_wconf 87' lang='lat' dir='ltr'>optime</span> <span class='ocrx_word' id='word_1_13' title='bbox 791 514 936 571; x_wconf 88' lang='lat' dir='ltr'>dicit</span> <span class='ocrx_word' id='word_1_14' title='bbox 964 512 1249 570; x_wconf 89' lang='lat' dir='ltr'>Salomon</span> <span class='ocrx_word' id='word_1_15' title='bbox 1278 518 1342 586; x_wconf 75' lang='lat'>3;</span> <span class='ocrx_word' id='word_1_16' title='bbox 1368 514 1629 571; x_wconf 86' lang='lat' dir='ltr'>violenta</span> <span class='ocrx_word' id='word_1_17' title='bbox 1662 514 1879 571; x_wconf 88' lang='lat' dir='ltr'>etenim</span> <span class='ocrx_word' id='word_1_18' title='bbox 1919 518 2101 569; x_wconf 77' lang='lat' dir='ltr'>morte</span> 
     </span>
    </p>
   </div>
   <div class='ocr_carea' id='block_1_6' title="bbox 2212 488 3821 591">
    <p class='ocr_par' dir='ltr' id='par_1_6' title="bbox 2219 488 3821 566">
     <span class='ocr_line' id='line_1_6' title="bbox 2219 488 3821 566; baseline 0 -20"><span class='ocrx_word' id='word_1_19' title='bbox 2219 493 2429 566; x_wconf 83' lang='grc' dir='ltr'>βασιλεί</span> <span class='ocrx_word' id='word_1_20' title='bbox 2457 501 2547 548; x_wconf 85' lang='grc' dir='ltr'>καὶ</span> <span class='ocrx_word' id='word_1_21' title='bbox 2578 497 2811 558; x_wconf 84' lang='grc' dir='ltr'>συζῶσιν</span> <span class='ocrx_word' id='word_1_22' title='bbox 2849 496 3050 551; x_wconf 83' lang='grc' dir='ltr'>αἰώνια.</span> <span class='ocrx_word' id='word_1_23' title='bbox 3086 498 3152 549; x_wconf 80' lang='grc' dir='ltr'><strong>Οἱ</strong></span> <span class='ocrx_word' id='word_1_24' title='bbox 3184 488 3242 548; x_wconf 69' lang='grc' dir='ltr'>δὲ</span> <span class='ocrx_word' id='word_1_25' title='bbox 3281 493 3525 564; x_wconf 84' lang='grc' dir='ltr'>διῶκται,</span> <span class='ocrx_word' id='word_1_26' title='bbox 3579 494 3689 548; x_wconf 79' lang='grc' dir='ltr'>ἀνθ’</span> <span class='ocrx_word' id='word_1_27' title='bbox 3749 495 3821 547; x_wconf 80' lang='grc' dir='ltr'>ὧν</span> 
     </span>
    </p>
   </div>
   <div class='ocr_carea' id='block_1_7' title="bbox 453 602 2111 676">
    <p class='ocr_par' dir='ltr' id='par_1_7' title="bbox 453 602 2111 676">
     <span class='ocr_line' id='line_1_7' title="bbox 453 602 2111 676; baseline -0.005 -11"><span class='ocrx_word' id='word_1_28' title='bbox 453 608 756 665; x_wconf 84' lang='lat' dir='ltr'>crudelem</span> <span class='ocrx_word' id='word_1_29' title='bbox 770 610 826 659; x_wconf 91' lang='lat' dir='ltr'>et</span> <span class='ocrx_word' id='word_1_30' title='bbox 841 602 1210 659; x_wconf 79' lang='lat' dir='ltr'>homicidam</span> <span class='ocrx_word' id='word_1_31' title='bbox 1226 604 1493 660; x_wconf 89' lang='lat' dir='ltr'>animam</span> <span class='ocrx_word' id='word_1_32' title='bbox 1508 606 1703 676; x_wconf 81' lang='lat' dir='ltr'>erupit</span> <span class='ocrx_word' id='word_1_33' title='bbox 1718 605 1938 675; x_wconf 89' lang='lat' dir='ltr'>impius</span> <span class='ocrx_word' id='word_1_34' title='bbox 1952 606 2111 675; x_wconf 86' lang='lat' dir='ltr'>post-</span> 
     </span>
    </p>
   </div>
   <div class='ocr_carea' id='block_1_8' title="bbox 451 691 2106 764">
    <p class='ocr_par' dir='ltr' id='par_1_8' title="bbox 451 691 2106 764">
     <span class='ocr_line' id='line_1_8' title="bbox 451 691 2106 764; baseline -0.004 -11"><span class='ocrx_word' id='word_1_35' title='bbox 451 714 541 753; x_wconf 87' lang='lat' dir='ltr'>ea.</span> <span class='ocrx_word' id='word_1_36' title='bbox 571 700 635 752; x_wconf 86' lang='lat' dir='ltr'>Et</span> <span class='ocrx_word' id='word_1_37' title='bbox 667 700 728 750; x_wconf 87' lang='lat' dir='ltr'>ut</span> <span class='ocrx_word' id='word_1_38' title='bbox 752 693 978 764; x_wconf 88' lang='lat' dir='ltr'>largius</span> <span class='ocrx_word' id='word_1_39' title='bbox 1005 692 1064 746; x_wconf 88' lang='lat' dir='ltr'>in</span> <span class='ocrx_word' id='word_1_40' title='bbox 1106 708 1286 748; x_wconf 81' lang='lat' dir='ltr'><strong>scena</strong></span> <span class='ocrx_word' id='word_1_41' title='bbox 1332 710 1473 749; x_wconf 86' lang='lat' dir='ltr'>eum</span> <span class='ocrx_word' id='word_1_42' title='bbox 1526 694 1864 762; x_wconf 86' lang='lat' dir='ltr'>cohibeam,</span> <span class='ocrx_word' id='word_1_43' title='bbox 1919 691 2106 747; x_wconf 87' lang='lat' dir='ltr'>coria-</span> 
     </span>
    </p>
   </div>
   <div class='ocr_carea' id='block_1_9' title="bbox 452 783 2106 853">
    <p class='ocr_par' dir='ltr' id='par_1_9' title="bbox 452 783 2106 853">
     <span class='ocr_line' id='line_1_9' title="bbox 452 783 2106 853; baseline -0.004 -11"><span class='ocrx_word' id='word_1_44' title='bbox 452 803 591 842; x_wconf 92' lang='lat' dir='ltr'>ceus</span> <span class='ocrx_word' id='word_1_45' title='bbox 620 784 712 840; x_wconf 91' lang='lat' dir='ltr'>ille</span> <span class='ocrx_word' id='word_1_46' title='bbox 744 790 872 838; x_wconf 88' lang='lat' dir='ltr'>uter</span> <span class='ocrx_word' id='word_1_47' title='bbox 898 790 956 836; x_wconf 91' lang='lat' dir='ltr'>et</span> <span class='ocrx_word' id='word_1_48' title='bbox 983 786 1156 837; x_wconf 85' lang='lat' dir='ltr'>vetus</span> <span class='ocrx_word' id='word_1_49' title='bbox 1181 788 1448 853; x_wconf 89' lang='lat' dir='ltr'>tempore</span> <span class='ocrx_word' id='word_1_50' title='bbox 1488 800 1558 839; x_wconf 91' lang='lat' dir='ltr'>ac</span> <span class='ocrx_word' id='word_1_51' title='bbox 1591 783 1838 843; x_wconf 83' lang='lat' dir='ltr'>malitia,</span> <span class='ocrx_word' id='word_1_52' title='bbox 1884 786 1948 837; x_wconf 89' lang='lat' dir='ltr'>ut</span> <span class='ocrx_word' id='word_1_53' title='bbox 1997 796 2106 835; x_wconf 87' lang='lat' dir='ltr'>no-</span> 
     </span>
    </p>
   </div>
   <div class='ocr_carea' id='block_1_10' title="bbox 450 871 2107 939">
    <p class='ocr_par' dir='ltr' id='par_1_10' title="bbox 450 871 2107 939">
     <span class='ocr_line' id='line_1_10' title="bbox 450 871 2107 939; baseline -0.002 -10"><span class='ocrx_word' id='word_1_54' title='bbox 450 890 592 929; x_wconf 86' lang='lat' dir='ltr'>vum</span> <span class='ocrx_word' id='word_1_55' title='bbox 619 874 846 939; x_wconf 88' lang='lat' dir='ltr'>vinum,</span> <span class='ocrx_word' id='word_1_56' title='bbox 889 876 1157 925; x_wconf 89' lang='lat' dir='ltr'>recenter</span> <span class='ocrx_word' id='word_1_57' title='bbox 1182 871 1441 927; x_wconf 87' lang='lat' dir='ltr'>effusum</span> <span class='ocrx_word' id='word_1_58' title='bbox 1470 872 1790 927; x_wconf 86' lang='lat' dir='ltr'>infantium</span> <span class='ocrx_word' id='word_1_59' title='bbox 1856 871 2107 939; x_wconf 89' lang='lat' dir='ltr'>sangui-</span> 
     </span>
    </p>
   </div>
   <div class='ocr_carea' id='block_1_11' title="bbox 450 960 2104 1032">
    <p class='ocr_par' dir='ltr' id='par_1_11' title="bbox 450 960 2104 1032">
     <span class='ocr_line' id='line_1_11' title="bbox 450 960 2104 1032; baseline -0.002 -13"><span class='ocrx_word' id='word_1_60' title='bbox 450 980 590 1019; x_wconf 90' lang='lat' dir='ltr'>nem</span> <span class='ocrx_word' id='word_1_61' title='bbox 614 962 936 1032; x_wconf 88' lang='lat' dir='ltr'>accipiens,</span> <span class='ocrx_word' id='word_1_62' title='bbox 958 960 1244 1015; x_wconf 84' lang='lat' dir='ltr'>discissus</span> <span class='ocrx_word' id='word_1_63' title='bbox 1265 968 1351 1015; x_wconf 74' lang='lat' dir='ltr'>est</span> <span class='ocrx_word' id='word_1_64' title='bbox 1379 977 1448 1016; x_wconf 87' lang='lat' dir='ltr'>ac</span> <span class='ocrx_word' id='word_1_65' title='bbox 1489 961 1831 1019; x_wconf 87' lang='lat' dir='ltr'>distractus.</span> <span class='ocrx_word' id='word_1_66' title='bbox 1861 966 1919 1015; x_wconf 90' lang='lat' dir='ltr'>et</span> <span class='ocrx_word' id='word_1_67' title='bbox 1947 964 2104 1031; x_wconf 91' lang='lat' dir='ltr'>post-</span> 
     </span>
    </p>
   </div>
   <div class='ocr_carea' id='block_1_12' title="bbox 449 1048 2103 1125">
    <p class='ocr_par' dir='ltr' id='par_1_12' title="bbox 449 1048 2103 1125">
     <span class='ocr_line' id='line_1_12' title="bbox 449 1048 2103 1125; baseline -0.004 -17"><span class='ocrx_word' id='word_1_68' title='bbox 449 1068 636 1125; x_wconf 84' lang='lat' dir='ltr'>quam</span> <span class='ocrx_word' id='word_1_69' title='bbox 661 1051 774 1105; x_wconf 88' lang='lat' dir='ltr'>has</span> <span class='ocrx_word' id='word_1_70' title='bbox 788 1050 1144 1104; x_wconf 89' lang='lat' dir='ltr'>immaturas</span> <span class='ocrx_word' id='word_1_71' title='bbox 1161 1065 1307 1103; x_wconf 87' lang='lat' dir='ltr'>uvas</span> <span class='ocrx_word' id='word_1_72' title='bbox 1322 1050 1602 1119; x_wconf 85' lang='lat' dir='ltr'>comedit,</span> <span class='ocrx_word' id='word_1_73' title='bbox 1620 1049 1806 1121; x_wconf 83' lang='lat' dir='ltr'>ipsius</span> <span class='ocrx_word' id='word_1_74' title='bbox 1827 1048 2103 1103; x_wconf 83' lang='lat' dir='ltr'>immani-</span> 
     </span>
    </p>
   </div>
   <div class='ocr_carea' id='block_1_13' title="bbox 452 1136 2100 1209">
    <p class='ocr_par' dir='ltr' id='par_1_13' title="bbox 452 1136 2100 1209">
     <span class='ocr_line' id='line_1_13' title="bbox 452 1136 2100 1209; baseline -0.002 -13"><span class='ocrx_word' id='word_1_75' title='bbox 452 1146 632 1196; x_wconf 81' lang='lat' dir='ltr'>tatem</span> <span class='ocrx_word' id='word_1_76' title='bbox 682 1139 919 1193; x_wconf 81' lang='lat' dir='ltr'>subiere</span> <span class='ocrx_word' id='word_1_77' title='bbox 970 1138 1191 1207; x_wconf 81' lang='lat' dir='ltr'>proprii</span> <span class='ocrx_word' id='word_1_78' title='bbox 1240 1136 1359 1205; x_wconf 85' lang='lat' dir='ltr'>ﬁlii,</span> <span class='ocrx_word' id='word_1_79' title='bbox 1396 1138 1473 1194; x_wconf 88' lang='lat' dir='ltr'>ab</span> <span class='ocrx_word' id='word_1_80' title='bbox 1494 1138 1627 1209; x_wconf 88' lang='lat' dir='ltr'>ipso</span> <span class='ocrx_word' id='word_1_81' title='bbox 1669 1137 1976 1201; x_wconf 79' lang='lat' dir='ltr'>interfecti,</span> <span class='ocrx_word' id='word_1_82' title='bbox 2036 1140 2100 1193; x_wconf 90' lang='lat' dir='ltr'>ut</span> 
     </span>
    </p>
   </div>
   <div class='ocr_carea' id='block_1_14' title="bbox 451 1226 2098 1298">
    <p class='ocr_par' dir='ltr' id='par_1_14' title="bbox 451 1226 2098 1298">
     <span class='ocr_line' id='line_1_14' title="bbox 451 1226 2098 1298; baseline -0.003 -13"><span class='ocrx_word' id='word_1_83' title='bbox 451 1234 651 1285; x_wconf 89' lang='lat' dir='ltr'>narrat</span> <span class='ocrx_word' id='word_1_84' title='bbox 678 1227 993 1298; x_wconf 86' lang='lat' dir='ltr'>Josephus.</span> <span class='ocrx_word' id='word_1_85' title='bbox 1025 1226 1344 1281; x_wconf 84' lang='lat' dir='ltr'>Videbatur</span> <span class='ocrx_word' id='word_1_86' title='bbox 1375 1227 1536 1281; x_wconf 92' lang='lat' dir='ltr'>enim</span> <span class='ocrx_word' id='word_1_87' title='bbox 1557 1227 1758 1281; x_wconf 85' lang='lat' dir='ltr'>furens</span> <span class='ocrx_word' id='word_1_88' title='bbox 1779 1226 1874 1281; x_wconf 90' lang='lat' dir='ltr'>ille</span> <span class='ocrx_word' id='word_1_89' title='bbox 1924 1242 1995 1281; x_wconf 90' lang='lat' dir='ltr'>ac</span> <span class='ocrx_word' id='word_1_90' title='bbox 2036 1226 2098 1280; x_wconf 92' lang='lat' dir='ltr'>in</span> 
     </span>
    </p>
   </div>
   <div class='ocr_carea' id='block_1_15' title="bbox 453 1314 2095 1388">
    <p class='ocr_par' dir='ltr' id='par_1_15' title="bbox 453 1314 2095 1388">
     <span class='ocr_line' id='line_1_15' title="bbox 453 1314 2095 1388; baseline -0.004 -14"><span class='ocrx_word' id='word_1_91' title='bbox 453 1322 637 1374; x_wconf 91' lang='lat' dir='ltr'>Deum</span> <span class='ocrx_word' id='word_1_92' title='bbox 674 1331 954 1388; x_wconf 83' lang='lat' dir='ltr'>pugnans</span> <span class='ocrx_word' id='word_1_93' title='bbox 986 1315 1365 1370; x_wconf 81' lang='lat' dir='ltr'>Hebraeorum</span> <span class='ocrx_word' id='word_1_94' title='bbox 1396 1316 1711 1371; x_wconf 65' lang='lat' dir='ltr'>dementiae</span> <span class='ocrx_word' id='word_1_95' title='bbox 1746 1314 2095 1385; x_wconf 65' lang='lat' dir='ltr'>prieludere,</span> 
     </span>
    </p>
   </div>
   <div class='ocr_carea' id='block_1_16' title="bbox 448 1403 2100 1472">
    <p class='ocr_par' dir='ltr' id='par_1_16' title="bbox 448 1403 2100 1472">
     <span class='ocr_line' id='line_1_16' title="bbox 448 1403 2100 1472; baseline -0.004 -10"><span class='ocrx_word' id='word_1_96' title='bbox 448 1423 551 1462; x_wconf 83' lang='lat' dir='ltr'>rex</span> <span class='ocrx_word' id='word_1_97' title='bbox 582 1405 880 1461; x_wconf 88' lang='lat' dir='ltr'>malorum</span> <span class='ocrx_word' id='word_1_98' title='bbox 902 1403 1330 1472; x_wconf 84' lang='lat' dir='ltr'>subjectorum,</span> <span class='ocrx_word' id='word_1_99' title='bbox 1363 1420 1434 1458; x_wconf 73' lang='lat' dir='ltr'>ac</span> <span class='ocrx_word' id='word_1_100' title='bbox 1464 1403 1609 1458; x_wconf 88' lang='lat' dir='ltr'>illud</span> <span class='ocrx_word' id='word_1_101' title='bbox 1640 1404 1911 1458; x_wconf 89' lang='lat' dir='ltr'>ommino</span> <span class='ocrx_word' id='word_1_102' title='bbox 1944 1403 2100 1457; x_wconf 88' lang='lat' dir='ltr'>voci-</span> 
     </span>
    </p>
   </div>
   <div class='ocr_carea' id='block_1_17' title="bbox 451 1492 2098 1564">
    <p class='ocr_par' dir='ltr' id='par_1_17' title="bbox 451 1492 2098 1564">
     <span class='ocr_line' id='line_1_17' title="bbox 451 1492 2098 1564; baseline -0.003 -14"><span class='ocrx_word' id='word_1_103' title='bbox 451 1496 639 1551; x_wconf 85' lang='lat' dir='ltr'>ferare</span> <span class='ocrx_word' id='word_1_104' title='bbox 669 1494 745 1549; x_wconf 91' lang='lat' dir='ltr'>de</span> <span class='ocrx_word' id='word_1_105' title='bbox 773 1492 1216 1561; x_wconf 86' lang='lat' dir='ltr'>innocentibus,</span> <span class='ocrx_word' id='word_1_106' title='bbox 1244 1494 1407 1564; x_wconf 89' lang='lat' dir='ltr'>quod</span> <span class='ocrx_word' id='word_1_107' title='bbox 1437 1499 1647 1564; x_wconf 91' lang='lat' dir='ltr'>postea</span> <span class='ocrx_word' id='word_1_108' title='bbox 1665 1492 1742 1547; x_wconf 89' lang='lat' dir='ltr'>ab</span> <span class='ocrx_word' id='word_1_109' title='bbox 1794 1509 1863 1547; x_wconf 91' lang='lat' dir='ltr'>eo</span> <span class='ocrx_word' id='word_1_110' title='bbox 1882 1492 2098 1547; x_wconf 87' lang='lat' dir='ltr'>consti-</span> 
     </span>
    </p>
   </div>
   <div class='ocr_carea' id='block_1_18' title="bbox 450 1581 2103 1653">
    <p class='ocr_par' dir='ltr' id='par_1_18' title="bbox 450 1581 2103 1653">
     <span class='ocr_line' id='line_1_18' title="bbox 450 1581 2103 1653; baseline -0.001 -15"><span class='ocrx_word' id='word_1_111' title='bbox 450 1588 610 1639; x_wconf 89' lang='lat' dir='ltr'>tutus</span> <span class='ocrx_word' id='word_1_112' title='bbox 640 1582 899 1653; x_wconf 87' lang='lat' dir='ltr'>populus</span> <span class='ocrx_word' id='word_1_113' title='bbox 929 1581 1003 1635; x_wconf 92' lang='lat' dir='ltr'>de</span> <span class='ocrx_word' id='word_1_114' title='bbox 1030 1581 1295 1635; x_wconf 82' lang='lat' dir='ltr'>Christo:</span> <span class='ocrx_word' id='word_1_115' title='bbox 1331 1604 1357 1629; x_wconf 84' lang='grc'>‹‹</span> <span class='ocrx_word' id='word_1_116' title='bbox 1393 1582 1649 1650; x_wconf 80' lang='lat' dir='ltr'>Sanguis</span> <span class='ocrx_word' id='word_1_117' title='bbox 1680 1597 1888 1636; x_wconf 89' lang='lat' dir='ltr'>eorum</span> <span class='ocrx_word' id='word_1_118' title='bbox 1921 1596 2103 1651; x_wconf 86' lang='lat' dir='ltr'>super</span> 
     </span>
    </p>
   </div>
   <div class='ocr_carea' id='block_1_19' title="bbox 452 1669 2102 1742">
    <p class='ocr_par' dir='ltr' id='par_1_19' title="bbox 452 1669 2102 1742">
     <span class='ocr_line' id='line_1_19' title="bbox 452 1669 2102 1742; baseline -0.002 -14"><span class='ocrx_word' id='word_1_119' title='bbox 452 1689 564 1728; x_wconf 92' lang='lat' dir='ltr'>nos</span> <span class='ocrx_word' id='word_1_120' title='bbox 592 1677 843 1742; x_wconf 90' lang='lat' dir='ltr'>etsuper</span> <span class='ocrx_word' id='word_1_121' title='bbox 870 1669 1022 1724; x_wconf 85' lang='lat' dir='ltr'>ﬁlios</span> <span class='ocrx_word' id='word_1_122' title='bbox 1052 1675 1287 1724; x_wconf 90' lang='lat' dir='ltr'>nostros</span> <span class='ocrx_word' id='word_1_123' title='bbox 1313 1672 1388 1735; x_wconf 78' lang='grc'>⁴;››</span> <span class='ocrx_word' id='word_1_124' title='bbox 1410 1671 1494 1725; x_wconf 90' lang='lat' dir='ltr'>sic</span> <span class='ocrx_word' id='word_1_125' title='bbox 1524 1670 1772 1726; x_wconf 90' lang='lat' dir='ltr'>rabidus</span> <span class='ocrx_word' id='word_1_126' title='bbox 1802 1670 1894 1725; x_wconf 91' lang='lat' dir='ltr'>ille</span> <span class='ocrx_word' id='word_1_127' title='bbox 1916 1686 1986 1725; x_wconf 89' lang='lat' dir='ltr'>ac</span> <span class='ocrx_word' id='word_1_128' title='bbox 2018 1672 2102 1725; x_wconf 89' lang='lat' dir='ltr'>in-</span> 
     </span>
    </p>
   </div>
   <div class='ocr_carea' id='block_1_20' title="bbox 451 1758 2096 1829">
    <p class='ocr_par' dir='ltr' id='par_1_20' title="bbox 451 1758 2096 1829">
     <span class='ocr_line' id='line_1_20' title="bbox 451 1758 2096 1829; baseline -0.002 -13"><span class='ocrx_word' id='word_1_129' title='bbox 451 1759 738 1816; x_wconf 87' lang='lat' dir='ltr'>satiabilis</span> <span class='ocrx_word' id='word_1_130' title='bbox 762 1758 963 1829; x_wconf 89' lang='lat' dir='ltr'>lupus,</span> <span class='ocrx_word' id='word_1_131' title='bbox 989 1766 1263 1814; x_wconf 89' lang='lat' dir='ltr'>assuetus</span> <span class='ocrx_word' id='word_1_132' title='bbox 1290 1758 1350 1813; x_wconf 92' lang='lat' dir='ltr'>in</span> <span class='ocrx_word' id='word_1_133' title='bbox 1383 1763 1614 1814; x_wconf 89' lang='lat' dir='ltr'>teneros</span> <span class='ocrx_word' id='word_1_134' title='bbox 1642 1773 1832 1828; x_wconf 88' lang='lat' dir='ltr'>agnos</span> <span class='ocrx_word' id='word_1_135' title='bbox 1856 1759 2096 1827; x_wconf 84' lang='lat' dir='ltr'>irruere,</span> 
     </span>
    </p>
   </div>
   <div class='ocr_carea' id='block_1_21' title="bbox 2218 581 3822 658">
    <p class='ocr_par' dir='ltr' id='par_1_21' title="bbox 2218 581 3822 658">
     <span class='ocr_line' id='line_1_21' title="bbox 2218 581 3822 658; baseline -0.001 -22"><span class='ocrx_word' id='word_1_136' title='bbox 2218 581 2436 642; x_wconf 74' lang='grc' dir='ltr'>ἠδίκουν</span> <span class='ocrx_word' id='word_1_137' title='bbox 2465 592 2702 653; x_wconf 77' lang='grc' dir='ltr'>νηπίους,</span> <span class='ocrx_word' id='word_1_138' title='bbox 2764 588 3189 658; x_wconf 73' lang='grc' dir='ltr'>φονευθὴσονται·</span> <span class='ocrx_word' id='word_1_139' title='bbox 3232 590 3320 637; x_wconf 84' lang='grc' dir='ltr'>καὶ</span> <span class='ocrx_word' id='word_1_140' title='bbox 3371 585 3594 657; x_wconf 80' lang='grc' dir='ltr'>ἐτασμὸς</span> <span class='ocrx_word' id='word_1_141' title='bbox 3650 585 3822 637; x_wconf 79' lang='grc' dir='ltr'>ὀλέσει</span> 
     </span>
    </p>
   </div>
   <div class='ocr_carea' id='block_1_22' title="bbox 2216 672 3818 749">
    <p class='ocr_par' dir='ltr' id='par_1_22' title="bbox 2216 672 3818 749">
     <span class='ocr_line' id='line_1_22' title="bbox 2216 672 3818 749; baseline 0 -26"><span class='ocrx_word' id='word_1_142' title='bbox 2216 677 2331 733; x_wconf 76' lang='grc' dir='ltr'>τους</span> <span class='ocrx_word' id='word_1_143' title='bbox 2406 672 2627 739; x_wconf 66' lang='grc' dir='ltr'>ἀσεϐεῖς,</span> <span class='ocrx_word' id='word_1_144' title='bbox 2706 674 2989 749; x_wconf 79' lang='grc' dir='ltr'>ἐπικαίρως</span> <span class='ocrx_word' id='word_1_145' title='bbox 3062 675 3217 746; x_wconf 84' lang='grc' dir='ltr'>φάναι</span> <span class='ocrx_word' id='word_1_146' title='bbox 3292 677 3349 725; x_wconf 83' lang='grc' dir='ltr'>τὸ</span> <span class='ocrx_word' id='word_1_147' title='bbox 3426 674 3818 745; x_wconf 63' lang='grc' dir='ltr'>Σολομώντειογ</span> 
     </span>
    </p>
   </div>
   <div class='ocr_carea' id='block_1_23' title="bbox 2217 761 3821 837">
    <p class='ocr_par' dir='ltr' id='par_1_23' title="bbox 2217 761 3821 837">
     <span class='ocr_line' id='line_1_23' title="bbox 2217 761 3821 837; baseline -0.001 -24"><span class='ocrx_word' id='word_1_148' title='bbox 2217 761 2377 834; x_wconf 80' lang='grc' dir='ltr'>βιαιῳ</span> <span class='ocrx_word' id='word_1_149' title='bbox 2403 768 2491 815; x_wconf 83' lang='grc' dir='ltr'>καὶ</span> <span class='ocrx_word' id='word_1_150' title='bbox 2538 767 2639 835; x_wconf 73' lang='grc' dir='ltr'>γὰρ</span> <span class='ocrx_word' id='word_1_151' title='bbox 2700 766 2901 835; x_wconf 82' lang='grc' dir='ltr'>θανάτῳ</span> <span class='ocrx_word' id='word_1_152' title='bbox 2948 769 3041 821; x_wconf 77' lang='grc' dir='ltr'>τὴν</span> <span class='ocrx_word' id='word_1_153' title='bbox 3100 762 3346 837; x_wconf 77' lang='grc' dir='ltr'>ἀνήμερον</span> <span class='ocrx_word' id='word_1_154' title='bbox 3399 767 3488 813; x_wconf 83' lang='grc' dir='ltr'>καὶ</span> <span class='ocrx_word' id='word_1_155' title='bbox 3544 768 3821 834; x_wconf 82' lang='grc' dir='ltr'>μιαιφόνον</span> 
     </span>
    </p>
   </div>
   <div class='ocr_carea' id='block_1_24' title="bbox 2213 849 3823 926">
    <p class='ocr_par' dir='ltr' id='par_1_24' title="bbox 2213 849 3823 926">
     <span class='ocr_line' id='line_1_24' title="bbox 2213 849 3823 926; baseline 0 -24"><span class='ocrx_word' id='word_1_156' title='bbox 2213 849 2398 922; x_wconf 67' lang='grc' dir='ltr'>ψυχὴν</span> <span class='ocrx_word' id='word_1_157' title='bbox 2438 852 2696 926; x_wconf 75' lang='grc' dir='ltr'>ἐξέρρηξεν</span> <span class='ocrx_word' id='word_1_158' title='bbox 2736 855 2761 904; x_wconf 99' lang='lat'>6</span> <span class='ocrx_word' id='word_1_159' title='bbox 2789 851 2992 913; x_wconf 79' lang='grc' dir='ltr'>ἀνόσιος</span> <span class='ocrx_word' id='word_1_160' title='bbox 3030 854 3265 925; x_wconf 72' lang='grc' dir='ltr'>ὕστερον.</span> <span class='ocrx_word' id='word_1_161' title='bbox 3309 856 3429 921; x_wconf 74' lang='grc' dir='ltr'>Καὶ,</span> <span class='ocrx_word' id='word_1_162' title='bbox 3486 853 3570 902; x_wconf 87' lang='grc' dir='ltr'>ῖνα</span> <span class='ocrx_word' id='word_1_163' title='bbox 3624 852 3823 903; x_wconf 64' lang='grc' dir='ltr'>πλατύ-</span> 
     </span>
    </p>
   </div>
   <div class='ocr_carea' id='block_1_25' title="bbox 2213 936 3818 1015">
    <p class='ocr_par' dir='ltr' id='par_1_25' title="bbox 2213 936 3818 1015">
     <span class='ocr_line' id='line_1_25' title="bbox 2213 936 3818 1015; baseline 0 -25"><span class='ocrx_word' id='word_1_164' title='bbox 2213 958 2354 1013; x_wconf 89' lang='grc' dir='ltr'>τερον</span> <span class='ocrx_word' id='word_1_165' title='bbox 2384 938 2697 1012; x_wconf 80' lang='grc' dir='ltr'>κωμῳδήσω</span> <span class='ocrx_word' id='word_1_166' title='bbox 2744 945 2831 993; x_wconf 82' lang='grc' dir='ltr'>τὸν</span> <span class='ocrx_word' id='word_1_167' title='bbox 2881 948 2971 1001; x_wconf 85' lang='grc' dir='ltr'>τῆς</span> <span class='ocrx_word' id='word_1_168' title='bbox 3001 936 3304 1015; x_wconf 78' lang='grc' dir='ltr'>τραγῳδίας</span> <span class='ocrx_word' id='word_1_169' title='bbox 3356 943 3549 1001; x_wconf 83' lang='grc' dir='ltr'>ταύτης</span> <span class='ocrx_word' id='word_1_170' title='bbox 3607 936 3818 1015; x_wconf 79' lang='grc' dir='ltr'>δραμα-</span> 
     </span>
    </p>
   </div>
   <div class='ocr_carea' id='block_1_26' title="bbox 2211 1027 3820 1105">
    <p class='ocr_par' dir='ltr' id='par_1_26' title="bbox 2211 1027 3820 1105">
     <span class='ocr_line' id='line_1_26' title="bbox 2211 1027 3820 1105; baseline -0.001 -25"><span class='ocrx_word' id='word_1_171' title='bbox 2211 1032 2447 1102; x_wconf 80' lang='grc' dir='ltr'>τουργὸν,</span> <span class='ocrx_word' id='word_1_172' title='bbox 2519 1032 2543 1081; x_wconf 89' lang='lat'>6</span> <span class='ocrx_word' id='word_1_173' title='bbox 2611 1027 2919 1105; x_wconf 85' lang='grc' dir='ltr'>δερμάτινος</span> <span class='ocrx_word' id='word_1_174' title='bbox 2976 1029 3159 1089; x_wconf 77' lang='grc' dir='ltr'>ἐκεῖνος</span> <span class='ocrx_word' id='word_1_175' title='bbox 3218 1028 3379 1090; x_wconf 83' lang='grc' dir='ltr'>ἀσκὸς</span> <span class='ocrx_word' id='word_1_176' title='bbox 3443 1034 3532 1081; x_wconf 85' lang='grc' dir='ltr'>καὶ</span> <span class='ocrx_word' id='word_1_177' title='bbox 3596 1030 3820 1088; x_wconf 76' lang='grc' dir='ltr'>παλαιὸς</span> 
     </span>
    </p>
   </div>
   <div class='ocr_carea' id='block_1_27' title="bbox 2210 1115 3825 1192">
    <p class='ocr_par' dir='ltr' id='par_1_27' title="bbox 2210 1115 3825 1192">
     <span class='ocr_line' id='line_1_27' title="bbox 2210 1115 3825 1192; baseline 0.001 -22"><span class='ocrx_word' id='word_1_178' title='bbox 2210 1127 2282 1188; x_wconf 78' lang='grc' dir='ltr'>τῷ</span> <span class='ocrx_word' id='word_1_179' title='bbox 2314 1122 2489 1192; x_wconf 83' lang='grc' dir='ltr'>χρόνῳ</span> <span class='ocrx_word' id='word_1_180' title='bbox 2514 1125 2691 1191; x_wconf 83' lang='grc' dir='ltr'>καὶ</span> <span class='ocrx_word' id='word_1_181' title='bbox 2748 1124 2927 1190; x_wconf 78' lang='grc' dir='ltr'>κακία,</span> <span class='ocrx_word' id='word_1_182' title='bbox 2986 1121 3051 1178; x_wconf 85' lang='grc' dir='ltr'>ὡς</span> <span class='ocrx_word' id='word_1_183' title='bbox 3110 1115 3240 1170; x_wconf 85' lang='grc' dir='ltr'>οἶνον</span> <span class='ocrx_word' id='word_1_184' title='bbox 3292 1121 3399 1170; x_wconf 81' lang='grc' dir='ltr'>νέον</span> <span class='ocrx_word' id='word_1_185' title='bbox 3450 1123 3507 1170; x_wconf 89' lang='grc' dir='ltr'>τὸ</span> <span class='ocrx_word' id='word_1_186' title='bbox 3564 1118 3825 1181; x_wconf 67' lang='grc' dir='ltr'>νεοθλιϐἓς</span> 
     </span>
    </p>
   </div>
   <div class='ocr_carea' id='block_1_28' title="bbox 2212 1204 3824 1283">
    <p class='ocr_par' dir='ltr' id='par_1_28' title="bbox 2212 1204 3824 1283">
     <span class='ocr_line' id='line_1_28' title="bbox 2212 1204 3824 1283; baseline 0.001 -25"><span class='ocrx_word' id='word_1_187' title='bbox 2212 1217 2309 1258; x_wconf 79' lang='grc' dir='ltr'>τῶν</span> <span class='ocrx_word' id='word_1_188' title='bbox 2338 1216 2552 1278; x_wconf 78' lang='grc' dir='ltr'>νεογνῶν</span> <span class='ocrx_word' id='word_1_189' title='bbox 2593 1205 2869 1280; x_wconf 83' lang='grc' dir='ltr'>δεξάμενος</span> <span class='ocrx_word' id='word_1_190' title='bbox 2920 1209 3052 1279; x_wconf 85' lang='grc' dir='ltr'>αἷμα</span> <span class='ocrx_word' id='word_1_191' title='bbox 3109 1204 3425 1278; x_wconf 83' lang='grc' dir='ltr'>διέσχισται</span> <span class='ocrx_word' id='word_1_192' title='bbox 3467 1212 3552 1258; x_wconf 83' lang='grc' dir='ltr'>καὶ</span> <span class='ocrx_word' id='word_1_193' title='bbox 3608 1204 3824 1283; x_wconf 73' lang='grc' dir='ltr'>διέῤῥηο</span> 
     </span>
    </p>
   </div>
   <div class='ocr_carea' id='block_1_29' title="bbox 2212 1294 3829 1369">
    <p class='ocr_par' dir='ltr' id='par_1_29' title="bbox 2212 1294 3829 1369">
     <span class='ocr_line' id='line_1_29' title="bbox 2212 1294 3829 1369; baseline 0.001 -22"><span class='ocrx_word' id='word_1_194' title='bbox 2212 1316 2351 1365; x_wconf 84' lang='grc' dir='ltr'>κται,</span> <span class='ocrx_word' id='word_1_195' title='bbox 2388 1302 2476 1347; x_wconf 82' lang='grc' dir='ltr'>καὶ</span> <span class='ocrx_word' id='word_1_196' title='bbox 2507 1301 2744 1369; x_wconf 77' lang='grc' dir='ltr'>ὄμφακας</span> <span class='ocrx_word' id='word_1_197' title='bbox 2771 1299 2985 1359; x_wconf 90' lang='grc' dir='ltr'>τούτους</span> <span class='ocrx_word' id='word_1_198' title='bbox 3040 1301 3287 1368; x_wconf 74' lang='grc' dir='ltr'>φαγόντος</span> <span class='ocrx_word' id='word_1_199' title='bbox 3343 1296 3523 1361; x_wconf 69' lang='grc' dir='ltr'>αὑτοῦ,</span> <span class='ocrx_word' id='word_1_200' title='bbox 3580 1301 3647 1349; x_wconf 76' lang='grc' dir='ltr'>τὰ</span> <span class='ocrx_word' id='word_1_201' title='bbox 3700 1294 3829 1348; x_wconf 81' lang='grc' dir='ltr'>ἱδια</span> 
     </span>
    </p>
   </div>
   <div class='ocr_carea' id='block_1_30' title="bbox 2211 1382 3833 1456">
    <p class='ocr_par' dir='ltr' id='par_1_30' title="bbox 2211 1382 3833 1456">
     <span class='ocr_line' id='line_1_30' title="bbox 2211 1382 3833 1456; baseline 0.001 -21"><span class='ocrx_word' id='word_1_202' title='bbox 2211 1388 2363 1435; x_wconf 82' lang='grc' dir='ltr'>τέκνα</span> <span class='ocrx_word' id='word_1_203' title='bbox 2430 1382 2691 1456; x_wconf 83' lang='grc' dir='ltr'>αίμωδίαν</span> <span class='ocrx_word' id='word_1_204' title='bbox 2760 1386 3087 1449; x_wconf 74' lang='grc' dir='ltr'>ὑπέστησαν,</span> <span class='ocrx_word' id='word_1_205' title='bbox 3141 1384 3229 1434; x_wconf 76' lang='grc' dir='ltr'>ὑπ’</span> <span class='ocrx_word' id='word_1_206' title='bbox 3295 1385 3454 1436; x_wconf 68' lang='grc' dir='ltr'>αὑτοῦ</span> <span class='ocrx_word' id='word_1_207' title='bbox 3517 1390 3833 1437; x_wconf 73' lang='grc' dir='ltr'>καὶταῦτα</span> 
     </span>
    </p>
   </div>
   <div class='ocr_carea' id='block_1_31' title="bbox 2213 1472 3826 1549">
    <p class='ocr_par' dir='ltr' id='par_1_31' title="bbox 2213 1472 3826 1549">
     <span class='ocr_line' id='line_1_31' title="bbox 2213 1472 3826 1549; baseline 0.001 -25"><span class='ocrx_word' id='word_1_208' title='bbox 2213 1472 2561 1545; x_wconf 74' lang='grc' dir='ltr'>ἀναιρεθέντα,</span> <span class='ocrx_word' id='word_1_209' title='bbox 2632 1476 2799 1534; x_wconf 82' lang='grc' dir='ltr'>καθὼς</span> <span class='ocrx_word' id='word_1_210' title='bbox 2867 1473 3161 1533; x_wconf 80' lang='grc' dir='ltr'>Ἰωσηππος</span> <span class='ocrx_word' id='word_1_211' title='bbox 3218 1474 3433 1547; x_wconf 82' lang='grc' dir='ltr'>ἱστορεῖ.</span> <span class='ocrx_word' id='word_1_212' title='bbox 3494 1473 3664 1526; x_wconf 82' lang='grc' dir='ltr'>Ἐοικε</span> <span class='ocrx_word' id='word_1_213' title='bbox 3715 1476 3826 1549; x_wconf 77' lang='grc' dir='ltr'>γὰρ</span> 
     </span>
    </p>
   </div>
   <div class='ocr_carea' id='block_1_32' title="bbox 2213 1562 3831 1637">
    <p class='ocr_par' dir='ltr' id='par_1_32' title="bbox 2213 1562 3831 1637">
     <span class='ocr_line' id='line_1_32' title="bbox 2213 1562 3831 1637; baseline 0 -23"><span class='ocrx_word' id='word_1_214' title='bbox 2213 1565 2238 1614; x_wconf 91' lang='lat'>6</span> <span class='ocrx_word' id='word_1_215' title='bbox 2301 1564 2525 1635; x_wconf 68' lang='grc' dir='ltr'>ἐκμανὴς</span> <span class='ocrx_word' id='word_1_216' title='bbox 2583 1562 2769 1623; x_wconf 71' lang='grc' dir='ltr'>ἐκεῖνος</span> <span class='ocrx_word' id='word_1_217' title='bbox 2834 1568 2923 1615; x_wconf 86' lang='grc' dir='ltr'>καὶ</span> <span class='ocrx_word' id='word_1_218' title='bbox 2992 1565 3256 1634; x_wconf 79' lang='grc' dir='ltr'>Θιομάχος</span> <span class='ocrx_word' id='word_1_219' title='bbox 3319 1563 3695 1637; x_wconf 70' lang='grc' dir='ltr'>προλαμϐάνειν</span> <span class='ocrx_word' id='word_1_220' title='bbox 3729 1570 3831 1623; x_wconf 72' lang='grc' dir='ltr'>τὴν</span> 
     </span>
    </p>
   </div>
   <div class='ocr_carea' id='block_1_33' title="bbox 2219 1650 3835 1725">
    <p class='ocr_par' dir='ltr' id='par_1_33' title="bbox 2219 1650 3835 1725">
     <span class='ocr_line' id='line_1_33' title="bbox 2219 1650 3835 1725; baseline 0.001 -21"><span class='ocrx_word' id='word_1_221' title='bbox 2219 1651 2595 1725; x_wconf 78' lang='grc' dir='ltr'>τῶνἘϐραίων</span> <span class='ocrx_word' id='word_1_222' title='bbox 2636 1651 2955 1723; x_wconf 82' lang='grc' dir='ltr'>ἀπόνοιαν,ὀ</span> <span class='ocrx_word' id='word_1_223' title='bbox 3023 1650 3280 1724; x_wconf 76' lang='grc' dir='ltr'>βασεϐιύς</span> <span class='ocrx_word' id='word_1_224' title='bbox 3344 1660 3442 1704; x_wconf 80' lang='grc' dir='ltr'>τῶν</span> <span class='ocrx_word' id='word_1_225' title='bbox 3501 1662 3667 1713; x_wconf 82' lang='grc' dir='ltr'>κακῶς</span> <span class='ocrx_word' id='word_1_226' title='bbox 3724 1651 3835 1725; x_wconf 60' lang='grc' dir='ltr'>βαι</span> 
     </span>
    </p>
   </div>
   <div class='ocr_carea' id='block_1_34' title="bbox 2214 1740 3829 1816">
    <p class='ocr_par' dir='ltr' id='par_1_34' title="bbox 2214 1740 3829 1816">
     <span class='ocr_line' id='line_1_34' title="bbox 2214 1740 3829 1816; baseline 0.001 -22"><span class='ocrx_word' id='word_1_227' title='bbox 2214 1740 2808 1814; x_wconf 75' lang='grc' dir='ltr'>σιλευομένων,κακεῐνο</span> <span class='ocrx_word' id='word_1_228' title='bbox 2861 1743 3174 1813; x_wconf 77' lang='grc' dir='ltr'>φθέγγεσθαι</span> <span class='ocrx_word' id='word_1_229' title='bbox 3240 1742 3478 1816; x_wconf 78' lang='grc' dir='ltr'>ἄντικρυς</span> <span class='ocrx_word' id='word_1_230' title='bbox 3535 1749 3650 1815; x_wconf 78' lang='grc' dir='ltr'>περὶ</span> <span class='ocrx_word' id='word_1_231' title='bbox 3717 1754 3829 1795; x_wconf 80' lang='grc' dir='ltr'>τῶν</span> 
     </span>
    </p>
   </div>
   <div class='ocr_carea' id='block_1_35' title="bbox 450 1829 2101 1920">
    <p class='ocr_par' dir='ltr' id='par_1_35' title="bbox 450 1846 2093 1920">
     <span class='ocr_line' id='line_1_35' title="bbox 450 1846 2093 1920; baseline -0.002 -15"><span class='ocrx_word' id='word_1_232' title='bbox 450 1856 506 1905; x_wconf 89' lang='lat' dir='ltr'>et</span> <span class='ocrx_word' id='word_1_233' title='bbox 526 1851 584 1904; x_wconf 91' lang='lat' dir='ltr'>in</span> <span class='ocrx_word' id='word_1_234' title='bbox 606 1848 879 1920; x_wconf 89' lang='lat' dir='ltr'>proprios</span> <span class='ocrx_word' id='word_1_235' title='bbox 899 1846 1318 1918; x_wconf 88' lang='lat' dir='ltr'>catulosquasi</span> <span class='ocrx_word' id='word_1_236' title='bbox 1340 1847 1541 1903; x_wconf 85' lang='lat' dir='ltr'>furens</span> <span class='ocrx_word' id='word_1_237' title='bbox 1567 1847 1730 1903; x_wconf 85' lang='lat' dir='ltr'>rabie</span> <span class='ocrx_word' id='word_1_238' title='bbox 1752 1850 2093 1903; x_wconf 81' lang='lat' dir='ltr'>excanduit.</span> 
     </span>
    </p>
   </div>
   <div class='ocr_carea' id='block_1_36' title="bbox 2212 1829 3828 1920">
    <p class='ocr_par' dir='ltr' id='par_1_36' title="bbox 2213 1829 3828 1906">
     <span class='ocr_line' id='line_1_36' title="bbox 2213 1829 3828 1906; baseline 0 -23"><span class='ocrx_word' id='word_1_239' title='bbox 2213 1829 2435 1905; x_wconf 80' lang='grc' dir='ltr'>βρεφῶν,</span> <span class='ocrx_word' id='word_1_240' title='bbox 2492 1830 2612 1905; x_wconf 81' lang='grc' dir='ltr'>ὅπερ</span> <span class='ocrx_word' id='word_1_241' title='bbox 2658 1830 2873 1903; x_wconf 74' lang='grc' dir='ltr'>ὓστερον</span> <span class='ocrx_word' id='word_1_242' title='bbox 2930 1832 2955 1881; x_wconf 90' lang='lat'>6</span> <span class='ocrx_word' id='word_1_243' title='bbox 3003 1829 3088 1881; x_wconf 76' lang='grc' dir='ltr'>ὑπ’</span> <span class='ocrx_word' id='word_1_244' title='bbox 3148 1830 3304 1881; x_wconf 73' lang='grc' dir='ltr'>αὑτὸν</span> <span class='ocrx_word' id='word_1_245' title='bbox 3370 1831 3489 1892; x_wconf 86' lang='grc' dir='ltr'>λαὸς</span> <span class='ocrx_word' id='word_1_246' title='bbox 3551 1838 3668 1906; x_wconf 75' lang='grc' dir='ltr'>περί</span> <span class='ocrx_word' id='word_1_247' title='bbox 3724 1841 3828 1884; x_wconf 72' lang='grc' dir='ltr'>τοῦ</span> 
     </span>
    </p>
   </div>
   <div class='ocr_carea' id='block_1_37' title="bbox 453 1937 2099 2009">
    <p class='ocr_par' dir='ltr' id='par_1_37' title="bbox 453 1937 2099 2009">
     <span class='ocr_line' id='line_1_37' title="bbox 453 1937 2099 2009; baseline -0.005 -14"><span class='ocrx_word' id='word_1_248' title='bbox 453 1940 566 1996; x_wconf 86' lang='lat' dir='ltr'>Sed</span> <span class='ocrx_word' id='word_1_249' title='bbox 582 1940 801 2009; x_wconf 83' lang='lat' dir='ltr'>gratias</span> <span class='ocrx_word' id='word_1_250' title='bbox 816 1938 932 1992; x_wconf 93' lang='lat' dir='ltr'>Deo</span> <span class='ocrx_word' id='word_1_251' title='bbox 947 1937 1051 2008; x_wconf 89' lang='lat' dir='ltr'>qui</span> <span class='ocrx_word' id='word_1_252' title='bbox 1065 1937 1142 2007; x_wconf 84' lang='lat' dir='ltr'>inj</span> <span class='ocrx_word' id='word_1_253' title='bbox 1154 1945 1316 1993; x_wconf 88' lang='lat' dir='ltr'>ustos</span> <span class='ocrx_word' id='word_1_254' title='bbox 1332 1952 1451 1992; x_wconf 91' lang='lat' dir='ltr'>non</span> <span class='ocrx_word' id='word_1_255' title='bbox 1466 1937 1601 1992; x_wconf 87' lang='lat' dir='ltr'>sinit</span> <span class='ocrx_word' id='word_1_256' title='bbox 1608 1937 1629 2008; x_wconf 89' lang='lat' dir='ltr'><strong>j</strong></span> <span class='ocrx_word' id='word_1_257' title='bbox 1641 1937 1849 1991; x_wconf 78' lang='lat' dir='ltr'>ustitiae</span> <span class='ocrx_word' id='word_1_258' title='bbox 1882 1950 2099 1991; x_wconf 84' lang='lat' dir='ltr'>manus</span> 
     </span>
    </p>
   </div>
   <div class='ocr_carea' id='block_1_38' title="bbox 450 2024 2100 2095">
    <p class='ocr_par' dir='ltr' id='par_1_38' title="bbox 450 2024 2100 2095">
     <span class='ocr_line' id='line_1_38' title="bbox 450 2024 2100 2095; baseline -0.004 -12"><span class='ocrx_word' id='word_1_259' title='bbox 450 2028 671 2083; x_wconf 89' lang='lat' dir='ltr'>diutius</span> <span class='ocrx_word' id='word_1_260' title='bbox 692 2026 972 2095; x_wconf 76' lang='lat' dir='ltr'>effugere,</span> <span class='ocrx_word' id='word_1_261' title='bbox 1007 2024 1109 2080; x_wconf 86' lang='lat' dir='ltr'>sed</span> <span class='ocrx_word' id='word_1_262' title='bbox 1141 2024 1586 2095; x_wconf 83' lang='lat' dir='ltr'>gloriﬁcaturin</span> <span class='ocrx_word' id='word_1_263' title='bbox 1640 2025 1975 2089; x_wconf 86' lang='lat' dir='ltr'>Pharaone,</span> <span class='ocrx_word' id='word_1_264' title='bbox 2042 2027 2100 2078; x_wconf 86' lang='lat' dir='ltr'>et</span> 
     </span>
    </p>
   </div>
   <div class='ocr_carea' id='block_1_39' title="bbox 450 2113 2101 2187">
    <p class='ocr_par' dir='ltr' id='par_1_39' title="bbox 450 2113 2101 2187">
     <span class='ocr_line' id='line_1_39' title="bbox 450 2113 2101 2187; baseline -0.003 -16"><span class='ocrx_word' id='word_1_265' title='bbox 450 2119 511 2172; x_wconf 88' lang='lat' dir='ltr'>in</span> <span class='ocrx_word' id='word_1_266' title='bbox 538 2116 611 2171; x_wconf 91' lang='lat' dir='ltr'>iis</span> <span class='ocrx_word' id='word_1_267' title='bbox 642 2115 764 2187; x_wconf 89' lang='lat' dir='ltr'>qui,</span> <span class='ocrx_word' id='word_1_268' title='bbox 797 2114 1317 2186; x_wconf 81' lang='lat' dir='ltr'>quemadmodum</span> <span class='ocrx_word' id='word_1_269' title='bbox 1343 2113 1458 2177; x_wconf 88' lang='lat' dir='ltr'>ille,</span> <span class='ocrx_word' id='word_1_270' title='bbox 1477 2119 1863 2169; x_wconf 87' lang='lat' dir='ltr'>contumaces</span> <span class='ocrx_word' id='word_1_271' title='bbox 1885 2115 2024 2167; x_wconf 91' lang='lat' dir='ltr'>sunt</span> <span class='ocrx_word' id='word_1_272' title='bbox 2044 2116 2101 2166; x_wconf 91' lang='lat' dir='ltr'>et</span> 
     </span>
    </p>
   </div>
   <div class='ocr_carea' id='block_1_40' title="bbox 451 2200 2098 2273">
    <p class='ocr_par' dir='ltr' id='par_1_40' title="bbox 451 2200 2098 2273">
     <span class='ocr_line' id='line_1_40' title="bbox 451 2200 2098 2273; baseline -0.004 -12"><span class='ocrx_word' id='word_1_273' title='bbox 451 2206 656 2261; x_wconf 89' lang='lat' dir='ltr'>divina</span> <span class='ocrx_word' id='word_1_274' title='bbox 684 2203 972 2259; x_wconf 90' lang='lat' dir='ltr'>mandata</span> <span class='ocrx_word' id='word_1_275' title='bbox 1001 2207 1396 2260; x_wconf 89' lang='lat' dir='ltr'>contemnunt</span> <span class='ocrx_word' id='word_1_276' title='bbox 1425 2207 1480 2257; x_wconf 90' lang='lat' dir='ltr'>et</span> <span class='ocrx_word' id='word_1_277' title='bbox 1510 2202 1799 2257; x_wconf 88' lang='lat' dir='ltr'>humilem</span> <span class='ocrx_word' id='word_1_278' title='bbox 1858 2200 2098 2273; x_wconf 88' lang='lat' dir='ltr'>plebem</span> 
     </span>
    </p>
   </div>
   <div class='ocr_carea' id='block_1_41' title="bbox 450 2290 2094 2365">
    <p class='ocr_par' dir='ltr' id='par_1_41' title="bbox 450 2290 2094 2365">
     <span class='ocr_line' id='line_1_41' title="bbox 450 2290 2094 2365; baseline -0.004 -15"><span class='ocrx_word' id='word_1_279' title='bbox 450 2294 804 2365; x_wconf 88' lang='lat' dir='ltr'>despiciunt.</span> <span class='ocrx_word' id='word_1_280' title='bbox 836 2292 949 2349; x_wconf 89' lang='lat' dir='ltr'>Sed</span> <span class='ocrx_word' id='word_1_281' title='bbox 978 2296 1036 2347; x_wconf 91' lang='lat' dir='ltr'>et</span> <span class='ocrx_word' id='word_1_282' title='bbox 1064 2307 1224 2346; x_wconf 89' lang='lat' dir='ltr'>nunc</span> <span class='ocrx_word' id='word_1_283' title='bbox 1255 2291 1463 2346; x_wconf 88' lang='lat' dir='ltr'>audire</span> <span class='ocrx_word' id='word_1_284' title='bbox 1495 2290 1637 2345; x_wconf 85' lang='lat' dir='ltr'>mihi</span> <span class='ocrx_word' id='word_1_285' title='bbox 1670 2290 1876 2346; x_wconf 89' lang='lat' dir='ltr'>videor</span> <span class='ocrx_word' id='word_1_286' title='bbox 1908 2293 2094 2345; x_wconf 91' lang='lat' dir='ltr'>Deum</span> 
     </span>
    </p>
   </div>
   <div class='ocr_carea' id='block_1_42' title="bbox 452 2378 2102 2451">
    <p class='ocr_par' dir='ltr' id='par_1_42' title="bbox 452 2378 2102 2451">
     <span class='ocr_line' id='line_1_42' title="bbox 452 2378 2102 2451; baseline -0.003 -14"><span class='ocrx_word' id='word_1_287' title='bbox 452 2383 786 2437; x_wconf 90' lang='lat' dir='ltr'>dicentem:</span> <span class='ocrx_word' id='word_1_288' title='bbox 822 2382 1134 2451; x_wconf 78' lang='lat' dir='ltr'>«Loquere</span> <span class='ocrx_word' id='word_1_289' title='bbox 1160 2379 1294 2434; x_wconf 85' lang='lat' dir='ltr'>ﬁliis</span> <span class='ocrx_word' id='word_1_290' title='bbox 1316 2379 1455 2435; x_wconf 90' lang='lat' dir='ltr'>novi</span> <span class='ocrx_word' id='word_1_291' title='bbox 1486 2378 1687 2441; x_wconf 88' lang='lat' dir='ltr'>Israel,</span> <span class='ocrx_word' id='word_1_292' title='bbox 1717 2383 1771 2433; x_wconf 91' lang='lat' dir='ltr'>et</span> <span class='ocrx_word' id='word_1_293' title='bbox 1802 2382 2014 2449; x_wconf 89' lang='lat' dir='ltr'>parent</span> <span class='ocrx_word' id='word_1_294' title='bbox 2038 2393 2102 2432; x_wconf 90' lang='lat' dir='ltr'>se</span> 
     </span>
    </p>
   </div>
   <div class='ocr_carea' id='block_1_43' title="bbox 454 2465 2102 2539">
    <p class='ocr_par' dir='ltr' id='par_1_43' title="bbox 454 2465 2102 2539">
     <span class='ocr_line' id='line_1_43' title="bbox 454 2465 2102 2539; baseline -0.004 -14"><span class='ocrx_word' id='word_1_295' title='bbox 454 2486 574 2526; x_wconf 89' lang='lat' dir='ltr'>non</span> <span class='ocrx_word' id='word_1_296' title='bbox 605 2485 678 2523; x_wconf 83' lang='lat' dir='ltr'>ex</span> <span class='ocrx_word' id='word_1_297' title='bbox 716 2471 969 2539; x_wconf 65' lang='lat' dir='ltr'>Egypto</span> <span class='ocrx_word' id='word_1_298' title='bbox 998 2468 1074 2523; x_wconf 89' lang='lat' dir='ltr'>ad</span> <span class='ocrx_word' id='word_1_299' title='bbox 1106 2484 1273 2523; x_wconf 89' lang='lat' dir='ltr'>mare</span> <span class='ocrx_word' id='word_1_300' title='bbox 1305 2468 1591 2533; x_wconf 80' lang='lat' dir='ltr'>Rubrum,</span> <span class='ocrx_word' id='word_1_301' title='bbox 1626 2466 1732 2521; x_wconf 91' lang='lat' dir='ltr'>sed</span> <span class='ocrx_word' id='word_1_302' title='bbox 1762 2482 1832 2521; x_wconf 81' lang='lat' dir='ltr'>ex</span> <span class='ocrx_word' id='word_1_303' title='bbox 1864 2465 2102 2534; x_wconf 86' lang='lat' dir='ltr'>sangui-</span> 
     </span>
    </p>
   </div>
   <div class='ocr_carea' id='block_1_44' title="bbox 454 2556 2103 2629">
    <p class='ocr_par' dir='ltr' id='par_1_44' title="bbox 454 2556 2103 2629">
     <span class='ocr_line' id='line_1_44' title="bbox 454 2556 2103 2629; baseline -0.003 -16"><span class='ocrx_word' id='word_1_304' title='bbox 454 2559 547 2613; x_wconf 90' lang='lat' dir='ltr'>nis</span> <span class='ocrx_word' id='word_1_305' title='bbox 580 2572 848 2629; x_wconf 89' lang='lat' dir='ltr'>purpura</span> <span class='ocrx_word' id='word_1_306' title='bbox 876 2572 1013 2627; x_wconf 72' lang='lat' dir='ltr'>quae</span> <span class='ocrx_word' id='word_1_307' title='bbox 1043 2572 1269 2610; x_wconf 86' lang='lat' dir='ltr'>novum</span> <span class='ocrx_word' id='word_1_308' title='bbox 1301 2556 1670 2611; x_wconf 87' lang='lat' dir='ltr'>Pharaonem</span> <span class='ocrx_word' id='word_1_309' title='bbox 1697 2560 1755 2609; x_wconf 88' lang='lat' dir='ltr'>et</span> <span class='ocrx_word' id='word_1_310' title='bbox 1782 2570 2103 2626; x_wconf 89' lang='lat' dir='ltr'>puerorum</span> 
     </span>
    </p>
   </div>
   <div class='ocr_carea' id='block_1_45' title="bbox 454 2642 2106 2715">
    <p class='ocr_par' dir='ltr' id='par_1_45' title="bbox 454 2642 2106 2715">
     <span class='ocr_line' id='line_1_45' title="bbox 454 2642 2106 2715; baseline -0.004 -13"><span class='ocrx_word' id='word_1_311' title='bbox 454 2649 789 2702; x_wconf 89' lang='lat' dir='ltr'>occisorum</span> <span class='ocrx_word' id='word_1_312' title='bbox 854 2643 1111 2715; x_wconf 85' lang='lat' dir='ltr'>perdidit</span> <span class='ocrx_word' id='word_1_313' title='bbox 1160 2645 1512 2711; x_wconf 89' lang='lat' dir='ltr'>(innocentis</span> <span class='ocrx_word' id='word_1_314' title='bbox 1575 2643 1734 2699; x_wconf 90' lang='lat' dir='ltr'>enim</span> <span class='ocrx_word' id='word_1_315' title='bbox 1794 2642 2106 2712; x_wconf 80' lang='lat' dir='ltr'>sanguinis</span> 
     </span>
    </p>
   </div>
   <div class='ocr_carea' id='block_1_46' title="bbox 453 2730 2106 2804">
    <p class='ocr_par' dir='ltr' id='par_1_46' title="bbox 453 2730 2106 2804">
     <span class='ocr_line' id='line_1_46' title="bbox 453 2730 2106 2804; baseline -0.002 -14"><span class='ocrx_word' id='word_1_316' title='bbox 453 2733 664 2790; x_wconf 84' lang='lat' dir='ltr'>effusio</span> <span class='ocrx_word' id='word_1_317' title='bbox 696 2748 860 2788; x_wconf 90' lang='lat' dir='ltr'>mors</span> <span class='ocrx_word' id='word_1_318' title='bbox 892 2737 980 2788; x_wconf 90' lang='lat' dir='ltr'>est</span> <span class='ocrx_word' id='word_1_319' title='bbox 1009 2732 1063 2787; x_wconf 90' lang='lat' dir='ltr'>ei</span> <span class='ocrx_word' id='word_1_320' title='bbox 1092 2733 1195 2804; x_wconf 89' lang='lat' dir='ltr'>qui</span> <span class='ocrx_word' id='word_1_321' title='bbox 1225 2747 1363 2787; x_wconf 91' lang='lat' dir='ltr'>eum</span> <span class='ocrx_word' id='word_1_322' title='bbox 1395 2730 1647 2801; x_wconf 76' lang='lat' dir='ltr'>effudit),</span> <span class='ocrx_word' id='word_1_323' title='bbox 1677 2731 1755 2787; x_wconf 90' lang='lat' dir='ltr'>ad</span> <span class='ocrx_word' id='word_1_324' title='bbox 1786 2731 2106 2803; x_wconf 88' lang='lat' dir='ltr'>pulchrum</span> 
     </span>
    </p>
   </div>
   <div class='ocr_carea' id='block_1_47' title="bbox 451 2819 2104 2893">
    <p class='ocr_par' dir='ltr' id='par_1_47' title="bbox 451 2819 2104 2893">
     <span class='ocr_line' id='line_1_47' title="bbox 451 2819 2104 2893; baseline -0.003 -14"><span class='ocrx_word' id='word_1_325' title='bbox 451 2824 796 2890; x_wconf 81' lang='lat' dir='ltr'>Jordanem,</span> <span class='ocrx_word' id='word_1_326' title='bbox 817 2821 1049 2877; x_wconf 83' lang='lat' dir='ltr'>facilem</span> <span class='ocrx_word' id='word_1_327' title='bbox 1080 2820 1243 2877; x_wconf 83' lang='lat' dir='ltr'>illam</span> <span class='ocrx_word' id='word_1_328' title='bbox 1275 2827 1329 2875; x_wconf 90' lang='lat' dir='ltr'>et</span> <span class='ocrx_word' id='word_1_329' title='bbox 1362 2821 1587 2876; x_wconf 90' lang='lat' dir='ltr'>laboris</span> <span class='ocrx_word' id='word_1_330' title='bbox 1618 2825 1921 2893; x_wconf 84' lang='lat' dir='ltr'>expertem</span> <span class='ocrx_word' id='word_1_331' title='bbox 1942 2819 2104 2891; x_wconf 87' lang='lat' dir='ltr'>puri-</span> 
     </span>
    </p>
   </div>
   <div class='ocr_carea' id='block_1_48' title="bbox 451 2908 2098 2983">
    <p class='ocr_par' dir='ltr' id='par_1_48' title="bbox 451 2908 2098 2983">
     <span class='ocr_line' id='line_1_48' title="bbox 451 2908 2098 2983; baseline -0.003 -15"><span class='ocrx_word' id='word_1_332' title='bbox 451 2912 813 2968; x_wconf 87' lang='lat' dir='ltr'>ﬁcationem.</span> <span class='ocrx_word' id='word_1_333' title='bbox 842 2912 990 2965; x_wconf 89' lang='lat' dir='ltr'>Dum</span> <span class='ocrx_word' id='word_1_334' title='bbox 1021 2908 1180 2964; x_wconf 89' lang='lat' dir='ltr'>enim</span> <span class='ocrx_word' id='word_1_335' title='bbox 1204 2911 1314 2964; x_wconf 90' lang='lat' dir='ltr'>tria</span> <span class='ocrx_word' id='word_1_336' title='bbox 1334 2914 1472 2965; x_wconf 91' lang='lat' dir='ltr'>sunt</span> <span class='ocrx_word' id='word_1_337' title='bbox 1489 2926 1625 2981; x_wconf 81' lang='lat' dir='ltr'>quae</span> <span class='ocrx_word' id='word_1_338' title='bbox 1656 2909 1975 2983; x_wconf 76' lang='lat' dir='ltr'>puriﬁcant</span> <span class='ocrx_word' id='word_1_339' title='bbox 1994 2925 2098 2964; x_wconf 89' lang='lat' dir='ltr'>eos</span> 
     </span>
    </p>
   </div>
   <div class='ocr_carea' id='block_1_49' title="bbox 452 2996 2106 3072">
    <p class='ocr_par' dir='ltr' id='par_1_49' title="bbox 452 2996 2106 3072">
     <span class='ocr_line' id='line_1_49' title="bbox 452 2996 2106 3072; baseline -0.004 -17"><span class='ocrx_word' id='word_1_340' title='bbox 452 3001 554 3072; x_wconf 90' lang='lat' dir='ltr'>qui</span> <span class='ocrx_word' id='word_1_341' title='bbox 581 2998 908 3069; x_wconf 90' lang='lat' dir='ltr'>procedunt</span> <span class='ocrx_word' id='word_1_342' title='bbox 938 2996 1015 3052; x_wconf 90' lang='lat' dir='ltr'>ad</span> <span class='ocrx_word' id='word_1_343' title='bbox 1046 2997 1416 3052; x_wconf 89' lang='lat' dir='ltr'>ablutionem</span> <span class='ocrx_word' id='word_1_344' title='bbox 1456 3003 1512 3052; x_wconf 93' lang='lat' dir='ltr'>et</span> <span class='ocrx_word' id='word_1_345' title='bbox 1545 2997 1977 3052; x_wconf 83' lang='lat' dir='ltr'>abstersionem</span> <span class='ocrx_word' id='word_1_346' title='bbox 2012 3012 2106 3050; x_wconf 89' lang='lat' dir='ltr'>ve-</span> 
     </span>
    </p>
   </div>
   <div class='ocr_carea' id='block_1_50' title="bbox 453 3086 2111 3159">
    <p class='ocr_par' dir='ltr' id='par_1_50' title="bbox 453 3086 2111 3159">
     <span class='ocr_line' id='line_1_50' title="bbox 453 3086 2111 3159; baseline -0.002 -14"><span class='ocrx_word' id='word_1_347' title='bbox 453 3096 645 3145; x_wconf 89' lang='lat' dir='ltr'>terum</span> <span class='ocrx_word' id='word_1_348' title='bbox 685 3086 1082 3157; x_wconf 88' lang='lat' dir='ltr'>macularum,</span> <span class='ocrx_word' id='word_1_349' title='bbox 1128 3102 1343 3159; x_wconf 89' lang='lat' dir='ltr'>nempe</span> <span class='ocrx_word' id='word_1_350' title='bbox 1376 3086 1702 3159; x_wconf 85' lang='lat' dir='ltr'>baptisma,</span> <span class='ocrx_word' id='word_1_351' title='bbox 1739 3086 2024 3157; x_wconf 59' lang='lat' dir='ltr'>lacrymas</span> <span class='ocrx_word' id='word_1_352' title='bbox 2054 3092 2111 3141; x_wconf 91' lang='lat' dir='ltr'>et</span> 
     </span>
    </p>
   </div>
   <div class='ocr_carea' id='block_1_51' title="bbox 456 3176 2109 3250">
    <p class='ocr_par' dir='ltr' id='par_1_51' title="bbox 456 3176 2109 3250">
     <span class='ocr_line' id='line_1_51' title="bbox 456 3176 2109 3250; baseline -0.001 -17"><span class='ocrx_word' id='word_1_353' title='bbox 456 3194 560 3250; x_wconf 90' lang='lat' dir='ltr'>per</span> <span class='ocrx_word' id='word_1_354' title='bbox 572 3176 925 3247; x_wconf 88' lang='lat' dir='ltr'>sanguinem</span> <span class='ocrx_word' id='word_1_355' title='bbox 944 3176 1586 3247; x_wconf 83' lang='lat' dir='ltr'>martyrium,ostendit</span> <span class='ocrx_word' id='word_1_356' title='bbox 1598 3177 1942 3231; x_wconf 89' lang='lat' dir='ltr'>incarnatus</span> <span class='ocrx_word' id='word_1_357' title='bbox 1958 3179 2109 3231; x_wconf 90' lang='lat' dir='ltr'>Deus</span> 
     </span>
    </p>
   </div>
   <div class='ocr_carea' id='block_1_52' title="bbox 454 3263 2110 3323">
    <p class='ocr_par' dir='ltr' id='par_1_52' title="bbox 454 3263 2110 3323">
     <span class='ocr_line' id='line_1_52' title="bbox 454 3263 2110 3323; baseline -0.003 -1"><span class='ocrx_word' id='word_1_358' title='bbox 454 3267 531 3323; x_wconf 91' lang='lat' dir='ltr'>ab</span> <span class='ocrx_word' id='word_1_359' title='bbox 557 3266 723 3321; x_wconf 90' lang='lat' dir='ltr'>initio</span> <span class='ocrx_word' id='word_1_360' title='bbox 750 3265 840 3319; x_wconf 91' lang='lat' dir='ltr'>sui</span> <span class='ocrx_word' id='word_1_361' title='bbox 869 3265 1164 3319; x_wconf 85' lang='lat' dir='ltr'>adventus</span> <span class='ocrx_word' id='word_1_362' title='bbox 1191 3264 1301 3319; x_wconf 87' lang='lat' dir='ltr'>has</span> <span class='ocrx_word' id='word_1_363' title='bbox 1342 3280 1543 3319; x_wconf 90' lang='lat' dir='ltr'>sacras</span> <span class='ocrx_word' id='word_1_364' title='bbox 1577 3263 1912 3319; x_wconf 88' lang='lat' dir='ltr'>oblationes</span> <span class='ocrx_word' id='word_1_365' title='bbox 1954 3264 2110 3318; x_wconf 85' lang='lat' dir='ltr'>victi-</span> 
     </span>
    </p>
   </div>
   <div class='ocr_carea' id='block_1_53' title="bbox 454 3352 2104 3427">
    <p class='ocr_par' dir='ltr' id='par_1_53' title="bbox 454 3352 2104 3427">
     <span class='ocr_line' id='line_1_53' title="bbox 454 3352 2104 3427; baseline -0.004 -15"><span class='ocrx_word' id='word_1_366' title='bbox 454 3370 731 3427; x_wconf 90' lang='lat' dir='ltr'>masque,</span> <span class='ocrx_word' id='word_1_367' title='bbox 758 3352 1058 3425; x_wconf 89' lang='lat' dir='ltr'>accipiens</span> <span class='ocrx_word' id='word_1_368' title='bbox 1080 3353 1463 3408; x_wconf 81' lang='lat' dir='ltr'>excelsiorem</span> <span class='ocrx_word' id='word_1_369' title='bbox 1503 3368 1631 3408; x_wconf 90' lang='lat' dir='ltr'>esse</span> <span class='ocrx_word' id='word_1_370' title='bbox 1662 3369 1796 3409; x_wconf 89' lang='lat' dir='ltr'>eam</span> <span class='ocrx_word' id='word_1_371' title='bbox 1834 3369 1969 3424; x_wconf 81' lang='lat' dir='ltr'>quae</span> <span class='ocrx_word' id='word_1_372' title='bbox 1998 3368 2104 3425; x_wconf 89' lang='lat' dir='ltr'>per</span> 
     </span>
    </p>
   </div>
   <div class='ocr_carea' id='block_1_54' title="bbox 454 3442 2107 3514">
    <p class='ocr_par' dir='ltr' id='par_1_54' title="bbox 454 3442 2107 3514">
     <span class='ocr_line' id='line_1_54' title="bbox 454 3442 2107 3514; baseline -0.003 -14"><span class='ocrx_word' id='word_1_373' title='bbox 454 3444 807 3514; x_wconf 86' lang='lat' dir='ltr'>sanguinem</span> <span class='ocrx_word' id='word_1_374' title='bbox 832 3447 938 3511; x_wconf 87' lang='lat' dir='ltr'>est,</span> <span class='ocrx_word' id='word_1_375' title='bbox 962 3442 1458 3513; x_wconf 83' lang='lat' dir='ltr'>purificationem,</span> <span class='ocrx_word' id='word_1_376' title='bbox 1489 3457 1606 3497; x_wconf 90' lang='lat' dir='ltr'>non</span> <span class='ocrx_word' id='word_1_377' title='bbox 1634 3442 1815 3497; x_wconf 88' lang='lat' dir='ltr'>modo</span> <span class='ocrx_word' id='word_1_378' title='bbox 1842 3442 1986 3514; x_wconf 89' lang='lat' dir='ltr'>quia</span> <span class='ocrx_word' id='word_1_379' title='bbox 2018 3457 2107 3495; x_wconf 92' lang='lat' dir='ltr'>se-</span> 
     </span>
    </p>
   </div>
   <div class='ocr_carea' id='block_1_55' title="bbox 454 3530 2104 3602">
    <p class='ocr_par' dir='ltr' id='par_1_55' title="bbox 454 3530 2104 3602">
     <span class='ocr_line' id='line_1_55' title="bbox 454 3530 2104 3602; baseline -0.003 -13"><span class='ocrx_word' id='word_1_380' title='bbox 454 3533 667 3591; x_wconf 90' lang='lat' dir='ltr'>cundis</span> <span class='ocrx_word' id='word_1_381' title='bbox 698 3530 947 3586; x_wconf 90' lang='lat' dir='ltr'>maculis</span> <span class='ocrx_word' id='word_1_382' title='bbox 974 3545 1093 3584; x_wconf 87' lang='lat' dir='ltr'>non</span> <span class='ocrx_word' id='word_1_383' title='bbox 1122 3530 1487 3602; x_wconf 90' lang='lat' dir='ltr'>inquinatur,</span> <span class='ocrx_word' id='word_1_384' title='bbox 1512 3530 1617 3585; x_wconf 90' lang='lat' dir='ltr'>sed</span> <span class='ocrx_word' id='word_1_385' title='bbox 1647 3530 1791 3601; x_wconf 89' lang='lat' dir='ltr'>quia</span> <span class='ocrx_word' id='word_1_386' title='bbox 1812 3541 1867 3585; x_wconf 87' lang='lat' dir='ltr'>et</span> <span class='ocrx_word' id='word_1_387' title='bbox 1910 3530 2104 3602; x_wconf 85' lang='lat' dir='ltr'>lacry-</span> 
     </span>
    </p>
   </div>
   <div class='ocr_carea' id='block_1_56' title="bbox 455 3618 2105 3690">
    <p class='ocr_par' dir='ltr' id='par_1_56' title="bbox 455 3618 2105 3690">
     <span class='ocr_line' id='line_1_56' title="bbox 455 3618 2105 3690; baseline -0.003 -11"><span class='ocrx_word' id='word_1_388' title='bbox 455 3622 569 3679; x_wconf 89' lang='lat' dir='ltr'>mis</span> <span class='ocrx_word' id='word_1_389' title='bbox 591 3620 733 3690; x_wconf 90' lang='lat' dir='ltr'>ipsis</span> <span class='ocrx_word' id='word_1_390' title='bbox 761 3618 1233 3689; x_wconf 87' lang='lat' dir='ltr'>perseverantior</span> <span class='ocrx_word' id='word_1_391' title='bbox 1260 3624 1364 3672; x_wconf 90' lang='lat' dir='ltr'>est.</span> <span class='ocrx_word' id='word_1_392' title='bbox 1394 3618 1726 3673; x_wconf 82' lang='lat' dir='ltr'>Purilicatio</span> <span class='ocrx_word' id='word_1_393' title='bbox 1784 3618 1944 3673; x_wconf 89' lang='lat' dir='ltr'>enim</span> <span class='ocrx_word' id='word_1_394' title='bbox 1999 3634 2105 3689; x_wconf 88' lang='lat' dir='ltr'>per</span> 
     </span>
    </p>
   </div>
   <div class='ocr_carea' id='block_1_57' title="bbox 453 3704 2103 3779">
    <p class='ocr_par' dir='ltr' id='par_1_57' title="bbox 453 3704 2103 3779">
     <span class='ocr_line' id='line_1_57' title="bbox 453 3704 2103 3779; baseline -0.001 -16"><span class='ocrx_word' id='word_1_395' title='bbox 453 3707 823 3779; x_wconf 89' lang='lat' dir='ltr'>baptismum</span> <span class='ocrx_word' id='word_1_396' title='bbox 853 3704 967 3758; x_wconf 91' lang='lat' dir='ltr'>alia</span> <span class='ocrx_word' id='word_1_397' title='bbox 989 3710 1098 3768; x_wconf 89' lang='lat' dir='ltr'>est,</span> <span class='ocrx_word' id='word_1_398' title='bbox 1127 3721 1263 3759; x_wconf 92' lang='lat' dir='ltr'>cum</span> <span class='ocrx_word' id='word_1_399' title='bbox 1294 3706 1501 3775; x_wconf 79' lang='lat' dir='ltr'>gratiae</span> <span class='ocrx_word' id='word_1_400' title='bbox 1523 3710 1579 3760; x_wconf 91' lang='lat' dir='ltr'>et</span> <span class='ocrx_word' id='word_1_401' title='bbox 1611 3706 1862 3776; x_wconf 86' lang='lat' dir='ltr'>Spiritus</span> <span class='ocrx_word' id='word_1_402' title='bbox 1912 3708 2103 3761; x_wconf 78' lang='lat' dir='ltr'>sancti</span> 
     </span>
    </p>
   </div>
   <div class='ocr_carea' id='block_1_58' title="bbox 456 3792 2103 3873">
    <p class='ocr_par' dir='ltr' id='par_1_58' title="bbox 456 3792 2103 3873">
     <span class='ocr_line' id='line_1_58' title="bbox 456 3792 2103 3873; baseline -0.002 -22"><span class='ocrx_word' id='word_1_403' title='bbox 456 3796 721 3873; x_wconf 90' lang='lat' dir='ltr'>muneris</span> <span class='ocrx_word' id='word_1_404' title='bbox 755 3794 847 3848; x_wconf 88' lang='lat' dir='ltr'>sit.</span> <span class='ocrx_word' id='word_1_405' title='bbox 871 3792 1180 3848; x_wconf 87' lang='lat' dir='ltr'>Charitatis</span> <span class='ocrx_word' id='word_1_406' title='bbox 1205 3799 1407 3849; x_wconf 89' lang='lat' dir='ltr'>autem</span> <span class='ocrx_word' id='word_1_407' title='bbox 1434 3793 1493 3848; x_wconf 86' lang='lat' dir='ltr'>in</span> <span class='ocrx_word' id='word_1_408' title='bbox 1549 3796 1733 3848; x_wconf 90' lang='lat' dir='ltr'>Deum</span> <span class='ocrx_word' id='word_1_409' title='bbox 1791 3795 2103 3849; x_wconf 68' lang='lat' dir='ltr'>immensa:</span> 
     </span>
    </p>
   </div>
   <div class='ocr_carea' id='block_1_59' title="bbox 455 3882 2104 3941">
    <p class='ocr_par' dir='ltr' id='par_1_59' title="bbox 455 3882 2104 3941">
     <span class='ocr_line' id='line_1_59' title="bbox 455 3882 2104 3941; baseline -0.002 0"><span class='ocrx_word' id='word_1_410' title='bbox 455 3883 1009 3941; x_wconf 80' lang='lat' dir='ltr'>manifestissimum</span> <span class='ocrx_word' id='word_1_411' title='bbox 1024 3882 1429 3937; x_wconf 90' lang='lat' dir='ltr'>testimonium</span> <span class='ocrx_word' id='word_1_412' title='bbox 1444 3897 1564 3937; x_wconf 91' lang='lat' dir='ltr'>non</span> <span class='ocrx_word' id='word_1_413' title='bbox 1577 3882 1739 3937; x_wconf 85' lang='lat' dir='ltr'>aliud</span> <span class='ocrx_word' id='word_1_414' title='bbox 1765 3887 1994 3938; x_wconf 91' lang='lat' dir='ltr'>tantum</span> <span class='ocrx_word' id='word_1_415' title='bbox 2015 3888 2104 3938; x_wconf 89' lang='lat' dir='ltr'>est</span> 
     </span>
    </p>
   </div>
   <div class='ocr_carea' id='block_1_60' title="bbox 452 3971 2103 4046">
    <p class='ocr_par' dir='ltr' id='par_1_60' title="bbox 452 3971 2103 4046">
     <span class='ocr_line' id='line_1_60' title="bbox 452 3971 2103 4046; baseline -0.001 -17"><span class='ocrx_word' id='word_1_416' title='bbox 452 3980 748 4046; x_wconf 90' lang='lat' dir='ltr'>quantum</span> <span class='ocrx_word' id='word_1_417' title='bbox 790 3988 895 4044; x_wconf 91' lang='lat' dir='ltr'>pro</span> <span class='ocrx_word' id='word_1_418' title='bbox 926 3987 996 4026; x_wconf 91' lang='lat' dir='ltr'>eo</span> <span class='ocrx_word' id='word_1_419' title='bbox 1022 3971 1125 4042; x_wconf 88' lang='lat' dir='ltr'>qui</span> <span class='ocrx_word' id='word_1_420' title='bbox 1155 3986 1265 4025; x_wconf 91' lang='lat' dir='ltr'>nos</span> <span class='ocrx_word' id='word_1_421' title='bbox 1322 3971 1512 4040; x_wconf 85' lang='lat' dir='ltr'>diligit</span> <span class='ocrx_word' id='word_1_422' title='bbox 1540 3971 1758 4041; x_wconf 87' lang='lat' dir='ltr'>proprii</span> <span class='ocrx_word' id='word_1_423' title='bbox 1791 3973 2103 4041; x_wconf 89' lang='lat' dir='ltr'>sanguinis</span> 
     </span>
    </p>
   </div>
   <div class='ocr_carea' id='block_1_61' title="bbox 454 4060 2104 4141">
    <p class='ocr_par' dir='ltr' id='par_1_61' title="bbox 454 4060 2104 4141">
     <span class='ocr_line' id='line_1_61' title="bbox 454 4060 2104 4141; baseline 0 -23"><span class='ocrx_word' id='word_1_424' title='bbox 454 4064 664 4141; x_wconf 78' lang='lat' dir='ltr'>effusio</span> <span class='ocrx_word' id='word_1_425' title='bbox 720 4086 745 4113; x_wconf 83' lang='lat'><strong>«</strong></span> <span class='ocrx_word' id='word_1_426' title='bbox 782 4063 1064 4132; x_wconf 86' lang='lat' dir='ltr'>Majorem</span> <span class='ocrx_word' id='word_1_427' title='bbox 1105 4061 1263 4116; x_wconf 91' lang='lat' dir='ltr'>enim</span> <span class='ocrx_word' id='word_1_428' title='bbox 1320 4061 1434 4116; x_wconf 89' lang='lat' dir='ltr'>hac</span> <span class='ocrx_word' id='word_1_429' title='bbox 1487 4060 1867 4117; x_wconf 87' lang='lat' dir='ltr'>dilectionem</span> <span class='ocrx_word' id='word_1_430' title='bbox 1926 4078 2104 4118; x_wconf 87' lang='lat' dir='ltr'>nemo</span> 
     </span>
    </p>
   </div>
   <div class='ocr_carea' id='block_1_62' title="bbox 453 4150 2103 4224">
    <p class='ocr_par' dir='ltr' id='par_1_62' title="bbox 453 4150 2103 4224">
     <span class='ocr_line' id='line_1_62' title="bbox 453 4150 2103 4224; baseline -0.002 -16"><span class='ocrx_word' id='word_1_431' title='bbox 453 4152 633 4208; x_wconf 86' lang='lat' dir='ltr'>habet</span> <span class='ocrx_word' id='word_1_432' title='bbox 661 4167 847 4224; x_wconf 92' lang='lat' dir='ltr'>quam</span> <span class='ocrx_word' id='word_1_433' title='bbox 877 4156 938 4206; x_wconf 94' lang='lat' dir='ltr'>ut</span> <span class='ocrx_word' id='word_1_434' title='bbox 968 4151 1017 4205; x_wconf 89' lang='lat' dir='ltr'>si</span> <span class='ocrx_word' id='word_1_435' title='bbox 1046 4151 1183 4222; x_wconf 91' lang='lat' dir='ltr'>quis</span> <span class='ocrx_word' id='word_1_436' title='bbox 1223 4150 1490 4204; x_wconf 89' lang='lat' dir='ltr'>animam</span> <span class='ocrx_word' id='word_1_437' title='bbox 1527 4164 1701 4205; x_wconf 90' lang='lat' dir='ltr'>suam</span> <span class='ocrx_word' id='word_1_438' title='bbox 1756 4156 1938 4222; x_wconf 83' lang='lat' dir='ltr'>ponat</span> <span class='ocrx_word' id='word_1_439' title='bbox 1996 4166 2103 4221; x_wconf 93' lang='lat' dir='ltr'>pro</span> 
     </span>
    </p>
   </div>
   <div class='ocr_carea' id='block_1_63' title="bbox 455 4239 2106 4310">
    <p class='ocr_par' dir='ltr' id='par_1_63' title="bbox 455 4239 2106 4310">
     <span class='ocr_line' id='line_1_63' title="bbox 455 4239 2106 4310; baseline -0.001 -15"><span class='ocrx_word' id='word_1_440' title='bbox 455 4241 665 4295; x_wconf 86' lang='lat' dir='ltr'>amicis</span> <span class='ocrx_word' id='word_1_441' title='bbox 696 4241 817 4294; x_wconf 90' lang='lat' dir='ltr'>suis</span> <span class='ocrx_word' id='word_1_442' title='bbox 840 4241 898 4304; x_wconf 68' lang='lat'>3;</span> <span class='ocrx_word' id='word_1_443' title='bbox 932 4258 960 4291; x_wconf 88' lang='grc'>›</span> <span class='ocrx_word' id='word_1_444' title='bbox 994 4241 1041 4293; x_wconf 90' lang='lat' dir='ltr'>si</span> <span class='ocrx_word' id='word_1_445' title='bbox 1079 4255 1188 4310; x_wconf 90' lang='lat' dir='ltr'>pro</span> <span class='ocrx_word' id='word_1_446' title='bbox 1219 4239 1427 4294; x_wconf 86' lang='lat' dir='ltr'>amicis</span> <span class='ocrx_word' id='word_1_447' title='bbox 1460 4254 1621 4304; x_wconf 89' lang='lat' dir='ltr'>vero,</span> <span class='ocrx_word' id='word_1_448' title='bbox 1652 4245 1882 4310; x_wconf 89' lang='lat' dir='ltr'>quanto</span> <span class='ocrx_word' id='word_1_449' title='bbox 1912 4240 2106 4309; x_wconf 88' lang='lat' dir='ltr'>magis</span> 
     </span>
    </p>
   </div>
   <div class='ocr_carea' id='block_1_64' title="bbox 452 4336 2102 4408">
    <p class='ocr_par' dir='ltr' id='par_1_64' title="bbox 452 4336 2102 4408">
     <span class='ocr_line' id='line_1_64' title="bbox 452 4336 2102 4408; baseline 0 -17"><span class='ocrx_word' id='word_1_450' title='bbox 452 4352 563 4408; x_wconf 91' lang='lat' dir='ltr'>pro</span> <span class='ocrx_word' id='word_1_451' title='bbox 597 4337 848 4391; x_wconf 92' lang='lat' dir='ltr'>Domino</span> <span class='ocrx_word' id='word_1_452' title='bbox 887 4351 958 4390; x_wconf 91' lang='lat' dir='ltr'>ac</span> <span class='ocrx_word' id='word_1_453' title='bbox 980 4338 1253 4391; x_wconf 87' lang='lat' dir='ltr'>Creatore</span> <span class='ocrx_word' id='word_1_454' title='bbox 1274 4336 1301 4390; x_wconf 71' lang='lat'>‘2</span> <span class='ocrx_word' id='word_1_455' title='bbox 1329 4336 1584 4405; x_wconf 88' lang='lat' dir='ltr'>Sanguis</span> <span class='ocrx_word' id='word_1_456' title='bbox 1611 4336 1772 4390; x_wconf 88' lang='lat' dir='ltr'>enim</span> <span class='ocrx_word' id='word_1_457' title='bbox 1794 4336 2102 4391; x_wconf 85' lang='lat' dir='ltr'>ardentem</span> 
     </span>
    </p>
   </div>
   <div class='ocr_carea' id='block_1_65' title="bbox 452 4422 2101 4495">
    <p class='ocr_par' dir='ltr' id='par_1_65' title="bbox 452 4422 2101 4495">
     <span class='ocr_line' id='line_1_65' title="bbox 452 4422 2101 4495; baseline -0.001 -15"><span class='ocrx_word' id='word_1_458' title='bbox 452 4424 833 4481; x_wconf 89' lang='lat' dir='ltr'>dilectionem</span> <span class='ocrx_word' id='word_1_459' title='bbox 864 4422 1089 4478; x_wconf 90' lang='lat' dir='ltr'>indicat</span> <span class='ocrx_word' id='word_1_460' title='bbox 1118 4442 1131 4490; x_wconf 89' lang='lat'><strong>;</strong></span> <span class='ocrx_word' id='word_1_461' title='bbox 1159 4424 1443 4495; x_wconf 83' lang='lat' dir='ltr'>lacrymae</span> <span class='ocrx_word' id='word_1_462' title='bbox 1465 4429 1690 4487; x_wconf 90' lang='lat' dir='ltr'>autem,</span> <span class='ocrx_word' id='word_1_463' title='bbox 1712 4429 1767 4478; x_wconf 92' lang='lat' dir='ltr'>ut</span> <span class='ocrx_word' id='word_1_464' title='bbox 1787 4424 1936 4479; x_wconf 89' lang='lat' dir='ltr'>solet</span> <span class='ocrx_word' id='word_1_465' title='bbox 1954 4424 2101 4489; x_wconf 85' lang='lat' dir='ltr'>fieri,</span> 
     </span>
    </p>
   </div>
   <div class='ocr_carea' id='block_1_66' title="bbox 454 4511 2100 4585">
    <p class='ocr_par' dir='ltr' id='par_1_66' title="bbox 454 4511 2100 4585">
     <span class='ocr_line' id='line_1_66' title="bbox 454 4511 2100 4585; baseline -0.001 -15"><span class='ocrx_word' id='word_1_466' title='bbox 454 4513 532 4570; x_wconf 91' lang='lat' dir='ltr'>ob</span> <span class='ocrx_word' id='word_1_467' title='bbox 546 4528 864 4585; x_wconf 63' lang='lat' dir='ltr'>poenarum</span> <span class='ocrx_word' id='word_1_468' title='bbox 879 4512 1153 4567; x_wconf 91' lang='lat' dir='ltr'>timorem</span> <span class='ocrx_word' id='word_1_469' title='bbox 1166 4511 1577 4567; x_wconf 85' lang='lat' dir='ltr'>effunduntur.</span> <span class='ocrx_word' id='word_1_470' title='bbox 1596 4515 1927 4567; x_wconf 88' lang='lat' dir='ltr'>Paucorum</span> <span class='ocrx_word' id='word_1_471' title='bbox 1941 4513 2100 4569; x_wconf 85' lang='lat' dir='ltr'>enim</span> 
     </span>
    </p>
   </div>
   <div class='ocr_carea' id='block_1_67' title="bbox 453 4600 2100 4673">
    <p class='ocr_par' dir='ltr' id='par_1_67' title="bbox 453 4600 2100 4673">
     <span class='ocr_line' id='line_1_67' title="bbox 453 4600 2100 4673; baseline 0 -15"><span class='ocrx_word' id='word_1_472' title='bbox 453 4606 510 4659; x_wconf 92' lang='lat' dir='ltr'>et</span> <span class='ocrx_word' id='word_1_473' title='bbox 533 4602 746 4657; x_wconf 90' lang='lat' dir='ltr'>virtute</span> <span class='ocrx_word' id='word_1_474' title='bbox 776 4600 1175 4673; x_wconf 89' lang='lat' dir='ltr'>perfectorum</span> <span class='ocrx_word' id='word_1_475' title='bbox 1198 4605 1289 4656; x_wconf 90' lang='lat' dir='ltr'>est</span> <span class='ocrx_word' id='word_1_476' title='bbox 1313 4616 1386 4655; x_wconf 85' lang='lat' dir='ltr'>ex</span> <span class='ocrx_word' id='word_1_477' title='bbox 1431 4600 1744 4656; x_wconf 91' lang='lat' dir='ltr'>dilectione</span> <span class='ocrx_word' id='word_1_478' title='bbox 1800 4600 2100 4672; x_wconf 89' lang='lat' dir='ltr'>lacrymas</span> 
     </span>
    </p>
   </div>
   <div class='ocr_carea' id='block_1_68' title="bbox 452 4688 2098 4763">
    <p class='ocr_par' dir='ltr' id='par_1_68' title="bbox 452 4688 2098 4763">
     <span class='ocr_line' id='line_1_68' title="bbox 452 4688 2098 4763; baseline -0.001 -15"><span class='ocrx_word' id='word_1_479' title='bbox 452 4691 757 4749; x_wconf 79' lang='lat' dir='ltr'>effundere</span> <span class='ocrx_word' id='word_1_480' title='bbox 784 4710 798 4757; x_wconf 88' lang='lat'><strong>;</strong></span> <span class='ocrx_word' id='word_1_481' title='bbox 828 4689 933 4762; x_wconf 90' lang='lat' dir='ltr'>qui</span> <span class='ocrx_word' id='word_1_482' title='bbox 965 4688 1063 4744; x_wconf 92' lang='lat' dir='ltr'>Dei</span> <span class='ocrx_word' id='word_1_483' title='bbox 1094 4688 1388 4744; x_wconf 91' lang='lat' dir='ltr'>desiderio</span> <span class='ocrx_word' id='word_1_484' title='bbox 1417 4688 1694 4759; x_wconf 87' lang='lat' dir='ltr'>ﬂagrant,</span> <span class='ocrx_word' id='word_1_485' title='bbox 1716 4704 2098 4763; x_wconf 90' lang='lat' dir='ltr'>quorumque</span> 
     </span>
    </p>
   </div>
   <div class='ocr_carea' id='block_1_69' title="bbox 450 4776 2098 4853">
    <p class='ocr_par' dir='ltr' id='par_1_69' title="bbox 450 4776 2098 4853">
     <span class='ocr_line' id='line_1_69' title="bbox 450 4776 2098 4853; baseline -0.001 -16"><span class='ocrx_word' id='word_1_486' title='bbox 450 4782 666 4838; x_wconf 84' lang='lat' dir='ltr'>animae</span> <span class='ocrx_word' id='word_1_487' title='bbox 696 4795 884 4853; x_wconf 89' lang='lat' dir='ltr'>quam</span> <span class='ocrx_word' id='word_1_488' title='bbox 915 4777 1196 4833; x_wconf 88' lang='lat' dir='ltr'>citissime</span> <span class='ocrx_word' id='word_1_489' title='bbox 1244 4793 1382 4832; x_wconf 93' lang='lat' dir='ltr'>cum</span> <span class='ocrx_word' id='word_1_490' title='bbox 1420 4776 1636 4833; x_wconf 91' lang='lat' dir='ltr'>dilecto</span> <span class='ocrx_word' id='word_1_491' title='bbox 1666 4778 2005 4833; x_wconf 88' lang='lat' dir='ltr'>conversari</span> <span class='ocrx_word' id='word_1_492' title='bbox 2041 4785 2098 4835; x_wconf 94' lang='lat' dir='ltr'>et</span> 
     </span>
    </p>
   </div>
   <div class='ocr_carea' id='block_1_70' title="bbox 456 4865 2096 4942">
    <p class='ocr_par' dir='ltr' id='par_1_70' title="bbox 456 4865 2096 4942">
     <span class='ocr_line' id='line_1_70' title="bbox 456 4865 2096 4942; baseline -0.001 -17"><span class='ocrx_word' id='word_1_493' title='bbox 456 4871 607 4926; x_wconf 91' lang='lat' dir='ltr'>uniri</span> <span class='ocrx_word' id='word_1_494' title='bbox 637 4872 975 4942; x_wconf 88' lang='lat' dir='ltr'>peroptant.</span> <span class='ocrx_word' id='word_1_495' title='bbox 1007 4866 1210 4933; x_wconf 87' lang='lat' dir='ltr'>Qualis</span> <span class='ocrx_word' id='word_1_496' title='bbox 1242 4870 1367 4922; x_wconf 91' lang='lat' dir='ltr'>erat</span> <span class='ocrx_word' id='word_1_497' title='bbox 1392 4866 1485 4922; x_wconf 90' lang='lat' dir='ltr'>ille</span> <span class='ocrx_word' id='word_1_498' title='bbox 1508 4865 1682 4921; x_wconf 91' lang='lat' dir='ltr'>dulce</span> <span class='ocrx_word' id='word_1_499' title='bbox 1706 4882 1932 4922; x_wconf 88' lang='lat' dir='ltr'>sonans</span> <span class='ocrx_word' id='word_1_500' title='bbox 1963 4884 2096 4939; x_wconf 81' lang='lat' dir='ltr'>pro-</span> 
     </span>
    </p>
   </div>
   <div class='ocr_carea' id='block_1_71' title="bbox 450 4954 2095 5030">
    <p class='ocr_par' dir='ltr' id='par_1_71' title="bbox 450 4954 2095 5030">
     <span class='ocr_line' id='line_1_71' title="bbox 450 4954 2095 5030; baseline -0.001 -16"><span class='ocrx_word' id='word_1_501' title='bbox 450 4959 754 5030; x_wconf 85' lang='lat' dir='ltr'>topsaltes,</span> <span class='ocrx_word' id='word_1_502' title='bbox 782 4958 1022 5013; x_wconf 68' lang='lat' dir='ltr'>citharae</span> <span class='ocrx_word' id='word_1_503' title='bbox 1049 4954 1307 5012; x_wconf 85' lang='lat' dir='ltr'>chordas</span> <span class='ocrx_word' id='word_1_504' title='bbox 1327 4956 1467 5011; x_wconf 90' lang='lat' dir='ltr'>scite</span> <span class='ocrx_word' id='word_1_505' title='bbox 1492 4960 1866 5011; x_wconf 90' lang='lat' dir='ltr'>contrectans</span> <span class='ocrx_word' id='word_1_506' title='bbox 1891 4960 2095 5012; x_wconf 86' lang='lat' dir='ltr'>etcan-</span> 
     </span>
    </p>
   </div>
   <div class='ocr_carea' id='block_1_72' title="bbox 450 5042 2095 5115">
    <p class='ocr_par' dir='ltr' id='par_1_72' title="bbox 450 5042 2095 5115">
     <span class='ocr_line' id='line_1_72' title="bbox 450 5042 2095 5115; baseline 0.001 -15"><span class='ocrx_word' id='word_1_507' title='bbox 450 5050 576 5101; x_wconf 90' lang='lat' dir='ltr'>tum</span> <span class='ocrx_word' id='word_1_508' title='bbox 590 5046 883 5103; x_wconf 87' lang='lat' dir='ltr'>blandum</span> <span class='ocrx_word' id='word_1_509' title='bbox 900 5046 1179 5102; x_wconf 90' lang='lat' dir='ltr'>accinens</span> <span class='ocrx_word' id='word_1_510' title='bbox 1191 5048 1248 5100; x_wconf 89' lang='lat' dir='ltr'>et</span> <span class='ocrx_word' id='word_1_511' title='bbox 1275 5059 1479 5099; x_wconf 89' lang='lat' dir='ltr'>amore</span> <span class='ocrx_word' id='word_1_512' title='bbox 1500 5042 1767 5115; x_wconf 88' lang='lat' dir='ltr'>plenum.</span> <span class='ocrx_word' id='word_1_513' title='bbox 1795 5065 1823 5093; x_wconf 90' lang='grc'><em>‹‹</em></span> <span class='ocrx_word' id='word_1_514' title='bbox 1841 5045 1883 5109; x_wconf 82' lang='lat' dir='ltr'><em>Q</em></span> <span class='ocrx_word' id='word_1_515' title='bbox 1894 5045 2095 5101; x_wconf 89' lang='lat' dir='ltr'>uando</span> 
     </span>
    </p>
   </div>
   <div class='ocr_carea' id='block_1_73' title="bbox 449 5132 2096 5206">
    <p class='ocr_par' dir='ltr' id='par_1_73' title="bbox 449 5132 2096 5206">
     <span class='ocr_line' id='line_1_73' title="bbox 449 5132 2096 5206; baseline 0 -16"><span class='ocrx_word' id='word_1_516' title='bbox 449 5134 708 5196; x_wconf 83' lang='lat' dir='ltr'>veniam,</span> <span class='ocrx_word' id='word_1_517' title='bbox 742 5136 841 5205; x_wconf 87' lang='lat' dir='ltr'>ait,</span> <span class='ocrx_word' id='word_1_518' title='bbox 874 5140 930 5190; x_wconf 94' lang='lat' dir='ltr'>et</span> <span class='ocrx_word' id='word_1_519' title='bbox 958 5134 1268 5206; x_wconf 88' lang='lat' dir='ltr'>apparebo</span> <span class='ocrx_word' id='word_1_520' title='bbox 1298 5138 1434 5189; x_wconf 91' lang='lat' dir='ltr'>ante</span> <span class='ocrx_word' id='word_1_521' title='bbox 1462 5132 1676 5189; x_wconf 81' lang='lat' dir='ltr'>faciem</span> <span class='ocrx_word' id='word_1_522' title='bbox 1704 5134 1804 5189; x_wconf 89' lang='lat' dir='ltr'>Dei</span> <span class='ocrx_word' id='word_1_523' title='bbox 1832 5133 1857 5187; x_wconf 86' lang='lat'><strong>?</strong></span> <span class='ocrx_word' id='word_1_524' title='bbox 1908 5137 2096 5190; x_wconf 62' lang='lat' dir='ltr'>Factae</span> 
     </span>
    </p>
   </div>
   <div class='ocr_carea' id='block_1_74' title="bbox 451 5221 2096 5295">
    <p class='ocr_par' dir='ltr' id='par_1_74' title="bbox 451 5221 2096 5295">
     <span class='ocr_line' id='line_1_74' title="bbox 451 5221 2096 5295; baseline 0 -15"><span class='ocrx_word' id='word_1_525' title='bbox 451 5229 591 5280; x_wconf 89' lang='lat' dir='ltr'>sunt</span> <span class='ocrx_word' id='word_1_526' title='bbox 616 5223 766 5279; x_wconf 91' lang='lat' dir='ltr'>mihi</span> <span class='ocrx_word' id='word_1_527' title='bbox 792 5223 1078 5295; x_wconf 85' lang='lat' dir='ltr'>lacrymae</span> <span class='ocrx_word' id='word_1_528' title='bbox 1100 5239 1250 5279; x_wconf 77' lang='lat' dir='ltr'>meae</span> <span class='ocrx_word' id='word_1_529' title='bbox 1280 5238 1469 5295; x_wconf 91' lang='lat' dir='ltr'>panes</span> <span class='ocrx_word' id='word_1_530' title='bbox 1488 5221 1585 5278; x_wconf 87' lang='lat' dir='ltr'>die</span> <span class='ocrx_word' id='word_1_531' title='bbox 1623 5238 1694 5278; x_wconf 91' lang='lat' dir='ltr'>ac</span> <span class='ocrx_word' id='word_1_532' title='bbox 1733 5228 1924 5293; x_wconf 88' lang='lat' dir='ltr'>nocte,</span> <span class='ocrx_word' id='word_1_533' title='bbox 1950 5222 2096 5281; x_wconf 89' lang='lat' dir='ltr'>dum</span> 
     </span>
    </p>
   </div>
   <div class='ocr_carea' id='block_1_75' title="bbox 450 5311 2097 5383">
    <p class='ocr_par' dir='ltr' id='par_1_75' title="bbox 450 5311 2097 5383">
     <span class='ocr_line' id='line_1_75' title="bbox 450 5311 2097 5383; baseline -0.002 -12"><span class='ocrx_word' id='word_1_534' title='bbox 450 5312 1129 5383; x_wconf 87' lang='lat' dir='ltr'>diciturmihiquotidie:</span> <span class='ocrx_word' id='word_1_535' title='bbox 1162 5311 1536 5367; x_wconf 89' lang='lat' dir='ltr'>UbiestDeus</span> <span class='ocrx_word' id='word_1_536' title='bbox 1567 5316 1704 5367; x_wconf 87' lang='lat' dir='ltr'>tuus</span> <span class='ocrx_word' id='word_1_537' title='bbox 1729 5314 1825 5367; x_wconf 72' lang='lat'>5‘?«</span> <span class='ocrx_word' id='word_1_538' title='bbox 1848 5312 2097 5368; x_wconf 75' lang='lat' dir='ltr'>Perinde</span> 
     </span>
    </p>
   </div>
   <div class='ocr_carea' id='block_1_76' title="bbox 448 5400 2099 5474">
    <p class='ocr_par' dir='ltr' id='par_1_76' title="bbox 448 5400 2099 5474">
     <span class='ocr_line' id='line_1_76' title="bbox 448 5400 2099 5474; baseline -0.001 -16"><span class='ocrx_word' id='word_1_539' title='bbox 448 5419 520 5459; x_wconf 91' lang='lat' dir='ltr'>ac</span> <span class='ocrx_word' id='word_1_540' title='bbox 540 5403 591 5457; x_wconf 90' lang='lat' dir='ltr'>si</span> <span class='ocrx_word' id='word_1_541' title='bbox 618 5402 869 5474; x_wconf 89' lang='lat' dir='ltr'>quidam</span> <span class='ocrx_word' id='word_1_542' title='bbox 906 5400 1329 5457; x_wconf 84' lang='lat' dir='ltr'>obtrectatores</span> <span class='ocrx_word' id='word_1_543' title='bbox 1357 5400 1717 5457; x_wconf 67' lang='lat' dir='ltr'>venerandae</span> <span class='ocrx_word' id='word_1_544' title='bbox 1748 5417 1817 5458; x_wconf 85' lang='lat' dir='ltr'>ac</span> <span class='ocrx_word' id='word_1_545' title='bbox 1844 5401 2099 5474; x_wconf 86' lang='lat' dir='ltr'>sapienti</span> 
     </span>
    </p>
   </div>
   <div class='ocr_carea' id='block_1_77' title="bbox 450 5489 2098 5564">
    <p class='ocr_par' dir='ltr' id='par_1_77' title="bbox 450 5489 2098 5564">
     <span class='ocr_line' id='line_1_77' title="bbox 450 5489 2098 5564; baseline 0 -16"><span class='ocrx_word' id='word_1_546' title='bbox 450 5492 621 5548; x_wconf 78' lang='lat' dir='ltr'>uxori</span> <span class='ocrx_word' id='word_1_547' title='bbox 648 5507 784 5564; x_wconf 68' lang='lat' dir='ltr'>qum</span> <span class='ocrx_word' id='word_1_548' title='bbox 804 5489 988 5547; x_wconf 92' lang='lat' dir='ltr'>modo</span> <span class='ocrx_word' id='word_1_549' title='bbox 1021 5489 1228 5562; x_wconf 90' lang='lat' dir='ltr'>sponsi</span> <span class='ocrx_word' id='word_1_550' title='bbox 1267 5490 1611 5547; x_wconf 89' lang='lat' dir='ltr'>societatem</span> <span class='ocrx_word' id='word_1_551' title='bbox 1673 5491 1953 5561; x_wconf 88' lang='lat' dir='ltr'>gustavit,</span> <span class='ocrx_word' id='word_1_552' title='bbox 1995 5491 2098 5548; x_wconf 91' lang='lat' dir='ltr'>ab-</span> 
     </span>
    </p>
   </div>
   <div class='ocr_carea' id='block_1_78' title="bbox 572 5692 1670 5765">
    <p class='ocr_par' dir='ltr' id='par_1_78' title="bbox 572 5692 1670 5765">
     <span class='ocr_line' id='line_1_78' title="bbox 572 5692 1670 5765; baseline -0.005 -10"><span class='ocrx_word' id='word_1_553' title='bbox 572 5700 746 5755; x_wconf 87' lang='lat' dir='ltr'>Prov.</span> <span class='ocrx_word' id='word_1_554' title='bbox 776 5710 851 5753; x_wconf 76' lang='lat' dir='ltr'>Y1.</span> <span class='ocrx_word' id='word_1_555' title='bbox 882 5697 977 5754; x_wconf 79' lang='grc'><strong>34.</strong></span> <span class='ocrx_word' id='word_1_556' title='bbox 1097 5694 1120 5729; x_wconf 78' lang='grc'><strong>⁸</strong></span> <span class='ocrx_word' id='word_1_557' title='bbox 1143 5692 1343 5751; x_wconf 79' lang='lat' dir='ltr'>Matth.</span> <span class='ocrx_word' id='word_1_558' title='bbox 1369 5708 1543 5765; x_wconf 80' lang='lat' dir='ltr'>xxvn,</span> <span class='ocrx_word' id='word_1_559' title='bbox 1575 5697 1670 5749; x_wconf 84' lang='lat'>25.</span> 
     </span>
    </p>
   </div>
   <div class='ocr_carea' id='block_1_79' title="bbox 1788 5694 2256 5765">
    <p class='ocr_par' dir='ltr' id='par_1_79' title="bbox 1788 5694 2256 5765">
     <span class='ocr_line' id='line_1_79' title="bbox 1788 5694 2256 5765; baseline 0.004 -15"><span class='ocrx_word' id='word_1_560' title='bbox 1788 5694 1810 5729; x_wconf 76' lang='grc'>⁵</span> <span class='ocrx_word' id='word_1_561' title='bbox 1833 5695 2006 5751; x_wconf 77' lang='lat' dir='ltr'>Joan.</span> <span class='ocrx_word' id='word_1_562' title='bbox 2034 5709 2130 5765; x_wconf 82' lang='lat' dir='ltr'>xv,</span> <span class='ocrx_word' id='word_1_563' title='bbox 2164 5695 2256 5752; x_wconf 80' lang='grc'>13.</span> 
     </span>
    </p>
   </div>
   <div class='ocr_carea' id='block_1_80' title="bbox 2214 1917 3823 1992">
    <p class='ocr_par' dir='ltr' id='par_1_80' title="bbox 2214 1917 3823 1992">
     <span class='ocr_line' id='line_1_80' title="bbox 2214 1917 3823 1992; baseline 0.002 -21"><span class='ocrx_word' id='word_1_564' title='bbox 2214 1928 2465 1991; x_wconf 75' lang='grc' dir='ltr'>Χριστοῦ,</span> <span class='ocrx_word' id='word_1_565' title='bbox 2501 1943 2525 1969; x_wconf 91' lang='grc'><em>‹‹</em></span> <span class='ocrx_word' id='word_1_566' title='bbox 2561 1923 2630 1971; x_wconf 84' lang='grc' dir='ltr'>Τὸ</span> <span class='ocrx_word' id='word_1_567' title='bbox 2665 1921 2795 1992; x_wconf 85' lang='grc' dir='ltr'>αἷμα</span> <span class='ocrx_word' id='word_1_568' title='bbox 2826 1919 2986 1971; x_wconf 82' lang='grc' dir='ltr'>αύτοῡ</span> <span class='ocrx_word' id='word_1_569' title='bbox 3017 1917 3072 1991; x_wconf 76' lang='grc' dir='ltr'>ἐφ</span> <span class='ocrx_word' id='word_1_570' title='bbox 3137 1920 3292 1991; x_wconf 74' lang='grc' dir='ltr'>ἡμᾶς,</span> <span class='ocrx_word' id='word_1_571' title='bbox 3338 1939 3427 1971; x_wconf 90' lang='grc' dir='ltr'>και</span> <span class='ocrx_word' id='word_1_572' title='bbox 3483 1918 3567 1971; x_wconf 81' lang='grc' dir='ltr'>ἐπί</span> <span class='ocrx_word' id='word_1_573' title='bbox 3613 1925 3680 1972; x_wconf 86' lang='grc' dir='ltr'>τὰ</span> <span class='ocrx_word' id='word_1_574' title='bbox 3738 1927 3823 1974; x_wconf 76' lang='grc' dir='ltr'>τέ-</span> 
     </span>
    </p>
   </div>
   <div class='ocr_carea' id='block_1_81' title="bbox 2207 2003 3823 2081">
    <p class='ocr_par' dir='ltr' id='par_1_81' title="bbox 2207 2003 3823 2081">
     <span class='ocr_line' id='line_1_81' title="bbox 2207 2003 3823 2081; baseline 0.002 -23"><span class='ocrx_word' id='word_1_575' title='bbox 2207 2028 2303 2059; x_wconf 87' lang='grc' dir='ltr'>κνα</span> <span class='ocrx_word' id='word_1_576' title='bbox 2333 2010 2499 2081; x_wconf 75' lang='grc' dir='ltr'>ἡμῶν·</span> <span class='ocrx_word' id='word_1_577' title='bbox 2540 2031 2565 2056; x_wconf 76' lang='grc' dir='ltr'>ι)</span> <span class='ocrx_word' id='word_1_578' title='bbox 2616 2009 2780 2069; x_wconf 74' lang='grc' dir='ltr'>οὕτως</span> <span class='ocrx_word' id='word_1_579' title='bbox 2834 2009 2859 2059; x_wconf 94' lang='lat'>6</span> <span class='ocrx_word' id='word_1_580' title='bbox 2917 2003 3205 2070; x_wconf 77' lang='grc' dir='ltr'>λυσσώδης</span> <span class='ocrx_word' id='word_1_581' title='bbox 3256 2007 3447 2070; x_wconf 79' lang='grc' dir='ltr'>ἐκεῖνος</span> <span class='ocrx_word' id='word_1_582' title='bbox 3495 2028 3583 2061; x_wconf 92' lang='grc' dir='ltr'>και</span> <span class='ocrx_word' id='word_1_583' title='bbox 3639 2010 3823 2068; x_wconf 73' lang='grc' dir='ltr'>ἄπλη-</span> 
     </span>
    </p>
   </div>
   <div class='ocr_carea' id='block_1_82' title="bbox 2210 2094 3824 2171">
    <p class='ocr_par' dir='ltr' id='par_1_82' title="bbox 2210 2094 3824 2171">
     <span class='ocr_line' id='line_1_82' title="bbox 2210 2094 3824 2171; baseline 0.002 -22"><span class='ocrx_word' id='word_1_584' title='bbox 2210 2116 2332 2157; x_wconf 87' lang='grc' dir='ltr'>στος</span> <span class='ocrx_word' id='word_1_585' title='bbox 2403 2096 2556 2157; x_wconf 85' lang='grc' dir='ltr'>λύκος</span> <span class='ocrx_word' id='word_1_586' title='bbox 2628 2094 2900 2157; x_wconf 79' lang='grc' dir='ltr'>ἐνεθισθείς</span> <span class='ocrx_word' id='word_1_587' title='bbox 2974 2096 3191 2158; x_wconf 79' lang='grc' dir='ltr'>ἁπαλοῖς</span> <span class='ocrx_word' id='word_1_588' title='bbox 3267 2096 3462 2169; x_wconf 80' lang='grc' dir='ltr'>ἀρνίοις</span> <span class='ocrx_word' id='word_1_589' title='bbox 3526 2096 3824 2171; x_wconf 75' lang='grc' dir='ltr'>ἑπιπηδᾷν,</span> 
     </span>
    </p>
   </div>
   <div class='ocr_carea' id='block_1_83' title="bbox 2207 2182 3816 2259">
    <p class='ocr_par' dir='ltr' id='par_1_83' title="bbox 2207 2182 3816 2259">
     <span class='ocr_line' id='line_1_83' title="bbox 2207 2182 3816 2259; baseline 0.002 -22"><span class='ocrx_word' id='word_1_590' title='bbox 2207 2206 2295 2237; x_wconf 88' lang='grc' dir='ltr'>και</span> <span class='ocrx_word' id='word_1_591' title='bbox 2325 2193 2434 2246; x_wconf 90' lang='grc' dir='ltr'>τοῖς</span> <span class='ocrx_word' id='word_1_592' title='bbox 2474 2186 2679 2246; x_wconf 77' lang='grc' dir='ltr'>οἰκείοις</span> <span class='ocrx_word' id='word_1_593' title='bbox 2725 2182 2993 2238; x_wconf 81' lang='grc' dir='ltr'>λυκιδέσιν</span> <span class='ocrx_word' id='word_1_594' title='bbox 3046 2189 3109 2247; x_wconf 84' lang='grc' dir='ltr'>ὡς</span> <span class='ocrx_word' id='word_1_595' title='bbox 3159 2192 3397 2259; x_wconf 86' lang='grc' dir='ltr'>μεμηνὼς</span> <span class='ocrx_word' id='word_1_596' title='bbox 3451 2186 3816 2248; x_wconf 83' lang='grc' dir='ltr'>ἐπελύττησεν,</span> 
     </span>
    </p>
   </div>
   <div class='ocr_carea' id='block_1_84' title="bbox 2208 2274 3820 2351">
    <p class='ocr_par' dir='ltr' id='par_1_84' title="bbox 2208 2274 3820 2351">
     <span class='ocr_line' id='line_1_84' title="bbox 2208 2274 3820 2351; baseline 0.001 -23"><span class='ocrx_word' id='word_1_597' title='bbox 2208 2274 2364 2328; x_wconf 78' lang='grc' dir='ltr'>Ἀλλά</span> <span class='ocrx_word' id='word_1_598' title='bbox 2392 2277 2551 2350; x_wconf 78' lang='grc' dir='ltr'>χάρις</span> <span class='ocrx_word' id='word_1_599' title='bbox 2581 2284 2651 2345; x_wconf 76' lang='grc' dir='ltr'>τῷ</span> <span class='ocrx_word' id='word_1_600' title='bbox 2693 2284 2826 2345; x_wconf 78' lang='grc' dir='ltr'>Θεῷ,</span> <span class='ocrx_word' id='word_1_601' title='bbox 2886 2282 2958 2346; x_wconf 81' lang='grc' dir='ltr'>τῷ</span> <span class='ocrx_word' id='word_1_602' title='bbox 3027 2280 3097 2348; x_wconf 81' lang='grc' dir='ltr'>μὴ</span> <span class='ocrx_word' id='word_1_603' title='bbox 3159 2285 3525 2351; x_wconf 75' lang='grc' dir='ltr'>συγχωρούντι</span> <span class='ocrx_word' id='word_1_604' title='bbox 3549 2283 3668 2339; x_wconf 81' lang='grc' dir='ltr'>τούς</span> <span class='ocrx_word' id='word_1_605' title='bbox 3696 2275 3820 2330; x_wconf 75' lang='grc' dir='ltr'>ἀδι-</span> 
     </span>
    </p>
   </div>
   <div class='ocr_carea' id='block_1_85' title="bbox 2208 2361 3823 2441">
    <p class='ocr_par' dir='ltr' id='par_1_85' title="bbox 2208 2361 3823 2441">
     <span class='ocr_line' id='line_1_85' title="bbox 2208 2361 3823 2441; baseline 0.004 -26"><span class='ocrx_word' id='word_1_606' title='bbox 2208 2374 2427 2426; x_wconf 67' lang='grc' dir='ltr'>κοῦντας</span> <span class='ocrx_word' id='word_1_607' title='bbox 2494 2369 2582 2425; x_wconf 76' lang='grc' dir='ltr'>τὰς</span> <span class='ocrx_word' id='word_1_608' title='bbox 2629 2374 2723 2426; x_wconf 81' lang='grc' dir='ltr'>τῆς</span> <span class='ocrx_word' id='word_1_609' title='bbox 2783 2361 2940 2428; x_wconf 85' lang='grc' dir='ltr'>δίκης</span> <span class='ocrx_word' id='word_1_610' title='bbox 2996 2374 3180 2440; x_wconf 84' lang='grc' dir='ltr'>χεῖρας</span> <span class='ocrx_word' id='word_1_611' title='bbox 3248 2362 3663 2441; x_wconf 72' lang='grc' dir='ltr'>ἀποδιδράσκειν</span> <span class='ocrx_word' id='word_1_612' title='bbox 3728 2368 3823 2422; x_wconf 76' lang='grc' dir='ltr'>ἐπὶ</span> 
     </span>
    </p>
   </div>
   <div class='ocr_carea' id='block_1_86' title="bbox 2208 2450 3825 2528">
    <p class='ocr_par' dir='ltr' id='par_1_86' title="bbox 2208 2450 3825 2528">
     <span class='ocr_line' id='line_1_86' title="bbox 2208 2450 3825 2528; baseline 0.004 -25"><span class='ocrx_word' id='word_1_613' title='bbox 2208 2453 2359 2519; x_wconf 81' lang='grc' dir='ltr'>πολύ,</span> <span class='ocrx_word' id='word_1_614' title='bbox 2394 2452 2498 2504; x_wconf 80' lang='grc' dir='ltr'>ἀλλ’</span> <span class='ocrx_word' id='word_1_615' title='bbox 2541 2450 2924 2524; x_wconf 73' lang='grc' dir='ltr'>ἐνδοξαξομένῳ</span> <span class='ocrx_word' id='word_1_616' title='bbox 2983 2452 3030 2504; x_wconf 82' lang='grc' dir='ltr'>ἐν</span> <span class='ocrx_word' id='word_1_617' title='bbox 3086 2460 3292 2528; x_wconf 79' lang='grc' dir='ltr'>Φαραὼ,</span> <span class='ocrx_word' id='word_1_618' title='bbox 3349 2475 3436 2507; x_wconf 88' lang='grc' dir='ltr'>και</span> <span class='ocrx_word' id='word_1_619' title='bbox 3477 2460 3520 2507; x_wconf 83' lang='grc' dir='ltr'>εἰ</span> <span class='ocrx_word' id='word_1_620' title='bbox 3558 2476 3636 2518; x_wconf 88' lang='grc' dir='ltr'>τις</span> <span class='ocrx_word' id='word_1_621' title='bbox 3697 2460 3825 2510; x_wconf 76' lang='grc' dir='ltr'>κατ’</span> 
     </span>
    </p>
   </div>
   <div class='ocr_carea' id='block_1_87' title="bbox 2212 2538 3820 2623">
    <p class='ocr_par' dir='ltr' id='par_1_87' title="bbox 2212 2538 3820 2620">
     <span class='ocr_line' id='line_1_87' title="bbox 2212 2538 3820 2620; baseline 0.006 -30"><span class='ocrx_word' id='word_1_622' title='bbox 2212 2538 2397 2594; x_wconf 73' lang='grc' dir='ltr'>ἐκεῖνον</span> <span class='ocrx_word' id='word_1_623' title='bbox 2432 2539 2868 2616; x_wconf 83' lang='grc' dir='ltr'>σκληροκάρδιος,</span> <span class='ocrx_word' id='word_1_624' title='bbox 2935 2563 3023 2595; x_wconf 87' lang='grc' dir='ltr'>και</span> <span class='ocrx_word' id='word_1_625' title='bbox 3086 2545 3231 2596; x_wconf 78' lang='grc' dir='ltr'>θείων</span> <span class='ocrx_word' id='word_1_626' title='bbox 3295 2545 3656 2620; x_wconf 82' lang='grc' dir='ltr'>κατολιγωρών</span> <span class='ocrx_word' id='word_1_627' title='bbox 3723 2568 3820 2601; x_wconf 86' lang='grc' dir='ltr'>κε-</span> 
     </span>
    </p>
   </div>
   <div class='ocr_carea' id='block_1_88' title="bbox 2212 2631 3822 2707">
    <p class='ocr_par' dir='ltr' id='par_1_88' title="bbox 2212 2631 3822 2707">
     <span class='ocr_line' id='line_1_88' title="bbox 2212 2631 3822 2707; baseline 0.004 -24"><span class='ocrx_word' id='word_1_628' title='bbox 2212 2632 2535 2704; x_wconf 83' lang='grc' dir='ltr'>λευσμάτων,</span> <span class='ocrx_word' id='word_1_629' title='bbox 2613 2652 2703 2683; x_wconf 90' lang='grc' dir='ltr'>και</span> <span class='ocrx_word' id='word_1_630' title='bbox 2802 2639 3229 2707; x_wconf 81' lang='grc' dir='ltr'>κατοφρυωμενος</span> <span class='ocrx_word' id='word_1_631' title='bbox 3323 2631 3447 2687; x_wconf 73' lang='grc' dir='ltr'>λαού</span> <span class='ocrx_word' id='word_1_632' title='bbox 3549 2648 3822 2696; x_wconf 69' lang='grc' dir='ltr'>ταπεινοῦ.</span> 
     </span>
    </p>
   </div>
   <div class='ocr_carea' id='block_1_89' title="bbox 2216 2717 3824 2793">
    <p class='ocr_par' dir='ltr' id='par_1_89' title="bbox 2216 2717 3824 2793">
     <span class='ocr_line' id='line_1_89' title="bbox 2216 2717 3824 2793; baseline 0.004 -20"><span class='ocrx_word' id='word_1_633' title='bbox 2216 2720 2348 2774; x_wconf 82' lang='grc' dir='ltr'>Ἀλλ’</span> <span class='ocrx_word' id='word_1_634' title='bbox 2378 2720 2568 2773; x_wconf 81' lang='grc' dir='ltr'>ἐπαίειν</span> <span class='ocrx_word' id='word_1_635' title='bbox 2599 2723 2719 2793; x_wconf 85' lang='grc' dir='ltr'>οῐρτι</span> <span class='ocrx_word' id='word_1_636' title='bbox 2761 2717 2901 2773; x_wconf 88' lang='grc' dir='ltr'>δοκώ</span> <span class='ocrx_word' id='word_1_637' title='bbox 2961 2722 3197 2793; x_wconf 86' lang='grc' dir='ltr'>λέγοντος</span> <span class='ocrx_word' id='word_1_638' title='bbox 3265 2732 3356 2775; x_wconf 78' lang='grc' dir='ltr'>τοῦ</span> <span class='ocrx_word' id='word_1_639' title='bbox 3419 2733 3573 2778; x_wconf 73' lang='grc' dir='ltr'>Θεοῦ·</span> <span class='ocrx_word' id='word_1_640' title='bbox 3642 2727 3824 2786; x_wconf 77' lang='grc' dir='ltr'>Λάληο</span> 
     </span>
    </p>
   </div>
   <div class='ocr_carea' id='block_1_90' title="bbox 2217 2809 3820 2885">
    <p class='ocr_par' dir='ltr' id='par_1_90' title="bbox 2217 2809 3820 2885">
     <span class='ocr_line' id='line_1_90' title="bbox 2217 2809 3820 2885; baseline 0.004 -24"><span class='ocrx_word' id='word_1_641' title='bbox 2217 2829 2305 2862; x_wconf 91' lang='grc' dir='ltr'>σον</span> <span class='ocrx_word' id='word_1_642' title='bbox 2327 2818 2430 2870; x_wconf 87' lang='grc' dir='ltr'>τοίς</span> <span class='ocrx_word' id='word_1_643' title='bbox 2456 2813 2587 2872; x_wconf 79' lang='grc' dir='ltr'>υἱοῖς</span> <span class='ocrx_word' id='word_1_644' title='bbox 2618 2818 2708 2862; x_wconf 79' lang='grc' dir='ltr'>τοῦ</span> <span class='ocrx_word' id='word_1_645' title='bbox 2753 2816 2867 2862; x_wconf 81' lang='grc' dir='ltr'>νέου</span> <span class='ocrx_word' id='word_1_646' title='bbox 2919 2809 3151 2885; x_wconf 78' lang='grc' dir='ltr'>Ἰσραὴλ,</span> <span class='ocrx_word' id='word_1_647' title='bbox 3210 2818 3299 2863; x_wconf 87' lang='grc' dir='ltr'>καὶ</span> <span class='ocrx_word' id='word_1_648' title='bbox 3360 2811 3820 2881; x_wconf 77' lang='grc' dir='ltr'>ἀναζευξάτωσαν,</span> 
     </span>
    </p>
   </div>
   <div class='ocr_carea' id='block_1_91' title="bbox 2215 2899 3819 2975">
    <p class='ocr_par' dir='ltr' id='par_1_91' title="bbox 2215 2899 3819 2975">
     <span class='ocr_line' id='line_1_91' title="bbox 2215 2899 3819 2975; baseline 0.01 -25"><span class='ocrx_word' id='word_1_649' title='bbox 2215 2899 2307 2951; x_wconf 73' lang='grc' dir='ltr'>οὐκ</span> <span class='ocrx_word' id='word_1_650' title='bbox 2334 2899 2388 2962; x_wconf 81' lang='grc' dir='ltr'>ἐξ</span> <span class='ocrx_word' id='word_1_651' title='bbox 2420 2900 2684 2971; x_wconf 83' lang='grc' dir='ltr'>Αἰγύπτου</span> <span class='ocrx_word' id='word_1_652' title='bbox 2734 2902 2858 2975; x_wconf 86' lang='grc' dir='ltr'>πρὸς</span> <span class='ocrx_word' id='word_1_653' title='bbox 2884 2904 2971 2957; x_wconf 72' lang='grc' dir='ltr'>τὴν</span> <span class='ocrx_word' id='word_1_654' title='bbox 3004 2900 3276 2973; x_wconf 78' lang='grc' dir='ltr'>Ἐρυθρὰν,</span> <span class='ocrx_word' id='word_1_655' title='bbox 3306 2900 3411 2953; x_wconf 78' lang='grc' dir='ltr'>ἀλλ’</span> <span class='ocrx_word' id='word_1_656' title='bbox 3461 2902 3515 2954; x_wconf 71' lang='grc' dir='ltr'><em>ἐκ</em></span> <span class='ocrx_word' id='word_1_657' title='bbox 3568 2913 3664 2965; x_wconf 75' lang='grc' dir='ltr'>τῆς</span> <span class='ocrx_word' id='word_1_658' title='bbox 3714 2915 3819 2957; x_wconf 81' lang='grc' dir='ltr'>τῶν</span> 
     </span>
    </p>
   </div>
   <div class='ocr_carea' id='block_1_92' title="bbox 2216 2987 3821 3062">
    <p class='ocr_par' dir='ltr' id='par_1_92' title="bbox 2216 2987 3821 3062">
     <span class='ocr_line' id='line_1_92' title="bbox 2216 2987 3821 3062; baseline 0.004 -23"><span class='ocrx_word' id='word_1_659' title='bbox 2216 2991 2447 3059; x_wconf 74' lang='grc' dir='ltr'>αἱμάτων</span> <span class='ocrx_word' id='word_1_660' title='bbox 2487 2987 2700 3062; x_wconf 80' lang='grc' dir='ltr'>ἐρυθρᾶς</span> <span class='ocrx_word' id='word_1_661' title='bbox 2738 2991 2853 3050; x_wconf 76' lang='grc' dir='ltr'>ἣτις</span> <span class='ocrx_word' id='word_1_662' title='bbox 2921 2993 3008 3040; x_wconf 87' lang='grc' dir='ltr'>τὸν</span> <span class='ocrx_word' id='word_1_663' title='bbox 3063 2994 3170 3041; x_wconf 75' lang='grc' dir='ltr'>νέον</span> <span class='ocrx_word' id='word_1_664' title='bbox 3231 2996 3417 3062; x_wconf 78' lang='grc' dir='ltr'>Φαραὼ</span> <span class='ocrx_word' id='word_1_665' title='bbox 3482 3012 3571 3044; x_wconf 88' lang='grc' dir='ltr'>και</span> <span class='ocrx_word' id='word_1_666' title='bbox 3626 2990 3821 3045; x_wconf 65' lang='grc' dir='ltr'>παιδος</span> 
     </span>
    </p>
   </div>
   <div class='ocr_carea' id='block_1_93' title="bbox 2216 3076 3817 3153">
    <p class='ocr_par' dir='ltr' id='par_1_93' title="bbox 2216 3076 3817 3153">
     <span class='ocr_line' id='line_1_93' title="bbox 2216 3076 3817 3153; baseline 0.004 -25"><span class='ocrx_word' id='word_1_667' title='bbox 2216 3082 2389 3129; x_wconf 86' lang='grc' dir='ltr'>κτόνον</span> <span class='ocrx_word' id='word_1_668' title='bbox 2447 3076 2682 3139; x_wconf 76' lang='grc' dir='ltr'>ἐξωλεσεν</span> <span class='ocrx_word' id='word_1_669' title='bbox 2733 3076 2933 3149; x_wconf 79' lang='grc' dir='ltr'>(ἀθώου</span> <span class='ocrx_word' id='word_1_670' title='bbox 2996 3081 3095 3153; x_wconf 82' lang='grc' dir='ltr'>γὰρ</span> <span class='ocrx_word' id='word_1_671' title='bbox 3164 3081 3385 3152; x_wconf 84' lang='grc' dir='ltr'>αἵματος</span> <span class='ocrx_word' id='word_1_672' title='bbox 3448 3085 3609 3153; x_wconf 86' lang='grc' dir='ltr'>χύσις</span> <span class='ocrx_word' id='word_1_673' title='bbox 3663 3084 3817 3134; x_wconf 81' lang='grc' dir='ltr'>θάνα-</span> 
     </span>
    </p>
   </div>
   <div class='ocr_carea' id='block_1_94' title="bbox 2217 3166 3817 3243">
    <p class='ocr_par' dir='ltr' id='par_1_94' title="bbox 2217 3166 3817 3243">
     <span class='ocr_line' id='line_1_94' title="bbox 2217 3166 3817 3243; baseline 0.004 -25"><span class='ocrx_word' id='word_1_674' title='bbox 2217 3187 2298 3227; x_wconf 91' lang='grc' dir='ltr'>τος</span> <span class='ocrx_word' id='word_1_675' title='bbox 2346 3176 2418 3219; x_wconf 83' lang='grc' dir='ltr'>τῶ</span> <span class='ocrx_word' id='word_1_676' title='bbox 2475 3166 2737 3238; x_wconf 83' lang='grc' dir='ltr'>ἐκχέαντι)</span> <span class='ocrx_word' id='word_1_677' title='bbox 2804 3173 2932 3239; x_wconf 84' lang='grc' dir='ltr'>πρός</span> <span class='ocrx_word' id='word_1_678' title='bbox 3004 3173 3089 3220; x_wconf 87' lang='grc' dir='ltr'>τόν</span> <span class='ocrx_word' id='word_1_679' title='bbox 3141 3168 3293 3220; x_wconf 78' lang='grc' dir='ltr'>καλὸν</span> <span class='ocrx_word' id='word_1_680' title='bbox 3348 3168 3637 3243; x_wconf 73' lang='grc' dir='ltr'>Ἰορδάνην,</span> <span class='ocrx_word' id='word_1_681' title='bbox 3720 3178 3817 3232; x_wconf 73' lang='grc' dir='ltr'>τήν</span> 
     </span>
    </p>
   </div>
   <div class='ocr_carea' id='block_1_95' title="bbox 2218 3255 3818 3335">
    <p class='ocr_par' dir='ltr' id='par_1_95' title="bbox 2218 3255 3818 3335">
     <span class='ocr_line' id='line_1_95' title="bbox 2218 3255 3818 3335; baseline 0.003 -27"><span class='ocrx_word' id='word_1_682' title='bbox 2218 3258 2405 3308; x_wconf 78' lang='grc' dir='ltr'>ἄπονον</span> <span class='ocrx_word' id='word_1_683' title='bbox 2435 3259 2691 3329; x_wconf 84' lang='grc' dir='ltr'>κάθαρσιν</span> <span class='ocrx_word' id='word_1_684' title='bbox 2717 3266 2815 3307; x_wconf 83' lang='grc' dir='ltr'>τῶν</span> <span class='ocrx_word' id='word_1_685' title='bbox 2855 3255 3135 3328; x_wconf 77' lang='grc' dir='ltr'>ἀνθρώπων</span> <span class='ocrx_word' id='word_1_686' title='bbox 3188 3277 3277 3310; x_wconf 88' lang='grc' dir='ltr'>και</span> <span class='ocrx_word' id='word_1_687' title='bbox 3327 3260 3586 3332; x_wconf 84' lang='grc' dir='ltr'>οἷμοχθον.</span> <span class='ocrx_word' id='word_1_688' title='bbox 3646 3269 3818 3335; x_wconf 80' lang='grc' dir='ltr'>Τριῶν</span> 
     </span>
    </p>
   </div>
   <div class='ocr_carea' id='block_1_96' title="bbox 2217 3343 3818 3420">
    <p class='ocr_par' dir='ltr' id='par_1_96' title="bbox 2217 3343 3818 3420">
     <span class='ocr_line' id='line_1_96' title="bbox 2217 3343 3818 3420; baseline 0.004 -24"><span class='ocrx_word' id='word_1_689' title='bbox 2217 3349 2318 3420; x_wconf 63' lang='grc' dir='ltr'>γάρ</span> <span class='ocrx_word' id='word_1_690' title='bbox 2350 3350 2503 3397; x_wconf 74' lang='grc' dir='ltr'>ὄντων</span> <span class='ocrx_word' id='word_1_691' title='bbox 2543 3347 2905 3420; x_wconf 80' lang='grc' dir='ltr'>καθαρτηρίων</span> <span class='ocrx_word' id='word_1_692' title='bbox 2960 3355 3059 3397; x_wconf 85' lang='grc' dir='ltr'>τῶν</span> <span class='ocrx_word' id='word_1_693' title='bbox 3115 3343 3529 3409; x_wconf 71' lang='grc' dir='ltr'>διαϐιϐαζόντων</span> <span class='ocrx_word' id='word_1_694' title='bbox 3586 3351 3659 3413; x_wconf 83' lang='grc' dir='ltr'>εἰς</span> <span class='ocrx_word' id='word_1_695' title='bbox 3721 3357 3818 3409; x_wconf 75' lang='grc' dir='ltr'>τήν</span> 
     </span>
    </p>
   </div>
   <div class='ocr_carea' id='block_1_97' title="bbox 2216 3430 3820 3510">
    <p class='ocr_par' dir='ltr' id='par_1_97' title="bbox 2216 3430 3820 3510">
     <span class='ocr_line' id='line_1_97' title="bbox 2216 3430 3820 3510; baseline 0.004 -26"><span class='ocrx_word' id='word_1_696' title='bbox 2216 3433 2508 3501; x_wconf 80' lang='grc' dir='ltr'>ἔκπλευσιν,</span> <span class='ocrx_word' id='word_1_697' title='bbox 2567 3453 2657 3484; x_wconf 89' lang='grc' dir='ltr'>και</span> <span class='ocrx_word' id='word_1_698' title='bbox 2713 3436 2778 3484; x_wconf 82' lang='grc' dir='ltr'>τα</span> <span class='ocrx_word' id='word_1_699' title='bbox 2824 3430 3181 3507; x_wconf 83' lang='grc' dir='ltr'>ἐπιτρίμματα</span> <span class='ocrx_word' id='word_1_700' title='bbox 3227 3444 3323 3486; x_wconf 87' lang='grc' dir='ltr'>τῶν</span> <span class='ocrx_word' id='word_1_701' title='bbox 3378 3436 3612 3488; x_wconf 79' lang='grc' dir='ltr'>παλαιῶν</span> <span class='ocrx_word' id='word_1_702' title='bbox 3663 3439 3820 3510; x_wconf 83' lang='grc' dir='ltr'>μολυ-</span> 
     </span>
    </p>
   </div>
   <div class='ocr_carea' id='block_1_98' title="bbox 2218 3520 3817 3602">
    <p class='ocr_par' dir='ltr' id='par_1_98' title="bbox 2218 3520 3817 3602">
     <span class='ocr_line' id='line_1_98' title="bbox 2218 3520 3817 3602; baseline 0.004 -30"><span class='ocrx_word' id='word_1_703' title='bbox 2218 3532 2359 3594; x_wconf 83' lang='grc' dir='ltr'>σμῶν</span> <span class='ocrx_word' id='word_1_704' title='bbox 2420 3522 2583 3574; x_wconf 62' lang='grc' dir='ltr'>τελεον</span> <span class='ocrx_word' id='word_1_705' title='bbox 2643 3520 3043 3587; x_wconf 76' lang='grc' dir='ltr'>ἂπονιπτόντων,</span> <span class='ocrx_word' id='word_1_706' title='bbox 3102 3521 3492 3597; x_wconf 70' lang='grc' dir='ltr'>βαπτίσματος,</span> <span class='ocrx_word' id='word_1_707' title='bbox 3549 3523 3817 3602; x_wconf 79' lang='grc' dir='ltr'>δακρύων,</span> 
     </span>
    </p>
   </div>
   <div class='ocr_carea' id='block_1_99' title="bbox 2213 3608 3817 3692">
    <p class='ocr_par' dir='ltr' id='par_1_99' title="bbox 2213 3608 3817 3692">
     <span class='ocr_line' id='line_1_99' title="bbox 2213 3608 3817 3692; baseline 0.004 -30"><span class='ocrx_word' id='word_1_708' title='bbox 2213 3632 2301 3663; x_wconf 85' lang='grc' dir='ltr'>και</span> <span class='ocrx_word' id='word_1_709' title='bbox 2331 3620 2420 3663; x_wconf 79' lang='grc' dir='ltr'>τοῦ</span> <span class='ocrx_word' id='word_1_710' title='bbox 2454 3608 2527 3663; x_wconf 83' lang='grc' dir='ltr'>δι’</span> <span class='ocrx_word' id='word_1_711' title='bbox 2558 3614 2771 3683; x_wconf 85' lang='grc' dir='ltr'>αἳματος</span> <span class='ocrx_word' id='word_1_712' title='bbox 2810 3617 3120 3686; x_wconf 72' lang='grc' dir='ltr'>μαρτυρίου,</span> <span class='ocrx_word' id='word_1_713' title='bbox 3178 3610 3365 3677; x_wconf 77' lang='grc' dir='ltr'>ἔδειξεν</span> <span class='ocrx_word' id='word_1_714' title='bbox 3415 3617 3440 3666; x_wconf 91' lang='lat'>6</span> <span class='ocrx_word' id='word_1_715' title='bbox 3491 3619 3817 3692; x_wconf 79' lang='grc' dir='ltr'>ἑνανθρωπη-</span> 
     </span>
    </p>
   </div>
   <div class='ocr_carea' id='block_1_100' title="bbox 2215 3700 3819 3778">
    <p class='ocr_par' dir='ltr' id='par_1_100' title="bbox 2215 3700 3819 3778">
     <span class='ocr_line' id='line_1_100' title="bbox 2215 3700 3819 3778; baseline 0.004 -26"><span class='ocrx_word' id='word_1_716' title='bbox 2215 3721 2311 3762; x_wconf 87' lang='grc' dir='ltr'>σας</span> <span class='ocrx_word' id='word_1_717' title='bbox 2342 3706 2469 3762; x_wconf 88' lang='grc' dir='ltr'>Θεός</span> <span class='ocrx_word' id='word_1_718' title='bbox 2500 3700 2553 3752; x_wconf 84' lang='grc' dir='ltr'>ἐκ</span> <span class='ocrx_word' id='word_1_719' title='bbox 2592 3706 2878 3774; x_wconf 74' lang='grc' dir='ltr'>προοιμίων</span> <span class='ocrx_word' id='word_1_720' title='bbox 2935 3701 3100 3753; x_wconf 84' lang='grc' dir='ltr'>αύτῶν</span> <span class='ocrx_word' id='word_1_721' title='bbox 3147 3711 3242 3764; x_wconf 84' lang='grc' dir='ltr'>τῆς</span> <span class='ocrx_word' id='word_1_722' title='bbox 3300 3704 3461 3757; x_wconf 66' lang='grc' dir='ltr'>αὐτοῦ</span> <span class='ocrx_word' id='word_1_723' title='bbox 3519 3712 3819 3778; x_wconf 87' lang='grc' dir='ltr'>παρουσίας</span> 
     </span>
    </p>
   </div>
   <div class='ocr_carea' id='block_1_101' title="bbox 2210 3786 3824 3869">
    <p class='ocr_par' dir='ltr' id='par_1_101' title="bbox 2210 3786 3824 3869">
     <span class='ocr_line' id='line_1_101' title="bbox 2210 3786 3824 3869; baseline 0.003 -26"><span class='ocrx_word' id='word_1_724' title='bbox 2210 3786 2714 3865; x_wconf 83' lang='grc' dir='ltr'>προσδεξάμενοςτὰ</span> <span class='ocrx_word' id='word_1_725' title='bbox 2746 3792 2855 3863; x_wconf 85' lang='grc' dir='ltr'>ἱερά</span> <span class='ocrx_word' id='word_1_726' title='bbox 2902 3798 3065 3842; x_wconf 82' lang='grc' dir='ltr'>ταῦτα</span> <span class='ocrx_word' id='word_1_727' title='bbox 3101 3794 3449 3865; x_wconf 83' lang='grc' dir='ltr'>προσθύματα</span> <span class='ocrx_word' id='word_1_728' title='bbox 3503 3815 3593 3846; x_wconf 90' lang='grc' dir='ltr'>και</span> <span class='ocrx_word' id='word_1_729' title='bbox 3656 3815 3824 3869; x_wconf 51' lang='grc' dir='ltr'>προσι-</span> 
     </span>
    </p>
   </div>
   <div class='ocr_carea' id='block_1_102' title="bbox 2213 3876 3817 3961">
    <p class='ocr_par' dir='ltr' id='par_1_102' title="bbox 2213 3876 3817 3961">
     <span class='ocr_line' id='line_1_102' title="bbox 2213 3876 3817 3961; baseline 0.001 -29"><span class='ocrx_word' id='word_1_730' title='bbox 2213 3884 2450 3952; x_wconf 83' lang='grc' dir='ltr'>φάγιατό</span> <span class='ocrx_word' id='word_1_731' title='bbox 2478 3877 2552 3932; x_wconf 79' lang='grc' dir='ltr'>δι’</span> <span class='ocrx_word' id='word_1_732' title='bbox 2606 3883 2821 3953; x_wconf 80' lang='grc' dir='ltr'>αἳματος</span> <span class='ocrx_word' id='word_1_733' title='bbox 2886 3876 3015 3932; x_wconf 80' lang='grc' dir='ltr'>εἶναι</span> <span class='ocrx_word' id='word_1_734' title='bbox 3079 3901 3138 3933; x_wconf 89' lang='grc' dir='ltr'>το</span> <span class='ocrx_word' id='word_1_735' title='bbox 3213 3884 3684 3961; x_wconf 72' lang='grc' dir='ltr'>ύπεροχικὼτερον,</span> <span class='ocrx_word' id='word_1_736' title='bbox 3756 3886 3817 3937; x_wconf 68' lang='grc' dir='ltr'>οὐ</span> 
     </span>
    </p>
   </div>
   <div class='ocr_carea' id='block_1_103' title="bbox 2212 3966 3818 4044">
    <p class='ocr_par' dir='ltr' id='par_1_103' title="bbox 2212 3966 3818 4044">
     <span class='ocr_line' id='line_1_103' title="bbox 2212 3966 3818 4044; baseline 0.003 -23"><span class='ocrx_word' id='word_1_737' title='bbox 2212 3976 2362 4042; x_wconf 84' lang='grc' dir='ltr'>μόνον</span> <span class='ocrx_word' id='word_1_738' title='bbox 2403 3970 2481 4022; x_wconf 82' lang='grc' dir='ltr'>ὃτι</span> <span class='ocrx_word' id='word_1_739' title='bbox 2541 3966 2799 4041; x_wconf 77' lang='grc' dir='ltr'>δευτέροις</span> <span class='ocrx_word' id='word_1_740' title='bbox 2850 3972 3032 4043; x_wconf 79' lang='grc' dir='ltr'>ῥύποις</span> <span class='ocrx_word' id='word_1_741' title='bbox 3080 3971 3137 4022; x_wconf 82' lang='grc' dir='ltr'>ού</span> <span class='ocrx_word' id='word_1_742' title='bbox 3203 3971 3494 4044; x_wconf 73' lang='grc' dir='ltr'>μολύνεται,</span> <span class='ocrx_word' id='word_1_743' title='bbox 3564 3973 3671 4025; x_wconf 74' lang='grc' dir='ltr'>ἀλλ’</span> <span class='ocrx_word' id='word_1_744' title='bbox 3737 3977 3818 4026; x_wconf 87' lang='grc' dir='ltr'>ὁτι</span> 
     </span>
    </p>
   </div>
   <div class='ocr_carea' id='block_1_104' title="bbox 2212 4055 3820 4135">
    <p class='ocr_par' dir='ltr' id='par_1_104' title="bbox 2212 4055 3820 4135">
     <span class='ocr_line' id='line_1_104' title="bbox 2212 4055 3820 4135; baseline 0.002 -24"><span class='ocrx_word' id='word_1_745' title='bbox 2212 4080 2301 4111; x_wconf 89' lang='grc' dir='ltr'>και</span> <span class='ocrx_word' id='word_1_746' title='bbox 2322 4070 2419 4112; x_wconf 83' lang='grc' dir='ltr'>τῶν</span> <span class='ocrx_word' id='word_1_747' title='bbox 2452 4055 2692 4133; x_wconf 78' lang='grc' dir='ltr'>δακρύων</span> <span class='ocrx_word' id='word_1_748' title='bbox 2747 4058 2915 4109; x_wconf 72' lang='grc' dir='ltr'>αὐτῶν</span> <span class='ocrx_word' id='word_1_749' title='bbox 2975 4059 3183 4122; x_wconf 80' lang='grc' dir='ltr'>πολλοῖς</span> <span class='ocrx_word' id='word_1_750' title='bbox 3253 4068 3358 4121; x_wconf 87' lang='grc' dir='ltr'>τοῖς</span> <span class='ocrx_word' id='word_1_751' title='bbox 3412 4069 3587 4134; x_wconf 65' lang='grc' dir='ltr'>μτοίς</span> <span class='ocrx_word' id='word_1_752' title='bbox 3639 4060 3820 4135; x_wconf 71' lang='grc' dir='ltr'>ἐπίμοο</span> 
     </span>
    </p>
   </div>
   <div class='ocr_carea' id='block_1_105' title="bbox 2212 4145 3817 4225">
    <p class='ocr_par' dir='ltr' id='par_1_105' title="bbox 2212 4145 3817 4225">
     <span class='ocr_line' id='line_1_105' title="bbox 2212 4145 3817 4225; baseline 0.001 -24"><span class='ocrx_word' id='word_1_753' title='bbox 2212 4158 2443 4224; x_wconf 83' lang='grc' dir='ltr'>νώτερον.</span> <span class='ocrx_word' id='word_1_754' title='bbox 2542 4155 2611 4201; x_wconf 86' lang='grc' dir='ltr'>Τό</span> <span class='ocrx_word' id='word_1_755' title='bbox 2672 4152 2772 4223; x_wconf 78' lang='grc' dir='ltr'>γὰρ</span> <span class='ocrx_word' id='word_1_756' title='bbox 2849 4145 2941 4200; x_wconf 79' lang='grc' dir='ltr'>διὰ</span> <span class='ocrx_word' id='word_1_757' title='bbox 3022 4148 3394 4223; x_wconf 85' lang='grc' dir='ltr'>βαπτίσματος</span> <span class='ocrx_word' id='word_1_758' title='bbox 3458 4154 3817 4225; x_wconf 74' lang='grc' dir='ltr'>καθαρτήσιον</span> 
     </span>
    </p>
   </div>
   <div class='ocr_carea' id='block_1_106' title="bbox 2213 4234 3816 4313">
    <p class='ocr_par' dir='ltr' id='par_1_106' title="bbox 2213 4234 3816 4313">
     <span class='ocr_line' id='line_1_106' title="bbox 2213 4234 3816 4313; baseline 0.001 -24"><span class='ocrx_word' id='word_1_759' title='bbox 2213 4239 2377 4303; x_wconf 78' lang='grc' dir='ltr'>άλλως</span> <span class='ocrx_word' id='word_1_760' title='bbox 2409 4245 2542 4313; x_wconf 75' lang='grc' dir='ltr'>ἔχει,</span> <span class='ocrx_word' id='word_1_761' title='bbox 2567 4237 2679 4291; x_wconf 56' lang='grc' dir='ltr'>οθλον</span> <span class='ocrx_word' id='word_1_762' title='bbox 2703 4246 2797 4299; x_wconf 85' lang='grc' dir='ltr'>τῆς</span> <span class='ocrx_word' id='word_1_763' title='bbox 2836 4241 3053 4313; x_wconf 83' lang='grc' dir='ltr'>χάριτος</span> <span class='ocrx_word' id='word_1_764' title='bbox 3092 4237 3145 4289; x_wconf 87' lang='grc' dir='ltr'>ὃν</span> <span class='ocrx_word' id='word_1_765' title='bbox 3185 4258 3274 4290; x_wconf 90' lang='grc' dir='ltr'>και</span> <span class='ocrx_word' id='word_1_766' title='bbox 3341 4248 3431 4300; x_wconf 85' lang='grc' dir='ltr'>τῆς</span> <span class='ocrx_word' id='word_1_767' title='bbox 3493 4234 3689 4313; x_wconf 80' lang='grc' dir='ltr'>δωρεᾶς</span> <span class='ocrx_word' id='word_1_768' title='bbox 3723 4248 3816 4293; x_wconf 73' lang='grc' dir='ltr'>τοῦ</span> 
     </span>
    </p>
   </div>
   <div class='ocr_carea' id='block_1_107' title="bbox 2218 4325 3816 4404">
    <p class='ocr_par' dir='ltr' id='par_1_107' title="bbox 2218 4325 3816 4404">
     <span class='ocr_line' id='line_1_107' title="bbox 2218 4325 3816 4404; baseline 0 -22"><span class='ocrx_word' id='word_1_769' title='bbox 2218 4334 2512 4403; x_wconf 83' lang='grc' dir='ltr'>Πνεύματος</span> <span class='ocrx_word' id='word_1_770' title='bbox 2553 4342 2644 4384; x_wconf 78' lang='grc' dir='ltr'>τοῦ</span> <span class='ocrx_word' id='word_1_771' title='bbox 2710 4333 2884 4404; x_wconf 77' lang='grc' dir='ltr'>ἁγίου.</span> <span class='ocrx_word' id='word_1_772' title='bbox 2941 4332 3173 4403; x_wconf 76' lang='grc' dir='ltr'>Ἀγάπος</span> <span class='ocrx_word' id='word_1_773' title='bbox 3234 4325 3292 4382; x_wconf 63' lang='grc' dir='ltr'>δὲ</span> <span class='ocrx_word' id='word_1_774' title='bbox 3349 4330 3664 4403; x_wconf 70' lang='grc' dir='ltr'>ἀκραιφνοῦς</span> <span class='ocrx_word' id='word_1_775' title='bbox 3720 4339 3816 4392; x_wconf 70' lang='grc' dir='ltr'>τῆς</span> 
     </span>
    </p>
   </div>
   <div class='ocr_carea' id='block_1_108' title="bbox 2213 4417 3815 4497">
    <p class='ocr_par' dir='ltr' id='par_1_108' title="bbox 2213 4417 3815 4497">
     <span class='ocr_line' id='line_1_108' title="bbox 2213 4417 3815 4497; baseline -0.001 -25"><span class='ocrx_word' id='word_1_776' title='bbox 2213 4425 2342 4494; x_wconf 83' lang='grc' dir='ltr'>πρὸς</span> <span class='ocrx_word' id='word_1_777' title='bbox 2403 4425 2523 4475; x_wconf 70' lang='grc' dir='ltr'>θεὸν</span> <span class='ocrx_word' id='word_1_778' title='bbox 2588 4428 2865 4497; x_wconf 77' lang='grc' dir='ltr'>τεκμήριον</span> <span class='ocrx_word' id='word_1_779' title='bbox 2933 4417 3300 4489; x_wconf 76' lang='grc' dir='ltr'>ἐκδαλὸτατον,</span> <span class='ocrx_word' id='word_1_780' title='bbox 3369 4419 3474 4491; x_wconf 82' lang='grc' dir='ltr'>ούχ</span> <span class='ocrx_word' id='word_1_781' title='bbox 3535 4419 3703 4491; x_wconf 73' lang='grc' dir='ltr'>ἕτερον</span> <span class='ocrx_word' id='word_1_782' title='bbox 3764 4439 3815 4471; x_wconf 90' lang='grc' dir='ltr'>τι</span> 
     </span>
    </p>
   </div>
   <div class='ocr_carea' id='block_1_109' title="bbox 2213 4502 3815 4585">
    <p class='ocr_par' dir='ltr' id='par_1_109' title="bbox 2213 4502 3815 4585">
     <span class='ocr_line' id='line_1_109' title="bbox 2213 4502 3815 4585; baseline -0.001 -24"><span class='ocrx_word' id='word_1_783' title='bbox 2213 4511 2371 4570; x_wconf 68' lang='grc' dir='ltr'>οὕτως</span> <span class='ocrx_word' id='word_1_784' title='bbox 2400 4515 2463 4570; x_wconf 82' lang='grc' dir='ltr'>ὡς</span> <span class='ocrx_word' id='word_1_785' title='bbox 2490 4514 2548 4562; x_wconf 87' lang='grc' dir='ltr'>τὸ</span> <span class='ocrx_word' id='word_1_786' title='bbox 2581 4512 2707 4585; x_wconf 74' lang='grc' dir='ltr'>ύπζερ</span> <span class='ocrx_word' id='word_1_787' title='bbox 2739 4519 2831 4563; x_wconf 75' lang='grc' dir='ltr'>τού</span> <span class='ocrx_word' id='word_1_788' title='bbox 2884 4508 3182 4581; x_wconf 73' lang='grc' dir='ltr'>ἀγαπῶντος</span> <span class='ocrx_word' id='word_1_789' title='bbox 3238 4516 3328 4559; x_wconf 76' lang='grc' dir='ltr'>τού</span> <span class='ocrx_word' id='word_1_790' title='bbox 3397 4502 3537 4558; x_wconf 80' lang='grc' dir='ltr'>ἰδίου</span> <span class='ocrx_word' id='word_1_791' title='bbox 3596 4508 3815 4579; x_wconf 82' lang='grc' dir='ltr'>αἵματος</span> 
     </span>
    </p>
   </div>
   <div class='ocr_carea' id='block_1_110' title="bbox 2211 4592 3814 4672">
    <p class='ocr_par' dir='ltr' id='par_1_110' title="bbox 2211 4592 3814 4672">
     <span class='ocr_line' id='line_1_110' title="bbox 2211 4592 3814 4672; baseline -0.001 -22"><span class='ocrx_word' id='word_1_792' title='bbox 2211 4597 2519 4672; x_wconf 74' lang='grc' dir='ltr'>ἀφειδῇσαι,</span> <span class='ocrx_word' id='word_1_793' title='bbox 2576 4624 2599 4651; x_wconf 75' lang='grc' dir='ltr'>α</span> <span class='ocrx_word' id='word_1_794' title='bbox 2670 4601 2898 4661; x_wconf 78' lang='grc' dir='ltr'>Μείζονα</span> <span class='ocrx_word' id='word_1_795' title='bbox 2962 4602 3063 4671; x_wconf 85' lang='grc' dir='ltr'>γὰρ</span> <span class='ocrx_word' id='word_1_796' title='bbox 3125 4600 3320 4659; x_wconf 80' lang='grc' dir='ltr'>ταύτης</span> <span class='ocrx_word' id='word_1_797' title='bbox 3369 4594 3577 4666; x_wconf 76' lang='grc' dir='ltr'>ἀγάπην</span> <span class='ocrx_word' id='word_1_798' title='bbox 3636 4592 3814 4659; x_wconf 70' lang='grc' dir='ltr'>οὐδεὶς</span> 
     </span>
    </p>
   </div>
   <div class='ocr_carea' id='block_1_111' title="bbox 2207 4685 3811 4761">
    <p class='ocr_par' dir='ltr' id='par_1_111' title="bbox 2207 4685 3811 4761">
     <span class='ocr_line' id='line_1_111' title="bbox 2207 4685 3811 4761; baseline -0.004 -20"><span class='ocrx_word' id='word_1_799' title='bbox 2207 4692 2341 4759; x_wconf 78' lang='grc' dir='ltr'>ἔχει,</span> <span class='ocrx_word' id='word_1_800' title='bbox 2372 4692 2453 4741; x_wconf 85' lang='grc' dir='ltr'>ἶνα</span> <span class='ocrx_word' id='word_1_801' title='bbox 2502 4709 2579 4749; x_wconf 90' lang='grc' dir='ltr'>τις</span> <span class='ocrx_word' id='word_1_802' title='bbox 2608 4694 2701 4748; x_wconf 78' lang='grc' dir='ltr'>την</span> <span class='ocrx_word' id='word_1_803' title='bbox 2739 4688 2925 4761; x_wconf 70' lang='grc' dir='ltr'>ψυχὴν</span> <span class='ocrx_word' id='word_1_804' title='bbox 2994 4688 3154 4740; x_wconf 72' lang='grc' dir='ltr'>αὐτοῦ</span> <span class='ocrx_word' id='word_1_805' title='bbox 3190 4689 3249 4758; x_wconf 72' lang='grc' dir='ltr'>θῇ</span> <span class='ocrx_word' id='word_1_806' title='bbox 3328 4687 3455 4759; x_wconf 72' lang='grc' dir='ltr'>ύπέρ</span> <span class='ocrx_word' id='word_1_807' title='bbox 3486 4693 3585 4736; x_wconf 83' lang='grc' dir='ltr'>τῶν</span> <span class='ocrx_word' id='word_1_808' title='bbox 3654 4685 3811 4757; x_wconf 79' lang='grc' dir='ltr'>φίλων</span> 
     </span>
    </p>
   </div>
   <div class='ocr_carea' id='block_1_112' title="bbox 2205 4775 3814 4851">
    <p class='ocr_par' dir='ltr' id='par_1_112' title="bbox 2205 4775 3814 4851">
     <span class='ocr_line' id='line_1_112' title="bbox 2205 4775 3814 4851; baseline -0.002 -21"><span class='ocrx_word' id='word_1_809' title='bbox 2205 4779 2386 4830; x_wconf 69' lang='grc' dir='ltr'>αὐτοῦ·</span> <span class='ocrx_word' id='word_1_810' title='bbox 2444 4779 2521 4831; x_wconf 77' lang='grc' dir='ltr'>»εἰ</span> <span class='ocrx_word' id='word_1_811' title='bbox 2569 4775 2629 4831; x_wconf 69' lang='grc' dir='ltr'>δὲ</span> <span class='ocrx_word' id='word_1_812' title='bbox 2685 4778 2861 4851; x_wconf 85' lang='grc' dir='ltr'>φίλων,</span> <span class='ocrx_word' id='word_1_813' title='bbox 2923 4776 3091 4848; x_wconf 80' lang='grc' dir='ltr'>πολλῷ</span> <span class='ocrx_word' id='word_1_814' title='bbox 3147 4775 3336 4848; x_wconf 82' lang='grc' dir='ltr'>μᾶλλον</span> <span class='ocrx_word' id='word_1_815' title='bbox 3402 4777 3666 4826; x_wconf 82' lang='grc' dir='ltr'>Δεσπότου</span> <span class='ocrx_word' id='word_1_816' title='bbox 3724 4779 3814 4826; x_wconf 80' lang='grc' dir='ltr'>καὶ</span> 
     </span>
    </p>
   </div>
   <div class='ocr_carea' id='block_1_113' title="bbox 2207 4857 3815 4941">
    <p class='ocr_par' dir='ltr' id='par_1_113' title="bbox 2207 4857 3815 4941">
     <span class='ocr_line' id='line_1_113' title="bbox 2207 4857 3815 4941; baseline -0.005 -21"><span class='ocrx_word' id='word_1_817' title='bbox 2207 4874 2453 4926; x_wconf 84' lang='grc' dir='ltr'>Ποιητοῦ.</span> <span class='ocrx_word' id='word_1_818' title='bbox 2485 4873 2554 4920; x_wconf 88' lang='grc' dir='ltr'>Τὸ</span> <span class='ocrx_word' id='word_1_819' title='bbox 2580 4868 2670 4941; x_wconf 67' lang='grc' dir='ltr'>μὲν</span> <span class='ocrx_word' id='word_1_820' title='bbox 2707 4869 2808 4941; x_wconf 80' lang='grc' dir='ltr'>γὰρ</span> <span class='ocrx_word' id='word_1_821' title='bbox 2862 4868 3012 4939; x_wconf 86' lang='grc' dir='ltr'>αἷμα,</span> <span class='ocrx_word' id='word_1_822' title='bbox 3071 4864 3280 4938; x_wconf 77' lang='grc' dir='ltr'>ἀγάπης</span> <span class='ocrx_word' id='word_1_823' title='bbox 3331 4858 3574 4936; x_wconf 62' lang='grc' dir='ltr'>ἒνθήομου</span> <span class='ocrx_word' id='word_1_824' title='bbox 3642 4857 3815 4919; x_wconf 85' lang='grc' dir='ltr'>δηλω-</span> 
     </span>
    </p>
   </div>
   <div class='ocr_carea' id='block_1_114' title="bbox 2205 4949 3813 5031">
    <p class='ocr_par' dir='ltr' id='par_1_114' title="bbox 2205 4949 3813 5031">
     <span class='ocr_line' id='line_1_114' title="bbox 2205 4949 3813 5031; baseline -0.005 -22"><span class='ocrx_word' id='word_1_825' title='bbox 2205 4962 2369 5023; x_wconf 86' lang='grc' dir='ltr'>τικὸν,</span> <span class='ocrx_word' id='word_1_826' title='bbox 2393 4962 2450 5010; x_wconf 87' lang='grc' dir='ltr'>τὸ</span> <span class='ocrx_word' id='word_1_827' title='bbox 2480 4955 2540 5010; x_wconf 78' lang='grc' dir='ltr'>δὲ</span> <span class='ocrx_word' id='word_1_828' title='bbox 2571 4956 2820 5031; x_wconf 85' lang='grc' dir='ltr'>δάκρυον,</span> <span class='ocrx_word' id='word_1_829' title='bbox 2855 4961 2918 5018; x_wconf 85' lang='grc' dir='ltr'>ὡς</span> <span class='ocrx_word' id='word_1_830' title='bbox 2949 4955 3031 5009; x_wconf 78' lang='grc' dir='ltr'>ἐπὶ</span> <span class='ocrx_word' id='word_1_831' title='bbox 3053 4960 3111 5007; x_wconf 89' lang='grc' dir='ltr'>τὸ</span> <span class='ocrx_word' id='word_1_832' title='bbox 3150 4954 3279 5007; x_wconf 76' lang='grc' dir='ltr'>πολὺ</span> <span class='ocrx_word' id='word_1_833' title='bbox 3340 4949 3433 5005; x_wconf 85' lang='grc' dir='ltr'>διὰ</span> <span class='ocrx_word' id='word_1_834' title='bbox 3491 4956 3602 5021; x_wconf 90' lang='grc' dir='ltr'>τὸν,</span> <span class='ocrx_word' id='word_1_835' title='bbox 3659 4951 3813 5024; x_wconf 79' lang='grc' dir='ltr'>φόϐον</span> 
     </span>
    </p>
   </div>
   <div class='ocr_carea' id='block_1_115' title="bbox 2207 5039 3815 5121">
    <p class='ocr_par' dir='ltr' id='par_1_115' title="bbox 2207 5039 3815 5121">
     <span class='ocr_line' id='line_1_115' title="bbox 2207 5039 3815 5121; baseline -0.001 -27"><span class='ocrx_word' id='word_1_836' title='bbox 2207 5052 2594 5121; x_wconf 68' lang='grc' dir='ltr'>τῆςτιμωρίας*</span> <span class='ocrx_word' id='word_1_837' title='bbox 2638 5047 2821 5118; x_wconf 82' lang='grc' dir='ltr'>ὀλίγων</span> <span class='ocrx_word' id='word_1_838' title='bbox 2860 5049 2959 5119; x_wconf 81' lang='grc' dir='ltr'>γὰρ</span> <span class='ocrx_word' id='word_1_839' title='bbox 3011 5046 3101 5097; x_wconf 84' lang='grc' dir='ltr'>κάὶ</span> <span class='ocrx_word' id='word_1_840' title='bbox 3156 5046 3349 5096; x_wconf 87' lang='grc' dir='ltr'>τούτων</span> <span class='ocrx_word' id='word_1_841' title='bbox 3407 5050 3506 5093; x_wconf 81' lang='grc' dir='ltr'>τῶν</span> <span class='ocrx_word' id='word_1_842' title='bbox 3561 5039 3815 5093; x_wconf 79' lang='grc' dir='ltr'>τελειοτά-</span> 
     </span>
    </p>
   </div>
   <div class='ocr_carea' id='block_1_116' title="bbox 2208 5128 3814 5211">
    <p class='ocr_par' dir='ltr' id='par_1_116' title="bbox 2208 5128 3814 5211">
     <span class='ocr_line' id='line_1_116' title="bbox 2208 5128 3814 5211; baseline -0.004 -24"><span class='ocrx_word' id='word_1_843' title='bbox 2208 5155 2299 5194; x_wconf 86' lang='grc' dir='ltr'>την</span> <span class='ocrx_word' id='word_1_844' title='bbox 2340 5140 2515 5195; x_wconf 84' lang='grc' dir='ltr'>τὴντὸ</span> <span class='ocrx_word' id='word_1_845' title='bbox 2555 5136 2609 5199; x_wconf 78' lang='grc' dir='ltr'>ἐξ</span> <span class='ocrx_word' id='word_1_846' title='bbox 2670 5135 2855 5211; x_wconf 78' lang='grc' dir='ltr'>ἀρετὴν</span> <span class='ocrx_word' id='word_1_847' title='bbox 2908 5135 3120 5206; x_wconf 80' lang='grc' dir='ltr'>ἀγάπης</span> <span class='ocrx_word' id='word_1_848' title='bbox 3176 5128 3441 5204; x_wconf 78' lang='grc' dir='ltr'>δακρύειν,</span> <span class='ocrx_word' id='word_1_849' title='bbox 3497 5136 3589 5183; x_wconf 81' lang='grc' dir='ltr'>καὶ</span> <span class='ocrx_word' id='word_1_850' title='bbox 3648 5131 3814 5182; x_wconf 81' lang='grc' dir='ltr'>πόθου</span> 
     </span>
    </p>
   </div>
   <div class='ocr_carea' id='block_1_117' title="bbox 2206 5221 3814 5299">
    <p class='ocr_par' dir='ltr' id='par_1_117' title="bbox 2206 5221 3814 5299">
     <span class='ocr_line' id='line_1_117' title="bbox 2206 5221 3814 5299; baseline -0.004 -22"><span class='ocrx_word' id='word_1_851' title='bbox 2206 5234 2297 5277; x_wconf 73' lang='grc' dir='ltr'>τοῦ</span> <span class='ocrx_word' id='word_1_852' title='bbox 2328 5228 2457 5299; x_wconf 88' lang='grc' dir='ltr'>πρὸς</span> <span class='ocrx_word' id='word_1_853' title='bbox 2487 5231 2637 5296; x_wconf 78' lang='grc' dir='ltr'>Θεὸν,</span> <span class='ocrx_word' id='word_1_854' title='bbox 2688 5225 3030 5299; x_wconf 83' lang='grc' dir='ltr'>ὀριγνωμένης</span> <span class='ocrx_word' id='word_1_855' title='bbox 3086 5231 3182 5286; x_wconf 81' lang='grc' dir='ltr'>τῆς</span> <span class='ocrx_word' id='word_1_856' title='bbox 3241 5221 3428 5293; x_wconf 70' lang='grc' dir='ltr'>ψυχῆς</span> <span class='ocrx_word' id='word_1_857' title='bbox 3489 5227 3561 5292; x_wconf 79' lang='grc' dir='ltr'>τῷ</span> <span class='ocrx_word' id='word_1_858' title='bbox 3623 5221 3814 5272; x_wconf 85' lang='grc' dir='ltr'>ποθου-</span> 
     </span>
    </p>
   </div>
   <div class='ocr_carea' id='block_1_118' title="bbox 2205 5312 3813 5389">
    <p class='ocr_par' dir='ltr' id='par_1_118' title="bbox 2205 5312 3813 5389">
     <span class='ocr_line' id='line_1_118' title="bbox 2205 5312 3813 5389; baseline -0.006 -22"><span class='ocrx_word' id='word_1_859' title='bbox 2205 5320 2339 5388; x_wconf 86' lang='grc' dir='ltr'>μένῳ</span> <span class='ocrx_word' id='word_1_860' title='bbox 2414 5320 2603 5389; x_wconf 83' lang='grc' dir='ltr'>τάχιον</span> <span class='ocrx_word' id='word_1_861' title='bbox 2677 5314 3073 5389; x_wconf 81' lang='grc' dir='ltr'>προσομιλῆσαι</span> <span class='ocrx_word' id='word_1_862' title='bbox 3133 5318 3223 5364; x_wconf 88' lang='grc' dir='ltr'>καὶ</span> <span class='ocrx_word' id='word_1_863' title='bbox 3286 5312 3680 5385; x_wconf 80' lang='grc' dir='ltr'>προσενωθῆναι</span> <span class='ocrx_word' id='word_1_864' title='bbox 3742 5315 3813 5378; x_wconf 76' lang='grc' dir='ltr'>τῷ</span> 
     </span>
    </p>
   </div>
   <div class='ocr_carea' id='block_1_119' title="bbox 2206 5395 3811 5480">
    <p class='ocr_par' dir='ltr' id='par_1_119' title="bbox 2206 5395 3811 5480">
     <span class='ocr_line' id='line_1_119' title="bbox 2206 5395 3811 5480; baseline -0.005 -23"><span class='ocrx_word' id='word_1_865' title='bbox 2206 5404 2459 5480; x_wconf 73' lang='grc' dir='ltr'>ἐρωμένῳ.</span> <span class='ocrx_word' id='word_1_866' title='bbox 2521 5404 2644 5466; x_wconf 85' lang='grc' dir='ltr'>Οἷος</span> <span class='ocrx_word' id='word_1_867' title='bbox 2710 5401 2772 5462; x_wconf 79' lang='grc' dir='ltr'>ἧν</span> <span class='ocrx_word' id='word_1_868' title='bbox 2840 5402 3024 5465; x_wconf 74' lang='grc' dir='ltr'>ἐκεῖνος</span> <span class='ocrx_word' id='word_1_869' title='bbox 3084 5405 3110 5455; x_wconf 92' lang='lat'>6</span> <span class='ocrx_word' id='word_1_870' title='bbox 3170 5395 3536 5460; x_wconf 78' lang='grc' dir='ltr'>καλλικέλαδος</span> <span class='ocrx_word' id='word_1_871' title='bbox 3602 5417 3811 5473; x_wconf 82' lang='grc' dir='ltr'>πρωτο-</span> 
     </span>
    </p>
   </div>
   <div class='ocr_carea' id='block_1_120' title="bbox 2205 5488 3812 5567">
    <p class='ocr_par' dir='ltr' id='par_1_120' title="bbox 2205 5488 3812 5567">
     <span class='ocr_line' id='line_1_120' title="bbox 2205 5488 3812 5567; baseline -0.005 -21"><span class='ocrx_word' id='word_1_872' title='bbox 2205 5492 2404 5564; x_wconf 69' lang='grc' dir='ltr'>ψάλτης</span> <span class='ocrx_word' id='word_1_873' title='bbox 2445 5495 2642 5566; x_wconf 71' lang='grc' dir='ltr'>εὐφυῶς</span> <span class='ocrx_word' id='word_1_874' title='bbox 2694 5497 3023 5567; x_wconf 67' lang='grc' dir='ltr'>επαφώμενος</span> <span class='ocrx_word' id='word_1_875' title='bbox 3085 5501 3181 5553; x_wconf 82' lang='grc' dir='ltr'>τῆς</span> <span class='ocrx_word' id='word_1_876' title='bbox 3246 5496 3428 5564; x_wconf 82' lang='grc' dir='ltr'>νευρᾶς</span> <span class='ocrx_word' id='word_1_877' title='bbox 3490 5496 3582 5549; x_wconf 79' lang='grc' dir='ltr'>τῆς</span> <span class='ocrx_word' id='word_1_878' title='bbox 3641 5488 3812 5540; x_wconf 75' lang='grc' dir='ltr'>κιννύο</span> 
     </span>
    </p>
   </div>
   <div class='ocr_carea' id='block_1_121' title="bbox 2376 5692 2916 5766">
    <p class='ocr_par' dir='ltr' id='par_1_121' title="bbox 2376 5692 2916 5766">
     <span class='ocr_line' id='line_1_121' title="bbox 2376 5692 2916 5766; baseline 0.002 -18"><span class='ocrx_word' id='word_1_879' title='bbox 2376 5695 2398 5730; x_wconf 77' lang='grc' dir='ltr'>ο</span> <span class='ocrx_word' id='word_1_880' title='bbox 2430 5692 2589 5763; x_wconf 88' lang='lat' dir='ltr'>Psal,</span> <span class='ocrx_word' id='word_1_881' title='bbox 2629 5708 2747 5751; x_wconf 78' lang='grc' dir='ltr'>ω.</span> <span class='ocrx_word' id='word_1_882' title='bbox 2777 5696 2832 5766; x_wconf 86' lang='lat'>2,</span> <span class='ocrx_word' id='word_1_883' title='bbox 2860 5696 2916 5763; x_wconf 89' lang='lat'>3,</span> 
     </span>
    </p>
   </div>
  </div>
