  <div class='ocr_page' id='page_1' title='image "/cluster/home/n/w/nwhite01/storage/ocr_20150623/140/hvd.32044073502551/402.png"; bbox 0 0 4096 6208; ppageno 0'>
   <div class='ocr_carea' id='block_1_1' title="bbox 227 336 334 390">
    <p class='ocr_par' dir='ltr' id='par_1_1' title="bbox 227 336 334 390">
     <span class='ocr_line' id='line_1_1' title="bbox 227 336 334 390; baseline 0 0"><span class='ocrx_word' id='word_1_1' title='bbox 227 336 334 390; x_wconf 73' lang='grc'>741</span> 
     </span>
    </p>
   </div>
   <div class='ocr_carea' id='block_1_2' title="bbox 1455 325 2466 393">
    <p class='ocr_par' dir='ltr' id='par_1_2' title="bbox 1455 325 2466 393">
     <span class='ocr_line' id='line_1_2' title="bbox 1455 325 2466 393; baseline 0 0"><span class='ocrx_word' id='word_1_2' title='bbox 1455 328 1742 392; x_wconf 76' lang='lat' dir='ltr'>HOMlLlA</span> <span class='ocrx_word' id='word_1_3' title='bbox 1770 329 1840 386; x_wconf 87' lang='lat' dir='ltr'><strong>IN</strong></span> <span class='ocrx_word' id='word_1_4' title='bbox 1872 325 1970 386; x_wconf 92' lang='lat' dir='ltr'>SS.</span> <span class='ocrx_word' id='word_1_5' title='bbox 2015 327 2466 393; x_wconf 85' lang='lat' dir='ltr'>INNOCENTES.</span> 
     </span>
    </p>
   </div>
   <div class='ocr_carea' id='block_1_3' title="bbox 3499 343 3606 397">
    <p class='ocr_par' dir='ltr' id='par_1_3' title="bbox 3499 343 3606 397">
     <span class='ocr_line' id='line_1_3' title="bbox 3499 343 3606 397; baseline -0.019 0"><span class='ocrx_word' id='word_1_6' title='bbox 3499 343 3606 397; x_wconf 83' lang='grc'>742</span> 
     </span>
    </p>
   </div>
   <div class='ocr_carea' id='block_1_4' title="bbox 230 457 1873 534">
    <p class='ocr_par' dir='ltr' id='par_1_4' title="bbox 230 457 1844 534">
     <span class='ocr_line' id='line_1_4' title="bbox 230 457 1844 534; baseline -0.002 -23"><span class='ocrx_word' id='word_1_7' title='bbox 230 477 349 534; x_wconf 81' lang='grc' dir='ltr'>ρας,</span> <span class='ocrx_word' id='word_1_8' title='bbox 403 463 496 512; x_wconf 79' lang='grc' dir='ltr'>καὶ</span> <span class='ocrx_word' id='word_1_9' title='bbox 562 479 614 512; x_wconf 89' lang='grc' dir='ltr'>τι</span> <span class='ocrx_word' id='word_1_10' title='bbox 678 457 1028 533; x_wconf 80' lang='grc' dir='ltr'>προσεπᾴδων</span> <span class='ocrx_word' id='word_1_11' title='bbox 1085 459 1354 533; x_wconf 78' lang='grc' dir='ltr'>ἐπαγωγὸν</span> <span class='ocrx_word' id='word_1_12' title='bbox 1410 465 1502 514; x_wconf 89' lang='lat' dir='ltr'>xui</span> <span class='ocrx_word' id='word_1_13' title='bbox 1573 459 1844 532; x_wconf 76' lang='grc' dir='ltr'>ἐράσμιον,</span> 
     </span>
    </p>
   </div>
   <div class='ocr_carea' id='block_1_5' title="bbox 1981 457 3607 534">
    <p class='ocr_par' dir='ltr' id='par_1_5' title="bbox 1981 460 3607 534">
     <span class='ocr_line' id='line_1_5' title="bbox 1981 460 3607 534; baseline 0.004 -18"><span class='ocrx_word' id='word_1_14' title='bbox 1981 461 2123 516; x_wconf 54' lang='lat' dir='ltr'>Lente</span> <span class='ocrx_word' id='word_1_15' title='bbox 2149 460 2466 531; x_wconf 79' lang='lat' dir='ltr'>paululum</span> <span class='ocrx_word' id='word_1_16' title='bbox 2479 463 2765 534; x_wconf 87' lang='lat' dir='ltr'>temporis</span> <span class='ocrx_word' id='word_1_17' title='bbox 2797 464 3075 534; x_wconf 83' lang='lat' dir='ltr'>conjuge,</span> <span class='ocrx_word' id='word_1_18' title='bbox 3108 465 3344 530; x_wconf 86' lang='lat' dir='ltr'>dicant;</span> <span class='ocrx_word' id='word_1_19' title='bbox 3381 465 3490 522; x_wconf 91' lang='lat' dir='ltr'>Ubi</span> <span class='ocrx_word' id='word_1_20' title='bbox 3514 470 3607 522; x_wconf 87' lang='lat' dir='ltr'>est</span> 
     </span>
    </p>
   </div>
   <div class='ocr_carea' id='block_1_6' title="bbox 236 547 1848 622">
    <p class='ocr_par' dir='ltr' id='par_1_6' title="bbox 236 547 1848 622">
     <span class='ocr_line' id='line_1_6' title="bbox 236 547 1848 622; baseline -0.001 -25"><span class='ocrx_word' id='word_1_21' title='bbox 236 570 268 598; x_wconf 84' lang='lat'><strong>«</strong></span> <span class='ocrx_word' id='word_1_22' title='bbox 307 552 438 602; x_wconf 85' lang='grc' dir='ltr'>Πότε</span> <span class='ocrx_word' id='word_1_23' title='bbox 465 547 597 615; x_wconf 73' lang='grc' dir='ltr'>ἣξω,</span> <span class='ocrx_word' id='word_1_24' title='bbox 627 548 804 619; x_wconf 89' lang='grc' dir='ltr'>λέγων,</span> <span class='ocrx_word' id='word_1_25' title='bbox 846 554 936 602; x_wconf 78' lang='grc' dir='ltr'>καὶ</span> <span class='ocrx_word' id='word_1_26' title='bbox 989 549 1289 622; x_wconf 78' lang='grc' dir='ltr'>ὀφθήσομαι</span> <span class='ocrx_word' id='word_1_27' title='bbox 1337 559 1409 622; x_wconf 83' lang='grc' dir='ltr'>τῷ</span> <span class='ocrx_word' id='word_1_28' title='bbox 1454 554 1719 621; x_wconf 82' lang='grc' dir='ltr'>προσώπῳ</span> <span class='ocrx_word' id='word_1_29' title='bbox 1756 553 1848 598; x_wconf 80' lang='grc' dir='ltr'>τοῦ</span> 
     </span>
    </p>
   </div>
   <div class='ocr_carea' id='block_1_7' title="bbox 238 633 1850 712">
    <p class='ocr_par' dir='ltr' id='par_1_7' title="bbox 238 633 1850 712">
     <span class='ocr_line' id='line_1_7' title="bbox 238 633 1850 712; baseline -0.003 -21"><span class='ocrx_word' id='word_1_30' title='bbox 238 645 413 702; x_wconf 80' lang='grc' dir='ltr'>Θεοῡ;</span> <span class='ocrx_word' id='word_1_31' title='bbox 447 636 698 708; x_wconf 81' lang='grc' dir='ltr'>Ἐγενὴθη</span> <span class='ocrx_word' id='word_1_32' title='bbox 758 641 822 690; x_wconf 79' lang='grc' dir='ltr'>τὰ</span> <span class='ocrx_word' id='word_1_33' title='bbox 883 633 1091 712; x_wconf 85' lang='grc' dir='ltr'>δάκρυά</span> <span class='ocrx_word' id='word_1_34' title='bbox 1131 659 1230 711; x_wconf 90' lang='grc' dir='ltr'>μου</span> <span class='ocrx_word' id='word_1_35' title='bbox 1285 639 1402 711; x_wconf 78' lang='grc' dir='ltr'>ἐμοὶ</span> <span class='ocrx_word' id='word_1_36' title='bbox 1451 640 1605 711; x_wconf 77' lang='grc' dir='ltr'>ἄρτος</span> <span class='ocrx_word' id='word_1_37' title='bbox 1661 638 1850 709; x_wconf 70' lang='grc' dir='ltr'>ἡμέρας</span> 
     </span>
    </p>
   </div>
   <div class='ocr_carea' id='block_1_8' title="bbox 235 725 1848 800">
    <p class='ocr_par' dir='ltr' id='par_1_8' title="bbox 235 725 1848 800">
     <span class='ocr_line' id='line_1_8' title="bbox 235 725 1848 800; baseline -0.001 -24"><span class='ocrx_word' id='word_1_38' title='bbox 235 744 295 778; x_wconf 83' lang='grc' dir='ltr'>τε</span> <span class='ocrx_word' id='word_1_39' title='bbox 343 730 437 777; x_wconf 81' lang='grc' dir='ltr'>καὶ</span> <span class='ocrx_word' id='word_1_40' title='bbox 490 730 696 792; x_wconf 87' lang='grc' dir='ltr'>νυκτός,</span> <span class='ocrx_word' id='word_1_41' title='bbox 752 725 800 778; x_wconf 81' lang='grc' dir='ltr'>έν</span> <span class='ocrx_word' id='word_1_42' title='bbox 855 735 928 797; x_wconf 83' lang='grc' dir='ltr'>τῷ</span> <span class='ocrx_word' id='word_1_43' title='bbox 991 728 1233 800; x_wconf 82' lang='grc' dir='ltr'>λέγεσθαί</span> <span class='ocrx_word' id='word_1_44' title='bbox 1292 748 1381 800; x_wconf 87' lang='grc' dir='ltr'>μοι</span> <span class='ocrx_word' id='word_1_45' title='bbox 1445 727 1560 779; x_wconf 78' lang='grc' dir='ltr'>καθ’</span> <span class='ocrx_word' id='word_1_46' title='bbox 1623 725 1848 781; x_wconf 82' lang='grc' dir='ltr'>ἑκάστην</span> 
     </span>
    </p>
   </div>
   <div class='ocr_carea' id='block_1_9' title="bbox 239 813 1853 890">
    <p class='ocr_par' dir='ltr' id='par_1_9' title="bbox 239 813 1853 890">
     <span class='ocr_line' id='line_1_9' title="bbox 239 813 1853 890; baseline -0.001 -25"><span class='ocrx_word' id='word_1_47' title='bbox 239 816 442 886; x_wconf 69' lang='grc' dir='ltr'>ἡμέραν</span> <span class='ocrx_word' id='word_1_48' title='bbox 499 836 511 847; x_wconf 89' lang='grc'><strong>·</strong></span> <span class='ocrx_word' id='word_1_49' title='bbox 545 821 654 867; x_wconf 86' lang='grc' dir='ltr'>Ποῦ</span> <span class='ocrx_word' id='word_1_50' title='bbox 687 813 828 868; x_wconf 80' lang='grc' dir='ltr'>ἐστιν</span> <span class='ocrx_word' id='word_1_51' title='bbox 859 817 886 867; x_wconf 90' lang='lat'>6</span> <span class='ocrx_word' id='word_1_52' title='bbox 934 822 1060 877; x_wconf 83' lang='grc' dir='ltr'>Θεός</span> <span class='ocrx_word' id='word_1_53' title='bbox 1101 835 1230 882; x_wconf 75' lang='grc' dir='ltr'>σονς</span> <span class='ocrx_word' id='word_1_54' title='bbox 1285 839 1314 867; x_wconf 81' lang='grc'><strong>››</strong></span> <span class='ocrx_word' id='word_1_55' title='bbox 1365 816 1564 890; x_wconf 81' lang='grc' dir='ltr'>Ὠσπερ</span> <span class='ocrx_word' id='word_1_56' title='bbox 1613 817 1658 867; x_wconf 82' lang='grc' dir='ltr'>εἴ</span> <span class='ocrx_word' id='word_1_57' title='bbox 1719 831 1853 874; x_wconf 87' lang='grc' dir='ltr'>τινες</span> 
     </span>
    </p>
   </div>
   <div class='ocr_carea' id='block_1_10' title="bbox 242 901 1848 979">
    <p class='ocr_par' dir='ltr' id='par_1_10' title="bbox 242 901 1848 979">
     <span class='ocr_line' id='line_1_10' title="bbox 242 901 1848 979; baseline -0.001 -25"><span class='ocrx_word' id='word_1_58' title='bbox 242 911 346 954; x_wconf 83' lang='grc' dir='ltr'>τῶν</span> <span class='ocrx_word' id='word_1_59' title='bbox 406 901 688 976; x_wconf 76' lang='grc' dir='ltr'>βασκάνων</span> <span class='ocrx_word' id='word_1_60' title='bbox 720 907 1006 977; x_wconf 81' lang='grc' dir='ltr'>σεμνοτάτῇ</span> <span class='ocrx_word' id='word_1_61' title='bbox 1066 910 1169 957; x_wconf 75' lang='grc' dir='ltr'>τινὶ</span> <span class='ocrx_word' id='word_1_62' title='bbox 1227 911 1317 958; x_wconf 97' lang='lat' dir='ltr'>xui</span> <span class='ocrx_word' id='word_1_63' title='bbox 1376 910 1602 979; x_wconf 73' lang='grc' dir='ltr'>σώφρονι</span> <span class='ocrx_word' id='word_1_64' title='bbox 1653 905 1848 973; x_wconf 75' lang='grc' dir='ltr'>νύμφῇ,</span> 
     </span>
    </p>
   </div>
   <div class='ocr_carea' id='block_1_11' title="bbox 238 989 1851 1066">
    <p class='ocr_par' dir='ltr' id='par_1_11' title="bbox 238 989 1851 1066">
     <span class='ocr_line' id='line_1_11' title="bbox 238 989 1851 1066; baseline -0.002 -22"><span class='ocrx_word' id='word_1_65' title='bbox 238 993 365 1064; x_wconf 73' lang='grc' dir='ltr'>ἄρτι</span> <span class='ocrx_word' id='word_1_66' title='bbox 401 997 698 1064; x_wconf 75' lang='grc' dir='ltr'>γευσαμένη</span> <span class='ocrx_word' id='word_1_67' title='bbox 739 1002 834 1055; x_wconf 78' lang='grc' dir='ltr'>τῆς</span> <span class='ocrx_word' id='word_1_68' title='bbox 889 1002 982 1046; x_wconf 82' lang='grc' dir='ltr'>τοὺ</span> <span class='ocrx_word' id='word_1_69' title='bbox 1031 999 1253 1066; x_wconf 77' lang='grc' dir='ltr'>νυμφίου</span> <span class='ocrx_word' id='word_1_70' title='bbox 1311 994 1534 1066; x_wconf 81' lang='grc' dir='ltr'>ὁμιλίας,</span> <span class='ocrx_word' id='word_1_71' title='bbox 1593 989 1851 1044; x_wconf 88' lang='grc' dir='ltr'>διαστάν-</span> 
     </span>
    </p>
   </div>
   <div class='ocr_carea' id='block_1_12' title="bbox 236 1080 1852 1158">
    <p class='ocr_par' dir='ltr' id='par_1_12' title="bbox 236 1080 1852 1158">
     <span class='ocr_line' id='line_1_12' title="bbox 236 1080 1852 1158; baseline -0.002 -24"><span class='ocrx_word' id='word_1_72' title='bbox 236 1101 326 1142; x_wconf 90' lang='grc' dir='ltr'>τος</span> <span class='ocrx_word' id='word_1_73' title='bbox 398 1080 592 1134; x_wconf 74' lang='grc' dir='ltr'>ἐκείνου</span> <span class='ocrx_word' id='word_1_74' title='bbox 651 1081 735 1134; x_wconf 71' lang='grc' dir='ltr'>ἐπὶ</span> <span class='ocrx_word' id='word_1_75' title='bbox 805 1087 990 1158; x_wconf 88' lang='grc' dir='ltr'>μικρὸν</span> <span class='ocrx_word' id='word_1_76' title='bbox 1048 1083 1430 1155; x_wconf 79' lang='grc' dir='ltr'>ἐπεμϐαίνοντες</span> <span class='ocrx_word' id='word_1_77' title='bbox 1489 1081 1654 1152; x_wconf 73' lang='grc' dir='ltr'>ἔλεγον</span> <span class='ocrx_word' id='word_1_78' title='bbox 1689 1102 1700 1112; x_wconf 93' lang='grc'><strong>·</strong></span> <span class='ocrx_word' id='word_1_79' title='bbox 1747 1087 1852 1132; x_wconf 79' lang='grc' dir='ltr'>Ποῦ</span> 
     </span>
    </p>
   </div>
   <div class='ocr_carea' id='block_1_13' title="bbox 238 1169 1854 1244">
    <p class='ocr_par' dir='ltr' id='par_1_13' title="bbox 238 1169 1854 1244">
     <span class='ocr_line' id='line_1_13' title="bbox 238 1169 1854 1244; baseline -0.001 -22"><span class='ocrx_word' id='word_1_80' title='bbox 238 1169 386 1223; x_wconf 73' lang='grc' dir='ltr'>ἔστιν</span> <span class='ocrx_word' id='word_1_81' title='bbox 424 1173 452 1222; x_wconf 98' lang='lat'>6</span> <span class='ocrx_word' id='word_1_82' title='bbox 503 1170 732 1244; x_wconf 75' lang='grc' dir='ltr'>ἐραστὴς</span> <span class='ocrx_word' id='word_1_83' title='bbox 771 1190 866 1224; x_wconf 91' lang='grc' dir='ltr'>σου</span> <span class='ocrx_word' id='word_1_84' title='bbox 900 1189 912 1238; x_wconf 93' lang='grc'><strong>;</strong></span> <span class='ocrx_word' id='word_1_85' title='bbox 946 1171 1118 1244; x_wconf 82' lang='grc' dir='ltr'>ᾣχετο</span> <span class='ocrx_word' id='word_1_86' title='bbox 1175 1172 1472 1224; x_wconf 81' lang='grc' dir='ltr'>καταλιπων</span> <span class='ocrx_word' id='word_1_87' title='bbox 1531 1189 1588 1222; x_wconf 85' lang='grc' dir='ltr'>σε</span> <span class='ocrx_word' id='word_1_88' title='bbox 1627 1188 1854 1241; x_wconf 81' lang='grc' dir='ltr'>μεμονω-</span> 
     </span>
    </p>
   </div>
   <div class='ocr_carea' id='block_1_14' title="bbox 1957 550 3607 624">
    <p class='ocr_par' dir='ltr' id='par_1_14' title="bbox 1957 550 3607 624">
     <span class='ocr_line' id='line_1_14' title="bbox 1957 550 3607 624; baseline 0.007 -24"><span class='ocrx_word' id='word_1_89' title='bbox 1957 552 2193 603; x_wconf 89' lang='lat' dir='ltr'>amator</span> <span class='ocrx_word' id='word_1_90' title='bbox 2214 550 2385 605; x_wconf 81' lang='lat' dir='ltr'>tuus?</span> <span class='ocrx_word' id='word_1_91' title='bbox 2415 551 2571 606; x_wconf 83' lang='lat' dir='ltr'>Abiit</span> <span class='ocrx_word' id='word_1_92' title='bbox 2598 551 2943 624; x_wconf 87' lang='lat' dir='ltr'>relinquens</span> <span class='ocrx_word' id='word_1_93' title='bbox 2972 557 3048 608; x_wconf 91' lang='lat' dir='ltr'>te.</span> <span class='ocrx_word' id='word_1_94' title='bbox 3075 555 3374 619; x_wconf 85' lang='lat' dir='ltr'>Quoniam</span> <span class='ocrx_word' id='word_1_95' title='bbox 3403 558 3607 610; x_wconf 90' lang='lat' dir='ltr'>autem</span> 
     </span>
    </p>
   </div>
   <div class='ocr_carea' id='block_1_15' title="bbox 1955 639 3606 712">
    <p class='ocr_par' dir='ltr' id='par_1_15' title="bbox 1955 639 3606 712">
     <span class='ocr_line' id='line_1_15' title="bbox 1955 639 3606 712; baseline 0.005 -22"><span class='ocrx_word' id='word_1_96' title='bbox 1955 651 2076 691; x_wconf 91' lang='lat' dir='ltr'>non</span> <span class='ocrx_word' id='word_1_97' title='bbox 2091 639 2465 708; x_wconf 82' lang='lat' dir='ltr'>suscepimus</span> <span class='ocrx_word' id='word_1_98' title='bbox 2479 647 2813 712; x_wconf 77' lang='lat' dir='ltr'>martyrum</span> <span class='ocrx_word' id='word_1_99' title='bbox 2841 656 3068 711; x_wconf 88' lang='lat' dir='ltr'>agones</span> <span class='ocrx_word' id='word_1_100' title='bbox 3083 643 3280 698; x_wconf 81' lang='lat' dir='ltr'>verbis</span> <span class='ocrx_word' id='word_1_101' title='bbox 3308 643 3606 700; x_wconf 88' lang='lat' dir='ltr'>celebrare</span> 
     </span>
    </p>
   </div>
   <div class='ocr_carea' id='block_1_16' title="bbox 1959 725 3605 799">
    <p class='ocr_par' dir='ltr' id='par_1_16' title="bbox 1959 725 3605 799">
     <span class='ocr_line' id='line_1_16' title="bbox 1959 725 3605 799; baseline 0.005 -21"><span class='ocrx_word' id='word_1_102' title='bbox 1959 725 2062 780; x_wconf 91' lang='lat' dir='ltr'>sed</span> <span class='ocrx_word' id='word_1_103' title='bbox 2093 725 2374 797; x_wconf 78' lang='lat' dir='ltr'>baptismi</span> <span class='ocrx_word' id='word_1_104' title='bbox 2395 729 2649 799; x_wconf 79' lang='lat' dir='ltr'>gratiam</span> <span class='ocrx_word' id='word_1_105' title='bbox 2675 730 2958 786; x_wconf 85' lang='lat' dir='ltr'>laudibus</span> <span class='ocrx_word' id='word_1_106' title='bbox 2988 731 3216 799; x_wconf 74' lang='lat' dir='ltr'>efferre,</span> <span class='ocrx_word' id='word_1_107' title='bbox 3249 733 3327 788; x_wconf 89' lang='lat' dir='ltr'>ad</span> <span class='ocrx_word' id='word_1_108' title='bbox 3379 731 3605 787; x_wconf 90' lang='lat' dir='ltr'>ﬂumen</span> 
     </span>
    </p>
   </div>
   <div class='ocr_carea' id='block_1_17' title="bbox 1957 818 3608 891">
    <p class='ocr_par' dir='ltr' id='par_1_17' title="bbox 1957 818 3608 891">
     <span class='ocr_line' id='line_1_17' title="bbox 1957 818 3608 891; baseline 0.005 -24"><span class='ocrx_word' id='word_1_109' title='bbox 1957 818 2196 870; x_wconf 87' lang='lat' dir='ltr'>nostros</span> <span class='ocrx_word' id='word_1_110' title='bbox 2222 823 2741 885; x_wconf 88' lang='lat' dir='ltr'>cursus,nostrum</span> <span class='ocrx_word' id='word_1_111' title='bbox 2773 818 3052 875; x_wconf 89' lang='lat' dir='ltr'>ardorem</span> <span class='ocrx_word' id='word_1_112' title='bbox 3081 819 3434 891; x_wconf 81' lang='lat' dir='ltr'>dirigamus,</span> <span class='ocrx_word' id='word_1_113' title='bbox 3458 821 3608 876; x_wconf 89' lang='lat' dir='ltr'>etin-</span> 
     </span>
    </p>
   </div>
   <div class='ocr_carea' id='block_1_18' title="bbox 1958 901 3610 981">
    <p class='ocr_par' dir='ltr' id='par_1_18' title="bbox 1958 901 3610 981">
     <span class='ocr_line' id='line_1_18' title="bbox 1958 901 3610 981; baseline 0.005 -25"><span class='ocrx_word' id='word_1_114' title='bbox 1958 901 2214 962; x_wconf 80' lang='lat' dir='ltr'>fantium</span> <span class='ocrx_word' id='word_1_115' title='bbox 2240 906 2526 975; x_wconf 86' lang='lat' dir='ltr'>injuriam</span> <span class='ocrx_word' id='word_1_116' title='bbox 2562 907 2680 962; x_wconf 92' lang='lat' dir='ltr'>alio</span> <span class='ocrx_word' id='word_1_117' title='bbox 2723 908 2908 962; x_wconf 88' lang='lat' dir='ltr'>modo</span> <span class='ocrx_word' id='word_1_118' title='bbox 2938 908 3307 965; x_wconf 88' lang='lat' dir='ltr'>vindicatam</span> <span class='ocrx_word' id='word_1_119' title='bbox 3337 909 3610 981; x_wconf 86' lang='lat' dir='ltr'>exquira-</span> 
     </span>
    </p>
   </div>
   <div class='ocr_carea' id='block_1_19' title="bbox 1959 993 3609 1069">
    <p class='ocr_par' dir='ltr' id='par_1_19' title="bbox 1959 993 3609 1069">
     <span class='ocr_line' id='line_1_19' title="bbox 1959 993 3609 1069; baseline 0.005 -23"><span class='ocrx_word' id='word_1_120' title='bbox 1959 1007 2119 1047; x_wconf 90' lang='lat' dir='ltr'>mus.</span> <span class='ocrx_word' id='word_1_121' title='bbox 2150 993 2475 1052; x_wconf 85' lang='lat' dir='ltr'>Jordanica</span> <span class='ocrx_word' id='word_1_122' title='bbox 2502 995 2664 1051; x_wconf 88' lang='lat' dir='ltr'>enim</span> <span class='ocrx_word' id='word_1_123' title='bbox 2691 994 2920 1052; x_wconf 88' lang='lat' dir='ltr'>ablutio</span> <span class='ocrx_word' id='word_1_124' title='bbox 2957 997 3018 1053; x_wconf 92' lang='lat' dir='ltr'>in</span> <span class='ocrx_word' id='word_1_125' title='bbox 3051 998 3374 1069; x_wconf 89' lang='lat' dir='ltr'>mysticum</span> <span class='ocrx_word' id='word_1_126' title='bbox 3409 998 3609 1054; x_wconf 91' lang='lat' dir='ltr'>sinum</span> 
     </span>
    </p>
   </div>
   <div class='ocr_carea' id='block_1_20' title="bbox 1959 1081 3607 1160">
    <p class='ocr_par' dir='ltr' id='par_1_20' title="bbox 1959 1081 3607 1160">
     <span class='ocr_line' id='line_1_20' title="bbox 1959 1081 3607 1160; baseline 0.004 -25"><span class='ocrx_word' id='word_1_127' title='bbox 1959 1081 2281 1152; x_wconf 85' lang='lat' dir='ltr'>perﬁcitur,</span> <span class='ocrx_word' id='word_1_128' title='bbox 2297 1088 2354 1140; x_wconf 89' lang='lat' dir='ltr'>et</span> <span class='ocrx_word' id='word_1_129' title='bbox 2377 1085 2570 1142; x_wconf 81' lang='lat' dir='ltr'>sancti</span> <span class='ocrx_word' id='word_1_130' title='bbox 2585 1086 2838 1157; x_wconf 81' lang='lat' dir='ltr'>Spiritus</span> <span class='ocrx_word' id='word_1_131' title='bbox 2854 1087 3198 1158; x_wconf 84' lang='lat' dir='ltr'>operatione</span> <span class='ocrx_word' id='word_1_132' title='bbox 3221 1087 3607 1160; x_wconf 87' lang='lat' dir='ltr'>multiplicem</span> 
     </span>
    </p>
   </div>
   <div class='ocr_carea' id='block_1_21' title="bbox 1959 1169 2946 1246">
    <p class='ocr_par' dir='ltr' id='par_1_21' title="bbox 1959 1169 2946 1246">
     <span class='ocr_line' id='line_1_21' title="bbox 1959 1169 2946 1246; baseline 0.009 -22"><span class='ocrx_word' id='word_1_133' title='bbox 1959 1169 2403 1244; x_wconf 88' lang='lat' dir='ltr'>pulchrumque</span> <span class='ocrx_word' id='word_1_134' title='bbox 2429 1180 2667 1245; x_wconf 88' lang='lat' dir='ltr'>partum</span> <span class='ocrx_word' id='word_1_135' title='bbox 2696 1174 2946 1246; x_wconf 82' lang='lat' dir='ltr'>profert.</span> 
     </span>
    </p>
   </div>
   <div class='ocr_carea' id='block_1_22' title="bbox 233 1257 3610 1340">
    <p class='ocr_par' dir='ltr' id='par_1_22' title="bbox 233 1257 3610 1340">
     <span class='ocr_line' id='line_1_22' title="bbox 233 1257 3610 1340; baseline 0.001 -27"><span class='ocrx_word' id='word_1_136' title='bbox 233 1265 413 1332; x_wconf 79' lang='grc' dir='ltr'>μένην.</span> <span class='ocrx_word' id='word_1_137' title='bbox 479 1259 601 1313; x_wconf 87' lang='grc' dir='ltr'>Ὀτι</span> <span class='ocrx_word' id='word_1_138' title='bbox 808 1257 896 1313; x_wconf 78' lang='grc' dir='ltr'>οὖν</span> <span class='ocrx_word' id='word_1_139' title='bbox 947 1262 1006 1313; x_wconf 78' lang='grc' dir='ltr'>ού</span> <span class='ocrx_word' id='word_1_140' title='bbox 1067 1266 1338 1334; x_wconf 83' lang='grc' dir='ltr'>πρόκειται</span> <span class='ocrx_word' id='word_1_141' title='bbox 1395 1262 1517 1333; x_wconf 79' lang='grc' dir='ltr'>ἄρτι</span> <span class='ocrx_word' id='word_1_142' title='bbox 1561 1267 1630 1328; x_wconf 84' lang='grc' dir='ltr'>τῷ</span> <span class='ocrx_word' id='word_1_143' title='bbox 1678 1258 1812 1329; x_wconf 84' lang='grc' dir='ltr'>λόγῳ</span> <span class='ocrx_word' id='word_1_144' title='bbox 1875 1260 1932 1309; x_wconf 89' lang='grc' dir='ltr'>τὸ</span> <span class='ocrx_word' id='word_1_145' title='bbox 2018 1267 2374 1333; x_wconf 84' lang='grc' dir='ltr'>μαρτυρικοὺς</span> <span class='ocrx_word' id='word_1_146' title='bbox 2431 1261 2630 1334; x_wconf 79' lang='grc' dir='ltr'>ἀγῶνας</span> <span class='ocrx_word' id='word_1_147' title='bbox 2714 1262 3054 1336; x_wconf 79' lang='grc' dir='ltr'>έγκωμάζειν,</span> <span class='ocrx_word' id='word_1_148' title='bbox 3121 1264 3250 1317; x_wconf 76' lang='grc' dir='ltr'>ἀλλὰ</span> <span class='ocrx_word' id='word_1_149' title='bbox 3305 1272 3398 1324; x_wconf 80' lang='grc' dir='ltr'>τὴν</span> <span class='ocrx_word' id='word_1_150' title='bbox 3447 1270 3610 1340; x_wconf 82' lang='grc' dir='ltr'><strong><em>χάριν</em></strong></span> 
     </span>
    </p>
   </div>
   <div class='ocr_carea' id='block_1_23' title="bbox 239 1347 1105 1420">
    <p class='ocr_par' dir='ltr' id='par_1_23' title="bbox 239 1347 1105 1420">
     <span class='ocr_line' id='line_1_23' title="bbox 239 1347 1105 1420; baseline -0.002 -18"><span class='ocrx_word' id='word_1_151' title='bbox 239 1357 336 1402; x_wconf 78' lang='grc' dir='ltr'>τοῦ</span> <span class='ocrx_word' id='word_1_152' title='bbox 393 1347 765 1420; x_wconf 81' lang='grc' dir='ltr'>βαπτίσματος</span> <span class='ocrx_word' id='word_1_153' title='bbox 821 1348 1105 1410; x_wconf 65' lang='grc' dir='ltr'>ἐπιθειάζειν</span> 
     </span>
    </p>
   </div>
   <div class='ocr_carea' id='block_1_24' title="bbox 1166 1348 3612 1426">
    <p class='ocr_par' dir='ltr' id='par_1_24' title="bbox 1166 1348 3612 1426">
     <span class='ocr_line' id='line_1_24' title="bbox 1166 1348 3612 1426; baseline 0.002 -24"><span class='ocrx_word' id='word_1_154' title='bbox 1166 1372 1177 1382; x_wconf 69' lang='grc'><strong><em>⁸</em></strong></span> <span class='ocrx_word' id='word_1_155' title='bbox 1220 1349 1305 1402; x_wconf 70' lang='grc' dir='ltr'>ἐπὶ</span> <span class='ocrx_word' id='word_1_156' title='bbox 1355 1359 1446 1401; x_wconf 80' lang='grc' dir='ltr'>τού</span> <span class='ocrx_word' id='word_1_157' title='bbox 1524 1355 1763 1417; x_wconf 80' lang='grc' dir='ltr'>ποταμοῦ</span> <span class='ocrx_word' id='word_1_158' title='bbox 1814 1348 1881 1398; x_wconf 77' lang='grc' dir='ltr'>τὰ</span> <span class='ocrx_word' id='word_1_159' title='bbox 1936 1349 2236 1421; x_wconf 79' lang='grc' dir='ltr'>ὁρμήματά,</span> <span class='ocrx_word' id='word_1_160' title='bbox 2283 1356 2376 1408; x_wconf 82' lang='grc' dir='ltr'>τὴν</span> <span class='ocrx_word' id='word_1_161' title='bbox 2419 1352 2584 1424; x_wconf 82' lang='grc' dir='ltr'>ὁρμὴν</span> <span class='ocrx_word' id='word_1_162' title='bbox 2647 1360 2739 1403; x_wconf 77' lang='grc' dir='ltr'>τοῦ</span> <span class='ocrx_word' id='word_1_163' title='bbox 2786 1353 2941 1423; x_wconf 89' lang='grc' dir='ltr'>λόγου</span> <span class='ocrx_word' id='word_1_164' title='bbox 3011 1359 3319 1426; x_wconf 74' lang='grc' dir='ltr'>κινήσωμεν,</span> <span class='ocrx_word' id='word_1_165' title='bbox 3388 1360 3480 1408; x_wconf 87' lang='lat' dir='ltr'>xui</span> <span class='ocrx_word' id='word_1_166' title='bbox 3551 1359 3612 1407; x_wconf 88' lang='grc' dir='ltr'>τὸ</span> 
     </span>
    </p>
   </div>
   <div class='ocr_carea' id='block_1_25' title="bbox 243 1433 3614 1516">
    <p class='ocr_par' dir='ltr' id='par_1_25' title="bbox 243 1433 3614 1516">
     <span class='ocr_line' id='line_1_25' title="bbox 243 1433 3614 1516; baseline 0.002 -27"><span class='ocrx_word' id='word_1_167' title='bbox 243 1446 346 1489; x_wconf 81' lang='grc' dir='ltr'>τῶν</span> <span class='ocrx_word' id='word_1_168' title='bbox 409 1441 610 1495; x_wconf 82' lang='grc' dir='ltr'>νηπίων</span> <span class='ocrx_word' id='word_1_169' title='bbox 665 1435 910 1510; x_wconf 83' lang='grc' dir='ltr'>ἀδίκημα</span> <span class='ocrx_word' id='word_1_170' title='bbox 958 1443 1146 1513; x_wconf 83' lang='grc' dir='ltr'>τρόπον</span> <span class='ocrx_word' id='word_1_171' title='bbox 1208 1437 1374 1511; x_wconf 74' lang='grc' dir='ltr'>ἕτερον</span> <span class='ocrx_word' id='word_1_172' title='bbox 1434 1433 1857 1507; x_wconf 85' lang='grc' dir='ltr'>διεκδικούμενον</span> <span class='ocrx_word' id='word_1_173' title='bbox 1905 1436 2278 1507; x_wconf 75' lang='grc' dir='ltr'>κατοψὼμεθα.</span> <span class='ocrx_word' id='word_1_174' title='bbox 2355 1440 2412 1492; x_wconf 83' lang='grc' dir='ltr'><strong>Ἦ</strong></span> <span class='ocrx_word' id='word_1_175' title='bbox 2491 1461 2594 1514; x_wconf 88' lang='grc' dir='ltr'>γαρ</span> <span class='ocrx_word' id='word_1_176' title='bbox 2651 1438 2954 1515; x_wconf 83' lang='grc' dir='ltr'>Ἰορδάνειος</span> <span class='ocrx_word' id='word_1_177' title='bbox 3007 1446 3174 1513; x_wconf 86' lang='grc' dir='ltr'>χύσις</span> <span class='ocrx_word' id='word_1_178' title='bbox 3229 1444 3300 1506; x_wconf 83' lang='grc' dir='ltr'>εἰς</span> <span class='ocrx_word' id='word_1_179' title='bbox 3353 1449 3614 1516; x_wconf 77' lang='grc' dir='ltr'>μυστικήν</span> 
     </span>
    </p>
   </div>
   <div class='ocr_carea' id='block_1_26' title="bbox 240 1524 3522 1608">
    <p class='ocr_par' dir='ltr' id='par_1_26' title="bbox 240 1524 3522 1608">
     <span class='ocr_line' id='line_1_26' title="bbox 240 1524 3522 1608; baseline 0.002 -28"><span class='ocrx_word' id='word_1_180' title='bbox 240 1526 574 1580; x_wconf 69' lang='grc' dir='ltr'>ἀποτελεῖται</span> <span class='ocrx_word' id='word_1_181' title='bbox 603 1531 853 1599; x_wconf 86' lang='grc' dir='ltr'>γαστέρα,</span> <span class='ocrx_word' id='word_1_182' title='bbox 894 1532 986 1579; x_wconf 84' lang='grc' dir='ltr'>καὶ</span> <span class='ocrx_word' id='word_1_183' title='bbox 1014 1524 1048 1580; x_wconf 87' lang='grc' dir='ltr'>δ</span> <span class='ocrx_word' id='word_1_184' title='bbox 1052 1531 1106 1579; x_wconf 77' lang='grc' dir='ltr'>ιὰ</span> <span class='ocrx_word' id='word_1_185' title='bbox 1158 1537 1254 1589; x_wconf 82' lang='grc' dir='ltr'>τῆς</span> <span class='ocrx_word' id='word_1_186' title='bbox 1283 1535 1374 1579; x_wconf 79' lang='grc' dir='ltr'>τοῦ</span> <span class='ocrx_word' id='word_1_187' title='bbox 1415 1527 1568 1597; x_wconf 80' lang='grc' dir='ltr'>ἁγίου</span> <span class='ocrx_word' id='word_1_188' title='bbox 1601 1526 1916 1596; x_wconf 84' lang='grc' dir='ltr'>ΙΙνεύματος“</span> <span class='ocrx_word' id='word_1_189' title='bbox 1941 1529 2227 1597; x_wconf 82' lang='grc' dir='ltr'>μαιεύσεως</span> <span class='ocrx_word' id='word_1_190' title='bbox 2251 1527 2588 1581; x_wconf 86' lang='grc' dir='ltr'>πολυτεκνίαν</span> <span class='ocrx_word' id='word_1_191' title='bbox 2609 1532 2739 1600; x_wconf 76' lang='grc' dir='ltr'>ὁμοῦ</span> <span class='ocrx_word' id='word_1_192' title='bbox 2766 1535 2849 1582; x_wconf 67' lang='grc' dir='ltr'>καί</span> <span class='ocrx_word' id='word_1_193' title='bbox 2887 1530 3238 1584; x_wconf 77' lang='grc' dir='ltr'>καλλιτεχνίαν</span> <span class='ocrx_word' id='word_1_194' title='bbox 3268 1538 3522 1608; x_wconf 79' lang='grc' dir='ltr'>προφέρει.</span> 
     </span>
    </p>
   </div>
   <div class='ocr_carea' id='block_1_27' title="bbox 317 1611 1858 1688">
    <p class='ocr_par' dir='ltr' id='par_1_27' title="bbox 317 1611 1858 1688">
     <span class='ocr_line' id='line_1_27' title="bbox 317 1611 1858 1688; baseline -0.002 -21"><span class='ocrx_word' id='word_1_195' title='bbox 317 1615 397 1671; x_wconf 88' lang='grc' dir='ltr'>Γ’.</span> <span class='ocrx_word' id='word_1_196' title='bbox 459 1619 560 1669; x_wconf 77' lang='grc' dir='ltr'>Καὶ</span> <span class='ocrx_word' id='word_1_197' title='bbox 599 1623 660 1686; x_wconf 78' lang='grc' dir='ltr'>τῇ</span> <span class='ocrx_word' id='word_1_198' title='bbox 717 1620 806 1687; x_wconf 73' lang='grc' dir='ltr'>μεν</span> <span class='ocrx_word' id='word_1_199' title='bbox 865 1616 1091 1688; x_wconf 75' lang='grc' dir='ltr'>Βηθλεὲμ</span> <span class='ocrx_word' id='word_1_200' title='bbox 1165 1615 1505 1687; x_wconf 77' lang='grc' dir='ltr'>ἀτεκνουμένη</span> <span class='ocrx_word' id='word_1_201' title='bbox 1583 1611 1858 1686; x_wconf 72' lang='grc' dir='ltr'>βαρυηχες</span> 
     </span>
    </p>
   </div>
   <div class='ocr_carea' id='block_1_28' title="bbox 251 1701 1858 1778">
    <p class='ocr_par' dir='ltr' id='par_1_28' title="bbox 251 1701 1858 1778">
     <span class='ocr_line' id='line_1_28' title="bbox 251 1701 1858 1778; baseline -0.001 -22"><span class='ocrx_word' id='word_1_202' title='bbox 251 1709 314 1757; x_wconf 86' lang='grc' dir='ltr'>τὸ</span> <span class='ocrx_word' id='word_1_203' title='bbox 396 1701 728 1778; x_wconf 78' lang='grc' dir='ltr'>τραγῴδημα</span> <span class='ocrx_word' id='word_1_204' title='bbox 783 1707 808 1756; x_wconf 91' lang='grc' dir='ltr'>ό</span> <span class='ocrx_word' id='word_1_205' title='bbox 883 1701 1219 1778; x_wconf 76' lang='grc' dir='ltr'>πολύδακρυς</span> <span class='ocrx_word' id='word_1_206' title='bbox 1297 1705 1540 1776; x_wconf 74' lang='grc' dir='ltr'>Ἱερεμίας</span> <span class='ocrx_word' id='word_1_207' title='bbox 1601 1701 1858 1766; x_wconf 79' lang='grc' dir='ltr'>έπέπλεκε,</span> 
     </span>
    </p>
   </div>
   <div class='ocr_carea' id='block_1_29' title="bbox 2043 1616 3618 1688">
    <p class='ocr_par' dir='ltr' id='par_1_29' title="bbox 2043 1616 3618 1688">
     <span class='ocr_line' id='line_1_29' title="bbox 2043 1616 3618 1688; baseline 0.004 -19"><span class='ocrx_word' id='word_1_208' title='bbox 2043 1616 2129 1670; x_wconf 86' lang='grc' dir='ltr'>ΙΙΙ.</span> <span class='ocrx_word' id='word_1_209' title='bbox 2165 1619 2228 1671; x_wconf 85' lang='lat' dir='ltr'>Et</span> <span class='ocrx_word' id='word_1_210' title='bbox 2250 1617 2498 1688; x_wconf 89' lang='lat' dir='ltr'>quidem</span> <span class='ocrx_word' id='word_1_211' title='bbox 2533 1618 2825 1675; x_wconf 87' lang='lat' dir='ltr'>Bethleem</span> <span class='ocrx_word' id='word_1_212' title='bbox 2857 1619 2994 1675; x_wconf 87' lang='lat' dir='ltr'>ﬁliis</span> <span class='ocrx_word' id='word_1_213' title='bbox 3015 1621 3240 1676; x_wconf 61' lang='lat' dir='ltr'>orbatae</span> <span class='ocrx_word' id='word_1_214' title='bbox 3269 1621 3618 1678; x_wconf 87' lang='lat' dir='ltr'>lamentabi-</span> 
     </span>
    </p>
   </div>
   <div class='ocr_carea' id='block_1_30' title="bbox 1968 1701 3616 1779">
    <p class='ocr_par' dir='ltr' id='par_1_30' title="bbox 1968 1701 3616 1779">
     <span class='ocr_line' id='line_1_30' title="bbox 1968 1701 3616 1779; baseline 0.004 -21"><span class='ocrx_word' id='word_1_215' title='bbox 1968 1701 2087 1759; x_wconf 92' lang='lat' dir='ltr'>lem</span> <span class='ocrx_word' id='word_1_216' title='bbox 2129 1706 2486 1775; x_wconf 74' lang='lat' dir='ltr'>tragmdiam</span> <span class='ocrx_word' id='word_1_217' title='bbox 2538 1707 2918 1779; x_wconf 84' lang='lat' dir='ltr'>lacrymosus</span> <span class='ocrx_word' id='word_1_218' title='bbox 2959 1709 3244 1765; x_wconf 83' lang='lat' dir='ltr'>Jeremias</span> <span class='ocrx_word' id='word_1_219' title='bbox 3272 1710 3616 1766; x_wconf 84' lang='lat' dir='ltr'>contexuit:</span> 
     </span>
    </p>
   </div>
   <div class='ocr_carea' id='block_1_31' title="bbox 255 1791 1873 1883">
    <p class='ocr_par' dir='ltr' id='par_1_31' title="bbox 255 1791 1862 1865">
     <span class='ocr_line' id='line_1_31' title="bbox 255 1791 1862 1865; baseline -0.002 -21"><span class='ocrx_word' id='word_1_220' title='bbox 255 1814 284 1844; x_wconf 79' lang='grc' dir='ltr'>ιι</span> <span class='ocrx_word' id='word_1_221' title='bbox 317 1798 494 1865; x_wconf 73' lang='grc' dir='ltr'>φωνην</span> <span class='ocrx_word' id='word_1_222' title='bbox 561 1791 610 1844; x_wconf 77' lang='grc' dir='ltr'>ἓν</span> <span class='ocrx_word' id='word_1_223' title='bbox 658 1792 820 1864; x_wconf 80' lang='grc' dir='ltr'>Ῥαμᾶ</span> <span class='ocrx_word' id='word_1_224' title='bbox 861 1793 1021 1865; x_wconf 85' lang='grc' dir='ltr'>λέγων</span> <span class='ocrx_word' id='word_1_225' title='bbox 1078 1793 1473 1859; x_wconf 79' lang='grc' dir='ltr'>ἀκουτισθῆναι,</span> <span class='ocrx_word' id='word_1_226' title='bbox 1533 1795 1621 1843; x_wconf 83' lang='grc' dir='ltr'>καὶ</span> <span class='ocrx_word' id='word_1_227' title='bbox 1678 1793 1862 1863; x_wconf 82' lang='grc' dir='ltr'>θρῆνον</span> 
     </span>
    </p>
   </div>
   <div class='ocr_carea' id='block_1_32' title="bbox 1981 1791 3621 1883">
    <p class='ocr_par' dir='ltr' id='par_1_32' title="bbox 1981 1794 3621 1883">
     <span class='ocr_line' id='line_1_32' title="bbox 1981 1794 3621 1883; baseline 0.005 -37"><span class='ocrx_word' id='word_1_228' title='bbox 1981 1794 2130 1883; x_wconf 63' lang='grc' dir='ltr'>κγοχ</span> <span class='ocrx_word' id='word_1_229' title='bbox 2161 1794 2220 1848; x_wconf 92' lang='lat' dir='ltr'>in</span> <span class='ocrx_word' id='word_1_230' title='bbox 2245 1795 2474 1851; x_wconf 83' lang='lat' dir='ltr'>Rhama</span> <span class='ocrx_word' id='word_1_231' title='bbox 2501 1796 2708 1851; x_wconf 88' lang='lat' dir='ltr'>audita</span> <span class='ocrx_word' id='word_1_232' title='bbox 2731 1800 2836 1865; x_wconf 89' lang='lat' dir='ltr'>est,</span> <span class='ocrx_word' id='word_1_233' title='bbox 2875 1797 3090 1869; x_wconf 81' lang='lat' dir='ltr'>inquit,</span> <span class='ocrx_word' id='word_1_234' title='bbox 3143 1802 3202 1854; x_wconf 89' lang='lat' dir='ltr'>et</span> <span class='ocrx_word' id='word_1_235' title='bbox 3245 1798 3514 1869; x_wconf 78' lang='lat' dir='ltr'>ploratus</span> <span class='ocrx_word' id='word_1_236' title='bbox 3565 1803 3621 1854; x_wconf 92' lang='lat' dir='ltr'>et</span> 
     </span>
    </p>
   </div>
   <div class='ocr_carea' id='block_1_33' title="bbox 248 1878 1865 1956">
    <p class='ocr_par' dir='ltr' id='par_1_33' title="bbox 248 1878 1865 1956">
     <span class='ocr_line' id='line_1_33' title="bbox 248 1878 1865 1956; baseline -0.002 -22"><span class='ocrx_word' id='word_1_237' title='bbox 248 1887 344 1934; x_wconf 81' lang='grc' dir='ltr'>καὶ</span> <span class='ocrx_word' id='word_1_238' title='bbox 385 1878 618 1956; x_wconf 81' lang='grc' dir='ltr'>ὀδυρμόν</span> <span class='ocrx_word' id='word_1_239' title='bbox 649 1881 824 1936; x_wconf 83' lang='grc' dir='ltr'>πολύν.</span> <span class='ocrx_word' id='word_1_240' title='bbox 867 1905 884 1933; x_wconf 75' lang='grc' dir='ltr'><strong><em>ι</em></strong></span> <span class='ocrx_word' id='word_1_241' title='bbox 924 1883 1038 1936; x_wconf 82' lang='grc' dir='ltr'>Ἐπὶ</span> <span class='ocrx_word' id='word_1_242' title='bbox 1070 1879 1130 1935; x_wconf 78' lang='grc' dir='ltr'>δε</span> <span class='ocrx_word' id='word_1_243' title='bbox 1158 1891 1252 1944; x_wconf 85' lang='grc' dir='ltr'>τῆς</span> <span class='ocrx_word' id='word_1_244' title='bbox 1286 1889 1645 1954; x_wconf 82' lang='grc' dir='ltr'>πνευματικῆς</span> <span class='ocrx_word' id='word_1_245' title='bbox 1672 1883 1865 1940; x_wconf 78' lang='grc' dir='ltr'>ταύτης</span> 
     </span>
    </p>
   </div>
   <div class='ocr_carea' id='block_1_34' title="bbox 240 1970 1869 2043">
    <p class='ocr_par' dir='ltr' id='par_1_34' title="bbox 240 1970 1869 2043">
     <span class='ocr_line' id='line_1_34' title="bbox 240 1970 1869 2043; baseline -0.002 -21"><span class='ocrx_word' id='word_1_246' title='bbox 240 1970 489 2023; x_wconf 69' lang='grc' dir='ltr'>εὐτὶκνου</span> <span class='ocrx_word' id='word_1_247' title='bbox 564 1979 720 2042; x_wconf 77' lang='grc' dir='ltr'>γονῆς</span> <span class='ocrx_word' id='word_1_248' title='bbox 800 1973 826 2023; x_wconf 89' lang='lat'>6</span> <span class='ocrx_word' id='word_1_249' title='bbox 911 1978 1400 2043; x_wconf 79' lang='grc' dir='ltr'>μεγαγοφωνότατος</span> <span class='ocrx_word' id='word_1_250' title='bbox 1489 1971 1712 2031; x_wconf 82' lang='grc' dir='ltr'>Ἠσαίας</span> <span class='ocrx_word' id='word_1_251' title='bbox 1803 1981 1869 2030; x_wconf 75' lang='grc' dir='ltr'>τὰ</span> 
     </span>
    </p>
   </div>
   <div class='ocr_carea' id='block_1_35' title="bbox 254 2056 1868 2135">
    <p class='ocr_par' dir='ltr' id='par_1_35' title="bbox 254 2056 1868 2135">
     <span class='ocr_line' id='line_1_35' title="bbox 254 2056 1868 2135; baseline -0.002 -23"><span class='ocrx_word' id='word_1_252' title='bbox 254 2060 491 2130; x_wconf 77' lang='grc' dir='ltr'>γενέθλια</span> <span class='ocrx_word' id='word_1_253' title='bbox 527 2056 885 2132; x_wconf 84' lang='grc' dir='ltr'>μελῳδήματα</span> <span class='ocrx_word' id='word_1_254' title='bbox 939 2066 1258 2135; x_wconf 82' lang='grc' dir='ltr'>χαρμόσυνα</span> <span class='ocrx_word' id='word_1_255' title='bbox 1291 2059 1548 2132; x_wconf 77' lang='grc' dir='ltr'>ἐξυφαίνει</span> <span class='ocrx_word' id='word_1_256' title='bbox 1613 2080 1625 2092; x_wconf 85' lang='grc'>·</span> <span class='ocrx_word' id='word_1_257' title='bbox 1681 2076 1710 2109; x_wconf 82' lang='grc' dir='ltr'><strong><em>ιι</em></strong></span> <span class='ocrx_word' id='word_1_258' title='bbox 1767 2057 1868 2110; x_wconf 78' lang='grc' dir='ltr'>Εὑ-</span> 
     </span>
    </p>
   </div>
   <div class='ocr_carea' id='block_1_36' title="bbox 248 2145 1867 2224">
    <p class='ocr_par' dir='ltr' id='par_1_36' title="bbox 248 2145 1867 2224">
     <span class='ocr_line' id='line_1_36' title="bbox 248 2145 1867 2224; baseline -0.002 -24"><span class='ocrx_word' id='word_1_259' title='bbox 248 2151 537 2222; x_wconf 75' lang='grc' dir='ltr'>φράνθητι,</span> <span class='ocrx_word' id='word_1_260' title='bbox 569 2157 770 2224; x_wconf 77' lang='grc' dir='ltr'>στεῖρα,</span> <span class='ocrx_word' id='word_1_261' title='bbox 803 2151 832 2206; x_wconf 82' lang='grc' dir='ltr'><strong>ἠ</strong></span> <span class='ocrx_word' id='word_1_262' title='bbox 879 2149 938 2201; x_wconf 76' lang='grc' dir='ltr'>οὐ</span> <span class='ocrx_word' id='word_1_263' title='bbox 985 2154 1254 2214; x_wconf 83' lang='grc' dir='ltr'>τίκτουσα,</span> <span class='ocrx_word' id='word_1_264' title='bbox 1303 2149 1462 2223; x_wconf 77' lang='grc' dir='ltr'>ῥῆξόν</span> <span class='ocrx_word' id='word_1_265' title='bbox 1524 2152 1616 2198; x_wconf 87' lang='lat' dir='ltr'>xui</span> <span class='ocrx_word' id='word_1_266' title='bbox 1668 2145 1867 2218; x_wconf 84' lang='grc' dir='ltr'>βόησον</span> 
     </span>
    </p>
   </div>
   <div class='ocr_carea' id='block_1_37' title="bbox 242 2235 1866 2306">
    <p class='ocr_par' dir='ltr' id='par_1_37' title="bbox 242 2235 1866 2306">
     <span class='ocr_line' id='line_1_37' title="bbox 242 2235 1866 2306; baseline -0.002 -17"><span class='ocrx_word' id='word_1_267' title='bbox 242 2239 275 2295; x_wconf 77' lang='grc' dir='ltr'><strong>ἡ</strong></span> <span class='ocrx_word' id='word_1_268' title='bbox 331 2238 430 2289; x_wconf 71' lang='grc' dir='ltr'>οὐκ</span> <span class='ocrx_word' id='word_1_269' title='bbox 469 2235 736 2290; x_wconf 80' lang='grc' dir='ltr'>ὠδίνουσα</span> <span class='ocrx_word' id='word_1_270' title='bbox 795 2259 808 2270; x_wconf 76' lang='grc' dir='ltr'><strong>ο</strong></span> <span class='ocrx_word' id='word_1_271' title='bbox 852 2239 932 2290; x_wconf 85' lang='grc' dir='ltr'>ὅτι</span> <span class='ocrx_word' id='word_1_272' title='bbox 989 2238 1153 2290; x_wconf 73' lang='grc' dir='ltr'>πολλὰ</span> <span class='ocrx_word' id='word_1_273' title='bbox 1206 2241 1270 2290; x_wconf 76' lang='grc' dir='ltr'>τὰ</span> <span class='ocrx_word' id='word_1_274' title='bbox 1320 2242 1474 2289; x_wconf 88' lang='grc' dir='ltr'>τέκνα</span> <span class='ocrx_word' id='word_1_275' title='bbox 1526 2243 1621 2298; x_wconf 82' lang='grc' dir='ltr'>τῆς</span> <span class='ocrx_word' id='word_1_276' title='bbox 1667 2235 1866 2306; x_wconf 75' lang='grc' dir='ltr'>ἐρήμου</span> 
     </span>
    </p>
   </div>
   <div class='ocr_carea' id='block_1_38' title="bbox 255 2323 1867 2398">
    <p class='ocr_par' dir='ltr' id='par_1_38' title="bbox 255 2323 1867 2398">
     <span class='ocr_line' id='line_1_38' title="bbox 255 2323 1867 2398; baseline -0.001 -21"><span class='ocrx_word' id='word_1_277' title='bbox 255 2325 452 2397; x_wconf 82' lang='grc' dir='ltr'>μᾶλλον</span> <span class='ocrx_word' id='word_1_278' title='bbox 483 2326 511 2384; x_wconf 74' lang='grc' dir='ltr'><strong>ἣ</strong></span> <span class='ocrx_word' id='word_1_279' title='bbox 556 2335 654 2389; x_wconf 83' lang='grc' dir='ltr'>τῆς</span> <span class='ocrx_word' id='word_1_280' title='bbox 691 2325 926 2398; x_wconf 79' lang='grc' dir='ltr'>ἐχούσης</span> <span class='ocrx_word' id='word_1_281' title='bbox 961 2330 1046 2379; x_wconf 88' lang='grc' dir='ltr'>τὸν</span> <span class='ocrx_word' id='word_1_282' title='bbox 1103 2323 1293 2398; x_wconf 80' lang='grc' dir='ltr'>ἄνδρα.</span> <span class='ocrx_word' id='word_1_283' title='bbox 1331 2348 1356 2375; x_wconf 80' lang='grc'><strong>››</strong></span> <span class='ocrx_word' id='word_1_284' title='bbox 1411 2325 1480 2378; x_wconf 85' lang='grc' dir='ltr'>Ὤ.</span> <span class='ocrx_word' id='word_1_285' title='bbox 1523 2333 1614 2385; x_wconf 79' lang='grc' dir='ltr'>τῆς</span> <span class='ocrx_word' id='word_1_286' title='bbox 1667 2343 1867 2394; x_wconf 86' lang='grc' dir='ltr'>παγκο-</span> 
     </span>
    </p>
   </div>
   <div class='ocr_carea' id='block_1_39' title="bbox 256 2413 1866 2488">
    <p class='ocr_par' dir='ltr' id='par_1_39' title="bbox 256 2413 1866 2488">
     <span class='ocr_line' id='line_1_39' title="bbox 256 2413 1866 2488; baseline -0.002 -22"><span class='ocrx_word' id='word_1_287' title='bbox 256 2420 422 2486; x_wconf 86' lang='grc' dir='ltr'>σμίου</span> <span class='ocrx_word' id='word_1_288' title='bbox 471 2413 734 2488; x_wconf 70' lang='grc' dir='ltr'>χορειαςὲ</span> <span class='ocrx_word' id='word_1_289' title='bbox 777 2416 816 2467; x_wconf 85' lang='grc' dir='ltr'><strong><em>ὧ</em></strong></span> <span class='ocrx_word' id='word_1_290' title='bbox 872 2423 963 2476; x_wconf 84' lang='grc' dir='ltr'>τῆς</span> <span class='ocrx_word' id='word_1_291' title='bbox 1036 2415 1424 2487; x_wconf 73' lang='grc' dir='ltr'>μεγαλοφωνίας</span> <span class='ocrx_word' id='word_1_292' title='bbox 1477 2422 1575 2466; x_wconf 85' lang='grc' dir='ltr'>τῶν</span> <span class='ocrx_word' id='word_1_293' title='bbox 1625 2415 1866 2488; x_wconf 77' lang='grc' dir='ltr'>κηρύκων</span> 
     </span>
    </p>
   </div>
   <div class='ocr_carea' id='block_1_40' title="bbox 255 2501 1867 2578">
    <p class='ocr_par' dir='ltr' id='par_1_40' title="bbox 255 2501 1867 2578">
     <span class='ocr_line' id='line_1_40' title="bbox 255 2501 1867 2578; baseline -0.001 -24"><span class='ocrx_word' id='word_1_294' title='bbox 255 2511 352 2554; x_wconf 81' lang='grc' dir='ltr'>τοῦ</span> <span class='ocrx_word' id='word_1_295' title='bbox 415 2509 735 2578; x_wconf 81' lang='grc' dir='ltr'>μυστηρίου,</span> <span class='ocrx_word' id='word_1_296' title='bbox 799 2506 1128 2575; x_wconf 87' lang='grc' dir='ltr'>πανταχόθεν</span> <span class='ocrx_word' id='word_1_297' title='bbox 1211 2523 1302 2576; x_wconf 89' lang='grc' dir='ltr'>μοι</span> <span class='ocrx_word' id='word_1_298' title='bbox 1355 2501 1734 2555; x_wconf 79' lang='grc' dir='ltr'>καταυλούνται</span> <span class='ocrx_word' id='word_1_299' title='bbox 1801 2505 1867 2553; x_wconf 82' lang='grc' dir='ltr'>τὰ</span> 
     </span>
    </p>
   </div>
   <div class='ocr_carea' id='block_1_41' title="bbox 250 2588 1866 2667">
    <p class='ocr_par' dir='ltr' id='par_1_41' title="bbox 250 2588 1866 2667">
     <span class='ocr_line' id='line_1_41' title="bbox 250 2588 1866 2667; baseline -0.001 -23"><span class='ocrx_word' id='word_1_300' title='bbox 250 2592 367 2644; x_wconf 82' lang='grc' dir='ltr'>ὦτα</span> <span class='ocrx_word' id='word_1_301' title='bbox 426 2614 438 2626; x_wconf 79' lang='grc' dir='ltr'><strong><em>ο</em></strong></span> <span class='ocrx_word' id='word_1_302' title='bbox 505 2591 557 2656; x_wconf 82' lang='grc' dir='ltr'>ἐξ</span> <span class='ocrx_word' id='word_1_303' title='bbox 592 2593 834 2667; x_wconf 74' lang='grc' dir='ltr'>οὐρανοῦ,</span> <span class='ocrx_word' id='word_1_304' title='bbox 885 2592 937 2656; x_wconf 72' lang='grc' dir='ltr'>ἐξ</span> <span class='ocrx_word' id='word_1_305' title='bbox 991 2590 1219 2666; x_wconf 76' lang='grc' dir='ltr'>ἀνύδρου</span> <span class='ocrx_word' id='word_1_306' title='bbox 1278 2595 1493 2667; x_wconf 72' lang='grc' dir='ltr'>ἐρήμου,</span> <span class='ocrx_word' id='word_1_307' title='bbox 1553 2591 1608 2654; x_wconf 77' lang='grc' dir='ltr'>ἐξ</span> <span class='ocrx_word' id='word_1_308' title='bbox 1662 2588 1866 2643; x_wconf 78' lang='grc' dir='ltr'>ὑδάτων</span> 
     </span>
    </p>
   </div>
   <div class='ocr_carea' id='block_1_42' title="bbox 255 2680 1868 2757">
    <p class='ocr_par' dir='ltr' id='par_1_42' title="bbox 255 2680 1868 2757">
     <span class='ocr_line' id='line_1_42' title="bbox 255 2680 1868 2757; baseline -0.001 -23"><span class='ocrx_word' id='word_1_309' title='bbox 255 2682 450 2737; x_wconf 76' lang='grc' dir='ltr'>αὐτῶν.</span> <span class='ocrx_word' id='word_1_310' title='bbox 483 2683 771 2757; x_wconf 78' lang='grc' dir='ltr'>Οὑρανόθεν</span> <span class='ocrx_word' id='word_1_311' title='bbox 807 2684 833 2735; x_wconf 92' lang='grc' dir='ltr'>ό</span> <span class='ocrx_word' id='word_1_312' title='bbox 867 2687 1045 2755; x_wconf 79' lang='grc' dir='ltr'>Πατὴρ</span> <span class='ocrx_word' id='word_1_313' title='bbox 1077 2691 1177 2734; x_wconf 79' lang='grc' dir='ltr'>τῶν</span> <span class='ocrx_word' id='word_1_314' title='bbox 1208 2689 1384 2754; x_wconf 81' lang='grc' dir='ltr'>φώτων</span> <span class='ocrx_word' id='word_1_315' title='bbox 1423 2680 1528 2754; x_wconf 79' lang='grc' dir='ltr'>βοᾷ</span> <span class='ocrx_word' id='word_1_316' title='bbox 1573 2702 1585 2714; x_wconf 79' lang='grc' dir='ltr'><strong><em>ο</em></strong></span> <span class='ocrx_word' id='word_1_317' title='bbox 1631 2702 1657 2730; x_wconf 80' lang='grc'><strong>‹‹</strong></span> <span class='ocrx_word' id='word_1_318' title='bbox 1705 2681 1868 2742; x_wconf 76' lang='grc' dir='ltr'>Οὗτος</span> 
     </span>
    </p>
   </div>
   <div class='ocr_carea' id='block_1_43' title="bbox 253 2768 1866 2843">
    <p class='ocr_par' dir='ltr' id='par_1_43' title="bbox 253 2768 1866 2843">
     <span class='ocr_line' id='line_1_43' title="bbox 253 2768 1866 2843; baseline -0.001 -21"><span class='ocrx_word' id='word_1_319' title='bbox 253 2775 397 2824; x_wconf 81' lang='grc' dir='ltr'>ἔστω</span> <span class='ocrx_word' id='word_1_320' title='bbox 432 2774 551 2832; x_wconf 78' lang='grc' dir='ltr'>Υἱὸς</span> <span class='ocrx_word' id='word_1_321' title='bbox 577 2774 604 2823; x_wconf 88' lang='lat'>6</span> <span class='ocrx_word' id='word_1_322' title='bbox 634 2776 900 2843; x_wconf 77' lang='grc' dir='ltr'>ἀγαπητός</span> <span class='ocrx_word' id='word_1_323' title='bbox 929 2791 1051 2842; x_wconf 84' lang='grc' dir='ltr'>μου,</span> <span class='ocrx_word' id='word_1_324' title='bbox 1083 2769 1130 2822; x_wconf 82' lang='grc' dir='ltr'>ἐν</span> <span class='ocrx_word' id='word_1_325' title='bbox 1161 2772 1201 2841; x_wconf 83' lang='grc' dir='ltr'><em>ᾧ</em></span> <span class='ocrx_word' id='word_1_326' title='bbox 1233 2768 1514 2829; x_wconf 79' lang='grc' dir='ltr'>ηύδόκησα</span> <span class='ocrx_word' id='word_1_327' title='bbox 1545 2791 1557 2803; x_wconf 78' lang='grc' dir='ltr'><strong>ο</strong></span> <span class='ocrx_word' id='word_1_328' title='bbox 1592 2793 1620 2819; x_wconf 69' lang='grc' dir='ltr'>ν</span> <span class='ocrx_word' id='word_1_329' title='bbox 1655 2769 1738 2822; x_wconf 84' lang='grc' dir='ltr'>ἐπι</span> <span class='ocrx_word' id='word_1_330' title='bbox 1767 2777 1866 2841; x_wconf 82' lang='grc' dir='ltr'>γῆς</span> 
     </span>
    </p>
   </div>
   <div class='ocr_carea' id='block_1_44' title="bbox 255 2855 1868 2933">
    <p class='ocr_par' dir='ltr' id='par_1_44' title="bbox 255 2855 1868 2933">
     <span class='ocr_line' id='line_1_44' title="bbox 255 2855 1868 2933; baseline 0.001 -25"><span class='ocrx_word' id='word_1_331' title='bbox 255 2883 284 2908; x_wconf 81' lang='grc' dir='ltr'>ε(</span> <span class='ocrx_word' id='word_1_332' title='bbox 310 2865 460 2918; x_wconf 77' lang='grc' dir='ltr'>Φωνὴ</span> <span class='ocrx_word' id='word_1_333' title='bbox 497 2858 724 2932; x_wconf 85' lang='grc' dir='ltr'>βοῶντος</span> <span class='ocrx_word' id='word_1_334' title='bbox 751 2857 800 2912; x_wconf 79' lang='grc' dir='ltr'>ἐν</span> <span class='ocrx_word' id='word_1_335' title='bbox 851 2868 913 2933; x_wconf 73' lang='grc' dir='ltr'>τῇ</span> <span class='ocrx_word' id='word_1_336' title='bbox 960 2858 1133 2933; x_wconf 81' lang='grc' dir='ltr'>ἐρὴμῳ</span> <span class='ocrx_word' id='word_1_337' title='bbox 1160 2881 1172 2892; x_wconf 86' lang='grc'><strong>·</strong></span> <span class='ocrx_word' id='word_1_338' title='bbox 1208 2859 1544 2932; x_wconf 74' lang='grc' dir='ltr'>Ἑτοιμάσατε</span> <span class='ocrx_word' id='word_1_339' title='bbox 1601 2864 1693 2917; x_wconf 76' lang='grc' dir='ltr'>τὴν</span> <span class='ocrx_word' id='word_1_340' title='bbox 1745 2855 1868 2910; x_wconf 85' lang='grc' dir='ltr'>ὁδὸν</span> 
     </span>
    </p>
   </div>
   <div class='ocr_carea' id='block_1_45' title="bbox 257 2945 1867 3023">
    <p class='ocr_par' dir='ltr' id='par_1_45' title="bbox 257 2945 1867 3023">
     <span class='ocr_line' id='line_1_45' title="bbox 257 2945 1867 3023; baseline -0.004 -19"><span class='ocrx_word' id='word_1_341' title='bbox 257 2954 462 3023; x_wconf 81' lang='grc' dir='ltr'>Κυρίου</span> <span class='ocrx_word' id='word_1_342' title='bbox 497 2970 509 2980; x_wconf 90' lang='grc'><strong>·</strong></span> <span class='ocrx_word' id='word_1_343' title='bbox 535 2969 565 2998; x_wconf 75' lang='grc'>››</span> <span class='ocrx_word' id='word_1_344' title='bbox 602 2947 655 3011; x_wconf 76' lang='grc' dir='ltr'><strong>ἐξ</strong></span> <span class='ocrx_word' id='word_1_345' title='bbox 679 2945 906 3011; x_wconf 85' lang='grc' dir='ltr'>ὑδάτων,</span> <span class='ocrx_word' id='word_1_346' title='bbox 942 2970 970 2998; x_wconf 79' lang='grc' dir='ltr'>ι(</span> <span class='ocrx_word' id='word_1_347' title='bbox 999 2949 1228 3022; x_wconf 81' lang='grc' dir='ltr'>Ἐπῆραν</span> <span class='ocrx_word' id='word_1_348' title='bbox 1255 2951 1302 3000; x_wconf 84' lang='grc' dir='ltr'>οἰ</span> <span class='ocrx_word' id='word_1_349' title='bbox 1330 2953 1556 3020; x_wconf 84' lang='grc' dir='ltr'>ποταμοὶ</span> <span class='ocrx_word' id='word_1_350' title='bbox 1583 2951 1751 3020; x_wconf 74' lang='grc' dir='ltr'>φωνὰς</span> <span class='ocrx_word' id='word_1_351' title='bbox 1779 2946 1867 2998; x_wconf 80' lang='grc' dir='ltr'>αὑ-</span> 
     </span>
    </p>
   </div>
   <div class='ocr_carea' id='block_1_46' title="bbox 255 3036 1865 3112">
    <p class='ocr_par' dir='ltr' id='par_1_46' title="bbox 255 3036 1865 3112">
     <span class='ocr_line' id='line_1_46' title="bbox 255 3036 1865 3112; baseline -0.001 -22"><span class='ocrx_word' id='word_1_352' title='bbox 255 3048 384 3107; x_wconf 84' lang='grc' dir='ltr'>τῶν,</span> <span class='ocrx_word' id='word_1_353' title='bbox 416 3036 632 3110; x_wconf 78' lang='grc' dir='ltr'>ἀροῦσιν</span> <span class='ocrx_word' id='word_1_354' title='bbox 658 3041 706 3090; x_wconf 84' lang='grc' dir='ltr'>οἱ</span> <span class='ocrx_word' id='word_1_355' title='bbox 748 3043 998 3110; x_wconf 83' lang='grc' dir='ltr'>ποταμοὶ,</span> <span class='ocrx_word' id='word_1_356' title='bbox 1052 3036 1334 3112; x_wconf 70' lang='grc' dir='ltr'>ἐπιτρίψεις</span> <span class='ocrx_word' id='word_1_357' title='bbox 1386 3038 1553 3088; x_wconf 74' lang='grc' dir='ltr'>αὐτῶν</span> <span class='ocrx_word' id='word_1_358' title='bbox 1607 3036 1708 3089; x_wconf 78' lang='grc' dir='ltr'>ἀπὸ</span> <span class='ocrx_word' id='word_1_359' title='bbox 1763 3058 1865 3108; x_wconf 78' lang='grc' dir='ltr'>φω-</span> 
     </span>
    </p>
   </div>
   <div class='ocr_carea' id='block_1_47' title="bbox 257 3123 1868 3200">
    <p class='ocr_par' dir='ltr' id='par_1_47' title="bbox 257 3123 1868 3200">
     <span class='ocr_line' id='line_1_47' title="bbox 257 3123 1868 3200; baseline -0.002 -21"><span class='ocrx_word' id='word_1_360' title='bbox 257 3136 360 3179; x_wconf 82' lang='grc' dir='ltr'>νῶν</span> <span class='ocrx_word' id='word_1_361' title='bbox 391 3123 599 3178; x_wconf 77' lang='grc' dir='ltr'>ὑδάτων</span> <span class='ocrx_word' id='word_1_362' title='bbox 630 3127 847 3184; x_wconf 79' lang='grc' dir='ltr'>πολλῶν,</span> <span class='ocrx_word' id='word_1_363' title='bbox 881 3149 908 3176; x_wconf 83' lang='grc'><strong>››</strong></span> <span class='ocrx_word' id='word_1_364' title='bbox 959 3128 1078 3178; x_wconf 79' lang='grc' dir='ltr'>Ἐπὶ</span> <span class='ocrx_word' id='word_1_365' title='bbox 1107 3131 1254 3200; x_wconf 88' lang='grc' dir='ltr'>τρισὶ</span> <span class='ocrx_word' id='word_1_366' title='bbox 1289 3130 1496 3186; x_wconf 77' lang='grc' dir='ltr'>τούτοις</span> <span class='ocrx_word' id='word_1_367' title='bbox 1554 3128 1811 3200; x_wconf 88' lang='grc' dir='ltr'>μάρτυσιν</span> <span class='ocrx_word' id='word_1_368' title='bbox 1843 3127 1868 3176; x_wconf 91' lang='grc' dir='ltr'>ό</span> 
     </span>
    </p>
   </div>
   <div class='ocr_carea' id='block_1_48' title="bbox 261 3212 1868 3290">
    <p class='ocr_par' dir='ltr' id='par_1_48' title="bbox 261 3212 1868 3290">
     <span class='ocr_line' id='line_1_48' title="bbox 261 3212 1868 3290; baseline -0.002 -22"><span class='ocrx_word' id='word_1_369' title='bbox 261 3216 530 3290; x_wconf 57' lang='grc' dir='ltr'>ἐπιφανεὶς</span> <span class='ocrx_word' id='word_1_370' title='bbox 585 3215 635 3267; x_wconf 85' lang='grc' dir='ltr'>ἐν</span> <span class='ocrx_word' id='word_1_371' title='bbox 685 3223 758 3286; x_wconf 83' lang='grc' dir='ltr'>τῷ</span> <span class='ocrx_word' id='word_1_372' title='bbox 833 3212 1068 3290; x_wconf 68' lang='grc' dir='ltr'>Ἰορδάνῃ</span> <span class='ocrx_word' id='word_1_373' title='bbox 1133 3217 1458 3290; x_wconf 87' lang='grc' dir='ltr'>θεάνθρωπος</span> <span class='ocrx_word' id='word_1_374' title='bbox 1509 3223 1600 3266; x_wconf 81' lang='grc' dir='ltr'>τοῦ</span> <span class='ocrx_word' id='word_1_375' title='bbox 1666 3219 1868 3286; x_wconf 87' lang='grc' dir='ltr'>κόσμου</span> 
     </span>
    </p>
   </div>
   <div class='ocr_carea' id='block_1_49' title="bbox 263 3301 1873 3379">
    <p class='ocr_par' dir='ltr' id='par_1_49' title="bbox 263 3301 1873 3379">
     <span class='ocr_line' id='line_1_49' title="bbox 263 3301 1873 3379; baseline 0 -24"><span class='ocrx_word' id='word_1_376' title='bbox 263 3312 615 3379; x_wconf 80' lang='grc' dir='ltr'>μαρτυρεῖται</span> <span class='ocrx_word' id='word_1_377' title='bbox 659 3301 918 3364; x_wconf 79' lang='grc' dir='ltr'>δεσπότης</span> <span class='ocrx_word' id='word_1_378' title='bbox 967 3309 1056 3356; x_wconf 84' lang='grc' dir='ltr'>καὶ</span> <span class='ocrx_word' id='word_1_379' title='bbox 1084 3310 1297 3365; x_wconf 81' lang='grc' dir='ltr'>πνιητής</span> <span class='ocrx_word' id='word_1_380' title='bbox 1328 3326 1340 3336; x_wconf 93' lang='grc'><strong>·</strong></span> <span class='ocrx_word' id='word_1_381' title='bbox 1375 3309 1464 3355; x_wconf 84' lang='grc' dir='ltr'>καὶ</span> <span class='ocrx_word' id='word_1_382' title='bbox 1493 3306 1518 3355; x_wconf 88' lang='lat'>6</span> <span class='ocrx_word' id='word_1_383' title='bbox 1575 3306 1642 3356; x_wconf 78' lang='grc' dir='ltr'>τὰ</span> <span class='ocrx_word' id='word_1_384' title='bbox 1702 3310 1873 3356; x_wconf 75' lang='grc' dir='ltr'>πάντα</span> 
     </span>
    </p>
   </div>
   <div class='ocr_carea' id='block_1_50' title="bbox 263 3389 1869 3468">
    <p class='ocr_par' dir='ltr' id='par_1_50' title="bbox 263 3389 1869 3468">
     <span class='ocr_line' id='line_1_50' title="bbox 263 3389 1869 3468; baseline -0.001 -23"><span class='ocrx_word' id='word_1_385' title='bbox 263 3394 481 3466; x_wconf 77' lang='grc' dir='ltr'>πληρῶν</span> <span class='ocrx_word' id='word_1_386' title='bbox 519 3395 654 3444; x_wconf 82' lang='grc' dir='ltr'>κατὰ</span> <span class='ocrx_word' id='word_1_387' title='bbox 699 3393 884 3445; x_wconf 84' lang='grc' dir='ltr'>κύκλον</span> <span class='ocrx_word' id='word_1_388' title='bbox 925 3389 1072 3444; x_wconf 86' lang='grc' dir='ltr'>δοκεί</span> <span class='ocrx_word' id='word_1_389' title='bbox 1107 3389 1426 3468; x_wconf 84' lang='grc' dir='ltr'>περιοδεύειν</span> <span class='ocrx_word' id='word_1_390' title='bbox 1497 3395 1582 3444; x_wconf 83' lang='grc' dir='ltr'>τόν</span> <span class='ocrx_word' id='word_1_391' title='bbox 1620 3396 1816 3464; x_wconf 84' lang='grc' dir='ltr'>κόσμον</span> <span class='ocrx_word' id='word_1_392' title='bbox 1856 3413 1869 3425; x_wconf 87' lang='grc'><strong>·</strong></span> 
     </span>
    </p>
   </div>
   <div class='ocr_carea' id='block_1_51' title="bbox 267 3480 1875 3556">
    <p class='ocr_par' dir='ltr' id='par_1_51' title="bbox 267 3480 1875 3556">
     <span class='ocr_line' id='line_1_51' title="bbox 267 3480 1875 3556; baseline 0 -22"><span class='ocrx_word' id='word_1_393' title='bbox 267 3485 355 3534; x_wconf 81' lang='grc' dir='ltr'>ἱνα</span> <span class='ocrx_word' id='word_1_394' title='bbox 404 3483 492 3532; x_wconf 85' lang='grc' dir='ltr'>τόν</span> <span class='ocrx_word' id='word_1_395' title='bbox 541 3480 593 3543; x_wconf 79' lang='grc' dir='ltr'><strong>ἐξ</strong></span> <span class='ocrx_word' id='word_1_396' title='bbox 628 3481 848 3556; x_wconf 76' lang='grc' dir='ltr'>ούρανοῦ</span> <span class='ocrx_word' id='word_1_397' title='bbox 898 3485 1124 3533; x_wconf 82' lang='grc' dir='ltr'>πεσόντα</span> <span class='ocrx_word' id='word_1_398' title='bbox 1180 3480 1458 3554; x_wconf 74' lang='grc' dir='ltr'>ἑωσφόρον,</span> <span class='ocrx_word' id='word_1_399' title='bbox 1495 3488 1585 3532; x_wconf 81' lang='grc' dir='ltr'>καὶ</span> <span class='ocrx_word' id='word_1_400' title='bbox 1609 3490 1728 3553; x_wconf 82' lang='grc' dir='ltr'>γῆν,</span> <span class='ocrx_word' id='word_1_401' title='bbox 1785 3487 1875 3534; x_wconf 84' lang='grc' dir='ltr'>καὶ</span> 
     </span>
    </p>
   </div>
   <div class='ocr_carea' id='block_1_52' title="bbox 271 3566 1872 3643">
    <p class='ocr_par' dir='ltr' id='par_1_52' title="bbox 271 3566 1872 3643">
     <span class='ocr_line' id='line_1_52' title="bbox 271 3566 1872 3643; baseline -0.001 -21"><span class='ocrx_word' id='word_1_402' title='bbox 271 3569 531 3622; x_wconf 82' lang='grc' dir='ltr'>θάλατταν</span> <span class='ocrx_word' id='word_1_403' title='bbox 584 3568 857 3642; x_wconf 76' lang='grc' dir='ltr'>ἐξαλείφειν</span> <span class='ocrx_word' id='word_1_404' title='bbox 911 3575 1250 3642; x_wconf 85' lang='grc' dir='ltr'>καυχώμενον</span> <span class='ocrx_word' id='word_1_405' title='bbox 1323 3571 1568 3622; x_wconf 86' lang='grc' dir='ltr'>πάντοθεν</span> <span class='ocrx_word' id='word_1_406' title='bbox 1625 3566 1872 3643; x_wconf 73' lang='grc' dir='ltr'>ἐκδιώξη,</span> 
     </span>
    </p>
   </div>
   <div class='ocr_carea' id='block_1_53' title="bbox 267 3655 1877 3733">
    <p class='ocr_par' dir='ltr' id='par_1_53' title="bbox 267 3655 1877 3733">
     <span class='ocr_line' id='line_1_53' title="bbox 267 3655 1877 3733; baseline -0.001 -22"><span class='ocrx_word' id='word_1_407' title='bbox 267 3665 368 3717; x_wconf 74' lang='grc' dir='ltr'>τὴν</span> <span class='ocrx_word' id='word_1_408' title='bbox 393 3659 554 3710; x_wconf 79' lang='grc' dir='ltr'>αὑτοῦ</span> <span class='ocrx_word' id='word_1_409' title='bbox 603 3658 828 3710; x_wconf 80' lang='grc' dir='ltr'>καθελὼν</span> <span class='ocrx_word' id='word_1_410' title='bbox 869 3655 1176 3733; x_wconf 86' lang='grc' dir='ltr'>τυραννίδα.</span> <span class='ocrx_word' id='word_1_411' title='bbox 1203 3665 1340 3732; x_wconf 88' lang='grc' dir='ltr'>Ὅρα</span> <span class='ocrx_word' id='word_1_412' title='bbox 1397 3661 1519 3731; x_wconf 81' lang='grc' dir='ltr'>γὰρ,</span> <span class='ocrx_word' id='word_1_413' title='bbox 1557 3659 1611 3721; x_wconf 79' lang='grc' dir='ltr'><strong>ἐξ</strong></span> <span class='ocrx_word' id='word_1_414' title='bbox 1657 3659 1877 3732; x_wconf 81' lang='grc' dir='ltr'>ούρανοῦ</span> 
     </span>
    </p>
   </div>
   <div class='ocr_carea' id='block_1_54' title="bbox 266 3745 1876 3823">
    <p class='ocr_par' dir='ltr' id='par_1_54' title="bbox 266 3745 1876 3823">
     <span class='ocr_line' id='line_1_54' title="bbox 266 3745 1876 3823; baseline -0.001 -23"><span class='ocrx_word' id='word_1_415' title='bbox 266 3748 527 3805; x_wconf 83' lang='grc' dir='ltr'>κατῆλθεν</span> <span class='ocrx_word' id='word_1_416' title='bbox 557 3749 582 3798; x_wconf 90' lang='grc' dir='ltr'>ό</span> <span class='ocrx_word' id='word_1_417' title='bbox 615 3750 825 3823; x_wconf 81' lang='grc' dir='ltr'>Κύριος,</span> <span class='ocrx_word' id='word_1_418' title='bbox 879 3745 962 3799; x_wconf 78' lang='grc' dir='ltr'>ἐπὶ</span> <span class='ocrx_word' id='word_1_419' title='bbox 997 3756 1093 3818; x_wconf 88' lang='grc' dir='ltr'>γῆς</span> <span class='ocrx_word' id='word_1_420' title='bbox 1165 3753 1484 3821; x_wconf 79' lang='grc' dir='ltr'>σαρκοφόρος</span> <span class='ocrx_word' id='word_1_421' title='bbox 1550 3747 1768 3820; x_wconf 82' lang='grc' dir='ltr'>ἐτέχθη,</span> <span class='ocrx_word' id='word_1_422' title='bbox 1829 3747 1876 3799; x_wconf 84' lang='grc' dir='ltr'>ἐν</span> 
     </span>
    </p>
   </div>
   <div class='ocr_carea' id='block_1_55' title="bbox 267 3832 1877 3910">
    <p class='ocr_par' dir='ltr' id='par_1_55' title="bbox 267 3832 1877 3910">
     <span class='ocr_line' id='line_1_55' title="bbox 267 3832 1877 3910; baseline 0 -22"><span class='ocrx_word' id='word_1_423' title='bbox 267 3832 466 3888; x_wconf 78' lang='grc' dir='ltr'>ὕδασιν</span> <span class='ocrx_word' id='word_1_424' title='bbox 523 3834 795 3906; x_wconf 66' lang='grc' dir='ltr'>ἐπιϐαίνει,</span> <span class='ocrx_word' id='word_1_425' title='bbox 848 3835 900 3897; x_wconf 82' lang='grc' dir='ltr'>ἐξ</span> <span class='ocrx_word' id='word_1_426' title='bbox 953 3832 1156 3887; x_wconf 83' lang='grc' dir='ltr'>ὑδάτων</span> <span class='ocrx_word' id='word_1_427' title='bbox 1213 3835 1541 3910; x_wconf 78' lang='grc' dir='ltr'>ἀνερχομένῳ</span> <span class='ocrx_word' id='word_1_428' title='bbox 1605 3840 1654 3888; x_wconf 87' lang='grc' dir='ltr'>οἰ</span> <span class='ocrx_word' id='word_1_429' title='bbox 1726 3837 1877 3909; x_wconf 80' lang='grc' dir='ltr'>ούρα-</span> 
     </span>
    </p>
   </div>
   <div class='ocr_carea' id='block_1_56' title="bbox 269 3921 1880 3997">
    <p class='ocr_par' dir='ltr' id='par_1_56' title="bbox 269 3921 1880 3997">
     <span class='ocr_line' id='line_1_56' title="bbox 269 3921 1880 3997; baseline 0.001 -21"><span class='ocrx_word' id='word_1_430' title='bbox 269 3929 352 3976; x_wconf 72' lang='lat' dir='ltr'>vei</span> <span class='ocrx_word' id='word_1_431' title='bbox 388 3924 542 3976; x_wconf 89' lang='grc' dir='ltr'>πάλιν</span> <span class='ocrx_word' id='word_1_432' title='bbox 574 3923 712 3994; x_wconf 79' lang='grc' dir='ltr'>αὐτῷ</span> <span class='ocrx_word' id='word_1_433' title='bbox 769 3926 1162 3994; x_wconf 87' lang='grc' dir='ltr'>ύπανοίγονται,</span> <span class='ocrx_word' id='word_1_434' title='bbox 1205 3921 1618 3997; x_wconf 80' lang='grc' dir='ltr'>ἀπεκδεχόμενοι</span> <span class='ocrx_word' id='word_1_435' title='bbox 1653 3928 1740 3977; x_wconf 86' lang='grc' dir='ltr'>τὸν</span> <span class='ocrx_word' id='word_1_436' title='bbox 1795 3926 1880 3977; x_wconf 77' lang='grc' dir='ltr'>οὗ·</span> 
     </span>
    </p>
   </div>
   <div class='ocr_carea' id='block_1_57' title="bbox 269 4011 1880 4087">
    <p class='ocr_par' dir='ltr' id='par_1_57' title="bbox 269 4011 1880 4087">
     <span class='ocr_line' id='line_1_57' title="bbox 269 4011 1880 4087; baseline -0.001 -22"><span class='ocrx_word' id='word_1_437' title='bbox 269 4015 450 4087; x_wconf 85' lang='grc' dir='ltr'>ράνιον</span> <span class='ocrx_word' id='word_1_438' title='bbox 503 4014 633 4084; x_wconf 79' lang='grc' dir='ltr'>μετὰ</span> <span class='ocrx_word' id='word_1_439' title='bbox 684 4019 780 4073; x_wconf 87' lang='grc' dir='ltr'>τῆς</span> <span class='ocrx_word' id='word_1_440' title='bbox 830 4015 1018 4083; x_wconf 83' lang='grc' dir='ltr'>γηὶνης</span> <span class='ocrx_word' id='word_1_441' title='bbox 1058 4016 1253 4086; x_wconf 87' lang='grc' dir='ltr'>σαρκὸς</span> <span class='ocrx_word' id='word_1_442' title='bbox 1314 4011 1726 4085; x_wconf 80' lang='grc' dir='ltr'>ἀνελευσόμενον,</span> <span class='ocrx_word' id='word_1_443' title='bbox 1786 4018 1880 4071; x_wconf 77' lang='grc' dir='ltr'>τὴν</span> 
     </span>
    </p>
   </div>
   <div class='ocr_carea' id='block_1_58' title="bbox 268 4100 1881 4176">
    <p class='ocr_par' dir='ltr' id='par_1_58' title="bbox 268 4100 1881 4176">
     <span class='ocr_line' id='line_1_58' title="bbox 268 4100 1881 4176; baseline -0.001 -22"><span class='ocrx_word' id='word_1_444' title='bbox 268 4104 397 4174; x_wconf 75' lang='grc' dir='ltr'>ὑπερ</span> <span class='ocrx_word' id='word_1_445' title='bbox 430 4102 578 4173; x_wconf 80' lang='grc' dir='ltr'>ἡμῶν</span> <span class='ocrx_word' id='word_1_446' title='bbox 614 4101 910 4172; x_wconf 82' lang='grc' dir='ltr'>οἰκονομίαν</span> <span class='ocrx_word' id='word_1_447' title='bbox 963 4100 1334 4174; x_wconf 79' lang='grc' dir='ltr'>πληρώσαντα.</span> <span class='ocrx_word' id='word_1_448' title='bbox 1390 4101 1483 4154; x_wconf 86' lang='grc' dir='ltr'>Ὃν</span> <span class='ocrx_word' id='word_1_449' title='bbox 1538 4106 1636 4176; x_wconf 83' lang='grc' dir='ltr'>γὰρ</span> <span class='ocrx_word' id='word_1_450' title='bbox 1693 4107 1881 4175; x_wconf 88' lang='grc' dir='ltr'>τρόπον</span> 
     </span>
    </p>
   </div>
   <div class='ocr_carea' id='block_1_59' title="bbox 271 4186 1882 4265">
    <p class='ocr_par' dir='ltr' id='par_1_59' title="bbox 271 4186 1882 4265">
     <span class='ocr_line' id='line_1_59' title="bbox 271 4186 1882 4265; baseline -0.001 -23"><span class='ocrx_word' id='word_1_451' title='bbox 271 4189 471 4264; x_wconf 74' lang='grc' dir='ltr'>ἁγαθός</span> <span class='ocrx_word' id='word_1_452' title='bbox 500 4208 576 4250; x_wconf 89' lang='grc' dir='ltr'>τις</span> <span class='ocrx_word' id='word_1_453' title='bbox 624 4195 820 4262; x_wconf 81' lang='grc' dir='ltr'>ποιμην</span> <span class='ocrx_word' id='word_1_454' title='bbox 850 4194 939 4241; x_wconf 86' lang='grc' dir='ltr'>καὶ</span> <span class='ocrx_word' id='word_1_455' title='bbox 994 4186 1333 4261; x_wconf 85' lang='grc' dir='ltr'>κηδεμονικός</span> <span class='ocrx_word' id='word_1_456' title='bbox 1361 4189 1625 4265; x_wconf 74' lang='grc' dir='ltr'>προϐάτου</span> <span class='ocrx_word' id='word_1_457' title='bbox 1677 4189 1882 4243; x_wconf 82' lang='grc' dir='ltr'>ἀπολω-</span> 
     </span>
    </p>
   </div>
   <div class='ocr_carea' id='block_1_60' title="bbox 272 4281 1886 4352">
    <p class='ocr_par' dir='ltr' id='par_1_60' title="bbox 272 4281 1886 4352">
     <span class='ocr_line' id='line_1_60' title="bbox 272 4281 1886 4352; baseline -0.001 -19"><span class='ocrx_word' id='word_1_458' title='bbox 272 4281 425 4339; x_wconf 82' lang='grc' dir='ltr'>λότος</span> <span class='ocrx_word' id='word_1_459' title='bbox 461 4283 553 4331; x_wconf 82' lang='grc' dir='ltr'>καὶ</span> <span class='ocrx_word' id='word_1_460' title='bbox 601 4286 700 4330; x_wconf 83' lang='grc' dir='ltr'>τῶν</span> <span class='ocrx_word' id='word_1_461' title='bbox 751 4281 1016 4351; x_wconf 82' lang='grc' dir='ltr'>συννόμων</span> <span class='ocrx_word' id='word_1_462' title='bbox 1075 4283 1508 4351; x_wconf 81' lang='grc' dir='ltr'>μεμακρυσμένου</span> <span class='ocrx_word' id='word_1_463' title='bbox 1564 4281 1680 4331; x_wconf 71' lang='grc' dir='ltr'>κατ’</span> <span class='ocrx_word' id='word_1_464' title='bbox 1733 4283 1886 4352; x_wconf 84' lang='grc' dir='ltr'>ἰχνια</span> 
     </span>
    </p>
   </div>
   <div class='ocr_carea' id='block_1_61' title="bbox 273 4366 1881 4441">
    <p class='ocr_par' dir='ltr' id='par_1_61' title="bbox 273 4366 1881 4441">
     <span class='ocr_line' id='line_1_61' title="bbox 273 4366 1881 4441; baseline 0.001 -21"><span class='ocrx_word' id='word_1_465' title='bbox 273 4372 466 4421; x_wconf 85' lang='grc' dir='ltr'>τούτου</span> <span class='ocrx_word' id='word_1_466' title='bbox 499 4367 738 4439; x_wconf 82' lang='grc' dir='ltr'>ἑπόμενος</span> <span class='ocrx_word' id='word_1_467' title='bbox 789 4371 1016 4441; x_wconf 87' lang='grc' dir='ltr'>πρόεισι,</span> <span class='ocrx_word' id='word_1_468' title='bbox 1074 4366 1504 4439; x_wconf 76' lang='grc' dir='ltr'>φιλοπραγμονῶν</span> <span class='ocrx_word' id='word_1_469' title='bbox 1559 4371 1647 4428; x_wconf 83' lang='grc' dir='ltr'>τὰς</span> <span class='ocrx_word' id='word_1_470' title='bbox 1701 4369 1881 4437; x_wconf 83' lang='grc' dir='ltr'>ὁπλὰς,</span> 
     </span>
    </p>
   </div>
   <div class='ocr_carea' id='block_1_62' title="bbox 277 4457 1885 4532">
    <p class='ocr_par' dir='ltr' id='par_1_62' title="bbox 277 4457 1885 4532">
     <span class='ocr_line' id='line_1_62' title="bbox 277 4457 1885 4532; baseline 0.001 -22"><span class='ocrx_word' id='word_1_471' title='bbox 277 4457 374 4510; x_wconf 80' lang='grc' dir='ltr'>κᾶν</span> <span class='ocrx_word' id='word_1_472' title='bbox 426 4457 497 4519; x_wconf 84' lang='grc' dir='ltr'>εἰς</span> <span class='ocrx_word' id='word_1_473' title='bbox 547 4457 794 4530; x_wconf 79' lang='grc' dir='ltr'>φάραγγα</span> <span class='ocrx_word' id='word_1_474' title='bbox 854 4460 977 4528; x_wconf 73' lang='grc' dir='ltr'>φέρῃ</span> <span class='ocrx_word' id='word_1_475' title='bbox 1039 4458 1104 4507; x_wconf 81' lang='grc' dir='ltr'>τὰ</span> <span class='ocrx_word' id='word_1_476' title='bbox 1149 4459 1300 4527; x_wconf 87' lang='grc' dir='ltr'>ἳχνη,</span> <span class='ocrx_word' id='word_1_477' title='bbox 1363 4459 1617 4522; x_wconf 66' lang='grc' dir='ltr'>κάτεισιν,</span> <span class='ocrx_word' id='word_1_478' title='bbox 1672 4457 1885 4532; x_wconf 80' lang='grc' dir='ltr'>ἐρευνῶν</span> 
     </span>
    </p>
   </div>
   <div class='ocr_carea' id='block_1_63' title="bbox 283 4523 1965 4616">
    <p class='ocr_par' dir='ltr' id='par_1_63' title="bbox 283 4523 1965 4616">
     <span class='ocr_line' id='line_1_63' title="bbox 283 4523 1965 4616; baseline 0 -17"><span class='ocrx_word' id='word_1_479' title='bbox 283 4547 381 4599; x_wconf 79' lang='grc' dir='ltr'>κᾶν</span> <span class='ocrx_word' id='word_1_480' title='bbox 409 4545 481 4606; x_wconf 87' lang='grc' dir='ltr'>εἰς</span> <span class='ocrx_word' id='word_1_481' title='bbox 509 4545 764 4603; x_wconf 73' lang='grc' dir='ltr'>σπήλαιον</span> <span class='ocrx_word' id='word_1_482' title='bbox 790 4541 1032 4616; x_wconf 76' lang='grc' dir='ltr'>εἰσδύνῃ,</span> <span class='ocrx_word' id='word_1_483' title='bbox 1088 4541 1434 4613; x_wconf 82' lang='grc' dir='ltr'>συνεισδύνει,</span> <span class='ocrx_word' id='word_1_484' title='bbox 1492 4545 1587 4597; x_wconf 75' lang='grc' dir='ltr'>κᾶν</span> <span class='ocrx_word' id='word_1_485' title='bbox 1645 4543 1716 4599; x_wconf 84' lang='grc' dir='ltr'>δι’</span> <span class='ocrx_word' id='word_1_486' title='bbox 1757 4543 1886 4599; x_wconf 80' lang='grc' dir='ltr'>ὑδα-</span> <span class='ocrx_word' id='word_1_487' title='bbox 1920 4523 1965 4576; x_wconf 84' lang='lat' dir='ltr'>D</span> 
     </span>
    </p>
   </div>
   <div class='ocr_carea' id='block_1_64' title="bbox 285 4629 1886 4715">
    <p class='ocr_par' dir='ltr' id='par_1_64' title="bbox 285 4629 1886 4715">
     <span class='ocr_line' id='line_1_64' title="bbox 285 4629 1886 4715; baseline 0.001 -28"><span class='ocrx_word' id='word_1_488' title='bbox 285 4656 374 4698; x_wconf 83' lang='grc' dir='ltr'>τος</span> <span class='ocrx_word' id='word_1_489' title='bbox 440 4634 716 4708; x_wconf 72' lang='grc' dir='ltr'>ἐπορεύθη,</span> <span class='ocrx_word' id='word_1_490' title='bbox 790 4632 1102 4715; x_wconf 73' lang='grc' dir='ltr'>ἀκολουθῶν⁶</span> <span class='ocrx_word' id='word_1_491' title='bbox 1126 4629 1386 4686; x_wconf 85' lang='grc' dir='ltr'>διαϐαίνει</span> <span class='ocrx_word' id='word_1_492' title='bbox 1443 4640 1632 4711; x_wconf 85' lang='grc' dir='ltr'>μέχρις</span> <span class='ocrx_word' id='word_1_493' title='bbox 1714 4635 1774 4688; x_wconf 76' lang='grc' dir='ltr'>ἂν</span> <span class='ocrx_word' id='word_1_494' title='bbox 1828 4641 1886 4690; x_wconf 90' lang='grc' dir='ltr'>τὸ</span> 
     </span>
    </p>
   </div>
   <div class='ocr_carea' id='block_1_65' title="bbox 285 4721 1888 4796">
    <p class='ocr_par' dir='ltr' id='par_1_65' title="bbox 285 4721 1888 4796">
     <span class='ocr_line' id='line_1_65' title="bbox 285 4721 1888 4796; baseline 0 -18"><span class='ocrx_word' id='word_1_495' title='bbox 285 4725 673 4796; x_wconf 83' lang='grc' dir='ltr'>πεπλανημένον</span> <span class='ocrx_word' id='word_1_496' title='bbox 765 4721 1057 4796; x_wconf 73' lang='grc' dir='ltr'>καταλάϐῃ,</span> <span class='ocrx_word' id='word_1_497' title='bbox 1136 4728 1225 4775; x_wconf 89' lang='grc' dir='ltr'>καὶ</span> <span class='ocrx_word' id='word_1_498' title='bbox 1284 4723 1587 4777; x_wconf 75' lang='grc' dir='ltr'>καταλαϐὼν</span> <span class='ocrx_word' id='word_1_499' title='bbox 1645 4723 1728 4777; x_wconf 78' lang='grc' dir='ltr'>ἐπὶ</span> <span class='ocrx_word' id='word_1_500' title='bbox 1788 4735 1888 4778; x_wconf 86' lang='grc' dir='ltr'>τῶν</span> 
     </span>
    </p>
   </div>
   <div class='ocr_carea' id='block_1_66' title="bbox 287 4809 1886 4888">
    <p class='ocr_par' dir='ltr' id='par_1_66' title="bbox 287 4809 1886 4888">
     <span class='ocr_line' id='line_1_66' title="bbox 287 4809 1886 4888; baseline 0.001 -24"><span class='ocrx_word' id='word_1_501' title='bbox 287 4815 443 4888; x_wconf 80' lang='grc' dir='ltr'>ὤμων</span> <span class='ocrx_word' id='word_1_502' title='bbox 497 4809 744 4886; x_wconf 75' lang='grc' dir='ltr'>βαστάσῃ</span> <span class='ocrx_word' id='word_1_503' title='bbox 800 4815 887 4864; x_wconf 89' lang='grc' dir='ltr'>καὶ</span> <span class='ocrx_word' id='word_1_504' title='bbox 948 4811 1272 4885; x_wconf 73' lang='grc' dir='ltr'>συναγελάση</span> <span class='ocrx_word' id='word_1_505' title='bbox 1377 4820 1487 4874; x_wconf 88' lang='grc' dir='ltr'>τοῖς</span> <span class='ocrx_word' id='word_1_506' title='bbox 1545 4812 1843 4866; x_wconf 84' lang='grc' dir='ltr'>εύπλανέσιν</span> <span class='ocrx_word' id='word_1_507' title='bbox 1873 4836 1886 4848; x_wconf 79' lang='grc' dir='ltr'><strong>ο</strong></span> 
     </span>
    </p>
   </div>
   <div class='ocr_carea' id='block_1_67' title="bbox 285 4897 1889 4975">
    <p class='ocr_par' dir='ltr' id='par_1_67' title="bbox 285 4897 1889 4975">
     <span class='ocr_line' id='line_1_67' title="bbox 285 4897 1889 4975; baseline -0.002 -19"><span class='ocrx_word' id='word_1_508' title='bbox 285 4903 426 4956; x_wconf 75' lang='grc' dir='ltr'>οὕτω</span> <span class='ocrx_word' id='word_1_509' title='bbox 459 4897 528 4959; x_wconf 82' lang='grc' dir='ltr'>δή</span> <span class='ocrx_word' id='word_1_510' title='bbox 563 4907 652 4954; x_wconf 82' lang='grc' dir='ltr'>καὶ</span> <span class='ocrx_word' id='word_1_511' title='bbox 699 4902 725 4952; x_wconf 88' lang='grc' dir='ltr'>ό</span> <span class='ocrx_word' id='word_1_512' title='bbox 760 4905 954 4974; x_wconf 82' lang='grc' dir='ltr'>ποιμὴν</span> <span class='ocrx_word' id='word_1_513' title='bbox 993 4901 1018 4952; x_wconf 92' lang='lat'>6</span> <span class='ocrx_word' id='word_1_514' title='bbox 1071 4900 1246 4968; x_wconf 87' lang='grc' dir='ltr'>καλός,</span> <span class='ocrx_word' id='word_1_515' title='bbox 1300 4901 1325 4951; x_wconf 89' lang='lat'>6</span> <span class='ocrx_word' id='word_1_516' title='bbox 1364 4903 1526 4963; x_wconf 77' lang='grc' dir='ltr'>τιθεὶς</span> <span class='ocrx_word' id='word_1_517' title='bbox 1566 4906 1660 4961; x_wconf 79' lang='grc' dir='ltr'>τὴν</span> <span class='ocrx_word' id='word_1_518' title='bbox 1710 4901 1889 4975; x_wconf 67' lang='grc' dir='ltr'>ψυχὴν</span> 
     </span>
    </p>
   </div>
   <div class='ocr_carea' id='block_1_68' title="bbox 285 4987 1892 5064">
    <p class='ocr_par' dir='ltr' id='par_1_68' title="bbox 285 4987 1892 5064">
     <span class='ocr_line' id='line_1_68' title="bbox 285 4987 1892 5064; baseline -0.001 -20"><span class='ocrx_word' id='word_1_519' title='bbox 285 4995 415 5064; x_wconf 74' lang='grc' dir='ltr'>ὑπὲρ</span> <span class='ocrx_word' id='word_1_520' title='bbox 442 4999 542 5043; x_wconf 81' lang='grc' dir='ltr'>τῶν</span> <span class='ocrx_word' id='word_1_521' title='bbox 599 4988 888 5064; x_wconf 82' lang='grc' dir='ltr'>προϐάτων,</span> <span class='ocrx_word' id='word_1_522' title='bbox 947 4996 1039 5040; x_wconf 81' lang='grc' dir='ltr'>τοῦ</span> <span class='ocrx_word' id='word_1_523' title='bbox 1092 4987 1365 5060; x_wconf 78' lang='grc' dir='ltr'>ἀνθρώπου</span> <span class='ocrx_word' id='word_1_524' title='bbox 1417 4996 1800 5052; x_wconf 87' lang='grc' dir='ltr'>καταπεσόντος</span> <span class='ocrx_word' id='word_1_525' title='bbox 1838 4989 1892 5055; x_wconf 80' lang='grc' dir='ltr'>ἐξ</span> 
     </span>
    </p>
   </div>
   <div class='ocr_carea' id='block_1_69' title="bbox 282 5076 1890 5154">
    <p class='ocr_par' dir='ltr' id='par_1_69' title="bbox 282 5076 1890 5154">
     <span class='ocr_line' id='line_1_69' title="bbox 282 5076 1890 5154; baseline 0.004 -27"><span class='ocrx_word' id='word_1_526' title='bbox 282 5081 456 5151; x_wconf 65' lang='grc' dir='ltr'>ὕψους</span> <span class='ocrx_word' id='word_1_527' title='bbox 485 5087 580 5141; x_wconf 78' lang='grc' dir='ltr'>τῆς</span> <span class='ocrx_word' id='word_1_528' title='bbox 624 5077 851 5152; x_wconf 78' lang='grc' dir='ltr'>ἀρχαίας</span> <span class='ocrx_word' id='word_1_529' title='bbox 880 5077 1125 5143; x_wconf 74' lang='grc' dir='ltr'>εὐκλείας,</span> <span class='ocrx_word' id='word_1_530' title='bbox 1166 5077 1239 5139; x_wconf 85' lang='grc' dir='ltr'>εἰς</span> <span class='ocrx_word' id='word_1_531' title='bbox 1270 5086 1370 5149; x_wconf 84' lang='grc' dir='ltr'>γῆν</span> <span class='ocrx_word' id='word_1_532' title='bbox 1424 5081 1776 5154; x_wconf 84' lang='grc' dir='ltr'>πορευθέντος,</span> <span class='ocrx_word' id='word_1_533' title='bbox 1815 5076 1890 5132; x_wconf 80' lang='grc' dir='ltr'>δι’</span> 
     </span>
    </p>
   </div>
   <div class='ocr_carea' id='block_1_70' title="bbox 282 5166 1889 5243">
    <p class='ocr_par' dir='ltr' id='par_1_70' title="bbox 282 5166 1889 5243">
     <span class='ocr_line' id='line_1_70' title="bbox 282 5166 1889 5243; baseline -0.002 -21"><span class='ocrx_word' id='word_1_534' title='bbox 282 5167 485 5231; x_wconf 81' lang='grc' dir='ltr'>ὑδατός</span> <span class='ocrx_word' id='word_1_535' title='bbox 523 5167 967 5230; x_wconf 74' lang='grc' dir='ltr'>κατακλυσθέντος</span> <span class='ocrx_word' id='word_1_536' title='bbox 995 5171 1081 5218; x_wconf 77' lang='lat' dir='ltr'>xui</span> <span class='ocrx_word' id='word_1_537' title='bbox 1143 5166 1214 5228; x_wconf 81' lang='grc' dir='ltr'>εἰς</span> <span class='ocrx_word' id='word_1_538' title='bbox 1280 5166 1514 5238; x_wconf 85' lang='grc' dir='ltr'>ἐσχάτην</span> <span class='ocrx_word' id='word_1_539' title='bbox 1567 5172 1889 5243; x_wconf 86' lang='grc' dir='ltr'>παρασυρέν-</span> 
     </span>
    </p>
   </div>
   <div class='ocr_carea' id='block_1_71' title="bbox 283 5251 1891 5331">
    <p class='ocr_par' dir='ltr' id='par_1_71' title="bbox 283 5251 1891 5331">
     <span class='ocr_line' id='line_1_71' title="bbox 283 5251 1891 5331; baseline -0.001 -20"><span class='ocrx_word' id='word_1_540' title='bbox 283 5263 374 5321; x_wconf 88' lang='grc' dir='ltr'>τός</span> <span class='ocrx_word' id='word_1_541' title='bbox 403 5257 679 5322; x_wconf 81' lang='grc' dir='ltr'>ἀπώλειαν,</span> <span class='ocrx_word' id='word_1_542' title='bbox 713 5251 748 5308; x_wconf 87' lang='grc' dir='ltr'>δ</span> <span class='ocrx_word' id='word_1_543' title='bbox 755 5259 808 5309; x_wconf 78' lang='grc' dir='ltr'>ιὰ</span> <span class='ocrx_word' id='word_1_544' title='bbox 835 5266 931 5319; x_wconf 86' lang='grc' dir='ltr'>τῆς</span> <span class='ocrx_word' id='word_1_545' title='bbox 991 5256 1154 5318; x_wconf 78' lang='grc' dir='ltr'>αὑτῆς</span> <span class='ocrx_word' id='word_1_546' title='bbox 1183 5263 1253 5326; x_wconf 83' lang='grc' dir='ltr'>τῷ</span> <span class='ocrx_word' id='word_1_547' title='bbox 1315 5255 1684 5330; x_wconf 82' lang='grc' dir='ltr'>πεπλανημένῳ</span> <span class='ocrx_word' id='word_1_548' title='bbox 1743 5259 1891 5331; x_wconf 80' lang='grc' dir='ltr'>ἔρχε-</span> 
     </span>
    </p>
   </div>
   <div class='ocr_carea' id='block_1_72' title="bbox 284 5342 1891 5420">
    <p class='ocr_par' dir='ltr' id='par_1_72' title="bbox 284 5342 1891 5420">
     <span class='ocr_line' id='line_1_72' title="bbox 284 5342 1891 5420; baseline -0.001 -20"><span class='ocrx_word' id='word_1_549' title='bbox 284 5367 376 5400; x_wconf 89' lang='grc' dir='ltr'>ται</span> <span class='ocrx_word' id='word_1_550' title='bbox 425 5345 660 5420; x_wconf 78' lang='grc' dir='ltr'>ἀτραποῦ</span> <span class='ocrx_word' id='word_1_551' title='bbox 697 5345 949 5409; x_wconf 79' lang='grc' dir='ltr'>ἑκουσίως</span> <span class='ocrx_word' id='word_1_552' title='bbox 1009 5349 1100 5398; x_wconf 86' lang='grc' dir='ltr'>καὶ</span> <span class='ocrx_word' id='word_1_553' title='bbox 1143 5342 1519 5419; x_wconf 79' lang='grc' dir='ltr'>ἀναμαρτήτως</span> <span class='ocrx_word' id='word_1_554' title='bbox 1551 5367 1563 5380; x_wconf 93' lang='grc'><strong>·</strong></span> <span class='ocrx_word' id='word_1_555' title='bbox 1620 5344 1674 5410; x_wconf 77' lang='grc' dir='ltr'><strong>ἐξ</strong></span> <span class='ocrx_word' id='word_1_556' title='bbox 1727 5345 1891 5418; x_wconf 70' lang='grc' dir='ltr'>ὕψους</span> 
     </span>
    </p>
   </div>
   <div class='ocr_carea' id='block_1_73' title="bbox 365 5595 1381 5668">
    <p class='ocr_par' dir='ltr' id='par_1_73' title="bbox 365 5595 1381 5668">
     <span class='ocr_line' id='line_1_73' title="bbox 365 5595 1381 5668; baseline 0 -17"><span class='ocrx_word' id='word_1_557' title='bbox 365 5595 386 5634; x_wconf 79' lang='grc' dir='ltr'><em>ἰ</em></span> <span class='ocrx_word' id='word_1_558' title='bbox 411 5597 631 5652; x_wconf 83' lang='lat' dir='ltr'>Jerem.</span> <span class='ocrx_word' id='word_1_559' title='bbox 659 5610 819 5668; x_wconf 71' lang='lat' dir='ltr'>xxxx,</span> <span class='ocrx_word' id='word_1_560' title='bbox 850 5599 936 5652; x_wconf 84' lang='grc'>15.</span> <span class='ocrx_word' id='word_1_561' title='bbox 1013 5595 1034 5631; x_wconf 79' lang='grc'><strong>³</strong></span> <span class='ocrx_word' id='word_1_562' title='bbox 1057 5598 1167 5653; x_wconf 90' lang='lat' dir='ltr'>lsa.</span> <span class='ocrx_word' id='word_1_563' title='bbox 1189 5609 1306 5667; x_wconf 76' lang='lat' dir='ltr'>Liv,</span> <span class='ocrx_word' id='word_1_564' title='bbox 1331 5596 1381 5651; x_wconf 90' lang='grc'>1.</span> 
     </span>
    </p>
   </div>
   <div class='ocr_carea' id='block_1_74' title="bbox 1459 5594 2184 5665">
    <p class='ocr_par' dir='ltr' id='par_1_74' title="bbox 1459 5594 2184 5665">
     <span class='ocr_line' id='line_1_74' title="bbox 1459 5594 2184 5665; baseline -0.004 -12"><span class='ocrx_word' id='word_1_565' title='bbox 1459 5595 1482 5630; x_wconf 79' lang='grc'>⁹</span> <span class='ocrx_word' id='word_1_566' title='bbox 1507 5594 1705 5653; x_wconf 60' lang='lat' dir='ltr'>Matth,</span> <span class='ocrx_word' id='word_1_567' title='bbox 1728 5609 1809 5652; x_wconf 88' lang='grc' dir='ltr'><strong><em>ιιι.</em></strong></span> <span class='ocrx_word' id='word_1_568' title='bbox 1837 5594 1928 5665; x_wconf 82' lang='grc'>17;</span> <span class='ocrx_word' id='word_1_569' title='bbox 1955 5597 2102 5652; x_wconf 72' lang='lat' dir='ltr'>xm.</span> <span class='ocrx_word' id='word_1_570' title='bbox 2131 5596 2184 5665; x_wconf 59' lang='grc' dir='ltr'>ὅ)</span> 
     </span>
    </p>
   </div>
   <div class='ocr_carea' id='block_1_75' title="bbox 1974 1879 3621 1955">
    <p class='ocr_par' dir='ltr' id='par_1_75' title="bbox 1974 1879 3621 1955">
     <span class='ocr_line' id='line_1_75' title="bbox 1974 1879 3621 1955; baseline 0.005 -23"><span class='ocrx_word' id='word_1_571' title='bbox 1974 1879 2238 1936; x_wconf 84' lang='lat' dir='ltr'>ululatus</span> <span class='ocrx_word' id='word_1_572' title='bbox 2292 1883 2578 1937; x_wconf 77' lang='lat' dir='ltr'>multus&quot;.</span> <span class='ocrx_word' id='word_1_573' title='bbox 2617 1905 2644 1932; x_wconf 83' lang='grc'><strong>››</strong></span> <span class='ocrx_word' id='word_1_574' title='bbox 2691 1886 2769 1938; x_wconf 92' lang='lat' dir='ltr'>De</span> <span class='ocrx_word' id='word_1_575' title='bbox 2817 1885 3106 1955; x_wconf 87' lang='lat' dir='ltr'>spirituali</span> <span class='ocrx_word' id='word_1_576' title='bbox 3141 1889 3360 1955; x_wconf 89' lang='lat' dir='ltr'>autem,</span> <span class='ocrx_word' id='word_1_577' title='bbox 3407 1885 3508 1940; x_wconf 90' lang='lat' dir='ltr'>illa</span> <span class='ocrx_word' id='word_1_578' title='bbox 3563 1889 3621 1940; x_wconf 89' lang='lat' dir='ltr'>et</span> 
     </span>
    </p>
   </div>
   <div class='ocr_carea' id='block_1_76' title="bbox 1975 1969 3622 2044">
    <p class='ocr_par' dir='ltr' id='par_1_76' title="bbox 1975 1969 3622 2044">
     <span class='ocr_line' id='line_1_76' title="bbox 1975 1969 3622 2044; baseline 0.004 -21"><span class='ocrx_word' id='word_1_579' title='bbox 1975 1969 2233 2024; x_wconf 85' lang='lat' dir='ltr'>fecunda</span> <span class='ocrx_word' id='word_1_580' title='bbox 2261 1972 2642 2039; x_wconf 90' lang='lat' dir='ltr'>generatione</span> <span class='ocrx_word' id='word_1_581' title='bbox 2657 1971 3182 2044; x_wconf 86' lang='lat' dir='ltr'>eloquentissimus</span> <span class='ocrx_word' id='word_1_582' title='bbox 3209 1974 3622 2030; x_wconf 87' lang='lat' dir='ltr'>lsaiasnatalia</span> 
     </span>
    </p>
   </div>
   <div class='ocr_carea' id='block_1_77' title="bbox 1974 2057 3617 2131">
    <p class='ocr_par' dir='ltr' id='par_1_77' title="bbox 1974 2057 3617 2131">
     <span class='ocr_line' id='line_1_77' title="bbox 1974 2057 3617 2131; baseline 0.004 -20"><span class='ocrx_word' id='word_1_583' title='bbox 1974 2057 2538 2130; x_wconf 68' lang='lat' dir='ltr'>canticalaatitiaque</span> <span class='ocrx_word' id='word_1_584' title='bbox 2551 2060 2728 2131; x_wconf 90' lang='lat' dir='ltr'>plena</span> <span class='ocrx_word' id='word_1_585' title='bbox 2745 2061 3059 2126; x_wconf 87' lang='lat' dir='ltr'>connectit;</span> <span class='ocrx_word' id='word_1_586' title='bbox 3075 2083 3103 2111; x_wconf 87' lang='lat'>»</span> <span class='ocrx_word' id='word_1_587' title='bbox 3125 2063 3369 2129; x_wconf 55' lang='lat' dir='ltr'>Laetare,</span> <span class='ocrx_word' id='word_1_588' title='bbox 3383 2062 3617 2127; x_wconf 88' lang='lat' dir='ltr'>sterilis,</span> 
     </span>
    </p>
   </div>
   <div class='ocr_carea' id='block_1_78' title="bbox 1974 2147 3618 2222">
    <p class='ocr_par' dir='ltr' id='par_1_78' title="bbox 1974 2147 3618 2222">
     <span class='ocr_line' id='line_1_78' title="bbox 1974 2147 3618 2222; baseline 0.004 -23"><span class='ocrx_word' id='word_1_589' title='bbox 1974 2161 2240 2216; x_wconf 71' lang='lat' dir='ltr'>quaanon</span> <span class='ocrx_word' id='word_1_590' title='bbox 2259 2147 2704 2220; x_wconf 88' lang='lat' dir='ltr'>paris;erumpe</span> <span class='ocrx_word' id='word_1_591' title='bbox 2716 2148 3002 2218; x_wconf 87' lang='lat' dir='ltr'>etclama,</span> <span class='ocrx_word' id='word_1_592' title='bbox 3032 2165 3168 2222; x_wconf 74' lang='lat' dir='ltr'>quae</span> <span class='ocrx_word' id='word_1_593' title='bbox 3189 2165 3310 2206; x_wconf 92' lang='lat' dir='ltr'>non</span> <span class='ocrx_word' id='word_1_594' title='bbox 3335 2151 3618 2222; x_wconf 88' lang='lat' dir='ltr'>parturis;</span> 
     </span>
    </p>
   </div>
   <div class='ocr_carea' id='block_1_79' title="bbox 1973 2234 3624 2312">
    <p class='ocr_par' dir='ltr' id='par_1_79' title="bbox 1973 2234 3624 2312">
     <span class='ocr_line' id='line_1_79' title="bbox 1973 2234 3624 2312; baseline 0.004 -24"><span class='ocrx_word' id='word_1_595' title='bbox 1973 2234 2116 2305; x_wconf 88' lang='lat' dir='ltr'>quia</span> <span class='ocrx_word' id='word_1_596' title='bbox 2145 2235 2316 2290; x_wconf 88' lang='lat' dir='ltr'>multi</span> <span class='ocrx_word' id='word_1_597' title='bbox 2331 2235 2689 2292; x_wconf 69' lang='lat' dir='ltr'>ﬁliidesertze</span> <span class='ocrx_word' id='word_1_598' title='bbox 2702 2238 3091 2310; x_wconf 88' lang='lat' dir='ltr'>magisquam</span> <span class='ocrx_word' id='word_1_599' title='bbox 3119 2239 3250 2309; x_wconf 87' lang='lat' dir='ltr'>ejus</span> <span class='ocrx_word' id='word_1_600' title='bbox 3291 2255 3426 2312; x_wconf 59' lang='lat' dir='ltr'>quae</span> <span class='ocrx_word' id='word_1_601' title='bbox 3441 2240 3624 2296; x_wconf 88' lang='lat' dir='ltr'>habet</span> 
     </span>
    </p>
   </div>
   <div class='ocr_carea' id='block_1_80' title="bbox 1974 2322 3624 2400">
    <p class='ocr_par' dir='ltr' id='par_1_80' title="bbox 1974 2322 3624 2400">
     <span class='ocr_line' id='line_1_80' title="bbox 1974 2322 3624 2400; baseline 0.004 -23"><span class='ocrx_word' id='word_1_602' title='bbox 1974 2322 2167 2378; x_wconf 89' lang='lat' dir='ltr'>virum</span> <span class='ocrx_word' id='word_1_603' title='bbox 2191 2325 2232 2378; x_wconf 78' lang='grc'>³.</span> <span class='ocrx_word' id='word_1_604' title='bbox 2263 2346 2292 2374; x_wconf 87' lang='grc'><strong>››</strong></span> <span class='ocrx_word' id='word_1_605' title='bbox 2325 2327 2368 2379; x_wconf 92' lang='grc' dir='ltr'><strong>Ο</strong></span> <span class='ocrx_word' id='word_1_606' title='bbox 2410 2325 2812 2381; x_wconf 87' lang='lat' dir='ltr'>universalem</span> <span class='ocrx_word' id='word_1_607' title='bbox 2843 2327 3242 2382; x_wconf 88' lang='lat' dir='ltr'>saltationem!</span> <span class='ocrx_word' id='word_1_608' title='bbox 3275 2328 3320 2381; x_wconf 94' lang='grc' dir='ltr'>Ο</span> <span class='ocrx_word' id='word_1_609' title='bbox 3352 2328 3624 2400; x_wconf 85' lang='lat' dir='ltr'>mysterii</span> 
     </span>
    </p>
   </div>
   <div class='ocr_carea' id='block_1_81' title="bbox 1974 2413 3626 2487">
    <p class='ocr_par' dir='ltr' id='par_1_81' title="bbox 1974 2413 3626 2487">
     <span class='ocr_line' id='line_1_81' title="bbox 1974 2413 3626 2487; baseline 0.004 -22"><span class='ocrx_word' id='word_1_610' title='bbox 1974 2427 2324 2482; x_wconf 72' lang='lat' dir='ltr'>praeconum</span> <span class='ocrx_word' id='word_1_611' title='bbox 2378 2413 2782 2485; x_wconf 87' lang='lat' dir='ltr'>eloquentiam</span> <span class='ocrx_word' id='word_1_612' title='bbox 2834 2415 2846 2469; x_wconf 86' lang='lat'>!</span> <span class='ocrx_word' id='word_1_613' title='bbox 2910 2415 3180 2487; x_wconf 87' lang='lat' dir='ltr'>Undique</span> <span class='ocrx_word' id='word_1_614' title='bbox 3237 2416 3385 2471; x_wconf 90' lang='lat' dir='ltr'>mihi</span> <span class='ocrx_word' id='word_1_615' title='bbox 3449 2432 3626 2472; x_wconf 90' lang='lat' dir='ltr'>aures</span> 
     </span>
    </p>
   </div>
   <div class='ocr_carea' id='block_1_82' title="bbox 1975 2501 3627 2576">
    <p class='ocr_par' dir='ltr' id='par_1_82' title="bbox 1975 2501 3627 2576">
     <span class='ocr_line' id='line_1_82' title="bbox 1975 2501 3627 2576; baseline 0.004 -21"><span class='ocrx_word' id='word_1_616' title='bbox 1975 2501 2602 2572; x_wconf 77' lang='lat' dir='ltr'>personantzecoelo,</span> <span class='ocrx_word' id='word_1_617' title='bbox 2655 2517 2730 2558; x_wconf 81' lang='lat' dir='ltr'>ex</span> <span class='ocrx_word' id='word_1_618' title='bbox 2783 2503 3083 2576; x_wconf 86' lang='lat' dir='ltr'>inaquosa</span> <span class='ocrx_word' id='word_1_619' title='bbox 3136 2503 3474 2572; x_wconf 89' lang='lat' dir='ltr'>solitudine,</span> <span class='ocrx_word' id='word_1_620' title='bbox 3553 2521 3627 2560; x_wconf 83' lang='lat' dir='ltr'>ex</span> 
     </span>
    </p>
   </div>
   <div class='ocr_carea' id='block_1_83' title="bbox 1975 2589 3626 2661">
    <p class='ocr_par' dir='ltr' id='par_1_83' title="bbox 1975 2589 3626 2661">
     <span class='ocr_line' id='line_1_83' title="bbox 1975 2589 3626 2661; baseline 0.003 -18"><span class='ocrx_word' id='word_1_621' title='bbox 1975 2590 2152 2661; x_wconf 85' lang='lat' dir='ltr'>aquis</span> <span class='ocrx_word' id='word_1_622' title='bbox 2181 2589 2346 2661; x_wconf 82' lang='lat' dir='ltr'>ipsis.</span> <span class='ocrx_word' id='word_1_623' title='bbox 2381 2593 2423 2645; x_wconf 91' lang='lat' dir='ltr'><strong>E</strong></span> <span class='ocrx_word' id='word_1_624' title='bbox 2451 2591 2599 2646; x_wconf 86' lang='lat' dir='ltr'>coelo</span> <span class='ocrx_word' id='word_1_625' title='bbox 2630 2591 2946 2648; x_wconf 87' lang='lat' dir='ltr'>hominum</span> <span class='ocrx_word' id='word_1_626' title='bbox 2973 2594 3140 2648; x_wconf 88' lang='lat' dir='ltr'>Pater</span> <span class='ocrx_word' id='word_1_627' title='bbox 3167 2592 3391 2650; x_wconf 87' lang='lat' dir='ltr'>clamat</span> <span class='ocrx_word' id='word_1_628' title='bbox 3417 2611 3430 2649; x_wconf 94' lang='lat'>:</span> <span class='ocrx_word' id='word_1_629' title='bbox 3464 2615 3492 2643; x_wconf 88' lang='grc'>‹‹</span> <span class='ocrx_word' id='word_1_630' title='bbox 3525 2594 3626 2649; x_wconf 87' lang='lat' dir='ltr'>Hic</span> 
     </span>
    </p>
   </div>
   <div class='ocr_carea' id='block_1_84' title="bbox 1977 2678 3624 2755">
    <p class='ocr_par' dir='ltr' id='par_1_84' title="bbox 1977 2678 3624 2755">
     <span class='ocr_line' id='line_1_84' title="bbox 1977 2678 3624 2755; baseline 0.003 -22"><span class='ocrx_word' id='word_1_631' title='bbox 1977 2679 2051 2733; x_wconf 88' lang='lat' dir='ltr'>sit</span> <span class='ocrx_word' id='word_1_632' title='bbox 2079 2678 2254 2734; x_wconf 88' lang='lat' dir='ltr'>Filius</span> <span class='ocrx_word' id='word_1_633' title='bbox 2287 2695 2458 2734; x_wconf 90' lang='lat' dir='ltr'>meus</span> <span class='ocrx_word' id='word_1_634' title='bbox 2488 2679 2757 2746; x_wconf 89' lang='lat' dir='ltr'>dilectus,</span> <span class='ocrx_word' id='word_1_635' title='bbox 2789 2680 2851 2735; x_wconf 92' lang='lat' dir='ltr'>in</span> <span class='ocrx_word' id='word_1_636' title='bbox 2881 2681 3519 2755; x_wconf 87' lang='lat' dir='ltr'>quobenecomplacui</span> <span class='ocrx_word' id='word_1_637' title='bbox 3543 2684 3624 2750; x_wconf 68' lang='grc' dir='ltr'>θεν</span> 
     </span>
    </p>
   </div>
   <div class='ocr_carea' id='block_1_85' title="bbox 1976 2767 3626 2827">
    <p class='ocr_par' dir='ltr' id='par_1_85' title="bbox 1976 2767 3626 2827">
     <span class='ocr_line' id='line_1_85' title="bbox 1976 2767 3626 2827; baseline 0.001 -5"><span class='ocrx_word' id='word_1_638' title='bbox 1976 2767 2037 2822; x_wconf 90' lang='lat' dir='ltr'>in</span> <span class='ocrx_word' id='word_1_639' title='bbox 2068 2769 2231 2826; x_wconf 87' lang='lat' dir='ltr'>terra</span> <span class='ocrx_word' id='word_1_640' title='bbox 2262 2787 2274 2824; x_wconf 93' lang='lat'>:</span> <span class='ocrx_word' id='word_1_641' title='bbox 2311 2767 2439 2823; x_wconf 85' lang='lat' dir='ltr'>Vox</span> <span class='ocrx_word' id='word_1_642' title='bbox 2465 2769 2781 2825; x_wconf 89' lang='lat' dir='ltr'>clamantis</span> <span class='ocrx_word' id='word_1_643' title='bbox 2803 2769 2862 2826; x_wconf 89' lang='lat' dir='ltr'>in</span> <span class='ocrx_word' id='word_1_644' title='bbox 2903 2770 3174 2826; x_wconf 89' lang='lat' dir='ltr'>deserto:</span> <span class='ocrx_word' id='word_1_645' title='bbox 3220 2773 3427 2827; x_wconf 90' lang='lat' dir='ltr'>Parate</span> <span class='ocrx_word' id='word_1_646' title='bbox 3463 2770 3626 2826; x_wconf 87' lang='lat' dir='ltr'>viam</span> 
     </span>
    </p>
   </div>
   <div class='ocr_carea' id='block_1_86' title="bbox 1980 2857 3627 2929">
    <p class='ocr_par' dir='ltr' id='par_1_86' title="bbox 1980 2857 3627 2929">
     <span class='ocr_line' id='line_1_86' title="bbox 1980 2857 3627 2929; baseline 0.002 -18"><span class='ocrx_word' id='word_1_647' title='bbox 1980 2857 2215 2911; x_wconf 91' lang='lat' dir='ltr'>Domini</span> <span class='ocrx_word' id='word_1_648' title='bbox 2249 2859 2295 2892; x_wconf 91' lang='grc'>¹⁰</span> <span class='ocrx_word' id='word_1_649' title='bbox 2334 2875 2347 2924; x_wconf 90' lang='grc'>;</span> <span class='ocrx_word' id='word_1_650' title='bbox 2376 2875 2408 2910; x_wconf 70' lang='grc' dir='ltr'>ν</span> <span class='ocrx_word' id='word_1_651' title='bbox 2441 2863 2496 2912; x_wconf 88' lang='lat' dir='ltr'>et</span> <span class='ocrx_word' id='word_1_652' title='bbox 2536 2858 2711 2929; x_wconf 88' lang='lat' dir='ltr'>aquis</span> <span class='ocrx_word' id='word_1_653' title='bbox 2744 2875 2756 2912; x_wconf 91' lang='lat'>:</span> <span class='ocrx_word' id='word_1_654' title='bbox 2816 2858 3210 2914; x_wconf 82' lang='lat' dir='ltr'>Elevaverunt</span> <span class='ocrx_word' id='word_1_655' title='bbox 3235 2859 3490 2915; x_wconf 81' lang='lat' dir='ltr'>ﬂumina</span> <span class='ocrx_word' id='word_1_656' title='bbox 3525 2874 3627 2914; x_wconf 89' lang='lat' dir='ltr'>vo-</span> 
     </span>
    </p>
   </div>
   <div class='ocr_carea' id='block_1_87' title="bbox 1976 2945 3628 3012">
    <p class='ocr_par' dir='ltr' id='par_1_87' title="bbox 1976 2945 3628 3012">
     <span class='ocr_line' id='line_1_87' title="bbox 1976 2945 3628 3012; baseline 0 -12"><span class='ocrx_word' id='word_1_657' title='bbox 1976 2960 2109 3000; x_wconf 90' lang='lat' dir='ltr'>cem</span> <span class='ocrx_word' id='word_1_658' title='bbox 2140 2961 2336 3012; x_wconf 89' lang='lat' dir='ltr'>suam,</span> <span class='ocrx_word' id='word_1_659' title='bbox 2364 2945 2684 3001; x_wconf 88' lang='lat' dir='ltr'>elevabunt</span> <span class='ocrx_word' id='word_1_660' title='bbox 2716 2945 2971 3002; x_wconf 80' lang='lat' dir='ltr'>ﬁumina</span> <span class='ocrx_word' id='word_1_661' title='bbox 3013 2946 3227 3002; x_wconf 87' lang='lat' dir='ltr'>ﬂuctus</span> <span class='ocrx_word' id='word_1_662' title='bbox 3258 2963 3402 3003; x_wconf 89' lang='lat' dir='ltr'>suos</span> <span class='ocrx_word' id='word_1_663' title='bbox 3435 2947 3628 3003; x_wconf 86' lang='lat' dir='ltr'>avoci-</span> 
     </span>
    </p>
   </div>
   <div class='ocr_carea' id='block_1_88' title="bbox 1977 3035 3627 3106">
    <p class='ocr_par' dir='ltr' id='par_1_88' title="bbox 1977 3035 3627 3106">
     <span class='ocr_line' id='line_1_88' title="bbox 1977 3035 3627 3106; baseline -0.001 -14"><span class='ocrx_word' id='word_1_664' title='bbox 1977 3037 2092 3092; x_wconf 86' lang='lat' dir='ltr'>bus</span> <span class='ocrx_word' id='word_1_665' title='bbox 2113 3051 2412 3106; x_wconf 87' lang='lat' dir='ltr'>aquarum</span> <span class='ocrx_word' id='word_1_666' title='bbox 2451 3035 2776 3090; x_wconf 87' lang='lat' dir='ltr'>multarum</span> <span class='ocrx_word' id='word_1_667' title='bbox 2801 3039 2871 3091; x_wconf 87' lang='grc'>¹¹.</span> <span class='ocrx_word' id='word_1_668' title='bbox 2910 3058 2938 3085; x_wconf 87' lang='grc'><strong>››</strong></span> <span class='ocrx_word' id='word_1_669' title='bbox 2969 3041 3015 3091; x_wconf 79' lang='grc' dir='ltr'><strong>Α</strong></span> <span class='ocrx_word' id='word_1_670' title='bbox 3037 3036 3223 3091; x_wconf 89' lang='lat' dir='ltr'>tribus</span> <span class='ocrx_word' id='word_1_671' title='bbox 3250 3037 3344 3092; x_wconf 88' lang='lat' dir='ltr'>his</span> <span class='ocrx_word' id='word_1_672' title='bbox 3381 3037 3627 3092; x_wconf 88' lang='lat' dir='ltr'>testibus</span> 
     </span>
    </p>
   </div>
   <div class='ocr_carea' id='block_1_89' title="bbox 1978 3124 3629 3182">
    <p class='ocr_par' dir='ltr' id='par_1_89' title="bbox 1978 3124 3629 3182">
     <span class='ocr_line' id='line_1_89' title="bbox 1978 3124 3629 3182; baseline 0.002 -2"><span class='ocrx_word' id='word_1_673' title='bbox 1978 3130 2343 3181; x_wconf 86' lang='lat' dir='ltr'>monstratus</span> <span class='ocrx_word' id='word_1_674' title='bbox 2360 3124 2420 3179; x_wconf 91' lang='lat' dir='ltr'>in</span> <span class='ocrx_word' id='word_1_675' title='bbox 2431 3124 2691 3180; x_wconf 86' lang='lat' dir='ltr'>Jordane</span> <span class='ocrx_word' id='word_1_676' title='bbox 2707 3127 2858 3180; x_wconf 89' lang='lat' dir='ltr'>Deus</span> <span class='ocrx_word' id='word_1_677' title='bbox 2870 3125 3052 3181; x_wconf 90' lang='lat' dir='ltr'>homo</span> <span class='ocrx_word' id='word_1_678' title='bbox 3068 3125 3406 3182; x_wconf 89' lang='lat' dir='ltr'>declaratur</span> <span class='ocrx_word' id='word_1_679' title='bbox 3418 3128 3629 3182; x_wconf 89' lang='lat' dir='ltr'>mundi</span> 
     </span>
    </p>
   </div>
   <div class='ocr_carea' id='block_1_90' title="bbox 1983 3213 3629 3288">
    <p class='ocr_par' dir='ltr' id='par_1_90' title="bbox 1983 3213 3629 3288">
     <span class='ocr_line' id='line_1_90' title="bbox 1983 3213 3629 3288; baseline 0.001 -19"><span class='ocrx_word' id='word_1_680' title='bbox 1983 3214 2266 3269; x_wconf 90' lang='lat' dir='ltr'>Dominus</span> <span class='ocrx_word' id='word_1_681' title='bbox 2290 3219 2346 3268; x_wconf 90' lang='lat' dir='ltr'>et</span> <span class='ocrx_word' id='word_1_682' title='bbox 2367 3213 2654 3269; x_wconf 87' lang='lat' dir='ltr'>conditor.</span> <span class='ocrx_word' id='word_1_683' title='bbox 2689 3215 2756 3268; x_wconf 90' lang='lat' dir='ltr'>Et</span> <span class='ocrx_word' id='word_1_684' title='bbox 2784 3213 2888 3284; x_wconf 90' lang='lat' dir='ltr'>qui</span> <span class='ocrx_word' id='word_1_685' title='bbox 2925 3213 3130 3269; x_wconf 91' lang='lat' dir='ltr'>omnia</span> <span class='ocrx_word' id='word_1_686' title='bbox 3166 3213 3372 3286; x_wconf 88' lang='lat' dir='ltr'>replet,</span> <span class='ocrx_word' id='word_1_687' title='bbox 3402 3216 3629 3288; x_wconf 90' lang='lat' dir='ltr'>percir-</span> 
     </span>
    </p>
   </div>
   <div class='ocr_carea' id='block_1_91' title="bbox 1980 3301 3630 3376">
    <p class='ocr_par' dir='ltr' id='par_1_91' title="bbox 1980 3301 3630 3376">
     <span class='ocr_line' id='line_1_91' title="bbox 1980 3301 3630 3376; baseline 0.002 -19"><span class='ocrx_word' id='word_1_688' title='bbox 1980 3302 2206 3358; x_wconf 89' lang='lat' dir='ltr'>cuitum</span> <span class='ocrx_word' id='word_1_689' title='bbox 2235 3301 2470 3357; x_wconf 88' lang='lat' dir='ltr'>videtur</span> <span class='ocrx_word' id='word_1_690' title='bbox 2488 3301 2788 3356; x_wconf 91' lang='lat' dir='ltr'>mundum</span> <span class='ocrx_word' id='word_1_691' title='bbox 2815 3301 3022 3373; x_wconf 59' lang='lat' dir='ltr'>obirez;</span> <span class='ocrx_word' id='word_1_692' title='bbox 3048 3308 3111 3357; x_wconf 92' lang='lat' dir='ltr'>ut</span> <span class='ocrx_word' id='word_1_693' title='bbox 3139 3319 3278 3358; x_wconf 91' lang='lat' dir='ltr'>eum</span> <span class='ocrx_word' id='word_1_694' title='bbox 3306 3303 3410 3376; x_wconf 90' lang='lat' dir='ltr'>qui</span> <span class='ocrx_word' id='word_1_695' title='bbox 3429 3321 3460 3360; x_wconf 93' lang='lat' dir='ltr'>e</span> <span class='ocrx_word' id='word_1_696' title='bbox 3481 3305 3630 3360; x_wconf 72' lang='lat' dir='ltr'>coelo</span> 
     </span>
    </p>
   </div>
   <div class='ocr_carea' id='block_1_92' title="bbox 1983 3390 3632 3462">
    <p class='ocr_par' dir='ltr' id='par_1_92' title="bbox 1983 3390 3632 3462">
     <span class='ocr_line' id='line_1_92' title="bbox 1983 3390 3632 3462; baseline 0.001 -15"><span class='ocrx_word' id='word_1_697' title='bbox 1983 3391 2220 3460; x_wconf 86' lang='lat' dir='ltr'>decidit,</span> <span class='ocrx_word' id='word_1_698' title='bbox 2240 3390 2574 3458; x_wconf 86' lang='lat' dir='ltr'>luciferum,</span> <span class='ocrx_word' id='word_1_699' title='bbox 2607 3395 2947 3462; x_wconf 89' lang='lat' dir='ltr'>terramque</span> <span class='ocrx_word' id='word_1_700' title='bbox 2968 3395 3025 3446; x_wconf 89' lang='lat' dir='ltr'>et</span> <span class='ocrx_word' id='word_1_701' title='bbox 3046 3407 3210 3448; x_wconf 87' lang='lat' dir='ltr'>mare</span> <span class='ocrx_word' id='word_1_702' title='bbox 3223 3407 3284 3447; x_wconf 90' lang='lat' dir='ltr'>se</span> <span class='ocrx_word' id='word_1_703' title='bbox 3297 3391 3632 3449; x_wconf 90' lang='lat' dir='ltr'>deleturum</span> 
     </span>
    </p>
   </div>
   <div class='ocr_carea' id='block_1_93' title="bbox 1979 3479 3634 3553">
    <p class='ocr_par' dir='ltr' id='par_1_93' title="bbox 1979 3479 3634 3553">
     <span class='ocr_line' id='line_1_93' title="bbox 1979 3479 3634 3553; baseline 0.001 -17"><span class='ocrx_word' id='word_1_704' title='bbox 1979 3481 2352 3551; x_wconf 88' lang='lat' dir='ltr'>jactitantem</span> <span class='ocrx_word' id='word_1_705' title='bbox 2393 3479 2661 3551; x_wconf 90' lang='lat' dir='ltr'>undique</span> <span class='ocrx_word' id='word_1_706' title='bbox 2700 3479 2977 3552; x_wconf 82' lang='lat' dir='ltr'>expellat,</span> <span class='ocrx_word' id='word_1_707' title='bbox 3021 3480 3151 3550; x_wconf 91' lang='lat' dir='ltr'>ejus</span> <span class='ocrx_word' id='word_1_708' title='bbox 3196 3480 3513 3538; x_wconf 89' lang='lat' dir='ltr'>destruens</span> <span class='ocrx_word' id='word_1_709' title='bbox 3542 3487 3634 3553; x_wconf 90' lang='lat' dir='ltr'>ty-</span> 
     </span>
    </p>
   </div>
   <div class='ocr_carea' id='block_1_94' title="bbox 1983 3568 3635 3634">
    <p class='ocr_par' dir='ltr' id='par_1_94' title="bbox 1983 3568 3635 3634">
     <span class='ocr_line' id='line_1_94' title="bbox 1983 3568 3635 3634; baseline 0 -8"><span class='ocrx_word' id='word_1_710' title='bbox 1983 3569 2323 3626; x_wconf 82' lang='lat' dir='ltr'>rannidem.</span> <span class='ocrx_word' id='word_1_711' title='bbox 2370 3568 2509 3623; x_wconf 89' lang='lat' dir='ltr'>Vide</span> <span class='ocrx_word' id='word_1_712' title='bbox 2547 3568 2726 3634; x_wconf 90' lang='lat' dir='ltr'>enim,</span> <span class='ocrx_word' id='word_1_713' title='bbox 2757 3584 2788 3623; x_wconf 94' lang='lat' dir='ltr'>e</span> <span class='ocrx_word' id='word_1_714' title='bbox 2817 3568 2967 3624; x_wconf 78' lang='lat' dir='ltr'>coelo</span> <span class='ocrx_word' id='word_1_715' title='bbox 2991 3568 3302 3626; x_wconf 86' lang='lat' dir='ltr'>descendit</span> <span class='ocrx_word' id='word_1_716' title='bbox 3348 3571 3635 3626; x_wconf 91' lang='lat' dir='ltr'>Dominus</span> 
     </span>
    </p>
   </div>
   <div class='ocr_carea' id='block_1_95' title="bbox 1985 3656 3636 3731">
    <p class='ocr_par' dir='ltr' id='par_1_95' title="bbox 1985 3656 3636 3731">
     <span class='ocr_line' id='line_1_95' title="bbox 1985 3656 3636 3731; baseline -0.001 -16"><span class='ocrx_word' id='word_1_717' title='bbox 1985 3674 2164 3716; x_wconf 87' lang='lat' dir='ltr'>carne</span> <span class='ocrx_word' id='word_1_718' title='bbox 2194 3656 2438 3712; x_wconf 90' lang='lat' dir='ltr'>indutus</span> <span class='ocrx_word' id='word_1_719' title='bbox 2462 3661 2639 3712; x_wconf 88' lang='lat' dir='ltr'>natus</span> <span class='ocrx_word' id='word_1_720' title='bbox 2655 3662 2766 3726; x_wconf 89' lang='lat' dir='ltr'>est,</span> <span class='ocrx_word' id='word_1_721' title='bbox 2793 3657 2854 3712; x_wconf 91' lang='lat' dir='ltr'>in</span> <span class='ocrx_word' id='word_1_722' title='bbox 2886 3658 3060 3730; x_wconf 88' lang='lat' dir='ltr'>aquis</span> <span class='ocrx_word' id='word_1_723' title='bbox 3080 3658 3322 3728; x_wconf 88' lang='lat' dir='ltr'>incedit,</span> <span class='ocrx_word' id='word_1_724' title='bbox 3353 3675 3428 3714; x_wconf 80' lang='lat' dir='ltr'>ex</span> <span class='ocrx_word' id='word_1_725' title='bbox 3467 3660 3636 3731; x_wconf 87' lang='lat' dir='ltr'>aquis</span> 
     </span>
    </p>
   </div>
   <div class='ocr_carea' id='block_1_96' title="bbox 1989 3745 3638 3820">
    <p class='ocr_par' dir='ltr' id='par_1_96' title="bbox 1989 3745 3638 3820">
     <span class='ocr_line' id='line_1_96' title="bbox 1989 3745 3638 3820; baseline 0.001 -18"><span class='ocrx_word' id='word_1_726' title='bbox 1989 3762 2228 3811; x_wconf 70' lang='lat' dir='ltr'>egresso</span> <span class='ocrx_word' id='word_1_727' title='bbox 2289 3745 2421 3801; x_wconf 87' lang='lat' dir='ltr'>coeli</span> <span class='ocrx_word' id='word_1_728' title='bbox 2479 3761 2720 3801; x_wconf 90' lang='lat' dir='ltr'>rursum</span> <span class='ocrx_word' id='word_1_729' title='bbox 2765 3745 2847 3801; x_wconf 90' lang='lat' dir='ltr'>illi</span> <span class='ocrx_word' id='word_1_730' title='bbox 2913 3747 3283 3818; x_wconf 89' lang='lat' dir='ltr'>aperiuntur,</span> <span class='ocrx_word' id='word_1_731' title='bbox 3335 3749 3638 3820; x_wconf 88' lang='lat' dir='ltr'>accepturi</span> 
     </span>
    </p>
   </div>
   <div class='ocr_carea' id='block_1_97' title="bbox 1989 3835 3640 3908">
    <p class='ocr_par' dir='ltr' id='par_1_97' title="bbox 1989 3835 3640 3908">
     <span class='ocr_line' id='line_1_97' title="bbox 1989 3835 3640 3908; baseline 0.001 -17"><span class='ocrx_word' id='word_1_732' title='bbox 1989 3835 2290 3892; x_wconf 79' lang='lat' dir='ltr'>ccelestem</span> <span class='ocrx_word' id='word_1_733' title='bbox 2321 3851 2459 3888; x_wconf 91' lang='lat' dir='ltr'>cum</span> <span class='ocrx_word' id='word_1_734' title='bbox 2484 3835 2740 3890; x_wconf 80' lang='lat' dir='ltr'>terrestri</span> <span class='ocrx_word' id='word_1_735' title='bbox 2768 3849 2946 3890; x_wconf 89' lang='lat' dir='ltr'>carne</span> <span class='ocrx_word' id='word_1_736' title='bbox 2959 3835 3640 3908; x_wconf 88' lang='lat' dir='ltr'>rediturum,postquam</span> 
     </span>
    </p>
   </div>
   <div class='ocr_carea' id='block_1_98' title="bbox 1990 3922 3638 3994">
    <p class='ocr_par' dir='ltr' id='par_1_98' title="bbox 1990 3922 3638 3994">
     <span class='ocr_line' id='line_1_98' title="bbox 1990 3922 3638 3994; baseline -0.002 -13"><span class='ocrx_word' id='word_1_737' title='bbox 1990 3929 2212 3981; x_wconf 63' lang='lat' dir='ltr'>nostrai</span> <span class='ocrx_word' id='word_1_738' title='bbox 2225 3928 2453 3978; x_wconf 61' lang='lat' dir='ltr'>natura:</span> <span class='ocrx_word' id='word_1_739' title='bbox 2466 3922 2694 3978; x_wconf 89' lang='lat' dir='ltr'>damna</span> <span class='ocrx_word' id='word_1_740' title='bbox 2704 3923 3086 3994; x_wconf 85' lang='lat' dir='ltr'>reparaverit.</span> <span class='ocrx_word' id='word_1_741' title='bbox 3111 3923 3638 3986; x_wconf 87' lang='lat' dir='ltr'>Quemadmodum</span> 
     </span>
    </p>
   </div>
   <div class='ocr_carea' id='block_1_99' title="bbox 1991 4011 3642 4083">
    <p class='ocr_par' dir='ltr' id='par_1_99' title="bbox 1991 4011 3642 4083">
     <span class='ocr_line' id='line_1_99' title="bbox 1991 4011 3642 4083; baseline 0 -14"><span class='ocrx_word' id='word_1_742' title='bbox 1991 4013 2152 4070; x_wconf 89' lang='lat' dir='ltr'>enim</span> <span class='ocrx_word' id='word_1_743' title='bbox 2171 4011 2367 4068; x_wconf 91' lang='lat' dir='ltr'>bonus</span> <span class='ocrx_word' id='word_1_744' title='bbox 2394 4015 2599 4083; x_wconf 87' lang='lat' dir='ltr'>pastor</span> <span class='ocrx_word' id='word_1_745' title='bbox 2631 4015 2688 4066; x_wconf 91' lang='lat' dir='ltr'>et</span> <span class='ocrx_word' id='word_1_746' title='bbox 2714 4011 3070 4079; x_wconf 84' lang='lat' dir='ltr'>misericors,</span> <span class='ocrx_word' id='word_1_747' title='bbox 3085 4011 3135 4066; x_wconf 91' lang='lat' dir='ltr'>si</span> <span class='ocrx_word' id='word_1_748' title='bbox 3153 4012 3284 4068; x_wconf 86' lang='lat' dir='ltr'>ovis</span> <span class='ocrx_word' id='word_1_749' title='bbox 3310 4012 3543 4083; x_wconf 89' lang='lat' dir='ltr'>perdita</span> <span class='ocrx_word' id='word_1_750' title='bbox 3567 4014 3642 4069; x_wconf 90' lang='lat' dir='ltr'>sit</span> 
     </span>
    </p>
   </div>
   <div class='ocr_carea' id='block_1_100' title="bbox 1947 4099 3640 4173">
    <p class='ocr_par' dir='ltr' id='par_1_100' title="bbox 1947 4099 3640 4173">
     <span class='ocr_line' id='line_1_100' title="bbox 1947 4099 3640 4173; baseline -0.001 -15"><span class='ocrx_word' id='word_1_751' title='bbox 1947 4127 1949 4129; x_wconf 57' lang='grc' dir='ltr'>ί</span> <span class='ocrx_word' id='word_1_752' title='bbox 1994 4107 2051 4158; x_wconf 91' lang='lat' dir='ltr'>et</span> <span class='ocrx_word' id='word_1_753' title='bbox 2077 4101 2257 4170; x_wconf 86' lang='lat' dir='ltr'>longe</span> <span class='ocrx_word' id='word_1_754' title='bbox 2283 4099 2362 4155; x_wconf 94' lang='lat' dir='ltr'>ab</span> <span class='ocrx_word' id='word_1_755' title='bbox 2392 4099 2523 4154; x_wconf 86' lang='lat' dir='ltr'>aliis</span> <span class='ocrx_word' id='word_1_756' title='bbox 2555 4099 2853 4168; x_wconf 88' lang='lat' dir='ltr'>erraverit,</span> <span class='ocrx_word' id='word_1_757' title='bbox 2892 4099 3022 4170; x_wconf 86' lang='lat' dir='ltr'>ejus</span> <span class='ocrx_word' id='word_1_758' title='bbox 3075 4099 3314 4170; x_wconf 80' lang='lat' dir='ltr'>vestigia</span> <span class='ocrx_word' id='word_1_759' title='bbox 3361 4115 3640 4173; x_wconf 88' lang='lat' dir='ltr'>sequens,</span> 
     </span>
    </p>
   </div>
   <div class='ocr_carea' id='block_1_101' title="bbox 1993 4187 3643 4264">
    <p class='ocr_par' dir='ltr' id='par_1_101' title="bbox 1993 4187 3643 4264">
     <span class='ocr_line' id='line_1_101' title="bbox 1993 4187 3643 4264; baseline 0 -18"><span class='ocrx_word' id='word_1_760' title='bbox 1993 4189 2263 4264; x_wconf 89' lang='lat' dir='ltr'>procedit</span> <span class='ocrx_word' id='word_1_761' title='bbox 2282 4187 2539 4259; x_wconf 89' lang='lat' dir='ltr'>ungulas</span> <span class='ocrx_word' id='word_1_762' title='bbox 2571 4187 2918 4250; x_wconf 84' lang='lat' dir='ltr'>observans,</span> <span class='ocrx_word' id='word_1_763' title='bbox 2949 4194 3008 4244; x_wconf 90' lang='lat' dir='ltr'>et</span> <span class='ocrx_word' id='word_1_764' title='bbox 3036 4188 3088 4244; x_wconf 92' lang='lat' dir='ltr'>si</span> <span class='ocrx_word' id='word_1_765' title='bbox 3138 4187 3201 4244; x_wconf 90' lang='lat' dir='ltr'>in</span> <span class='ocrx_word' id='word_1_766' title='bbox 3253 4189 3643 4261; x_wconf 70' lang='lat' dir='ltr'>praecipitium</span> 
     </span>
    </p>
   </div>
   <div class='ocr_carea' id='block_1_102' title="bbox 1994 4275 3644 4350">
    <p class='ocr_par' dir='ltr' id='par_1_102' title="bbox 1994 4275 3644 4350">
     <span class='ocr_line' id='line_1_102' title="bbox 1994 4275 3644 4350; baseline 0 -15"><span class='ocrx_word' id='word_1_767' title='bbox 1994 4279 2220 4335; x_wconf 88' lang='lat' dir='ltr'>ducant</span> <span class='ocrx_word' id='word_1_768' title='bbox 2241 4277 2504 4347; x_wconf 85' lang='lat' dir='ltr'>vestigia,</span> <span class='ocrx_word' id='word_1_769' title='bbox 2535 4275 2845 4332; x_wconf 89' lang='lat' dir='ltr'>descendit</span> <span class='ocrx_word' id='word_1_770' title='bbox 2863 4276 3254 4346; x_wconf 89' lang='lat' dir='ltr'>investigans,</span> <span class='ocrx_word' id='word_1_771' title='bbox 3274 4281 3332 4332; x_wconf 89' lang='lat' dir='ltr'>et</span> <span class='ocrx_word' id='word_1_772' title='bbox 3360 4278 3409 4333; x_wconf 91' lang='lat' dir='ltr'>si</span> <span class='ocrx_word' id='word_1_773' title='bbox 3426 4278 3488 4334; x_wconf 91' lang='lat' dir='ltr'>in</span> <span class='ocrx_word' id='word_1_774' title='bbox 3508 4294 3644 4350; x_wconf 89' lang='lat' dir='ltr'>spe-</span> 
     </span>
    </p>
   </div>
   <div class='ocr_carea' id='block_1_103' title="bbox 1989 4364 3646 4438">
    <p class='ocr_par' dir='ltr' id='par_1_103' title="bbox 1989 4364 3646 4438">
     <span class='ocr_line' id='line_1_103' title="bbox 1989 4364 3646 4438; baseline -0.001 -14"><span class='ocrx_word' id='word_1_775' title='bbox 1989 4369 2234 4425; x_wconf 88' lang='lat' dir='ltr'>luncam</span> <span class='ocrx_word' id='word_1_776' title='bbox 2263 4365 2568 4434; x_wconf 88' lang='lat' dir='ltr'>introierit,</span> <span class='ocrx_word' id='word_1_777' title='bbox 2594 4364 2774 4421; x_wconf 91' lang='lat' dir='ltr'>intrat</span> <span class='ocrx_word' id='word_1_778' title='bbox 2807 4370 2862 4421; x_wconf 88' lang='lat' dir='ltr'>et</span> <span class='ocrx_word' id='word_1_779' title='bbox 2887 4366 3014 4438; x_wconf 92' lang='lat' dir='ltr'>ipse</span> <span class='ocrx_word' id='word_1_780' title='bbox 3034 4369 3092 4421; x_wconf 92' lang='lat' dir='ltr'>et</span> <span class='ocrx_word' id='word_1_781' title='bbox 3127 4365 3176 4420; x_wconf 91' lang='lat' dir='ltr'>si</span> <span class='ocrx_word' id='word_1_782' title='bbox 3204 4380 3310 4437; x_wconf 91' lang='lat' dir='ltr'>per</span> <span class='ocrx_word' id='word_1_783' title='bbox 3337 4381 3532 4438; x_wconf 88' lang='lat' dir='ltr'>aquas</span> <span class='ocrx_word' id='word_1_784' title='bbox 3559 4367 3646 4423; x_wconf 89' lang='lat' dir='ltr'>in-</span> 
     </span>
    </p>
   </div>
   <div class='ocr_carea' id='block_1_104' title="bbox 1994 4453 3648 4527">
    <p class='ocr_par' dir='ltr' id='par_1_104' title="bbox 1994 4453 3648 4527">
     <span class='ocr_line' id='line_1_104' title="bbox 1994 4453 3648 4527; baseline -0.001 -14"><span class='ocrx_word' id='word_1_785' title='bbox 1994 4456 2253 4522; x_wconf 89' lang='lat' dir='ltr'>cesserit,</span> <span class='ocrx_word' id='word_1_786' title='bbox 2282 4455 2493 4511; x_wconf 87' lang='lat' dir='ltr'>transit</span> <span class='ocrx_word' id='word_1_787' title='bbox 2520 4458 2578 4514; x_wconf 88' lang='lat' dir='ltr'>et</span> <span class='ocrx_word' id='word_1_788' title='bbox 2605 4454 2729 4525; x_wconf 89' lang='lat' dir='ltr'>ipse</span> <span class='ocrx_word' id='word_1_789' title='bbox 2759 4470 3004 4527; x_wconf 88' lang='lat' dir='ltr'>aquam,</span> <span class='ocrx_word' id='word_1_790' title='bbox 3031 4453 3224 4510; x_wconf 91' lang='lat' dir='ltr'>donec</span> <span class='ocrx_word' id='word_1_791' title='bbox 3239 4460 3535 4512; x_wconf 86' lang='lat' dir='ltr'>errantem</span> <span class='ocrx_word' id='word_1_792' title='bbox 3560 4471 3648 4512; x_wconf 89' lang='lat' dir='ltr'>re-</span> 
     </span>
    </p>
   </div>
   <div class='ocr_carea' id='block_1_105' title="bbox 1995 4542 3646 4618">
    <p class='ocr_par' dir='ltr' id='par_1_105' title="bbox 1995 4542 3646 4618">
     <span class='ocr_line' id='line_1_105' title="bbox 1995 4542 3646 4618; baseline -0.001 -17"><span class='ocrx_word' id='word_1_793' title='bbox 1995 4545 2215 4618; x_wconf 90' lang='lat' dir='ltr'>ceperit</span> <span class='ocrx_word' id='word_1_794' title='bbox 2239 4549 2663 4617; x_wconf 88' lang='lat' dir='ltr'>receptamque</span> <span class='ocrx_word' id='word_1_795' title='bbox 2692 4543 2752 4598; x_wconf 91' lang='lat' dir='ltr'>in</span> <span class='ocrx_word' id='word_1_796' title='bbox 2771 4542 3040 4600; x_wconf 89' lang='lat' dir='ltr'>humeris</span> <span class='ocrx_word' id='word_1_797' title='bbox 3062 4547 3257 4615; x_wconf 91' lang='lat' dir='ltr'>portet</span> <span class='ocrx_word' id='word_1_798' title='bbox 3298 4550 3646 4614; x_wconf 90' lang='lat' dir='ltr'>congreget-</span> 
     </span>
    </p>
   </div>
   <div class='ocr_carea' id='block_1_106' title="bbox 1995 4631 3649 4708">
    <p class='ocr_par' dir='ltr' id='par_1_106' title="bbox 1995 4631 3649 4708">
     <span class='ocr_line' id='line_1_106' title="bbox 1995 4631 3649 4708; baseline -0.003 -17"><span class='ocrx_word' id='word_1_799' title='bbox 1995 4650 2114 4708; x_wconf 91' lang='lat' dir='ltr'>que</span> <span class='ocrx_word' id='word_1_800' title='bbox 2144 4635 2371 4690; x_wconf 68' lang='lat' dir='ltr'>caeteris</span> <span class='ocrx_word' id='word_1_801' title='bbox 2399 4632 2642 4688; x_wconf 88' lang='lat' dir='ltr'>feliciter</span> <span class='ocrx_word' id='word_1_802' title='bbox 2680 4631 3055 4702; x_wconf 83' lang='lat' dir='ltr'>vagantibus;</span> <span class='ocrx_word' id='word_1_803' title='bbox 3081 4632 3164 4688; x_wconf 89' lang='lat' dir='ltr'>ita</span> <span class='ocrx_word' id='word_1_804' title='bbox 3193 4647 3339 4689; x_wconf 89' lang='lat' dir='ltr'>sane</span> <span class='ocrx_word' id='word_1_805' title='bbox 3359 4637 3418 4688; x_wconf 93' lang='lat' dir='ltr'>et</span> <span class='ocrx_word' id='word_1_806' title='bbox 3451 4633 3649 4689; x_wconf 89' lang='lat' dir='ltr'>bonus</span> 
     </span>
    </p>
   </div>
   <div class='ocr_carea' id='block_1_107' title="bbox 1997 4719 3650 4794">
    <p class='ocr_par' dir='ltr' id='par_1_107' title="bbox 1997 4719 3650 4794">
     <span class='ocr_line' id='line_1_107' title="bbox 1997 4719 3650 4794; baseline -0.001 -16"><span class='ocrx_word' id='word_1_807' title='bbox 1997 4726 2202 4779; x_wconf 90' lang='lat' dir='ltr'>Pastor</span> <span class='ocrx_word' id='word_1_808' title='bbox 2228 4722 2334 4794; x_wconf 90' lang='lat' dir='ltr'>qui</span> <span class='ocrx_word' id='word_1_809' title='bbox 2361 4721 2628 4777; x_wconf 87' lang='lat' dir='ltr'>animam</span> <span class='ocrx_word' id='word_1_810' title='bbox 2641 4736 2818 4776; x_wconf 83' lang='lat' dir='ltr'>suam</span> <span class='ocrx_word' id='word_1_811' title='bbox 2838 4719 3374 4792; x_wconf 84' lang='lat' dir='ltr'>proovibusponit,</span> <span class='ocrx_word' id='word_1_812' title='bbox 3407 4721 3650 4777; x_wconf 90' lang='lat' dir='ltr'>homine</span> 
     </span>
    </p>
   </div>
   <div class='ocr_carea' id='block_1_108' title="bbox 1997 4808 3652 4882">
    <p class='ocr_par' dir='ltr' id='par_1_108' title="bbox 1997 4808 3652 4882">
     <span class='ocr_line' id='line_1_108' title="bbox 1997 4808 3652 4882; baseline -0.001 -15"><span class='ocrx_word' id='word_1_813' title='bbox 1997 4828 2035 4867; x_wconf 88' lang='lat' dir='ltr'>a</span> <span class='ocrx_word' id='word_1_814' title='bbox 2059 4810 2322 4882; x_wconf 82' lang='lat' dir='ltr'>pristinae</span> <span class='ocrx_word' id='word_1_815' title='bbox 2352 4808 2554 4881; x_wconf 80' lang='lat' dir='ltr'>gloriae</span> <span class='ocrx_word' id='word_1_816' title='bbox 2576 4809 2916 4864; x_wconf 89' lang='lat' dir='ltr'>summitate</span> <span class='ocrx_word' id='word_1_817' title='bbox 2943 4808 3173 4878; x_wconf 91' lang='lat' dir='ltr'>dejecto</span> <span class='ocrx_word' id='word_1_818' title='bbox 3194 4809 3256 4864; x_wconf 91' lang='lat' dir='ltr'>in</span> <span class='ocrx_word' id='word_1_819' title='bbox 3288 4813 3528 4879; x_wconf 87' lang='lat' dir='ltr'>terram,</span> <span class='ocrx_word' id='word_1_820' title='bbox 3545 4825 3652 4882; x_wconf 90' lang='lat' dir='ltr'>per</span> 
     </span>
    </p>
   </div>
   <div class='ocr_carea' id='block_1_109' title="bbox 1999 4897 3654 4974">
    <p class='ocr_par' dir='ltr' id='par_1_109' title="bbox 1999 4897 3654 4974">
     <span class='ocr_line' id='line_1_109' title="bbox 1999 4897 3654 4974; baseline -0.001 -16"><span class='ocrx_word' id='word_1_821' title='bbox 1999 4916 2191 4974; x_wconf 79' lang='lat' dir='ltr'>aquas</span> <span class='ocrx_word' id='word_1_822' title='bbox 2214 4899 2578 4955; x_wconf 88' lang='lat' dir='ltr'>inundantes</span> <span class='ocrx_word' id='word_1_823' title='bbox 2601 4897 2911 4954; x_wconf 90' lang='lat' dir='ltr'>incedente</span> <span class='ocrx_word' id='word_1_824' title='bbox 2932 4902 2987 4952; x_wconf 91' lang='lat' dir='ltr'>et</span> <span class='ocrx_word' id='word_1_825' title='bbox 3013 4897 3091 4952; x_wconf 91' lang='lat' dir='ltr'>ad</span> <span class='ocrx_word' id='word_1_826' title='bbox 3115 4901 3447 4955; x_wconf 87' lang='lat' dir='ltr'>extremam</span> <span class='ocrx_word' id='word_1_827' title='bbox 3479 4900 3654 4956; x_wconf 87' lang='lat' dir='ltr'>mise-</span> 
     </span>
    </p>
   </div>
   <div class='ocr_carea' id='block_1_110' title="bbox 1997 4986 3655 5046">
    <p class='ocr_par' dir='ltr' id='par_1_110' title="bbox 1997 4986 3655 5046">
     <span class='ocr_line' id='line_1_110' title="bbox 1997 4986 3655 5046; baseline 0 0"><span class='ocrx_word' id='word_1_828' title='bbox 1997 4992 2149 5046; x_wconf 89' lang='lat' dir='ltr'>riam</span> <span class='ocrx_word' id='word_1_829' title='bbox 2175 4987 2438 5044; x_wconf 92' lang='lat' dir='ltr'>adducto</span> <span class='ocrx_word' id='word_1_830' title='bbox 2458 4987 2672 5043; x_wconf 80' lang='lat' dir='ltr'>eadem</span> <span class='ocrx_word' id='word_1_831' title='bbox 2703 4986 2916 5042; x_wconf 88' lang='lat' dir='ltr'>semita</span> <span class='ocrx_word' id='word_1_832' title='bbox 2944 5002 3014 5041; x_wconf 92' lang='lat' dir='ltr'>ac</span> <span class='ocrx_word' id='word_1_833' title='bbox 3040 4986 3226 5043; x_wconf 89' lang='lat' dir='ltr'>homo</span> <span class='ocrx_word' id='word_1_834' title='bbox 3275 4989 3655 5046; x_wconf 90' lang='lat' dir='ltr'>errabundus</span> 
     </span>
    </p>
   </div>
   <div class='ocr_carea' id='block_1_111' title="bbox 1995 5075 3653 5149">
    <p class='ocr_par' dir='ltr' id='par_1_111' title="bbox 1995 5075 3653 5149">
     <span class='ocr_line' id='line_1_111' title="bbox 1995 5075 3653 5149; baseline 0.001 -15"><span class='ocrx_word' id='word_1_835' title='bbox 1995 5077 2248 5146; x_wconf 84' lang='lat' dir='ltr'>libenter</span> <span class='ocrx_word' id='word_1_836' title='bbox 2271 5083 2326 5133; x_wconf 90' lang='lat' dir='ltr'>et</span> <span class='ocrx_word' id='word_1_837' title='bbox 2347 5076 2582 5149; x_wconf 90' lang='lat' dir='ltr'>absque</span> <span class='ocrx_word' id='word_1_838' title='bbox 2634 5079 2880 5148; x_wconf 90' lang='lat' dir='ltr'>peccato</span> <span class='ocrx_word' id='word_1_839' title='bbox 2943 5075 3119 5131; x_wconf 84' lang='lat' dir='ltr'>venit.</span> <span class='ocrx_word' id='word_1_840' title='bbox 3177 5079 3257 5132; x_wconf 94' lang='lat' dir='ltr'>De</span> <span class='ocrx_word' id='word_1_841' title='bbox 3333 5079 3572 5137; x_wconf 82' lang='lat' dir='ltr'>excelso</span> <span class='ocrx_word' id='word_1_842' title='bbox 3593 5080 3653 5136; x_wconf 93' lang='lat' dir='ltr'>in</span> 
     </span>
    </p>
   </div>
   <div class='ocr_carea' id='block_1_112' title="bbox 1996 5164 3655 5238">
    <p class='ocr_par' dir='ltr' id='par_1_112' title="bbox 1996 5164 3655 5238">
     <span class='ocr_line' id='line_1_112' title="bbox 1996 5164 3655 5238; baseline 0.004 -20"><span class='ocrx_word' id='word_1_843' title='bbox 1996 5167 2219 5224; x_wconf 89' lang='lat' dir='ltr'>terram</span> <span class='ocrx_word' id='word_1_844' title='bbox 2243 5165 2420 5236; x_wconf 84' lang='lat' dir='ltr'>venit,</span> <span class='ocrx_word' id='word_1_845' title='bbox 2453 5164 2803 5238; x_wconf 90' lang='lat' dir='ltr'>speluncam</span> <span class='ocrx_word' id='word_1_846' title='bbox 2843 5164 3198 5238; x_wconf 80' lang='lat' dir='ltr'>ingreditur,</span> <span class='ocrx_word' id='word_1_847' title='bbox 3236 5173 3534 5225; x_wconf 89' lang='lat' dir='ltr'>errantem</span> <span class='ocrx_word' id='word_1_848' title='bbox 3570 5170 3655 5224; x_wconf 90' lang='lat' dir='ltr'>in-</span> 
     </span>
    </p>
   </div>
   <div class='ocr_carea' id='block_1_113' title="bbox 1998 5255 3654 5330">
    <p class='ocr_par' dir='ltr' id='par_1_113' title="bbox 1998 5255 3654 5330">
     <span class='ocr_line' id='line_1_113' title="bbox 1998 5255 3654 5330; baseline 0 -17"><span class='ocrx_word' id='word_1_849' title='bbox 1998 5257 2266 5328; x_wconf 88' lang='lat' dir='ltr'>quirens;</span> <span class='ocrx_word' id='word_1_850' title='bbox 2282 5270 2554 5328; x_wconf 68' lang='lat' dir='ltr'>praesepe</span> <span class='ocrx_word' id='word_1_851' title='bbox 2566 5257 2861 5310; x_wconf 86' lang='lat' dir='ltr'>scrutatur</span> <span class='ocrx_word' id='word_1_852' title='bbox 2871 5257 3115 5327; x_wconf 88' lang='lat' dir='ltr'>propter</span> <span class='ocrx_word' id='word_1_853' title='bbox 3143 5271 3284 5311; x_wconf 91' lang='lat' dir='ltr'>eum</span> <span class='ocrx_word' id='word_1_854' title='bbox 3296 5257 3400 5329; x_wconf 91' lang='lat' dir='ltr'>qui</span> <span class='ocrx_word' id='word_1_855' title='bbox 3413 5255 3654 5330; x_wconf 90' lang='lat' dir='ltr'>jumen-</span> 
     </span>
    </p>
   </div>
   <div class='ocr_carea' id='block_1_114' title="bbox 1998 5342 3656 5418">
    <p class='ocr_par' dir='ltr' id='par_1_114' title="bbox 1998 5342 3656 5418">
     <span class='ocr_line' id='line_1_114' title="bbox 1998 5342 3656 5418; baseline 0 -15"><span class='ocrx_word' id='word_1_856' title='bbox 1998 5345 2074 5403; x_wconf 91' lang='lat' dir='ltr'>tis</span> <span class='ocrx_word' id='word_1_857' title='bbox 2106 5348 2494 5418; x_wconf 84' lang='lat' dir='ltr'>comparatus</span> <span class='ocrx_word' id='word_1_858' title='bbox 2525 5346 2631 5411; x_wconf 88' lang='lat' dir='ltr'>est;</span> <span class='ocrx_word' id='word_1_859' title='bbox 2660 5342 2725 5398; x_wconf 90' lang='lat' dir='ltr'>in</span> <span class='ocrx_word' id='word_1_860' title='bbox 2752 5357 2978 5416; x_wconf 89' lang='lat' dir='ltr'>aquam</span> <span class='ocrx_word' id='word_1_861' title='bbox 3002 5343 3312 5403; x_wconf 87' lang='lat' dir='ltr'>descendit</span> <span class='ocrx_word' id='word_1_862' title='bbox 3347 5344 3656 5404; x_wconf 77' lang='lat' dir='ltr'>ﬂuvialem</span> 
     </span>
    </p>
   </div>
   <div class='ocr_carea' id='block_1_115' title="bbox 2261 5590 3657 5662">
    <p class='ocr_par' dir='ltr' id='par_1_115' title="bbox 2261 5590 3657 5662">
     <span class='ocr_line' id='line_1_115' title="bbox 2261 5590 3657 5662; baseline 0.006 -17"><span class='ocrx_word' id='word_1_863' title='bbox 2261 5590 2308 5629; x_wconf 77' lang='grc' dir='ltr'>ιο</span> <span class='ocrx_word' id='word_1_864' title='bbox 2335 5591 2456 5650; x_wconf 81' lang='lat' dir='ltr'>lsa.</span> <span class='ocrx_word' id='word_1_865' title='bbox 2489 5607 2584 5661; x_wconf 78' lang='lat' dir='ltr'>XL,</span> <span class='ocrx_word' id='word_1_866' title='bbox 2615 5595 2647 5648; x_wconf 88' lang='lat'><strong>3</strong></span> <span class='ocrx_word' id='word_1_867' title='bbox 2681 5591 3018 5662; x_wconf 65' lang='grc' dir='ltr'><strong><em>ςιδιιιιειιι,</em></strong></span> <span class='ocrx_word' id='word_1_868' title='bbox 3049 5596 3102 5649; x_wconf 86' lang='lat'>3.</span> <span class='ocrx_word' id='word_1_869' title='bbox 3180 5593 3225 5630; x_wconf 82' lang='grc'>¹¹</span> <span class='ocrx_word' id='word_1_870' title='bbox 3255 5593 3392 5651; x_wconf 83' lang='lat' dir='ltr'>Psal</span> <span class='ocrx_word' id='word_1_871' title='bbox 3416 5606 3564 5662; x_wconf 74' lang='lat' dir='ltr'>XCIII,</span> <span class='ocrx_word' id='word_1_872' title='bbox 3599 5596 3657 5654; x_wconf 89' lang='lat'>3.</span> 
     </span>
    </p>
   </div>
  </div>
