4096 6208
18 30 39 139 ξς

3354 168 3357 179 l
3374 11 4096 270 _

3574 232 3587 239 -
3908 220 3913 227 ¹
4014 216 4017 219 γ

3270 10 3287 19 η

3270 10 3287 19 η

3216 24 3235 39 Ι
3310 10 4096 283 _

3354 168 3357 179 l

3574 232 3587 239 -
3908 220 3913 227 η
4014 216 4017 219 ν

3354 168 3357 179 t

3574 216 3647 239 Fr
3734 216 3893 239 —
3908 220 3913 227 ‘
4014 216 4017 219 ⁷

488 300 595 369 743
1687 291 2005 361 ΒῈΒΜΑΝῙ
2042 300 2091 361 Il

2269 294 2699 362 mmmam
3743 292 3886 369 ια’

486 437 726 509 propter
743 448 880 492 eam
904 442 1077 491 ovem
1100 439 1237 505 quas
1249 427 1424 504 aquis
1441 426 1760 487 submersa
1775 431 1887 486 est.
1913 428 2103 486 Inveni

2248 431 2501 497 κάτεισιν,
2539 422 2621 483 ἐπὶ
2674 437 2776 502 γῆς
2827 430 3061 503 ἔρχεται,
3122 428 3376 489 σπήλαιον
3411 427 3729 508 εἰσέρχεται,
3790 436 3850 487 τό

485 524 655 598 quod
683 527 1004 592 erraverat,
1025 526 1082 579 et
1109 521 1307 579 statim
1337 519 1824 591 caelestesjanuze
1862 518 2102 593 aperiun

2246 518 2628 592 πεπλανημένον
2690 517 2981 587 ἀναζητῶν,
3058 523 3152 581 τὰς
3209 522 3400 593 φάτνας
3451 516 3691 595 διερευνᾴ
3753 518 3850 575 διὰ

487 617 601 683 tur,
635 613 757 670 imo
791 628 949 683 vero,
980 615 1046 668 ut
1068 611 1387 683 Scriptura
1407 608 1594 667 verbo
1615 608 2104 682 utar“,patefact1

2246 611 2332 661 τόν
2390 607 2789 681 παραϐληθέντα
2824 615 2935 671 τοῖς
2988 614 3233 668 κτήνεσιν
3295 630 3309 646 ο
3369 610 3440 671 εἰς
3491 606 3636 683 ὕδωρ
3688 630 3854 664 κατα-

485 704 953 759 ειιιιιοδιειτᾶοιω
981 699 1136 770 caeli,
1158 699 1319 756 unde
1340 703 1398 756 et
1419 697 1588 770 prius
1608 701 1937 771 eruperunt
1965 697 2102 754 inun

2246 695 2410 751 ϐαίνει
2485 700 2736 769 ποτάμιον
2798 694 2894 751 διὰ
2957 702 3016 751 1'6
3090 697 3447 753 κατακλυσθὶν
3500 708 3607 761 τοῖς
3678 697 3850 754 ύδασι

481 789 695 848 dantes
723 789 963 864 pluviae,
986 794 1044 847 et
1061 788 1374 846 hominem
1398 803 1506 862 per
1559 802 1752 861 aquas
1810 786 2098 844 salvatum

2243 786 2503 861 πρόϐατον
2535 809 2549 821 ·
2582 789 2811 851 εὑρίσκει
2835 791 2894 841 τὸ
2948 788 3221 861 πλανηθεν,
3260 794 3351 842 καὶ
3407 788 3553 850 εύθύς
3602 790 3658 842 αἱ
3690 790 3850 866 ούρά-

482 879 588 953 qui
616 879 782 952 prius
811 895 917 953 per
946 893 1139 953 aquas
1168 878 1445 952 perierat,
1501 875 1859 950 suscipiunt,
1881 890 2005 933 non
2032 892 2099 934 au

2242 896 2349 929 νιαι
2384 880 2585 950 πτύχες
2634 876 3033 950 ἀναζυγοῦνται,
3082 878 3272 951 μᾶλλον
3302 876 3362 933 δε
3428 880 3583 951 φάναι
3635 882 3695 932 τό
3746 888 3849 944 τῆς

482 974 622 1042 tem,
655 985 762 1043 per
789 985 984 1043 aquas
1010 973 1266 1037 tantum,
1307 966 1414 1025 sed
1442 970 1500 1024 et
1524 982 1634 1041 per
1653 965 1927 1024 divinum
1955 965 2099 1039 Spiri

2243 970 2467 1041 Γραφῆς,
2536 965 2830 1039 ἀνοίγονται
2900 969 2950 1021 οἱ
3024 967 3383 1045 καταρρακται
3427 975 3519 1021 τοῦ
3600 969 3847 1044 ούρανοῦ,

483 1062 634 1115 tum.
660 1062 849 1132 Atque
870 1058 931 1115 id
953 1073 1060 1131 per
1083 1057 1461 1129 ingeniosam
1477 1055 1993 1129 consequentiam.
2014 1058 2100 1111 Au

2242 1057 2356 1111 ὅθεν
2392 1061 2484 1109 καὶ
2538 1058 2567 1109 ό
2602 1056 2937 1119 κατακλύσας
3006 1059 3151 1121 ύετός
3210 1063 3458 1135 πρότερον
3523 1058 3846 1135 κατερράγη,

481 1147 609 1217 diit;
640 1148 802 1205 enim
822 1151 960 1205 ante
984 1146 1194 1203 diluvii
1222 1145 1666 1202 immissionem
1692 1144 2011 1201 hominum
2032 1157 2098 1214 ge

2241 1150 2333 1199 καὶ
2361 1142 2433 1200 δι’
2460 1142 2657 1209 ὕδατος
2693 1147 3006 1220 σωζόμενον,
3041 1151 3128 1201 τόν
3185 1146 3239 1213 ἐξ
3294 1144 3489 1210 ὕδατος
3543 1146 3851 1203 ἀπολωλότα

481 1251 654 1293 nusm
686 1236 814 1293 Non
841 1235 1177 1294 remanebit
1198 1235 1447 1308 Spiritus
1475 1249 1646 1291 meus
1676 1234 1736 1291 in
1772 1233 1886 1290 illis
1941 1232 2098 1290 homi

2241 1240 2421 1312 πρώην
2464 1236 2733 1309 ἄνθρωπον
2780 1232 3161 1309 ὑποδέχονται,
3213 1235 3348 1297 πλὴν
3402 1237 3463 1290 ού
3516 1233 3594 1291 δι’
3650 1234 3850 1300 ὕδατος

478 1326 679 1397 nibus,
707 1326 852 1398 quia
882 1341 1022 1382 caro
1049 1329 1191 1382 sunt
1220 1325 1323 1390 ¹³;››
1351 1322 1512 1380 unde
1538 1323 1592 1380 ei
1631 1327 1960 1396 postquam
2004 1322 2095 1394 Spi

2242 1330 2417 1398 μόνον,
2473 1323 2600 1377 ἀλλὰ
2647 1330 2737 1378 καὶ
2792 1328 3084 1399 Πνεύματος
3144 1327 3303 1381 θείου.
3366 1331 3469 1381 Καὶ
3524 1334 3678 1380 τοῦτο
3722 1324 3848 1381 κατ’

478 1415 626 1471 ritus
650 1414 766 1481 ille,
799 1420 1091 1488 tanquam
1130 1413 1433 1478 columba,
1483 1412 1738 1470 evolavit
1773 1413 1920 1483 (non
1969 1411 2095 1468 enin

2243 1413 2549 1468 ἀκολουθίαν
2607 1414 2905 1488 εὐμήχανον
2935 1436 2947 1449 ο
2986 1420 3181 1474 ἤκουσε
3209 1419 3310 1492 γὰρ
3373 1420 3474 1491 πρὸ
3528 1422 3623 1478 τῆς
3663 1414 3845 1491 ἐπιφο-

480 1508 710 1561 tantam
740 1507 1162 1577 corruptorum
1201 1502 1517 1559 hominum
1541 1500 1939 1575 pestilentiam
1961 1500 2097 1556 susti

2240 1510 2334 1577 ρᾶς
2367 1511 2458 1557 τοῦ
2509 1503 2881 1577 κατακλυσμοῦ
2948 1508 3038 1558 τόν
3096 1503 3413 1580 ἀνθρώπινον
3463 1508 3526 1567 ὡς
3579 1527 3600 1555 ε
3648 1505 3724 1559 Ού
3765 1509 3839 1579 μή

479 1592 705 1664 nebat),
735 1592 977 1665 spiritus
1004 1591 1282 1665 procella:
1310 1592 1441 1662 ejus
1468 1590 1529 1647 in
1586 1590 1786 1647 locum
1832 1588 2096 1646 adductu

2239 1597 2517 1666 καταμείνῃ
2550 1596 2609 1646 τό
2642 1596 2849 1666 Πνεῦμά
2882 1613 2982 1667 μου
3031 1592 3081 1646 ἕν
3130 1601 3241 1657 τοῖς
3298 1593 3590 1667 ἀνθρώποις
3637 1597 3845 1659 τούτοις

481 1685 592 1748 est,
625 1685 681 1738 et
708 1695 814 1753 per
835 1695 1027 1753 aquas
1051 1679 1395 1748 destructio;
1424 1683 1604 1751 atque
1632 1677 1715 1734 ita
1748 1681 1865 1734 Deo
1907 1676 2095 1734 odibil

2242 1678 2277 1734 δ
2283 1686 2336 1735 ιά
2362 1686 2422 1735 1'6
2448 1678 2576 1735 εἶναι
2603 1681 2793 1744 αύτούς
2833 1685 3004 1757 σάρκα
3031 1704 3044 1718 ο
3084 1706 3104 1732 ι
3145 1683 3259 1737 ὅθεν
3283 1688 3373 1736 καὶ
3400 1692 3493 1737 τοῦ
3548 1687 3846 1758 Πνεύματος

481 1769 673 1826 scelus
692 1769 1011 1826 hominum
1035 1768 1255 1825 diluvio
1283 1767 1653 1841 perditorum
1685 1771 1832 1835 erat,
1863 1771 1928 1822 ut
1956 1781 2098 1822 rena

2239 1775 2356 1824 τότε
2415 1768 2570 1830 δίκην
2621 1778 2931 1849 περιστερᾶς
2975 1771 3302 1836 ἀποπτάντος
3351 1778 3368 1841 (
3422 1773 3516 1826 ούκ
3550 1776 3692 1846 ἔφερε
3734 1777 3844 1850 γὰρ

480 1862 741 1915 sceretur
766 1874 877 1931 pro
907 1872 1079 1929 aqua:
1103 1862 1339 1914 natura.
1364 1857 1495 1913 Non
1516 1856 1675 1913 enim
1698 1860 1840 1913 tunc
1880 1855 2093 1928 Spiritu

2239 1864 2334 1919 τὴν
2391 1858 2616 1919 τοσήνδε
2670 1870 2770 1913 τῶν
2842 1861 3175 1936 ἀκαθαρσιῶν
3238 1858 3510 1916 δυσωδίαν
3569 1866 3587 1933 )
3638 1871 3848 1936 πνεῦμα

479 1947 581 2003 Dei
611 1961 792 2020 super
815 1961 1009 2019 aquas
1040 1946 1363 2005 ferebatur.
1386 1948 1539 2002 Dum
1559 1946 1720 2003 enim
1739 1945 1938 2002 adhuc
1955 1960 2096 2018 aqua

2239 1945 2549 2022 καταιγίδος
2592 1948 2974 2021 ἀντεηνέχθη,
3030 1955 3120 2003 καὶ
3171 1953 3202 2009 η
3245 1948 3298 2013 ἐξ
3362 1947 3568 2003 ὑδάτων
3613 1950 3845 2004 πανωλε-

478 2038 894 2099 tumescerent,
921 2034 1339 2107 cadaveraque
1352 2038 1419 2091 ut
1442 2033 1761 2090 verisimile
1774 2037 1880 2099 est,
1896 2032 2095 2089 innata

2242 2039 2363 2111 θρία
2390 2041 2477 2090 καὶ
2504 2038 2639 2089 οὕτω
2670 2039 2945 2110 θεοστυγες
2989 2041 3046 2090 τό
3100 2046 3269 2111 μῦσος
3314 2035 3375 2097 ἦν
3426 2046 3527 2090 τών
3584 2037 3847 2091 116116131111-

477 2127 628 2193 rent,
656 2139 874 2179 corvus
901 2123 1150 2196 quidem
1180 2139 1253 2179 ex
1280 2139 1351 2180 ea
1375 2138 1510 2197 quae
1532 2122 1737 2179 omnia
1764 2120 2094 2178 continebat

2241 2127 2460 2179 σθίντων
2497 2124 2776 2199 ἀνθρώπων
2824 2129 2890 2188 ὡς
2947 2125 3335 2187 ἀναϐλαστῆναι
3393 2134 3546 2179 τοῦτο
3595 2133 3685 2180 καὶ
3740 2132 3845 2186 τὴν

477 2227 619 2269 arca
639 2211 1108 2280 evolans,redire
1132 2212 1341 2281 noluit,
1375 2211 1626 2269 mortuis
1655 2210 2010 2285 corporibus
2035 2210 2094 2266 in

2239 2221 2391 2290 φύσιν
2448 2226 2540 2270 τοῦ
2596 2213 2916 2279 ὕδατος.οῦ
2973 2221 3075 2293 γὰρ
3144 2217 3406 2292 ἐπεφέρετο
3461 2223 3577 2272 τότε
3629 2225 3844 2292 Πνεῦμα

478 2302 703 2372 sidens,
736 2307 795 2359 et
834 2302 1129 2375 corruptis
1160 2302 1450 2372 gaudens,
1486 2301 1832 2374 symbolum
1881 2299 2093 2357 effectu

2238 2313 2371 2359 Θεοῦ
2402 2305 2569 2359 ἕπάνω
2596 2314 2686 2359 Ἰὀῦ
2722 2303 2917 2368 ὕδατος
2951 2328 2962 2340 ·
2997 2312 3274 2380 τεκμήριον
3329 2304 3406 2367 δε.
3460 2312 3550 2360 καὶ
3600 2309 3703 2382 γὰρ
3762 2310 3843 2359 ἔτι

474 2391 770 2448 damonis
797 2392 904 2464 qui
923 2390 1243 2449 hominum
1279 2391 1519 2448 casibus
1559 2391 1811 2457 laetatur,
1832 2389 2087 2462 sanguin

2235 2398 2421 2448 τούτου
2467 2396 2892 2469 ἐπικυμαίνοντος
2944 2401 3034 2448 καὶ
3086 2403 3187 2448 τῶν
3247 2398 3537 2469 πτωμάτων
3590 2399 3654 2457 ὡς
3699 2396 3843 2458 εἰκός

476 2479 701 2552 gaudet
716 2480 1011 2554 nobisque
1021 2480 1360 2552 jacentibus
1374 2480 1598 2537 irridet.
1613 2479 1908 2537 Columba
1925 2484 2093 2536 auten

2236 2482 2644 2558 ἐπινηχομίνων,
2702 2486 2728 2537 ό
2798 2488 2889 2557 μὶν
2962 2484 3125 2560 κόραξ
3203 2483 3679 2561 ἀποπτερυξλμενος
3743 2494 3843 2547 τῆς

482 2586 605 2628 non
634 2570 1052 2643 reperiensubi
1081 2570 1263 2642 pedes
1283 2570 1527 2637 sisteret,
1553 2569 1630 2626 ad
1679 2585 1818 2625 eum
1865 2569 1971 2641 qui
2020 2568 2099 2625 mi

2234 2570 2652 2645 παντοδὴμονος
2697 2573 2921 2627 κιϐωτοῦ
2977 2578 3071 2633 τὴν
3132 2575 3460 2651 ὑποστροφήν
3513 2574 3838 2648 ἀπηνῄνατο,

479 2663 637 2717 serat
654 2659 847 2718 rediit.
886 2660 1136 2717 Sanctus
1162 2659 1322 2715 enim
1356 2659 1607 2731 Spiritus
1654 2674 1777 2715 non
1831 2657 2096 2714 habitabi

2235 2662 2485 2736 ἔφιζάνων
2518 2672 2625 2725 τοῖς
2670 2672 2867 2739 νεκροῖς
2922 2670 3134 2737 σώμασι
3184 2669 3275 2718 καὶ
3331 2672 3442 2726 τοίς
3506 2666 3843 2737 θνησιμαίοις

473 2748 535 2805 in
557 2763 804 2821 corpore
832 2748 1095 2821 peccatis
1135 2746 1745 2805 serviente.Columba
1772 2761 1953 2820 porro
1978 2746 2090 2803 sole

2234 2751 2574 2826 ἕπεντρυφῶν,
2627 2752 2884 2826 σύμϐολον
2915 2753 2981 2805 ὡν
3018 2761 3112 2807 τοῦ
3156 2759 3437 2828 χαίροντος
3475 2760 3584 2816 τοίς
3635 2752 3843 2820 ἀνθρω-

472 2836 742 2894 adhiberi
768 2842 833 2894 ut
864 2838 1115 2909 Spiritus
1158 2837 1345 2893 sancti
1375 2835 1745 2909 symbolum.
1800 2839 1884 2892 ita
1934 2851 2029 2892 res
2061 2852 2088 2891 s

2232 2846 2399 2905 πίνοις
2439 2848 2690 2916 πτώμασι
2747 2839 2990 2916 δαίμονος
3051 2847 3141 2897 καὶ
3181 2845 3509 2919 αἱμοχαροῦς
3554 2848 3643 2896 καὶ
3692 2841 3845 2915 ἕπε’]-

474 2931 612 2983 tunc
624 2925 1219 2993 habebant,etvitalis
1243 2941 1408 2997 aqua
1426 2925 1617 2981 homir

2232 2931 2481 3004 γελῶντος
2507 2936 2759 3003 κειμένοις
2793 2934 2917 3004 ἡμῖν
2944 2953 2956 2967 '
2991 2932 3023 2991 ἣ
3063 2951 3124 3004 γε
3169 2937 3273 3006 μὴν
3315 2935 3595 3008 περιστερὰ
3639 2937 3711 3004 μὴ
3756 2936 3844 2985 εύ-

0 3004 37 3103 ξέ
474 3015 688 3073 attulit.
722 3015 889 3072 Nunc
912 3021 1132 3087 autem,
1169 3015 1455 3085 secunda,
1488 3020 1553 3072 ut
1580 3030 1617 3071 a

2232 3028 2401 3095 ροῦσα
2425 3028 2531 3081 τοῖς
2559 3026 2714 3074 ποσὶν
2763 3021 2927 3083 αὐτῆς
2971 3021 3262 3074 ἀνάπαυσιν
3315 3023 3669 3096 παλίμπτερος
3710 3021 3841 3075 ἀνθ-

473 3109 529 3162 et
558 3104 815 3178 puppim
843 3109 1062 3161 nostrae
1088 3109 1317 3161 naturae
1348 3103 1617 3177 impellen

2234 3115 2545 3184 υποστρίφει
2591 3118 2663 3181 τῷ
2735 3109 3121 3167 ἀποστείλαντι.
3188 3117 3396 3185 Πνεῦμα
3449 3114 3548 3186 γὰρ
3583 3112 3726 3183 άγιον
3766 3112 3832 3164 οὗ

0 3178 23 3257 ἷ⁴
471 3210 543 3252 eo
573 3194 679 3268 qui
700 3194 877 3251 nobis
899 3193 1169 3263 invigilat
1189 3198 1515 3266 nostraque
1541 3209 1615 3250 cu

2232 3205 2536 3258 κατοικήσει
2566 3197 2613 3251 ἐν
2659 3205 2865 3272 σώματι
2920 3202 3202 3273 κατάχρεῳ
3258 3199 3537 3275 ἁμαρτίαις
3568 3221 3583 3234 '
3622 3201 3831 3276 ἐπείπερ

473 3286 560 3341 nit
587 3289 646 3341 et
673 3284 773 3341 via
795 3284 907 3341 vise
930 3284 1113 3357 priori
1138 3283 1435 3341 contraria
1458 3283 1693 3340 incedit.
1742 3285 1820 3339 Ex
1855 3283 2029 3356 aquis
2058 3283 2090 3339 i1

2233 3287 2673 3364 συμϐολογραφείν
2704 3285 2817 3342 οἶδε
2873 3292 3153 3365 περιστερὰ
3204 3293 3262 3341 1'6
3323 3296 3531 3362 Πνεῦμα
3572 3294 3631 3342 τό
3661 3289 3836 3361 ἅγιον.

32 1740 57 1825 Ὲὶ

24 1824 69 1869 ,ιλ

28 1958 65 2041 ᾆκ

26 2222 51 2267 ι’,
68 2244 73 2251 .

40 2314 73 2369 ξ,

26 2406 67 2477 ξ

14 2508 19 2519 Ἰ
34 2496 55 2563 ’ν

0 2666 47 2753 ιδ

476 3373 779 3446 Spiritum,
804 3389 841 3429 a
869 3372 1089 3446 Spiritu
1119 3372 1180 3428 in
1209 3372 1449 3441 coelum,
1481 3377 1536 3429 et
1573 3371 1970 3430 desideratam
2003 3372 2093 3429 dei

2229 3376 2325 3430 Ἦν
2356 3381 2445 3451 μεν
2472 3385 2636 3431 ταῦτα
2670 3381 2729 3431 τό
2757 3375 3029 3447 τηνικάδε,
3055 3383 3145 3431 καὶ
3176 3381 3233 3431 τό
3265 3379 3485 3440 ζωτικὸν
3520 3375 3663 3454 ὕδωρ
3727 3378 3838 3431 611'-

471 3462 837 3520 ﬁcationem.
862 3464 1055 3529 Quam
1085 3460 1500 3535 intempestive
1528 3461 1672 3519 olim
1707 3461 1987 3519 invadere
2024 3477 2088 3518 co

2232 3467 2373 3540 θριον
2398 3471 2575 3540 γέγονε
2613 3475 2723 3529 τοῖς
2776 3466 3082 3541 ἀνθρώποις.
3126 3471 3203 3521 T61
3253 3476 3341 3519 νῦν
3399 3464 3458 3521 δε
3508 3465 3767 3542 δεύτερος,
3807 3470 3836 3520 ὃ

468 3556 611 3610 nata
636 3552 869 3618 mulier,
899 3551 1245 3609 extensione
1280 3551 1561 3621 dexterae,
1588 3550 1849 3624 perdidit
1899 3556 1955 3608 et
1982 3567 2085 3625 qur

2231 3575 2381 3628 φασι,
2439 3557 2613 3627 πλοῦς,
2669 3561 2759 3609 καὶ
2815 3560 3051 3632 πρύμναν
3131 3561 3459 3632 κρουσαμένη
3538 3566 3630 3617 τῆς
3690 3559 3834 3629 ἡμῶν

467 3641 530 3697 in
560 3641 844 3698 manibus
868 3640 1152 3707 habebat,
1187 3646 1244 3698 et
1292 3657 1429 3697 cum
1488 3644 1643 3697 Deus
1675 3640 1800 3696 ﬁeri
1846 3645 2084 3698 tentaret

2230 3648 2431 3717 φύσεως
2491 3648 2520 3704 ἡ
2588 3647 2880 3707 ὑπόστασις
2958 3647 3102 3721 παρὰ
3183 3654 3276 3698 τοῦ
3333 3650 3678 3722 συμφερόντος
3740 3649 3835 3699 καὶ

468 3732 678 3801 homo,
704 3747 920 3803 parum
951 3731 1143 3788 abfuit
1171 3731 1317 3804 quin
1338 3735 1395 3787 et
1421 3731 1606 3787 homo
1635 3746 1764 3787 esse
1820 3731 2085 3789 desinere

2228 3733 2568 3809 κυϐερνῶντος
2650 3738 2708 3786 161
2757 3735 2876 3788 καθ’
2936 3738 3075 3809 ἡμᾶς
3136 3734 3386 3811 ἀνάρρους
3431 3738 3542 3794 ἣκει
3600 3735 3691 3787 καὶ
3737 3739 3834 3794 τήν

469 3823 661 3877 Homo
692 3820 854 3877 enim
868 3824 1096 3878 constat
1118 3821 1321 3877 anima
1341 3824 1676 3893 etcorpore;
1706 3836 1886 3893 quem
1905 3822 2083 3878 morti

2234 3822 2462 3876 ἐναντίαν
2508 3831 2569 3897 τῇ
2622 3828 2845 3899 προτέρα
2900 3824 3188 3878 καταϐάσει
3245 3827 3541 3900 πορεύεται,
3597 3824 3650 3886 ἐξ
3703 3819 3835 3877 ὕδα-

467 3906 704 3979 gladius
762 3907 997 3978 scindit,
1066 3908 1473 3981 unionemque
1520 3907 1808 3979 dissolvit,
1851 3924 2084 3981 quacun

2232 3932 2320 3975 τος
2349 3913 2500 3974 εἰςτό
2533 3920 2741 3984 Πνεῦμα
2777 3912 2878 3965 ἀπὸ
2928 3920 3020 3966 τοῦ
3070 3917 3367 3987 Πνεῦματος
3418 3914 3490 3975 εἰς
3538 3930 3625 3966 τον
3680 3914 3838 3988 ούρα-

466 3996 714 4054 solvitur
733 4002 790 4055 et
805 3997 1148 4071 appellatio,
1169 4002 1225 4055 et
1242 4001 1399 4055 terra
1419 3996 1615 4055 solum
1640 3997 1824 4054 modo
1843 3999 2083 4057 nomina

2231 4006 2316 4055 νόν
2370 4006 2460 4054 καὶ
2525 4006 2617 4061 την
2679 4000 3092 4075 ἕπιθυμουμένην
3153 4004 3359 4060 θέωσιν,
3425 4004 3525 4065 Ἱῐς
3605 4002 3838 4076 ἀκαίρως

465 4092 579 4144 tur.
612 4087 705 4144 Ait
734 4088 894 4145 enim
927 4105 940 4144 ε
972 4109 1000 4139 ››
1040 4090 1218 4145 Terra
1269 4104 1351 4159 es,
1395 4091 1452 4144 et
1502 4087 1561 4143 in
1593 4092 1813 4143 terram
1865 4096 2082 4147 revertr

2230 4095 2409 4166 πρώην
2455 4086 2843 4163 ἐπιδράξασθαι
2890 4093 3200 4164 πειραθεῖσα
3245 4099 3305 4164 τῇ
3355 4090 3563 4144 ἐκτάσει
3616 4098 3708 4152 τῆς
3755 4087 3836 4144 δεο

461 4176 631 4232 ris“.
664 4198 694 4227 ››
721 4179 870 4233 Cum
901 4177 1062 4234 enim
1109 4191 1231 4234 uno
1286 4177 1517 4249 impetu
1571 4180 1627 4233 et
1675 4177 1994 4235 confestim
2053 4180 2073 4235 i

2230 4179 2344 4243 ξιοὶς
2379 4178 2608 4232 ἀπώλεσε
2667 4184 2857 4232 καὶτὰ
2908 4178 2956 4232 ἐν
3011 4186 3194 4255 χερσὶ,
3260 4185 3349 4232 καὶ
3406 4184 3532 4244 Θεὸς
3588 4181 3836 4253 γενέσθαι

463 4263 682 4320 coelum
696 4265 1017 4323 ascendere
1033 4266 1339 4336 cogitaret,
1355 4266 1565 4322 fraude
1584 4265 1867 4322 seductus
1905 4266 2080 4340 lapsu

2226 4265 2604 4344 προσδοκήσας
2634 4270 2660 4320 ό
2708 4269 2974 4342 ἄνθρωπος
3024 4266 3381 4323 κεκινδύνευκε
3438 4267 3569 4341 μηδ’
3634 4272 3809 4343 ἄνθρω

460 4356 569 4420 est,
600 4356 658 4408 et
686 4352 925 4424 decidit,
951 4359 1010 4411 et
1034 4359 1321 4428 tanquam
1344 4355 1521 4424 gleba
1573 4359 1787 4428 ruptus
1818 4360 1905 4412 est
1933 4372 2077 4429 supe

2224 4377 2319 4421 πος
2350 4354 2498 4413 εἶναι.
2525 4356 2827 4431 ’Ἄνθρωπος
2879 4360 2979 4432 γὰρ
3032 4362 3091 4410 1'6
3149 4360 3391 4412 σύνθετον
3434 4357 3490 4411 ἐκ
3542 4358 3733 4431 ψυχῆς
3775 4377 3833 4416 τε

460 4447 704 4512 terram,
739 4446 796 4499 et
824 4443 884 4499 in
912 4443 1209 4500 infernum
1224 4443 1518 4516 dissipata
1532 4459 1675 4501 ossa
1701 4445 1851 4514 ejus.
1868 4445 2077 4502 Accina

2223 4452 2311 4500 καὶ
2353 4452 2592 4520 σώματος
2619 4467 2631 4479 ·
2665 4450 2752 4499 τόν
2782 4443 2840 4500 δε
2871 4451 2929 4499 1'6
2960 4454 3051 4499 τοῦ
3082 4449 3304 4500 θανάτου
3335 4448 3479 4520 ξίφος
3519 4444 3555 4499 δ
3561 4456 3827 4521 ιχοτομεῑ,

460 4530 623 4588 enim
648 4530 837 4587 David
858 4548 1034 4587 suum
1069 4533 1113 4567 ¹⁵
1144 4533 1339 4604 primo
1359 4532 1591 4589 homini
1613 4531 1844 4605 dejecto
1893 4549 2077 4607 oppor

2222 4541 2312 4589 καὶ
2354 4540 2449 4595 τὴν
2499 4534 2805 4608 συμπλοκὴν
2863 4534 3089 4601 ἀναλύει,
3135 4541 3224 4589 καὶ
3275 4539 3305 4595 ἠ
3360 4536 3549 4598 κλῆσις
3602 4556 3831 4591 σύνοενα⁶

459 4623 674 4676 tunum
701 4618 1092 4693 epitaphium.
1113 4620 1438 4692 Oportebat
1458 4626 1660 4677 autem
1706 4636 1829 4678 non
1877 4622 1978 4691 ita,
2006 4639 2076 4680 set

2463 4631 2534 4677 161i.
2558 4633 2623 4696 γῆ
2658 4624 2963 4697 ὀνομάζεται
2992 4630 3164 4698 μόνον.
3197 4647 3226 4675 ‹‹
3278 4631 3345 4684 Γῆ
3397 4628 3496 4700 γὰρ
3544 4624 3610 4692 εἰ,
3670 4630 3824 4699 generi,

457 4710 728 4782 quodam
750 4708 957 4767 ordine
984 4713 1043 4766 et
1069 4710 1498 4782 consequentia
1526 4726 1665 4766 eum
1695 4712 2074 4769 ascensionem

2469 4722 2568 4787 γῆν
2614 4714 2896 4789 ἀπελεύσῃ,
2959 4738 2988 4766 n
3052 4716 3191 4769 Ἐπεὶ
3248 4718 3350 4790 γὰρ
3414 4715 3485 4768 ἑνὶ
3537 4712 3826 4790 πηδήματι

459 4816 637 4857 suam
682 4815 892 4858 curare
921 4798 1229 4857 excellenti
1256 4798 1588 4856 humilitate
1617 4805 1910 4873 tanquam
1957 4801 2074 4859 duc

2219 4810 2309 4859 καὶ
2338 4804 2523 4879 ἀθρόον
2570 4808 2701 4880 πρὸς
2749 4805 2963 4878 οὐρανόν
3012 4804 3269 4865 ἀναϐῆναν
3322 4808 3446 4877 ᾤετο
3480 4825 3493 4839 ·
3525 4813 3585 4878 τῇ
3646 4804 3821 4878 ἀπάτη

456 4893 747 4947 utentem.
2198 4898 2566 4968 συναρπαγεὶς
2619 4892 2910 4956 όλισθὴσας
2971 4899 3240 4967 κατέπεσε,
3324 4900 3414 4947 καὶ
3470 4897 3595 4947 ὡσεὶ
3648 4896 3832 4967 πάχος

455 4986 556 5050 γῆς
591 4978 783 5053 ίρῤάγη
826 4977 909 5033 ἐπὶ
939 4987 1056 5047 τῆς,
1095 4986 1197 5051 γῆς
1252 4973 1636 5053 διεσκορπίσθη
1669 4981 1736 5033 τὰ
1773 4978 1906 5034 ὀστᾶ
1956 4980 2113 5035 αύτοῦ
2192 4987 2335 5059 παρά
2381 4986 2469 5036 τὸν
2495 4980 2653 5054 ᾅδην.
2701 4983 3055 5055 Ἐπιψαλλίτω
3102 4987 3200 5060 γὰρ
3238 4986 3264 5037 ό
3303 4981 3470 5037 Δαϐίδ
3520 4992 3592 5055 τῷ
3647 4986 3829 5057 γενάρ-

454 5085 530 5139 χῃ
563 5071 777 5139 κειμένῳ
826 5071 912 5121 τόν
961 5068 1230 5142 ἐπιτάφιον
1278 5073 1570 5144 πρόσφορον
1625 5086 1637 5099 '
1695 5066 1805 5123 ἔδει
1853 5066 1912 5123 δε
1970 5071 2075 5144 ούχ
2125 5075 2310 5142 οὕτως,
2387 5070 2515 5126 ἀλλὰ
2575 5072 2718 5137 τάξει
2781 5078 2884 5127 τινὶ
2928 5078 3016 5127 καὶ
3087 5072 3372 5148 ἀκολουθίᾳ
3416 5077 3509 5133 τὴν
3568 5071 3828 5127 ἀνάϐασιν

455 5154 738 5228 μελετῆσαι
764 5153 946 5230 ὁδηγῷ
977 5157 1166 5234 ἀρίστῃ
1200 5161 1642 5235 ταπεινοφροσύνῃ
1684 5164 1973 5234 χρώμενον.

527 5247 615 5302 IV.
637 5246 751 5302 Sed
780 5246 1044 5319 agedum
1065 5252 1122 5304 et
1144 5247 1501 5305 conabimur
1524 5248 1983 5321 explicationem
2005 5265 2106 5322 ag-

2286 5251 2359 5307 A'.
2415 5248 2571 5307 Ἀλλά
2616 5254 2731 5327 φέρε
2774 5256 2864 5306 καὶ
2909 5253 3265 5326 πειρασόμεθα
3307 5259 3369 5326 τῇ
3422 5248 3671 5324 ἔξηγήσει
3714 5249 3823 5305 ἄπι-

455 5333 622 5405 gredi
633 5334 955 5393 verborum
984 5335 1285 5409 Evangelii
1310 5351 1447 5411 quin
1473 5337 1651 5395 hodie
1676 5337 1927 5410 legenda
1945 5345 2072 5396 sunt

2215 5340 2463 5396 ϐαλέσθαι
2486 5350 2584 5395 τῶν
2614 5350 2706 5395 τοῦ
2768 5342 3083 5416 Εύαγφελίου
3120 5344 3370 5418 ῥημάτων
3431 5350 3528 5396 τῶν
3591 5347 3817 5416 σήμερον

454 5425 596 5492 Quae
613 5424 862 5499 quidem
886 5424 1333 5483 divinissimum
1347 5429 1607 5487 Marcum
1637 5426 1943 5501 extollunt,
1972 5444 2071 5503 par

2215 5429 2780 5507 ἀναγνωσθησομίνων.
2831 5435 2909 5486 Τὰ
2970 5429 3029 5486 δε
3067 5436 3375 5508 συγγραφέα
3431 5435 3519 5486 τόν
3557 5433 3812 5486 θειότατον

459 5691 476 5710 .
525 5642 572 5684 ﬂ
600 5643 744 5709 Gen.
776 5643 993 5718 “1,”.
1070 5643 1116 5683 ¹³
1141 5644 1288 5707 Gen.
1311 5658 1389 5720 Vt,
1416 5646 1469 5706 3.
1549 5644 1594 5684 1⁸
1626 5645 1856 5711 Comm,
1886 5647 1971 5705 19,
2048 5644 2076 5688 εκ

840 5643 993 5718 1,“.
1070 5643 1116 5683 ’³
1141 5644 1288 5707 Gen.
1311 5658 1389 5720 vi,
1416 5646 1469 5706 3.
1549 5644 1594 5684 ¹⁴
1626 5645 1856 5711 Comm,
1886 5647 1971 5705 19.
2048 5644 2097 5688 ⁸⁵
2125 5642 2260 5707 Psal
2284 5659 2375 5716 ut,
2403 5647 2457 5705 6.
