4096 6208
1546 4 1635 7 --γ-
1660 2 1687 9 Ἴ

1826 0 2171 9 -ιιι-τνῒ
2230 0 2385 3 ν--ν-ῒ
2446 0 2459 9 -.
2494 0 2555 5 -——

129 17 291 349 ι
1347 282 1636 343 HOMILIA
1671 285 1743 347 IN
1781 289 1789 341 ε

1919 283 2378 353 ΙΝΝΟΟΕΝΤΕΞι
3180 356 3183 365 ,
3437 286 3548 356 ’746

174 414 393 489 Μάρκον
438 413 697 488 αὖχοῦσι,
773 413 962 489 μικρὸν
999 412 1089 486 μὶν
1164 412 1289 464 ὄντα
1323 414 1503 486 πρώην
1560 408 1610 463 ίν
1676 415 1785 474 τοῖς

1897 424 2035 468 vum
2052 410 2219 485 prius
2238 410 2394 469 inter
2405 409 2950 486 fratresChristi(ex
2977 412 3358 490 septuaginta
3385 416 3550 476 enim

176 498 430 576 ἀδελφοῖς
489 506 653 556 αὑτοῦ
693 509 815 573 (τῆς
866 504 965 578 γὰρ
1019 508 1118 554 τῶν
1184 496 1544 573 ἐϐδομήκοντα
1597 518 1788 553 συναυ-

176 589 347 652 λίαςό
376 590 558 668 ἀνὴρ),
587 590 697 645 ἀλλ’
737 593 821 645 ὅτι
857 593 914 646 αἱ
955 597 1133 665 χεῖρες
1185 589 1344 643 αὐτοῦ
1394 587 1648 648 ίποίησαν
1703 593 1787 665 ὄρ.

174 699 341 753 γανον
370 685 660 756 σωτηρίας,
686 685 778 736 καὶ
815 682 865 735 οἱ
903 676 1152 735 δάκτυλοι
1188 678 1349 733 αὐτοῦ
1387 680 1688 753 ἡρμόσαντο
1725 680 1786 733 τὸ

174 780 279 834 τῆς
343 770 623 845 βασιλείας
682 772 975 849 γράψαντες
1028 769 1358 844 Εὐαγγίλιονο
1418 768 1491 831 εἰς
1536 773 1785 843 μέγιστον

174 861 329 924 κλέος
356 860 561 938 ἐπήρθη
608 867 700 917 καὶ
754 865 887 937 πρὸς
942 861 1207 936 ἰσοτιμίαν
1263 858 1417 920 ἀνέϐη
1472 869 1573 914 τῶν
1629 878 1786 937 κορυ-

174 956 368 1026 φαίων·
424 951 799 1027 εὐηγγελίσατο
852 954 953 1027 γὰρ
1004 948 1347 1011 δικαιοσύνην
1393 950 1444 1004 ίν
1499 949 1789 1027 Ἐκκλησία

172 1021 382 1117 μεγάλη
413 1021 594 1106 πάσης
619 1051 716 1105 τῆς
742 1021 1065 1115 οἰκουμένης,
1093 1045 1185 1095 καὶ
1211 1040 1281 1103 εἰς
1320 1046 1493 1095 πᾶσαν
1535 1042 1638 1116 γὰρ
1676 1021 1785 1102 ⁸τὴν

170 1141 280 1204 1i:
306 1130 520 1196 ἐξῆλθεν
550 1132 578 1185 6
606 1133 832 1206 νθόγγος
853 1130 1037 1186 αὐτοῦ.
1073 1133 1175 1185 Καὶ
1229 1133 1375 1185 ὶνίων
1434 1132 1527 1204 μὲν
1581 1129 1685 1182 τῶν
1732 1130 1786 1184 ίν

174 1228 289 1284 τοῖς
315 1217 534 1275 δώδεκα
555 1222 622 1275 τὰ
644 1220 875 1295 ὀνόματα
907 1220 1037 1294 τάχ’
1088 1219 1150 1272 ἄν
1203 1228 1313 1283 τοίς
1359 1218 1568 1283 πολλοίς
1622 1220 1786 1292 ἄγνω-

175 1329 304 1363 στοιο
336 1317 434 1364 τοῦ
454 1306 517 1364 δέ
545 1312 616 1373 ὡς
646 1311 948 1385 θαυμαστὸν
976 1312 1036 1363 τὸ
1087 1311 1250 1382 ὄνομα
1294 1307 1344 1362 ἔν
1396 1310 1543 1383 πάσῃ
1574 1316 1634 1383 τῇ
1688 1315 1783 1382 γῇ,

174 1403 273 1452 καὶ
338 1397 391 1452 ὃν
455 1398 643 1473 ὑψηλῷ
706 1408 779 1472 τῷ
835 1401 1139 1477 κηρύγματι
1202 1399 1230 1452 6
1286 1397 1658 1472 εὖαγγελιστὴς
1720 1406 1786 1470 τῷ

172 1487 486 1562 Εὐαγγελίῳ
587 1488 1129 1564 συμμεγαληγοριίται
1231 1493 1323 1542 καὶ
1387 1495 1786 1563 συναφωνιίται

172 1586 377 1653 τρανῶς
405 1577 493 1632 ἐπὶ
518 1586 613 1633 τοῦ
639 1579 779 1655 ἱεροῦ
801 1587 897 1642 τῆς
925 1577 1236 1640 Ἐκκλησίας
1291 1576 1617 1652 ὀκρίϐαντος.
1676 1577 1785 1632 Κᾶν

174 1669 245 1731 εἰς
295 1672 398 1727 την
436 1666 768 1746 βαρϐαρικὴν
833 1667 1112 1726 ἔκκλησίαν
1163 1666 1419 1741 εἰσέλθῃς.
1476 1675 1784 1744 Χριστιανιι

1892 496 2202 573 discipulis
2221 500 2390 571 erat),
2422 498 2530 558 sed
2558 500 2688 573 ejus
2712 515 2932 559 manus
2961 500 3171 560 salutis
3191 502 3552 562 instrumen-

1895 592 2024 645 tum
2051 587 2363 646 confecero
2387 593 2445 645 et
2466 587 2638 661 digiti
2657 586 2789 661 ejus
2813 589 3167 648 ordinavere
3215 590 3549 650 scribentes

1894 677 2283 749 Evangelium
2298 678 2486 749 regni°
2509 678 2602 736 Ad
2618 680 2948 737 maximam
2964 679 3221 752 gloriam
3237 680 3431 739 elatus
3461 688 3551 741 est

1892 771 1952 824 et
1965 782 2158 841 usque
2171 764 2253 825 ad
2263 766 2723 841 coryphazorum
2740 768 3029 827 honorem
3044 769 3332 828 ascendit.
3364 773 3547 829 Evan-

1893 852 2166 928 gelizavit
2190 854 2353 912 enim
2385 855 2679 928 justitiam
2708 856 2772 914 in
2794 873 3021 930 magna
3047 858 3225 916 totius
3252 858 3415 917 orbis
3444 862 3549 917 Ec-

1891 944 2076 1004 clesia
2101 944 2246 1003 etin
2275 960 2522 1004 omnem
2550 951 2768 1005 terram
2798 947 2976 1006 exivit
3026 963 3216 1007 sonus
3271 949 3426 1022 ejus.
3477 952 3548 1008 Et

1891 1034 2304 1109 quorumdam
2323 1034 2573 1109 quidem
2601 1050 2675 1092 ex
2698 1035 3021 1095 duodecim
3045 1037 3295 1095 nomina
3341 1037 3546 1095 multis

1892 1123 2042 1183 forte
2065 1128 2207 1181 sunt
2218 1123 2428 1195 ignota
2449 1140 2465 1192 ;
2494 1124 2677 1197 hujus
2691 1130 2897 1183 autem
2915 1124 3187 1184 mirabile
3201 1130 3291 1184 est
3318 1142 3545 1187 nomen

1892 1212 1954 1270 in
1974 1214 2253 1272 universa
2280 1218 2455 1284 terra,
2482 1218 2541 1271 et
2567 1213 2800 1274 excelso
2839 1215 3142 1290 prteconio
3179 1216 3546 1290 evangelista

1894 1317 2018 1359 una
2030 1317 2171 1359 cum
2183 1301 2505 1374 Evangelia
2521 1301 2678 1361 clare
2689 1303 3113 1376 magniﬁcatur
3125 1308 3184 1363 et
3202 1305 3543 1378 proclama-

1894 1396 1988 1447 tur
2001 1388 2063 1447 in
2083 1405 2254 1447 sacro
2274 1389 2545 1447 Ecclesia:
2566 1395 2876 1463 suggestu.
2899 1393 2968 1448 Et
2991 1392 3121 1449 siin
3141 1391 3544 1450 barbarorum

1892 1478 2205 1537 ecclesiam
2222 1477 2431 1549 intres,
2452 1479 2851 1538 Christianam
2870 1484 3094 1546 tamen,
3117 1480 3245 1538 fieri
3270 1484 3466 1554 potest
3482 1487 3546 1539 ut

1893 1568 2269 1641 evangelicas
2286 1584 2462 1626 voces
2478 1583 2603 1626 non
2617 1567 2912 1642 intelligas
2928 1575 3174 1643 propter
3187 1569 3410 1641 linguas
3445 1571 3544 1628 di-

1891 1657 2235 1716 versitatem
2268 1660 2541 1727 ;Marcus
2570 1663 2773 1715 autem
2812 1672 2938 1715 non
2992 1658 3360 1716 adulteratus
3406 1664 3545 1717 tuas

171 1762 273 1817 κὸν
294 1753 350 1811 δ’
383 1760 539 1831 ὅμως,
593 1766 693 1811 τῶν
888 1757 1232 1830 εὖαγγελικῶν
1285 1757 1532 1832 ῥημάτων
1587 1756 1778 1830 ἆστήξη

1897 1762 2071 1805 aures
2084 1746 3001 1832 penetrabi_t,etevangelicorum
3013 1745 3547 1832 verborumlectio-

172 1847 431 1911 ἀσύνετος
454 1843 553 1901 διὰ
577 1851 638 1901 τὸ
693 1846 1062 1920 ἁλλόγλωττονα
1112 1848 1140 1900 6
1195 1850 1409 1923 Μάρκος
1464 1842 1525 1899 δ⁴ι
1576 1846 1780 1922 ἀπαρα-

172 1941 399 1998 ποίητος
453 1932 760 1990 εἰσδύσιταί
825 1954 922 1989 σου
968 1939 1060 1999 τὰς
1117 1933 1296 2006 ἀκοὰς,
1346 1940 1437 1988 καὶ
1493 1932 1784 2008 ἀνάγνωσιν

173 2025 527 2100 εὖαγγελικῶν
588 2024 837 2100 ῥημάτων
899 2028 1186 2098 τεκμήραιο
1241 2028 1331 2078 καὶ
1388 2020 1634 2088 δοξάσιις
1696 2026 1785 2077 τὸν

175 2118 399 2190 Κύριον·
432 2114 597 2176 Οὗτος
625 2118 797 2168 τοίνυν
848 2115 875 2167 6
939 2113 1245 2176 τηλικοῦτος
1310 2112 1705 2186 εὐαγγελιστης,
1758 2113 1786 2165 6

171 2210 271 2264 τὴν
300 2206 496 2281 φράσιν
524 2201 788 2277 ἔπίτομος,
836 2207 932 2263 τὴν
987 2199 1048 2257 δε
1096 2211 1289 2275 γνῶσιν
1341 2201 1556 2269 πλατὺς,
1609 2199 1787 2276 ἀρχὴν

174 2302 277 2347 τοῦ
306 2293 425 2346 κατ’
453 2292 610 2347 αὐτόν
642 2292 956 2366 Εὐαγγελίου
994 2300 1216 2347 ποιεῖται
1271 2297 1366 2352 τήν
1421 2289 1469 2344 ἕν
1521 2300 1595 2364 τῷ
1657 2290 1788 2365 Ἰορο

180 2380 323 2457 δάνῃ
369 2386 655 2459 φανίρωσιν
720 2389 813 2435 τοῦ
868 2384 993 2436 Tim)
1052 2389 1144 2435 τοῦ
1184 2389 1339 2437 Θεοῦ.
1394 2385 1649 2458 Πρότερον
1700 2377 1788 2435 οὖν

181 2471 289 2549 ἐρῶ
312 2476 445 2546 πρὸς
471 2474 626 2546 ὑμᾶς,
649 2473 773 2546 ὅπερ
803 2475 905 2525 τινὶ
929 2479 1029 2525 τῶν
1089 2479 1180 2525 τοῦ
1244 2470 1561 2544 Εὖαγγελίου
1618 2490 1788 2546 σοφω-

176 2564 357 2616 τάτων
394 2560 657 2634 ἐξηγητῶν
722 2564 1011 2635 χαριέντως
1059 2564 1291 2620 νενόηταί
1343 2579 1399 2614 τε
1453 2564 1543 2614 καὶ
1602 2564 1792 2637 γέγρα-

178 2671 338 2705 πται.
391 2658 500 2714 Τῆς
562 2658 664 2704 τῶν
737 2649 1114 2723 εὖαγγελιστῶν
1184 2652 1330 2704 ἕνεκα
1390 2652 1703 2724 τετρακτύος
1762 2652 1789 2704 6

178 2742 415 2795 ἐπὶτῶν
470 2739 754 2817 Χερουϐὶμ,
814 2744 967 2814 φησὶ,
1025 2741 1310 2813 καθήμενος
1362 2742 1507 2808 Θεὸς,
1537 2739 1573 2793 ἁ
1614 2758 1790 2815 τετρα-

176 2834 450 2906 πρόσωπα
477 2832 507 2890 ἠ
544 2836 716 2907 Γραιφή
756 2829 914 2903 λέγει,
977 2825 1277 2905 παρέδωκεν
1333 2832 1458 2905 ἡμῖν
1510 2831 1791 2907 τετράμορ-

178 2940 277 2993 γον
337 2923 398 2973 τό
471 2918 785 2993 Εὗαγγῧιον
850 2917 900 2972 ἐν
966 2918 1039 2973 ἐνὶ
1102 2922 1356 2993 πνεύματι
1422 2924 1787 2993 συνεχόμενον.

175 3017 368 3082 Ωσπερ
408 3005 498 3062 οὖν
521 3017 624 3062 τῶν
686 3007 955 3085 Χερουϐὶμ
1010 3009 1229 3062 ἕκαστον
1292 3008 1343 3062 ἓν
1392 3012 1484 3083 μιν
1510 3014 1791 3084 πρόσωπον

1891 1842 2033 1885 nem
2054 1826 2440 1883 meditabcris
2478 1833 2536 1883 et
2558 1826 2838 1884 laudabis
2862 1827 3206 1885 Dominum.
3241 1828 3339 1885 llic
3366 1828 3547 1901 igitur

1896 1920 2097 1974 tantus
2115 1915 2481 1988 evangelista
2504 1913 2765 1972 dictione
2783 1915 3008 1987 brevis,
3054 1916 3305 1973 scicntia
3341 1923 3545 1975 autem

1891 2005 2313 2077 latus,initium
2334 2004 2426 2062 sui
2448 2004 2755 2079 Evangelii
2773 2006 2914 2063 facit
2935 2004 3057 2063 Filii
3082 2007 3182 2063 Dei
3204 2003 3262 2061 in
3282 2005 3547 2064 Jordane

1893 2094 2460 2153 manifestationem.
2483 2091 2650 2151 Prius
2673 2094 2851 2166 igitur
2871 2094 3039 2151 vobis
3062 2092 3263 2151 dicam
3285 2095 3450 2168 quod
3464 2093 3545 2152 ab

1895 2200 2017 2242 uno
2038 2201 2112 2243 ex
2140 2183 2598 2261 sapientissimis
2637 2181 2943 2254 Evangelii
2979 2179 3402 2259 interpretibus
3448 2198 3546 2241 ex-

1895 2274 2223 2344 cogitatum
2243 2278 2302 2330 et
2331 2272 2621 2346 scriptum
2650 2276 2740 2329 est
2767 2272 2843 2329 de
2863 2277 3125 2346 quatuor
3149 2272 3545 2344 evangelista-

1894 2378 2031 2420 rum
2059 2378 2314 2420 numero
2354 2380 2368 2419 :
2395 2362 2506 2430 Qui
2537 2377 2722 2435 super
2749 2361 3081 2433 cherubim,
3113 2362 3328 2437 inquit,
3381 2362 3550 2420 sedet

1898 2456 2072 2519 Deus,
2094 2452 2318 2526 quibus
2353 2455 2615 2526 quatuor
2632 2451 2831 2509 vultus
2862 2452 3166 2525 Scriptura
3181 2450 3404 2522 tribuit,
3428 2456 3549 2508 ιτα·

1897 2541 2048 2598 didit
2083 2540 2260 2598 nobis
2286 2539 2667 2617 quadruplici
2696 2539 2847 2597 facie
2873 2539 3286 2611 Evangelium,
3332 2540 3394 2597 in
3424 2555 3548 2597 uno

1899 2630 2111 2705 spiritu
2129 2629 2655 2704 comprehensum.
2676 2628 3203 2696 Quemadmodum
3223 2629 3385 2686 enim
3407 2629 3551 2687 che-

1895 2720 2096 2778 rubim
2112 2718 2593 2794 unumquodque
2606 2734 2791 2776 unam
2802 2717 3050 2792 quidem
3064 2718 3273 2776 faciem
3288 2717 3554 2776 habebat

1896 2810 2054 2868 leoni
2066 2809 2342 2877 similem,
2360 2808 2542 2865 aliam
2554 2822 2697 2865 vero
2712 2807 2965 2877 homini,
2979 2813 3037 2864 et
3054 2807 3287 2865 tertiam
3310 2806 3546 2881 aquilae,

1898 2906 1957 2958 et
1972 2906 2251 2974 quartam
2272 2899 2460 2957 vitulo
2485 2917 2498 2968 ;
2520 2898 2602 2955 ita
2630 2903 2688 2955 et
2706 2897 3038 2969 evangelici
3067 2898 3351 2971 praeconii
3372 2897 3550 2954 actio.

1900 2993 1967 3048 Et
1984 2989 2232 3064 quidem
2262 2987 2653 3059 Evangelinm
2674 2986 3012 3045 secundum
3039 2985 3338 3044 Joannem
3366 2985 3552 3044 habet

175 3100 328 3173 εῖχεν
358 3100 537 3173 ὅμοιον
564 3097 748 3166 λέοντι,
807 3097 975 3175 ἓτερον
1042 3094 1103 3152 δε
1168 3096 1419 3173 ἀνθρώπῳ
1470 3102 1560 3152 καὶ
1621 3098 1789 3175 ἕτερον

1901 3079 2092 3137 Iconis
2111 3077 2356 3145 faciem;
2380 3075 2609 3134 animal
2625 3076 2787 3134 enim
2805 3076 3037 3147 regium
3049 3080 3139 3133 est
3157 3080 3214 3132 et
3232 3075 3549 3148 imperato-

176 3187 341 3263 ἀετῷ,
374 3196 467 3243 καὶ
500 3189 667 3265 ἕτερον
709 3193 923 3263 μόσχῳ·
985 3189 1121 3242 οὕτω
1171 3192 1261 3242 καὶ
1307 3190 1338 3247 ἠ
1389 3196 1482 3242 τοῦ
1529 3187 1792 3262 εὐαγγελι-

173 3287 279 3332 κοῦ
340 3282 681 3356 κηρύγματος
752 3282 1104 3354 πραγματεία.
1183 3283 1285 3332 Καὶ
1359 3280 1418 3330 τό
1490 3280 1581 3353 μὶν
1654 3279 1792 3331 κατὰ

179 3369 430 3428 Ἰωάννην
494 3366 807 3440 Εὗαγγῦ.ιον
882 3367 995 3440 εχει
1067 3366 1238 3421 λεοντο
1273 3370 1573 3442 πρόσωπον,
1630 3365 1792 3440 βασιο

174 3458 328 3511 λικόν
365 3459 469 3533 γὰρ
507 3458 534 3509 6
584 3456 708 3510 λέων
772 3459 863 3510 καὶ
925 3457 1256 3530 ἡγεμονικόν·
1316 3457 1508 3530 ὁμοίως
1555 3451 1642 3509 οὖν
1699 3458 1790 3509 καὶ

176 3549 207 3600 6
236 3546 481 3607 Ἰωάννης
509 3542 612 3599 ἀπὸ
641 3551 735 3598 τοῦ
762 3543 1045 3618 βασιλικοῦ
1100 3549 1192 3599 καὶ
1257 3541 1572 3599 δεσποτικοῦ
1631 3543 1791 3608 ἀξιὼ-

176 3654 346 3710 ¹ιιατος
372 3642 473 3698 τῆς
501 3636 740 3695 θεότητος
763 3641 855 3688 τοῦ
908 3638 1083 3706 Λόγου
1150 3632 1366 3708 ἣρξατο,
1429 3633 1602 3687 εἰπών’
1627 3655 1657 3686 ι(
1709 3633 1791 3687 Ἐν

180 3724 335 3800 ἀρχῇ
368 3721 431 3783 ἦν
458 3725 485 3776 6
506 3728 700 3796 Λόγος,
730 3728 821 3777 καὶ
860 3726 979 3786 Θεὸς
999 3720 1061 3783 ἦν
1091 3725 1117 3775 6
1148 3728 1337 3796 Λόγος·
1368 3745 1397 3775 ››
1419 3726 1477 3776 τὸ
1542 3719 1603 3777 δε
1656 3724 1793 3776 κατὰ

175 3816 456 3871 Ματθαίον
483 3812 942 3891 ἀνθρωπόμορφον·
972 3811 1073 3867 ἀπὸ
1125 3816 1229 3889 γὰρ
1281 3821 1376 3877 τῆς
1427 3815 1564 3866 κατὰ
1620 3815 1793 3889 σάρκα

174 3909 470 3977 γεννήσεως
511 3907 603 3956 καί
676 3902 1110 3976 ίνανθρωπὴσεως
1172 3910 1266 3956 τοῦ
1332 3906 1508 3975 Λόγου
1575 3902 1789 3978 ἤρξατο.

176 3997 249 4048 T6
277 3988 340 4047 δι
383 3995 522 4046 κατὰ
567 3993 778 4068 Μάρκον
828 3990 961 4063 ἀετῷ
1013 3992 1472 4066 παρεικαςόμινον·
1533 3990 1635 4045 ἀπὸ
1688 3994 1792 4066 γὰρ

177 4089 273 4145 τῆς
312 4085 633 4156 προφητείας
661 4081 859 4154 ἤρξατο
908 4080 1147 4135 Ἰωάννου
1206 4101 1221 4115 ο
1275 4082 1306 4139 ἠ
1371 4076 1433 4134 δέ
1482 4084 1792 4156 προφητεία,

177 4173 347 4247 χάρις
398 4173 719 4247 προορατική
769 4167 922 4242 οὖσα,
966 4169 1121 4234 ἀξίως
1174 4172 1242 4223 τὰ
1300 4167 1477 4245 πόρρω
1526 4167 1797 4243 βλέπουσα

180 4258 332 4321 ἀετός
378 4256 517 4312 ἔστιο
557 4254 995 4332 ὁξυδερκίστατος
1030 4261 1130 4332 γὰρ
1197 4259 1224 4312 6
1276 4256 1442 4321 ἀετός.
1497 4261 1706 4331 Μόσχῳ
1736 4253 1797 4313 δέ

181 4351 420 4422 ὄμιοντό
450 4350 587 4401 κατὰ
642 4354 873 4418 Λουκᾶν,
938 4343 1082 4401 διότι
1111 4346 1214 4401 ἀπὸ
1264 4355 1357 4409 τῆς
1418 4345 1796 4422 ἀρχιερατικῆς

182 4436 331 4502 ἰξίας
354 4444 449 4491 τοῦ
473 4441 745 4514 Ζαχαρίον
782 4436 978 4512 ἤρξατο
1015 4437 1143 4511 ὑπερ
1208 4443 1307 4489 τῶν
1375 4433 1640 4510 ἁμαρτιῶν
1705 4444 1798 4490 τοῦ

176 4526 305 4581 λαοῦ
332 4528 637 4600 θυμιῶντοςο
666 4531 757 4580 καὶ
781 4532 993 4600 μόσχος
1047 4523 1107 4579 δέ
1164 4522 1225 4584 ἦν
1273 4526 1299 4578 ὁ
1354 4527 1599 4599 θυόμενος
1656 4530 1794 4580 τότε·

186 4622 287 4673 Καὶ
323 4622 496 4670 ταῦτα
530 4620 621 4690 μιν
686 4615 822 4670 οὓτω
852 4614 966 4668 κατ’
1003 4613 1215 4668 ἀστείαν
1240 4617 1355 4668 τινὰ
1402 4619 1499 4673 τὴν
1553 4612 1795 4674 ἐπιϐολήν

184 4705 550 4778 ὐψολογείται.
617 4707 730 4762 Τῶν
788 4712 947 4780 τριῶν
1006 4709 1179 4757 τοίνυν
1219 4705 1576 4780 παρεαθίντων
1632 4723 1795 4780 προσο

184 4796 391 4849 ὑπωνό
437 4793 589 4857 ἀετός
637 4796 761 4869 ἄρτι
813 4792 1280 4869 παρῥησιαζίσοω,
1337 4796 1397 4847 τό
1460 4793 1579 4846 κατ’
1637 4792 1793 4847 αὐτόν

184 4882 351 4946 λύσας
392 4886 595 4958 πτερόν,
628 4888 719 4937 καὶ
748 4884 1054 4957 ἀφιπτάσθω
1095 4888 1216 4956 ἡμῖν
1258 4890 1371 4946 τοῖς
1411 4891 1651 4938 νεοσσοῖς
1692 4882 1794 4936 αὐ-

185 4982 296 5028 τοῦ*
350 4969 446 5028 διὰ
478 4975 580 5050 γὰρ
625 4980 719 5027 τοῦ
764 4970 1089 5046 Εὐαγγιλίου
1134 4979 1245 5035 τοῖς
1287 4971 1599 5037 ἀποστόλοις
1641 4974 1794 5047 ἡμεῖς

630 5066 732 5117 Καὶ
812 5056 943 5124 διεὶς
1004 5064 1094 5124 τὰς
1158 5066 1417 5137 πτέρυγας
1476 5067 1638 5116 αὐτοῦ
1685 5061 1793 5116 ἐπι-

193 5157 450 5218 σκιαζέτω
497 5148 594 5208 διὰ
639 5159 736 5207 τοῦ
784 5154 835 5207 ἓν
881 5151 1024 5224 αὐτῷ
1064 5154 1379 5225 Πνεύματος⁹
1433 5157 1524 5205 καὶ
1569 5148 1791 5228 ὀξυδερ-

94 5238 105 5245 ’
192 5246 324 5306 κείας
359 5238 697 5317 μιταδιδότω
726 5246 800 5305 εὶς
839 5244 901 5295 τό
937 5247 1293 5295 κατοπτεῦσαι
1336 5243 1404 5293 τὰ
1441 5237 1492 5293 ίν
1532 5247 1607 5312 τῷ
1635 5238 1793 5314 βάθει

193 5338 288 5385 τῶν
343 5333 493 5387 θείων
557 5331 723 5406 λόγων
798 5329 1188 5407 ίγκικρυμμίνα
1258 5333 1516 5405 νοήματα.
1569 5330 1791 5384 Ἐπαινῶ

194 5422 280 5494 μιν
322 5424 413 5478 τόν
450 5418 597 5476 ἀετὸν
640 5424 709 5475 τὸ
740 5423 880 5476 κατὰ
923 5422 1137 5498 Μάρκον
1186 5422 1581 5501 παρεικάσαντα
1625 5418 1792 5495 Εὐαγ-

264 5597 311 5638 “
336 5599 574 5674 Joan.1,
611 5603 661 5658 l.

407 5714 663 5781 Panos.
698 5716 801 5780 Gn.
825 5715 977 5781 CXL.

1898 3168 2054 3225 rium
2084 3166 2179 3224 leo
2212 3182 2226 3234 ;
2248 3164 2517 3222 similiter
2543 3165 2722 3237 igitur
2741 3169 2799 3222 et
2823 3166 3084 3222 Joannes
3110 3179 3147 3222 a
3172 3163 3334 3234 regia
3353 3167 3413 3220 et
3442 3166 3553 3221 Do-

1898 3257 2119 3314 minica
2147 3253 2474 3313 divinitatis
2496 3253 2791 3326 dignitate
2842 3267 3185 3310 sermonem
3241 3252 3420 3327 cepit,
3467 3252 3554 3311 di~

1899 3361 2039 3404 cens
2063 3364 2076 3401 :
2110 3367 2138 3395 «
2161 3348 2223 3401 tn
2244 3341 2538 3417 principio
2567 3347 2694 3401 erat
2711 3341 2992 3410 Verbum,
3016 3346 3074 3399 et
3096 3344 3249 3398 Deus
3270 3345 3399 3398 erat
3418 3342 3556 3400 Ver-

1898 3435 2047 3493 bum
2070 3436 2138 3491 η.
2163 3456 2183 3484 ι
2215 3432 2608 3504 Evangelium
2633 3436 2836 3490 autem
2859 3430 3195 3490 secundum
3213 3424 3555 3491 Matthaeum

1898 3524 2113 3582 faciem
2134 3522 2396 3581 hominis
2416 3521 2601 3580 habet
2621 3538 2634 3577 :
2662 3537 2699 3578 a
2713 3520 3020 3579 nativitate
3036 3520 3197 3577 enim
3220 3519 3557 3579 secundum

1899 3630 2145 3673 carnem
2176 3619 2235 3671 et
2254 3613 2429 3671 Verbi
2451 3612 2862 3671 incarnatione
2896 3611 3302 3670 narrationem
3327 3611 3556 3686 incipit.

1901 3703 2286 3777 Evangelium
2329 3718 2473 3760 vero
2501 3701 2835 3759 secundum
2863 3704 3126 3760 Marcum
3163 3700 3379 3775 aquilae
3396 3716 3559 3758 com-

1900 3799 2146 3868 paratur
2167 3811 2181 3862 ;
2202 3809 2239 3850 a
2255 3793 2502 3850 Joannis
2515 3793 2677 3849 enim
2692 3791 3010 3865 prophetia
3024 3791 3245 3865 incepit
3266 3807 3281 3858 ;
3303 3790 3560 3866 prophe‘

1900 3886 1982 3943 tia
2008 3898 2211 3958 porro,
2244 3898 2383 3940 cum
2422 3898 2516 3938 res
2546 3880 3104 3955 prtevideat,rapide
3124 3896 3198 3938 ea
3214 3897 3352 3954 quae
3378 3880 3559 3953 longe

1902 3977 2040 4030 sunt
2060 3971 2454 4046 prospiciens,
2468 3970 2674 4044 aquila
2693 3974 2782 4027 est
2804 3989 2819 4036 ;
2846 3969 3195 4027 acutissime
3213 3970 3375 4027 enim
3396 3969 3559 4026 videt

1903 4060 2125 4136 aquila.
2166 4060 2361 4118 Vitulo
2400 4059 2593 4116 simile
2641 4064 2728 4116 est
2778 4058 3165 4130 Evangelinm
3221 4057 3557 4114 secundum

1906 4153 2146 4217 Lucam,
2178 4164 2251 4206 eo
2279 4148 2445 4222 quod
2473 4148 2721 4222 incipiat
2765 4163 2797 4201 η
2849 4145 3204 4204 sacerdotali
3259 4145 3557 4203 Zacharias

1904 4239 2190 4313 dignitate
2210 4253 2322 4311 pro
2341 4237 2600 4311 peccatis
2621 4234 2829 4310 populi
2851 4235 3214 4293 sacriﬁcium
3234 4234 3556 4302 offerentis,

1905 4334 1965 4386 et
1985 4334 2126 4385 tunc
2154 4326 2442 4400 temporis
2461 4324 2679 4382 vitulus
2701 4324 3151 4382 immolabatur.
3172 4326 3240 4381 Et
3261 4324 3392 4382 hanc
3421 4324 3562 4399 qui-

1905 4417 2047 4475 dem
2071 4415 2331 4488 eleganti
2356 4419 2655 4488 conceptu
2680 4413 2963 4472 celebrat.
2994 4413 3205 4471 Tribus
3232 4413 3412 4486 igitur
3426 4413 3560 4471 aliis

1905 4506 2168 4564 vultibus
2187 4505 2451 4571 omissis,
2472 4503 2675 4578 aquila
2698 4503 2825 4576 jam
2840 4503 3158 4577 eloquetur
3179 4503 3309 4562 alas
3324 4503 3561 4561 solvens

1904 4601 1963 4655 et
1990 4595 2167 4653 nobis
2194 4595 2317 4652 suis
2346 4594 2525 4668 pullis
2559 4593 2965 4668 supervolitet,
3020 4609 3127 4666 per
3173 4593 3560 4665 Evangelium

1903 4687 2062 4744 enim
2090 4683 2172 4742 ab
2201 4683 2487 4757 apostolis
2518 4683 2703 4756 geniti
2733 4698 2948 4739 sumus
2990 4688 3085 4751 ;et
3113 4681 3243 4739 alas
3269 4698 3412 4739 suas
3463 4698 3560 4739 exe

1901 4772 2154 4835 tendens
2175 4788 2287 4830 nos
2305 4771 2630 4830 obumbret
2649 4786 2757 4844 per
2779 4771 3058 4844 Spiritum
3076 4771 3178 4844 qui
3198 4769 3259 4826 in
3291 4773 3423 4842 ipsa
3439 4775 3554 4837 est;

1900 4862 2291 4936 etparticipes
2327 4877 2440 4919 nos
2461 4860 2643 4917 faciat
2671 4859 2766 4917 sui
2817 4859 3113 4916 acuminis
3152 4864 3217 4915 ut
3255 4857 3560 4932 possimus

1899 4950 2118 5011 intueri
2142 4967 2216 5008 ea
2239 4966 2375 5023 quas
2406 4949 2467 5006 in
2491 4948 2834 5007 divinorum
2859 4963 3209 5006 sermonum
3254 4944 3562 5021 profundi-

1900 5047 2020 5101 tate
2048 5038 2408 5099 abscondita
2433 5044 2594 5095 sunt.
2620 5036 2824 5094 Laudo
2841 5036 3091 5111 quidem
3119 5052 3256 5094 cam
3283 5039 3559 5110 Evange-

1899 5130 1963 5188 lii
1982 5128 2319 5188 secundum
2345 5130 2608 5186 Marcum
2625 5142 2766 5185 cum
2785 5125 2992 5201 aquila
3017 5126 3554 5201 comparationem.

1898 5222 2196 5278 Accurata
2225 5217 2389 5276 enim
2417 5223 2510 5274 est
2532 5214 2908 5291 comparatio
2937 5228 3062 5272 non
3097 5215 3284 5274 modo
3312 5219 3558 5290 propter

1897 5309 2146 5369 Joannis
2166 5305 2575 5383 prophetiam,
2609 5304 2714 5362 sed
2734 5305 2881 5380 quia
2905 5304 3203 5363 sermonis
3222 5304 3411 5363 facies
3442 5309 3561 5361 sta-

1899 5399 2008 5461 tim
2033 5397 2359 5458 Jordanem
2373 5395 2606 5473 aspicit,
2627 5394 2734 5455 ubi
2753 5394 2870 5468 solj
2879 5393 2991 5454 usti
2999 5395 3095 5454 tice
3115 5410 3325 5455 recens
3345 5393 3554 5453 oritur.

2946 5684 3021 5778 ει

3990 584 4035 645 ’ἴε

4036 836 4039 951 l

4036 1030 4041 1147 Ν

4036 1268 4043 1341 Δ

4036 1406 4045 1591 l

4040 1594 4047 1747 l

4036 836 4039 951 ψ

4036 1030 4041 1147 l

4036 1268 4043 1341 ri

4036 1348 4045 1591 ἔ

4036 1594 4047 1765 l

4036 1782 4049 1887 ἐ

4036 1956 4051 2135 l

4036 2158 4053 2250 ἐ

4036 836 4039 951 l

4036 1030 4041 1147 ψ

4036 1268 4043 1341 Δ

4036 1348 4045 1591 l

4036 1594 4047 1765 l

4036 1782 4049 1887 ί

4036 1956 4051 2135 l

4036 2158 4053 2269 θ

4042 2290 4055 2523 ἒ

4036 2530 4057 2681 ἕ
