4096 6208
507 266 612 319 ’747
1660 258 1973 314 GERMANI
2010 257 2056 311 ΙΙ
2091 256 2124 313 C

2272 254 2729 313 ’ATRIARCHE.
3783 249 3889 306 748

512 385 730 461 Aquila
758 388 960 440 autem
994 379 1123 437 sola
1151 396 1224 436 ex
1262 380 1547 437 omnibus
1577 382 1941 439 animalibus
1976 387 2129 452 potes

2278 380 2467 450 φίλιον
2499 385 2755 453 εὔστοχος
2775 382 2877 455 ’γὰρ
2909 382 2939 437 ή
2972 382 3295 451 παρεικασία
3322 377 3381 428 ού
3437 380 3590 448 μόνον
3647 371 3743 426 διὰ
3791 378 3886 431 τήν

510 474 749 532 intentis
774 470 962 528 oculis
983 474 1038 525 et
1068 468 1299 542 absque
1327 469 1533 526 dolore
1552 470 1691 527 solis
1710 470 1912 526 radios
1931 470 2124 525 intuer

2278 475 2593 541 προφητείαν
2663 471 2920 537 Ἰωάννου,
2989 467 3096 520 ἀλλ’
3163 469 3243 519 ὅτι
3307 471 3396 517 καὶ
3472 468 3531 516 τὸ
3602 468 3889 537 πρόσωπον

515 562 779 621 Ostendit
801 557 1145 629 evangelica
1169 559 1371 632 aquila
1394 566 1453 615 et
1498 560 1560 614 in
1614 560 1861 615 ﬂumine
1911 558 2132 614 Jordan

2280 557 2425 618 εὐθὺς
2449 566 2539 610 τοῦ
2563 558 2718 630 λόγου
2762 560 2987 610 κατευθὺ
3035 564 3127 609 τοῦ
3182 551 3448 630 Ἰορδάνου
3499 555 3615 628 ὁρᾷ,
3671 554 3803 605 ὅπου
3861 554 3888 603 6

515 651 879 707 celebratum
910 647 1185 703 divinum
1217 649 1590 719 mysterium.
1640 646 2132 713 Quemadmodur

2280 655 2373 708 τῆς
2402 643 2746 708 δικαιοσύνης
2787 647 2932 708 ἣλιος
2981 647 3102 720 ἄρτι
3149 643 3379 717 ἀνίσχει·
3423 642 3574 695 ἀετοῦ
3633 638 3693 694 δε
3730 648 3889 713 μονον

513 741 671 796 enim
692 739 964 794 humana
978 736 1160 791 facies
1173 736 1471 806 Evangelii
1489 736 1824 792 secundum
1838 736 2130 791 Mattbaeui

2278 744 2376 786 τῶν
2416 735 2656 787 ἁπάντων
2719 736 2862 796 ζώων
2924 738 2983 787 τὸ
3045 732 3419 806 ἐπεντρανίζειν
3470 728 3888 803 ἀσκαρδαμυκτί

512 828 846 885 festivitatis
875 826 1229 898 mysterium
1260 825 1621 895 designavit,
1654 826 1732 881 ita
1763 831 1819 882 et
1872 823 2125 893 Evangel

2276 829 2367 875 καὶ
2398 821 2538 895 δίχα
2565 827 2907 897 καταμύσεως
2964 831 3075 884 τοῖς
3125 823 3364 881 ἠλιαόίς
3410 819 3885 892 ἁκτινοϐολήμασι.

514 915 846 973 secundum
870 917 1128 970 Marcum
1150 914 1354 986 aquila
1366 916 1721 987 mysterium
1744 913 1965 969 revelat
1985 913 2131 967 divir

2279 913 2433 971 Δηλοῖ
2464 911 2523 967 δε
2549 916 2575 966 6
2608 913 2933 985 εύαγγελικός
2974 913 3118 974 ἀετὸς
3156 918 3246 964 καὶ
3297 915 3356 963 τὸ
3408 911 3456 963 ἐν
3517 906 3755 983 Ἰορδάνῃ
3810 917 3887 978 τῷ

516 1004 893 1078 baptismatis
907 1018 1028 1076 quo
1042 1008 1455 1071 renovatur,ut
1470 1004 1706 1076 aquilae,
1721 1002 1937 1057 veteris
1955 1000 2133 1056 Adam

2276 1011 2494 1075 ποταμῷ
2536 1005 2955 1077 ὶερουργούμενον
2985 1004 3118 1055 θεῖον
3147 1006 3455 1073 μυστήριον.
3518 999 3600 1059 Ὠς
3660 1001 3764 1073 γὰρ
3824 1002 3887 1049 τὸ

511 1096 820 1166 juventus,
857 1092 1066 1149 abluta
1095 1091 1275 1147 hodie
1306 1092 1366 1146 in
1396 1091 1659 1148 Jordane
1684 1098 1741 1147 et
1765 1108 1899 1147 eam
1930 1107 2067 1163 quae
2094 1106 2125 1144 e

2279 1090 2715 1167 ἀνθρωπόμορφον
2779 1100 2869 1144 τοῦ
2934 1094 3069 1143 κατὰ
3127 1091 3395 1143 Ματθαῑον
3456 1087 3772 1158 Εῦαγγελίου
3824 1092 3888 1138 τό

516 1181 986 1252 transgressione
1011 1180 1337 1253 prodierat,
1370 1182 1813 1254 corruptionem
1845 1180 2133 1235 excutiens

2275 1188 2372 1239 τῆς
2419 1181 2597 1254 ἑορτῆς
2662 1185 2956 1252 μυστήριον
3012 1182 3360 1252 ὑπεσήμαινε,
3416 1186 3509 1229 τοῦ
3560 1182 3689 1229 Θεοῦ
3751 1176 3889 1247 λέγω

519 1276 584 1329 Et
610 1271 849 1328 aliunde
876 1269 1077 1342 aquila
1098 1269 1226 1325 sola
1255 1270 1407 1325 inter
1436 1270 1707 1325 volucres
1729 1286 1802 1324 ex
1839 1268 2012 1340 aquis
2069 1283 2136 1337 ge

2275 1274 2368 1326 τήν
2408 1268 2815 1343 ἐνανθρώπησινο
2876 1269 3011 1321 οὕτω
3068 1273 3158 1321 καὶ
3208 1270 3234 1320 6
3290 1270 3426 1319 κατὰ
3476 1268 3690 1339 Μάρκον
3742 1263 3889 1324 ἀετός

517 1361 891 1417 nerationem
911 1358 1123 1414 habuit
1162 1359 1451 1414 Creatoris
1477 1359 1764 1414 mandato
1795 1376 1807 1425 ;
1841 1358 2030 1412 ethoc
2080 1372 2134 1410 se

2277 1361 2371 1415 τήν
2408 1357 2609 1415 τελετήν
2647 1360 2954 1430 ύπεμφαίνει
3002 1364 3095 1409 τοῦ
3161 1358 3299 1409 θείου
3358 1354 3743 1426 βαπτίσματος,
3809 1350 3885 1405 δι’

519 1449 787 1505 cundum
819 1450 1081 1503 Marcum
1104 1446 1493 1515 Evangelium
1525 1446 1781 1501 adivino
1810 1446 2132 1517 baptismat

2276 1446 2338 1497 οὗ
2369 1444 2755 1507 ἀνακαινίζεται
2817 1448 2881 1507 ὡς
2945 1447 3096 1498 ἀετοῦ
3161 1447 3193 1503 ἡ
3257 1448 3437 1505 νεότης
3500 1451 3591 1495 τοῦ
3658 1442 3889 1495 παλαιοῦ

519 1536 742 1607 incipit,
776 1534 912 1591 etin
934 1534 1122 1590 altum
1148 1534 1562 1589 conscendens
1594 1535 1654 1589 in
1704 1533 1854 1589 coelo
1912 1532 2136 1604 requies

2279 1531 2474 1605 Ἀδὰμ,
2506 1534 2754 1607 λουομένη
2794 1539 3019 1608 σήμερον
3080 1533 3128 1585 ἐν
3193 1542 3267 1604 τῷ
3322 1529 3585 1605 Ἰορδάνη,
3645 1538 3733 1583 καὶ
3790 1537 3890 1589 τήν

518 1625 618 1701 cit,
633 1624 955 1680 Dominicaa
987 1622 1383 1695 asumptionis
1422 1622 1676 1678 modum
1706 1622 1985 1689 edocens,
2009 1620 2135 1677 vola

2278 1622 2332 1674 ἐκ
2370 1622 2710 1697 παραϐάσεως
2756 1622 3099 1696 ἀποσειομένη
3162 1625 3375 1695 φθοράν.
3443 1626 3543 1674 Καὶ
3598 1620 3770 1680 ἄλλως
3827 1617 3890 1671 δε

521 1718 769 1785 tumque
784 1711 1149 1768 concludens
1172 1726 1279 1783 per
1307 1710 1626 1768 Salvatoris
1649 1710 1855 1766 Christi
1885 1710 1961 1766 ad
1985 1713 2138 1765 Deun

2278 1711 2479 1774 οὰετὸς
2516 1714 2602 1765 οἷα
2626 1709 2695 1771 δή
2737 1718 2927 1770 πτηνὸν
2984 1712 3038 1774 ἐξ
3090 1708 3297 1764 ὑδάτων
3350 1714 3480 1782 ἔσχε
3541 1715 3635 1768 τήν
3680 1713 3887 1780 γένεσιν

521 1808 579 1860 et
606 1806 835 1859 Palrem
867 1802 1301 1858 ascensionem.
1332 1806 1415 1856 Ac
1445 1801 1558 1857 nisi
1585 1801 1821 1872 longior
1849 1801 2035 1856 videri
2066 1800 2138 1856 de

2279 1797 2590 1873 κελεύσματὶ
2644 1799 3031 1876 δημιουργικῷ·
3073 1806 3164 1853 καὶ
3201 1804 3260 1853 τὸ
3298 1802 3434 1852 κατὰ
3482 1801 3693 1871 Μάρκον
3740 1802 3889 1849 τουτὶ

520 1893 747 1957 berem,
761 1892 821 1947 in
834 1891 1103 1947 medium
1114 1906 1358 1964 quoque
1370 1889 1645 1947 aﬂ‘errem
1659 1890 1893 1947 aetitem
1907 1890 2137 1962 lapiden

2279 1893 2587 1965 Εὐαγγέλιον
2617 1892 2671 1945 ἐκ
2727 1901 2817 1945 τοῦ
2875 1895 3013 1945 θείου
3073 1891 3439 1964 βαπτίσματος
3485 1889 3731 1962 ἄρχεται,
3793 1894 3886 1941 καὶ

522 1981 670 2036 mire
700 1980 910 2052 aquilae
933 1980 1069 2035 huic
1090 1978 1151 2034 in
1189 1978 1387 2051 pullos
1439 1978 1666 2035 utilem.
1724 1979 1930 2034 Petrus
1970 1984 2139 2035 auten

2279 1986 2459 2054 προϊὸν
2496 1981 2565 2042 εἰς
2594 1985 2652 2033 τὸ
2691 1981 2825 2052 ὕψος
2862 1981 3146 2052 καταλήγει
3199 1987 3290 2032 τοῦ
3345 1980 3583 2054 ούρανοῦ,
3648 1986 3742 2038 τῆς
3800 1986 3887 2029 Δε-

520 2070 678 2127 hanc
693 2069 902 2125 faciem
918 2067 1135 2141 aquilae
1146 2068 1421 2141 praebens
1434 2068 1821 2138 Evangelium
1845 2067 2137 2141 plurimum

2282 2080 2537 2132 σποτικής
2611 2070 2913 2141 ἀναλήψεως
2976 2066 3299 2121 ἔκδιδάσκον
3363 2072 3449 2120 τὸν
3540 2072 3734 2139 τρόπον
3796 2071 3887 2118 καὶ

513 2160 670 2230 juvit
680 2157 982 2225 dictando,
997 2157 1151 2213 bene
1163 2157 1243 2213 ad
1254 2156 1583 2225 volandum
1596 2173 1848 2213 movens
1863 2157 2130 2213 historia:

2282 2167 2629 2232 συμπεραίνον
2654 2163 2749 2218 τήν
2778 2167 2970 2217 πτῆσιν
3032 2165 3094 2229 τῇ
3150 2161 3282 2230 πρὸς
3335 2162 3420 2209 τὸν
3479 2160 3608 2209 Θεὸν
3628 2161 3721 2208 καὶ
3780 2162 3883 2207 Πα-

522 2247 777 2304 adhunc
796 2246 1120 2303 salutarem
1158 2251 1466 2302 conatum.
1502 2246 1615 2303 Sed
1635 2246 1762 2302 haec
1794 2246 2139 2302 ambitiosiu

2278 2253 2400 2321 τέρα
2425 2247 2673 2301 ἀναϐάσει
2708 2257 2800 2300 τοῦ
2840 2255 3076 2320 Σωτῆρος
3108 2253 3364 2322 Χριστοῦ.
3422 2246 3483 2297 Εἰ
3540 2241 3600 2297 δέ
3660 2249 3735 2316 μή
3796 2263 3883 2295 πε-

519 2336 680 2392 dicta
755 2340 913 2403 sunt,
984 2351 1123 2390 cum
1200 2340 1430 2390 erectus
1505 2335 1652 2390 mihi
1718 2352 1915 2392 sermo
1964 2337 2035 2391 sit
2091 2352 2136 2392 at

2276 2342 2598 2411 ριεργότερος
2627 2336 2828 2409 ἔμελλον
2868 2333 3023 2399 δόξαι
3061 2335 3207 2388 πλέον
3235 2342 3325 2387 τοῦ
3357 2332 3582 2400 δέοντος,
3642 2338 3736 2385 καὶ
3798 2337 3884 2385 τὸν

521 2439 809 2493 magnam
832 2424 984 2479 hanc
1009 2422 1295 2495 aquilam.
1341 2424 1525 2494 Hujus
1564 2424 1741 2493 igitur
1791 2423 2026 2480 initium
2079 2441 2138 2480 es

2280 2424 2486 2483 ἀετίτην
2524 2426 2664 2477 λίθον
2704 2426 2772 2485 εἰς
2810 2429 2967 2497 μέσον
3006 2424 3066 2476 ἂν
3130 2442 3439 2499 παρήγαγον
3503 2421 3746 2483 ἐπιεικῶς
3811 2430 3884 2491 τῷ

518 2512 918 2569 evolvendum
930 2511 1360 2568 abundantius.
1376 2512 1499 2567 [niti
1512 2528 1612 2567 um
1626 2513 1891 2584 corporis
1923 2514 2017 2583 cuj
2029 2513 2135 2568 usli

2276 2524 2455 2585 πτηνῷ
2504 2518 2670 2585 τούτῳ
2734 2519 2865 2587 πρὸς
2921 2518 3039 2575 τοὺς
3095 2518 3278 2573 τόκους
3309 2516 3656 2584 συμφέροντα.
3686 2516 3886 2581 Πέτρος

515 2599 878 2658 betomnino
892 2604 980 2655 est
1008 2603 1208 2672 caput.
1244 2600 1433 2672 Caput
1446 2606 1645 2656 autem
1669 2600 2027 2671 evangelicae
2056 2602 2132 2657 hu

2278 2600 2337 2656 δὲ
2401 2612 2473 2674 τῷ
2540 2602 2837 2676 ἁετομὸρφῳ
2901 2606 3068 2675 τούτῳ
3134 2601 3427 2673 Εύαγγελίῳ
3490 2604 3549 2652 τὸ
3636 2599 3887 2652 πλεῖστον

510 2689 611 2761 jus
637 2686 992 2744 narrationis
1014 2692 1102 2743 est
1131 2686 1408 2753 Christus,
1443 2688 1552 2742 etsi
1578 2694 1759 2761 caput
1800 2689 1861 2743 in
1914 2689 2127 2745 modur

2280 2691 2605 2758 συνεϐάλετο,
2632 2695 2983 2765 ύπαγορευτὴς
3021 2691 3181 2744 αὑτοῦ
3237 2694 3482 2762 ⁹γεγονὼς,
3542 2686 3595 2741 εὖ
3656 2686 3887 2741 ἀναπτε-

515 2776 671 2833 servi
691 2780 829 2832 ante
857 2774 1181 2846 Baptistam
1210 2774 1474 2831 inclinet.

2275 2786 2451 2854 ρώσας
2488 2800 2572 2833 τον
2615 2785 2919 2854 συγγραφέα
2968 2785 3096 2855 πρὸς
3152 2785 3247 2837 τήν
3306 2773 3616 2851 σωτηριώδη
3682 2782 3888 2836 ταύτην

520 2864 845 2940 ἐγχείρησιν.
930 2863 1087 2917 Ἀλλὰ
1131 2870 1299 2915 ταῦτα
1349 2868 1438 2936 μὲν
1498 2864 1884 2938 φιλοτιμότερον
1943 2869 2144 2934 εἴρηται
2202 2872 2740 2945 συμμετεωρισθέντος
2803 2889 2894 2942 μοι
2955 2878 3049 2921 τοῦ
3111 2868 3268 2940 λόγου
3329 2876 3402 2938 τῷ
3452 2866 3660 2939 μεγάλῳ
3710 2870 3890 2938 τούτῳ

520 2953 674 3025 ἀετῷ,
754 2958 860 3012 Τήν
938 2952 1113 3027 ἀρχήν
1190 2958 1359 3005 τοίνυν
1435 2957 1622 3006 τούτου
1674 2959 2071 3029 περιεργαστέον
2131 2955 2591 3032 ἐξηγητικώτερον.
2683 2959 2854 3032 Ἀρχὴ
2924 2956 2985 3011 δὲ
3047 2964 3290 3029 σώματος
3352 2959 3521 3013 πάντη
3581 2958 3793 3016 πάντως
3845 2958 3881 3013 ἡ

515 3042 731 3116 κεφαλή.
816 3041 1020 3114 Κεφαλή
1077 3037 1136 3094 δὲ
1197 3049 1295 3104 τῆς
1346 3041 1691 3114 εύαγγελικῶς
1727 3049 1953 3101 ταυτησὶ
1990 3052 2353 3117 πραγματείας
2440 3052 2693 3122 Χριστος,
2754 3046 2849 3099 κᾶν
2920 3052 3014 3105 τήν
3097 3046 3321 3119 κεφαλήν
3404 3042 3663 3106 δουλικῶς
3744 3050 3887 3097 ὑπο-

512 3130 658 3205 κλίνη
689 3138 763 3201 τῷ
800 3138 1069 3203 Βαπτιστῇ
1086 3174 1099 3186 .

583 3222 645 3274 V.
684 3240 707 3270 ι
743 3218 978 3275 Initium
1004 3218 1305 3290 Evangelii
1328 3221 1466 3274 Iesu
1498 3218 1730 3283 Christi,
1779 3219 1900 3275 Filii
1934 3220 2053 3288 Dei,
2103 3226 2167 3277 ut

2348 3224 2419 3279 Ε.
2453 3247 2473 3273 ε
2516 3227 2688 3297 Ἀρχὴ
2721 3232 2812 3277 τοῦ
2852 3222 3168 3295 Εῦαγγελίου
3209 3223 3388 3280 Ἰησοῦ
3450 3229 3702 3295 Χριστοῦ,
3756 3223 3886 3273 Υἱοῦ

515 3308 806 3380 scriptum
826 3312 917 3363 est
932 3307 994 3363 in
1014 3307 1317 3380 prophetis
1342 3327 1354 3363 :
1380 3310 1525 3363 Ecce
1547 3323 1657 3378 ego
1680 3308 1850 3364 mitto
1881 3309 2132 3379 angelum

2275 3320 2366 3364 τοῦ
2414 3321 2569 3379 Θεοῦ,
2621 3316 2685 3372 ὡς
2740 3316 3036 3385 ’γέγραπται
3088 3310 3137 3362 ἐν
3190 3318 3297 3372 τοῖς
3356 3312 3667 3385 προφήταις
3737 3306 3882 3361 Ἰδού

511 3412 716 3453 meum
730 3402 866 3452 ante
886 3395 1099 3452 faciem
1118 3402 1284 3451 tuam
1299 3397 1401 3468 qui
1424 3396 1787 3468 praeparabit
1816 3397 1975 3452 viam
1999 3403 2128 3455 tuar

2275 3400 2375 3472 ἐγὼ
2404 3400 2701 3454 ἀποστελλω
2729 3405 2814 3453 τόν
2853 3400 3069 3472 ἄγγελον
3097 3418 3198 3472 μου
3250 3403 3351 3474 πρὸ
3407 3404 3690 3473 προσώπου
3758 3416 3879 3467 σου,

513 3489 651 3541 ante
688 3490 768 3542 te.
798 3487 925 3541 Vox
954 3484 1225 3540 clamatis
1292 3486 1353 3540 in
1406 3485 1641 3541 deserto
1675 3505 1688 3540 ε
1755 3489 1955 3541 Parate
2002 3486 2130 3542 viar

2275 3491 2331 3550 ὃς
2367 3492 2754 3543 κατασκευάσει
2787 3496 2872 3548 τήν
2912 3487 3036 3542 ὁδον
3078 3508 3173 3541 σου
3226 3490 3512 3562 ἔμπροσθέν
3553 3506 3671 3541 σου.
3730 3491 3880 3545 Φωνὴ

514 3574 753 3630 Domini
779 3575 845 3645 ‘7,
866 3596 895 3623 x
918 3579 975 3629 et
992 3573 1243 3645 reliqua.
1278 3575 1544 3630 Granum
1570 3574 1850 3631 frumenti
1884 3574 1943 3630 in
1997 3582 2131 3631 tem

2277 3577 2505 3651 βοῶντος
2564 3579 2612 3631 ἐν
2666 3587 2728 3650 τῇ
2785 3581 2978 3651 ἐρήμῳ·
3040 3578 3383 3649 Ἑτοιμάσατε
3433 3582 3526 3635 τήν
3581 3572 3706 3627 ὁδόν
3772 3583 3883 3628 liv.

514 3662 651 3717 sinu
675 3661 1100 3719 absconditum
1123 3666 1179 3717 et
1192 3660 1455 3718 solutum
1470 3663 1833 3735 principium
1856 3664 1923 3719 ﬁt
1978 3663 2131 3719 abun

2273 3687 2410 3741 ριου,
2448 3690 2477 3715 ››
2532 3674 2622 3720 καὶ
2685 3670 2753 3719 τὰ
2798 3667 2931 3730 ἑξῆς.
2999 3673 3058 3719 Ὁ
3106 3672 3292 3727 κόκκος
3356 3673 3445 3718 τοῦ
3502 3670 3672 3732 σίτου,
3726 3664 3885 3736 ἐγκα-

512 3750 711 3807 dantis
737 3750 948 3806 messis
978 3756 1035 3806 et
1058 3750 1286 3823 spicam
1351 3752 1575 3823 profert
1632 3751 1832 3807 multis
1879 3768 1989 3824 pro
2046 3769 2124 3808 un

2276 3755 2550 3830 τακρυϐεἱς
2590 3764 2707 3817 ταῖς
2756 3755 2947 3827 λαγόσι
2996 3764 3092 3816 τῆς
3137 3764 3235 3826 ’γῆς
3282 3760 3373 3807 καὶ
3415 3753 3681 3826 λυόμενος,
3729 3752 3881 3826 ἀρχή

512 3840 714 3911 granis
728 3838 1031 3896 refertam.
1054 3839 1240 3895 Veteri
1259 3839 1391 3911 lege
1422 3840 1676 3895 nimium
1706 3846 1872 3896 arcta
1895 3842 2021 3912 jam
2047 3858 2129 3897 ce:

2273 3850 2472 3916 γίνεται
2518 3845 2811 3920 πολυφορου
2869 3841 3192 3911 σιτοδοσιας,
3251 3850 3340 3897 καὶ
3384 3846 3591 3915 στάχυν
3638 3848 3886 3917 προφέρει

512 3932 681 3985 sante
698 3934 756 3986 et
771 3928 967 3985 soluta
983 3930 1217 3998 (omnes
1235 3930 1394 3985 enim
1425 3929 1732 4001 prophetae
1754 3935 1809 3986 et
1858 3929 1949 3985 lex
1976 3946 2128 4002 usqu

2276 3934 2482 3996 πολλοῖς
2509 3933 2619 3986 ἀνθ’
2650 3935 2757 3997 ἐνος
2798 3932 3051 4009 βρίθοντα
3106 3940 3336 4000 κόκκοις,
3390 3940 3494 3986 Τοῦ
3546 3937 3718 3985 τοίνυν
3786 3951 3886 3984 πα-

510 4018 590 4075 ad
617 4017 914 4074 Joannem
963 4017 1515 4091 prophetaverunt),
1566 4018 1801 4074 initium
1856 4017 2127 4091 quoddar

2275 4022 2425 4076 λαιοῦ
2454 4029 2613 4095 νόμου
2644 4029 2732 4075 καὶ
2763 4023 2876 4076 λίαν
2916 4022 3258 4094 ἐστενωμένον
3319 4018 3426 4081 ήδη
3494 4021 3743 4093 λήγοντος
3796 4027 3890 4074 καὶ

511 4106 1034 4164 alterumetaltera
1059 4106 1572 4177 germinatioinde
1612 4114 1880 4180 apparet,
1920 4108 2037 4164 vita
2086 4125 2128 4163 sc

2278 4112 2524 4184 λυομένου
2557 4115 2765 4183 (πάντες
2795 4116 2896 4187 γὰρ
2930 4114 2979 4164 οἰ
3041 4120 3306 4185 προφῆται
3362 4116 3453 4163 καὶ
3501 4114 3529 4162 ὁ
3579 4115 3735 4183 νόμος
3794 4112 3892 4173 ἕως

512 4195 780 4250 cundum
811 4195 1111 4251 Christum
1150 4201 1206 4251 et
1229 4195 1615 4267 Evangelium
1669 4197 1855 4266 regni.
1877 4198 2129 4262 Quemac

2295 4203 2512 4255 ῐωάννου
2550 4199 3134 4275 προεφήτευσαν)
3178 4220 3255 4261 τις
3316 4200 3464 4274 ἑτέρα
3524 4204 3614 4252 καὶ

510 4282 761 4339 modum
784 4283 963 4355 igitur
977 4284 1039 4340 in
1062 4290 1285 4342 terram
1306 4286 1595 4357 injectum
1613 4286 1981 4342 frumentum
2030 4286 2127 4342 ﬁni

2280 4288 2467 4343 ἐκεῖθεν
2496 4295 2835 4362 προφαίνεται
2860 4291 2890 4348 ἡ
2932 4292 3067 4341 κατὰ
3102 4292 3334 4363 Χριστὸν
3392 4288 3623 4340 πολιτεία
3676 4293 3767 4341 καὶ
3827 4293 3890 4340 τὸ

511 4373 757 4446 quidem
788 4378 877 4429 est
904 4375 1207 4445 spicarum
1235 4375 1397 4430 unde
1424 4380 1624 4431 ortum
1650 4382 1756 4439 est,
1784 4376 2018 4432 initium
2072 4393 2128 4432 at

2283 4378 2590 4450 Εὐαγγίλιον
2644 4388 2739 4441 τῆς
2798 4377 3088 4450 βασιλείας.
3148 4377 3350 4451 Ὠσπερ
3406 4382 3579 4430 τοίνυν
3640 4378 3666 4429 6
3717 4396 3888 4430 κατα-

513 4468 631 4520 tem
663 4462 732 4519 ﬁt
757 4462 1012 4518 aliarum
1030 4478 1164 4534 quae
1200 4464 1339 4520 inde
1368 4465 1536 4519 nasci
1563 4462 1786 4520 debent
1826 4465 2130 4536 spicarum

2282 4466 2588 4538 ϐαλλόμενος
2617 4467 2668 4520 ἐν
2700 4475 2760 4539 τῇ
2801 4475 2869 4540 γῇ
2932 4475 3077 4529 σῖτος
3141 4465 3282 4527 τελος
3496 4474 3596 4518 τῶν
3629 4469 3887 4538 σταχύων

513 4552 596 4608 sic
624 4557 680 4609 et
705 4552 804 4608 tibi
818 4551 1127 4625 baptisma
1152 4558 1209 4608 et
1233 4554 1572 4609 Preecursor
1591 4555 2130 4627 vcnitutsitquidei

2282 4557 2392 4608 ὅθεν
2423 4554 2591 4628 ἐξέφυ,
2632 4553 2776 4629 ἀρχή
2846 4551 2906 4607 δε
2964 4560 3156 4627 γίνεται
3222 4551 3374 4616 αὖθις
3435 4562 3535 4607 τῶν
3600 4552 3655 4616 ἐξ
3717 4556 3887 4606 αὐτοῦ

511 4640 648 4698 ﬁnis
679 4641 826 4713 legis
856 4647 913 4698 et
945 4641 1375 4713 prophetarum
1459 4642 1720 4713 sigillum
1780 4643 2128 4700 concludens

2282 4643 2715 4716 ἁναφυησομένων
2777 4642 3065 4715 ἀσταχύων
3125 4644 3326 4718 ἑτέρων·
3395 4644 3532 4696 οὕτω
3598 4662 3685 4695 σοι
3747 4661 3886 4695 συν-

511 4729 875 4803 principium
898 4734 1099 4786 autem
1121 4735 1176 4785 et
1196 4728 1369 4785 radix
1393 4729 1540 4786 Novi
1555 4732 1915 4787 Testamenti
1955 4738 2011 4787 et
2041 4748 2128 4804 gr:

2279 4733 2402 4791 ἦλθε
2426 4731 2556 4786 κάπὶ
2584 4741 2675 4785 τοῦ
2706 4732 3073 4806 βαπτίσματος
3095 4738 3185 4785 καὶ
3217 4729 3553 4806 Προδρόμου,
3614 4733 3685 4791 ὡς
3748 4731 3886 4783 εἶναι

510 4820 606 4876 tite
632 4818 1046 4892 plenitudinis.
1086 4821 1151 4875 Et
1179 4824 1510 4892 postquam
1541 4820 1902 4893 princ1pium
1942 4821 2089 4877 illud
2115 4839 2127 4878 4

2278 4823 2433 4875 αύτὸν
2461 4827 2622 4898 πέρας
2658 4826 2747 4895 μεν
2786 4830 2877 4876 τοῦ
2913 4827 3071 4895 νόμου
3137 4826 3230 4874 καὶ
3295 4830 3394 4874 τῶν
3460 4829 3739 4897 προφητῶν
3768 4818 3885 4873 ἐπι·

512 4925 716 4966 semen
746 4915 1097 4981 corruptum
1129 4914 1240 4979 est,
1262 4908 1358 4964 ille
1387 4909 1491 4981 qui
1514 4925 1720 4965 semen
1744 4910 2002 4967 Abrahae
2042 4928 2129 4967 sus

2279 4914 2609 4987 σφράγισμα,
2646 4912 2822 4987 ἀρχήν
2853 4909 2912 4965 δὲ
2936 4918 3024 4965 καὶ
3067 4912 3221 4986 ῥίζαν
3278 4919 3370 4972 τῆς
3425 4916 3561 4972 Νέας
3619 4912 3887 4971 Διαθήκης

510 4998 665 5069 cepit
693 4999 998 5068 Dominus,
1035 4999 1265 5070 spicam
1294 4998 1490 5053 emisit
1537 4997 1693 5062 vitae,
1753 5000 2127 5067 evangelicur

2276 5008 2365 5054 καὶ
2416 5010 2507 5054 τοῦ
2569 5010 2667 5063 τῆς
2698 5004 2925 5075 χάριτος
2980 5000 3365 5077 πληρώματοςσ
3397 5005 3488 5053 καὶ
3542 5003 3734 5060 ταύτης
3782 5008 3888 5064 τῆς

510 5085 646 5140 dico
663 5086 1051 5157 praeconium,
1082 5086 1241 5143 unde
1272 5086 1583 5142 conﬁcitur
1604 5102 1791 5158 purus
1814 5088 2127 5158 angelorum

2277 5089 2453 5163 ἀρχῆς
2480 5094 2570 5143 καὶ
2607 5099 2699 5143 τοῦ
2757 5096 3052 5165 σπέρματος
3116 5093 3305 5143 τούτου
3371 5092 3650 5161 φθινόντων
3707 5088 3734 5140 ὁ
3786 5096 3892 5143 τοῦ

511 5174 705 5247 panis,
729 5175 904 5247 panis
923 5176 1190 5247 quidem,
1214 5176 1318 5231 sed
1332 5175 1761 5241 immaterialis,
1784 5192 1891 5247 per
1906 5194 2044 5233 eum
2062 5195 2128 5250 qr

2277 5186 2574 5253 σπέρματος
2625 5179 2866 5255 ’Δϐραάμ
2916 5178 3277 5251 ἐπιλαϐόμενος
3348 5181 3558 5252 Κύριος,
3614 5182 3704 5231 τὸν
3752 5180 3892 5230 στοί-

512 5263 573 5318 in
598 5262 753 5333 ignis
772 5261 966 5332 figura
979 5269 1190 5334 sponte
1202 5263 1536 5331 descendit,
1553 5264 2005 5320 sanctissimum
2040 5267 2129 5338 Spi

2274 5290 2378 5341 χυν
2402 5269 2654 5332 ἐξήνθησε
2675 5277 2764 5330 τῆς
2800 5270 2960 5333 ζωῆς,
2988 5273 3047 5321 τὸ
3103 5267 3434 5340 εὐαγγελικον
3492 5286 3629 5339 φημι
3683 5272 3891 5339 κήρυγ-

510 5352 692 5408 ritum
720 5370 737 5423 ;
768 5366 988 5423 panem
1026 5351 1381 5422 angelorum
1411 5352 1572 5415 dico,
1600 5353 1934 5424 angelicam
1982 5354 2127 5411 vita:

2273 5378 2366 5430 μα,
2452 5359 2563 5412 ὃθεν
2638 5362 2995 5433 ὀιρτοποιεῖται
3077 5359 3105 5411 6
3181 5358 3410 5430 καθαρὸς
3464 5364 3567 5410 τῶν
3649 5353 3886 5427 inﬂa:

584 5567 632 5601 ⁸⁷
657 5567 831 5623 Marc.
873 5581 916 5636 ι,
950 5565 1007 5623 1.
