4096 6208
93 0 384 72 «vute

201 265 316 334 749
675 313 680 322 ί
1397 272 1696 335 HOMILIA
1733 271 1803 326 IN
1843 268 1946 325 ss.
1982 265 2439 324 INNOCENTES.
3493 272 3602 324 ’τεο

201 403 392 476 ἄρτος,
423 423 512 455 και
533 402 690 477 ἆρτος
727 424 816 456 και
868 403 1025 465 ἄῦλος
1085 400 1179 456 διά
1226 411 1320 456 τοῦ
1392 406 1441 454 ἐν
1493 397 1623 454 ε’ὶδει
1667 400 1833 467 πυρὸς

1958 393 1997 444 ιι
2019 389 2253 446 virtutis
2282 392 2544 448 amicam
2581 389 3124 458 conversationem,
3152 407 3342 464 quam
3361 396 3420 448 et
3445 395 3602 449 Deus

209 493 571 555 αὐτεξουσίως
672 493 1077 555 κατεληλυθότος
1178 498 1466 566 Πνεόματος
1555 493 1832 559 παναγίου.

207 583 377 656 ἄρτον
409 578 470 634 δέ
507 581 738 653 ἀγγέλων
789 603 924 656 φημι
989 603 1074 635 τον
1123 581 1395 655 ἀγγελικὸν
1457 580 1574 655 βίον
1610 584 1700 632 καί
1741 583 1835 636 τὴν

211 671 488 744 φιλάρετον
529 667 819 742 διαγωγήν,
877 673 938 730 ἣν
987 677 1076 723 καί
1115 674 1169 734 ὁς
1219 674 1324 732 Θός
1375 677 1543 741 πεινᾷ,
1600 673 1690 721 καί
1733 663 1838 729 τοῖς

209 764 286 831 μὴ
322 765 654 834 παρέχουσιν
685 759 1156 834 ἐπεμϐριμώμενος.
1200 784 1229 811 ‹‹
1266 765 1551 826 Επείνασα,
1611 780 1637 807 ››
1677 759 1834 834 λέγει,

211 853 348 900 «καί
375 852 468 900 οὐκ
518 846 745 901 ἐδώκατέ
775 870 864 922 μοι
909 858 1112 922 φαγεῖν.
1149 873 1176 900 »
1243 857 1402 922 Πεινᾷ
1457 851 1558 925 γάρ
1617 852 1841 901 πὰντοτε

211 943 313 995 την
345 943 606 1012 σωτηρίαν
646 941 810 1010 ἡμῶν.
857 945 917 1010 ιΗ
947 936 1007 991 δέ
1050 945 1290 1014 σωτηρία
1334 938 1452 1013 βίος
1513 944 1626 991 ἐστί
1678 940 1842 990 καθα-

211 1032 313 1101 ρὸς
345 1033 434 1080 καί
461 1030 490 1086 ἡ
525 1032 653 1104 πρὸς
680 1033 772 1080 τὸυ
803 1028 1024 1086 πλησίον
1057 1027 1256 1100 ἀγὰπη.
1301 1035 1468 1103 Ὅπερ
1507 1025 1594 1080 οὖν
1649 1027 1840 1098 ἔλεγον,

219 1120 430 1189 σπόρου
490 1120 649 1169 τύπον
722 1115 900 1188 ἐπεῖχε
965 1125 1056 1169 τοῦ
1137 1117 1373 1171 Ἰωάννου
1437 1125 1528 1168 τοῦ
1549 1122 1842 1168 Βαπτιστοῦ

213 1227 478 1280 κηρυγμα
527 1211 616 1258 καί
653 1210 712 1259 τὸ
767 1205 1072 1279 βάπτισμα.
1127 1212 1229 1259 Καί
1274 1210 1436 1259 αὐτοῦ
1479 1207 1720 1266 λυθέντος
1753 1222 1843 1268 καί

213 1294 660 1370 ὖπορρεύσαντος,
725 1295 1004 1357 ἐξήνθησεν
1043 1297 1069 1346 6
1125 1303 1218 1355 τῆς
1285 1298 1504 1370 χάριτος
1571 1294 1836 1365 ἀσταχυς.

219 1390 332 1439 Καί
382 1389 549 1437 τοίνυν
609 1389 702 1443 τὴν
791 1384 977 1438 ἑαυτοῦ
1019 1388 1110 1458 μὲν
1173 1391 1391 1458 μείωσιν
1459 1387 1484 1438 6
1543 1389 1841 1442 Βαπτιστὴς

220 1483 482 1548 συνορῶν,
524 1479 793 1548 προκοπὴν
838 1470 898 1526 δέ
945 1494 1036 1526 και
1088 1474 1311 1537 αυξησιν
1351 1482 1442 1526 τοῦ
1482 1482 1578 1536 τῆς
1625 1472 1848 1547 χᾶριτον

223 1561 492 1635 στάχυος,
521 1561 644 1614 ἐϐόα
679 1562 950 1638 παῤῥησιᾳ
988 1567 1117 1636 πρὸς
1177 1566 1298 1625 τούς
1345 1567 1641 1630 συνιόντας,
1693 1563 1850 1634 «Ἐμέ

221 1649 312 1705 δεῖ
367 1651 728 1718 ἐλαττοῦσθαι,
766 1651 952 1704 ἐκεῖνον
981 1649 1040 1704 δὲ
1072 1652 1330 1721 αὐξάνειν,
1361 1677 1390 1703 )›
1422 1657 1540 1728 περί
1569 1661 1660 1705 τοῦ
1713 1659 1851 1724 Χρι-

1944 479 2144 546 esurit,
2185 485 2244 536 et
2288 497 2411 536 non
2463 497 2597 537 eam
2657 484 3010 552 praestantes
3068 479 3243 536 valde
3285 481 3601 554 increpat;

1949 590 1970 617 ι
2009 567 2258 636 Esurivi,
2310 569 2525 641 inquit,
2581 575 2639 625 et
2689 585 2812 624 non
2878 567 3125 624 dedistis
3154 569 3305 624 mihi
3344 571 3603 627 mandu—

1944 673 2081 713 care
2110 659 2174 712 ¹⁸.
2212 679 2240 708 ››
2273 660 2467 716 Esurit
2495 660 2656 716 enim
2687 658 2936 714 omnino
2985 664 3254 714 nostram
3306 661 3558 716 salutem
3587 679 3601 730 ;

1948 747 2115 802 salus
2134 753 2335 804 autem
2357 749 2478 804 vita
2507 765 2662 820 pura
2689 753 2776 804 est
2797 752 2855 802 et
2877 748 2940 802 in
2975 748 3318 819 proximum
3344 749 3603 808 dilectio.

1949 837 2476 901 Quemadmodum
2499 837 2834 906 igiturdixi,
2850 837 3204 892 seminantis
3231 844 3440 910 typum
3457 855 3606 910 pra:-

1947 924 2079 979 buit
2097 926 2342 980 Joannis
2366 925 2640 997 Baptistae
2661 925 3031 997 praeconium
3053 931 3108 980 et
3127 925 3456 997 baptisma.
3478 929 3606 992 Quo

1951 1013 2148 1070 soluto
2168 1020 2226 1069 et
2250 1013 2915 1086 subterlapso,eﬂloruit
2949 1015 3152 1084 gratiae
3173 1015 3360 1086 spica.
3384 1021 3447 1071 Et
3469 1032 3604 1088 pro-

1951 1103 2144 1174 priam
2161 1102 2409 1174 quidem
2430 1103 2890 1160 diminutionem
2920 1104 3295 1174 conspiciens
3321 1106 3601 1176 Baptista,

1951 1207 2343 1264 progressum
2375 1198 2577 1248 autem
2608 1197 2664 1248 et
2692 1193 3127 1249 incrementum
3189 1196 3396 1263 gratiae
3450 1195 3606 1250 illius

1953 1282 2152 1353 spicas,
2183 1281 2412 1337 sincere
2442 1282 2520 1338 ad
2550 1299 2654 1338 eos
2676 1283 2782 1354 qui
2822 1299 2886 1338 se
2935 1282 3186 1338 adibant
3239 1283 3540 1340 clamabat
3589 1302 3604 1339 :

1958 1391 1979 1420 ι
2015 1372 2100 1426 Me
2129 1375 2356 1441 oportet
2380 1371 2587 1436 minui,
2619 1370 2788 1425 illum
2819 1373 3022 1425 autem
3051 1386 3314 1426 crescere
3348 1373 3416 1440 ιθ,
3462 1394 3484 1421 ι
3533 1372 3609 1427 de

1955 1457 2186 1514 Christo
2210 1458 2439 1526 dicens,
2471 1474 2595 1514 non
2625 1458 2700 1514 de
2729 1459 2844 1514 hoc
2872 1458 3271 1524 contristatus,
3319 1460 3425 1516 sed
3453 1460 3613 1516 laeta-

1955 1552 2078 1603 tus.
2119 1548 2306 1618 Hujus
2335 1547 2490 1604 enim
2519 1548 2821 1619 corruptio
2847 1552 2905 1603 et
2952 1547 3250 1617 Evangelii
3297 1549 3612 1604 seminatio

1959 1641 2016 1692 et
2041 1636 2396 1707 germinatio
2417 1638 2478 1692 in
2503 1653 2694 1692 unum
2761 1636 3003 1692 coibant
3040 1641 3097 1692 et
3153 1636 3611 1706 concurrebant,

229 1749 366 1796 στοῡ
396 1741 578 1813 λέγων,
607 1742 699 1793 οὐκ
755 1741 1095 1814 ἀλγυνόμενος
1148 1741 1232 1794 ἐπί
1282 1745 1490 1810 τούτου,
1553 1741 1659 1794 ἀλλ’
1697 1740 1849 1813 ἀγαλ-

1959 1725 2223 1781 hominis
2248 1742 2468 1798 nempe
2496 1725 3040 1781 concinnationem.
3073 1728 3140 1782 Et
3177 1726 3420 1782 aliunde
3465 1725 3615 1796 legis

222 1832 550 1904 λιὼμενος·ἣ
583 1850 634 1882 τε
683 1831 783 1905 γάρ
833 1832 1009 1903 φθὶσις
1064 1834 1253 1883 τοὺτου
1309 1837 1399 1884 καί
1449 1835 1480 1890 ἡ
1534 1837 1626 1883 τοῦ
1681 1831 1854 1904 Εὐαγ-

229 1919 411 1991 γελίου
469 1921 621 1991 φύσις
695 1921 862 1970 εἶτουν
937 1916 1234 1991 βλάστησις
1307 1925 1381 1982 εἰς
1446 1921 1494 1972 ἓν
1556 1919 1853 1972 συνέϐαινον

233 2013 332 2060 καί
362 2011 689 2082 συνέτρεχον,
737 2011 795 2059 τὸ
829 2009 1090 2060 συνθεῖναι
1139 2011 1227 2060 τὸν
1278 2009 1568 2084 ἄνθρωπον.
1609 2014 1711 2062 Καί
1767 2008 1855 2060 ἄλ-

230 2089 343 2151 λως
386 2085 446 2141 δέ
492 2091 551 2139 τὸ
607 2095 699 2141 τοῦ
744 2092 904 2160 νόμου
984 2088 1318 2162 ἐστενωμένον
1395 2094 1589 2141 κόκκου
1699 2089 1852 2160 λόγον

235 2178 422 2251 ἐπεῖχε
455 2173 624 2230 διὰτὸ
664 2185 755 2229 τοῦ
794 2179 966 2240 ἔθνους
988 2177 1082 2230 τοῦ
1109 2178 1209 2230 ὑπὸ
1241 2182 1330 2230 τὸν
1364 2182 1519 2250 νόμον
1569 2175 1850 2251 μονοειδέςο

233 2270 476 2340 γνωστὸς
502 2269 606 2339 γὰρ
637 2265 686 2318 ἐν
711 2275 774 2326 τῆ
811 2263 1050 2339 ,Ιουδαίᾳ
1102 2268 1129 2318 6
1179 2271 1329 2336 Θεὸς,
1371 2273 1460 2319 καί
1511 2268 1571 2319 οὐ
1618 2271 1853 2342 περαιτέ-

233 2376 336 2431 ρω⁸
377 2357 406 2413 ἡ
444 2351 501 2407 δέ
532 2357 695 2431 χὰρις
752 2357 847 2414 τὴν
903 2364 1003 2407 τῶν
1069 2355 1222 2409 ἐθνῶν
1290 2361 1552 2428 συνήγαγε
1592 2376 1856 2428 πανσπερ-

236 2451 368 2518 μίαν
407 2449 497 2496 καί
537 2445 608 2505 εἰς
628 2444 808 2497 ἑκατὸν
838 2449 929 2497 καί
959 2465 1029 2506 εις
1059 2445 1310 2508 ἐξήκοντα
1355 2451 1445 2498 καί
1493 2446 1566 2508 εἰς
1617 2449 1853 2514 τριακον-

236 2555 308 2586 τα
363 2534 584 2609 ἑμφορία
673 2536 930 2608 [εὐφορία]
995 2543 1095 2586 τῶν
1149 2533 1358 2606 ἀγαθῶν
1415 2535 1580 2598 αὐτῆς
1619 2536 1853 2610 πράξεων

239 2615 565 2672 ἐπληθύνθην
618 2618 798 2675 Οὕτως
833 2613 977 2687 ἀρχῆ
1029 2623 1122 2666 τοῦ
1165 2616 1481 2687 Εὗαγγελιῖου
1531 2624 1768 2690 Χριστοῦ
1810 2617 1849 2673 ’ἡ

235 2711 338 2756 τοῦ
391 2703 630 2756 Ἰωάννου
703 2707 836 2776 πρὸς
880 2706 998 2763 τούς
1047 2703 1350 2776 ἀνθρώπους
1405 2709 1710 2778 φανέρωσις.
1766 2707 1856 2757 Διό

233 2798 335 2846 καί
373 2811 528 2865 φησι,
565 2814 586 2843 ε
616 2792 706 2854 ’ος
727 2798 1024 2866 γέγραπται
1073 2793 1123 2845 ἐν
1178 2801 1283 2855 τοῖς
1341 2801 1651 2870 προφήταις·
1713 2792 1856 2848 Ἰδού

239 2887 346 2954 ἒνγὼ
376 2880 672 2935 ἀποστέλλω
700 2885 789 2933 τὸν
833 2881 1052 2953 ἄγγελόν
1117 2902 1219 2954 μου
1276 2887 1377 2958 πρὸ
1429 2890 1713 2959 προσώπου
1735 2904 1856 2952 σου,

240 2975 295 3032 ἅς
324 2972 712 3023 κατασκευάσει
753 2975 846 3030 τήν
898 2967 1022 3024 ὀδόν
1079 2991 1176 3024 σου
1217 2975 1504 3046 ἔμπροσθέν
1545 2994 1662 3030 σου,
1700 2997 1722 3024 ι
1766 2977 1859 3036 Ὦς

241 3081 302 3116 εκ
368 3067 464 3112 τοῦ
543 3063 744 3134 Πατρός
788 3059 930 3112 ἐστιν
996 3061 1022 3112 o’
1077 3060 1229 3133 λόγος
1284 3066 1372 3116 τὸν
1428 3061 1480 3125 ἐξ
1535 3063 1696 3115 αὐτοῦ
1749 3070 1858 3116 Μο-

240 3157 424 3221 νογενῆ
473 3147 788 3220 λελεγμένος,
823 3154 912 3200 καί
965 3149 1182 3221 ἄγγελον
1232 3150 1500 3222 ὀνομάζων
1545 3155 1633 3203 τὸν
1698 3149 1857 3222 ἀγγε-

240 3236 420 3292 λὸὸιον
457 3235 721 3304 Ἰωάννην,
753 3240 840 3289 ἵνα
867 3241 937 3310 μὴ
973 3243 1127 3310 μόνον
1166 3247 1263 3300 τῆς
1324 3244 1381 3291 ἐκ
1425 3242 1689 3312 Παρθένου
1745 3259 1857 3312 γεν-

237 3329 440 3386 νὶισεως
464 3325 682 3398 ἄγγελος
722 3327 986 3401 προτρὲχη
1053 3329 1080 3378 6
1133 3327 1383 3401 Γαϐριὴλ,
1452 3326 1580 3381 ἀλλὰ
1629 3334 1719 3381 καί
1761 3337 1858 3391 τῆς

240 3417 295 3470 ἓν
324 3413 569 3491 Ἰορδάνῃ
613 3414 1018 3487 ἀναγεννήσεως,
1077 3420 1138 3475 ἠν
1197 3419 1322 3490 ὑπὲρ
1368 3416 1493 3490 ἐμοῦ
1549 3417 1853 3490 ἀνεγεννήθη

240 3510 363 3578 (ἐμὴ
421 3508 524 3579 γὰρ
584 3507 615 3564 ἠ
676 3513 768 3557 τοῦ
832 3513 1069 3579 Χριστοῦ
1132 3504 1516 3577 ἀναγέννησις),
1563 3507 1775 3578 ἄγγελος
1829 3509 1856 3559 6

242 3597 484 3654 Ἰωάννης
544 3595 945 3668 προεισάγηται.
992 3593 1148 3646 Ἀλλὰ
1202 3597 1316 3647 τότε
1383 3598 1474 3668 μὲν
1550 3595 1702 3656 ἄυλος
1765 3600 1857 3647 καί

242 3687 470 3759 άορατος
545 3679 640 3734 διὰ
692 3685 750 3734 τὸ
797 3684 876 3734 ἔτί
937 3683 1222 3757 κεκρύφθαι
1267 3685 1360 3742 τήν
1413 3693 1509 3746 τῆς
1544 3690 1856 3758 σαρκώσεως

242 3773 564 3845 οἰκονομίαν,
615 3775 705 3824 καί
761 3770 894 3828 πλήν
949 3778 1040 3832 τῆς
1084 3774 1350 3847 Παρθέοου
1415 3774 1679 3845 ἄγνωστον
1725 3770 1855 3826 εἶναι

243 3870 380 3916 πᾶσι
409 3870 504 3914 τοῦ
529 3867 826 3936 μυστηρίου
856 3866 951 3922 τὴν
979 3857 1230 3936 δύναμιυ·
1257 3864 1324 3914 τά
1365 3871 1452 3915 νῦν
1483 3860 1543 3916 δέ
1593 3865 1619 3915 6
1671 3867 1849 3938 ἔνσαρ-

243 3972 336 4013 κος
360 3951 580 4024 ἅγγελος
607 3959 699 4012 τῆς
742 3959 835 4003 τοῦ
883 3957 1146 4005 Δεσπότου
1205 3959 1498 4030 παρουσὶας
1545 3958 1848 4028 πρὸτρεχει,

243 4046 472 4116 χάριτος
707 4041 991 4112 άγγελικῆς
1047 4041 1296 4114 ἔμπλεως,
1354 4047 1522 4116 φωνὴν
1582 4041 1642 4096 δέ
1685 4046 1850 4115 ἀφιείς

240 4136 512 4204 γὶμουσαν
593 4128 911 4203 παρρησὶας.
1000 4136 1224 4204 Βροντήν
1279 4132 1437 4192 ἄλλην
1485 4138 1610 4205 φαίη
1666 4153 1744 4193 τις
1788 4133 1850 4184 ἄν

241 4238 370 4280 τους
431 4221 806 4292 κατροφόρους
865 4224 1153 4292 σκορπὶους
1209 4225 1711 4290 καταπτήσσουσαν,
1759 4227 1850 4275 καί

243 4307 483 4369 ἱοϐὀλους
512 4311 648 4379 ὄφεις
673 4305 954 4378 φοϐοῦσαν,
980 4313 1071 4361 καί
1129 4313 1284 4380 μόνον
1340 4309 1469 4382 οὐχί
1517 4307 1694 4364 δύνενν
1749 4313 1850 4364 ὖπὸ

240 4406 348 4471 γῆν
403 4399 718 4469 εύχομὶνους
770 4405 842 4468 τῷ
885 4396 1044 4470 φόϐῳ.
1101 4403 1165 4450 Ti
1210 4401 1313 4474 γάρ
1375 4403 1542 4473 ἕτερον
1607 4399 1851 4473 βούλεται

1962 1814 2285 1870 coarctatio
2316 1830 2573 1885 granum
2603 1829 2796 1869 unum
2821 1814 3127 1871 emittebat
3155 1819 3400 1886 propter
3429 1816 3616 1872 unita-

1961 1908 2082 1959 tem
2111 1903 2304 1974 gentis
2331 1919 2470 1975 quae
2490 1903 2604 1959 sub
2632 1903 2764 1972 lege
2789 1907 2915 1958 erat
2954 1919 2968 1957 :
2990 1906 3219 1958 «Notus
3250 1903 3410 1960 enim
3429 1903 3490 1960 in
3515 1905 3618 1960 Ju-

1961 1992 2096 2048 dzea
2125 1995 2277 2048 Deus
2297 1995 2368 2062 ²⁰,
2396 2015 2426 2042 ››
2455 2008 2652 2065 neque
2678 1991 2854 2048 ultra.
2901 1992 3098 2048 Gratia
3160 2008 3304 2048 vero
3344 1992 3615 2065 gentium

1961 2080 2387 2139 omnimodum
2413 2098 2620 2138 semen
2635 2081 3031 2152 congregavit
3053 2085 3110 2138 et
3147 2081 3212 2138 in
3261 2088 3502 2138 centum
3558 2088 3618 2140 et

1959 2172 2022 2228 in
2049 2170 2362 2242 sexaginta
2399 2175 2456 2226 et
2491 2171 2555 2226 in
2591 2170 2834 2241 triginta
2855 2169 3159 2227 bonorum
3188 2172 3321 2243 ejus
3369 2177 3618 2228 actuum

1960 2260 2277 2333 productio
2301 2258 2695 2332 multiplicata
2738 2264 2847 2316 est.
2889 2263 2976 2315 Ita
3020 2259 3257 2316 initium
3313 2256 3620 2330 Evangelii

1963 2351 2171 2407 Christi
2197 2354 2285 2406 est
2310 2349 2556 2406 Joannis
2585 2349 2665 2405 ad
2692 2349 2969 2406 homines
2998 2349 3306 2406 revelatio.
3359 2349 3498 2406 Ideo
3563 2354 3622 2406 et

1961 2439 2192 2512 inquit:
2225 2461 2248 2490 ι
2282 2439 2358 2495 Ut
2381 2438 2672 2510 scriptum
2701 2442 2791 2494 cst
2815 2439 2878 2494 in
2897 2439 3205 2511 prophetis
3248 2455 3262 2497 :
3312 2441 3458 2494 Ecce
3507 2454 3621 2509 ego

1962 2528 2130 2584 mitto
2153 2527 2436 2598 angelum
2457 2543 2664 2582 meum
2682 2531 2822 2584 ante
2837 2527 3053 2584 faciem
3083 2531 3251 2584 tuam
3266 2527 3371 2600 qui
3391 2542 3623 2600 praepa-

1961 2617 2118 2674 rabit
2141 2617 2300 2674 viam
2326 2621 2494 2674 tuam
2526 2621 2662 2672 ante
2683 2621 2760 2672 te.
2789 2638 2812 2666 ι
2849 2618 2919 2674 Ut
2946 2633 3020 2673 ex
3074 2620 3239 2674 Patre
3289 2616 3451 2673 venit
3503 2633 3625 2674 vox

1964 2707 2040 2764 ad
2074 2706 2452 2778 Unigenitum
2481 2705 2724 2777 directa,
2759 2706 3044 2776 angelum
3081 2706 3407 2764 nominans
3457 2707 3623 2762 hunc

1963 2797 2069 2869 qui
2089 2797 2275 2853 vitam
2305 2795 2660 2866 angelorum
2701 2797 2867 2852 ducit
2892 2799 3208 2863 Joannem,
3265 2813 3342 2852 ne
3397 2796 3622 2852 solum‘

1963 2884 2150 2941 modo
2219 2884 2514 2940 nativitati
2569 2901 2642 2940 ex
2685 2884 2919 2956 Virgine
2972 2889 3298 2958 praecurrat
3362 2885 3620 2956 Gabriel,

1968 2973 2074 3029 sed
2092 2973 2275 3044 hujus
2301 2972 2364 3028 in
2407 2971 2667 3028 Jordane
2707 2973 3198 3043 regenerationis,
3226 2989 3351 3046 qua
3385 2989 3496 3046 pro
3522 2990 3624 3030 me

1965 3065 2350 3131 regeneratus
2369 3064 2460 3116 est
2486 3061 2648 3130 (mea
2667 3060 2826 3116 enim
2852 3065 2941 3116 est
2969 3061 3181 3118 Christi
3201 3062 3622 3133 regeneratio),

1967 3150 2218 3221 angelus
2230 3152 2490 3206 Joannes
2507 3149 2927 3206 adduceretur.
2947 3149 3062 3205 Sed
3077 3155 3219 3206 tunc
3241 3149 3489 3222 quidem
3514 3152 3624 3207 im-

1965 3238 2292 3295 materialis
2313 3237 2718 3303 etinvisibilis,
2746 3238 2890 3310 quia
2910 3237 3110 3294 adhuc
3132 3238 3624 3298 abscondebatur

1964 3327 2392 3384 incarnationis
2402 3326 2763 3394 oeconomia,
2779 3342 2850 3382 ac
2861 3327 3088 3383 nemini
3103 3328 3220 3384 nisi
3231 3328 3453 3399 Virgini
3477 3335 3625 3388 nota

1964 3420 2092 3472 erat
2112 3404 2296 3487 hujus
2325 3414 2416 3470 vis
2432 3415 2719 3486 mysterii.
2749 3417 2792 3470 Ν
2800 3430 2918 3470 unc
2939 3419 3141 3471 autem
3167 3415 3415 3473 indutus
3443 3431 3623 3474 carne

1965 3505 2218 3576 angelus
2244 3504 2480 3561 Domini
2499 3505 2827 3576 praesentiae
2853 3505 3181 3577 praecurrit,
3213 3508 3406 3577 gratia
3436 3523 3622 3578 ange-

1961 3595 2078 3654 lica
2101 3594 2338 3667 plenus,
2360 3610 2574 3652 vocem
2603 3598 2807 3650 autem
2829 3594 3163 3651 sinceritate
3194 3595 3436 3668 plenam
3455 3597 3622 3654 emit~

1962 3688 2113 3740 tens.
2141 3685 2375 3741 Diceres
2395 3684 2619 3741 tonitru
2643 3684 2989 3756 scorpiones
3010 3684 3321 3742 stimulum
3347 3692 3620 3758 gerentes

1963 3779 2205 3847 stupore
2233 3773 2562 3846 percellens
2588 3779 3040 3847 venenatosque
3073 3782 3376 3846 serpentes
3396 3781 3622 3834 terrore

1961 3863 2220 3936 implens
2245 3867 2412 3920 tanto
2433 3867 2500 3919 ut
2518 3862 2639 3919 fere
2659 3861 2771 3919 sub
2820 3868 3041 3919 terram
3095 3863 3461 3920 descendere
3515 3882 3620 3922 cui

1960 3955 2148 4026 piant.
2179 3953 2330 4020 Quid
2354 3954 2517 4009 enim
2542 3953 2654 4008 sibi
2672 3951 2800 4009 vult
2826 3951 2996 4021 illud,
3025 3953 3192 4025 quod
3211 3954 3517 4023 genimina
3534 3956 3619 4010 vi-

1957 4058 2243 4115 perarum
2263 4041 2557 4099 nominati
2583 4041 2754 4097 silent
2775 4046 2833 4098 et
2857 4045 3096 4098 austera
3115 4041 3245 4098 haec
3270 4043 3458 4099 verba
3481 4043 3617 4100 feti-

1957 4136 2124 4203 nent,
2150 4136 2208 4187 et
2227 4131 2543 4204 stupefacti
2573 4135 2751 4202 stant,
2785 4129 2961 4202 quasi
2982 4129 3232 4187 fulmine
3261 4133 3531 4204 percussi
3581 4133 3610 4190 ?

1957 4221 2207 4278 lndutus
2231 4220 2412 4291 igitur
2431 4235 2612 4275 carne
2643 4219 2914 4289 angelus,
2945 4219 3069 4276 imo
3097 4236 3241 4276 vero
3289 4221 3474 4278 vitam
3514 4237 3620 4278 an-

1958 4310 2230 4382 gelorum
2266 4309 2496 4366 ducens
2534 4309 2720 4365 homo
2755 4308 2971 4365 Christi
3013 4308 3116 4365 Dei
3151 4310 3619 4369 manifestationi

1957 4400 2290 4478 praecurrit,
2320 4398 2426 4456 sed
2458 4413 2583 4454 non
2630 4397 3045 4454 immaterialis
3094 4402 3152 4454 et
3197 4398 3614 4471 incorporeus,

241 4493 306 4540 τὸ
358 4492 653 4560 γεννήματα
696 4482 924 4559 ἔχιδνῶν
987 4491 1201 4550 τούτους
1259 4487 1664 4562 ὀνομαζομενους
1695 4497 1849 4562 σιγᾷν

1958 4487 2178 4544 multas
2191 4488 2271 4544 ob
2295 4486 2582 4544 rationes.
2619 4485 2944 4559 Oportebat
2972 4487 3133 4546 enim
3153 4503 3362 4545 coram
3392 4489 3618 4546 Judaeis

242 4580 341 4630 καί
392 4574 678 4647 ἁνὲχεσθιιι
722 4583 824 4627 τῶν
885 4576 1161 4651 αὖστηρῶν
1208 4581 1426 4630 τουτωνί
1451 4578 1721 4652 ῥημάτων,
1760 4584 1852 4633 καί

245 4665 413 4726 ἔνεούς
475 4665 744 4722 ἑστηκὶναι
819 4665 888 4726 ὠς
930 4663 1307 4738 ἐμϐροντήτους
1360 4687 1375 4734 ς
1424 4665 1712 4742 Ἓνσαρκος
1764 4669 1852 4721 οὖν

243 4753 490 4827 ἄγγελος,
516 4753 704 4825 μᾶλλον
736 4750 797 4807 δέ
840 4753 1145 4827 ἀγγελόϐιος
1193 4755 1482 4830 ἄνθρωπος,
1529 4765 1625 4818 τῆς
1673 4759 1854 4830 θεσφα-

246 4849 390 4904 νεὶας
415 4845 698 4916 προτρέχει
724 4850 982 4918 Χριστοῦ,
1010 4842 1126 4918 ἀλλ.
1179 4844 1309 4917 οὐχί
1362 4845 1518 4907 άῠλος
1571 4851 1662 4898 καί
1712 4845 1851 4899 ἀσώ-

247 4951 418 5006 ματος
478 4931 678 4985 πολλῶν
730 4935 890 4985 ἕνεκεν
945 4937 1169 5008 τρόπων.
1216 4931 1359 4987 Ἐδει
1413 4936 1515 5011 γάρ
1571 4933 1852 5009 ἀντεμὲτω-

240 5041 343 5076 πον
394 5023 665 5093 ἱστὰμενον
715 5028 826 5083 τοῖς
871 5019 1152 5086 Ἰουδαὶοις
1201 5023 1364 5096 λεγειν
1392 5043 1447 5077 τε
1496 5029 1588 5077 καί
1644 5024 1850 5079 ἆκοὺειν

243 5115 338 5163 καί
381 5116 489 5162 οῖον
541 5105 1079 5164 δακτυλοδεικτοὼτα
1124 5109 1479 5166 ὑποδεικνύειν
1539 5120 1646 5173 τοῖς
1690 5112 1850 5184 ἁγνο-

241 5207 369 5253 οῦσι
398 5204 487 5250 τόν
513 5202 729 5270 φανεντα
754 5204 1010 5275 Χριστὸν.
1049 5201 1110 5252 Εἰ
1131 5197 1192 5253 δέ
1227 5205 1381 5273 φύσει
1433 5200 1648 5273 ἅγγελος
1704 5199 1764 5261 ἦν
1822 5205 1848 5256 6

241 5291 314 5341 τὰ
335 5294 559 5342 τοιαῦτα
579 5287 815 5358 τελέα-ων,
855 5291 1043 5342 ἔπαθον
1077 5291 1138 5342 ἄν
1163 5294 1255 5342 καί
1280 5293 1396 5343 τότε
1422 5294 1481 5342 τὸ
1519 5298 1612 5343 τοῦ
1663 5295 1850 5345 Μανωέ

242 5377 296 5432 σί
322 5383 560 5451 ὁρῶντες,
595 5398 618 5428 ι
641 5375 1026 5452 Ἀπολὼλαμεν,
1066 5400 1098 5430 ιο
1139 5381 1374 5452 γὲγοντες
1418 5401 1450 5430 (ι
1502 5384 1632 5434 Θεὸν
1680 5379 1847 5456 ἄωρα-

1959 4581 2214 4634 stantem
2243 4577 2438 4632 dicere
2458 4579 2517 4632 et
2537 4574 2744 4632 audire
2765 4580 2822 4632 et
2845 4581 3138 4648 tanquam
3185 4575 3374 4646 digito
3412 4579 3497 4633 eis
3520 4579 3604 4634 in-

1957 4667 2159 4724 dicare
2181 4683 2251 4723 ac
2275 4665 2589 4723 ostendere
2612 4665 2909 4722 Christum
2958 4665 3408 4722 manifestatum
3429 4683 3615 4738 quem

1958 4756 2342 4827 ignorabant.
2376 4754 2434 4812 Si
2454 4755 2616 4811 enim
2659 4760 2876 4812 natura
2919 4753 3128 4810 fuisset
3183 4754 3456 4826 angelus,
3500 4756 3609 4827 qui

1959 4861 2098 4901 eum
2117 4844 2426 4912 vidissent,
2454 4843 2518 4899 id
2546 4843 2709 4915 passi
2745 4846 2942 4898 essent
2960 4842 3126 4916 quod
3152 4844 3380 4910 Manue,
3416 4842 3615 4900 dicen-

1958 4939 2048 4990 tes
2083 4951 2096 4989 :
2124 4955 2148 4984 ‹
2179 4934 2464 4997 Perimus,
2487 4935 2675 4988 Deum
2696 4931 2959 4986 vidimus
2979 4933 3050 5000 ²¹,
3084 4953 3113 4981 ››
3153 4931 3416 4988 formam
3455 4933 3618 4991 hanc

1958 5023 2285 5080 nusitatam
2302 5037 2426 5078 non
2454 5021 2730 5076 ferentes.
2755 5020 2870 5077 Sed
2889 5021 3103 5093 etquia
3129 5019 3208 5077 ad
3234 5021 3620 5095 baptismatis

1954 5112 2352 5168 ministerium
2375 5126 2620 5166 necesse
2646 5115 2774 5166 erat
2809 5115 2874 5165 ut
2902 5109 2998 5166 ille
3029 5117 3459 5178 assumeretur,
3515 5129 3621 5171 ne-

1957 5217 2121 5258 cesse
2149 5205 2278 5258 erat
2302 5206 2368 5258 ut
2390 5198 2676 5256 manibus
2701 5198 3026 5256 Dominum
3051 5205 3351 5272 tractaret,
3383 5202 3623 5261 humili-

1955 5291 2232 5364 itatisque
2261 5290 2568 5363 exemplar
2585 5305 2658 5346 eo
2681 5289 2818 5362 ipso
2843 5289 3207 5364 baptismate
3236 5291 3623 5366 praeberetur,

1955 5380 2199 5439 Domini
2223 5380 2417 5454 capite
2432 5380 2744 5451 inclinato,
2776 5384 2936 5439 tacto
2959 5385 3016 5438 et
3045 5381 3126 5438 ad
3153 5397 3350 5456 aquas
3379 5381 3626 5460 descen-

321 5601 375 5680 ἐξ
403 5602 605 5682 μειωι.
639 5619 770 5679 xxv,
803 5607 898 5674 42,
979 5604 1026 5642 ι’
1053 5605 1226 5665 Joan.
1253 5620 1335 5672 ιιι,
1367 5609 1456 5665 30.
1532 5606 1583 5645 ’θ
1611 5609 1774 5666 Psal.
1803 5620 1849 5666 1.:

1958 5646 1978 5680 ,
2004 5608 2064 5665 2ο
2163 5605 2212 5644 ³⁸
2239 5602 2434 5662 ludio.
2455 5617 2584 5678 xm,
2608 5605 2702 5668 21.

3722 0 3876 42 satis
3897 0 3916 6 '
3953 0 3990 36 τ’
4013 0 4048 34 -ιι

3765 57 3786 72 ,ν
3799 47 3818 98 θ’
3885 69 3888 72 .
3931 73 3940 82 ‘
3965 73 3974 96 ε
4013 59 4050 88 τό

3979 99 3986 106 ⁷
4061 105 4072 124 ι

3975 261 3980 272 .
4013 223 4058 278 ’ἦ

3943 311 3946 326 Ι

4041 397 4050 406 .

4025 435 4064 478 ⁸.

4003 529 4016 546 ι
4053 517 4072 536 ’-

4029 659 4086 684 ιον

4039 819 4042 832 Ι

4051 961 4060 978 ο

4079 1097 4088 1106 .

4035 1113 4086 1140 ⁸....

4081 1197 4086 1228 ζ

4075 1255 4086 1266 .

4071 1317 4090 1338 ‘.

4059 1353 4070 1372 ι

4027 1485 4072 1530 τ’.

4019 1555 4030 1564 ’
4075 1565 4086 1596 t

4025 1635 4036 1650 ,ἢ
4065 1647 4072 1660 ¹

4083 1691 4090 1704 ι

4067 1709 4086 1750 ’δ

4049 1753 4068 1764 ς.

4065 1775 4092 1804 ἦ

4067 1911 4088 1930 ι

4073 1961 4086 1982 \

4035 2013 4084 2030 -.δ

4071 2497 4082 2512 ι

4083 2527 4088 2536 .

4055 2863 4066 2872 .

4093 3071 4096 3106 i

4093 3117 4096 3140 l

4093 3195 4096 3206 .

4093 3261 4096 3276 i

4085 3375 4096 3438 -Ι

4093 3451 4096 3480 |

4093 3645 4096 3666 |

4093 3753 4096 3772 |

4093 3833 4096 3870 Ι

4093 3881 4096 3908 l
