4096 6208
3260 84 3283 97 q
3324 86 3331 95 -
3418 74 3473 101 ε’
3546 82 3609 105 -τι,
3632 96 3645 103 υ
3704 80 3723 103 ς
3864 80 3871 85 ·
4044 80 4051 87 ο

464 290 571 343 755
1713 280 2022 336 GERMANI
2052 279 2100 333 II
2130 276 2240 335 (ΣΡ.
2273 277 2689 339 PATRIARCIE

465 411 613 467 ritas
646 408 907 465 Christus
938 405 1251 477 praedixit:
1284 426 1312 453 ‹‹
1344 408 1491 461 Ecce
1516 404 1871 477 relinquitur
1902 403 2124 459 domus

2248 413 2429 479 χειρῶν
2460 407 2599 478 ὑμῶν
2624 424 2637 475 ;
2667 427 2695 456 ››
2731 408 2875 460 Καὶό
2908 404 3097 477 Δαϐίδ,
3121 429 3149 457 ‹‹
3182 411 3387 459 Θυσίαν
3413 412 3502 459 καὶ
3526 410 3837 483 προσφορὰν

466 503 667 557 vestra
687 498 921 552 deserta
951 496 1020 551 ³ο.
1075 516 1102 544 ››
1160 496 1222 549 Et
1251 494 1399 550 dum
1432 500 1587 550 esset
1614 495 1675 550 in
1698 509 1873 549 cruce
1903 496 1958 547 et
1988 508 2126 565 pas-

471 590 636 646 sione
664 591 719 643 et
748 584 1138 641 descenderet
1169 583 1246 639 ad
1278 584 1523 650 inter0s,
1558 590 1716 641 terra
1740 588 1907 639 mota
1935 588 2041 651 est,
2069 585 2127 637 et

469 683 651 751 petrae
676 674 874 731 scissae
907 681 1068 735 sunt.
1101 679 1158 730 et
1188 673 1323 730 cceli
1362 674 1798 731 distillaverunt
1824 672 2126 744 lacrymas

468 782 580 840 pro
605 780 757 821 rore.
2240 779 2342 814 σιν.
2375 768 2538 814 Τοῦτο
2577 766 2677 839 γὰρ
2711 770 2801 816 καὶ
2836 767 2861 823 ὁ
2915 764 3260 822 αὑτοαληθεια
3314 770 3527 837 προεῖπε
3583 771 3844 837 Χριστοςο

539 878 569 906 ι(
607 850 745 907 Ἰδοὺ
780 851 984 924 ἀφίεται
1009 853 1034 903 ὁ
1066 849 1204 915 οἶκος
1236 855 1381 925 ἡμῶν
1434 855 1639 927 ἔρημος.
1671 874 1699 901 ››
1738 856 1839 904 Καὶ
1869 850 1916 903 ἐν
1968 859 2039 921 τῷ
2081 846 2367 901 διαϐαίνειν
2398 849 2452 902 ἐκ
2480 859 2573 903 τοῦ
2624 872 2679 904 τε
2746 849 2839 905 διὰ
2898 860 3127 928 σταῦρου
3189 858 3279 905 καὶ
3345 861 3435 904 τοῦ
3496 854 3698 913 πάθους
3754 846 3850 903 καἱ

470 943 798 997 καταϐαίνειν
857 944 989 1017 πρὸς
1040 938 1197 1012 ᾅδην,
1247 950 1311 1014 γῆ
1371 941 1608 1009 ἐσείσθη,
1650 945 1741 992 καὶ
1801 943 1985 1014 πέτραι
2052 935 2429 1012 διερῥάγησαν,
2483 945 2572 993 καὶ
2630 945 2678 994 οἱ
2729 942 2936 1017 οὐρανοὶ
2989 944 3207 1007 ἔσταξαν
3259 939 3485 1017 δάκρυον
3539 940 3649 993 ἀντὶ
3706 939 3849 1015 δρό-

476 1054 593 1089 σου.

546 1124 682 1177 VIlI.
722 1143 743 1171 ι
778 1124 990 1176 Rectas
1022 1120 1195 1176 facite
1227 1120 1470 1176 semitas
1504 1121 1657 1191 ejus.
1692 1140 1720 1169 ››
1751 1118 1814 1175 Si
1851 1118 2010 1174 enim
2038 1133 2129 1173 re-

472 1211 721 1283 jecerint
752 1209 1207 1265 similitudinem
1234 1226 1371 1265 cum
1404 1209 1618 1281 genitis
1649 1208 1891 1281 viperis,
1926 1213 1982 1263 et
2027 1207 2131 1280 qui

477 1300 731 1373 decepit,
748 1300 1039 1371 serpentis
1068 1299 1194 1354 vias
1224 1300 1551 1370 omiserint,
1569 1302 1761 1355 rectas
1780 1297 2023 1353 semitas
2048 1296 2133 1351 fa-

479 1392 655 1447 cient.
686 1390 779 1446 Sic
801 1390 959 1444 enim
985 1389 1054 1443 iis
1078 1390 1586 1459 transgressiones
1603 1386 2129 1459 corrigerelicebit,

482 1486 538 1536 et
554 1495 657 1535 eos
673 1494 809 1552 quae
825 1479 886 1533 in
908 1478 1145 1533 Cantico
1162 1478 1443 1534 laudatur
1456 1479 1476 1549 j
1488 1477 1688 1533 ustitia
1705 1476 1953 1544 amabit,
1973 1480 2030 1531 et
2044 1491 2133 1531 re-

483 1566 933 1639 generationem
953 1583 1088 1638 quae
1106 1582 1211 1638 per
1242 1566 1613 1638 baptismum
1642 1570 1731 1621 est
1752 1564 2127 1635 obtinebunt,

2248 1568 2407 1634 ἔσται,
2438 1570 2527 1617 καὶ
2549 1568 2578 1624 η
2608 1565 2658 1617 ἐν
2688 1573 2761 1636 τῷ
2786 1564 2806 1578 ”
2837 1574 3047 1639 ᾼσματι
3077 1565 3294 1627 εὐθύτης
3320 1564 3508 1626 αὐτοὺς
3531 1562 3852 1636 ἀγαπήσειε,

483 1637 541 1713 et
570 1656 755 1711 Patris
787 1637 1040 1710 caelestis
1071 1637 1205 1709 vere
1233 1637 1341 1709 ﬁlii
1369 1658 1557 1710 erunt.
1592 1654 1649 1711 Si
1675 1669 1816 1709 vero
1846 1654 1907 1709 in
1932 1654 2129 1725 priore

2248 1657 2326 1705 mi
2356 1662 2451 1716 τῆς
2499 1651 2591 1706 διὰ
2643 1653 3014 1727 βαπτίσματος
3078 1660 3416 1715 νεοποιήσεως
3474 1652 3855 1723 ἐπιτεύξονται,

482 1745 584 1801 via
610 1743 1421 1815 permanserintrursumque
1434 1741 1877 1798 inveterationis
1900 1739 2131 1797 etclau—
2239 1747 2327 1794 καὶ
2355 1747 2506 1795 τέκνα
2533 1748 2727 1812 γνήσια
2755 1752 2845 1795 τοῦ
2895 1742 3199 1815 ἐπουρανίου
3251 1745 3453 1810 Πατρός
3492 1744 3714 1796 ἔσονται.
3791 1742 3857 1793 Εἰ

485 1831 1115 1887 dicationisincessum
1138 1834 1430 1903 tanquam
1449 1830 1714 1903 perversi
1735 1834 1791 1885 et
1823 1826 2133 1901 depravati

2248 1828 2293 1883 δ’
2326 1830 2407 1883 ἐπὶ
2444 1840 2539 1893 τῆς
2593 1836 2846 1907 προτέρας
2885 1840 3120 1905 μενοῦσι,
3178 1836 3267 1883 καὶ
3319 1828 3465 1891 αὖθις
3510 1830 3857 1890 παλαιώσεως

485 1921 611 1989 ﬁlii,
648 1921 1013 1992 serpentium
1064 1936 1230 1976 more
1278 1919 1733 1987 circumvolunt,
1784 1925 2022 1992 pectore
2078 1922 2136 1973 et

485 2014 691 2066 ventre
742 2009 1108 2079 incedentes,
1179 2009 1605 2081 cupiditatibus
1671 2014 1728 2065 et
1773 2008 2135 2064 helluatione

489 2099 773 2164 fruentes,
814 2097 1079 2154 futuram
1111 2100 1261 2154 iram
1287 2114 1408 2153 non
1436 2097 1752 2167 effugient:
1786 2098 1950 2153 furor
1974 2096 2135 2153 enim

485 2186 617 2259 illis,
653 2191 718 2243 ut
764 2187 846 2243 ait
878 2187 1087 2256 David,
1122 2187 1458 2242 secundum
1515 2186 1962 2242 similitudinem
2020 2201 2137 2241 ser-

485 2276 679 2349 pentis
704 2276 810 2348 qui
840 2276 919 2331 ab
957 2275 1124 2331 initio
1148 2275 1456 2331 homicida
1494 2280 1622 2343 est;
1658 2276 1874 2331 ventris
1933 2279 2136 2331 autem

485 2365 810 2437 cupiditate
860 2370 916 2421 et
965 2369 1237 2421 cetaceos
1272 2370 1507 2420 ventres
1560 2365 2135 2437 supergrediuntur:

486 2454 704 2529 domos
722 2453 882 2508 enim
895 2454 1212 2509 viduarum
1231 2453 1637 2518 comederunt,
1655 2458 1711 2510 et
1726 2454 2137 2526 orphanorum

486 2530 744 2597 miseriis
778 2541 961 2599 laetati
992 2546 1131 2600 sunt
1168 2542 1695 2597 immisericordes.

3725 282 3831 337 756

2235 493 2328 544 ούκ
2355 495 2638 557 ἠθέλησας.
2686 519 2716 546 )›
2748 498 2823 548 Οὐ
2849 502 3001 569 μόνον
3053 493 3111 549 δὲ
3152 492 3244 548 διὰ
3296 501 3389 554 την
3439 496 3700 571 ἀκαρπίαν
3739 505 3842 548 τῶν

2236 580 2479 655 ἐναρέτων
2557 584 2788 659 πράξεων
2868 589 3060 660 ἔρημος
3112 588 3141 643 ἡ
3208 581 3444 637 Ἰουδαία
3528 586 3842 657 ὠνομάσθη,

2238 669 2364 723 ἀλλὰ
2391 677 2481 724 καὶ
2515 670 2609 725 διὰ
2638 680 2731 733 την
2762 679 2976 749 χρόνιον
3031 678 3395 749 καταστροφὴν
3424 680 3512 726 καὶ
3583 676 3847 747 ἐκπορθη-

2312 1119 2395 1173 Η’.
2425 1141 2453 1169 ‹‹
2500 1120 2715 1182 Εὐθείας
2765 1129 2959 1173 ποιεῖτε
3012 1123 3107 1183 τὰς
3152 1119 3363 1196 τρίϐους
3399 1120 3579 1172 αὑτοῦ.
3632 1144 3660 1171 ››
3722 1119 3852 1171 Ἐὰν

2238 1208 2338 1282 γὰρ
2389 1213 2482 1267 τὴν
2530 1213 2661 1284 πρὸς
2717 1213 2811 1271 τὰς
2861 1215 3225 1282 γεγεννηκυίας
3282 1206 3502 1281 ἐχίδνας
3558 1211 3855 1282 ὁμοιότητα

2241 1292 2586 1349 ὃιαπτύσαιεν
2641 1304 2730 1351 καὶ
2787 1306 2879 1350 τοῦ
2942 1297 3308 1359 ἀπατήσαντος
3364 1303 3520 1369 ὄφεως
3568 1296 3852 1349 ἐκκλίνοιεν

2237 1388 2329 1446 τὰς
2394 1382 2567 1454 ὁδούς,
2637 1387 2831 1448 εὐθείας
2884 1389 2973 1447 τὰς
3029 1386 3236 1459 τρίϐους
3290 1391 3627 1443 ποιήσουσιν.
3687 1386 3853 1438 Οὕτω

2236 1477 2337 1548 γὰρ
2366 1475 2541 1537 αὐτοῖς
2582 1481 2672 1528 καὶ
2730 1479 2796 1528 τὰ
2853 1473 3163 1548 διαδήματα
3217 1477 3627 1534 κατευθυνθήναι
3678 1494 3857 1547 προσ-

2239 1747 2327 1794 xui
2355 1747 2506 1795 τέκνα
2533 1748 2727 1812 γνήσια
2755 1752 2845 1795 τοῦ
2895 1742 3199 1817 ἐπουρανίου
3251 1745 3453 1810 Πατρός
3492 1744 3714 1796 ἔσονται.

2241 1923 2329 1970 καὶ
2354 1919 2688 1992 χωλάνσεως,
2722 1924 2789 1982 ὡς
2821 1920 3078 1994 ἀλλότριοι
3126 1923 3233 1973 υἱοὶ
3286 1925 3374 1972 καὶ
3441 1922 3507 1982 ὡς
3553 1922 3699 1991 γενεὰ
3726 1938 3859 1971 axo-

2242 2008 2329 2061 λιὰ
2358 2014 2446 2061 καὶ
2478 2006 2887 2085 διεστραμμένη,
2940 2008 3174 2076 ὁφιωδὼς
3206 2010 3434 2073 Quicum
3463 2014 3556 2068 την
3610 2014 3856 2084 πορείαν,

2245 2098 2328 2151 ἐπὶ
2354 2106 2425 2169 τῷ
2458 2101 2639 2157 στήθει
2690 2105 2779 2152 καὶ
2828 2108 2888 2173 τῇ
2924 2098 3095 2172 κοιλίᾳ
3147 2104 3501 2174 πορευόμενοι,
3564 2099 3708 2171 θυμῷ
3760 2103 3858 2149 καὶ

2244 2207 2643 2263 γαστριμαργιᾳ
2682 2193 2953 2264 χαίροντες
2986 2211 2998 2223 ·
3061 2187 3161 2241 ἀπὸ
3230 2197 3327 2249 τῆς
3359 2187 3642 2261 μελλούσης
3690 2186 3858 2261 ὀργῆς

2246 2277 2304 2328 ού
2359 2274 2757 2350 διαφευξοῦνται
2808 2300 2822 2312 ·
2864 2280 2889 2330 6
2945 2281 3034 2351 μὲν
3071 2280 3169 2351 γὰρ
3226 2280 3383 2350 θυμός
3439 2278 3635 2337 αὐτοῖς,
3674 2279 3857 2337 καθώς

2249 2386 2406 2438 φησιν
2436 2368 2462 2418 6
2490 2363 2675 2437 Δαϐὶδ,
2708 2370 2845 2420 κατὰ
2873 2372 2967 2426 τὴν
3006 2370 3255 2440 ὁμοίωσιν
3285 2375 3378 2419 τοῦ
3416 2370 3568 2439 ὄφεως
3604 2373 3696 2418 τοῦ
3763 2363 3856 2416 ἀπ’

2251 2455 2421 2528 ἀρχῆς
2470 2455 2897 2530 ἀνθρωποκτόνου
2950 2479 2962 2490 ·
3133 2453 3191 2509 δὲ
3243 2456 3571 2528 κοιλιομανίᾳ
3608 2460 3697 2507 καὶ
3758 2475 3856 2511 κη-

2251 2551 2381 2605 τώας
2432 2547 2607 2608 πάσας
2686 2550 2949 2617 γαστέρας
3044 2548 3485 2620 ὑπερπεπαίκασι,
3568 2547 3673 2605 Τὰς
3744 2545 3853 2616 γὰρ

2252 2633 2421 2696 οἰκίας
2451 2642 2551 2685 τῶν
2605 2643 2790 2707 χηρῶν
2820 2636 3177 2697 κατεσθίοντες
3226 2631 3381 2704 ἦσαν,
3440 2639 3528 2686 καὶ
3582 2641 3697 2693 ταῖς
3750 2640 3854 2683 τῶν

2253 2721 2483 2796 ὀρφανῶν
2505 2731 2798 2798 συμφοραῖς
2826 2733 3166 2797 εντρυφῶντες
3196 2726 3245 2776 οἰ
3301 2722 3642 2796 ἀνελεήμονες.

558 2810 680 2865 ΙΧ.‹‹
697 2808 865 2865 Venit
887 2810 1146 2865 Joannes
1169 2808 1482 2881 baptizans
1502 2808 1563 2864 in
1585 2809 1818 2865 deserto
1845 2812 1901 2865 et
1925 2808 2136 2882 praedi-

2324 2811 2407 2866 ϐ’,
2464 2834 2491 2859 ιι
2548 2813 2779 2884 Ἐγένετο
2842 2813 3081 2874 Ἰωάννης
3129 2811 3403 2886 βαπτίζων
3450 2812 3503 2885 έν
3675 2810 3858 2886 ἐρήμῳ

488 2913 631 2953 cans
649 2897 1021 2970 baptismum
1043 2898 1406 2969 poenitentiae
1424 2900 1485 2953 in
1518 2898 1935 2954 remissionem
1960 2915 2136 2971 peca-

2250 2906 2340 2952 καὶ
2385 2904 2668 2975 κηρύσσων
2702 2901 2983 2975 βάπτισμα
3029 2907 3296 2975 μετανοίας
3333 2902 3405 2963 εἰς
3456 2904 3636 2974 ἄφεσιν
3687 2900 3859 2974 ἀμαρο

487 2991 709 3043 torum.
732 2989 798 3041 Et
823 2986 1192 3042 accedebant
1240 2987 1318 3042 ad
1344 3002 1483 3042 eum
1511 2988 1710 3043 omnis
1731 2987 1953 3043 Jubaaaa
1976 2989 2139 3058 regio

487 3079 543 3130 et
569 3074 1073 3147 Jerosolymitani,
1105 3081 1163 3130 et
1192 3075 1656 3147 baptizabantur
1685 3092 1896 3131 omnes
1924 3076 1986 3132 in
2009 3076 2139 3133 Jor-

487 3164 666 3229 dane,
696 3163 1045 3219 conﬁtentes
1070 3169 1315 3236 peccata
1336 3180 1445 3220 sua
1465 3165 1536 3221 ⁸¹.
1569 3188 1597 3213 ››
1632 3167 1889 3221 Rursum
1912 3168 2139 3223 Marcus

488 3268 593 3323 per
620 3251 954 3307 breviorem
979 3253 1144 3307 viam
1184 3253 1471 3323 procedit,
1507 3257 1564 3309 et
1592 3253 1874 3310 distantia
1920 3254 2140 3325 colligit

486 3345 544 3396 et
568 3342 629 3396 in
650 3357 835 3397 unam
855 3342 1074 3397 vallem
1087 3341 1357 3397 derivare
1370 3342 1602 3399 videtur
1626 3343 1748 3398 duo
1768 3343 2139 3416 baptismata

488 3433 544 3485 et
559 3430 685 3501 pari
708 3430 975 3486 efﬁcacia
990 3430 1489 3485 introductorium
1513 3435 1570 3487 et
1588 3430 1918 3502 perfectum
1942 3438 2140 3488 osten-

489 3519 643 3573 dere.
662 3520 869 3574 Forsan
888 3518 1097 3587 aliquis
1112 3520 1312 3574 credot
1329 3521 1433 3574 Eva
1444 3519 1747 3591 ngelistam
1763 3520 1952 3576 dicere
1965 3524 2140 3578 Joan-

489 3606 583 3660 nis
604 3606 979 3676 baptismum
996 3609 1381 3678 peccatorum
1399 3608 1816 3664 remissionem
1835 3616 2136 3681 praestare.

492 3693 606 3749 Sed
622 3709 743 3748 non
757 3695 835 3749 ita
858 3700 963 3761 est,
988 3711 1111 3749 non
1135 3695 1241 3750 ita.
1263 3698 1464 3751 Tantae.
1477 3696 1636 3751 enim
1659 3696 1794 3752 fons
1813 3698 2016 3767 gratiae
2040 3715 2139 3754 so—

488 3782 581 3837 lus
596 3782 919 3838 estdomini
934 3783 1192 3855 baptism
1202 3783 1489 3840 us.Verba
1500 3790 1699 3839 autem
1719 3786 1802 3841 sic
1820 3787 2139 3844 cohaerent:

496 3872 693 3927 «Venit
714 3873 977 3928 Joannes
998 3872 1317 3944 baptizans
1340 3873 1399 3928 in
1426 3873 1715 3929 deserto.»
1740 3878 1802 3930 Et
1822 3876 1917 3931 hic
1938 3876 2142 3933 distin-

490 3960 750 4016 ctionem
775 3961 1060 4032 interjice,
1080 3960 1281 4029 lector,
1302 3966 1591 4035 tanquam
1608 3962 1953 4035 baptismati
1971 3968 2144 4021 Joan-

491 4051 584 4106 nis
611 4050 867 4105 solidum
909 4068 1148 4107 murum
1181 4067 1457 4123 opponas
1482 4051 1749 4125 illudque
1777 4070 1813 4109 a
1840 4054 2144 4111 dominico

489 4141 851 4212 baptismate
876 4142 1177 4213 sejungas.
1211 4142 1429 4198 deinde
1454 4143 1597 4198 dicit
1625 4161 1637 4198 :
1674 4164 1701 4193 ν
1727 4146 1792 4199 Et
1806 4146 2143 4217 przedicans

490 4228 864 4299 baptismum
924 4231 1288 4301 paenitentiae
1336 4232 1399 4285 in
1430 4233 1843 4288 remissionem
1880 4239 2136 4305 peccato-

2255 4244 2345 4287 τοῦ
2381 4237 2614 4288 Ἰωάννου
2674 4235 2966 4297 ἐπιστήσας
3033 4235 3383 4309 βαπτίσματι,
3438 4240 3526 4287 καὶ
3583 4236 3862 4307 ἀποτειχί-

492 4331 660 4379 rum;
686 4337 712 4363 »
743 4317 907 4387 quod
926 4325 1013 4373 est
1036 4319 1239 4374 Christi
1264 4320 1587 4391 baptisma.
1617 4323 1676 4375 Et
1694 4322 2136 4392 patetaliunde;

2257 4345 2347 4386 σας
2377 4333 2468 4377 τοῦ
2500 4333 2816 4378 Δεσποτικοῦ
2851 4348 2863 4359 ·
2899 4324 3009 4378 εἶτα
3037 4326 3191 4398 λέγει,
3229 4332 3380 4379 «Καί
3428 4328 3712 4399 κηρύσσων
3759 4325 3857 4398 βά-

491 4402 607 4457 illic
632 4404 790 4457 enim
813 4404 1038 4459 dictum
1062 4411 1168 4472 est,
1191 4408 1522 4477 Baptizans,
1547 4408 1607 4462 id
1630 4415 1719 4463 est
1739 4414 1938 4464 actum
1962 4410 2136 4483 bapti-

2253 4435 2459 4487 πτισμα
2487 4420 2756 4487 μετανοίας
2804 4416 2876 4477 εἰς
2932 4418 3115 4488 ἄφεσιν
3167 4416 3513 4492 αμαρτιῶν,›
3547 4417 3573 4466 6
3626 4413 3739 4466 ἐστι
3794 4420 3857 4467 τό

492 4491 667 4546 zandi
692 4506 949 4562 operans
975 4508 989 4555 ;
1016 4493 1111 4547 hic
1143 4509 1284 4548 vero
1318 4494 1419 4548 ubi
1448 4496 1721 4549 remissio
1761 4501 1848 4550 est
1876 4504 2144 4568 peecato-

492 4595 649 4646 rum,
676 4579 1028 4645 Prmdicans,
1055 4585 1118 4635 ut
1136 4581 1209 4635 de
1224 4581 1424 4636 futuro
1444 4582 1629 4639 altero
1646 4583 2025 4654 baptismate,
2045 4605 2142 4642 cu-

488 4670 589 4741 jus
619 4685 817 4741 prieco
861 4674 1007 4735 erat,
1066 4684 1189 4723 non
1228 4675 1523 4741 operator.
1572 4676 1926 4744 Praaparatio
1980 4678 2137 4732 enim

493 4765 619 4817 erat
644 4760 890 4817 Joannis
918 4759 1223 4832 baptisma
1266 4762 1546 4817 Dominici
1582 4763 1957 4834 baptismatis
1989 4774 2045 4823 et
2078 4774 2139 4824 ut

492 4851 764 4924 quaedam
820 4852 1184 4924 praecursio;
1237 4856 1301 4907 ut
1342 4868 1463 4906 non
1520 4853 1703 4909 modo
1736 4870 1851 4910 vox
1880 4872 2136 4927 praecur-

492 4945 647 4996 reret
673 4940 883 5003 Verbo,
921 4940 1026 4995 sed
1059 4946 1116 4996 et
1154 4939 1505 5012 baptismati
1540 4941 1867 5014 baptisma.

491 5032 581 5079 κόν
637 5035 726 5081 καὶ
784 5030 889 5081 οἷόν
946 5050 1025 5091 τις
1078 5026 1490 5105 προοδοποίησις
1547 5052 1559 5063 ·

496 5136 625 5188 σμα.

561 5210 619 5261 Χ.
648 5230 675 5256 ‹‹
708 5209 840 5262 Erat
872 5214 1069 5263 autem
1091 5212 1348 5265 Joannes
1398 5210 1648 5266 vestitus
1678 5211 1813 5284 pilis
1846 5215 2057 5270 cameli
2086 5219 2141 5271 et

490 5311 643 5352 zona
665 5296 908 5368 pellicea
936 5298 1090 5353 circa
1112 5298 1353 5353 lumbos
1379 5299 1507 5371 ejus
1530 5301 1599 5357 ³³.
1625 5322 1653 5349 ››
1676 5300 1967 5357 Volebam
1984 5303 2136 5359 bene

490 5386 750 5442 cinctum
790 5385 955 5441 illum
989 5392 1044 5443 et
1083 5387 1438 5444 instructum
1478 5389 1767 5446 viatorem
1820 5391 2133 5462 paululum

2180 2986 2219 3039 C
2250 2999 2393 3047 τιών.
2430 2996 2529 3043 Καὶ
2568 2989 2921 3066 ἐξεπορεύοντο
2960 2995 3091 3066 πρὸς
3142 2992 3296 3044 αὐτόν
3326 2998 3474 3044 πᾶσα
3524 2993 3553 3049 ἡ
3614 2986 3861 3043 Ἰουδαία

2248 3086 2404 3152 χώρα
2429 3084 2515 3132 καὶ
2558 3082 2607 3132 οἱ
2653 3080 3082 3154 Ἱεροσολυμῖται,
3128 3085 3217 3133 καὶ
3268 3080 3607 3140 ἐϐαπτίζοντο
3664 3080 3860 3139 πάντες

2249 3168 2297 3220 ἐν
2367 3177 2438 3241 τῷ
2496 3167 2756 3242 Ἰορδάνῃ,
2811 3169 3263 3243 ἐξομολογούμενοι
3314 3173 3409 3232 τὰς
3456 3170 3706 3243 ἁμαρτίας
3762 3168 3861 3221 αύ-

2248 3266 2367 3312 τῶν.
2426 3282 2454 3308 ››
2513 3258 2674 3311 Πάλιν
2729 3261 2754 3311 6
2803 3262 3017 3333 Μάρκος
3062 3263 3155 3317 τὴν
3211 3259 3591 3331 ἐπιτομωτέραν
3637 3253 3857 3330 βαδίζει

2248 3350 2431 3399 καὶτὰ
2482 3344 2802 3405 διεστηκότα
2852 3349 3120 3410 συνάπτει,
3188 3354 3279 3399 καὶ
3334 3348 3400 3408 εἰς
3440 3352 3565 3420 μίαν
3620 3349 3854 3420 μισγάγ-

2247 3456 2389 3488 κειαν
2441 3433 2586 3488 δοκεῖ
2641 3439 2997 3509 μετοχετεύειν
3041 3439 3105 3489 τὰ
3180 3433 3275 3488 δύο
3333 3436 3703 3509 βαπτίσματα,
3758 3440 3852 3487 καὶ

2253 3521 2569 3597 ὶσοδύναμον
2618 3530 2810 3597 φαίνειν
2864 3529 2924 3577 τὸ
2974 3524 3316 3597 εἰσαγωγικόν
3367 3533 3440 3596 τῷ
3478 3524 3784 3593 τελειωτικῷ
3837 3546 3851 3557 υ

2248 3618 2379 3673 ἴσως
2425 3616 2527 3687 γὰρ
2580 3618 2659 3675 τίς
2726 3614 3035 3672 οἰηθησεται
3107 3614 3268 3686 λέγειν
3320 3617 3406 3665 τὸν
3481 3614 3855 3685 εύαγγελιστήν

2250 3705 2432 3775 ἄφεσιν
2486 3704 2749 3778 ἁμαρτιῶν
2808 3709 3057 3777 παρέχειν
3111 3708 3169 3756 τό
3211 3712 3301 3755 τοῦ
3359 3704 3595 3756 Ἰωάννου
3658 3701 3855 3775 βάπτι-

2254 3812 2381 3864 σμα.
2425 3791 2562 3844 Ἀλλ’
2594 3792 2687 3844 οὐκ
2716 3795 2828 3844 ἔστι
2882 3801 3057 3861 τοῦτο,
3087 3793 3182 3844 οὐκ
3237 3795 3402 3850 ἔστιν,
3451 3800 3557 3854 Τῆς
3602 3796 3703 3865 γὰρ
3751 3812 3858 3844 τοι·

2252 3885 2413 3942 αύτης
2475 3885 2803 3953 πηγαστικόν
2893 3884 3131 3956 χάριτος,
3198 3886 3348 3953 μόνον
3404 3883 3462 3931 τὸ
3517 3886 3859 3934 Δεσποτικόν.

2252 3968 2407 4041 Ἐχει
2440 3966 2497 4021 δὲ
2542 3970 2705 4030 οὕτως
2758 3971 2787 4027 ἡ
2822 3978 2912 4022 τοῦ
2965 3970 3117 4041 λόγου
3151 3969 3429 4021 ἀκολουθία
3462 3990 3475 4001 υ
3510 3990 3538 4016 ‹‹
3569 3968 3798 4039 Ἐγένετο
3832 3971 3858 4020 6

2254 4057 2494 4119 Ἰωάννης
2537 4057 2808 4130 βαπτίζων
2835 4062 2882 4111 ἐν
2909 4068 2967 4131 τῇ
2999 4058 3172 4133 ἐρήμῳ
3207 4081 3219 4092 ο
3259 4080 3285 4108 ››
3332 4062 3421 4109 καὶ
3449 4058 3622 4120 στίξον
3680 4054 3806 4123 ὧδε,
3832 4060 3859 4109 6

2256 4144 2643 4218 ἀναγινώσκων,
2704 4152 2796 4206 τὴν
2883 4153 3111 4221 στιγμὴν
3163 4152 3226 4208 ὡς
3280 4150 3444 4222 ἔρυμα
3489 4150 3737 4220 κραταιὸν
3784 4157 3860 4218 τῷ

2252 4512 2342 4557 τοῦ
2369 4513 2624 4579 Χριστοῦ.
2654 4505 2811 4565 Δῆλον
2844 4502 3011 4558 δὲκαὶ
3050 4506 3235 4575 ἄλλως,
3294 4506 3376 4557 ὃτι
3422 4503 3525 4555 ἐκεῖ
3571 4508 3661 4575 μὲν
3711 4507 3858 4579 εἰρη-

2252 4611 2337 4645 ται
2393 4597 2448 4645 τὸ
2509 4594 2800 4666 βαπτίζων,
2850 4600 3138 4661 τουτέστιν,
3188 4597 3399 4667 ἐνεργῶν
3441 4596 3499 4644 τό
3552 4591 3854 4663 βαπτίζειν,

2249 4680 2469 4735 ἐνταῦθα
2500 4678 2558 4735 δὲ
2587 4685 2713 4735 ὅπου
2748 4686 2776 4741 ἡ
2837 4692 2935 4734 τῶν
2984 4684 3245 4756 ἁμαρτιῶν
3297 4684 3477 4754 ἄφεσις
3538 4684 3595 4732 τό
3644 4686 3856 4756 κηρύσ-

2250 4792 2351 4823 σων
2383 4775 2447 4831 ὡς
2477 4770 2559 4823 ἐπὶ
2589 4772 2858 4843 μέλλοντος
2896 4772 3071 4846 ἑτέρου
3130 4770 3521 4844 βαπτίσματος,
3577 4790 3637 4821 ου
3686 4771 3861 4845 κῆρυξ

2249 4857 2329 4925 ἦν,
2358 4861 2484 4932 οὐχὶ
2512 4861 2773 4922 τελεστὴς.
2838 4866 3200 4935 Προτοιμασία
3230 4863 3330 4934 γὰρ
3390 4856 3450 4917 ἦν
3524 4865 3613 4911 καὶ
3653 4880 3859 4933 προπα-

2245 4955 2475 5024 ρασκευὴ
2520 4954 2574 5002 τό
2616 4958 2705 5002 τοῦ
2740 4950 2972 5003 Ἰωάννου
3023 4949 3305 5023 βάπτισμα
3334 4954 3463 5024 πρὸς
3495 4952 3550 5000 τό
3599 4957 3860 5001 Δεσποτι-

1619 5034 1704 5082 ἵνα
1763 5037 1834 5104 μὴ
1895 5039 2045 5105 μόνον
2086 5043 2222 5110 φωνὴ
2258 5043 2523 5113 προτρέχη
2582 5047 2671 5091 τοῦ
2704 5045 2895 5111 Λόγου,
2936 5039 3063 5091 ἀλλὰ
3108 5044 3195 5090 καὶ
3228 5038 3597 5111 βαπτίσματος
3660 5036 3860 5111 βάπτι-

2348 5218 2359 5235 η
2471 5217 2537 5237 ’τε
2613 5216 2645 5237 ‘I
2699 5220 2709 5231 '
2747 5220 2782 5237 91
2854 5220 2863 5230 ¹
3027 5216 3038 5237 ξ
3084 5216 3106 5237 Ὦ
3148 5216 3169 5237 Ὦ
3260 5222 3269 5231 ⁸
3312 5236 3317 5237 ,
3420 5221 3595 5237 κείνη.
3674 5236 3699 5237 ,,
3804 5223 3811 5233 '

2348 5218 2359 5235 η
2471 5217 2491 5233 ν
2639 5220 2759 5237 ..,
2854 5220 2863 5230 .
3027 5216 3038 5233 ,
3260 5222 3269 5231 .
3482 5221 3492 5232 ,
3804 5223 3811 5233 .

2322 5223 2381 5271 Ι.
2419 5240 2437 5265 ι(
2498 5225 2566 5270 Ην
2601 5215 2659 5270 δε
2689 5238 2714 5270 ο
2764 5225 2979 5277 Ιωαννης
3019 5214 3353 5290 ενδεδυμενος
3410 5235 3597 5290 τρίχας
3672 5236 3860 5288 καμη-

2246 5305 2334 5357 λου
2366 5312 2454 5359 καὶ
2488 5309 2652 5367 ζώνην
2700 5304 3011 5380 δερματίνην
3068 5312 3184 5380 περί
3232 5311 3327 5363 τὴν
3376 5306 3537 5377 ὀσφὺν
3600 5307 3790 5364 αὐτοῦ,
3830 5328 3854 5355 ν

2245 5394 2557 5466 Ἐϐουλόμην
2589 5400 2675 5449 τόν
2708 5400 2924 5459 εὔζωνον
2980 5416 3159 5449 τουτον
3204 5400 3293 5447 καί
3349 5392 3571 5451 εὐσταλῆ
3635 5390 3858 5446 ὁδοιπό-

561 5603 607 5638 30
638 5603 776 5659 Luc.
806 5608 927 5672 xn’i,
956 5608 1041 5661 35.
1135 5606 1179 5640 ³¹
1215 5606 1389 5689 Marc.
1414 5621 1455 5699 ι,
1481 5609 1535 5676 4,
1568 5612 1620 5693 5.
1715 5609 1762 5689 ξι
1796 5607 1946 5682 Ibid,
1975 5614 2031 5703 6'.

4094 1468 4096 1557 ἱ

4092 1620 4096 1717 l

4094 1950 4096 2019 ι

4094 2118 4096 2189 i
