2048 3104
135 145 193 171 ’75⁵1

753 145 899 174 HOMILIA
917 144 955 171 IN
975 144 1024 173 SS.
1045 145 1274 174 INNOCENTES.

1772 149 1825 176 758

136 214 187 242 ρον
201 209 248 235 τῆς
270 209 361 235 στενῆς
383 215 411 232 τι
436 207 482 232 καὶ
508 205 676 242 τιθλιμμᾶνης
704 207 797 242 μικρὸν
822 205 937 241 ἔπὶσχοῖι

1000 205 1032 234 in
1046 206 1105 234 hac
1119 209 1202 235 arcta
1216 209 1245 235 et
1257 207 1418 236 constricta
1433 207 1483 235 via
1496 207 1618 236 tardare
1633 207 1759 244 ejusque
1777 216 1826 236 ve-

136 253 186 276 καὶ
202 252 230 276 τὸ
246 249 326 275 αὐτοῦ
341 251 566 287 περιιργάσασθαι
580 248 690 286 ἔνδυμα,
714 253 759 276 καὶ
774 251 817 276 τὸν
836 251 944 287 ἱστουρ-

137 297 261 331 γήσαντα
274 293 423 324 ἐπιζητῆσαι
439 297 484 321 καὶ
500 293 547 321 διὰ
561 297 587 321 τί
613 299 713 332 τριχῶν
740 295 860 331 καμήλου
887 294 944 326 ἄξυ-

139 339 224 374 φοίνθῄ
242 338 311 369 ζώου
327 337 488 376 ἀκαθάρτου,
503 341 548 365 καὶ
573 339 637 375 οὖχὶ
662 338 757 375 μᾶλλον
786 338 855 376 ἐρίου
883 348 945 376 προ-

137 382 288 417 ϐατιχοῦ,ἣ
312 382 434 419 μηλωτῆς
450 382 603 420 ὁλοκλήρου,
630 384 683 409 οἷον
708 381 739 412 ἧν
767 385 813 410 καὶ
840 384 869 409 τὸ
897 386 943 409 τοῦ

137 426 273 457 Θισϐἣθεν
289 427 388 455 Ἠλιοῦ.
415 426 484 454 Ἀλλ’
510 425 601 456 ἔπειδὴ
618 425 749 464 διακορεῖς
773 428 871 464 ὁρῶμεν
896 431 944 454 τοῦ

135 471 217 507 λόγου
232 474 370 508 γιγονότας
384 473 450 508 ὑμᾶς
462 474 507 498 καὶ
521 474 586 509 πρὸς
601 473 630 498 τὸ
643 476 725 508 μῆκος
746 475 794 502 τῆς
809 470 942 498 διδασκα-

133 515 194 547 λίας
209 516 416 553 ἰλιγγιάσαντας,
431 516 543 544 ἐνταῦθα
555 518 620 543 ὅπου
640 518 668 542 τό
696 516 839 545 ἀσκητικὸν
863 514 941 542 isdu—

133 571 173 598 μα
187 565 235 588 τοῦ
250 562 380 596 Ἰωάννου,
393 564 440 591 τὴν
466 562 532 598 ὑφὴν
547 560 749 599 διοπερανοῦμεν
777 564 824 587 τοῦ
848 561 939 597 λόγου.

135 608 189 632 Καὶ
203 606 256 641 οὔχ
273 607 478 642 ὑπωπτεύσαμιν
503 606 537 636 εἰς
564 609 623 632 νοῦν
646 606 712 641 ὑμᾶς
737 605 878 641 συμϐαλεῖν
905 607 939 636 ὡς

133 650 161 681 ἐξ
189 650 300 687 ἀπορίας
324 649 509 687 ἀνερμήνευτον
537 651 566 676 τό
595 654 642 676 τοῦ
666 650 784 677 Ἰωάννου
807 648 940 687 παρεδρά-

132 704 216 730 μομεν
231 693 341 730 ἔνδυμα,
364 697 430 731 μόνα
444 696 477 721 τὰ
491 698 546 725 τοῖς
571 697 651 721 πᾶσιν
680 693 795 723 ιῦληπτα
823 692 938 720 διαλύειν

133 737 319 775 διδυνημένοι,
348 742 394 765 καὶ
427 740 671 776 χαριεντιζομένους
695 738 790 775 λέγειν,
816 739 857 764 ὅτι
885 739 938 767 Τὴν

129 783 249 819 κάμηλον
267 786 396 817 κατέπιες,
430 785 493 814 τοὺς
522 787 569 814 τῆς
595 785 734 819 ἀναγωγῆς
760 784 820 820 περὶ
854 782 937 813 αὐτῆς

129 830 167 864 μὴ
182 830 342 864 «post:qu
357 831 404 854 τοῦ
419 829 548 864 στὸματος
561 828 665 863 λόγους,
695 825 819 857 διῦλισας
847 825 877 853 δὴ
904 828 938 853 τὰ

1000 250 1173 279 stimentum
1187 251 1358 286 observare,
1373 254 1400 280 et
1409 259 1479 279 eum
1493 252 1545 287 qui
1552 251 1625 279 illud
1634 254 1825 281 contexuerat

998 294 1192 330 interrogare,
1207 304 1260 324 cur
1279 304 1315 324 ex
1335 296 1402 332 pilis
1423 296 1529 324 cameli
1553 299 1726 324 contextum
1749 299 1823 331 erat,

999 339 1138 368 animalis
1150 340 1310 375 immundi,
1324 349 1377 368 nec
1391 340 1492 376 potius
1508 348 1544 368 ex
1557 340 1629 368 lana
1649 341 1748 374 ovina,
1771 344 1824 370 aut

997 384 1115 420 integra.
1127 385 1217 413 ovina
1225 384 1311 420 pelle,
1325 384 1584 421 quemadmodum
1600 387 1664 413 erat
1677 385 1822 413 Thesbiten

998 428 1067 457 Elise
1082 429 1186 457 vestis.
1199 429 1256 458 Sed
1271 430 1416 466 quoniam
1427 428 1562 457 videmus
1573 437 1627 457 vos
1643 430 1751 458 nostris
1769 438 1822 458 ver

996 471 1044 501 bis
1055 472 1189 509 satiato;
1210 473 1301 509 hujus
1323 472 1545 510 praedicationis
1575 474 1750 502 extensione
1778 473 1821 502 fa-

996 517 1114 553 tigatos,
1131 518 1179 546 hic
1191 519 1238 546 ubi
1246 518 1284 546 de
1294 518 1424 546 ascetico
1436 518 1558 546 Joannis
1570 518 1749 546 vestimento
1757 518 1819 554 agi-

996 562 1053 595 tur,
1066 562 1222 596 sermonis,
1234 563 1330 590 ordini
1341 562 1432 590 ﬁnem
1439 563 1644 598 imponemus.
1657 564 1757 599 Neque
1766 571 1820 591 no-

994 605 1041 633 bis
1050 606 1181 642 suspicio
1210 609 1254 634 est
1268 614 1323 634 vos
1338 607 1369 634 in
1379 608 1512 635 mentem
1525 606 1611 634 vobis
1623 606 1742 643 injicere
1761 614 1819 635 nos

994 657 1030 678 ex
1037 650 1203 686 indigentia
1212 657 1273 678 non
1284 651 1465 687 explicatum
1475 651 1598 679 Joannis
1605 651 1817 679 vestimentum

993 695 1229 730 praetermisisse,
1239 698 1385 731 tanquam
1398 703 1434 723 ea
1450 697 1568 723 tantum
1585 703 1654 732 quae
1665 695 1704 723 ab
1719 695 1817 723 omni-

991 738 1050 766 bus
1059 738 1147 767 facile
1156 739 1326 775 capiuntur,
1338 739 1524 776 interpretari
1534 740 1687 775 possimus
1696 749 1705 776 ;
1718 747 1817 776 neque

992 782 1148 811 irridentes
1163 783 1278 811 dicere:
1295 783 1449 811 Camelum
1464 783 1636 818 deglutiisti,
1649 783 1766 811 nullum
1781 791 1817 812 ea

991 827 1071 855 dere
1085 827 1278 856 institutionis
1291 827 1417 856 verbum
1433 835 1486 856 ore
1512 827 1679 863 proferens,
1707 828 1816 864 despu—

130 873 201 898 ιατᾰ
224 875 350 903 κώνωπας
373 875 554 908 σμικροπριπῆ
584 874 629 898 καὶ
656 871 764 900 εὐνόητα
791 873 910 907 νοήματα
927 881 934 887 ·

991 871 1079 899 masti
1094 873 1196 899 autem
1207 871 1340 906 sordida,
1353 874 1386 900 ut
1399 872 1518 906 culices,
1534 874 1563 899 et
1575 871 1676 900 faciles
1687 872 1817 907 cogitatu

131 918 256 953 οὗμινουν
281 917 347 943 οὕτω
373 918 543 953 ταχύποπτος
568 916 618 952 ἐγὼ
648 918 693 942 καὶ
717 914 936 946 εὐσκανδοὶλιστος

131 962 167 992 ὡς
187 961 221 992 εἰς
235 965 293 987 νοῦν
320 965 396 987 τοῦτο
413 964 593 998 περιαγαγεῖν.
612 962 729 987 Πέποιθα
744 959 773 987 δὲ
786 962 819 991 ὡς
847 961 862 989 ἠ
888 964 935 986 τοῦ

132 1009 202 1032 Θεοῦ
228 1007 308 1043 χάρις
333 1007 480 1043 χαρίσαιτο
519 1006 583 1042 ἡμῖν
613 1005 700 1041 ἰσχὺν
724 1008 855 1040 γνώσιως,
888 1007 934 1031 καὶ

129 1050 215 1086 λόγων
228 1052 330 1087 εὔροιαν
353 1050 389 1081 εἰς
415 1049 536 1086 ὠφέλειαν
565 1052 614 1080 τῆς
639 1048 745 1085 ἀγάπης
775 1049 858 1085 ὑμῶν,
890 1051 934 1075 καὶ

128 1096 179 1125 τὰς
207 1096 335 1131 Γραφικὰς
367 1094 480 1132 ἀπορίας
505 1095 566 1130 ὑμῖν
595 1092 753 1130 διαλύσομεν
779 1094 841 1120 ὅσαι
873 1095 935 1124 τέως

128 1137 253 1175 διέφυγον
275 1140 336 1170 τοὺς
362 1140 547 1170 θιοπνεύστους
586 1140 704 1175 ΙΙατὲρας
730 1140 774 1164 καὶ
801 1135 934 1164 διδασκά-

126 1184 188 1214 λους
203 1194 210 1200 ·
233 1186 309 1220 μόνον
328 1185 364 1220 μή
394 1182 586 1220 διαλιμπάνητι
610 1185 708 1214 πάσαις
734 1186 792 1214 ταῖς
808 1184 933 1219 χυριωνύ-

126 1239 190 1265 μοις
226 1233 277 1255 τῶν
306 1229 407 1265 ἡμερῶν
437 1228 549 1255 ἰνταῦθα
579 1227 811 1264 ἐκκλησιαζόμςνοι
834 1229 879 1253 καὶ
908 1227 933 1253 ὶν

127 1276 193 1310 οἴκῳ
219 1275 301 1309 τούτῳ
327 1278 375 1304 τῆς
411 1277 456 1299 τοῦ
498 1277 566 1300 Θεοῦ
598 1275 690 1309 σοφίας
705 1272 870 1308 αὐλιζόμενοι
887 1275 933 1298 καὶ

128 1322 183 1344 τῶν
212 1319 332 1354 θυμάτων
362 1317 441 1348 αὐτῆς
468 1321 693 1355 κατατρυφῶντες,
720 1319 765 1342 καὶ
788 1320 834 1343 τοῦ
869 1326 933 1353 κραι-

125 1367 209 1399 τῆρος
231 1362 385 1394 ἰκπίνοντις.
401 1364 452 1389 Καὶ
479 1364 529 1399 γὰρ
556 1362 612 1398 μεθ’
640 1361 743 1397 ὑψηλοῦ
770 1364 816 1387 τοῦ
833 1362 932 1398 κηρύγ-

127 1417 213 1444 ματος
241 1417 254 1433 ο
280 1406 387 1444 ἁχριῖος
414 1406 495 1437 αὐτῆς
534 1404 627 1437 δοῦλος
653 1405 703 1442 ἐγὼ
733 1405 792 1432 καθ’
819 1404 931 1434 ἑκάστην

130 1454 267 1489 Κυριαχήν
294 1451 447 1487 σνγκαλέσω
472 1452 538 1487 ὑμᾶς
568 1450 610 1477 ἐπὶ
643 1453 686 1479 τὴν
724 1450 853 1477 ἑστίασιν.
882 1452 932 1476 Καὶ

128 1495 191 1525 δοίη
216 1497 309 1534 Κύριος
342 1505 355 1521 ο
378 1497 443 1526 Θεὸς
457 1496 523 1532 ὑμᾶς
544 1497 591 1521 σὺν
618 1494 671 1531 ἐμοὶ
691 1493 850 1530 δαιτυμονας
866 1496 933 1530 γενέ-

128 1542 193 1567 σθαι
207 1544 254 1571 τῆς
274 1540 396 1578 οὐρανίου
409 1542 455 1566 καὶ
483 1538 636 1576 ἄδιαδόχου
655 1539 787 1576 τραπέζης
812 1541 857 1565 καὶ
883 1542 931 1570 τῆς
945 1551 966 1579 C

127 1585 265 1622 βασιλείας
288 1584 431 1616 ἀξιωθῆναι
449 1588 500 1611 τῶν
517 1584 631 1622 οὐρανῶν
655 1594 662 1601 ·
690 1584 723 1614 ἧς
739 1585 838 1619 γίνοιτο
866 1584 929 1609 πὰν-

125 1639 174 1660 ra;
214 1630 283 1666 ὑμᾶς
312 1629 447 1665 ἕπιτυχιῖν
486 1629 581 1665 χάριτι
608 1631 654 1655 καὶ
679 1627 859 1664 φιλανθρωπίᾳ
883 1630 929 1653 τοῦ

124 1675 240 1711 Πατρός,
255 1676 300 1700 καὶ
317 1677 363 1699 τοῦ
376 1674 448 1708 Υίοΰ,
467 1676 512 1699 καὶ
526 1677 572 1699 τοῦ
602 1673 679 1708 ἁγίου
707 1673 856 1708 Πνιύματος
882 1675 930 1703 τῆς

990 922 1191 950 sensus;non
1206 916 1283 944 adeo
1297 916 1375 944 male
1396 917 1543 952 suspicor,
1563 924 1619 944 nec
1640 919 1702 944 tam
1729 916 1815 945 facile

990 960 1177 988 scandalizor
1192 963 1225 988 ut
1239 960 1309 988 idin
1325 960 1462 988 animum
1471 960 1626 988 inducam.
1649 961 1742 997 Spero
1752 961 1813 989 imo

988 1004 1052 1033 fore
1067 1007 1099 1032 ut
1110 1004 1159 1032 Dei
1172 1004 1269 1039 gratia
1282 1004 1426 1039 largiatur
1434 1004 1523 1032 nobis
1536 1004 1595 1032 vim
1610 1005 1814 1039 cognoscendi

989 1051 1017 1077 et
1028 1048 1190 1085 eloquendi
1200 1048 1371 1076 facultatem
1384 1048 1415 1076 in
1429 1050 1533 1077 vestrae
1559 1047 1711 1077 eharitatis
1735 1049 1812 1078 utili-

988 1095 1090 1125 tatem,
1107 1095 1136 1121 et
1147 1092 1305 1129 Scriptura
1322 1091 1513 1121 difﬁcultates
1538 1092 1624 1121 vobis
1648 1092 1811 1129 solvamus,

987 1145 1056 1173 quae
1066 1145 1162 1173 usque
1171 1137 1263 1165 modo
1275 1145 1293 1165 a
1307 1138 1366 1165 Deo
1381 1136 1544 1173 inspiratos
1558 1137 1660 1165 Patres
1675 1139 1703 1165 et
1716 1138 1811 1173 magi~

987 1184 1064 1209 stros
1080 1181 1240 1209 latuerunt.
1256 1181 1385 1209 Tantum
1401 1188 1439 1209 ne
1454 1181 1576 1209 cessetis
1591 1181 1733 1209 omnibus
1758 1183 1812 1210 Do-

987 1225 1107 1253 minicis
1115 1225 1221 1253 diebus
1234 1225 1295 1253 huc
1306 1226 1476 1257 convenire,
1483 1225 1549 1253 etin
1555 1225 1647 1254 haece
1657 1225 1811 1262 sapientiae

988 1269 1039 1298 Dei
1050 1269 1142 1298 domo
1161 1270 1354 1305 commorari,
1382 1271 1411 1298 et
1425 1270 1491 1305 ejus
1516 1270 1642 1298 victimis
1671 1270 1812 1299 delectari

987 1314 1112 1350 ejusque
1125 1314 1268 1350 poculum
1277 1314 1392 1343 bibere.
1409 1316 1469 1350 Ego
1480 1315 1562 1343 enim
1571 1314 1689 1343 excelso
1698 1322 1811 1351 preco-

987 1359 1037 1387 nio
1047 1358 1159 1387 inutilis
1168 1359 1233 1394 ejus
1240 1367 1344 1387 servus
1353 1358 1478 1395 singulis
1488 1359 1650 1387 Dominicis
1662 1359 1701 1387 ad
1713 1359 1812 1388 convi-

986 1403 1068 1432 vium
1083 1411 1136 1431 vos
1150 1403 1355 1439 congregabo.
1380 1405 1434 1432 Det
1455 1406 1557 1433 autem
1586 1403 1731 1432 Dominus
1755 1412 1810 1432 vos

986 1456 1106 1476 mecum
1116 1448 1243 1476 celestis
1254 1450 1282 1476 et
1296 1451 1414 1476 aeternae
1428 1456 1542 1476 mensze
1553 1448 1695 1476 convivas
1705 1448 1770 1476 ﬁeri
1782 1450 1811 1477 et

985 1492 1068 1528 regni
1089 1492 1233 1520 caelorum
1249 1493 1358 1528 dignos
1374 1501 1440 1521 esse
1452 1501 1458 1526 ;
1469 1492 1554 1529 quod
1566 1493 1682 1520 utinam
1702 1500 1809 1520 omnes

985 1544 1040 1565 vos
1052 1537 1259 1573 assequamini
1274 1537 1370 1572 gratia
1384 1539 1412 1565 et
1427 1536 1561 1565 bonitate
1573 1536 1666 1564 Patris
1691 1538 1719 1564 et
1746 1536 1808 1565 Filii

986 1583 1015 1609 et
1030 1581 1156 1617 Spiritus
1177 1581 1282 1615 sancti,
1299 1580 1408 1616 quibus
1425 1588 1487 1609 una
1498 1580 1642 1608 Divinitas
1656 1582 1686 1609 et
1700 1588 1808 1609 unum-

985 1633 1123 1661 regnum,
1139 1625 1188 1653 cui
1199 1625 1338 1653 convenit
1351 1625 1450 1653 omnis
1466 1625 1570 1661 gloria,
1582 1625 1680 1654 honor
1691 1628 1720 1654 et
1734 1625 1808 1654 ado-

983 1670 1059 1699 ratio
1073 1678 1155 1698 nunc
1167 1672 1196 1698 et
1205 1670 1236 1698 in
1245 1670 1361 1698 inﬁnita
1371 1669 1491 1698 saecula.
1506 1672 1611 1699 Amen.

121 1722 184 1756 μιᾶς
213 1720 339 1749 Θιὰτητός
368 1728 395 1744 τι
413 1720 458 1744 καὶ
492 1716 637 1754 βασιλείας,
684 1719 776 1754 πρέπει
809 1719 883 1742 πᾶσα
902 1714 979 1751 δόξα,
1004 1717 1067 1751 τιμὴ
1098 1717 1143 1741 καὶ
1167 1716 1346 1752 προσκύνησις
1360 1718 1404 1741 νῦν
1428 1717 1474 1741 καὶ
1497 1714 1534 1745 εἰς
1568 1716 1629 1745 τοὺς
1671 1714 1807 1745 ἀτελευτή-

122 1773 185 1794 τους
200 1763 306 1794 αἰῶνας.
323 1763 415 1799 ’Δμήν.

386 1971 530 1999 Germani
541 1970 661 1999 decreta
673 1970 808 2006 quaedam
822 1970 980 2006 synodalia
995 1970 1062 1998 vide
1075 1970 1106 1997 in
1122 1973 1200 1998 (omo
1214 1968 1324 2002 CXIX,
1340 1969 1399 1997 col.
1418 1970 1470 1997 795
1484 1975 1547 2004 sqq.

734 2241 833 2266 ANNO
856 2241 986 2266 DOMINI
1009 2240 1193 2266 MCC-XLVIII

230 2395 670 2470 MANUEL
709 2394 783 2469 Π
825 2394 970 2473 GP.

1013 2391 1697 2469 PATRIARGHA

117 2561 220 2591 Pater
247 2560 292 2591 Le
319 2561 420 2599 Quien
448 2561 479 2591 in
514 2560 645 2591 Orientis
666 2560 835 2591 Christiani
860 2563 938 2591 tom.
967 2560 991 2591 Ι.
1014 2569 1046 2599 p.
1068 2561 1141 2595 286.
1164 2560 1235 2590 huic
1266 2559 1407 2591 Manueli
1436 2559 1565 2589 decreta
1590 2559 1702 2589 tribuit
1728 2568 1800 2598 quae

119 2608 123 2619 λ
170 2617 172 2619 ·
581 2609 793 2640 Leunclavius
815 2609 958 2640 Manueli
981 2608 1186 2648 Charitopulo
1209 2609 1349 2639 ascribit.
