2048 3104
143 147 199 176 705

783 151 828 178 DE
839 149 972 179 DIVINIS
985 151 1189 182 NOMINIBUS.

1779 157 1832 185 766

143 209 284 247 λομνήμων
305 213 352 238 καὶ
375 211 578 250 πεπαιδευμένος
611 214 759 251 φιλοσοφίᾳ,
788 216 857 251 εἰπερ
892 212 945 239 ἑπι-

1005 216 1207 250 enumerabit,
1233 217 1406 246 mundanas
1439 217 1605 246 activitates
1635 218 1831 247 recensendo.

145 259 280 287 στατικῶς
302 257 335 282 τὰ
354 255 378 282 ἄν
406 259 498 294 κόσμῳ
528 257 688 295 ἑξερευνήσει
713 259 883 296 ἐνεργήματα·
900 258 949 294 ἐγὼ

145 297 180 326 6“:
213 301 263 326 εἴτε
289 301 335 336 μὲν
360 300 495 338 ἐρευνήσας
523 304 637 340 εὗρήσω,
672 305 721 331 εἴτε
755 301 784 330 δὲ
810 305 878 330 κατὰ
903 305 949 332 τὴν

143 343 245 370 ἐκείνου
261 342 373 381 δύναμιν
396 345 421 371 ἐν
456 345 550 379 ἀνοίξει
581 351 627 374 τοῦ
659 350 789 384 στόματός
810 358 869 385 μου,
885 349 950 374 κατὰ

144 389 192 414 τὸν
213 388 313 415 Παῦλον
338 391 371 415 τὰ
397 391 432 422 ὡς
457 390 524 422 εἰκὸς
551 391 687 429 ἕρεύξομαι
706 392 828 427 εὐσεϐῶς,
851 393 881 419 οὔ
913 396 949 427 τῷ

143 432 252 470 ἀριθμῷ
269 434 405 470 μεγαλύνω
432 438 479 465 τήν
504 436 615 473 εὕρεσιν,
640 439 698 464 οὔτε
725 439 771 474 μεν
796 442 832 474 τῷ
855 437 952 466 ἐλλιπεῖ

143 476 285 512 δειλιάσω,
308 482 352 505 καὶ
384 481 429 506 τὸν
459 482 532 507 ό⁹κνον
562 482 615 513 ἄξω
641 481 777 518 ἰμπόδιον,
813 482 877 509 ἀλλὰ
902 484 949 512 τὴν

142 522 249 559 ἀγαθὴν
263 525 308 550 καὶ
322 525 483 560 μεσαιτάτην
510 523 572 552 ὁδὸν
594 525 721 563 βαδίσας¹
745 528 778 558 ὡς
806 526 856 561 δεῖ,
881 529 949 553 κατά

140 569 195 597 τὴν
214 567 323 594 ἕνοῡσάν
338 578 384 605 μοι
398 571 480 606 χάριν
494 572 542 600 τὴν
557 570 584 603 ἕξ
610 570 717 605 ἕδιείνου⁷
741 573 803 599 ὡσεὶ
825 571 947 609 δύναμις,

141 611 174 638 ἐκ
192 612 282 644 πάσης
300 617 434 651 γραφικῆς
455 619 545 651 πηγῆς
569 620 617 647 τῆς
645 615 715 648 ἐντός
737 626 764 643 τε
786 619 831 643 καὶ
849 621 896 646 τῆν
910 616 949 642 ἔκ-

139 658 198 689 τός,
235 657 249 687 ἦ
274 659 320 684 καὶ
347 660 381 684 τὰ
407 658 485 685 πλείω
515 659 648 697 ὶπιστήμῃ
675 661 786 691 εὐσεϐῶς
801 662 948 697 συντιθέμε-

139 710 198 734 νος,
214 702 262 732 τὰς
272 700 382 739 ῥανίδας
411 705 519 740 σπόγγῳ
546 705 694 741 Πνεύματος
717 707 785 732 θείου
814 705 947 742 ἀνιμησά-

140 754 232 780 μενος,
265 746 453 778 κατασταλάξω
482 746 530 774 διὰ
549 748 667 784 γλώττης
690 751 719 776 τό
740 750 845 786 γλύκιον
874 760 880 767 ·
903 753 948 777 καὶ

141 789 362 825 ὁνοματοθετήσω
385 792 429 817 τὸν
452 791 610 829 ἀθεώρητον,
637 795 680 820 τὸν
711 795 796 824 πάντη
822 794 890 826 ξένον
906 794 947 821 62v-

143 834 267 870 θρωπίνῳ
280 838 316 870 τῷ
327 835 456 872 λογισμῷ,
488 838 531 863 τόν
556 835 657 864 ἆνίδεον
685 843 716 875 τῇ
743 839 877 872 αἰσθήσει,
904 841 947 866 τόν

140 877 293 908 ἀνεννόητον
318 880 405 915 φύσει,
434 881 478 906 τόν
508 881 637 919 ὑπερφυῆ,
665 883 708 908 τὸν
737 883 858 920 ὑπέρθεον
877 893 883 900 ·
901 886 947 909 καὶ

140 926 221 948 τοῦτο
239 924 340 954 πάντως
355 924 392 955 εἰς
406 926 449 950 τόν
462 924 543 951 αὐτοῦ
570 923 702 963 δοξασμόν
736 937 743 944 ·
769 926 881 953 ἐντεῦθεν
899 930 946 957 τὴν

140 969 190 1003 μὲν
204 967 300 1004 τόλμαν
331 967 461 1005 ἆμϐλύνας
481 967 527 996 διὰ
545 974 592 997 τοῦ
608 970 727 1009 θάρρους,
749 973 778 998 τό
803 970 832 998 δι
852 973 946 1010 θάρρος

139 1015 328 1048 παρακινήσας
356 1012 388 1043 τῆ
426 1016 577 1051 προαιρέσει
612 1018 671 1052 περὶ
701 1017 840 1053 θεωνυμίας
879 1017 946 1043 οὕτω

141 1055 209 1092 βοῶ,
231 1058 275 1083 τὸν
301 1061 348 1088 τῆς
385 1057 513 1089 εὐσεϐείας
538 1061 638 1097 καρπὸν
668 1064 722 1091 τοῖς
750 1060 881 1087 εὐσεϐέσιν
912 1062 947 1092 ὡς

139 1100 254 1138 ἀρίστην
281 1100 444 1128 πανδαισίαν
474 1104 640 1141 προθέμενος.
667 1105 714 1130 Διὰ
742 1108 818 1132 τοῦτο
847 1107 883 1142 μὴ
913 1110 944 1142 τῇ

1004 260 1150 295 Equidem
1165 264 1216 291 aut
1228 270 1296 290 cum
1309 262 1389 290 illius
1403 261 1542 291 facultate
1556 264 1608 290 aut
1622 262 1653 290 in
1672 262 1733 290 oris
1746 270 1833 298 aper-

1003 304 1093 338 tione,
1108 305 1183 334 sicut
1193 306 1311 341 Paulus,
1323 307 1428 335 laudes
1440 306 1561 335 meritas
1578 306 1791 343 pronuntiabo,
1805 308 1834 335 et

1003 348 1225 384 impedimentis
1248 351 1363 379 evitatis
1391 351 1535 385 mediam,
1563 350 1691 387 ideoque
1717 351 1832 379 bonam

1003 393 1084 420 viam
1096 401 1214 430 sequar,
1232 395 1396 423 secundum
1412 395 1631 423 inhabitantem
1646 394 1787 430 gratiam,
1801 397 1832 423 et

1005 445 1091 466 sacra
1111 438 1262 475 Scriptura
1276 439 1353 468 duce
1367 442 1395 468 et
1416 439 1539 468 scientia
1565 440 1698 476 auspice,
1730 447 1830 468 rorem

1004 485 1033 511 et
1044 484 1143 517 guttas
1154 483 1278 519 Spiritus
1290 484 1383 512 divini
1394 492 1451 520 ope
1461 492 1514 520 per
1521 484 1656 519 linguam
1664 483 1830 518 distillabo,

1003 529 1032 555 et
1045 527 1161 556 vocabo
1174 536 1243 556 eum
1254 529 1305 565 qui
1320 528 1476 556 invisibilis
1489 531 1533 556 est
1545 530 1573 556 et
1596 527 1756 556 intellectui
1777 528 1831 556 hu-

1002 579 1095 600 mano
1107 572 1303 608 inaccessum,
1321 581 1339 601 a
1352 572 1489 601 sensibus
1512 572 1655 605 alienum,
1685 580 1831 609 suprana-

1002 616 1140 649 turalem,
1155 625 1221 645 vere
1238 617 1440 653 Deum,idque
1454 617 1540 645 unice
1547 617 1587 644 ad
1597 617 1662 653 ejus
1681 617 1806 653 gloriam
1821 626 1828 651 ;

1002 663 1031 688 et
1045 661 1087 689 sic
1101 661 1271 689 divinorum
1280 662 1438 689 nominum
1446 661 1622 690 celsitudine
1633 661 1708 690 ﬁsus
1720 669 1826 689 vocem

1002 713 1103 733 meam
1115 705 1196 740 tollo,
1212 708 1240 734 et
1252 706 1367 742 pietatis
1391 705 1519 734 fructum
1532 705 1590 742 piis
1612 705 1706 742 dapes
1728 705 1826 734 lautas

1002 749 1104 778 oﬂ'ero.
1121 750 1202 778 Hanc
1217 750 1256 778 ob
1272 758 1395 778 causam
1415 750 1468 787 qui
1489 749 1569 785 legit,
1598 758 1659 778 non
1675 749 1773 778 solum
1786 749 1831 777 in-

1002 794 1082 830 genii
1095 798 1223 822 acumen
1238 794 1402 830 augebit,at
1416 794 1459 822 rei
1469 794 1700 830 profunditatem
1719 795 1829 822 scrute-

1001 841 1050 866 tur
1060 841 1088 867 et
1098 839 1266 867 secundum
1281 839 1356 866 vires
1369 841 1509 875 exponat.
1522 838 1579 867 Sed
1592 838 1752 867 nominum
1766 836 1828 866 illo-

967 890 987 917 Β
1001 891 1069 911 rum
1082 883 1265 918 signiﬁcatus
1279 883 1370 911 aliam
1384 884 1474 911 etiam
1485 882 1548 911 vim
1558 883 1658 911 habet.
1671 884 1735 911 Non
1749 882 1829 911 enim

1002 927 1121 956 fortuito
1134 927 1275 964 imposita
1288 930 1366 960 sunt,
1378 927 1432 956 sed
1446 927 1605 964 qualitates
1615 925 1724 955 divina;
1737 927 1828 963 maje-

1002 972 1069 1000 stati
1086 971 1265 999 inhaerentes
1276 971 1419 1000 indicant.
1433 971 1505 999 Hinc
1517 979 1594 1007 opus
1607 972 1755 1004 nostrum,
1767 978 1829 999 ma-

1000 1016 1157 1044 ximacum
1164 1016 1272 1051 pietate
1280 1015 1454 1043 inchoatum
1460 1036 1466 1047 ,
1472 1014 1647 1043 hominibus
1654 1013 1711 1050 piis
1726 1022 1762 1042 ac
1770 1017 1829 1042 stu-

1000 1060 1095 1089 diosis
1110 1059 1249 1095 oblaturi,
1259 1059 1383 1096 Spiritus
1389 1059 1484 1087 sancti
1494 1058 1606 1087 auxilio
1613 1066 1648 1086 ac
1664 1057 1761 1093 gratia
1774 1058 1828 1087 rite

1001 1104 1147 1133 invocatis
1166 1112 1236 1132 cum
1250 1104 1360 1132 ﬁducia
1369 1103 1449 1132 hunc
1459 1103 1491 1131 in
1501 1102 1626 1131 modum
1641 1103 1826 1131 exordimur.

139 1144 208 1176 λέξει
225 1147 302 1181 μόνον
330 1147 344 1172 6
368 1146 553 1182 ἀναγινώσκων
575 1152 622 1175 τοῦ
645 1151 703 1180 νοός
729 1148 840 1186 ἀργήσει
874 1152 921 1179 τὴν
948 1148 1070 1187 δύναμιν,
1104 1148 1159 1175 ἀλλ’
1183 1148 1309 1186 ἕρευνάτω
1329 1150 1358 1174 τὸ
1389 1147 1482 1184 βάθος,
1511 1147 1525 1177 ἲ)
1559 1150 1604 1173 καὶ
1630 1146 1774 1183 ἔξηγείσθω
1798 1148 1828 1173 τὸ

141 1191 213 1216 κατὰ
234 1188 347 1227 δύναμιν

140 1233 257 1270 ὀνόματα
289 1236 427 1272 ἕγκεινται,

377 1201 384 1208 ο
409 1192 468 1227 ἔχει
488 1190 517 1218 δε
543 1193 558 1222 ἡ
588 1197 638 1219 τῶν
667 1193 798 1229 ὀνομάτων
828 1197 949 1231 σημασία
966 1195 1052 1232 ἑτέραν
1076 1195 1136 1220 τινὰ
1159 1194 1293 1223 θειοτάτην

475 1236 531 1262 ἁλλ’
568 1236 696 1275 ἕνεργείας
729 1236 908 1267 ὑποδηλοῦσιν
948 1238 1135 1270 ὗποδεικτικὰς
1161 1243 1207 1269 τῆς
1242 1239 1312 1269 Θείας
1338 1237 1536 1274 μεγαλειότητος

1319 1203 1325 1210 ·
1346 1193 1376 1219 οὗ
1401 1194 1452 1229 γὰρ
1476 1192 1561 1222 ἁπλῶς
1588 1193 1634 1217 καί
1659 1193 1780 1228 τυχότως
1796 1192 1830 1217 τὰ

1562 1247 1568 1253 ·
1599 1234 1647 1262 διὰ
1668 1239 1745 1262 τοῦτο
1770 1234 1829 1272 φιλ-

143 1278 263 1315 ευσεϐείᾳ
291 1279 371 1316 πολλῇ
401 1282 430 1307 τό
473 1282 610 1318 σύνταγμα
639 1283 748 1318 θέμενοι,
777 1285 840 1319 πρὸς
882 1285 956 1315 τοὺς.
981 1283 1158 1320 ἐπιστήμονας
1193 1285 1239 1310 καὶ
1278 1283 1409 1319 φιλοθίους
1435 1283 1482 1311 τὴν
1508 1282 1596 1318 κρίσιν
1623 1279 1830 1310 ἓπανατείναντες

141 1324 192 1352 τήν
202 1326 248 1349 τοῦ
263 1325 411 1360 Πνεῦματος
421 1324 503 1362 χάριν
520 1326 636 1358 ἱκετικῶς
651 1326 885 1364 προσκαλούμενοι,
896 1329 961 1365 μετὰ
977 1328 1089 1366 θάρρους
1101 1330 1146 1355 καὶ
1157 1328 1306 1366 προθυμίας
1321 1327 1419 1353 οὑτωσὶ
1434 1325 1624 1364 ἀπαρχόμεθα.

179 1412 212 1438 ’0
227 1414 292 1443 Θεός
316 1424 322 1430 ·
339 1414 352 1439 6
367 1413 508 1451 οἰκτίρμων
533 1426 540 1432 ·
551 1416 564 1441 6
574 1417 635 1447 τοὺς
648 1415 814 1454 οὶκτίρμονας
829 1416 946 1453 ἀγαπῶν.

141 1457 156 1482 6
173 1459 260 1495 πατὴρ
276 1461 326 1483 τῶν
338 1457 479 1494 οἰκτιρμῶν
493 1470 500 1476 -
514 1459 528 1485 6
552 1459 686 1495 φιλόκαλος
702 1470 708 1477 ’
734 1461 747 1486 6
775 1460 918 1497 φιλάγαθος
939 1472 946 1478 ·

142 1502 157 1527 6
168 1501 380 1538 φιλόσπλαγχνος
394 1513 400 1519 ·
418 1503 431 1529 6
441 1503 519 1534 καλός
532 1514 538 1520 ·
554 1505 568 1530 6
584 1503 680 1539 ἀγαθός
696 1515 702 1521 ·
718 1506 731 1531 6
745 1504 926 1541 εὖσπλαγχνος
940 1516 947 1522 ·

140 1546 156 1589 6
179 1544 252 1571 ἕλεῶν
269 1556 276 1562 ν
291 1547 304 1572 6
320 1546 446 1578 ἐλεοποιός
461 1558 468 1564 θ
481 1548 494 1574 6
521 1546 674 1585 ἐλεοδοχεύς
696 1557 702 1564 ⁸
732 1550 745 1575 6
763 1551 879 1586 χορηγὸς
902 1553 948 1576 τοῦ

141 1589 227 1620 ελέους
240 1601 247 1606 -
260 1590 274 1616 6
289 1589 362 1616 ἐλεῶν
383 1593 445 1623 τοὺς
458 1591 547 1623 ἀξίους
559 1604 566 1609 υ
578 1593 637 1619 καθ’
657 1593 684 1619 ὄν
704 1594 717 1619 6
742 1593 808 1625 ἔλεος
828 1604 834 1610 ·
862 1592 900 1620 δι’
921 1594 947 1620 ὃν

141 1633 232 1664 όῖλεος
246 1645 253 1651 ι
267 1633 304 1660 δι’
319 1635 376 1661 οὗό
391 1635 456 1667 ἵλεος
473 1647 479 1653 ·
499 1637 525 1663 ἐν
548 1636 594 1673 ᾦὸ
611 1637 702 1669 ἕλεος-
729 1639 742 1664 6
772 1636 876 1669 δίκαιος
901 1649 907 1655 ·
934 1640 947 1664 ό

142 1677 319 1712 δικαιοδότης
335 1691 341 1698 ·
354 1682 367 1707 6
382 1679 498 1714 δικάζων
511 1693 517 1699 ·
530 1683 543 1709 6
559 1681 636 1714 δίκας
651 1684 720 1719 οἶγων
733 1705 739 1711 .
765 1684 778 1709 ὁ
802 1681 947 1714 καταδίκας

141 1724 245 1761 ἐπάγων
263 1736 269 1742 ι
286 1726 299 1752 6
326 1729 443 1763 φωτεινὸς
455 1737 461 1743 ·
487 1727 500 1753 ὀ
514 1725 666 1764 φωτοδότης
678 1729 709 1754 ’ὁ
736 1730 877 1765 φωτοποιὸς
903 1739 909 1745 ·
933 1729 946 1754 6

142 1771 286 1806 φωτάρχης
300 1781 307 1787 ο
324 1771 337 1797 6
351 1775 541 1807 φωταυγαστής
570 1783 576 1789 -
600 1773 612 1798 6
639 1777 689 1799 τῶν
713 1775 802 1809 φώτων
818 1783 945 1810 παραγω-

139 1815 201 1849 γώς
215 1835 221 1841 .
242 1815 256 1840 6
270 1814 413 1851 τηλεφανὴς
434 1826 440 1832 ·
458 1817 471 1842 6
484 1818 606 1853 πρύτανις
630 1828 637 1833 ·
658 1818 671 1843 6
695 1819 835 1854 προνομεύς
848 1828 853 1834 ·
871 1818 884 1843 6
902 1827 946 1843 τα-

140 1860 204 1893 μίας
217 1863 267 1884 τῶν
283 1858 388 1894 ἀγαθῶν
403 1858 567 1897 δωρημπίτων
585 1872 591 1878 -
608 1862 621 1887 6
643 1861 764 1892 ἀνίκητος
779 1872 784 1878 ·
811 1862 824 1887 6
848 1871 946 1891 νικητι-

138 1904 182 1932 κός
200 1913 206 1919 ·
223 1904 378 1935 όνικοποιός
394 1915 400 1921 ·
415 1906 428 1930 6
442 1907 575 1943 νικάρχης
590 1917 596 1922 ·
613 1907 626 1932 6
638 1905 826 1937 νικοὸίσποτος
838 1917 844 1923 ι
865 1907 878 1932 6
900 1911 945 1937 τῆς

823 1952 835 1976 6
864 1950 945 1987 βασι-

522 2005 528 2010 ·
556 1995 569 2020 ὁ
592 1997 655 2025 Θεός
694 1999 744 2020 τῶν
770 1995 944 2031 νομιζομένων

139 1945 221 1978 δόξης
233 1945 365 1978 δεσπότης
380 1957 387 1963 ⁸
400 1949 413 1975 6
428 1951 517 1987 κύριος
530 1954 579 1976 τῶν
594 1952 763 1988 κυριευόντων
787 1961 794 1967 -

136 1990 194 2022 λεὺς
222 1995 274 2017 τῶν
298 1992 489 2029 βασιλευόντων

137 2037 200 2062 θεῶν
213 2048 220 2053 -
233 2036 246 2063 6
260 2037 368 2074 ἔλεγχος
388 2043 437 2064 τῶν
460 2037 570 2068 δοκήσει
590 2050 597 2056 ’
616 2040 629 2065 6
655 2041 785 2076 συνίστωρ
813 2044 860 2070 τῆς
884 2039 945 2069 ἁλη-

138 2081 208 2111 θιίας
219 2092 226 2098 -
241 2082 254 2107 6
266 2085 360 2119 κριτὴς
373 2083 386 2108 6
398 2082 637 2121 ἂπροσωπόληπτος
654 2094 659 2101 ·
676 2086 704 2110 τό
730 2083 807 2120 βῆμα
823 2086 851 2110 τὸ
886 2083 946 2111 ἀδέ-

136 2134 235 2152 καστον
260 2137 266 2142 ·
292 2127 305 2152 ό
328 2126 454 2158 ἀλάθητος
475 2127 602 2164 ὀφθαλμός
628 2139 634 2145 ·
651 2130 679 2155 τό
689 2126 830 2165 πανδερκές
847 2130 919 2165 ὄμμα
936 2133 942 2138 '

137 2170 151 2195 6
166 2171 200 2195 ὧν
217 2190 223 2195 .
242 2170 255 2196 6
270 2171 388 2209 ἄναρχος
406 2193 412 2199 .
423 2173 437 2198 6
448 2171 565 2203 ἀναίτιος
581 2183 588 2189 ·
620 2174 633 2198 ό
657 2172 802 2210 ἀθεώρητος
819 2183 824 2190 ·
847 2174 860 2199 ό
882 2173 942 2209 ὗψι-
962 2173 984 2199 D
1000 2171 1118 2202 ἀσώτους
1139 2171 1342 2207 ἀνακαλούμενος

138 2223 199 2244 στος
211 2225 217 2231 ι
235 2215 248 2240 ό
264 2214 448 2246 ἀκατάληπτος
465 2227 470 2233 ·
487 2217 500 2242 6
514 2215 708 2254 ἁπερίγραπτος

138 2260 152 2284 6
177 2259 283 2296 ἀσαφής
298 2271 304 2277 ·
319 2261 332 2286 ό
350 2263 443 2292 σκότος
457 2262 527 2298 ἔχων
543 2262 690 2299 περικύκλῳ
710 2263 790 2289 αὑτοῦ
813 2274 819 2280 ·

139 2302 315 2339 ἀγαθωσύνης
327 2304 411 2341 βάθος
427 2317 433 2322 ·
450 2307 465 2335 ἠ
485 2309 558 2343 πηγή
575 2311 624 2333 τῶν
647 2306 809 2345 δωρημάτων
825 2316 832 2323 ·
861 2309 876 2337 ἡ
893 2308 942 2334 αὑ-

137 2349 224 2379 τοζωή
238 2360 244 2366 ·
257 2350 272 2378 ἡ
289 2349 342 2380 ζωή
359 2361 366 2367 υ
381 2348 418 2376 δι’
436 2350 462 2376 ὃν
478 2352 506 2377 αἱ
520 2351 587 2382 ζωαί
604 2362 610 2368 ·
628 2349 665 2377 δι’
680 2351 711 2378 οὗ
723 2353 750 2378 αὶ
764 2352 831 2382 ζωαί
847 2363 853 2369 ·
869 2352 902 2383 εἰς
916 2353 943 2379 ὃν

137 2394 171 2419 τὰ
184 2394 271 2420 πάντα
281 2404 288 2410 ·
304 2395 316 2420 6
330 2393 509 2430 ἀμετάπτωτος
522 2397 599 2432 φύσει
610 2395 643 2423 .’ὁ
657 2397 783 2433 ἄτρεπτος
796 2400 826 2433 τῇ
841 2397 919 2433 οὐσίᾳ
936 2419 942 2425 .

137 2438 151 2463 6
176 2436 349 2469 ἀναλλοίωτος
376 2440 452 2475 φύσει
467 2450 473 2456 ·
489 2440 502 2466 6
517 2440 651 2477 αὐτάρκης
667 2451 673 2457 ι
690 2441 703 2466 6
718 2440 813 2472 τέλειος
828 2452 834 2458 ι
851 2443 864 2467 6
877 2441 943 2468 τελε-

135 2484 289 2518 ταρκικ⁶ς”
306 2484 319 2509 ὁ
344 2484 498 2521 ὑπεροὺσιος
525 2495 532 2501 ·
557 2485 570 2510 ὁ
594 2485 717 2522 ὑπέρθεος
741 2496 747 2502 -

135 2527 180 2557 θος
198 2537 204 2543 ι
222 2527 235 2552 6
256 2527 402 2564 ὑπέρφωτος
418 2539 424 2545 ·
442 2529 455 2554 6
469 2529 633 2566 τηλεπρεπής
662 2540 668 2546 ·
694 2530 707 2556 6
737 2530 868 2568 ξωοφόρος
895 2541 901 2547 ι
930 2532 942 2557 6

133 2570 236 2601 ἐντελής
262 2582 269 2588 ·
304 2571 450 2603 όπλάστης
465 2584 472 2589 ·
494 2573 507 2599 6
531 2571 695 2610 δημιουργός
712 2575 747 2600 ’ό
777 2574 872 2610 γλυκὺς
900 2573 940 2601 δε-

133 2617 234 2660 σπότης
248 2626 255 2633 ο
272 2617 285 2642 6
314 2615 510 2654 πωλοδομήτωρ
535 2628 541 2634 ·
561 2619 573 2643 6
587 2616 723 2655 ὑψιμέδων
739 2630 745 2635 ·
762 2620 775 2645 ό
798 2619 876 2650 ξένιος
893 2630 899 2636 ·
927 2621 939 2646 6

132 2655 218 2690 ἰθίανός
235 2671 241 2677 ·
255 2661 268 2686 6
282 2662 362 2696 μέγας
377 2672 383 2677 ·
404 2662 416 2686 ό
435 2661 548 2698 ἰσχυρός
564 2672 571 2678 ·
588 2663 601 2687 6
616 2662 789 2698 ἰσχυροποιός
810 2673 815 2679 ·
843 2663 856 2688 6
877 2662 941 2689 ἀθά-

130 2713 205 2736 νατος
222 2712 230 2719 ·
247 2705 320 2731 ότῶν
335 2707 412 2731 ὄντων
426 2707 598 2743 παραγωγεύς
613 2717 620 2723 ο
639 2707 653 2732 6
668 2711 716 2738 τῆς
739 2707 800 2737 ὕλης
826 2710 872 2733 καὶ
894 2712 940 2734 τοῦ

132 2745 219 2779 εἶδους
245 2748 358 2780 ἕνοποιός
383 2771 389 2777 .
413 2751 442 2776 τὸ
471 2749 614 2788 ἀρχέγονον
635 2751 700 2787 φάος
723 2761 730 2767 ι
762 2752 777 2780 ἠ
794 2753 865 2787 πηγὴ
894 2756 939 2783 τῆς

131 2790 309 2828 ἀγαθωσύνης
331 2804 337 2810 ·
363 2794 377 2823 ἠ
408 2793 553 2832 πλημμύρα
576 2799 626 2820 τῶν
651 2793 814 2833 δωρημάτων
840 2806 846 2812 -
863 2796 937 2822 ὁπο-

734 2228 740 2234 ι
762 2218 774 2243 6
788 2218 920 2253 ἄγνωστος
934 2228 941 2234 υ

845 2265 874 2289 τὸ
896 2268 944 2294 τῆς

773 2487 786 2511 6
814 2487 944 2523 ὑπεράγα-

969 1498 989 1525 C
1006 1508 1108 1542 σταγὼν
1129 1509 1178 1537 τῆς
1201 1504 1379 1541 ἀγαλλιάσεως

1003 1418 1084 1453 ταμός
1108 1421 1155 1447 τῆς
1177 1416 1338 1454 εὐφροσύνης
1353 1426 1360 1433 ·
1388 1416 1401 1441 ὁ
1427 1414 1489 1453 ῥοῦς
1511 1415 1525 1440 6
1553 1414 1657 1445 ἂένναος
1677 1416 1723 1444 τῆς
1762 1413 1830 1450 εὐερ-

1004 1464 1095 1497 γεσίας
1112 1472 1118 1478 ·
1135 1463 1150 1490 ἡ
1172 1460 1244 1491 ἀκτὶς
1263 1461 1278 1490 ἡ
1299 1460 1370 1491 ἐκτὸς
1401 1459 1612 1489 ἀπανακλὴσεως
1636 1458 1765 1494 θέλγουσα
1783 1467 1789 1474 ·
1811 1459 1826 1487 ἡ

1406 1514 1413 1520 ·
1437 1505 1466 1530 τὸ
1490 1503 1600 1538 πέλαγος
1617 1506 1663 1532 τῆς
1691 1502 1828 1538 μακροθυ-

1004 1553 1068 1586 μίας
1085 1561 1090 1567 -
1108 1552 1121 1576 ό
1136 1551 1303 1587 μακρόθυμος
1329 1560 1336 1566 ο
1367 1550 1379 1575 ό
1399 1549 1482 1586 πραΰς
1511 1559 1518 1564 ·
1545 1547 1695 1578 ἀνεξίκακος
1715 1557 1721 1563 -
1745 1547 1758 1572 6
1786 1556 1830 1582 με-

1001 1599 1098 1621 τανοῶν
1111 1596 1153 1621 ἐπὶ
1180 1597 1286 1625 κακίαις
1307 1593 1447 1631 ἀνθρώπων
1462 1603 1468 1609 ·
1493 1593 1506 1618 ό
1519 1594 1676 1628 πρωταίτιος
1692 1601 1698 1607 ·
1723 1591 1739 1620 ἠ
1760 1590 1828 1626 λάμ-

1001 1639 1048 1675 ψις
1062 1640 1077 1668 ἡ
1094 1640 1187 1670 ἄσκιος
1211 1650 1218 1656 ·
1243 1640 1256 1665 6
1268 1640 1415 1675 προνοητής
1429 1648 1435 1654 ι
1453 1638 1465 1663 6
1479 1638 1568 1674 ἔφορος
1586 1658 1592 1664 .
1615 1637 1629 1661 ό
1643 1635 1802 1672 κυϐερνήτης
1817 1646 1824 1652 ·

1001 1684 1102 1720 ὁλιμὴν
1124 1688 1174 1710 τῶν
1200 1684 1397 1719 χειμαζομένων
1418 1690 1425 1696 ·
1454 1682 1469 1710 ἡ
1496 1681 1596 1717 γαλήνη
1623 1685 1673 1706 τῶν
1700 1678 1829 1706 κλυδωνι-

1003 1730 1114 1765 ζομένων
1130 1739 1136 1745 -
1167 1729 1182 1757 ἠ
1207 1727 1333 1763 ἀναψυχῂ
1360 1731 1410 1753 τῶν
1424 1724 1585 1762 ὀδυνομένων
1611 1735 1617 1742 ·
1639 1725 1654 1754 ἡ
1682 1724 1827 1761 ἐπιστροφὴ

1000 1777 1051 1800 τῶν
1085 1773 1283 1810 ἁμαρτανόντων
1304 1783 1310 1788 ·
1335 1773 1348 1797 ό
1377 1769 1475 1801 ᾶδυτος
1496 1770 1568 1800 ἣλιος
1593 1777 1600 1785 ⁸
1634 1770 1649 1798 ἡ
1678 1768 1782 1805 λαμπὰς
1811 1770 1827 1797 ἡ

1000 1817 1127 1848 ἄσϐεστος
1142 1818 1173 1843 -ό
1198 1815 1289 1846 διδοὺς
1317 1820 1368 1852 φῶς
1391 1819 1447 1846 τοῖς
1470 1814 1494 1841 ἓν
1521 1817 1608 1841 σκότει
1635 1825 1642 1830 -
1663 1815 1692 1840 τὸ
1718 1812 1829 1839 ἁνέσπε-

999 1871 1044 1898 ρον
1061 1861 1152 1892 σέλας·
1178 1862 1190 1886 6
1205 1859 1316 1896 γαληνός
1333 1868 1340 1874 '
1362 1860 1375 1885 6
1400 1859 1571 1895 γαληνοποιός
1601 1868 1607 1874 ·
1628 1859 1643 1887 ἡ
1671 1860 1825 1894 παγκρατὴς

998 1904 1106 1941 παλάμη
1123 1926 1130 1933 .
1146 1906 1159 1931 ὁ
1187 1903 1356 1940 παιδαγωγὸς
1380 1908 1429 1929 τῶν
1454 1903 1602 1932 αἰσθήσεων
1624 1913 1630 1919 ·
1653 1903 1668 1931 ἠ
1693 1901 1826 1939 βακτηρία

998 1954 1047 1981 τῆς
1074 1950 1207 1981 ἀσθενείας
1231 1954 1279 1979 τῆς
1308 1950 1407 1985 φύσεως
1428 1958 1434 1964 ·
1464 1952 1510 1978 τῆς
1539 1947 1631 1983 ἀρετῆς
1658 1947 1671 1972 6
1696 1945 1826 1972 διδάσκα-

998 1993 1042 2024 λος
1058 2005 1064 2010 -
1081 1998 1128 2024 τῆς
1141 1996 1232 2023 κακίας
1247 1994 1260 2018 ό
1276 1992 1384 2028 ἔλεγχος
1415 2002 1421 2008 ·
1447 1992 1460 2017 6
1480 1992 1620 2027 νομοθέτης
1645 2000 1652 2006 ·
1673 1991 1686 2015 ό
1713 1988 1827 2025 νομοδό-

998 2048 1062 2068 της·
1079 2039 1092 2064 6
1107 2037 1297 2074 νομοφύλαξ-ό
1312 2036 1437 2066 σεϐαστός
1461 2044 1468 2052 ο
1497 2037 1510 2061 6
1535 2035 1650 2066 σεϐαζων
1681 2044 1688 2051 ο
1716 2035 1729 2060 6
1752 2033 1827 2059 σεϐά-

1000 2092 1075 2119 σμιος
1103 2093 1109 2100 ~
1136 2084 1151 2112 ἡ
1184 2081 1247 2113 ὁδὸς
1261 2086 1309 2113 τῆς
1329 2081 1399 2112 ζωῆς
1411 2091 1417 2097 ·
1434 2081 1449 2109 ἠ
1474 2080 1642 2109 ἄνεκλάλητος
1658 2077 1777 2115 θυμηδία
1788 2088 1795 2094 ·
1811 2078 1823 2103 6

1001 2131 1049 2153 τῶν
1075 2131 1194 2165 κρυπτῶν
1220 2129 1337 2162 γνώστης
1362 2133 1368 2140 ·
1396 2129 1443 2156 τῆς
1466 2123 1585 2154 διανοίας
1612 2124 1625 2149 6
1649 2123 1754 2159 ἔλεγχος
1777 2133 1784 2139 ν
1812 2123 1826 2148 ό

1366 2180 1372 2186 ·
1403 2171 1416 2195 6
1438 2167 1569 2195 παιδεύων
1599 2170 1645 2194 καὶ
1681 2170 1712 2196 τὴ
1750 2168 1825 2193 θανα-

998 2221 1048 2242 τῶν
1066 2227 1072 2232 ·
1088 2217 1101 2241 6
1116 2216 1236 2251 κατάγων
1251 2215 1285 2245 εὶς
1303 2212 1370 2250 ᾅδου
1393 2216 1438 2239 καὶ
1454 2213 1553 2249 ἀνάγων
1585 2223 1590 2229 ·
1613 2213 1626 2238 ό
1646 2210 1779 2248 δεσμεύων
1799 2210 1823 2237 ἐν

1166 2261 1179 2286 6
1199 2259 1317 2286 ἀπολύων
1337 2258 1361 2284 ἓν
1382 2256 1525 2293 δυναστείᾳ
1547 2268 1553 2274 ·
1573 2258 1586 2282 ό
1605 2258 1794 2294 τροπαιοφόρος
1814 2266 1821 2272 ·

1583 2302 1596 2327 6
1621 2302 1770 2337 θαυμαστός
1785 2310 1792 2316 ’
1810 2301 1823 2326 6

999 2260 1118 2287 ὰσθενεία
1138 2271 1145 2276 -

998 2305 1011 2330 6
1031 2308 1209 2342 τροπαιοῦχος
1223 2314 1229 2320 ·
1251 2304 1264 2329 ό
1289 2301 1435 2339 διοσημίας
1455 2305 1534 2328 ποιῶν
1550 2312 1556 2318 ·

1356 2349 1368 2373 6
1402 2348 1487 2385 ἰατρὸς
1516 2351 1566 2373 τῶν
1593 2346 1689 2381 ψυχῶν
1703 2347 1747 2371 καὶ
1774 2349 1824 2371 τῶν

1646 2400 1658 2416 ο
1682 2400 1715 2416 τα
1740 2398 1824 2416 παντα

998 2354 1079 2385 τιμῶν
1106 2351 1167 2380 τοὺς
1202 2349 1291 2380 ἀξίους
1319 2358 1326 2365 ’

999 2395 1126 2430 σωμάτων
1150 2395 1222 2430 ἡμῶν
1251 2404 1257 2410 ·
1292 2393 1305 2419 6
1331 2396 1469 2427 πανταχοῦ
1492 2394 1580 2428 παρών
1608 2401 1615 2407 ·

997 2438 1102 2476 πληρῶν
1119 2449 1125 2455 ·
1147 2440 1160 2464 6
1177 2439 1310 2475 θησαυρός
1319 2442 1368 2463 τῶν
1382 2436 1485 2472 ἀγαθῶν
1503 2446 1509 2452 ”
1524 2436 1537 2462 ό
1571 2435 1639 2465 ζωῆς
1663 2437 1783 2471 χορηγός
1816 2445 1823 2451 ο

998 2484 1013 2512 ἠ
1029 2485 1147 2519 γέννησις
1164 2487 1215 2509 τῶν
1232 2481 1307 2509 ἰδεῶν
1323 2490 1329 2497 '
1347 2482 1471 2511 όοίποσος
1490 2491 1496 2497 ·
1523 2481 1535 2506 6
1564 2479 1768 2516 ἀσχημάτιστος
1789 2489 1795 2495 ·
1813 2480 1825 2504 6

997 2525 1099 2557 ὰνίδεος
1117 2549 1122 2555 ,
1140 2529 1152 2553 ό
1178 2527 1255 2563 ἆγγὺς
1270 2531 1301 2563 τῇ
1319 2525 1427 2561 δυνάμει
1444 2536 1450 2541 -
1483 2525 1496 2550 6
1522 2524 1609 2562 πόρῥω
1638 2522 1686 2550 διὰ
1711 2526 1757 2552 τήν
1781 2525 1827 2560 φύ-

998 2582 1057 2598 σινι
1075 2573 1088 2598 6
1101 2574 1176 2609 μόνος
1191 2572 1266 2608 ἁγνός
1280 2582 1286 2588 ·
1302 2572 1315 2597 ό
1330 2570 1442 2606 ἁγνίζων
1466 2580 1472 2586 ·
1498 2570 1511 2595 6
1531 2572 1606 2605 μόνος
1631 2569 1745 2605 καθαρός
1773 2579 1779 2585 ·
1810 2570 1823 2595 ό

995 2619 1056 2648 τοὺς
1075 2619 1205 2655 καθαροὺς
1220 2618 1386 2654 προσιέμενος
1414 2625 1420 2631 ·
1451 2616 1480 2640 τὸ
1509 2615 1667 2651 καθαρτικὸν
1691 2618 1742 2651 πῦρ
1777 2624 1784 2630 θ
1806 2614 1821 2642 ἡ

996 2661 1087 2697 φλόξή
1112 2663 1237 2692 οἷστεκτος
1267 2672 1273 2678 -
1304 2662 1333 2686 τὸ
1348 2658 1420 2696 ὕδωρ
1449 2661 1477 2685 τό
1504 2660 1627 2696 καθαῖρον
1658 2660 1716 2689 τούς
1747 2658 1824 2694 μολυ-

996 2708 1079 2743 σμούς
1094 2718 1100 2723 -
1116 2709 1144 2733 τὸ
1165 2707 1307 2743 ἀκρότατον
1329 2704 1415 2741 ἓφετόν
1432 2715 1438 2721 ·
1460 2705 1472 2730 ό
1493 2706 1655 2742 παντουργός
1682 2714 1688 2720 ·
1719 2705 1733 2733 ἠ
1760 2703 1823 2740 ῥίζα

995 2752 1082 2782 πάσης
1097 2751 1252 2782 ὀντότητος·
1269 2752 1298 2777 τὸ
1324 2749 1469 2787 ἀθεώρητον
1497 2748 1561 2784 ὕψος
1589 2759 1596 2765 ·
1622 2750 1651 2774 τὸ
1677 2747 1821 2785 ἀμέτρητον

994 2795 1079 2832 βάθος
1095 2817 1102 2825 .
1118 2797 1131 2822 ό
1145 2795 1241 2832 ἀναφὴς
1252 2814 1259 2822 .
1274 2796 1287 2821 6
1298 2796 1466 2831 πηγαστιχός
1483 2804 1490 2810 -
1518 2794 1530 2819 6
1554 2793 1631 2829 λόγου
1662 2794 1800 2830 παραίτιος
1813 2804 1820 2830 ς
