2048 3104
31 148 54 168 Ἃ,

91 136 122 162 ⁸ὶ⁴
138 136 189 172 ’769

350 249 363 275 6
378 251 487 285 γνώμων
501 251 547 278 τῆς
574 246 694 277 ἀληθείας
709 254 717 261 ⁸
746 247 760 273 6
780 249 863 273 κανὼν
895 252 942 279 τῆς

139 293 281 325 εὐθύτητος
303 300 312 309 ⁸
341 294 357 323 ἠ
394 293 497 329 στάθμη
516 293 531 322 ἠ
550 291 739 329 ἀπαρίγκλίτος
768 298 776 307 ·
808 293 839 319 τὸ
869 290 941 329 ὕδωρ

137 341 183 364 τοῦ
198 337 307 374 ἑλεγμοῡ
323 346 331 354 ⁸
348 338 360 364 6
376 341 457 364 ποιῶν
470 339 530 368 τοὺς
566 335 690 373 ἀγγίλους
712 336 792 363 αὐτοῦ
825 338 940 374 πνώμα-

136 392 170 409 τα
185 391 193 399 ⁸
209 383 222 409 6
236 383 297 413 τοὺς
308 382 475 419 λειτουργούς
493 381 574 409 αὑτοῦ
597 383 680 419 πυρός
698 381 780 418 φλόγα
795 392 801 399 ·
830 383 843 408 ό
870 382 941 418 θεμι-

135 427 197 453 λιῶν
211 428 259 457 τήν
288 431 339 463 γῆν
365 426 407 454 ἰπὶ
423 428 473 456 τὴν
496 425 637 463 ἀσφάλειαν
663 426 745 457 αὐτῆς
772 436 779 443 ⁸
811 427 824 452 6
852 426 941 458 ἐξανα-

134 471 229 498 τῦλων
242 473 340 509 χόρτον
352 475 408 502 τοῖς
436 473 557 501 κτήνεσιν
584 478 591 486 ⁸
617 471 630 496 6
659 470 744 507 χλόην
775 474 806 507 τῇ
835 468 941 508 δουλεία

135 520 186 543 τῶν
202 515 344 554 ἀνθρώπων
364 523 371 531 ·
388 516 401 542 6
429 515 572 553 ἁπτόμενος
600 519 650 542 τῶν
677 515 755 552 ὁρίων
782 517 827 541 καὶ
851 519 940 542 καπνί-

135 560 231 592 ζοντας
247 569 254 576 ⁸
268 561 281 587 6
297 558 392 591 διδοὺς
404 561 477 597 «dor,
496 562 575 598 σαρκὶ
589 562 685 597 τροφὴν
712 567 720 575 ⁸
735 560 748 585 6
778 558 916 591 σιτοδότης
930 568 937 576 ⁸

134 614 148 631 ο
165 602 349 641 νομοδοτήσας
366 606 410 631 τόν
435 604 542 643 Ἰσραήλ
556 612 563 620 ⁸
593 605 606 630 6
626 605 747 642 ὑπέρθιος
777 612 784 620 ⁸
801 605 814 630 6
846 604 939 642 κλῆρος

133 654 185 676 τῶν
215 649 380 686 φοϐουμένων
407 649 483 676 αὐτόν
508 657 515 664 ⁸
544 650 560 679 ἡ
593 649 685 676 αἰωνία
707 651 758 681 ζωή
781 659 788 666 ·
805 650 818 675 6
840 648 938 681 ἄσυλος

134 695 267 731 θησαυρός
287 702 295 709 ⁸
321 695 335 720 ό
352 693 502 731 ἐπιστήμων
529 702 536 709 ⁸
564 695 577 720 6
600 696 750 731 προτρέπων
776 697 910 731 προφήτας
929 702 936 709 ⁸

131 739 146 764 6
164 738 266 765 τελειῶν
287 739 381 775 ἱερεῖς·
397 748 410 765 ο
445 739 587 775 ἱερωσύνην
618 739 796 775 νομοθετήσας
821 746 828 753 ⁸
854 748 868 765 ο
895 739 938 765 θυ-

132 786 195 815 σίας
225 782 411 820 ἀναλαμϐάνων
429 791 436 799 ⁸
455 785 468 810 6
480 786 614 819 γινώσκων
633 785 666 810 τὰ
691 785 776 810 πάντα
791 785 825 815 ὡς
851 782 938 815 οὐδεὶς

132 828 158 855 ἓν
174 836 181 843 ⁸
202 829 215 854 6
228 829 331 864 ἀνάγων
360 825 432 865 ὕδωρ
459 827 484 854 ἒν
503 832 561 859 ταῖς
588 828 699 865 νεφὲλαῐς
717 837 725 845 ⁸
752 829 765 854 6
792 830 838 860 τάς
858 828 937 866 ἓπάρε

131 881 186 904 σεις
202 876 249 903 τῆς
267 872 459 909 πολυφλοίσεου
494 872 637 910 συντρίϐων
668 872 692 899 ἐν
707 872 789 909 ἑαυτῷ
809 881 816 889 ⁸

129 919 260 954 τειχίζων
274 919 321 947 τὴν
337 917 471 944 θάλασσαν
487 917 589 954 ψάμμῳ
607 926 615 934 ⁸
634 918 647 943 6
665 916 810 955 θνμόδοξος
825 926 832 934 ⁸
848 919 862 944 6
891 919 937 945 θυ-

129 961 315 999 μοδόξαστος·
333 971 346 988 ο
359 960 505 1000 κυδοφόρος
522 972 529 980 ⁸
551 972 564 989 ο
598 961 726 1001 ἀκέο-τωρ·
742 972 755 990 ο
787 966 872 1000 σωτὴρ
892 967 937 990 τοῦ

130 1010 234 1044 κόσμου
253 1015 259 1022 ⁸
276 1007 290 1033 6
305 1011 357 1043 φῶς
372 1007 449 1033 οἰκῶν
472 1015 479 1021 ⁸
496 1008 509 1033 6
524 1007 666 1045 ἀπρόσιτος
681 1016 687 1023 ⁸
715 1009 728 1034 6
747 1010 862 1045 γεωργὸς
887 1013 938 1042 τῶν

130 1056 227 1090 φρινῶν
241 1060 248 1066 ·
265 1052 277 1077 6
303 1049 390 1083 ἀίδιος
405 1060 412 1067 ⁸
435 1053 448 1078 6
465 1050 605 1089 ἀνώλεθρος
631 1060 639 1067 ⁸
666 1053 679 1078 6
711 1052 876 1091 ἁπροσκορής
897 1060 904 1067 ·
924 1055 937 1080 6

129 1095 253 1127 ἀνενδεὴς
269 1105 276 1111 ⁸
302 1097 314 1123 6
329 1095 518 1134 ἀνυπέρϐλητος
546 1104 553 1111 ⁸
589 1098 602 1123 6
632 1096 790 1134 ἀσύγκριτος
806 1106 812 1112 ⁸
830 1098 842 1123 6
859 1097 936 1130 ἀσύν-

129 1150 255 1172 απτος⁸ο
282 1139 489 1178 ἁκαταμάχητος
521 1151 528 1158 ·
553 1151 566 1167 ο
592 1143 733 1178 προνομεῦς
762 1152 768 1158 ·
798 1152 811 1168 ο
837 1143 869 1168 τὰ
885 1142 935 1169 λει-

127 1186 255 1224 τουργικά
280 1186 374 1216 κτίζων
413 1187 548 1222 πνεύματα
574 1195 581 1203 ·
615 1186 628 1212 6
653 1184 855 1223 ἀδωροδόκητος
884 1195 891 1202 ⁸
920 1188 932 1213 6

128 1228 369 1269 ἀπροσωπόληπτος
383 1237 389 1245 ·
411 1232 423 1256 ό
449 1230 581 1269 λυτρωτὴς
607 1235 653 1257 τοῦ
672 1233 772 1267 κόσμον
789 1239 796 1246 ⁸
817 1232 830 1257 6
850 1230 933 1268 βυθός

127 1280 174 1306 τῆς
190 1277 284 1312 σοφίας
300 1283 307 1291 ⁸
327 1275 340 1302 6
364 1276 449 1302 πάντα
476 1277 541 1312 πρὸς
566 1277 595 1302 τὸ
616 1277 745 1313 συμφέρον
770 1275 910 1313 οἰκονομῶν
923 1283 932 1292 ⁸

128 1321 143 1349 ἡ
172 1318 243 1351 ἐλπὶς
277 1321 379 1347 πάντων
396 1324 445 1346 τῶν
475 1321 592 1358 περάτων
618 1324 664 1351 τῆς
695 1324 743 1357 γῆς
773 1328 779 1336 '
796 1322 809 1347 6
835 1325 934 1359 μετρῶν

128 1366 173 1391 τὸν
188 1364 296 1403 οὐρανὸν
326 1365 445 1402 σπιθαμῇ
466 1373 473 1380 ⁸
489 1365 502 1391 6
519 1362 599 1402 δρακί
617 1367 737 1401 κατέχων
759 1367 805 1395 τὴν
830 1369 880 1401 γῆν
895 1374 901 1380 ⁸
921 1366 934 1392 6

139 259 187 275 νων
205 252 243 284 τῷ
256 247 309 285 βίῳ
325 256 332 263 ⁸

128 1411 208 1446 ᾤοτος
229 1412 275 1441 τῆς
293 1410 363 1441 ζωῆς
377 1418 384 1425 ⁸
399 1410 412 1436 6
426 1410 506 1446 αἴρων
522 1411 569 1439 τὴν
591 1410 721 1447 ἁμαρτίαν
740 1414 786 1436 τοῦ
803 1412 904 1447 κόσμου
923 1418 930 1426 ⁸

130 1455 144 1480 6
162 1455 313 1492 προμηθεύς
332 1463 338 1469 ⁸
358 1454 620 1491 όκαταλαμπτίφρων
645 1463 652 1469 ⁸
675 1455 688 1481 6
713 1453 856 1491 ἀμολυντος
880 1463 887 1470 ⁸
922 1456 934 1481 6

130 1499 242 1530 ᾶσπιλος
259 1508 265 1514 ⁸
283 1500 296 1525 6
311 1498 415 1530 ἀπαθής
437 1506 445 1514 ⁸
461 1499 473 1525 6
506 1501 658 1531 σκεπαστής
672 1507 680 1515 ⁸
697 1500 711 1526 6
726 1499 840 1536 βοηθός·
857 1500 870 1526 6
885 1499 932 1526 ἐνο-

226 1551 234 1559 ⁸
252 1544 265 1570 6
289 1546 366 1581 μόνος
379 1544 511 1581 λυτρωτὴς

424 1589 437 1614 6
464 1588 562 1620 αἰνετός

455 1634 468 1659 6
485 1633 668 1670 πλαστουργός
682 1642 688 1648 ⁸

130 1554 204 1576 ποιος

129 1597 173 1621 τος
189 1590 255 1626 πρὸς
268 1590 361 1615 κακίαν
388 1596 396 1604 ⁸
424 1589 437 1614 ὁ
464 1588 562 1620 αἰνετός
588 1588 626 1614 '6
653 1588 860 1626 ὑπιρυψούμενος
887 1598 893 1604 ⁸
922 1590 934 1615 6

128 1632 226 1670 λύχνος
243 1637 289 1660 τοῦ
309 1635 392 1670 φωτός
419 1640 426 1648 ⁸
455 1634 468 1659 6
485 1633 688 1670 πλαστουργός·
710 1634 722 1659 6
750 1635 858 1671 φρουρός
886 1642 893 1650 ⁸
921 1634 933 1659 6

127 1679 282 1716 προστάτης
301 1686 307 1693 ⁸
323 1679 336 1704 6
349 1678 431 1714 φύλαξ
445 1685 451 1692 ⁸
469 1678 482 1704 6
505 1680 761 1708 σννουσιοουσιωτὴς
778 1686 784 1693 ⁸
800 1678 813 1704 6
827 1678 907 1714 φίλιος
922 1686 929 1693 ⁸

128 1724 141 1749 6
154 1724 317 1759 νικαγωγεύς
329 1731 336 1739 ⁸
354 1723 367 1749 6
381 1721 623 1760 λαμπαδιανάπτης
648 1731 656 1739 ⁸
673 1723 686 1749 6
719 1721 898 1754 τεινοδοκίδας
925 1731 931 1739 ⁸

127 1769 140 1794 6
158 1767 330 1805 βοθννοποιός
345 1775 352 1783 ⁸
383 1768 396 1793 6
413 1765 596 1798 πιθιοδείκτης
613 1775 619 1781 ·
636 1768 650 1794 6
676 1770 867 1805 κεντροπήκτης
883 1775 889 1782 ⁸
919 1769 932 1794 6

129 1814 343 1850 σφαιριργατής·
365 1812 377 1838 6
397 1811 567 1850 ἡλιοκινήτωρ
586 1820 592 1827 ⁸
623 1812 636 1838 6
662 1815 848 1848 μηναυγαστής
879 1819 885 1826 ”
919 1813 931 1838 6

126 1857 263 1887 πλανήτων
277 1855 400 1887 ὁδοποιός
413 1865 420 1872 ⁸
435 1857 448 1883 6
476 1857 526 1887 ζῶν
545 1864 552 1871 ⁸
572 1857 584 1882 6
611 1855 651 1882 ἀεὶ
678 1856 729 1887 ζῶν
745 1865 751 1872 ⁸
781 1857 793 1882 6
821 1858 931 1887 ποιητὴς

128 1907 177 1928 τῶν
199 1901 314 1938 ἀγγέλων
330 1909 337 1916 ⁸
357 1902 370 1927 6
395 1901 718 1938 ζωνοαφανοληγοτροπεύς
744 1909 751 1916 ⁸
780 1901 792 1927 6
816 1899 932 1930 ὴλδανο-

127 1947 192 1982 χώς
206 1949 215 1981 (
227 1948 270 1974 ita
287 1945 373 1981 cod.)
389 1954 395 1960 '
411 1946 424 1971 6
436 1946 779 1983 χθονιρπιτονεμετιργάτης
798 1953 804 1961 ⁸

125 2001 206 2027 ννμος
221 1999 228 2006 ⁸
244 1991 257 2016 6
271 1989 439 2026 πολυώνυμος
460 1999 466 2005 ⁸
483 1991 496 2016 6
516 1993 683 2026 παντώννμος
701 1998 707 2005 ⁸
725 1991 737 2016 6
753 1991 848 2026 ἔποχος
864 1991 874 2025 (
888 1990 932 2018 ita

126 2035 212 2071 cod.)
229 2036 399 2073 σωφροσύνης
415 2043 421 2050 ⁸
443 2035 456 2060 6
472 2033 590 2071 ἀνόμοιος
612 2044 619 2051 ·
633 2035 646 2060 6
670 2035 787 2065 ζωννύων
812 2038 867 2066 τοῖς
883 2033 932 2071 βα-

127 2079 245 2107 σιλεϋσιν
260 2079 341 2115 ἰσχύν
357 2087 364 2094 ⁸
385 2079 398 2105 6
413 2080 600 2116 ὑπερκὲραυνος
615 2087 621 2094 ⁸
647 2079 660 2105 6
677 2080 742 2105 θίτιν
771 2081 864 2116 κρίνων
889 2085 897 2093 ⁸
918 2079 931 2104 6

125 2122 295 2161 ἀνδρομίδων
312 2132 319 2139 ⁸
338 2124 351 2150 6
367 2125 439 2155 ὅσιος
455 2132 462 2138 ⁸
479 2124 492 2150 6
508 2122 626 2154 ζηλωτής
640 2132 646 2138 ⁸
662 2124 674 2149 6
690 2122 797 2149 Σαϐαὼθ
814 2131 820 2138 “
838 2123 851 2149 6
868 2122 934 2149 ἀπα-

123 2168 279 2205 ραλόγιστος
295 2179 302 2185 -
328 2169 391 2205 όμή
422 2169 490 2204 ἓχων
525 2167 663 2203 ἀναλογίαν
694 2176 701 2183 ⁸
732 2168 745 2193 6
770 2167 932 2204 ἐτεροιότηοι

124 2216 263 2244 ποιητικός
279 2221 285 2228 ⁸
300 2214 313 2240 6
328 2214 364 2243 εἷς
379 2212 403 2239 ὶν
418 2217 449 2249 τῇ
465 2213 540 2248 φύσει
557 2221 563 2227 ⁸
581 2213 594 2238 ό
621 2212 657 2243 εἷς
683 2211 707 2238 ἰν
723 2215 753 2248 τῇ
783 2211 906 2248 βασιλείᾳ
922 2220 929 2227 ⁸

124 2259 186 2289 ὁιῖς
201 2258 226 2284 ἐν
243 2262 274 2294 τῇ
292 2256 434 2293 δεσποτεία
453 2266 460 2273 ⁸
489 2257 502 2283 6
519 2257 553 2287 ιῖς
567 2256 591 2282 ἰν
606 2260 637 2293 τῇ
658 2259 794 2293 κυριότητι
820 2265 826 2272 ⁸
857 2257 869 2283 6
897 2257 930 2288 εἷς

124 2302 148 2329 ἰν
163 2306 196 2337 τῇ
213 2301 323 2340 δυνάμιι
338 2312 345 2319 ·
360 2303 373 2328 6
400 2304 476 2338 μόνος
497 2301 622 2332 πλούσιος
651 2309 658 2316 ⁸
689 2311 702 2328 ο
730 2303 805 2338 μόνος
834 2300 929 2337 ἀγαθο-

124 2345 206 2378 δότης
220 2356 227 2362 ⁸
242 2348 256 2374 6
271 2346 412 2383 Ὀλύμπιος
426 2355 433 2362 ·
449 2346 463 2372 6
473 2347 581 2383 χθόνιος
597 2354 604 2361 ⁸
619 2346 632 2372 6
647 2346 785 2382 ὑφηγητής
795 2350 845 2372 τῶν
859 2343 930 2372 δεόν-

204 2401 212 2407 ⁸
239 2392 253 2418 6
280 2394 405 2428 κραταιός
435 2399 442 2406 ⁸
463 2391 476 2417 6
499 2392 697 2429 τερπικίραννος
712 2398 719 2406 ⁸
736 2391 750 2416 6
765 2390 929 2428 νιφεληγερί-

123 2446 169 2468 της
183 2444 191 2453 ⁸
207 2438 220 2462 6
234 2435 410 2475 ὑψιϐρεμέτης
429 2444 435 2451 ⁸
452 2435 465 2461 6
480 2436 612 2472 ὑπέρτατα
635 2433 747 2471 δώματα
772 2436 849 2461 ναίων
875 2441 884 2450 ⁸
914 2435 928 2461 ὁ

126 2482 270 2520 «nixam
290 2490 297 2497 '
331 2482 344 2508 6
368 2480 588 2518 ἀσκληπιαρωγός
614 2487 622 2496 ⁸
648 2480 661 2506 6
691 2481 849 2517 θαρσοποιός
875 2485 885 2496 ⁸
914 2479 927 2506 6

832 1946 845 1971 6
865 1945 931 1971 ἀνώ-

123 2401 174 2419 των

768 137 813 168 DE
832 135 957 170 DIvINlS
976 141 1179 171 NOMINIBUS.

140 204 229 242 χάραξ
241 207 293 230 τῶν
312 203 385 242 παρὰ
397 203 476 241 φύσιν
488 209 497 219 ⁸
526 201 540 232 ἡ
558 196 682 232 διάϐασις
705 205 754 228 τῶν
778 203 944 239 μετατιθςμί-
959 206 982 233 Α
996 213 1009 230 ο
1029 203 1191 242 εἰρηνάρχης

837 883 850 899 ο
867 883 938 911 περι·
957 884 979 911 Β

542 1552 549 1560 ⁸
568 1545 581 1570 6
607 1545 767 1582 ὑπεράρχιος
786 1552 792 1560 ⁸
809 1545 822 1570 6
849 1544 936 1574 ἀκίνη‹
949 1564 969 1592 C

1224 212 1231 220 '
1259 205 1273 231 6
1300 201 1473 244 ιίρηνώνυμος
1507 216 1514 224 ⁸
1539 208 1555 238 ἡ
1591 209 1727 247 αὖτοπάγη
1749 219 1756 226 ⁸
1781 214 1795 238 6

996 247 1207 286 άμϐροσιοδότης
1223 258 1229 265 ⁸
1246 250 1260 276 6
1275 254 1320 277 τοῦ
1333 253 1455 290 νέκταρος
1475 255 1610 291 παροχεύς
1636 263 1642 270 ⁸
1659 256 1672 281 6
1695 258 1796 292 κοσμὴ-

996 302 1043 323 σας
1057 295 1101 319 τὸν
1120 293 1227 330 οὐρανόν
1253 303 1260 312 ⁸
1288 295 1302 321 6
1328 305 1448 333 καταγων
1474 299 1565 330 ύιτοὺς
1591 307 1598 314 ⁸
1625 300 1638 325 6
1660 303 1796 333 ταπεινοὺς

995 337 1067 373 ὑψῶν
1086 345 1094 353 ⁸
1110 338 1123 364 6
1138 338 1282 376 συντρίϐων
1296 342 1356 372 τοὺς
1380 340 1536 379 ἐπηρμένους
1563 353 1570 360 ·
1596 344 1609 370 6
1634 343 1737 380 ἀνυφῶν
1756 348 1796 372 κίι

994 391 1042 418 ρας
1055 386 1105 408 τῶν
1120 387 1247 420 χρηστῶν
1262 384 1342 411 αὐτοῦ
1363 392 1370 400 ⁸
1401 386 1414 412 6
1432 385 1549 423 βασιλεῖς
1572 390 1704 426 κρατύνων
1729 397 1736 405 ⁸
1764 392 1794 416 τὸ

994 426 1183 454 καταναλίσκον
1199 432 1252 465 πῦρ
1272 428 1401 466 ἁμαρτίας
1430 439 1437 445 ⁸
1459 432 1487 457 τὸ
1513 431 1673 459 ἀνὺστακτον
1692 436 1766 470 ᾂιιμα
1784 443 1791 450 ⁸

995 473 1008 497 ό
1032 473 1079 501 τήν
1095 474 1249 499 ταπείνωσιν
1279 477 1445 511 προσιέμενος
1473 484 1480 491 ⁸
1507 477 1520 502 6
1549 476 1711 504 ἀντιτάσσων
1739 483 1795 510 τοῖς

994 516 1165 552 ὑπερηφάνοις
1180 525 1187 532 ⁸
1203 517 1216 544 6
1231 517 1423 555 καταρῥάσσων
1436 520 1494 551 τους
1513 520 1638 553 ἀλαζόνας
1661 531 1667 538 ⁸
1697 523 1710 548 6
1727 526 1794 549 πᾶσι

993 563 1063 597 χέων
1077 562 1120 588 τόν
1133 561 1199 588 ἵλεον
1215 570 1222 578 ⁸
1239 563 1251 589 6
1268 562 1306 590 ἐπὶ
1322 567 1449 602 πονηροὺς
1463 567 1507 592 καί
1532 565 1644 602 ἀγαθοὺς
1662 566 1767 604 βρέχων
1783 575 1791 584 ⁸

994 606 1008 631 ό
1024 604 1162 632 ἀνατῦλων
1182 608 1225 633 τόν
1239 607 1311 636 ἣλιον
1332 608 1374 635 ἐπὶ
1401 607 1519 640 δικαίους
1538 613 1582 637 καὶ
1610 609 1717 642 ἀδίκους
1741 619 1747 626 ⁸
1779 613 1793 638 6

993 651 1077 677 πάντα
1088 652 1165 677 ποιὰν
1184 654 1228 678 καί
1246 654 1447 689 μετάσκευάζων
1483 663 1490 670 ⁸
1520 656 1533 681 ό
1559 660 1609 687 τῶς
1636 658 1725 692 φύσεις
1751 657 1792 683 ἀλ-

993 694 1067 721 λοιῶν
1084 704 1090 711 ·
1113 695 1126 721 ὀ
1141 694 1217 727 εἰδὼς
1231 698 1263 723 τὰ
1278 698 1362 725 πάντα
1387 701 1428 724 καὶ
1445 701 1496 736 πρὸ
1521 702 1641 735 γενέσεως
1668 709 1675 715 ·
1692 703 1721 727 τό
1746 705 1794 733 τῆς

993 739 1190 776 εὐσπλαγχνίας
1215 740 1414 778 ἀτιξιχνίαστον
1455 743 1565 779 πέλαγος
1594 752 1601 760 ⁸
1629 746 1643 774 ἠ
1673 745 1795 774 θάλασσα

992 786 1041 808 τῶν
1056 781 1158 818 ἀγαθῶν
1174 791 1182 799 ⁸
1196 783 1210 812 ἡ
1228 783 1373 822 πλημμύρα
1385 789 1435 811 τῶν
1459 785 1542 812 καλῶν
1558 794 1565 802 ⁸
1593 787 1607 813 6
1621 791 1671 813 τῶν
1698 787 1793 815 ἐσθλῶν

993 827 1115 864 πρύτανις
1131 835 1138 842 ⁸
1153 828 1167 853 6
1181 829 1258 864 μόνος
1273 828 1379 866 φοϐερός
1402 837 1410 845 ⁸
1431 830 1444 855 6
1477 831 1545 866 ἔχων
1571 832 1659 868 θρόνον
1686 834 1730 858 τόν
1746 833 1793 859 ον-

993 873 1069 908 ρανόν
1081 880 1087 887 ⁸
1104 872 1117 898 6
1132 871 1277 899 ὑποπόδιον
1295 873 1386 910 αὐχῶν
1399 876 1446 903 τὴν
1457 879 1507 911 γῆν
1529 883 1535 890 ⁸
1560 876 1574 901 6
1592 876 1707 912 χαλινῶν
1721 877 1794 914 ιιιάμ⁴

993 926 1034 952 μῳ
1048 919 1096 946 τὴν
1111 916 1245 943 θάλασσαν
1262 925 1268 932 ⁸
1292 919 1305 944 6
1320 920 1367 948 τὴν
1386 918 1529 957 ἀγριότητα
1555 925 1601 947 τοῦ
1619 923 1714 948 πόντου
1734 922 1793 949 ἀνα-

993 961 1124 996 χαιτιζων
1144 969 1151 976 ⁸
1178 962 1190 987 6
1215 961 1367 999 λειοκύμονα
1399 966 1497 993 ταύτην
1523 964 1731 1003 ἀπεργαζόμενος
1755 976 1761 983 ⁸
1779 969 1793 994 6

993 1007 1022 1032 τό
1037 1005 1151 1032 εὐπλοεῐν
1166 1010 1221 1037 ταῖς
1235 1010 1313 1034 ναυσὶ
1340 1011 1518 1046 παρεχόμενος
1539 1017 1545 1024 ⁸
1576 1011 1590 1036 6
1617 1012 1702 1038 πάντα
1727 1014 1792 1050 πρὸς

993 1052 1021 1076 τὸ
1041 1053 1169 1089 συμφέρον
1182 1051 1323 1088 οἰκονομῶν
1339 1063 1345 1069 ·
1360 1054 1374 1082 ἠ
1402 1054 1526 1092 μάχαιρα
1552 1059 1598 1086 τῆς
1621 1058 1712 1087 κακίας
1739 1064 1746 1072 ⁸
1774 1058 1789 1086 ἡ

991 1093 1065 1126 ἀξίνη
1082 1099 1129 1126 τῆς
1145 1094 1253 1127 ἀδικίας
1269 1104 1275 1111 ⁸
1297 1097 1311 1126 ἡ
1325 1097 1443 1134 ⁴ὁομφαίαι
1457 1102 1503 1124 τοῦ
1532 1101 1614 1125 σατάν
1630 1107 1637 1115 ⁸
1653 1101 1668 1130 ἡ
1702 1102 1789 1130 σπάθη

990 1142 1038 1170 τῆς
1052 1142 1180 1178 πονηρίας
1195 1148 1205 1157 ⁸
1225 1141 1240 1170 ἡ
1254 1145 1301 1171 τῆς
1317 1139 1469 1172 ὃολιότητος
1483 1143 1594 1180 θραῡσις
1610 1152 1616 1159 ·
1636 1145 1649 1171 ό
1662 1147 1709 1175 τὴν
1725 1144 1789 1172 δια-

989 1183 1066 1213 ϐολὴν
1085 1188 1169 1220 μισῶν
1188 1192 1195 1200 ·
1225 1185 1238 1211 ό
1263 1189 1373 1217 ποιητὴς
1399 1191 1449 1213 τῶν
1476 1188 1576 1224 ὁρατῶν
1599 1197 1605 1204 ⁸
1632 1190 1645 1215 6
1674 1189 1792 1220 πλάστης

986 1233 1037 1257 τῶν
1053 1233 1152 1258 νοητῶν
1167 1236 1175 1245 ⁸
1213 1230 1227 1256 6
1242 1233 1411 1267 παραγωγιὺς
1434 1236 1484 1258 τῶν
1507 1232 1639 1262 αἰσθητῶν
1665 1242 1672 1249 ⁸
1702 1235 1715 1261 6
1744 1233 1793 1265 δη-

987 1275 1115 1311 μιουργός
1131 1278 1182 1300 τῶν
1202 1277 1237 1311 μὴ
1258 1277 1415 1312 φαινομένων
1430 1283 1438 1291 ⁸
1455 1277 1468 1302 6
1483 1279 1595 1309 κτίστης
1609 1282 1659 1304 τῶν
1686 1278 1768 1306 ἀΰλων
1781 1286 1789 1296 ⁸

988 1320 1001 1346 6
1016 1320 1143 1355 συνοχεὺς
1157 1323 1207 1345 τῶν
1221 1318 1314 1345 ίνύλων
1328 1327 1334 1334 ⁸
1350 1320 1363 1346 ὁ
1386 1319 1478 1352 ἐσθλός
1506 1329 1513 1337 ⁸
1529 1323 1544 1351 ἡ
1574 1322 1766 1360 οὗτοαγαθότης
1782 1333 1789 1340 ·

988 1365 1002 1390 6
1018 1363 1129 1400 ἕλε-ἡμων
1159 1372 1165 1379 ⁸
1182 1373 1195 1390 ο
1211 1362 1343 1401 ὶλεονργός
1371 1373 1380 1382 ⁸
1399 1373 1412 1391 ο
1435 1365 1592 1398 αὐτόνυκτος
1623 1375 1630 1383 ⁸
1656 1377 1669 1394 ο
1696 1369 1790 1396 οἰκτεί-

989 1418 1039 1446 ρων
1056 1416 1063 1423 ⁸
1077 1409 1090 1434 ό
1105 1408 1161 1444 μεθ’
1181 1406 1280 1440 ἡδονῆς
1297 1409 1356 1445 ἐλέῳ
1379 1414 1453 1446 χρῶν
1475 1420 1481 1427 ·
1509 1411 1522 1437 6
1549 1413 1610 1443 τοὺς
1635 1411 1789 1444 δικάζοντας

990 1452 1106 1484 δικάζων
1121 1461 1128 1469 ⁸
1147 1454 1160 1479 6
1172 1455 1231 1484 τόὺς
1251 1453 1382 1485 ἐλεοῦντας
1394 1454 1466 1481 ἐλεῶν
1480 1462 1487 1470 ⁸
1507 1456 1520 1482 ό
1547 1458 1608 1488 τοὺς
1636 1456 1789 1493 ἀγαπῶντας

989 1498 1096 1534 ἀγαπῶν
1116 1506 1122 1513 ⁸
1142 1498 1156 1524 6
1179 1502 1229 1524 τῶν
1247 1498 1386 1534 μελλόντων
1411 1502 1530 1535 γνώστης
1557 1508 1564 1516 ⁸
1593 1502 1606 1527 6
1634 1501 1788 1538 ἂφαπλὼσας

990 1543 1100 1580 αἰθέρα·
1116 1543 1129 1568 6
1145 1544 1173 1569 τό
1203 1542 1344 1579 ἁρχὶγονον
1374 1541 1518 1580 διατμήξας
1545 1549 1597 1581 φῶς
1618 1554 1623 1560 ⁸

990 1585 1039 1618 δής
1059 1595 1066 1602 ⁸
1083 1588 1096 1613 6
1109 1590 1158 1613 τῶν
1172 1590 1259 1623 φώτων
1280 1585 1361 1624 δοτήρ
1393 1596 1399 1602 ⁸

1645 1547 1658 1572 6
1685 1556 1787 1583 φωτοει-

1431 1589 1444 1614 6
1469 1592 1542 1625 χειρὶ
1568 1592 1685 1626 κατέχων
1701 1595 1788 1618 πᾶσαν

990 1633 1059 1662 ζωήν
1077 1640 1083 1647 ⁸
1100 1633 1113 1658 6
1128 1633 1158 1658 τό
1183 1633 1227 1669 ἔαρ
1246 1634 1383 1668 κοσμήσας
1400 1641 1406 1647 ⁸
1427 1642 1441 1658 6
1473 1637 1519 1659 τοῦ
1545 1635 1634 1671 θέρους
1666 1645 1788 1673 παραγω.

987 1678 1049 1712 γεύς
1063 1685 1069 1691 ⁸
1090 1677 1103 1702 6
1116 1678 1145 1702 τό
1161 1677 1321 1714 φθινόπωρον
1349 1678 1536 1713 τεκτηνάμενος
1565 1686 1572 1693 ⁸
1598 1680 1660 1715 ότῷ
1677 1685 1788 1717 χειμῶνι

987 1721 1116 1758 ἀφορίσας
1129 1723 1156 1747 τό
1167 1720 1254 1757 ψῦχος
1271 1730 1277 1736 ⁸
1291 1721 1304 1747 6
1326 1721 1489 1759 χειμάρρους
1517 1722 1657 1750 ἀνατέλλων
1692 1733 1698 1740 ⁸
1715 1726 1728 1751 6
1743 1734 1789 1752 ποι

1274 1766 1286 1791 6
1319 1766 1484 1804 κυκλοφορῶν
1517 1769 1576 1798 τούς
1601 1767 1710 1805 ἀστέρας
1739 1777 1746 1786 ⁸
1775 1771 1788 1797 6

987 1810 1131 1841 ἀήττητος·
1148 1811 1161 1836 6
1187 1809 1346 1847 ἀπολέμητος
1360 1817 1368 1826 ⁸
1400 1812 1413 1837 6
1440 1811 1575 1848 ἄψαυστος
1600 1822 1606 1828 ⁸
1632 1815 1645 1840 6
1662 1813 1760 1853 ἀμερής
1780 1824 1787 1831 ⁸

986 1856 999 1881 6
1015 1853 1162 1892 ἀμερίστως
1175 1855 1260 1881 πάντα
1274 1856 1340 1893 ὁρῶν
1361 1864 1368 1871 ⁸
1385 1857 1398 1882 6
1422 1859 1567 1893 χαροποιός
1582 1865 1589 1873 ⁸
1620 1859 1633 1884 6
1662 1858 1790 1896 θυμηδιο-

987 1898 1068 1930 δότης
1082 1909 1088 1915 ·
1103 1900 1116 1925 6
1133 1898 1305 1936 σοφριοδότης
1328 1902 1362 1927 '6
1392 1904 1523 1939 νημερτής
1553 1910 1559 1917 ⁸
1581 1903 1594 1929 6
1618 1903 1716 1936 ὕπατος
1740 1912 1747 1920 ⁸
1775 1906 1788 1931 6

986 1943 1152 1980 παντόφυλαξ
1170 1952 1179 1961 ⁸
1195 1945 1207 1970 6
1223 1946 1425 1982 παντοθρέμμων
1439 1953 1447 1961 ⁸
1475 1947 1488 1972 6
1504 1948 1589 1973 πάντα
1616 1949 1649 1978 ὡς
1677 1949 1701 1975 ἓν
1728 1948 1788 1985 βλέ-

987 1998 1041 2015 πων
1056 1997 1062 2004 ·
1080 1989 1093 2014 6
1108 1986 1255 2020 ἀδέκαστος
1268 1997 1275 2003 ⁸
1292 1991 1305 2015 6
1325 1991 1491 2029 ττδοοκράτωρ
1518 1999 1525 2007 ⁸
1542 1992 1555 2018 6
1584 1991 1736 2028 ὑγειοδότης
1750 2001 1756 2008 ⁸
1774 1994 1787 2020 6

988 2031 1146 2063 ἀδιάϐλητος
1167 2041 1173 2047 ⁸
1190 2034 1203 2059 6
1217 2033 1320 2065 ἀπαθής
1337 2042 1343 2048 ⁸
1355 2035 1369 2060 6
1385 2034 1538 2067 ἀνείκαστος
1566 2035 1591 2062 ἐν
1617 2036 1762 2073 ἀγαθότητι
1779 2045 1786 2053 ⁸

987 2078 1000 2103 6
1014 2077 1137 2108 αὖτονοῦς
1158 2086 1165 2093 ⁸
1180 2078 1195 2107 ἡ
1220 2078 1380 2114 αὖτογνῶσις
1394 2088 1400 2094 ⁸
1418 2081 1432 2109 ἡ
1461 2079 1617 2112 αὖτονόησις
1646 2089 1653 2095 ·
1681 2084 1695 2110 ἡ
1713 2081 1788 2108 αὐτος

986 2121 1114 2153 τελειότης
1133 2129 1141 2137 ⁸
1157 2123 1170 2148 6
1189 2123 1223 2149 τὰ
1246 2122 1340 2153 ἀσθενῆ
1368 2122 1518 2161 ίνδυναμῶν
1544 2133 1551 2140 ⁸
1580 2126 1595 2155 ἠ
1626 2125 1787 2162 927616696-

986 2176 1028 2197 τος
1042 2165 1154 2203 δύναμις
1175 2176 1182 2183 ⁸
1199 2167 1212 2193 6
1226 2166 1388 2205 βροτονργός
1402 2176 1409 2183 ⁸
1429 2171 1458 2195 τὸ
1481 2168 1559 2206 βῆμα
1572 2171 1601 2196 τὸ
1627 2169 1756 2198 ἀλάθητον
1777 2179 1782 2185 ⁸

986 2211 1139 2248 όάωέθης
1165 2221 1171 2228 ·
1189 2213 1217 2238 τό
1243 2214 1279 2248 μὴ
1307 2211 1443 2250 ἰσόρροπον
1469 2215 1578 2250 μέγιθος
1605 2222 1611 2229 ⁸
1640 2215 1654 2243 ἡ
1682 2214 1740 2246 ἑνάς
1770 2215 1785 2245 η

985 2255 1098 2288 ἑνοποιός
1113 2260 1164 2283 τῶν
1179 2255 1276 2283 ἐνάδὼν
1308 2266 1315 2272 ⁸
1332 2258 1345 2283 6
1366 2258 1467 2283 πάντων
1493 2257 1560 2289 ἐντός
1588 2267 1595 2274 ⁸
1625 2259 1637 2285 6
1663 2260 1787 2296 νοσοφθό·

984 2310 1032 2338 ρας
1050 2309 1057 2316 ⁸
1075 2302 1090 2330 ἠ
1106 2302 1218 2338 τρυτάνη
1232 2305 1278 2332 τῆς
1292 2300 1395 2336 θέμιδος
1410 2310 1417 2318 ⁸
1444 2303 1457 2328 6
1471 2302 1647 2339 χιονοϐλήτης
1676 2311 1683 2319 ⁸
1709 2305 1723 2330 ό
1747 2313 1787 2340 7L-

983 2344 1211 2383 γαντορῥαίστης⁸
1241 2346 1254 2372 6
1278 2346 1379 2377 ἀαπτος
1408 2354 1414 2361 ·
1444 2347 1457 2372 6
1486 2346 1702 2385 ἀπροσπέλαστος
1734 2356 1741 2364 ⁸
1772 2349 1785 2375 6

983 2388 1113 2428 ἀκήρατος
1133 2398 1139 2405 ⁸
1157 2389 1181 2416 ίν
1194 2389 1214 2426 ᾧ
1230 2390 1295 2420 ζωαί
1310 2397 1317 2405 ⁸
1336 2391 1351 2420 ἡ
1365 2391 1493 2421 αὖτοπνοή
1512 2399 1519 2407 ⁸
1535 2390 1571 2418 δι’
1587 2392 1614 2418 ὃν
1643 2394 1670 2418 αἱ
1696 2395 1783 2419 πνοαί·

983 2432 1021 2461 δι’
1033 2433 1062 2461 οὗ
1077 2435 1104 2461 αἱ
1116 2435 1193 2461 πνοαί
1208 2443 1214 2449 ·
1231 2434 1259 2466 ίξ
1274 2435 1306 2461 οὗ
1322 2436 1350 2462 αἱ
1368 2438 1444 2462 πνοαί
1460 2443 1466 2451 ⁸
1483 2436 1495 2463 6
1514 2435 1628 2468 ἄπλητος
1645 2444 1652 2453 ⁸
1669 2437 1682 2463 6
1698 2437 1731 2463 ὡν
1748 2437 1784 2471 Ii;

981 2481 1042 2511 τοὺς
1057 2479 1151 2511 αἰῶνας
1163 2483 1213 2506 τῶν
1225 2479 1333 2508 αἰώνων.

987 1767 1085 1802 ταμοὺς
1100 1766 1227 1802 ξηραίνων
1247 1774 1253 1781 ⁸
