4096 6208
443 318 544 378 771

1813 304 2177 370 THEODOBI
2214 313 2261 366 II
2298 314 2437 369 IMP.

3600 60 3621 71 ’θ
3668 0 3793 127 ῌ-,Ε

3701 315 3821 366 7'72

450 441 3792 469 Μ

1424 582 1814 672 ΚΑΝΩΝ
1899 578 2812 667 ΠΑΡΑΚΛΗΤΙΚΟΣ

836 809 1085 922 ΕΙΣ
1183 805 1508 918 ΤΗΝ
1604 796 2479 915 ΥΠΕΡΑΓΙΑΝ
2570 792 3392 911 ΘΕΟΤΟΚΟΝ

1704 1039 1970 1087 IIOIHMA
2034 1038 2165 1084 ΤΟΥ
2232 1035 2556 1086 ΒΑΣΙΛΕΩΣ

887 1224 1263 1316 ΚΥΡΟΥ
1318 1220 1928 1314 ΘΕΟΔΩΡΟΥ
2003 1217 2379 1304 ΔΟΥΚΑ
2449 1214 2672 1302 ΤΟΥ
2736 1212 3385 1302 ΛΑΣΚΑΡΕΩΣ

1431 1634 1781 1724 (ἈΝΟΝ
1910 1628 2856 1720 EXHURTATOBIUS

964 1879 1218 1997 ,ΑΒ
1298 1866 2362 1995 SANCTISSIMAM
2450 1864 3261 2009 DEIPARAM,

2046 2132 2223 2189 OPUS

450 2342 1136 2485 DOMINI
1298 2332 1979 2474 THEOD.
2123 2327 2690 2465 DUCzE
2846 2325 3804 2466 LASCARIS

536 2610 613 2663 Ex
643 2604 1003 2662 Paracletice
1033 2605 1375 2658 Graecorum
1405 2612 1545 2653 cum
1574 2592 2060 2667 interpretatione
2090 2594 2315 2646 nostra.
2348 2589 2538 2644 Aliam
2568 2589 2908 2645 versionem
2938 2588 3209 2645 ediderat
3232 2592 3292 2645 P.
3327 2589 3705 2662 Raynaudus

449 2700 512 2754 S.
572 2698 618 2751 J.
662 2697 820 2767 Opp.
877 2698 1022 2749 tom.
1065 2693 1173 2760 Vll,
1207 2688 1285 2745 ab
1331 2685 1647 2759 Hippolyto
1677 2683 1964 2741 Maraccio
1997 2684 2331 2751 acceptam,
2364 2678 2469 2750 qui
2512 2694 2649 2734 eam
2677 2694 2709 2733 e
2744 2678 2950 2734 Graeco
2981 2677 3187 2734 codice
3219 2678 3435 2735 Leonis
3466 2678 3659 2734 Allatii
3697 2695 3815 2751 per

483 2786 726 2843 fratrem
758 2798 939 2839 suum
972 2779 1337 2836 Ludovicum
1360 2774 1718 2834 Maraccium
1747 2771 1875 2828 ﬁeri
1904 2772 2237 2826 curaverat.
2260 2773 2332 2823 At
2354 2768 2606 2824 omnino
2633 2767 2867 2824 abludit
2885 2784 2923 2824 a
2943 2772 3107 2825 textu
3133 2770 3336 2825 Graeco
3358 2768 3773 2826 Paracletices.

1120 3029 1171 3082 1.
1198 3028 1468 3083 Hirmus.

446 3144 821 3200 Pharaonem
874 3137 1150 3207 aurigam
1208 3133 1379 3203 virga
1403 3129 1574 3188 Hosis
1618 3128 1679 3184 vi
1731 3125 2093 3183 miraculosa

444 3233 657 3289 diebus
684 3230 800 3287 illis
843 3226 1183 3284 submersit.
1238 3226 1567 3294 Postquam
1625 3217 1787 3273 enim
1836 3231 2002 3272 mare
2031 3215 2091 3271 in

444 3321 635 3377 crucis
673 3319 934 3375 formam
987 3313 1302 3382 divisisset,
1354 3308 1652 3365 Israelitas
1708 3321 1783 3361 ex
1829 3305 2091 3375 Egypto

443 3396 1174 3471 migrantes,pedibusque
1205 3393 1313 3448 iter
1340 3390 1626 3446 facientes
1659 3383 1953 3449 salvavit;
1988 3383 2093 3455 qui

442 3494 561 3546 Deo
586 3490 886 3561 hymnum
906 3484 1264 3541 cecinerunt.

516 3559 954 3632 Adversitatum
980 3572 1239 3643 impetus
1270 3566 1539 3623 animam
1569 3578 1770 3619 meam
1799 3559 2091 3618 humilem

446 3670 661 3723 vexant
687 3663 1131 3729 ;calamitatum
1157 3658 1351 3713 nubes
1378 3671 1480 3711 cor
1509 3668 1713 3709 meum
1735 3650 2088 3707 obscurant.

442 3759 526 3812 Tu
555 3760 775 3821 autem,
801 3754 981 3808 Mater
1010 3749 1131 3818 Dei,
1161 3763 1297 3820 quae
1348 3745 1546 3802 lucem
1598 3742 1864 3797 divinam
1912 3744 2093 3811 atque

442 3850 726 3903 aeternam
751 3840 1030 3915 genuisti,
1060 3839 1271 3896 ilustra
1286 3851 1382 3892 me
1397 3833 1624 3890 lumine
1647 3831 1876 3887 salutis.

513 3935 600 3991 Ex
631 3932 927 4005 angustiis
956 3931 1093 3987 vitae
1127 3933 1184 3985 et
1217 3922 1695 3983 tribulationibus
1728 3921 1807 3977 ab
1837 3918 2091 3976 inimicis

438 4025 615 4082 illatis
643 4023 779 4080 forti
812 4027 912 4077 tuo
946 4018 1212 4087 brachio,
1238 4032 1274 4072 o
1309 4011 1722 4077 immaculata,
1776 4009 2089 4077 liberatus,

440 4111 914 4170 misericordiam
940 4114 1109 4166 tuam
1136 4105 1431 4163 inﬁnitam
1458 4106 1514 4158 et
1544 4116 1687 4171 erga
1717 4116 1811 4155 me
1839 4098 2091 4155 charita-

440 4212 561 4259 tem
587 4203 853 4259 carmine
884 4200 1142 4255 celebro.

2127 3024 2174 3074 Α

2816 3017 2884 3072 α’.
2912 3016 2972 3069 Ὀ
2998 3019 3189 3091 εἱρμός.

2269 3123 2666 3199 Ἀρματὴλάτην
2761 3130 2946 3197 Φαραὼ
3074 3124 3284 3177 ἐϐύθισε
3386 3128 3815 3198 τερατουργούσά

2199 3232 2322 3265 ποτε
2386 3217 2640 3271 Μωσαῐκὴ
2688 3208 2903 3287 ῥάϐδος,
2971 3216 3345 3288 σταυροτύπως
3392 3214 3658 3281 πλήξασα,
3716 3221 3815 3267 καὶ

2202 3298 2451 3354 διελοῦσα
2477 3301 2768 3371 θάλασσαν,
2811 3301 3023 3375 Ἰσραὴλ
3051 3298 3110 3354 δὲ
3141 3299 3375 3374 φυγάδα,
3410 3304 3564 3363 πεζὸν
3618 3299 3813 3361 ὁδίτην

2201 3388 2473 3461 διέσωσεν,
2507 3385 2652 3464 ᾆσμα
2676 3399 2748 3462 τῷ
2776 3398 2890 3462 Θεῷ
2921 3389 3296 3464 ἀναμελποντα.

2270 3576 2379 3622 Τῶν
2420 3569 2661 3644 λυπηρῶν
2715 3568 2982 3641 ἐπαγωγαὶ
3033 3571 3361 3644 χειμάζουσι
3411 3577 3501 3630 τὴν
3557 3578 3811 3629 ταπεινήν

2197 3677 2297 3730 μου
2328 3657 2534 3728 ψυχὴν,
2568 3662 2657 3709 καὶ
2683 3667 2960 3732 συμφορῶν
2999 3662 3119 3731 νέφη
3152 3666 3243 3717 τὴν
3297 3658 3423 3732 ἐμὴν
3476 3659 3815 3712 καλύπτουσι

2197 3744 2439 3820 καρδίαν,
2477 3750 2829 3820 θεονύμφευτε,
2864 3746 2971 3799 ἀλλ’
3029 3750 3058 3805 ἡ
3095 3756 3195 3819 φῶς
3242 3756 3501 3815 τετοκυῖα,
3558 3753 3614 3801 τὸ
3671 3751 3814 3801 θεῖον

2197 3841 2287 3888 καὶ
2316 3841 2647 3908 προαιῶνιον,
2685 3835 2890 3909 λάμψον
2956 3856 3046 3909 μοι
3075 3841 3129 3888 τὸ
3163 3846 3266 3908 φῶς
3320 3841 3379 3890 τὸ
3438 3842 3811 3914 χαρμόσυνον.

2274 3925 2359 3987 Ἐξ
2418 3924 2715 3997 ἀμετρήτων
2801 3923 3036 3997 ἀναγκῶν
3116 3931 3205 3977 καὶ
3260 3926 3503 3997 θλίψεων,
3587 3932 3678 3979 καὶ
3751 3926 3815 3991 ἐξ

2198 4011 2401 4087 ἐχθρῶν
2453 4008 2742 4085 δυσμενῶν,
2809 4018 2897 4065 καὶ
2973 4022 3249 4086 συμφορῶν
3306 4013 3449 4088 βίον,
3500 4014 3811 4090 λυτρωθεὶς,

2196 4105 2554 4175 πανάχραντε,
2596 4110 2657 4174 τῇ
2714 4109 2941 4175 κραταιᾷ
2985 4099 3206 4175 δυνάμει
3254 4122 3371 4173 σου,
3435 4103 3664 4177 ἀνυμνῶ,
3716 4124 3815 4178 με-

2195 4190 2399 4262 γαλύνω
2452 4196 2545 4249 τὴν
2607 4193 2817 4266 ἄκετρόν
2887 4211 2981 4244 σου
3047 4193 3397 4264 συμπάθειαν,
3449 4197 3540 4245 καὶ
3595 4198 3692 4251 τὴν
3735 4194 3811 4253 εἰς

2196 4280 2285 4350 ἐμέ
2317 4299 2413 4331 σου
2443 4279 2794 4352 παράκλησιν.

511 4379 692 4450 Igitur
710 4377 931 4433 ﬁducia
946 4376 1160 4449 plenus
1183 4374 1244 4430 in
1264 4372 1562 4444 gremium
1585 4374 1759 4425 tuum
1783 4365 2086 4434 confugio,

2266 4375 2373 4420 Νῦν
2414 4371 2691 4436 πεποιθὼς,
2758 4367 2841 4421 ἐπὶ
2888 4374 2982 4427 τὴν
3046 4375 3142 4429 σὴν
3195 4375 3477 4444 κατέφυγον
3526 4369 3809 4443 ἀντίληψιν

441 4475 497 4526 et
524 4468 688 4540 apud
716 4473 769 4523 te
800 4464 1273 4521 consolationem
1291 4475 1569 4534 quaerens
1600 4457 1818 4514 adsum
1844 4459 1900 4510 et
1918 4453 2089 4508 humi

437 4562 787 4631 prostratus,
803 4571 840 4611 o
862 4554 1134 4620 Domina,
1166 4546 1659 4607 lacrimabundus
1671 4561 1740 4602 ac
1752 4542 2086 4616 gemebun—

438 4648 552 4704 dus
586 4660 799 4719 precor
820 4659 895 4700 ne
924 4658 1021 4699 me
1050 4642 1343 4697 miserum
1372 4651 1645 4709 spernas,
1698 4639 1761 4690 tu
1790 4633 1895 4705 qui
1923 4632 2085 4689 Chri-

439 4738 772 4795 stianorum
795 4750 857 4791 es
884 4730 1210 4801 refugium.

508 4826 674 4883 Absit
696 4829 763 4882 ut
791 4820 1097 4894 magnalia
1142 4824 1247 4874 tua
1293 4814 1523 4872 silentio
1566 4816 1935 4886 praeteream.
1964 4810 2084 4867 Nisi

437 4915 597 4971 enim
627 4922 712 4984 tu,
735 4913 937 4983 Virgo,
962 4910 1127 4983 apud
1175 4906 1388 4962 Filium
1430 4908 1602 4961 tuum
1644 4900 1908 4956 divinum
1942 4916 2081 4956 cau-

434 5020 569 5059 sam
619 5019 820 5060 meam
841 5001 1091 5072 egisses,
1131 4997 1267 5071 quis
1290 5010 1387 5052 me
1416 5010 1449 5050 e
1476 4996 1640 5049 tanta
1659 4989 1958 5046 malorum
1977 5005 2082 5045 vo-

431 5091 640 5162 ragine
658 5091 1014 5147 liberasset?

504 5181 673 5253 Eripe
703 5195 839 5245 nos,
871 5194 1079 5235 servos
1122 5181 1280 5243 tuos,
1308 5189 1345 5229 ο
1400 5170 1671 5243 Deipara,
1706 5185 1738 5225 e
1765 5168 2070 5241 periculis.

435 5269 778 5327 Secundum
819 5271 1005 5324 Deum
1042 5265 1203 5321 enim
1251 5263 1331 5319 ad
1360 5267 1414 5317 te
1452 5266 1519 5317 ut
1563 5275 1806 5315 murum
1834 5258 2079 5331 inexpu-

431 5358 737 5430 gnabilem
766 5356 1171 5426 confugimus.

503 5448 768 5521 Respice,
792 5443 1200 5503 illustrissima
1221 5442 1497 5513 Deipara,
1521 5454 1630 5511 pro
1658 5435 2078 5495 misericordia

2194 4459 2447 4533 κραταιὰν
2478 4462 2567 4510 καὶ
2624 4461 2754 4531 πρὸς
2808 4462 2901 4515 τὴν
2963 4463 3157 4519 σκέπην
3210 4458 3490 4533 ὀλοψύχως
3548 4457 3803 4535 ἔδραμον,

2192 4552 2283 4598 καὶ
2320 4552 2446 4618 ⁴γόνυ
2491 4546 2666 4617 κλίνω,
2699 4551 2976 4617 Δέσποινα,
3035 4554 3125 4601 καὶ
3173 4551 3343 4623 θρηνῶ
3396 4556 3486 4602 καὶ
3542 4550 3803 4615 στενάζω,

2192 4641 2263 4707 μή
2296 4655 2358 4708 με
2398 4631 2630 4709 παρίδῃς
2659 4640 2746 4688 τὸν
2823 4636 3020 4702 ἄθλιον,
3090 4646 3190 4689 τῶν
3256 4646 3590 4712 Χριστιανῶν
3639 4658 3804 4692 κατα-

2192 4728 2294 4797 φύγ
2302 4744 2395 4780 ιον.

2253 4814 2327 4867 Ού
2364 4819 2619 4872 σιωπήσω
2645 4822 2740 4866 τοῦ
2788 4812 2918 4886 βοᾴν
2966 4821 3273 4890 τρανῶτατα
3322 4819 3390 4869 τὰ
3439 4817 3691 4890 μεγαλεῖα
3731 4822 3803 4871 τὰ

2192 4904 2305 4965 σάς
2348 4902 2483 4975 εἰμὴ
2511 4904 2609 4978 γὰρ
2663 4907 2753 4971 σὺ,
2790 4908 2953 4979 Κόρη,
3011 4907 3229 4957 πάντοτε
3289 4909 3607 4980 προῖστασο,
3666 4908 3799 4982 ὑπὲρ

2187 4989 2311 5062 ἐμοῦ
2342 4990 2707 5063 πρεσϐεύουσα
2743 5000 2817 5062 τῷ
2844 4994 2948 5063 Υἰῷ
2977 4997 3067 5045 καὶ
3098 5001 3211 5064 Θεῷ
3240 5013 3355 5061 σου,
3398 4998 3477 5055 τίς
3511 4992 3567 5046 ἐκ
3612 4998 3802 5048 τοσού-

2184 5098 2275 5131 του
2301 5098 2363 5151 με
2392 5076 2657 5141 κλύδωνος
2681 5086 2769 5133 καὶ
2810 5077 2990 5132 δεινῶν
3021 5078 3276 5134 κινδύνων
3317 5082 3571 5157 ἐρρύσατο
3599 5102 3613 5151 ;

2255 5171 2523 5221 Διάσωσον
2553 5171 2653 5221 ἀπὸ
2684 5168 2937 5222 κινδύνων
2975 5174 3095 5232 τοὺς
3129 5168 3352 5234 δούλους
3381 5191 3497 5242 σου,
3548 5178 3798 5230 Θεοτὸκε,

2183 5259 2263 5309 ὅτι
2291 5258 2492 5318 πάντως
2519 5261 2651 5329 μετὰ
2680 5263 2831 5327 Θεὸν,
2879 5259 2947 5319 εἰς
3007 5264 3064 5312 σι
3119 5264 3508 5334 καταφεύγομεν
3562 5264 3633 5324 ὡς
3690 5262 3796 5337 ἆῤ-

2182 5347 2369 5420 ῥηκτον
2399 5353 2579 5417 τεῖχος
2608 5351 2698 5398 καὶ
2726 5352 3076 5422 προστασίαν.

2251 5433 2556 5505 Ἐπίϐλεψον
2638 5433 2687 5486 ἐν
2734 5435 2987 5509 εὐμενείᾳ,
3045 5440 3346 5511 πανύμνητε
3404 5444 3645 5513 Θεοτόκι,
3705 5439 3790 5492 ἐπὶ

428 5543 558 5594 tua.
596 5538 676 5594 ad
699 5535 972 5593 miserias
1002 5531 1225 5607 quibus
1245 5545 1467 5602 corpus
1491 5543 1700 5585 meum
1718 5531 1988 5597 vexatur,
2018 5528 2078 5582 et

2214 5528 2273 5584 ὴν
2300 5522 2428 5597 ἐμήν
2458 5524 2696 5597 χαλεπὴν
2734 5533 2827 5577 τοῦ
2883 5533 3124 5600 σώματος
3173 5529 3429 5599 κάκωσιν,
3485 5534 3578 5583 καὶ
3634 5532 3792 5585 ἴασαι

427 5625 650 5687 anima
682 5622 995 5689 doloribus
1027 5619 1292 5683 medere.

2178 5621 2277 5680 τῆς
2298 5611 2489 5688 ψυχῆς
2512 5632 2616 5689 μου
2644 5616 2705 5670 τὸ
2732 5613 2907 5689 ἄλγος.
