2048 3104
86 60 189 82 ,τ-ηιετ-ιρλ

110 160 166 190 τἿό
704 161 845 191 HYMNUS
857 163 905 190 AD
919 161 969 191 SS.
982 159 1174 192 DEIPARAM.
1741 163 1796 194 ’774

428 235 445 260 γ
455 245 462 251 .
473 223 503 250 '0
518 225 614 261 εἱρμός.

153 268 283 306 οὐρανίας
299 267 394 304 ἁψῖδος
409 269 553 306 ὀροφουργὲ
567 270 667 306 Χριστὲ
691 271 735 295 καὶ
762 269 918 299 Ἐκκλησίας

117 312 246 350 δομῆτορ,
264 315 298 339 σύ
316 323 348 349 με
365 316 518 351 πιρέωσον,
534 313 558 339 ἐν
573 318 604 350 τῇ
629 313 718 350 ἀγάπῃ
743 318 774 351 τῇ
806 318 851 350 σῇ,
868 318 917 340 τῶν

116 357 209 394 ὶφετών
234 358 250 387 ἠ
281 355 405 395 ἄκροι-ης,
431 362 480 383 τῶν
507 362 608 384 πιστῶν
633 360 661 384 τό
690 361 836 395 στήριγμα,
857 360 918 395 μὸνε

117 402 290 440 γιλάνθρωπε.

451 448 556 484 Τροπάρ
561 457 597 473 ιον
602 468 609 474 .

154 491 317 528 Ἀποῤῥήξας
341 491 369 518 ἐκ
387 492 499 524 πάντων,
517 490 648 529 ὀδυνηρῶς
674 492 763 527 κράζω
792 502 835 518 σοι
853 494 918 528 πρό-

118 537 228 571 φθασον,
247 537 326 573 θερμὴ
355 538 515 572 προστασία,
531 538 575 562 καὶ
591 539 641 566 σὴν
670 536 794 573 βοήθειαν
810 534 856 568 δός
874 546 920 573 μοι

117 584 154 615 τῷ
170 578 256 616 δούλῳ
273 590 332 613 σο,υ
344 585 381 615 τῷ
400 585 511 616 ταπεινῷ
535 583 580 606 καὶ
612 580 702 617 ἀθλίῳ,
731 585 768 616 τῷ
793 583 841 610 τὴν
871 583 919 610 σὴν

118 624 257 660 ἀντίληψιν
273 624 440 655 ἐπιζητοῦντι
460 626 559 662 θιρμῶς
567 646 572 652 .

153 670 378 706 Ἐθαυμάστωσας
413 671 491 700 ὅντως
531 673 575 696 νῦν
608 668 647 696 ἔπ’
682 669 748 706 ἔμοι,
782 672 918 702 Δέσποινα,

118 716 165 744 τὰς
203 714 351 752 εὐιργισίας
376 723 433 748 σου,
465 716 546 751 Κόρη,
572 716 616 740 καὶ
640 715 673 740 τὰ
695 713 749 743 ὶλέη
781 724 840 749 σου,
863 714 919 740 ὃθεν

120 757 224 790 δοξάζω
238 768 276 791 σε,
290 760 335 784 καὶ
349 757 453 794 ἀνυμνῶ
473 760 518 784 καὶ
541 761 655 796 γεραίρω
683 761 730 788 τὴν
753 758 849 787 πολλὴν
874 760 920 784 καὶ

121 803 231 839 ἄμετρον
241 801 400 838 κηδεμονίαν
417 812 476 831 σου.

154 849 283 883 Καταιγίς
305 857 338 883 μι
363 847 487 884 χειμάζει
514 851 563 873 τῶν
603 851 752 884 συμφορῶν,
781 849 917 881 Δέσποινα,

118 894 226 917 καὶτῶν
252 891 375 928 λυπηρῶν
397 893 534 927 τριχυμίαι
562 893 795 922 καταποντίζουσιν
821 901 827 907 ·
856 890 920 917 ἀλλὰ

118 936 297 972 προφθάσασα
310 935 390 971 χεῖρά
404 944 449 971 μοι
465 933 510 965 δός
537 934 671 971 βοηθιίας,
705 936 720 963 ἡ
749 936 829 972 Θιρμή
850 935 919 961 ἀντί-

117 980 194 1016 ληψις
208 982 255 1006 καὶ
268 982 421 1017 προστασία
431 989 492 1015 μου.

155 1024 246 1054 Δληθῆ
276 1026 404 1051 Θιοτόκον
426 1024 554 1060 ὁμολογῶ,
581 1026 720 1053 Δέσποινα,
749 1026 778 1049 σέ
799 1024 846 1052 τῆν
871 1027 917 1049 τοῦ

120 1070 232 1095 Θανάτου
257 1070 287 1095 τὸ
315 1069 411 1105 κρὰτος
436 1068 640 1104 ἑξαφανίσασαν,
663 1069 696 1099 ὡς
718 1071 763 1094 καὶ
785 1068 918 1104 φυσίζωος

118 1113 146 1140 ἑκ
172 1118 223 1139 τῶν
252 1111 356 1149 δισμῶν
387 1117 436 1139 τῶν
475 1111 542 1148 ᾆδον
576 1114 639 1150 πρὸς
681 1112 750 1143 ζωὴν
790 1111 917 1148 ἀνήγαγες

118 1158 152 1189 εἰς
168 1162 218 1194 γῆν
229 1167 261 1194 με
277 1158 417 1195 ῥςύσαντα.

152 1204 289 1229 Διάσωσον
309 1201 359 1228 ἀπὸ
380 1200 507 1228 κινδύνων
535 1204 593 1232 τοὺς
621 1199 733 1232 δούλους
761 1211 819 1236 σου,
849 1205 917 1227 Θεο-

118 1250 186 1282 τόκε,
203 1248 246 1274 ὅτι
259 1248 351 1278 πάντες
371 1248 436 1283 μετὰ
463 1249 527 1273 Θιὸν
543 1246 577 1277 εἰς
606 1248 634 1273 ei
660 1247 852 1283 καταφεύγομεν
883 1247 917 1277 ὡς

119 1292 248 1330 ἄρρηκτον
257 1296 346 1328 τεῖχος
361 1294 407 1318 καὶ
423 1294 596 1327 προστασίαν.

155 1337 309 1373 Ἐπίϐλεψον
337 1336 361 1362 ἄν
396 1336 521 1372 εὐμενείᾳ,
545 1338 694 1372 πανύμνητι
720 1339 840 1368 Θεοτόκι,
874 1335 916 1362 ἐπὶ

120 1384 164 1411 τὴν
174 1382 239 1418 ἐμὴν
261 1381 382 1418 χαλεπὴν
408 1384 454 1407 τοῦ
477 1383 597 1416 σώματος
626 1382 743 1407 κάκωσιν
771 1383 815 1406 καὶ
840 1382 915 1406 ἴασον

120 1430 167 1457 τῆς
180 1426 274 1462 ψυχῆς
288 1435 338 1462 μου
356 1427 385 1452 τὸ
396 1425 472 1461 αλγος

414 1468 450 1497 δ’.
466 1468 495 1496 Ὀ
511 1470 604 1506 εἰρμός.

153 1516 186 1541 Σύ
201 1524 264 1551 μου⁷
280 1515 388 1551 Χριστὶ,
404 1515 498 1551 Κύριός
521 1523 571 1550 μου
599 1516 644 1540 καὶ
668 1511 790 1549 δύναμις,
808 1515 841 1539 σὺ
857 1515 915 1548 Θή,

121 1561 152 1585 σύ
166 1569 217 1596 μου
230 1558 389 1595 ὰγαλλίαμα,
406 1559 419 1585 ὁ
441 1561 500 1595 περὶ
523 1560 630 1595 κυρίους
644 1558 753 1589 κόλπους
771 1560 808 1595 μὴ
836 1558 917 1584 λιπὼν

120 1607 162 1630 καὶ
173 1607 221 1633 τὴν
246 1605 369 1641 ἡμετέραν
396 1605 529 1639 πτωχείαν
555 1602 786 1638 ὶπιστκιψάμςνος,
815 1600 858 1628 διὸ
871 1604 917 1628 σὺν

120 1653 154 1685 τῷ
180 1651 302 1686 προφήτῃ
329 1647 488 1684 ’Δϐϐακωύμ
517 1657 559 1673 σοι
582 1649 734 1683 κραυγαζω,
754 1650 791 1682 Τῇ
809 1644 918 1683 δυνάμει

122 1703 167 1720 σου
181 1691 258 1728 δόξα,
273 1692 446 1729 φιλάνθρωπα.

439 1736 543 1773 Τροπάρ
548 1745 594 1763 ιον.

156 1785 204 1810 Καὶ
241 1785 292 1809 ποῦ
319 1781 407 1808 λοιπὸν
436 1779 515 1810 ἄλλην
543 1780 647 1816 ιὺρήσω
681 1779 803 1815 ὰτίληψιν
833 1788 840 1813 ;
868 1783 919 1806 ποῦ

120 1828 264 1865 προσφὺγω
294 1830 369 1859 ςποῡ
398 1824 428 1852 δ⁴ε
451 1827 496 1851 καὶ
524 1825 680 1860 σωθήσομαι
706 1833 713 1858 ;
737 1827 796 1850 τίνα
823 1825 918 1861 θιρμήν

121 1872 167 1903 ἔξω
179 1871 279 1908 βοηθὸν
296 1870 399 1906 θλίψισι
418 1874 464 1895 τοῦ
494 1868 554 1905 βίου
569 1872 614 1895 καὶ
640 1868 742 1902 ζάλαις,
754 1871 825 1905 οἶμοι
839 1869 845 1896 Ῑ
859 1868 919 1896 κλο-

120 1918 265 1953 μοὺμινος;
280 1915 323 1945 Εἰς
336 1916 364 1941 ei
379 1916 459 1951 μόνην
474 1913 580 1948 ἐλπίζω,
600 1915 645 1939 καὶ
661 1912 759 1950 θαρρῶ,
782 1916 827 1940 καὶ
852 1923 919 1939 καυ-

119 1965 221 1998 χῶμαι,
232 1962 278 1986 καὶ
291 1961 449 1997 προστρέχω
461 1962 492 1994 τῇ
601 1967 659 1992 σου,
673 1960 760 1983 σῶσόν
774 1967 815 1994 με.

152 2007 202 2032 Τὸν
239 2005 357 2040 ποταμὸν
394 2005 437 2029 τόν
464 2002 587 2038 γλυκερὸν
614 2006 659 2029 τοῦ
684 2001 753 2028 ἐλέου
783 2003 841 2036 σὸυ,
874 2003 918 2028 τὸν

118 2051 258 2080 πλουσίαις
272 2047 380 2085 δωρεαῖς
395 2046 559 2085 δροσίσαντα
572 2048 618 2076 τὴν
642 2046 785 2073 παναθλίαν
804 2048 850 2072 καὶ
873 2056 918 2073 τα-

117 2097 216 2128 πεινὴν,
231 2094 355 2129 πάναγνε,
383 2092 476 2128 ψυχὴν
492 2101 552 2127 μου,
580 2095 630 2116 τῶν
657 2095 795 2128 συμφορῶν
807 2093 853 2117 καὶ
867 2094 918 2117 τῶν

119 2139 228 2176 Θλίψιων
264 2140 365 2175 καμίνῳ
390 2136 586 2173 φλογωθεῖσαν,
624 2135 770 2171 μεγαλύνω,
797 2136 918 2172 κηρύττω

117 2187 161 2210 καὶ
175 2185 334 2221 προσ-τρέχω
346 2185 377 2218 τῇ
396 2182 478 2216 σκέπῃ
489 2189 548 2212 σου,
563 2181 648 2206 σῶσόν
662 2189 705 2216 με.

153 2230 182 2255 Σὲ
194 2230 242 2257 τὴν
252 2227 344 2263 ἁγνὴν,
371 2227 400 2252 σέ
414 2228 461 2254 τὴν
492 2225 620 2261 Παρθένον
646 2226 692 2250 καὶ
711 2223 833 2259 ἄσπιλον,
867 2226 916 2260 μό-

118 2283 162 2302 νην
177 2274 255 2310 φέρω,
278 2275 366 2308 τεῖχος
384 2270 604 2308 ἄπροσμοὲχητον,
627 2270 788 2304 καταφυγὴν,
819 2270 917 2297 σκέπην

119 2319 257 2355 κραταιὰν,
286 2316 403 2352 ὅπλισμα
437 2315 577 2351 σωτηρίας,
601 2315 636 2349 μή
674 2323 706 2349 με
731 2311 846 2350 παρίδῃς
873 2314 917 2339 τὸν

120 2363 233 2395 ἄσωτον,
258 2361 330 2391 ἓλπὶς
361 2359 568 2395 ἆπιλπισμένων,
614 2356 727 2383 ἆσθινῶν
761 2359 915 2393 οιύμμοιχίοι¹

121 2406 274 2442 θλιϐομένων
288 2405 362 2442 χαρὰ
369 2406 414 2429 καὶ
429 2401 574 2437 ἀντίληψις.

154 2455 213 2482 Πῶς
237 2449 343 2481 ἇξειπιῖν
359 2458 406 2474 σου
429 2446 487 2473 κατ’
506 2445 581 2478 ἀξίαν
597 2443 748 2482 δυνήσομαι
772 2446 834 2476 τοὺς
852 2444 918 2481 ἆμι-

119 2496 180 2528 λονς
193 2495 356 2532 οἰκτιρμοὺς,
370 2497 390 2519 ὦ
405 2494 541 2525 Δέσποινα,
568 2492 626 2521 τοὺς
649 2492 697 2519 τήν
718 2490 781 2526 ἐμὴν
809 2491 919 2516 πάντοτε

119 2541 211 2578 ψυχὴν
249 2537 340 2569 ama»;
367 2536 517 2573 θλιϐομένην
546 2537 580 2566 ὡς
606 2533 679 2572 ὕδωρ
709 2534 918 2572 περικυκλώσαν-

119 2594 182 2620 mg;
201 2583 271 2612 Ἀλλ’
293 2583 313 2609 ὢ
326 2586 372 2613 τῆς
389 2585 438 2612 σῆς
465 2582 585 2618 προνοίας
613 2582 659 2606 καὶ
686 2583 733 2610 τῆς
757 2578 916 2617 εὐεργεσίας,

120 2628 148 2661 ἦς
161 2629 278 2666 ἀφρόνως
293 2628 305 2653 ὁ
318 2626 396 2658 τὰλας
410 2625 543 2653 ἀπώλεσα.

154 2676 289 2702 Διάσωσον
305 2671 355 2698 ἀπὸ
365 2669 492 2697 κινδύνων
507 2671 569 2700 τοὺς
583 2667 694 2699 δούλους
713 2677 773 2703 σου,
795 2669 916 2699 Θιοτόκσ,

122 2721 159 2747 ὅτι
172 2719 275 2749 πάντως
293 2717 359 2753 μιτὰ
383 2717 448 2743 Θιὸν
476 2715 513 2745 ei;
541 2715 570 2740 σὶ
595 2714 791 2749 καταφεύγομεν
815 2713 851 2743 ὧς
870 2711 918 2749 οἶῤ-

121 2765 214 2802 ῥηκτον
227 2765 316 2798 τεῖχος
326 2763 372 2787 καὶ
385 2761 561 2797 προστασίαν·

156 2806 309 2843 Ἕπίϐλιψον
336 2804 361 2832 ἂν
386 2804 512 2842 adgnita},
540 2803 690 2839 πανύμνητι
717 2802 840 2835 Cum,
875 2799 919 2828 ill

1270 228 1298 255 3.
1310 227 1447 255 Hii-mur.

1004 270 1123 306 Apsidis
1138 270 1264 298 caelestis
1280 273 1477 305 constructor,
1490 272 1518 298 et
1532 270 1670 299 Ecclesia
1693 271 1796 299 mode-

970 317 1061 349 rator,
1073 315 1194 346 Christe,
1207 317 1239 343 tu
1249 323 1298 343 me
1310 315 1398 343 ﬁrma
1409 316 1440 343 in
1451 323 1554 344 amore
1564 318 1624 351 tuo,
1642 324 1797 344 summum

970 359 1079 387 animae
1093 359 1286 393 desiderium,
1300 360 1435 388 ﬁdelium
1449 360 1578 388 fulcrum
1591 362 1619 388 et
1627 360 1795 389 adminicu-

970 403 1044 437 lum,
1058 405 1134 431 Deus
1147 404 1328 432 misericors.

1257 449 1447 484 Troparium.

1006 492 1051 520 Ab
1065 492 1149 520 omni
1174 493 1265 526 malo,
1275 493 1414 529 praesidio
1425 495 1477 521 tuo
1489 493 1631 529 benigno,
1647 502 1696 522 me
1704 494 1795 531 eripe,

971 539 1000 564 et
1022 537 1166 565 auxilium
1191 537 1235 565 fer
1250 545 1337 565 servo
1352 540 1404 565 tuo
1431 537 1535 565 humili
1558 540 1587 566 et
1600 539 1794 573 infortunato,

971 581 1024 618 qui
1039 581 1143 609 salutis
1159 589 1243 618 spem
1259 582 1291 609 in
1305 584 1333 610 te
1348 590 1409 610 uno
1419 582 1512 619 ponit,

1007 671 1109 699 Hiram
1131 673 1158 698 te
1185 671 1259 698 mihi
1280 671 1449 707 praestitisti,
1475 671 1611 705 Domina,
1637 672 1738 707 Virgo,
1765 672 1796 700 in

971 714 1125 742 beneﬁciis
1135 722 1203 750 quae
1215 714 1246 742 in
1257 723 1305 743 me
1316 715 1483 748 contulisti;
1500 723 1594 751 quare
1604 716 1797 750 magniﬁcen—

971 759 1045 787 tiam
1060 761 1143 796 tuam
1156 759 1298 787 laudibus
1314 762 1403 796 atque
1413 760 1536 796 hymnis
1547 760 1697 790 celebrare
1719 769 1797 789 nun-

971 803 1065 831 quam
1078 794 1190 823 desisto
1203 816 1209 821 .

1006 840 1218 875 Tempestates,
1234 840 1370 875 Domina,
1387 840 1418 868 in
1432 848 1481 868 me
1499 840 1616 869 irruunt
1637 844 1666 869 et:
1689 849 1799 869 uarum-

936 906 955 932 B
971 891 1081 911 narum
1091 891 1201 919 gurges
1215 892 1264 912 me
1290 884 1431 918 devorat;
1459 885 1514 913 sed
1528 887 1561 913 tu
1581 893 1709 914 manum
1723 886 1799 914 mihi

972 927 1187 956 auxiliatricem
1202 929 1331 964 porrige,
1343 928 1519 964 praesidium
1531 931 1561 957 et
1572 930 1621 965 adj
1627 930 1703 958 utrix
1717 939 1797 960 mea.

1007 1013 1114 1040 Veram
1127 1014 1155 1040 te
1168 1011 1328 1048 Deiparam
1342 1012 1568 1049 conﬁteorque:
1582 1014 1688 1042 mortis
1701 1014 1799 1051 impe-

971 1056 1049 1084 rium
1064 1056 1230 1089 abolevisti,
1247 1059 1276 1085 et
1303 1065 1371 1093 qua:
1388 1057 1414 1085 vi
1437 1059 1490 1085 tua
1503 1057 1625 1087 viviﬁca
1637 1067 1674 1086 ex
1689 1058 1798 1087 inferni

971 1100 1099 1129 vinculis
1115 1101 1155 1129 ad
1168 1101 1261 1129 vitam
1273 1101 1331 1130 hac
1344 1101 1376 1129 in
1389 1104 1466 1130 terra
1480 1109 1530 1130 me
1543 1102 1700 1131 revocasti.

1007 1189 1091 1226 Eripe
1105 1197 1162 1218 nos
1177 1198 1278 1218 servos
1292 1193 1370 1224 tuos,
1403 1199 1422 1219 ο
1450 1191 1585 1228 Deipara,
1600 1199 1616 1220 e
1639 1192 1791 1228 periculis.

972 1234 1144 1263 Secundum
1160 1236 1253 1263 Deum
1266 1235 1347 1263 enim
1373 1235 1412 1264 ad
1427 1238 1454 1264 te
1469 1238 1501 1264 ut
1524 1244 1646 1265 murum
1672 1237 1798 1274 inexpu-

971 1278 1125 1314 gnabilem
1140 1281 1170 1308 et
1179 1280 1356 1315 adjutricem
1372 1280 1575 1317 confugimus.

1007 1323 1143 1360 Respice,
1157 1324 1358 1353 illustrissrma
1373 1325 1510 1362 Deipara,
1525 1334 1580 1362 pro
1592 1326 1799 1356 misericordia

969 1371 1022 1397 tua
1036 1369 1076 1398 ad
1091 1369 1219 1406 miseria,
1233 1369 1344 1406 quibus
1371 1378 1482 1406 corpus
1499 1378 1601 1399 meum
1628 1371 1796 1408 tribulatur,

970 1417 999 1443 et
1010 1415 1118 1443 animm
1126 1415 1281 1443 doloribus
1289 1415 1406 1443 medica
1417 1415 1513 1450 adsis,

1289 1459 1316 1486 4.
1328 1460 1464 1488 Hirmus.

1007 1504 1128 1539 Christe,
1145 1503 1271 1532 Domine
1285 1505 1314 1532 et
1338 1504 1427 1538 Deus,
1457 1505 1614 1534 exsultatio
1641 1514 1720 1540 mea,
1745 1507 1798 1543 qui

971 1557 1027 1585 pro
1037 1548 1138 1577 divina
1156 1550 1209 1576 tua
1229 1548 1435 1577 misericordia
1460 1552 1669 1586 paupertatem
1697 1559 1799 1581 meam

935 1581 956 1609 δ
972 1581 1019 1622 res
1034 1592 1138 1621 existi:
1155 1600 1227 1628 ergo
1242 1600 1312 1620 cum
1339 1581 1510 1622 Ambacum
1523 1581 1680 1624 exclamo:
1695 1595 1798 1625 Virtuti

973 1642 1033 1666 tute
1047 1637 1151 1673 gloria,
1164 1637 1349 1666 misericors!

1313 1726 1507 1761 Troparium.

955 1765 958 1769 ’
1010 1771 1065 1799 Ubi
1079 1770 1200 1799 tandem
1216 1770 1299 1799 aliud
1312 1770 1465 1799 inveniam
1473 1770 1624 1807 refugium
1633 1772 1648 1799 ‘I
1656 1780 1719 1808 quo
1728 1780 1799 1801 con-

974 1816 1088 1852 fugiam
1099 1814 1113 1843 ?
1127 1815 1251 1843 ubinam
1267 1815 1370 1843 salvus
1383 1823 1434 1844 ero
1444 1816 1458 1843 ‘I
1473 1815 1631 1852 quodnam
1650 1817 1799 1846 auxilium

974 1861 1004 1889 in
1016 1860 1085 1888 vitae
1110 1860 1250 1887 aerumnis
1265 1862 1294 1888 et
1320 1860 1564 1888 tribulationibus
1577 1861 1699 1890 habebo
1711 1863 1725 1890 ‘I
1736 1862 1800 1890 Tibi

974 1905 1031 1934 soli
1049 1904 1187 1938 conﬁdo;
1204 1904 1236 1932 in
1245 1904 1401 1940 teglorior;
1412 1904 1470 1933 sub
1482 1905 1548 1933 alas
1564 1907 1631 1934 tuas
1645 1906 1798 1942 confugio.

974 1951 1063 1979 Serva
1075 1949 1140 1977 me!

1009 1994 1098 2022 Dulce
1126 1993 1242 2022 ﬂumen
1267 1993 1478 2021 misericordiae
1500 1995 1570 2026 tum,
1585 2001 1648 2030 quo
1662 1993 1798 2022 animam

971 2046 1072 2067 meam
1087 2045 1292 2067 aerumnosam
1306 2046 1341 2066 ac
1355 2037 1501 2066 humilem
1512 2037 1665 2066 beneﬁciis
1679 2045 1799 2067 recrea—

971 2083 1030 2117 vit;
1046 2083 1180 2111 animam
1196 2082 1263 2110 dico
1278 2082 1309 2110 in
1339 2081 1489 2110 malorum
1505 2090 1540 2110 ac
1568 2082 1798 2111 tribulationum

972 2128 1091 2156 camino
1101 2127 1313 2164 puriﬁcatam;
1336 2129 1364 2155 te
1378 2126 1550 2162 magniﬁco,
1574 2129 1602 2155 te
1612 2126 1798 2156 carminibus

972 2172 1100 2201 celebro.
1117 2171 1206 2201 Salva
1230 2179 1280 2200 me
1296 2171 1303 2199 ε

1007 2219 1046 2246 Te
1061 2217 1210 2252 Virginem
1227 2218 1376 2251 sanctam,
1391 2216 1619 2245 immaculatum
1634 2217 1730 2246 solam
1743 2217 1799 2246 ha-

971 2262 1039 2298 beo,
1052 2260 1456 2298 muruminexpugnabilem,
1468 2261 1618 2297 refugium
1627 2261 1749 2296 salutis;
1760 2269 1799 2290 ne

972 2309 999 2335 te
1014 2309 1133 2335 avertas
1147 2315 1165 2335 a
1179 2315 1228 2335 me
1253 2306 1376 2340 misero,
1392 2306 1553 2334 hominum
1572 2306 1799 2342 desperantium

974 2359 1044 2388 spes
1055 2354 1084 2380 et
1091 2350 1364 2387 propugnaculum,
1374 2358 1523 2387 aegrorum
1533 2350 1680 2386 gaudium
1688 2352 1717 2379 et
1725 2358 1798 2378 con-

971 2396 1086 2425 solatio.

1007 2440 1178 2476 Quomodo,
1193 2448 1212 2469 ο
1240 2440 1378 2474 Domina,
1405 2438 1626 2467 misericordias
1649 2440 1716 2467 tuas
1742 2446 1798 2475 pro

971 2485 1117 2521 dignitate
1131 2484 1312 2522 praedicabo,
1326 2492 1394 2520 quin
1403 2483 1538 2512 animam
1548 2490 1649 2511 meam
1664 2482 1798 2520 undique

973 2533 1122 2564 vexatam,
1149 2532 1181 2558 ut
1206 2537 1294 2565 aquae
1319 2528 1462 2561 insulam,
1475 2527 1767 2557 circumdederunt?
1779 2536 1797 2557 o

973 2574 1201 2608 sollicitudines,
1211 2581 1230 2602 ο
1238 2572 1394 2607 beneﬁcia,
1402 2579 1534 2608 quorum
1543 2579 1601 2608 ego
1606 2572 1698 2601 miser
1702 2572 1799 2608 jactu-

972 2627 1040 2648 ram
1051 2619 1108 2648 feci
1119 2619 1126 2647 ι

1009 2664 1094 2700 Eripe
1109 2671 1165 2691 nos
1177 2670 1279 2690 servos
1293 2664 1372 2697 tuos,
1389 2669 1408 2689 ο
1423 2660 1562 2697 Deipara,
1584 2669 1602 2690 θ
1641 2661 1794 2698 periculis.

974 2708 1147 2739 Secundum
1169 2708 1263 2736 Deum
1277 2706 1358 2735 enim
1375 2705 1416 2735 ad
1430 2708 1458 2735 te
1471 2707 1505 2735 ut
1518 2714 1642 2736 murum
1668 2707 1798 2743 inexpu-

971 2753 1126 2790 gnabilem
1138 2751 1342 2788 confugimus.

1007 2797 1142 2834 Respice,
1160 2795 1362 2825 illustrissima
1374 2794 1513 2832 Deipera,
1526 2802 1584 2832 pro
