2048 3104
253 124 306 158 773
942 133 1119 162 THEODORI
1128 134 1150 162 ιι
1165 133 1238 163 1MP.
1878 137 1942 168 77o

254 192 315 227 tua,
331 191 372 220 ad
385 190 522 221 miserias
535 191 647 229 quibus
661 198 770 230 corpus
785 199 887 223 meum
901 196 1036 231 vexatur,
1049 203 1063 225 e

1132 198 1179 226 τὴν
1192 196 1255 233 ὶμήν
1269 195 1387 231 χαλεπὴν
1405 198 1452 223 τοῦ
1479 199 1600 234 σώματος
1625 199 1751 237 κάκωσιν,
1781 202 1827 227 καί
1855 202 1940 228 ῖασσιι

253 236 363 266 animae
375 236 529 266 doloribus
541 237 672 267 medere.

606 285 632 311 5.
648 283 784 313 Hirmus.

290 327 347 355 Cur
356 334 404 355 me
412 334 431 355 a
439 326 524 356 Vultu
537 328 587 355 tuo
595 327 733 363 rejecisti,
745 329 857 357 Lumen
866 328 1052 358 inaccessum
1062 330 1077 358 ?

252 371 391 400 Tenebrae
401 371 471 400 dira:
481 380 530 401 me
540 372 729 402 circumdant
739 373 896 404 miserum.
908 375 966 404 Sed
975 375 1015 404 ad
1027 383 1076 404 me

251 418 433 453 convertere,
450 424 563 453 quaeso,
575 420 603 446 et
612 417 677 447 vias
687 426 772 447 meas
785 419 963 449 secumdum
972 419 1076 449 lumen

250 461 464 491 mandatorum
479 463 600 491 tuorum
615 462 719 499 dirige.

585 508 772 543 Troparium.

286 552 374 581 Grato
389 560 426 581 ex
439 551 542 581 animo
556 552 596 582 ad
610 554 638 581 te
653 552 770 582 clamo:
786 554 858 588 Ave,
871 553 958 590 Virgo
975 556 1073 592 Mater,

250 597 342 632 salve,
354 605 467 634 sponsa
477 597 527 626 Dei
539 606 545 631 ;
558 597 647 634 salve.
657 598 805 634 refugium
812 598 947 628 divinum
961 607 967 633 ;
979 602 1073 635 salve,

249 642 349 671 velum
360 645 388 671 et
401 650 507 671 murus
517 642 686 671 inaccessas
703 651 785 678 ;ave,
796 651 919 680 praeses,
934 644 1074 674 sulvatrix

248 695 352 717 eorum
362 687 415 723 qui
429 695 499 715 cum
514 687 573 716 ﬁde
586 687 625 715 ad
637 689 663 716 te
674 687 859 724 confugiunt.

284 734 349 769 Qui,
366 741 413 761 me
427 732 496 761 odio
522 732 646 766 habent,
674 732 741 766 tela,
769 740 857 762 enses
881 735 909 762 et
923 732 1018 763 fossas
1043 735 1075 764 in

245 786 361 808 vanum
374 779 533 815 apparant,
549 778 581 805 ut
594 776 736 805 miserum
751 785 853 806 meum
869 786 978 815 corpus
998 779 1074 808 dila-

247 825 348 852 cerent
372 825 401 851 et
424 823 455 850 in
479 821 541 850 ima
561 824 644 850 terrae
669 821 850 858 deprimant.
864 824 906 851 Tu
921 825 1022 852 autem
1037 832 1073 852 ex

246 876 352 897 eorum
366 866 480 895 insidiis
500 874 549 894 me
562 865 667 901 libera,

283 912 443 946 Quodnam
467 912 543 947 grati
557 912 650 941 animi
662 911 778 941 donum
803 912 855 941 tibi
870 913 995 942 offeram
1016 922 1072 951 pro

245 957 334 986 donis
341 965 409 993 qua:
420 956 537 985 inﬁnita
544 958 595 986 tua
601 957 823 992 magniﬁcentia
833 957 864 985 in
871 966 919 986 me
930 958 1072 987 contulit?

244 1003 316 1037 Age,
327 1001 567 1030 misericordiam
581 1004 665 1030 tuam
680 1001 711 1029 in
733 1010 781 1030 me
804 1002 988 1031 ineffabilem
1008 1003 1071 1032 sine

243 1054 292 1075 me
307 1046 470 1083 praedicare
482 1049 511 1075 et
522 1046 655 1075 carmine
668 1046 828 1075 celebrare-

280 1090 384 1119 Libera
398 1097 454 1118 nos
469 1098 569 1119 servos
596 1093 674 1127 tuos,
700 1091 837 1127 Deipara,
865 1099 882 1119 e
919 1091 1068 1128 periculis.

242 1137 282 1164 Tu
291 1135 382 1170 enim,
392 1135 559 1164 secundum
569 1137 674 1170 Deum,
690 1144 795 1164 murus
806 1137 907 1164 noster
918 1144 1019 1164 aeneus
1041 1138 1070 1165 et

241 1180 391 1216 refugium
406 1180 531 1209 exsistis.

277 1225 411 1262 Respice,
425 1225 593 1254 clarissima
611 1225 747 1262 Deipara,
774 1233 829 1262 pro
844 1225 1002 1255 clementia
1015 1227 1066 1253 tua

241 1270 281 1298 ad
299 1278 451 1298 aerumnas
478 1271 590 1307 quibus
604 1279 714 1307 corpus
739 1279 842 1299 meum
856 1270 1023 1305 tribulatur,
1037 1272 1067 1298 et

240 1314 350 1343 animus
363 1314 519 1344 doloribus
532 1315 701 1344 remedium
714 1316 797 1344 utier.

595 1363 622 1389 6.
641 1361 773 1389 Hirmus.

276 1403 466 1434 Precationes
480 1405 604 1433 etfundo
619 1412 691 1440 erga
702 1405 862 1433 Dominum
875 1403 962 1441 eique
973 1404 1065 1433 tribu-

237 1449 365 1478 lationes
381 1458 465 1479 meas
480 1450 598 1487 aperio;
613 1450 755 1479 erumnis
778 1450 860 1478 enim
887 1449 996 1478 satiata
1021 1451 1066 1477 est

238 1495 341 1524 anima
351 1503 429 1530 mea,
457 1498 487 1524 et
501 1496 562 1524 vita
576 1504 645 1524 mea
659 1496 749 1525 morti
778 1495 1011 1532 appropinquat,
1036 1495 1064 1521 et

235 1539 299 1575 jam
314 1548 431 1577 precor,
457 1540 533 1569 sicut
558 1542 665 1570 Jonas:
682 1543 705 1569 A
720 1539 812 1574 malo,
853 1540 988 1574 Domine,
1014 1546 1064 1567 me

236 1584 370 1615 delibera
384 1586 390 1613 Ι

559 1631 748 1666 Troparium,

273 1674 482 1704 Calamitatum
497 1674 594 1704 nubes
613 1675 748 1704 animam
762 1682 862 1703 meam
876 1674 1018 1702 miseram
1034 1674 1063 1701 et

236 1727 287 1748 cor
315 1719 564 1753 obscuraverunt,
598 1722 626 1748 et
647 1719 776 1748 tenebris
790 1719 915 1755 replent.
937 1717 995 1746 Sed
1020 1720 1061 1751 tu,

235 1765 331 1800 Virgo,
345 1772 413 1801 quae
426 1764 529 1792 lumen
544 1764 733 1793 inaccessum
747 1763 885 1799 genuisti,
896 1762 1062 1791 vocationis

233 1809 291 1836 tuae
301 1808 409 1836 divinae
423 1808 615 1844 instigatione
630 1809 694 1836 haec
705 1808 794 1843 longe
809 1808 889 1843 fuga.

268 1899 305 1926 Te
317 1897 348 1926 in
361 1897 483 1926 miseriis
497 1897 725 1927 consolatricem
741 1900 770 1925 et
795 1897 972 1925 morborum
999 1904 1059 1924 me-

231 1942 332 1971 dicam
352 1943 499 1978 cognovi;
521 1945 549 1971 te
565 1942 669 1971 mortis
691 1942 915 1970 destructricem
940 1943 968 1969 et
990 1941 1059 1969 vita)

229 1988 354 2017 ﬂuvium
378 1988 600 2024 inexhaustum,
636 1990 664 2016 et
695 1987 727 2015 in
754 1987 838 2015 omni
865 1986 1057 2015 tribulatione

228 2036 403 2070 promptam
416 2035 446 2062 et
458 2033 612 2062 efﬁcacem
625 2033 694 2061 novi
707 2031 948 2061 consolatricem.

263 2124 467 2152 Misericordim
483 2126 540 2152 tuae
556 2124 703 2160 abyssum
718 2122 978 2155 etmiraculorum,
988 2129 1056 2158 quae

228 2169 389 2196 innumera
398 2170 562 2204 perpetras,
577 2168 788 2204 charitatisque
799 2168 829 2196 in
844 2175 893 2195 me
914 2167 1058 2194 inexhau-

226 2215 279 2241 stte
292 2213 406 2241 fontem
420 2221 482 2241 non
491 2213 714 2247 sileo,Domina,
725 2212 786 2240 imo
800 2219 861 2240 una
877 2219 947 2239 cum
958 2211 1053 2239 omni-

225 2258 285 2286 bus
299 2257 430 2294 praadico
441 2259 470 2285 et
482 2256 541 2285 alta
552 2265 626 2285 voce
639 2257 798 2285 annuntio.

261 2349 332 2378 Vitae
348 2356 491 2378 aerumnae
513 2356 561 2377 me
583 2347 717 2385 undique
730 2346 1001 2382 circumdederunt,
1017 2349 1050 2376 ut

225 2403 297 2432 apes
311 2394 439 2428 alveare,
451 2402 469 2423 ο
485 2394 582 2429 Virgo,
599 2395 628 2421 et
640 2392 769 2420 miserim
793 2391 851 2420 tela
877 2399 930 2419 cor
946 2399 1047 2420 meum

223 2440 383 2469 vulnerant
405 2439 473 2468 Sed.
497 2440 525 2468 te
553 2437 766 2468 auxiliatricem
795 2439 823 2466 et
849 2436 1047 2465 liberatricem

224 2484 347 2513 obviam
361 2484 470 2514 habeo.

259 2567 364 2597 Libera
375 2576 432 2597 nos
455 2575 557 2597 servos
569 2570 648 2603 tuos,
664 2575 682 2597 ο
704 2566 842 2604 Deipara,
858 2574 874 2595 e
895 2565 1044 2603 periculis.

223 2612 395 2641 Secundum
415 2614 509 2641 Deum
516 2613 597 2641 enim
605 2612 645 2642 ad
654 2614 680 2641 te
688 2614 721 2641 ut
733 2619 854 2640 murum
862 2611 1046 2648 inexpugna-

219 2656 311 2685 bilem
322 2659 349 2686 et
359 2656 519 2694 presidem
529 2657 733 2693 confugimus.

254 2703 387 2739 Respice,
412 2701 609 2738 inclytissima
643 2702 777 2739 Πείρεω-ο,
801 2709 857 2739 pro
890 2701 1048 2731 clementia

218 2749 281 2783 tua,
297 2747 337 2778 ad
347 2747 485 2777 miserias
500 2747 612 2785 quibus
631 2755 741 2785 corpus
755 2755 858 2778 meum
871 2749 1007 2784 vexatur,
1020 2749 1049 2777 et

218 2793 328 2824 anima:
342 2793 454 2823 dolenti
467 2793 599 2824 medere.

1130 245 1175 271 τῆς
1188 240 1279 277 ψυχῆς
1293 250 1343 277 μου
1358 242 1387 267 τό
1397 240 1483 277 ἄλγος.

1415 286 1442 316 ι’.
1462 286 1491 313 Ὀ
1510 288 1609 326 ιίρμος.

1165 330 1221 357 Ἵνα
1232 333 1257 357 τί
1271 340 1303 368 με
1316 330 1414 358 ἀπώσω
1429 331 1533 359 ἀπὸτοῦ
1557 336 1699 372 προσώπου
1726 343 1784 366 σου,
1809 337 1839 361 τὸ
1869 340 1937 372 φῶς,

1130 376 1160 402 τὸ
1175 374 1289 410 idus-ev;
1303 379 1346 403 καὶ
1362 375 1475 412 ἔκάλυψέ
1494 387 1527 413 με
1552 379 1580 404 τὸ
1610 378 1740 416 ἀλλότριον
1765 382 1857 411 σκότος
1887 382 1938 406 τὸν

1131 418 1255 456 δείλαιον,
1267 420 1320 447 ἀλλ’
1331 420 1486 457 ἐπίστρεψόν
1501 431 1543 458 μι,
1577 425 1622 450 καὶ
1649 425 1714 461 πρὸς
1739 425 1768 450 τὸ
1796 429 1851 460 φὼς
1881 429 1938 451 τῶν

1130 464 1234 492 ἂντολῶν
1249 474 1296 492 σου
1307 467 1354 497 τὰς
1366 464 1443 497 ὁδούς
1451 475 1502 503 μου
1516 468 1681 502 κατιὺθυνον,
1696 466 1800 505 δέομαι.

1431 512 1587 548 Τροπάριον.

1165 554 1339 593 Εὖχαρίστως
1354 553 1410 593 βοῶ
1424 565 1475 590 σοι¹
1491 559 1580 593 χαῖρι,
1597 557 1808 595 Μητροπάρθενε,
1836 562 1935 595 χαῖρε,

1131 599 1263 636 θιὸνυμφι,
1278 604 1367 638 χαῖρε,
1393 601 1449 627 θιὶα
1473 602 1567 635 σκέπη,
1594 606 1685 639 χαῖρε,
1709 602 1785 629 ὁπλον
1808 605 1855 629 καὶ
1880 607 1937 630 ru”-

1129 654 1180 680 χος
1193 643 1350 682 ἀπὸρθητον,
1361 648 1450 683 χαῖρε,
1467 648 1619 682 προστασία
1631 649 1676 673 καὶ
1688 646 1774 683 βοηθή
1797 649 1843 673 καί
1872 657 1933 674 σω-

1129 692 1208 725 τηρία
1220 693 1269 716 των
1280 689 1316 720 εἰς
1332 691 1360 716 σὶ
1374 692 1589 728 προστριχὸντων
1601 690 1628 717 ὶνι
1637 693 1761 723 πίστεως.

1165 735 1198 760 Οἱ
1214 738 1352 770 μισοῦντις
1365 743 1396 771 με
1410 735 1494 771 μάτην
1505 734 1615 771 βέλεμνα
1639 738 1685 762 καὶ
1711 736 1771 772 ξίφη
1798 739 1843 762 καί
1866 736 1934 763 λάκ-

1129 788 1172 805 κον
1198 778 1370 817 ηὐτρεπισαν,
1390 781 1435 805 καὶ
1452 779 1610 810 ἕπιζητοὺσε
1630 782 1658 807 τὸ
1686 780 1826 807 πανάθλιον
1850 785 1935 817 σῶμα

1129 823 1263 860 σπαράξαι
1291 833 1353 860 μου,
1383 826 1426 850 καὶ
1451 824 1629 851 καταϐιϐάσαι
1662 827 1727 863 πρὸς
1758 830 1819 861 γῆν,
1847 826 1932 861 ἁγνὴ,

1091 869 1113 896 Β
1128 867 1307 902 ἐπιζητοῦσιν,
1330 867 1384 894 ἀλλ’
1409 868 1436 894 ἐκ
1457 870 1554 895 τούτων
1571 869 1749 907 προφθάσασα
1777 872 1860 896 σῶσόν
1885 880 1932 906 με.

1162 915 1194 939 Τί
1210 922 1252 940 σοι
1268 911 1352 951 δῶρον
1364 913 1487 951 προσάξω
1499 918 1545 944 τῆς
1560 914 1734 952 εὐχαριστίας
1762 914 1817 941 ἄνθ’
1842 913 1930 952 ὧνπερ

1126 956 1262 985 ἀπιλαυσα
1289 962 1338 984 τῶν
1363 962 1414 984 σῶν
1434 956 1608 995 δωρημάτων,
1634 962 1680 985 καὶ
1702 963 1751 990 τῆς
1774 963 1821 989 σῆς
1859 958 1927 994 ἀμε-

1126 1005 1222 1040 τρήτου
1245 1005 1448 1040 χρηστότητοςς
1474 1006 1617 1041 Τοιγαροῦν
1646 1002 1760 1037 δοξάζω,
1792 1003 1925 1039 ὑμνολοοιῶ

1125 1051 1169 1074 καί
1183 1048 1317 1084 μεγάλννω
1333 1057 1381 1074 σου
1402 1050 1449 1075 τὴν
1473 1049 1570 1084 ἄφατον
1596 1050 1662 1085 πρὸς
1686 1058 1718 1084 με
1751 1049 1928 1085 συμπάθειαν.

1160 1094 1295 1119 Διάσωσον
1310 1091 1360 1119 ἀπὸ
1373 1090 1498 1118 κινδύνων
1511 1095 1569 1124 τοὺς
1591 1089 1700 1123 δούλους
1729 1102 1787 1126 σου,
1801 1095 1929 1126 etenim,

1124 1138 1164 1164 ὅτι
1193 1138 1291 1167 πάντως
1310 1137 1376 1174 μετὰ
1399 1139 1463 1164 Θεὸν
1491 1137 1527 1168 εἰς
1551 1139 1579 1163 σε
1604 1139 1796 1174 καταφεύγομεν
1827 1139 1859 1167 ὡς
1877 1136 1931 1174 ᾶρο

1122 1181 1217 1217 ῥηκτον
1234 1185 1321 1217 τεῖχος
1335 1184 1381 1208 καὶ
1394 1184 1570 1220 προστασίαν.

1160 1225 1311 1262 Emenso»
1343 1226 1366 1252 ἐν
1395 1227 1520 1263 εὐμενείᾳ,
1548 1227 1697 1263 πανύμνητι
1722 1228 1840 1260 Θεοτόκε,
1882 1225 1930 1252 ἰπὶ

1122 1272 1168 1299 τὴν
1182 1270 1244 1305 ἐμὴν
1261 1270 1380 1306 γαλιπὴν
1403 1275 1449 1297 τοῦ
1481 1274 1600 1308 σώματος
1627 1273 1742 1298 κάκωσιν
1774 1272 1817 1297 καὶ
1845 1271 1930 1297 ἴασαι

1121 1318 1168 1345 τῆς
1180 1315 1273 1351 ψυχῆς
1287 1325 1337 1352 μου
1357 1317 1386 1342 τὸ
1406 1316 1494 1352 ἄλγος,

1424 1361 1459 1393 ς’.
1472 1361 1500 1387 Ὀ
1520 1362 1618 1399 εἱρμός.

1156 1407 1208 1434 Τὴν
1233 1402 1325 1434 διησιν
1351 1403 1435 1441 ἕκχιω
1459 1407 1525 1443 πρὸς
1553 1407 1647 1444 Κύριον
1676 1407 1721 1432 καὶ
1747 1404 1817 1441 αὐτῷ
1837 1404 1927 1441 ἀπαγ-

1120 1448 1185 1485 γελῶ
1217 1459 1267 1485 μου
1290 1451 1336 1481 τὰς
1358 1450 1458 1486 θλίψιις
1477 1451 1517 1477 ὅτι
1540 1455 1625 1476 κακῶν
1650 1450 1664 1479 ἡ
1690 1450 1768 1486 ψυχή
1780 1459 1831 1486 μου
1847 1449 1927 1479 ἐπλή-

1122 1494 1185 1528 σθη,
1200 1496 1244 1520 καὶ
1257 1495 1271 1523 ἠ
1289 1495 1342 1525 ζωή
1355 1505 1404 1531 μου
1415 1499 1451 1531 τῷ
1477 1494 1529 1532 ᾅδῃ
1556 1497 1733 1533 προσήγγισε,
1755 1498 1800 1521 καὶ
1826 1493 1925 1531 δέομαι

1120 1540 1152 1569 ὡς
1169 1538 1266 1572 Ἰωνᾶς,
1283 1539 1324 1566 Ἐκ
1338 1540 1445 1577 φθορᾶς,
1460 1538 1479 1566 ὦ
1491 1541 1547 1575 Θεὶ,
1564 1541 1595 1576 μὶ
1611 1538 1735 1576 ἀνάγαγε.

1456 1624 1613 1661 Τροπάριόν.

1153 1669 1191 1695 Τὰ
1217 1670 1277 1705 νέφη
1301 1672 1350 1694 τῶν
1370 1667 1491 1706 λυπηρῶν
1512 1666 1642 1703 ἐκάλυψαν
1666 1668 1713 1697 τὴν
1741 1664 1831 1694 ἀθλίαν
1866 1675 1923 1703 μου

1118 1713 1211 1750 ψυχὴν
1247 1715 1293 1739 καὶ
1341 1711 1463 1751 καρδίαι,
1507 1713 1656 1749 σκοτασμὸν
1693 1709 1833 1748 ἕμποιοῠσί
1871 1722 1923 1747 μοι

1119 1763 1189 1797 Κόρη
1205 1769 1211 1775 ·
1229 1758 1282 1784 ἀλλ’
1298 1760 1312 1787 ἡ
1328 1760 1479 1794 γεννήσασα
1491 1762 1544 1793 φῶς
1566 1759 1595 1784 τὸ
1620 1757 1773 1793 ἀπρόσιτον,
1789 1756 1922 1782 ἁπέλασον

1116 1808 1200 1830 ταῦτα
1236 1803 1338 1840 μακρὰν
1360 1807 1391 1839 τῇ
1431 1802 1568 1839 ἕξιπνεὺσει
1596 1806 1643 1834 τῆς
1681 1802 1752 1833 θείας
1780 1800 1923 1838 πρεσϐείας

1117 1858 1175 1876 σου.

1152 1892 1321 1930 Παράκλησιν
1337 1891 1360 1918 ἐν
1375 1895 1431 1922 ταῖς
1456 1891 1574 1927 θλίψεσιν
1604 1889 1666 1917 οῖδα
1688 1893 1733 1916 καὶ
1759 1894 1810 1916 τῶν
1834 1892 1920 1916 νόσων

1115 1940 1202 1975 ἰατρόν
1240 1947 1268 1963 σε
1304 1940 1433 1972 γινώσκω,
1459 1939 1504 1962 καὶ
1530 1936 1641 1966 παντελῆ
1678 1936 1850 1973 συντριμμόν,
1870 1938 1920 1961 καὶ

1115 1983 1225 2009 θανάτου
1252 1983 1296 2007 καὶ
1321 1983 1436 2018 ποταμὸν
1461 1986 1509 2012 τῆς
1538 1981 1606 2011 ζωῆς
1639 1979 1833 2016 ἁνεξάντλητον,
1872 1982 1921 2006 καὶ

1111 2028 1213 2053 πάντων
1226 2030 1276 2053 τῶν
1291 2025 1315 2052 ἐν
1343 2029 1489 2063 συμφοραῖς
1523 2028 1635 2061 ταχινὴν
1666 2026 1710 2050 καὶ
1735 2023 1819 2055 ὀξεῖαν
1846 2023 1919 2050 ἀντι-

1111 2071 1190 2107 ληψιν
1195 2092 1200 2099 .

1148 2116 1185 2142 Οὐ
1201 2117 1308 2153 κρύπτω
1325 2125 1371 2142 σου
1383 2116 1425 2141 τὸν
1438 2114 1519 2151 βυθόν
1546 2119 1592 2141 τοῦ
1619 2114 1702 2145 ἐλέους
1725 2115 1770 2140 καί
1785 2116 1830 2143 τὴν
1845 2111 1917 2150 βρύ-

1112 2171 1153 2187 σιν
1164 2165 1213 2187 τῶν
1227 2160 1338 2198 ἀπείρων
1359 2161 1497 2197 θαυμάτων
1514 2162 1558 2186 καὶ
1584 2160 1634 2188 τὴν
1661 2161 1750 2195 πηγὴν
1783 2160 1831 2187 τὴν
1856 2157 1916 2184 ἀένσ-

1110 2215 1169 2232 ναον
1183 2207 1261 2236 ὄντως
1276 2209 1321 2235 τῆς
1343 2206 1408 2241 πρὸς
1440 2204 1483 2240 ἐμὲ
1509 2204 1672 2240 συμπαθείας
1698 2212 1756 2238 σου,
1785 2204 1916 2229 Δέσποινα

1109 2249 1162 2277 ἀλλ’
1177 2251 1275 2276 ἅπασιν
1291 2249 1408 2286 ὁμολογῶ
1419 2249 1464 2275 καί
1479 2248 1534 2285 βοῶ
1548 2251 1593 2275 καὶ
1607 2249 1728 2286 κηρύττω
1759 2249 1804 2273 καὶ
1834 2247 1914 2283 φθέγ-

1106 2305 1199 2332 γομαι.

1141 2339 1307 2367 Ἐκύκλωσαν
1323 2340 1415 2365 αἰτοῦ
1439 2337 1501 2374 βίον
1524 2347 1556 2375 με
1582 2337 1669 2373 ζάλαι,
1703 2338 1791 2369 ὥσπερ
1821 2335 1912 2372 μέλισ-

1106 2394 1152 2412 σαι
1172 2387 1271 2421 κηρίον,
1302 2385 1424 2421 Παρθένε,
1459 2386 1504 2409 καὶ
1539 2385 1586 2413 τὴν
1625 2382 1689 2419 ἐμὴν
1720 2385 1912 2417 κατασχοῦσαι

1104 2428 1227 2468 καρδίαν,
1251 2432 1495 2465 κατατιτρωσκουσι
1523 2427 1586 2465 ῥελη
1613 2432 1663 2454 τῶν
1691 2426 1802 2462 θλίψεων
1830 2435 1837 2443 ·
1857 2425 1910 2451 ἀλλ’

1105 2476 1206 2513 εὖροιμί
1236 2484 1264 2501 σε
1293 2473 1392 2511 βοηθὸν
1419 2476 1464 2500 καὶ
1490 2471 1604 2502 διώκτην
1630 2474 1676 2499 καὶ
1696 2472 1807 2509 ῥύστην,
1830 2472 1912 2497 πανὰ-

1103 2529 1212 2557 χραντε.

1138 2565 1273 2591 Διὰσωσον
1285 2563 1335 2591 ἀπὸ
1351 2561 1478 2590 κινδύνων
1493 2564 1555 2594 τοὺς
1579 2560 1689 2592 δούλους
1710 2570 1770 2595 σου,
1787 2561 1908 2591 Θεοτόκε,

1102 2611 1141 2637 ὅτι
1168 2610 1258 2641 πάντις
1281 2619 1346 2647 μετα
1378 2610 1443 2636 Θεὸν
1468 2608 1501 2640 εἰς
1526 2609 1555 2635 σε
1583 2607 1777 2644 καταφεύγομεν
1801 2606 1836 2637 ὡς
1865 2606 1910 2643 ᾶρ-

1101 2656 1196 2693 ρηκτον
1209 2658 1299 2691 τεῖχος
1313 2656 1358 2681 καὶ
1377 2655 1553 2691 προστασίαν.

1140 2699 1291 2736 Ἐπίϐλεψον
1319 2699 1343 2725 ἐν
1383 2699 1510 2736 edisserta,
1539 2698 1688 2734 πανὺμνητι
1717 2697 1837 2729 Θεοτόκε,
1866 2693 1909 2721 ἐπὶ

1103 2748 1150 2776 τὴν
1165 2744 1228 2782 ἐμὴν
1249 2744 1368 2782 χαλεπὴν
1391 2748 1437 2771 τοῦ
1467 2747 1588 2781 σώματος
1610 2743 1741 2778 κάκωσιν,
1766 2743 1812 2769 καὶ
1831 2740 1907 2767 ἴασον

1104 2794 1155 2823 τῆς
1170 2789 1260 2827 ψνγῆς
1269 2799 1320 2827 μου
1331 2791 1361 2819 τὸ
1373 2788 1464 2826 ἄλγος,
