4096 6208
171 269 268 333 Ti?

243 485 386 544 ῐιαῖδ
393 509 436 550 ες

170 579 340 652 φλόγα
374 578 694 654 οαρσαλεως,
727 583 816 632 καὶ
843 579 914 642 εἰς
945 577 1142 653 δρόσον
1204 583 1263 632 τὸ
1321 588 1424 653 πῦρ
1479 575 1778 652 μετέϐαλον,

172 669 421 742 βοῶντες,
452 668 744 732 Εύλολητός
776 667 828 722 οῖ
863 673 1020 745 Κύριε
1058 672 1083 723 ὁ
1151 673 1281 732 Θεὸς
1343 669 1413 732 εἰς
1465 671 1582 729 τοὺς
1651 667 1778 719 αἰῶ.

171 758 300 820 ναςε

527 487 777 562 Ἐϐραίων
855 492 904 542 ἓν
986 493 1190 563 καμίνῳ
1247 491 1616 547 κατεπάτησαν
1681 489 1775 544 τήν

787 848 998 926 Τροπάρ
1006 867 1101 904 ιον.

248 953 367 1008 Φῶς
438 949 469 1006 ἡ
540 953 767 1000 τεκοῦσα
835 951 1056 1001 Θεοτόκε
1115 948 1460 1000 σκοτισθίντα
1508 963 1572 1018 με
1633 947 1782 996 νυκτὶ

175 1037 596 1112 ἁμαρτημάτων,
655 1041 1042 1108 φωταγὼγησον
1092 1039 1178 1103 σύ,
1231 1038 1398 1109 φωτὸς
1481 1031 1616 1088 οὖσα
1695 1027 1784 1085 δο-

175 1136 357 1200 χείον,
384 1131 444 1180 τό
480 1127 709 1200 καθαρὸν
739 1131 830 1179 καὶ
867 1128 1107 1200 ἄμωμον,
1141 1129 1227 1179 ἐνα
1259 1127 1406 1197 πόθῳ
1459 1143 1516 1178 σε
1550 1120 1780 1187 δοξάζω.

253 1308 428 1362 Σκίπη
486 1310 632 1376 γενοῦ
692 1306 785 1355 καὶ
836 1306 1138 1377 προστασία
1200 1307 1291 1356 καὶ
1357 1299 1630 1372 ἀντίληψις
1698 1301 1787 1350 καὶ

178 1396 472 1467 καύχημα,
527 1395 772 1468 Παρθένε,
839 1394 1161 1466 γυμνωθέντι
1244 1412 1336 1466 μοι
1413 1399 1503 1444 νῦν
1576 1389 1789 1450 ἁπάσης

182 1481 462 1556 βοηθείας,
502 1480 808 1541 aequom»
843 1478 1062 1555 δύναμις
1109 1487 1199 1535 καὶ
1265 1481 1404 1545 ἐλπίς
1471 1478 1786 1550 ἀπελπισμὲ-

180 1594 313 1628 νων.

259 1661 394 1735 Ὀλῃ
452 1660 606 1734 ψυχῇ
639 1665 730 1715 καὶ
765 1657 974 1735 διανοίᾳ
996 1666 1088 1716 καὶ
1121 1657 1322 1737 καρδίᾳ
1351 1679 1408 1715 σε
1448 1665 1536 1714 καὶ
1589 1658 1792 1733 χείλεσι

1361 263 1643 333 ΒΥΜΝῙΙΒ
1679 265 1799 325 AD.
1841 267 1942 326 SS.
1979 265 2354 334 DEIPARAM.

747 399 884 460 ζ’.Ὀ
897 400 1044 475 εἱρμό
1054 421 1093 462 ς.
1802 394 1850 448 Α

3422 281 3532 338 778

2483 407 2540 460 7.
2563 400 2827 459 Hirmus.

1959 486 2342 546 liebrmorum
2389 489 2494 548 ﬁlii
2539 491 2602 548 in
2648 491 2891 548 fornace
2932 491 3248 549 ﬂammam
3296 495 3536 549 strenue

1885 576 2315 649 exstinxerunt,
2347 585 2405 637 et
2433 581 2635 653 ignem
2663 582 2866 654 ipsum
2892 581 2954 638 in
2995 597 3191 638 rorem
3231 586 3533 638 transmu-

1887 668 2110 731 tarunt,
2145 667 2510 728 clamantes:
2545 669 2897 728 Benedictus
2935 686 2999 728 es
3051 669 3300 728 Domine
3357 670 3533 740 Deus,

1887 753 1950 811 in
1965 756 2215 814 saecula!

2533 851 2908 922 Troparium.

1959 943 2232 1018 Deipara,
2261 945 2637 1020 qumlumem
2659 947 3003 1022 procreasti,
3024 952 3196 1005 nocte
3214 962 3312 1004 me
3331 961 3541 1020 pecca-

1891 1035 2086 1090 torum
2119 1035 2553 1094 circumfusum
2575 1037 2866 1105 illumina,
2899 1051 3036 1110 quae
3086 1035 3238 1094 lucis
3279 1052 3341 1092 es
3399 1050 3542 1093 con-

1893 1123 2182 1181 servatrix
2199 1141 2346 1198 pura
2370 1131 2426 1183 et
2440 1126 2850 1197 immaculata,
2875 1131 2942 1184 ut
2965 1142 3038 1184 ex
3064 1125 3276 1184 intimo
3289 1129 3348 1184 te
3360 1124 3541 1182 corde

1893 1212 2242 1282 gloriﬁcem.

1965 1301 2216 1360 Praeside
2238 1303 2404 1374 mihi,
2425 1305 2602 1377 Virgo
2614 1305 3002 1375 consolatrix,
3018 1305 3125 1379 qui
3139 1303 3541 1362 omniauxilio

1895 1389 2210 1448 destitutus
2237 1409 2406 1460 sum;
2431 1399 2492 1450 tu
2544 1395 2707 1451 enim
2743 1392 3018 1468 potentia;
3055 1399 3159 1450 tua
3211 1409 3542 1466 egenorum

1898 1480 2238 1540 auxiliatrix
2263 1498 2327 1538 es
2358 1487 2415 1539 et
2443 1498 2582 1556 spes
2612 1499 2823 1540 eorum
2852 1483 2956 1556 qui
2982 1483 3113 1555 jam
3141 1481 3218 1540 de
3261 1481 3545 1539 omnibus

1897 1569 2387 1643 desperaverunt.

1971 1661 2094 1730 Ego
2123 1661 2286 1716 omni
2319 1677 2392 1718 ex
2422 1661 2600 1718 corde
2630 1678 2700 1718 ac
2717 1664 2914 1718 mente
2937 1664 2992 1718 et
3021 1658 3197 1718 labiis
3231 1664 3284 1717 te
3313 1659 3548 1733 magni-

296 1752 428 1818 άζω,
485 1749 782 1813 ἀπολαύσας
815 1760 915 1804 τῶν
975 1761 1078 1805 σῶν
1131 1751 1365 1825 μεγὰλων
1417 1751 1788 1824 χαρισμάτων,

1944 1764 2036 1818 co,
2063 1749 2235 1821 cujus
2267 1751 2503 1821 magnis
2546 1750 2724 1807 donis
2776 1750 2982 1806 fruor:
3029 1766 3065 1805 o
3117 1749 3551 1820 benignitatem

196 1840 312 1893 ἀλλ’
343 1838 382 1892 ὦ
411 1849 500 1902 τῆς
535 1848 629 1902 σῆς
656 1846 1024 1916 χρηστότητος
1065 1845 1156 1893 καὶ
1208 1839 1430 1916 ἀπείρων
1493 1859 1588 1893 σου
1662 1841 1793 1891 Θαυ-

199 1933 384 2004 μάτων
409 1929 422 1984 Σ

273 2019 468 2091 Βλέψον
510 2018 623 2091 ἰλέῳ
661 2020 858 2092 ὃμματί
915 2038 1032 2087 σου,
1089 2024 1180 2073 καὶ
1230 2019 1513 2092 ἐπίσκεψαι
1568 2023 1662 2077 τὴν
1708 2019 1798 2070 κά-

195 2129 368 2162 κωσιν
403 2109 464 2167 ἣν
522 2109 649 2182 ἔχω,
706 2115 796 2162 καὶ
856 2105 1036 2162 δεινῶν
1095 2120 1394 2185 συμφορῶν,
1453 2114 1542 2162 καὶ
1602 2106 1802 2182 βλάϐης

196 2204 295 2251 καὶ
340 2194 596 2250 κινδύνων
649 2203 740 2251 καὶ
781 2207 1084 2273 πειρασμῶν
1136 2218 1199 2272 με
1254 2199 1519 2272 λύτρωσαι
1575 2196 1804 2272 ἀμετρήο

196 2309 275 2360 τῳ
320 2307 417 2340 σου
445 2305 586 2342 ελεεε.

274 2380 549 2432 Διάσωσον
579 2376 680 2430 ἀπὸ
714 2374 968 2431 κινδύνων
1002 2382 1123 2441 τούς
1153 2375 1372 2442 δούλους
1403 2397 1522 2448 σου,
1565 2380 1804 2444 Θεοτόκε,

197 2472 284 2522 ὅτι
313 2470 518 2529 πάντως
551 2471 683 2540 μετὰ
730 2471 854 2521 Θεὸν
917 2468 984 2530 εἰς
1034 2471 1090 2521 σε
1145 2471 1530 2541 καταφεύγομεν
1583 2471 1653 2530 ὡς
1717 2465 1809 2540 ἆρ-

194 2561 398 2634 ρηκτον
423 2554 599 2629 τεῖχος
636 2562 727 2609 καὶ
748 2561 1099 2632 προστασίαν.

269 2646 583 2718 Ἐπίϐλεψον
643 2644 690 2698 ἓν
755 2647 1003 2720 εὐμενείᾳ,
1065 2649 1362 2720 πανύμνητε
1412 2650 1652 2715 Θεοτόκε,
1719 2645 1806 2698 ἐπὶ

193 2741 296 2796 τὴν
335 2735 463 2810 ἕμήν
497 2735 735 2808 χαλεπὴν
769 2736 860 2788 τοῦ
921 2742 1158 2810 σώματος
1206 2739 1459 2806 κάκωσιν,
1513 2742 1603 2790 καὶ
1657 2738 1804 2789 ἰασαι

195 2836 300 2888 τῆς
328 2825 517 2899 ψυχῆν
544 2844 645 2900 μου
680 2828 739 2878 τὸ
770 2825 948 2897 ἄλγος.

813 2922 878 2982 η’.
908 2922 966 2976 ’0
985 2925 1179 2997 εἱρμός.

273 3018 378 3068 Τὸν
408 3012 456 3066 ἐν
491 3016 596 3089 ὄρει
649 3012 781 3086 ἁγίῳ
843 3007 1163 3077 δοξασθέντα
1196 3018 1286 3067 καὶ
1345 3012 1394 3066 ἓν
1449 3011 1595 3087 βάτῳ
1653 3018 1804 3066 τόκον

1902 1843 2090 1907 tuam,
2141 1855 2177 1894 o
2224 1838 2753 1896 innumerabilium
2801 1839 3231 1896 miraculorum
3283 1855 3418 1912 quae
3491 1844 3551 1894 tu

1903 1933 2202 1999 penetras,
2231 1944 2550 1984 numerum
2569 1927 2944 1984 indeﬁnitum
2965 1927 2978 1983 ι

1977 2017 2222 2088 Respice
2251 2017 2428 2073 oculo
2457 2017 2719 2091 propitio
2756 2017 3065 2079 miserum,
3111 2015 3172 2071 in
3220 2031 3344 2089 quo
3391 2031 3549 2088 sum,

1899 2110 2148 2174 statum,
2179 2111 2234 2162 et
2261 2122 2369 2179 pro
2399 2106 2630 2164 inﬁnita
2654 2112 2753 2163 tua
2779 2103 3192 2162 misericordia
3221 2120 3252 2160 e
3283 2105 3555 2174 miseriis,

1913 2195 2189 2269 periculis
2215 2211 2286 2252 ac
2316 2195 2742 2254 tentationibus
2757 2211 2854 2251 me
2875 2195 3057 2268 eripe.

1988 2376 2136 2431 Erue
2159 2390 2289 2443 nos,
2316 2390 2521 2432 servos
2552 2378 2715 2442 tuos,
2754 2389 2790 2430 ο
2847 2372 3126 2446 Deipara,
3173 2389 3207 2430 e
3242 2371 3560 2446 periculis;

1916 2465 2060 2538 quia
2087 2465 2421 2522 secundum
2444 2466 2651 2537 Deum,
2681 2463 2760 2521 ad
2788 2468 2842 2521 te
2870 2468 2936 2520 ut
2955 2479 3199 2520 murum
3248 2463 3567 2520 inconcus-

1915 2571 2049 2611 sum
2076 2555 2476 2626 confugimus.

1986 2645 2250 2718 Respice,
2283 2644 2612 2702 clarissima
2659 2643 2934 2719 Deipara,
2983 2658 3094 2716 pro
3152 2640 3568 2699 misericordia

1913 2739 2034 2808 tua,
2060 2734 2138 2791 ad
2169 2749 2471 2791 aerumnas
2501 2751 2637 2808 quae
2668 2749 2886 2806 corpus
2924 2748 3130 2789 meum
3187 2732 3469 2804 obruunt,
3512 2734 3570 2787 et

1915 2825 2134 2882 animae
2157 2825 2452 2882 dolorosm
2472 2840 2770 2881 succurre.

2517 2927 2567 2980 8.
2587 2923 2852 2978 Hii-mus.

1985 3015 2326 3077 Dominum,
2351 3013 2455 3086 qui
2486 3013 2545 3069 in
2577 3018 2782 3069 monte
2806 3014 3014 3066 sancto
3051 3013 3106 3064 et
3126 3007 3186 3064 in
3203 3007 3356 3064 robo
3381 3003 3566 3079 Moysi

200 3111 303 3166 τῆς
332 3103 699 3178 Ἀειπαρθένου
745 3110 819 3174 τῷ
869 3110 1070 3176 Μωϋσῇ
1125 3108 1417 3178 μυστήριον
1476 3108 1803 3176 γνωρίσαντα

1942 3102 2172 3173 Iirginis
2201 3108 2440 3176 partum
2480 3101 2804 3174 mysticum
2851 3097 3158 3168 indicavit,
3215 3095 3456 3154 laudate
3509 3099 3568 3152 et

201 3195 403 3265 Κύριον
455 3193 656 3264 ὑμνεῖτε
725 3196 814 3245 καὶ
879 3191 1223 3266 ύπερυψοῡτε,
1288 3193 1358 3256 εἰς
1426 3194 1620 3254 πάντας
1690 3195 1808 3254 τούς

201 3299 406 3342 αιωνας
419 3321 432 3335 .

813 3372 1137 3446 Τροπὰριον.

273 3470 376 3522 Δια
426 3467 708 3540 σπλάγχνα
759 3466 922 3529 ἒλέονς
979 3487 1096 3537 σου,
1155 3471 1402 3546 Πάροένε,
1454 3474 1525 3544 μὴ
1577 3467 1811 3546 παριδῃς

203 3563 370 3633 σεμνὴ
404 3560 742 3631 ποντούμενόν
772 3577 835 3631 με
884 3559 1024 3631 σάλῳ
1061 3558 1322 3632 βιωτικῶν
1377 3564 1639 3635 κυμάτων,
1685 3561 1813 3614 ἀλλα

203 3646 370 3702 διδου
397 3667 488 3721 μοι
534 3656 695 3721 χεῖρα
755 3646 1004 3720 βοηθείας
1055 3655 1488 3723 καταπονουμένῳ
1544 3657 1813 3704 κακώσεσι

201 3746 299 3791 τοῦ
334 3735 460 3810 βίον
474 3780 487 3793 .

279 3829 626 3901 ῐιεριστάσεις
653 3830 744 3878 καὶ
774 3826 972 3898 θλίψεις
1016 3833 1106 3880 καὶ
1165 3827 1389 3900 ἀνάγκαι
1450 3829 1667 3904 εὖροσάν
1726 3848 1811 3902 με,

202 3916 393 3987 Ἁγνὴ,
450 3921 539 3966 καὶ
602 3921 866 3988 συμφοραὶ
917 3924 1009 3968 τοῦ
1069 3914 1192 3990 βίου
1249 3924 1340 3970 καὶ
1391 3924 1675 3992 πειρασμοί
1748 3938 1812 3992 με

205 4006 463 4058 πάντοθεν
503 4003 820 4071 ἐκύκλωσαν,
883 4003 1010 4056 ἀλλὰ
1052 4009 1314 4078 προστηθί
1371 4027 1462 4081 μοι
1511 4013 1602 4061 καὶ
1665 4007 1811 4061 ἀντι-

204 4091 374 4146 λαϐοὑ
403 4111 505 4164 μου
542 4101 602 4166 τῇ
636 4099 864 4165 κραταιᾷ
892 4111 984 4145 σου
1027 4099 1214 4168 σκέπῃ.

283 4182 368 4234 Ἐν
390 4188 502 4242 ταῖς
539 4180 720 4243 ζάλαις
754 4179 960 4256 ἐφευρὸν
1015 4200 1073 4234 σε
1119 4181 1318 4255 λιμένα,
1364 4183 1412 4236 ἐν
1467 4192 1579 4244 ταῖς
1623 4183 1814 4247 λύπαις

208 4271 390 4342 χαρὰν
412 4273 503 4322 καὶ
559 4268 896 4342 εύφροσύνην,
947 4275 1037 4321 καί
1090 4270 1139 4322 ἐν
1200 4279 1316 4334 ταῖς
1353 4274 1523 4334 νόσοις
1563 4278 1812 4346 ταχεινὴν

213 4358 491 4430 βοήθειαν,
523 4362 614 4410 καὶ
643 4356 690 4409 ἐν
719 4365 829 4420 τοῖς
859 4355 1126 4422 κινδύνοις
1145 4362 1330 4435 ρύστιν
1371 4367 1461 4414 καὶ
1529 4365 1814 4436 προστάτιν

213 4449 262 4502 ἐν
294 4456 405 4509 τοῖς
436 4452 815 4524 πειρατηρίοις.

287 4534 473 4611 Χαῖρε,
545 4539 690 4612 θρονε
756 4543 1048 4615 πυρίειοριρε
1128 4545 1342 4613 Κυρίου,
1411 4549 1572 4617 χαῖρε
1629 4551 1812 4616 χρυσῆ

212 4627 432 4700 λυχνία,
471 4625 679 4700 λαμπὰς
726 4627 970 4695 οἶσϐεστε,
1018 4636 1178 4702 χαῖρε
1219 4639 1318 4682 τῶν
1371 4633 1636 4706 παρθενων
1687 4629 1820 4696 δόξα

217 4722 308 4770 καὶ
327 4720 566 4792 μητέρων
596 4719 844 4792 ὡράίσμα
861 4723 950 4770 καὶ
980 4717 1138 4778 κλέος.

291 4809 562 4858 Διασωσον
621 4801 722 4859 ἀπὸ
764 4804 1019 4860 κινδύνων
1055 4811 1174 4868 τοὺς
1231 4803 1452 4872 δούλους
1509 4829 1627 4874 σου,
1689 4820 1820 4865 Θεο-

1915 3191 2351 3266 superexaltate
2382 3191 2440 3247 in
2465 3189 2703 3247 saecula.

2524 3368 2904 3438 Troparium.

1989 3470 2078 3528 Ob
2105 3467 2530 3528 misericordim
2559 3482 2696 3540 quae
2723 3464 2914 3522 habes
2945 3462 3200 3533 viscera,
3231 3476 3307 3518 ne
3337 3474 3434 3517 me
3459 3474 3567 3516 un-

1918 3560 2135 3618 darum
2170 3559 2351 3616 maris
2378 3557 2558 3629 hujus
2588 3555 2723 3612 vitae
2753 3556 3110 3610 immersum
3149 3551 3418 3618 deseras,
3456 3548 3566 3606 sed

1918 3665 2169 3709 manum
2200 3649 2344 3705 mihi
2374 3646 2806 3704 auxiliatricem
2836 3643 3073 3718 porrige
3101 3641 3388 3698 aerumnis
3432 3639 3570 3696 vita:

1921 3739 2222 3797 tribulato.

1991 3829 2232 3887 Miserize
2307 3825 2677 3884 calamitates
2749 3827 2806 3880 et
2868 3837 3069 3880 rerum
3144 3822 3459 3893 angustiae,
3530 3832 3569 3873 ο

1921 3919 2100 3989 Virgo
2117 3922 2346 3984 sancta,
2364 3933 2458 3972 me
2473 3916 2854 3985 invaserunt;
2904 3926 3190 3968 (erumna;
3207 3912 3407 3965 autem
3433 3906 3568 3961 vitae

1920 4024 1991 4065 ac
2021 4007 2368 4064 tentationes
2396 4021 2490 4060 me
2531 4003 2799 4075 undique
2856 4000 3225 4065 obruerunt;
3277 4003 3338 4053 tu
3390 3993 3569 4066 igitur

1919 4097 2067 4154 mibi
2091 4112 2229 4153 cum
2249 4094 2494 4150 brachio
2521 4098 2620 4149 tuo
2651 4091 2786 4147 forti
2818 4085 3251 4145 auxiliabunda
3271 4084 3457 4141 adsis.

1992 4189 2057 4242 In
2087 4182 2538 4257 tempestatibus
2571 4186 2632 4236 tu
2654 4179 2798 4235 mihi
2836 4182 3068 4252 portus,
3129 4177 3190 4232 in
3237 4172 3466 4230 tristitia
3507 4176 3570 4228 tu

1921 4274 2213 4348 gaudium
2239 4279 2295 4328 et
2313 4270 2512 4327 laetitia
2536 4269 2681 4327 ades
2705 4286 2719 4337 ;
2754 4269 2813 4323 in
2841 4267 3070 4323 morbis
3095 4269 3156 4320 tu
3188 4262 3330 4320 mihi
3364 4277 3571 4335 prom-

1925 4373 2089 4438 ptam
2121 4363 2236 4420 fers
2260 4375 2462 4434 opem,
2495 4374 2526 4416 e
2559 4357 2836 4432 periculis
2880 4371 2976 4412 me
3002 4354 3218 4428 eripis;
3269 4353 3329 4408 in
3389 4356 3571 4408 tenta-

1849 4476 1892 4530 ι)
1924 4453 2186 4512 tionibus
2217 4457 2278 4508 tu
2300 4451 2447 4507 mihi
2474 4448 2778 4524 liberatrix
2818 4445 3071 4504 assistis.

1997 4547 2144 4610 Ave,
2211 4542 2419 4598 throne
2511 4538 2691 4611 ignite
2766 4536 3027 4594 Domini:
3102 4548 3214 4590 ave
3277 4530 3573 4588 luminare

1927 4647 2198 4700 aureum,
2228 4629 2465 4702 lampas
2494 4626 2855 4684 incxstincta
2884 4641 2898 4691 ;
2930 4639 3061 4690 ave,
3110 4621 3414 4692 virginum
3454 4618 3576 4689 glo-

1925 4723 2034 4789 ria,
2076 4726 2337 4776 matrum
2376 4716 2720 4774 illustratio!

2001 4811 2171 4884 Eripe
2194 4825 2327 4878 nos,
2353 4823 2555 4878 servos
2587 4811 2793 4874 tuos,e
2843 4801 3156 4876 periculis;
3218 4798 3324 4871 qui
3367 4810 3576 4852 secun-

3975 531 4014 626 :
4047 635 4049 638 ,

3991 651 4026 738 ’τι

3971 751 4044 858 .j;

3961 1055 3968 1062 .
4001 1013 4044 1074 ..³³

3969 1519 3976 1528 ,
4029 1419 4051 1514 Α

3963 1557 3974 1568 .
3999 1525 4051 1610 Α

1929 4902 2076 4958 dum
2105 4883 2290 4955 Deum
2312 4897 2391 4954 ad
2417 4902 2472 4953 te
2493 4901 2556 4952 ut
2584 4909 2827 4951 murum
2851 4893 3277 4948 inconcussum
3303 4892 3360 4944 et
3384 4883 3578 4942 muni-

1930 5005 2072 5048 men
2092 4985 2503 5058 confugimus.

2003 5077 2247 5152 Respice
2295 5073 2771 5144 misericorditer,
2836 5067 3237 5126 illustrissima
3305 5065 3581 5152 Deipara,

1933 5169 2014 5227 ad
2043 5151 2289 5225 morbos
2309 5163 2574 5238 corporis
2595 5161 2733 5235 mei,
2764 5164 2821 5218 et
2841 5157 3059 5217 anima:
3086 5156 3384 5216 doloroste
3419 5151 3582 5212 auxi-

1933 5259 2081 5316 lium
2118 5258 2301 5315 feras.

221 4897 358 4964 τὸκε,
421 4896 501 4948 ὅτι
552 4896 736 4956 πάντες
789 4899 921 4969 μετά
975 4901 1127 4963 Θεὸν,
1186 4897 1258 4960 εἰς
1319 4900 1377 4951 σε
1431 4902 1820 4974 καταφεύγομεν

222 4987 288 5047 ὡς
301 4984 562 5060 σῖρῥηκτον
583 4992 763 5058 τεῖχος
783 4991 873 5039 καὶ
888 4991 1214 5062 προστασίαν
1227 5029 1241 5042 .

293 5073 601 5147 Ἐπίϐλεψον
672 5074 720 5128 ἄν
784 5075 1032 5149 εὐμενείᾳ,
1087 5079 1384 5150 πανύμνητε
1441 5083 1679 5151 Θιοτόκε,
1739 5077 1823 5132 int

222 5168 314 5222 τήν
342 5164 471 5238 ἐμήν
504 5163 744 5237 χαλεπὴν
788 5174 882 5220 τοῦ
937 5171 1179 5240 σώματος
1236 5186 1489 5237 κακωσιν,
1538 5173 1629 5222 καὶ
1671 5172 1825 5222 τασαι

223 5260 312 5317 τῆς
341 5253 528 5328 ψυχῆς
548 5273 650 5327 μου
677 5258 735 5308 τὸ
760 5255 934 5328 ἄλγος.

796 5352 858 5408 θ’.
889 5352 950 5407 Ὀ
979 5355 1170 5429 εἱρμός.

295 5439 512 5504 Ἐξὶστη
569 5441 658 5494 ἐπὶ
715 5449 868 5496 τοῦτο
918 5445 944 5496 ὁ
990 5443 1226 5519 οὐρανὸς,
1279 5447 1370 5498 καὶ
1409 5451 1498 5507 τῆς
1540 5453 1637 5518 γῆς
1694 5463 1827 5500 κατ-

2541 5355 2593 5410 9.
2620 5347 2894 5408 Hirmus.

2009 5444 2238 5504 Caelum
2296 5441 2626 5515 obstupuit,
2673 5444 2844 5496 terrae
2904 5433 3143 5494 termini
3192 5431 3586 5497 tremuerunt,

228 5529 424 5602 επλάγη
473 5527 544 5583 τὰ
595 5534 816 5606 πέρατα,
862 5533 944 5586 ὃτι
1005 5518 1131 5595 Θεὸς
1194 5535 1339 5608 ὤφθη
1387 5541 1492 5596 τοῖς
1542 5533 1802 5610 ἀνθρώπω

1942 5534 2082 5612 quia
2103 5538 2257 5591 Deus
2276 5531 2626 5590 hominibus
2647 5526 2986 5586 secundum
3009 5537 3251 5581 carnem
3274 5518 3588 5612 apparuit;

231 5628 564 5694 σωματικῶς,
593 5625 685 5674 καὶ
713 5621 742 5680 ὴ
770 5637 979 5698 γαστηρ
1024 5640 1119 5676 σου
1174 5607 1379 5697 γέγονεν
1435 5607 1803 5704 εὐρυχωροτέρι

1942 5607 2148 5685 ὗειιῐθτ
2160 5627 2362 5682 autem
2386 5627 2526 5680 tuus
2560 5617 2816 5692 amplior
2841 5629 3029 5688 quam
3048 5613 3252 5686 ipsum
3268 5607 3487 5668 coelum
3503 5608 3594 5662 est

725 5729 974 5789 ΡΑτιιοι..
1016 5732 1118 5790 Gn.
1159 5731 1306 5792 CXL.

3128 5721 3198 5774 25
