4084 6206
1348 266 1630 336 ιιγιιΝυε
1667 267 1788 327 AD.
1829 269 1929 328 SS.
1967 268 2342 336 DEIPARAM.

735 401 1081 477 ζ’.’οεἰρμὸς.
1790 396 1838 450 Α

239 489 425 553 Παῖδες
514 490 764 566 Ἐϐραίων
843 494 892 544 ἑν
974 495 1178 566 καμίνῳ
1234 493 1604 549 κατεπάτησαν
1669 491 1762 546 τὴν

171 583 328 656 φλόγα
364 581 681 656 θαρσαλέως,
713 586 804 635 καὶ
831 582 901 644 εἰς
933 579 1129 655 δρόσον
1191 585 1250 634 τὸ
1308 590 1412 655 πῦρ
1466 577 1766 654 μετέϐαλον,

174 672 410 745 βοῶντες,
441 670 730 734 Εύλολητὸς
763 669 816 724 οἰ
850 675 1007 748 Κύριε
1045 674 1071 725 ὀ
1139 675 1268 734 Θιὸς
1331 671 1400 734 ιίς
1451 673 1569 731 τοὺς
1638 670 1765 721 αἰῶ·

171 781 256 823 νας
275 760 288 816 !

171 271 264 337 777
1348 271 1630 336 HYHNUS
1667 271 1788 327 AD.

1928 315 1929 322 η
1967 271 2342 336 DEIPARAM.
3410 282 3519 340 778

2472 409 2528 462 7.
2551 402 2815 462 Hirmus.

1946 489 2330 549 Hebraeorum
2377 491 2482 550 tilii
2527 493 2590 550 in
2636 493 2878 551 fornace
2919 493 3235 550 ﬂammam
3284 497 3523 551 strenue

1873 578 2303 651 exstinxerunt,
2335 587 2394 639 et
2421 583 2624 655 ignem
2650 584 2854 656 ipsum
2879 583 2941 640 in
2982 599 3179 640 rorem
3218 587 3520 641 transmu-

1874 670 2097 733 tarunt,
2133 669 2498 730 clamantes:
2533 671 2884 730 Benedictus
2921 688 2986 730 es
3038 671 3288 730 Domine
3345 672 3522 742 Deus,

1875 755 1938 812 in
1953 757 2174 817 saecula
2190 760 2202 815 !

775 851 985 928 Τροπάρ
994 869 1089 907 ιον.

2520 853 2896 924 Troparium.

1947 945 2220 1020 Deipara,
2249 947 2626 1022 quaalumem
2647 949 2990 1024 procreasti,
3012 955 3185 1008 nocte
3202 965 3298 1007 me
3319 964 3529 1023 pecca-

1880 1036 2075 1092 torum
2107 1037 2540 1096 circumfusum
2562 1039 2854 1107 illumina,
2886 1053 3024 1112 qua:
3075 1038 3226 1096 lucis
3267 1055 3329 1096 es
3386 1053 3529 1096 con-

1881 1125 2170 1183 servatrix
2187 1142 2335 1200 pura
2358 1133 2415 1184 et
2428 1128 2837 1199 immaculata,
2863 1133 2930 1186 ut
2952 1144 3026 1186 ex
3053 1127 3263 1186 intimo
3277 1132 3334 1186 te
3348 1127 3529 1185 corde

1881 1215 2230 1285 gloriﬁcem.

1953 1304 2204 1362 Praeside
2226 1305 2393 1377 milii,
2412 1307 2589 1379 Virgo
2601 1306 2990 1377 consolatrix,
3006 1307 3113 1380 qui
3127 1306 3529 1364 omniauxilio

1882 1391 2198 1450 destitutus
2225 1411 2394 1462 sum;
2418 1401 2480 1452 tu
2531 1397 2694 1453 enim
2730 1394 3006 1470 potentia:
3043 1400 3146 1452 tua
3198 1411 3530 1467 egenorum

1885 1481 2225 1542 auxiliatrix
2250 1499 2314 1540 es
2346 1490 2402 1541 et
2430 1500 2569 1558 spes
2599 1501 2810 1543 eorum
2839 1484 2944 1558 qui
2969 1484 3100 1557 jam
3129 1483 3205 1542 de
3249 1482 3534 1541 omnibus

179 1596 298 1631 νων.

1929 1579 2375 1645 esperaverunt.

251 1663 384 1738 Ὀλῃ
440 1663 593 1737 ψυχῇ
627 1667 718 1717 καὶ
753 1659 962 1736 διανοίᾳ
985 1668 1075 1717 καὶ
1109 1659 1308 1739 καρδίᾳ
1339 1681 1395 1717 σε
1435 1667 1523 1716 καὶ
1576 1660 1780 1735 χείλεσι

1959 1662 2081 1732 Ego
2110 1662 2274 1719 omni
2307 1679 2380 1720 ex
2409 1663 2588 1720 corde
2617 1681 2686 1721 ac
2704 1667 2900 1720 mente
2923 1666 2978 1720 et
3008 1661 3183 1720 labiis
3217 1666 3272 1720 te
3301 1661 3536 1735 magni-

189 1751 416 1820 δοξάζω,
473 1751 768 1815 ἀπολαύσας
803 1762 903 1806 τῶν
962 1761 1065 1806 σῶν
1118 1752 1352 1827 μεγὰλων
1404 1753 1775 1826 χαρισμάτων,

1932 1765 2024 1819 co,
2051 1751 2222 1823 cujus
2254 1754 2490 1823 magnis
2533 1752 2711 1809 donis
2762 1753 2970 1808 fruor:
3016 1768 3052 1808 o
3103 1751 3538 1822 benignitatem

195 1842 294 1894 ἀλλ’
328 1841 370 1894 ὧ
396 1852 487 1904 τῆς
523 1851 616 1904 σῆς
643 1847 1011 1918 χρηστότητος
1053 1847 1144 1894 καὶ
1196 1841 1418 1918 ἀπείρων
1481 1860 1575 1894 σου
1650 1842 1781 1893 θαυ-

1928 1856 2078 1909 uam,
2128 1857 2164 1896 ο
2212 1841 2740 1898 innumerabilium
2788 1841 3218 1898 miraculorum
3269 1857 3405 1913 qua:
3479 1845 3538 1897 tu

1891 1934 2190 2001 penetras,
2219 1945 2538 1986 numerum
2557 1929 2932 1986 indeﬁnitum
2953 1929 2965 1984 Ξ

1965 2018 2210 2090 Respice
2240 2019 2415 2075 oculo
2444 2019 2706 2092 propitio
2743 2019 3053 2081 miserum,
3099 2017 3160 2074 in
3207 2034 3331 2091 quo
3379 2034 3536 2091 sum,

1887 2111 2136 2177 statum,
2167 2113 2223 2164 et
2249 2124 2356 2181 pro
2387 2108 2618 2166 infinita
2642 2113 2741 2165 tua
2767 2106 3180 2164 misericordia
3208 2123 3240 2162 e
3272 2107 3543 2176 miseriis,

1900 2197 2178 2272 periculis
2203 2214 2274 2255 ac
2304 2197 2730 2256 tentationibus
2745 2213 2841 2253 me
2863 2197 3044 2270 eripe.

241 955 355 1011 Φῶς
426 950 457 1007 ἡ
530 956 754 1002 τεκοῦσα
823 953 1043 1004 Θεοτόκε
1102 950 1448 1002 σκοτισθίντα
1495 965 1560 1020 με
1621 949 1770 998 νυκτὶ

176 1038 584 1114 ἁμαρτημάτων,
643 1043 1030 1111 φωταγωγησον
1079 1042 1166 1106 σύ,
1219 1041 1385 1111 φωτὸς
1469 1033 1603 1090 ούσα
1683 1029 1771 1087 δοο

175 1137 344 1202 χείον,
372 1133 431 1182 τό
468 1129 697 1202 καθαρὸν
726 1133 817 1181 καὶ
855 1130 1094 1202 ἄμωμον,
1128 1132 1215 1181 ἵνα
1247 1129 1394 1200 πόθῳ
1445 1145 1504 1180 σε
1537 1122 1768 1190 δοξάζω.

245 1310 416 1364 Σκέπη
474 1312 620 1378 γενοῦ
681 1308 773 1357 καὶ
824 1307 1126 1379 προστασία
1187 1309 1278 1358 καὶ
1344 1301 1618 1374 ἀντιληψις
1686 1303 1775 1353 καὶ

177 1398 460 1469 καύχημα,
515 1396 760 1470 Παρθένε,
827 1395 1148 1467 γυμνωθέντι
1231 1413 1322 1468 μοι
1401 1401 1490 1446 νῦν
1563 1391 1777 1452 ἁπάσης

181 1483 450 1558 βοηθείας,
489 1482 796 1543 amem»
831 1479 1050 1557 δύναμις
1096 1488 1186 1536 καὶ
1252 1482 1392 1546 ἕλπίς
1458 1480 1774 1553 ἁπελπισμέ-

196 1936 373 2006 μάτων
396 1931 408 1986 ε

261 2020 456 2092 Βλέψον
497 2020 610 2094 ἐλέῳ
649 2023 844 2095 ὃμματί
902 2040 1018 2088 σου,
1077 2027 1167 2075 καὶ
1217 2021 1500 2094 ἐπίσκεψαι
1556 2025 1650 2080 τὴν
1696 2021 1786 2072 κά-

191 2131 358 2164 κωσιν
392 2111 452 2169 ἣν
509 2112 638 2184 ἔχω,
694 2117 784 2164 καὶ
843 2108 1023 2164 δεινῶν
1083 2121 1382 2187 συμφορῶν,
1441 2116 1530 2164 καὶ
1589 2108 1790 2184 βλάϐης

191 2207 280 2253 καὶ
325 2196 583 2252 κινδύνων
637 2205 727 2253 καὶ
769 2209 1072 2276 πειρασμῶν
1123 2220 1186 2274 με
1242 2201 1506 2274 λύτρωσαι
1563 2199 1792 2274 ἀμετρή-

191 2310 262 2362 τῳ
303 2309 405 2343 σου
433 2307 574 2345 ελεει.

260 2382 537 2434 Διάσωσον
566 2378 668 2432 ἀπὸ
701 2376 955 2434 κινδύνων
989 2385 1110 2443 τούς
1140 2377 1360 2444 δούλους
1391 2399 1509 2452 σου,
1553 2383 1793 2446 Θεοτὸκε,

190 2473 269 2523 ὅτι
294 2473 506 2531 πάντως
539 2473 670 2542 μετὰ
717 2473 841 2524 Θεὸν
905 2471 970 2532 εἰς
1021 2473 1077 2524 ei
1132 2474 1517 2544 καταφεύγομεν
1571 2473 1640 2532 ὡς
1705 2467 1797 2543 ἄῤ-

187 2562 386 2634 ρηκτον
411 2556 588 2631 τεῖχος
625 2564 715 2612 καὶ
735 2563 1086 2635 προστασίαν.

1977 2379 2125 2434 Erue
2147 2393 2277 2446 nos,
2303 2393 2508 2434 servos
2540 2381 2702 2444 tuos,
2742 2391 2778 2433 ο
2835 2375 3114 2448 Deipara,
3161 2391 3194 2432 e
3230 2374 3547 2448 periculis;

1903 2468 2048 2541 quia
2076 2467 2408 2525 secundum
2431 2469 2638 2539 Deum,
2669 2465 2748 2523 ad
2776 2471 2829 2524 te
2857 2470 2924 2522 ut
2943 2481 3186 2522 murum
3235 2465 3554 2522 inconcus-

1903 2573 2037 2613 sum
2064 2558 2463 2629 confugimus.

1974 2647 2238 2720 Respice,
2271 2646 2600 2704 clarissima
2646 2646 2922 2720 Deipera,
2970 2660 3082 2718 pro
3139 2643 3555 2702 misericordia

1901 2741 2022 2809 tua,
2047 2736 2125 2793 ad
2157 2751 2458 2793 (erumnas
2489 2753 2625 2810 qute
2655 2751 2874 2809 corpus
2912 2750 3118 2792 meum
3174 2734 3456 2807 obruunt,
3499 2737 3557 2790 et

1902 2827 2121 2885 animae
2144 2826 2438 2884 dolorosas
2460 2842 2758 2883 succurre.

802 2924 866 2984 η’.
895 2925 954 2978 Ὀ
972 2927 1166 3000 εὶρμός.

2505 2929 2554 2982 8.
2575 2925 2840 2981 Hirmus.

254 3021 366 3071 Τὸν
397 3013 445 3067 ἐν
479 3017 584 3090 ὄρει
638 3013 769 3088 ἁγίῳ
831 3010 1150 3079 δοξασθέντα
1183 3021 1273 3069 καὶ
1331 3014 1380 3069 ἓν
1435 3013 1583 3089 βάτῳ
1640 3020 1792 3068 τόκον

1973 3016 2313 3079 Dominum,
2338 3015 2442 3088 qui
2473 3015 2532 3071 in
2565 3021 2771 3071 monte
2795 3017 3002 3069 sancto
3038 3011 3175 3067 etin
3191 3009 3343 3067 robo
3368 3004 3553 3082 Moysi

190 3106 687 3180 τῆςἈειπαρθένον
733 3111 807 3176 τῷ
858 3112 1058 3177 Μωύσῇ
1113 3110 1404 3179 μυστήριον
1463 3111 1795 3179 γνωρίσαντα

1928 3105 2160 3176 lirginis
2189 3111 2427 3178 partum
2468 3103 2792 3177 mysticum
2839 3100 3146 3170 indicavit,
3202 3097 3444 3157 laudate
3498 3101 3556 3155 et

189 3198 390 3268 Κύριον
441 3194 644 3266 ὑμνεῖτε
713 3198 802 3247 καὶ
866 3193 1210 3268 ύπερυψοῦτε,
1275 3195 1344 3258 εἰς
1413 3197 1606 3256 πάντας
1677 3197 1795 3256 τούς

1936 3193 2338 3268 uperexaltate
2370 3194 2428 3249 in
2452 3192 2691 3249 saecula.

255 2648 571 2720 Ἐπίελεψον
631 2647 678 2700 ἓν
743 2649 991 2722 εὐμενείᾳ,
1054 2651 1349 2722 πανύμνητς
1399 2653 1640 2718 Θεοτόκε,
1707 2648 1792 2700 ἐπὶ

185 2743 277 2798 τὴν
313 2738 451 2812 ἐμὴν
484 2737 722 2810 χαλεπὴν
757 2738 848 2791 τοῦ
909 2745 1146 2812 σώματος
1193 2743 1446 2808 κάκωσιν,
1501 2744 1589 2792 καὶ
1644 2741 1792 2791 ἰασαι

188 2837 279 2890 τῆς
306 2827 504 2901 ψυχῆν
531 2846 633 2902 μου
668 2831 727 2880 τὸ
758 2827 935 2900 οἰλγος.

191 3283 418 3346 αἰῶνας.

800 3373 1014 3448 Τροπὰρ
1024 3392 1125 3428 ιον.

2512 3371 2893 3441 Troparium.

1977 3472 2066 3530 Ob
2092 3469 2519 3529 misericordiae
2547 3485 2684 3543 quae
2710 3467 2902 3524 habes
2933 3465 3188 3536 viscera,
3219 3479 3295 3521 ne
3324 3477 3422 3520 me
3447 3477 3555 3519 un-

1905 3562 2123 3620 darum
2157 3561 2338 3617 maris
2365 3559 2547 3631 hujus
2577 3558 2711 3614 vita:
2741 3559 3098 3613 immersum
3138 3554 3404 3621 deseras,
3443 3551 3554 3610 sed

1905 3668 2157 3711 manum
2187 3651 2332 3708 milii
2362 3649 2793 3707 auxiliatricem
2824 3646 3062 3720 porrige
3090 3643 3375 3702 aerumnis
3419 3642 3558 3699 vitae

1908 3743 2210 3800 tribulato.

1979 3832 2220 3890 Miserius
2295 3828 2665 3886 calamitates
2735 3830 2794 3883 et
2855 3840 3058 3882 rerum
3132 3825 3446 3895 angustiae,
3519 3835 3557 3876 ο

1907 3921 2086 3991 Virgo
2105 3924 2334 3987 sancta,
2351 3935 2446 3975 me
2462 3919 2842 3987 invaserunt;
2891 3929 3178 3970 aerumnae
3194 3914 3394 3967 autem
3421 3908 3556 3964 vita:

1907 4026 1978 4068 ac
2009 4010 2356 4066 tentationes
2384 4023 2479 4062 me
2520 4005 2786 4076 undique
2844 4002 3213 4067 obruerunt;
3264 4005 3326 4055 tu
3379 3996 3557 4069 igitur

1907 4099 2053 4157 mibi
2077 4115 2215 4155 cum
2237 4095 2483 4152 brachio
2510 4100 2608 4151 tuo
2639 4093 2773 4148 forti
2805 4088 3239 4146 auxiliabunda
3259 4087 3446 4144 adsis.

1978 4191 2042 4244 In
2073 4184 2526 4259 tempestatibus
2559 4188 2620 4238 tu
2642 4181 2786 4237 mihi
2824 4184 3057 4254 portus,
3117 4179 3178 4234 in
3224 4175 3454 4233 tristitia
3495 4179 3558 4230 tu

1908 4275 2200 4350 gaudium
2226 4280 2283 4330 et
2302 4272 2500 4330 laetitia
2525 4271 2707 4338 ades;
2742 4271 2801 4325 in
2829 4269 3058 4326 morbis
3083 4273 3144 4323 tu
3176 4264 3318 4322 mihi
3352 4279 3559 4338 prom-

1911 4375 2076 4440 ptam
2108 4366 2224 4423 fers
2247 4378 2450 4436 opem,
2483 4377 2514 4418 e
2547 4359 2824 4434 periculis
2869 4374 2964 4414 me
2991 4356 3206 4430 eripis;
3256 4356 3317 4410 in
3377 4359 3558 4410 tenta-

1836 4479 1879 4533 ο
1911 4455 2172 4514 tionibus
2205 4461 2266 4511 tu
2289 4454 2434 4510 mihi
2461 4450 2767 4528 liberatrix
2806 4447 3059 4506 assistis.

1983 4550 2131 4613 Ave,
2198 4545 2407 4601 throne
2499 4541 2679 4614 ignite
2754 4537 3015 4595 Domini:
3091 4550 3203 4592 ave
3266 4533 3561 4590 luminare

1913 4651 2185 4702 aureum,
2215 4633 2452 4704 lampas
2481 4628 2843 4686 inexstincta
2872 4643 2886 4694 ;
2918 4642 3049 4693 ave,
3099 4624 3402 4693 virginum
3442 4620 3564 4690 glo-

1912 4726 2021 4791 ria,
2063 4728 2324 4779 matrum
2363 4717 2707 4776 illustratio!

1989 4814 2158 4886 Eripe
2181 4827 2314 4881 nos,
2340 4825 2542 4866 servos
2575 4813 2728 4876 tuos,
2749 4822 2781 4862 e
2831 4802 3145 4878 periculis;
3207 4800 3312 4873 qui
3355 4811 3564 4854 secun-

1916 4904 2063 4961 dum
2092 4885 2277 4958 Deum
2299 4900 2378 4956 ad
2405 4905 2459 4956 te
2481 4903 2543 4954 ut
2572 4911 2815 4954 murum
2839 4894 3265 4950 inconcussum
3291 4893 3347 4945 et
3371 4885 3566 4943 muni-

1917 5008 2060 5052 men
2079 4989 2490 5062 confugimus.

1990 5081 2234 5155 Respice
2282 5075 2759 5147 misericorditer,
2824 5069 3225 5129 illustrissima
3293 5066 3570 5155 Deipara,

1921 5172 2002 5230 ad
2031 5153 2276 5228 morbos
2296 5166 2562 5240 corporis
2583 5165 2720 5238 mei,
2752 5167 2808 5222 et
2829 5160 3047 5220 anima:
3074 5157 3371 5218 dolorosaa
3405 5153 3571 5213 auxi-

1921 5262 2070 5320 lium
2105 5260 2288 5318 feras.

254 3473 362 3524 Διὰ.
412 3469 695 3542 σπλάγχνα
746 3468 910 3531 ἐλέους
967 3489 1084 3538 σον,
1143 3473 1390 3548 Πάρθένε,
1441 3476 1512 3546 μὴ
1565 3469 1798 3548 παρίδῃς

190 3567 352 3635 σεμνὴ
390 3563 730 3633 ποντούμενόν
759 3580 822 3634 με
871 3561 1011 3634 σάλῳ
1048 3560 1309 3635 βιωτικῶν
1363 3566 1626 3637 κυμάτων,
1671 3563 1800 3616 ἀλλα

189 3648 354 3704 διδου
385 3669 476 3722 μοι
521 3659 682 3723 χεῖρα
741 3648 990 3723 βοηθείας
1042 3657 1475 3725 καταπονουμένῳ
1531 3659 1799 3706 κακὼσεσι

187 3749 276 3794 τού
310 3738 354 3813 β
367 3745 448 3792 ίου
462 3781 475 3794 .

259 3830 614 3904 [ιεριστάσεις
640 3832 731 3880 καὶ
761 3827 960 3900 θλίψεις
1004 3835 1093 3882 καὶ
1152 3829 1376 3902 ἀνάγκαι
1437 3831 1654 3906 εύροσάν
1713 3851 1798 3905 με,

187 3917 381 3989 Ἀγνὴ,
437 3923 528 3969 καὶ
589 3923 853 3990 συμφοραὶ
904 3925 996 3970 τοῦ
1057 3917 1180 3991 βίου
1237 3925 1327 3972 καὶ
1378 3926 1662 3994 πειρασμοί
1735 3941 1800 3994 με

189 4008 452 4060 πάντοθεν
490 4005 806 4073 ἐκύκλωσαν,
870 4005 996 4059 ἀλλά
1039 4011 1301 4080 προστηθί
1359 4030 1449 4083 μοι
1498 4015 1589 4062 καὶ
1651 4009 1798 4064 αντι-

189 4094 358 4148 λαϐοῡ
391 4114 492 4167 μου
530 4103 590 4167 τῇ
623 4101 850 4168 κραταιᾷ
879 4114 972 4148 σου

262 4184 352 4237 Ἐν
378 4191 489 4244 ταῖς
526 4182 706 4246 ζάλαις
740 4181 947 4258 ἐφευρόν
1002 4203 1059 4236 σε
1105 4184 1305 4257 λιμένα,
1352 4185 1400 4238 ἐν
1455 4195 1566 4247 ταῖς
1611 4186 1800 4250 λύπαις

191 4275 378 4346 χαρὰν
399 4276 490 4324 καὶ
546 4271 883 4345 εὐφροσύνην,
935 4277 1024 4323 καί
1077 4272 1126 4324 ἐν
1187 4281 1304 4336 ταῖς
1341 4276 1511 4336 νόσοις
1549 4281 1799 4348 ταχεινὴν

195 4359 479 4432 βοήθειαν,
511 4365 600 4412 καὶ
629 4358 676 4411 ἐν
707 4368 816 4423 τοῖς
845 4357 1112 4424 κινδύνοις
1132 4363 1318 4437 pio-rw
1359 4369 1448 4416 καὶ
1515 4367 1802 4438 προστάτιν

196 4450 243 4503 ἕν
273 4457 393 4511 τοῖς
423 4455 802 4526 πειρατηρίοις.

267 4536 462 4613 Rarior,
533 4541 678 4614 θρόνε
743 4545 1036 4616 πυρίμορφε
1115 4547 1330 4616 κυρίου,
1399 4551 1559 4619 χαῖρε
1616 4553 1798 4618 χρυσῆ

193 4629 417 4703 λυχνία,
458 4627 665 4701 λαμπὰς
712 4629 956 4696 οἷσϐεστε,
1005 4639 1166 4704 χαῖρε
1206 4642 1306 4684 τῶν
1359 4636 1622 4708 παροίνων
1673 4631 1806 4698 δόξα

197 4724 288 4773 καὶ
309 4722 552 4793 μητέρων
583 4720 831 4793 ὡράίσμα
849 4724 937 4772 καὶ
967 4719 1126 4781 κλέος.

272 4811 549 4860 Διάσωσον
607 4803 708 4860 ἀπό
750 4805 1006 4861 κινδύνων
1043 4813 1162 4871 τοὺς
1219 4806 1440 4874 δούλους
1497 4831 1614 4875 σου,
1676 4821 1806 4866 Θεο-

199 4899 344 4966 τόκε,
407 4898 487 4949 ὃτι
538 4898 722 4958 πάντες
776 4900 908 4970 μετὰ
961 4903 1114 4965 Θεὸν,
1173 4899 1246 4962 εἰς
1305 4902 1364 4954 σε
1418 4904 1806 4976 καταφεύγομεν

200 4988 268 5049 ὡς
281 4986 549 5062 ἄρρηκτον
570 4994 750 5059 τεῖχος
770 4992 860 5040 καὶ
875 4992 1202 5064 προστασίαν
1214 5030 1229 5044 .

273 5075 587 5148 Ἐπίϐλεψον
657 5076 706 5129 ἄν
770 5076 1020 5151 εὐμενείᾳ,
1075 5081 1370 5152 πανύμνητι
1428 5086 1666 5154 Θεοτόκε,
1726 5079 1810 5136 ἐπὶ

199 5170 298 5224 τήν
327 5165 457 5239 ἐμὴν
489 5165 730 5238 χαλεπὴν
775 5175 870 5221 τοῦ
925 5173 1167 5242 σώματος
1224 5188 1476 5240 κακωσιν,
1525 5176 1616 5224 καὶ
1659 5174 1812 5225 ἶκσαι

199 5262 296 5318 τῆς
327 5253 514 5328 ψυχῆς
534 5275 637 5329 μου
663 5259 722 5310 τὸ
747 5256 921 5330 άλγος.

783 5355 845 5410 θ’.
877 5354 938 5409 Ὀ
966 5357 1158 5432 εἰρμὸς.

277 5439 498 5504 Ἐξεστη
556 5443 642 5498 ἐπὶ
701 5451 856 5498 τοῦτο
906 5447 932 5498 ὁ
978 5447 1214 5522 ούρανὸς,
1267 5449 1486 5509 καὶτῆς
1527 5456 1624 5520 γῆς
1682 5466 1815 5502 κατ-

2569 5397 2581 5411 .
2608 5351 2882 5411 Hirmus.

2569 5359 2882 5411 .H'rmus.

1996 5447 2224 5506 Ccelum
2283 5359 2614 5517 obstupifit,
2661 5372 2831 5499 tzerraa
2891 5436 3130 5496 termini
3180 5433 3572 5498 tremuerunt,

3953 7 4008 58 ἦέ.

3959 85 4000 122 ,ξι

3979 0 4044 552 Ξ

3969 553 4043 650 τέ

3957 653 4045 880 ἐ

201 5529 412 5602 επλάγη
459 5529 529 5585 τὰ
581 5537 804 5609 πέρατα,
850 5535 932 5588 ὅτι
993 5539 1118 5598 Θεὸς
1182 5538 1326 5610 ὤφθη
1375 5543 1479 5598 τοῖς
1529 5535 1818 5612 ἀνθρώποις

203 5630 548 5693 σωματικῶς,
579 5628 670 5677 καὶ
700 5623 730 5683 ὴ
757 5639 966 5700 γαστηρ
1012 5642 1108 5679 σου
1162 5631 1366 5699 γέγονεν
1421 5626 1821 5706 εύρυχωροτὶρα

711 5733 963 5792 Panos.
1004 5735 1106 5793 Gn.
1147 5734 1294 5795 CXL.

1926 5537 2070 5614 quia
2091 5541 2244 5594 Deus
2264 5533 2614 5592 hominibus
2636 5529 2974 5588 secundum
2995 5539 3239 5583 carnem
3261 5520 3574 5614 apparuit,

1927 5608 2135 5688 venter
2147 5630 2348 5686 autem
2373 5628 2513 5684 tuus
2548 5619 2805 5694 amplior
2828 5631 3015 5690 quam
3035 5615 3240 5687 ipsum
3256 5608 3474 5669 coelum
3490 5609 3581 5663 est

3115 5723 3186 5776 25
