4084 6206
104 0 155 1199 ἕ

90 1522 133 1699 ἓ

66 1892 141 2711 ἑ

58 2982 113 3107 δὲ
138 3086 143 3089 ,

56 3340 109 3521 {iii

638 335 743 389 783

1964 323 2298 383 METHODII
2335 324 2666 382 MONACHI.

3867 340 3957 394 784

642 456 892 514 Sisinius
923 460 980 513 et
1020 453 1263 511 Atticus.
1320 447 1552 506 Nemini
1607 447 1769 505 enim
1810 448 2275 508 adversabantur

2404 450 2520 510 κλος
2570 448 2865 508 κοινωνικὸς
2919 446 2980 506 ἧν
3030 454 3101 520 τῷ
3159 448 3293 523 ἁγίῳ
3359 450 3570 526 Πρόκλῳ
3651 463 3721 527 τῷ
3755 455 3961 522 Ἀλεξαν.

642 547 763 601 sive
803 545 1053 617 Cyrillus
1082 541 1204 598 sive
1268 538 1481 612 reliqui
1530 537 1887 611 patriarcha:
1907 544 2150 612 propter
2194 538 2289 596 vel

641 633 799 688 sedis
829 632 1300 698 translationem,
1326 628 1419 683 vel
1448 627 1709 683 alienam
1765 643 1803 683 a
1859 643 2102 684 summo
2155 629 2290 700 jure

642 722 931 777 canonico
953 719 1323 776 electionem.
1353 719 1557 789 Neque
1577 731 1720 774 vero
1741 716 2165 790 episcoporum
2186 718 2292 774 hoc

638 827 775 866 rum
803 809 1209 866 ordinationes
1242 823 1278 864 a
1301 806 1592 879 quopiam
1625 805 2124 877 repudiabantur.
2180 806 2291 872 Qui

641 899 881 956 enimid
914 898 1039 954 fieri
1077 899 1326 970 poterat,
1358 894 1657 967 praedictis
1704 895 2104 952 summatibus
2152 912 2293 953 con-

645 987 1067 1045 sentientibus?

713 1171 767 1221 2.
797 1165 968 1232 Quod
997 1180 1138 1222 vero
1176 1180 1270 1220 res
1297 1164 1376 1220 ita
1401 1179 1464 1219 se
1488 1162 1785 1232 habuerit,
1844 1179 1983 1222 cum
2048 1162 2291 1219 aliunde

646 1260 903 1320 constat,
927 1260 1053 1310 tum
1084 1254 1260 1310 etiam
1278 1269 1349 1309 ex
1366 1251 1617 1325 epistola
1634 1251 1711 1308 ad
1729 1252 2060 1308 Nestorium
2103 1251 2295 1309 sancti

645 1343 1127 1416 Caelestinipapre
1158 1343 1410 1397 Romani
1465 1340 1669 1414 palam
1725 1340 1810 1409 ﬁt,
1883 1357 2018 1413 quae
2063 1340 2291 1414 inciptt:

647 1452 676 1486 ι
705 1432 1035 1505 Aliquantis
1056 1430 1269 1485 diebus
1297 1430 1429 1485 vitae
1455 1434 1701 1486 nostrae.
1730 1450 1759 1479 »
1798 1432 1865 1485 Et
1904 1429 2085 1501 paulo
2132 1434 2289 1502 post:

648 1545 675 1570 ‹‹
712 1525 941 1577 Sancta:
971 1517 1401 1575 recordationis
1430 1518 1653 1574 Atticus
1683 1516 1988 1573 catholicae
2009 1519 2295 1590 magister

643 1610 721 1680 (2)
754 1609 911 1674 ﬁdei,
954 1614 1010 1664 et
1031 1623 1162 1663 vere
1182 1606 1360 1662 beato
1383 1606 1598 1662 Joanni
1619 1606 1796 1662 etiam
1818 1607 1896 1662 ad
1917 1606 2032 1663 ista
2062 1624 2295 1664 succes-

648 1713 765 1754 sor.
794 1722 822 1747 »
856 1700 921 1753 Et
947 1696 1149 1752 multis
1184 1696 1525 1767 interjectis:
1553 1718 1580 1748 c
1607 1695 1723 1751 Cur
1780 1701 1986 1752 tamen
2037 1713 2109 1752 ea
2155 1713 2290 1770 quin

2403 536 2603 615 δρείας·
2633 537 2691 590 οῦ
2741 540 2894 609 μόνον
2956 533 3008 589 δ’
3058 537 3230 608 οὗτος,
3280 538 3405 594 ἄλλα
3450 547 3537 594 xui
3596 545 3622 595 ό
3673 549 3768 618 πρό
3821 548 3958 601 αὐτοῦ

2398 628 2742 700 Μαξιμιανός,
2771 630 2861 679 καὶ
2903 621 3085 684 δήκαὶ
3139 632 3384 699 Σισίνιος,
3427 635 3518 685 καὶ
3568 638 3793 697 Λττικός.
3844 641 3960 711 Πρός

2399 712 2589 770 οὐδένα
2639 719 2730 767 καὶ
2779 717 2882 789 γὰρ
2933 711 3233 792 διεφέροντο
3300 722 3416 772 οὔτε
3498 721 3736 793 Κύριλλος
3808 725 3959 778 οὗτιοί

2399 805 2572 858 λοιποὶ
2617 805 2950 878 πατριάρχαι
3003 807 3146 858 ἕνεκα
3191 815 3284 868 τῆς
3346 810 3667 881 μεταθέσεως
3732 817 3813 865 καὶ
3875 824 3958 866 τῶν

2400 896 2547 969 παρά
2573 899 2668 952 τὴν
2687 912 2911 946 κανονων
2967 892 3233 970 ἀκριϐειαν
3299 908 3651 972 χειροτονιῶν·
3709 900 3815 953 AIA’
3855 901 3959 957 οὐδὲ

2403 986 2458 1036 αἱ
2531 986 2725 1036 τούτων
2799 987 3121 1059 χειροτονίαι
3194 981 3413 1038 ἆδεκτοί
3491 1006 3592 1040 τινι
3665 988 3955 1062 ἐγεγόνεισαν

2402 1081 2511 1133 πῶς
2537 1076 2661 1145 γὰρ,
2684 1075 2852 1124 αὐτῶν
2884 1071 3275 1146 ἕπαινουμένωνς

2476 1160 2552 1234 β’.
2580 1166 2679 1215 Καὶ
2704 1164 2781 1213 ὅτι
2823 1158 3016 1222 mat;
3059 1163 3085 1213 ό
3133 1161 3305 1235 λόγος,
3358 1160 3519 1224 δῆλον
3574 1169 3661 1239 μεν
3704 1165 3752 1230 ἐξ
3795 1168 3954 1238 ἄλλων,

2406 1247 2564 1309 δῆλον
2595 1246 2654 1303 δε
2683 1250 2741 1302 ἐκ
2766 1258 2862 1312 τῆς
2903 1254 3034 1323 πρός
3074 1257 3349 1328 Νεστόριον
3400 1253 3670 1317 ἐπιστολῆς
3715 1265 3799 1309 τοῦ
3829 1258 3956 1330 ἁγίου

2407 1338 2729 1408 Κελεστίνου,
2817 1341 3008 1391 πάππα
3067 1339 3287 1413 Ῥώμης,
3358 1343 3425 1404 ἧς
3498 1346 3528 1403 ἡ
3608 1343 3766 1420 ἀρχή,
3829 1346 3955 1418 «Ἐγ,

2403 1430 2595 1501 ἡμέρας
2633 1429 2776 1489 τινάς
2842 1436 2937 1490 τῆς
2998 1428 3135 1491 ζωῆς
3207 1432 3375 1503 ἡμῶν.
3449 1453 3478 1482 n
3541 1438 3629 1486 xui
3704 1434 3950 1507 μετ’όλὶγα·

2405 1540 2433 1565 ι(
2458 1517 2657 1570 Λύτίκα
2686 1518 2711 1568 ὁ
2742 1525 2836 1579 τῆς
2873 1517 3021 1584 ἁγίας
3044 1523 3253 1591 μνήμης
3274 1520 3287 1541 ’
3332 1525 3573 1590 Arnqu,
3602 1524 3628 1575 ὁ
3675 1519 3954 1585 διδάσκαλος

2402 1614 2495 1668 τῆς
2548 1605 2826 1667 καθολικῆς
2874 1611 3121 1673 πίστεως,
3178 1613 3267 1660 καὶ
3327 1608 3534 1673 ἀληθῶς
3587 1619 3676 1664 τοῦ
3729 1618 3950 1687 μακαρίον

2405 1695 2639 1748 Ἰωάννου
2668 1701 2755 1748 καὶ
2787 1695 2859 1756 εἰς
2887 1703 3053 1748 ταῦτα
3079 1693 3365 1769 διάδοχος.
3420 1720 3451 1750 ιο
3499 1705 3587 1753 καὶ
3637 1704 3757 1773 μετὰ
3796 1700 3948 1754 πολλῶ

640 1786 937 1844 adversus
967 1784 1079 1841 hos
1110 1787 1252 1841 tunc
1282 1787 1416 1840 sunt
1434 1792 1589 1852 acta,
1612 1788 1985 1856 quaeruntur,
2009 1800 2146 1841 cum
2171 1802 2275 1843 cer

2400 1807 2427 1835 ι(
2458 1783 2480 1798 ’⁷
2519 1793 2674 1857 Ομως
2704 1781 2797 1837 διὰ
2828 1789 2885 1836 τί
2927 1787 2993 1837 τὰ
3030 1785 3140 1838 κατ’
3194 1785 3397 1839 ἐκείνων
3440 1794 3764 1863 πεπραγμένα
3805 1791 3947 1851 ζητεῖ-

643 1881 771 1933 tum
802 1876 871 1932 sit
894 1874 1054 1930 illinc
1076 1874 1155 1930 ad
1185 1888 1297 1930 nos
1344 1889 1380 1929 a
1419 1872 1711 1929 catholico
1767 1873 2051 1947 episcopo
2101 1876 2290 1933 Attico

641 1969 784 2022 tunc
803 1963 1267 2021 commentarios
1298 1978 1426 2017 esse
1455 1962 1711 2018 directos
1743 1967 1771 2017 ?
1791 1980 1821 2016 ›
1868 1962 2029 2019 ldem
2061 1964 2141 2020 ad
2178 1965 2290 2022 cle-

640 2072 776 2111 rum
804 2051 1422 2124 Constantinopoleos,
1455 2056 1633 2123 atque
1664 2050 1743 2107 ad
1790 2056 1931 2107 tunc
1980 2060 2287 2112 versantes

639 2143 884 2205 ibidem,
965 2141 1303 2214 episcopos,
1404 2139 1791 2211 presbyteros
1874 2141 2285 2217 diaconosque

639 2232 907 2290 scribens
928 2236 1134 2287 contra
1166 2228 1523 2296 Nestorium,
1554 2231 1638 2286 sic
1666 2229 1948 2303 loquitur:
1980 2236 2173 2289 «Nam
2219 2238 2287 2291 ut

639 2338 676 2379 a
688 2319 1114 2378 recentioribus
1125 2318 1398 2375 inchoem
1408 2334 1499 2388 us,
1512 2319 1658 2391 quid
1670 2334 1793 2375 non
1806 2322 2043 2377 animos
2055 2328 2280 2379 vestros

640 2411 1057 2482 magisterium
1157 2408 1397 2465 edocuit
1511 2412 1732 2465 sanctae
1850 2411 2283 2469 recordationis

633 2500 878 2556 Joannis
910 2498 1196 2571 episcopi,
1226 2499 1399 2570 cujus
1430 2498 1622 2555 oratio
1635 2497 1986 2557 catholicam
2008 2507 2283 2560 astruens

632 2590 818 2647 ﬁdem
856 2595 978 2647 toto
1026 2588 1171 2645 orbe
1210 2588 1430 2645 diffusa
1487 2591 1614 2645 est?
1655 2589 1759 2662 qui
1827 2605 2130 2663 nusquam
2178 2608 2284 2665 per

631 2680 968 2739 doctrinam
999 2695 1172 2737 suam
1192 2677 1399 2745 defuit,
1427 2679 1573 2751 quia
1598 2678 1940 2753 ubicunque
1961 2681 2148 2737 lectus
2169 2688 2278 2751 est,

638 2770 1000 2843 praedicavit.
1033 2769 1192 2825 illius
1247 2768 1516 2839 diligenti
1562 2768 1896 2841 prudentiae
1944 2772 2283 2829 constantia

631 2859 928 2916 celebrata
941 2858 1248 2915 successit.
1264 2857 1428 2913 Rexit
1439 2857 1597 2913 enim
1612 2863 1832 2915 sanctae
1847 2859 2278 2918 recordationis

629 2949 947 3021 episcopus
968 2948 1191 3003 Atticus
1214 2946 1611 3003 Christianum
1626 2947 1921 3020 populum
1943 2949 2280 3006 decessoris

629 3038 926 3110 exemplo,
947 3043 1004 3093 et
1026 3036 1352 3107 sacrilegos
1379 3041 1724 3109 persecutus
1748 3043 1835 3094 est
1861 3038 2278 3095 haereticorum

627 3126 884 3184 furores.
944 3126 1247 3199 nCyrillus
1301 3126 1443 3182 item
1496 3126 1557 3182 in
1608 3142 1722 3183 sua
1769 3127 1848 3183 ad
1943 3129 2276 3185 Nestorium
2307 3141 2346 3196 ρ

628 3216 879 3289 epistola
944 3216 1063 3272 ait:
1133 3238 1161 3265 ‹‹
1201 3218 1423 3283 Testor,
1490 3215 1726 3272 vivente
1792 3216 1991 3273 adhuc
2083 3217 2275 3275 beatae

629 3303 1055 3362 recordationis
1086 3304 1297 3375 Attico,
1326 3303 1634 3377 scripsisse
1676 3321 1771 3362 me
1809 3305 1885 3361 de
1947 3311 2153 3364 sancta
2218 3310 2276 3363 et

628 3393 1122 3453 consubstantiali
1142 3393 1422 3449 Trinitate
1447 3392 1736 3451 libellum.
1772 3417 1800 3445 »
1850 3393 1941 3450 Sic
1994 3411 2138 3466 ergo
2178 3395 2274 3453 isti

627 3500 689 3542 se
711 3488 1021 3556 gesserunt
1043 3482 1345 3555 locutique
1368 3487 1527 3540 sunt.

697 3665 751 3718 3.
777 3661 919 3727 Quis
938 3675 1081 3717 vero
1104 3660 1359 3732 ignorat,
1377 3658 1543 3733 quod
1553 3660 1684 3732 jam
1704 3676 1817 3732 ego
1832 3659 2098 3720 dicturus
2111 3679 2268 3733 sum,

624 3765 844 3823 nempe
857 3750 1094 3807 illorum
1106 3750 1209 3821 qui
1220 3748 1683 3818 iniustissimam
1698 3750 2270 3825 sclestissimamque

625 3839 832 3909 magni
847 3838 1256 3911 Chrysostomi
1268 3838 1707 3911 depositionem
1720 3842 2268 3913 curaverunt,prin-

624 3928 817 4003 cipem
836 3928 1020 3985 fuisse
1044 3926 1512 3984 Alexandrinum
1526 3928 1940 4000 Theophilum,
1955 3932 2264 4002 proximos

624 4025 826 4077 autem
846 4019 985 4075 huic
1002 4018 1414 4087 Severianum,
1433 4018 1941 4089 Gabalitanum,et
1958 4020 2270 4077 Berrhoen-

623 4125 749 4165 sem
773 4109 1054 4166 Acacium
1079 4106 1107 4164 ?
1136 4113 1408 4163 Attamen
1444 4107 1505 4163 hi
1523 4111 1656 4179 post
1686 4107 2097 4179 Chrysostomi
2135 4109 2269 4166 obi-

621 4202 1134 4270 tum,quanquam
1148 4197 1312 4270 apud
1326 4197 1738 4254 Innocentium
1757 4212 1972 4269 papam
1990 4200 2271 4270 postulati

620 4284 881 4357 fuerunt,
910 4290 1112 4342 tamen
1139 4302 1336 4359 neque
1362 4285 1618 4359 depositi
1661 4291 1800 4342 sunt
1843 4302 2041 4359 neque
2081 4289 2269 4345 incre-

620 4375 747 4448 piti;
779 4377 922 4443 quia
947 4391 1157 4447 poenas
1188 4378 1431 4447 propter
1472 4375 1967 4446 Chrysostomum
2015 4375 2089 4432 de
2120 4377 2265 4450 ipsis

2398 1894 2508 1943 ται,
2536 1876 2689 1927 όπότε
2719 1871 2877 1933 δῆλόν
2908 1873 3048 1927 ἐστιν
3084 1878 3163 1928 ὅτι
3215 1875 3404 1931 ἐκεῖθεν
3466 1883 3594 1953 πρὸς
3648 1881 3778 1952 ἡμᾶς
3831 1884 3947 1954 παρὰ

2398 1972 2489 2016 τοῦ
2520 1968 2634 2017 τότε
2659 1962 2946 2016 ἐπισκόπου
2989 1972 3081 2017 τοῦ
3138 1966 3421 2020 καθολικοῦ
3455 1967 3688 2021 Ἀττικοῦ
3738 1971 3797 2021 τὰ
3843 1970 3944 2020 ὑπο-

2395 2057 2643 2126 μνήματα
2672 2052 2986 2119 ἀπεστνάλης
3029 2076 3056 2103 ››
3096 2053 3154 2106 Ὀ
3202 2056 3356 2117 αὐτὸς
3415 2060 3506 2109 καὶ
3569 2058 3635 2119 ii;
3678 2062 3759 2110 τόν
3791 2056 3945 2131 κλῆρον

2400 2142 2983 2205 Κωνσταντινουπόλιως
3040 2146 3252 2216 γράφων
3314 2150 3409 2199 xui
3473 2146 3545 2208 εἰς
3611 2150 3723 2209 τοὺς
3797 2146 3943 2198 αὐτόθι

2391 2237 2505 2284 τότε
2578 2227 2852 2303 διάγοντας
2901 2230 3238 2302 ἐπισκόπους,
3294 2234 3675 2309 πρεσϐυτέρους
3721 2239 3801 2287 καὶ
3852 2230 3942 2286 δια·

2393 2324 2576 2382 κόνους
2600 2322 2737 2374 κατά
2766 2325 3074 2393 Νεστορίου,
3105 2318 3234 2375 τάδε
3281 2343 3466 2396 φησιν·
3517 2346 3546 2375 ι(
3593 2323 3698 2377 Ἵνα
3739 2326 3825 2399 γάρ
3863 2323 3940 2375 ἀπὸ

2393 2418 2493 2461 τῶν
2538 2417 2745 2482 Νεαρῶν
2792 2409 3087 2483 ἀρξώμεθα,
3137 2416 3188 2463 τί
3244 2412 3338 2464 οῦκ
3408 2412 3624 2466 ἐνέϐαλεν
3682 2415 3808 2486 ἡμῶν
3847 2420 3937 2473 ταῖς

2390 2497 2598 2571 ψυχαῖς
2622 2502 2651 2557 ἡ
2686 2494 2963 2560 παίδευσις
3001 2508 3094 2552 τοῦ
3127 2508 3223 2561 τῆς
3274 2501 3433 2573 ἀγίας
3485 2509 3686 2575 μνήμης
3745 2503 3936 2556 Ἰωάννου

2391 2584 2701 2655 ἐπισκόπους
2727 2585 2786 2640 οὗ
2832 2587 2975 2660 λόγος
3026 2588 3092 2650 εἰς
3142 2592 3313 2643 πάντα
3368 2594 3456 2644 τόν
3502 2610 3688 2664 κοσμον
3733 2588 3932 2663 ὶξεχὺθη’

2391 2674 2681 2749 οἰκοδομῶν
2721 2682 2816 2736 τὴν
2868 2677 3149 2736 καθολικὴν
3205 2684 3412 2732 πίστινο
3464 2680 3519 2743 ὃς
3572 2677 3790 2753 οὐδαμοῦ
3829 2679 3937 2730 κατὰ

2388 2770 2481 2824 τὴν
2514 2763 2867 2819 διδασκαλίαν
2898 2765 3056 2828 ἀπῆν·
3083 2770 3210 2821 ὃπόν
3259 2772 3364 2844 γὰρ
3413 2766 3604 2830 δὴποτε
3662 2768 3929 2840 ἀνεγνώσθη,

2390 2853 2624 2929 ἐκήρυξε.
2656 2862 2761 2915 Τήν
2819 2854 2879 2910 δὲ
2909 2856 3101 2910 ἐκείνου
3158 2857 3377 2931 ἐπιμελῆ
3458 2863 3657 2912 σὺνεσιν
3703 2857 3930 2931 στερρὸτις

2391 2940 2769 3018 διαϐεϐοημένη
2840 2942 3133 3008 διιδίξατό·
3237 2946 3551 3023 ἐκυϐερνησε
3629 2949 3717 3024 γὰρ
3787 2948 3809 2997 ὁ
3860 2951 3927 3003 τῆς

2389 3032 2539 3104 ἁγίας
2586 3038 2797 3106 μνήμης
2843 3033 3122 3096 ἐπίσκοπος
3174 3036 3421 3100 Ἀττικός
3472 3042 3556 3090 τόν
3608 3038 3926 3111 Χριστιανικόν

2387 3122 2507 3175 λαόν
2538 3132 2609 3194 τῷ
2639 3132 2727 3176 τοῦ
2758 3130 3197 3198 προηγησαμένου
3250 3124 3625 3201 ὑποδείγματι,
3655 3131 3736 3178 καὶ
3777 3120 3927 3183 ἐδίωξε

2388 3216 2475 3273 τὰς
2518 3214 2812 3285 ἱεροσύλους
2870 3224 2966 3267 τῶν
3020 3220 3291 3291 αίρετικῶν
3339 3222 3552 3289 μανίας.
3610 3237 3636 3267 ››
3662 3220 3753 3269 Καὶ
3780 3211 3927 3284 K690.-

2384 3302 2465 3364 λος
2525 3302 2576 3355 ἐν
2619 3312 2681 3377 τῇ
2734 3308 2864 3379 πρὸς
2930 3310 3213 3379 Νεστόριον
3271 3306 3428 3379 λέγει’
3494 3308 3537 3357 ι’
3604 3307 3695 3360 Επ¹
3752 3303 3923 3361 ἀληθεία

2386 3389 2444 3445 δὲ
2490 3392 2620 3465 λέγω
2665 3396 2745 3446 ὃτι
2792 3399 2879 3446 xui
2934 3399 3198 3468 περιόντος
3263 3398 3340 3448 ἔτι
3419 3404 3517 3457 τῆῦ
3566 3397 3655 3457 τὴς
3713 3396 3921 3467 μακαρίας

2383 3485 2594 3555 μνήμης
2642 3481 2883 3537 Ἀττικοῦ
2931 3486 3251 3537 συντέθειταί
3303 3504 3400 3556 μοι
3457 3483 3635 3559 βίϐλος
3682 3487 3785 3555 περὶ
3848 3485 3919 3538 τῆς

2384 3570 2536 3643 ἁγίας
2560 3576 2650 3624 καὶ
2680 3573 2961 3645 ὁμοουσίου
2993 3571 3237 3646 Τριάδος.
3270 3595 3297 3623 ››
3329 3579 3434 3627 Καὶ
3463 3570 3600 3627 οὗτοι
3643 3576 3726 3646 μέν
3769 3576 3917 3622 ταῦτα.

2451 3657 2497 3731 γ’
2521 3701 2536 3715 .
2568 3659 2760 3713 Ἐκεῖνο
2792 3657 2851 3713 δὲ
2879 3667 2957 3724 τίς
2980 3660 3073 3713 οῦκ
3098 3658 3238 3715 οἶδεν
3289 3662 3314 3713 ὃ
3365 3682 3420 3717 τι
3495 3665 3642 3736 «pingi;
3718 3667 3801 3712 τῶν
3846 3659 3916 3711 τήν

2383 3745 2713 3808 ἀδικωτάτην
2776 3755 2866 3803 xui
2919 3754 3367 3825 παρανομωτατην
3414 3760 3504 3805 τοῦ
3556 3749 3764 3825 μεγαλον
3805 3753 3916 3818 Χρυ·
4006 3786 4007 3831 ι

2384 3844 2647 3912 σοστόριου
2686 3841 2989 3912 καθαίρεσιν
3055 3839 3422 3915 ἱργασαμὶνων
3505 3850 3695 3917 πρῶτος
3753 3840 3829 3909 μὲν
3869 3832 3914 3888 ἦν
4002 3840 4005 3915 i

2382 3930 2595 3990 αἰτιοςό
2651 3925 3039 4004 Ἀλεξανδρείας
3101 3929 3369 4002 Θεόφιλοςο
3446 3929 3551 4003 μετ’
3618 3928 3755 3980 αὐτόν
3803 3919 3914 3975 δέὸ

2384 4016 2624 4069 Γαϐαλων
2690 4022 3015 4093 Σευηριανὸς,
3102 4024 3194 4071 καὶ
3275 4021 3300 4071 ὁ
3400 4019 3631 4095 Βεδόροίας
3700 4015 3913 4069 Ἀκάκιοςο

2380 4105 2497 4158 Αλλ⁹
2526 4111 2662 4179 ὅμως
2692 4104 2836 4161 οὗτοι
2886 4111 3015 4180 μετὰ
3060 4113 3153 4167 τὴν
3201 4116 3292 4161 τοῦ
3345 4113 3714 4183 Χρυσοστόμου
3767 4106 3914 4171 κοίμη-

2989 4202 3251 4269 Ινοκεντίῳ
3301 4205 3375 4268 τῷ
3443 4199 3644 4268 πάππα,
3692 4188 3913 4246 0'37:qu-

2383 4214 2464 4247 σιν
2514 4194 2901 4269 ἐμφανισθεντις
2924 4196 2937 4211 ’

2380 4287 2662 4357 ῃρέθησαν,
2722 4286 2826 4339 οὔτ’
2889 4289 3290 4359 ἐπετιμήθησαν,
3340 4293 3437 4346 τὴν
3491 4286 3572 4339 ἀπ’
3610 4285 3760 4337 αὐτῶν
3842 4282 3910 4329 τοῦ

2378 4379 2759 4448 Χρυσοστόμου
2799 4372 3072 4433 ἐκδίκησιν
3119 4384 3191 4447 τῷ
3240 4383 3355 4446 Θεῷ
3415 4384 3507 4429 τοῦ
3552 4376 3727 4427 πάππα
3770 4366 3910 4419 ἀναθε-

619 4464 944 4521 sumendas
972 4464 1071 4519 Dei
1095 4464 1322 4534 judicio
1346 4480 1508 4536 papa
1555 4464 1843 4535 permisit.
1877 4467 2077 4536 ipsum
2120 4483 2264 4524 vero

2388 4466 2525 4515 ιένου
2696 4464 2859 4516 Αὐτόν
2891 4461 2950 4517 δὲ
2979 4468 3065 4517 τόν
3116 4464 3363 4537 Θεόφιλον
3416 4471 3489 4528 τίς
3532 4459 3802 4523 ἀπεϐάλετο;
3842 4455 3907 4504 τὸν

616 4552 1009 4625 Theophilum
1035 4552 1169 4623 quis
1190 4569 1225 4607 a
1246 4553 1492 4624 propria
1530 4552 1954 4608 communione
1988 4556 2258 4622 removit,

615 4643 722 4717 qui
749 4642 1019 4698 omnium
1035 4641 1444 4713 Chrysostomi
1469 4640 1878 4697 calamitatum
1904 4643 2087 4699 verbo
2124 4659 2262 4716 ope-

613 4749 802 4808 raque
824 4737 1030 4790 auctor
1046 4732 1154 4788 fuit
1176 4736 1416 4804 propter
1440 4731 1728 4788 invidiam
1764 4733 2059 4789 adversus
2097 4734 2260 4791 hunc

612 4828 962 4899 susceptum
982 4824 1009 4879 ?
1034 4824 1186 4879 Sane
1208 4826 1264 4878 et
1291 4822 1351 4877 in
1388 4823 1627 4877 Patrum
1677 4821 1820 4877 Vitis
1851 4822 1933 4878 sic
1983 4823 2256 4895 legimus:

611 4916 809 4972 «Dixit
829 4918 1069 4971 sanctus
1098 4910 1457 4984 Theophilus
1477 4911 1798 4984 episcopus
1823 4912 2217 4971 Alexandriae.
2231 4937 2259 4966 ››

610 5004 782 5069 Quod
813 5009 1014 5061 autem
1035 5004 1147 5059 hos
1170 5001 1427 5058 Ecclesia
1451 5001 1513 5057 in
1559 5000 1987 5058 venerabilium
2036 5003 2259 5063 habeat

607 5092 1085 5164 patriarcharum
1107 5095 1287 5163 atque
1316 5095 1624 5165 pastorum
1669 5106 1942 5156 numero,
1999 5093 2258 5153 testimo-

673 5288 750 5360 (2)
778 5288 842 5361 In
862 5285 1209 5361 Appendicc
1225 5286 1419 5360 prima
1440 5286 1519 5344 ad
1542 5288 1671 5361 jur.
1715 5286 1826 5343 civ.
1898 5288 2051 5361 Vah,
2068 5290 2254 5361 p.144

597 5359 741 5442 jam;
774 5359 1202 5442 demonstravi,
1226 5359 1460 5442 textum.
1498 5359 1823 5442 genuinum
1852 5359 2114 5442 epistolae
2143 5360 2252 5418 hu-

595 5429 697 5501 jus
727 5430 789 5506 in
814 5431 1018 5506 codice
1049 5430 1294 5506 antiquo
1317 5430 1595 5506 Bobi‘ensi
1632 5429 1853 5506 habere
1874 5429 2112 5506 amator
2138 5446 2249 5506 pro

601 5501 1028 5575 magisterJiic
1055 5505 1254 5575 tamen
1303 5502 1470 5575 sequi
1495 5502 1686 5575 debeo
1730 5502 2003 5575 Methodii
2047 5501 2248 5561 lectio-

597 5570 739 5705 115$
773 5570 1082 5704 διὶἰσκαλος,
1106 5570 1448 5648 cujusmoili
1479 5579 1568 5633 est
1612 5574 1675 5632 in
1724 5574 1983 5648 vulgatis
2024 5575 2245 5634 Graecis

597 5662 628 5705 e
740 5661 820 5705 on
890 5662 979 5703 us.

597 5661 979 5707 eaiuonwus.

2370 4554 2572 4604 παντων
2630 4561 2729 4604 τῶν
2781 4556 2915 4605 κατά
2966 4556 3351 4626 Χρυσοστόμου
3418 4572 3583 4605 κακων
3653 4550 3796 4600 αἴτιον
3845 4539 3906 4611 (4)

2370 4645 2460 4692 καὶ
2490 4641 2625 4713 λόγῳ
2675 4646 2764 4694 xui
2803 4641 2933 4715 ἔργῳ
2973 4645 3302 4715 γεγενημὲνον
3348 4639 3443 4695 δια
3488 4646 3573 4694 τόν
3618 4639 3736 4712 πρὸς
3784 4629 3902 4683 αὗτόυ

2371 4731 2577 4801 φθόνον
2635 4733 2788 4785 ὁπότε
2857 4736 2946 4784 καὶ
3004 4731 3070 4792 εἰς
3127 4734 3192 4785 τὰ
3243 4734 3500 4806 Πατερικόι
3545 4729 3900 4799 ἀναγινώσκομσ

2368 4820 2547 4881 οὕτως·
2582 4844 2603 4869 ι
2648 4828 2776 4875 Επεν
2826 4822 2852 4873 ό
2905 4821 3049 4895 ἅγιος
3110 4821 3358 4893 Θεόφιλος
3405 4821 3671 4876 ἐπίσκοπος
3708 4808 3900 4871 Ἀλεξα·

2369 4904 2567 4980 δρείας,
2599 4931 2626 4958 ››
2652 4908 2775 4961 Ὀτι
2803 4905 2861 4962 δὲ
2887 4909 3030 4981 ἅγιοι
3173 4908 3454 4981 Ἐκκλησία
3511 4908 3634 4960 εἰσιν
3678 4904 3721 4954 οἱ
3762 4910 3896 4968 προει-

2364 5002 2579 5071 ρημένοι
2621 5001 2712 5050 καὶ
2762 4996 3028 5074 ἀρχιερεῖς
3082 5003 3173 5051 καὶ
3228 5004 3478 5072 ποιμένες,
3538 4995 3898 5074 ἀναγινώσκορυ

2365 5091 2455 5139 καὶ
2486 5087 2555 5150 εἰς
2582 5090 2649 5141 τὰ
2676 5087 2965 5164 συναξοίρια
3004 5086 3289 5147 ἐκκλησιῶν
3348 5088 3528 5148 οὓτως·
3589 5105 3617 5131 ‹‹
3669 5085 3735 5149 Τῇ
3786 5066 3898 5125 ὲιδυ

2430 5286 2679 5362 (θλεεεο
2703 5284 2861 5362 falsa
2886 5284 3372 5362 narrarevidetur
3388 5266 3892 5362 Nicephorgs‘Qﬂéj

2360 5337 3892 5435 at;signa;ergatiagaamaasaagnegt;-

2355 5408 3589 5507 1'6513éiﬁsﬁasib'ﬁérsﬁﬁifﬁgiﬁs?illa
3617 5408 3887 5507 '992?.€"“°

2356 5501 2611 5575 epistola
2638 5518 2675 5558 ιι
2705 5489 3151 5559 (ἴαιιὶειοέθιειιει
3174 5498 3327 5557 inter
3347 5489 3574 5572 spurias
3598 5489 3827 5565 ponitur.

2425 5646 2506 5721 (4)
2536 5648 2666 5706 Non
2693 5644 2909 5720 legitur
2928 5643 3008 5705 ob
3027 5659 3306 5707 rasuram
3335 5646 3511 5701 αῑτιον.
