4084 6206
183 304 299 358 785
1047 281 1052 286 ’
1449 301 1542 364 DE
1581 303 1796 363 SCHlSl

1950 303 1966 360 Β
2003 304 2332 365 VITANDO.
3458 259 3563 373 Ἶθϐ

179 427 326 500 κοίτῃ
345 431 437 480 τοῦ
472 423 796 502 Ὀκτωϐρίου
848 431 1028 503 μνὴμη
1073 436 1177 484 τῶν
1232 427 1282 482 έν
1338 427 1512 502 ἁγίοις
1556 433 1792 506 Πατέρων

1949 430 2074 489 ium
2104 431 2253 489 dant
2281 431 2671 491 ecclesiarum
2715 435 3055 508 synaxaria,
3100 433 3163 493 in
3202 436 3427 511 quibus
3477 440 3562 496 sic

182 518 338 588 ἡμῶν
404 513 838 591 ἀρχιεπισκόπων
922 519 1530 587 Κωνσταντινουπόλεως,
1606 522 1795 576 Νεκτα-

1941 520 2490 591 agimusmOctobris
2519 522 2616 580 die
2650 523 2993 594 undecima,
3053 528 3554 584 commemoratio

179 610 332 681 ρὶου,
366 605 675 678 Ἀρσακὶου,
736 606 994 680 Ἀττικοῦ,
1051 613 1140 662 καὶ
1197 613 1454 666 Σισινίοῦ.
1513 631 1540 659 ››
1595 615 1792 683 Τροπα-

1939 615 2254 670 auctorum
2284 615 2524 670 Patrum
2549 618 2890 671 nostrorum
2945 616 3551 688 Constantinopoleos

177 700 307 771 ρίου
330 703 463 768 ἦχος
493 691 538 748 όν
597 716 612 730 ο
656 695 760 750 »Ὠ
811 699 1049 772 θεοφόροι
1112 697 1425 774 κυϐερνῆται
1481 698 1639 766 λαῶν,
1693 707 1790 753 τῶν

1943 701 2258 772 ntistitum,
2281 702 2816 773 Nectarii,Arsacii,
2846 703 3040 768 Attici,
3073 709 3252 778 atque
3297 705 3556 763 Sisinii.»

182 784 319 838 ὅλων
397 783 685 860 κυϐερνήτῃ
734 794 848 857 Θεῷ
899 786 1109 852 έκτενῶς
1171 787 1547 864 πρεσϐεύσατε,
1620 789 1794 865 ίιραρ-

1939 795 2050 848 tem
2080 791 2412 865 troparium
2433 796 2574 849 tono
2607 797 2878 865 quartozn
2941 796 2986 850 Ο
3009 793 3131 850 divi
3183 794 3552 866 gubernato-

179 882 357 946 χικῶς
385 870 699 946 ὁδηγοῦντες
736 879 826 928 καὶ
873 883 963 929 νῦν
1025 882 1118 937 τήν
1168 882 1391 950 ποίμνην
1459 879 1600 951 ὑμῶν
1655 876 1792 931 ἂνω-

1938 895 1996 938 es
2022 880 2410 954 populorum,
2442 882 2607 954 apud
2635 897 3024 940 communem
3085 884 3551 954 gubernatorem

183 965 291 1017 θενο
330 963 537 1041 εἰρήνην
572 964 860 1024 αἰτήσασθε
884 973 994 1028 ταῖς
1020 966 1230 1040 ψυχαῖς
1258 969 1424 1041 ἡμῶν.
1461 991 1481 1017 ι

1934 976 2088 1026 leum
2116 975 2305 1029 estote
2329 970 2769 1040 intercessores,
2797 987 2906 1045 pro
2935 976 3137 1029 vestro
3169 971 3366 1030 ofﬁcio
3387 988 3547 1030 nunc

1897 1060 2080 1118 etiam
2105 1075 2350 1132 gregem
2377 1065 2642 1118 vestrum
2667 1061 2896 1120 caelitus
2933 1062 3252 1134 dirigentes
3285 1080 3298 1119 :
3331 1078 3547 1137 pacem

1895 1149 2221 1208 animabus
2250 1151 2470 1208 nostris
2510 1151 2831 1225 postulate.
2856 1175 2884 1203 »

252 1227 305 1284 ὃν
333 1273 345 1286 .
374 1233 518 1284 Μετὰ
549 1230 778 1307 Πρόκλον
806 1233 833 1284 ό
861 1236 1026 1306 μέγας
1083 1232 1384 1301 Φλαϐιανὸς,
1416 1235 1444 1286 ό
1499 1237 1586 1287 τόν
1629 1231 1789 1307 ἀρχι-

1965 1244 2018 1296 4.
2052 1243 2187 1297 Post
2208 1240 2483 1298 Proclum
2516 1257 2778 1313 magnus
2808 1241 3142 1300 Flavianus:
3169 1243 3218 1299 is
3239 1243 3344 1316 qui
3364 1246 3541 1316 Euty-

172 1317 473 1394 μανδρίτην
507 1321 734 1374 καθελὼν
763 1321 1006 1394 Εὐτυχῆ,
1037 1331 1130 1386 τῆς
1174 1319 1494 1386 Βυζαντίδος
1555 1326 1782 1383 κατέστη

1929 1329 2067 1386 hem
2094 1329 2628 1387 archimandritam
2639 1330 2998 1404 proﬂigavit,
3013 1333 3348 1404 Byzantines
3375 1333 3542 1389 urbis

173 1410 488 1473 έπίσκοπος⁴
553 1406 615 1464 οὗ
669 1413 1058 1485 καθαιρεθέντος
1123 1411 1172 1466 έν
1246 1413 1441 1486 Ἐφέσῳ
1536 1418 1781 1488 γενομένῃ

1929 1418 2213 1491 piscopus
2233 1418 2468 1475 exstitit.
2499 1421 2550 1474 ls
2610 1423 2812 1476 tamen
2843 1421 2904 1476 in
2955 1419 3287 1493 latrocinali
3327 1421 3542 1494 Ephesi

172 1498 437 1572 λῃστρικῇ
484 1495 712 1571 συνόδῳ,
772 1496 950 1560 ἐπειδὴ
1010 1501 1213 1556 καθεῖλε
1259 1505 1346 1554 τόν
1411 1501 1626 1575 Εὐτυχῆ
1664 1503 1785 1574 όμό-

1927 1507 2152 1580 ynodo,
2180 1511 2500 1580 propterea
2529 1507 2696 1580 quod
2727 1507 3031 1580 Eutychen
3062 1525 3201 1564 cum
3259 1509 3540 1565 Dioscoro

172 1605 341 1662 φρονα
383 1591 648 1663 Διοσκόρῳ
707 1589 851 1658 ὄντα,
904 1593 994 1643 καὶ
1054 1591 1394 1662 φονευθέντος,
1452 1589 1548 1654 λὰξ
1603 1589 1781 1644 έναλαο

1926 1597 2358 1653 onsentientem
2377 1597 2797 1666 damnaverat,
2830 1591 3224 1671 interemptus
3253 1598 3384 1667 fuit;
3417 1599 3539 1656 sive

171 1680 332 1748 μένον
381 1676 522 1748 αὐτῷ
583 1681 891 1752 Διοσκόρου,
949 1678 979 1737 ἣ
1039 1680 1110 1740 ὡς
1147 1680 1310 1754 ἕτεροι
1349 1679 1584 1752 λέγουσι,
1652 1686 1782 1754 Βαρ-

1929 1685 2152 1742 alcibus
2175 1685 2470 1742 insiliente
2502 1687 2808 1756 Dioscoro,
2850 1687 3066 1750 sive,ut
3092 1687 3190 1743 alii
3247 1687 3476 1757 dicunt,
3504 1704 3542 1744 a

175 1771 356 1838 σουμᾶ
403 1764 780 1842 παρειληφότος
820 1766 975 1821 αὐτόν
1002 1767 1097 1830 -εἰς
1150 1770 1447 1842 ὑπερορίαν,
1502 1775 1593 1824 καὶ
1647 1771 1784 1823 κατὰ

1930 1786 2186 1832 ιατειιωει
2213 1775 2275 1832 in
2305 1774 2580 1832 exsilium
2609 1776 2978 1848 compulsus,
3012 1780 3192 1850 atque
3222 1775 3376 1834 inter
3399 1792 3543 1834 eun-

173 1859 274 1912 την
324 1850 448 1908 ὀδόν
505 1863 778 1928 ,σφαγῆναι
829 1856 985 1910 αὐτόν
1049 1861 1571 1931 παρασκευάσαντος,
1632 1859 1784 1914 Ἀνα-

1924 1864 2037 1919 tum
2068 1878 2105 1919 a
2133 1862 2360 1919 sicariis
2391 1863 2639 1920 interﬁci
2663 1865 2891 1934 jussus.
2921 1867 3071 1921 Tum
3131 1865 3438 1921 Anatolius
3475 1866 3537 1923 in

169 1943 339 2005 τόλιος
366 1942 474 1997 ἄντ’
507 1951 666 1997 αυτοῦ
692 1945 762 2007 εἰς
800 1949 887 1998 τόν
925 1945 1086 2000 αὐτοῦ
1139 1949 1315 2022 θρόνον
1373 1946 1584 2021 ἀνήχθη
1660 1955 1782 2025 πρός

1926 1951 2154 2008 'laviani
2183 1951 2389 2008 sedem
2411 1967 2446 2008 a
2473 1953 2752 2010 Dioscoro
2782 1941 3174 2022 substituitur,
3191 1953 3460 2025 homine,
3477 1958 3539 2012 ut

178 2037 490 2110 Διοσκόρου’
519 2033 575 2096 ὃς
603 2039 693 2087 καὶ
723 2037 982 2110 αἱρετικός
1007 2034 1090 2106 ἦν,
1123 2039 1252 2112 ᾗπερ
1280 2041 1505 2112 εἴρηται,
1541 2044 1630 2093 καὶ
1697 2046 1785 2114 φό-

1926 2039 2036 2108 .ixi,
2067 2040 2367 2107 haeretica,
2399 2045 2456 2097 et
2482 2041 2588 2114 qui
2618 2045 2826 2098 sancto
2846 2042 3125 2100 Flaviano
3144 2058 3353 2099 necem
3383 2048 3539 2098 attu-

176 2143 270 2176 νον
301 2127 466 2186 αἴτιος
501 2131 574 2194 τῷ
602 2124 738 2196 ἁγίῳ
792 2129 966 2198 γέγονε
1019 2125 1305 2198 Φλαϐιανῷ·
1355 2130 1553 2182 Τούτου
1620 2128 1668 2182 έν
1715 2139 1778 2204 τῇ

1922 2135 2056 2188 erat.
2098 2130 2215 2187 Etsi
2245 2135 2445 2187 autem
2468 2130 2784 2188 Dioscorus
2799 2137 3064 2204 aquarta
3081 2131 3320 2204 synodo
3351 2131 3535 2204 depo-

175 2214 398 2288 τετάρτη
457 2208 663 2266 συνόδὼ
718 2215 1130 2290 καθαιρεθέντος,
1171 2217 1287 2270 οὔτε
1355 2215 1690 2281 Ἰουϐενὰλιος
1753 2222 1780 2273 ό

1927 2219 2040 2276 itus
2072 2219 2198 2288 fuit,
2229 2223 2492 2276 attamen
2514 2234 2709 2292 neque
2736 2219 3038 2276 Iuvenalis
3055 2219 3540 2293 Hierosolymita-

171 2301 564 2376 Ἱεροσολύμων,
593 2301 710 2356 οὔτε
751 2323 831 2366 τις
882 2303 1029 2366 ἄλλος
1097 2313 1197 2358 τῶν
1262 2307 1676 2380 συμπραξοίντων
1729 2307 1778 2361 έν

1925 2324 2020 2373 us,
2053 2323 2249 2381 neque
2279 2306 2432 2364 alius
2460 2310 2784 2380 quisquam
2805 2308 2968 2365 exiis
2999 2309 3104 2381 qui
3150 2309 3428 2365 Dioscoro
3459 2306 3538 2364 ad

171 2389 370 2462 Ἐφέσῳ
423 2394 689 2467 Διοσκόρω
742 2391 793 2445 έν
839 2401 903 2466 τῇ
968 2390 1136 2466 ἀδίκῳ
1183 2400 1274 2468 μέν
1331 2397 1632 2470 καθαιρέσει
1685 2406 1778 2452 τοῦ

1926 2397 1967 2468 ι]
1979 2401 2173 2453 ustam
2186 2396 2375 2454 sancti
2396 2395 2658 2453 Flaviani
2685 2397 3539 2471 depositionem,culpabilem-

171 2479 328 2551 ἁγίου
356 2478 983 2548 1Ινλαϐιανοῦ,Ἀνα·ιόλιου
1015 2479 1075 2536 δε
1121 2483 1216 2536 οὐκ
1265 2483 1592 2558 ἀνεπιλήπτῳ
1652 2507 1780 2562 προ-

1924 2501 2003 2557 ςυθ
2031 2485 2286 2542 Anatolii
2306 2486 2771 2559 promotionem,
2791 2485 3007 2559 Ephesi
3034 2487 3537 2556 faverant,nemo,

172 2565 418 2640 ϐιϐασιᾳ,
472 2571 748 2642 κατεκρίθη
800 2570 829 2630 ἢ
890 2570 1173 2645 ἐπετιμήθη
1232 2575 1290 2626 τό
1357 2572 1586 2626 σύνολον
1668 2573 1775 2628 ἀλλ’

1924 2591 2158 2648 aquam,
2189 2574 2286 2631 vel
2305 2575 2633 2632 damnatus
2660 2579 2748 2631 est
2792 2575 3537 2646 velomninoobjurgatus;

173 2653 294 2710 οὐδ’
321 2660 481 2720 αυτὸς
527 2656 838 2728 Ἀνατόλιος,
887 2661 1074 2730 οὕτως,
1141 2664 1212 2725 ὡς
1267 2665 1490 2738 εἰρηται,
1540 2684 1778 2740 χειροτοο

1931 2680 1962 2720 e
1992 2664 2122 2737 ipse
2152 2663 2400 2737 quidem
2416 2679 2709 2737 ea,quam
2727 2664 3014 2734 diximus,
3035 2665 3266 2723 ratione
3289 2665 3542 2722 ordina-

171 2749 368 2809 νηθείς.
391 2753 660 2824 Μαρτυρεῖ
678 2757 830 2803 τοῦτο
859 2755 950 2803 καὶ
976 2753 1006 2810 ἡ
1046 2755 1173 2827 πρός
1217 2755 1306 2806 τόν
1359 2753 1584 2826 βασιλέα
1631 2761 1777 2829 Μαρ-

1928 2769 1982 2808 18
2002 2753 2614 2810 Anatolius.'l‘estatur
2632 2754 2748 2810 hoc
2773 2753 3028 2827 epistola
3055 2770 3297 2828 quoque
3327 2755 3541 2812 Leonis

172 2840 353 2890 κιανόν
402 2837 646 2898 ἐπιστολὴ
703 2846 795 2892 τοῦ
840 2860 1032 2894 παπ-πα
1082 2845 1316 2912 Λέοντος,
1370 2850 1629 2918 γραφεῖσα
1685 2840 1778 2898 διά

1931 2858 2064 2916 apte
2094 2842 2174 2900 ad
2204 2843 2570 2900 Marcianum
2606 2843 3034 2916 imperatorem
3047 2844 3266 2916 scripta
3313 2843 3387 2898 de
3402 2843 3543 2899 diae-

174 2931 273 2985 τήν
325 2931 443 2980 τότε
497 2935 766 3000 γεγονυῖαν
813 2934 1165 3005 παρακίνησιν
1210 2939 1311 2984 τῶν
1362 2931 1587 3009 ένοριῶνο
1647 2938 1778 3006 φησὶ

1929 2932 2116 2990 esium
2135 2947 2244 3006 per
2271 2931 2421 2989 illud
2448 2936 2688 3005 tempus
2718 2932 3146 3000 commotione,
3179 2931 3283 2986 ubi
3305 2930 3433 2986 haec
3460 2930 3542 2986 le-

172 3017 277 3090 γὰρ
327 3014 379 3068 έν
435 3015 567 3090 αὐτῇ
612 3018 639 3069 ό
674 3019 894 3080 πάππας
944 3023 1081 3073 Λέων
1150 3023 1329 3082 οὕτως·
1377 3043 1406 3073 ‹‹
1464 3025 1560 3078 Δια
1605 3019 1665 3077 δε
1718 3025 1778 3077 τό

1924 3027 2113 3086 runtur
2141 3038 2153 3077 :
2185 3021 2538 3088 «Quoniam
2569 3035 2708 3076 vero
2757 3023 2886 3094 ipse
2925 3025 3166 3092 (nempe
3205 3018 3537 3088 Anatolius)

173 3107 532 3176 προστεθῆναι
581 3107 754 3174 αὐτόν,
815 3111 973 3181 ἤγουν
1024 3113 1114 3163 τόν
1158 3109 1470 3180 Ἀνατόλιον,
1515 3120 1577 3186 τῇ
1634 3112 1779 3186 ὀρθο-

1929 3111 2284 3168 rthodoxam
2315 3109 2499 3166 ﬁdem
2537 3109 2848 3182 amplexus
2880 3113 2986 3180 est,
3033 3109 3108 3164 de
3165 3107 3541 3164 ordinatione

175 3190 319 3266 δοξῳ
344 3199 544 3262 πίστει,
571 3197 815 3270 εἰάσαμεν
845 3200 911 3252 τὰ
938 3203 1058 3273 περὶ
1097 3207 1193 3262 τῆς
1239 3206 1575 3274 χειροτονίας
1617 3201 1778 3256 αὐτοῦ

1927 3199 2020 3270 jus
2040 3198 2436 3271 quaestionem
2457 3196 2762 3253 instituere
2783 3194 3304 3268 praetermisimus.
3333 3197 3393 3250 In
3425 3195 3540 3251 hoc

170 3283 512 3348 ἀνεξέταστα.
561 3283 889 3353 Ἀρκεσθήτω
943 3294 1069 3360 γοῦν
1121 3286 1170 3342 έν
1221 3291 1411 3362 τούτῳ,
1465 3295 1556 3344 καὶ
1600 3309 1779 3368 περαιο

1926 3303 2032 3358 rgo
2057 3302 2258 3344 rerum
2289 3289 2444 3342 statu
2455 3289 2718 3354 maneat,
2731 3300 2922 3358 neque
2937 3283 3182 3341 ulterius
3202 3283 3539 3357 quidquam

166 3378 304 3446 τέρω
332 3377 407 3446 μή
435 3373 756 3449 προϐαινέτω

596 3374 756 3429 ιινέτω
1889 3376 2209 3434 moliatur»

243 3499 283 3552 ε’
313 3538 328 3553 .
381 3497 534 3552 Ἀλλά
582 3503 700 3576 περὶ
754 3503 845 3572 μεν
891 3504 1088 3554 τουτων
1125 3507 1256 3566 ἴσως
1305 3504 1366 3556 ἄν
1421 3524 1503 3568 τις
1539 3504 1626 3581 έρῇ
1678 3513 1776 3558 τῶν

1961 3507 2013 3558 5.
2047 3503 2262 3557 Verum
2297 3500 2376 3556 ad
2403 3499 2534 3556 haec
2576 3500 2828 3556 fortasse
2880 3498 3272 3572 respondebit
3318 3497 3536 3570 aliquis

166 3591 403 3662 σήμερον
442 3589 613 3640 πάντα
691 3586 893 3664 ῥᾳδίως
949 3593 1325 3665 φθεγγομὶνων,
1373 3597 1632 3668 προφάσει
1684 3602 1777 3647 τοῦ

1925 3608 2098 3648 orum
2123 3592 2228 3664 qui
2251 3596 2374 3648 tam
2404 3591 2871 3663 intemperanter
2896 3605 3060 3646 nunc
3102 3589 3538 3662 obloquuntur,

160 3685 334 3750 κυροῦ
388 3676 653 3751 Ἀρσενὶου
705 3678 900 3732 ἐκείνου
965 3682 1063 3751 (5),
1121 3679 1169 3734 οἱ
1253 3701 1313 3754 γε
1376 3689 1466 3736 καὶ
1520 3686 1648 3758 ὑπέρ
1710 3687 1773 3738 τὰ

1930 3682 2204 3740 ominum
2224 3680 2393 3736 illum
2433 3681 2747 3736 Arsenium
2777 3679 3048 3736 obtentui
3081 3685 3407 3736 sumentes:
3432 3679 3539 3750 qui

161 3763 476 3840 έσκαμμὶνα
521 3763 793 3830 πηδῶντες
836 3775 1015 3824 πᾶσαν
1056 3775 1150 3829 τὴν
1201 3780 1293 3824 τοῦ
1344 3780 1478 3826 Θεοῦ
1552 3774 1774 3834 Ἐκκλη-

1926 3786 2130 3826 mnem
2161 3770 2380 3840 egressi
2402 3769 2708 3826 modestiae
2730 3768 3000 3836 limitem,
3028 3768 3375 3824 universam
3437 3768 3535 3824 Dei

162 3859 292 3907 σίαν
338 3851 656 3932 διέφθειραν,
715 3862 802 3911 καὶ
847 3865 1023 3913 πᾶσαν
1068 3864 1163 3919 τήν
1209 3861 1512 3934 οἰκουμένην
1560 3862 1774 3918 ἀνεστά-

1922 3859 2213 3916 icclesiam
2233 3875 2482 3931 pessum
2503 3858 2814 3928 dederunt,
2847 3858 3067 3930 quique
3092 3861 3278 3912 totum
3293 3872 3535 3929 quoque

156 3962 344 3997 τωσαν
375 3942 497 3996 ὅσον
542 3950 602 3998 τό
652 3948 764 4000 κατ’
819 3948 1024 4018 αὐτοὺς,
1076 3955 1167 4003 καὶ
1214 3954 1390 4015 πάσας
1449 3953 1636 4025 ἀγυιὰς
1682 3960 1768 4007 καὶ

1923 3965 2177 4007 errarum
2207 3948 2440 4016 orbem,
2471 3947 2838 4021 quantumin
2862 3946 3011 4017 ipsis
3033 3946 3536 4017 est,permiscue-

157 4032 340 4094 οἰκίας
407 4030 764 4105 έμφιλονείκων
830 4042 920 4090 καὶ
975 4043 1187 4110 μαχίων
1252 4040 1592 4102 συζητὴσεων
1644 4045 1770 4097 καθ-

1924 4043 2040 4106 unt;
2073 4038 2177 4112 qui
2190 4038 2316 4094 fora
2329 4037 2534 4094 omnia
2549 4036 2884 4108 domosque
2899 4034 3286 4090 contentiosis
3303 4048 3537 4105 pugna-

155 4123 397 4179 εκάστην
446 4120 887 4196 ἀναπιμπλῶντες⁶
919 4124 985 4178 ὧν
1034 4129 1082 4179 οὶ
1146 4127 1350 4190 πλείους
1397 4127 1520 4184 οὐδὲ
1579 4128 1768 4185 εἰδέναι

1919 4127 2172 4200 ibusque
2201 4124 2636 4199 quaestionibus
2672 4122 2940 4196 quotidie
2969 4126 3241 4192 onerant,
3276 4122 3424 4194 quin
3450 4127 3532 4177 ta-

154 4205 420 4263 δύνανται
467 4218 584 4287 περὶ
633 4214 702 4264 ὧν
757 4217 890 4268 οὕτω
945 4218 1231 4289 μάχονται·
1302 4220 1381 4272 ὄτι
1443 4240 1496 4272 τι
1567 4229 1767 4288 ταῦτα;

1920 4232 2020 4272 ien
2052 4216 2318 4288 plerique
2340 4230 2548 4270 eorum
2579 4212 2659 4279 id,
2684 4228 2792 4284 pro
2814 4228 2936 4284 quo
2966 4211 3337 4283 depugnant,
3369 4210 3533 4266 intel-

151 4299 331 4352 ἄλλων
360 4297 735 4374 ἀδικουμένων,
764 4303 906 4356 ἄλλοι
940 4308 1032 4368 τὰς
1089 4315 1184 4368 τῆς
1233 4305 1385 4370 δίκὴς
1436 4307 1618 4381 ἐξῆγον
1673 4310 1764 4382 ψὴ-

1921 4319 2059 4375 gere
2087 4309 2330 4378 queant;
2361 4304 2442 4369 hi,
2468 4303 2738 4372 inquam,
2772 4301 2990 4356 dicent:
3049 4303 3320 4366 Quorsus
3345 4299 3478 4355 haec
3503 4299 3531 4355 ?

151 4409 291 4461 φσυς
458 4390 641 4444 οὐκοῦν
668 4393 749 4445 ὃτι
789 4394 818 4452 ἣ
872 4393 1043 4466 ὀλίγον
1074 4395 1103 4454 ἡ
1137 4392 1288 4449 οὐδὲν
1346 4401 1525 4460 αὐτοῖς
1576 4399 1764 4472 ἔμελλε·

1917 4395 1978 4450 lii
2003 4410 2166 4450 nunc
2185 4391 2769 4465 ,suntquiinjuriam
2819 4389 3191 4462 pertulerunt
3248 4389 3346 4445 alii
3387 4389 3530 4445 item

147 4479 340 4538 καθὼς
371 4478 609 4554 εὕρισκον
638 4484 761 4542 τοὺς
788 4487 1023 4555 καιροὺς,
1056 4486 1204 4555 τὰχα
1239 4481 1300 4537 δέ
1345 4487 1433 4538 καὶ
1482 4490 1546 4540 τὰ
1603 4491 1760 4562 πράγ-

1918 4485 1982 4556 ςιιὶ
2003 4500 2198 4558 paenae
2224 4483 2581 4540 sententiam
2611 4481 2992 4554 scripserunt:
3017 4495 3111 4537 res
3167 4484 3369 4536 autem
3403 4495 3531 4552 ,pa-

149 4586 305 4639 ματα
362 4569 577 4642 ἔκρινον·
635 4577 728 4631 τῆς
784 4570 980 4634 οἰκείας
1029 4569 1294 4646 ἐπιτιμίας
1345 4572 1606 4650 ἐπιμονήν,
1682 4585 1762 4632 καί

1917 4589 2012 4630 um
2045 4574 2140 4631 vel
2159 4573 2305 4630 nihil
2324 4574 2543 4629 horum
2578 4571 2878 4628 intererat:
2932 4586 3042 4643 pro
3093 4586 3156 4626 re
3206 4573 3348 4626 nata
3372 4568 3530 4638 judi-

151 4652 230 4715 δὴ
268 4659 367 4708 καὶ
421 4660 509 4710 τόν
559 4663 689 4730 πρός
728 4679 877 4712 τινων
928 4659 1131 4714 έπαινον
1186 4662 1389 4727 ἑαυτοῖς
1443 4673 1578 4718 οὑτω
1629 4687 1764 4739 napt-

1915 4663 2373 4721 aruntzfortasse
2394 4662 2573 4718 etiam
2597 4661 2712 4717 hoc
2732 4658 2959 4732 judicio
2993 4658 3286 4732 aequitatis
3298 4658 3525 4714 famam

147 4747 486 4818 πόιούμενοι.
543 4753 645 4801 Καὶ
694 4754 813 4822 περὶ
873 4757 974 4802 τῶν
1032 4750 1308 4824 έὶρημένων
1375 4754 1500 4827 τάχ’
1557 4757 1620 4808 ἅν
1695 4777 1760 4818 τις

1913 4753 2300 4812 tabiliendam
2319 4751 2431 4808 sibi
2458 4755 2762 4824 putarunt,
2783 4765 2966 4822 seque
3010 4748 3228 4804 alicubi
3281 4747 3524 4803 laudem

150 4841 336 4886 ταῦτα
372 4832 484 4910 ἱρῇ·
520 4841 636 4891 ruri.
691 4833 750 4890 δέ
800 4845 892 4891 τοῦ
950 4847 1046 4901 τῆς
1103 4843 1404 4913 οἰκουμένης
1473 4842 1763 4921 λαμπτῆρος

1909 4847 2308 4900 onsecuturos
2331 4841 2762 4898 existimarunt.
2779 4840 2932 4896 Sane
2953 4837 3013 4893 in
3034 4835 3317 4908 praedicto
3338 4849 3522 4904 nego-

153 4924 390 4976 ῐωοίννου
446 4931 537 4977 τοῦ
602 4929 696 4984 τὴν
758 4926 988 4998 γλῶτταν
1049 4938 1261 5004 χρυσοῦ
1309 4935 1362 4984 τί
1416 4930 1477 4984 ἂν
1531 4953 1606 4995 τις
1675 4940 1766 4989 καὶ

1909 4929 1958 4987 ἱο
1992 4931 2077 4987 sie
2112 4929 2418 5004 quispiam
2465 4929 2765 5002 loquatur.
2825 4928 3041 4982 Verum
3088 4923 3393 4979 enimvero
3447 4922 3522 4977 de

153 5011 322 5080 εἶποι;
379 5012 524 5086 Οὐχὶ
588 5014 745 5078 αὐτός
801 5015 941 5069 ἔστιν
996 5019 1023 5070 ό
1076 5020 1362 5090 φθονηθεὶς
1432 5021 1559 5095 οὐχὶ
1611 5026 1766 5088 αὑτός

1909 5021 2089 5078 uundi
2110 5021 2242 5077 luce
2270 5023 2517 5088 Joanne,
2545 5019 2753 5088 lingua
2781 5031 2966 5074 aurea
2994 5012 3416 5088 praedito,quis
3442 5013 3522 5070 ita

155 5098 303 5154 ἔστιν
340 5101 366 5153 ό
398 5098 693 5170 ἀδικηθείςς
744 5104 879 5157 Ἀλλ’
946 5106 1082 5179 ὅμως
1121 5110 1330 5181 στὰθμη
1377 5118 1468 5172 τῆς
1524 5111 1766 5178 ἀλῆθείας

1907 5112 2070 5168 licere
2097 5110 2283 5167 ausit?
2314 5113 2520 5166 Nonne
2552 5109 2680 5180 ipse
2709 5105 2950 5162 invidias
2973 5103 3520 5176 atqueinjuriarum

154 5189 244 5259 ὢν,
279 5194 376 5248 τὴν
405 5194 495 5262 μὲν
523 5187 737 5245 ἀδικίαν
770 5198 832 5252 ἣν
876 5197 1048 5266 ἔπαθε,
1111 5205 1183 5267 τῷ
1241 5206 1354 5270 Θεῷ
1412 5198 1635 5266 ἀνέθετο,
1691 5212 1764 5274 τῷ

1909 5201 1989 5257 31a
2017 5199 2458 5273 perpetiebatur
2477 5196 2705 5254 ?nihilo
2726 5200 2930 5252 tamen
2956 5194 3178 5260 minus,
3201 5208 3338 5248 cum
3367 5198 3522 5248 esset

155 5285 338 5351 κρῖναι
355 5278 592 5351 μέλλοντι
638 5289 812 5335 πᾶσαν
851 5289 946 5343 τὴν
987 5293 1107 5356 γῆν·
1168 5286 1326 5349 αὐτὸς
1364 5284 1444 5356 δέ,
1491 5291 1617 5366 ὑπὲρ
1672 5299 1763 5352 τῆς

1907 5289 2134 5346 'eritatis
2162 5287 2654 5361 exploratissimm
2701 5283 3028 5357 exemplar,
3089 5282 3353 5339 inticiam
3409 5281 3520 5337 sibi

161 5366 498 5434 Ἐκκλησίας,
538 5375 628 5424 καὶ
683 5379 776 5424 τοῦ
822 5376 895 5444 μὴ
981 5376 1276 5446 σχισθῆναι
1349 5378 1628 5452 φροντιςων
1705 5385 1763 5434 τό

1904 5379 2154 5451 njuriam
2182 5381 2300 5436 Deo
2328 5376 2727 5452 permittebat,
2753 5375 2859 5448 qui
2885 5372 3144 5431 universi
3157 5373 3517 5444 orbisjudex

231 5586 317 5656 (5)
346 5587 427 5644 De
450 5587 696 5665 A_rse_r_1iq
733 5591 792 5665 et
820 5587 1142 5665 schismate
1165 5590 1246 5665 9b
1289 5589 1414 5664 ejus
1443 5591 1765 5665 depositio-
1942 5578 2020 5648 (9)
2059 5576 2333 5648 Intelligit
2373 5575 2606 5649 judices
2634 5573 2740 5649 qui
2765 5572 3078 5632 Arsenium
3116 5568 3523 5645 patriarchatu

161 5668 307 5716 nem
338 5663 542 5718 coorto
571 5657 695 5718 dixi
730 5659 792 5718 in
817 5659 1042 5734 praevia
1067 5661 1278 5722 notitia
1305 5657 1599 5738 opusculi.
1871 5670 2432 5727 exauctoraverunt.
