4084 6206
587 294 700 353 ἸΘἿ
1929 292 2271 352 METHODII
2306 294 2644 353 MONACHI.
3813 305 3903 357 788

598 423 839 480 futurus
862 424 968 478 est:
984 421 1179 494 deque
1200 420 1472 477 Ecclesiae
1494 437 1644 494 pace
1666 420 1980 489 sollicitus,
2004 436 2253 476 cavens-

2389 430 2518 493 πῶμα
2560 426 2811 494 Χριστοῦ,
2861 425 2967 477 τοῖς
3026 416 3136 490 μετ’
3188 419 3344 469 αὑτοῦ
3390 418 3512 471 οὖσί
3562 426 3909 497 τεσσαράκοντα

603 528 722 586 que
751 529 825 568 ne
851 511 1068 568 Christi
1097 526 1315 581 corpus
1353 511 1737 579 laceraretur,
1759 512 2159 578 interrogatus
2220 524 2257 564 a

604 600 1007 673 quadraginta
1036 614 1283 653 suarum
1307 600 1569 670 partium
1600 601 1924 673 episcopis,
1959 598 2255 670 quidnam

605 691 692 745 eis
722 690 783 744 in
815 693 977 743 tanta
1008 688 1364 757 injuriarum
1397 690 2144 761 nequitiacontemptuque
2161 703 2259 742 ca-

604 794 837 833 nonum
860 776 1164 843 agendum
1196 778 1491 846 suaderet,
1520 779 1831 851 respondit
1861 793 2041 833 orans
2079 776 2258 832 simul

607 872 785 939 atque
817 866 1166 935 adhortans,
1194 868 1708 923 communicarent
1742 884 1881 923 cum
1904 865 2258 922 adversariis

607 957 756 1021 suis,
780 972 853 1011 ne
885 956 1237 1020 schismatis,
1271 959 1356 1013 rei
1380 958 1858 1013 ﬁerent.Reatum
1884 972 2062 1028 porro
2092 954 2259 1010 haud

608 1048 671 1103 in
696 1062 800 1101 eos
823 1044 1067 1099 contulit
1095 1045 1200 1116 qui
1229 1062 1291 1101 se
1329 1047 1532 1118 inique
1550 1052 1831 1119 etpraater
1843 1060 2105 1101 canones
2122 1059 2262 1098 con-

610 1136 1063 1199 demnaverant,
1090 1150 1301 1189 verum
1330 1136 1421 1190 his
1468 1136 1647 1191 veluti
1672 1135 1965 1208 ascripsit,
2001 1134 2106 1205 qui
2146 1132 2261 1188 sibi

610 1224 915 1291 favebant,
947 1224 1165 1279 sanctis
1190 1224 1507 1296 episcopis,
1540 1226 1652 1280 nisi
1683 1241 1822 1280 cum
1840 1224 2067 1279 cmteris
2099 1238 2259 1277 com-

612 1315 995 1370 municarent
1044 1314 1561 1386 concordiamque
1604 1319 1933 1381 servarent,
1972 1311 2261 1377 videlicet,

612 1404 1101 1477 quiaadversarii
1167 1405 1385 1475 pariter
1449 1405 1849 1461 orhodoxiam
1908 1403 2262 1459 retinebant.

614 1494 778 1549 idem
812 1498 1036 1548 sanctae
1066 1509 1309 1565 quoque
1377 1494 1719 1565 Olympiadi
1774 1497 1837 1548 in
1889 1492 2262 1555 allocutione,

615 1599 803 1655 quam
827 1581 1049 1652 templo
1081 1597 1437 1650 egressurus
1465 1588 1642 1654 atque
1671 1584 1732 1637 in
1760 1582 2041 1637 exsilium
2070 1579 2267 1651 profe-

620 1672 821 1723 cturus
840 1666 1067 1729 habuit,
1092 1668 1221 1722 haec
1273 1668 1406 1722 ait:«
1466 1667 1610 1722 Fieri
1666 1683 1789 1723 non
1839 1670 2054 1738 potest,
2079 1670 2143 1720 ut
2170 1667 2270 1719 Ec-

2366 510 2678 570 ἐπισκόποις
2705 507 3031 581 ἐρωτήσασι,
3066 510 3185 582 περὶ
3217 504 3306 559 τοῦ
3356 513 3406 559 τί
3458 513 3563 582 χρὴ
3615 520 3815 569 ποιῆσαι
3840 517 3911 565 αὖ·

2364 603 2487 661 τοὺς
2518 598 2567 650 ἐν
2617 607 2723 658 τοῖς
2776 598 2911 649 οὕτω
2953 595 3066 647 κατ’
3127 596 3289 648 αὐτοῦ
3335 600 3644 671 πραχθεῖσιν
3690 598 3911 674 ιῖιθέσμως3

2366 693 2455 739 καὶ
2502 691 2645 763 παρὰ
2701 694 2877 740 πᾶσαν
2939 691 3213 743 κανονικὴν
3289 682 3547 753 διάταξιν,
3626 686 3911 763 ἁπεκρίνατο,

2364 777 2675 851 παρακαλων
2730 776 2841 848 ἅμα
2906 779 2996 827 καὶ
3077 778 3505 850 προτρεπόμενος,
3581 784 3915 845 Κοινωνὴσατι,

2368 871 2548 937 φησὶν,
2579 867 2777 937 αὐτοῖς,
2819 863 2993 937 ἵναμὴ
3037 866 3199 916 αἱτιοι
3260 866 3573 936 σχισμάτων
3618 869 3796 919 ἔσεσθε·
3845 871 3917 920 καὶ

2365 961 2457 1013 τήν
2482 956 2651 1007 αἰτὶαν
2682 955 2741 1006 οὐ
2782 963 2893 1014 τοῖς
2947 950 3147 1015 ἀδίκως
3204 959 3294 1005 καὶ
3342 957 3485 1027 παρά
3545 958 3747 1017 κανόνας
3790 958 3917 1009 αὐτόν

2368 1050 2740 1118 κατακρίνασιν
2774 1043 3079 1115 ἐπέγραψεν,
3108 1042 3235 1094 ἀλλὰ
3266 1050 3372 1102 τοῖς
3429 1044 3547 1094 οὖσι
3620 1044 3720 1115 μετ’
3789 1047 3918 1097 αὑτοῦ

2369 1139 2457 1185 καὶ
2489 1134 2613 1205 ὑπέρ
2664 1134 2821 1185 αὑτοῦ
2861 1132 3029 1202 ἁγίοις
3080 1136 3439 1204 ἀρχιερεῦσιν,
3497 1132 3555 1183 οἷν
3616 1138 3681 1204 μὴ
3748 1133 3919 1196 ἐκείνοις

2374 1223 2661 1275 συνέλθωσι
2685 1227 2774 1273 καὶ
2830 1226 3316 1292 συγκοινωνὴσωσι.
3375 1226 3476 1273 Καὶ
3521 1218 3766 1293 πρόδηλον
3812 1228 3920 1274 πάν-

2373 1332 2469 1372 τως
2501 1308 2535 1363 δ
2543 1315 2594 1363 ιὰ
2622 1315 2680 1363 τό
2710 1310 2979 1371 κάκείνους
3029 1317 3123 1371 τῆς
3190 1306 3506 1381 όρθοδοξίας
3568 1308 3921 1369 ἁντιποεεισθαι,

2444 1401 2503 1451 Ὀ
2524 1401 2680 1462 αὐτός
2709 1402 2951 1473 καὶπρὸς
2986 1402 3077 1460 τὰς
3130 1404 3246 1471 περὶ
3304 1405 3401 1456 τήν
3450 1399 3604 1470 ἁγίαν
3638 1398 3925 1473 Ὀλυμπίάδα

2377 1489 2484 1549 ἤδη
2515 1498 2605 1542 τοῦ
2635 1494 2728 1542 νεὼ
2768 1490 3105 1565 ἐξερχόμενος
3162 1493 3251 1540 καὶ
3299 1491 3433 1563 πρὸς
3486 1488 3680 1563 ἐξορίαν
3734 1488 3926 1562 ἀποπεμ-

2377 1585 2591 1652 πόμενος
2664 1578 2794 1630 οὕτω
2850 1582 3029 1649 φησίν,
3087 1574 3442 1630 (Ἀδύνατον
3488 1578 3640 1637 οὕτως
3689 1576 3803 1630 εἶναι
3852 1586 3926 1636 τήν

2470 1668 2780 1726 Ἐκκλησίαν
2811 1675 2903 1718 τοῦ
2925 1673 3082 1723 Θεοῦ.
3111 1669 3171 1718 Εἴ
3200 1685 3280 1727 τις
3306 1662 3396 1718 οὖν
3439 1664 3628 1739 προϐῇ,
3685 1669 3748 1728 ὡς
3798 1673 3927 1741 πατρὶ

620 1756 803 1813 clesia
824 1756 923 1811 Dei
944 1756 1026 1811 sic
1066 1756 1312 1812 viduata
1336 1761 1708 1829 permaneat.
1743 1757 1801 1812 Si
1839 1756 1976 1828 quis
2009 1770 2152 1824 ergo
2179 1769 2272 1809 or-

2389 1759 2520 1828 αὐτῷ
2551 1758 2869 1827 ὑποτάγητε,
2892 1760 2981 1807 καὶ
3031 1758 3100 1814 ως
3167 1754 3281 1827 ἐμοὶ
3346 1759 3443 1813 τὴν
3487 1754 3701 1826 κεφαλὴν
3752 1756 3926 1807 {in-021i-

622 1846 864 1903 dinatus
890 1844 1083 1914 fuerit,
1106 1849 1164 1901 et
1192 1850 1482 1919 tanquam
1538 1846 1693 1919 patri
1760 1846 2020 1901 subeste.
2074 1859 2271 1915 neque

623 1953 795 1993 secus
815 1952 885 1992 ac
912 1935 1057 1992 mihi
1086 1942 1266 2008 caput
1287 1937 1476 1992 docile
1502 1937 1798 1993 inclinate.
1832 1958 1860 1985 »
1894 1939 2026 1991 Haec
2071 1934 2273 2004 legen-

624 2026 782 2082 tibus
804 2027 1209 2097 Chrysostomi
1240 2026 1431 2083 Vitam
1461 2026 1771 2100 explorata
1784 2029 1940 2083 sunt.
1971 2025 2085 2085 Sed
2106 2024 2181 2084 de
2203 2040 2272 2084 ea

626 2132 688 2171 re
710 2116 1019 2171 hactenus.

697 2210 751 2262 6.
784 2205 1110 2276 Imperator
1146 2206 1520 2275 Anastasius,
1544 2214 1721 2279 prout
1747 2208 1808 2263 in
1841 2208 2013 2264 Saba;
2066 2209 2273 2277 magni

624 2296 757 2350 Vita
792 2294 1161 2365 descriptum
1182 2300 1287 2363 est,
1318 2296 1636 2368 Euthymio
1667 2297 1806 2352 sede
1846 2297 2077 2367 dejecto
2108 2316 2120 2363 ;
2170 2299 2274 2371 qui

630 2383 1068 2455 Acephalorum
1097 2384 1395 2451 haeresim,
1427 2386 1599 2455 cujus
1624 2386 1749 2457 ipse
1781 2386 2092 2441 studiosus
2124 2392 2271 2453 erat,

627 2489 751 2529 non
778 2473 1122 2545 recipiebat,
1156 2473 1577 2530 Macedonium
1594 2476 1733 2531 huic
1750 2476 2073 2544 substituit,
2089 2493 2274 2549 quem

630 2567 1080 2619 consectaneum
1094 2579 1261 2617 suum
1270 2564 1291 2635 j
1301 2563 1599 2619 udicabat.
1616 2564 1735 2619 Sed
1746 2565 1889 2637 quia
1904 2566 2275 2621 orthodoxus

629 2652 721 2707 vir
748 2652 1047 2723 apparuit,
1094 2652 1222 2723 ipse
1264 2651 1512 2723 quidem
1559 2653 1871 2709 confestim
1905 2654 2047 2709 sede
2095 2660 2277 2727 atque

630 2742 778 2796 urbe
808 2742 1079 2813 pellitur;
1135 2742 1449 2798 ordinatur
1511 2748 1714 2799 autem
1743 2743 2085 2800 Timotheus
2120 2764 2132 2802 :
2175 2747 2276 2817 qui

630 2831 852 2903 pariter
873 2831 1039 2886 brevi
1069 2831 1382 2903 expellitur
1413 2832 1490 2888 ab
1520 2832 1707 2905 impio
1738 2836 1989 2903 Caesare,
2017 2835 2162 2906 quia
2187 2851 2278 2891 or-

631 2920 931 2976 thodoxus
963 2920 1371 2993 deprehensus
1397 2927 1502 2978 est.
1524 2928 1712 2994 Atque
1730 2923 1791 2978 hi
1819 2923 2119 2979 fortunam
2151 2925 2279 2995 ejus

631 3011 799 3067 modi
823 3010 1045 3083 experti
1076 3016 1234 3069 sunt.
1272 3012 1505 3068 Interim
1530 3028 1672 3069 vero
1703 3018 1923 3069 sanctae
1974 3014 2137 3069 urbis
2170 3030 2279 3086 pa-

2377 1865 2511 1901 νατε.
2572 1853 2785 1903 »Τηῡτα
2849 1847 2898 1897 οἱ
2979 1842 3420 1915 ἀναγινώσκοντες
3503 1845 3587 1895 τόν
3644 1844 3791 1905 αὐτοῦ
3838 1842 3925 1917 βίον

2381 1938 2535 1993 ἴσασι
2557 1937 2658 2011 (⁸7),
2688 1939 2789 1991 Καὶ
2812 1938 2931 2011 περὶ
2962 1936 3049 2007 μὲν
3089 1936 3282 1989 τούτων
3309 1932 3443 2003 ἅλις,

2454 2232 2509 2274 ς.
2535 2210 2549 2228 ⁹
2581 2217 2623 2264 Ο
2646 2208 2704 2263 δὲ
2743 2210 3001 2284 βασιλεὺς
3048 2213 3416 2283 Ἀναστοὲσιος,
3465 2216 3533 2273 ὡς
3563 2211 3609 2264 ἐν
3637 2220 3703 2283 τῷ
3742 2219 3821 2263 τοῦ
3862 2230 3928 2282 με·

2380 2300 2543 2371 γάλου
2593 2302 2732 2352 mea
2792 2299 3181 2376 ἀναγέγραπται
3236 2301 3361 2374 βίῳ,
3417 2305 3505 2353 τόν
3583 2303 3821 2373 Εὐθύμιον
3872 2298 3930 2367 (8)

2382 2397 2472 2441 τοῦ
2497 2392 2677 2463 θρόνου
2715 2396 3051 2462 καταγαγὼν,
3111 2396 3207 2449 τὴν
3258 2400 3359 2442 τῶν
3392 2390 3688 2462 Ἀκεφάλων
3744 2394 3804 2461 μὴ
3851 2407 3931 2438 πα-

2383 2474 2737 2551 ραδεχόμενον
2778 2481 2997 2551 αἰρεσιν,
3028 2484 3112 2532 τόν
3142 2476 3470 2533 Μακεδόνιον
3504 2479 3607 2531 aut”
3660 2479 3803 2530 αὐτοῦ
3846 2494 3933 2547 χει-

2384 2570 2727 2642 ροτονηθῆναι
2775 2572 3181 2642 παρεσκεύασεν,
3239 2571 3505 2644 ὁμόφρονα
3578 2569 3727 2620 αὐτοῦ
3789 2572 3932 2617 τοῦτον

2386 2653 2786 2729 εἶναιοίόμενος.
2816 2656 2976 2709 Ἐπεὶ
3017 2654 3077 2709 δέ
3121 2654 3407 2730 όρθόδοξος
3452 2655 3512 2715 ἦν
3559 2659 3583 2708 ό
3630 2659 3768 2728 ἀνὴρ,
3813 2653 3935 2709 αὐτὸς

2387 2749 2476 2817 μὲν
2502 2746 2694 2797 αὐτίκα
2726 2754 2818 2797 τοῦ
2871 2752 3067 2821 χρόνου
3135 2752 3223 2799 καὶ
3272 2756 3374 2808 τῆς
3429 2747 3621 2808 πόλεως
3677 2745 3931 2817 ἑξορίξεται.

2386 2838 2634 2907 Τιμόθεος
2696 2832 2756 2888 δὲ
2800 2834 2922 2888 ἀντ’
2948 2837 3107 2888 αὐτοῦ
3169 2836 3539 2908 προϐάλλεταιθ
3603 2834 3722 2887 ἀλλὰ
3784 2835 3935 2901 τὰχιον

2388 2930 2477 2975 καὶ
2515 2920 2665 2986 οὗτος
2692 2924 3121 2998 ἐξοστρακίζεται
3150 2928 3294 3000 παρὰ
3331 2935 3428 2978 τοῦ
3475 2923 3755 2984 δυσσεϐοῦς
3802 2920 3933 2995 βασι-

2389 3014 2528 3074 λέωςο
2567 3012 2847 3087 ὀρθόδοξος
2893 3018 2991 3088 γὰρ
3055 3012 3183 3067 εἶναι
3234 3016 3475 3087 εὕρηται·
3545 3020 3641 3067 Καὶ
3691 3013 3818 3064 οὗτοι
3869 3012 3934 3079 μὲν

632 3101 893 3156 triarcha
948 3106 1191 3156 sanctus
1244 3101 1460 3170 Helias,
1491 3102 1584 3157 his
1655 3102 1894 3168 auditis,
1949 3103 2280 3173 angebatur

2393 3104 2569 3164 οὕτως’
2626 3106 2651 3154 ό
2693 3101 2751 3155 δὲ
2811 3112 2907 3165 τῆς
2960 3105 3117 3176 ἁγίας
3159 3104 3355 3165 πόλεως
3421 3103 3708 3177 ἀρχιερεὺς,
3751 3102 3774 3151 ὁ
3820 3097 3937 3168 ἅγιος

632 3190 878 3262 quidem
906 3191 1108 3245 animo
1130 3195 1372 3263 propter
1395 3192 1677 3259 injustam
1710 3192 2133 3263 praedictorum
2180 3207 2281 3265 pa-

636 3280 1029 3335 triarcharum
1057 3280 1527 3351 depositionem:
1580 3280 1765 3336 nihilo
1826 3286 2031 3336 tamen
2083 3283 2283 3337 minus

636 3368 1127 3424 communicabat
1152 3385 1290 3424 cum
1321 3385 1512 3441 nuper
1539 3369 1724 3425 electo
1750 3374 1883 3441 post
1902 3371 2283 3442 praecessoris

637 3457 1073 3529 expulsionem,
1102 3458 1393 3530 quoniam
1419 3464 1667 3531 uterque
1710 3459 2081 3514 orthodoxus
2138 3464 2280 3515 erat.

640 3547 794 3610 Quin
833 3546 985 3601 adeo
1002 3546 1079 3601 ab
1100 3546 1351 3616 hujusce
1376 3546 1672 3602 haereseos
1699 3546 1927 3602 viribus
1942 3546 2119 3602 divus
2140 3564 2285 3620 quo-

638 3650 755 3706 que
787 3635 881 3688 hic
906 3634 1098 3690 Helias
1153 3634 1398 3706 propria
1462 3635 1601 3690 sede
1622 3636 1997 3692 detractusin
2049 3638 2288 3695 vincula

641 3722 946 3792 conjectus
979 3729 1083 3779 est:
1115 3723 1231 3795 ipsi
1253 3730 1454 3779 autem
1486 3725 1840 3781 substitutus
1868 3728 2128 3782 Joannes
2186 3728 2288 3798 qui

638 3812 848 3866 haeresi
880 3812 1311 3880 consentiebat,
1363 3813 1519 3871 etab
1562 3814 1938 3886 imperatoris
1998 3817 2289 3871 sententia

642 3916 763 3955 non
776 3899 1137 3957 discededat.
1160 3903 1583 3957 Verumtamen
1596 3903 1691 3958 hic
1704 3902 1967 3959 Joannes
1986 3904 2289 3959 div1Sabae

641 3989 948 4045 familiaris
979 3991 1327 4064 amicusque
1348 3999 1493 4057 erat;
1520 3993 1691 4062 cujus
1735 3992 2156 4066 obtemperans
2188 3995 2290 4049 ad-

638 4079 1068 4134 monitionibus
1091 4080 1168 4135 ab
1188 4081 1463 4137 haeretica
1486 4080 1779 4137 sententia
1797 4087 2076 4154 sectaque
2091 4084 2291 4139 statim

640 4171 905 4234 recessit,
932 4171 1237 4243 ﬁdemque
1297 4171 1468 4227 Heliae
1530 4178 1996 4245 sanctorumque
2054 4175 2293 4230 Patrum

648 4258 820 4313 Sabae
851 4275 921 4314 ac
942 4260 1256 4316 Theodosii
1275 4265 1395 4316 toto
1424 4262 1628 4317 animo
1653 4261 1969 4335 amplexus
2018 4268 2122 4318 est.

718 4438 771 4487 7.
816 4434 1043 4489 Etenim
1092 4451 1231 4490 cum
1270 4436 1598 4508 aliquando
1662 4437 1957 4508 imperiali
2008 4440 2298 4497 mandato

648 4527 899 4577 cunctus
927 4522 1001 4576 de
1031 4539 1197 4577 more
1230 4524 1511 4596 populus,
1543 4526 2101 4599 monachorumque
2130 4529 2300 4585 innu-

646 4627 815 4666 mera
843 4610 1159 4666 multitudo
1192 4612 1254 4667 in
1317 4613 1508 4669 sancti
1564 4615 2019 4686 protomartyris
2079 4618 2299 4691 templo

651 4700 949 4769 coivisset;
980 4705 1270 4772 tanquam
1284 4700 1332 4757 si
1346 4702 1682 4772 patriarcha
1705 4705 1962 4758 Joannes
1976 4705 2303 4764 anathema

647 4790 719 4847 iis
744 4791 1009 4847 dicturus
1042 4796 1200 4847 esset
1226 4792 1329 4864 qui
1354 4792 1652 4863 synodum
1684 4799 1961 4864 quartam
2027 4796 2301 4853 admitte-

650 4886 805 4947 rent,
848 4882 1131 4937 Severum
1161 4880 1529 4952 Acephalum
1556 4881 1958 4954 repudiarent;
1978 4883 2037 4938 id
2052 4885 2209 4940 enim
2243 4904 2300 4940 se

653 4969 949 5026 facturum
979 4972 1335 5043 promiserat
1358 4970 1643 5026 ministris
1665 4971 1843 5041 regiis
1870 4974 2148 5041 Joannes;
2178 4991 2302 5031 am-

726 5145 1082 5217 (7)1ntellige
1113 5147 1357 5203 Palladii
1382 5146 1697 5217 Dialogum
1721 5148 1794 5203 de
1822 5150 1951 5204 Vita
1974 5151 2027 5206 S.
2055 5151 2301 5208 Joannis

656 5216 1059 5287 Chrysostomi
1099 5218 1191 5287 ed,
1224 5218 1418 5274 Montf.
1468 5226 1612 5273 tom.
1666 5222 1801 5288 XIII,
1854 5222 2025 5288 cujus
2088 5224 2301 5277 videsis

655 5302 791 5359 pag.
817 5290 1671 5363 28et36.7Creterumt’alladius
1686 5291 1787 5351 ait,
1804 5292 2299 5363 Chrysostomum

652 5359 1008 5436 praecepisse
1039 5359 1472 5436 0]ympiad_i__ut
1513 5362 1789 5417 subesset
1836 5359 2032 5419 futuro
2072 5374 2202 5436 post
2239 5383 2300 5421 se

652 5431 959 5501 episcopo,
979 5432 1059 5485 ita
1083 5431 1282 5487 tamen
1298 5432 1450 5487 siille
1473 5449 1769 5488 consensu
1791 5431 2301 5491 omniumelectus

654 5508 916 5573 esset,_et
944 5502 1239 5557 reluctans
1266 5504 1489 5559 nedum
1529 5504 1823 5573 ambiens,
1858 5512 1957 5559 Καὶ
1989 5506 2041 5567 ὃς
2072 5508 2131 5558 ἂν
2163 5510 2299 5559 οἴκων

652 5572 796 5646 ἀχθῇ
828 5571 910 5625 ἐπὶ
948 5579 1038 5630 τὴν
1094 5582 1441 5647 χειροτονίαν,
1496 5581 1568 5647 μὴ
1639 5571 1958 5650 ἀμϐιτὲύσας
2022 5583 2078 5630 τό
2135 5586 2299 5654 πρᾶγ-

649 5665 745 5719 μα,
794 5647 928 5698 κατὰ
976 5651 1270 5699 συναίνεσιν
1320 5656 1418 5702 τῶν
1471 5647 1698 5705 πάντων.
1756 5650 1920 5714 Quas
1969 5647 2298 5722 recipiendi

2390 3191 2404 3209 ’
2433 3194 2610 3261 Ηλίας,
2641 3200 2808 3245 ταῦτα
2844 3192 3043 3245 ἀκούων
3081 3195 3279 3264 ἤχθετο
3328 3198 3445 3265 μὲν,
3474 3198 3621 3265 φησὶ,
3664 3197 3748 3247 τήν
3771 3188 3936 3258 ψυχήν,

2392 3288 2486 3340 τὴν
2521 3279 2710 3334 ἄδικον
2770 3279 3157 3353 ἀποδεχόμενος
3213 3292 3311 3334 τῶν
3374 3284 3648 3357 εἰρημένων
3706 3278 3937 3351 ἀρχιερέων

2394 3370 2625 3429 ἐκϐολήν
2673 3368 2887 3443 ἐδέχετο
2936 3376 3110 3444 μέντοι
3188 3376 3273 3423 τόν
3367 3372 3805 3446 χειροτονούμενον
3842 3364 3939 3436 μετά

2394 3467 2480 3514 τόν
2513 3465 2610 3535 πρὸ
2671 3461 2831 3513 αὑτοῦ
2880 3460 3211 3522 ἐκϐληθέντα,
3261 3468 3332 3530 τῷ
3382 3464 3474 3513 καὶ
3519 3461 3667 3512 αὐτὸν
3714 3450 3938 3529 όρθόδοξον

2396 3547 2542 3617 εἶναι,
2600 3553 2663 3610 ὡς
2707 3555 2795 3601 καὶ
2864 3553 2950 3602 τὸν
2996 3555 3263 3623 πρότερον.
3333 3553 3541 3609 Ταύτης
3594 3556 3684 3609 τῆς
3745 3547 3941 3618 αἱρέσεως
4028 3560 4029 3591 1

2396 3638 2541 3692 ἕνεκα
2581 3644 2671 3691 καὶ
2714 3641 2740 3690 ό
2801 3641 2932 3700 θεῖος
2987 3639 3138 3699 οὗτος
3182 3638 3355 3699 Ἠλίας
3402 3647 3491 3691 τοῦ
3545 3638 3720 3690 οἰκείου
3771 3627 3943 3683 καταϐι-

2398 3727 2606 3788 ϐασθεὶς
2656 3730 2857 3800 θρόνου,
2918 3728 2989 3789 εἰς
3031 3727 3261 3800 φυλακὴν
3311 3727 3669 3782 κατεκλείσθη·
3715 3719 3807 3774 ἀντ’
3878 3714 3944 3767 αὖ·
4028 3724 4029 3743 ‘

2398 3826 2489 3869 τοι)
2524 3813 2583 3869 δὲ
2611 3816 2903 3891 προεϐλήθη
2970 3816 3228 3883 Ἰωάννης,
3282 3819 3590 3889 συνθέμενος
3638 3822 3696 3886 τῇ
3757 3808 3942 3881 αἱροίσει,

2400 3910 2489 3958 καὶ
2522 3909 2768 3980 σύμφρων
2817 3911 3082 3980 γενόμενος
3132 3915 3204 3977 τῷ
3260 3905 3497 3979 βασιλεῖ.
3551 3900 3708 3964 Οὗτος
3750 3902 3771 3952 ὁ
3813 3896 3944 3951 Ἰωίὲδ·
4028 3952 4029 3955 η

2400 3998 2487 4056 vi);
2515 3998 2746 4055 συνήθης
2774 3992 2832 4054 ἧν
2855 4001 2943 4047 καὶ
2973 3995 3111 4069 φίλος
3142 3994 3282 4068 Σάϐᾳ
3314 4004 3386 4065 τῷ
3446 3997 3583 4067 θείῳ·
3649 3991 3707 4044 οὗ
3750 3991 3827 4039 καὶ
3876 4000 3946 4039 τας
4028 4028 4029 4039 χ

2403 4086 2672 4145 ὑποθήκας
2706 4081 2999 4156 δεξάμενος,
3058 4092 3148 4136 τοῦ
3206 4084 3471 4157 αἱρετικοῦ
3537 4086 3623 4156 μὲν
3683 4078 3946 4152 φρονήματος

2404 4180 2493 4226 καὶ
2558 4172 2880 4245 σεϐάσματος
2955 4172 3134 4226 ἑάυτὸν
3204 4178 3478 4245 συντόμως
3556 4171 3817 4245 ᾁπέστησε·
3898 4176 3943 4227 ﬂ;

2403 4263 2576 4316 Ἠλίου
2604 4258 2664 4315 δέ
2692 4267 2869 4314 πίστει
2906 4267 2995 4315 καὶ
3048 4270 3147 4314 τῶν
3198 4263 3343 4314 θείων
3411 4266 3647 4334 Πατέρων
3700 4252 3823 4308 Σάϐα
3881 4265 3948 4297 και

2408 4349 2696 4405 Θεοδοσὶοῦ
2719 4351 2829 4404 ὅλον
2852 4352 3031 4404 ἑαυτὸν
3062 4350 3150 4425 ὅλῃ
3182 4350 3337 4423 ψυχῇ
3373 4348 3642 4404 ἐδεδώκει.

2482 4440 2523 4501 ζ’
2558 4486 2565 4496 .
2600 4445 2701 4494 Καὶ
2748 4437 2816 4499 δὴ
2865 4439 2914 4492 ἐν
2973 4446 3073 4513 μιᾷ
3129 4448 3405 4514 προσταγῇ
3470 4438 3712 4513 βασιλικῇ
3759 4427 3948 4485 συνήθως

2408 4537 2505 4591 πᾶς
2535 4530 2559 4581 ό
2586 4530 2709 4591 λαός
2732 4534 2821 4581 καὶ
2847 4538 2944 4581 τῶν
2974 4537 3220 4601 μοναχών
3262 4528 3437 4588 πληθη
3478 4528 3664 4599 ἄπειρα
3694 4523 3738 4575 ἐν
3782 4526 3844 4588 τῷ
3881 4532 3949 4563 τον

2410 4622 2562 4692 ἁγίου
2613 4628 2860 4691 Στεφανου
2919 4627 3009 4670 τοῦ
3058 4624 3265 4690 πρώτου
3321 4616 3368 4670 ἐν
3397 4619 3654 4691 μάρτυσιν
3699 4613 3801 4685 ἱερῷ
3836 4621 3948 4667 σηκῳ

2411 4712 2680 4782 ἧθροιστο,
2711 4712 2773 4768 ὡς
2798 4707 3061 4781 μέλλοντος
3113 4702 3269 4764 δῆθεν
3329 4706 3701 4778 ἁναθεριατίσαι
3759 4702 3848 4782 τοι)Δ
3873 4706 3948 4742 πα·

2408 4802 2669 4873 τριάρχου
2692 4797 2925 4850 Ἰωάννου
2970 4801 3090 4858 τοὺς
3128 4800 3221 4853 τήν
3273 4799 3514 4869 τετάρτην
3569 4786 3799 4889 σύνοδονεἱ
3826 4779 3949 4875 δεχέ·

2411 4890 2611 4957 μένους,
2666 4892 2883 4959 Σευῆρον
2934 4882 2992 4937 δὲ
3040 4888 3125 4937 τόν
3176 4883 3450 4956 Ἀκέφαλον
3499 4886 3568 4955 μὴ
3633 4882 3949 4963 παραὸξεχομες

2410 4995 2543 5035 νουςο
2571 4982 2723 5027 τοῦτο
2749 4977 2851 5048 ’γὰρ
2880 4971 2939 5033 ἧν
2967 4970 3072 5033 ἥδη
3102 4982 3323 5033 ποιῆσαι
3393 4980 3498 5033 τοῖς
3552 4976 3641 5022 τοῦ
3669 4961 3895 5039 ﬁam)“;
3930 4969 3949 5000 °

2412 5151 2673 5225 episcopi
2697 5151 3067 5225 conditiones
3079 5150 3277 5225 nescio
3299 5166 3405 5225 cur
3419 5144 3734 5225 Mﬁethodius
3746 5142 3951 5225 ςθρῠξιξ·

2410 5200 3947 5279 arguamusiure?acassam...mum.

2411 5294 2485 5348 ad
2525 5310 2625 5349 an.
2666 5299 2770 5349 404
2804 5310 2881 5355 ,n.
2918 5297 3046 5350 XLI.
3139 5365 3143 5366 ν
3202 5365 3207 5366 ί
3273 5365 3294 5366 κν
3386 5364 3393 5366 λ
3532 5363 3540 5366 _
3682 5356 3713 5366 _,

2483 5368 2558 5436 (8')
2575 5368 2715 5421 Cum
2736 5367 3024 5421 Methodio
3038 5365 3237 5420 scribit
3252 5363 3631 5436 Euthymz‘um
3644 5356 3807 5436 etiam
3829 5356 3949 5436 QEO:

2410 5414 2626 5506 ny\m’us
2658 5436 3179 5500 Baroccianus;sed
3230 5414 3544 5506 dicendum
3592 5444 3714 5506 esse
3748 5414 3951 5506 ,Ευηίξῗς

2410 5487 2623 5571 ἧίξῇἦξ
2655 5487 2902 5579 prorsus
2934 5487 3170 5563 constat
3207 5523 3276 5561 ex
3306 5505 3545 5562 historia
3579 5520 3617 5579 ,Α
3635 5504 3690 5579 et
3718 5495 3791 5549 sic
3826 5487 3949 5543 recte

2408 5580 2591 5635 habet
2616 5573 3169 5650 e'tamEphraamius
3194 5595 3250 5632 ν.
3278 5580 3416 5633 1060
3445 5581 3500 5631 et
3521 5573 3674 5630 9756.
