4084 6206
168 0 405 9 -ν-Ἴ-

238 229 355 285 789
1496 229 1589 285 DE
1625 226 2009 285 SCHISMATE
2048 230 2370 288 VITANDO.
3504 240 3618 297 790

238 351 495 413 Ἰωάννης
540 353 862 424 ὑποσχεθείς
892 370 905 387 ’
941 352 1152 426 ἀνήχθη
1210 351 1299 407 οὖν
1336 355 1362 406 6
1417 353 1577 414 αὐτὸς
1626 351 1712 405 ἐπὶ
1761 360 1851 405 τοῦ

2007 369 2185 410 onem
2207 356 2551 427 patriarcha
2564 355 2935 425 conscendit,
2957 372 3098 413 cum
3114 373 3309 431 eoque
3336 362 3528 420 Sabas
3544 379 3620 421 ac

236 439 485 512 οἷμϐωνος
515 458 529 473 °
562 444 657 493 σὺν
686 441 824 512 αὐτῷ
855 438 915 494 δὲ
962 448 1052 494 καὶ
1109 444 1277 505 Σάϐας
1333 448 1423 496 καὶ
1477 439 1761 501 Θεοδόσιος
1806 443 1849 493 οε

2007 443 2329 500 heodosius
2357 444 2797 502 monachorum
2828 451 3160 502 summates
3206 448 3473 523 ﬁdeique
3520 467 3620 508 or-

236 536 343 583 τῶν
397 538 650 603 μοναχῶν
702 530 938 604 ἕξαρχοι,
993 537 1084 585 καὶ
1135 542 1197 593 τε
1210 554 1232 594 ς
1290 529 1575 605 ὁρθοδόξου
1628 535 1849 591 πίστεως

2009 532 2245 589 iodoxee
2266 538 2771 607 propugnatores,
2798 534 2903 605 qui
2924 549 2998 590 ex
3022 538 3281 608 utroque
3300 537 3487 597 latere
3516 556 3622 613 pa-

234 638 524 694 πρόμαχοι
550 636 563 650 ⁸
618 618 845 678 ἐστήτην
887 618 976 672 οὖν
1005 622 1162 695 άμφω
1206 629 1299 675 τοῦ
1345 624 1684 697 πατριάρχου
1728 615 1847 692 παρ’

2007 620 2232 677 'iarchae
2252 622 2361 679 asti
2369 627 2580 679 terunt.
2604 622 2823 679 Aderat
2846 622 3146 696 intemplo
3165 640 3356 698 nepos
3375 644 3620 702 quoque

233 709 485 782 ἑκάτεραι
518 715 701 784 Παρῆν
731 705 792 761 δε
820 717 892 779 τῷ
920 715 1013 781 νεῲ
1060 716 1150 764 καὶ
1190 718 1283 764 τοῦ
1342 709 1598 784 βασιλέως
1646 708 1846 781 ἀνεψιός

2005 712 2340 781 nperatoris
2402 711 2725 783 Hypaticus
2767 711 3107 784 captivitate
3148 728 3345 787 nuper
3407 717 3618 774 redux.

232 798 526 861 ’Υπατικὸς
633 805 732 860 τῆς
822 798 1193 871 αἰχμαλωσίας
1271 800 1377 852 τὸτ’
1483 798 1845 862 ἔπανασωθείς.

2009 810 2111 853 um
2136 814 2278 855 vero
2299 799 2501 855 fefellit
2526 815 2774 873 prorsus
2801 801 3066 857 Joannes
3082 803 3444 873 promissam
3468 811 3622 865 Ana-

232 885 540 958 Ἐψεύσατο
590 888 683 946 τὰς
737 888 1058 958 ὑποσχέσεις
1092 889 1119 940 ό
1156 889 1395 951 Ἰωάννης
1449 887 1509 948 ἃς
1541 890 1671 962 πρὸς
1704 887 1845 940 Ἀνα-

2010 888 2151 944 vasio
2176 887 2382 955 ﬁdem,
2411 888 2675 945 consiliis
2694 888 3013 945 Theodosii
3052 889 3481 966 obtemperans
3535 901 3623 953 at-

30 956 33 1053 γ
234 976 466 1027 στάσιον
527 973 809 1032 ἐποιήσατο
870 981 984 1035 ταῖς
1044 977 1472 1048 ὑποθημοσύναις
1558 983 1643 1028 Θεε

2008 993 2084 1032 ue
2105 977 2296 1034 Sabine.
2322 977 2548 1034 Etenim
2573 977 2811 1034 sublata
2830 994 2977 1035 voce
3002 956 3332 1039 anathema
3382 984 3620 1056 egregie

228 1068 331 1117 καὶ
357 1062 502 1117 Σάϐει
528 1079 542 1094 ⁸
575 1063 859 1136 ἐξεφώνησε
894 1063 1063 1126 καλῶς
1120 1074 1281 1119 ποιῶν
1342 1069 1403 1119 τὸ
1433 1064 1664 1136 ἀνάθεμα
1720 1067 1841 1118 κατό

2007 1065 2113 1121 ixit
2138 1065 2211 1122 iis
2233 1066 2337 1139 qui
2366 1068 3108 1140 mcumenicamquartam
3139 1070 3445 1141 synodum
3477 1088 3618 1131 cum

226 1159 341 1204 τῶν
373 1156 448 1224 μὴ
506 1148 802 1225 δεχομένων
836 1157 932 1210 τὴν
983 1154 1233 1228 τετάρτην
1297 1153 1660 1225 οἰκουμενικὴν
1729 1155 1839 1204 σύν-

2006 1154 2263 1210 rioribus
2284 1155 2471 1210 tribus
2487 1170 2610 1211 non
2622 1156 2953 1228 reciperent
2975 1173 2990 1223 ;
3014 1157 3322 1228 Severum,
3350 1161 3619 1234 Acepha-

228 1237 364 1293 οδον
390 1244 528 1314 μετὰ
563 1249 663 1293 τῶν
710 1244 813 1315 πρό
852 1240 1019 1303 αὐτῆς
1068 1249 1224 1316 τριῶν
1286 1258 1300 1273 ο
1359 1240 1643 1294 ἁπεϐάλετο
1701 1248 1841 1300 Σενῆ-

2004 1258 2192 1314 isque,
2216 1248 2397 1316 atque
2419 1259 2631 1300 omnes
2644 1243 2896 1302 omnino
2925 1245 3237 1304 haereticos
3272 1254 3617 1307 exsecratus

226 1349 348 1404 ρον,
380 1328 667 1383 ἀπεϐάλετο
716 1328 1047 1401 Ἀκεφάλους,
1108 1335 1198 1383 καὶ
1264 1333 1467 1392 πάντας
1521 1328 1697 1392 ἁπλῶς
1734 1333 1839 1387 τοὺς

2007 1336 2066 1387 at.
2088 1333 2237 1387 Tum
2266 1332 2579 1393 enimvero.
2604 1332 2837 1405 pudore
2873 1332 3087 1391 suffusi
3138 1340 3279 1392 sunt
3321 1343 3620 1412 quotquot

228 1422 301 1471 τὰ
353 1426 459 1472 τῶν
511 1421 781 1492 αἱρετικῶν
839 1426 1182 1491 φρονοῦντας.
1253 1420 1635 1493 ᾜσχύνθησαν
1683 1419 1736 1469 οἰ
1786 1420 1841 1469 τὰ

2002 1420 2260 1489 ιεὶειιιιιω
2281 1420 2547 1492 partium
2579 1421 2837 1478 studiosi
2858 1421 2922 1478 in
2951 1422 3177 1495 templo
3196 1423 3487 1496 aderant;
3524 1443 3615 1484 or-

226 1514 325 1560 τοῦ
357 1505 617 1580 βασιλέως
669 1513 971 1582 φρονοῦντες
1007 1513 1098 1560 καὶ
1164 1516 1238 1578 τῷ
1279 1510 1398 1580 θείῳ
1434 1511 1685 1581 παρόντες
1721 1512 1839 1576 νεῴ·

2000 1509 2205 1565 ιοόοιί
2229 1514 2433 1567 autem
2456 1510 2743 1567 ﬁduciam
2776 1516 3150 1583 receperunt,
3170 1517 3233 1569 et
3256 1515 3613 1585 patriarchas

229 1593 610 1670 ἦνδρίσθησαν
644 1598 693 1648 οἱ
726 1592 1026 1671 ὀρθόδοξοι,
1056 1602 1147 1649 καὶ
1176 1604 1249 1667 τῷ
1312 1598 1620 1671 πατριάρχη
1664 1595 1842 1648 αὐτίκα

2005 1613 2171 1655 mnes
2184 1597 2592 1667 adhaeserunt,
2613 1598 2862 1671 insuper
2879 1598 3175 1659 habentes
3192 1601 3365 1674 quod
3400 1609 3618 1675 praeter

232 1681 512 1757 πανδημεὶ
564 1685 981 1760 προσετέθησαν,
1036 1694 1129 1747 τῆς
1186 1691 1261 1758 μὴ
1310 1687 1447 1739 κατὰ
1508 1689 1630 1747 τοὺς
1690 1686 1845 1759 ἱεροὺς

2003 1701 2219 1744 mones
2248 1702 2455 1745 sacros
2476 1688 2787 1745 ordinatus
2811 1686 3042 1746 fuisset.
3068 1691 3152 1744 Ex
3176 1705 3249 1746 eo
3272 1690 3454 1762 igitur
3470 1697 3616 1749 tem-

230 1779 459 1837 κανόνας
523 1779 849 1847 χειροτονίας
913 1774 1076 1827 αὐτοῦ
1157 1779 1226 1848 μὴ
1316 1779 1698 1848 φροντίσαντες.
1752 1773 1843 1827 Ἢν

2001 1790 2102 1832 ore
2123 1775 2339 1833 beatus
2358 1775 2549 1833 Sabas
2567 1792 2640 1833 ac
2659 1770 3029 1833 Theodosius
3042 1777 3340 1836 honorem
3363 1794 3614 1839 venera-

231 1860 347 1931 οὖν,
380 1868 565 1936 φησὶν,
592 1865 765 1917 ἓκτοτέ
790 1861 959 1926 Σάϐας
1004 1865 1033 1915 ό
1071 1868 1369 1939 μακαρίτης
1414 1868 1506 1916 καὶ
1558 1859 1844 1925 Θεοδόσιος

2000 1879 2301 1936 onemque
2327 1864 2688 1936 patriarchae.
2727 1864 2947 1922 Joanni
2990 1864 3359 1928 exhibebant
3403 1868 3613 1926 sedem

232 1957 293 2006 τὸ
322 1951 485 2015 σέϐας
522 1953 859 2025 ἀπονέμοντες
917 1958 1009 2005 καὶ
1048 1958 1145 2011 τὴν
1200 1956 1357 2026 τιμὴν
1412 1961 1485 2023 τῷ
1536 1955 1841 2025 πατριάρχη

1998 1952 2295 2025 ccupanti,
2325 1952 2470 2024 quia
2492 1952 2623 2023 jam
2669 1952 3043 2010 orthodoxae
3094 1959 3256 2011 erat:
3313 1956 3611 2028 simulque

234 2042 450 2114 Ἰωάννη
501 2044 591 2113 μεν
641 2040 691 2093 ἐν
723 2049 798 2112 τῷ
852 2043 1017 2115 θρόνῳ
1068 2043 1395 2114 καθεζομένῳ
1448 2044 1514 2102 ὡς
1578 2037 1844 2114 όρθοδόξῳ
1952 2039 3056 2112 Ηθιὶωειιιίτοοιωέὶάείετιιῆοοατοοτθ
3078 2042 3419 2103 tenebatur.
3475 2046 3608 2111 Qua

228 2136 497 2202 γεγονότι,
557 2129 707 2202 Ἠλίᾳ
761 2127 823 2182 δέ
853 2130 1007 2183 πάλιν
1036 2134 1287 2192 ὡσαύτως
1336 2130 1694 2201 κατακλείστῳ
1734 2134 1841 2181 ὄντι

1991 2144 2011 2185 ι
2026 2145 2089 2185 re
2109 2129 2310 2200 ipsum
2334 2144 2582 2200 prorsus
2603 2134 2879 2187 sanctum
2900 2130 3129 2188 Heliam
3159 2132 3567 2192 imitabantur
3588 2151 3604 2191 :

228 2220 279 2272 έν
338 2219 547 2293 φυλακῇ
582 2229 680 2280 τῆς
717 2219 879 2294 ὀρθῆς
926 2220 1070 2273 ἕνεκα
1127 2225 1372 2281 πίστεως,
1423 2223 1512 2272 τόν
1544 2220 1677 2293 ἱερὸν
1714 2220 1841 2271 πάν-

1991 2220 2033 2273 ic
2058 2217 2220 2277 enim
2250 2223 2307 2274 et
2332 2217 2462 2290 ipse
2488 2218 2794 2290 superiore
2818 2223 3088 2292 tempore
3116 2236 3257 2277 cum
3306 2221 3604 2279 Constan-

224 2329 330 2371 τως
382 2308 563 2362 Ἠλίαν
615 2307 1033 2381 έκμιμησάμενοι
1061 2330 1075 2343 ’
1103 2309 1240 2361 οὕτω
1294 2311 1399 2382 γὰρ
1452 2308 1605 2369 αὐτὸς
1658 2326 1837 2382 προτε-

1992 2306 2353 2379 nopolitanis
2382 2306 2701 2379 Euthymio
2726 2307 3192 2381 Macedoniaque
3211 2325 3276 2367 se
3294 2315 3562 2380 gesserat
3587 2327 3603 2380 ;

223 2419 318 2474 ρον
364 2403 501 2471 πρός
557 2399 1141 2460 Κωνσταντινουπόλεως
1194 2398 1455 2471 Εὔθυμόν
1513 2398 1591 2467 (9)
1653 2416 1707 2450 τε
1750 2402 1836 2449 καὶ

1992 2402 2160 2452 ostea
2179 2411 2320 2453 vero
2340 2412 2484 2452 cum
2499 2396 2830 2465 Timotheo,
2844 2397 3204 2455 scholastico
3231 2398 3377 2455 olim
3407 2398 3605 2457 Antio-

226 2484 580 2553 Μακεδόνιον,
642 2493 734 2541 καὶ
792 2491 880 2540 τόν
933 2486 1034 2541 ἀπὸ
1089 2486 1456 2560 σχολαστεκῶν
1515 2487 1839 2557 Ἀντιοχείας

1948 2487 2143 2553 ebeno
2172 2491 2231 2543 et
2256 2485 2671 2559 apocrisiario,
2698 2501 2872 2560 teque
2892 2488 3464 2546 communicaverat.

228 2579 357 2629 ὄντα
382 2576 786 2650 ἀποκρισιάριον
840 2582 932 2629 καὶ
982 2581 1113 2652 πρὸς
1163 2578 1369 2638 τούτοις
1420 2571 1627 2632 διετέθη
1682 2578 1841 2647 Τιμό-

230 2668 345 2719 θεον
383 2667 524 2737 (10).
1974 2706 1985 2711 -

306 2756 381 2814 η’.
413 2755 571 2809 Ἀλλὰ
607 2760 698 2809 καὶ
760 2756 1128 2816 Ἰουο-τινιανός
1166 2756 1192 2806 6
1244 2752 1491 2827 βασιλεὺς
1546 2756 1633 2805 τόν
1691 2752 1853 2822 ἅγιον.

2020 2759 2071 2811 8.
2094 2752 2463 2811 Justinianus
2486 2769 2733 2826 quoque
2768 2753 3097 2827 imperator
3124 2760 3401 2813 sanetum
3429 2758 3603 2831 Euty-

236 2845 504 2917 Εὐτύχιον
565 2853 658 2898 τοῦ
699 2847 880 2919 θρόνου
935 2848 1269 2916 καταγαγὼν,
1337 2841 1603 2916 ἐξόριστον
1667 2839 1841 2899 ἐποιή-

1987 2844 2151 2900 hium
2199 2843 2340 2899 sede
2390 2842 2689 2913 dejectum
2732 2842 2813 2899 ad
2853 2850 3124 2901 Amasem
3169 2847 3600 2902 monasterium

237 2952 373 2987 σατο
406 2932 455 2986 ἐν
482 2942 546 3007 τῇ
603 2934 673 2996 εἰς
706 2939 801 2992 τὴν
863 2934 1146 3005 Ἀμάσειαν
1205 2931 1364 2984 αὐτοῦ
1421 2938 1548 3003 μονῇ
1584 2951 1597 2964 ο
1652 2934 1738 2981 καὶ
1769 2929 1842 2991 εἰς

1987 2930 2250 3001 elegavit,
2274 2930 2449 3002 eique
2476 2932 2769 2987 Joannem
2802 2930 3149 3001 subrogavit
3178 2950 3192 2999 ;
3234 2946 3419 3005 quem
3459 2932 3600 2989 item

234 3027 319 3075 τόν
345 3023 508 3075 αὐτοῦ
539 3020 599 3076 δε
628 3025 806 3095 θρόνον
837 3021 1099 3093 ἀνήγαγεν
1162 3020 1400 3078 Ἰωάννην
1457 3040 1470 3053 ·
1502 3018 1559 3082 ὃς
1607 3023 1696 3070 καὶ
1752 3018 1842 3069 αὐ-

1985 3018 2231 3088 :cclesia,
2259 3018 2405 3090 quia
2421 3018 2792 3075 orthodoxus
2820 3024 2966 3087 erat,
2990 3018 3267 3087 admisit;
3289 3023 3598 3092 praeterea-

232 3115 319 3172 τὸς
356 3075 1146 3184 δεκτόςτῇιἘκκλησίαιέό-τιν,
1205 3075 1486 3182 όρθόδοξος
1541 3075 1629 3161 οὖν.
1684 3105 1841 3161 Ἃ).λὰ

1984 3123 2065 3179 ςυο
2089 3075 2439 3163 Anthimum
2481 3122 2513 3162 e
2560 3075 3266 3178 Trapezuntis’Ecclesia'
3418 3075 3597 3179 regim

230 3206 323 3253 καὶ
351 3202 602 3273 ’Δνθίμου
646 3208 739 3253 τοῦ
793 3199 852 3252 ἐκ
904 3200 1295 3274 Τραπεζοῦντος
1358 3198 1714 3271 μετατεθέντος
1770 3193 1839 3254 είς

1990 3194 2112 3251 rbis
2131 3194 2351 3251 infulas
2372 3194 2727 3251 translatum
2760 3194 2840 3251 ab
2864 3195 3080 3252 eodem
3110 3196 3497 3268 imperatore.
3535 3200 3600 3255 Et

229 3309 318 3342 τον
357 3298 456 3352 τῆς
496 3285 782 3362 βασιλίδος
833 3290 1009 3361 θρόνον
1066 3290 1208 3360 παρὰ
1266 3294 1360 3339 τοῦ
1412 3284 1693 3358 βασιλέως.
1730 3280 1839 3335 εἶτα

1985 3299 2301 3356 nanquam
2329 3282 2548 3339 deinde
2576 3283 2894 3339 Anthimus
2923 3283 3003 3341 ab
3021 3288 3290 3357 Agapeto
3316 3285 3598 3358 papade-

228 3380 625 3455 καθαιρεθέντος
676 3380 808 3454 πρὸς
863 3386 955 3429 τοῦ
1009 3379 1202 3431 πάππα
1254 3375 1557 3446 Ἀγαπητού
1605 3368 1701 3424 διὰ
1775 3376 1836 3425 τὸ

1983 3373 2177 3429 ositus
2212 3371 2341 3437 fuit,
2388 3376 2708 3444 propterea
2762 3372 2929 3445 quod
2975 3373 3256 3430 haeresim
3300 3374 3596 3439 retineret,

227 3474 298 3541 μὴ
340 3469 505 3522 θέλειν
562 3468 718 3521 αὑτὸν
770 3465 1075 3540 μεταϐαλεῖν
1132 3470 1232 3522 τὴν
1285 3467 1513 3527 αἰρεσιν,
1572 3466 1753 3521 Μηνᾶς
1807 3462 1835 3513 6

1988 3464 2245 3535 ivusque
2274 3464 2517 3519 Mennas
2538 3461 2902 3532 subrogatus
2929 3480 2943 3529 ;
2968 3462 3229 3520 ordinati
3262 3467 3465 3520 tamen
3515 3463 3595 3521 ab

228 3560 367 3619 θεῖος
415 3562 846 3629 κεχειροτόνηται
872 3577 886 3591 ’
946 3558 996 3608 οἱ
1047 3551 1109 3608 δε
1134 3553 1257 3628 παρ’
1313 3552 1474 3605 αὑτοῦ
1526 3569 1834 3624 χειροτονη-

1983 3553 2221 3608 nthimo
2244 3551 2395 3607 sacri
2411 3551 2539 3617 viri,
2574 3549 2655 3607 ad
2675 3550 3169 3608 communionem
3186 3551 3437 3609 admissi
3453 3558 3596 3610 sunt

228 3648 397 3708 θέντες
425 3642 749 3717 έδεχθησαν,
802 3650 897 3704 τὴν
926 3646 1128 3718 αἵρεσιν
1180 3642 1484 3714 ἀποθέμενοι
1516 3660 1530 3673 ·
1561 3642 1628 3693 τὰ
1680 3645 1833 3698 Σευη-

1990 3646 2239 3712 uotquot
2249 3639 2529 3695 haeretica
2549 3639 2733 3695 errori
2748 3639 3191 3699 valedixerunt:
3218 3641 3417 3698 Severi
3433 3642 3596 3698 enim

226 3755 323 3809 ρον
348 3738 453 3810 γὰρ
482 3732 545 3793 ἧν
581 3743 774 3809 φρονῶν
813 3736 839 3787 ό
868 3733 1138 3805 Ἀνθιμος.
1193 3731 1332 3784 Ἐπεὶ
1386 3727 1445 3783 δε
1500 3734 1590 3782 καὶ
1646 3730 1676 3787 ἡ
1730 3737 1831 3781 τῶν

1983 3730 2213 3785 aaresim
2242 3727 2487 3784 fovebat
2505 3729 2844 3786 Anthimus.
2872 3731 3197 3802 Postquam
3226 3746 3365 3787 vero
3389 3733 3596 3788 Mono-

228 3824 597 3882 Πονοθελητῶν
648 3828 873 3880 κακίστη
930 3824 1129 3895 αἵρεσις
1176 3818 1512 3894 ἐπεκράτησε,
1564 3822 1649 3878 τίς
1701 3819 1831 3889 μετὰ

1981 3818 2277 3873 ιθὶὶῐεινιιω
2312 3817 2579 3889 pessima
2607 3817 2845 3874 haeresis
2875 3823 3081 3875 exorta
3111 3823 3217 3885 est,
3263 3835 3594 3892 quemnam

226 3922 397 3967 ταῦτα
467 3923 566 3966 τῶν
623 3912 677 3975 ἐξ
728 3912 896 3964 αὐτῶν
976 3912 1305 3982 χειροτονίαν
1389 3905 1677 3980 δεξαμένων
1738 3906 1830 3958 οὐκ

1983 3906 2018 3962 b
2042 3907 2133 3963 his
2158 3906 2503 3962 ordinatum
2536 3912 2697 3963 sexta
2727 3905 3002 3978 synodus
3030 3922 3155 3965 non
3179 3907 3426 3964 admisit
3474 3909 3596 3980 (cui

226 4000 427 4075 ἐδέχθη
487 4001 536 4055 έν
590 4008 652 4075 τῇ
720 4002 840 4073 ἕκτῃ
912 3995 1140 4070 συνόδῳ,
1196 4000 1256 4060 ἧς
1328 4000 1551 4069 ἡγοῦντο
1595 3995 1831 4067 Ἀγάθων

1983 3994 2255 4066 aeteroqui
2288 3999 2588 4066 praeerant
2604 3995 2838 4063 Agatho
2868 3996 3172 4051 Romanus
3196 4010 3381 4067 papa,
3422 3997 3596 4053 Geor-

226 4094 447 4154 πάππας
533 4090 730 4163 Ῥώμης
760 4135 777 4159 ,
864 4094 1115 4163 Γεώργιος
1222 4083 1827 4150 Κωνσταντινουπόλεως,

1983 4083 2073 4139 ius
2096 4081 2813 4155 Constantinopolitanus,
2844 4099 2916 4139 ac
2954 4083 3350 4156 Theophanes
3394 4082 3596 4141 Antio-

225 4186 313 4234 καὶ
394 4182 658 4252 Θεοφάνης
728 4179 1073 4251 ’Δντιοχείας,
1159 4181 1311 4250 μόνον
1368 4176 1411 4228 εὶ
1482 4180 1574 4233 τὴν
1631 4176 1831 4245 αἳρεσιν

1981 4174 2164 4230 henus
2168 4184 2185 4244 )
2198 4173 2245 4228 si
2258 4172 2443 4229 modo
2476 4172 2756 4231 heeresim
2768 4172 3045 4244 ejuravit,
3070 4172 3594 4246 orthodoxamque

226 4269 586 4342 ὁινεθεμάτισε,
668 4273 761 4321 καὶ
833 4275 893 4326 τῆ
951 4263 1217 4341 ὀρθοδόξῳ
1267 4266 1551 4341 προσετέθη
1604 4268 1830 4328 πίστεις

1983 4260 2122 4315 dem
2153 4260 2463 4333 professus
2492 4264 2584 4316 est
2613 4260 2641 4316 ?
2666 4264 2811 4316 item
2857 4259 3273 4319 Rhinotmetus
3316 4260 3595 4318 Justinia-

228 4358 386 4412 Ἀλλὰ
418 4362 510 4411 καὶ
559 4358 930 4416 ’1ουστινιανός
960 4357 987 4409 ό
1019 4356 1351 4429 Ῥινότμητος
1405 4353 1690 4407 Κάλλιστον
1720 4351 1830 4421 (Η)

1980 4365 2054 4405 us
2069 4348 2380 4406 Callistum
2390 4348 2836 4406 sanctissimum
2850 4350 3450 4423 Constantinopoleos
3469 4350 3593 4423 epis

224 4451 317 4520 μεν
374 4450 463 4500 τὸν
516 4446 804 4518 ἁγιώτατον
887 4444 1473 4504 Κωνσταντινουπολεως
1551 4440 1832 4494 ἐπίσκοπον

1985 4453 2195 4510 zopum
2215 4438 2433 4508 injuste
2456 4437 2687 4511 depulit
2706 4438 2870 4510 sede,
2913 4439 3199 4512 regiaque
3240 4439 3389 4497 urbe
3426 4438 3598 4510 fuga-

225 4532 427 4598 ἀδίκως
453 4535 656 4588 καθεῖλε
682 4542 772 4586 τοὺ
808 4535 1015 4607 θρόνου,
1050 4538 1139 4585 καὶ
1167 4542 1258 4593 τῆς
1314 4531 1507 4593 πόλεως
1569 4529 1834 4603 ἐξόριστον

1978 4545 2071 4585 um
2099 4534 2156 4585 et
2184 4533 2551 4587 excaecatum
2573 4529 2654 4585 ad
2679 4534 2941 4587 veterem
2969 4530 3225 4587 Romam
3248 4529 3591 4602 ablegavit:

226 4627 297 4688 εἰς
348 4629 447 4683 τὴν
534 4622 891 4698 πρεσϐυτέραν
968 4623 1168 4694 Ῥώμην
1228 4627 1474 4696 πρότερον
1530 4618 1834 4691 ἀποτυφλώο

1979 4621 2163 4690 Lyram
2192 4624 2395 4674 autem
2410 4618 2779 4676 monachum
2797 4618 3122 4688 inclusum,
3148 4636 3222 4676 ex
3256 4619 3592 4678 Amastride

228 4732 326 4775 σας
363 4714 559 4766 τέθεικε
589 4733 603 4745 ο
632 4716 719 4765 τὸν
751 4708 811 4765 δε
840 4710 1132 4783 ἔγκλειστον
1186 4717 1353 4784 Κῦρον
1408 4708 1461 4761 ἐκ
1512 4716 1607 4770 τῆς
1642 4707 1833 4767 πόλεως

1986 4707 2090 4764 rbe
2119 4708 2398 4773 accitum,
2426 4708 2488 4763 in
2516 4707 2776 4780 prmdicti
2807 4708 3063 4767 statione
3089 4708 3419 4777 collocavit,
3444 4709 3594 4781 quia

226 4792 591 4874 Ἀμάστριδος
620 4799 854 4871 ἐνεγκὼν,
907 4799 975 4859 εἰς
1025 4802 1111 4851 τόν
1163 4798 1354 4850 ἐκείνου
1408 4799 1584 4871 θρόνον
1630 4795 1832 4861 ἀνῇξεν,

1978 4797 2297 4853 raedixerat
2320 4797 2437 4869 ipsi
2455 4797 2711 4854 reditum
2751 4798 2813 4855 in
2853 4798 3084 4868 regiam
3127 4798 3360 4864 urbem,
3409 4803 3591 4871 atque

226 4886 407 4948 ἐπειδὴ
492 4896 730 4963 προεῖπεν
812 4888 954 4958 αὐτῷ
1035 4892 1123 4945 τὴν
1176 4886 1243 4949 εὶς
1303 4890 1397 4945 τὴν
1453 4886 1601 4939 πόλιν
1678 4883 1832 4937 πάλιν

1979 4886 2172 4958 nperii
2186 4885 2721 4958 recuperationem.
2736 4886 3098 4959 Philippicus
3116 4900 3258 4942 vero
3287 4886 3592 4945 Bardanes

228 4976 497 5043 έπάνοδον,
554 4983 646 5030 καὶ
719 4982 813 5036 τὴν
864 4984 958 5037 τῆς
1016 4975 1285 5048 βασιλείας
1348 4971 1501 5036 αὖθις
1549 4972 1827 5046 ἀνάληψιν.

1978 4974 2261 5047 :nperium
2286 4975 2560 5045 adeptus,
2588 4981 2646 5031 et
2666 4979 2895 5031 sextam
2916 4973 3215 5047 synodum
3234 4975 3591 5049 antiquavit,

227 5066 538 5128 Φιλιππικός
564 5062 623 5119 δε
670 5067 701 5124 ἠ
735 5070 826 5117 καὶ
880 5061 1154 5139 Βαρδὰνης
1209 5072 1301 5125 τῆς
1356 5061 1626 5135 βασιλείας
1678 5081 1829 5114 τετυ-

1977 5068 2005 5120 t
2024 5065 2153 5135 ipse
2171 5063 2446 5135 putabat,
2474 5062 2772 5119 celebrato
2793 5063 2969 5121 stulte
2985 5063 3274 5123 adversus
3293 5080 3428 5121 eam
3448 5080 3590 5122 con-

225 5161 430 5227 χηκὼς,
463 5161 554 5207 καὶ
591 5160 685 5213 τὴν
732 5155 884 5211 ἕκτην
933 5153 1293 5226 οἰκουμενικὴν
1351 5148 1571 5205 σύνοδον
1629 5149 1831 5223 ἀκυρώ-

1975 5151 2074 5208 ilio
2101 5151 2186 5219 (id
2206 5152 2367 5209 enim
2400 5168 2465 5208 se
2486 5151 2782 5209 facturum
2818 5152 3177 5225 promiserat
3221 5152 3588 5211 Callistratici

228 5262 343 5311 σας,
372 5246 442 5304 ὡς
472 5240 636 5308 ἔδοξε,
676 5238 896 5295 σύνοδον
928 5239 1179 5314 ἁθροίσας
1226 5242 1252 5291 ό
1303 5242 1523 5311 μάταιος
1571 5239 1688 5291 κατ’
1740 5239 1830 5290 αὗ-

1979 5240 2196 5297 mnobii
2221 5241 2525 5299 monacho
2552 5242 2658 5315 qui
2686 5242 2741 5297 ei
2765 5242 3085 5316 imperium
3121 5242 3431 5300 ominatus
3466 5242 3592 5299 fue—

298 5388 629 5467 (‘9)_9N_e_mpe
658 5384 1078 5467 Eripit-emittm,
1111 5388 1173 5439 ut
1206 5384 1334 5467 jam
1396 5381 1538 5467 dixi.
1641 5452 1657 5467 ‘
2006 5381 2122 5456 (tt)
2152 5384 2407 5467 Imonhic
2457 5384 2674 5467 dicitur
2712 5384 3049 5467 ᾷᾳιιίηίσαε
3090 5384 3170 5443 ab
3227 5384 3586 5459 Ephrasmio,

231 5529 270 5585 ti
298 5452 410 5531 (ίῦ)
442 5452 771 5516 Ηίοῖθωοό
792 5455 1133 5513 Timotheus
1154 5452 1414 5513 creditur
1442 5452 1622 5513 fuisse
1641 5452 1830 5509 htere-
1935 5452 2245 5530 anonymo
2277 5456 2662 5527 Barocciano,
2692 5455 2964 5531 aliisque.

272 5545 398 5585 cus.
2274 5556 2282 5563 .
2492 5549 2499 5559 .

4072 2396 4073 2477 ὶ

4071 2638 4073 2697 ι
