  <div class='ocr_page' id='page_1' title='image "/cluster/home/n/w/nwhite01/storage/ocr_20150623/140/hvd.32044073502551/429.png"; bbox 0 0 4084 6206; ppageno 0'>
   <div class='ocr_carea' id='block_1_1' title="bbox 489 215 588 271">
    <p class='ocr_par' dir='ltr' id='par_1_1' title="bbox 489 215 588 271">
     <span class='ocr_line' id='line_1_1' title="bbox 489 215 588 271; baseline 0.02 -2"><span class='ocrx_word' id='word_1_1' title='bbox 489 215 588 271; x_wconf 70' lang='grc'><strong>’791</strong></span> 
     </span>
    </p>
   </div>
   <div class='ocr_carea' id='block_1_2' title="bbox 1808 207 2509 268">
    <p class='ocr_par' dir='ltr' id='par_1_2' title="bbox 1808 207 2509 268">
     <span class='ocr_line' id='line_1_2' title="bbox 1808 207 2509 268; baseline -0.004 0"><span class='ocrx_word' id='word_1_2' title='bbox 1808 207 2144 268; x_wconf 77' lang='lat' dir='ltr'><strong>METHODII</strong></span> <span class='ocrx_word' id='word_1_3' title='bbox 2178 208 2509 267; x_wconf 69' lang='lat' dir='ltr'><strong>HONACHI.</strong></span> 
     </span>
    </p>
   </div>
   <div class='ocr_carea' id='block_1_3' title="bbox 3743 212 3850 266">
    <p class='ocr_par' dir='ltr' id='par_1_3' title="bbox 3743 212 3850 266">
     <span class='ocr_line' id='line_1_3' title="bbox 3743 212 3850 266; baseline 0.009 -1"><span class='ocrx_word' id='word_1_4' title='bbox 3743 212 3850 266; x_wconf 76' lang='lat'><strong>792</strong></span> 
     </span>
    </p>
   </div>
   <div class='ocr_carea' id='block_1_4' title="bbox 489 330 2154 412">
    <p class='ocr_par' dir='ltr' id='par_1_4' title="bbox 489 337 2152 412">
     <span class='ocr_line' id='line_1_4' title="bbox 489 337 2152 412; baseline -0.004 -15"><span class='ocrx_word' id='word_1_5' title='bbox 489 338 640 411; x_wconf 83' lang='lat' dir='ltr'><strong>rat);</strong></span> <span class='ocrx_word' id='word_1_6' title='bbox 668 340 726 396; x_wconf 90' lang='lat' dir='ltr'><strong>et</strong></span> <span class='ocrx_word' id='word_1_7' title='bbox 740 337 1082 412; x_wconf 80' lang='lat' dir='ltr'><strong>patriarcha</strong></span> <span class='ocrx_word' id='word_1_8' title='bbox 1100 340 1510 397; x_wconf 81' lang='lat' dir='ltr'><strong>exauctorato.</strong></span> <span class='ocrx_word' id='word_1_9' title='bbox 1527 339 1824 395; x_wconf 81' lang='lat' dir='ltr'><strong>Joannem</strong></span> <span class='ocrx_word' id='word_1_10' title='bbox 1851 337 2152 393; x_wconf 87' lang='lat' dir='ltr'><strong>consecta-</strong></span> 
     </span>
    </p>
   </div>
   <div class='ocr_carea' id='block_1_5' title="bbox 2265 330 3860 412">
    <p class='ocr_par' dir='ltr' id='par_1_5' title="bbox 2265 330 3860 409">
     <span class='ocr_line' id='line_1_5' title="bbox 2265 330 3860 409; baseline -0.002 -22"><span class='ocrx_word' id='word_1_11' title='bbox 2265 342 2349 396; x_wconf 80' lang='grc' dir='ltr'>τῆς</span> <span class='ocrx_word' id='word_1_12' title='bbox 2375 334 2559 406; x_wconf 81' lang='grc' dir='ltr'>(τοῦτο</span> <span class='ocrx_word' id='word_1_13' title='bbox 2587 335 2687 409; x_wconf 81' lang='grc' dir='ltr'><strong>γὰρ</strong></span> <span class='ocrx_word' id='word_1_14' title='bbox 2719 331 2780 393; x_wconf 75' lang='grc' dir='ltr'><strong>ἧν</strong></span> <span class='ocrx_word' id='word_1_15' title='bbox 2810 334 3126 407; x_wconf 68' lang='grc' dir='ltr'>ὑποσχεθεὶς</span> <span class='ocrx_word' id='word_1_16' title='bbox 3183 338 3255 404; x_wconf 79' lang='grc' dir='ltr'>τῷ</span> <span class='ocrx_word' id='word_1_17' title='bbox 3286 330 3335 387; x_wconf 77' lang='grc' dir='ltr'><strong>έν</strong></span> <span class='ocrx_word' id='word_1_18' title='bbox 3396 338 3459 407; x_wconf 73' lang='grc' dir='ltr'><strong>τῇ</strong></span> <span class='ocrx_word' id='word_1_19' title='bbox 3525 338 3621 388; x_wconf 84' lang='grc' dir='ltr'>τοῦ</span> <span class='ocrx_word' id='word_1_20' title='bbox 3672 332 3860 390; x_wconf 75' lang='grc' dir='ltr'>Καλλιο</span> 
     </span>
    </p>
   </div>
   <div class='ocr_carea' id='block_1_6' title="bbox 490 423 2150 500">
    <p class='ocr_par' dir='ltr' id='par_1_6' title="bbox 490 423 2150 500">
     <span class='ocr_line' id='line_1_6' title="bbox 490 423 2150 500; baseline -0.004 -15"><span class='ocrx_word' id='word_1_21' title='bbox 490 443 675 485; x_wconf 90' lang='lat' dir='ltr'><strong>neum</strong></span> <span class='ocrx_word' id='word_1_22' title='bbox 698 443 877 483; x_wconf 87' lang='lat' dir='ltr'><strong>suum</strong></span> <span class='ocrx_word' id='word_1_23' title='bbox 907 425 1101 497; x_wconf 90' lang='lat' dir='ltr'><strong>elegit,</strong></span> <span class='ocrx_word' id='word_1_24' title='bbox 1125 427 1229 500; x_wconf 86' lang='lat' dir='ltr'><strong>qui</strong></span> <span class='ocrx_word' id='word_1_25' title='bbox 1253 426 1517 484; x_wconf 75' lang='lat' dir='ltr'><strong>fervidus</strong></span> <span class='ocrx_word' id='word_1_26' title='bbox 1561 426 1803 484; x_wconf 77' lang='lat' dir='ltr'><strong>nefariae</strong></span> <span class='ocrx_word' id='word_1_27' title='bbox 1847 423 2150 483; x_wconf 78' lang='lat' dir='ltr'><strong>Monothe-</strong></span> 
     </span>
    </p>
   </div>
   <div class='ocr_carea' id='block_1_7' title="bbox 487 515 2149 583">
    <p class='ocr_par' dir='ltr' id='par_1_7' title="bbox 487 515 2149 583">
     <span class='ocr_line' id='line_1_7' title="bbox 487 515 2149 583; baseline -0.004 -9"><span class='ocrx_word' id='word_1_28' title='bbox 487 517 733 575; x_wconf 88' lang='lat' dir='ltr'><strong>litarum</strong></span> <span class='ocrx_word' id='word_1_29' title='bbox 761 516 1055 573; x_wconf 77' lang='lat' dir='ltr'><strong>haereseos</strong></span> <span class='ocrx_word' id='word_1_30' title='bbox 1100 520 1336 573; x_wconf 82' lang='lat' dir='ltr'><strong>amator</strong></span> <span class='ocrx_word' id='word_1_31' title='bbox 1378 520 1523 573; x_wconf 85' lang='lat' dir='ltr'><strong>erat.</strong></span> <span class='ocrx_word' id='word_1_32' title='bbox 1577 515 1875 573; x_wconf 74' lang='lat' dir='ltr'><strong>Artemius</strong></span> <span class='ocrx_word' id='word_1_33' title='bbox 1924 517 2149 583; x_wconf 86' lang='lat' dir='ltr'><strong>autem,</strong></span> 
     </span>
    </p>
   </div>
   <div class='ocr_carea' id='block_1_8' title="bbox 492 603 2148 677">
    <p class='ocr_par' dir='ltr' id='par_1_8' title="bbox 492 603 2148 677">
     <span class='ocr_line' id='line_1_8' title="bbox 492 603 2148 677; baseline -0.003 -15"><span class='ocrx_word' id='word_1_34' title='bbox 492 606 591 677; x_wconf 87' lang='lat' dir='ltr'><strong>qui</strong></span> <span class='ocrx_word' id='word_1_35' title='bbox 607 608 664 662; x_wconf 90' lang='lat' dir='ltr'><strong>et</strong></span> <span class='ocrx_word' id='word_1_36' title='bbox 680 604 1027 662; x_wconf 81' lang='lat' dir='ltr'><strong>Anastasius</strong></span> <span class='ocrx_word' id='word_1_37' title='bbox 1050 603 1388 669; x_wconf 89' lang='lat' dir='ltr'><strong>dicebatur,</strong></span> <span class='ocrx_word' id='word_1_38' title='bbox 1411 619 1551 661; x_wconf 89' lang='lat' dir='ltr'><strong>cum</strong></span> <span class='ocrx_word' id='word_1_39' title='bbox 1571 604 1805 675; x_wconf 87' lang='lat' dir='ltr'><strong>regium</strong></span> <span class='ocrx_word' id='word_1_40' title='bbox 1845 606 2148 675; x_wconf 81' lang='lat' dir='ltr'><strong>sceptrum</strong></span> 
     </span>
    </p>
   </div>
   <div class='ocr_carea' id='block_1_9' title="bbox 489 691 2149 766">
    <p class='ocr_par' dir='ltr' id='par_1_9' title="bbox 489 691 2149 766">
     <span class='ocr_line' id='line_1_9' title="bbox 489 691 2149 766; baseline -0.003 -15"><span class='ocrx_word' id='word_1_41' title='bbox 489 694 905 759; x_wconf 79' lang='lat' dir='ltr'><strong>aﬂ&#39;ectavisset,</strong></span> <span class='ocrx_word' id='word_1_42' title='bbox 939 694 1147 766; x_wconf 89' lang='lat' dir='ltr'><strong>Cyzico</strong></span> <span class='ocrx_word' id='word_1_43' title='bbox 1178 693 1476 752; x_wconf 88' lang='lat' dir='ltr'><strong>transtulit</strong></span> <span class='ocrx_word' id='word_1_44' title='bbox 1495 694 1574 751; x_wconf 91' lang='lat' dir='ltr'><strong>ad</strong></span> <span class='ocrx_word' id='word_1_45' title='bbox 1617 693 1794 765; x_wconf 75' lang='lat' dir='ltr'><strong>regiae</strong></span> <span class='ocrx_word' id='word_1_46' title='bbox 1842 691 2011 748; x_wconf 87' lang='lat' dir='ltr'><strong>urbis</strong></span> <span class='ocrx_word' id='word_1_47' title='bbox 2061 706 2149 747; x_wconf 90' lang='lat' dir='ltr'><strong>se-</strong></span> 
     </span>
    </p>
   </div>
   <div class='ocr_carea' id='block_1_10' title="bbox 488 780 2147 856">
    <p class='ocr_par' dir='ltr' id='par_1_10' title="bbox 488 780 2147 856">
     <span class='ocr_line' id='line_1_10' title="bbox 488 780 2147 856; baseline -0.002 -16"><span class='ocrx_word' id='word_1_48' title='bbox 488 783 629 841; x_wconf 87' lang='lat' dir='ltr'><strong>dem</strong></span> <span class='ocrx_word' id='word_1_49' title='bbox 658 787 936 840; x_wconf 90' lang='lat' dir='ltr'><strong>sanctum</strong></span> <span class='ocrx_word' id='word_1_50' title='bbox 967 785 1353 852; x_wconf 83' lang='lat' dir='ltr'><strong>Germanum,</strong></span> <span class='ocrx_word' id='word_1_51' title='bbox 1384 784 1613 842; x_wconf 84' lang='lat' dir='ltr'><strong>Joanne</strong></span> <span class='ocrx_word' id='word_1_52' title='bbox 1644 785 1854 856; x_wconf 88' lang='lat' dir='ltr'><strong>ejecto,</strong></span> <span class='ocrx_word' id='word_1_53' title='bbox 1891 781 1997 856; x_wconf 87' lang='lat' dir='ltr'><strong>qui</strong></span> <span class='ocrx_word' id='word_1_54' title='bbox 2034 780 2147 838; x_wconf 90' lang='lat' dir='ltr'><strong>ad-</strong></span> 
     </span>
    </p>
   </div>
   <div class='ocr_carea' id='block_1_11' title="bbox 487 871 2146 947">
    <p class='ocr_par' dir='ltr' id='par_1_11' title="bbox 487 871 2146 947">
     <span class='ocr_line' id='line_1_11' title="bbox 487 871 2146 947; baseline -0.002 -16"><span class='ocrx_word' id='word_1_55' title='bbox 487 890 701 932; x_wconf 84' lang='lat' dir='ltr'><strong>versus</strong></span> <span class='ocrx_word' id='word_1_56' title='bbox 742 889 977 931; x_wconf 84' lang='lat' dir='ltr'><strong>sacram</strong></span> <span class='ocrx_word' id='word_1_57' title='bbox 1037 879 1268 931; x_wconf 82' lang='lat' dir='ltr'><strong>sextam</strong></span> <span class='ocrx_word' id='word_1_58' title='bbox 1324 873 1650 947; x_wconf 87' lang='lat' dir='ltr'><strong>synodum,</strong></span> <span class='ocrx_word' id='word_1_59' title='bbox 1694 878 1760 931; x_wconf 90' lang='lat' dir='ltr'><strong>ut</strong></span> <span class='ocrx_word' id='word_1_60' title='bbox 1801 873 1943 941; x_wconf 75' lang='lat' dir='ltr'><strong>dixi,</strong></span> <span class='ocrx_word' id='word_1_61' title='bbox 1984 871 2146 928; x_wconf 79' lang='lat' dir='ltr'><strong>fure-</strong></span> 
     </span>
    </p>
   </div>
   <div class='ocr_carea' id='block_1_12' title="bbox 488 963 615 1020">
    <p class='ocr_par' dir='ltr' id='par_1_12' title="bbox 488 963 615 1020">
     <span class='ocr_line' id='line_1_12' title="bbox 488 963 615 1020; baseline 0 0"><span class='ocrx_word' id='word_1_62' title='bbox 488 963 615 1020; x_wconf 88' lang='lat' dir='ltr'><strong>bat.</strong></span> 
     </span>
    </p>
   </div>
   <div class='ocr_carea' id='block_1_13' title="bbox 488 1050 2231 1129">
    <p class='ocr_par' dir='ltr' id='par_1_13' title="bbox 488 1050 2231 1129">
     <span class='ocr_line' id='line_1_13' title="bbox 488 1050 2231 1129; baseline -0.003 -24"><span class='ocrx_word' id='word_1_63' title='bbox 488 1054 634 1126; x_wconf 73' lang='grc' dir='ltr'>ἅγιον</span> <span class='ocrx_word' id='word_1_64' title='bbox 674 1056 943 1129; x_wconf 86' lang='grc' dir='ltr'>Γερμαμόν</span> <span class='ocrx_word' id='word_1_65' title='bbox 980 1056 1248 1127; x_wconf 79' lang='grc' dir='ltr'>μετέθηκε,</span> <span class='ocrx_word' id='word_1_66' title='bbox 1289 1056 1637 1116; x_wconf 78' lang='grc' dir='ltr'><strong>κατασπάσας</strong></span> <span class='ocrx_word' id='word_1_67' title='bbox 1680 1057 1767 1108; x_wconf 85' lang='grc' dir='ltr'><strong>τόν</strong></span> <span class='ocrx_word' id='word_1_68' title='bbox 1824 1053 2087 1121; x_wconf 76' lang='grc' dir='ltr'><strong>Ἰωάννην,</strong></span> <span class='ocrx_word' id='word_1_69' title='bbox 2144 1050 2231 1102; x_wconf 88' lang='grc' dir='ltr'>τὸν</span> 
     </span>
    </p>
   </div>
   <div class='ocr_carea' id='block_1_14' title="bbox 486 1163 744 1202">
    <p class='ocr_par' dir='ltr' id='par_1_14' title="bbox 486 1163 744 1202">
     <span class='ocr_line' id='line_1_14' title="bbox 486 1163 744 1202; baseline 0.012 -6"><span class='ocrx_word' id='word_1_70' title='bbox 486 1164 546 1202; x_wconf 82' lang='grc' dir='ltr'><strong>τη</strong></span> <span class='ocrx_word' id='word_1_71' title='bbox 559 1163 744 1200; x_wconf 84' lang='grc' dir='ltr'>σαντα.</span> 
     </span>
    </p>
   </div>
   <div class='ocr_carea' id='block_1_15' title="bbox 561 1230 2147 1305">
    <p class='ocr_par' dir='ltr' id='par_1_15' title="bbox 561 1230 2147 1305">
     <span class='ocr_line' id='line_1_15' title="bbox 561 1230 2147 1305; baseline -0.002 -17"><span class='ocrx_word' id='word_1_72' title='bbox 561 1236 619 1288; x_wconf 86' lang='grc'><strong>9.</strong></span> <span class='ocrx_word' id='word_1_73' title='bbox 651 1234 735 1288; x_wconf 83' lang='lat' dir='ltr'><strong>Ex</strong></span> <span class='ocrx_word' id='word_1_74' title='bbox 759 1247 881 1305; x_wconf 88' lang='lat' dir='ltr'><strong>quo</strong></span> <span class='ocrx_word' id='word_1_75' title='bbox 899 1235 1102 1289; x_wconf 86' lang='lat' dir='ltr'><strong>autem</strong></span> <span class='ocrx_word' id='word_1_76' title='bbox 1134 1233 1372 1290; x_wconf 89' lang='lat' dir='ltr'><strong>arcanis</strong></span> <span class='ocrx_word' id='word_1_77' title='bbox 1402 1234 1499 1290; x_wconf 89' lang='lat' dir='ltr'><strong>Dei</strong></span> <span class='ocrx_word' id='word_1_78' title='bbox 1526 1232 1771 1305; x_wconf 88' lang='lat' dir='ltr'><strong>judiciis</strong></span> <span class='ocrx_word' id='word_1_79' title='bbox 1826 1234 1940 1289; x_wconf 90' lang='lat' dir='ltr'><strong>Leo</strong></span> <span class='ocrx_word' id='word_1_80' title='bbox 1990 1230 2147 1287; x_wconf 87' lang='lat' dir='ltr'><strong>lsau-</strong></span> 
     </span>
    </p>
   </div>
   <div class='ocr_carea' id='block_1_16' title="bbox 486 1321 2146 1396">
    <p class='ocr_par' dir='ltr' id='par_1_16' title="bbox 486 1321 2146 1396">
     <span class='ocr_line' id='line_1_16' title="bbox 486 1321 2146 1396; baseline -0.002 -17"><span class='ocrx_word' id='word_1_81' title='bbox 486 1322 647 1379; x_wconf 87' lang='lat' dir='ltr'><strong>ricus</strong></span> <span class='ocrx_word' id='word_1_82' title='bbox 675 1321 1200 1394; x_wconf 83' lang='lat' dir='ltr'><strong>imperiihabenas</strong></span> <span class='ocrx_word' id='word_1_83' title='bbox 1248 1322 1550 1396; x_wconf 84' lang='lat' dir='ltr'><strong>corripuit,</strong></span> <span class='ocrx_word' id='word_1_84' title='bbox 1606 1326 1867 1396; x_wconf 86' lang='lat' dir='ltr'><strong>postque</strong></span> <span class='ocrx_word' id='word_1_85' title='bbox 1916 1335 2146 1377; x_wconf 87' lang='lat' dir='ltr'><strong>nonum</strong></span> 
     </span>
    </p>
   </div>
   <div class='ocr_carea' id='block_1_17' title="bbox 488 1410 2149 1481">
    <p class='ocr_par' dir='ltr' id='par_1_17' title="bbox 488 1410 2149 1481">
     <span class='ocr_line' id='line_1_17' title="bbox 488 1410 2149 1481; baseline -0.002 -13"><span class='ocrx_word' id='word_1_86' title='bbox 488 1410 655 1481; x_wconf 81' lang='lat' dir='ltr'><strong>regni</strong></span> <span class='ocrx_word' id='word_1_87' title='bbox 687 1413 779 1466; x_wconf 88' lang='lat' dir='ltr'><strong>sui</strong></span> <span class='ocrx_word' id='word_1_88' title='bbox 810 1426 1040 1467; x_wconf 90' lang='lat' dir='ltr'><strong>annum</strong></span> <span class='ocrx_word' id='word_1_89' title='bbox 1058 1412 1540 1469; x_wconf 88' lang='lat' dir='ltr'><strong>iconomachiam</strong></span> <span class='ocrx_word' id='word_1_90' title='bbox 1573 1411 1917 1477; x_wconf 88' lang='lat' dir='ltr'><strong>commovit,</strong></span> <span class='ocrx_word' id='word_1_91' title='bbox 1943 1411 1991 1467; x_wconf 84' lang='lat' dir='ltr'><strong>is</strong></span> <span class='ocrx_word' id='word_1_92' title='bbox 2014 1424 2149 1466; x_wconf 89' lang='lat' dir='ltr'><strong>san-</strong></span> 
     </span>
    </p>
   </div>
   <div class='ocr_carea' id='block_1_18' title="bbox 489 1500 2148 1572">
    <p class='ocr_par' dir='ltr' id='par_1_18' title="bbox 489 1500 2148 1572">
     <span class='ocr_line' id='line_1_18' title="bbox 489 1500 2148 1572; baseline -0.002 -15"><span class='ocrx_word' id='word_1_93' title='bbox 489 1506 654 1557; x_wconf 87' lang='lat' dir='ltr'><strong>ctum</strong></span> <span class='ocrx_word' id='word_1_94' title='bbox 676 1500 918 1572; x_wconf 86' lang='lat' dir='ltr'><strong>quidem</strong></span> <span class='ocrx_word' id='word_1_95' title='bbox 940 1502 1324 1571; x_wconf 84' lang='lat' dir='ltr'><strong>Germanum,</strong></span> <span class='ocrx_word' id='word_1_96' title='bbox 1350 1500 1451 1572; x_wconf 88' lang='lat' dir='ltr'><strong>obj</strong></span> <span class='ocrx_word' id='word_1_97' title='bbox 1463 1501 1843 1572; x_wconf 88' lang='lat' dir='ltr'><strong>urgationum</strong></span> <span class='ocrx_word' id='word_1_98' title='bbox 1862 1501 1994 1571; x_wconf 87' lang='lat' dir='ltr'><strong>ejus</strong></span> <span class='ocrx_word' id='word_1_99' title='bbox 2042 1500 2148 1554; x_wconf 90' lang='lat' dir='ltr'><strong>im-</strong></span> 
     </span>
    </p>
   </div>
   <div class='ocr_carea' id='block_1_19' title="bbox 490 1588 2146 1663">
    <p class='ocr_par' dir='ltr' id='par_1_19' title="bbox 490 1588 2146 1663">
     <span class='ocr_line' id='line_1_19' title="bbox 490 1588 2146 1663; baseline -0.001 -19"><span class='ocrx_word' id='word_1_100' title='bbox 490 1589 747 1661; x_wconf 82' lang='lat' dir='ltr'><strong>patiens,</strong></span> <span class='ocrx_word' id='word_1_101' title='bbox 799 1593 1091 1645; x_wconf 83' lang='lat' dir='ltr'><strong>extorrem</strong></span> <span class='ocrx_word' id='word_1_102' title='bbox 1146 1589 1304 1653; x_wconf 86' lang='lat' dir='ltr'><strong>fecit,</strong></span> <span class='ocrx_word' id='word_1_103' title='bbox 1364 1590 1689 1663; x_wconf 87' lang='lat' dir='ltr'><strong>sedemque</strong></span> <span class='ocrx_word' id='word_1_104' title='bbox 1747 1588 2146 1662; x_wconf 89' lang='lat' dir='ltr'><strong>metropoleos</strong></span> 
     </span>
    </p>
   </div>
   <div class='ocr_carea' id='block_1_20' title="bbox 490 1677 2147 1752">
    <p class='ocr_par' dir='ltr' id='par_1_20' title="bbox 490 1677 2147 1752">
     <span class='ocr_line' id='line_1_20' title="bbox 490 1677 2147 1752; baseline 0.001 -19"><span class='ocrx_word' id='word_1_105' title='bbox 490 1677 807 1734; x_wconf 80' lang='lat' dir='ltr'><strong>Anastasio</strong></span> <span class='ocrx_word' id='word_1_106' title='bbox 826 1678 1138 1736; x_wconf 83' lang='lat' dir='ltr'><strong>concessit.</strong></span> <span class='ocrx_word' id='word_1_107' title='bbox 1168 1681 1298 1737; x_wconf 84' lang='lat' dir='ltr'><strong>Jam</strong></span> <span class='ocrx_word' id='word_1_108' title='bbox 1322 1679 1765 1752; x_wconf 83' lang='lat' dir='ltr'><strong>quinquaginta</strong></span> <span class='ocrx_word' id='word_1_109' title='bbox 1811 1684 1868 1736; x_wconf 90' lang='lat' dir='ltr'><strong>et</strong></span> <span class='ocrx_word' id='word_1_110' title='bbox 1919 1681 2147 1752; x_wconf 85' lang='lat' dir='ltr'><strong>septem</strong></span> 
     </span>
    </p>
   </div>
   <div class='ocr_carea' id='block_1_21' title="bbox 492 1766 2149 1840">
    <p class='ocr_par' dir='ltr' id='par_1_21' title="bbox 492 1766 2149 1840">
     <span class='ocr_line' id='line_1_21' title="bbox 492 1766 2149 1840; baseline 0.001 -17"><span class='ocrx_word' id='word_1_111' title='bbox 492 1781 792 1823; x_wconf 87' lang='lat' dir='ltr'><strong>annorum</strong></span> <span class='ocrx_word' id='word_1_112' title='bbox 821 1766 1153 1835; x_wconf 86' lang='lat' dir='ltr'><strong>intervallo,</strong></span> <span class='ocrx_word' id='word_1_113' title='bbox 1189 1783 1312 1840; x_wconf 89' lang='lat' dir='ltr'><strong>quo</strong></span> <span class='ocrx_word' id='word_1_114' title='bbox 1333 1768 1749 1825; x_wconf 89' lang='lat' dir='ltr'><strong>iconomachia</strong></span> <span class='ocrx_word' id='word_1_115' title='bbox 1778 1767 2149 1824; x_wconf 88' lang='lat' dir='ltr'><strong>debacchata</strong></span> 
     </span>
    </p>
   </div>
   <div class='ocr_carea' id='block_1_22' title="bbox 491 1854 2146 1929">
    <p class='ocr_par' dir='ltr' id='par_1_22' title="bbox 491 1854 2146 1929">
     <span class='ocr_line' id='line_1_22' title="bbox 491 1854 2146 1929; baseline 0 -19"><span class='ocrx_word' id='word_1_116' title='bbox 491 1854 1099 1927; x_wconf 81' lang='lat' dir='ltr'><strong>est,complurium,ut</strong></span> <span class='ocrx_word' id='word_1_117' title='bbox 1120 1871 1367 1913; x_wconf 85' lang='lat' dir='ltr'><strong>necesse</strong></span> <span class='ocrx_word' id='word_1_118' title='bbox 1384 1861 1530 1926; x_wconf 89' lang='lat' dir='ltr'><strong>erat,</strong></span> <span class='ocrx_word' id='word_1_119' title='bbox 1549 1856 1729 1928; x_wconf 86' lang='lat' dir='ltr'><strong>hujus</strong></span> <span class='ocrx_word' id='word_1_120' title='bbox 1745 1855 2146 1929; x_wconf 80' lang='lat' dir='ltr'><strong>metr0poleos</strong></span> 
     </span>
    </p>
   </div>
   <div class='ocr_carea' id='block_1_23' title="bbox 491 1942 2148 2018">
    <p class='ocr_par' dir='ltr' id='par_1_23' title="bbox 491 1942 2148 2018">
     <span class='ocr_line' id='line_1_23' title="bbox 491 1942 2148 2018; baseline 0.002 -20"><span class='ocrx_word' id='word_1_121' title='bbox 491 1942 970 2016; x_wconf 86' lang='lat' dir='ltr'><strong>patriarcharum</strong></span> <span class='ocrx_word' id='word_1_122' title='bbox 994 1945 1293 2002; x_wconf 73' lang='grc' dir='ltr'>ευοιοθεεὶο</span> <span class='ocrx_word' id='word_1_123' title='bbox 1323 1946 1462 2002; x_wconf 81' lang='lat' dir='ltr'><strong>fuit:</strong></span> <span class='ocrx_word' id='word_1_124' title='bbox 1488 1945 1681 2002; x_wconf 88' lang='lat' dir='ltr'><strong>donec</strong></span> <span class='ocrx_word' id='word_1_125' title='bbox 1701 1948 1872 2003; x_wconf 84' lang='lat' dir='ltr'><strong>aetate</strong></span> <span class='ocrx_word' id='word_1_126' title='bbox 1901 1946 2148 2018; x_wconf 87' lang='lat' dir='ltr'><strong>patriar-</strong></span> 
     </span>
    </p>
   </div>
   <div class='ocr_carea' id='block_1_24' title="bbox 489 2031 2147 2105">
    <p class='ocr_par' dir='ltr' id='par_1_24' title="bbox 489 2031 2147 2105">
     <span class='ocr_line' id='line_1_24' title="bbox 489 2031 2147 2105; baseline 0.001 -17"><span class='ocrx_word' id='word_1_127' title='bbox 489 2032 618 2088; x_wconf 61' lang='lat' dir='ltr'><strong>chae</strong></span> <span class='ocrx_word' id='word_1_128' title='bbox 649 2031 895 2103; x_wconf 88' lang='lat' dir='ltr'><strong>Tarasii,</strong></span> <span class='ocrx_word' id='word_1_129' title='bbox 931 2033 1325 2103; x_wconf 81' lang='lat' dir='ltr'><strong>regnantibus</strong></span> <span class='ocrx_word' id='word_1_130' title='bbox 1358 2036 1522 2091; x_wconf 90' lang='lat' dir='ltr'><strong>lrene</strong></span> <span class='ocrx_word' id='word_1_131' title='bbox 1565 2050 1792 2105; x_wconf 86' lang='lat' dir='ltr'><strong>magna</strong></span> <span class='ocrx_word' id='word_1_132' title='bbox 1838 2051 1978 2091; x_wconf 91' lang='lat' dir='ltr'><strong>cum</strong></span> <span class='ocrx_word' id='word_1_133' title='bbox 2024 2034 2147 2090; x_wconf 87' lang='lat' dir='ltr'><strong>ﬁlio</strong></span> 
     </span>
    </p>
   </div>
   <div class='ocr_carea' id='block_1_25' title="bbox 488 2120 2147 2196">
    <p class='ocr_par' dir='ltr' id='par_1_25' title="bbox 488 2120 2147 2196">
     <span class='ocr_line' id='line_1_25' title="bbox 488 2120 2147 2196; baseline 0.001 -18"><span class='ocrx_word' id='word_1_134' title='bbox 488 2120 898 2188; x_wconf 88' lang='lat' dir='ltr'><strong>Constantino,</strong></span> <span class='ocrx_word' id='word_1_135' title='bbox 914 2121 1169 2194; x_wconf 90' lang='lat' dir='ltr'><strong>septima</strong></span> <span class='ocrx_word' id='word_1_136' title='bbox 1183 2123 1455 2195; x_wconf 89' lang='lat' dir='ltr'><strong>synodus</strong></span> <span class='ocrx_word' id='word_1_137' title='bbox 1478 2123 1699 2181; x_wconf 81' lang='lat' dir='ltr'><strong>coaluit</strong></span> <span class='ocrx_word' id='word_1_138' title='bbox 1723 2124 1926 2196; x_wconf 87' lang='lat' dir='ltr'><strong>;cujus</strong></span> <span class='ocrx_word' id='word_1_139' title='bbox 1946 2128 2147 2180; x_wconf 89' lang='lat' dir='ltr'><strong>tamen</strong></span> 
     </span>
    </p>
   </div>
   <div class='ocr_carea' id='block_1_26' title="bbox 481 2209 2148 2284">
    <p class='ocr_par' dir='ltr' id='par_1_26' title="bbox 481 2209 2148 2284">
     <span class='ocr_line' id='line_1_26' title="bbox 481 2209 2148 2284; baseline 0.002 -18"><span class='ocrx_word' id='word_1_140' title='bbox 481 2209 654 2279; x_wconf 88' lang='lat' dir='ltr'><strong>jussu</strong></span> <span class='ocrx_word' id='word_1_141' title='bbox 676 2224 857 2266; x_wconf 92' lang='lat' dir='ltr'><strong>nemo</strong></span> <span class='ocrx_word' id='word_1_142' title='bbox 880 2209 1189 2283; x_wconf 88' lang='lat' dir='ltr'><strong>depositus</strong></span> <span class='ocrx_word' id='word_1_143' title='bbox 1219 2216 1325 2277; x_wconf 89' lang='lat' dir='ltr'><strong>est,</strong></span> <span class='ocrx_word' id='word_1_144' title='bbox 1357 2213 1463 2284; x_wconf 89' lang='lat' dir='ltr'><strong>qui</strong></span> <span class='ocrx_word' id='word_1_145' title='bbox 1483 2213 1562 2270; x_wconf 90' lang='lat' dir='ltr'><strong>ab</strong></span> <span class='ocrx_word' id='word_1_146' title='bbox 1602 2212 2019 2273; x_wconf 85' lang='lat' dir='ltr'><strong>lconomachis</strong></span> <span class='ocrx_word' id='word_1_147' title='bbox 2056 2228 2148 2269; x_wconf 91' lang='lat' dir='ltr'><strong>or-</strong></span> 
     </span>
    </p>
   </div>
   <div class='ocr_carea' id='block_1_27' title="bbox 486 2297 2143 2373">
    <p class='ocr_par' dir='ltr' id='par_1_27' title="bbox 486 2297 2143 2373">
     <span class='ocr_line' id='line_1_27' title="bbox 486 2297 2143 2373; baseline 0.003 -20"><span class='ocrx_word' id='word_1_148' title='bbox 486 2297 856 2355; x_wconf 90' lang='lat' dir='ltr'><strong>dinationem</strong></span> <span class='ocrx_word' id='word_1_149' title='bbox 884 2299 1234 2373; x_wconf 86' lang='lat' dir='ltr'><strong>accepisset,</strong></span> <span class='ocrx_word' id='word_1_150' title='bbox 1263 2301 1312 2357; x_wconf 90' lang='lat' dir='ltr'><strong>si</strong></span> <span class='ocrx_word' id='word_1_151' title='bbox 1342 2302 1526 2359; x_wconf 91' lang='lat' dir='ltr'><strong>modo</strong></span> <span class='ocrx_word' id='word_1_152' title='bbox 1581 2308 1806 2358; x_wconf 81' lang='lat' dir='ltr'><strong>sectam</strong></span> <span class='ocrx_word' id='word_1_153' title='bbox 1846 2302 2101 2373; x_wconf 87' lang='lat' dir='ltr'><strong>ejuravit</strong></span> <span class='ocrx_word' id='word_1_154' title='bbox 2128 2318 2143 2369; x_wconf 88' lang='lat'><strong>;</strong></span> 
     </span>
    </p>
   </div>
   <div class='ocr_carea' id='block_1_28' title="bbox 491 2388 2146 2462">
    <p class='ocr_par' dir='ltr' id='par_1_28' title="bbox 491 2388 2146 2462">
     <span class='ocr_line' id='line_1_28' title="bbox 491 2388 2146 2462; baseline 0.002 -19"><span class='ocrx_word' id='word_1_155' title='bbox 491 2388 758 2460; x_wconf 83' lang='lat' dir='ltr'><strong>exceptis</strong></span> <span class='ocrx_word' id='word_1_156' title='bbox 778 2388 1074 2446; x_wconf 72' lang='lat' dir='ltr'><strong>haereseos</strong></span> <span class='ocrx_word' id='word_1_157' title='bbox 1088 2390 1432 2447; x_wconf 88' lang='lat' dir='ltr'><strong>auctoribus</strong></span> <span class='ocrx_word' id='word_1_158' title='bbox 1448 2397 1505 2448; x_wconf 87' lang='lat' dir='ltr'><strong>et</strong></span> <span class='ocrx_word' id='word_1_159' title='bbox 1521 2392 1950 2462; x_wconf 76' lang='lat' dir='ltr'><strong>antesignanis,</strong></span> <span class='ocrx_word' id='word_1_160' title='bbox 1970 2391 2062 2447; x_wconf 83' lang='lat' dir='ltr'><strong>vel</strong></span> <span class='ocrx_word' id='word_1_161' title='bbox 2096 2390 2146 2446; x_wconf 87' lang='lat' dir='ltr'><strong>si</strong></span> 
     </span>
    </p>
   </div>
   <div class='ocr_carea' id='block_1_29' title="bbox 491 2475 2143 2554">
    <p class='ocr_par' dir='ltr' id='par_1_29' title="bbox 491 2475 2143 2554">
     <span class='ocr_line' id='line_1_29' title="bbox 491 2475 2143 2554; baseline 0.003 -23"><span class='ocrx_word' id='word_1_162' title='bbox 491 2476 627 2549; x_wconf 87' lang='lat' dir='ltr'><strong>quis</strong></span> <span class='ocrx_word' id='word_1_163' title='bbox 648 2475 726 2532; x_wconf 90' lang='lat' dir='ltr'><strong>ad</strong></span> <span class='ocrx_word' id='word_1_164' title='bbox 746 2476 927 2533; x_wconf 85' lang='lat' dir='ltr'><strong>tincm</strong></span> <span class='ocrx_word' id='word_1_165' title='bbox 959 2494 1151 2551; x_wconf 90' lang='lat' dir='ltr'><strong>usque</strong></span> <span class='ocrx_word' id='word_1_166' title='bbox 1181 2480 1572 2553; x_wconf 87' lang='lat' dir='ltr'><strong>pertinaciam</strong></span> <span class='ocrx_word' id='word_1_167' title='bbox 1593 2480 1972 2537; x_wconf 84' lang='lat' dir='ltr'><strong>retinuit.Sed</strong></span> <span class='ocrx_word' id='word_1_168' title='bbox 1985 2496 2143 2554; x_wconf 84' lang='lat' dir='ltr'><strong>ecce,</strong></span> 
     </span>
    </p>
   </div>
   <div class='ocr_carea' id='block_1_30' title="bbox 487 2564 2143 2641">
    <p class='ocr_par' dir='ltr' id='par_1_30' title="bbox 487 2564 2143 2641">
     <span class='ocr_line' id='line_1_30' title="bbox 487 2564 2143 2641; baseline 0.004 -22"><span class='ocrx_word' id='word_1_169' title='bbox 487 2567 628 2636; x_wconf 91' lang='lat' dir='ltr'><strong>post</strong></span> <span class='ocrx_word' id='word_1_170' title='bbox 655 2564 1172 2635; x_wconf 86' lang='lat' dir='ltr'><strong>religiosissimum</strong></span> <span class='ocrx_word' id='word_1_171' title='bbox 1225 2566 1649 2640; x_wconf 87' lang='lat' dir='ltr'><strong>Curopalatam</strong></span> <span class='ocrx_word' id='word_1_172' title='bbox 1698 2568 2143 2641; x_wconf 89' lang='lat' dir='ltr'><strong>imperatorem,</strong></span> 
     </span>
    </p>
   </div>
   <div class='ocr_carea' id='block_1_31' title="bbox 496 2655 2146 2731">
    <p class='ocr_par' dir='ltr' id='par_1_31' title="bbox 496 2655 2146 2731">
     <span class='ocr_line' id='line_1_31' title="bbox 496 2655 2146 2731; baseline 0.004 -22"><span class='ocrx_word' id='word_1_173' title='bbox 496 2655 609 2710; x_wconf 89' lang='lat' dir='ltr'><strong>Leo</strong></span> <span class='ocrx_word' id='word_1_174' title='bbox 633 2655 948 2710; x_wconf 80' lang='lat' dir='ltr'><strong>Armenius</strong></span> <span class='ocrx_word' id='word_1_175' title='bbox 962 2662 1253 2729; x_wconf 86' lang='lat' dir='ltr'><strong>occupata</strong></span> <span class='ocrx_word' id='word_1_176' title='bbox 1268 2657 1602 2729; x_wconf 87' lang='lat' dir='ltr'><strong>tyrannide.</strong></span> <span class='ocrx_word' id='word_1_177' title='bbox 1618 2658 1994 2731; x_wconf 88' lang='lat' dir='ltr'><strong>consopitam</strong></span> <span class='ocrx_word' id='word_1_178' title='bbox 2025 2658 2146 2715; x_wconf 90' lang='lat' dir='ltr'><strong>ico-</strong></span> 
     </span>
    </p>
   </div>
   <div class='ocr_carea' id='block_1_32' title="bbox 489 2744 2146 2821">
    <p class='ocr_par' dir='ltr' id='par_1_32' title="bbox 489 2744 2146 2821">
     <span class='ocr_line' id='line_1_32' title="bbox 489 2744 2146 2821; baseline 0.002 -22"><span class='ocrx_word' id='word_1_179' title='bbox 489 2744 875 2800; x_wconf 87' lang='lat' dir='ltr'><strong>nomachiam</strong></span> <span class='ocrx_word' id='word_1_180' title='bbox 926 2745 1251 2807; x_wconf 84' lang='lat' dir='ltr'><strong>suscitavit.</strong></span> <span class='ocrx_word' id='word_1_181' title='bbox 1304 2751 1700 2821; x_wconf 86' lang='lat' dir='ltr'><strong>sanctumque</strong></span> <span class='ocrx_word' id='word_1_182' title='bbox 1748 2748 2146 2820; x_wconf 81' lang='lat' dir='ltr'><strong>Nicephorum</strong></span> 
     </span>
    </p>
   </div>
   <div class='ocr_carea' id='block_1_33' title="bbox 492 2834 2150 2910">
    <p class='ocr_par' dir='ltr' id='par_1_33' title="bbox 492 2834 2150 2910">
     <span class='ocr_line' id='line_1_33' title="bbox 492 2834 2150 2910; baseline 0.004 -22"><span class='ocrx_word' id='word_1_183' title='bbox 492 2838 695 2906; x_wconf 89' lang='lat' dir='ltr'><strong>erepto</strong></span> <span class='ocrx_word' id='word_1_184' title='bbox 726 2834 882 2905; x_wconf 85' lang='lat' dir='ltr'><strong>pcdo</strong></span> <span class='ocrx_word' id='word_1_185' title='bbox 915 2834 973 2889; x_wconf 91' lang='lat' dir='ltr'><strong>in</strong></span> <span class='ocrx_word' id='word_1_186' title='bbox 1006 2834 1284 2891; x_wconf 80' lang='lat' dir='ltr'><strong>exsilium</strong></span> <span class='ocrx_word' id='word_1_187' title='bbox 1323 2836 1570 2910; x_wconf 89' lang='lat' dir='ltr'><strong>pepulit.</strong></span> <span class='ocrx_word' id='word_1_188' title='bbox 1632 2838 1806 2894; x_wconf 86' lang='lat' dir='ltr'><strong>Leoni</strong></span> <span class='ocrx_word' id='word_1_189' title='bbox 1865 2837 2150 2894; x_wconf 87' lang='lat' dir='ltr'><strong>successit</strong></span> 
     </span>
    </p>
   </div>
   <div class='ocr_carea' id='block_1_34' title="bbox 495 2896 2219 2999">
    <p class='ocr_par' dir='ltr' id='par_1_34' title="bbox 495 2896 2219 2999">
     <span class='ocr_line' id='line_1_34' title="bbox 495 2896 2219 2999; baseline 0.004 -22"><span class='ocrx_word' id='word_1_190' title='bbox 495 2896 743 2978; x_wconf 74' lang='lat' dir='ltr'><strong>Michael</strong></span> <span class='ocrx_word' id='word_1_191' title='bbox 774 2921 1009 2986; x_wconf 74' lang='lat' dir='ltr'><strong>Balbus,</strong></span> <span class='ocrx_word' id='word_1_192' title='bbox 1034 2923 1172 2980; x_wconf 88' lang='lat' dir='ltr'><strong>huic</strong></span> <span class='ocrx_word' id='word_1_193' title='bbox 1196 2896 1350 2981; x_wconf 72' lang='lat' dir='ltr'><strong>ﬁlius</strong></span> <span class='ocrx_word' id='word_1_194' title='bbox 1371 2896 1759 2999; x_wconf 70' lang='lat' dir='ltr'><strong>Theophilus.</strong></span> <span class='ocrx_word' id='word_1_195' title='bbox 1786 2928 2019 2983; x_wconf 88' lang='lat' dir='ltr'><strong>Cunctis</strong></span> <span class='ocrx_word' id='word_1_196' title='bbox 2041 2942 2147 2983; x_wconf 88' lang='lat' dir='ltr'><strong>au-</strong></span> <span class='ocrx_word' id='word_1_197' title='bbox 2179 2896 2219 2952; x_wconf 62' lang='grc' dir='ltr'><strong>Ο</strong></span> 
     </span>
    </p>
   </div>
   <div class='ocr_carea' id='block_1_35' title="bbox 501 3012 2152 3088">
    <p class='ocr_par' dir='ltr' id='par_1_35' title="bbox 501 3012 2152 3088">
     <span class='ocr_line' id='line_1_35' title="bbox 501 3012 2152 3088; baseline 0.003 -22"><span class='ocrx_word' id='word_1_198' title='bbox 501 3016 619 3066; x_wconf 88' lang='lat' dir='ltr'><strong>tem</strong></span> <span class='ocrx_word' id='word_1_199' title='bbox 654 3026 758 3067; x_wconf 84' lang='lat' dir='ltr'><strong>sex</strong></span> <span class='ocrx_word' id='word_1_200' title='bbox 785 3018 841 3067; x_wconf 89' lang='lat' dir='ltr'><strong>et</strong></span> <span class='ocrx_word' id='word_1_201' title='bbox 866 3012 1065 3082; x_wconf 74' lang='lat' dir='ltr'><strong>viginti</strong></span> <span class='ocrx_word' id='word_1_202' title='bbox 1126 3015 1323 3083; x_wconf 87' lang='lat' dir='ltr'><strong>annis,</strong></span> <span class='ocrx_word' id='word_1_203' title='bbox 1381 3015 1604 3087; x_wconf 88' lang='lat' dir='ltr'><strong>quibus</strong></span> <span class='ocrx_word' id='word_1_204' title='bbox 1650 3016 1710 3072; x_wconf 89' lang='lat' dir='ltr'><strong>hi</strong></span> <span class='ocrx_word' id='word_1_205' title='bbox 1763 3016 2021 3073; x_wconf 64' lang='lat' dir='ltr'><strong>heeretici</strong></span> <span class='ocrx_word' id='word_1_206' title='bbox 2062 3021 2152 3088; x_wconf 88' lang='lat' dir='ltr'><strong>ty-</strong></span> 
     </span>
    </p>
   </div>
   <div class='ocr_carea' id='block_1_36' title="bbox 492 3100 2156 3173">
    <p class='ocr_par' dir='ltr' id='par_1_36' title="bbox 492 3100 2156 3173">
     <span class='ocr_line' id='line_1_36' title="bbox 492 3100 2156 3173; baseline 0.004 -19"><span class='ocrx_word' id='word_1_207' title='bbox 492 3100 809 3156; x_wconf 89' lang='lat' dir='ltr'><strong>rannidem</strong></span> <span class='ocrx_word' id='word_1_208' title='bbox 832 3108 1244 3173; x_wconf 82' lang='lat' dir='ltr'><strong>exercuerunt,</strong></span> <span class='ocrx_word' id='word_1_209' title='bbox 1268 3119 1445 3159; x_wconf 90' lang='lat' dir='ltr'><strong>nemo</strong></span> <span class='ocrx_word' id='word_1_210' title='bbox 1465 3104 1583 3160; x_wconf 86' lang='lat' dir='ltr'><strong>fere</strong></span> <span class='ocrx_word' id='word_1_211' title='bbox 1597 3104 1965 3161; x_wconf 85' lang='lat' dir='ltr'><strong>orthodoxus</strong></span> <span class='ocrx_word' id='word_1_212' title='bbox 1980 3105 2156 3161; x_wconf 77' lang='lat' dir='ltr'><strong>exsti-</strong></span> 
     </span>
    </p>
   </div>
   <div class='ocr_carea' id='block_1_37' title="bbox 495 3188 2152 3266">
    <p class='ocr_par' dir='ltr' id='par_1_37' title="bbox 495 3188 2152 3266">
     <span class='ocr_line' id='line_1_37' title="bbox 495 3188 2152 3266; baseline 0.004 -22"><span class='ocrx_word' id='word_1_213' title='bbox 495 3188 564 3245; x_wconf 86' lang='lat' dir='ltr'><strong>tit</strong></span> <span class='ocrx_word' id='word_1_214' title='bbox 583 3189 941 3262; x_wconf 87' lang='lat' dir='ltr'><strong>patriarcha.</strong></span> <span class='ocrx_word' id='word_1_215' title='bbox 976 3193 1395 3249; x_wconf 74' lang='lat' dir='ltr'><strong>Verumtamen</strong></span> <span class='ocrx_word' id='word_1_216' title='bbox 1418 3199 1553 3266; x_wconf 84' lang='lat' dir='ltr'><strong>post</strong></span> <span class='ocrx_word' id='word_1_217' title='bbox 1581 3194 1885 3266; x_wconf 83' lang='lat' dir='ltr'><strong>Theophili</strong></span> <span class='ocrx_word' id='word_1_218' title='bbox 1919 3194 2152 3251; x_wconf 87' lang='lat' dir='ltr'><strong>obitum</strong></span> 
     </span>
    </p>
   </div>
   <div class='ocr_carea' id='block_1_38' title="bbox 501 3280 2152 3353">
    <p class='ocr_par' dir='ltr' id='par_1_38' title="bbox 501 3280 2152 3353">
     <span class='ocr_line' id='line_1_38' title="bbox 501 3280 2152 3353; baseline 0.004 -21"><span class='ocrx_word' id='word_1_219' title='bbox 501 3280 1043 3349; x_wconf 85' lang='lat' dir='ltr'><strong>magna&#39;l‘heodora</strong></span> <span class='ocrx_word' id='word_1_220' title='bbox 1056 3282 1461 3353; x_wconf 89' lang='lat' dir='ltr'><strong>patriarcham</strong></span> <span class='ocrx_word' id='word_1_221' title='bbox 1481 3282 1614 3339; x_wconf 87' lang='lat' dir='ltr'><strong>fecit</strong></span> <span class='ocrx_word' id='word_1_222' title='bbox 1629 3283 1989 3339; x_wconf 83' lang='lat' dir='ltr'><strong>Methodium</strong></span> <span class='ocrx_word' id='word_1_223' title='bbox 2015 3299 2152 3339; x_wconf 88' lang='lat' dir='ltr'><strong>san-</strong></span> 
     </span>
    </p>
   </div>
   <div class='ocr_carea' id='block_1_39' title="bbox 499 3368 2157 3443">
    <p class='ocr_par' dir='ltr' id='par_1_39' title="bbox 499 3368 2157 3443">
     <span class='ocr_line' id='line_1_39' title="bbox 499 3368 2157 3443; baseline 0.004 -22"><span class='ocrx_word' id='word_1_224' title='bbox 499 3368 865 3435; x_wconf 89' lang='lat' dir='ltr'><strong>ctissimum;</strong></span> <span class='ocrx_word' id='word_1_225' title='bbox 896 3370 1000 3441; x_wconf 90' lang='lat' dir='ltr'><strong>qui</strong></span> <span class='ocrx_word' id='word_1_226' title='bbox 1023 3370 1291 3443; x_wconf 87' lang='lat' dir='ltr'><strong>quidem,</strong></span> <span class='ocrx_word' id='word_1_227' title='bbox 1327 3372 1719 3440; x_wconf 81' lang='lat' dir='ltr'><strong>suffragatore</strong></span> <span class='ocrx_word' id='word_1_228' title='bbox 1738 3372 1890 3428; x_wconf 89' lang='lat' dir='ltr'><strong>inter</strong></span> <span class='ocrx_word' id='word_1_229' title='bbox 1910 3377 2157 3429; x_wconf 62' lang='lat' dir='ltr'><strong>caeteros</strong></span> 
     </span>
    </p>
   </div>
   <div class='ocr_carea' id='block_1_40' title="bbox 499 3455 2157 3529">
    <p class='ocr_par' dir='ltr' id='par_1_40' title="bbox 499 3455 2157 3529">
     <span class='ocr_line' id='line_1_40' title="bbox 499 3455 2157 3529; baseline 0.004 -19"><span class='ocrx_word' id='word_1_230' title='bbox 499 3455 850 3529; x_wconf 81' lang='lat' dir='ltr'><strong>consiliique</strong></span> <span class='ocrx_word' id='word_1_231' title='bbox 873 3462 1113 3513; x_wconf 89' lang='lat' dir='ltr'><strong>auctore</strong></span> <span class='ocrx_word' id='word_1_232' title='bbox 1134 3474 1357 3529; x_wconf 90' lang='lat' dir='ltr'><strong>magno</strong></span> <span class='ocrx_word' id='word_1_233' title='bbox 1379 3460 1981 3527; x_wconf 86' lang='lat' dir='ltr'><strong>asceticoJoannicio,</strong></span> <span class='ocrx_word' id='word_1_234' title='bbox 2015 3461 2157 3517; x_wconf 88' lang='lat' dir='ltr'><strong>utin</strong></span> 
     </span>
    </p>
   </div>
   <div class='ocr_carea' id='block_1_41' title="bbox 500 3545 2158 3625">
    <p class='ocr_par' dir='ltr' id='par_1_41' title="bbox 500 3545 2158 3625">
     <span class='ocr_line' id='line_1_41' title="bbox 500 3545 2158 3625; baseline 0.004 -25"><span class='ocrx_word' id='word_1_235' title='bbox 500 3545 680 3615; x_wconf 91' lang='lat' dir='ltr'><strong>hujus</strong></span> <span class='ocrx_word' id='word_1_236' title='bbox 724 3546 847 3600; x_wconf 85' lang='lat' dir='ltr'><strong>Vita</strong></span> <span class='ocrx_word' id='word_1_237' title='bbox 879 3546 1073 3616; x_wconf 83' lang='lat' dir='ltr'><strong>legere</strong></span> <span class='ocrx_word' id='word_1_238' title='bbox 1103 3553 1210 3616; x_wconf 85' lang='lat' dir='ltr'><strong>est,</strong></span> <span class='ocrx_word' id='word_1_239' title='bbox 1261 3553 1507 3604; x_wconf 91' lang='lat' dir='ltr'><strong>cunctos</strong></span> <span class='ocrx_word' id='word_1_240' title='bbox 1556 3549 1634 3605; x_wconf 91' lang='lat' dir='ltr'><strong>ab</strong></span> <span class='ocrx_word' id='word_1_241' title='bbox 1683 3550 1898 3607; x_wconf 68' lang='lat' dir='ltr'><strong>haeresi</strong></span> <span class='ocrx_word' id='word_1_242' title='bbox 1947 3550 2158 3625; x_wconf 83' lang='lat' dir='ltr'><strong>resipi-</strong></span> 
     </span>
    </p>
   </div>
   <div class='ocr_carea' id='block_1_42' title="bbox 503 3632 1603 3711">
    <p class='ocr_par' dir='ltr' id='par_1_42' title="bbox 503 3632 1603 3711">
     <span class='ocr_line' id='line_1_42' title="bbox 503 3632 1603 3711; baseline 0.005 -22"><span class='ocrx_word' id='word_1_243' title='bbox 503 3639 734 3689; x_wconf 85' lang='lat' dir='ltr'><strong>scentes</strong></span> <span class='ocrx_word' id='word_1_244' title='bbox 763 3632 823 3687; x_wconf 88' lang='lat' dir='ltr'><strong>iu</strong></span> <span class='ocrx_word' id='word_1_245' title='bbox 846 3635 1339 3693; x_wconf 87' lang='lat' dir='ltr'><strong>communionem</strong></span> <span class='ocrx_word' id='word_1_246' title='bbox 1363 3638 1603 3711; x_wconf 87' lang='lat' dir='ltr'><strong>recepit.</strong></span> 
     </span>
    </p>
   </div>
   <div class='ocr_carea' id='block_1_43' title="bbox 583 3901 2162 3979">
    <p class='ocr_par' dir='ltr' id='par_1_43' title="bbox 583 3901 2162 3979">
     <span class='ocr_line' id='line_1_43' title="bbox 583 3901 2162 3979; baseline 0.004 -22"><span class='ocrx_word' id='word_1_247' title='bbox 583 3905 667 3957; x_wconf 80' lang='lat' dir='ltr'><strong>to.</strong></span> <span class='ocrx_word' id='word_1_248' title='bbox 700 3904 865 3959; x_wconf 82' lang='lat' dir='ltr'><strong>Nunc</strong></span> <span class='ocrx_word' id='word_1_249' title='bbox 895 3901 1166 3959; x_wconf 90' lang='lat' dir='ltr'><strong>animum</strong></span> <span class='ocrx_word' id='word_1_250' title='bbox 1198 3905 1436 3961; x_wconf 88' lang='lat' dir='ltr'><strong>attende</strong></span> <span class='ocrx_word' id='word_1_251' title='bbox 1465 3906 1543 3962; x_wconf 88' lang='lat' dir='ltr'><strong>ad</strong></span> <span class='ocrx_word' id='word_1_252' title='bbox 1574 3922 1645 3963; x_wconf 89' lang='lat' dir='ltr'><strong>ea</strong></span> <span class='ocrx_word' id='word_1_253' title='bbox 1694 3922 1938 3979; x_wconf 90' lang='lat' dir='ltr'><strong>quoque</strong></span> <span class='ocrx_word' id='word_1_254' title='bbox 1986 3922 2162 3964; x_wconf 78' lang='lat' dir='ltr'><strong>scan-</strong></span> 
     </span>
    </p>
   </div>
   <div class='ocr_carea' id='block_1_44' title="bbox 504 3989 2163 4068">
    <p class='ocr_par' dir='ltr' id='par_1_44' title="bbox 504 3989 2163 4068">
     <span class='ocr_line' id='line_1_44' title="bbox 504 3989 2163 4068; baseline 0.002 -22"><span class='ocrx_word' id='word_1_255' title='bbox 504 3989 644 4047; x_wconf 91' lang='lat' dir='ltr'><strong>dala</strong></span> <span class='ocrx_word' id='word_1_256' title='bbox 668 4006 803 4064; x_wconf 66' lang='lat' dir='ltr'><strong>quae</strong></span> <span class='ocrx_word' id='word_1_257' title='bbox 832 3990 1104 4047; x_wconf 67' lang='lat' dir='ltr'><strong>Ecclesiae</strong></span> <span class='ocrx_word' id='word_1_258' title='bbox 1135 3997 1380 4065; x_wconf 86' lang='lat' dir='ltr'><strong>propter</strong></span> <span class='ocrx_word' id='word_1_259' title='bbox 1410 3993 1931 4068; x_wconf 88' lang='lat' dir='ltr'><strong>improbissimum</strong></span> <span class='ocrx_word' id='word_1_260' title='bbox 1954 4001 2163 4052; x_wconf 89' lang='lat' dir='ltr'><strong>contu-</strong></span> 
     </span>
    </p>
   </div>
   <div class='ocr_carea' id='block_1_45' title="bbox 506 4081 2161 4155">
    <p class='ocr_par' dir='ltr' id='par_1_45' title="bbox 506 4081 2161 4155">
     <span class='ocr_line' id='line_1_45' title="bbox 506 4081 2161 4155; baseline 0.004 -20"><span class='ocrx_word' id='word_1_261' title='bbox 506 4095 861 4153; x_wconf 87' lang='lat' dir='ltr'><strong>macemquc</strong></span> <span class='ocrx_word' id='word_1_262' title='bbox 883 4081 1231 4153; x_wconf 86' lang='lat' dir='ltr'><strong>Josephum,</strong></span> <span class='ocrx_word' id='word_1_263' title='bbox 1256 4083 1443 4155; x_wconf 90' lang='lat' dir='ltr'><strong>ipsius</strong></span> <span class='ocrx_word' id='word_1_264' title='bbox 1467 4084 1735 4140; x_wconf 75' lang='lat' dir='ltr'><strong>Ecclesiae</strong></span> <span class='ocrx_word' id='word_1_265' title='bbox 1756 4101 2161 4152; x_wconf 80' lang='lat' dir='ltr'><strong>(economum,</strong></span> 
     </span>
    </p>
   </div>
   <div class='ocr_carea' id='block_1_46' title="bbox 506 4170 2166 4245">
    <p class='ocr_par' dir='ltr' id='par_1_46' title="bbox 506 4170 2166 4245">
     <span class='ocr_line' id='line_1_46' title="bbox 506 4170 2166 4245; baseline 0.003 -21"><span class='ocrx_word' id='word_1_266' title='bbox 506 4170 869 4235; x_wconf 88' lang='lat' dir='ltr'><strong>acciderunt,</strong></span> <span class='ocrx_word' id='word_1_267' title='bbox 926 4171 1149 4226; x_wconf 84' lang='lat' dir='ltr'><strong>&#39;l‘arasii</strong></span> <span class='ocrx_word' id='word_1_268' title='bbox 1210 4177 1267 4227; x_wconf 86' lang='lat' dir='ltr'><strong>et</strong></span> <span class='ocrx_word' id='word_1_269' title='bbox 1315 4173 1633 4245; x_wconf 79' lang='lat' dir='ltr'><strong>Nicephori</strong></span> <span class='ocrx_word' id='word_1_270' title='bbox 1686 4174 2166 4245; x_wconf 85' lang='lat' dir='ltr'><strong>patriarcharum</strong></span> 
     </span>
    </p>
   </div>
   <div class='ocr_carea' id='block_1_47' title="bbox 2261 422 3859 499">
    <p class='ocr_par' dir='ltr' id='par_1_47' title="bbox 2261 422 3859 499">
     <span class='ocr_line' id='line_1_47' title="bbox 2261 422 3859 499; baseline -0.001 -22"><span class='ocrx_word' id='word_1_271' title='bbox 2261 425 2487 497; x_wconf 87' lang='grc' dir='ltr'>στράτου</span> <span class='ocrx_word' id='word_1_272' title='bbox 2530 432 2658 499; x_wconf 70' lang='grc' dir='ltr'>μονῇ</span> <span class='ocrx_word' id='word_1_273' title='bbox 2714 427 2822 477; x_wconf 82' lang='grc' dir='ltr'>ὄντι</span> <span class='ocrx_word' id='word_1_274' title='bbox 2874 422 3171 497; x_wconf 74' lang='grc' dir='ltr'>ἐγκλείστῳ,</span> <span class='ocrx_word' id='word_1_275' title='bbox 3221 424 3303 476; x_wconf 85' lang='grc' dir='ltr'>ὅτε</span> <span class='ocrx_word' id='word_1_276' title='bbox 3356 423 3497 495; x_wconf 74' lang='grc' dir='ltr'>αὐτῷ</span> <span class='ocrx_word' id='word_1_277' title='bbox 3553 427 3643 483; x_wconf 77' lang='grc' dir='ltr'>τὴν</span> <span class='ocrx_word' id='word_1_278' title='bbox 3687 422 3859 496; x_wconf 78' lang='grc' dir='ltr'>βασι-</span> 
     </span>
    </p>
   </div>
   <div class='ocr_carea' id='block_1_48' title="bbox 2257 510 3856 590">
    <p class='ocr_par' dir='ltr' id='par_1_48' title="bbox 2257 510 3856 590">
     <span class='ocr_line' id='line_1_48' title="bbox 2257 510 3856 590; baseline 0.001 -25"><span class='ocrx_word' id='word_1_279' title='bbox 2257 512 2396 566; x_wconf 84' lang='grc' dir='ltr'>λείαν</span> <span class='ocrx_word' id='word_1_280' title='bbox 2429 510 2874 590; x_wconf 78' lang='grc' dir='ltr'>ἐχρησμοδότησε</span> <span class='ocrx_word' id='word_1_281' title='bbox 2900 515 2941 585; x_wconf 88' lang='grc'>),</span> <span class='ocrx_word' id='word_1_282' title='bbox 2976 533 3063 566; x_wconf 88' lang='grc' dir='ltr'><strong>τον</strong></span> <span class='ocrx_word' id='word_1_283' title='bbox 3088 516 3177 586; x_wconf 73' lang='grc' dir='ltr'><strong>μεν</strong></span> <span class='ocrx_word' id='word_1_284' title='bbox 3207 515 3545 589; x_wconf 86' lang='grc' dir='ltr'>πατριάρχην</span> <span class='ocrx_word' id='word_1_285' title='bbox 3576 512 3856 581; x_wconf 81' lang='grc' dir='ltr'>ἐξὼθησεν,</span> 
     </span>
    </p>
   </div>
   <div class='ocr_carea' id='block_1_49' title="bbox 2258 599 3857 678">
    <p class='ocr_par' dir='ltr' id='par_1_49' title="bbox 2258 599 3857 678">
     <span class='ocr_line' id='line_1_49' title="bbox 2258 599 3857 678; baseline -0.001 -21"><span class='ocrx_word' id='word_1_286' title='bbox 2258 602 2497 661; x_wconf 84' lang='grc' dir='ltr'>Ἰωάννην</span> <span class='ocrx_word' id='word_1_287' title='bbox 2556 600 2615 658; x_wconf 68' lang='grc' dir='ltr'>δι</span> <span class='ocrx_word' id='word_1_288' title='bbox 2671 600 2925 678; x_wconf 75' lang='grc' dir='ltr'><strong>ὁμόδοξον</strong></span> <span class='ocrx_word' id='word_1_289' title='bbox 3017 602 3158 673; x_wconf 71' lang='grc' dir='ltr'>αὐτῷ</span> <span class='ocrx_word' id='word_1_290' title='bbox 3209 601 3541 677; x_wconf 73' lang='grc' dir='ltr'>προεϐάλετο,</span> <span class='ocrx_word' id='word_1_291' title='bbox 3595 599 3857 676; x_wconf 74' lang='grc' dir='ltr'><strong>διάπυρον</strong></span> 
     </span>
    </p>
   </div>
   <div class='ocr_carea' id='block_1_50' title="bbox 2257 686 3852 764">
    <p class='ocr_par' dir='ltr' id='par_1_50' title="bbox 2257 686 3852 764">
     <span class='ocr_line' id='line_1_50' title="bbox 2257 686 3852 764; baseline -0.001 -20"><span class='ocrx_word' id='word_1_292' title='bbox 2257 695 2377 744; x_wconf 81' lang='grc' dir='ltr'>ὄντα</span> <span class='ocrx_word' id='word_1_293' title='bbox 2405 697 2499 752; x_wconf 81' lang='grc' dir='ltr'>τῆς</span> <span class='ocrx_word' id='word_1_294' title='bbox 2525 699 2624 745; x_wconf 87' lang='grc' dir='ltr'>τῶν</span> <span class='ocrx_word' id='word_1_295' title='bbox 2680 689 3043 748; x_wconf 80' lang='grc' dir='ltr'>Μονοθελητῶν</span> <span class='ocrx_word' id='word_1_296' title='bbox 3079 686 3259 752; x_wconf 83' lang='grc' dir='ltr'>δεινῆς</span> <span class='ocrx_word' id='word_1_297' title='bbox 3321 692 3560 764; x_wconf 80' lang='grc' dir='ltr'>αἱρέσεως</span> <span class='ocrx_word' id='word_1_298' title='bbox 3606 690 3852 764; x_wconf 70' lang='grc' dir='ltr'>έραστην.</span> 
     </span>
    </p>
   </div>
   <div class='ocr_carea' id='block_1_51' title="bbox 2256 776 3858 855">
    <p class='ocr_par' dir='ltr' id='par_1_51' title="bbox 2256 776 3858 855">
     <span class='ocr_line' id='line_1_51' title="bbox 2256 776 3858 855; baseline -0.001 -20"><span class='ocrx_word' id='word_1_299' title='bbox 2256 779 2522 855; x_wconf 78' lang='grc' dir='ltr'>’Λρτέμιος</span> <span class='ocrx_word' id='word_1_300' title='bbox 2591 776 2650 835; x_wconf 67' lang='grc' dir='ltr'>δὲ</span> <span class='ocrx_word' id='word_1_301' title='bbox 2736 781 2763 833; x_wconf 88' lang='grc' dir='ltr'><strong>ό</strong></span> <span class='ocrx_word' id='word_1_302' title='bbox 2819 784 2908 833; x_wconf 87' lang='grc' dir='ltr'>καὶ</span> <span class='ocrx_word' id='word_1_303' title='bbox 2988 780 3336 843; x_wconf 80' lang='grc' dir='ltr'>Ἀναστάσιος</span> <span class='ocrx_word' id='word_1_304' title='bbox 3405 778 3693 853; x_wconf 84' lang='grc' dir='ltr'>λεγόμενος,</span> <span class='ocrx_word' id='word_1_305' title='bbox 3757 788 3858 835; x_wconf 72' lang='grc' dir='ltr'><strong>τῶν</strong></span> 
     </span>
    </p>
   </div>
   <div class='ocr_carea' id='block_1_52' title="bbox 2257 866 3858 944">
    <p class='ocr_par' dir='ltr' id='par_1_52' title="bbox 2257 866 3858 944">
     <span class='ocr_line' id='line_1_52' title="bbox 2257 866 3858 944; baseline 0.002 -23"><span class='ocrx_word' id='word_1_306' title='bbox 2257 874 2528 943; x_wconf 67' lang='grc' dir='ltr'>σκήπτρων</span> <span class='ocrx_word' id='word_1_307' title='bbox 2586 877 2678 931; x_wconf 81' lang='grc' dir='ltr'>τῆς</span> <span class='ocrx_word' id='word_1_308' title='bbox 2770 868 3042 943; x_wconf 73' lang='grc' dir='ltr'><strong>βασιλείας</strong></span> <span class='ocrx_word' id='word_1_309' title='bbox 3121 866 3344 944; x_wconf 74' lang='grc' dir='ltr'>έραστής</span> <span class='ocrx_word' id='word_1_310' title='bbox 3402 874 3683 943; x_wconf 83' lang='grc' dir='ltr'>γενόμενος,</span> <span class='ocrx_word' id='word_1_311' title='bbox 3754 867 3858 924; x_wconf 77' lang='grc' dir='ltr'><strong>ἀπὸ</strong></span> 
     </span>
    </p>
   </div>
   <div class='ocr_carea' id='block_1_53' title="bbox 2256 956 3860 1034">
    <p class='ocr_par' dir='ltr' id='par_1_53' title="bbox 2256 956 3860 1034">
     <span class='ocr_line' id='line_1_53' title="bbox 2256 956 3860 1034; baseline 0 -23"><span class='ocrx_word' id='word_1_312' title='bbox 2256 958 2487 1019; x_wconf 75' lang='grc' dir='ltr'><strong>Κυζίκου</strong></span> <span class='ocrx_word' id='word_1_313' title='bbox 2561 960 2689 1032; x_wconf 85' lang='grc' dir='ltr'>πρὸς</span> <span class='ocrx_word' id='word_1_314' title='bbox 2752 960 2840 1011; x_wconf 83' lang='grc' dir='ltr'>τὸν</span> <span class='ocrx_word' id='word_1_315' title='bbox 2897 966 2992 1020; x_wconf 80' lang='grc' dir='ltr'>τῆς</span> <span class='ocrx_word' id='word_1_316' title='bbox 3049 956 3435 1030; x_wconf 80' lang='grc' dir='ltr'>βασιλευούσης</span> <span class='ocrx_word' id='word_1_317' title='bbox 3514 960 3689 1034; x_wconf 85' lang='grc' dir='ltr'>θρόνον</span> <span class='ocrx_word' id='word_1_318' title='bbox 3768 964 3860 1012; x_wconf 86' lang='grc' dir='ltr'><strong>τόν</strong></span> 
     </span>
    </p>
   </div>
   <div class='ocr_carea' id='block_1_54' title="bbox 2279 1043 3861 1125">
    <p class='ocr_par' dir='ltr' id='par_1_54' title="bbox 2279 1043 3861 1125">
     <span class='ocr_line' id='line_1_54' title="bbox 2279 1043 3861 1125; baseline 0.001 -24"><span class='ocrx_word' id='word_1_319' title='bbox 2279 1050 2414 1101; x_wconf 82' lang='grc' dir='ltr'>κατὰ</span> <span class='ocrx_word' id='word_1_320' title='bbox 2478 1055 2572 1109; x_wconf 81' lang='grc' dir='ltr'>τῆς</span> <span class='ocrx_word' id='word_1_321' title='bbox 2632 1050 2771 1121; x_wconf 79' lang='grc' dir='ltr'>ἱερᾶς</span> <span class='ocrx_word' id='word_1_322' title='bbox 2832 1048 2985 1109; x_wconf 80' lang='grc' dir='ltr'>ἕκτης</span> <span class='ocrx_word' id='word_1_323' title='bbox 3043 1043 3292 1118; x_wconf 83' lang='grc' dir='ltr'>συνόδου,</span> <span class='ocrx_word' id='word_1_324' title='bbox 3346 1051 3417 1110; x_wconf 86' lang='grc' dir='ltr'>ὡς</span> <span class='ocrx_word' id='word_1_325' title='bbox 3472 1051 3695 1125; x_wconf 81' lang='grc' dir='ltr'>εἴρηται,</span> <span class='ocrx_word' id='word_1_326' title='bbox 3763 1048 3861 1102; x_wconf 68' lang='grc' dir='ltr'>λυτ-</span> 
     </span>
    </p>
   </div>
   <div class='ocr_carea' id='block_1_55' title="bbox 2330 1221 3863 1300">
    <p class='ocr_par' dir='ltr' id='par_1_55' title="bbox 2330 1221 3863 1300">
     <span class='ocr_line' id='line_1_55' title="bbox 2330 1221 3863 1300; baseline 0.002 -22"><span class='ocrx_word' id='word_1_327' title='bbox 2330 1225 2395 1281; x_wconf 84' lang='grc' dir='ltr'><strong>θ’.</strong></span> <span class='ocrx_word' id='word_1_328' title='bbox 2429 1230 2553 1278; x_wconf 81' lang='grc' dir='ltr'>Επεὶ</span> <span class='ocrx_word' id='word_1_329' title='bbox 2583 1221 2644 1279; x_wconf 65' lang='grc' dir='ltr'>δὲ</span> <span class='ocrx_word' id='word_1_330' title='bbox 2667 1229 2918 1300; x_wconf 74' lang='grc' dir='ltr'><strong>κρίμασιν</strong></span> <span class='ocrx_word' id='word_1_331' title='bbox 2948 1226 3025 1289; x_wconf 83' lang='grc' dir='ltr'>οἷς</span> <span class='ocrx_word' id='word_1_332' title='bbox 3064 1223 3177 1280; x_wconf 83' lang='grc' dir='ltr'>οἰδε</span> <span class='ocrx_word' id='word_1_333' title='bbox 3215 1228 3368 1296; x_wconf 86' lang='grc' dir='ltr'>Θεὸς,</span> <span class='ocrx_word' id='word_1_334' title='bbox 3421 1231 3561 1281; x_wconf 85' lang='grc' dir='ltr'>Λέων</span> <span class='ocrx_word' id='word_1_335' title='bbox 3591 1246 3617 1280; x_wconf 92' lang='grc' dir='ltr'><strong>ο</strong></span> <span class='ocrx_word' id='word_1_336' title='bbox 3672 1227 3863 1281; x_wconf 82' lang='grc' dir='ltr'><strong>’Ὶσοιυ⁸</strong></span> 
     </span>
    </p>
   </div>
   <div class='ocr_carea' id='block_1_56' title="bbox 2255 1313 3861 1391">
    <p class='ocr_par' dir='ltr' id='par_1_56' title="bbox 2255 1313 3861 1391">
     <span class='ocr_line' id='line_1_56' title="bbox 2255 1313 3861 1391; baseline 0.002 -23"><span class='ocrx_word' id='word_1_337' title='bbox 2255 1333 2340 1387; x_wconf 88' lang='grc' dir='ltr'><strong>ρος</strong></span> <span class='ocrx_word' id='word_1_338' title='bbox 2363 1322 2453 1375; x_wconf 78' lang='grc' dir='ltr'>τῆς</span> <span class='ocrx_word' id='word_1_339' title='bbox 2498 1313 2772 1387; x_wconf 77' lang='grc' dir='ltr'>βασιλείας</span> <span class='ocrx_word' id='word_1_340' title='bbox 2827 1318 3112 1388; x_wconf 75' lang='grc' dir='ltr'>ἓγκατέστη</span> <span class='ocrx_word' id='word_1_341' title='bbox 3147 1318 3346 1389; x_wconf 79' lang='grc' dir='ltr'>κύριος,</span> <span class='ocrx_word' id='word_1_342' title='bbox 3397 1322 3486 1369; x_wconf 84' lang='grc' dir='ltr'>καὶ</span> <span class='ocrx_word' id='word_1_343' title='bbox 3539 1320 3667 1390; x_wconf 78' lang='grc' dir='ltr'>μετὰ</span> <span class='ocrx_word' id='word_1_344' title='bbox 3721 1322 3861 1391; x_wconf 78' lang='grc' dir='ltr'>χρό-</span> 
     </span>
    </p>
   </div>
   <div class='ocr_carea' id='block_1_57' title="bbox 2255 1403 3859 1479">
    <p class='ocr_par' dir='ltr' id='par_1_57' title="bbox 2255 1403 3859 1479">
     <span class='ocr_line' id='line_1_57' title="bbox 2255 1403 3859 1479; baseline 0.004 -24"><span class='ocrx_word' id='word_1_345' title='bbox 2255 1423 2338 1456; x_wconf 88' lang='grc' dir='ltr'><strong>νον</strong></span> <span class='ocrx_word' id='word_1_346' title='bbox 2364 1405 2564 1456; x_wconf 81' lang='grc' dir='ltr'>ἔννατον</span> <span class='ocrx_word' id='word_1_347' title='bbox 2594 1411 2691 1466; x_wconf 76' lang='grc' dir='ltr'>τῆς</span> <span class='ocrx_word' id='word_1_348' title='bbox 2729 1403 3008 1477; x_wconf 76' lang='grc' dir='ltr'>βασιλείας</span> <span class='ocrx_word' id='word_1_349' title='bbox 3062 1410 3156 1463; x_wconf 75' lang='grc' dir='ltr'>τήν</span> <span class='ocrx_word' id='word_1_350' title='bbox 3221 1405 3591 1479; x_wconf 84' lang='grc' dir='ltr'>εἰκονομαχίαν</span> <span class='ocrx_word' id='word_1_351' title='bbox 3630 1405 3859 1477; x_wconf 79' lang='grc' dir='ltr'>ἐκίνησε,</span> 
     </span>
    </p>
   </div>
   <div class='ocr_carea' id='block_1_58' title="bbox 2256 1492 3856 1570">
    <p class='ocr_par' dir='ltr' id='par_1_58' title="bbox 2256 1492 3856 1570">
     <span class='ocr_line' id='line_1_58' title="bbox 2256 1492 3856 1570; baseline 0.002 -24"><span class='ocrx_word' id='word_1_352' title='bbox 2256 1495 2344 1546; x_wconf 90' lang='grc' dir='ltr'><strong>τόν</strong></span> <span class='ocrx_word' id='word_1_353' title='bbox 2404 1496 2494 1565; x_wconf 74' lang='grc' dir='ltr'><strong>μεν</strong></span> <span class='ocrx_word' id='word_1_354' title='bbox 2546 1493 2693 1565; x_wconf 79' lang='grc' dir='ltr'>ἅγιον</span> <span class='ocrx_word' id='word_1_355' title='bbox 2760 1497 3017 1568; x_wconf 85' lang='grc' dir='ltr'>Γερμανόν</span> <span class='ocrx_word' id='word_1_356' title='bbox 3094 1492 3357 1568; x_wconf 75' lang='grc' dir='ltr'>ἐξόριστον</span> <span class='ocrx_word' id='word_1_357' title='bbox 3423 1494 3730 1561; x_wconf 69' lang='grc' dir='ltr'>ἐποιήσατο,</span> <span class='ocrx_word' id='word_1_358' title='bbox 3783 1502 3856 1570; x_wconf 73' lang='grc' dir='ltr'>μὴ</span> 
     </span>
    </p>
   </div>
   <div class='ocr_carea' id='block_1_59' title="bbox 2258 1581 3859 1657">
    <p class='ocr_par' dir='ltr' id='par_1_59' title="bbox 2258 1581 3859 1657">
     <span class='ocr_line' id='line_1_59' title="bbox 2258 1581 3859 1657; baseline 0.004 -23"><span class='ocrx_word' id='word_1_359' title='bbox 2258 1585 2419 1656; x_wconf 72' lang='grc' dir='ltr'>φέρων</span> <span class='ocrx_word' id='word_1_360' title='bbox 2449 1585 2570 1643; x_wconf 78' lang='grc' dir='ltr'>τοὺς</span> <span class='ocrx_word' id='word_1_361' title='bbox 2599 1582 2725 1656; x_wconf 83' lang='grc' dir='ltr'>παρ’</span> <span class='ocrx_word' id='word_1_362' title='bbox 2753 1582 2914 1635; x_wconf 73' lang='grc' dir='ltr'>αὑτοῦ</span> <span class='ocrx_word' id='word_1_363' title='bbox 2944 1581 3214 1655; x_wconf 79' lang='grc' dir='ltr'>ὶλέγχους,</span> <span class='ocrx_word' id='word_1_364' title='bbox 3277 1585 3607 1657; x_wconf 77' lang='grc' dir='ltr'>’Λναστασίῳ</span> <span class='ocrx_word' id='word_1_365' title='bbox 3646 1582 3707 1639; x_wconf 62' lang='grc' dir='ltr'>δὲ</span> <span class='ocrx_word' id='word_1_366' title='bbox 3772 1591 3859 1640; x_wconf 87' lang='grc' dir='ltr'><strong>τόν</strong></span> 
     </span>
    </p>
   </div>
   <div class='ocr_carea' id='block_1_60' title="bbox 2256 1669 3859 1747">
    <p class='ocr_par' dir='ltr' id='par_1_60' title="bbox 2256 1669 3859 1747">
     <span class='ocr_line' id='line_1_60' title="bbox 2256 1669 3859 1747; baseline 0.003 -24"><span class='ocrx_word' id='word_1_367' title='bbox 2256 1678 2349 1731; x_wconf 72' lang='grc' dir='ltr'>τῆς</span> <span class='ocrx_word' id='word_1_368' title='bbox 2378 1669 2571 1733; x_wconf 83' lang='grc' dir='ltr'>πόλεως</span> <span class='ocrx_word' id='word_1_369' title='bbox 2610 1669 2894 1745; x_wconf 80' lang='grc' dir='ltr'>ένεχείρισε</span> <span class='ocrx_word' id='word_1_370' title='bbox 2926 1674 3104 1747; x_wconf 84' lang='grc' dir='ltr'>θρόνον</span> <span class='ocrx_word' id='word_1_371' title='bbox 3137 1694 3150 1706; x_wconf 90' lang='grc'><strong>·</strong></span> <span class='ocrx_word' id='word_1_372' title='bbox 3198 1678 3288 1727; x_wconf 89' lang='grc' dir='ltr'>καὶ</span> <span class='ocrx_word' id='word_1_373' title='bbox 3343 1681 3434 1736; x_wconf 84' lang='grc' dir='ltr'>τῆς</span> <span class='ocrx_word' id='word_1_374' title='bbox 3485 1674 3859 1747; x_wconf 80' lang='grc' dir='ltr'>εἰκονομαχίας</span> 
     </span>
    </p>
   </div>
   <div class='ocr_carea' id='block_1_61' title="bbox 2257 1758 3854 1834">
    <p class='ocr_par' dir='ltr' id='par_1_61' title="bbox 2257 1758 3854 1834">
     <span class='ocr_line' id='line_1_61' title="bbox 2257 1758 3854 1834; baseline 0.004 -22"><span class='ocrx_word' id='word_1_375' title='bbox 2257 1760 2453 1821; x_wconf 83' lang='grc' dir='ltr'>ταύτης</span> <span class='ocrx_word' id='word_1_376' title='bbox 2500 1764 2819 1818; x_wconf 77' lang='grc' dir='ltr'>πεντήκοντα</span> <span class='ocrx_word' id='word_1_377' title='bbox 2864 1765 2954 1813; x_wconf 83' lang='grc' dir='ltr'>καὶ</span> <span class='ocrx_word' id='word_1_378' title='bbox 3007 1760 3136 1813; x_wconf 75' lang='grc' dir='ltr'>ἐπ’τά</span> <span class='ocrx_word' id='word_1_379' title='bbox 3180 1758 3526 1834; x_wconf 86' lang='grc' dir='ltr'>διαμεινάσης</span> <span class='ocrx_word' id='word_1_380' title='bbox 3574 1762 3854 1832; x_wconf 75' lang='grc' dir='ltr'>ἐνιαυτοὺς,</span> 
     </span>
    </p>
   </div>
   <div class='ocr_carea' id='block_1_62' title="bbox 2257 1846 3858 1929">
    <p class='ocr_par' dir='ltr' id='par_1_62' title="bbox 2257 1846 3858 1929">
     <span class='ocr_line' id='line_1_62' title="bbox 2257 1846 3858 1929; baseline 0.004 -29"><span class='ocrx_word' id='word_1_381' title='bbox 2257 1847 2485 1915; x_wconf 88' lang='grc' dir='ltr'>πλείους,</span> <span class='ocrx_word' id='word_1_382' title='bbox 2512 1852 2581 1910; x_wconf 78' lang='grc' dir='ltr'>ὡς</span> <span class='ocrx_word' id='word_1_383' title='bbox 2620 1848 2769 1920; x_wconf 83' lang='grc' dir='ltr'>εἰκός,</span> <span class='ocrx_word' id='word_1_384' title='bbox 2811 1850 2947 1902; x_wconf 86' lang='grc' dir='ltr'>κατὰ</span> <span class='ocrx_word' id='word_1_385' title='bbox 3001 1846 3272 1924; x_wconf 77' lang='grc' dir='ltr'>διαδοχὴν</span> <span class='ocrx_word' id='word_1_386' title='bbox 3320 1850 3546 1923; x_wconf 72' lang='grc' dir='ltr'>ἐγίνοντο</span> <span class='ocrx_word' id='word_1_387' title='bbox 3604 1855 3858 1929; x_wconf 85' lang='grc' dir='ltr'>πατριάρ-</span> 
     </span>
    </p>
   </div>
   <div class='ocr_carea' id='block_1_63' title="bbox 2256 1937 3857 2018">
    <p class='ocr_par' dir='ltr' id='par_1_63' title="bbox 2256 1937 3857 2018">
     <span class='ocr_line' id='line_1_63' title="bbox 2256 1937 3857 2018; baseline 0.004 -29"><span class='ocrx_word' id='word_1_388' title='bbox 2256 1957 2359 2011; x_wconf 89' lang='grc' dir='ltr'>χαι</span> <span class='ocrx_word' id='word_1_389' title='bbox 2388 1947 2483 1998; x_wconf 66' lang='lat' dir='ltr'><strong>ri:</strong></span> <span class='ocrx_word' id='word_1_390' title='bbox 2512 1937 2705 2000; x_wconf 77' lang='grc' dir='ltr'>πόλεως</span> <span class='ocrx_word' id='word_1_391' title='bbox 2743 1958 2938 2000; x_wconf 85' lang='grc' dir='ltr'>ταυτης</span> <span class='ocrx_word' id='word_1_392' title='bbox 2970 1955 2983 1969; x_wconf 82' lang='grc'><strong><em>⁸</em></strong></span> <span class='ocrx_word' id='word_1_393' title='bbox 3017 1939 3231 2014; x_wconf 74' lang='grc' dir='ltr'>ὕστερον</span> <span class='ocrx_word' id='word_1_394' title='bbox 3284 1938 3343 1995; x_wconf 66' lang='grc' dir='ltr'>δι</span> <span class='ocrx_word' id='word_1_395' title='bbox 3388 1940 3471 1994; x_wconf 73' lang='grc' dir='ltr'><strong>ἐπὶ</strong></span> <span class='ocrx_word' id='word_1_396' title='bbox 3516 1944 3723 2018; x_wconf 76' lang='grc' dir='ltr'>ἡμερῶν</span> <span class='ocrx_word' id='word_1_397' title='bbox 3771 1947 3857 2017; x_wconf 71' lang='grc' dir='ltr'><strong>μεν</strong></span> 
     </span>
    </p>
   </div>
   <div class='ocr_carea' id='block_1_64' title="bbox 2257 2025 3861 2106">
    <p class='ocr_par' dir='ltr' id='par_1_64' title="bbox 2257 2025 3861 2106">
     <span class='ocr_line' id='line_1_64' title="bbox 2257 2025 3861 2106; baseline 0.004 -26"><span class='ocrx_word' id='word_1_398' title='bbox 2257 2032 2523 2102; x_wconf 89' lang='grc' dir='ltr'>Ταρασίου</span> <span class='ocrx_word' id='word_1_399' title='bbox 2562 2029 2922 2102; x_wconf 74' lang='grc' dir='ltr'>πατριάρχου,</span> <span class='ocrx_word' id='word_1_400' title='bbox 2957 2025 3217 2101; x_wconf 61' lang='lat' dir='ltr'><strong>ﬁamva</strong></span> <span class='ocrx_word' id='word_1_401' title='bbox 3249 2025 3309 2083; x_wconf 71' lang='grc' dir='ltr'>δὲ</span> <span class='ocrx_word' id='word_1_402' title='bbox 3359 2030 3581 2105; x_wconf 75' lang='grc' dir='ltr'>Εἰρήνης</span> <span class='ocrx_word' id='word_1_403' title='bbox 3622 2041 3723 2094; x_wconf 81' lang='grc' dir='ltr'>τῆς</span> <span class='ocrx_word' id='word_1_404' title='bbox 3775 2052 3861 2106; x_wconf 81' lang='grc' dir='ltr'>με-</span> 
     </span>
    </p>
   </div>
   <div class='ocr_carea' id='block_1_65' title="bbox 2256 2117 3856 2196">
    <p class='ocr_par' dir='ltr' id='par_1_65' title="bbox 2256 2117 3856 2196">
     <span class='ocr_line' id='line_1_65' title="bbox 2256 2117 3856 2196; baseline 0.004 -27"><span class='ocrx_word' id='word_1_405' title='bbox 2256 2117 2420 2189; x_wconf 84' lang='grc' dir='ltr'>γάλης</span> <span class='ocrx_word' id='word_1_406' title='bbox 2448 2122 2538 2170; x_wconf 83' lang='grc' dir='ltr'>καὶ</span> <span class='ocrx_word' id='word_1_407' title='bbox 2568 2122 2955 2170; x_wconf 75' lang='grc' dir='ltr'>Κωνσταντίνου</span> <span class='ocrx_word' id='word_1_408' title='bbox 2994 2125 3085 2171; x_wconf 80' lang='grc' dir='ltr'>τοῦ</span> <span class='ocrx_word' id='word_1_409' title='bbox 3128 2120 3324 2182; x_wconf 86' lang='grc' dir='ltr'>ταύτης</span> <span class='ocrx_word' id='word_1_410' title='bbox 3380 2121 3515 2187; x_wconf 78' lang='grc' dir='ltr'>υἱοῦ,</span> <span class='ocrx_word' id='word_1_411' title='bbox 3572 2124 3600 2180; x_wconf 79' lang='grc' dir='ltr'><strong>η</strong></span> <span class='ocrx_word' id='word_1_412' title='bbox 3660 2118 3856 2196; x_wconf 72' lang='grc' dir='ltr'>ἑϐδόμη</span> 
     </span>
    </p>
   </div>
   <div class='ocr_carea' id='block_1_66' title="bbox 2260 2203 3859 2283">
    <p class='ocr_par' dir='ltr' id='par_1_66' title="bbox 2260 2203 3859 2283">
     <span class='ocr_line' id='line_1_66' title="bbox 2260 2203 3859 2283; baseline 0.003 -25"><span class='ocrx_word' id='word_1_413' title='bbox 2260 2208 2615 2279; x_wconf 81' lang='grc' dir='ltr'>συνεκροτηθη</span> <span class='ocrx_word' id='word_1_414' title='bbox 2651 2203 2875 2269; x_wconf 78' lang='grc' dir='ltr'>σύνοδος</span> <span class='ocrx_word' id='word_1_415' title='bbox 2913 2223 2926 2238; x_wconf 80' lang='lat'>&#39;</span> <span class='ocrx_word' id='word_1_416' title='bbox 2974 2211 3064 2260; x_wconf 81' lang='grc' dir='ltr'>καὶ</span> <span class='ocrx_word' id='word_1_417' title='bbox 3094 2204 3266 2271; x_wconf 74' lang='grc' dir='ltr'>οὐδεὶς</span> <span class='ocrx_word' id='word_1_418' title='bbox 3316 2207 3608 2273; x_wconf 78' lang='grc' dir='ltr'>ἀπόϐλητος</span> <span class='ocrx_word' id='word_1_419' title='bbox 3655 2216 3859 2283; x_wconf 78' lang='grc' dir='ltr'>γέγονεν</span> 
     </span>
    </p>
   </div>
   <div class='ocr_carea' id='block_1_67' title="bbox 2256 2295 3859 2373">
    <p class='ocr_par' dir='ltr' id='par_1_67' title="bbox 2256 2295 3859 2373">
     <span class='ocr_line' id='line_1_67' title="bbox 2256 2295 3859 2373; baseline 0.005 -26"><span class='ocrx_word' id='word_1_420' title='bbox 2256 2297 2326 2357; x_wconf 83' lang='grc' dir='ltr'>ὡς</span> <span class='ocrx_word' id='word_1_421' title='bbox 2367 2297 2511 2370; x_wconf 87' lang='grc' dir='ltr'>παρὰ</span> <span class='ocrx_word' id='word_1_422' title='bbox 2539 2302 2640 2347; x_wconf 85' lang='grc' dir='ltr'>τῶν</span> <span class='ocrx_word' id='word_1_423' title='bbox 2697 2295 3069 2368; x_wconf 81' lang='grc' dir='ltr'>Εἰκονομάχων</span> <span class='ocrx_word' id='word_1_424' title='bbox 3121 2301 3216 2355; x_wconf 78' lang='grc' dir='ltr'><strong>την</strong></span> <span class='ocrx_word' id='word_1_425' title='bbox 3262 2304 3589 2371; x_wconf 78' lang='grc' dir='ltr'>χειροτονίαν</span> <span class='ocrx_word' id='word_1_426' title='bbox 3640 2296 3859 2373; x_wconf 79' lang='grc' dir='ltr'>δεξάμε-</span> 
     </span>
    </p>
   </div>
   <div class='ocr_carea' id='block_1_68' title="bbox 2253 2384 3859 2460">
    <p class='ocr_par' dir='ltr' id='par_1_68' title="bbox 2253 2384 3859 2460">
     <span class='ocr_line' id='line_1_68' title="bbox 2253 2384 3859 2460; baseline 0.005 -25"><span class='ocrx_word' id='word_1_427' title='bbox 2253 2403 2359 2451; x_wconf 85' lang='grc' dir='ltr'>νος,</span> <span class='ocrx_word' id='word_1_428' title='bbox 2419 2388 2571 2458; x_wconf 90' lang='grc' dir='ltr'>μόνον</span> <span class='ocrx_word' id='word_1_429' title='bbox 2625 2384 2668 2438; x_wconf 84' lang='grc' dir='ltr'>εἰ</span> <span class='ocrx_word' id='word_1_430' title='bbox 2718 2389 2811 2443; x_wconf 79' lang='grc' dir='ltr'>τήν</span> <span class='ocrx_word' id='word_1_431' title='bbox 2865 2386 3065 2460; x_wconf 83' lang='grc' dir='ltr'>αἰρεσιν</span> <span class='ocrx_word' id='word_1_432' title='bbox 3135 2390 3331 2444; x_wconf 80' lang='grc' dir='ltr'>ταύτην</span> <span class='ocrx_word' id='word_1_433' title='bbox 3370 2385 3696 2441; x_wconf 77' lang='grc' dir='ltr'>ἁπεϐάλετοο</span> <span class='ocrx_word' id='word_1_434' title='bbox 3729 2389 3859 2448; x_wconf 74' lang='grc' dir='ltr'>πλὴν</span> 
     </span>
    </p>
   </div>
   <div class='ocr_carea' id='block_1_69' title="bbox 2252 2472 3862 2550">
    <p class='ocr_par' dir='ltr' id='par_1_69' title="bbox 2252 2472 3862 2550">
     <span class='ocr_line' id='line_1_69' title="bbox 2252 2472 3862 2550; baseline 0.002 -23"><span class='ocrx_word' id='word_1_435' title='bbox 2252 2481 2352 2527; x_wconf 87' lang='grc' dir='ltr'>τῶν</span> <span class='ocrx_word' id='word_1_436' title='bbox 2391 2477 2715 2546; x_wconf 86' lang='grc' dir='ltr'>πρωταιτίων</span> <span class='ocrx_word' id='word_1_437' title='bbox 2760 2480 2850 2526; x_wconf 83' lang='grc' dir='ltr'>καὶ</span> <span class='ocrx_word' id='word_1_438' title='bbox 2899 2472 3152 2549; x_wconf 80' lang='grc' dir='ltr'>ἁρχηγών</span> <span class='ocrx_word' id='word_1_439' title='bbox 3208 2484 3305 2537; x_wconf 77' lang='grc' dir='ltr'>τῆς</span> <span class='ocrx_word' id='word_1_440' title='bbox 3348 2478 3616 2550; x_wconf 82' lang='grc' dir='ltr'>αἱρέσεως,</span> <span class='ocrx_word' id='word_1_441' title='bbox 3675 2483 3765 2530; x_wconf 79' lang='grc' dir='ltr'>καὶ</span> <span class='ocrx_word' id='word_1_442' title='bbox 3821 2479 3862 2531; x_wconf 80' lang='grc' dir='ltr'>εἶ</span> 
     </span>
    </p>
   </div>
   <div class='ocr_carea' id='block_1_70' title="bbox 2254 2559 3863 2635">
    <p class='ocr_par' dir='ltr' id='par_1_70' title="bbox 2254 2559 3863 2635">
     <span class='ocr_line' id='line_1_70' title="bbox 2254 2559 3863 2635; baseline 0.004 -19"><span class='ocrx_word' id='word_1_443' title='bbox 2254 2567 2330 2623; x_wconf 89' lang='grc' dir='ltr'><strong>τίς</strong></span> <span class='ocrx_word' id='word_1_444' title='bbox 2398 2582 2498 2615; x_wconf 87' lang='grc' dir='ltr'><strong>που</strong></span> <span class='ocrx_word' id='word_1_445' title='bbox 2574 2559 2822 2635; x_wconf 72' lang='grc' dir='ltr'>διέμεινεν</span> <span class='ocrx_word' id='word_1_446' title='bbox 2889 2563 2958 2626; x_wconf 81' lang='grc' dir='ltr'><strong>εἰς</strong></span> <span class='ocrx_word' id='word_1_447' title='bbox 3033 2563 3175 2626; x_wconf 84' lang='grc' dir='ltr'>τέλος</span> <span class='ocrx_word' id='word_1_448' title='bbox 3244 2562 3530 2627; x_wconf 78' lang='grc' dir='ltr'>ἁνὲνδοτος.</span> <span class='ocrx_word' id='word_1_449' title='bbox 3573 2566 3738 2620; x_wconf 88' lang='grc' dir='ltr'>Πάλιν</span> <span class='ocrx_word' id='word_1_450' title='bbox 3806 2564 3863 2622; x_wconf 67' lang='grc' dir='ltr'>δι</span> 
     </span>
    </p>
   </div>
   <div class='ocr_carea' id='block_1_71' title="bbox 2255 2652 3863 2729">
    <p class='ocr_par' dir='ltr' id='par_1_71' title="bbox 2255 2652 3863 2729">
     <span class='ocr_line' id='line_1_71' title="bbox 2255 2652 3863 2729; baseline 0.004 -25"><span class='ocrx_word' id='word_1_451' title='bbox 2255 2653 2469 2725; x_wconf 82' lang='grc' dir='ltr'>ὕστερον</span> <span class='ocrx_word' id='word_1_452' title='bbox 2499 2656 2631 2724; x_wconf 85' lang='grc' dir='ltr'><strong>μετά</strong></span> <span class='ocrx_word' id='word_1_453' title='bbox 2680 2656 2767 2704; x_wconf 82' lang='grc' dir='ltr'><strong>τόν</strong></span> <span class='ocrx_word' id='word_1_454' title='bbox 2825 2652 3229 2727; x_wconf 83' lang='grc' dir='ltr'>Κουροπαλάτην</span> <span class='ocrx_word' id='word_1_455' title='bbox 3280 2653 3651 2708; x_wconf 68' lang='grc' dir='ltr'>εὐσεϐέστατον</span> <span class='ocrx_word' id='word_1_456' title='bbox 3706 2656 3863 2729; x_wconf 84' lang='grc' dir='ltr'>βασι-</span> 
     </span>
    </p>
   </div>
   <div class='ocr_carea' id='block_1_72' title="bbox 2255 2741 3863 2819">
    <p class='ocr_par' dir='ltr' id='par_1_72' title="bbox 2255 2741 3863 2819">
     <span class='ocr_line' id='line_1_72' title="bbox 2255 2741 3863 2819; baseline 0.003 -25"><span class='ocrx_word' id='word_1_457' title='bbox 2255 2741 2345 2795; x_wconf 88' lang='grc' dir='ltr'><strong>λέα</strong></span> <span class='ocrx_word' id='word_1_458' title='bbox 2405 2746 2545 2794; x_wconf 84' lang='grc' dir='ltr'><strong>Λέων</strong></span> <span class='ocrx_word' id='word_1_459' title='bbox 2603 2762 2629 2794; x_wconf 92' lang='grc' dir='ltr'><strong>ο</strong></span> <span class='ocrx_word' id='word_1_460' title='bbox 2688 2741 2974 2815; x_wconf 79' lang='grc' dir='ltr'>Ἀρμένιος,</span> <span class='ocrx_word' id='word_1_461' title='bbox 3044 2748 3138 2802; x_wconf 78' lang='grc' dir='ltr'>τήν</span> <span class='ocrx_word' id='word_1_462' title='bbox 3218 2742 3494 2816; x_wconf 82' lang='grc' dir='ltr'>βασιλείαν</span> <span class='ocrx_word' id='word_1_463' title='bbox 3549 2755 3863 2819; x_wconf 79' lang='grc' dir='ltr'>τυραννικῶς</span> 
     </span>
    </p>
   </div>
   <div class='ocr_carea' id='block_1_73' title="bbox 2261 2826 3862 2907">
    <p class='ocr_par' dir='ltr' id='par_1_73' title="bbox 2261 2826 3862 2907">
     <span class='ocr_line' id='line_1_73' title="bbox 2261 2826 3862 2907; baseline 0.003 -24"><span class='ocrx_word' id='word_1_464' title='bbox 2261 2826 2556 2903; x_wconf 81' lang='grc' dir='ltr'>δεξάμενος,</span> <span class='ocrx_word' id='word_1_465' title='bbox 2588 2834 2681 2888; x_wconf 74' lang='grc' dir='ltr'>τὴν</span> <span class='ocrx_word' id='word_1_466' title='bbox 2712 2830 3082 2904; x_wconf 85' lang='grc' dir='ltr'>εἰκονομαχίαν</span> <span class='ocrx_word' id='word_1_467' title='bbox 3138 2834 3429 2886; x_wconf 82' lang='grc' dir='ltr'>παυθεῑσαν</span> <span class='ocrx_word' id='word_1_468' title='bbox 3480 2830 3554 2893; x_wconf 64' lang='lat' dir='ltr'><strong>id</strong></span> <span class='ocrx_word' id='word_1_469' title='bbox 3560 2854 3587 2892; x_wconf 92' lang='grc' dir='ltr'><strong>η</strong></span> <span class='ocrx_word' id='word_1_470' title='bbox 3655 2833 3862 2907; x_wconf 78' lang='grc' dir='ltr'>ἀνήγει-</span> 
     </span>
    </p>
   </div>
   <div class='ocr_carea' id='block_1_74' title="bbox 2260 2919 3862 2997">
    <p class='ocr_par' dir='ltr' id='par_1_74' title="bbox 2260 2919 3862 2997">
     <span class='ocr_line' id='line_1_74' title="bbox 2260 2919 3862 2997; baseline 0.002 -24"><span class='ocrx_word' id='word_1_471' title='bbox 2260 2924 2473 2994; x_wconf 83' lang='grc' dir='ltr'>ρε·καὶ</span> <span class='ocrx_word' id='word_1_472' title='bbox 2517 2923 2605 2971; x_wconf 89' lang='grc' dir='ltr'>τὸν</span> <span class='ocrx_word' id='word_1_473' title='bbox 2661 2919 2809 2992; x_wconf 73' lang='grc' dir='ltr'>ἅγιον</span> <span class='ocrx_word' id='word_1_474' title='bbox 2869 2924 3165 2995; x_wconf 71' lang='grc' dir='ltr'>Νικηφόρον</span> <span class='ocrx_word' id='word_1_475' title='bbox 3239 2929 3331 2975; x_wconf 77' lang='grc' dir='ltr'>τοῦ</span> <span class='ocrx_word' id='word_1_476' title='bbox 3390 2924 3572 2995; x_wconf 85' lang='grc' dir='ltr'>θρόνου</span> <span class='ocrx_word' id='word_1_477' title='bbox 3628 2944 3862 2997; x_wconf 79' lang='grc' dir='ltr'>καταγα-</span> 
     </span>
    </p>
   </div>
   <div class='ocr_carea' id='block_1_75' title="bbox 2259 3006 3860 3088">
    <p class='ocr_par' dir='ltr' id='par_1_75' title="bbox 2259 3006 3860 3088">
     <span class='ocr_line' id='line_1_75' title="bbox 2259 3006 3860 3088; baseline 0.003 -27"><span class='ocrx_word' id='word_1_478' title='bbox 2259 3015 2383 3081; x_wconf 84' lang='grc' dir='ltr'>γὼν,</span> <span class='ocrx_word' id='word_1_479' title='bbox 2433 3008 2667 3085; x_wconf 74' lang='grc' dir='ltr'>ἐξώρισε.</span> <span class='ocrx_word' id='word_1_480' title='bbox 2700 3016 2889 3063; x_wconf 72' lang='grc' dir='ltr'>Τοῦτον</span> <span class='ocrx_word' id='word_1_481' title='bbox 2950 3006 3219 3075; x_wconf 71' lang='grc' dir='ltr'>διεδέξατο</span> <span class='ocrx_word' id='word_1_482' title='bbox 3265 3012 3488 3084; x_wconf 72' lang='grc' dir='ltr'>Μιχαὴλ</span> <span class='ocrx_word' id='word_1_483' title='bbox 3532 3033 3558 3066; x_wconf 91' lang='grc' dir='ltr'><strong>ο</strong></span> <span class='ocrx_word' id='word_1_484' title='bbox 3609 3014 3860 3088; x_wconf 86' lang='grc' dir='ltr'>Τραυλός,</span> 
     </span>
    </p>
   </div>
   <div class='ocr_carea' id='block_1_76' title="bbox 2261 3098 3860 3172">
    <p class='ocr_par' dir='ltr' id='par_1_76' title="bbox 2261 3098 3860 3172">
     <span class='ocr_line' id='line_1_76' title="bbox 2261 3098 3860 3172; baseline 0.004 -23"><span class='ocrx_word' id='word_1_485' title='bbox 2261 3104 2351 3151; x_wconf 87' lang='grc' dir='ltr'>καὶ</span> <span class='ocrx_word' id='word_1_486' title='bbox 2381 3118 2405 3151; x_wconf 92' lang='grc' dir='ltr'><strong>ο</strong></span> <span class='ocrx_word' id='word_1_487' title='bbox 2434 3102 2620 3151; x_wconf 79' lang='grc' dir='ltr'>τούτου</span> <span class='ocrx_word' id='word_1_488' title='bbox 2666 3102 2773 3160; x_wconf 84' lang='grc' dir='ltr'>υἱός</span> <span class='ocrx_word' id='word_1_489' title='bbox 2830 3098 3097 3172; x_wconf 70' lang='grc' dir='ltr'>Θεοφιλος.</span> <span class='ocrx_word' id='word_1_490' title='bbox 3132 3101 3211 3153; x_wconf 83' lang='grc' dir='ltr'>Ἐν</span> <span class='ocrx_word' id='word_1_491' title='bbox 3268 3100 3402 3161; x_wconf 83' lang='grc' dir='ltr'>ὅλοις</span> <span class='ocrx_word' id='word_1_492' title='bbox 3456 3098 3513 3154; x_wconf 69' lang='grc' dir='ltr'>δὲ</span> <span class='ocrx_word' id='word_1_493' title='bbox 3560 3106 3728 3155; x_wconf 79' lang='grc' dir='ltr'>εἴκοσι</span> <span class='ocrx_word' id='word_1_494' title='bbox 3776 3108 3860 3155; x_wconf 83' lang='grc' dir='ltr'>καὶ</span> 
     </span>
    </p>
   </div>
   <div class='ocr_carea' id='block_1_77' title="bbox 2263 3185 3861 3266">
    <p class='ocr_par' dir='ltr' id='par_1_77' title="bbox 2263 3185 3861 3266">
     <span class='ocr_line' id='line_1_77' title="bbox 2263 3185 3861 3266; baseline 0.001 -24"><span class='ocrx_word' id='word_1_495' title='bbox 2263 3188 2317 3250; x_wconf 78' lang='grc' dir='ltr'><strong>ἓξ</strong></span> <span class='ocrx_word' id='word_1_496' title='bbox 2342 3190 2525 3253; x_wconf 80' lang='grc' dir='ltr'>ἔτεσιν,</span> <span class='ocrx_word' id='word_1_497' title='bbox 2560 3190 2635 3250; x_wconf 78' lang='grc' dir='ltr'>οἱς</span> <span class='ocrx_word' id='word_1_498' title='bbox 2674 3190 2721 3240; x_wconf 85' lang='grc' dir='ltr'>οἱ</span> <span class='ocrx_word' id='word_1_499' title='bbox 2766 3188 3005 3262; x_wconf 79' lang='grc' dir='ltr'>ῥηθέντες</span> <span class='ocrx_word' id='word_1_500' title='bbox 3052 3185 3158 3247; x_wconf 76' lang='grc' dir='ltr'>ἤδη</span> <span class='ocrx_word' id='word_1_501' title='bbox 3206 3191 3457 3264; x_wconf 81' lang='grc' dir='ltr'>αἰρετικοὶ</span> <span class='ocrx_word' id='word_1_502' title='bbox 3513 3198 3861 3266; x_wconf 70' lang='grc' dir='ltr'>τυραννήσανο</span> 
     </span>
    </p>
   </div>
   <div class='ocr_carea' id='block_1_78' title="bbox 2264 3273 3862 3357">
    <p class='ocr_par' dir='ltr' id='par_1_78' title="bbox 2264 3273 3862 3357">
     <span class='ocr_line' id='line_1_78' title="bbox 2264 3273 3862 3357; baseline 0.003 -30"><span class='ocrx_word' id='word_1_503' title='bbox 2264 3296 2341 3337; x_wconf 80' lang='grc' dir='ltr'><strong>τες</strong></span> <span class='ocrx_word' id='word_1_504' title='bbox 2386 3276 2786 3350; x_wconf 73' lang='grc' dir='ltr'>ἁναγράφονται,</span> <span class='ocrx_word' id='word_1_505' title='bbox 2845 3273 3017 3340; x_wconf 75' lang='grc' dir='ltr'>οὐδεὶς</span> <span class='ocrx_word' id='word_1_506' title='bbox 3076 3274 3273 3350; x_wconf 82' lang='grc' dir='ltr'>σχεδόν</span> <span class='ocrx_word' id='word_1_507' title='bbox 3328 3276 3704 3353; x_wconf 75' lang='grc' dir='ltr'>διαμεμένηκεν</span> <span class='ocrx_word' id='word_1_508' title='bbox 3768 3281 3862 3357; x_wconf 83' lang='grc' dir='ltr'><strong>ἁρ-</strong></span> 
     </span>
    </p>
   </div>
   <div class='ocr_carea' id='block_1_79' title="bbox 2263 3363 3859 3444">
    <p class='ocr_par' dir='ltr' id='par_1_79' title="bbox 2263 3363 3859 3444">
     <span class='ocr_line' id='line_1_79' title="bbox 2263 3363 3859 3444; baseline 0.003 -26"><span class='ocrx_word' id='word_1_509' title='bbox 2263 3370 2474 3439; x_wconf 79' lang='grc' dir='ltr'>χιερεὺς</span> <span class='ocrx_word' id='word_1_510' title='bbox 2525 3363 2823 3439; x_wconf 73' lang='grc' dir='ltr'>ὀρθόδοξος.</span> <span class='ocrx_word' id='word_1_511' title='bbox 2885 3369 3028 3421; x_wconf 82' lang='grc' dir='ltr'>Μετὰ</span> <span class='ocrx_word' id='word_1_512' title='bbox 3079 3364 3138 3420; x_wconf 71' lang='grc' dir='ltr'>δὲ</span> <span class='ocrx_word' id='word_1_513' title='bbox 3194 3370 3280 3421; x_wconf 88' lang='grc' dir='ltr'>τὸν</span> <span class='ocrx_word' id='word_1_514' title='bbox 3336 3370 3551 3422; x_wconf 88' lang='grc' dir='ltr'>θάνατον</span> <span class='ocrx_word' id='word_1_515' title='bbox 3611 3370 3859 3444; x_wconf 64' lang='grc' dir='ltr'>Θεοφῦιου</span> 
     </span>
    </p>
   </div>
   <div class='ocr_carea' id='block_1_80' title="bbox 2265 3453 3863 3533">
    <p class='ocr_par' dir='ltr' id='par_1_80' title="bbox 2265 3453 3863 3533">
     <span class='ocr_line' id='line_1_80' title="bbox 2265 3453 3863 3533; baseline 0.004 -26"><span class='ocrx_word' id='word_1_516' title='bbox 2265 3459 2352 3507; x_wconf 86' lang='grc' dir='ltr'><strong>τόν</strong></span> <span class='ocrx_word' id='word_1_517' title='bbox 2399 3456 2685 3527; x_wconf 84' lang='grc' dir='ltr'>ἁγιώτατον</span> <span class='ocrx_word' id='word_1_518' title='bbox 2730 3453 2986 3510; x_wconf 82' lang='grc' dir='ltr'>Μεθόδιον</span> <span class='ocrx_word' id='word_1_519' title='bbox 3029 3462 3368 3533; x_wconf 84' lang='grc' dir='ltr'>πατριάρχην</span> <span class='ocrx_word' id='word_1_520' title='bbox 3398 3461 3428 3518; x_wconf 79' lang='grc' dir='ltr'><strong>η</strong></span> <span class='ocrx_word' id='word_1_521' title='bbox 3470 3458 3671 3531; x_wconf 83' lang='grc' dir='ltr'>μεγάλη</span> <span class='ocrx_word' id='word_1_522' title='bbox 3734 3469 3863 3514; x_wconf 81' lang='grc' dir='ltr'>θεο-</span> 
     </span>
    </p>
   </div>
   <div class='ocr_carea' id='block_1_81' title="bbox 2268 3539 3865 3617">
    <p class='ocr_par' dir='ltr' id='par_1_81' title="bbox 2268 3539 3865 3617">
     <span class='ocr_line' id='line_1_81' title="bbox 2268 3539 3865 3617; baseline 0.004 -23"><span class='ocrx_word' id='word_1_523' title='bbox 2268 3539 2417 3617; x_wconf 81' lang='grc' dir='ltr'>δώρα</span> <span class='ocrx_word' id='word_1_524' title='bbox 2440 3542 2862 3603; x_wconf 78' lang='grc' dir='ltr'>ἀποκατέστησεν</span> <span class='ocrx_word' id='word_1_525' title='bbox 2892 3546 3006 3616; x_wconf 76' lang='lat' dir='ltr'><strong>(i2)</strong></span> <span class='ocrx_word' id='word_1_526' title='bbox 3036 3562 3048 3574; x_wconf 88' lang='lat'><strong>&#39;</strong></span> <span class='ocrx_word' id='word_1_527' title='bbox 3083 3544 3137 3607; x_wconf 84' lang='grc' dir='ltr'>ὃς</span> <span class='ocrx_word' id='word_1_528' title='bbox 3168 3548 3361 3608; x_wconf 78' lang='grc' dir='ltr'>πάντας</span> <span class='ocrx_word' id='word_1_529' title='bbox 3414 3544 3627 3611; x_wconf 78' lang='grc' dir='ltr'>ἐδέξατο</span> <span class='ocrx_word' id='word_1_530' title='bbox 3690 3568 3865 3601; x_wconf 83' lang='grc' dir='ltr'>συναι-</span> 
     </span>
    </p>
   </div>
   <div class='ocr_carea' id='block_1_82' title="bbox 2266 3632 3865 3708">
    <p class='ocr_par' dir='ltr' id='par_1_82' title="bbox 2266 3632 3865 3708">
     <span class='ocr_line' id='line_1_82' title="bbox 2266 3632 3865 3708; baseline 0.003 -23"><span class='ocrx_word' id='word_1_531' title='bbox 2266 3637 2401 3685; x_wconf 90' lang='grc' dir='ltr'>νέσει</span> <span class='ocrx_word' id='word_1_532' title='bbox 2447 3638 2537 3686; x_wconf 81' lang='grc' dir='ltr'>καὶ</span> <span class='ocrx_word' id='word_1_533' title='bbox 2595 3632 2871 3707; x_wconf 78' lang='grc' dir='ltr'>συμϐουλῇ</span> <span class='ocrx_word' id='word_1_534' title='bbox 2927 3654 3015 3686; x_wconf 91' lang='grc' dir='ltr'><strong>και</strong></span> <span class='ocrx_word' id='word_1_535' title='bbox 3066 3643 3158 3687; x_wconf 74' lang='grc' dir='ltr'>τοῦ</span> <span class='ocrx_word' id='word_1_536' title='bbox 3212 3638 3438 3708; x_wconf 76' lang='grc' dir='ltr'>μεγάλου</span> <span class='ocrx_word' id='word_1_537' title='bbox 3501 3635 3549 3688; x_wconf 75' lang='grc' dir='ltr'>ἐν</span> <span class='ocrx_word' id='word_1_538' title='bbox 3605 3638 3865 3699; x_wconf 61' lang='lat' dir='ltr'><strong>inured;</strong></span> 
     </span>
    </p>
   </div>
   <div class='ocr_carea' id='block_1_83' title="bbox 2270 3721 3868 3802">
    <p class='ocr_par' dir='ltr' id='par_1_83' title="bbox 2270 3721 3868 3802">
     <span class='ocr_line' id='line_1_83' title="bbox 2270 3721 3868 3802; baseline 0.003 -27"><span class='ocrx_word' id='word_1_539' title='bbox 2270 3721 2607 3791; x_wconf 84' lang='grc' dir='ltr'>Ἰωαννικίου,</span> <span class='ocrx_word' id='word_1_540' title='bbox 2639 3725 2709 3784; x_wconf 81' lang='grc' dir='ltr'>ὡς</span> <span class='ocrx_word' id='word_1_541' title='bbox 2736 3725 2886 3777; x_wconf 76' lang='grc' dir='ltr'>ἴσαι-ν</span> <span class='ocrx_word' id='word_1_542' title='bbox 2940 3725 2995 3775; x_wconf 77' lang='grc' dir='ltr'>ἐκ</span> <span class='ocrx_word' id='word_1_543' title='bbox 3046 3722 3220 3776; x_wconf 78' lang='grc' dir='ltr'>τῶνέν</span> <span class='ocrx_word' id='word_1_544' title='bbox 3270 3732 3340 3795; x_wconf 83' lang='grc' dir='ltr'>τῷ</span> <span class='ocrx_word' id='word_1_545' title='bbox 3392 3724 3495 3797; x_wconf 77' lang='grc' dir='ltr'>βίῳ</span> <span class='ocrx_word' id='word_1_546' title='bbox 3551 3725 3715 3779; x_wconf 69' lang='grc' dir='ltr'>αὐτοῦ</span> <span class='ocrx_word' id='word_1_547' title='bbox 3754 3733 3868 3802; x_wconf 80' lang='grc' dir='ltr'>περὶ</span> 
     </span>
    </p>
   </div>
   <div class='ocr_carea' id='block_1_84' title="bbox 2268 3808 3868 3887">
    <p class='ocr_par' dir='ltr' id='par_1_84' title="bbox 2268 3808 3868 3887">
     <span class='ocr_line' id='line_1_84' title="bbox 2268 3808 3868 3887; baseline 0.004 -23"><span class='ocrx_word' id='word_1_548' title='bbox 2268 3814 2463 3864; x_wconf 82' lang='grc' dir='ltr'>τούτων</span> <span class='ocrx_word' id='word_1_549' title='bbox 2495 3817 2799 3886; x_wconf 78' lang='grc' dir='ltr'>φερομένων,</span> <span class='ocrx_word' id='word_1_550' title='bbox 2827 3814 2943 3865; x_wconf 89' lang='grc' dir='ltr'>όσοι</span> <span class='ocrx_word' id='word_1_551' title='bbox 2999 3808 3206 3872; x_wconf 77' lang='grc' dir='ltr'>δηλαδή</span> <span class='ocrx_word' id='word_1_552' title='bbox 3263 3815 3463 3886; x_wconf 83' lang='grc' dir='ltr'>αἰρεσιν</span> <span class='ocrx_word' id='word_1_553' title='bbox 3520 3812 3868 3887; x_wconf 76' lang='grc' dir='ltr'>ἐξωμόσαντο.</span> 
     </span>
    </p>
   </div>
   <div class='ocr_carea' id='block_1_85' title="bbox 2345 3901 3874 3977">
    <p class='ocr_par' dir='ltr' id='par_1_85' title="bbox 2345 3901 3874 3977">
     <span class='ocr_line' id='line_1_85' title="bbox 2345 3901 3874 3977; baseline 0.003 -25"><span class='ocrx_word' id='word_1_554' title='bbox 2345 3901 2401 3954; x_wconf 85' lang='grc' dir='ltr'><strong>ι’.</strong></span> <span class='ocrx_word' id='word_1_555' title='bbox 2458 3906 2697 3960; x_wconf 79' lang='grc' dir='ltr'>Ζήτησον</span> <span class='ocrx_word' id='word_1_556' title='bbox 2726 3906 2815 3954; x_wconf 85' lang='grc' dir='ltr'>καὶ</span> <span class='ocrx_word' id='word_1_557' title='bbox 2862 3903 2928 3954; x_wconf 84' lang='grc' dir='ltr'>τὰ</span> <span class='ocrx_word' id='word_1_558' title='bbox 2993 3907 3111 3975; x_wconf 85' lang='grc' dir='ltr'>περὶ</span> <span class='ocrx_word' id='word_1_559' title='bbox 3162 3906 3248 3955; x_wconf 81' lang='grc' dir='ltr'><strong>τόν</strong></span> <span class='ocrx_word' id='word_1_560' title='bbox 3305 3910 3748 3977; x_wconf 79' lang='grc' dir='ltr'>παρανομώτατον</span> <span class='ocrx_word' id='word_1_561' title='bbox 3790 3910 3874 3957; x_wconf 84' lang='grc' dir='ltr'>καὶ</span> 
     </span>
    </p>
   </div>
   <div class='ocr_carea' id='block_1_86' title="bbox 2272 3988 3875 4062">
    <p class='ocr_par' dir='ltr' id='par_1_86' title="bbox 2272 3988 3875 4062">
     <span class='ocr_line' id='line_1_86' title="bbox 2272 3988 3875 4062; baseline 0.002 -18"><span class='ocrx_word' id='word_1_562' title='bbox 2272 3988 2597 4060; x_wconf 69' lang='grc' dir='ltr'>ἁφηνιαστὴν</span> <span class='ocrx_word' id='word_1_563' title='bbox 2660 3990 2873 4062; x_wconf 69' lang='grc' dir='ltr'>Ἰωσὴφ,</span> <span class='ocrx_word' id='word_1_564' title='bbox 2913 3994 2998 4044; x_wconf 90' lang='grc' dir='ltr'><strong>τόν</strong></span> <span class='ocrx_word' id='word_1_565' title='bbox 3055 3999 3149 4054; x_wconf 84' lang='grc' dir='ltr'>τῆς</span> <span class='ocrx_word' id='word_1_566' title='bbox 3206 3991 3519 4055; x_wconf 84' lang='grc' dir='ltr'>Ἐκκλησίας</span> <span class='ocrx_word' id='word_1_567' title='bbox 3576 3998 3695 4046; x_wconf 88' lang='grc' dir='ltr'>τότε</span> <span class='ocrx_word' id='word_1_568' title='bbox 3746 3995 3875 4047; x_wconf 69' lang='grc' dir='ltr'>οἰκον</span> 
     </span>
    </p>
   </div>
   <div class='ocr_carea' id='block_1_87' title="bbox 2275 4077 3879 4157">
    <p class='ocr_par' dir='ltr' id='par_1_87' title="bbox 2275 4077 3879 4157">
     <span class='ocr_line' id='line_1_87' title="bbox 2275 4077 3879 4157; baseline 0.003 -26"><span class='ocrx_word' id='word_1_569' title='bbox 2275 4083 2447 4152; x_wconf 85' lang='grc' dir='ltr'>νόμον,</span> <span class='ocrx_word' id='word_1_570' title='bbox 2510 4084 2823 4151; x_wconf 74' lang='grc' dir='ltr'>γεγενημένα</span> <span class='ocrx_word' id='word_1_571' title='bbox 2895 4077 3168 4133; x_wconf 71' lang='grc' dir='ltr'>σκάνδαλα</span> <span class='ocrx_word' id='word_1_572' title='bbox 3240 4079 3290 4133; x_wconf 78' lang='grc' dir='ltr'>ἐν</span> <span class='ocrx_word' id='word_1_573' title='bbox 3345 4089 3407 4154; x_wconf 79' lang='grc' dir='ltr'>τῇ</span> <span class='ocrx_word' id='word_1_574' title='bbox 3474 4081 3733 4157; x_wconf 72' lang='grc' dir='ltr'>ἔφημερίᾳ</span> <span class='ocrx_word' id='word_1_575' title='bbox 3782 4084 3879 4138; x_wconf 79' lang='grc' dir='ltr'><strong>Τα-</strong></span> 
     </span>
    </p>
   </div>
   <div class='ocr_carea' id='block_1_88' title="bbox 2243 4169 3875 4246">
    <p class='ocr_par' dir='ltr' id='par_1_88' title="bbox 2243 4169 3875 4246">
     <span class='ocr_line' id='line_1_88' title="bbox 2243 4169 3875 4246; baseline 0.002 -26"><span class='ocrx_word' id='word_1_576' title='bbox 2243 4173 2464 4243; x_wconf 59' lang='grc' dir='ltr'>νρασίον</span> <span class='ocrx_word' id='word_1_577' title='bbox 2504 4172 2594 4220; x_wconf 80' lang='grc' dir='ltr'>καὶ</span> <span class='ocrx_word' id='word_1_578' title='bbox 2645 4174 2946 4241; x_wconf 77' lang='grc' dir='ltr'>Νικηφόρον</span> <span class='ocrx_word' id='word_1_579' title='bbox 3010 4178 3106 4221; x_wconf 78' lang='grc' dir='ltr'>τῶν</span> <span class='ocrx_word' id='word_1_580' title='bbox 3164 4169 3465 4241; x_wconf 72' lang='grc' dir='ltr'>ἁγιωτάτων</span> <span class='ocrx_word' id='word_1_581' title='bbox 3510 4180 3875 4246; x_wconf 81' lang='grc' dir='ltr'>πατριαρχῶν,</span> 
     </span>
    </p>
   </div>
   <div class='ocr_carea' id='block_1_89' title="bbox 508 4249 2154 4332">
    <p class='ocr_par' dir='ltr' id='par_1_89' title="bbox 508 4257 2154 4329">
     <span class='ocr_line' id='line_1_89' title="bbox 508 4257 2154 4329; baseline 0.003 -16"><span class='ocrx_word' id='word_1_582' title='bbox 508 4257 1041 4323; x_wconf 86' lang='lat' dir='ltr'><strong>sanctissimorum,</strong></span> <span class='ocrx_word' id='word_1_583' title='bbox 1074 4275 1184 4315; x_wconf 90' lang='lat' dir='ltr'><strong>nec</strong></span> <span class='ocrx_word' id='word_1_584' title='bbox 1216 4275 1339 4316; x_wconf 87' lang='lat' dir='ltr'><strong>non</strong></span> <span class='ocrx_word' id='word_1_585' title='bbox 1379 4261 1677 4318; x_wconf 89' lang='lat' dir='ltr'><strong>Theodori</strong></span> <span class='ocrx_word' id='word_1_586' title='bbox 1711 4263 1975 4329; x_wconf 81' lang='lat' dir='ltr'><strong>Studitae,</strong></span> <span class='ocrx_word' id='word_1_587' title='bbox 2022 4267 2154 4318; x_wconf 81' lang='lat' dir='ltr'><strong>tem</strong></span> 
     </span>
    </p>
   </div>
   <div class='ocr_carea' id='block_1_90' title="bbox 2265 4249 3874 4332">
    <p class='ocr_par' dir='ltr' id='par_1_90' title="bbox 2277 4255 3874 4332">
     <span class='ocr_line' id='line_1_90' title="bbox 2277 4255 3874 4332; baseline 0.003 -22"><span class='ocrx_word' id='word_1_588' title='bbox 2277 4263 2366 4310; x_wconf 82' lang='grc' dir='ltr'>καὶ</span> <span class='ocrx_word' id='word_1_589' title='bbox 2394 4255 2669 4332; x_wconf 78' lang='grc' dir='ltr'>Θεοδώρου</span> <span class='ocrx_word' id='word_1_590' title='bbox 2701 4265 2791 4310; x_wconf 72' lang='grc' dir='ltr'>τοῦ</span> <span class='ocrx_word' id='word_1_591' title='bbox 2823 4255 3106 4311; x_wconf 79' lang='grc' dir='ltr'>Στουδίτου</span> <span class='ocrx_word' id='word_1_592' title='bbox 3149 4265 3237 4312; x_wconf 85' lang='grc' dir='ltr'>καὶ</span> <span class='ocrx_word' id='word_1_593' title='bbox 3291 4259 3613 4332; x_wconf 82' lang='grc' dir='ltr'>όμολογητου</span> <span class='ocrx_word' id='word_1_594' title='bbox 3650 4282 3663 4294; x_wconf 91' lang='grc'><strong>·</strong></span> <span class='ocrx_word' id='word_1_595' title='bbox 3699 4258 3874 4320; x_wconf 73' lang='grc' dir='ltr'>ἐπειδὴ</span> 
     </span>
    </p>
   </div>
   <div class='ocr_carea' id='block_1_91' title="bbox 507 4345 2167 4419">
    <p class='ocr_par' dir='ltr' id='par_1_91' title="bbox 507 4345 2167 4419">
     <span class='ocr_line' id='line_1_91' title="bbox 507 4345 2167 4419; baseline 0.004 -19"><span class='ocrx_word' id='word_1_596' title='bbox 507 4345 774 4418; x_wconf 86' lang='lat' dir='ltr'><strong>poribus.</strong></span> <span class='ocrx_word' id='word_1_597' title='bbox 797 4346 897 4400; x_wconf 81' lang='lat' dir='ltr'><strong>llic</strong></span> <span class='ocrx_word' id='word_1_598' title='bbox 919 4346 1406 4419; x_wconf 78' lang='lat' dir='ltr'><strong>enimlosephus,</strong></span> <span class='ocrx_word' id='word_1_599' title='bbox 1432 4365 1571 4405; x_wconf 90' lang='lat' dir='ltr'><strong>cum</strong></span> <span class='ocrx_word' id='word_1_600' title='bbox 1596 4351 2017 4406; x_wconf 73' lang='lat' dir='ltr'><strong>Constantinus</strong></span> <span class='ocrx_word' id='word_1_601' title='bbox 2039 4366 2167 4407; x_wconf 86' lang='lat' dir='ltr'><strong>ma-</strong></span> 
     </span>
    </p>
   </div>
   <div class='ocr_carea' id='block_1_92' title="bbox 511 4434 2169 4508">
    <p class='ocr_par' dir='ltr' id='par_1_92' title="bbox 511 4434 2169 4508">
     <span class='ocr_line' id='line_1_92' title="bbox 511 4434 2169 4508; baseline 0.003 -19"><span class='ocrx_word' id='word_1_602' title='bbox 511 4449 642 4505; x_wconf 70' lang='lat' dir='ltr'><strong>gna:</strong></span> <span class='ocrx_word' id='word_1_603' title='bbox 692 4435 887 4489; x_wconf 89' lang='lat' dir='ltr'><strong>lrcncs</strong></span> <span class='ocrx_word' id='word_1_604' title='bbox 935 4434 1095 4490; x_wconf 83' lang='lat' dir='ltr'><strong>ﬁlius</strong></span> <span class='ocrx_word' id='word_1_605' title='bbox 1136 4436 1450 4508; x_wconf 88' lang='lat' dir='ltr'><strong>repudiata</strong></span> <span class='ocrx_word' id='word_1_606' title='bbox 1518 4454 1702 4493; x_wconf 89' lang='lat' dir='ltr'><strong>uxore</strong></span> <span class='ocrx_word' id='word_1_607' title='bbox 1773 4438 2169 4495; x_wconf 87' lang='lat' dir='ltr'><strong>adulterinam</strong></span> 
     </span>
    </p>
   </div>
   <div class='ocr_carea' id='block_1_93' title="bbox 510 4522 2168 4599">
    <p class='ocr_par' dir='ltr' id='par_1_93' title="bbox 510 4522 2168 4599">
     <span class='ocr_line' id='line_1_93' title="bbox 510 4522 2168 4599; baseline 0.003 -22"><span class='ocrx_word' id='word_1_608' title='bbox 510 4522 691 4578; x_wconf 90' lang='lat' dir='ltr'><strong>aliam</strong></span> <span class='ocrx_word' id='word_1_609' title='bbox 710 4538 815 4594; x_wconf 90' lang='lat' dir='ltr'><strong>per</strong></span> <span class='ocrx_word' id='word_1_610' title='bbox 845 4522 1014 4579; x_wconf 85' lang='lat' dir='ltr'><strong>nefas</strong></span> <span class='ocrx_word' id='word_1_611' title='bbox 1044 4528 1171 4579; x_wconf 89' lang='lat' dir='ltr'><strong>toro</strong></span> <span class='ocrx_word' id='word_1_612' title='bbox 1200 4524 1507 4596; x_wconf 85' lang='lat' dir='ltr'><strong>reciperet,</strong></span> <span class='ocrx_word' id='word_1_613' title='bbox 1541 4527 1867 4599; x_wconf 85' lang='lat' dir='ltr'><strong>Josephus.</strong></span> <span class='ocrx_word' id='word_1_614' title='bbox 1892 4526 2168 4599; x_wconf 88' lang='lat' dir='ltr'><strong>inquam,</strong></span> 
     </span>
    </p>
   </div>
   <div class='ocr_carea' id='block_1_94' title="bbox 508 4611 2166 4684">
    <p class='ocr_par' dir='ltr' id='par_1_94' title="bbox 508 4611 2166 4684">
     <span class='ocr_line' id='line_1_94' title="bbox 508 4611 2166 4684; baseline 0.004 -17"><span class='ocrx_word' id='word_1_615' title='bbox 508 4611 733 4684; x_wconf 89' lang='lat' dir='ltr'><strong>nuptiis</strong></span> <span class='ocrx_word' id='word_1_616' title='bbox 774 4611 1076 4668; x_wconf 89' lang='lat' dir='ltr'><strong>benedixit</strong></span> <span class='ocrx_word' id='word_1_617' title='bbox 1115 4618 1323 4669; x_wconf 87' lang='lat' dir='ltr'><strong>contra</strong></span> <span class='ocrx_word' id='word_1_618' title='bbox 1370 4617 1558 4671; x_wconf 87' lang='lat' dir='ltr'><strong>sancti</strong></span> <span class='ocrx_word' id='word_1_619' title='bbox 1602 4616 1825 4672; x_wconf 78' lang='lat' dir='ltr'><strong>Tarasii</strong></span> <span class='ocrx_word' id='word_1_620' title='bbox 1863 4616 2118 4672; x_wconf 83' lang='lat' dir='ltr'><strong>vetitum</strong></span> <span class='ocrx_word' id='word_1_621' title='bbox 2153 4634 2166 4673; x_wconf 89' lang='lat'><strong>:</strong></span> 
     </span>
    </p>
   </div>
   <div class='ocr_carea' id='block_1_95' title="bbox 511 4700 2172 4775">
    <p class='ocr_par' dir='ltr' id='par_1_95' title="bbox 511 4700 2172 4775">
     <span class='ocr_line' id='line_1_95' title="bbox 511 4700 2172 4775; baseline 0.001 -14"><span class='ocrx_word' id='word_1_622' title='bbox 511 4718 678 4775; x_wconf 80' lang='lat' dir='ltr'><strong>aquo</strong></span> <span class='ocrx_word' id='word_1_623' title='bbox 694 4700 1316 4775; x_wconf 87' lang='lat' dir='ltr'><strong>Joscphusimprobus</strong></span> <span class='ocrx_word' id='word_1_624' title='bbox 1336 4706 1892 4762; x_wconf 80' lang='lat' dir='ltr'><strong>excommunicatus</strong></span> <span class='ocrx_word' id='word_1_625' title='bbox 1919 4710 2028 4773; x_wconf 89' lang='lat' dir='ltr'><strong>est,</strong></span> <span class='ocrx_word' id='word_1_626' title='bbox 2049 4722 2172 4763; x_wconf 89' lang='lat' dir='ltr'><strong>non</strong></span> 
     </span>
    </p>
   </div>
   <div class='ocr_carea' id='block_1_96' title="bbox 511 4793 2167 4868">
    <p class='ocr_par' dir='ltr' id='par_1_96' title="bbox 511 4793 2167 4868">
     <span class='ocr_line' id='line_1_96' title="bbox 511 4793 2167 4868; baseline 0.002 -19"><span class='ocrx_word' id='word_1_627' title='bbox 511 4798 712 4849; x_wconf 89' lang='lat' dir='ltr'><strong>tamen</strong></span> <span class='ocrx_word' id='word_1_628' title='bbox 742 4793 801 4849; x_wconf 87' lang='lat' dir='ltr'><strong>iu</strong></span> <span class='ocrx_word' id='word_1_629' title='bbox 833 4797 1224 4865; x_wconf 83' lang='lat' dir='ltr'><strong>perpetuum:</strong></span> <span class='ocrx_word' id='word_1_630' title='bbox 1262 4793 1480 4850; x_wconf 90' lang='lat' dir='ltr'><strong>ctenim</strong></span> <span class='ocrx_word' id='word_1_631' title='bbox 1518 4795 1741 4850; x_wconf 86' lang='lat' dir='ltr'><strong>invitus</strong></span> <span class='ocrx_word' id='word_1_632' title='bbox 1770 4795 1905 4852; x_wconf 90' lang='lat' dir='ltr'><strong>licet</strong></span> <span class='ocrx_word' id='word_1_633' title='bbox 1953 4795 2167 4868; x_wconf 89' lang='lat' dir='ltr'><strong>plane-</strong></span> 
     </span>
    </p>
   </div>
   <div class='ocr_carea' id='block_1_97' title="bbox 510 4882 2170 4953">
    <p class='ocr_par' dir='ltr' id='par_1_97' title="bbox 510 4882 2170 4953">
     <span class='ocr_line' id='line_1_97' title="bbox 510 4882 2170 4953; baseline 0.003 -17"><span class='ocrx_word' id='word_1_634' title='bbox 510 4896 629 4953; x_wconf 87' lang='lat' dir='ltr'><strong>que</strong></span> <span class='ocrx_word' id='word_1_635' title='bbox 654 4882 863 4937; x_wconf 86' lang='lat' dir='ltr'><strong>nolens</strong></span> <span class='ocrx_word' id='word_1_636' title='bbox 892 4883 1166 4938; x_wconf 79' lang='lat' dir='ltr'><strong>l‘arasius</strong></span> <span class='ocrx_word' id='word_1_637' title='bbox 1192 4888 1435 4939; x_wconf 86' lang='lat' dir='ltr'><strong>coactus</strong></span> <span class='ocrx_word' id='word_1_638' title='bbox 1497 4890 1583 4941; x_wconf 89' lang='lat' dir='ltr'><strong>est</strong></span> <span class='ocrx_word' id='word_1_639' title='bbox 1638 4883 1805 4941; x_wconf 86' lang='lat' dir='ltr'><strong>illum</strong></span> <span class='ocrx_word' id='word_1_640' title='bbox 1851 4900 2059 4940; x_wconf 88' lang='lat' dir='ltr'><strong>rursus</strong></span> <span class='ocrx_word' id='word_1_641' title='bbox 2109 4884 2170 4941; x_wconf 88' lang='lat' dir='ltr'><strong>in</strong></span> 
     </span>
    </p>
   </div>
   <div class='ocr_carea' id='block_1_98' title="bbox 514 4971 2166 5046">
    <p class='ocr_par' dir='ltr' id='par_1_98' title="bbox 514 4971 2166 5046">
     <span class='ocr_line' id='line_1_98' title="bbox 514 4971 2166 5046; baseline 0.002 -21"><span class='ocrx_word' id='word_1_642' title='bbox 514 4972 1005 5027; x_wconf 85' lang='lat' dir='ltr'><strong>communionem</strong></span> <span class='ocrx_word' id='word_1_643' title='bbox 1038 4971 1297 5045; x_wconf 85' lang='lat' dir='ltr'><strong>recipere</strong></span> <span class='ocrx_word' id='word_1_644' title='bbox 1316 4988 1350 5029; x_wconf 92' lang='lat' dir='ltr'><strong>a</strong></span> <span class='ocrx_word' id='word_1_645' title='bbox 1372 4973 1757 5029; x_wconf 88' lang='lat' dir='ltr'><strong>Constantino</strong></span> <span class='ocrx_word' id='word_1_646' title='bbox 1779 4973 2166 5046; x_wconf 80' lang='lat' dir='ltr'><strong>imperatore;</strong></span> 
     </span>
    </p>
   </div>
   <div class='ocr_carea' id='block_1_99' title="bbox 512 5056 2165 5134">
    <p class='ocr_par' dir='ltr' id='par_1_99' title="bbox 512 5056 2165 5134">
     <span class='ocr_line' id='line_1_99' title="bbox 512 5056 2165 5134; baseline 0.004 -24"><span class='ocrx_word' id='word_1_647' title='bbox 512 5056 617 5129; x_wconf 90' lang='lat' dir='ltr'><strong>qui</strong></span> <span class='ocrx_word' id='word_1_648' title='bbox 646 5058 894 5129; x_wconf 86' lang='lat' dir='ltr'><strong>impiam</strong></span> <span class='ocrx_word' id='word_1_649' title='bbox 926 5059 1405 5118; x_wconf 80' lang='lat' dir='ltr'><strong>iconomachiam</strong></span> <span class='ocrx_word' id='word_1_650' title='bbox 1448 5061 1692 5118; x_wconf 80' lang='lat' dir='ltr'><strong>feliciter</strong></span> <span class='ocrx_word' id='word_1_651' title='bbox 1734 5077 2165 5134; x_wconf 86' lang='lat' dir='ltr'><strong>compressam,</strong></span> 
     </span>
    </p>
   </div>
   <div class='ocr_carea' id='block_1_100' title="bbox 515 5146 2168 5223">
    <p class='ocr_par' dir='ltr' id='par_1_100' title="bbox 515 5146 2168 5223">
     <span class='ocr_line' id='line_1_100' title="bbox 515 5146 2168 5223; baseline 0.004 -23"><span class='ocrx_word' id='word_1_652' title='bbox 515 5146 939 5202; x_wconf 84' lang='lat' dir='ltr'><strong>suscitaturum</strong></span> <span class='ocrx_word' id='word_1_653' title='bbox 962 5164 1026 5203; x_wconf 91' lang='lat' dir='ltr'><strong>se</strong></span> <span class='ocrx_word' id='word_1_654' title='bbox 1056 5149 1300 5206; x_wconf 85' lang='lat' dir='ltr'><strong>sceleste</strong></span> <span class='ocrx_word' id='word_1_655' title='bbox 1333 5150 1696 5217; x_wconf 87' lang='lat' dir='ltr'><strong>minabatur,</strong></span> <span class='ocrx_word' id='word_1_656' title='bbox 1726 5151 1841 5207; x_wconf 85' lang='lat' dir='ltr'><strong>nisi</strong></span> <span class='ocrx_word' id='word_1_657' title='bbox 1867 5151 1970 5223; x_wconf 90' lang='lat' dir='ltr'><strong>qui</strong></span> <span class='ocrx_word' id='word_1_658' title='bbox 2016 5150 2168 5208; x_wconf 88' lang='lat' dir='ltr'><strong>bene</strong></span> 
     </span>
    </p>
   </div>
   <div class='ocr_carea' id='block_1_101' title="bbox 515 5234 2170 5313">
    <p class='ocr_par' dir='ltr' id='par_1_101' title="bbox 515 5234 2170 5313">
     <span class='ocr_line' id='line_1_101' title="bbox 515 5234 2170 5313; baseline 0.004 -24"><span class='ocrx_word' id='word_1_659' title='bbox 515 5234 745 5290; x_wconf 78' lang='lat' dir='ltr'><strong>dixerat</strong></span> <span class='ocrx_word' id='word_1_660' title='bbox 781 5236 1006 5308; x_wconf 90' lang='lat' dir='ltr'><strong>nuptiis</strong></span> <span class='ocrx_word' id='word_1_661' title='bbox 1035 5237 1157 5293; x_wconf 91' lang='lat' dir='ltr'><strong>suis</strong></span> <span class='ocrx_word' id='word_1_662' title='bbox 1186 5238 1521 5311; x_wconf 87' lang='lat' dir='ltr'><strong>Josephum</strong></span> <span class='ocrx_word' id='word_1_663' title='bbox 1561 5238 1902 5312; x_wconf 87' lang='lat' dir='ltr'><strong>patriarcha</strong></span> <span class='ocrx_word' id='word_1_664' title='bbox 1950 5239 2170 5313; x_wconf 87' lang='lat' dir='ltr'><strong>recipe-</strong></span> 
     </span>
    </p>
   </div>
   <div class='ocr_carea' id='block_1_102' title="bbox 2280 4345 3877 4421">
    <p class='ocr_par' dir='ltr' id='par_1_102' title="bbox 2280 4345 3877 4421">
     <span class='ocr_line' id='line_1_102' title="bbox 2280 4345 3877 4421; baseline 0.001 -21"><span class='ocrx_word' id='word_1_665' title='bbox 2280 4345 2465 4409; x_wconf 76' lang='grc' dir='ltr'>ἰκείνος</span> <span class='ocrx_word' id='word_1_666' title='bbox 2512 4351 2598 4400; x_wconf 91' lang='grc' dir='ltr'><strong>τόν</strong></span> <span class='ocrx_word' id='word_1_667' title='bbox 2662 4354 2759 4409; x_wconf 88' lang='grc' dir='ltr'>τῆς</span> <span class='ocrx_word' id='word_1_668' title='bbox 2821 4347 3051 4420; x_wconf 80' lang='grc' dir='ltr'>μεγάλης</span> <span class='ocrx_word' id='word_1_669' title='bbox 3106 4348 3329 4421; x_wconf 78' lang='grc' dir='ltr'>Εἰρήνης</span> <span class='ocrx_word' id='word_1_670' title='bbox 3382 4351 3492 4401; x_wconf 80' lang='grc' dir='ltr'>υἱὸν</span> <span class='ocrx_word' id='word_1_671' title='bbox 3550 4356 3877 4403; x_wconf 78' lang='grc' dir='ltr'>Κωνσταντί-</span> 
     </span>
    </p>
   </div>
   <div class='ocr_carea' id='block_1_103' title="bbox 2278 4434 3879 4513">
    <p class='ocr_par' dir='ltr' id='par_1_103' title="bbox 2278 4434 3879 4513">
     <span class='ocr_line' id='line_1_103' title="bbox 2278 4434 3879 4513; baseline 0.002 -25"><span class='ocrx_word' id='word_1_672' title='bbox 2278 4456 2360 4489; x_wconf 89' lang='grc' dir='ltr'><strong>νον</strong></span> <span class='ocrx_word' id='word_1_673' title='bbox 2400 4434 2675 4489; x_wconf 71' lang='grc' dir='ltr'>ἐκϐαλόντα</span> <span class='ocrx_word' id='word_1_674' title='bbox 2725 4441 2818 4494; x_wconf 82' lang='grc' dir='ltr'><strong>την</strong></span> <span class='ocrx_word' id='word_1_675' title='bbox 2857 4436 3048 4489; x_wconf 80' lang='grc' dir='ltr'>οἰκείαν</span> <span class='ocrx_word' id='word_1_676' title='bbox 3103 4442 3353 4511; x_wconf 77' lang='grc' dir='ltr'>γαμετὴν,</span> <span class='ocrx_word' id='word_1_677' title='bbox 3407 4442 3494 4489; x_wconf 77' lang='grc' dir='ltr'>καὶ</span> <span class='ocrx_word' id='word_1_678' title='bbox 3541 4438 3701 4498; x_wconf 75' lang='grc' dir='ltr'>ἄλλην</span> <span class='ocrx_word' id='word_1_679' title='bbox 3770 4460 3879 4513; x_wconf 85' lang='grc' dir='ltr'>μοι·</span> 
     </span>
    </p>
   </div>
   <div class='ocr_carea' id='block_1_104' title="bbox 2278 4524 3879 4603">
    <p class='ocr_par' dir='ltr' id='par_1_104' title="bbox 2278 4524 3879 4603">
     <span class='ocr_line' id='line_1_104' title="bbox 2278 4524 3879 4603; baseline 0.003 -27"><span class='ocrx_word' id='word_1_680' title='bbox 2278 4534 2451 4599; x_wconf 81' lang='grc' dir='ltr'>χικῶς</span> <span class='ocrx_word' id='word_1_681' title='bbox 2488 4524 2902 4598; x_wconf 79' lang='grc' dir='ltr'>ὶπεισαγαγόντα</span> <span class='ocrx_word' id='word_1_682' title='bbox 2949 4533 3009 4598; x_wconf 78' lang='grc' dir='ltr'>τῇ</span> <span class='ocrx_word' id='word_1_683' title='bbox 3092 4530 3313 4602; x_wconf 73' lang='grc' dir='ltr'>σφετέρᾳ</span> <span class='ocrx_word' id='word_1_684' title='bbox 3368 4531 3514 4601; x_wconf 78' lang='grc' dir='ltr'>κοίτη</span> <span class='ocrx_word' id='word_1_685' title='bbox 3570 4535 3879 4603; x_wconf 86' lang='grc' dir='ltr'>παρανόμως</span> 
     </span>
    </p>
   </div>
   <div class='ocr_carea' id='block_1_105' title="bbox 2281 4613 3875 4691">
    <p class='ocr_par' dir='ltr' id='par_1_105' title="bbox 2281 4613 3875 4691">
     <span class='ocr_line' id='line_1_105' title="bbox 2281 4613 3875 4691; baseline 0.003 -24"><span class='ocrx_word' id='word_1_686' title='bbox 2281 4614 2577 4686; x_wconf 72' lang='grc' dir='ltr'>εὐλόγησεν,</span> <span class='ocrx_word' id='word_1_687' title='bbox 2621 4613 2970 4687; x_wconf 76' lang='grc' dir='ltr'>ἀπειπαμένου</span> <span class='ocrx_word' id='word_1_688' title='bbox 3029 4618 3215 4668; x_wconf 77' lang='grc' dir='ltr'>τούτου</span> <span class='ocrx_word' id='word_1_689' title='bbox 3252 4621 3518 4691; x_wconf 86' lang='grc' dir='ltr'>Ταρασίου</span> <span class='ocrx_word' id='word_1_690' title='bbox 3570 4625 3662 4670; x_wconf 69' lang='grc' dir='ltr'>τοῦ</span> <span class='ocrx_word' id='word_1_691' title='bbox 3724 4621 3875 4688; x_wconf 50' lang='grc' dir='ltr'>ἱεροῦ</span> 
     </span>
    </p>
   </div>
   <div class='ocr_carea' id='block_1_106' title="bbox 2281 4703 3876 4779">
    <p class='ocr_par' dir='ltr' id='par_1_106' title="bbox 2281 4703 3876 4779">
     <span class='ocr_line' id='line_1_106' title="bbox 2281 4703 3876 4779; baseline 0.003 -24"><span class='ocrx_word' id='word_1_692' title='bbox 2281 4703 2355 4771; x_wconf 68' lang='grc' dir='ltr'>ὃς,</span> <span class='ocrx_word' id='word_1_693' title='bbox 2404 4708 2495 4756; x_wconf 87' lang='grc' dir='ltr'><strong>καί</strong></span> <span class='ocrx_word' id='word_1_694' title='bbox 2546 4706 2848 4777; x_wconf 80' lang='grc' dir='ltr'>καθαιρέσει</span> <span class='ocrx_word' id='word_1_695' title='bbox 2899 4708 2984 4756; x_wconf 87' lang='grc' dir='ltr'><strong>τόν</strong></span> <span class='ocrx_word' id='word_1_696' title='bbox 3034 4706 3260 4777; x_wconf 75' lang='grc' dir='ltr'>ἄθεσμον</span> <span class='ocrx_word' id='word_1_697' title='bbox 3336 4704 3606 4759; x_wconf 77' lang='grc' dir='ltr'>ὑποϐαλὼν</span> <span class='ocrx_word' id='word_1_698' title='bbox 3665 4707 3876 4779; x_wconf 71' lang='grc' dir='ltr'>Ἰωσὴφ,</span> 
     </span>
    </p>
   </div>
   <div class='ocr_carea' id='block_1_107' title="bbox 2280 4791 3877 4865">
    <p class='ocr_par' dir='ltr' id='par_1_107' title="bbox 2280 4791 3877 4865">
     <span class='ocr_line' id='line_1_107' title="bbox 2280 4791 3877 4865; baseline 0.002 -21"><span class='ocrx_word' id='word_1_699' title='bbox 2280 4792 2339 4844; x_wconf 68' lang='grc' dir='ltr'>οὗ</span> <span class='ocrx_word' id='word_1_700' title='bbox 2370 4797 2522 4865; x_wconf 87' lang='grc' dir='ltr'>μόνον</span> <span class='ocrx_word' id='word_1_701' title='bbox 2553 4792 2625 4854; x_wconf 84' lang='grc' dir='ltr'><strong>εἰς</strong></span> <span class='ocrx_word' id='word_1_702' title='bbox 2650 4791 2787 4854; x_wconf 83' lang='grc' dir='ltr'>τέλος</span> <span class='ocrx_word' id='word_1_703' title='bbox 2818 4793 2911 4845; x_wconf 67' lang='grc' dir='ltr'>οὐκ</span> <span class='ocrx_word' id='word_1_704' title='bbox 2961 4796 3205 4864; x_wconf 81' lang='grc' dir='ltr'>ῖσχυσεν,</span> <span class='ocrx_word' id='word_1_705' title='bbox 3262 4792 3387 4846; x_wconf 79' lang='grc' dir='ltr'><strong>ἀλλά</strong></span> <span class='ocrx_word' id='word_1_706' title='bbox 3443 4799 3532 4847; x_wconf 85' lang='grc' dir='ltr'>καὶ</span> <span class='ocrx_word' id='word_1_707' title='bbox 3589 4794 3660 4856; x_wconf 85' lang='grc' dir='ltr'><strong>εἰς</strong></span> <span class='ocrx_word' id='word_1_708' title='bbox 3702 4816 3877 4848; x_wconf 81' lang='grc' dir='ltr'>κοινω-</span> 
     </span>
    </p>
   </div>
   <div class='ocr_carea' id='block_1_108' title="bbox 2279 4878 3877 4957">
    <p class='ocr_par' dir='ltr' id='par_1_108' title="bbox 2279 4878 3877 4957">
     <span class='ocr_line' id='line_1_108' title="bbox 2279 4878 3877 4957; baseline 0.002 -25"><span class='ocrx_word' id='word_1_709' title='bbox 2279 4886 2390 4933; x_wconf 86' lang='grc' dir='ltr'>νίαν</span> <span class='ocrx_word' id='word_1_710' title='bbox 2421 4878 2568 4942; x_wconf 72' lang='grc' dir='ltr'>αὖθις</span> <span class='ocrx_word' id='word_1_711' title='bbox 2598 4889 2827 4934; x_wconf 70' lang='grc' dir='ltr'>τοιοῦτον</span> <span class='ocrx_word' id='word_1_712' title='bbox 2880 4879 3091 4945; x_wconf 79' lang='grc' dir='ltr'>ἐδέξατο</span> <span class='ocrx_word' id='word_1_713' title='bbox 3156 4904 3168 4917; x_wconf 94' lang='grc'><strong>·</strong></span> <span class='ocrx_word' id='word_1_714' title='bbox 3217 4884 3354 4934; x_wconf 75' lang='grc' dir='ltr'>ἄκων</span> <span class='ocrx_word' id='word_1_715' title='bbox 3397 4886 3486 4957; x_wconf 72' lang='grc' dir='ltr'><strong>μεν</strong></span> <span class='ocrx_word' id='word_1_716' title='bbox 3542 4886 3749 4945; x_wconf 84' lang='grc' dir='ltr'>πάντως</span> <span class='ocrx_word' id='word_1_717' title='bbox 3795 4888 3877 4936; x_wconf 83' lang='grc' dir='ltr'>καὶ</span> 
     </span>
    </p>
   </div>
   <div class='ocr_carea' id='block_1_109' title="bbox 2280 4967 3875 5045">
    <p class='ocr_par' dir='ltr' id='par_1_109' title="bbox 2280 4967 3875 5045">
     <span class='ocr_line' id='line_1_109' title="bbox 2280 4967 3875 5045; baseline 0.001 -22"><span class='ocrx_word' id='word_1_718' title='bbox 2280 4975 2351 5043; x_wconf 79' lang='grc' dir='ltr'><strong>μη</strong></span> <span class='ocrx_word' id='word_1_719' title='bbox 2388 4969 2693 5044; x_wconf 79' lang='grc' dir='ltr'>βουλόμενος</span> <span class='ocrx_word' id='word_1_720' title='bbox 2720 4988 2733 5001; x_wconf 77' lang='grc'><strong>⁸</strong></span> <span class='ocrx_word' id='word_1_721' title='bbox 2760 4970 2891 5030; x_wconf 79' lang='grc' dir='ltr'>πλὴν</span> <span class='ocrx_word' id='word_1_722' title='bbox 2923 4967 3130 5033; x_wconf 75' lang='grc' dir='ltr'>ἐδέξατο</span> <span class='ocrx_word' id='word_1_723' title='bbox 3185 4970 3426 5044; x_wconf 81' lang='grc' dir='ltr'>βιασθεὶς</span> <span class='ocrx_word' id='word_1_724' title='bbox 3468 4977 3593 5045; x_wconf 89' lang='grc' dir='ltr'>πρός</span> <span class='ocrx_word' id='word_1_725' title='bbox 3646 4983 3739 5026; x_wconf 74' lang='grc' dir='ltr'>τοῦ</span> <span class='ocrx_word' id='word_1_726' title='bbox 3786 4971 3875 5045; x_wconf 65' lang='grc' dir='ltr'><strong>βαι</strong></span> 
     </span>
    </p>
   </div>
   <div class='ocr_carea' id='block_1_110' title="bbox 2284 5060 3875 5135">
    <p class='ocr_par' dir='ltr' id='par_1_110' title="bbox 2284 5060 3875 5135">
     <span class='ocr_line' id='line_1_110' title="bbox 2284 5060 3875 5135; baseline -0.001 -21"><span class='ocrx_word' id='word_1_727' title='bbox 2284 5060 2458 5121; x_wconf 82' lang='grc' dir='ltr'>σιλέως</span> <span class='ocrx_word' id='word_1_728' title='bbox 2535 5064 2943 5125; x_wconf 80' lang='grc' dir='ltr'>Κωνσταντίνου,</span> <span class='ocrx_word' id='word_1_729' title='bbox 3005 5064 3263 5135; x_wconf 75' lang='grc' dir='ltr'>ἀνεγεῖραι</span> <span class='ocrx_word' id='word_1_730' title='bbox 3334 5060 3705 5135; x_wconf 78' lang='grc' dir='ltr'>ἁπειλουμένου</span> <span class='ocrx_word' id='word_1_731' title='bbox 3790 5082 3875 5114; x_wconf 88' lang='grc' dir='ltr'>κα-</span> 
     </span>
    </p>
   </div>
   <div class='ocr_carea' id='block_1_111' title="bbox 2278 5146 3872 5223">
    <p class='ocr_par' dir='ltr' id='par_1_111' title="bbox 2278 5146 3872 5223">
     <span class='ocr_line' id='line_1_111' title="bbox 2278 5146 3872 5223; baseline 0.001 -22"><span class='ocrx_word' id='word_1_732' title='bbox 2278 5158 2383 5211; x_wconf 77' lang='grc' dir='ltr'>κῶς</span> <span class='ocrx_word' id='word_1_733' title='bbox 2423 5150 2512 5208; x_wconf 72' lang='grc' dir='ltr'>τὴν</span> <span class='ocrx_word' id='word_1_734' title='bbox 2579 5146 2683 5208; x_wconf 72' lang='grc' dir='ltr'><strong>ἤδη</strong></span> <span class='ocrx_word' id='word_1_735' title='bbox 2743 5148 2907 5209; x_wconf 77' lang='grc' dir='ltr'>καλῶς</span> <span class='ocrx_word' id='word_1_736' title='bbox 2963 5151 3250 5202; x_wconf 85' lang='grc' dir='ltr'>παυθείσαν</span> <span class='ocrx_word' id='word_1_737' title='bbox 3318 5147 3553 5210; x_wconf 77' lang='grc' dir='ltr'>δυσσεϐῆ</span> <span class='ocrx_word' id='word_1_738' title='bbox 3618 5152 3872 5223; x_wconf 80' lang='grc' dir='ltr'>εἰκονομαο</span> 
     </span>
    </p>
   </div>
   <div class='ocr_carea' id='block_1_112' title="bbox 2277 5235 3869 5315">
    <p class='ocr_par' dir='ltr' id='par_1_112' title="bbox 2277 5235 3869 5315">
     <span class='ocr_line' id='line_1_112' title="bbox 2277 5235 3869 5315; baseline -0.001 -24"><span class='ocrx_word' id='word_1_739' title='bbox 2277 5244 2425 5311; x_wconf 81' lang='grc' dir='ltr'>χίαν,</span> <span class='ocrx_word' id='word_1_740' title='bbox 2461 5238 2504 5291; x_wconf 86' lang='grc' dir='ltr'>εἰ</span> <span class='ocrx_word' id='word_1_741' title='bbox 2531 5238 2602 5301; x_wconf 86' lang='grc' dir='ltr'>εἰς</span> <span class='ocrx_word' id='word_1_742' title='bbox 2629 5237 2765 5300; x_wconf 76' lang='grc' dir='ltr'>τέλος</span> <span class='ocrx_word' id='word_1_743' title='bbox 2830 5235 3049 5301; x_wconf 76' lang='grc' dir='ltr'>άδεκτος</span> <span class='ocrx_word' id='word_1_744' title='bbox 3120 5244 3267 5313; x_wconf 80' lang='grc' dir='ltr'>μείνη</span> <span class='ocrx_word' id='word_1_745' title='bbox 3337 5240 3409 5311; x_wconf 77' lang='grc' dir='ltr'>τῷ</span> <span class='ocrx_word' id='word_1_746' title='bbox 3474 5244 3780 5315; x_wconf 74' lang='grc' dir='ltr'>πατριάρχη</span> <span class='ocrx_word' id='word_1_747' title='bbox 3845 5239 3869 5290; x_wconf 88' lang='grc' dir='ltr'><strong>ό</strong></span> 
     </span>
    </p>
   </div>
   <div class='ocr_carea' id='block_1_113' title="bbox 590 5476 3861 5551">
    <p class='ocr_par' dir='ltr' id='par_1_113' title="bbox 590 5476 3861 5551">
     <span class='ocr_line' id='line_1_113' title="bbox 590 5476 3861 5551; baseline 0.002 -22"><span class='ocrx_word' id='word_1_748' title='bbox 590 5476 702 5547; x_wconf 80' lang='lat' dir='ltr'><strong>(t2)</strong></span> <span class='ocrx_word' id='word_1_749' title='bbox 736 5478 907 5551; x_wconf 77' lang='lat' dir='ltr'><strong>Hunc</strong></span> <span class='ocrx_word' id='word_1_750' title='bbox 958 5476 1160 5534; x_wconf 86' lang='lat' dir='ltr'><strong>locum</strong></span> <span class='ocrx_word' id='word_1_751' title='bbox 1203 5476 1280 5535; x_wconf 89' lang='lat' dir='ltr'><strong>de</strong></span> <span class='ocrx_word' id='word_1_752' title='bbox 1328 5478 1625 5551; x_wconf 82' lang='lat' dir='ltr'><strong>Michaele,</strong></span> <span class='ocrx_word' id='word_1_753' title='bbox 1662 5476 1990 5551; x_wconf 82' lang='lat' dir='ltr'><strong>Theophilo</strong></span> <span class='ocrx_word' id='word_1_754' title='bbox 2040 5482 2099 5545; x_wconf 82' lang='lat' dir='ltr'><strong>et</strong></span> <span class='ocrx_word' id='word_1_755' title='bbox 2146 5477 2479 5549; x_wconf 74' lang='lat' dir='ltr'><strong>Theodore,</strong></span> <span class='ocrx_word' id='word_1_756' title='bbox 2520 5478 2662 5537; x_wconf 88' lang='lat' dir='ltr'><strong>citat</strong></span> <span class='ocrx_word' id='word_1_757' title='bbox 2707 5494 2780 5536; x_wconf 83' lang='lat' dir='ltr'><strong>ex</strong></span> <span class='ocrx_word' id='word_1_758' title='bbox 2831 5478 3123 5537; x_wconf 80' lang='lat' dir='ltr'><strong>Methodio</strong></span> <span class='ocrx_word' id='word_1_759' title='bbox 3164 5495 3275 5537; x_wconf 63' lang='lat' dir='ltr'><strong>ms.</strong></span> <span class='ocrx_word' id='word_1_760' title='bbox 3324 5479 3594 5539; x_wconf 78' lang='lat' dir='ltr'><strong>Allatius.</strong></span> <span class='ocrx_word' id='word_1_761' title='bbox 3647 5481 3861 5538; x_wconf 76' lang='lat' dir='ltr'><strong>Contra</strong></span> 
     </span>
    </p>
   </div>
   <div class='ocr_carea' id='block_1_114' title="bbox 520 5547 1032 5622">
    <p class='ocr_par' dir='ltr' id='par_1_114' title="bbox 520 5547 1032 5622">
     <span class='ocr_line' id='line_1_114' title="bbox 520 5547 1032 5622; baseline 0.006 -18"><span class='ocrx_word' id='word_1_762' title='bbox 520 5547 782 5621; x_wconf 78' lang='lat' dir='ltr'><strong>Creygh.</strong></span> <span class='ocrx_word' id='word_1_763' title='bbox 814 5564 874 5622; x_wconf 90' lang='lat' dir='ltr'><strong>p.</strong></span> <span class='ocrx_word' id='word_1_764' title='bbox 907 5552 1032 5608; x_wconf 72' lang='grc'>344.</span> 
     </span>
    </p>
   </div>
  </div>
