4084 6206
479 259 586 314 795

1804 249 2144 309 METHODII
2179 247 2521 304 MONACHI.

3733 251 3836 302 796

483 399 603 453 sar,
619 397 840 438 nurum
853 394 1025 435 suam
1034 375 1328 446 ﬂagitiose
1341 376 1543 448 deperi
1552 377 1858 444 ens,uxori
1870 375 2127 448 propriae

2241 391 2337 446 σαρ
2360 374 2449 442 ὧν,
2507 378 2596 425 καὶ
2784 376 3002 445 σφετέρᾳ
3072 367 3407 439 πανασιλγῶς
3463 371 3844 442 συμφθειρόμες-

481 473 671 528 misso
684 468 954 541 repudio,
977 483 1114 522 cum
1130 466 1430 521 incestum
1451 483 1720 522 amorem
1742 467 1908 522 illum
1926 482 1955 521 a
1993 480 2128 520 san-

483 565 576 616 cto
607 559 833 630 lgnatio
862 557 1129 612 omittere
1154 555 1482 625 juberetur,
1516 556 1594 611 ob
1619 556 1898 611 vitandas
1929 555 2129 625 objur-

483 649 751 720 gationes
769 651 946 718 atque
960 661 1032 700 ex
1044 645 1137 699 his
1152 660 1261 700 con
1271 649 1620 716 sequentem
1633 644 1946 700 infamiam
1963 649 2127 714 (nam

482 737 661 794 etiam
699 735 948 791 ecclesia
995 734 1321 790 secluserat
1373 750 1511 789 eum
1568 734 1931 806 patriarcha)
1990 731 2128 788 sede

480 825 776 897 Ignatium
795 823 1154 893 deturbavit,
1187 823 1440 878 abutens
1470 823 1688 878 scilicet
1708 822 2000 879 Michaelis
2043 820 2128 875 le—

481 914 679 981 vitate,
710 912 787 966 ad
819 911 1180 983 explendam
1223 926 1396 966 suam
1431 910 1842 982 cupiditatem.
1878 912 2005 974 Quo
2035 923 2132 962 ex-

479 1007 684 1075 pulso,
708 1000 906 1056 studio
924 1000 1169 1071 quidem
1191 1000 1560 1071 consilioque
1579 999 1801 1063 Bardae,
1835 996 2130 1054 Michaelis

482 1096 682 1148 autem
729 1089 1107 1153 auctoritate,
1167 1088 1492 1143 collocatur
1546 1089 1607 1143 in
1677 1087 1815 1142 sede
1864 1085 2128 1141 Photius.

479 1182 902 1234 Verumtamen
931 1178 1168 1234 Macedo
1193 1177 1438 1232 Basilius
1477 1176 1751 1232 Michaele
1777 1177 2132 1246 interempto

483 1270 564 1326 ad
582 1284 842 1338 regnum
872 1267 1178 1324 connisus.
1212 1267 1482 1322 Photium
1507 1266 1933 1332 exauctoravit,
1963 1269 2132 1333 lgna-

481 1359 752 1429 tiumque
786 1356 1056 1412 restituit.
1089 1356 1285 1410 Causa
1313 1371 1454 1410 vero
1493 1356 1576 1410 rei
1626 1355 1804 1410 fuisse
1861 1353 2132 1417 traditur,

482 1447 649 1519 quod
665 1445 931 1512 Photius,
951 1445 1134 1499 misso
1151 1445 1381 1514 nuntio,
1412 1460 1596 1499 sacrae
1615 1460 1839 1499 mensae
1871 1459 2002 1498 com
2013 1460 2136 1497 mu-

483 1534 662 1590 nione
681 1532 894 1588 Basilio
913 1532 1316 1600 interdixerat,
1339 1547 1588 1587 manum
1608 1533 1806 1588 adhuc
1827 1536 2135 1587 cruentam

486 1621 710 1693 gerenti
740 1621 1036 1678 Michaelis
1061 1621 1240 1676 caede.
1274 1621 1387 1676 Sed
1419 1622 1578 1676 enim
1603 1621 1829 1690 lgnatio
1877 1626 2134 1692 mortuo,

2235 481 2321 522 ν-ος
2349 465 2543 535 νύμφῃ,
2576 468 2669 519 τὴν
2739 459 2880 513 ἰδίαν
2934 459 3176 518 ἀναιτίως
3233 457 3676 530 ἀποπεμψάμενος
3741 479 3843 529 γα-

2237 557 2416 622 μετόν,
2445 549 2552 603 ἐπεὶ
2596 550 2898 609 ἀποστῆσαι
2951 550 3131 600 ἑαυτὸν
3173 556 3268 609 τῆς
3317 555 3562 622 μυσαρᾱις
3615 553 3843 605 ταυτησὶ

2237 641 2424 713 μίξεως
2475 645 2605 713 πρὸς
2660 647 2754 690 τοῦ
2834 639 2985 709 ἁγίου
3073 638 3324 709 Ίγνατιου
3388 637 3840 708 κατηναγκάζετο,

2241 730 2392 782 θέλων
2423 729 2659 800 ἐκφυγεῖν
2680 732 2795 788 τοὺς
2852 726 3123 798 ἐλέγχους¹
3159 731 3246 777 καὶ
3315 729 3409 784 τὴν
3459 725 3684 778 ἐντεόθεν
3732 725 3846 778 ἐπι-

2237 818 2542 893 τριϐομένην
2623 819 2763 887 αὐτῷ
2841 817 3104 887 αἰσχύνην
3182 813 3535 866 ἀποϐαλέσθαι
3607 813 3845 889 (ἀπεῖρξε

2237 910 2335 982 γὰρ
2369 909 2522 958 αὐτόν
2571 911 2659 958 καὶ
2710 915 2801 966 τῆς
2858 905 3174 964 Ἐκκλησίας
3233 905 3260 954 ό
3305 904 3692 976 πατριάρχης),
3747 911 3842 954 τοῦ

2243 998 2422 1068 θρόνου
2449 999 2664 1067 κατάγει
2694 996 2868 1064 αὐτόν,
2898 1001 2988 1046 καὶ
3027 1003 3089 1066 τῇ
3141 993 3314 1066 ἐξορίᾳ
3362 989 3580 1058 δίδωσι,
3749 1000 3844 1044 τοῦ

2243 1085 2462 1156 Μιχαὴλ
2521 1089 2804 1157 κουφότητι
2865 1085 3200 1158 χρησάμενος
3257 1103 3329 1144 εις
3377 1087 3475 1140 τὴν
3536 1089 3628 1133 τοῦ
3697 1078 3842 1134 ἰδίου

2245 1175 2526 1246 θελήματος
2627 1172 3018 1247 ἀποπλήρωσιν.
3095 1176 3291 1224 Τούτου
3351 1168 3414 1224 δέ
3489 1170 3840 1241 ἐκϐληθέντος,

2245 1261 2451 1334 σπουδῇ
2475 1267 2564 1334 μὲν
2587 1269 2674 1314 καὶ
2702 1267 2992 1314 συναινέσει
3031 1269 3124 1313 τοῦ
3181 1258 3376 1336 Βάρδα,
3439 1259 3724 1332 προϐλήσει
3783 1256 3846 1311 δὲ

2243 1361 2334 1404 τοῦ
2361 1352 2576 1424 Μιχαὴλ
2617 1352 2682 1412 εἰς
2747 1355 2834 1402 τόν
2883 1353 3060 1423 θρόνον
3121 1349 3368 1421 ἀνάγεται
3411 1355 3623 1408 Φωτιος.
3657 1350 3670 1368 ⁸
3720 1354 3846 1401 Επεὶ

2246 1438 2304 1493 δὲ
2363 1441 2624 1501 Basilina;
2680 1443 2706 1491 ό
2770 1437 3047 1506 Μακεδὼν,
3095 1442 3181 1490 τόν
3240 1437 3463 1510 Μιχαὴλ
3511 1437 3842 1502 ἀποκτείνας,

2243 1534 2475 1602 κατέσχε
2499 1535 2586 1586 τὴν
2619 1528 2912 1601 βασιλειαν,
2969 1533 3054 1580 τόν
3113 1535 3306 1580 Φωτιον
3363 1531 3454 1599 μὲν
3511 1534 3604 1578 τοῦ
3657 1529 3844 1600 θρόνου

2247 1621 2484 1689 κατάγει,
2508 1623 2594 1669 τόν
2637 1615 2696 1670 δέ
2734 1617 2882 1688 ἅγιον
2919 1616 3166 1688 Ἰγνάτιον
3197 1617 3350 1676 αὖθις
3398 1615 3595 1686 ἀνοίγει.
3665 1615 3725 1667 Ἡ
3787 1612 3848 1667 δέ

485 1727 695 1768 rursus
717 1710 798 1766 ad
825 1710 1096 1766 Photium
1127 1709 1386 1780 dignitas
1416 1710 1493 1766 ab
1523 1711 1736 1766 eodem
1779 1711 2133 1782 imperatore

2247 1708 2412 1772 αἰτία,
2445 1712 2622 1778 φασὶν,
2663 1709 2742 1758 ὃτι
2785 1706 2994 1778 πέμψας
3056 1707 3210 1757 αὐτόν
3276 1711 3490 1766 Φώτιος,
3557 1712 3650 1763 τῆς
3719 1705 3849 1764 ζωο-

486 1799 751 1854 defertur
778 1815 794 1852 :
820 1800 990 1868 cujus
1019 1797 1176 1852 ﬁlius
1199 1800 1311 1852 Leo
1340 1797 1677 1870 philosophi
1725 1799 1968 1854 nomine
2021 1799 2138 1854 cla-

487 1903 592 1942 rus
618 1887 894 1942 Photium
915 1887 1116 1942 denuo
1139 1886 1281 1942 sede
1295 1888 1548 1942 removit
1565 1906 1576 1951 ;
1592 1889 1828 1951 timens,
1871 1892 1931 1943 ut
1948 1888 2134 1953 aiunt,

485 1993 561 2033 ne
573 1977 968 2032 Santarenum
981 1976 1324 2032 defenderet
1340 1976 1400 2031 in
1419 1992 1603 2032 causa
1614 1977 1928 2032 calumniae
1949 1993 2136 2049 quam

483 2066 582 2122 iile
611 2064 755 2120 olim
776 2069 983 2120 contra
1010 2081 1070 2119 se
1093 2065 1255 2136 apud
1279 2070 1513 2136 patrem
1538 2066 1960 2138 imperatorem
1984 2071 2136 2121 stru-

481 2158 669 2210 xerat.
700 2157 818 2209 Hoc
847 2153 1007 2208 enim
1036 2154 1462 2209 obvertebatur
1489 2155 1696 2209 Leonis
1735 2155 1918 2210 menti
1947 2171 2140 2227 nuper

481 2257 737 2312 regnum
769 2242 991 2314 adepti.
1018 2245 1168 2312 Ergo
1193 2243 1565 2314 Stephanum
1584 2244 1826 2300 fratrem
1878 2261 2058 2301 suum
2078 2250 2139 2306 vi

481 2331 650 2402 regia
669 2331 1075 2402 patriarcham
1103 2333 1346 2386 creavit.
1377 2332 1550 2402 Atqui
1578 2348 1756 2388 nemo
1796 2349 1868 2388 ex
1894 2333 1987 2388 his
2035 2351 2141 2407 pa-

486 2421 754 2478 triarchis
774 2420 1125 2493 repudiatus
1148 2421 1257 2476 fuit
1290 2441 1302 2489 ;
1329 2421 1433 2476 sed
1456 2421 1702 2477 admissi
1730 2438 1941 2477 omnes
1960 2430 2140 2496 atque

481 2509 544 2564 in
567 2509 790 2566 honore
810 2509 998 2565 habiti
1025 2510 1189 2580 apud
1220 2509 1487 2565 ﬁdelium
1533 2510 1856 2566 Ecclesiam
1899 2511 2141 2568 fuerunt

483 2603 540 2654 et
564 2598 763 2654 adhuc
797 2603 936 2653 sunt
963 2603 1143 2671 atque
1173 2599 1609 2654 existimantur.
1631 2599 1814 2670 ldque
1833 2599 1903 2654 ﬁt
1935 2601 2134 2673 palam

484 2693 556 2734 ex
585 2677 736 2734 libro
767 2678 1080 2750 synodico,
1104 2679 1208 2734 ubi
1235 2679 1364 2735 haec
1397 2679 1694 2734 habentur
1752 2697 1764 2734 :
1828 2704 1847 2729 ι
1903 2682 2130 2750 Ignatii,

484 2767 688 2834 Photii,
740 2768 1042 2839 Stephani,
1088 2772 1267 2839 atque
1311 2769 1547 2823 Antonii
1616 2769 2134 2825 sanctissimorum

481 2855 962 2928 patriarcharum
994 2861 1217 2912 aeterna
1247 2858 1539 2913 memoria
1569 2859 1661 2913 sit.
1695 2880 1722 2909 η
1747 2861 1812 2913 Et
1857 2875 2066 2914 rursus
2117 2877 2129 2914 :

485 2965 513 2994 «
543 2946 880 3000 Anathema
908 2945 997 3012 iis,
1027 2961 1164 3018 qua:
1191 2946 1350 3001 dicta
1384 2947 1682 3018 scriptave
1736 2946 1975 3003 fuerunt
2031 2948 2132 3004 ad-

479 3049 686 3089 versus
726 3033 1136 3090 sanctissimos
1182 3035 1555 3107 patriarchas
1609 3035 1905 3105 lgnatium
1951 3043 2132 3110 atque

481 3124 778 3180 Photium.
807 3142 838 3176 ν

2246 1801 2682 1856 ποιοὺκοινωνίας
2733 1795 2791 1847 οὐ
2842 1791 3122 1867 μετεδίδου
3190 1794 3351 1864 αὐτῷ,
3419 1797 3728 1865 ἠμαγμένην
3772 1797 3848 1845 ἔτι

3525 1883 3684 1936 Ἀλλά
3755 1889 3846 1934 τοῦ

2247 1979 2503 2044 Ἰγνατίου
2531 1979 2613 2025 τόν
2642 1973 2758 2046 βίον
2797 1972 3156 2036 ἀπολιπόντος,
3209 1972 3360 2033 αὖθις
3413 1973 3484 2035 εἰς
3522 1976 3608 2024 τόν
3669 1975 3847 2045 θρόνον

2247 1888 2422 1956 ἔχοντι
2445 1889 2536 1943 τὴν
2561 1893 2722 1957 χεῖρα
2741 1893 2812 1954 τῷ
2863 1892 2954 1936 τοῦ
3020 1883 3242 1954 Μιχαὴλ
3296 1889 3449 1954 φόνῳ.

2246 2063 2449 2134 ἀνήχθη
2480 2069 2674 2123 Φωτιος
2710 2066 2854 2134 παρὰ
2873 2070 2964 2113 τοῦ
3013 2062 3168 2113 αὐτοῦ
3220 2059 3497 2132 βασιλέως·
3557 2059 3616 2114 οὖ
3660 2063 3687 2112 ὁ
3739 2063 3849 2121 υίὸς

2249 2156 2410 2219 Λέων,
2450 2154 2476 2202 ό
2507 2152 2665 2212 πολὺς
2692 2156 2783 2209 τὴν
2823 2151 3146 2222 φιλοσοφίαν,
3178 2154 3265 2201 τόν
3296 2157 3488 2202 Φωτιον
3547 2152 3697 2210 αὖθις
3758 2156 3849 2202 τοῦ

2251 2242 2429 2314 θρόνου
2486 2247 2909 2315 παρακεκινηκὼς
2963 2237 3188 2304 (δείσας,
3237 2242 3305 2301 ὣς
3374 2259 3522 2311 φασι,
3601 2244 3674 2312 μὴ
3756 2239 3850 2291 οὐκ

2247 2330 2373 2402 ἐάσῃ
2409 2333 2694 2382 ἀνύνασθαι
2739 2329 3126 2402 Σανταϐαρηνόν
3203 2337 3296 2388 τῆς
3355 2330 3427 2389 εἰς
3493 2333 3583 2380 τόν
3643 2333 3849 2401 πατέρα

2247 2426 2335 2471 καὶ
2391 2417 2612 2491 βασιλέα
2663 2416 2909 2478 διαϐολῆς
2963 2418 3245 2470 κατ-ἀὖτοῦ
3304 2419 3466 2470 ἓνεκα·
3526 2425 3683 2469 τοῦτο
3743 2420 3846 2489 γὰρ

2247 2510 2438 2560 όΛέων
2461 2510 2734 2582 αὑτάρχης
2764 2504 2869 2566 ἤδη
2927 2504 3258 2578 ἀναδειχθεὶς
3315 2510 3448 2558 κατὰ
3499 2513 3617 2558 νοῦν
3675 2507 3850 2579 ἐστρε-

2247 2599 2342 2670 φε),
2371 2601 2618 2667 Στέφανον
2661 2602 2744 2648 τόν
2784 2593 2843 2648 ῗὸ
2849 2617 2922 2648 ιον
2969 2593 3189 2668 ἀδελφόν
3227 2597 3453 2665 καθιστᾷ
3505 2598 3848 2669 πατριάρχην

2244 2685 2668 2748 ἐξουσιαστικῶς.
2705 2691 2803 2738 Καὶ
2871 2689 3060 2737 τούτων
3114 2687 3315 2736 πάντων
3373 2681 3548 2745 οὐδεὶς
3607 2683 3844 2741 ἀπόϐλη-

2242 2795 2328 2837 τος
2353 2781 2576 2846 γέγονεν.
2611 2774 2717 2826 ἀλλ’
2763 2775 2870 2826 ὀλοι
2915 2771 3089 2826 dixre:
3133 2779 3222 2825 καὶ
3283 2772 3562 2846 σεϐάσμιοι
3622 2782 3685 2846 τῇ
3743 2782 3841 2824 τῶν

3742 2867 3839 2914 Καὶ

2239 2962 2389 3005 τοῦτο
2421 2950 2578 3011 δῆλον
2609 2953 2662 3004 ἐκ
2697 2960 2788 3005 τοῦ
2875 2949 3155 3004 συνοὸικοῡ
3207 2955 3332 3020 (14)⁶
3390 2956 3680 3024 γέγραπται
3735 2953 3834 3020 γάρ

2240 2874 2439 2917 πιστῶν
2497 2864 2780 2935 Ἐκκλησία
2841 2868 2930 2915 καὶ
2979 2863 3080 2915 εἰσί
3133 2868 3223 2914 καὶ
3295 2864 3662 2936 γνωρίζονται.

2239 3040 2287 3092 ἐν
2348 3042 2487 3112 αὐτῷ
2548 3041 2682 3093 οὕτω
2745 3047 2926 3092 ταῦτα·
2984 3042 3297 3110 αἸγνατίου.
3359 3045 3577 3104 Φωτίου,
3645 3041 3834 3110 Στεφάο

2236 3150 2344 3196 νου,
2408 3137 2496 3183 καὶ¹
2559 3134 2832 3183 Ἀντωνίου
2905 3138 3004 3180 τῶν
3098 3132 3399 3198 ἁγιωτάτων
3490 3136 3834 3202 πατριαρχῶν

483 3219 668 3265 αίωνία
715 3215 745 3272 ἡ
799 3219 976 3286 μνήμη
1013 3235 1026 3247 ·
1083 3237 1103 3263 ι
1150 3218 1240 3266 καὶ
1273 3213 1425 3267 πάλιν
1460 3232 1471 3242 ·
1508 3237 1535 3264 ‹‹
1588 3218 1666 3268 Τά
1717 3215 2000 3274 λαληθέντα
2051 3223 2141 3270 καί
2196 3224 2453 3293 γραφέντα
2502 3223 2638 3272 κατά
2693 3219 2948 3290 Ἰγνατίου
3003 3225 3094 3270 καὶ
3146 3223 3328 3269 Φοτίου
3387 3227 3485 3270 τῶν
3535 3216 3833 3287 ἀγιωτάτων

482 3310 828 3377 πατριαρχῶν
859 3302 1106 3375 ἀνάθεμα.
1150 3325 1178 3354 ››

557 3395 640 3447 13.
665 3394 787 3460 Ego
817 3407 959 3446 vero
981 3408 1118 3446 cum
1159 3391 1433 3462 synodici
1459 3391 1823 3447 mentionem
1868 3393 2127 3461 fecerim,

482 3480 708 3536 addam
737 3484 793 3534 et
826 3479 945 3535 alia
972 3480 1178 3544 verba,
1205 3496 1464 3551 quorum
1495 3495 1646 3552 pene
1677 3481 1895 3537 oblitus
1941 3499 2126 3554 eram,

485 3569 577 3624 Sic
604 3567 764 3622 enim
789 3566 1014 3622 ibidem
1043 3573 1326 3638 praeterea
1346 3567 1596 3636 legitur:
1627 3590 1654 3618 «
1689 3569 1913 3625 'l‘arasii
1937 3577 1993 3627 et
2043 3572 2132 3626 Ni-

483 3655 730 3727 cephori
759 3655 1278 3711 sanctissimorum
1313 3663 1553 3729 patrum
1585 3663 1808 3714 aeterna
1841 3661 2134 3716 memoria

485 3745 577 3800 sit.
604 3765 626 3793 ι
647 3747 995 3817 Rursusque
1029 3761 1040 3799 :
1071 3768 1090 3794 α
1129 3745 1202 3800 lis
1227 3761 1364 3817 quae
1397 3747 1555 3802 dicta
1575 3747 1866 3818 scriptave
1897 3749 2136 3804 fuerunt

481 3833 772 3890 adversus
799 3833 1135 3890 laudabiles
1185 3836 1555 3907 patriarchas
1603 3837 1910 3892 Tarasium
1954 3844 2133 3909 atque

484 3923 906 3996 Nicephorum,
939 3924 1282 3980 anathema.
1318 3947 1345 3974 »
1385 3925 1581 3980 Videte
1629 3932 1855 3981 rectum
1898 3929 2133 3998 Deoque

483 4017 720 4081 gratum
745 4018 961 4068 sanctae
979 4017 1035 4068 et
1053 4014 1359 4069 catholicae
1378 4013 1646 4070 Ecclesiae
1654 4016 1672 4086 j
1687 4015 1972 4084 udicium,
2001 4032 2135 4071 san-

483 4107 716 4158 ctorum
746 4102 1044 4172 Evangelii
1065 4119 1411 4174 praeconum
1430 4103 1864 4175 apostolorum,
1898 4109 2132 4160 sancto.

482 4205 738 4261 rumque
765 4193 998 4245 Patrum
1027 4198 1392 4256 nostrorum,
1421 4209 1550 4257 vos,
1583 4187 1855 4264 inquam,
1889 4195 1990 4265 qui
2034 4209 2131 4262 ge-

482 4279 672 4335 nerali
690 4279 1163 4336 orthodoxorum
1190 4281 1365 4336 coetui
1385 4282 1674 4338 resistitis.
1711 4284 2128 4352 Exhorrescite,

2308 3396 2392 3468 ιγ’.
2449 3399 2578 3466 Ἐγώ
2630 3393 2688 3448 δὲ
2745 3405 2836 3447 τού
2893 3391 3174 3447 σννοὸικοῦ
3223 3393 3415 3469 ἀρτιως
3483 3393 3837 3466 ἐπιμνησθεὶς,

2235 3491 2324 3537 καὶ
2363 3484 2428 3536 ὧν
2485 3482 2592 3543 ἢδη
2649 3484 2989 3555 ἐπιλέλησμαι
3045 3483 3422 3555 ἐμνημόνευσα·
3487 3489 3692 3554 φέρεται
3743 3487 3837 3556 γὰρ

2237 3572 2284 3624 ἐν
2324 3573 2463 3644 αὑτῴ
2493 3569 2638 3624 τάδε·
2675 3576 2987 3644 «Ταρασίου
3031 3577 3120 3622 καὶ
3168 3575 3468 3642 Νικηφόρον
3525 3579 3624 3622 τῶν
3686 3571 3839 3640 ἀγιω-

2237 3664 2402 3714 τάτων
2472 3669 2812 3733 πατριαρχών
2865 3660 3048 3711 αὶωνία
3117 3664 3318 3731 μνήμη·
3405 3682 3432 3709 ››
3486 3663 3577 3710 καὶ
3667 3661 3834 3717 αὖθις.

2243 3773 2265 3800 ι
2308 3753 2384 3802 Τὰ
2437 3751 2720 3808 λαληθέντα
2776 3755 2867 3800 καὶ
2923 3753 3184 3821 γραφέντα
3243 3751 3376 3800 κατά
3434 3757 3531 3799 τῶν
3584 3745 3836 3819 ἀοιδίμων

2237 3849 2580 3914 πατριαρχών
2637 3843 2903 3911 Ταρασίον
2957 3843 3045 3888 καὶ
3123 3842 3424 3912 Νικηφόρον
3503 3836 3752 3908 ἀνάθεμα.
3809 3857 3835 3884 ››

2235 3927 2420 4000 Ὀρὰτε
2459 3933 2551 3985 τὴν
2623 3928 2782 3999 ὀρθὴν
2837 3933 2926 3978 καὶ
2980 3936 3051 3996 τῷ
3107 3934 3220 3979 Θεώ
3277 3923 3623 3978 εὐαπόδεκτόν
3671 3932 3840 4000 κρίσιν

2238 4025 2328 4076 τῆς
2360 4015 2514 4087 ἁγίας
2555 4021 2644 4066 καὶ
2705 4014 2986 4076 καθολικῆς
3044 4013 3370 4082 Ἐκκλησίας,
3426 4018 3514 4066 καὶ
3559 4023 3658 4065 τῶν
3720 4017 3839 4086 ἱερο-

2237 4109 2476 4178 κηρύκων
2508 4105 2666 4176 ἁγίων
2714 4103 3032 4173 ἀποστόλων³
3088 4109 3176 4155 καὶ
3237 4112 3335 4154 τῶν
3386 4104 3542 4175 ἁγίων
3603 4109 3836 4176 Πατέρων

2238 4198 2404 4267 ἡμῶν,
2445 4196 2493 4247 οὶ
2531 4204 2617 4245 νόν
2675 4193 3017 4264 ἀντιλέγοντες
3071 4202 3142 4262 τῷ
3197 4202 3351 4263 κοινῷ
3389 4201 3488 4244 τῶν
3547 4190 3836 4265 ὀρθοδόξων

2670 4283 2906 4354 Φρίξατε,
3007 4282 3309 4354 παρακαλῶ,
3406 4281 3739 4343 ἐννοήσαντες
3807 4282 3833 4338 ἦ

2238 4283 2566 4357 πληρώματι.
2670 4283 2906 4354 Φρίξατε,
3007 4282 3309 4354 παρακαλῶ,

484 4383 613 4435 oro,
645 4367 708 4421 in
729 4373 1024 4437 quantum
1054 4369 1348 4424 malorum
1379 4369 1732 4424 barathrum
1763 4387 1870 4441 per
1908 4372 2131 4428 discor-

2241 4380 2400 4424 κακοῦ
2432 4373 2660 4445 φέρεσθε,
2707 4391 2796 4422 και
2843 4373 2968 4444 πρὸς
3017 4367 3300 4442 διόρθωσιν
3350 4371 3540 4422 ἑαυτῶν
3593 4370 3836 4441 ἐποίχθη-

484 4457 650 4513 diam
661 4461 925 4511 vestram
937 4458 1673 4530 ruatis,emendationique
1686 4477 1890 4516 curam
1906 4461 2134 4534 impen-

487 4546 628 4601 dite.
651 4547 798 4600 Nam
831 4545 1096 4616 praedicti
1117 4561 1331 4602 omnes
1363 4547 1584 4617 quibus
1615 4563 1784 4602 sacer
1807 4549 2002 4604 honor
2030 4551 2136 4608 ha-

484 4635 680 4704 betur,
705 4637 995 4707 quoniam
1034 4635 1308 4691 homines
1357 4643 1541 4696 erant.
1599 4637 1850 4692 humani
1907 4637 2134 4708 aliquid

483 4726 652 4796 passi
681 4727 817 4780 sunt
849 4743 862 4779 :
896 4724 1084 4780 nostis
1111 4725 1271 4780 enim
1293 4725 1511 4798 quibus
1543 4724 1799 4780 invicem
1823 4725 2018 4781 verbis
2047 4731 2133 4780 at-

484 4831 602 4888 que
632 4814 862 4887 scriptis
894 4813 1192 4870 adversati
1223 4815 1340 4870 sint
1367 4833 1377 4868 :
1412 4814 1558 4886 quia
1604 4813 1877 4869 videlicet
1923 4815 2136 4887 proba-

484 4903 636 4958 biles
648 4903 709 4957 in
724 4903 983 4975 speciem
999 4919 1216 4957 causas
1229 4901 1770 4956 controversiarum
1795 4904 1948 4958 nacti
1967 4907 2138 4958 erant

487 4997 544 5048 et
573 5009 750 5047 suum
772 4995 1028 5064 quisque
1072 4993 1349 5064 persequi
1392 4993 1492 5060 jus
1541 4991 1865 5047 credebant
1906 5010 1917 5046 :
1969 4993 2136 5063 quod

485 5081 689 5154 ipsum
721 5083 892 5136 vestri
955 5098 1196 5153 quoque
1247 5081 1513 5135 nonnulli
1571 5082 1844 5136 homines
1895 5084 2137 5153 nuperis

485 5169 858 5240 temporibus
877 5170 1070 5236 egisse
1102 5170 1399 5225 videntur.
1447 5171 1670 5225 Etenim
1693 5186 1827 5241 quae
1857 5171 2022 5224 multi
2053 5171 2136 5226 fa-

485 5260 666 5328 ciunt,
697 5275 768 5314 ex
794 5259 864 5314 iis
885 5259 989 5330 qui
1011 5265 1270 5314 vestrum
1308 5276 1561 5315 summae
1604 5261 1970 5315 rectitudinis
2020 5266 2137 5316 stu-

485 5350 649 5406 dium
675 5350 977 5413 simulant,
995 5349 1226 5404 silentio
1248 5350 1440 5420 magis
1463 5351 1887 5406 commendare
1905 5356 2136 5422 oportet

2238 4482 2292 4514 τε
2325 4483 2336 4494 ο
2372 4464 2544 4534 οἰγοίρ
2600 4461 2856 4536 εἰρημένοι
2907 4460 3090 4533 μικρὸν
3151 4459 3385 4530 ἀνωτέρω
3438 4463 3626 4520 πάντες
3674 4459 3836 4531 ἅγιοι,

2241 4553 2382 4603 οὗτοι
2413 4555 2594 4611 πάντες
2623 4552 2885 4622 ἅνθρωποι
2939 4554 3077 4611 ὄντες
3131 4551 3316 4601 ἔπαθόν
3370 4570 3420 4602 τι
3473 4548 3792 4622 ἀνθρώπινον
3826 4570 3838 4581 ·

2240 4645 2324 4690 καὶ
2354 4636 2531 4692 οἴδατε
2561 4643 2744 4700 πάντες
2785 4642 2885 4691 ὅσα
2935 4644 3023 4690 καὶ
3073 4637 3210 4690 εἶπον
3263 4645 3351 4690 καὶ
3407 4639 3640 4712 ἔγραψαν
3697 4639 3841 4690 ἄλλοι

2239 4729 2352 4779 κατ’
2385 4729 2544 4780 ἄλλων
2579 4751 2590 4762 ’
2659 4725 2838 4785 ἐπειδὴ
2900 4727 3131 4799 εὐλόγοις
3185 4724 3341 4786 δῆθεν
3395 4726 3626 4779 ἐνέπεσον
3688 4726 3842 4799 ἀφορ-

2242 4826 2383 4889 μαῖς,
2441 4823 2530 4868 καὶ
2603 4825 2694 4878 τῆς
2775 4814 3083 4889 ἀκριϐείας.
3115 4815 3493 4867 ἀντιποιεῖσθαι
3547 4813 3834 4886 ἐνόμισαν·

2243 4909 2362 4978 ὅπερ
2420 4920 2509 4956 και
2561 4925 2692 4965 τινες
2740 4904 2792 4966 ἐξ
2849 4907 2989 4976 ὑμῶν
3078 4908 3212 4954 κατά
3265 4907 3383 4964 τοὺς
3440 4904 3562 4977 ἄρτι
3616 4909 3840 4976 χρόνους

2241 4999 2421 5048 παθεῖν
2453 4992 2652 5057 ἔδοξαν.
2690 4997 2765 5046 Tr}.
2793 4997 2893 5066 γάρ
2934 5003 3032 5044 τῶν
3089 4993 3283 5044 πολλῶν
3329 4993 3363 5043 ἃ
3406 4998 3495 5044 καὶ
3548 4995 3838 5066 πράττουσι

2241 5089 2330 5135 καὶ
2413 5080 2765 5136 διδάσκουσιν
2828 5085 2876 5133 οἱ
2932 5086 3024 5139 την
3077 5083 3321 5154 ὑμετέραν
3376 5078 3532 5138 δῆθεν
3577 5082 3706 5154 ὑπὲρ
3753 5088 3841 5139 τῆς

3655 5169 3840 5241 μᾶλλον

2243 5173 2509 5248 ἀκριϐείας
2571 5171 2831 5240 εὐλάϐειαν
2903 5172 3313 5242 ὑποκρινόμενοι,
3395 5179 3564 5241 σιωπῇ

2243 5267 2498 5334 προσήκει
2529 5259 2713 5314 δοῦναι
2769 5261 2794 5317 ἡ
2847 5267 3018 5331 γραφῇ
3057 5280 3069 5292 ·
3138 5262 3205 5310 τὰ
3233 5262 3334 5333 γὰρ
3396 5268 3591 5332 κρυφῆ,
3631 5258 3840 5330 φησὶνό

2247 5353 2378 5410 θεῖος
2406 5349 2736 5416 Ἀπόστολος,
2776 5352 3017 5419 γινόμενα
3075 5349 3174 5399 ὑπό
3231 5367 3380 5398 τινων
3444 5351 3672 5421 αἰσχρόν
3729 5345 3839 5398 ἐστι

555 5504 664 5576 (14)
699 5505 784 5576 De
815 5502 1105 5575 synodico
1141 5465 1256 5574 legi
1283 5504 1450 5560 solito
1480 5503 1803 5576 quotannis
1830 5503 2344 5576 Constantinopoli
2372 5509 2428 5559 et
2453 5503 2514 5558 in
2541 5507 2757 5557 cuncta
2786 5500 3010 5556 Graecia
3043 5498 3310 5572 loquitur
3335 5499 3584 5556 Allatius
3615 5501 3832 5557 Contra

488 5575 959 5648 Oreyghtonum,
988 5590 1050 5648 p.
1083 5578 1211 5632 533.
