2042 3103
18 0 231 114 FER--

149 142 202 170 797

771 143 817 176 DE
838 146 1031 176 SCHISMATE
1048 148 1214 179 VITANDO.

1778 152 1832 182 798

151 206 195 230 καὶ
205 204 298 240 λέγιιν.
328 205 406 232 Ἀλλὰ
432 207 466 232 τὰ
485 210 536 232 τῶν
548 208 672 234 τοιούτων
696 208 781 236 οἱκαὶ
805 211 867 246 ἡμῖν
888 211 950 236 ὑπο-

1006 219 1099 247 quam
1113 212 1241 249 scriptis.
1258 214 1332 241 Nam
1348 221 1416 249 quea
1430 213 1462 241 in
1476 213 1604 247 occulto,
1619 213 1717 249 inquit
1743 196 1831 242 divus

153 248 309 285 στρέψαντες
340 249 390 276 ἀπὸ
414 254 460 281 τῆς
483 251 542 277 καθ’
572 253 639 288 ὑμᾶς
668 253 765 284 πλάνης
795 252 952 290 ἐκδιηγοῡν-

150 303 203 327 ται,
235 294 373 325 κατανὺξει
398 295 495 332 ποαλλῇ
509 299 554 322 καὶ
579 295 695 334 δάκρυσι
726 300 874 335 ποιούμενοι
905 301 951 328 τὴν

151 337 337 374 ἐξομολόγησιν
352 350 359 356 ·
386 339 436 376 ἐγὼ
461 338 491 366 δέ
516 341 576 379 ὅπερ
607 342 705 378 ἔλεγον,
742 342 901 380 ἀνθρώπινόν
926 353 951 369 τι

151 383 275 413 παθόντες
300 384 324 409 οἱ
352 383 481 421 εἰρημὲνοι
507 385 589 420 ἅγιοι,
620 385 690 413 εἷπον
708 389 751 413 καὶ
781 387 898 424 ἔγραψαν
934 388 952 413 ἄ

152 427 280 464 ἔγραψαν.
295 428 326 455 Ἡ
339 427 369 455 δί
385 434 433 460 τῆς
451 429 604 461 Ἐκκλησίας
626 431 707 462 ἰνθοος
733 435 820 470 κρίσις
845 434 877 459 τὰ
906 434 950 469 μὶν

152 471 277 508 εἰρημένα
310 475 356 500 καί
392 477 559 511 γιγραμμένα
595 475 619 501 ἐν
654 481 690 511 τῷ
714 481 761 507 τῆν
795 477 951 513 φιλονεικίας

151 520 236 552 καιρῷ
260 519 307 543 καί
328 518 406 544 πάθει
429 522 466 554 τῷ
496 518 638 556 ἀναθέματι
666 519 809 551 συνοδικῶς
835 523 949 548 καθυπέ-

152 559 212 586 Sale
226 571 234 577 ·
250 563 312 592 τοὺς
324 560 350 588 δ’
362 562 479 594 εἰπόντας
502 566 546 590 καὶ
566 564 718 601 γράψαντας
739 568 837 596 πάντας
865 566 949 593 ἀσπα-

152 606 214 635 σίως
227 604 333 637 ἐδέξατο
347 617 352 624 ·
366 609 412 633 κα).
426 609 466 643 τὸ,
480 608 577 636 Λὶωνία
595 610 610 638 ἠ
640 612 741 646 μνήμη,
766 613 825 648 περὶ
847 612 949 637 πάντων

151 649 243 681 ἑπίσης
262 650 397 688 ἀναφωνσῖ,

187 784 233 814 ιδ’.
248 788 281 813 Τί
295 786 408 814 ἓντιῦθιν
422 788 490 824 ἡμᾶς
500 787 695 815 ἕκπαιδιύουσα
705 798 712 823 ς
723 789 782 816 ’Ὁτι
797 800 837 816 τοι
858 791 949 827 κρεῖσ-

153 833 199 856 σόν
214 830 312 860 ἔστινὴ
336 832 428 867 ὁμὸνια
455 835 499 859 καὶ
519 833 603 870 ιίρὴνη
632 838 682 860 τῶν
706 833 854 871 ὀρθοὸὸξων
881 839 949 872 Χρι-

1006 257 1170 291 apostolus,
1182 266 1200 285 a
1215 257 1367 286 nonnullis
1381 258 1467 291 ﬁunt,
1478 265 1514 286 ea
1531 257 1613 286 dictu
1627 266 1751 294 quoque
1765 261 1829 286 tur-

1006 301 1054 336 pia
1067 304 1146 329 sunt.
1165 302 1221 330 Sed
1236 303 1316 330 enim
1328 302 1392 330 haec
1407 305 1577 330 vestrarum
1591 302 1723 339 partium
1736 302 1831 331 homi-

1005 353 1060 373 nes
1074 347 1205 375 maxime
1218 350 1338 381 norunt,
1353 347 1405 383 qui
1420 347 1529 374 deinde
1556 355 1574 374 a
1601 350 1698 375 vestro
1730 355 1831 375 errore

1004 386 1222 427 resipiscentes,
1247 392 1335 420 nobis
1349 391 1562 428 patefecerunt,
1579 399 1641 419 non
1654 392 1718 420 sine
1733 392 1830 420 multo

1004 433 1108 464 dolore
1121 444 1156 464 ac
1165 436 1307 472 lacrymis
1316 444 1381 464 rem
1393 435 1577 464 conﬁtentes.
1591 437 1653 471 Age
1664 444 1735 464 vero
1746 436 1829 473 quod

1001 478 1066 514 jam
1081 480 1152 513 dixi,
1165 481 1348 509 venerabiles
1363 480 1404 508 illi
1419 481 1474 508 viri
1486 480 1592 515 lingua
1606 483 1634 508 et
1651 480 1768 516 scriptis
1787 481 1829 508 in-

1004 525 1204 560 temperanter
1218 533 1290 553 sane
1303 526 1348 553 usi
1364 527 1433 553 sunt
1447 533 1453 552 :
1468 524 1604 553 divinum
1618 527 1718 552 autem
1733 525 1828 553 Eccle-

1004 568 1055 595 siae
1066 568 1225 604 judicium,
1246 569 1392 606 quidquid
1409 569 1633 597 inimicitiarum
1652 571 1785 604 tempore
1802 572 1830 597 et

1003 615 1078 640 eastu
1093 612 1206 642 dictum
1217 614 1398 650 scriptumve
1411 613 1475 646 fuit,
1484 613 1676 642 anathemate
1687 613 1826 649 synodali

1003 657 1129 692 perculit
1148 667 1154 686 :
1177 659 1339 686 verborum
1351 666 1422 686 vero
1438 658 1678 693 scriptorumque
1691 660 1828 685 auctores

1003 705 1194 737 peramanter
1205 711 1311 730 omnes
1337 703 1449 738 recipit,
1475 705 1653 738 aeternaeque
1675 702 1828 730 memorias

1004 746 1149 774 honorem
1158 748 1272 775 cunctis
1282 755 1368 783 neque
1377 755 1429 783 per
1440 754 1560 774 sacrum
1570 747 1659 774 ritum
1669 748 1828 774 acclamat.

1042 792 1084 820 14.
1098 792 1174 824 Quid
1189 795 1288 820 autem
1303 792 1373 820 hinc
1392 791 1537 819 docemur
1550 791 1564 818 ?
1579 793 1691 827 Nempe
1721 791 1830 819 rectius

1003 836 1068 864 ﬁeri
1080 837 1104 864 si
1117 837 1274 865 consensio
1289 840 1317 865 et
1331 845 1391 873 pax
1405 837 1481 864 inter
1492 836 1677 864 orthodoxos
1692 835 1830 864 Christia-

154 879 276 909 στιανῶν,
304 876 493 908 ἁστασιάστως
519 880 564 904 καὶ
590 879 766 914 ὁμονοητικῶς
803 882 948 916 τηρουμένη

1006 889 1059 909 nos
1069 881 1193 911 ﬁrmiter
1207 881 1453 917 concorditer-que
1464 889 1534 909 cum
1546 881 1595 908 Dei
1603 880 1708 909 timore
1721 883 1749 908 et
1759 880 1828 908 cha-

153 920 218 955 μιτὰ
236 919 317 956 φόϐου
338 924 405 947 Θιοῦ
426 924 473 948 καὶ
496 921 612 958 ἀγάπης,
643 925 658 952 ἦ
685 928 720 959 τῷ
744 926 791 952 τὴν
817 923 949 961 ἀκρίϐειαν

153 962 240 990 δοκεῖν
254 963 425 999 διώκειν,καὶ
438 968 468 992 τὸ
483 966 560 993 καλὸν
582 969 687 1003 σχίζειν
709 972 786 1004 σῶμα
815 973 862 998 τῆν
889 968 949 995 Ἐκ-

151 1008 263 1039 κλησίας
282 1013 400 1046 Χριστοῦ
414 1021 420 1027 ·
446 1021 461 1035 α
479 1010 521 1038 Ἐν
542 1013 626 1047 τοὺτῳ
649 1013 712 1049 γάρ,
738 1023 752 1038 ›ι
778 1023 843 1049 φησι
871 1015 915 1039 καὶ
937 1014 949 1038 ὁ

153 1055 454 1090 Κύριος,αγνώσονται,
481 1056 521 1082 ὅτι
544 1058 661 1092 μαθηταί
685 1059 735 1093 μού
764 1057 830 1092 ἐστι,
847 1068 861 1083 ››
885 1057 949 1093 οὐχὶ

151 1102 187 1133 τῷ
202 1102 251 1129 τῆς
267 1098 399 1136 ἁκριϐιίας
420 1098 505 1126 δοκιῖν
533 1100 682 1136 ἓξέχισθαι,
709 1102 785 1128 ἀλλ’.
815 1101 857 1128 ὶᾶν
884 1102 948 1137 ἀγα-

149 1145 217 1169 πᾶτε
232 1142 365 1174 ἁλληλους.
381 1153 395 1169 ν
406 1144 435 1170 Ὁ
449 1149 510 1180 γοῦν
527 1143 564 1171 δί’
575 1145 707 1183 ἀκρίϐειαν
737 1145 816 1176 δῆθεν
845 1149 949 1176 κανόνος

151 1189 218 1218 τινὸς
237 1188 360 1225 ταραχὰς
382 1193 472 1222 ποιῶν,
503 1191 610 1221 στάσεις
632 1195 720 1225 κινῶν,
744 1194 790 1218 καὶ
813 1194 842 1218 τὸ
874 1195 951 1227 σῶμα

153 1232 256 1267 σχίζων
282 1237 332 1264 τῆς
367 1233 532 1268 Ἐκκλησίας,
561 1233 701 1272 ὀρθοδοξὶᾳ
733 1240 781 1267 τῆς
819 1235 950 1267 εὐσεϐείας

153 1280 373 1314 συντηρουμίνης,
388 1279 401 1304 ὁ
415 1280 541 1313 τοιοῦτος,
557 1279 578 1306 εἰ
601 1283 647 1306 καὶ
674 1279 725 1307 ἀπὸ
749 1280 882 1312 ιῦλαϐείας
908 1292 949 1307 κι-

152 1322 254 1348 νιίσθαι
293 1324 386 1357 οἴεται,
418 1323 520 1353 λίληθεν
555 1324 644 1350 ἑαυτόν
668 1327 813 1361 (εἰρήσεται
835 1327 897 1363 γὰρ,
929 1327 951 1352 εἰ

152 1369 197 1393 καὶ
211 1366 338 1403 ἐπαχθὲς)
355 1367 434 1399 λύκος
462 1368 495 1394 ὢν
521 1367 612 1399 ἔξωθεν
639 1371 684 1405 μὶν
713 1369 737 1395 iv
764 1368 831 1406 δορᾷ
853 1370 951 1407 προϐά-

152 1420 202 1437 των
225 1410 375 1448 ἐρχόμενος,
405 1414 499 1439 εσωθιν
530 1411 560 1439 δὴ
575 1416 660 1449 γέμων
689 1413 768 1440 δόλου
789 1418 834 1441 καὶ
870 1415 952 1453 ἁρπα-

153 1459 216 1490 γῆς.
228 1458 279 1482 Καὶ
291 1458 326 1492 μὴ
343 1457 401 1482 ταθ¹
424 1458 497 1493 ἡμῶν
524 1456 711 1494 ἀγανακτήσῃς
742 1458 841 1485 ἀκούων
857 1470 863 1476 ·
889 1459 951 1486 oud":

153 1502 204 1536 γὰρ
220 1501 346 1538 ἡμέτερος
374 1499 450 1532 οὗτος
469 1502 482 1527 ὁ
508 1501 593 1537 λόγος,
624 1502 689 1529 ἀλλὰ
718 1507 765 1534 τῆς
791 1506 951 1534 πᾶσαν”τὴν

153 1544 261 1581 ὑφηλιον
280 1545 452 1580 αὖγαζούσης
465 1545 591 1582 καὶλὸγῳ
613 1549 657 1573 καὶ
673 1546 724 1583 βίῳ
751 1552 845 1578 σιπτῆς
874 1548 952 1579 ξυνω-

153 1588 240 1627 ρίδος,
261 1591 389 1626 Ἰγνατίου
409 1595 455 1617 τοῦ
487 1592 619 1628 θιεόφόρον⁷
646 1595 724 1628 φημὶ,
745 1595 790 1618 καὶ
831 1594 951 1619 Ἰωάννου

153 1639 198 1661 τοῦ
213 1635 432 1672 χρυσορρὴμονος
446 1646 453 1652 ο
466 1636 479 1661 ὁ
494 1638 538 1672 μέν
549 1637 609 1673 γὰρ,
625 1647 639 1660 ‹‹
651 1636 680 1662 Ὀ
696 1641 823 1671 τοιοῦτος,
839 1648 853 1662 ››
874 1641 950 1673 φησὶ,

154 1689 167 1703 u
178 1679 256 1710 λύκος
268 1689 309 1705 σοι
324 1679 411 1716 οἷρπαξ
424 1681 503 1715 ἔστω,
522 1680 655 1717 προϐάτου
685 1682 781 1718 φθορὰν
806 1681 830 1707 ἐν
850 1681 951 1718 προϐά-

152 1733 196 1750 του
216 1722 284 1761 δορᾷ
305 1725 526 1761 κατιργαζόμινος
539 1735 545 1741 ·
563 1726 590 1750 ὃν
614 1723 684 1761 μηδὲ
705 1726 850 1763 μαρτυρίου
886 1727 952 1763 αἷμα

151 1768 245 1795 πλὺναι
284 1768 406 1804 ἰσχύσειν
437 1773 533 1806 τρανῶς
571 1768 762 1806 ἀποφαίνεταιι
781 1769 863 1797 »ὁδὶ
903 1774 950 1800 τὴν

150 1813 266 1849 γλῶτταν
314 1817 436 1850 χρυσοῦς
477 1816 521 1840 καὶ
559 1818 608 1840 τῶν
638 1815 756 1851 αἰρετικὰ
793 1817 950 1852 φρονούντων

151 1856 276 1895 δόγματα
286 1861 395 1895 χείρονα
409 1859 452 1884 τόν
474 1860 521 1888 τὴν
545 1858 702 1888 Ἐκκλησίαν
725 1860 856 1895 σχίζονται
887 1859 950 1886 εἶναι

152 1900 362 1939 διαμαρτύρεται
377 1912 383 1919 ο
410 1904 455 1928 καὶ
479 1902 531 1938 οὐχ
554 1902 640 1933 ἁπλῶς
661 1905 780 1940 χείρονα,
806 1903 869 1930 ἀλλὰ
906 1906 950 1929 καί

151 1948 217 1983 μετὰ
238 1946 364 1978 πλείστης
390 1948 454 1977 ὅσης
483 1951 527 1977 τῆς
555 1947 697 1978 ἐπιτάσεως
731 1947 816 1984 πολλῷ
856 1948 950 1984 μᾶλλον

151 1993 242 2027 χεῖρόν
259 1990 415 2028 φησιν(15).
437 1991 527 2022 ’Ἄλλος
550 1990 580 2018 δέ
594 2002 633 2023 τις
658 1996 708 2018 τῶν
735 1992 825 2028 ἁγίων,
845 1992 874 2018 Ὀ
891 1994 951 2027 σχί-

151 2036 204 2067 ζων
230 2038 274 2065 τὴν
298 2035 487 2071 Ἐκκληοίαν,››
514 2038 590 2072 φησὶ,
608 2048 621 2062 ‹‹
647 2035 769 2066 δηλονότι
798 2035 951 2074 ὀρθοδοξίας

151 2082 245 2113 οὔσης,
260 2082 355 2106 ταυτὸν
383 2084 452 2107 ποιεῖ
476 2084 530 2112 τοῖς
548 2081 633 2117 λόγχη
660 2079 838 2118 διατρήσασιν
865 2081 890 2107 ἓν
914 2086 950 2117 τῷ

152 2125 230 2150 πάθει
246 2126 275 2150 τὸ
290 2128 336 2150 τοῦ
352 2127 449 2161 Κυρίου
475 2129 560 2161 σῶμα.
577 2136 591 2149 ι)
618 2125 747 2154 Ὀπηνίκα
776 2124 806 2151 δέ
830 2135 871 2156 τις
894 2125 951 2151 ἐπι-

151 2171 245 2206 κρατεῖ
270 2170 380 2206 αἵρεσις,
403 2172 548 2198 τηνικαῦτα
573 2170 586 2195 ὁ
613 2168 750 2205 ἀντιλὲγων
773 2169 802 2195 οὗ
844 2172 952 2206 σχίσμα

152 2213 309 2251 παρεισάγιι
333 2217 363 2249 τῇ
397 2213 540 2249 Ἐκκλησία
565 2213 620 2239 ἀλλ’
644 2212 694 2239 ἀπό
720 2215 877 2251 σχισμάτων
904 2215 951 2240 αὗ-

152 2260 201 2287 τὴν
213 2257 356 2294 λυτροῠται
372 2268 378 2274 ι
395 2259 427 2287 ὦς
439 2267 489 2283 που
520 2261 574 2288 τοῖς
601 2259 676 2294 ἱεροῖς
699 2260 744 2283 καὶ
771 2258 848 2289 θείοις
872 2260 952 2283 κανό-

153 2311 195 2328 σιν
225 2302 360 2337 εὐστόχως
387 2303 498 2339 εἴρηται.
525 2301 594 2328 Ἀλλ’
616 2301 746 2328 ἐπανιτέον
772 2303 828 2328 ὅθεν
865 2302 953 2334 ἐξέϐη-

151 2356 207 2383 μιν,
222 2349 268 2373 καὶ
284 2347 316 2373 τά
341 2347 419 2383 ὃμοια
445 2349 497 2376 τοῖς
522 2343 576 2375 ἤδη
604 2345 709 2383 ῥηθεῖσι
733 2347 888 2383 προσθετὲον
915 2351 952 2382 τῷ

153 2390 234 2427 λόγῳ.

142 2444 147 2448 ’
191 2435 228 2464 ιε’.
245 2438 316 2463 Λέων
332 2436 345 2461 ό
364 2437 450 2472 Σοφὸς,
468 2435 499 2461 οὖ
517 2438 562 2462 καὶ
587 2438 710 2473 πρότερον
733 2435 875 2472 ἐμνήσθην,
905 2440 953 2462 Νι-

153 2481 246 2507 κόλαον
256 2483 299 2507 τόν
314 2482 449 2507 Μυστικὸν
465 2484 510 2507 τοῦ
535 2481 625 2517 θρόνου
655 2479 751 2510 ἀδίκως
778 2480 886 2514 ἐξώσας,
912 2482 952 2506 ὅτι

153 2528 189 2563 μὴ
219 2529 386 2562 παραχωρῶν
410 2523 441 2554 ἦν
465 2525 534 2560 αὐτῷ
566 2527 612 2554 τὴν
643 2528 832 2563 τετραγαμίαν,
870 2526 951 2552 Εὐθύ-

152 2581 211 2608 μιον
231 2572 275 2597 τόν
301 2569 438 2606 σύγχελλον
462 2570 631 2606 πατριάρχην
658 2569 794 2601 ἀνέδειξεν.
818 2570 886 2596 Ἀλλ’
911 2571 952 2597 ὅτε

152 2618 197 2652 μὲν
213 2617 226 2642 ὸ
243 2617 314 2642 Λέων
333 2615 408 2645 οὗτος
431 2614 538 2647 ἂπεϐἰω,
563 2613 730 2651 Ἀλέξανδρος
755 2613 784 2641 δὲ
806 2616 828 2640 ὁ.
844 2613 952 2652 ἀδελφός

155 2661 236 2686 αὐτοῦ
258 2662 306 2689 τὴν
331 2658 464 2695 βασίλειον
488 2657 576 2695 ἀρχὴν
603 2658 752 2693 ᾠκειώσατο
782 2658 875 2694 ἐαυτῷ,
908 2662 951 2686 τὸν

188 2750 246 2790 (15)
261 2749 426 2790 Utrumque
437 2747 551 2790 dictum
563 2749 624 2790 tam
637 2747 741 2790 [gnatii
753 2755 847 2790 quam
858 2749 952 2790 9hr}!-

154 2783 278 2813 sostomi
290 2783 389 2812 exstat
404 2784 433 2811 in
446 2783 536 2818 hujus
550 2783 693 2819 postremi
708 2783 833 2812 homilia
858 2784 889 2811 XI
917 2783 949 2812 in

155 2821 240 2868 epist.
251 2820 292 2849 ad
301 2819 408 2857 Ephes.
423 2820 513 2847 Porro
524 2819 631 2854 lgnatii
644 2819 760 2848 dictum
773 2819 845 2848 citat
859 2820 949 2853 etiam

1003 926 1088 954 ritate
1103 929 1247 960 servetur,
1261 934 1354 962 quam
1367 927 1401 958 si,
1418 926 1491 953 dum
1513 927 1566 961 jus
1578 933 1734 954 summum
1748 925 1830 953 vide-

1003 971 1226 1006 murpersequi,
1238 970 1407 999 formosum
1421 969 1555 998 Ecclesiae
1576 969 1747 998 Christianae
1766 977 1829 997 cor-

1003 1022 1061 1050 pus
1071 1014 1290 1050 discerpamus.
1302 1026 1316 1039 ‹‹
1329 1015 1362 1042 In
1370 1015 1427 1043 hoc
1439 1014 1531 1048 enim,
1542 1025 1557 1039 ››
1565 1014 1661 1050 inquit
1673 1013 1826 1049 Dominus,

1005 1069 1019 1083 ιι
1035 1061 1195 1093 cognoscet
1205 1059 1337 1087 mundus
1342 1059 1424 1095 quod
1430 1058 1568 1094 discipuli
1575 1058 1631 1086 mei
1638 1058 1690 1086 esti
1696 1066 1719 1089 s,
1725 1058 1795 1093 (non
1804 1057 1829 1084 si

1004 1111 1124 1131 summo
1132 1104 1191 1139 juri
1205 1104 1357 1132 mordicus
1372 1103 1577 1135 adhaeseritus,
1592 1105 1708 1138 verum)
1722 1103 1746 1130 si
1755 1102 1829 1130 invi-

1004 1156 1070 1176 cem
1085 1148 1254 1177 dilexeritis.
1272 1159 1286 1173 n
1300 1148 1356 1181 Qui
1367 1148 1457 1183 igitur
1482 1147 1522 1175 ob
1550 1147 1678 1182 alicujus
1705 1147 1829 1175 tutelam

1004 1193 1127 1221 canonis
1137 1193 1240 1221 turbas
1249 1193 1306 1221 ciet
1316 1193 1379 1221 sedi
1384 1192 1537 1228 tionesque
1548 1194 1728 1224 commovet,
1740 1194 1830 1227 atque

1004 1237 1139 1265 Ecclesiae
1152 1245 1261 1273 corpus
1276 1237 1427 1269 discindit,
1442 1237 1479 1273 (si
1492 1236 1584 1264 modo
1596 1244 1633 1264 ea
1642 1236 1713 1264 ﬁdei
1723 1236 1829 1271 purita-

1003 1284 1063 1310 tem
1069 1282 1214 1316 retineat),
1226 1282 1285 1315 hic,
1297 1281 1432 1318 inquam,
1442 1281 1639 1316 quantumvis
1649 1288 1680 1308 se
1688 1279 1831 1314 religione

1003 1329 1174 1362 permotum
1190 1328 1333 1361 autumet,
1351 1325 1442 1353 nescit
1453 1328 1554 1354 tamen
1572 1324 1691 1360 (fremat
1700 1324 1831 1361 quisque

1003 1370 1081 1403 licet,
1094 1370 1194 1398 dicam
1209 1370 1526 1406 quodsentio),nescit,
1535 1370 1670 1406 inquam,
1683 1377 1714 1397 se
1725 1369 1831 1405 lupum

1005 1424 1069 1444 esse
1082 1416 1146 1443 ovis
1161 1415 1236 1451 pelle
1251 1415 1433 1446 confectum,
1446 1415 1613 1451 rapinaque
1633 1418 1661 1442 et
1680 1414 1750 1442 dolo
1763 1421 1832 1442 con-

1005 1463 1129 1488 cretum.
1147 1461 1246 1496 Neque
1262 1467 1332 1487 vero
1347 1459 1419 1487 mihi
1439 1459 1603 1495 quisquam
1629 1460 1803 1486 succenseat
1822 1467 1831 1491 ς

1005 1512 1067 1532 non
1082 1504 1161 1531 enim
1172 1512 1258 1532 meus
1268 1504 1315 1532 hic
1326 1511 1425 1531 sermo
1455 1505 1509 1537 est,
1547 1503 1599 1530 sed
1623 1502 1753 1530 duorum
1777 1502 1830 1538 qui

967 1562 987 1588 ρ
1005 1552 1115 1577 terram
1126 1548 1298 1576 universum
1307 1548 1395 1576 verbo
1401 1556 1436 1575 ac
1442 1547 1577 1575 moribus
1593 1546 1776 1574 illustravere
1789 1545 1829 1573 vi-

1005 1590 1119 1626 rorum,
1131 1593 1233 1628 lgnatii
1239 1592 1387 1628 ,inquam,
1398 1591 1554 1627 theophori
1564 1594 1593 1619 et
1601 1591 1724 1619 Joannis
1741 1590 1831 1626 Chry-

1007 1637 1142 1665 sostomi.
1158 1637 1205 1664 Ait
1219 1636 1299 1664 enim
1314 1636 1433 1663 disertis
1446 1636 1544 1663 verbis
1558 1635 1692 1671 Iguatius
1724 1644 1730 1663 z
1747 1647 1762 1660 «ι
1778 1635 1829 1662 Hic

1006 1682 1058 1710 tibi
1072 1682 1135 1717 lupi
1150 1681 1243 1709 instar
1256 1680 1374 1717 rapacis
1388 1681 1434 1713 sit,
1450 1681 1502 1717 qui
1517 1681 1598 1716 gregi
1623 1680 1744 1708 exitium
1772 1680 1829 1708 sub

1005 1727 1068 1755 ovis
1083 1726 1159 1763 pelle
1173 1725 1301 1754 molitur.
1314 1727 1396 1753 Hunc
1411 1733 1448 1753 ne
1464 1725 1599 1761 martyrii
1614 1724 1735 1761 quidem
1762 1731 1831 1752 san-

1005 1771 1071 1805 guis
1087 1770 1255 1798 mundabit.
1273 1781 1287 1795 »
1298 1770 1531 1806 Chrysostomus
1546 1771 1646 1797 autem
1674 1769 1829 1797 hominem

1005 1815 1058 1852 qui
1073 1815 1203 1843 schisma
1216 1815 1246 1842 in
1267 1815 1395 1842 Ecclesia
1423 1814 1502 1847 facit,
1530 1814 1664 1850 pejorem
1691 1814 1830 1841 haeretica

1005 1868 1070 1887 esse
1085 1862 1230 1894 testatur;
1245 1867 1342 1894 neque
1358 1858 1568 1886 tantummodo
1590 1858 1724 1894 pejorcm
1748 1858 1830 1892 dicit,

1004 1912 1109 1931 verum
1125 1911 1192 1931 cum
1209 1911 1330 1930 summa
1349 1903 1485 1939 emphasi
1499 1902 1592 1930 multo
1603 1903 1737 1938 pejorem
1766 1910 1831 1930 esse

1004 1948 1188 1984 pronuntiat.
1205 1947 1284 1975 Alius
1295 1955 1365 1975 vero
1379 1950 1499 1975 sanctus
1513 1947 1558 1974 vir
1572 1946 1699 1983 quidam
1711 1956 1717 1974 :
1736 1958 1746 1971 ‹
1776 1946 1830 1978 Qui

1006 1992 1176 2023 Ecclesiam,
1183 1991 1464 2027 inquit(dummodo
1471 1990 1704 2024 sitorthodoxa),
1711 1989 1828 2023 scindit,

1005 2036 1112 2064 eodem
1141 2043 1171 2063 se
1205 2035 1362 2070 obstringit
1388 2035 1507 2066 scelere,
1537 2033 1763 2070 atqueillioiim
1778 2033 1830 2070 qui

1007 2081 1189 2108 Dominicum
1197 2078 1645 2115 corpuslanceatransfoderunt
1655 2089 1669 2103 ››
1676 2078 1830 2106 Verumta-

1007 2133 1076 2152 men
1089 2125 1112 2152 si
1126 2132 1188 2161 qua
1202 2124 1324 2152 haeresis
1342 2124 1416 2151 forte
1431 2123 1577 2156 inciderit,
1591 2127 1662 2150 tunc
1670 2123 1793 2151 demum
1807 2123 1831 2150 is

1006 2169 1057 2206 qui
1069 2169 1251 2203 adversatur,
1264 2168 1343 2196 haud
1353 2168 1485 2196 schisma
1498 2168 1529 2196 in
1542 2167 1701 2196 Ecclesiam
1711 2167 1830 2202 invehit,

1008 2214 1062 2241 sed
1087 2213 1166 2242 hanc
1181 2221 1199 2241 a
1215 2211 1376 2241 schismate
1391 2212 1529 2249 prohibet
1545 2222 1552 2246 ;
1579 2212 1668 2240 veluti
1692 2212 1722 2239 in
1740 2211 1832 2239 sacris

1007 2258 1175 2294 divinisque
1186 2257 1353 2285 canonibus
1365 2257 1515 2293 sapienter
1521 2257 1766 2285 animadversum
1775 2258 1830 2284 est.

1007 2304 1064 2332 Sed
1076 2302 1156 2334 illuc,
1173 2301 1252 2330 unde
1280 2301 1484 2335 discessimus,
1510 2302 1699 2330 redeundum
1727 2304 1783 2335 est,
1804 2303 1833 2328 et

1007 2352 1152 2383 susceptae
1167 2346 1298 2374 materias
1318 2349 1402 2374 tenor
1420 2346 1653 2374 continuandus.

1045 2439 1086 2465 l5.
1099 2438 1155 2464 Leo
1166 2436 1302 2472 Sapiens,
1309 2444 1400 2472 quem
1410 2436 1474 2471 jam
1481 2437 1570 2463 antea
1585 2442 1650 2462 com
1657 2434 1832 2468 memoravi,

1006 2481 1125 2509 Nicoiao
1141 2481 1262 2517 Mystico
1277 2488 1329 2516 per
1350 2480 1408 2507 vim
1429 2480 1572 2515 injustam
1594 2478 1732 2514 depulso,
1760 2478 1834 2514 quia

1005 2527 1127 2562 nuptias
1141 2526 1166 2553 ei
1182 2527 1305 2561 quartas
1320 2532 1380 2552 non
1390 2524 1749 2559 annuebat,Euthymium
1762 2530 1834 2558 syn-

1007 2571 1114 2599 cellum
1130 2570 1329 2605 patriarcham
1346 2569 1422 2596 fecit.
1433 2568 1492 2596 Sed
1502 2569 1582 2596 enim
1596 2570 1714 2596 mortuo
1727 2569 1832 2603 Leone,

1007 2614 1173 2643 Alexander
1188 2614 1277 2642 frater
1290 2614 1366 2649 ejus,
1377 2613 1502 2649 imperio
1517 2613 1556 2641 ad
1571 2621 1602 2640 se
1615 2612 1770 2641 translato.
1781 2613 1834 2639 Eu-

1006 2659 1157 2695 thymium
1171 2658 1319 2694 deposuit,
1335 2658 1524 2694 proprieque
1539 2657 1601 2684 sedi
1611 2656 1736 2685 restituit
1751 2656 1834 2684 Nico-

1005 2749 1136 2775 Joannes
1163 2746 1365 2775 Antiochenus
1388 2746 1470 2782 apud
1499 2745 1674 2782 Cotelerium
1702 2746 1831 2782 Monum.

1006 2783 1083 2847 lEccl.
1100 2784 1146 2811 Gr.
1163 2785 1182 2810 t.
1197 2783 1218 2818 Ι,
1234 2790 1304 2819 pag.
1324 2779 1453 2817 176.,'ut
1473 2783 1538 2817 jam
1566 2779 1736 2809 observavit
1764 2780 1834 2806 Gra~

1029 2826 1088 2847 ius.
