4084 6206
478 282 587 341 799

1806 282 2141 343 ΜΕἹἨΟΠΙῙ
2175 280 2517 341 ΜοΝΑοηι;
3042 356 3047 361 η
3722 280 3817 337 suo

483 408 667 465 laum.
682 410 812 465 Jam
834 407 947 465 hos
967 409 1181 467 ambos
1207 411 1467 470 Ecclesia
1486 410 1727 484 recepit,
1751 411 1898 484 quia
1918 408 2127 468 scilicet

2247 410 2336 481 μὲν
2363 408 2623 481 Εύθύμιον
2649 412 2743 459 τοῦ
2792 404 2973 479 θρόνον
3017 400 3241 473 καθεῖλε,
3291 400 3541 455 Νικόλοὶον
3562 398 3619 457 δε
3680 400 3825 470 αὖθις

483 498 800 555 orthodoxi
829 502 1021 568 erant,
1050 503 1107 555 et
1131 500 1278 573 quia
1303 516 1506 558 sacras
1531 500 1695 572 leges
1724 500 2136 574 protegebant:

482 601 629 644 nam
658 587 1079 659 etEuthymius
1104 588 1434 661 plurimum
1462 589 1802 648 laborrasse
1821 590 2037 646 dicitur
2062 604 2139 645 ne

482 679 728 749 quartas
759 675 1002 748 nuptias
1037 679 1151 735 Leo
1178 678 1503 752 imperator
1527 678 1652 736 lata
1674 680 1805 750 lege
1836 678 2091 735 sanciret
2122 694 2135 733 :

481 764 648 837 quod
676 779 890 836 reapse
920 766 1281 840 impetravit.
1326 768 1438 826 Sed
1471 768 1549 825 ad
1602 768 1959 825 recentiores
2008 767 2139 838 jam

481 852 857 910 accedamus.
892 856 1125 913 Manuel
1144 856 1470 930 imperator
1496 860 1836 914 Comnenus
1861 860 2138 913 sanctum

480 941 885 1014 patriarcham
911 946 1189 1002 Cosmam
1215 951 1616 1018 cognomento
1640 945 1899 1002 Atticum
1920 945 2138 1016 injuste

482 1031 625 1087 sede
645 1031 916 1105 detraxit,
953 1034 1068 1091 alio
1100 1036 1460 1105 substituto;
1498 1052 1685 1109 quam
1714 1050 1843 1092 rem
1861 1035 2013 1092 sacri
2045 1050 2139 1092 ca-

479 1135 668 1177 nones
701 1125 925 1181 vetant.
964 1124 1077 1181 Sed
1104 1129 1308 1182 tamen
1359 1126 1620 1183 Ecclesia
1672 1125 1834 1181 hunc
1895 1139 2137 1198 quoque

478 1210 920 1283 recepit,neque
950 1212 1258 1271 ordinatos
1292 1215 1369 1272 ab
1418 1231 1490 1271 eo
1547 1214 1907 1287 repudiavit,
1964 1212 2138 1279 Quod

478 1314 621 1355 vero
634 1299 952 1371 praedictus
964 1303 1211 1360 Cosmas
1221 1304 1564 1377 patriarcha
1581 1304 1771 1360 multa
1783 1318 1928 1373 erga
1949 1304 2137 1358 Deum

478 1386 702 1444 ﬁducia
740 1389 1008 1461 polleret,
1033 1391 1173 1448 hinc
1202 1392 1496 1461 innotuit;
1527 1409 1787 1450 moerens
1821 1392 1983 1448 enim
2037 1393 2138 1446 Ec-

480 1477 673 1534 clesiaa
707 1478 903 1545 malis,
927 1496 1117 1552 quam
1141 1483 1521 1552 regnantium
1550 1482 1867 1555 tyrannide
1887 1496 2136 1554 oppres-

481 1581 611 1622 sam
637 1568 1024 1639 videbat,jam
1046 1571 1185 1627 sede
1207 1571 1871 1641 decessurus,Augustse
1898 1574 2135 1628 uterum

480 1656 905 1728 imprecatione
936 1659 1245 1726 conclusit,
1278 1677 1354 1718 ne
1385 1661 1721 1718 masculam
1745 1660 1977 1735 prolem
2028 1674 2136 1715 un-

2246 508 2319 572 τῷ
2345 498 2517 570 οἰκείῳ
2550 499 2712 570 θρόνῳ
2759 494 3207 551 ἀποκατέστησεν.
3250 492 3410 545 Οὗτοι
3462 488 3523 545 δι
3566 497 3654 545 καὶ
3672 492 3822 567 ἀμφό-

2245 608 2382 663 τεροι
2437 585 2615 640 δεκτοὶ
2668 586 2874 646 πάντως
2918 591 2980 656 τῇ
3043 580 3331 654 Ἐκκλησία
3380 581 3510 634 εἰσὶν
3564 584 3630 644 ὡς
3685 583 3824 656 ὀρθά-

2249 674 2397 741 δοξοι
2428 680 2586 738 ὄντες,
2619 678 2709 727 καὶ
2734 675 2862 745 ὑπὲρ
2908 678 3007 724 τῶν
3051 672 3197 724 θείων
3247 674 3412 743 νόμων
3452 670 3823 743 ἠγωνισμένοι·

2245 768 2466 840 καὶγὰρ
2502 766 2708 817 καὶτὸν
2758 761 3019 834 Εύθύμιον
3061 759 3226 813 πολλοί
3274 778 3430 832 φασιν
3483 758 3824 831 ἁγωνισασθαι

2246 855 2480 909 κωλῦσαι
2541 857 2629 906 τὸν
2679 850 2906 926 βασιλέα
2953 854 3151 903 Λέοντα
3183 854 3255 922 μη
3314 852 3467 921 νόμον
3518 853 3611 907 τὴν
3657 868 3822 925 τετρα.

2244 949 2441 1017 γαμὶαν
2474 942 2680 1017 γράψαι
2709 945 2797 993 καὶ
2834 938 3168 1010 καταλήψαι.
3201 942 3300 992 Καὶ
3329 934 3397 996 δὴ
3441 942 3531 989 καὶ
3569 936 3820 997 ἐκώλυσεν.

2245 1032 2500 1105 *Ελθωμεν
2551 1028 2611 1084 δέ
2663 1029 2886 1083 ἐπὶτῶν
2948 1031 3226 1103 νεωτέρων.
3310 1033 3368 1078 Ὀ
3443 1025 3497 1079 ἔκ
3567 1033 3821 1099 Κομνηνῶν

2248 1121 2494 1195 βασιλεὺς
2549 1119 2815 1187 Μανουήλ,
2858 1120 2948 1170 τὸν
2972 1118 3120 1190 ἅγιον
3169 1115 3218 1169 ἓν
3243 1118 3600 1191 πατριάρχαις
3628 1122 3821 1188 Κοσμᾶν

2242 1215 2328 1264 τὸν
2377 1211 2614 1264 Ἀττικὸν
2659 1205 2859 1271 ἀδίκως
2913 1214 3006 1261 τοῦ
3060 1208 3243 1281 θρόνον
3291 1210 3627 1277 καταγαγὼν,
3672 1208 3821 1279 ἕτερον

2246 1300 2425 1365 ἀνῆξεν
2452 1321 2465 1334 ·
2497 1302 2619 1375 ὅπερ
2646 1306 2758 1361 τοῖς
2779 1302 2963 1351 κανόσι
3010 1304 3117 1360 τοῖς
3169 1299 3318 1370 ἱεροῖς
3365 1295 3427 1348 ού
3479 1292 3641 1350 δοκεῖ.
3699 1294 3820 1348 Ἀλλ’

2242 1392 2378 1463 ὅμως
2401 1389 2688 1448 Ἐκκλησία
2707 1393 2796 1441 καὶ
2827 1395 3008 1441 τοῦτον
3040 1382 3251 1449 ἐδέξατο
3271 1408 3283 1420 ·
3313 1390 3407 1438 καί
3444 1388 3562 1446 τοὺς
3584 1380 3656 1437 δι’
3679 1384 3822 1437 αὐτοῦ

2242 1481 2703 1554 χειροτονηθέντας
2745 1477 2838 1530 οὐκ
2882 1475 3185 1532 ἀπεϐάλετο.
3234 1474 3355 1527 Ὀτι
3411 1470 3473 1527 δὲ
3513 1472 3696 1532 πολλὴν
3737 1474 3820 1532 τήν

2242 1568 2540 1643 παρρησίαν
2566 1571 2660 1625 τὴν
2707 1570 2837 1640 πρὸς
2889 1569 2977 1619 τὸν
3036 1568 3165 1618 Θεὸν
3214 1563 3451 1617 ἐπλούτει
3502 1564 3529 1615 ὁ
3576 1562 3821 1638 εἰρημένος

2245 1663 2458 1732 Κοσμᾶς
2515 1658 2541 1709 6
2589 1658 2946 1730 πατριάρχης,
3007 1654 3234 1707 ἐντεῦθεν
3280 1650 3444 1712 δῆλον
3478 1674 3492 1686 ·
3554 1656 3679 1725 φασὶ
3730 1655 3819 1726 γὰρ

480 1760 667 1818 quam
698 1752 947 1819 pareret.
982 1752 1128 1806 Tum
1162 1752 1680 1824 Cantostephanus
1719 1749 1972 1824 tempori
1997 1749 2127 1806 veli-

2241 1748 2323 1801 ὅτι
2373 1745 2743 1822 ὑπεραλγήσας
2791 1753 2888 1807 τῆς
2940 1743 3251 1807 Ἐκκλησίας
3287 1746 3379 1796 καὶ
3436 1750 3533 1805 τῆς
3577 1741 3687 1795 κατ’
3742 1740 3821 1793 αύ-

480 1833 689 1904 ﬂcans,
718 1851 857 1893 cum
886 1837 1147 1895 dominas
1179 1844 1423 1911 astaret,
1455 1855 1705 1897 manum
1763 1838 2019 1896 intendit
2070 1843 2137 1896 ut

480 1923 887 1994 patriarcham
921 1925 1478 2001 alapapercuteret:
1509 1927 1848 2001 prohibitus
1879 1932 2134 1985 tamena

477 2011 872 2083 praesentibus
900 2018 1005 2071 est.
1032 2017 1178 2071 Tum
1205 2017 1545 2089 patriarcha
1573 2031 1919 2082 conversus,
1953 2015 2133 2073 Sinite

478 2100 659 2169 hunc,
690 2101 926 2175 inquitt,
956 2106 1139 2177 paulo
1161 2112 1297 2180 post
1311 2108 1471 2164 enim
1493 2109 1759 2163 Petream
1790 2122 1961 2163 suam
1981 2106 2131 2162 exci-

476 2188 600 2260 piet
632 2207 645 2256 ;
678 2190 739 2247 id
768 2193 935 2264 quod
966 2210 1177 2267 reapse
1208 2196 1440 2253 accidit.
1486 2195 1653 2252 Brevi
1709 2195 1868 2252 enim
1927 2195 2132 2268 elapso

478 2282 745 2351 tempore
773 2280 929 2337 bello
959 2283 1268 2355 Corcyraeo
1301 2285 1816 2358 Contostephanus
1841 2284 2033 2357 periit,
2047 2284 2133 2341 1a-

478 2367 617 2439 pide
647 2368 798 2424 ictus
822 2385 858 2425 a
894 2372 1095 2429 nescio
1125 2389 1246 2446 quo
1271 2374 1348 2431 de
1378 2374 1682 2448 superiore
1712 2373 1877 2430 urbis
1907 2389 2081 2430 muro
2115 2390 2128 2439 ;

479 2471 601 2528 quo
627 2457 748 2513 ictu
778 2460 962 2515 vitam
1001 2461 1156 2518 foede
1188 2464 1525 2537 misereque
1573 2464 1791 2529 amisit,
1820 2467 1997 2536 prout
2020 2479 2130 2535 pa-

479 2545 739 2602 triarcha
757 2548 1133 2619 praedixerat.
1167 2556 1445 2622 Augustas
1473 2569 1717 2625 quoque
1748 2558 1949 2609 uterus
1997 2568 2128 2608 ma-

479 2633 644 2690 sculo
673 2634 867 2691 fructu
893 2652 1105 2710 expers
1130 2639 1254 2706 fuii,
1292 2644 1430 2713 post
1460 2640 1813 2713 patriarchas
1833 2656 2020 2713 quam
2043 2640 2127 2696 di-

476 2721 676 2778 ximus
710 2724 1225 2797 imprecationem.
1246 2730 1361 2786 Etsi
1396 2730 1553 2786 enim
1578 2736 1755 2785 natus
1767 2735 1852 2786 est
1875 2728 2128 2786 Manueli

477 2809 636 2866 ﬁlius
660 2811 897 2870 Alexius
926 2815 1090 2874 haud
1122 2834 1194 2875 ex
1232 2818 1331 2875 illo
1383 2822 1605 2886 tamen,
1662 2818 1766 2875 sed
1823 2834 1895 2875 ex
1946 2819 2127 2876 Maria

480 2901 706 2965 Latina,
738 2910 1051 2978 susceptus
1083 2906 1210 2963 fuit.

2239 1844 2335 1898 τῆς
2362 1832 2672 1897 δυναστείας
2706 1843 2805 1888 τῶν
2844 1833 2938 1886 οὐκ
2976 1833 3167 1906 εύαγῶς
3217 1840 3279 1905 τῇ
3335 1830 3585 1905 βασιλείᾳ
3629 1834 3819 1905 χρωμέ-

2341 1971 2356 1996 ,
2408 1925 2600 1999 μελλων
2649 1921 2757 1984 ἢδη
2804 1922 3134 1999 ἰξέρχεσθαι,
3190 1927 3286 1982 την
3334 1918 3646 1994 Αύγοῦσταν
3696 1922 3817 1973 κατὰ

2237 2019 2461 2090 γαστρὸς
2512 2019 2833 2087 σφραγίσας,
2882 2012 3161 2086 ἐπετίμησε
3214 2015 3407 2084 μηκέτι
3451 2019 3612 2065 τεκεῖν
3661 2007 3818 2063 παῖδα

2238 2104 2443 2179 ἄρρενα.
2496 2103 2554 2156 '0
2604 2100 2664 2156 δε
2721 2104 3149 2175 Κοντοστὶφανος,
3214 2109 3287 2169 τῷ
3324 2109 3496 2177 καιρῷ
3552 2103 3818 2175 χαριζόμε-

2237 2212 2342 2259 νος,
2399 2192 2509 2246 ἐπεί
2564 2196 2835 2265 παρεστὼς
2897 2187 2959 2249 ἧν
3018 2198 3079 2263 τῇ
3138 2186 3422 2263 δεσποίνῃ,
3479 2187 3682 2251 ἐξέτεινε
3733 2191 3814 2245 τὴν

2238 2290 2398 2357 χεῖρα
2423 2283 2649 2357 ῥαπίσαι
2689 2284 2775 2333 τὸν
2822 2281 3163 2355 πατριάρχην
3191 2299 3207 2313 ο
3261 2277 3370 2331 ἀλλ’
3432 2277 3661 2335 ἰκωλύθη
3700 2279 3817 2350 πρὸς

2237 2380 2337 2423 τῶν
2373 2376 2852 2446 σνμπαρεστώτων.
2908 2369 2966 2422 Ὀ
3012 2376 3138 2442 γοῦν
3185 2369 3535 2444 πατριάρχης
3590 2366 3818 2439 ἐπιστρα-

2238 2465 2366 2532 φείς,
2399 2460 2580 2532 ’Ἅφετε
2621 2459 2795 2528 αὐτὸν,
2849 2462 2966 2532 ἔφη.
3034 2457 3145 2531 μετ’
3194 2458 3253 2511 ού
3316 2456 3454 2511 πολύ
3500 2461 3592 2515 τὴν
3643 2457 3815 2509 οἰκείαν

2236 2552 2457 2624 Πετρεαν
2491 2548 2778 2621 ληψόμενον
2812 2549 2871 2601 ’ὃ
2908 2552 2998 2602 καὶ
3046 2550 3247 2621 γέγονεν
3299 2546 3419 2618 (16)
3447 2562 3461 2577 ⁸
3502 2545 3671 2618 ὀλίγον
3724 2545 3813 2617 γὰρ

2234 2636 2525 2699 δειλθόντος
2571 2645 2777 2713 καιροῦ,
2830 2642 3009 2691 πίπτει
3059 2639 3085 2689 6
3142 2639 3555 2708 Κοντοστέφανος
3619 2634 3689 2696 εἰς
3736 2636 3813 2684 τόν

2232 2729 2368 2780 κατὰ
2428 2730 2691 2801 Κέρκυραν
2742 2725 2983 2798 πόλεμον,
3043 2724 3172 2795 λίθῳ
3232 2722 3449 2797 βληθείς
3520 2727 3649 2798 πρός
3692 2739 3815 2783 τινος

2231 2824 2331 2868 τῶν
2353 2822 2445 2868 τοῦ
2470 2815 2657 2877 ἄστεος
2680 2814 2869 2867 ἄνωθεν
2897 2836 2910 2848 ·
2954 2814 3020 2887 ὑφ
3052 2813 3129 2866 ού’
3166 2812 3312 2866 λίθου
3366 2817 3463 2865 καὶ
3509 2816 3601 2871 τὴν
3645 2810 3813 2882 ψυχὴν

2234 2906 2471 2978 αἰσχρῶς
2497 2903 2717 2958 ἀπέϐαλε
2737 2908 2826 2957 καὶ
2852 2903 3095 2969 ἐλεεινῶς,
3136 2904 3273 2955 κατὰ
3327 2906 3426 2961 τὴν
3493 2908 3583 2955 τοῦ
3645 2919 3813 2974 πατρι-

2238 1948 2334 1978 νων

478 2988 649 3064 αρχου
696 2994 1023 3068 πρόρῥησινο
1074 2994 1201 3049 ἀλλά
1242 3002 1330 3050 καὶ
1377 3000 1406 3057 ἡ
1462 3005 1553 3059 τῆς
1596 2997 1905 3069 Αύγούστης
1968 2999 2176 3070 γαστὴρ
2239 2997 2469 3067 ἄκαρπος
2507 2992 2560 3057 ἐξ
2616 2992 2884 3069 ἀρῥενικῆς
2930 3001 3084 3065 γονῆς
3126 2995 3287 3065 ἔμεινε
3332 2995 3429 3050 τὴν
3478 2991 3604 3065 παρ’
3669 2989 3810 3041 αὐτοῦ

476 3076 800 3153 ἐπιτίμησιν,
854 3086 923 3147 ὡς
979 3089 1204 3159 εἴρηται,
1252 3084 1544 3160 δεξαμένη·
1601 3087 1645 3139 εἰ
1708 3089 1809 3161 γὰρ
1863 3092 1958 3139 καὶ
2008 3091 2186 3159 γέγονε
2241 3092 2314 3157 τῷ
2371 3083 2621 3143 Μανουὴλ
2672 3086 2786 3147 υἱὸς
2831 3082 3071 3152 Ἀλέξιος,
3145 3080 3255 3134 ἀλλ’
3316 3080 3409 3135 οὐκ
3483 3079 3538 3134 ix
3609 3087 3696 3139 τῆς
3751 3076 3811 3130 εἰσ

474 3173 697 3242 ρημένης
726 3172 879 3227 αὐτόν
912 3172 1156 3247 ἐγείνατο,
1189 3175 1416 3229 ἁλλ’ἁπὸ
1434 3181 1638 3250 Μαρίας
1660 3185 1750 3238 τῆς
1776 3176 1827 3229 ἐκ
1856 3180 2116 3231 Λατίνων.

551 3387 635 3441 16.
666 3385 818 3451 Quid
847 3403 989 3445 vero
1014 3391 1280 3448 Isaacius
1311 3390 1576 3462 Angelus
1598 3392 1625 3447 ‘I
1652 3394 1855 3447 Nonne
1910 3394 2124 3463 praeter
2153 3390 2195 3444 C

474 3486 715 3530 omnem
740 3475 965 3545 justam
996 3495 1247 3537 causam
1279 3481 1588 3538 titulumve
1609 3480 1988 3544 canonicum,
2020 3482 2123 3536 Ca-

472 3565 702 3618 matero
727 3563 1018 3636 deposito,
1051 3569 1315 3626 Nicetam
1377 3569 1751 3627 sacellarium
1812 3568 2066 3627 obtrusit
2095 3569 2123 3625 ‘2

472 3650 680 3705 Nonne
709 3650 871 3708 hunc
902 3659 965 3710 ut
996 3656 1382 3725 imbecillum,
1416 3674 1578 3715 anno
1618 3673 1739 3715 uno
1756 3662 1983 3722 exacto,
2023 3673 2122 3713 re-

471 3752 745 3809 movens,
779 3743 1083 3801 Leontium
1112 3747 1516 3819 patriarcham
1549 3747 1681 3804 fecit
1704 3762 1887 3819 quem
1942 3746 2122 3802 etiam

470 3827 798 3886 Marianum
827 3832 1126 3901 vocitavit,
1159 3840 1402 3902 testans,
1444 3837 1605 3893 hunc
1644 3837 1755 3892 sibi
1793 3852 1829 3893 a
1867 3834 2123 3908 Deipara

471 3919 781 3976 ostensum
811 3937 949 3977 cum
981 3924 1289 3989 mandato,
1324 3930 1389 3982 ut
1416 3925 1648 3998 dejecto
1684 3925 1879 3982 Niceta
1937 3927 2121 3980 Leon-

471 4005 618 4063 tium
654 4008 715 4063 in
746 4010 886 4067 sede
924 4015 1227 4085 poneret?
1282 4017 1488 4072 Nonne
1540 4020 1749 4088 postea
1807 4015 2120 4071 Leontium

470 4098 893 4168 exauctoravit,
926 4099 1234 4158 affirmans
1261 4104 1478 4175 pariter
1515 4104 1574 4160 id
1618 4103 1729 4160 sibi
1785 4117 1822 4159 a
1869 4102 2123 4175 Deipara

468 4182 850 4254 imperatum,
879 4191 934 4244 et
964 4190 1307 4248 Dositheum
1340 4193 1945 4265 Hierosolymitanum
1973 4191 2120 4247 Con-

471 4271 921 4345 stantinopolim
952 4280 1247 4336 transtulit
1272 4282 1674 4351 patriarcham
1703 4280 2121 4352 ?Obloquente

469 4364 668 4416 autem
682 4376 1048 4436 magnopere
1060 4367 1139 4422 ob
1150 4368 1307 4423 hanc
1320 4385 1444 4425 rem
1458 4372 1709 4442 populo,
1723 4385 1925 4425 nonne
1939 4369 2119 4425 etiam

468 4449 782 4506 Dositheus
815 4453 957 4509 sede
982 4456 1216 4526 excidit,
1245 4457 1359 4513 alio
1401 4458 1721 4516 substituto
1768 4460 1796 4512 ?
1844 4459 2118 4532 Quinque

463 4535 642 4609 igitur
664 4539 1035 4611 patriarchas
1072 4544 1398 4615 Byzantina
1421 4544 1483 4600 in
1526 4546 1670 4602 urbe
1699 4546 1854 4603 intra
1884 4529 2114 4603 noven-
2153 4529 2195 4583 Ῐ)

467 4626 636 4683 nium
676 4630 976 4685 constituit
1006 4634 1288 4704 lsaacius,
1330 4638 1556 4706 quanto
1595 4634 1817 4691 scilicet
1850 4640 2114 4708 tempore

466 4715 593 4787 ipse
615 4719 887 4790 regnavit
916 4737 927 4787 ;
954 4721 1247 4778 rationem
1268 4723 1515 4796 quidem
1539 4722 1631 4780 vel
1642 4725 1963 4781 canonicas
1978 4742 2114 4783 cau-

466 4820 563 4861 sas
592 4807 786 4864 nullas
815 4814 1074 4881 secutus,
1117 4812 1223 4868 sed
1257 4813 1501 4885 propria
1539 4817 1773 4870 tantum
1814 4813 2115 4872 voluntate

467 4898 524 4949 et
550 4896 789 4953 arbitrio
809 4899 977 4956 illum
1003 4902 1266 4973 ejiciens,
1295 4903 1454 4959 hunc
1480 4918 1798 4973 oggerens.
1820 4906 1885 4959 Et
1908 4907 2110 4961 tamen

465 4981 682 5040 horum
710 4989 1034 5057 neminem,
1062 4991 1157 5046 vel
1182 5008 1285 5048 eos
1316 4992 1420 5065 qui
1454 4991 1532 5048 ab
1561 4992 1655 5048 his
1676 4995 1814 5048 sunt
1836 4992 2112 5064 ordinati,

467 5071 723 5129 Ecclesia
753 5077 1000 5133 exclusit
1031 5096 1043 5134 :
1073 5081 1359 5154 quodque
1386 5082 1655 5137 festivius
1694 5081 1823 5151 fuit,
1874 5083 1965 5139 vel
2012 5099 2114 5156 po-

468 5159 579 5215 tius
613 5163 863 5234 turpius,
897 5180 1109 5223 omnes
1142 5168 1205 5224 hi
1232 5174 1520 5238 regnante
1560 5170 1778 5227 Isaacio
1817 5170 2110 5239 vivebant,

536 5381 555 5453 (
571 5384 649 5455 t6)
677 5387 808 5442 Haec
829 5391 1007 5469 erant
1034 5389 1199 5461 apud
1228 5392 1631 5469 Ephrgemium
1661 5411 1717 5469 vi
1752 5396 1921 5449 t0t65
1944 5410 2109 5469 ssq‘q.

464 5453 695 5539 absque
743 5459 946 5539 nptitia
967 5453 1167 5517 tanien
1186 5453 1352 5535 quod
1381 5464 1902 5539 Contostephanus
1929 5453 2115 5537 per'ié-

464 5527 553 5605 rit,
565 5527 721 5605 bello
756 5530 1083 5605 Corcyraeo.

536 5599 651 5672 (t7)
668 5602 835 5659 Hunc
858 5599 1061 5663 locum
1073 5603 1147 5663 de
1164 5605 1371 5667 Isaacii
1398 5607 1604 5681 Angeli
1626 5607 2112 5682 promotionibus

2308 3388 2478 3453 ις’.Τί
2500 3385 2558 3441 ὃε
2585 3392 2676 3440 καὶ
2706 3387 2972 3449 Ἰσαοξκιος
3000 3388 3025 3439 6
3055 3384 3301 3458 Ἀγγελος
3343 3385 3504 3458 (17);
3550 3384 3608 3438 ού
3663 3385 3814 3456 χωρὶς

2232 3480 2410 3540 πάσης
2431 3478 2603 3538 αἰτίας
2628 3477 2839 3549 εὐλόγου
2888 3482 2978 3528 καί
3036 3484 3312 3538 κανονικῆς
3374 3474 3549 3535 αἰτίας
3591 3476 3674 3526 τὸν
3718 3479 3812 3525 Κα-

2232 3570 2466 3642 ματηρὸν
2496 3574 2587 3619 τοῦ
2634 3569 2815 3641 θρόνον
2869 3569 3256 3641 παρακινήσας,
3306 3568 3547 3622 Νικήταν
3598 3565 3680 3615 τὸν
3731 3580 3812 3612 σα-

2233 3658 2492 3731 κελλείριον
2519 3659 2695 3725 ἔθετο;
2744 3657 2889 3729 Οὐχί
2934 3663 3114 3709 τοῦτον
3173 3652 3323 3716 αὖθις
3366 3658 3439 3715 ὡς
3495 3653 3645 3726 ἀφελῆ
3706 3669 3809 3723 μετ,

2233 3744 2463 3798 ἐνιαυτὸν
2520 3746 2617 3797 οἷνα
2667 3748 2999 3817 καταγαγὼν,
3053 3749 3137 3796 τόν
3214 3745 3515 3801 θεοτοκίτην
3590 3745 3809 3794 Λεόντιον

2230 3836 2570 3909 πατριάρχην
2613 3838 2937 3899 πεποίηκενς
2983 3835 3037 3885 ὃν
3088 3836 3177 3885 καὶ
3240 3835 3540 3890 θεοτοκίτην
3596 3829 3807 3893 ἐκάλεσε,

2233 3920 2689 3997 διαϐεϐαιούμενος
2741 3928 2835 3982 τὴν
2879 3927 3131 3975 Θεοτόκον
3166 3920 3553 3994 ἐμφανισθῆναί
3609 3920 3675 3986 οἱ,
3731 3920 3810 3969 καὶ

2230 4013 2525 4087 προστάξαι
2581 4018 2815 4072 Νικὴταν
2863 4016 2951 4084 μὲν
2998 4010 3250 4080 καθελεῖν,
3294 4014 3538 4063 Λεόντιον
3578 4006 3638 4062 δὲ
3713 4004 3809 4058 ἀντ’

2231 4102 2389 4155 αὐτοῦ
2421 4110 2492 4173 τῷ
2526 4104 2688 4176 θρόνῳ
2711 4100 3142 4172 ἐγκαταστῆσαι;
3195 4100 3339 4171 Ούχί
3398 4096 3552 4163 αὖθις
3594 4102 3677 4151 τὸν
3729 4098 3808 4168 μέν

2232 4196 2469 4244 Λεόντιον
2510 4198 2600 4244 τοῦ
2639 4193 2819 4265 θρόνου
2861 4190 3059 4257 ἐξέωσε,
3106 4198 3198 4250 τῆς
3238 4193 3500 4242 Θεοτόκού
3556 4189 3693 4258 αύτῷ
3730 4187 3809 4235 καὶ

2229 4280 2381 4333 πάλιν
2443 4288 2595 4333 τοῦτο
2648 4287 2871 4338 ποιῆσαι
2934 4275 3314 4351 διαταξαμένης
3400 4278 3805 4354 ἰσχυριζόμένος.

2229 4372 2314 4421 τόν
2367 4368 2732 4443 Ἱεροσολύμων
2813 4364 2874 4419 δέ
2955 4369 3195 4419 Δοσίθεον
3279 4375 3375 4428 τῆς
3437 4368 3806 4420 Κωνσταντίνον

2231 4460 2484 4532 ἰεράρχην
2529 4455 2830 4525 atri-saeuiat;
2905 4456 3042 4510 Ἐπεί
3082 4454 3141 4510 δε
3218 4459 3243 4509 6
3304 4459 3608 4529 γογγυσμὸς
3662 4452 3807 4511 πολύς

2227 4553 2345 4620 περί
2391 4551 2578 4600 τούτου
2630 4552 2923 4619 γεγένηται,
2973 4546 3102 4617 οὐχὶ
3161 4551 3251 4598 καὶ
3309 4549 3572 4611 Δοσίθεος,
3634 4545 3803 4596 τούτου

2226 4639 2371 4690 ἕνεκα
2442 4644 2533 4689 τοῦ
2612 4638 2792 4709 θρόνον
2870 4635 3165 4707 ἀποπεσὼν,
3253 4638 3422 4709 ἔτερος
3514 4633 3800 4696 ποεϐλήθἬ

2225 4732 2379 4781 Πέντε
2421 4735 2544 4801 γοῦν
2592 4727 2727 4779 οὕτω
2769 4728 3109 4802 πατριάρχας
3166 4733 3260 4789 τῆς
3322 4729 3705 4780 Κωνσταντίνον
3778 4727 3801 4769 6

2220 4818 2477 4878 Ἰσαάκιος
2541 4820 2860 4875 κατέστησεν
2906 4815 2953 4867 ἐν
2993 4819 3207 4889 χρόνοις
3242 4814 3397 4878 ἐννέα,
3454 4815 3543 4875 οὖς
3590 4816 3674 4864 καὶ
3746 4804 3800 4865 ἦν

2225 4906 2548 4979 βασιλεύσας
2574 4905 2765 4967 αὐτός·
2813 4905 2949 4977 λόγῳ
2993 4908 3082 4976 μὲν
3132 4910 3222 4957 καὶ
3286 4899 3575 4964 κανονικοῖς
3631 4897 3797 4971 ἐγκλή-

2223 5014 2382 5067 μασιν
2421 4991 2668 5066 ούὸαμὼς
2714 4992 2886 5054 ἁπλῶς
2945 4989 3003 5046 δὲ
3046 4993 3216 5064 οἰκείῳ
3268 4992 3514 5065 θελήματι
3566 4993 3653 5041 καὶ
3704 4986 3800 5058 69i-

2224 5084 2318 5150 ξει,
2373 5086 2458 5135 τὸν
2502 5085 2593 5155 μεν
2640 5085 2901 5154 κατάγων,
2951 5081 3037 5135 τὸν
3087 5078 3137 5134 6"
3193 5080 3415 5154 ἀνάγων.
3495 5084 3595 5133 Καὶ
3674 5080 3799 5148 ὅμως

2223 5168 2397 5236 οὐδείς
2448 5175 2663 5243 τούτων,
2712 5176 2741 5231 ἦ
2795 5180 2893 5225 τῶν
2962 5167 3039 5223 δι’
3111 5170 3276 5222 αὐτῶν
3349 5168 3797 5244 χειροτονηθέντων

2225 5394 2550 5476 εθρρριίιιξ
2572 5393 3134 5476 Pel‘tqrbqtjpnibus
3150 5390 3561 5476 ecclesiasticis
3587 5382 3797 5476 profert

2225 5482 2291 5523 ex
2302 5461 2592 5524 methodio
2606 5468 2812 5522 nostro
2828 5465 3073 5522 Allatius
3087 5466 3317 5522 Contra
3337 5461 3591 5535 Creygh.
3611 5468 3790 5514 exere.

2222 5554 2354 5600 xvu,
2373 5553 2432 5612 p.
2458 5541 2581 5595 330.
2601 5538 2745 5595 Rem
2766 5541 2971 5597 narrat
2993 5536 3175 5596 etiam
3200 5535 3571 5609 Ephraemius
3593 5547 3641 5587 v.
3664 5526 3792 5585 60m

2221 5624 2359 5684 sqq.
