4084 6206
23 0 38 390 Ι.
290 303 393 360 θοι

1489 299 1580 356 DE
1621 296 2002 362 SCHISMATE
2037 299 2363 358 VlTANDO.

3547 306 3654 365 802

290 421 509 486 ἅδεκτος
539 431 603 497 τῇ
657 423 942 497 Ἐκκλησιᾳ
980 426 1274 498 γεγένηται.
1306 421 1388 478 Τὸ
1441 421 1502 477 δε
1532 420 1600 484 δὴ
1635 423 1890 478 ἀστειότε-

2008 428 2237 498 prOpter
2258 425 2506 482 brevem
2536 423 2770 498 imperii
2785 422 2918 497 ejus
2941 423 3282 498 periodum.
3319 427 3434 486 Sed
3453 429 3528 487 de
3554 431 3651 488 his
3688 477 3693 483 .

287 534 397 590 ρον,
447 513 641 586 μᾶλλον
685 510 744 567 δὲ
787 513 1110 588 ἀτιμότερον,
1151 516 1228 566 ὃτι
1275 515 1458 574 πάντες
1506 514 1634 575 ἔζων
1681 516 1730 566 ἐν
1779 521 1891 575 ταῖς

1996 514 2308 571 hactenus.
2341 516 2509 570 Nunc
2540 513 2658 571 alia
2688 513 3000 572 subtexere
3029 514 3245 587 placet.

265 605 508 678 ,ἡμέραις
557 603 847 671 Ἰσαακίου,
925 600 1020 656 διὰ
1062 607 1120 656 τό
1175 601 1535 676 ὀλιγοχρόνιον
1616 605 1763 676 τάχα
1813 601 1861 655 ἓν
1917 611 1981 676 τῇ
2042 601 2184 679 ἀρχῇ
2258 603 2415 655 αὐτόν
2485 605 2822 675 γεγενῆσθαι.
2884 607 2984 657 Καὶ
3018 609 3136 679 περὶ
3178 608 3268 678 μὲν
3321 610 3517 660 τούτων
3566 607 3652 664 ἐπὶ

284 699 558 747 τοσοῦτον.
591 687 724 745 Ὧδε
755 687 814 744 δι
838 697 928 746 καὶ
952 698 1118 745 ταῦτα
1144 693 1492 767 προστίθημι.

357 780 445 842 ιζ’.
507 780 748 854 Μάξιμος
804 782 831 834 6
887 791 986 834 τῶν
1035 780 1399 858 Ἰεροσολύμων
1451 784 1584 857 ἱερός
1632 779 1890 856 πρόεδρος

287 873 378 921 καὶ
409 869 762 942 όμολογητὴς,
809 867 988 930 ἐπειδή
1037 867 1256 924 σύνοδον
1301 873 1609 948 συνήθροισε
1648 876 1887 937 τοπικὴν,

284 962 374 1010 καὶ
431 961 522 1011 τόν
579 963 742 1032 μέγαν
795 958 1132 1014 Ἀθανάσνιον
1190 961 1260 1022 εἰς
1307 965 1547 1014 κοινωίαν
1600 956 1811 1023 ἐδέξατο
1840 959 1893 1022 ἐξ

284 1044 612 1120 Ἀντιοχείας
655 1046 956 1124 ἐρχόμενον,
1007 1055 1097 1103 καὶ
1147 1054 1242 1109 τὴν
1299 1050 1480 1104 ἑαυτοῦ
1531 1049 1678 1104 πόλιν
1733 1069 1890 1102 καταο

279 1133 454 1189 λαϐεῖν
502 1135 816 1211 σπεύδοντα,
863 1134 1136 1212 δεξάμενον
1161 1135 1268 1198 ἤδη
1314 1138 1363 1191 ἐν
1417 1139 1718 1212 Ἀντιοχείᾳ
1762 1140 1891 1212 πρὸς

282 1233 372 1278 τοῦ
427 1224 685 1300 βασιλέως
751 1233 1113 1282 Κωνσταντίου
1169 1233 1263 1288 τὴν
1309 1235 1400 1282 τοῦ
1457 1229 1646 1282 οἰκείου
1711 1229 1891 1302 θρόνου

280 1311 606 1388 ἐκχώρησιν,
667 1312 936 1380 διαϐολαῖς
1005 1326 1097 1370 τοῦ
1153 1322 1464 1393 Καισαρείας
1543 1317 1893 1377 Παλαιστίνης

282 1403 540 1457 Εὐσεϐίου
611 1406 744 1478 (18),
821 1414 915 1459 τοῦ
999 1407 1190 1460 οἰκείου
1273 1409 1453 1481 θρόνου
1530 1406 1888 1472 ἐκπεπτωκὼς,

283 1489 534 1565 ἀνάγεται
583 1495 650 1556 εἰς
707 1495 865 1548 αὐτόν
917 1493 1126 1570 σπουδῇ
1187 1503 1278 1549 τοῦ
1331 1497 1491 1549 αὐτοῦ
1549 1499 1889 1572 Καισαρείας,

286 1582 536 1656 Κύριλλος
579 1586 608 1636 6
644 1587 954 1658 θαυμάσιος,
1001 1586 1056 1647 ὃς
1102 1591 1190 1639 καὶ
1236 1594 1333 1648 τῆς
1385 1586 1587 1662 Ἀρείου
1647 1589 1894 1660 αἱρέσεως

282 1674 341 1724 τὸ
375 1676 626 1746 πρότερον
665 1669 922 1748 διάπυρος
957 1673 1181 1748 ἐραστὴς
1375 1680 1475 1728 Καὶ
1521 1683 1674 1728 τοῦτο
1735 1673 1893 1736 δῆλον

281 1764 373 1814 καί
402 1759 457 1824 ἔξ
484 1763 646 1815 ἄλλων
675 1767 766 1836 μὲν
824 1763 1046 1836 πολλῶν,
1081 1763 1186 1836 οὐχ
1217 1761 1370 1822 ἧττον
1407 1761 1467 1817 δὲ
1519 1770 1610 1818 καί
1652 1772 1743 1818 τοῦ
1781 1768 1895 1820 Μά-

285 1847 436 1923 ξιμον
465 1854 557 1924 μὶν
596 1855 655 1904 τό
693 1853 969 1924 ὀμοούσιον
1024 1851 1376 1928 πρεσϐεύοντα
1431 1861 1523 1906 τοῦ
1578 1855 1760 1927 θρόνου
1813 1853 1896 1911 ἐκ.

281 1947 482 2009 πεσεῖν,
544 1939 791 2016 Κύριλλον
851 1938 910 1994 δε
965 1945 1096 2016 πρὸς
1143 1942 1419 2016 Ἀρειανών
1474 1946 1585 1995 αντὶ
1647 1944 1892 2018 Μαξίμου

281 2037 614 2089 καταστῆναι
673 2026 929 2105 πρόεδρον
972 2040 1068 2092 τῆς
1123 2032 1274 2103 ἁγίας
1331 2037 1478 2087 Σιών.
1539 2036 1694 2104 Λέγει
1755 2029 1814 2086 δὲ
1869 2035 1894 2085 6

284 2121 512 2181 Νύσσης
554 2121 682 2180 θεῖος
728 2124 1012 2192 Γρηγόριος
1061 2118 1110 2172 ἐν
1161 2128 1235 2190 τῷ
1293 2121 1363 2182 εἰς
1413 2125 1509 2180 τὴς
1568 2118 1894 2194 ἀνακομιδήν

282 2210 539 2281 Στεφάνου
621 2216 713 2261 τοῦ
779 2211 1224 2284 πρωτομάρτυρος
1274 2209 1412 2282 λόγῳ
1496 2211 1611 2282 (19)
1666 2211 1823 2272 οὕτως
1877 2231 1892 2246 ο

286 2320 315 2348 ‹‹
355 2296 454 2350 Ἢν
509 2294 568 2352 δε
641 2299 667 2350 6
698 2297 944 2374 Κύριλλος
990 2299 1047 2352 ἐκ
1105 2298 1442 2372 μεταμελείας
1492 2307 1565 2371 τῷ
1625 2302 1893 2374 ὁμοουσίῳ

283 2389 646 2462 προσθέμενος.
710 2409 732 2438 ι
785 2385 953 2450 Οὗτος
1031 2393 1119 2441 καὶ
1173 2387 1222 2440 ἐν
1279 2396 1342 2461 τῇ
1405 2385 1625 2462 δευτέρᾳ
1688 2386 1893 2462 συνόδῳ

287 2485 461 2551 παρῆν
511 2478 637 2553 ὑπὲρ
691 2485 783 2531 τοῦ
833 2477 989 2551 ὀρθοῦ
1045 2476 1418 2552 ἀγωνιζόμενος
1472 2475 1894 2552 δόγματοςοκοιὶ

292 2569 690 2641 συγγράμματα
763 2563 822 2620 δε
863 2566 1082 2620 πλεῖστα
1141 2572 1231 2620 καὶ
1291 2569 1470 2630 πάσης
1515 2568 1757 2641 ὠφελείας
1811 2574 1890 2640 γέ-

287 2675 452 2727 μοντα
492 2663 524 2729 ᾖ
605 2664 706 2708 τῶν
778 2652 1084 2730 ὀρθοδόξων,
1149 2655 1510 2710 καταλελοιπεν
1582 2656 1888 2716 Ἐκκλησία.

288 2745 456 2807 Οὗτος
496 2744 556 2798 οὐ
601 2749 754 2820 μόνον
805 2745 900 2798 οὐκ
965 2743 1257 2808 ἀπόϐλητος
1317 2751 1494 2819 γέγονε
1532 2755 1604 2819 τῷ
1653 2747 1893 2807 ἐπιϐῆναι

286 2842 378 2887 τοῦ
459 2836 664 2908 θρόνου,
723 2837 798 2887 ἔτι
862 2835 1145 2897 ζῶντόςτοῦ
1207 2838 1342 2911 ἱεροῦ
1413 2836 1656 2910 Μαξίμου
1700 2844 1790 2890 καὶ
1843 2837 1894 2890 ἐν

288 2924 460 2999 ἑξορίᾳ
515 2925 643 2998 ὑπὲρ
711 2931 804 2976 τοῦ
870 2924 1027 2999 ὀρθοῦ
1078 2922 1355 2997 διάγοντος
1399 2925 1580 2998 λόγου,
1631 2925 1758 2979 ἁλλὰ
1803 2933 1893 2980 καὶ

2081 785 2162 837 l7.
2217 779 2780 854 Hierosolymorum
2835 781 3179 855 patriarcha
3229 787 3286 840 et
3342 784 3654 843 confessor

2000 869 2312 935 Maximus,
2325 873 2670 943 postquam,
2684 874 3046 942 congregata
3058 870 3367 928 Palaestina
3388 873 3624 944 synodo
3636 917 3650 942 ,

1999 971 2294 1027 magnum
2315 957 2714 1015 Athanasium
2743 958 3056 1016 Antiochia
3084 959 3418 1031 profectum
3470 967 3653 1036 atque

2000 1045 2080 1103 ad
2112 1061 2286 1103 suam
2314 1046 2528 1104 urbem
2551 1047 2936 1104 accedentem
2961 1049 3022 1104 in
3051 1049 3542 1107 communionem
3555 1068 3654 1108 ac-

2001 1134 2177 1206 cepit,
2207 1135 2312 1206 qui
2333 1134 2462 1207 jam
2516 1135 2824 1192 decretum
2891 1137 3218 1193 Constantii
3273 1138 3652 1210 imperatoris

2001 1227 2216 1280 nactus
2237 1229 2364 1280 erat
2389 1224 2737 1292 Antiochiae,
2765 1241 2888 1298 quo
2911 1225 3052 1283 sede
3085 1242 3195 1284 sua
3215 1225 3650 1300 deponebatur,

2001 1317 2243 1385 propter
2267 1313 2506 1371 Eusebii
2543 1314 2920 1372 Caesariensis
2946 1315 3008 1370 in
3038 1315 3350 1374 Palaestina
3376 1317 3650 1391 episcopi

2001 1399 2356 1471 calumnias,
2381 1402 2510 1476 ipse
2534 1419 2779 1476 quoque
2798 1402 3086 1461 Maximus
3135 1405 3274 1462 sede
3297 1423 3408 1464 sua
3459 1395 3655 1464 detra-

2000 1487 2180 1562 hitur;
2242 1491 2544 1564 habetque
2575 1508 3011 1559 successorem,
3073 1492 3376 1552 adnitente
3436 1496 3652 1554 eodem

2003 1579 2370 1647 Cmsariensi,
2401 1580 2682 1653 Cyrillum
2726 1581 2896 1636 illum
2927 1580 3266 1648 miriﬁcum,
3333 1584 3438 1656 qui
3475 1591 3656 1642 antea

2003 1668 2269 1726 fervidus
2297 1669 2418 1726 Arii
2447 1669 2676 1727 assecla
2702 1670 2914 1728 fuerat:
2943 1686 3078 1742 quae
3102 1687 3198 1726 res
3226 1687 3368 1728 cum
3413 1673 3655 1732 aliunde

2004 1763 2258 1827 constat,
2282 1763 2409 1816 tum
2440 1759 2582 1816 inde
2607 1761 2806 1831 etiam,
2851 1760 3018 1834 quod
3065 1761 3355 1818 Maximus
3403 1763 3633 1822 homou

2004 1847 2213 1904 sianus
2244 1848 2474 1905 honore
2503 1849 2720 1905 excidit
2750 1847 3006 1921 Cyrillus
3037 1854 3241 1906 autem
3290 1851 3369 1908 ab
3424 1853 3656 1910 Arianis

2005 1936 2086 1994 ad
2111 1942 2331 1994 sanctte
2353 1937 2520 1993 urbis
2558 1937 2974 2010 pontiﬁcatum
3025 1945 3342 2011 promotus
3389 1947 3480 1999 est
3543 1957 3655 2014 pro

2005 2025 2276 2083 Maximo.
2311 2029 2489 2084 Porro
2527 2027 2702 2082 divus
2725 2027 3039 2097 Gregorius
3069 2031 3373 2099 Nyssenus
3415 2029 3477 2086 in
3526 2047 3657 2088 ora-

2004 2115 2164 2172 tione
2190 2115 2264 2172 de
2279 2115 2666 2188 reliquiarum
2685 2116 2968 2188 Stephani
2987 2119 3444 2190 protomarytris
3465 2124 3654 2176 trans-

2003 2201 2242 2274 latione,
2307 2205 2392 2260 sic
2449 2207 2574 2261 ait:
2617 2227 2639 2254 »
2686 2203 2934 2276 Cyrillus
2988 2209 3130 2278 post
3179 2207 3652 2280 resipiscentiam

2003 2292 2370 2349 vocabulum
2394 2293 2739 2351 homousion
2766 2293 3141 2352 admittebat.
3167 2319 3189 2346 ε
3216 2295 3320 2352 Hic
3373 2299 3653 2355 secundae

2004 2379 2185 2438 etiam
2207 2397 2476 2454 praesens
2506 2383 2742 2455 synodo
2781 2387 2946 2440 recto
3006 2383 3289 2455 dogmate
3339 2387 3648 2456 pugnavit:

2003 2473 2060 2524 et
2081 2468 2342 2542 plurima
2369 2475 2550 2545 atque
2579 2472 2892 2530 utilissima
2913 2471 3136 2544 scripta
3160 2473 3507 2530 orthodoxae
3550 2479 3651 2531 Ec-

2003 2557 2196 2614 clesiae
2227 2559 2482 2633 reliquit.
2509 2561 2641 2618 Jam
2670 2575 2814 2618 vero
2832 2560 2930 2616 hic
2985 2561 3235 2634 Cyrillus
3289 2579 3411 2618 non
3459 2565 3654 2620 solum

2002 2646 2266 2705 Ecclesia
2291 2649 2518 2720 ejectus
2555 2665 2679 2707 non
2709 2653 2821 2716 est,
2855 2656 3175 2722 propterea
3224 2652 3385 2723 quod
3446 2653 3652 2709 sedem

2001 2738 2435 2810 occupavisset,
2463 2739 2698 2796 vivente
2727 2738 2926 2796 adhuc
2970 2740 3226 2797 Maximo
3275 2743 3492 2798 etrecti
3553 2744 3656 2800 do-

2003 2827 2220 2898 gmatis
2250 2843 2436 2885 causa
2448 2828 3180 2895 exsulante,verumetiam
3206 2828 3656 2888 laudatissimus

2003 2913 2308 2988 fuitatque
2338 2922 2673 2988 pergratus:
2706 2932 2970 2990 namque
2983 2917 3286 2974 ethuncin
3307 2923 3654 2977 sanctorum

287 3011 555 3076 ἐπαινετὸς
610 3016 745 3066 πάνυ
803 3018 892 3066 καὶ
930 3010 1238 3076 ἁπόδεκτος·
1301 3015 1387 3067 ἕνα
1435 3018 1535 3090 γὰρ
1576 3025 1674 3068 τῶν
1732 3016 1892 3089 ἁγίων

2008 3018 2257 3062 numero
2288 3005 2549 3063 Ecclesia
2571 2989 2881 3063 recensere
2920 3005 3225 3076 gloriatur.

296 3103 325 3158 ἠ
359 3101 651 3160 Ἐκκλησία
678 3107 768 3156 καὶ
789 3110 970 3156 τοῦτον
997 3102 1299 3156 πλουτοῦσα
1324 3107 1644 3176 σεμνύνεται,

360 3190 454 3251 ιη’.
503 3195 567 3246 Τί
613 3188 673 3244 δι
723 3197 812 3245 καὶ
845 3193 1084 3255 Μελέτιος
1121 3195 1147 3244 6
1189 3196 1350 3266 μέγας
1379 3191 1427 3244 ἓν
1475 3193 1829 3266 ὀμολογηταῖς
1877 3216 1890 3265 ;

294 3279 352 3332 οὐ
395 3279 706 3344 Σεϐαστείας
760 3287 851 3335 καί
898 3280 1138 3357 Βεῤῥοίας
1194 3291 1290 3344 τῆς
1349 3285 1488 3335 κατὰ
1543 3287 1747 3357 Συρίαν,
1805 3289 1896 3336 καὶ

293 3369 582 3426 τελευταῖον
630 3370 951 3442 Ἀντιοχείας
1006 3378 1097 3432 τῆς
1161 3371 1391 3444 μεγάλης
1439 3374 1526 3424 τόν
1585 3373 1760 3444 θρόνον
1811 3392 1894 3425 πι-

297 3463 531 3513 στεύεται
604 3463 735 3536 πρὸς
805 3460 1078 3534 Ἀρειανῶν
1126 3477 1141 3528 ;
1184 3461 1243 3513 οὐ
1303 3463 1660 3537 συμπράκτωρ
1719 3462 1899 3525 αὐτοῖς

293 3551 382 3599 καὶ
423 3551 815 3618 συναγωνιστὴς
854 3544 936 3614 ἦν,
975 3552 1066 3600 καὶ
1118 3550 1184 3601 τὰ
1241 3544 1498 3601 δοκοῦντα
1549 3549 1727 3612 αὐτοῖς
1769 3569 1896 3624 κρα-

293 3637 461 3688 τύνειν
510 3635 774 3707 ἠπείγετο,
830 3638 902 3698 οἷς
957 3641 1047 3690 καὶ
1095 3639 1184 3690 τόν
1238 3636 1438 3708 ὑψηλόν
1484 3645 1664 3691 τοῦτον
1722 3641 1896 3712 θρόνον

299 3719 505 3788 δίκαιος
566 3724 743 3801 ἄκριθη
797 3725 1011 3795 λαϐεἰνς
1051 3731 1150 3781 Καὶ
1201 3730 1302 3804 γάρ
1338 3747 1470 3791 τινες
1519 3737 1611 3782 τοῦ
1650 3731 1896 3804 ὑμετέρου

292 3819 618 3888 φρονήματός
655 3834 779 3868 ποτε
849 3816 919 3878 εἰς
980 3815 1166 3888 λόγους
1235 3816 1460 3879 ἐλθόντες
1495 3816 1642 3891 ἐμοὶ,
1712 3815 1898 3872 διαϐε-

292 3903 594 3977 ϐαιούμενοι
623 3907 845 3976 ἔφασκον
883 3905 995 3978 μεθ’
1021 3907 1148 3966 ὅσης
1185 3907 1246 3959 ἄν
1299 3926 1376 3968 τις
1431 3910 1565 3960 εἴποι
1621 3915 1716 3970 τῆς
1773 3907 1898 3961 ἁπο-

289 3998 454 4061 νοίας,
523 3997 603 4046 ὅτι
673 3993 911 4048 Μελέτιον
962 3997 1050 4046 τόν
1102 3995 1449 4068 Ἀντιοχείας,
1508 4001 1763 4071 Γερμανόν
1809 4000 1898 4050 τὸν

291 4082 641 4156 όμολογητήν,
687 4089 776 4136 καί
826 4082 1056 4158 Πρόκλον
1109 4086 1196 4136 τόν
1278 4083 1333 4136 ἐκ
1400 4089 1630 4148 Κυζίκου
1681 4105 1898 4159 μετατε-

293 4173 446 4225 θέντα
494 4172 562 4234 εἰς
600 4171 747 4226 πόλιν
793 4177 888 4232 τὴν
937 4170 1346 4246 βασιλεύουσαν,
1412 4179 1502 4226 καὶ
1553 4178 1648 4227 σὺν
1699 4178 1900 4237 τούτοις

292 4263 582 4335 Γρηγόρίον
653 4265 740 4314 τὸν
817 4261 1062 4333 Θεολόγον
1117 4267 1308 4335 φωνὴν,
1377 4265 1509 4335 μετὰ
1584 4260 1898 4339 διακρίσεως

2079 3183 2162 3237 18.
2197 3181 2351 3248 Quid
2372 3198 2550 3256 porro
2581 3197 2842 3253 magnus
2872 3179 3024 3238 inter
3074 3185 3446 3244 confessores
3489 3187 3654 3245 Mele-

2004 3277 2152 3332 tius?
2176 3277 2383 3331 Nonne
2435 3271 2739 3339 Sebastiaa,
2789 3279 2846 3332 et
2890 3292 3035 3334 mox
3117 3278 3410 3336 Berrhoeoe
3467 3279 3650 3350 Syraa,

2002 3370 2308 3441 postremo
2338 3363 2663 3420 Antiochiae
2677 3380 2918 3436 magna:
2931 3383 3136 3426 sacras
3161 3367 3384 3424 infulas
3396 3367 3475 3424 ab
3488 3367 3654 3424 Aria-

2003 3458 2098 3514 nis
2109 3455 2376 3528 accepit?
2390 3469 2592 3511 nonne
2603 3453 2695 3510 his
2707 3454 2834 3527 ipse
2856 3455 3093 3514 favebat
3110 3457 3500 3530 navabatque
3515 3471 3657 3529 ope-

2004 3563 2138 3605 ram
2157 3548 2186 3604 ‘2
2198 3559 2399 3602 nonne
2422 3544 2642 3600 horum
2672 3543 2889 3616 placita
2898 3547 3141 3604 ﬁrmare
3155 3546 3488 3617 satagebat,
3508 3561 3655 3618 quo-

2005 3652 2143 3693 rum
2169 3635 2377 3692 favore
2427 3633 2811 3706 pontificatus
2865 3636 3100 3708 apicem
3172 3635 3426 3708 adeptus
3474 3636 3657 3691 erat?

2005 3728 2423 3782 Verumtamen
2449 3721 2700 3794 quidam
2722 3727 2931 3780 vestras
2944 3732 3119 3781 sectae
3131 3725 3404 3782 homines
3415 3738 3657 3782 mecum

2007 3812 2418 3887 colloquentes
2448 3828 2688 3868 summa
2713 3828 2853 3869 eum
2875 3814 3119 3872 stultitia
3161 3813 3568 3882 afﬁrmabant,
3593 3827 3658 3869 se

2007 3903 2256 3977 quidem
2277 3902 2568 3959 Meletium
2598 3903 2926 3959 Antiochiae
2981 3904 3360 3976 episcopum,
3420 3905 3658 3958 Germa-

2007 4008 2158 4048 num
2234 3991 2658 4059 confessorem,
2728 3991 3008 4048 Proclum
3066 3992 3264 4064 Cyzico
3302 3989 3658 4048 translatum

2009 4077 2606 4151 Constantinopolim,
2622 4077 2919 4151 simulque
2934 4079 3280 4150 Gregorium
3291 4076 3658 4148 Theologum

2008 4168 2362 4240 exceptione
2411 4167 2680 4240 quadam
2700 4171 2757 4223 et
2805 4168 2981 4240 quasi
3030 4167 3288 4238 gratiose
3343 4168 3658 4240 episcopos

2010 4271 2357 4329 agnoscere,
2388 4271 2514 4312 non
2539 4263 2740 4313 tamen
2771 4261 2836 4312 ut
2861 4256 3473 4330 genuinosprtesules.
3497 4259 3659 4312 Itane

290 4353 431 4404 κατὰ
471 4353 634 4426 χάριν
679 4345 968 4424 δεχόμεθα,
1018 4349 1127 4403 ἁλλ’
1157 4351 1262 4423 οὐχ
1292 4353 1360 4412 ὡς
1388 4357 1616 4423 γνησίως
1647 4351 1894 4427 ἀρχιερα-

2008 4363 2118 4405 vos
2145 4346 2343 4403 cuncti
2366 4345 2898 4418 reapsejudicatis,
2922 4362 3002 4403 an
3032 4347 3230 4418 potius
3267 4362 3372 4403 eos
3429 4346 3534 4418 qui
3573 4347 3659 4402 sic

291 4441 599 4503 τεύσαντας.
629 4439 748 4512 Ἆρ’
783 4438 870 4493 οὖν
908 4447 1061 4493 τοῦτο
1091 4436 1238 4492 δοκεῖ
1278 4445 1370 4492 καὶ
1423 4447 1582 4494 πᾶσιν
1636 4443 1757 4515 ὑμῖν
1788 4459 1802 4510 ;
1833 4441 1899 4496 Ἦ

295 4532 418 4590 τοὺς
456 4527 689 4592 εἰπόντας
727 4524 999 4590 δυσσεϐῶς
1048 4535 1216 4580 ταῦτα
1269 4533 1360 4581 καὶ
1404 4529 1546 4602 ὑμῶν
1603 4531 1789 4583 ὁπόσοι
1837 4533 1903 4583 τὰ

298 4617 410 4668 θεῖά
463 4613 579 4668 ἕστε
661 4613 1040 4688 εὐλαϐέστεροι,
1093 4619 1430 4684 καταπτυετε,
1489 4619 1558 4679 ὡς
1613 4619 1783 4689 ἡμεῖς,
1841 4621 1900 4670 τό

300 4704 458 4766 σέϐας
499 4713 604 4768 τοίς
628 4705 797 4777 ἁγίοις
828 4709 1163 4780 προνέμοντες
1211 4704 1268 4757 οὖ
1315 4705 1430 4758 κατ’
1488 4696 1684 4758 οἰκείαν
1736 4709 1899 4781 χάριν

297 4791 421 4848 οὐδὲ
461 4791 752 4868 διάκρισιν,
797 4793 906 4847 ἀλλ’
939 4797 1006 4856 ὡς
1057 4798 1296 4866 γνησίοις
1353 4801 1444 4855 τῆς
1500 4793 1742 4858 ἀληθείας
1772 4815 1900 4869 προ-

297 4885 535 4948 στάταις,
585 4888 675 4936 καὶ
719 4887 952 4956 νομίμως
978 4888 1072 4941 τήν
1133 4882 1439 4940 Ἐκκλησίαν
1499 4885 1894 4958 ίερατεύσασιν;

299 4972 436 5028 Ἀλλ’
493 4975 615 5047 ὅπερ
698 4975 789 5045 μεν
853 4976 978 5047 πρός
1028 4971 1172 5024 τοῦθ’
1227 4967 1384 5045 ὑμεῖς
1429 4973 1570 5045 ἔχειν
1625 4971 1894 5045 βούλεσθε,

296 5063 449 5116 αὐτοὶ
506 5061 569 5114 ἂν
623 5058 800 5121 εἰδῆτε
841 5081 855 5096 ·
913 5063 942 5120 ἡ
975 5062 1077 5134 γὰρ
1135 5067 1227 5114 τοῦ
1285 5067 1420 5119 Θεοῦ
1472 5060 1758 5120 Ἐκκλησία
1778 5061 1896 5134 (20)

293 5155 550 5226 γνησίους
586 5152 884 5228 προστάτας
920 5155 1010 5203 καὶ
1059 5143 1386 5214 διδασκάλος
1441 5154 1531 5203 καὶ
1581 5153 1896 5226 προμάχους

367 5347 480 5430 (18)
511 5351 638 5432 [mo
691 5348 1478 5432 Acqcii..Anonymus_vero
1499 5347 1895 5404 Baroccianus

297 5421 565 5546 episcopi
595 5421 970 5478 Caesariensis
996 5433 1219 5475 nomen
1243 5421 1465 5474 reticet.

302 5561 336 5572 __
368 5493 481 5564 (l9)
513 5507 573 5572 _n
603 5496 878 5572 sanctum
893 5489 1263 5572 Stephanum
1277 5488 1660 5572 dugeexstant
1689 5487 1897 5572 lapda-

299 5560 796 5636 tionesNysseni:
828 5577 953 5619 una
978 5560 1047 5636 in
1067 5560 1279 5636 priscis
1309 5560 1690 5636 editionibus,
1711 5560 1897 5636 altera

303 5649 375 5693 ex
396 5631 602 5695 codice
630 5635 912 5696 Vaticano
941 5649 979 5693 ο,
998 5631 1392 5706 οΙὶΖειοειεηὶο
1442 5631 1621 5694 edita.
1669 5631 1896 5694 Neutra

2009 4435 2340 4506 irreligiose
2368 4434 2716 4508 loquuntur,
2763 4451 2869 4492 vos
2928 4451 3173 4510 quoque
3237 4438 3534 4508 quotquot
3576 4433 3660 4507 pii

2011 4525 2172 4596 estis,
2193 4525 2325 4597 pari
2353 4524 2672 4581 nobiscnm
2699 4529 3047 4598 contemptu
3071 4525 3434 4581 aversamini
3464 4540 3479 4592 ;
3522 4539 3659 4580 san-
3691 4531 3695 4536 ‘

2011 4620 2137 4672 ctos
2167 4621 2369 4671 autem
2389 4615 2500 4670 hos
2511 4613 2788 4670 homines
2799 4615 3180 4671 veneratione
3201 4613 3652 4686 prosequimini,

2009 4721 2134 4762 non
2157 4703 2502 4776 exceptione
2526 4703 2798 4776 quadam
2829 4707 2887 4759 et
2905 4702 3081 4776 quasi
3110 4703 3387 4774 gratiose,
3438 4701 3547 4758 sed
3594 4706 3659 4758 ut

2008 4809 2180 4852 veros
2209 4807 2422 4865 reapse
2458 4791 2720 4859 veritatis
2745 4796 3055 4864 patronos,
3088 4791 3504 4861 legitimosque
3552 4792 3656 4846 Ec-

2008 4882 2200 4939 clesiaa
2225 4880 2534 4937 ministros
2559 4881 2587 4934 ?
2612 4879 3192 4952 Verumtamenquid
3203 4878 3464 4934 hacinre
3479 4893 3656 4948 agerc

2004 4970 2218 5040 velitis,
2246 4969 2361 5043 ipsi
2384 4969 2633 5026 demum
2677 4968 3031 5026 constituite.
3061 4967 3161 5023 Dei
3190 4966 3438 5040 quidem
3468 4965 3658 5024 Eccle-

2006 5061 2098 5118 sia
2116 5058 2434 5133 praedictos
2464 5058 2621 5115 viros
2645 5072 2756 5114 ceu
2784 5056 3079 5128 genuinos
3111 5055 3420 5124 antistites,
3477 5061 3655 5114 rectae

2003 5153 2224 5207 nostra:
2243 5147 2384 5205 fidei
2413 5146 2732 5218 magistros
2767 5161 2839 5204 ac
2871 5144 3220 5203 defensores
3255 5144 3479 5218 ubique
3499 5159 3655 5217 pree-

2005 5349 2208 5403 tamen
2235 5342 2499 5419 loquitur
2517 5342 2593 5401 de
2631 5341 3018 5419 translatione
3056 5339 3447 5419 reliquiarum
3486 5340 3648 5412 ejus:

2051 5433 2191 5474 uare
2206 5413 2337 5474 nec"
2350 5416 2531 5473 verba
2562 5433 2598 5473 a
2621 5414 2916 5474 Methodio
2939 5415 3121 5473 citata
3145 5413 3208 5470 iri
3245 5415 3316 5470 iis
3351 5413 3650 5485 leguntur.

2051 5433 2191 5474 uare
2206 5433 2316 5474 nec
2350 5433 2531 5473 verba
2562 5433 2598 5473 a
2621 5433 2916 5474 Μθιῐιοαιο
2939 5433 3121 5473 01ῐᾶιᾶ
3145 5433 3208 5470 1n
3245 5433 3316 5470 llS
3351 5433 3650 5485 leguntur.

2003 5433 2283 5562 guperest
2310 5504 2451 5560 ergo
2482 5493 2546 5544 ut
2574 5488 2745 5546 tertia
2771 5487 3025 5560 Nysseni
3078 5486 3269 5546 oratio
3325 5485 3399 5542 de
3423 5488 3478 5543 S.
3533 5486 3652 5543 Ste-

2002 5559 2209 5633 phano
2224 5559 2313 5633 de
2320 5563 2571 5633 tegatur.

2075 5633 2190 5706 ('20)
2216 5629 2601 5694 Deest—'szln
2611 5637 2703 5688 σία
2727 5631 2793 5692 in
2829 5629 3053 5692 codice.

4067 1861 4069 1886 Α

4068 1895 4069 1910 ι

4067 1979 4069 1996 t

4067 2169 4069 2198 γ

4067 2261 4069 2316 i

4067 2335 4069 2364 <

4067 2469 4069 2496 ι

4067 2533 4069 2570 1
