2042 3103
221 164 273 192 803
646 155 813 186 METEODII
831 152 991 183 MONACHI
1010 143 1055 180 DE
1075 149 1266 181 SCHISMATE
1285 152 1456 181 VITANDO.

221 224 420 260 dicat,eisque
440 221 591 257 gloriatur;
602 222 690 256 atque
699 217 837 247 itavincit
855 223 972 245 omnem
987 215 1044 260 haz-

1100 219 1146 241 τοῦ
1169 215 1246 252 ὀρθοῦ
1271 219 1317 245 τῆς
1342 215 1401 241 καθ’
1426 215 1498 251 ἡμᾶς
1520 215 1634 245 πίστεως
1659 213 1738 249 λόγου
1763 215 1903 249 πανταχοῦ

221 271 321 303 resim,
341 259 490 296 ethorum
506 265 579 293 freta
593 263 765 299 magisterio
789 264 878 298 atque
901 259 1046 295 exemplis

222 314 365 342 malitiam
386 312 504 339 illorum
520 311 675 338 aversatur
687 316 722 336 ac
742 306 847 343 procul
865 305 977 341 abjicit,
992 303 1045 340 qui

221 359 278 387 sub
298 357 447 393 religionis
466 356 590 384 obtentu
609 354 744 382 ﬁdelium
772 359 881 388 corpus
911 350 1045 378 nituntur

221 402 396 432 discindere.

259 494 300 520 19.
319 490 408 519 Divus
419 491 496 517 certe
513 488 744 524 Chrysostomus
754 486 792 513 de
815 484 917 513 Meletii
947 482 1046 511 Antio-
1071 489 1076 495 ·

223 536 308 564 cheni
323 534 455 570 episcopi
470 533 562 561 sacris
577 531 717 560 manibus
732 530 830 566 primo
853 528 977 565 quidem
1004 535 1047 554 re-

223 579 421 615 generationis
437 585 557 606 sacrum
569 577 736 608 lavacrum,
752 577 856 610 postea
870 573 1047 601 diaconatus

222 632 342 660 quoque
349 621 604 659 accepitordinem
612 627 799 656 quanquam,
814 617 908 654 probe
923 615 1048 660 sciebat,

222 659 367 703 magnum
382 665 566 694 Eustathium
577 665 606 692 in
626 664 729 692 exsilio
739 664 815 691 inter
836 661 981 698 plurimas
993 659 1048 687 mi-

222 712 313 740 serias
323 712 447 742 vnrsari,
464 712 550 738 recte
565 708 635 736 ﬁdei
650 715 754 736 causa.
780 709 806 734 [s
822 706 911 735 etiam
934 707 1048 732 utrum-

223 765 282 793 que
304 754 532 784 laudationibus
554 753 718 785 exornavit,
734 751 890 783 Meletium,
912 750 1047 785 inquam,

224 803 312 836 atque
330 795 867 830 Eustathium,rixarumindecentium
879 794 1049 821 stultarum-

224 853 282 881 que
291 847 517 872 contentionum
526 844 676 870 amatores
689 840 831 877 praeclare
841 842 1046 867 contemnens.

1101 261 1209 291 τούτους
1237 259 1431 297 προϐαλλομένη
1457 260 1619 296 σεμνύνεται,
1648 260 1694 284 καὶ
1729 261 1788 294 νικᾷ
1813 262 1903 284 πᾶσαν

1101 305 1200 341 αἵρεσιν
1231 307 1277 330 καὶ
1311 307 1399 330 πᾶσαν
1427 306 1564 330 κακόνοιαν
1595 308 1646 329 τῶν
1671 303 1696 329 έν
1724 305 1902 340 προσχήματι

1101 349 1230 379 εὐλαϐείας
1256 351 1420 385 κατατέμνειν
1451 350 1480 375 τό
1506 352 1556 375 τῶν
1581 352 1680 375 πιστῶν
1712 352 1789 384 σῶμα
1816 357 1901 373 σπου-

1101 391 1150 422 δήν
1162 394 1309 430 τιθιμένων,
1325 397 1383 424 ταῖς
1402 395 1500 420 τούτων
1524 391 1658 429 διδαχαῖς
1671 402 1699 419 τε
1718 395 1763 418 καὶ.
1775 392 1901 430 πράξεσιν

1101 437 1293 475 ἀποτρεπομένη
1308 438 1451 475 καίπόρρω
1466 437 1616 474 βάλλουσα.

1138 482 1181 511 ιθ’.
1195 482 1225 509 ’0
1240 485 1327 519 μέντοι
1347 493 1376 519 γι
1400 484 1466 513 θεῖος
1494 484 1686 519 Χρυσόστομος
1705 485 1763 513 ταῖς
1775 481 1902 509 Μελετίου

1101 531 1146 553 τοῦ
1174 527 1338 563 Ἀντιοχείας
1369 530 1463 564 χερσὶν
1490 528 1569 564 ἱεραῖς
1599 528 1722 564 πρότερον
1741 528 1786 563 μὲν
1805 527 1835 552 τὸ
1856 531 1904 557 τῆς

1101 571 1301 607 παλιγγενεσίας
1332 573 1397 598 θεῖον
1425 572 1542 609 λουτρὸν,
1586 571 1692 608 ὕστερον
1726 569 1756 597 δέ
1781 573 1829 600 τὴν
1858 575 1903 600 τῆς

1103 614 1238 647 διακονίας
1277 619 1439 653 χειροτονίαν
1467 618 1539 653 ἰερῶς
1579 614 1687 652 δέχεται
1712 625 1719 632 ·
1747 617 1791 641 καὶ
1821 618 1904 641 ταῦτα

1104 660 1177 691 ιίδὼς
1206 663 1249 687 τὸν
1273 664 1353 698 μέγαν
1378 662 1522 688 Εὖστάθιον
1549 661 1573 687 ἓν
1603 661 1689 698 ἒξορίᾳ
1703 661 1838 691 πλείσταις
1865 661 1904 686 ὅτι

1103 708 1235 732 κακώσεσι
1264 706 1478 742 προσπαλαίοντα
1501 710 1547 736 τῆς
1575 705 1655 741 ὀρθῆς
1678 707 1750 732 ἕνεκα
1777 708 1904 739 πίστεως,

1103 750 1131 780 ὂς
1163 753 1207 776 καὶ
1249 750 1405 788 ἀμφοτέρους
1442 750 1580 787 ἐγκωμίοις
1620 750 1737 786 ίτίμησε,
1781 749 1904 777 Μελέτιον

1104 792 1209 824 δηλαδή
1235 797 1279 821 καὶ
1306 795 1461 830 Εὗστάθιον,
1497 795 1555 825 τοῦς
1583 794 1743 832 ὶρεσχελίαις
1780 794 1906 831 ἀσέμνοις

1103 842 1147 865 καὶ
1163 841 1289 876 ματαίαις
1301 840 1454 866 ἐνστάσεσιν
1481 843 1585 877 χαίρειν
1605 839 1737 870 ὶθίλοντας
1760 840 1906 877 θιοφρονως

225 897 279 917 nec
290 896 349 916 non
365 888 545 922 excogitatas
564 886 604 914 ab
628 881 802 913 hominibus
832 883 1044 919 appellationes

1103 883 1311 921 ἀποῤῥιψάμενος
1335 886 1383 910 σὺν
1413 889 1472 915 ταῖς
1508 884 1534 915 ἐξ
1559 883 1700 922 ἀνθρώπων
1729 883 1902 920 ἐπωνυμίαις,

224 936 327 961 contra
341 934 484 960 decorum
501 934 590 967 atque
604 930 749 958 ofﬁcium.
773 928 887 964 Quippe
907 927 948 955 illi
963 926 1048 955 Mele-

224 978 321 1006 tianos
329 976 522 1012 appellabant
533 974 721 1003 adversarios
736 981 818 1006 suos;
833 972 864 1000 hi
876 979 979 1000 rursus
993 972 1047 998 Eu-

224 1021 388 1049 stathianos
395 1020 459 1047 illos
469 1018 676 1051 voeitabant.0
682 1027 725 1045 uae
738 1017 850 1050 ﬂagitia
856 1016 1048 1044 doctissimus

223 1073 344 1102 quoque
354 1072 445 1092 sacrae
462 1064 502 1092 rei
509 1062 632 1091 Basilius
635 1061 818 1099 jampridem
824 1061 987 1093 detestans,
994 1060 1048 1088 ﬂa-

224 1111 345 1147 gitiosos
358 1109 566 1137 miserabatur.
581 1109 676 1140 Quare
685 1109 712 1135 et
719 1107 757 1135 ad
764 1113 910 1141 magnum
918 1105 1049 1133 Athana-

225 1156 304 1182 sium
320 1154 361 1182 sic
379 1153 528 1181 scribebat
547 1161 553 1180 ε
569 1163 579 1177 ‹
603 1151 765 1180 Antiochia:
781 1150 906 1178 morbus
935 1157 1048 1185 magno

226 1200 337 1228 medico
352 1199 474 1233 indiget:
490 1199 555 1233 ejus
570 1197 649 1225 enim
665 1194 968 1224 Ecclesizeetsivitalia
975 1202 1049 1222 sana

225 1247 303 1278 sunt,
312 1243 411 1271 vultus
424 1246 525 1270 tamen
538 1241 697 1269 laceratur.
708 1250 722 1266 ι»
731 1239 813 1268 Idem
820 1239 850 1267 in
858 1239 917 1267 alia
923 1238 1049 1275 epistola.

225 1288 286 1316 ait:
303 1299 317 1312 ‹‹
341 1289 399 1322 Ego
426 1286 570 1315 Meletium
591 1293 653 1313 non
669 1286 796 1320 ignoro:
817 1291 872 1312 usa
900 1286 945 1311 est
967 1283 1048 1311 enim

225 1333 436 1361 communione
450 1331 514 1367 ejus
529 1330 658 1358 Ecclesia
669 1338 746 1363 mea,
762 1329 896 1357 etadhuc
909 1328 1011 1362 utitur,
1020 1329 1048 1356 et

225 1385 293 1406 cum
308 1377 423 1404 Domini
439 1375 534 1410 gratia
546 1375 687 1411 deinceps
706 1376 813 1402 utetur.
830 1383 844 1398 ››
874 1374 907 1401 Et
926 1373 957 1400 in
977 1372 1045 1400 alia:

237 1433 251 1446 «
266 1421 294 1449 Si
308 1428 423 1451 omnes,
441 1418 561 1447 omissis
576 1417 826 1451 contentionibus,
851 1416 967 1445 homini
995 1416 1047 1444 Dei

225 1466 336 1494 Meletio
352 1465 546 1492 adhzererent.
567 1474 581 1488 ››
593 1462 697 1490 Adhuc
709 1462 740 1490 in
765 1462 832 1490 alia:
850 1473 861 1487 ι
876 1461 927 1489 [lla
951 1461 1045 1489 Eccle-

225 1511 275 1538 size
282 1510 418 1538 membra
431 1516 496 1537 esse
513 1507 770 1544 judicamus,quae
779 1506 987 1541 cum,homine
995 1505 1045 1534 Dei

225 1555 336 1582 Meletio
353 1554 512 1581 cohaerent.
529 1564 543 1577 »
556 1554 587 1580 Et
609 1560 723 1580 rursus:
748 1563 762 1576 ‹‹
791 1553 912 1587 Oportet
938 1558 1044 1579 omnes
1060 1565 1079 1592 ρ

224 1600 262 1627 ad
279 1599 430 1627 hominem
453 1597 502 1625 Dei
517 1596 663 1625 Meletium
678 1604 710 1624 se
725 1596 921 1632 adjungere.«
936 1597 1044 1632 Repre-

222 1644 334 1671 hensus
347 1645 445 1670 autem
461 1641 589 1670 anescio
603 1649 675 1677 quo,
691 1641 732 1669 ita
746 1648 778 1668 se
795 1640 936 1668 defendit:
956 1651 966 1664 ι
984 1641 1045 1675 Ego

222 1688 384 1716 Antiochiae
398 1687 573 1722 episcopum
585 1685 655 1713 novi
661 1685 812 1713 neminem
822 1684 878 1712 nisi
887 1684 1043 1713 Meletium.

223 1735 322 1768 Neque
343 1731 466 1759 omnino
480 1731 523 1758 sic
537 1730 620 1758 dixit.
632 1729 715 1766 quod
722 1729 1043 1765 Eustahiumrejiceret,

223 1777 275 1804 sed
286 1780 315 1804 ut
330 1784 382 1804 eos
397 1775 541 1802 refelleret
559 1773 813 1810 confunderetque
832 1774 885 1809 qui
900 1773 1045 1802 Meletium

222 1829 283 1849 non
299 1820 490 1855 recipiebant:
508 1818 596 1846 simul
608 1818 709 1853 etiam,
725 1818 798 1854 quia
812 1818 837 1845 is
861 1818 978 1845 interim
994 1819 1045 1846 Ec-

222 1865 345 1893 clesiam
359 1864 479 1891 tenebat
490 1863 683 1899 regebatque,
691 1862 764 1890 dum
773 1862 942 1890 Eustathius
954 1862 984 1890 in
995 1871 1044 1890 ex—

223 1909 287 1937 silio
299 1908 384 1936 otiari
398 1907 572 1942 cogebatur.
590 1908 727 1935 Fortasse
751 1907 841 1935 etiam
870 1907 916 1934 bis
944 1907 1044 1936 verbis

222 1953 355 1982 dolorem
371 1952 486 1980 Arianis
499 1952 616 1980 inurere
626 1952 731 1981 voluit.

257 2000 300 2028 20.
313 2000 382 2032 Hoc,
395 1998 529 2034 inquam.
543 1997 650 2025 saltem
661 1997 834 2034 exemplum
844 1999 977 2034 spectare
989 2005 1044 2025 vos

220 2045 379 2081 oporteret,
394 2050 491 2079 neque
500 2044 584 2070 tanta
599 2041 855 2070 inconsiderantia
887 2042 1043 2078 repudiare

220 2089 441 2116 sanctissimum
467 2087 641 2123 Josephum,
683 2087 857 2123 praclarum
893 2087 1043 2123 religionis

220 2136 328 2162 nostris
344 2133 461 2166 ducem,
477 2140 659 2168 sacrumque
674 2134 809 2159 nostrum
829 2132 1041 2168 patriarcham.

221 2178 345 2205 Etalium
353 2176 509 2213 quemdam
515 2175 731 2212 perepistolam
738 2176 907 2204 admonens
913 2184 1043 2212 magnus

221 2222 354 2256 Basilius,
368 2222 503 2249 hortatur
515 2221 667 2249 utomissa
673 2221 869 2249 schismatum
881 2220 1041 2255 discordia,

220 2267 364 2294 Meletium
376 2268 532 2302 sequatur.
548 2265 606 2293 Sed
618 2273 671 2293 cur
683 2264 770 2301 plura
784 2265 884 2292 dicam
909 2265 923 2292 Τ
938 2267 1041 2293 Nonne

218 2311 266 2339 hic
281 2319 409 2345 magnus
422 2310 545 2338 Basilius
559 2310 781 2346 presbyteratus
798 2309 934 2337 ordinem
951 2318 969 2338 a
984 2311 1040 2338 Me-

219 2356 288 2383 letio
302 2355 455 2391 suscepit?
472 2354 568 2389 Legite
586 2353 714 2382 Socratis
739 2353 971 2382 ecclesiasticam
996 2355 1040 2382 Hi-

219 2401 351 2433 storiam,
364 2401 494 2436 itemque
505 2399 608 2435 magni
624 2398 722 2427 Basilii
734 2397 828 2426 Vitam
837 2399 876 2426 ab
887 2399 1040 2435 Amphilo-

217 2445 284 2473 chio
306 2445 450 2473 lconiensi
462 2444 612 2481 scriptam,
635 2446 667 2472 ut
692 2451 756 2471 rem
786 2444 984 2479 cognoscatis.
1007 2446 1039 2473 in

218 2490 279 2516 Vita
292 2497 413 2525 quoque
428 2488 522 2517 sancti
536 2488 655 2516 Antonii
670 2488 807 2517 scribitur
821 2488 914 2517 2'Fide
939 2492 1039 2518 autem

218 2532 402 2563 admirabilis
415 2535 478 2561 erat
488 2533 634 2562 Antonius
645 2534 673 2561 et
686 2540 809 2570 prorsus
830 2533 1015 2563 orthodoxus
1031 2544 1038 2564 :

252 2642 307 2685 (2‘0)
323 2642 410 2672 Aliter
423 2651 494 2685 mort
507 2641 595 2685 d_iv_us
611 2641 766 2685 antonjus,
778 2647 826 2675 cui
841 2643 1040 2685 Hieronymus

216 2683 316 2708 noster
323 2689 376 2707 con
382 2683 469 2708 sonat
479 2681 508 2708 in
516 2681 644 2716 Epistola
650 2682 689 2709 ad
696 2682 868 2713 Damasum:
890 2681 960 2713 Νογῖ
971 2687 1041 2714 novi

216 2717 350 2753 Vitalem.
366 2716 514 2753 Mne/etiam
529 2724 646 2752 respuo,
661 2718 763 2753 ignoro
775 2719 950 2748 Paulinum.
965 2721 1038 2749 Con-

216 2752 279 2788 sule
294 2752 469 2787 Catalogum
485 2752 695 2788 episcoporum
721 2754 975 2784 Antiochenornm
1007 2757 1038 2785 in

216 2787 329 2828 collect.
338 2789 400 2829 val.
418 2790 437 2815 t.
454 2787 605 2829 inputari,
621 2797 651 2826 p.
671 2791 711 2829 t5.
733 2791 799 2818 Haec
828 2793 871 2829 est
894 2791 1037 2821 nimirum

217 2823 435 2859 episcopalium
442 2823 638 2854 schismatum
643 2827 751 2855 natura
756 2829 789 2855 ut
794 2826 902 2855 veritas
910 2830 1038 2857 rectum-

1102 928 1132 958 ἆς
1151 930 1242 964 σφίσιν
1257 930 1351 961 ἔθεντο,
1372 931 1405 959 ὡς
1423 931 1459 965 μὴ
1480 928 1573 965 ὤφελον
1591 939 1598 945 ·
1623 930 1647 954 οἱ
1671 930 1716 964 μὶν
1741 930 1792 965 γὰρ
1820 928 1904 955 Μελε-

1101 975 1201 1003 τιανούς
1233 975 1292 1004 τοὺς
1324 972 1577 1010 ἀντιδιατιθεμένους
1604 973 1738 1010 ὠνόμαζον
1764 983 1771 990 ·
1794 973 1906 1004 τούτούς

1104 1015 1207 1048 δἀὗθις
1221 1017 1311 1044 ἐκεῖνοι
1327 1018 1523 1050 Εὖσταθιανοὺς
1544 1017 1649 1044 ἐκάλουν
1675 1028 1681 1035 ’
1704 1021 1787 1044 ταῦτα
1805 1015 1836 1044 δὲ
1858 1020 1905 1044 καὶ

1103 1062 1116 1088 ὀ
1142 1062 1221 1093 πολὺς
1247 1064 1279 1089 τά
1301 1064 1357 1090 θεῖα
1387 1064 1519 1094 suam;
1545 1065 1668 1100 πρότερον
1697 1064 1903 1100 μυσαττόμενος,

1103 1108 1162 1137 τοὺς
1193 1108 1344 1143 πάσχοντας
1370 1108 1488 1137 κατηλέει
1516 1118 1523 1125 ο
1547 1106 1590 1134 διὸ
1604 1110 1650 1134 καὶ
1673 1109 1738 1145 πρὸς
1761 1109 1804 1134 τὸν
1820 1109 1904 1144 μὶγαν

1104 1151 1214 1189 ἔγραψεν
1239 1153 1394 1179 Ἀθανάσιον
1421 1154 1520 1184 οὕτως·
1549 1164 1559 1179 ι
1590 1155 1630 1180 Τὰ
1653 1154 1704 1191 γὰρ
1731 1157 1779 1184 τῆς
1804 1153 1904 1180 ’Δντιο-

1103 1199 1181 1231 χείας
1206 1196 1400 1235 ἀρρωστήματα
1432 1197 1543 1235 μεγάλου
1571 1199 1641 1229 τινὸς
1668 1197 1759 1235 ἰατροῦ
1785 1195 1902 1224 δέονταν

1103 1241 1161 1272 ἣτις
1185 1245 1245 1279 περὶ
1260 1244 1293 1268 τὰ
1319 1245 1411 1280 καίρια
1437 1243 1602 1279 ὑγιαίνουσα,
1626 1244 1686 1280 περὶ
1712 1243 1745 1268 τὰ
1771 1245 1902 1279 πρόσωπα

1104 1286 1238 1321 σχίζεται.
1254 1297 1269 1312 ν)
1283 1286 1313 1313 Ὀ
1332 1287 1408 1318 αὐτὸς
1421 1289 1467 1313 καὶ
1493 1287 1518 1313 ἒν
1541 1287 1604 1324 ἄλλῃ
1630 1289 1697 1323 φησί
1723 1290 1773 1312 τῶν
1797 1286 1901 1313 ἕπιστο-

1101 1329 1150 1355 λῶν
1185 1339 1192 1347 ·
1220 1341 1235 1355 ‹‹
1256 1331 1325 1367 Ἐγὼ
1349 1329 1379 1357 δὲ
1399 1331 1519 1358 Μελὲτιον
1547 1331 1595 1358 οὐκ
1622 1330 1716 1367 ἀγνοῶ,
1740 1329 1795 1357 ἀλλ’
1822 1331 1899 1367 ἔσχεν

1101 1374 1178 1400 αὐτὸν
1202 1375 1217 1404 ἡ
1251 1374 1297 1412 ὶμὴ
1318 1375 1471 1409 Ἐκκλησία,
1498 1378 1543 1402 καὶ
1567 1377 1624 1412 ἷχει
1649 1376 1808 1409 κοινωνικὸν,
1837 1374 1900 1401 ἀλλὰ

1100 1422 1145 1445 καὶ
1164 1419 1201 1451 εἰς
1218 1421 1247 1446 τὸ
1281 1419 1337 1452 ἑξῆς
1354 1421 1403 1452 ἕξει
1428 1422 1522 1458 χάριτι
1546 1424 1593 1447 τοῦ
1615 1423 1712 1458 Κυρίου
1728 1431 1735 1438 ·
1760 1431 1775 1446 ››
1804 1423 1850 1447 καὶ
1876 1419 1900 1446 ιν

1100 1463 1163 1501 ἄλλῃ
1178 1475 1185 1482 ·
1200 1476 1214 1489 ››
1239 1465 1270 1491 Εἰ
1298 1467 1326 1492 τὸ
1359 1466 1499 1502 φιλόνεικον
1526 1466 1644 1503 ἀφέμενοι
1667 1467 1759 1496 πάντες
1788 1475 1899 1501 προστε-

1100 1509 1163 1535 θεῖεν
1177 1513 1213 1545 τῷ
1228 1509 1353 1547 ἀνθρώπῳ
1366 1515 1411 1536 τοῦ
1426 1514 1493 1538 Θεοῦ
1507 1510 1618 1546 Μελετίῳ
1636 1519 1642 1527 ⁸
1654 1521 1669 1536 n
1691 1512 1736 1536 καὶ
1760 1509 1785 1536 ἓν
1812 1509 1875 1547 ἄλλῃ
1892 1517 1899 1526 ·

1098 1565 1113 1580 ‹‹
1140 1557 1221 1592 Μέρος
1246 1555 1401 1586 Ἐκκληοίας
1425 1555 1505 1582 ἐκεῖνο
1535 1558 1663 1594 κρίνομεν,
1691 1557 1721 1582 τό
1744 1558 1899 1593 προσκείμε-

1098 1608 1139 1625 νον
1162 1604 1198 1635 τῷ
1227 1599 1353 1636 ἀνθρώπῳ
1378 1604 1425 1627 τοῦ
1449 1604 1516 1628 Θεοῦ
1542 1600 1666 1637 Μελετίῳ,
1691 1611 1706 1625 ›)
1729 1600 1900 1637 Ἐγκαὶούμε-

1098 1653 1141 1674 νος
1156 1641 1185 1670 δὶ
1212 1646 1277 1682 πρός
1299 1654 1376 1680 τινος,
1400 1644 1565 1682 ἀπολογεῖται
1594 1647 1640 1671 καί
1668 1654 1748 1681 φησιν
1771 1654 1778 1660 ο
1804 1656 1819 1670 ‹‹
1844 1645 1898 1672 Οὔκ

1099 1686 1161 1714 οἴδα
1198 1688 1338 1715 ἐπίσκοπον
1369 1688 1532 1726 ’Ἀντιοχείας
1568 1690 1650 1727 ἕταρον
1685 1689 1708 1716 εἰ
1750 1691 1787 1726 μὴ
1816 1689 1898 1716 Μελέ-

1097 1742 1152 1759 τιον
1161 1733 1231 1771 (21).
1245 1744 1259 1758 n
1287 1736 1337 1761 Καὶ
1358 1735 1458 1765 πάντως
1483 1734 1530 1761 οὐκ
1555 1733 1761 1771 ἀποϐαλλόμενος
1784 1736 1828 1760 τόν
1852 1734 1899 1761 Εὖ-

1100 1778 1204 1804 στάθιον
1232 1782 1308 1804 τοῦτο
1332 1780 1440 1816 ιῖρηκει,
1467 1778 1531 1806 ἀλλὰ
1558 1781 1760 1817 προτρεπόμενος
1778 1781 1824 1805 καὶ
1857 1780 1897 1805 ἓν-

1098 1823 1195 1858 τρέπων
1211 1824 1270 1853 τοὺς
1288 1826 1324 1860 μὴ
1351 1822 1582 1861 παραδέχομὲνους
1607 1824 1729 1851 Μελέτιον
1756 1834 1763 1840 ⁸
1786 1824 1843 1860 οἶμα
1868 1821 1897 1850 δε

1098 1869 1143 1892 καὶ
1162 1868 1197 1897 ὡς
1212 1869 1305 1894 τοὺτου
1324 1871 1371 1897 τήν
1396 1868 1552 1898 Ἐκκλησίαν
1583 1870 1645 1899 τέως
1671 1870 1826 1904 κατέχοντος
1852 1869 1896 1894 καὶ

1099 1911 1236 1946 ἰθύνοντος,
1265 1912 1413 1939 Εὗτσαθίου
1438 1912 1575 1950 ἀργοῦντος
1604 1912 1628 1939 ἄν
1657 1912 1744 1950 ἐξορίᾳ
1770 1923 1777 1930 ·
1810 1914 1848 1939 ἔτι
1868 1911 1897 1939 δι

1097 1956 1190 1992 ἄγχων
1209 1959 1269 1988 τοὺς
1288 1956 1314 1989 ἐξ
1328 1957 1429 1995 ’Λριίου
1442 1962 1478 1994 τῷ
1492 1957 1602 1996 ῥήματι.

1132 2000 1165 2031 κ’,
1180 2000 1213 2027 Ὃ
1225 2000 1271 2035 δή,
1284 2004 1329 2029 καὶ
1344 2002 1366 2028 εἰ
1389 2005 1425 2039 μή
1443 2012 1467 2029 τι
1488 2002 1560 2036 ἄλλο,
1583 2001 1647 2029 ἀλλὰ
1672 2002 1719 2029 κᾶν
1747 2006 1824 2029 τοῦτο
1844 2000 1897 2029 ἔδει

1099 2049 1203 2072 σκοπεῖν
1238 2049 1283 2072 καὶ
1318 2048 1386 2083 ὑμᾶς
1416 2057 1422 2064 ·
1455 2050 1500 2074 καὶ
1532 2049 1566 2085 μὴ
1592 2046 1792 2084 ἀποπέμπεσθαι
1818 2047 1897 2077 οὕτως

1097 2089 1209 2127 ἀκρίτως
1231 2093 1274 2117 τόν
1302 2096 1348 2122 τῆς
1375 2093 1500 2130 ἡμετέρας
1527 2092 1610 2123 καλῶς
1638 2093 1825 2130 προίστάμινον
1855 2092 1895 2118 εὖ-

1099 2134 1197 2166 σεϐείας
1212 2135 1355 2171 ἁγιώτατον
1381 2136 1486 2174 Ἰωσὴφ,
1507 2139 1551 2163 τὸν
1578 2138 1642 2174 ἱερὸν
1671 2138 1743 2174 ἡμῶν
1768 2137 1895 2174 πατριάρο

1095 2189 1159 2215 χην.
1191 2183 1241 2207 Καὶ
1269 2180 1337 2217 ἄλλῳ
1367 2180 1398 2208 δέ
1420 2191 1473 2208 τινι
1500 2185 1628 2219 παραινῆν
1657 2179 1695 2208 δι’
1723 2181 1894 2212 ἐπιστολῶςὸ

1095 2226 1174 2260 μέγας
1198 2224 1337 2259 Βασίλειος,
1364 2225 1485 2263 ἀφέμενον
1515 2229 1562 2255 τὴν
1591 2230 1640 2252 τῶν
1657 2227 1815 2263 σχισμάτων
1843 2226 1893 2263 ἔριν

1095 2270 1269 2306 προστεθῆναι
1304 2270 1417 2306 Μιλετίῳ
1453 2270 1664 2307 παρακελεύεται,
1704 2273 1754 2297 Καὶ
1793 2273 1820 2297 τί
1854 2268 1895 2297 δεῖ

1094 2313 1214 2340 πλειόνων
1229 2315 1291 2351 ἡμῖν
1308 2314 1399 2351 ;Οὖχὶ
1419 2315 1497 2347 αὐτὸς
1519 2316 1594 2346 οὗτος
1617 2316 1629 2341 ὁ
1658 2317 1736 2352 μέγας
1760 2315 1893 2345 Βασίλειος

1093 2359 1165 2395 παρά
1185 2362 1231 2385 τοῦ
1255 2358 1375 2387 Μελετίου
1400 2361 1446 2388 τήν
1478 2364 1526 2386 τῶν
1549 2359 1728 2396 πρεσϐυτέρων
1753 2361 1809 2394 (22)
1836 2369 1892 2395 χει-

1093 2405 1208 2439 ροτονίαν
1234 2402 1339 2435 ἐδέξατο
1364 2412 1371 2437 ;

1094 2446 1314 2477 ἐκκλησιαστικὴν
1335 2451 1474 2486 Ἱστορίαν,
1500 2451 1544 2475 καὶ
1561 2449 1734 2486 Ἀμφιλοχίου
1762 2452 1810 2475 τοῦ
1831 2449 1892 2475 Ἰκο-

1093 2501 1148 2517 νιου
1162 2491 1197 2522 εἰς
1211 2494 1254 2518 τὸν
1274 2494 1332 2518 Βίον
1351 2496 1397 2518 τοῦ
1428 2492 1539 2529 μέγάλου
1554 2493 1701 2526 Βασιλείου,
1726 2495 1770 2519 καὶ
1789 2497 1870 2529 γνῶτε
1885 2502 1892 2510 ·

1405 2404 1547 2440 Ἀνάγνωτι
1580 2407 1628 2434 τήν
1669 2407 1715 2430 τοῦ
1743 2405 1893 2442 Σωκράτους

1093 2536 1186 2573 γράφει
1199 2539 1244 2563 καὶ
1257 2537 1290 2568 εἰς
1304 2539 1347 2563 τὸν
1363 2540 1420 2564 Βίον
1434 2541 1481 2564 τοῦ
1501 2538 1577 2575 ἁγίου
1608 2537 1745 2564 ’Δντωνίου
1777 2547 1784 2555 ·
1813 2550 1829 2565 ς(
1855 2540 1891 2572 Τῇ

1093 2655 1153 2691 que
1167 2644 1217 2686 ius
1231 2656 1310 2691 aegre
1325 2644 1529 2691 dignoscantur,
1543 2657 1599 2691 nec
1612 2644 1745 2691 nisi__fere
1759 2649 1891 2691 tempore

1093 2685 1278 2728 inclarescat,
1287 2685 1374 2728 quod
1382 2686 1493 2716 idcirco
1499 2687 1646 2715 Pindarus
1653 2685 1693 2715 ait
1705 2686 1840 2714 omnium
1849 2692 1891 2713 re-

1093 2730 1160 2750 rum
1175 2723 1436 2756 sapientissimum.

1129 2758 1184 2794 (22)
1200 2757 1262 2786 lmo
1277 2758 1441 2787 diaconum
1455 2758 1568 2787 factum
1581 2766 1600 2786 a
1614 2757 1725 2786 Meletio
1738 2756 1889 2794 ﬁlia—silium

1090 2791 1312 2857 ﬁgtgocrates
1323 2794 1376 2823 lib.
1392 2803 1430 2830 iv,
1443 2794 1490 2828 26,
1517 2797 1549 2823 ut
1563 2795 1640 2823 certe
1652 2793 1685 2822 in
1710 2791 1890 2822 editionibus

1102 2836 1208 2865 agitur.

1847 0 1990 32 ,με

1847 149 1902 179 ιρι.
1996 0 2022 188 l
