4084 6206
679 42 694 53 μ
717 38 816 68 ’.υέἰ

241 125 402 166 -ι

117 375 224 431 813
1334 369 1407 424 ΙΝ
1447 368 1503 425 S.
1543 361 1737 424 IOAN.

1889 361 2280 423 KASCENUM.

115 495 267 556 εὐθὺς
293 497 437 565 αὐτῷ
478 499 620 572 παρὰ
658 503 732 566 τῷ
780 501 895 564 Θεῷ
945 491 1218 565 παρρησία
1256 494 1575 565 παρέστησε,
1635 495 1724 542 καὶ
1759 494 1777 544 I

1889 490 1968 544 ius
1998 493 2176 560 atque
2215 494 2479 545 exortus.
2510 487 2615 543 Hic
2635 488 2794 543 enim
2836 488 3037 544 statim
3059 491 3239 560 atque
3266 488 3484 544 conﬁr-

115 590 214 641 τήν
273 583 460 637 ἐκεῖθεν
505 584 667 658 ἰσχὺν
725 581 1016 641 διεδήλωσε
1050 602 1064 614 ο
1097 584 1186 632 καὶ
1241 581 1374 639 ὅπως
1427 581 1476 630 ἐν
1516 578 1727 652 ἀπόροις

1889 583 1997 634 tata
2010 577 2300 633 memoria
2326 583 2584 633 mentem
2602 578 2676 632 ad
2691 578 3172 634 ratiocinandum
3189 579 3485 635 illumina-

121 670 311 725 δοῦναι
359 678 518 746 πόρον
553 676 724 736 ἱκανός
784 673 948 739 ἐστιν,
989 670 1077 722 ἅτε
1117 669 1269 740 ἕγγύς
1307 669 1372 718 ὡν
1425 672 1522 720 τοῦ
1570 675 1724 734 Θεοῦ,

1893 672 1932 732 t,
1987 666 2384 722 manifestavit
2441 667 2624 724 etiam
2666 674 2897 740 quanta
2948 668 3112 740 apud
3166 669 3488 724 Dominum

1835 755 2233 827 valeatgratia
2255 774 2268 823 ;
2285 755 2585 828 simulque
2599 757 2860 811 ostendit
2879 755 3190 828 quomodo
3208 774 3314 830 per
3329 757 3492 812 invia

121 870 212 912 τος
263 857 360 909 τὴν
409 848 721 904 δυναστείαν
779 850 878 914 ἀεὶ,
929 853 1019 900 καὶ
1070 853 1535 922 τερατουργοῡντος
1591 849 1730 916 μόνῳ

1889 845 2024 900 ossit
2045 845 2192 900 mihi
2223 845 2380 900 viam
2408 844 2637 915 aperire
2683 845 2803 900 Deo
2833 846 3145 916 proximus
3187 862 3256 902 ac
3310 845 3491 901 veluti

123 942 346 1011 νεύματι
376 941 442 990 τὰ
471 935 770 1014 παράδοξα.

1889 933 2186 999 eiﬁcatus;
2219 937 2354 998 Deo,
2374 933 2644 1004 inquam,
2679 934 2781 1006 qui
2814 951 2986 990 suam
3042 935 3103 989 in
3151 933 3354 989 arduis
3386 936 3492 989 im-

123 1028 486 1101 plicatisque
522 1028 777 1098 negotiis
803 1027 1060 1083 libenter
1093 1027 1350 1079 ostentat
1375 1021 1724 1094 potentiam,
1758 1025 1815 1076 et
1845 1021 1973 1078 solo
2006 1027 2157 1078 nutu
2178 1027 2371 1095 patrat
2398 1022 2709 1093 miracula,
2740 1024 3087 1096 opinionem
3118 1040 3362 1079 omnem
3393 1041 3492 1080 ex-

123 1117 422 1173 cedentia.

202 1205 271 1278 β.
307 1206 542 1278 ’Δπαίρω
567 1209 626 1257 τὸ
657 1205 837 1258 λοιπὸν
887 1205 997 1277 μετ’
1047 1204 1255 1268 αἰσίων,
1303 1203 1330 1253 ὃ
1390 1219 1539 1273 φασι,
1606 1219 1736 1271 συμ-

120 767 215 814 καὶ
256 765 392 823 θεῖος
417 763 531 824 ὅλος
565 767 855 836 γενόμενος,
909 766 1001 812 τοῦ
1054 759 1103 810 ἓν
1156 757 1456 830 ἀμηχάνοις
1503 753 1729 808 δεικνύν-

1917 1206 1969 1256 2.
1998 1202 2223 1257 Faustis
2253 1217 2395 1272 ergo
2423 1201 2702 1273 auspiciis
2725 1201 2910 1269 solvo,
2935 1207 2991 1258 et
3021 1202 3194 1258 claris
3216 1204 3275 1258 in
3307 1201 3494 1258 altum

1849 1290 2146 1360 provehor
2167 1289 2480 1362 plausibus
2506 1308 2518 1344 :
2553 1289 2792 1346 confido
2815 1293 3032 1346 etenim
3053 1292 3216 1364 quod
3239 1308 3496 1362 magnus

1848 1378 1944 1433 hic
1969 1378 2074 1448 vir,
2091 1379 2165 1433 de
2203 1394 2325 1450 quo
2357 1379 2958 1448 sermoneminstitui,
2985 1397 3289 1453 quemque
3333 1395 3496 1435 nunc

1850 1467 1995 1522 mihi
2007 1468 2288 1538 proposui
2301 1469 2361 1522 in
2373 1467 2572 1522 nobile
2589 1468 2875 1523 orationis
2893 1475 3338 1538 argumentum,
3357 1469 3470 1524 sub
3485 1500 3498 1508 -

1849 1554 2077 1610 sistenti
2101 1555 2162 1610 in
2183 1571 2244 1610 se
2275 1555 2464 1611 Verbo
2492 1556 2886 1628 increataeque
2915 1557 3016 1612 Dei
3055 1557 3361 1630 sapientiae
3392 1557 3497 1612 ad-

1852 1647 2042 1713 stans,
2063 1650 2120 1699 et
2149 1659 2286 1700 cum
2307 1643 2486 1700 beata
2516 1660 2586 1700 ac
2613 1662 2717 1718 per
2743 1647 3199 1723 seipsam.bona
3222 1646 3499 1702 Trinitate

1853 1748 2234 1798 conversans,
2276 1733 2371 1788 cui
2399 1733 2548 1789 dum
2577 1736 2805 1790 viveret
2833 1736 3059 1791 sincere
3091 1735 3331 1790 servivit
3373 1735 3503 1805 ejus

1641 1819 1746 1890 οὐχ
1781 1835 1822 1888 Β
1854 1821 2060 1894 quoad
2090 1823 2252 1878 licuit
2279 1823 2559 1893 imitator,
2586 1838 2710 1879 non
2739 1828 2972 1880 tantum
3018 1825 3290 1880 tolerabit
3335 1825 3503 1898 quod

133 1919 279 1975 ὅπως
331 1914 563 1977 ἀνέξεται
627 1918 685 1966 τὸ
749 1913 864 1965 κατ’
931 1912 1057 1984 ἐμὴν
1125 1910 1444 1981 εἰσφέροντος
1501 1905 1742 1979 δύναμιν,

1889 1927 1963 1966 »το
1994 1912 2424 1967 meatenuitate
2445 1912 2653 1983 offero,
2679 1929 2889 1968 verum
2908 1914 3088 1969 etiam
3115 1914 3213 1986 adj
3225 1914 3429 1970 uvabit
3449 1919 3504 1968 et

137 2003 274 2055 ἀλλὰ
321 2008 414 2054 καὶ
459 2001 720 2076 ἐπαρήξει,
775 2007 864 2054 καὶ
916 2009 1077 2075 χεῖρα
1124 1998 1371 2072 βοηθείας
1427 1997 1610 2069 ὀρέξει,
1659 2000 1749 2047 καὶ

1889 1999 2208 2055 .uxiliarem
2238 1999 2546 2056 dexteram
2569 2001 2850 2074 porriget,
2875 2001 3228 2074 felicemque
3256 2018 3502 2057 cursum

1859 2089 2150 2162 praebebit
2167 2089 2446 2156 sermoni,
2470 2095 2797 2159 etmecum,
2813 2090 2966 2147 utita
2977 2091 3196 2160 dicam,
3223 2091 3508 2164 suscipiet

1860 2183 2143 2235 conatum
2172 2177 2405 2234 effectui
2428 2179 2922 2252 mancipandum.
2948 2186 3069 2251 Age
3083 2197 3251 2252 ergo,
3283 2197 3509 2251 magna

1861 2267 1963 2324 fax
1991 2267 2252 2324 veritatis
2282 2271 2339 2323 et
2361 2267 2655 2324 luminare
2685 2270 3041 2339 cognitionis
3081 2271 3202 2338 Dei,
3262 2287 3507 2343 appare,

1863 2371 2184 2428 meamque
2229 2356 2562 2412 orationem
2618 2371 2779 2426 rege,
2824 2361 2881 2412 et
2937 2374 3060 2430 quo
3107 2358 3278 2414 decet
3317 2357 3510 2414 ﬂecte.

1863 2447 2008 2502 Hinc
2035 2462 2208 2501 meus
2235 2445 2364 2518 jam
2390 2445 2766 2519 incipiendus
2795 2451 2884 2503 est
2911 2447 3082 2503 labor
3111 2465 3123 2502 :
3150 2445 3272 2504 Deo
3311 2453 3516 2505 tamen

1865 2535 2031 2608 prius
2055 2536 2354 2601 invocato,
2389 2541 2452 2590 ut
2479 2551 2598 2604 me,
2631 2535 2835 2605 gloriae
2893 2541 3009 2592 tua:
3062 2553 3271 2604 causa,
3335 2552 3519 2609 supra

1867 2641 2038 2698 spem
2065 2640 2330 2693 omnem,
2362 2624 2612 2680 edoceat
2641 2626 2996 2697 sapientiam
3023 2645 3036 2694 ;
3091 2626 3344 2700 aliisque
3401 2627 3519 2684 fre-

1867 2713 2194 2786 quentibus
2225 2713 2362 2769 inte
2412 2712 2640 2769 collatis
2685 2714 3018 2770 honoribus
3050 2715 3291 2785 adjiciat
3341 2715 3521 2784 istud,

1870 2803 2035 2876 quod
2067 2803 2348 2858 ostendes
2363 2803 2425 2858 in
2443 2820 2539 2858 me
2558 2803 2925 2874 adjuvando,
2941 2805 3321 2860 miraculum.
3351 2807 3524 2877 Equi-

1872 2893 2012 2948 dem
2037 2892 2328 2948 licetante
2359 2907 2455 2947 me
2485 2891 2583 2947 alii
2639 2892 2912 2947 nonnulli
2968 2893 3059 2956 iis,
3099 2894 3202 2966 qui
3259 2893 3526 2948 divinam

1875 2984 2026 3039 sicut
2063 2987 2126 3038 tu
2156 2983 2675 3038 conversationem
2703 2981 3108 3052 excoluerunt,
3130 2988 3186 3038 et
3216 2999 3400 3055 supra
3420 2983 3529 3038 hu-

1877 3088 2071 3128 mana:
2093 3071 2225 3126 vitae
2260 3086 2542 3126 normam
2579 3071 2790 3126 elevati
2835 3076 3072 3126 terrena
3135 3072 3530 3127 deseruerunt

1873 3162 2075 3218 adhuc
2105 3161 2161 3217 in
2192 3161 2420 3215 mundo
2445 3161 2728 3226 viventes,
2799 3166 3091 3232 tanquam
3149 3161 3345 3230 angeli
3389 3177 3528 3217 cum

1876 3252 2000 3305 luto
2029 3249 2326 3320 compacti
2359 3249 2550 3317 ;licet,
2587 3249 2858 3322 inquam,
2884 3248 2983 3304 alii
3023 3249 3297 3304 nonnulli
3365 3249 3530 3304 haud

1879 3336 2399 3412 praesumpsissent
2446 3337 2702 3409 patriam
2759 3337 3097 3393 istiusmodi
3180 3337 3530 3393 hominibus
3569 3357 3581 3366 ·

1879 3428 2060 3484 aliam
2097 3426 2411 3496 ascribere,
2447 3426 2628 3481 aliam
2679 3443 3032 3498 nuncupare
3079 3426 3395 3493 civitatem,
3449 3426 3534 3498 ip-

1881 3531 2100 3588 sosque
2129 3515 2370 3570 aliunde
2400 3520 2572 3570 natos
2619 3515 2902 3588 proﬁteri,
2966 3517 3197 3588 primus
3252 3515 3314 3571 id
3365 3516 3440 3571 de
3477 3521 3535 3570 te

1883 3605 2191 3671 auderem,
2223 3609 2279 3658 et
2299 3603 2515 3659 coelum
2548 3605 2802 3676 patriam
2832 3610 2997 3660 tuam
3023 3622 3154 3660 esse
3185 3621 3532 3674 assererem,

1885 3692 2368 3764 contribulesque
2396 3709 2464 3748 ac
2488 3693 2646 3747 cives
2669 3698 2803 3748 tuos
2829 3693 3067 3750 divinas
3115 3695 3243 3750 istic
3307 3699 3539 3750 mentes

1888 3782 2454 3856 prmstantioresque
2479 3786 2745 3847 naturas,
2779 3784 3029 3838 materia
3056 3789 3112 3839 et
3142 3783 3538 3855 perturbatio-

1890 3872 2070 3928 nibus
2100 3869 2318 3925 nostris
2348 3869 2685 3940 superiores
2720 3875 2934 3943 ;atque
2964 3872 3080 3927 hoc
3127 3871 3351 3926 faciens
3391 3871 3540 3926 forte

1896 3960 2248 4029 attingerem
2269 3973 2542 4030 scopum,
2565 3964 2718 4014 certe
2743 3975 2866 4014 non
2891 3960 3004 4014 nisi
3027 3960 3258 4015 veritati
3277 3974 3546 4029 congrua

1896 4048 2310 4122 praedicarem.
2332 4047 2839 4111 Quoniamtamen
2867 4047 3287 4119 praevenientes
3308 4063 3403 4102 me
3425 4045 3546 4114 alii,

1900 4139 1974 4195 de
2005 4138 2133 4194 aliis
2160 4135 2264 4192 tibi
2292 4137 2354 4191 in
2384 4135 2616 4191 virtutis
2647 4135 2873 4191 honore
2943 4135 3237 4192 similibus
3289 4139 3368 4192 ita
3410 4140 3549 4192 sunt

1902 4227 2082 4284 locuti
2102 4245 2115 4294 ;
2135 4241 2240 4298 per
2268 4224 2569 4280 diversam
2596 4240 2706 4294 ego
2734 4226 2890 4279 viam
2929 4226 3300 4298 progrediar,
3334 4225 3556 4281 scilicet

1905 4333 2011 4390 per
2046 4315 2240 4371 tritam
2287 4313 2468 4385 vulgo
2499 4313 2984 4386 expeditamque,
3013 4331 3149 4387 quas
3179 4315 3257 4372 ad
3287 4315 3416 4386 ejus
3448 4313 3555 4387 qui

1909 4403 2367 4462 commendatur
2395 4402 2809 4473 genealogiam
2843 4403 3133 4476 perducit,
3169 4409 3345 4476 atque
3367 4421 3404 4459 a
3433 4419 3557 4460 ma-

1904 4491 2138 4568 joribus
2159 4493 2476 4565 ipsumque
2505 4493 2856 4565 praegressis
2905 4493 3214 4566 incipiens,
3276 4495 3338 4549 in
3403 4494 3554 4565 ejus,

1911 4600 2094 4657 quem
2123 4581 2235 4638 sibi
2267 4582 2596 4654 proposuit,
2626 4581 2838 4637 laudes
2868 4582 3196 4638 descendit.

1985 4687 2039 4740 3.
2070 4680 2158 4736 Ab
2189 4680 2422 4736 Oriente
2479 4685 2720 4735 exortus
2774 4686 2866 4736 est
2933 4681 3028 4736 hic
3080 4680 3302 4746 lucifer,
3357 4679 3561 4734 divino

1916 4769 2207 4840 eﬂ'ulgens
2243 4769 2492 4837 lumine,
2522 4767 2680 4824 unde
2711 4768 2888 4824 etiam
2918 4768 3187 4824 Salvator
3233 4768 3566 4822 humanam

1917 4858 2161 4915 indutus
2190 4873 2453 4922 carnem,
2477 4855 2657 4911 veluti
2681 4856 2769 4911 sol
2784 4861 2979 4912 mente
2998 4855 3392 4927 perceptibilis
3413 4859 3568 4909 tem-

1919 4963 2188 5021 poraque
2199 4944 2494 5001 excedens
2509 4945 2804 5017 apparuit,
2820 4945 3032 5000 exinde
3047 4945 3332 4999 terminos
3361 4940 3574 4997 mundi

1924 5038 2048 5093 suis
2077 5035 2295 5092 divinis
2329 5033 2710 5089 sermonibus
2740 5033 2914 5088 veluti
2966 5033 3148 5088 radiis
3205 5032 3575 5106 quibusdam

1927 5125 2248 5192 illustrans,
2277 5129 2334 5178 et
2358 5124 2574 5178 abacta
2598 5121 2815 5178 erroris
2881 5121 3156 5192 caligine,
3206 5121 3579 5178 luminosum

1929 5213 2285 5285 cognitionis
2325 5211 2543 5267 divinae
2572 5211 2782 5267 orbem
2818 5209 3143 5282 explicans,
3177 5227 3248 5267 ac
3292 5213 3454 5267 viam
3516 5211 3579 5264 in

1931 5302 2150 5358 caelum
2164 5300 2504 5356 tendentem
2517 5298 2910 5354 manifestans
2924 5299 3117 5354 nobis.
3128 5299 3384 5355 Decebat
3397 5298 3556 5354 enim
3567 5339 3581 5363 ,

1932 5396 1990 5448 et
2014 5391 2191 5464 plane
2227 5388 2498 5458 decebat,
2527 5393 2593 5444 ut
2637 5405 2776 5444 cum
2835 5389 3108 5445 divinum
3187 5388 3446 5445 Verbum
3513 5385 3588 5442 ab

1936 5479 2331 5537 Orientalibus
2343 5478 2540 5550 plagis
2554 5477 2954 5550 apparuisset,
2970 5477 3048 5535 ad
3061 5479 3220 5534 viam
3233 5477 3439 5534 salutis
3453 5490 3588 5531 sese

1937 5568 2156 5625 ducem
2180 5566 2784 5640 praebens(quoniam
2805 5583 3013 5623 rursus
3044 5567 3307 5624 subverti
3328 5563 3594 5621 debebat

1937 5658 2258 5716 hominum
2282 5670 2473 5726 genus
2499 5654 2883 5712 mutabilitati
2904 5654 3260 5726 obnoxium,
3276 5653 3439 5711 itaut
3460 5661 3598 5725 mag

127 1293 320 1362 ϐόλων,
371 1300 460 1346 καὶ
513 1299 604 1346 σὺν
665 1294 923 1369 λαμπροῖς
975 1292 1233 1364 ἀνάγομαι
1279 1297 1388 1350 τοῖς
1437 1288 1734 1360 κελεύμασι-

123 1385 358 1435 πὶποιθα
413 1388 504 1435 καὶ
556 1387 677 1456 γὰρ,
732 1387 800 1444 ὡς
853 1385 879 1434 ό
932 1385 1090 1454 μέγας
1137 1380 1304 1449 οὗτος,
1364 1384 1481 1450 περὶ
1547 1377 1606 1429 οὗ
1653 1380 1739 1428 τὸν

123 1473 278 1543 λόγον
331 1477 640 1544 πεποίημαι,
691 1477 780 1524 καὶ
831 1473 883 1523 ὃν
933 1479 1019 1522 νῦν
1073 1471 1321 1522 ὑπόθεσιν
1362 1467 1605 1541 λαμπρὰν
1647 1473 1740 1517 τοῦ

122 1560 288 1631 λόγου
334 1559 716 1632 προϐέϐλημαι,
753 1568 828 1630 τῷ
875 1558 1016 1630 λόγῳ
1060 1557 1092 1615 ἣ
1142 1555 1428 1627 αὐτολὸγῳ,
1480 1563 1541 1626 τῇ
1587 1557 1744 1626 σοφία

128 1656 271 1703 Θεοῦ
339 1652 429 1700 καὶ
495 1648 803 1721 αὐτοσοφία,
863 1651 1206 1719 παρεστηκὼς
1260 1645 1323 1716 τῇ
1392 1648 1627 1715 μακαρία
1690 1660 1744 1693 τε

127 1744 224 1790 καὶ
281 1738 563 1809 αὑταγοξτῳ
605 1735 799 1811 Τριάδι
856 1741 1043 1805 συνὼν,
1189 1739 1279 1784 καὶ
1323 1737 1510 1804 περιὼν
1563 1730 1736 1804 ἀκραιο

133 1835 277 1899 φινῶς
336 1825 629 1900 ἰλάτρευσε,
694 1831 783 1878 καὶ
844 1827 909 1885 ὡς
965 1823 1170 1896 ἕφικτόν
1236 1825 1532 1893 ἐμιμήσατο
1579 1840 1592 1852 ο

137 2102 215 2164 τῷ
273 2092 413 2164 λόγῳ
459 2096 552 2150 τήν
610 2088 892 2167 εὐδρομὶαν
935 2090 1230 2165 παρέξεται,
1288 2093 1378 2139 καὶ
1429 2087 1746 2160 ὁλοσχερῶς,

137 2183 206 2233 ἶν’
262 2185 418 2242 οὗτος
470 2184 615 2248 εἴπω,
673 2189 768 2240 τῆς
819 2183 1173 2252 ἐγχειρήσεως
1237 2196 1326 2249 μοι
1381 2173 1752 2245 συναντιλὴψε-

138 2289 252 2324 ται.
327 2268 457 2339 Ἀγε
515 2264 607 2332 δὴ,
661 2264 699 2318 ὦ
756 2273 893 2340 μέγα
937 2275 1031 2324 τῆν
1081 2265 1326 2326 ἀληθείας
1377 2268 1614 2337 φωστὴρ,
1663 2268 1753 2316 καὶ

137 2361 318 2433 πυραὶ
369 2359 706 2428 θεογνωσίας,
778 2354 1030 2429 ἐπίφαινε,
1112 2359 1203 2407 καὶ
1257 2351 1458 2406 διίθυνέ
1523 2372 1612 2425 μοι
1665 2357 1752 2434 τὸν

135 2449 322 2519 λόγον,
353 2450 444 2498 καὶ
473 2449 600 2518 πρὸς
631 2449 687 2497 τό
728 2441 843 2498 δέον
873 2446 1149 2498 κατεύθυνε

142 2540 227 2590 θεν
259 2536 478 2604 ἀρκτέον
521 2532 628 2594 ἤδη
680 2543 770 2588 τοῦ
813 2534 1218 2608 ἐγχειρήματος,
1248 2537 1336 2585 τόν
1383 2535 1472 2584 σὸν
1529 2531 1756 2585 ἐπικαλε-

144 2631 359 2697 σαμένῳ
387 2628 538 2693 Θεὸν,
578 2628 648 2686 ὥς
677 2624 738 2676 ἆν
787 2621 855 2682 δὴ
906 2623 1057 2697 κάμὲ,
1107 2632 1200 2684 σῆς
1254 2623 1419 2675 εἵνεκα
1465 2626 1554 2673 καὶ
1607 2628 1757 2674 τοῦτο

153 2713 340 2778 δόξης,
369 2717 516 2788 παρὰ
559 2711 886 2786 προσδοκίαν
915 2720 1089 2766 πᾶσαν
1122 2718 1374 2785 σοφίσειε,
1405 2717 1494 2764 καὶ
1540 2719 1760 2784 συχνοῖς

151 2823 213 2857 σε
271 2809 503 2876 τιμήσας
571 2803 764 2874 ἄλλοις,
813 2808 901 2856 καὶ
975 2811 1047 2874 τῷ
1105 2802 1180 2855 ἐπ’
1227 2802 1342 2874 ἐμοὶ
1398 2801 1503 2874 οὐχ
1567 2804 1764 2860 ἣκιστα

153 2890 321 2966 διάρῃ
369 2898 843 2968 τερατουργηματι,
903 2891 1036 2944 Ἀλλ’
1085 2892 1127 2944 εἰ
1168 2896 1238 2964 μὴ
1291 2890 1579 2964 προῦλαϐον
1631 2909 1762 2951 τινες

151 2991 262 3043 τοίς
285 2984 479 3055 ὁμοίως
512 3001 595 3034 σοι
628 2985 722 3040 τὴν
750 2985 886 3033 κατὰ
931 2986 1058 3035 Θεὸν
1104 2977 1138 3034 δ
1145 2980 1430 3056 ιαπρέψασι
1478 2980 1764 3050 πολιτείαν,

155 3077 248 3124 καὶ
287 3079 388 3134 τῆς
416 3079 516 3122 τῶν
545 3073 772 3142 χθονίων
815 3072 1156 3145 ὑπεραρθείσι
1188 3071 1329 3132 ζωῆς
1375 3073 1448 3122 ἔτι
1497 3073 1622 3144 ὑπὲρ
1666 3077 1767 3140 γῆς

165 3157 314 3227 σῦσι,
371 3160 721 3212 καταλιποῦσι
773 3164 860 3218 τὴν
897 3168 1018 3231 γῆν,
1079 3164 1164 3211 καὶ
1218 3158 1454 3231 ἀγγέλοις
1501 3163 1630 3228 μετά
1675 3171 1766 3214 τοῦ

157 3249 333 3308 πηλοῦ
391 3255 714 3301 καταστᾶσιν
772 3248 1111 3322 αὐτόχρημα,

1204 2464 1216 2476 ·
1266 2445 1440 2514 ἔμοιγε
1492 2438 1542 2493 δ’
1593 2440 1754 2494 ἐντεύ-

1199 3248 1373 3323 έτέραν
1449 3249 1766 3322 ἐπιφημίσαι

157 3335 426 3413 πατρίδα,
455 3337 612 3396 ἄλλην
637 3356 692 3389 τε
733 3343 985 3412 φρατρίαν
1025 3336 1408 3414 ἓναπογράῷαι,
1456 3345 1546 3392 καὶ
1595 3340 1768 3402 ἁπλῶς

157 3428 372 3480 ἄλλοθεν
427 3425 635 3488 ἐκείνοις
702 3425 1090 3498 ἀνομολογῆσαι
1154 3433 1248 3487 τὴν
1301 3436 1497 3502 γένετιν
1539 3453 1551 3465 ο
1613 3431 1769 3493 αὐτὸς

159 3518 224 3569 ἄν
251 3518 354 3589 ἐγὼ
384 3525 591 3589 πρῶτος
621 3515 706 3568 ἐπὶ
749 3520 835 3567 σοὶ
865 3515 1018 3568 ταυθ⁹
1057 3515 1346 3590 ἐθάρρησα,
1396 3522 1486 3568 καὶ
1540 3513 1771 3587 πατρίδα

164 3614 266 3667 σήν
314 3611 404 3659 τὸν
444 3606 680 3680 οὐράνιον
735 3604 939 3658 ἀνεῖπον
991 3615 1187 3680 χῶρον,
1231 3611 1316 3657 καὶ
1369 3606 1580 3679 φυλέτας
1621 3610 1772 3666 ὅντως

165 3702 259 3750 καὶ
330 3698 594 3772 φράτορας
671 3699 793 3756 τοὺς
866 3695 1028 3756 θείους
1107 3701 1245 3767 νόας,
1337 3699 1426 3756 τὰς
1499 3696 1777 3770 ὑπερτέρας

169 3790 357 3860 φυσεις
398 3789 492 3836 καὶ
551 3783 804 3856 ἀνωτέρας
855 3792 951 3845 τῆς
1016 3785 1141 3848 ὕλης
1216 3791 1305 3838 καὶ
1375 3795 1472 3837 τῶν
1553 3785 1778 3837 ἐντεῦθεν

173 3875 500 3949 ὑψηλοτέρας
562 3875 738 3926 παθῶν
795 3893 808 3907 ο
863 3878 952 3926 καὶ
1019 3874 1144 3946 τάχ’
1198 3873 1258 3926 ἀν
1325 3875 1594 3946 εὐστόχως
1637 3875 1780 3926 ταῦτ’

176 3966 339 4018 εἰπεῖν
398 3961 760 4037 ἀπεθάρρησα,
830 3967 919 4015 καὶ
977 3962 1274 4036 ἐπεφήμισα
1336 3968 1402 4016 τὰ
1465 3966 1780 4021 καθήκοντα.

176 4053 323 4106 Ἐπεὶ
382 4051 444 4105 δὲ
506 4053 791 4124 φθασαντες
863 4051 940 4102 ἐπ’
1020 4052 1190 4116 ἄλλοις
1261 4054 1405 4106 ἁλλοι
1463 4059 1556 4112 τὴν
1602 4051 1786 4128 ἀρετὴν

187 4147 462 4215 ὁμοτίμοις
499 4144 664 4194 ταῦτά
717 4161 825 4202 πως
873 4141 1126 4216 εἰρηκότες
1182 4146 1563 4216 τυγχάνουσιν,
1619 4144 1791 4218 ἑτέραν

192 4235 356 4304 ῖγωγε
385 4227 705 4304 βαδιοῦμαι,
755 4235 848 4288 τὴν
898 4236 1234 4305 τετριμμένην
1281 4237 1474 4291 ταύτην
1526 4238 1615 4286 καὶ
1670 4236 1794 4307 πρό-

190 4341 393 4395 χειρον,
431 4329 461 4379 ᾔ
521 4323 652 4393 πρὸς
698 4322 792 4376 τὴν
841 4327 932 4371 τοῦ
973 4318 1424 4394 ἐγκωμιαζομένου
1471 4322 1796 4394 γενεαλογίαν

191 4413 414 4487 προάγει
474 4413 562 4460 τὸν
594 4408 762 4479 λόγον,
821 4408 915 4459 κᾶν
958 4418 1057 4462 τῶν
1095 4412 1284 4463 ἄνωθεν
1336 4417 1426 4463 καὶ
1478 4416 1578 4485 πρὸ
1639 4412 1798 4464 αὐτοῦ

195 4500 491 4573 ἀρχομένη,
534 4498 604 4558 εἰς
635 4497 786 4548 αὐτόν
824 4516 879 4549 τε
929 4501 1016 4550 τὸν
1069 4498 1137 4558 εἰς
1175 4501 1378 4551 ἔπαινον
1435 4505 1801 4573 προσκείμενον

195 4593 455 4642 κάτεισιν.

265 4677 336 4751 γ’.
382 4675 472 4738 Ἐξ
533 4676 656 4747 ἑῴας
713 4671 801 4727 οὖν
849 4677 876 4726 ό
936 4675 1228 4739 θεολαμπής
1299 4681 1568 4753 φωσφόρος
1619 4675 1805 4730 amita:-

199 4787 306 4840 γεν,
338 4767 456 4819 ὅθεν
510 4770 597 4818 καὶ
643 4768 670 4817 ό
731 4769 907 4840 Σωτὴρ
961 4764 1380 4842 ἕνανθρωπησας,
1429 4769 1454 4818 ό
1504 4771 1683 4828 νοητὸς
1720 4772 1808 4818 καὶ

203 4860 538 4930 ὑπέρχρσνος
574 4853 811 4926 ἐπέφανεν
869 4854 1032 4926 ἣλιος,
1091 4854 1324 4908 κάκεῖθεν
1376 4853 1440 4914 δὴ
1495 4860 1560 4908 τὰ
1610 4861 1812 4929 πέρατα

202 4955 314 5009 τοῖς
345 4945 508 4998 αὐτοῦ
537 4945 899 5006 θεοπνεύστοις
915 4943 1085 5016 λόγοις
1130 4946 1214 4997 οἶοί
1267 4965 1406 4998 τισιν
1460 4945 1640 4998 ἀκτῖσι
1690 4963 1812 4997 κατ-

207 5039 436 5107 ηύγασε,
502 5039 594 5085 καὶ
640 5037 724 5086 τὸν
777 5041 872 5094 τῆς
926 5033 1122 5096 πλάνης
1181 5035 1336 5107 ζόφον
1385 5034 1640 5105 ἀπήλασε,
1714 5036 1812 5086 θεο-

206 5130 440 5198 γνωσίας
491 5141 546 5176 τε
599 5126 656 5174 τὸ
710 5131 810 5195 φῶς
861 5119 1210 5190 ὶξεδίσκευσε,
1278 5129 1368 5175 καὶ
1394 5129 1486 5182 τὴν
1536 5125 1604 5184 εἰς
1650 5123 1818 5197 οὐρα-

208 5219 326 5274 νοὺς
383 5214 513 5284 ἡμῖν
569 5210 862 5282 ἀνοίγουσαν
921 5209 1254 5284 ἐφανέρωσεν.
1295 5209 1439 5265 Ἓδει
1522 5217 1646 5284 γὰρ,
1730 5216 1820 5264 καὶ

209 5305 379 5362 καλῶς
425 5297 554 5367 ἔδει,
586 5309 678 5352 τοῦ
729 5308 862 5354 Θεοῦ
903 5305 1074 5372 Λόγου
1127 5299 1182 5352 ἐκ
1239 5310 1336 5352 τῶν
1394 5301 1528 5371 ἑῴων
1575 5309 1682 5361 τοῖς
1739 5299 1820 5350 ἁν-

215 5396 444 5466 θρώποις
517 5388 850 5462 ἀναφανέντος
927 5399 1113 5464 μερῶν,
1194 5395 1284 5442 καὶ
1349 5393 1482 5462 πρὸς
1559 5394 1822 5465 σωτηρίαν

215 5478 692 5551 καθωηγὴσαντος
769 5475 971 5550 (ἐπειδή
1072 5495 1175 5540 πως
1274 5487 1658 5553 περιτραπῆναι
1735 5483 1825 5530 καὶ

219 5569 376 5634 αὖθις
424 5570 593 5644 ἔμελλε
649 5575 707 5623 τὸ
761 5568 1096 5643 εὐμετάϐολον
1155 5579 1257 5622 τῶν
1315 5569 1594 5646 ἀνθρώπων
1650 5569 1825 5642 φῦλον,

219 5666 286 5726 ὣς
345 5665 439 5716 καὶ
489 5659 756 5735 προκόψαι
809 5662 878 5714 τὰ
921 5660 1140 5732 μεγάλα,
1190 5665 1284 5714 καὶ
1335 5667 1430 5722 τῆς
1487 5659 1688 5721 εὐθείας
1737 5663 1828 5711 καὶ

3955 0 3975 162 ξ

3975 683 4013 1400 \i

4005 1398 4033 2016 ζ
