4084 6206
207 257 320 312 817

1431 251 1502 310 ιΝ
1542 251 1602 310 S.
1642 253 1838 312 JOAN.
1883 254 2379 314 DAMASCENUM.

3483 262 3588 320 818

197 380 481 434 λαλεῖσθαι
516 380 858 457 προύξένησε,
898 385 988 435 καὶ
1044 381 1175 456 πρὸς
1223 384 1406 432 τοῦτον
1458 379 1565 432 οἷον
1623 376 1815 434 ἀντονο·

1934 379 2113 437 etiam
2135 377 2264 452 ejus
2285 379 2480 455 patria
2500 379 2867 448 laudaretur,
2901 381 2959 438 et
2986 379 3161 456 quasi
3189 395 3300 454 pro
3327 379 3463 456 ipso
3484 399 3588 441 no-

197 470 508 544 μοίζεσθαι,
571 471 598 528 ᾖ
655 469 756 523 κάκ
804 473 991 524 τούτου
1045 468 1481 542 ὶπονομάζεσθαι.
1527 466 1670 542 ’Ἅμα
1723 472 1822 545 γὰρ

197 578 278 620 τις
309 563 403 611 καὶ
460 557 746 627 ἀκούσειεν,
802 557 940 622 ίξότε
989 559 1016 610 ὀ
1077 558 1232 620 οὗτος
1286 560 1485 630 γέγόνε,
1546 561 1822 630 Δαμασκὸν

196 651 288 700 τὸν
329 645 492 701 πολύν
541 651 632 700 καὶ
696 649 762 700 τά
813 649 925 701 θεῖα
975 651 1065 701 καὶ
1112 651 1179 700 τὰ
1233 643 1533 720 ἀνθρώπινα
1581 645 1822 704 Ἰωάννην

198 738 384 814 ὥσπερ
414 735 708 795 συνήκουσέ
739 758 752 772 ο
810 739 1061 810 μέγιστὸν
1109 755 1164 790 τε
1214 735 1363 798 εὐθὺς
1417 733 1471 798 ἐξ
1523 733 1821 810 ἀμφοτέρων

198 827 518 902 αἰσθόμενος
583 827 896 902 φαντάζεται
973 827 1086 901 μετ’
1169 825 1480 893 ἐκπλήξεως,
1548 825 1818 880 κάντεῦθεν

198 915 592 990 ἀναπεμπάξων
650 925 722 988 τῷ
757 916 996 990 λοθισμῷ
1053 915 1113 969 οὐ
1175 920 1390 992 μετρίου
1439 921 1532 968 τοῦ
1591 914 1819 988 θάμϐους

196 1004 548 1080 ἐμπίπλαται.

267 1184 338 1240 ε’.
404 1183 540 1238 Ἀλλ’
612 1184 687 1247 εἰς
768 1183 982 1246 ἑαυτοὺς
1069 1181 1297 1236 ἱντεῦθεν
1354 1182 1404 1236 οἱ
1455 1185 1815 1254 γεγεννηκὸτες

192 1273 552 1346 μεθέλκονται,
584 1278 674 1326 καὶ
701 1293 810 1336 πως
841 1269 909 1332 δὴ
952 1275 1025 1346 μὴ
1060 1267 1303 1346 παριδεῖν
1356 1270 1704 1345 ὢιστορῆσαι
1749 1275 1815 1325 τά

191 1363 524 1422 κατάὐτοὺς
569 1360 897 1424 ἐκϐιάζονται
941 1382 954 1396 ο
987 1357 1111 1414 οὐδε
1157 1363 1260 1436 γάρ
1312 1361 1418 1433 οὐχ
1464 1361 1599 1414 οὕτω
1646 1367 1814 1414 ταῦτα

191 1455 384 1527 μικρὰ,
428 1453 498 1513 ὡς
545 1447 896 1527 παραδρομῆς
953 1448 1242 1514 ἀξιωθῆναι
1280 1455 1370 1502 καὶ
1427 1449 1807 1525 παραλείψεως,

190 1538 332 1592 ἀλλά
354 1544 446 1592 καὶ
466 1539 584 1592 λίαν
609 1547 857 1614 περιφανῆ
903 1558 957 1592 τε
1007 1543 1098 1592 καὶ
1143 1537 1468 1611 ἀξιάγαστα,
1527 1543 1616 1592 καὶ
1682 1557 1811 1611 συγ-

190 1636 404 1702 γραφῆς
500 1626 744 1702 ἀκριϐοῦς
844 1633 934 1682 καὶ
1036 1633 1242 1701 μνήμης
1348 1623 1808 1700 ἀλληλοδιαδὸχου

1931 469 2263 527 minaretur
2299 474 2403 527 aut
2441 471 2970 542 cognominaretur
3009 487 3082 528 ex
3134 471 3290 546 ipso.
3358 475 3439 529 Ex
3488 473 3587 531 illo

1932 575 2079 617 sane
2099 565 2368 633 tempore
2396 576 2521 634 quo
2549 567 2726 618 natus
2755 561 2836 618 ibi
2867 563 3125 618 Joannes
3155 566 3262 626 est,
3298 561 3477 620 simul
3515 581 3586 622 ac

1927 649 2230 705 nominari
2243 647 2460 722 aliquis
2473 649 3035 720 auditDamascum,
3049 649 3265 706 divinis
3277 650 3586 710 humanis-

1927 752 2046 811 que
2068 737 2248 796 rebus
2276 737 2596 810 insignem,
2621 737 2802 796 etiam
2837 739 3023 812 ipsius
3052 753 3274 795 nomen
3305 739 3490 811 audit,
3525 746 3583 799 et

1925 828 2206 902 utrinque
2232 827 2460 899 grande
2495 828 2810 902 quidpiam
2841 832 3020 902 atque
3064 829 3416 888 admirabile
3463 831 3577 889 sibi

1922 921 2384 991 repraesentans,
2417 933 2716 993 suamque
2746 918 3170 990 cogitationem
3188 934 3372 993 supra
3402 937 3464 977 se
3489 937 3577 978 re-

1922 1006 2168 1064 ﬂectens
2203 1007 2642 1076 ratiocinando,
2695 1012 2938 1082 stupore
2983 1023 3232 1082 prorsus
3282 1009 3570 1070 ineffabili

1921 1095 2279 1169 completur.

1993 1190 2045 1240 5.
2073 1187 2290 1242 Verum
2329 1201 2440 1242 nos
2469 1184 2607 1242 hinc
2637 1185 2716 1243 ad
2733 1201 2794 1244 se
2815 1186 3112 1256 genitores
3140 1187 3474 1244 trahunt.et
3495 1205 3569 1246 ne

1918 1287 2012 1330 res
2033 1289 2174 1331 suas
2203 1274 2363 1330 taciti
2396 1278 2824 1346 prmtereamus
2853 1280 3096 1344 cogunt:
3131 1290 3252 1332 non
3306 1277 3464 1334 enim
3487 1279 3568 1336 ita

1918 1377 2121 1435 parvae
2141 1363 2235 1419 hae
2261 1369 2420 1433 sunt,
2435 1368 2500 1419 ut
2528 1369 2880 1420 transcursu
2895 1369 3075 1436 atque
3089 1364 3411 1422 omissioue
3437 1383 3570 1422 cen-

1918 1451 2032 1506 seri
2063 1451 2298 1524 possint
2318 1451 2540 1522 dignm;
2574 1451 2680 1507 sed
2699 1451 2876 1508 valde
2908 1453 3248 1524 conspicuae
3300 1469 3369 1510 ac
3391 1455 3568 1513 mira-

1915 1538 2066 1596 biles
2097 1544 2442 1598 accuratam
2467 1539 2853 1612 scriptionem
2883 1541 3362 1616 memoriamque
3407 1543 3563 1600 ordi-

1916 1632 2123 1686 natam
2154 1634 2460 1686 merentur
2493 1629 2781 1686 :fortunae
2823 1629 3123 1704 siquidem
3145 1631 3340 1698 bonis,
3391 1637 3448 1688 et
3476 1632 3568 1689 bis

193 1714 424 1791 δεόμεθα
464 1738 477 1752 ο
511 1719 576 1771 τά
603 1736 659 1771 τε
684 1720 786 1792 γὰρ
816 1720 953 1772 κατὰ
999 1721 1214 1790 κόσμον,
1270 1721 1360 1770 καὶ
1399 1717 1476 1781 οἷς
1534 1716 1810 1790 ἓπεικεχή-

1924 1719 2139 1790 quibus
2163 1719 2438 1776 homines
2469 1719 2706 1775 inhiant
2743 1717 3081 1775 commodis
3102 1720 3387 1792 praeclare
3413 1721 3566 1792 fulti,

191 1826 349 1860 νασιν
397 1808 683 1880 ἄνθρωποι,
733 1811 820 1859 καὶ
877 1803 1136 1879 διάσημοι
1188 1809 1273 1859 καὶ
1312 1805 1667 1882 περίϐλεπτοι,
1721 1811 1810 1859 καὶ

193 1899 335 1950 κοιτά
424 1900 553 1950 Θεὸν
611 1896 716 1969 οὐχ
773 1898 927 1955 ἧττον
982 1903 1277 1970 περιφανεῖς
1340 1900 1430 1948 καὶ
1493 1897 1806 1970 θαυμάσιοιο

193 1985 426 2040 ’Δνωθεν
472 1986 575 2060 γὰρ
617 1990 704 2040 καὶ
755 1983 810 2038 ἔκ
857 1988 1122 2060 προγόνων
1173 1988 1269 2044 τὴν
1309 1984 1381 2046 εἰς
1437 1988 1668 2058 Χριστὸν
1725 1988 1810 2043 πί,

196 2093 319 2128 στιν
346 2077 504 2128 οἱονεί
531 2093 648 2127 τινα
675 2073 863 2150 κλῆρον
886 2073 940 2127 ἑκ
971 2070 1246 2146 διαδοχῆς
1272 2075 1516 2140 ἕλκοντες,
1567 2082 1641 2145 τῷ
1679 2079 1809 2149 πρὸς

191 2163 364 2223 αὐτὴν
421 2162 559 2235 ζήλῳ
615 2171 800 2238 μακρῷ
857 2169 967 2225 τοῖς
1019 2166 1120 2236 πρὸ
1187 2162 1354 2215 αὐτῶν
1409 2162 1798 2236 ὑπερήρλασανο

188 2256 424 2326 καὶγὰρ
453 2260 552 2314 τοῖς
578 2257 774 2328 μέχρις
824 2252 1016 2320 αὐτῶν,
1046 2253 1182 2306 καθά
1223 2271 1302 2315 τις
1354 2254 1384 2310 ἡ
1439 2257 1618 2315 πίστις
1679 2271 1808 2325 συγ-

188 2345 530 2417 κρυπτομένη
613 2343 862 2416 σπινθὴρ,
899 2344 1102 2416 πυρσὸς
1158 2340 1206 2394 ἐν
1264 2341 1437 2402 αὐτοῖς
1500 2361 1555 2394 τε
1610 2347 1700 2394 καὶ
1756 2341 1808 2406 ἐξ

193 2431 372 2484 αὐτῶν
400 2429 627 2504 ἀνήφθη,
682 2429 905 2503 ἐμφανὴς
961 2435 1051 2483 καὶ
1110 2427 1386 2493 διάδηλος.
1425 2430 1512 2492 Ὠς
1575 2433 1677 2506 γὰρ
1737 2427 1803 2490 δὴ

192 2526 450 2596 κρίμασιν
499 2518 883 2582 ἀκαταλήπτοις
941 2527 1074 2572 Θεοῦ
1123 2523 1190 2572 τά
1243 2519 1345 2591 ἑῷα
1397 2527 1589 2594 μικροῦ
1641 2523 1812 2574 πάντα

194 2619 296 2672 τῆς
335 2617 440 2662 τῶν
493 2609 757 2682 Ῥωμαίων
798 2608 976 2685 ἀρχῆς
1038 2605 1370 2682 κατέδραμον
1425 2628 1480 2662 τε
1519 2613 1612 2662 καὶ
1669 2609 1809 2668 ἐληΐ-

200 2719 384 2767 σαντο,
413 2703 505 2752 καὶ
533 2701 628 2760 τάς
656 2692 822 2753 ἕκεῖσε
876 2699 1050 2762 πόλεις
1115 2703 1164 2753 οἱ
1228 2707 1325 2761 τῆς
1379 2695 1572 2762 δούλης
1637 2699 1808 2776 ’Ἅγαρ

198 2787 455 2861 ἀπόγονοι
481 2794 901 2864 παρεστήσαντο,
929 2793 1020 2841 καὶ
1073 2789 1104 2846 ἠ
1165 2785 1360 2862 ῥάϐδος
1414 2797 1513 2842 τῶν
1565 2788 1812 2864 ἁμαρτω·

196 2877 302 2931 λῶν
339 2881 477 2932 κατὰ
515 2884 606 2936 τοῦ
663 2877 856 2952 κλήρου
894 2885 993 2931 τῶν
1047 2873 1268 2930 δικαίῶν
1328 2875 1577 2950 ἀφεθεῖσα
1615 2875 1643 2937 ἦ
1685 2881 1814 2931 ποίν-

198 2986 308 3028 τως
341 2986 404 3040 γε
431 2974 534 3020 τῶν
585 2967 753 3028 καλῶς
817 2966 1109 3040 ὴνωκὸτων
1169 2968 1297 3020 Θεὸν
1371 2970 1461 3018 καὶ
1528 2970 1666 3040 μόνῳ
1725 2966 1818 3019 λα-

1917 1807 2098 1866 nihilo
2128 1808 2330 1866 minus
2359 1809 2629 1879 insignes
2654 1809 3132 1866 fueruntdivinis
3170 1810 3357 1866 animi
3400 1811 3557 1868 doti-

1916 1897 2061 1954 bus.
2100 1899 2232 1954 Jam
2262 1898 2494 1968 pridem
2525 1897 2686 1954 enim
2715 1897 2897 1953 tidem
2925 1898 2988 1954 in
3037 1899 3352 1971 Christum,
3402 1901 3568 1958 velut

1915 1986 2320 2044 haereditatem
2339 1987 2674 2060 quamdam
2711 2002 2748 2044 a
2793 1987 3124 2058 majoribus
3181 2004 3287 2060 per
3345 2005 3564 2046 manus

1916 2075 2196 2133 traditam
2233 2079 2522 2142 tcnentes,
2567 2075 2746 2146 longe
2797 2076 3172 2134 auteiverunt
3218 2077 3564 2135 decessores

1915 2179 2076 2232 suos,
2103 2164 2370 2238 quodam
2394 2163 2742 2239 zeliimpetu
2769 2164 3014 2220 ulterius
3045 2165 3201 2221 elati.
3229 2167 3458 2223 Scilicet
3485 2167 3563 2223 ad

1913 2253 2186 2326 ipsorum
2214 2269 2410 2327 usque
2433 2257 2671 2310 aetatem
2695 2253 2868 2321 ﬁdes,
2891 2254 2954 2310 in
2984 2253 3333 2312 hominibus
3359 2271 3565 2328 parvae

1915 2342 2183 2400 adinstar
2209 2341 2477 2399 scintillae
2515 2341 2885 2406 delitescens,
2948 2343 3010 2398 in
3071 2343 3216 2416 ipsis
3269 2349 3450 2417 atque
3493 2359 3568 2400 ex

1916 2431 2063 2504 ipsis
2086 2447 2341 2488 accensa
2371 2437 2460 2488 est
2489 2431 2568 2488 ad
2595 2431 2848 2487 modum
2878 2431 3024 2488 facis
3053 2431 3390 2490 luculentas.
3420 2434 3567 2489 Cum

1917 2520 2079 2576 enim
2108 2521 2354 2578 occultis
2389 2519 2491 2576 Dei
2516 2519 2760 2591 judiciis
2778 2535 2991 2577 omnes
3012 2520 3132 2577 fere
3159 2521 3410 2578 Orientis
3435 2537 3566 2595 paro

1917 2613 2022 2680 tes,
2071 2612 2341 2667 Romano
2384 2610 2638 2682 imperio
2707 2609 2999 2680 subditas,
3057 2611 3282 2682 posteri
3339 2610 3570 2668 ancillae

1918 2701 2078 2768 Agar
2097 2698 2219 2754 suis
2246 2697 3100 2755 excursionibusvastarentac
3125 2697 3571 2772 depopularen-

1922 2793 2035 2855 tur,
2104 2787 2283 2844 etiam
2340 2787 2736 2858 subjugarent
2795 2787 3060 2844 civitates
3115 2787 3460 2860 plerasque,
3517 2793 3574 2846 et

1921 2875 2095 2948 virga
2119 2879 2503 2948 peccatorum
2529 2877 3044 2946 contrajustorum
3059 2883 3280 2932 sortem
3299 2876 3574 2932 immissa

1925 2980 2136 3021 eorum
2160 2964 2265 3038 qui
2297 2969 2453 3021 recte
2487 2967 2675 3020 Deum
2705 2969 2994 3021 noverant
3019 2965 3192 3038 eique
3223 2964 3334 3022 soli
3366 2964 3576 3020 servie-

196 3061 484 3133 τρευόντων
549 3056 691 3128 αὐτῷ
746 3058 812 3110 τά
878 3059 1050 3110 πάντα
1111 3052 1312 3129 σχεδὸν
1386 3054 1734 3125 κατηλόησεν,
1784 3057 1814 3115 ᾖ

1929 3054 2074 3111 bant
2104 3053 2310 3110 omnia
2332 3053 2636 3126 diriperet,
2661 3053 2758 3109 vel
2813 3053 3014 3126 potius
3059 3059 3357 3110 excuteret
3410 3053 3576 3110 velut

197 3145 396 3219 μᾶλλον
431 3149 556 3200 ὡσεὶ
605 3153 768 3219 χνοῦν
834 3144 1185 3220 ἀπελίκμησεν
1217 3167 1230 3179 ·
1284 3144 1385 3198 ὑπὸ
1433 3151 1544 3206 τοῖς
1582 3142 1817 3211 ἀσεϐέσι,

199 3242 298 3309 φεῦ
333 3235 750 3310 συμφορᾶςῐκαὶ
815 3238 844 3294 ἡ
899 3234 1027 3295 καλὴ
1101 3239 1281 3308 γέγονε
1349 3237 1650 3308 Δαμασκός.
1707 3241 1820 3287 Τῶν

195 3324 292 3378 οὗν
345 3323 395 3376 ἐν
428 3324 560 3397 αὐτῇ
617 3326 841 3392 πάντων,
898 3332 992 3383 τῆν
1047 3327 1137 3398 μὲν
1188 3327 1376 3400 μικρὸν
1433 3321 1816 3407 ἀντισχόντων,

193 3421 302 3467 τῶν
361 3409 424 3466 δε
476 3411 531 3465 ὶκ
604 3417 816 3489 πρώτης
873 3418 967 3472 τὴν
1033 3412 1293 3466 εὐσέϐειαν
1373 3411 1815 3486 ἀπομοσαμένων,

197 3507 346 3556 ἐνίων
376 3498 437 3556 δι
464 3507 554 3555 καὶ
582 3505 921 3577 τηρησάντων
951 3502 969 3574 (
998 3503 1132 3556 πάνυ
1161 3498 1221 3556 δὲ
1255 3504 1448 3555 τούτων
1502 3499 1750 3576 βραχέων
1792 3503 1814 3565 )

196 3596 259 3646 τὸ
303 3590 458 3652 σέϐας
487 3588 580 3644 διὰ
626 3591 800 3655 τέλους
853 3591 1156 3666 ἀμόλυντον,
1217 3596 1308 3644 καὶ
1369 3593 1418 3644 οἱ
1456 3599 1546 3644 τοῦ
1585 3590 1818 3664 μεγάλου

196 3683 390 3734 τούτου
431 3687 527 3742 τῆς
566 3679 823 3742 εὐσεϐείας
871 3677 1205 3734 διδασκάλου
1263 3685 1352 3733 καὶ
1403 3685 1633 3756 κήρυκος
1686 3682 1817 3751 πρό-

197 3790 370 3844 γονοι,
443 3769 664 3845 στιρρὡ
718 3789 770 3823 τε
823 3772 951 3846 ὑπερ
1007 3779 1099 3832 τῆς
1156 3767 1418 3832 εὐσεϐείας
1471 3767 1816 3838 ἀντέστησαν,

199 3866 292 3913 καὶ
323 3856 421 3913 διὰ
452 3857 574 3932 βίου
603 3863 699 3918 τὴν
750 3865 930 3912 πίστιν
983 3858 1258 3932 ἐφύλαξαν,
1305 3865 1397 3912 καὶ
1443 3859 1666 3932 καθαροὶ
1724 3879 1818 3910 κα-

205 3952 369 4022 θαρὰν
397 3955 501 4008 τοῖς
539 3947 592 4011 ἕξ
618 3949 784 4001 αὐτῶν
834 3946 1220 4012 ἕνεπίστευσαν,
1275 3954 1365 4000 καὶ
1419 3950 1468 4000 οἱ
1524 3948 1611 4000 ἀπ’
1651 3947 1819 4000 αὐτῶν

205 4041 458 4098 ὡσαύτως
505 4043 596 4090 καὶ
646 4038 755 4112 μετ’
821 4037 1008 4099 αὐτοὺς
1057 4041 1191 4090 κατὰ
1244 4033 1518 4109 διαδοχὴν
1557 4044 1818 4097 ποιοῦντες

207 4128 525 4200 ἐτύγχανον,
556 4131 646 4179 καὶ
685 4122 789 4180 οἷον
856 4128 1040 4198 ὀχετὸς
1099 4124 1233 4186 ἦσαν
1290 4127 1548 4201 ῥεύματος
1585 4127 1818 4199 καθαροῦ

207 4213 302 4269 διὰ
333 4215 598 4292 βορϐόρου
624 4224 725 4269 τῶν
755 4215 952 4270 ἀσεϐῶν
980 4218 1201 4290 ῥέοντες,
1261 4221 1351 4268 καὶ
1412 4211 1486 4268 δι’
1547 4214 1684 4278 ἰλύος
1750 4218 1819 4278 ὡς

205 4311 324 4380 περὶ
377 4314 479 4358 τῶν
520 4304 568 4357 ἐν
628 4313 737 4368 τοῖς
811 4304 1102 4381 βαρϐάροις
1157 4303 1516 4378 ἐναγισμάτων
1575 4301 1814 4378 διῄεσαν,

207 4403 270 4468 τῇ
312 4402 416 4447 τῶν
439 4393 630 4468 ἀρετῶν
662 4395 857 4447 οὑτωσί
886 4414 997 4455 πως
1049 4395 1204 4448 εἰπεῖν
1261 4397 1546 4452 πυκνότητι
1599 4389 1634 4446 δ
1640 4396 1816 4453 ιηθού-
1843 4439 1887 4494 D

208 4505 354 4560 μενοι
368 4528 380 4540 .

280 4575 361 4639 ς’.
393 4574 544 4627 Οὕτω
572 4577 662 4647 μὲν
692 4569 779 4626 οὖν
802 4571 856 4626 ἔκ
893 4570 1165 4646 διαδοχῆς
1194 4575 1242 4626 οἱ
1289 4580 1381 4626 τοῦ
1436 4573 1588 4646 ἁγίου
1638 4577 1817 4646 γεννή-

207 4682 348 4738 τορες
393 4661 618 4726 εὐσεϐεῖς
674 4669 763 4716 καὶ
818 4667 905 4716 τὸν
961 4663 1075 4716 κατ’
1133 4661 1318 4738 ἀρετὴν
1373 4660 1489 4735 βίον
1535 4660 1812 4735 ἔπιφανεῐς.

211 4759 296 4813 Μὴ
357 4756 460 4828 γὰρ
516 4749 583 4811 δὴ
640 4747 909 4826 δεξώμεθα
991 4771 1152 4818 τινας,
1222 4751 1418 4826 ἑτεροῖα
1486 4756 1602 4825 περὶ
1648 4752 1814 4805 αὐτῶν

216 4845 584 4916 ἱστορηκὸτας,
643 4840 1051 4916 ἀπερισκέπτως,
1129 4839 1297 4914 οἶμαι,
1363 4843 1432 4894 τά
1467 4842 1583 4893 κατ’
1631 4841 1816 4904 αὐτοὺς

213 4930 527 5001 ἀκηκοότας,
595 4936 684 4984 καὶ
749 4935 814 4985 τὰ
877 4941 967 4992 τῆς
1016 4931 1260 4993 ἀληθείας
1334 4936 1418 4984 καὶ
1483 4939 1582 4983 τῶν
1655 4931 1814 5004 ἁγίων

213 5023 479 5096 προγονων
507 5024 579 5093 μή
637 5016 1058 5088 διηκριϐωκότας
1086 5020 1102 5090 (
1131 5025 1220 5072 καὶ
1248 5021 1349 5094 γὰρ
1405 5017 1611 5082 ἀληθῶς
1649 5020 1813 5093 ἅγιοι,

213 5113 372 5181 μέσον
457 5107 655 5161 ἀσεϐῶν
720 5106 966 5182 εἰλικρινῆ
1036 5113 1130 5167 τὴν
1207 5127 1386 5161 πιστιν
1473 5114 1815 5182 τηρήσαντες,

215 5206 312 5250 τῶν
345 5196 505 5268 ἁγίων
557 5216 612 5250 τε
667 5197 1074 5274 φυτοσπὸρων),
1137 5205 1226 5250 τοῦ
1292 5197 1493 5268 ἁγιωτοί
1546 5217 1605 5250 ου
1661 5195 1817 5251 τοῦδε

213 5293 302 5340 καὶ
369 5287 636 5340 θειοτάτου
714 5282 1204 5360 καταψευδομένους
1287 5282 1494 5360 ἀνδρὸς,
1569 5291 1658 5339 καὶ
1713 5289 1816 5340 οἷον

215 5374 340 5450 ὑπερ
382 5375 542 5428 αὐτοῦ
571 5380 692 5440 τοὺς
718 5375 770 5439 ἐξ
799 5375 866 5426 ὧν
918 5376 969 5427 οἱ
1004 5373 1318 5450 προελήλυθε
1376 5373 1770 5438 στηλιτεύοντας
1801 5392 1813 5404 ·

216 5460 322 5516 ἀλλ’
363 5463 588 5528 εὐσεϐεῖς
649 5468 741 5538 μεν
801 5466 850 5517 οἱ
900 5466 1188 5539 γεννάρχαι
1243 5471 1317 5532 τῷ
1376 5465 1597 5536 μάκαρι,
1655 5465 1720 5525 ὡς
1785 5467 1813 5522 ἡ

217 5551 446 5614 mnos;
473 5553 712 5608 ἀνέκαθεν
745 5555 952 5626 ίστόρία
981 5549 1279 5627 παρέδωκεν
1337 5567 1348 5583 ⁸
1411 5540 1630 5613 εὐσεϐεῖς
1661 5542 1713 5605 δ’
1769 5554 1819 5606 οἱ

1928 3142 2257 3216 pulverem;
2288 3141 2543 3214 pulchra
2571 3157 2816 3215 quoque
2831 3145 3158 3198 Damascus
3174 3142 3570 3210 (heucalami-

1928 3231 2063 3302 tas!)
2094 3230 2208 3287 sub
2236 3230 2566 3305 impiorum
2616 3229 2853 3286 illorum
2905 3233 3258 3304 potestatem
3308 3231 3570 3288 devenit.

1929 3325 2020 3382 Ex
2045 3321 2330 3378 omnibus
2360 3322 2562 3394 itaque
2593 3319 2748 3377 illius
2791 3321 3024 3387 incolis,
3087 3319 3389 3394 aliquibus
3430 3337 3580 3378 non-

1926 3411 2074 3469 nihil
2091 3409 2539 3481 reluctantibus,
2568 3408 2938 3483 quibusdam
2973 3410 3072 3466 Dei
3108 3408 3336 3466 cultum
3362 3409 3440 3466 ab
3470 3411 3577 3465 ini—

1927 3501 2007 3559 tio
2029 3500 2421 3573 ejurantibus,
2459 3499 2762 3557 nonnullis
2787 3515 2930 3557 vero
2987 3500 3113 3574 (qui
3168 3499 3335 3557 valde
3401 3501 3578 3574 pauci

1927 3589 2515 3664 erant)impollutam
2579 3605 2776 3664 usque
2819 3590 2898 3646 ad
2946 3589 3129 3646 ﬁnem
3191 3590 3577 3647 servantibus

1925 3679 2296 3752 religionem,
2327 3680 2590 3750 majores
2623 3680 2829 3750 magni
2849 3679 3031 3750 hujus
3070 3680 3341 3750 magistri
3397 3683 3576 3753 atque

1924 3769 2221 3843 prmconis
2243 3768 2382 3824 fidei
2409 3769 2703 3842 intrepide
2735 3773 3196 3842 constanterque
3220 3785 3329 3842 pro
3355 3769 3572 3824 eadem

1925 3865 2484 3934 seseopposuerunt
2531 3865 2588 3915 et
2635 3865 2759 3916 tota
2819 3861 2940 3916 vita
2966 3875 3075 3915 sua
3123 3860 3578 3916 custodiveruut

1925 3949 2111 4016 illam,
2142 3951 2279 4023 puri
2315 3964 2530 4022 puram
2558 3950 2680 4004 suis
2721 3948 3022 4004 tradentes
3063 3948 3315 4020 posteris
3344 3965 3357 4012 ;
3406 3947 3574 4020 quod

1925 4053 2133 4094 eorum
2163 4052 2408 4110 quoque
2463 4035 2895 4092 descendentes
2939 4035 3204 4091 successi
3261 4035 3554 4092 faciendo.

1925 4133 2098 4184 erant
2125 4127 2302 4183 veluti
2329 4129 2487 4182 rivus
2526 4126 2910 4182 mundissimi
2971 4124 3197 4190 ﬂuenti;
3264 4131 3321 4181 et
3373 4123 3568 4181 lutum

1923 4217 2243 4290 impietatis
2291 4221 2662 4288 permeantes
2708 4215 3159 4288 profanationes
3218 4213 3571 4270 barbaricas

1923 4306 2104 4363 veluti
2133 4306 2344 4362 limum
2368 4305 2719 4373 transibant;
2743 4305 3051 4374 virtutum,
3083 4305 3258 4360 utsic
3316 4302 3567 4360 dixerim

1922 4396 2213 4454 densitate
2244 4411 2344 4452 eos
2375 4394 2780 4467 impermistos
2810 4394 3265 4451 transmittente.

1995 4578 2051 4630 6.
2091 4573 2209 4628 Hoc
2270 4569 2448 4641 igitur
2500 4573 2698 4642 pacto,
2754 4569 2936 4625 veluti
2983 4584 3088 4642 per
3123 4568 3568 4624 successionem

1921 4663 2104 4734 hujus
2133 4660 2293 4717 beati
2318 4659 2429 4715 viri
2453 4663 2734 4732 parentes
2776 4659 2896 4714 vita
2931 4658 3180 4715 omnino
3209 4657 3484 4728 religiosa
3513 4662 3570 4711 et

1922 4750 2230 4826 praestanti
2253 4749 2465 4805 virtute
2497 4747 2884 4803 emicuerunt.
2929 4750 3042 4802 Nec
3086 4746 3236 4802 enim
3280 4744 3566 4818 recipien-

1921 4841 2033 4898 dos
2068 4845 2351 4914 putamus
2374 4852 2477 4893 eos
2496 4835 2599 4909 qui
2616 4835 2850 4892 diversa
2869 4836 3149 4908 quaedam
3167 4834 3240 4891 de
3260 4834 3409 4907 ipsis
3428 4848 3568 4889 nar-

1920 4933 2150 4998 rarunt,
2175 4943 2246 4982 eo
2267 4925 2433 4999 quod
2465 4939 2559 4980 res
2603 4939 2813 4979 eorum
2845 4923 3370 4980 indiscriminatim
3403 4921 3570 4979 audi-

1921 5018 2134 5082 verint,
2165 5022 2230 5072 ut
2258 5014 2552 5082 existimo,
2583 5028 2782 5086 neque
2811 5013 2885 5069 de
2915 5011 3285 5086 exquirenda
3324 5028 3568 5069 accura-

1923 5109 2036 5165 tius
2103 5106 2342 5162 veritate
2395 5103 2736 5159 auditorum
2795 5101 3024 5159 solliciti
3072 5103 3313 5160 fuerint.
3369 5103 3570 5160 Sancti

1923 5211 2186 5268 namque
2212 5200 2390 5266 atque
2415 5208 2489 5248 ex
2521 5192 2741 5248 sanctis
2771 5192 3048 5265 prognati
3075 5192 3258 5249 fuisse
3289 5191 3449 5249 credi
3471 5192 3573 5249 de-

1923 5285 2084 5351 bent,
2118 5284 2221 5357 qui
2263 5284 2324 5339 in
2354 5281 2556 5338 medio
2587 5281 2912 5354 impiorum
2939 5281 3237 5338 constituti
3270 5281 3450 5338 tidem
3481 5282 3571 5338 in-

1924 5378 2271 5430 temeratam
2311 5387 2545 5428 servare
2592 5375 2932 5444 potuerunt.
2970 5372 3356 5428 Sanctissimo
3394 5371 3572 5440 igitur

1923 5479 1994 5520 ac
2031 5462 2405 5520 divinissimo
2471 5461 2600 5518 viro
2647 5459 3016 5518 calumniam
3093 5461 3456 5533 impingunt,
3516 5464 3573 5514 et

1924 5551 2104 5612 veluti
2132 5569 2206 5610 ex
2235 5551 2425 5626 ipsius
2449 5549 2590 5610 odio
2619 5549 2774 5616 illos,
2812 5566 2848 5608 a
2871 5550 3095 5622 quibus
3116 5548 3425 5621 processit,
3476 5561 3572 5601 sui
