4084 6206
532 287 637 343 819
1725 283 2181 340 ΟΟΝΞΤΑΝΤΙΝΙ
2222 282 2710 341 ΑΟΗΟΡΟΙᾸΤΕ.
2826 348 2830 353 ο
3184 336 3185 339 η
3762 292 3857 345 820

534 409 743 481 gillant
774 425 787 464 :
815 407 1314 482 quandoquidem
1334 407 1425 463 vir
1447 406 1662 463 beatus
1690 412 1748 464 et
1782 406 2044 476 majores
2073 407 2185 463 ha-

2312 412 2529 480 τατέρες,
2570 413 2660 461 καὶ
2689 406 2875 479 ἀρετῆς
2932 403 3027 459 διὰ
3090 408 3265 465 πάσης
3315 406 3711 480 ἀννιποιούμενοι
3763 410 3861 483 βιο-

534 498 732 553 buerit
770 501 1030 562 sanctos,
1064 501 1118 551 et
1140 500 1416 567 parentes
1457 496 1663 567 quoad
1696 496 1970 552 vixerunt
1997 500 2187 550 secta-

537 590 693 643 tores
720 587 955 659 pietatis
993 586 1210 657 ;idque
1232 602 1369 641 cum
1402 586 1678 657 publicas
1710 591 1908 641 essent
1935 585 2190 654 dignita-

538 681 626 731 tes
658 676 837 741 nacti,
881 681 936 731 et
983 675 1171 730 multa
1202 675 1365 748 apud
1392 678 1600 731 Persas
1644 676 1907 747 potentia
1934 675 2189 747 praediti,

537 767 742 834 utpote
772 780 908 817 cum
933 762 1224 835 praefectis
1255 780 1463 819 eorum
1493 765 1873 819 dominantes
1900 769 1955 818 et
1984 778 2192 817 curam

540 851 704 907 urbis
727 852 1053 923 partientes
1069 852 1346 907 universa
1360 852 1542 908 ferme
1566 854 1855 908 Damasco
1878 853 1990 907 sub
2004 851 2191 924 patris

541 941 834 996 Mansuris
849 940 1070 995 ditione
1088 941 1435 997 constituta.
1469 941 1588 998 Sub
1609 941 1883 997 barbaris
1906 956 2191 1012 namque,

545 1030 696 1086 sicut
744 1030 874 1100 jam
913 1030 1056 1095 dixi,
1110 1031 1289 1099 geniti
1356 1032 1617 1100 majores
1670 1047 1797 1086 sese
1844 1032 2196 1101 aptaverant

542 1119 799 1192 tempori
828 1137 839 1173 :
875 1123 931 1174 et
957 1119 1092 1174 licet
1125 1135 1161 1174 a
1190 1135 1331 1175 vera
1358 1120 1641 1191 religione
1679 1135 1801 1174 non
1830 1118 2194 1181 recederent,

548 1208 1051 1281 appellationibus
1090 1213 1292 1264 tamen
1356 1209 1673 1264 nominum
1752 1214 1808 1265 et
1867 1208 2195 1264 amictuum

547 1296 881 1369 speciebus,
913 1296 1154 1351 barbari
1180 1295 1269 1369 (ut
1298 1296 1379 1352 sic
1417 1296 1694 1365 dixerim)
1733 1301 1789 1351 et
1833 1297 2024 1351 Persae
2076 1293 2199 1350 fue.

545 1391 681 1442 rant
710 1386 864 1441 facti.

620 1477 675 1531 7.
704 1474 1041 1529 Vocabatur
1058 1474 1261 1546 itaque
1280 1480 1451 1547 pater
1479 1476 1609 1546 ejus
1659 1478 1915 1542 Mansur,
1972 1472 2201 1529 Persico

550 1562 869 1629 vocabulo,
896 1568 952 1617 et
980 1563 1041 1617 in
1067 1563 1334 1619 maximo
1366 1564 1528 1637 apud
1558 1568 1767 1621 Persas
1819 1564 2046 1619 honore
2092 1577 2201 1634 po-

552 1651 697 1706 situs
734 1650 1189 1707 circumﬂuebat
1232 1652 1450 1707 divitiis
1477 1695 1491 1719 ,
1524 1658 1703 1724 atque
1745 1652 1993 1708 indutus
2017 1650 2205 1721 gloria

2296 504 2357 555 τῆ
2372 518 2410 563 ς,
2465 503 2553 549 καὶ
2604 505 2771 549 ταῦτα
2823 493 3091 569 δημοσίων
3141 495 3320 569 ἀρχῶν
3358 495 3729 569 ἐπειλημμένοι,
3786 506 3864 551 καὶ

2297 589 2364 639 τὰ
2390 587 2587 659 μεγάλα
2614 589 2760 661 παρὰ
2816 592 3043 658 Πέρσαις
3102 581 3403 658 δυνάμενοι,
3451 586 3539 639 εἶτε
3588 593 3672 640 καὶ
3714 608 3862 661 παρα-

2301 672 2701 737 δυναστεύοντες
2724 685 2798 746 τῷ
2829 677 3117 749 Περσάρχη
3149 679 3240 727 καὶ
3268 678 3360 737 τὰς
3415 677 3540 747 ύπέρ
3578 684 3664 728 τοῦ
3712 684 3866 729 κοινοῦ

2300 761 2582 837 φροντίδας
2639 764 3116 838 συμμεριζόμενοι,
3181 766 3353 816 πᾶσάν
3423 783 3479 815 τε
3536 761 3724 835 σχεδόν
3768 762 3868 836 εἶχε

2299 859 2392 913 τὴν
2447 858 2723 925 Δαμασκόν
2771 874 2797 905 ο
2857 856 3032 925 πατὴρ
3097 856 3345 925 Μανσούρ
3408 852 3497 904 ὑπ’
3549 852 3716 908 αὐτόν.
3761 854 3868 907 Ὑπὸ

2299 948 2400 1016 γὰρ
2441 951 2545 1003 τοῖς
2598 942 2909 1015 βαρϐάροις,
2976 945 3046 1005 ὡς
3104 943 3259 1014 ἔφθην
3317 941 3491 1009 εἰπὼν,
3545 944 3871 1012 γεγονότεςοὶ

2301 1037 2562 1105 πρόγονοι,
2593 1036 2681 1083 καὶ
2732 1036 2953 1103 χρόνους
3005 1031 3182 1091 αὐτοῖς
3242 1029 3661 1102 συναμείψαντες,
3711 1031 3750 1083 εἰ
3792 1036 3867 1082 καὶ

2302 1126 2373 1195 μὴ
2428 1126 2521 1179 την
2603 1123 2878 1195 θρησκείαν
2972 1124 3440 1191 μεταπεπτῶκεσαν
3494 1135 3506 1147 ’
3564 1118 3667 1169 ἀλλ’
3711 1115 3788 1170 οὖν
3829 1119 3870 1170 ἐν

2302 1211 2550 1269 κλήσεσιν
2582 1210 2865 1282 ὀνομάτων,
2906 1207 2954 1261 ἄν
3023 1208 3281 1261 ἀναϐολῶν
3339 1212 3617 1279 σχήμασιν
3675 1206 3871 1279 ἐϐαρϐά-

2972 1124 3440 1191 μεταπεπτῶκεσαν
3494 1135 3506 1147 ’

2304 1319 2481 1373 ρισοω,
2512 1299 2572 1350 ἶν’
2604 1299 2770 1360 οὕτως
2808 1302 3027 1369 εἴποιμι,
3059 1301 3148 1349 καὶ
3175 1295 3478 1370 ἐπέρσισαν.

2381 1476 2450 1536 ζ’.
2492 1474 2757 1531 Ἐκαλεῖτο
2809 1481 2933 1546 γοῦν
2984 1477 3234 1546 Μανσούρ
3269 1474 3296 1525 ό
3352 1477 3527 1545 πατὴρ
3590 1475 3876 1545 Περσίκώτε-

2308 1584 2417 1638 ρον,
2444 1569 2534 1616 καὶ
2560 1564 2779 1616 πλεῖστα
2803 1565 2948 1637 παρὰ
2982 1567 3211 1637 Πέρσαις
3258 1562 3339 1635 (4)
3393 1561 3607 1631 ἐτιμᾶτο
3660 1581 3673 1592 ⁸
3703 1558 3878 1629 πλούτῳ

2310 1672 2365 1705 τε
2442 1651 2775 1726 περιερρεῖτο,
2839 1656 2929 1703 καὶ
3009 1646 3166 1713 δόξαν
3221 1646 3609 1715 ἐνεδιδύσκετο,
3659 1652 3744 1699 καὶ
3796 1648 3878 1698 ὑπὸ

550 1741 930 1798 ambiebatur
963 1756 999 1795 a
1028 1740 1321 1812 frequenti
1351 1743 1655 1798 comitatu.
1683 1742 2093 1812 lndigentibus
2120 1740 2204 1796 in-

2315 1751 2525 1813 συχνῶν
2552 1742 2687 1792 πάνυ
2738 1738 3119 1815 περιεϐέϐλητο,
3180 1735 3441 1811 δεομένοις
3492 1735 3736 1809 ἐπαρκῶν,
3782 1730 3877 1786 ἀδι-

551 1832 723 1888 terim
756 1829 1181 1901 suppeditabat
1201 1830 1506 1901 pecunias,
1538 1831 1765 1887 ferebat
1796 1831 2080 1902 injuriam
2102 1847 2207 1903 pa-

547 1919 831 1977 tientibus
858 1934 1035 1990 opem
1067 1923 1123 1973 et
1159 1918 1493 1975 redimebat
1522 1921 1789 1992 captivos
1830 1919 1907 1975 ab
1934 1935 2203 1976 exsecra-

548 2008 651 2064 bili
679 2008 995 2062 Persarum
1030 2008 1449 2079 superstitione
1479 2009 1658 2064 simul
1710 2013 1765 2065 et
1817 2025 1853 2064 a
1906 2008 2202 2079 gehenna,

547 2099 710 2171 ipsos
750 2096 973 2168 alioqui
1002 2101 1300 2159 manente,
1328 2097 1643 2154 vindicans
1671 2098 1732 2153 in
1763 2098 2053 2155 futurum.
2075 2101 2203 2154 Non

548 2193 746 2243 autem
794 2186 910 2242 hoc
957 2185 1214 2241 faciebat
1256 2187 1676 2259 perfunctorie,
1729 2188 1823 2243 vel
1872 2188 2023 2243 sicut
2070 2204 2202 2243 sors

547 2276 778 2345 tulerat,
814 2292 1019 2331 eorum
1048 2276 1375 2347 peragebat
1418 2278 1752 2347 negotium,
1799 2277 1943 2333 satis
1968 2276 2203 2333 habens

546 2365 875 2422 redemisse
911 2380 1013 2419 eos
1063 2370 1242 2437 atque
1282 2365 1357 2420 de
1400 2370 1611 2421 caetero
1670 2364 1972 2434 neglectos
2002 2366 2200 2422 dimit-

548 2460 679 2511 tens
712 2472 724 2508 :
760 2452 861 2507 sed
894 2452 1159 2509 maxima
1188 2454 1346 2509 circa
1388 2470 1491 2510 eos
1522 2454 1799 2509 utebatur
1828 2454 2204 2526 providentia

546 2545 881 2614 iterumque
911 2547 967 2597 et
991 2543 1205 2597 iterum
1236 2543 1305 2597 iis
1334 2544 1641 2609 assistens,
1700 2558 1910 2598 omnes
1961 2542 2204 2598 insimul

547 2650 618 2690 ac
657 2632 905 2687 seorsim
945 2631 1211 2702 singulos
1264 2631 1532 2688 curabat.
1578 2632 1878 2703 Imprimis
1936 2647 2202 2704 namque

547 2738 756 2779 eorum
819 2721 1169 2791 contegebat
1218 2721 1575 2790 nuditatem,
1624 2726 1680 2777 et
1735 2720 2200 2778 imbecillitatem

548 2827 871 2883 corporum
918 2809 1184 2879 diligenti
1212 2810 1605 2882 competentis
1637 2810 1824 2866 victus
1849 2810 2077 2866 ratione
2115 2809 2203 2865 fo-

546 2901 726 2956 vebat
751 2915 1017 2969 congruo
1045 2898 1262 2955 deinde
1288 2915 1541 2956 numero
1581 2900 1815 2955 dierum
1849 2899 2000 2971 ipsis
2042 2898 2204 2954 velut

549 2989 813 3047 dominis
843 2989 966 3044 suis
1013 2989 1351 3055 intendens,
1402 2995 1458 3045 et
1507 2988 1806 3062 quidquid
1858 2988 1937 3043 ad
1993 3004 2202 3044 eorum

2312 1835 2581 1902 κουμένοις
2610 1828 2837 1902 βοηθῶν,
2898 1828 3263 1899 αἰχμαλώτους
3314 1828 3615 1898 ὠνούμενος,
3668 1828 3749 1876 καὶ
3802 1830 3880 1883 τῆς

2314 1918 2534 1991 ἀναγούς
2595 1920 2874 1991 θρησκείας
2949 1924 3161 1990 Περσῶν
3217 1922 3307 1968 καὶ
3363 1922 3574 1987 σύναμα
3620 1921 3707 1974 τῆς
3756 1930 3876 1985 περι-

2313 2012 2566 2081 μενούσης
2630 2010 2750 2060 ἔνθα
2827 2011 3031 2078 γεέννης
3111 2008 3381 2080 ῥυόμενος.
3470 2005 3581 2057 Ούκ
3632 2002 3779 2061 ἄλλως
3830 1997 3879 2053 δε

2313 2097 2564 2163 ἑξωνεῖτο,
2627 2103 2716 2149 καὶ
2773 2100 2841 2158 ὡς
2904 2098 3087 2167 ἔτυχεν
3141 2093 3364 2148 ἐποιεῖτο
3417 2097 3485 2146 τὰ
3533 2091 3646 2143 κατ’
3698 2090 3877 2155 αὐτούς,

2312 2185 2671 2258 ἀπαμελητούς
2720 2188 2897 2237 ἔπειτα
2932 2189 3134 2259 παριεὶς
3162 2186 3401 2255 καὶπερὶ
3453 2180 3727 2252 ἐλαχίστου
3768 2179 3877 2230 710i-

2311 2294 2479 2347 μενος,
2514 2274 2639 2326 ἀλλά
2671 2278 2764 2326 σύν
2796 2277 2926 2326 πάνυ
2981 2293 3041 2344 γε
3081 2272 3239 2344 πολλῇ
3299 2280 3363 2343 τῇ
3416 2275 3635 2345 προνοίᾳ
3683 2269 3878 2325 εἰσαῦθίς

2310 2383 2364 2416 τε
2450 2364 2627 2425 αὐτοῖς
2715 2362 3064 2435 ἐφιστάμενος,
3118 2366 3209 2413 καὶ
3262 2358 3488 2434 ἀθρόους
3543 2360 3669 2431 ὁμοῦ
3712 2359 3877 2417 πάντας

2310 2458 2400 2505 καὶ
2443 2450 2557 2525 ἰδίᾳ
2579 2457 2669 2503 καὶ
2703 2450 2819 2503 καθ’
2865 2452 2952 2503 ἕνα
2989 2449 3442 2521 ἐπισκεπτόμενος.
3470 2452 3549 2501 Τά
3594 2455 3766 2520 πρῶτα
3808 2447 3879 2495 καὶ

2310 2546 2411 2617 γὰρ
2450 2547 2544 2599 τὴν
2600 2551 2697 2602 τῆς
2757 2540 3130 2613 αἰχμαλωσίας
3185 2539 3385 2600 ἐκείνης
3449 2535 3755 2611 περιέστελλε
3800 2536 3877 2604 γύ-

2312 2651 2528 2704 μνωσιν,
2564 2635 2654 2682 καὶ
2712 2638 2784 2700 τῷ
2840 2638 2936 2690 τῆς
2988 2625 3195 2689 διαίτης
3248 2627 3482 2700 ἐπιμελεῖ
3530 2622 3874 2696 ἀνελάμϐανεν

2315 2724 2509 2780 ἱκαναῖς
2538 2716 2586 2771 δ’
2614 2721 2829 2792 ἡμέραις
2855 2720 3008 2770 οἱονεί
3062 2736 3173 2769 τισι
3226 2712 3514 2777 δεσπόταις
3576 2716 3876 2787 προσανίχων

2313 2810 2506 2875 αὐτοῖς,
2543 2814 2632 2861 καὶ
2698 2814 2798 2861 πᾶν
2853 2809 2974 2881 ὅπερ
3032 2806 3103 2866 εἰς
3159 2808 3438 2879 θεραπείαν
3491 2811 3736 2857 συντεῖνον
3780 2796 3880 2873 ᾔδει

2314 2896 2407 2951 διὰ
2491 2894 2730 2960 σπουδῆς
2785 2900 3093 2969 ποιούμενος
3159 2894 3475 2967 ἐκπληροῦν,
3534 2888 3732 2945 ἐπειδὰν
3781 2883 3878 2960 ᾔδει

2311 2994 2401 3041 καὶ
2430 2986 2602 3039 ἕϐλεπε
2637 3030 2650 3053 ,
2714 2994 2807 3046 τῆς
2838 2985 2893 3038 ἐκ
2946 2993 3042 3045 τῆς
3074 2983 3355 3044 λεηλασίας
3400 2983 3566 3036 τέλεον
3602 2980 3878 3038 τληπαθείας

551 3080 917 3136 commodum
930 3080 1520 3151 pertineretstudiose
1535 3079 1856 3151 complens:
1881 3083 2204 3150 postquam

2315 3076 2695 3147 ἀπαλλαγέντας
2754 3079 2844 3125 καὶ
2890 3076 3075 3134 ἱκανῶς
3146 3070 3595 3146 ἀναρρωσθέντας,
3667 3071 3785 3141 πρὸς
3837 3081 3881 3114 τε

553 3170 631 3226 ab
658 3169 943 3224 aerumnis
957 3184 1079 3223 suae
1093 3168 1455 3239 captivitatis
1477 3175 1787 3240 exemptos
1821 3167 2205 3223 sufﬁcienter-

552 3276 670 3331 que
709 3263 1002 3314 recreatos
1022 3257 1263 3314 videbat
1299 3257 1375 3313 ad
1426 3259 1739 3330 pristinam
1772 3258 2017 3313 rediisse
2037 3256 2205 3312 vale-

554 3348 845 3416 tudinem,
884 3347 1141 3418 jubebat
1182 3346 1495 3415 benevole,
1537 3353 1737 3402 utrum
1778 3345 2042 3413 mallent,
2081 3344 2206 3400 edi-

557 3455 709 3507 cere,
756 3438 997 3493 manere
1024 3453 1162 3491 cum
1194 3437 1319 3507 ipso
1348 3436 1438 3491 vel
1468 3437 1629 3492 edire
1669 3436 1746 3491 ad
1776 3435 2041 3508 propria.
2073 3434 2207 3500 Qui-

558 3543 795 3600 cunque
849 3526 1026 3594 igitur
1076 3524 1153 3580 ad
1184 3524 1441 3579 reditum
1488 3524 1551 3580 in
1583 3524 1839 3597 patriam
1877 3523 2210 3595 propende-

556 3618 681 3683 bat,
716 3614 1070 3669 sufficientia
1113 3613 1226 3669 sibi
1254 3614 1532 3669 sumebat
1565 3614 1780 3670 viatica
1809 3619 1865 3670 et
1910 3614 2061 3668 inter
2089 3612 2209 3668 feli-

557 3708 641 3762 cis
691 3704 915 3760 itineris
954 3709 1089 3758 vota
1128 3702 1535 3759 dimittebatur
1562 3723 1574 3762 :
1604 3703 1827 3775 quibus
1880 3718 2020 3758 vero
2065 3702 2211 3758 nihil

558 3799 684 3851 erat
711 3793 908 3866 potius
936 3808 1125 3866 quam
1179 3807 1317 3847 cum
1347 3808 1418 3848 eo
1468 3793 1696 3849 versari
1747 3792 1806 3847 in
1848 3791 2212 3847 suburbanis

558 3884 717 3955 agris
767 3898 921 3954 quos
960 3881 1307 3955 possidebat
1344 3880 1654 3953 plurimos,
1703 3881 1777 3936 iis
1818 3880 2211 3936 sufﬁcientem

554 3975 839 4045 largeque
869 3971 1284 4027 abundantem
1314 3970 1540 4027 ibidem
1572 3968 2073 4026 subministrabat
2128 3969 2210 4024 vi-

556 4070 738 4129 ctum,
790 4061 1030 4117 delicias
1083 4059 1313 4116 eisdem
1374 4059 1669 4115 exhibens
1724 4058 1887 4114 nullo
1936 4059 2209 4131 ipsorum

556 4153 762 4208 labore
792 4153 1093 4223 quaesitas.
1142 4151 1293 4206 Talis
1331 4157 1455 4206 erat
1490 4152 1612 4205 vita
1659 4150 1998 4219 genitorum
2033 4150 2211 4204 Joan-

556 4241 668 4308 nis,
702 4240 837 4294 talis
867 4240 1052 4294 virtus
1087 4256 1296 4295 eorum
1328 4257 1340 4293 :
1374 4238 1454 4293 sic
1485 4244 1771 4294 vacantes
1807 4241 1925 4293 Deo
1951 4254 2020 4293 ac
2058 4253 2210 4310 puro

560 4328 689 4396 ejus
734 4328 1068 4391 famulatui,
1103 4344 1296 4383 annos
1337 4344 1478 4382 suos
1519 4345 1656 4383 cum
1687 4326 2210 4394 omni,honestate

559 4414 1015 4481 emetiebantur,
1046 4431 1285 4487 semper
1313 4415 1479 4470 illum
1528 4416 1818 4471 habentes
1846 4430 1971 4486 prae
2001 4413 2208 4484 oculis,

560 4510 618 4560 et
655 4520 763 4559 sua
793 4503 1000 4558 omnia
1049 4503 1162 4575 ipsi
1209 4509 1645 4565 consecrantes,
1689 4504 1783 4557 cui
1826 4508 2015 4557 totum
2060 4501 2210 4557 fere—

559 4593 707 4649 bant
736 4597 1071 4663 acceptum,
1114 4596 1169 4647 et
1198 4595 1441 4663 propter
1472 4607 1653 4663 quem
1694 4590 1965 4646 fortunas
2008 4605 2214 4645 omnes

559 4681 1007 4756 promptissime
1039 4679 1570 4735 communicabant
1600 4677 2010 4751 poscentibus.

629 4777 659 4828 8
712 4770 863 4839 Quid
895 4775 1096 4827 autem
1144 4770 1343 4826 bonus
1399 4774 1815 4825 remunerator
1856 4769 2010 4824 Deus
2040 4770 2067 4824 ?
2095 4771 2212 4826 Ma-

561 4880 683 4933 gna
696 4860 973 4918 extremis
985 4876 1317 4925 reservans,
1344 4858 1735 4930 temporibus,
1756 4873 2046 4927 magnum
2068 4860 2216 4931 quid

560 4953 808 5022 largitus
847 4952 930 5007 eis
954 4951 1083 5008 fuit.
1117 4949 1342 5006 Etenim
1392 4949 1674 5005 diuturna
1714 4947 2058 5004 laborantes
2108 4956 2216 5005 ste-

561 5040 771 5096 rilitate
803 5047 859 5097 et
885 5040 1154 5096 sobolem
1187 5040 1315 5110 jam
1346 5039 1447 5094 diu
1493 5038 1902 5111 desperantes,
1935 5045 2213 5111 parentes

562 5132 775 5199 etfecit,
816 5137 871 5185 et
904 5132 1149 5202 quidem
1194 5129 1477 5185 mascula?
1532 5128 1716 5201 prolis
1767 5134 2061 5200 parentes,
2132 5135 2213 5186 ta-

560 5220 751 5292 lisque
771 5219 875 5274 ﬁlii
899 5235 1081 5291 quem
1122 5218 1303 5273 simul
1328 5235 1464 5274 cum
1499 5218 1708 5274 Gratiis
1730 5222 1938 5273 natum
1965 5218 2099 5290 quis
2128 5218 2212 5273 di-

559 5308 726 5375 xerit,
751 5323 822 5362 eo
852 5306 1019 5380 quod
1044 5322 1166 5362 non
1188 5305 1382 5361 solum
1412 5304 1545 5362 illos
1562 5322 1597 5361 a
1615 5306 1925 5378 praeterita;
1946 5306 2212 5362 infecun-

631 5480 706 5552 (4)
734 5477 973 5552 Videtur
1008 5480 1234 5541 anctor,
1275 5474 1455 5531 veluti
1472 5491 1549 5552 ex
1581 5476 1672 5552 sui
1737 5476 2025 5552 temporis
2071 5493 2204 5552 usu,

553 5547 924 5611 honeratiori
973 5552 1284 5619 Persarum
1304 5547 1709 5619 appellatione
1761 5547 2091 5619 Saracenos
2122 5548 2206 5602 di-

553 5624 744 5697 gnari,
787 5628 849 5679 ut
885 5622 990 5694 qui
1032 5623 1164 5695 jam
1214 5618 1369 5674 inde
1398 5618 1481 5702 ab
1534 5634 1697 5701 anno
1737 5623 1861 5687 628,
1906 5618 2199 5695 exstincto

2314 3172 2406 3225 τὴν
2452 3166 2634 3219 ἑαυτοῦ
2666 3166 2881 3218 ἕκαστον
2939 3161 3377 3222 ἐπανεληλυθότας
3414 3163 3637 3233 ύγίειαν,
3674 3161 3726 3210 τὸ
3773 3157 3878 3228 πρὸς

2317 3255 2571 3329 βούλησιν
2625 3252 2940 3326 ἐξαγορεύειν
3013 3248 3210 3313 δεξιαῖς
3269 3250 3529 3304 ἀνέπειθεν
3583 3248 3878 3323 ἐρωτήσεσιν.

2313 3346 2409 3405 ’ος
2440 3340 2525 3397 οὖν
2556 3345 2729 3416 ᾑρεῖτο
2768 3348 2994 3394 συνεῖναι
3050 3348 3209 3398 συνῆν
3235 3361 3247 3371 ·
3283 3340 3333 3402 ὃς
3384 3336 3445 3393 δὲ
3483 3343 3575 3397 τήν
3623 3338 3745 3408 πρὸς
3788 3336 3882 3389 τοὺς

2316 3434 2537 3495 οἰκείους
2588 3431 2934 3504 προύθυμεῖτο
3027 3426 3287 3487 δήπουθεν
3373 3427 3697 3492 στείλασθαι,
3733 3415 3882 3493 ἑφόδιὸ

2316 3543 2370 3577 τε
2402 3521 2677 3595 ἐλάμϐανεν
2718 3520 3010 3593 αὐτάρκως,
3064 3524 3155 3571 καὶ
3186 3518 3373 3590 εύχαῖς
3436 3514 3662 3577 εύοδίαις
3717 3508 3882 3570 συνεξε-

2318 3616 2545 3684 πέμπετο
2579 3632 2590 3643 ·
2621 3612 2734 3662 ἔστι
2765 3605 2825 3661 δὲ
2852 3613 2943 3661 καὶ
2993 3610 3065 3668 οἷς
3125 3610 3226 3681 πρὸ
3292 3610 3489 3669 παντὸς
3538 3600 3687 3657 ἄλλον
3737 3600 3882 3652 τουτοί

2323 3701 2597 3769 στέρξασιν
2655 3698 2702 3750 ἐν
2757 3702 3106 3772 προαστείοις,
3162 3695 3210 3748 ἐν
3264 3694 3450 3768 ἀγροῖς
3505 3694 3767 3763 (πλεῖστοι

2320 3790 2459 3861 αύτῴ
2511 3792 2785 3861 προσόντες
2838 3785 3159 3858 ἐτύγχανον)
3206 3786 3378 3837 ἄνετον
3417 3788 3512 3842 τὴν
3572 3778 3763 3834 δίαιταν
3798 3771 3883 3828 ἐδί-

2320 3875 2417 3930 δου
2444 3882 2534 3929 καὶ
2585 3877 2822 3948 ἄφθονον,
2898 3879 2988 3928 καὶ
3049 3878 3241 3949 τρυφὴν
3275 3872 3443 3925 ἐκεῖσε
3490 3878 3732 3943 παρεῖχεν
3773 3866 3881 3936 οἶμο-

2316 3970 2450 4040 χθον
2501 3972 2591 4017 καὶ
2670 3965 2938 4039 ἀνήροτον.
3005 3972 3245 4023 Τοιοῦτος
3309 3970 3411 4013 τῶν
3464 3962 3815 4034 γεγεννηκότων
3860 3952 3881 4000 ὁ

2319 4055 2456 4131 βίος,
2512 4058 2729 4111 ταιαύτη
2786 4054 2988 4106 ἐκείνων
3045 4055 3073 4111 η
3134 4052 3288 4125 ἀρετὴ
3331 4073 3343 4083 ·
3402 4051 3539 4103 οὕτω
3594 4067 3645 4100 τε
3679 4054 3744 4115 τῷ
3788 4046 3880 4107 Θεῷ

2318 4149 2640 4218 λατρεύοντες
2699 4145 2942 4216 καθαρῶς
2992 4147 3086 4200 τὴν
3137 4143 3277 4203 ζωὴν
3324 4139 3492 4200 καλῶς
3549 4137 3873 4218 ἐξεμέτροσαντ

2318 4239 2446 4289 Θεὸν
2478 4233 2553 4287 ἀεὶ
2590 4236 2691 4307 πρὸ
2751 4231 3023 4304 ὀφθαλμῶν
3073 4234 3299 4303 ἔχοντες,
3376 4233 3467 4281 καὶ
3521 4235 3633 4296 Θεῷ
3679 4226 3738 4276 τὰ
3784 4216 3875 4269 κατ’

2315 4325 2501 4384 αύτούς
2549 4322 2883 4395 ἀναρτῶντες,
2936 4326 3023 4372 καὶ
3066 4323 3229 4390 τούτῳ
3278 4324 3378 4371 πᾶν
3438 4316 3757 4375 ἀνατιθέντες,
3807 4309 3878 4357 καὶ

2317 4410 2389 4465 δι’
2426 4413 2581 4464 αὐτόν
2602 4416 2899 4486 προχείρως
2928 4412 3061 4481 ἄγαν
3090 4412 3157 4460 τὰ
3188 4412 3451 4481 προσόντα
3505 4412 3613 4467 τοῖς
3663 4396 3876 4474 βουλομέ-

2315 4522 2417 4563 νοις
2443 4505 2781 4576 παρέχοντες.

2393 4764 2462 4824 η’.
2497 4770 2559 4817 Τί
2587 4772 2709 4836 γοῦν
2740 4766 2765 4816 ὁ
2793 4763 2987 4835 ἀγαθὸς
3034 4758 3441 4836 μισθαποδότης
3479 4763 3642 4825 Θεός;
3700 4748 3880 4822 Μεγάλαι

2321 4853 2398 4907 ἐπ’
2456 4853 2694 4925 ἐσχάτων
2757 4858 3037 4926 ταμιεύων,
3115 4851 3320 4924 μεγάλῳ
3377 4847 3641 4901 κάνταῦθα
3702 4843 3879 4926 τούτονς

2323 4920 2641 5016 δεδώρηται.
2687 4948 2786 4995 Καὶ
2824 4920 2935 5016 ⁷γὰρ
2989 4920 3193 4995 τέθεικε⁷
3234 4920 3482 5012 πατέρας,
3544 4935 3763 5009 μακροὺς
3791 4920 3875 4983 ἤδη

2319 5038 2546 5107 χρόνους
2570 5038 2663 5090 τὴν
2690 5028 2943 5084 ἀπαιδίαν
2972 5026 3398 5100 δυστυχοῦντας,
3429 5032 3517 5079 καὶ
3582 5028 3669 5081 τὴν
3722 5026 3879 5070 τεκνω-

2323 5142 2404 5174 σιν
2429 5126 2485 5173 τὸ
2536 5121 2765 5181 παντελὲς
2815 5119 3199 5179 ἀπελπίσαντυς
3248 5135 3261 5146 ’
3315 5122 3403 5168 καὶ
3452 5118 3648 5185 πατέρα
3703 5107 3876 5180 οῐρρενος

2318 5231 2372 5263 τε
2396 5207 2610 5276 παιδός,
2669 5215 2758 5263 καὶ
2818 5210 3025 5262 αύτοθεν
3080 5208 3233 5269 εὐθὺς
3294 5206 3711 5279 συγγεννηθὼντος
3743 5189 3877 5266 (εἶπεν

2318 5301 2377 5352 οἶν
2405 5302 2502 5369 τις)
2566 5308 2681 5360 ταῖς
2728 5301 2955 5374 Χάρισιν
3016 5314 3029 5327 ·
3082 5296 3188 5369 ούχ
3235 5297 3315 5349 ὅτι
3359 5301 3480 5366 γοῦν
3534 5299 3622 5350 τῆς
3668 5280 3878 5360 πρότεραις

2316 5472 2574 5529 Chosroe
2593 5474 2648 5525 et
2674 5468 2809 5523 ﬁliis
2843 5468 2993 5539 ejus,
3036 5465 3356 5539 imperium
3374 5459 3617 5521 Orientis
3639 5452 3871 5539 ereptum

2313 5541 2502 5599 Persis
2528 5545 2866 5597 tenuerunt.
