4084 6206
201 297 310 350 821

200 420 294 474 ἐπὶ
335 428 397 492 τῇ
442 425 718 492 στειρώσει
769 418 935 478 λύπης
994 415 1308 491 ἀφαιρεῖται,
1369 415 1495 468 ἀλλὰ
1543 421 1638 468 καὶ
1669 417 1817 470 πλεί-

201 529 336 570 στης
375 506 486 567 ἤδη
543 516 639 569 τῆς
676 509 927 580 εὐθυμίας
978 505 1289 578 ἐμπίπλησι,
1355 513 1417 577 τῇ
1476 513 1568 557 τοῦ
1605 525 1816 577 γεγενη-

198 603 362 671 μένου
390 598 444 660 ἐξ
484 598 644 659 αὐτῆς
695 593 926 671 προόδου
992 595 1207 666 καλλονῇ
1250 614 1304 646 τε
1355 599 1444 646 καὶ
1505 598 1809 668 ὡραιότητι,

194 691 260 740 τὸ
291 696 388 740 τοῦ
415 689 571 747 ἤθους
624 685 676 748 ἐς
727 690 888 739 νέωτα
931 689 1147 756 κόσμιόν
1189 703 1243 735 τε
1300 689 1388 736 καὶ
1444 689 1630 757 χαρίεν
1689 682 1811 746 δούς

194 777 386 837 αὐτοῖς
423 774 898 850 προφοιϐάζεσθαι.
952 775 1038 826 Ἐκ
1083 775 1329 826 τοιούτων
1379 777 1405 824 ό
1452 778 1614 843 μέγας
1663 775 1810 836 οὗτος

191 869 526 935 γεγέννηται,
583 862 638 916 ἐκ
693 866 938 923 τοιαύτης
1001 864 1028 913 ό
1070 864 1200 923 θεῖος
1255 864 1456 934 καρπὸς
1503 871 1594 923 τῆς
1656 864 1808 937 ῥίζης

188 953 654 1028 τετελεσφόρηται,
715 951 770 1004 ἐκ
843 954 1104 1004 τοσούτων
1143 955 1235 1008 τὴν
1294 949 1478 1023 ἀρετὴν
1530 953 1556 1002 ὸ
1614 955 1805 1012 ταύτην

186 1041 558 1118 ἀπαράμιλλος
621 1041 982 1116 προελήλυθεν.
1045 1036 1258 1098 Ἐπειδή
1324 1036 1382 1092 δὲ
1438 1045 1522 1092 καὶ
1589 1041 1804 1113 προελη-

185 1131 338 1194 λυθε,
408 1133 654 1206 παραυτά
727 1139 798 1200 τῷ
873 1128 1207 1202 βαπτίσματι
1283 1130 1672 1199 καθαγνίζεται.
1735 1130 1803 1184 Ὦ.

188 1220 361 1281 ζήλου
391 1225 578 1292 γονέων
611 1220 623 1274 l
657 1221 697 1271 ὡ
726 1224 946 1280 πίστεως
979 1217 1292 1290 ἀκραιφνοῦς
1347 1216 1359 1270 l
1429 1219 1468 1268 ὡ
1537 1215 1797 1291 διαπύρου

187 1310 413 1385 φᾶτρου
437 1313 561 1384 πρὸς
590 1312 776 1380 Κύριον
812 1307 822 1362 ἓ
855 1307 966 1360 Ούκ
994 1310 1202 1382 ἔτρεσαν
1232 1310 1318 1358 τόν
1373 1306 1531 1364 ἀσεϐῆ
1604 1304 1638 1360 δ
1643 1314 1797 1360 εσπό-

183 1418 308 1465 την,
361 1399 422 1450 οὐ
497 1402 612 1458 τοὺς
668 1397 716 1449 ἐν
767 1397 894 1450 τίλει
932 1401 1022 1448 καὶ
1071 1399 1373 1467 συνάρχους
1433 1395 1678 1464 ἔπτηξαν,
1736 1398 1794 1450 ού

184 1485 373 1560 δήμου
401 1487 632 1559 ἀλογίαν,
674 1487 767 1539 οὐκ
797 1489 967 1546 ἔθνους
1025 1483 1268 1536 ἀπόνοιαν
1327 1479 1618 1535 ἐδειλίασαν
1679 1507 1691 1517 ·
1735 1486 1793 1537 ού

182 1573 358 1638 δόξης
401 1579 724 1647 ἐφρόντισαν,
779 1575 837 1626 οὐ
866 1575 1180 1648 χρημάτων,
1233 1573 1328 1624 οὐκ
1379 1569 1529 1623 όλϐου
1594 1572 1795 1625 πολυει-

179 1661 339 1730 δούς,
391 1661 602 1726 ὸύδενὸς
643 1663 815 1725 ἁπλῶς
870 1671 967 1714 τῶν
1018 1669 1122 1722 τοῖς
1167 1660 1368 1720 πολλοῖς
1419 1666 1538 1733 περὶ
1603 1661 1791 1713 πολλοῦ

175 1758 557 1824 τυγχανόντων
609 1755 806 1811 τούτοις
885 1750 1206 1821 ἀμωσγέπως
1287 1748 1528 1821 ἕμέλησεν

172 1849 279 1892 τῶν
325 1843 532 1893 πάντων
571 1844 601 1899 ἠ
665 1845 910 1914 στέρησις
964 1842 1032 1899 ὡς
1085 1834 1234 1890 οὐδὲν
1295 1839 1639 1911 ύπερεωρᾱτο,
1698 1843 1786 1891 καὶ

171 1936 335 2002 μόνος
394 1932 421 1982 ό
460 1937 553 1983 τού
606 1937 740 1984 Θεοῦ
787 1931 946 1990 πόθος
1002 1933 1331 2002 προετιμᾶτο,
1400 1931 1488 1978 καὶ
1542 1926 1786 2001 λαμπρῶς

591 2015 758 2071 Οὐδὲν
843 2014 930 2070 οὖν
985 2019 1107 2090 ὅπερ
1181 2016 1474 2089 ὑπίθραξαν
1531 2015 1784 2074 ἀναϐολήν

1270 2126 1281 2137 ·
1340 2103 1445 2156 ἀλλ’
1504 2104 1557 2167 ἐξ
1623 2105 1784 2166 αὐτῆς

171 2021 501 2093 προετίθετο.

169 2127 293 2160 τινα
361 2113 452 2160 καὶ
522 2109 795 2179 ὑπέρθεσιν
878 2105 1216 2180 ἐμπεποίηκεν

167 2197 338 2248 αὐτὸν
367 2198 596 2268 ἡγίασαν
639 2205 734 2256 τῆς
783 2200 1028 2266 γενέσεως
1087 2189 1399 2265 ἀναφανδὸν,
1453 2193 1560 2266 οὐχ
1616 2195 1685 2256 ὡς
1735 2199 1787 2251 οἱ

165 2288 281 2356 πρὸ
318 2285 486 2336 αὐτῶν
539 2283 706 2354 λάθρα
755 2279 904 2337 τοῦτο
963 2279 1387 2357 διεργασάμενοι,
1452 2284 1626 2354 ἔμοιγε
1694 2277 1782 2333 δο-

168 2379 312 2438 κεῖν,
367 2377 456 2423 καὶ
500 2374 684 2425 ἄνωθεν
729 2373 799 2434 εἰς
848 2380 998 2423 τοῦτο
1055 2375 1493 2443 κατεπειγόμενοι.
1532 2371 1624 2422 "Ov
1679 2373 1780 2444 γάρ

167 2466 502 2537 προέγνωκεν
531 2463 558 2513 ό
598 2465 743 2530 Θεὸς,
799 2466 888 2514 καὶ
951 2464 1082 2535 πρὸς
1136 2465 1220 2512 τὸν
1276 2469 1372 2522 τῆς
1427 2459 1610 2514 ἑαυτοῦ
1657 2459 1784 2533 πόρ-

169 2551 340 2624 ῥωθεν
438 2552 694 2623 ἀφώρισεν
810 2550 1122 2611 Ἐκκλησίας
1213 2551 1591 2623 καταρτισμὸν,

171 2639 424 2710 ἠνέσχετ’
469 2637 528 2689 ἆν
580 2635 646 2695 δὴ
703 2638 893 2690 αὐτίκα
928 2647 1000 2708 τῷ
1039 2639 1301 2712 προελθεῖν
1340 2639 1776 2708 καθαγνισθῆναι,

438 2552 694 2623 ἀφώρισεν
810 2551 1122 2611 Ἐκκλησίας
1213 2551 1591 2623 καταρτισμὸν,
1688 2551 1779 2600 οὐκ

170 2733 262 2779 καὶ
313 2729 429 2798 ἅμα
478 2735 549 2797 τῷ
590 2725 904 2779 ἀναπνεῦσαι
970 2725 1375 2797 ἀναγεννηθῆναί
1405 2746 1458 2778 τε
1510 2731 1600 2778 καὶ
1656 2725 1777 2777 ἀνα-

169 2816 475 2875 πλασθῆναι
512 2821 604 2876 τὴν
655 2823 870 2891 κρείττω
918 2837 972 2870 τε
1005 2822 1095 2869 καὶ
1149 2819 1406 2890 θειοτέραν
1441 2814 1776 2888 ἀναγέννησιν

163 2912 258 2958 καὶ
290 2905 602 2960 ἀνάπλασιν.

237 3078 308 3132 θ’.
339 3077 477 3129 Ἀλλ’
505 3074 684 3136 ἐπειδὴ
735 3083 825 3136 τὴν
859 3077 1109 3152 βρεφικὴν
1167 3077 1528 3150 παραμείψας,
1588 3082 1776 3152 ὡραῖος
1806 3115 1847 3170 C

163 3167 230 3216 ὧν
266 3166 529 3238 ἐτύγχανε
555 3172 644 3218 καὶ
687 3164 1028 3230 παιδεύσεως,
1086 3168 1180 3220 οὐκ
1234 3164 1446 3220 ἀπεῖδον
1510 3169 1558 3219 οἱ
1599 3174 1774 3240 σεμνοὶ

162 3261 474 3329 γεννήτορες
529 3261 618 3307 καὶ
687 3258 954 3308 θεσπέσιοι
1018 3263 1086 3318 εὶς
1136 3254 1480 3328 παιδοτρίϐας
1548 3276 1773 3330 σωματι-

164 3347 317 3411 κοὺς,
378 3347 448 3406 ὡς
505 3343 564 3395 ἀν
603 3346 629 3395 ό
686 3353 804 3405 παῖς
844 3345 1016 3406 αὐτοῖς
1070 3345 1264 3418 εὐφυῶς
1326 3344 1577 3402 ἀσκήσειε
1629 3345 1773 3408 τόξον

164 3433 662 3504 μεταχειρίζεσθαι,
695 3438 783 3484 καὶ
821 3434 1067 3496 καθάπαξ
1125 3438 1242 3507 περὶ
1299 3437 1477 3506 μάχας
1527 3439 1616 3486 καὶ
1673 3423 1773 3486 πό-

163 3519 355 3592 λέμους
382 3517 676 3592 εὐδοκιμεῖν
719 3543 731 3554 ο
783 3520 890 3572 ἀλλ’
928 3519 1052 3574 οὐδὲ
1102 3526 1224 3582 τοὺς
1289 3522 1373 3574 ἐπὶ
1435 3529 1541 3585 τοίς
1593 3543 1775 3594 γυμνι-

163 3616 277 3669 κοῖς
319 3613 680 3680 γυμνάσοντας
718 3608 916 3682 ἀγῶσιν
974 3611 1255 3681 ἐζήτησαν,
1316 3615 1384 3674 ὡς
1435 3610 1494 3663 ἂν
1535 3608 1601 3670 δὴ
1643 3633 1773 3684 πυγ-

163 3703 272 3769 μήν
311 3694 753 3772 παιδοτριϐηθείη
811 3696 1242 3772 διαγωνίζεσθαι,
1296 3703 1497 3772 κούφως
1543 3720 1596 3754 ιε
1647 3703 1772 3752 θέειν

163 3794 252 3840 τὸν
286 3783 524 3853 δίαυλον,
563 3793 650 3840 καὶ
682 3785 941 3841 δισκεύειν
973 3789 1216 3862 εὐχερῶς,
1274 3795 1364 3842 καὶ
1421 3787 1637 3862 δόλιχον
1686 3791 1772 3842 άλ-

159 3875 371 3939 λεσθαι,
419 3876 448 3934 ἡ
483 3881 572 3928 καὶ
633 3876 770 3950 ωάλῃ
833 3883 952 3940 τούς
1011 3879 1076 3939 εἰς
1123 3886 1312 3950 χεῖρας
1367 3879 1529 3939 ἰόντας
1588 3876 1771 3942 δεξιῶς

157 3963 504 4016 καταϐάλλειν
534 3971 624 4018 καὶ
673 3973 950 4042 νικηφόρος
998 3966 1314 4020 ἀνίστασθαι
1344 3986 1356 3998 ·
1387 3967 1492 4019 ἀλλ’
1539 3967 1769 4029 ἐζητεῖτο

158 4049 454 4112 παιδευτὴς
490 4052 796 4127 ἀξιόχρεως,
829 4057 884 4117 ὅς
922 4055 980 4107 ἆν
1021 4053 1182 4114 εἰδείη
1245 4058 1610 4130 ῥυθμίσασθαι
1660 4057 1769 4128 ψυ-

160 4146 294 4212 χὴν,
353 4151 627 4214 κοσμῆσαι
687 4153 855 4216 σῶμα,
925 4151 1013 4196 καὶ
1072 4154 1184 4216 Θεῷ
1258 4155 1624 4221 παραστῆσαι,
1678 4152 1768 4199 καὶ

161 4230 343 4290 ἁπλῶς
373 4229 484 4282 ἀντὶ
521 4234 742 4302 χθονίου
799 4243 1139 4292 καταστῆσαι
1193 4234 1464 4306 ἀγγελικόν
1518 4256 1633 4287 τινα
1679 4241 1769 4288 καὶ

1505 4323 1612 4375 ἀλλ’
1679 4328 1766 4377 οὗ-

162 4425 350 4478 μενουν
390 4408 495 4478 οὐχ
535 4411 800 4483 εὑρίσκετο
831 4427 842 4439 ·
897 4407 956 4468 ἧν
986 4415 1087 4485 γὰρ
1144 4417 1232 4464 καὶ
1281 4414 1537 4475 παντελῶς
1575 4416 1767 4486 ἄπορον

163 4319 426 4390 οὐράνιον,
465 4319 729 4382 Ἐζητείτο
758 4325 847 4393 μὲν
905 4322 1044 4383 ἄξιος
1091 4320 1379 4385 παιδευτὴς
1422 4346 1434 4357 -

163 4495 214 4546 ἐν
280 4494 568 4569 βαρϐάροις
639 4501 724 4549 τὸν
777 4497 998 4557 Ἕλληνα
1055 4497 1446 4572 διηκριϐωκότα
1480 4502 1629 4573 λόγον
1683 4505 1766 4554 εὑ-

162 4591 294 4656 ρεῖν,
340 4590 428 4637 καὶ
467 4589 621 4656 μέσον
672 4585 869 4639 ἀσεϐῶν
923 4585 1075 4661 ἀνδρὶ
1123 4593 1255 4641 κατά
1293 4594 1420 4642 Θεὸν
1470 4591 1624 4650 ζῶντι
1681 4612 1766 4644 πε-

162 4681 430 4742 ριτυχεῖν,
461 4678 550 4725 καὶ
609 4678 765 4744 ἱκανῷ
793 4695 853 4745 γε
890 4680 1019 4750 πρὸς
1049 4676 1130 4728 ἕπὶ
1153 4681 1349 4738 τούτοις
1388 4675 1507 4738 ἦθος
1564 4681 1766 4752 ἀνθρώ-

164 4780 270 4812 που
309 4765 442 4834 πρὸς
470 4767 528 4815 τὸ
565 4771 796 4837 κρεῖττον
841 4771 928 4818 καὶ
971 4768 1216 4841 θειότερον
1264 4765 1493 4838 ἀγαγεῖν.
1529 4769 1623 4821 Ἦν
1680 4767 1766 4821 οὖν
1792 4796 1802 4803 ·

164 4851 192 4900 ό
223 4856 400 4925 πατὴρ
428 4850 475 4902 ἐν
516 4851 708 4926 ἀπορία
735 4855 752 4924 (
784 4857 948 4924 τούτῳ
995 4858 1092 4929 γὰρ
1153 4856 1342 4927 μᾶλλον
1391 4859 1419 4914 ἡ
1454 4863 1568 4929 περὶ
1612 4855 1767 4910 τοῦδε

167 4944 378 5010 φροντὶς
445 4938 724 5010 ἐνέκειτο),
797 4948 886 4995 καὶ
967 4947 1101 4995 οὕτω
1179 4947 1426 4997 πάντοθεν
1507 4946 1762 5012 ἀνεζήτει,

165 5027 255 5079 ἅτε
287 5029 373 5080 ἐπὶ
403 5031 578 5091 πάσης
641 5032 843 5103 ἰσχύων
900 5039 995 5092 τῆς
1053 5031 1223 5106 ἀρχῆς
1278 5034 1473 5106 μεγάλα
1533 5041 1759 5107 Περσῶν,

161 5120 249 5166 καὶ
283 5120 586 5188 πανταχόθι
623 5123 817 5181 ταύτης
869 5131 1196 5195 περιφοιτῶν,
1253 5128 1342 5173 καὶ
1392 5126 1476 5173 τὸν
1533 5132 1765 5175 τοιοῦτον

164 5204 452 5275 ἀνιχνεύων
479 5209 589 5259 ὅθεν
620 5208 679 5259 ἆν
719 5213 807 5260 καὶ
851 5211 1158 5278 θηράσαιτο.
1211 5215 1339 5272 Θεὸς
1369 5208 1430 5262 δε
1464 5213 1586 5283 ἄρα,
1618 5215 1643 5264 ό
1673 5211 1766 5264 διὰ

164 5302 264 5345 τῶν
294 5293 531 5347 ἱναντίων
557 5299 622 5348 τά
663 5296 863 5350 ἐναντία
905 5299 1183 5372 οἰκονομῶν
1248 5305 1335 5351 καὶ
1381 5299 1553 5370 λόγοις
1610 5299 1764 5376 ἀπορ-

167 5383 340 5456 ρήτοις
379 5380 631 5456 διεξάγων
660 5390 725 5438 τὰ
775 5387 891 5438 καθ’
937 5391 1072 5459 ἡμᾶς
1138 5390 1349 5456 ἄνωθεν,
1404 5394 1493 5440 καὶ
1540 5393 1603 5440 τὰ
1648 5397 1764 5462 περὶ

171 5475 356 5524 τούτου
413 5483 581 5545 σοφῶς
621 5472 853 5540 διετίθει,
909 5483 997 5529 καὶ
1048 5477 1307 5552 πόρρωθεν
1349 5479 1632 5535 συνήλαυνε
1677 5483 1764 5531 τὸν

173 5564 310 5613 κατά
337 5565 606 5635 πρόθεσιν,
628 5571 718 5616 καὶ
746 5569 1012 5638 μαχρὸθεν
1059 5575 1296 5642 προσῆγε
1332 5571 1419 5620 τὸν
1461 5585 1597 5620 κατα
1637 5566 1762 5642 βού-

1417 289 1488 345 ΙΝ
1528 287 1584 346 S.
1621 290 1814 348 JOAN.
1857 287 2356 348 DAMASCENUII.

3467 280 3580 346 822

1927 417 2128 473 ditatis
2159 417 2440 473 mmstitia
2475 414 2770 484 liberavit,
2819 427 3030 469 verum
3071 410 3252 468 etiam
3298 407 3591 479 iucundi,

1926 511 2041 562 tate
2068 523 2255 578 quam
2285 505 2553 560 maxima
2581 502 2867 576 implevit,
2916 500 3214 569 insignem
3265 496 3345 560 ab
3391 495 3588 568 ipsius

1922 597 2070 652 uteri
2110 613 2358 666 egressu
2419 597 2671 650 formam
2705 593 2904 647 vultus
2970 596 3150 661 atque
3221 586 3583 655 elegantiam

1920 685 2263 756 praeferens,
2298 684 2457 740 unde
2487 683 2575 738 eis
2613 682 2870 738 dabatur
2920 677 3182 746 occasio,
3238 672 3582 744 augurandi

1918 773 2075 830 bene
2101 774 2176 830 de
2203 789 2272 830 ea
2289 789 2410 845 qua
2439 772 2699 828 adultior
2716 768 3109 841 complendus
3139 771 3316 832 esset,
3339 779 3578 820 morum

1918 863 2110 930 gratia
2133 879 2204 919 ac
2230 867 2552 918 venustate.
2595 865 2681 916 lta
2730 859 2988 930 genitus,
3045 853 3396 911 lustralibus
3434 867 3576 907 mox

1917 952 2096 1008 undis
2124 968 2230 1024 per
2267 951 2644 1023 baptismum
2675 953 2986 1020 purgatur.
3045 947 3088 1001 Ο
3137 943 3288 999 ﬁdes
3352 941 3576 1013 genito-

1913 1039 2081 1094 rum!
2113 1056 2150 1094 o
2180 1040 2448 1094 sincerus
2479 1037 2638 1092 zelus
2666 1037 2678 1091 Ξ
2711 1052 2746 1090 o
2779 1051 2949 1090 amor
2983 1032 3217 1088 fervens
3260 1045 3403 1100 erga
3463 1028 3574 1083 Do-

1911 1126 2182 1186 minuml
2215 1131 2341 1184 Non
2377 1128 2696 1182 timuerunt
2734 1125 2990 1195 impium
3030 1118 3372 1192 praesidem,
3444 1133 3569 1172 non

1909 1217 2294 1285 magistratus
2319 1221 2422 1271 aut
2443 1231 2652 1271 eorum
2676 1213 2979 1269 ministros
3001 1208 3418 1274 formidarunt,
3444 1221 3566 1262 non

1906 1303 2376 1361 irrationabilem
2398 1305 2560 1374 vulgi
2581 1302 2970 1367 dementiam,
2994 1315 3119 1354 non
3141 1297 3333 1370 gentis
3370 1311 3564 1351 vecor-

1904 1394 2070 1450 diam
2095 1394 2528 1450 exhorruerunt
2561 1410 2573 1447 :
2605 1407 2728 1447 non
2747 1390 2972 1461 gloriae,
3005 1403 3128 1443 non
3141 1385 3558 1458 pecuniarum,

1903 1499 2025 1540 non
2064 1483 2404 1554 multiplicis
2435 1482 2495 1537 in
2545 1481 2806 1552 speciem
2843 1475 3229 1534 beatitudinis
3261 1475 3558 1531 rationem

1900 1572 2260 1640 habuerunt,
2299 1572 2531 1628 nullum
2569 1571 2832 1644 denique
2871 1583 3080 1624 earum
3116 1581 3316 1621 rerum
3355 1580 3556 1635 respe-

1899 1667 2084 1730 ctum,
2110 1677 2245 1734 quaa
2276 1660 2440 1733 apud
2468 1660 2788 1732 plerosque
2818 1658 2880 1714 in
2910 1670 3137 1725 magno
3167 1658 3308 1708 sunt
3325 1651 3550 1722 pretio:

1588 1771 1600 1782 -
1663 1749 1790 1802 ἀλλὰ
1819 1766 1862 1818 Β
1899 1751 2005 1806 sed
2025 1752 2325 1807 honorum
2353 1750 2626 1806 omnium
2657 1747 2908 1821 privatio
2935 1741 3454 1808 contemnebatur,
3491 1745 3554 1796 ut

1897 1839 2063 1896 nihili
2093 1839 2422 1894 damnum:
2443 1842 2500 1893 et
2520 1837 2716 1892 solum
2736 1833 3012 1908 placendi
3039 1835 3157 1890 Deo
3183 1830 3547 1887 desiderium

1896 1928 2126 1984 cunctis
2157 1927 2337 1982 rebus
2361 1925 2805 1998 prmierebatur.
2836 1922 3070 1979 Nullam
3121 1919 3301 1990 igitur
3349 1919 3544 1975 consi-

1893 2015 1984 2072 liis
2015 2016 2139 2072 suis
2159 2031 2407 2076 moram
2439 2015 2860 2072 dilationemve
2889 2013 3355 2083 interponentes,
3409 2025 3540 2066 san-

1894 2105 2302 2161 ctiﬁcaverunt
2339 2120 2593 2177 puerum
2624 2102 2820 2158 statim
2878 2117 2948 2156 ac
2996 2104 3174 2156 natus
3219 2098 3364 2165 fuit;
3422 2113 3544 2154 non

1895 2194 2068 2252 sicuti
2089 2194 2185 2250 alii
2216 2200 2354 2250 ante
2385 2194 2547 2265 ipsos
2573 2191 2912 2248 clanculum
2955 2189 3018 2245 id
3072 2187 3378 2258 facientes,
3437 2187 3542 2242 sed

1892 2283 2230 2356 propalam,
2257 2283 2436 2356 idque
2467 2297 2726 2354 superno
2753 2282 2839 2350 (ut
2885 2278 3030 2334 mihi
3081 2277 3348 2350 quidem,
3381 2274 3542 2332 vide-

1892 2372 2010 2441 tur)
2035 2372 2318 2428 instinctu
2347 2372 2511 2426 moti.
2545 2371 2729 2434 Quem
2770 2368 2930 2424 enim
2987 2370 3142 2424 Deus
3170 2369 3544 2438 praanoverat

1890 2465 2070 2532 atque
2095 2476 2131 2516 a
2154 2461 2336 2530 longo
2369 2464 2705 2531 temporum
2749 2455 3056 2512 intervallo
3087 2454 3164 2512 ad
3195 2471 3318 2510 suae
3350 2453 3540 2508 Eccle-

1892 2550 1994 2604 sia:
2014 2550 2456 2621 reparationem
2489 2547 2914 2612 destinaverat,
2938 2560 3058 2600 non
3091 2545 3401 2600 tolerasset
3419 2558 3541 2598 non

1891 2639 2094 2696 statim
2126 2644 2189 2694 ut
2213 2638 2430 2711 prodiit
2460 2635 2836 2705 sanctiﬁcari,
2863 2640 2922 2690 et
2951 2633 3129 2690 simul
3177 2638 3355 2706 atque
3422 2632 3541 2704 spi-

1888 2743 2020 2782 rare
2051 2728 2230 2800 capit
2265 2743 2387 2783 non
2434 2725 2772 2797 regenerari
2822 2723 3220 2797 praestantiori
3270 2721 3542 2796 quodam

1888 2816 2290 2885 generationis
2321 2815 2524 2872 modo.

1957 3086 2008 3138 9.
2042 3083 2368 3154 Postquam
2399 3081 2730 3138 infantilem
2786 3086 3246 3152 praetergressus
3303 3081 3539 3134 aetatem

1882 3175 2162 3238 Joannes,
2202 3171 2551 3226 institutioni
2610 3170 2788 3241 coepit
2847 3175 3116 3224 maturus
3171 3166 3379 3235 videri,
3438 3163 3574 3223 ho?

1884 3261 2032 3316 nesti
2055 3262 2184 3331 ejus
2215 3259 2678 3331 admirandique
2700 3263 2974 3330 parentes
2997 3271 3118 3312 non
3142 3259 3542 3328 rexpexerunt

1884 3351 1962 3406 ad
1979 3349 2380 3422 corporalium
2397 3348 2890 3404 exercitationum
2910 3347 3248 3416 magistros,
3272 3359 3534 3418 quorum

1884 3455 2029 3495 cura
2065 3438 2222 3494 ﬁlius
2282 3454 2426 3492 suus
2472 3436 2615 3492 scite
2655 3439 2929 3492 tractaret
2960 3449 3166 3491 arcum
3198 3439 3253 3490 et
3308 3433 3535 3490 bellicas

1883 3527 2084 3597 glorias
2114 3525 2538 3598 conquirendae
2571 3529 2893 3596 aptaretur,
2917 3524 3219 3579 decertare
3249 3523 3402 3579 inter
3421 3537 3536 3596 pu-

1884 3616 2028 3685 gilcs
2050 3615 2303 3685 discens,
2337 3620 2440 3670 aut
2469 3611 2729 3670 stadium
2779 3612 2892 3668 levi
2947 3611 3100 3686 pede
3165 3627 3537 3685 percurrere,

1883 3705 2053 3760 disco
2090 3704 2316 3768 ludere,
2371 3703 2586 3760 saltare
2631 3702 2878 3772 agiliter,
2933 3716 3247 3757 conserere
3291 3717 3535 3769 manus,

1882 3793 2294 3849 adversarium
2322 3792 2711 3864 supplantare
2749 3797 2930 3864 atque
2983 3795 3394 3864 prosternere:
3430 3791 3534 3847 sed

1881 3883 2258 3955 qua‘rebatur
2271 3881 2639 3953 paedagogus
2655 3880 2932 3946 idoneus,
2948 3880 3052 3952 qui
3065 3880 3239 3935 sciret
3261 3880 3533 3936 animum

1880 3971 2161 4041 excolere,
2191 3987 2404 4026 ornare
2435 3987 2674 4043 corpus,
2730 3975 2787 4025 et
2842 3973 3162 4041 utrumque
3209 3967 3533 4024 admovere

1881 4065 2019 4126 Deo,
2051 4066 2230 4132 atque
2257 4075 2325 4115 ex
2349 4065 2580 4116 terreno
2611 4060 2852 4115 homine
2881 4057 3215 4128 angelicum
3235 4055 3531 4131 quiddam

1879 4156 1936 4207 et
1988 4151 2223 4206 caeleste
2286 4149 2564 4206 formare.
2635 4149 2907 4217 Magister
2961 4146 3342 4219 quaerebatur
3397 4163 3529 4203 vere

1879 4239 2242 4312 profuturus.
2281 4237 2383 4293 sed
2415 4238 2656 4310 qualem
2689 4233 3032 4292 inveniendi
3064 4251 3202 4308 spes
3233 4235 3397 4291 nulla
3426 4252 3531 4307 ap-

1879 4329 2170 4402 parebat:
2206 4344 2451 4400 prorsus
2481 4328 2639 4382 enim
2671 4324 2907 4380 difﬁcile
2938 4331 3063 4381 erat
3109 4326 3365 4398 reperire
3417 4325 3528 4380 ali-

1877 4435 2060 4490 quem
2090 4418 2242 4472 inter
2268 4417 2561 4472 barbaros
2617 4414 2799 4471 Graeci
2838 4415 3098 4487 peritum
3128 4415 3440 4481 sermonis,
3474 4420 3531 4470 et

1877 4509 1938 4563 in
1960 4506 2160 4562 medio
2190 4506 2510 4578 impiorum
2533 4505 2798 4561 nancisci
2826 4505 3038 4574 virum,
3070 4505 3173 4577 qui
3195 4503 3528 4561 secundum

1883 4600 2064 4652 Deum
2097 4597 2300 4650 vivens
2331 4595 2624 4650 sutficeret
2654 4595 2883 4650 homini
2913 4593 2992 4650 ad
3022 4594 3269 4650 meliora
3315 4593 3529 4666 perdu-

1877 4685 2091 4740 cendo.
2114 4683 2285 4740 Pater
2312 4684 2489 4753 igitur
2518 4687 2721 4756 (quem
2781 4685 2976 4739 acrius
3032 4682 3160 4738 huic
3214 4681 3530 4755 torquebat

1877 4773 2046 4842 cura)
2077 4773 2340 4828 haerebat
2361 4774 2704 4842 ambiguus,
2721 4776 2776 4826 et
2796 4772 3254 4844 omnesimperii
3287 4771 3522 4838 Persici,

1877 4864 1933 4918 in
1967 4879 2089 4934 quo
2111 4867 2340 4934 poterat
2369 4860 2918 4932 plurimum,partes
2960 4860 3243 4928 lustrans,
3275 4858 3525 4930 indaga-

1875 4951 1980 5007 bat
2006 4967 2153 5006 num
2185 4949 2400 5005 alicubi
2419 4946 2713 5019 ejusmodi
2739 4948 3045 5004 hominem
3067 4949 3272 5004 venari
3295 4955 3519 5022 posset.

1880 5043 2030 5095 Deus
2060 5039 2315 5106 interim,
2364 5039 2465 5109 qui
2529 5053 2686 5108 saepe
2744 5053 2814 5092 ex
2862 5037 3172 5092 contrariis
3228 5039 3526 5096 contraria

1876 5133 2155 5198 procurat
2183 5132 2239 5182 et
2289 5143 2382 5181 res
2437 5127 2736 5181 humanas
2776 5125 3106 5181 rationibus
3155 5126 3399 5182 occultis
3448 5129 3526 5186 ab

1875 5217 1994 5272 alto
2033 5221 2340 5288 temperat,
2383 5215 2560 5270 etiam
2596 5215 2902 5283 negotium
2950 5215 3105 5271 istud
3165 5213 3527 5289 disponebat

1875 5302 2188 5373 sapienter,
2223 5307 2401 5374 atque
2418 5304 2545 5374 jam
2575 5303 2805 5375 pridem
2833 5320 2863 5358 e
2911 5303 3258 5378 longinquis
3312 5307 3529 5363 mundi

1875 5391 2145 5462 partibus
2162 5392 2502 5448 accersebat
2522 5393 2729 5460 virum,
2751 5393 2922 5462 juxta
2937 5393 3326 5450 intentionem
3356 5411 3527 5451 men-

1875 5480 1948 5534 tis
1971 5480 2288 5550 ejuszarte
2314 5480 2472 5536 enim
2517 5481 2784 5555 quadam
2842 5498 3116 5539 recessus
3165 5484 3224 5539 in
3271 5485 3527 5556 speciem

1877 5569 2157 5624 contrarii
2189 5585 2352 5636 usus,
2389 5569 2731 5640 providerat
2775 5586 2899 5642 quo
2947 5571 3131 5627 modo
3179 5572 3233 5627 ei
3281 5570 3526 5642 largire-
