4084 6206
535 274 642 334 823

1731 257 2188 324 CONSTANTINI
2223 256 2706 322 ACROPOLITE.

3772 278 3870 335 824

538 403 638 458 tur
663 396 727 456 id
737 395 904 472 quod
917 397 1228 469 tantopere
1237 391 1625 452 desiderabat
1653 411 1666 449 :
1688 390 1976 466 quisnam
1990 391 2191 448 autem

2315 392 2473 472 tractv,
2504 389 2594 439 καὶ
2637 388 2848 460 τρόποις
2903 384 3211 466 διῳκονόμει
3259 397 3685 470 παραχωρήσεως
3735 399 3872 455 ἑπευ-

540 487 718 549 fuerit
734 485 832 544 hic
846 484 1084 552 modus,
1114 483 1340 542 audite.

623 689 705 742 t0.
746 681 967 741 Posteri
995 680 1225 740 ancillis
1262 683 1438 752 Agar,
1485 679 1591 754 qui
1632 679 1833 738 liberm
1887 680 2041 736 Sara:
2086 692 2195 736 no-

543 788 682 834 men
707 772 820 830 sibi
861 771 1066 830 nescio
1115 786 1240 845 quo
1277 771 1410 845 jure
1455 771 1917 843 usurpaverant,
1971 767 2196 842 quique

543 863 698 922 servi
717 862 1090 934 exsistentes,
1119 865 1413 935 tanquam
1463 875 1645 917 servae
1693 857 1798 916 ﬁlii
1853 862 1911 915 et
1964 855 2198 915 servilia

545 955 804 1028 cogitare
826 952 1000 1026 soliti,
1034 967 1270 1026 semper
1294 951 1452 1008 circa
1479 949 1760 1008 dominos
1786 963 1989 1022 pravas
2030 962 2196 1005 men-

545 1049 642 1113 tis,
676 1049 734 1102 et
783 1043 969 1102 animi
1024 1057 1166 1114 erga
1212 1042 1390 1100 heros
1444 1039 1706 1116 improbi
1761 1041 2191 1113 apparuerunt,

543 1152 670 1199 non
692 1134 837 1192 satis
864 1131 1206 1191 habuerunt
1220 1130 1282 1187 in
1302 1132 1572 1187 Romano
1590 1128 1845 1202 imperio
1863 1142 2196 1202 occupasse

543 1227 832 1302 pleraque
862 1221 1112 1282 Orientis
1139 1220 1292 1290 loca,
1327 1225 1385 1277 et
1413 1219 1798 1277 dominorum
1836 1223 2071 1293 sceptra
2094 1233 2196 1275 ve-

546 1319 856 1378 bementer
873 1311 1270 1382 imminuisse,
1303 1309 1410 1368 sed
1439 1309 1680 1383 reliquis
1707 1309 1888 1366 etiam
1925 1307 2199 1383 partibus

547 1406 868 1471 inhiantes,
930 1401 1246 1460 consilium
1312 1399 1610 1457 iniverunt
1675 1398 1966 1456 insulares
2021 1401 2199 1470 atque

549 1494 881 1553 maritimas
944 1489 1126 1547 urbes
1186 1493 1243 1545 et
1299 1489 1574 1559 regiones
1642 1487 1945 1544 invadere.
2004 1486 2201 1543 Classe

548 1583 728 1656 igitur
757 1579 938 1637 delati
965 1576 1395 1651 percurrebant
1421 1574 1685 1633 littoreas
1715 1575 2000 1646 civitates,
2031 1579 2089 1632 et
2116 1574 2202 1631 in-

550 1672 820 1730 colarum
847 1667 1310 1739 accolarumque
1374 1665 1596 1721 multos
1649 1665 1820 1721 vivos
1861 1664 2201 1738 capiebant,

2301 469 2532 536 δοκῆσαι
2559 479 2749 550 τουτῳῖ
2802 479 2867 533 τὰ
2893 482 3025 557 πρὸς
3081 484 3250 556 ἔφεσιν
3286 501 3298 514 ο
3328 489 3420 539 καὶ
3469 487 3578 549 οἶος
3606 488 3632 540 ὀ
3681 492 3872 564 τρόπος,

2310 561 2324 578 .
2413 567 2422 578 .

2301 583 2430 618 ακου
2437 583 2560 620 σατε
2567 602 2581 618 ο

2374 673 2429 730 ι’.
2464 675 2530 727 Οἱ
2559 683 2654 738 τῆς
2685 672 2873 739 δούλης
2900 677 3071 755 ’Ἅγαρ
3130 678 3398 755 ἀπόγονοι,
3429 688 3522 736 καὶ
3567 689 3660 744 τὴν
3713 685 3764 740 ἐκ
3794 697 3874 750 τῆς

2303 760 2571 838 ίλευθίρας
2625 765 2819 841 Σάρῥας
2846 767 2942 822 ούκ
2997 765 3100 824 οἶδ’
3155 773 3290 834 ὅπως
3345 771 3720 848 (ἐπωνυμίαν)
3771 796 3874 850 σφιν

2301 854 2650 928 τερισάμενοι,
2682 850 2862 910 δοῦλοί
2889 877 2944 911 τε
2993 861 3128 920 ὅντες
3174 863 3245 922 ὡς
3269 859 3321 914 ix
3384 857 3582 926 δούλης
3610 867 3874 936 τυγχάνον-

2302 960 2385 1005 τες
2437 947 2527 996 καὶ
2571 946 2638 996 τὰ
2685 953 2786 997 τῶν
2852 942 3050 1000 δούλων
3111 957 3311 1025 φρονεῖν
3363 953 3599 1024 ἔχοντες,
3652 957 3737 1013 καί
3787 953 3876 1008 αἰεί

2301 1051 2408 1092 πως
2456 1035 2574 1107 περὶ
2629 1036 2745 1095 τούς
2793 1041 3008 1110 κυρίους
3057 1034 3245 1092 δύσνοι
3297 1045 3574 1112 πεφηνότες
3627 1047 3713 1094 καὶ
3761 1047 3874 1120 πρός

2303 1125 2421 1182 τούς
2483 1117 2746 1186 δεσπότας
2826 1132 2998 1195 κακοὶ,
3062 1127 3156 1181 ούκ
3229 1126 3444 1203 ἀρκετόν
3493 1127 3730 1204 ἔνόμισαν
3792 1117 3874 1194 τὴς

2306 1212 2555 1286 ἡμετέρας
2627 1220 2728 1264 τῶν
2803 1213 3065 1288 Ῥωμαίων
3140 1215 3314 1291 ἀρχῆς
3372 1226 3478 1270 τῶν
3518 1221 3646 1293 πρός
3711 1223 3768 1273 ἔω
3819 1224 3876 1274 τὰ

2305 1299 2528 1354 πλεῖστα
2573 1307 2948 1376 κατασχόντες,
2996 1309 3084 1360 καὶ
3152 1309 3220 1360 τὰ
3247 1315 3347 1360 τῶν
3403 1304 3674 1362 δεσποτῶν
3725 1310 3777 1362 ού
3805 1331 3878 1384 με-

2306 1395 2459 1463 τρίως
2489 1399 2734 1468 σκῆπτρα
2761 1395 3071 1466 μειώσαντες
3103 1417 3116 1432 ο
3178 1394 3284 1448 ἀλλ’
3323 1393 3400 1456 ἥδ
3405 1417 3435 1456 η
3495 1402 3588 1450 καὶ
3634 1401 3758 1452 κατὰ
3792 1407 3875 1452 τῶν

2307 1479 2496 1534 λοιπῶν
2577 1491 2742 1558 μερῶν
2846 1483 3177 1558 ἐμελέτησαν,
3287 1495 3387 1540 τῶν
3517 1487 3718 1541 ἐναλίων
3803 1494 3876 1542 καὶ

2310 1569 2577 1644 παραλίων
2677 1575 3117 1651 κατεπιχέιρῆσαι
3235 1576 3431 1631 πόλεων
3541 1582 3629 1632 καὶ
3720 1587 3876 1652 κωμῶν

2312 1657 2701 1715 ἐϐουλεύσαντο.
2754 1664 3237 1728 Νεναυστοληκότες
3311 1663 3402 1719 οὖν
3460 1671 3766 1742 κατέτρεχον
3827 1671 3878 1720 τὰ

548 1775 809 1836 quorum
832 1757 980 1816 alios
992 1755 1235 1830 quidem
1248 1753 1627 1828 perimebant
1637 1752 1857 1824 gladio,
1876 1767 2059 1828 quam
2074 1753 2204 1829 plu.

2315 1748 2560 1821 παράλια,
2617 1755 2708 1803 καὶ
2771 1752 2990 1816 πολλοὺς
3052 1757 3143 1828 μὶν
3215 1754 3504 1828 ἐζώγρουν,
3566 1761 3784 1828 συχνούς
3831 1752 3878 1808 δε

547 1850 735 1908 rimos
759 1863 902 1904 vero
932 1842 1340 1916 subjiciendos
1379 1842 1567 1916 pretio
1629 1842 2039 1900 crudelissime
2088 1842 2206 1898 dis-

546 1937 888 2008 trahebant,
927 1937 1249 2007 Postquam
1278 1935 1478 1990 autem
1525 1931 1668 2000 (ben
1713 1931 2113 1989 calamitatem
2140 1932 2201 2004 l)

545 2027 724 2087 malis
744 2027 925 2083 tantis
947 2039 1021 2081 ex
1044 2022 1231 2080 animi
1255 2022 1552 2079 sententia
1587 2022 1856 2094 patratis,
1897 2021 2204 2079 redierunt

545 2117 626 2175 ad
653 2131 784 2180 sua,
815 2129 956 2172 cum
985 2111 1285 2168 immensa
1339 2125 1529 2184 quam
1573 2109 1949 2168 adduxerant
2003 2109 2202 2182 turba,

545 2206 691 2280 quia
716 2203 978 2261 vendere
1005 2215 1218 2258 omnes
1249 2214 1374 2256 non
1415 2203 1694 2273 poterant
1733 2200 1904 2272 (nam
1961 2198 2205 2273 plurimi

546 2309 687 2352 cum
707 2295 926 2362 essent,
951 2304 1176 2360 magno
1188 2294 1392 2346 tamen
1403 2288 1594 2362 pretio
1607 2288 2009 2361 taxabantur),
2024 2287 2204 2346 simul

546 2382 858 2438 universos
877 2379 1266 2436 decreverunt
1279 2375 1667 2449 jugulandos.
1693 2378 1981 2435 Fortassis
2002 2382 2202 2434 autem

547 2471 662 2534 hoc
691 2468 923 2526 consilii
943 2467 1283 2534 sumebant,
1315 2466 1460 2539 quia
1477 2482 1578 2523 eos
1601 2466 1892 2537 magistro
1915 2482 2024 2523 suo
2044 2481 2207 2522 exse-

547 2555 945 2616 crabilissimo
963 2553 1298 2611 Mahometh
1312 2551 1618 2610 malebant
1635 2553 2205 2620 sacrificare,contra

546 2647 641 2704 fas
670 2643 917 2718 quidem
942 2645 1173 2700 naturae
1203 2641 1411 2708 acturi,
1463 2641 1730 2716 aliquam
1773 2647 1972 2700 tamen
2025 2643 2204 2700 etiam

547 2736 611 2794 in
638 2734 754 2792 hoc
777 2732 1071 2790 rationem
1103 2735 1422 2806 sequentes
1453 2749 1466 2787 :
1501 2731 1798 2806 siquidem
1828 2731 1925 2789 ille
1979 2732 2205 2790 diaboli

549 2825 629 2884 ab
659 2824 826 2882 initio
858 2821 1181 2882 homicidae
1235 2821 1568 2896 discipulus
1624 2821 2008 2897 imitatorque
2056 2823 2206 2880 dum

547 2915 794 2982 viveret,
826 2911 1145 2970 laatabatur
1177 2911 1446 2968 caedibus
1486 2911 1874 2986 permisitque
1913 2912 2204 2984 occidere,

551 3009 656 3063 aut
684 3003 882 3079 potius
920 3005 1219 3077 praecepto
1253 3001 1405 3059 inter
1449 3005 1722 3075 posteros
1748 3002 2078 3061 inviolabili
2107 3003 2206 3060 de-

2312 1836 2487 1910 ξίφους
2512 1841 2659 1913 ἔργον
2717 1838 2936 1910 ὶτίθουν,
2985 1842 3262 1907 πλείστους
3317 1839 3381 1898 δε
3441 1849 3534 1898 καὶ
3584 1843 3878 1918 ἀπεμπόλονν

2311 1926 2726 1998 τιμιουλκούντες
2783 1929 3255 2004 ἀσυμπαθέστατα.
3308 1933 3450 1988 Ἐπεὶ
3502 1931 3563 1988 δι
3609 1953 3743 2003 ποτε,
3795 1932 3876 2008 βα-

2311 2015 2399 2069 ϐαὶ
2445 2024 2712 2092 συμφορᾶς
2763 2018 2960 2084 ἂκιίνης
2989 2021 3092 2076 ετά
3151 2019 3298 2076 δεινὰ
3333 2031 3508 2077 ταῦτα
3558 2027 3690 2077 κατὰ
3741 2025 3875 2096 θυμόν

2309 2104 2677 2179 ἰκτελέσαντες,
2711 2114 2800 2162 καὶ
2855 2114 3042 2164 νόστου
3099 2115 3447 2187 μνησάμενοι,
3509 2113 3772 2174 πλείστους
3813 2114 3878 2165 ὅτι

2309 2199 2427 2257 τούς
2467 2195 2838 2271 ξυλληφθέντας
2899 2198 3180 2273 ἀνήγαγον,
3239 2204 3439 2264 πάντας
3488 2199 3774 2256 ἀποδόσθαι
3817 2205 3874 2274 μὴ

2313 2289 2536 2360 ἔχοντες,
2593 2287 2789 2341 πολλῶν
2857 2309 2911 2344 τε
2977 2295 3130 2346 ὄντων
3207 2313 3296 2346 και
3342 2291 3542 2346 πολλοῦ
3593 2297 3875 2367 τιμωμένων,

2313 2384 2484 2449 σφαγῇ
2541 2375 2840 2438 συλλήϐδην
2891 2377 3223 2456 παραδοῦναι
3293 2380 3664 2456 βεϐούλευνται
3715 2398 3728 2413 ·
3758 2383 3876 2453 τὰχα

2309 2483 2369 2536 γε
2413 2472 2486 2536 τῷ
2554 2471 2776 2542 σφετέρῳ
2851 2469 3020 2522 αὐτῶν
3071 2466 3384 2543 διδασκάλῳ
3467 2480 3540 2544 τῷ
3593 2470 3877 2543 ὶναγεστάτῳ

2311 2555 2560 2626 Μωάμεθ,
2618 2561 3049 2630 προσαγηοχέναι
3112 2558 3449 2633 προελόμενοι
3491 2561 3694 2634 θύματα
3747 2581 3760 2595 ο
3806 2563 3875 2610 καὶ

2314 2641 2522 2704 εἰκότως
2553 2644 2672 2717 εἶρα,
2703 2645 2744 2698 εἰ
2790 2651 2880 2700 καὶ
2923 2650 3066 2721 παρὰ
3109 2651 3167 2702 τό
3207 2648 3339 2711 εἰκός
3373 2656 3469 2710 τῆς
3529 2652 3720 2725 φύσεως
3754 2646 3876 2700 ἄϐου-

2310 2731 2562 2785 λεύσαντο
2610 2750 2622 2763 ·
2677 2741 2769 2787 τοῦ
2823 2739 2925 2810 γὰρ
3017 2735 3446 2812 ἁνθρωποκτόνου
3503 2741 3663 2792 Σατὰν
3709 2740 3875 2811 μύστης

2314 2820 2382 2872 ὢν
2430 2819 2616 2885 ἰκτῖνος
2667 2827 2755 2876 καὶ
2813 2830 3068 2900 μιμητὴς,
3128 2831 3299 2900 φόνοις
3353 2847 3411 2882 τε
3464 2832 3648 2902 περιὼν
3701 2824 3875 2898 ίγαννύ-

2317 2927 2488 2977 σκετο,
2529 2915 2620 2964 καὶ
2658 2916 2715 2966 τό
2773 2917 2995 2986 φονεύειν
3058 2912 3360 2984 ἕνδίδωκεν,
3406 2917 3438 2976 ἣ
3492 2916 3698 2991 μᾶλλον,
3734 2916 3792 2977 ὥς
3836 2931 3875 2964 τι

2315 3007 2415 3051 τῶν
2466 2997 2788 3072 ἀμεταθέτων
2844 3003 3147 3063 ὴτέταλται,
3181 3007 3354 3082 ὥσπερ
3401 3002 3471 3069 δή
3521 3012 3608 3059 καὶ
3669 3010 3760 3059 πᾶν
3797 3005 3875 3056 ἔτεα

549 3091 1446 3167 mandavit;quemadmodum
1503 3091 1668 3148 aliud
1723 3108 1968 3168 quoque
2015 3091 2207 3150 scelus

2316 3107 2405 3164 ρον
2434 3087 2604 3162 irae/'3;
2639 3088 2987 3166 ἁπαραϐάτως
3017 3089 3311 3170 δεδίδαχεν
3340 3093 3580 3154 ἕκτελείν.

549 3197 730 3242 omne
759 3181 1172 3239 incunctanter
1199 3180 1402 3237 docuit
1431 3185 1796 3254 perpetrare.

625 3295 710 3348 tl.
741 3289 926 3362 Igitur
945 3289 1026 3346 ad
1073 3287 1300 3345 caedem
1324 3291 1380 3345 et
1417 3288 1776 3346 sacrificium
1825 3289 2211 3348 adduceban-

551 3385 650 3438 tur
676 3379 978 3452 myriades
998 3377 1266 3448 integrae,
1287 3377 1558 3452 interque
1579 3394 1683 3436 eos
1709 3379 1870 3437 velut
1930 3395 2086 3436 unus
2137 3381 2213 3438 de

551 3469 734 3541 vulgo
765 3467 1178 3526 aestimabatur
1197 3467 1472 3541 quidam,
1495 3468 1572 3524 ad
1599 3468 1812 3526 eadem
1835 3485 1972 3526 cum
1987 3471 2214 3528 caateris

553 3556 804 3616 ferenda
823 3556 1166 3622 damnatus,
1199 3556 1305 3628 qui
1327 3572 1483 3613 unus
1516 3556 1634 3613 dici
1667 3561 1896 3630 poterat
1917 3560 2216 3630 pretiosus

556 3646 770 3704 mundi
807 3646 1122 3702 thesaurus
1143 3649 1199 3701 et
1223 3645 1477 3714 dignum
1501 3651 1792 3703 terrarum
1838 3645 2000 3704 orbis
2039 3663 2213 3705 orna-

555 3737 848 3804 mentum,
880 3732 994 3795 ille,
1027 3732 1298 3805 inquam.
1325 3733 1430 3807 qui
1453 3733 1790 3791 secundum
1823 3737 2008 3792 Deum
2037 3752 2098 3793 se
2119 3753 2208 3793 or-

559 3827 814 3882 navarat
840 3824 1108 3886 Cosmas,
1128 3821 1220 3878 vir
1249 3827 1305 3879 et
1334 3827 1577 3880 externa
1622 3825 1916 3898 sapientia
1945 3825 2214 3897 insignis,

560 3917 619 3972 et
640 3929 714 3972 ea
745 3927 880 3988 quae
928 3911 1259 3968 domestica
1314 3917 1400 3970 est
1451 3912 1627 3969 nobis
1677 3913 2215 3987 incomparabilis:

559 4001 668 4077 qui
696 4018 835 4059 cum
861 4017 896 4058 a
919 3999 1150 4057 mundo
1170 4001 1528 4069 recessisset,
1561 4001 1710 4058 inter
1725 4002 1998 4060 homines
2025 4020 2095 4060 ex
2120 4003 2220 4060 Dei

561 4090 809 4150 oonsilio
829 4090 1098 4149 viventes
1126 4091 1870 4164 conscriptus,uon,solum
1901 4108 2038 4148 cum
2074 4092 2220 4166 ipsis

563 4180 679 4236 cito
704 4180 860 4235 venit
883 4180 941 4236 in
966 4181 1097 4236 vitae
1123 4195 1484 4253 morumque
1503 4180 1866 4250 societatem,
1889 4197 2220 4254 eorumque

563 4269 808 4325 virtutes
835 4268 1089 4340 perfecte
1125 4269 1422 4340 aequavit;
1455 4285 1661 4326 verum
1707 4271 1885 4327 etiam
1914 4269 2096 4340 longo
2135 4271 2219 4342 ip-

567 4371 666 4415 sos
693 4355 1019 4428 prmcelluit
1078 4356 1413 4419 intervallo.
1479 4359 1823 4432 propositus
1877 4358 2104 4414 cunctis
2158 4363 2221 4414 ut

2395 3286 2484 3339 ια’.
2513 3286 2744 3361 ’Δπῆγον
2773 3285 2860 3342 οὖν
2900 3295 3192 3365 μυριοστὰς
3248 3291 3389 3362 ὅλας,
3451 3293 3527 3367 ἐφ’
3668 3309 3720 3363 γε
3776 3305 3876 3361 σφα·

2320 3375 2507 3446 γιάσαι
2544 3381 2634 3428 καὶ
2693 3379 2878 3431 θυσίαν
2942 3381 3102 3436 θεῖναι
3158 3389 3230 3453 τῷ
3288 3388 3492 3453 Σατανᾷ
3525 3403 3537 3417 ο
3591 3379 3711 3434 ἀλλὰ
3750 3384 3877 3434 συνῆν

2324 3461 2553 3532 ἐκείνοις,
2584 3471 2674 3520 καὶ
2711 3476 2810 3522 τῶν
2857 3468 3053 3524 πολλῶν
3094 3471 3164 3533 εἶς
3223 3469 3520 3543 ἐνενόμιστο
3562 3489 3648 3522 και
3675 3470 3736 3521 τὰ
3775 3465 3880 3519 αὐτὰ

2327 3551 2878 3627 συγκαταδεδίκαστο,
2935 3563 3136 3632 κόσμου
3205 3561 3471 3636 θησαυρός
3519 3557 3784 3632 ἀξιόχρεως
3809 3556 3877 3604 καί

2325 3641 2628 3732 οἰκουμένβης
2704 3644 2845 3708 ἀξιον
2957 3646 3158 3711 ἀληθῶς
3235 3647 3656 3722 ἕγκαλλώπισμα,
3734 3644 3880 3700 ἐκεῖνος

2327 3732 2476 3795 οὗτος
2506 3735 2531 3785 ὁ
2556 3731 2718 3786 θ”κατα
2778 3741 2904 3790 Θεὸν
2963 3737 3142 3792 ἑαυτόν
3180 3743 3462 3810 κοσμήσας
3507 3741 3740 3810 Κωσμᾱς.
3778 3731 3877 3800 ἀνὴρ

2327 3826 2419 3880 τὴν
2441 3820 2580 3884 ἐκτός
2614 3829 2797 3897 σοφίαν
2844 3825 3003 3890 πολὺς
3059 3831 3147 3882 καὶ
3212 3832 3305 3886 τὴν
3353 3827 3495 3890 ἐντὸς
3543 3831 3628 3880 καὶ
3671 3826 3878 3896 ἡμετεραν

2329 3909 2654 3985 ἀξύμϐλητος
2693 3935 2705 3947 ·
2762 3913 2814 3977 ὃς
2853 3914 3272 3991 ἀποκεχωρηκως
3327 3921 3532 3991 κόσμου
3582 3920 3665 3968 καὶ
3717 3906 3876 3982 συγκα-

2326 4000 2556 4074 ταλεγεὶς
2595 3999 2825 4078 ἀνδράσι
2878 4005 3014 4066 ζώσι
3065 4008 3200 4058 κατά
3255 4010 3383 4058 Θεὸν
3453 4006 3501 4059 ἐν
3559 4007 3736 4078 μετρίῳ
3771 3999 3876 4051 πάνυ

2328 4099 2398 4163 τῷ
2422 4095 2599 4166 χρόνῳ
2629 4091 2734 4164 οὐχ
2781 4095 2863 4147 ὅτε
2911 4113 2970 4164 γε
3001 4099 3153 4167 σφίσι
3212 4095 3574 4168 συνημιλλὴθη
3623 4097 3704 4144 καὶ
3753 4086 3874 4160 ἀκριν

2328 4179 2430 4242 ϐὡς
2458 4185 2550 4240 τὴν
2579 4179 2760 4254 ἀρετὴν
2787 4181 3029 4254 ἐξισώθη,
3074 4182 3201 4238 ἀλλὰ
3257 4183 3426 4256 πολλῷ
3466 4203 3567 4238 τινι
3620 4188 3686 4250 τῷ
3737 4180 3873 4249 μέτρῳ

2326 4275 2416 4322 καὶ
2454 4270 2818 4346 ὑπερϐέϐληκε,
2877 4278 2966 4326 καὶ
3030 4275 3190 4336 τύπος
3251 4274 3354 4326 οἷον
3412 4282 3504 4327 τού
3559 4269 3667 4324 κατ’
3725 4266 3872 4339 apt-'5'”

2329 4357 2614 4428 ἐγκατέστη
2675 4358 2798 4432 βίον
2853 4365 2942 4412 καὶ
2979 4365 3145 4412 κανὼν
3181 4360 3584 4436 ἀπαρέγκλητος.
3643 4352 3760 4410 Ἀλλ’
3801 4347 3871 4401 οῦκ

567 4445 1039 4502 conversationis
1062 4444 1426 4517 perfectioris
1455 4446 1591 4503 idea
1635 4451 1814 4519 atque
1851 4447 2207 4520 irreprelicn-

2327 4447 2572 4517 ἠγάπησε
2601 4452 2786 4520 τούτῳ,
2819 4446 2936 4501 οὐδ’
2988 4449 3197 4523 ἀρκετόν
3246 4449 3451 4523 ἐνόμισε
3485 4453 3542 4502 τό
3605 4450 3742 4520 μόνον
3783 4438 3872 4491 ἑαυ-

568 4534 759 4593 sibilis
779 4533 1005 4606 regula.
1028 4539 1100 4592 At
1117 4550 1240 4592 non
1262 4535 1376 4592 hoc
1392 4552 1513 4592 uno
1535 4536 1642 4592 fuit
1659 4541 1990 4604 contentus,
2023 4555 2218 4614 neque

565 4624 710 4685 satis
738 4623 950 4682 habuit
985 4628 1216 4681 tantum
1241 4624 1505 4697 seipsum
1525 4625 1779 4698 dirigere
1813 4641 1883 4682 ac
1912 4628 2217 4700 propriam

563 4717 750 4776 vitam
774 4717 948 4789 juxta
975 4717 1074 4772 Dei
1103 4713 1472 4772 voluntatem
1503 4731 1903 4788 componere;
1930 4717 2038 4774 sed
2083 4719 2216 4776 vitm

562 4806 905 4866 communis
933 4804 1208 4862 homines
1228 4803 1582 4862 circumiens
1626 4805 1869 4863 eosdem
1916 4822 2122 4864 curare
2161 4813 2217 4865 et

562 4899 643 4955 ad
671 4901 857 4955 Deum
877 4895 1103 4954 studuit
1131 4909 1484 4968 promovere
1518 4911 1530 4950 :
1562 4900 1643 4961 ut,
1704 4896 1752 4951 si
1809 4896 1935 4952 ﬁeri
1993 4902 2212 4970 posset,

563 4985 888 5043 abduceret
907 5001 1009 5042 eos
1035 4984 1114 5042 ab
1147 4983 1570 5056 indulgentiori
1601 4989 1659 5041 et
1686 4985 1999 5042 affectibus
2047 5001 2214 5042 man-

561 5074 759 5147 cipata
780 5091 849 5131 ac
879 5072 1094 5131 brutali
1111 5075 1587 5137 conversatione.
1603 5079 1780 5147 atque
1794 5074 1872 5131 ad
1894 5074 2211 5132 honestum

559 5167 618 5222 et
645 5169 927 5222 ornatum
954 5163 1189 5220 vivendi
1219 5179 1409 5236 genus
1438 5163 1792 5230 traduceret,
1813 5163 1990 5237 quale
2007 5180 2213 5221 revera

556 5253 864 5311 hominem
897 5252 1202 5310 condecet.
1238 5254 1498 5328 Denique
1520 5269 1628 5310 suo
1651 5254 1958 5318 egrediens
2009 5269 2212 5310 mona-

558 5343 759 5413 sterio,
788 5347 845 5399 et
868 5339 1134 5398 abitalia
1168 5341 1352 5411 (unde
1404 5346 1528 5397 erat
1578 5341 1888 5410 oriundus)
1923 5341 2206 5398 recedens

557 5436 737 5505 atque
766 5429 1072 5488 ulteriores
1104 5428 1378 5499 regiones
1407 5445 1478 5486 ex
1527 5429 1735 5486 ordine
1781 5430 2205 5502 pertransiens,

555 5525 614 5579 et
641 5537 748 5596 per
774 5522 932 5578 viam
959 5523 1207 5576 cunctos
1251 5517 1552 5586 instruens
1589 5518 1664 5576 ad
1725 5520 2025 5604 saniorem
2075 5519 2206 5576 vitae

553 5615 811 5676 formam
831 5627 972 5670 cum
999 5608 1366 5687 perVenissét
1392 5601 1497 5668 ubi
1527 5609 1732 5684 piratae
1779 5601 1991 5668 facturi
2033 5601 2205 5670 erant

2325 4539 2412 4588 τόν
2467 4537 2726 4610 ῥυθμίσαι
2777 4545 2867 4611 καὶΖ
2916 4540 3010 4612 ζῇν
3067 4537 3351 4592 απενθνναι
3403 4542 3534 4592 κατά
3590 4538 3738 4588 Θεὸν·
3786 4523 3868 4578 ἀλλ’

2326 4621 2432 4684 ἤδη
2473 4631 2562 4678 καὶ
2592 4628 2710 4689 τούς
2750 4626 2796 4679 ὲν
2851 4626 2953 4700 βίῳ
3005 4638 3318 4704 περινοστῶν
3350 4625 3738 4682 ἐπισκέπτεσθαι
3777 4616 3868 4674 ἤθε’

2322 4712 2422 4786 λεν,
2482 4717 2552 4778 ὡς
2616 4715 2697 4786 ἂν»
2738 4721 2782 4769 εἰ
2843 4718 2948 4768 οἶόν
3013 4737 3084 4780 τι.
3140 4726 3237 4779 τῆς
3292 4715 3666 4790 ἐμπαθεστέρας
3712 4707 3868 4761 πάντας

2322 4810 2408 4858 καὶ
2476 4802 2778 4868 κτηνὼδους
2838 4810 2976 4870 ζωῆς
3043 4806 3368 4871 ἀπαλλάξειε,
3407 4813 3496 4860 καὶ
3550 4806 3668 4877 πρὸς
3719 4795 3863 4867 τ’)πΡέ⁶

2320 4913 2470 4947 πειαν
2493 4897 2799 4966 μεταγάγοι,
2840 4901 2934 4953 τὴν
2966 4899 3032 4959 ὡς
3064 4895 3268 4958 ἀληθῶς
3325 4895 3573 4970 ἀνθρώπῳ
3641 4889 3860 4942 καθήκον-

2324 5002 2439 5038 σαν.
2471 4982 2674 5056 Ἀμέλει
2699 5003 2780 5036 τοι
2809 4989 3018 5045 καὶτῆς
3059 4992 3217 5055 μονῆς
3274 4984 3497 5058 ἀπάρας,
3550 4985 3634 5033 καὶ
3677 4982 3754 5033 τῆς
3785 4975 3861 5021 τῶν

2323 5071 2527 5125 Ἰταλῶν
2585 5071 2896 5147 ἐξορμήσας,
2962 5074 3074 5126 ὅθεν
3147 5073 3299 5126 ποθεν
3356 5078 3444 5125 καὶ
3501 5073 3744 5143 γεγένητο,
3791 5058 3860 5147 "fi

2319 5164 2385 5215 τὰ
2462 5161 2642 5234 ἐφεξῆς
2727 5163 2928 5216 ἅπαντα
3000 5159 3173 5233 διιὼν,
3239 5165 3385 5235 τάχα
3424 5159 3482 5216 δε
3536 5163 3620 5211 καὶ
3665 5152 3776 5226 πρὸς
3817 5160 3858 5194 το

2319 5258 2548 5327 κρεῖττον
2599 5257 2926 5324 μεταγαγὼν,
2980 5254 3178 5327 ὅπηπερ
3235 5254 3285 5304 οἱ
3340 5253 3574 5325 πειραταὶ
3619 5239 3856 5330 ἔπεα-φριξ-

2322 5361 2412 5394 σαι
2471 5339 2686 5413 ἤμελλον
2743 5343 3044 5416 (κριμάτων
3108 5339 3469 5412 ἀκαταληψίας
3515 5333 3683 5400 Θεοῦ)
3731 5340 3854 5398 προν-

2316 5428 2438 5483 λαεε
2485 5436 2706 5502 γεγονὼς
2789 5435 2877 5483 καὶ
2944 5429 3295 5493 ξυνείληπται.
3373 5431 3680 5496 Συναπήγετο
3758 5427 3855 5508 7⁹²ξ¹

2317 5526 2654 5596 σνσφαγῆναι
2694 5518 3006 5623 «ustuire/ri;
3040 5540 3069 5594 .-
3103 5517 3210 5572 ἀλλ’
3264 5519 3357 5572 οὐκ
3409 5517 3632 5594 ἱτάραττε
3688 5513 3853 5557 τουτονί

2319 5608 2491 5623 .....ο
2617 5609 2629 5623 ι
2726 5614 2736 5623 .
2790 5606 2802 5623 ι
2845 5609 2860 5623 ι
2925 5607 2972 5623 ς-
3023 5603 3050 5623 α
3135 5615 3159 5623 ..
3257 5605 3288 5623 ιι
3467 5595 3513 5623 ἁ.
3583 5606 3670 5623 As;
3720 5593 3849 5623 -Jn'iat

2316 5608 2548 5680 θάέάιίὸς,
2575 5595 2680 5682 οὔχ
2709 5614 2738 5668 ἡ
2782 5606 2860 5662 ἔπ’
2891 5595 3208 5680 ἀλλοδαπῆς,
3235 5605 3293 5663 τό
3344 5628 3402 5682 γε
3456 5595 3520 5666 δὴ
3572 5606 3670 5660 τοῖς
3720 5595 3849 5644 πᾶσιν

4010 2563 4011 2606 1

4009 2623 4011 2672 ἐ

4009 3059 4011 3094 4

4009 3277 4011 3330 l

4009 3351 4011 3418 1

4010 3455 4011 3484 l

4009 3517 4011 3552 4
