4084 6206
222 323 344 381 8Σὸ

1452 321 1524 380 IN
1562 319 1620 380 S.
1660 318 1855 379 JOAN.
1892 316 2389 379 DAIASCENUI.

3485 321 3595 383 836

226 446 700 516 ἆπευκταιότατον,
743 442 974 506 τελευτὴ·
1052 445 1122 501 isi
1185 442 1247 501 δι
1326 449 1419 501 καὶ
1486 447 1626 522 μόνῳ
1697 448 1834 501 πάνυ

1950 444 2411 512 exscensionem,
2436 458 2512 503 ex
2528 444 3121 520 incomprehensibili
3153 445 3257 505 Dei
3280 445 3509 521 judicio
3522 449 3592 508 in

224 536 352 591 λίαν
376 536 656 606 λελύπητο,
684 536 777 589 καὶ
832 530 908 589 δι’
958 537 1008 590 ἓν
1060 534 1388 606 ίπαθαίνετο,
1444 539 1535 590 καὶ
1591 536 1719 611 ὑπερ
1775 537 1835 588 τὸ

228 623 357 682 δέον
391 626 466 700 (εἴ
511 643 573 698 γε
628 620 747 679 δέον
800 623 980 698 εἰπεῖν)
1033 620 1382 701 ἰδυσχέραινί
1423 644 1479 679 τε
1523 628 1616 679 καὶ
1656 622 1836 698 ἕχαλέ-

228 733 391 770 παινε
454 712 776 788 (φιληάθως
852 714 1080 783 πάντως,
1170 713 1231 769 ού
1311 713 1640 789 φιλοτίμως),
1726 711 1834 769 ἀλλ’

228 800 380 879 εἶχεν
409 801 460 857 ἓν
490 800 785 879 ἀπορρητῳ’
813 806 947 878 πρὸς
967 802 1022 858 ὃν
1041 802 1137 859 οὐκ
1164 804 1303 877 ἔχων
1334 803 1516 861 εἰπεῖν.

1942 550 2153 594 eorum
2182 535 2391 593 incidit
2411 550 2648 609 manus,
2682 538 2740 594 et
2767 539 2981 610 captus
3007 534 3135 594 fuit.
3160 536 3350 595 Simul
3384 537 3593 614 itaque

1942 624 2263 692 abductus,
2279 639 2443 683 nunc
2468 624 2623 683 inter
2645 624 2954 698 jugulatos
2980 625 3475 686 assistebatmon
3504 631 3595 687 ta-

1941 729 2086 772 men
2115 729 2254 772 eum
2265 713 2665 773 conturbabat
2687 730 2851 773 mors
2870 729 3157 790 prasens,
3173 730 3433 791 eamque
3451 731 3591 790 per-

1944 817 2101 876 agre
2147 802 2448 861 subeundi
2493 803 2841 877 necessitas,
2895 820 3034 879 qua
3086 805 3236 864 solet
3294 805 3592 881 imprimis

228 890 629 951 formidanda
647 889 839 950 videri
870 907 885 948 :
914 891 1023 950 sed
1048 907 1177 951 una
1213 908 1281 952 re
1305 891 1506 951 solum
1523 891 1704 951 valde
1730 890 2081 951 tristabatur
2112 896 2172 951 et
2192 892 2711 964 commovebatur,
2736 909 2808 953 ac
2844 909 3001 969 pene
3053 895 3210 954 ultra
3253 910 3442 969 quam
3487 894 3594 953 de-

226 981 417 1040 cebat
439 979 670 1039 ferebat
686 979 938 1039 moleste
957 980 1295 1056 (probitatis
1314 985 1518 1040 tamen
1546 980 1747 1057 potius
1773 996 1961 1056 quam
1984 981 2333 1041 ambitionis
2357 982 2558 1042 studio
2582 998 2716 1042 sese
2762 982 3059 1058 afﬂigens,
3116 984 3178 1044 id
3222 984 3426 1059 ipsum
3477 1000 3590 1044 au-

226 1073 359 1130 tem
376 1069 441 1128 in
467 1068 727 1144 pectoris
744 1084 967 1129 arcano
989 1069 1253 1141 fovebat,
1281 1072 1428 1145 quia
1455 1069 1552 1129 cui
1569 1070 1827 1143 aperiret
1844 1085 1971 1129 non
1994 1070 2281 1130 habebat.

307 1175 383 1253 ιβ’
390 1176 509 1241 ,Ὦς
533 1173 595 1231 δέ
618 1172 687 1237 δὴ
718 1180 810 1232 καὶ
842 1181 1203 1251 συναπὸγοντο
1249 1181 1345 1239 τὴν
1396 1178 1483 1233 ίπὶ
1538 1179 1743 1251 θανάτῳ
1785 1177 1836 1231 οἱ

229 1267 692 1340 συγκατάσχετοι,
730 1269 823 1320 καὶ
871 1273 979 1328 τοῖς
1032 1265 1225 1321 ἑκείνου
1271 1271 1428 1321 ποσίν
1469 1265 1620 1331 ἄλλος
1683 1265 1834 1320 ἄλλον

225 1354 628 1432 πρσλαμϐάνειν
680 1351 937 1409 ἔσπευδον
984 1352 1484 1431 ίπικυλινδούμενοι,
1546 1359 1637 1410 καὶ
1704 1356 1832 1431 ύπὶρ

224 1452 295 1505 τῇ
307 1465 331 1507 ς
371 1443 558 1498 ἐαυτοῦ
602 1448 863 1520 σωτηρίας
919 1441 1285 1507 δυσωποῦντες
1356 1446 1575 1507 ἕκαστος
1642 1445 1836 1517 ,συχνά

225 1541 339 1588 τῶν
367 1529 544 1587 ποδῶν
568 1531 901 1609 κατίῤῥαινον
933 1529 1161 1608 δάκρυα,
1212 1529 1413 1597 ἰδόντες
1465 1533 1516 1587 οἰ
1572 1530 1834 1608 βάρϐαροι

226 1626 332 1683 τήν
385 1624 517 1700 πρὸς
560 1620 751 1677 έκεῖνον
779 1624 983 1676 πάντων
1029 1622 1229 1677 ἑκιίνων
1267 1619 1424 1687 αἰδῶ,
1456 1627 1548 1676 καὶ
1586 1624 1699 1697 ἅμα
1737 1626 1834 1682 τήν

229 1691 501 1787 διάπυρον
540 1714 752 1771 αἴτησιν
776 1712 896 1775 ἣτις
924 1707 1254 1766 ἀδιάπτωτον
1283 1712 1457 1786 ὥσπερ
1496 1715 1590 1773 τὴν
1622 1691 1835 1766 ’έλπίδα
1868 1691 1909 1747 Β

233 1809 385 1876 σφῶν
419 1801 734 1875 ύπενίφαινε,
786 1804 972 1876 σεμνὸν
1024 1805 1115 1855 καὶ
1167 1800 1333 1865 ἄλλως
1381 1804 1442 1855 τό
1494 1797 1630 1864 εἶδος
1679 1805 1834 1876 ὀρῶν-

230 1911 342 1959 τες,
373 1889 471 1944 κάν
508 1898 602 1945 τοῦ
661 1892 819 1953 ἤθους
858 1897 1228 1955 κατανοοῦντες
1276 1889 1580 1966 σεϐάσμιον·
1649 1895 1732 1954 τίς
1781 1910 1836 1946 τε

234 1983 319 2040 εἴη
349 1981 707 2055 προήχθησαν
736 1979 966 2056 ἐρέσθαι,
1005 1985 1095 2034 καὶ
1122 1981 1236 2035 ὅθεν
1285 1978 1508 2053 ίσχηκει
1549 1983 1646 2040 την
1698 1983 1835 2054 γίνε-

234 2087 347 2138 σιν,
378 2073 464 2122 καὶ
494 2068 521 2123 ὅ
546 2088 596 2123 τι
623 2072 685 2143 γέ
708 2072 873 2142 τούτῳ
902 2072 963 2122 τό
993 2065 1341 2143 ἕπιτὴδευμα,
1370 2067 1558 2129 κλῆσίν
1605 2087 1660 2122 τε
1708 2072 1835 2143 πρὸς

230 2162 462 2227 τούτοις,
490 2162 582 2212 καὶ
612 2159 741 2232 ύπερ
784 2162 929 2222 τίνος
974 2157 1090 2232 (καὶ
1138 2157 1291 2220 αὐτὸς
1340 2164 1451 2220 τοῖς
1496 2156 1670 2221 ἄλλοις
1722 2157 1834 2212 ίπί-

235 2267 340 2310 σης
394 2247 578 2323 [έχων]
628 2250 689 2301 τὸ
745 2246 801 2312 ίξ
836 2246 1118 2323 ἀνθρώπων
1167 2247 1430 2320 γενέσθαι)
1497 2253 1654 2309 οὕτως
1733 2246 1834 2302 ἀπὸ

232 2337 428 2410 ψυχῆς
475 2339 774 2410 ποιούμενος
819 2341 1071 2411 φαίνεται,
1129 2339 1219 2390 τόν
1269 2332 1477 2411 μονάδα
1524 2334 1642 2410 βίον
1695 2336 1837 2401 ἅπαξ

231 2426 471 2501 ἐλόμενος
499 2424 574 2496 (ίκ
611 2428 715 2500 γὰρ
775 2435 871 2490 τῆς
929 2424 1180 2488 ἀναϐολῆς
1232 2431 1480 2488 συνιέντες
1531 2427 1678 2500 ιῖχον
1740 2430 1835 2487 τήν

229 2515 525 2587 πολιτείαν)
575 2521 665 2569 καὶ
723 2514 972 2590 βίωτικόν
1033 2516 1171 2570 ἅπαν
1237 2513 1597 2590 ἀπεστραφὼς,
1674 2518 1836 2589 μόνης

232 2601 300 2660 δ“ε
367 2613 460 2666 τῆς
515 2603 704 2659 ἐκεῖθεν
748 2604 938 2669 λήξεως
1021 2601 1296 2679 ἔφιέμενος,
1382 2605 1533 2657 κάκεῖ
1599 2606 1836 2677 γενέσθαι

232 2699 359 2770 περὶ
410 2692 660 2750 πλείστου
711 2695 848 2747 πάνυ
894 2695 1177 2767 τιθέμενοςο
1231 2689 1357 2747 ούδε
1384 2695 1487 2768 γὰρ
1544 2690 1663 2748 οὐδ’
1695 2692 1836 2748 ἑλάν·

235 2785 362 2839 θανε
387 2785 510 2846 τούς
556 2781 853 2860 ἀλιτηρίους
891 2781 1136 2852 ὔκείνους,
1192 2784 1348 2838 ὁποία
1412 2785 1549 2838 κατά
1615 2783 1835 2839 εὐσεϐῶν

233 2875 268 2934 ἠ
302 2874 554 2949 πρόθεσις
583 2881 878 2948 μοναστῶν,
903 2877 994 2926 καὶ
1022 2872 1049 2926 ὃ
1073 2892 1127 2926 τι
1152 2891 1215 2946 γε
1242 2877 1397 2947 σφίσι
1445 2876 1505 2927 τό
1563 2869 1658 2928 διὰ
1705 2894 1835 2929 παν-

234 2967 325 3026 τός
348 2967 701 3037 σκοπούμενον
732 2967 824 3016 καὶ
874 2962 1208 3037 ζητούμενον,
1262 2963 1363 3016 ὑπὸ
1402 2964 1562 3040 χεῖρά
1613 2983 1668 3018 τε
1716 2963 1838 3018 πολ-

234 3052 364 3117 λοὺς
416 3050 662 3114 πολλάκις
711 3050 1081 3123 συλλαϐόντας,
1141 3055 1233 3106 καὶ
1277 3054 1393 3105 τότε
1454 3047 1524 3113 δὴ
1608 3057 1840 3126 συχνούς

235 3143 381 3197 πάνυ
410 3144 804 3216 κατασχόντας,
842 3145 933 3194 καὶ
960 3136 1182 3203 παιδιᾶς
1210 3142 1374 3215 χάριν
1417 3141 1588 3215 (τάχα
1635 3138 1695 3196 δε
1749 3146 1841 3196 καὶ

234 3239 339 3286 τῶν
388 3233 647 3308 ἡμετέρων
714 3230 994 3307 εἰρωνείας)
1073 3231 1141 3283 τὰ
1185 3230 1299 3282 κατ’
1317 3229 1508 3293 αύτούς
1561 3228 1840 3292 ἀνετάζον-

235 3341 360 3385 τας.
391 3325 493 3375 Καὶ
521 3320 578 3385 ὃς
606 3315 675 3380 δὴ
724 3317 863 3394 βαθύ
921 3318 1164 3384 στενάξας
1209 3323 1298 3372 καί
1353 3321 1570 3392 μύχιον·
1606 3323 1708 3374 Καὶ
1751 3318 1839 3372 ἀλ-

234 3408 340 3474 λως
398 3412 491 3483 μεν
538 3408 704 3486 ἄχρῆν
753 3406 1146 3482 ἀπαραμύθητα
1199 3405 1499 3476 λυπιῖσθαι,
1549 3411 1666 3469 τούς
1710 3409 1841 3482 ὁμο-

237 3500 400 3562 εθνεῖς
432 3499 644 3561 τούτους
697 3495 942 3571 βλέποντι
999 3501 1088 3551 καὶ
1142 3499 1431 3572 ὁμόφρονας
1484 3495 1841 3572 βοσκημάτων

240 3584 403 3647 δίκην
434 3585 795 3660 ἀπαγομένους
817 3589 944 3661 πρὸς
1004 3591 1099 3647 την
1163 3591 1393 3661 σφαγὴν·
1447 3591 1538 3640 καὶ
1593 3588 1730 3660 ὑμᾶς
1775 3594 1838 3661 τῇ

238 3676 475 3748 ἀπωλείᾳ
526 3684 666 3750 σφῶν
719 3674 1116 3750 ἐπιχαίροντας,
1177 3674 1481 3751 ἀνθρώπους
1537 3680 1682 3738 ὄντας
1752 3680 1844 3730 καὶ

238 3767 369 3840 ἡμῖν
398 3763 730 3829 ίξίσηςθὶού
758 3766 1120 3838 τυγχάνοντας
1156 3764 1460 3838 πλάσματα’
1508 3765 1551 3818 εί
1605 3770 1694 3818 καὶ
1748 3769 1842 3824 τὴν

242 3856 531 3931 θρησκείαν
557 3851 961 3928 ἀντιδιῄρησθε,
993 3851 1269 3915 ὑποϐολαῖς
1315 3853 1470 3915 ὅντως
1516 3860 1608 3907 τοῦ
1674 3851 1843 3929 ἀρχε-

240 3947 410 3997 κάκου
466 3945 648 4012 σατὰν,
693 3947 750 4006 ὅς
802 3942 963 3997 πάλαι
1014 3946 1105 4016 μὲν
1172 3945 1308 4017 ἡμᾶς
1375 3940 1674 4011 ἀπατήσας,
1750 3950 1843 3995 τοῦ

245 4038 383 4086 Θεοῦ
408 4050 464 4085 τε
494 4027 763 4102 διέστηκε,
795 4037 887 4085 καὶ
926 4040 1019 4093 τῆς
1068 4033 1203 4093 θείας
1252 4039 1453 4106 τρυφῆς
1492 4030 1845 4107 ἑξωστράκισε

242 4125 337 4174 καὶ
364 4120 431 4183 εἰς
474 4123 563 4174 τόν
607 4119 943 4194 κλαυθμῶνος
997 4116 1148 4173 τόνδε
1190 4128 1366 4195 χῶρον
1421 4126 1724 4192 κατῴκισεν
1786 4120 1844 4173 οὗ

242 4208 468 4263 παύεται
492 4204 553 4263 δέ
579 4213 669 4262 καὶ
695 4216 785 4261 νῦν
814 4209 994 4279 εἰσέτι,
1021 4212 1174 4282 φύσις
1220 4210 1251 4268 ἠ
1312 4213 1513 4285 πονηρά
1571 4214 1662 4262 καὶ
1717 4229 1846 4281 χαι-

240 4304 482 4373 ρέκακος,
535 4302 626 4351 καὶ
669 4296 896 4357 ἀλλήλων
961 4293 1261 4357 διασκηνῶν
1311 4304 1401 4352 καὶ
1472 4297 1847 4374 ἀπομακρύνων

2016 1182 2103 1236 l2.
2134 1180 2285 1236 Cum
2313 1192 2456 1249 ergo
2469 1180 2807 1254 concaptivi
2820 1181 2952 1254 ejus
2980 1196 3089 1256 per
3114 1180 3278 1240 viam
3308 1179 3588 1256 supplicii

1939 1266 2328 1341 rapiebantur
2338 1267 2417 1325 ad
2428 1272 2706 1337 mortem,
2735 1268 2934 1327 videre
2962 1274 3091 1328 erat
3117 1269 3251 1328 illos
3276 1268 3588 1327 confertim

1941 1354 2020 1413 ad
2046 1355 2233 1429 pedes
2258 1355 2388 1428 ejus
2413 1357 2704 1430 provolvi,
2728 1373 2953 1432 eosque
3000 1359 3348 1417 humectare
3392 1357 3592 1433 lacry-

1940 1443 2058 1502 mis
2080 1448 2138 1502 et
2164 1448 2231 1503 ut
2258 1445 2437 1503 saluii
2447 1445 2823 1517 singulorum
2836 1446 3174 1506 consuleret
3192 1463 3303 1522 pro
3332 1463 3396 1505 se
3418 1462 3590 1505 orare

1943 1548 2459 1608 unumquemque.
2481 1536 2752 1602 Quorum
2792 1551 2938 1608 erga
2968 1536 3169 1610 ipsum
3193 1537 3589 1594 reverentiam

1941 1622 2349 1697 precandique
2389 1623 2762 1694 instantiam,
2785 1624 3045 1683 indicem
3073 1623 3311 1683 ﬁducia
3363 1641 3433 1682 ac
3463 1625 3593 1699 spei

1940 1710 2291 1780 immobilis,
2348 1727 2536 1787 quam
2580 1712 2643 1770 in
2696 1712 2832 1787 ipso
2883 1712 3209 1788 repositam
3261 1713 3607 1786 habebant,

1942 1800 2391 1859 considerantes
2401 1800 2666 1870 barbari,
2706 1806 2762 1860 et
2787 1802 3107 1878 cateroqui
3127 1818 3373 1874 gravem
3396 1803 3593 1876 specie

1942 1905 2014 1948 ac
2042 1889 2315 1947 moribus
2355 1889 2763 1948 venerabilem
2806 1891 3243 1966 conspicientes
3287 1896 3597 1966 coeperunt

1941 1979 2309 2051 interrogare
2328 1994 2491 2049 eum,
2511 1980 2647 2054 quis
2675 1984 2856 2050 esset,
2884 1981 3048 2039 unde
3078 1984 3279 2050 natus,
3325 1981 3494 2055 quod
3538 1981 3592 2039 ei

1943 2067 2230 2136 studium,
2269 2066 2440 2141 quod
2492 2082 2715 2126 nomen
2770 2068 2940 2138 foret;
2993 2073 3051 2127 et
3087 2084 3212 2143 qua
3261 2069 3338 2126 de
3404 2084 3592 2128 causa

1941 2158 2104 2231 (cum
2120 2156 2248 2230 ipse
2270 2171 2516 2231 quoque
2543 2157 2799 2216 similem
2828 2157 2959 2216 aliis
3005 2158 3254 2216 haberet
3298 2158 3590 2232 originem

1942 2261 2017 2304 ex
2042 2245 2408 2318 hominibus)
2436 2245 2521 2304 ita
2547 2250 2763 2320 prater
2784 2252 3065 2304 naturam
3120 2262 3295 2320 agere
3358 2246 3590 2306 videre-

1942 2338 2056 2408 tur,
2082 2334 2420 2393 monastica
2443 2334 2566 2392 vita
2583 2334 2646 2391 in
2673 2339 3031 2410 perpetuum
3055 2335 3242 2394 electa
3291 2334 3392 2408 (ex
3441 2336 3591 2394 ami-

1943 2429 2042 2482 ctu
2069 2438 2337 2497 namque
2367 2423 2781 2494 agnoscebant
2808 2424 2939 2497 ejus
2957 2424 3438 2498 professionem),
3462 2429 3528 2481 ut
3556 2439 3594 2482 a

1944 2511 2336 2570 sacularibus
2355 2512 2540 2569 rebus
2570 2528 2840 2583 aversus,
2880 2511 3075 2570 solam
3095 2528 3232 2587 qua
3272 2514 3335 2570 in
3358 2512 3594 2585 religio-

1945 2616 2152 2659 sorum
2199 2600 2474 2658 claustris
2503 2605 2594 2658 est
2615 2600 2878 2675 quietem
2907 2600 3293 2669 desideraret,
3320 2600 3438 2659 illic
3466 2617 3595 2660 esse

1943 2706 2131 2764 quam
2151 2688 2400 2748 maximi
2423 2688 2673 2748 faciens.
2714 2693 2915 2765 Neque
2941 2690 3102 2748 enim
3155 2690 3418 2748 nefarios
3463 2690 3595 2748 illos

1946 2779 2170 2839 latebat
2201 2779 2644 2838 monachorum
2673 2779 3032 2838 institutum.
3057 2782 3113 2837 et
3136 2795 3320 2854 quem
3341 2795 3595 2857 scopum

1945 2869 2526 2929 considerationibus
2554 2885 2626 2928 ac
2647 2869 3137 2927 meditationibus
3157 2871 3283 2927 suis
3305 2870 3598 2927 haberent

1945 2959 2343 3035 propositum;
2372 2962 2437 3016 ut
2461 2959 2567 3032 qui
2607 2973 2816 3015 eorum
2867 2957 3089 3016 multos
3128 2972 3288 3032 sape
3332 2957 3597 3016 fecerant

1871 3036 1913 3094 C
1948 3048 2240 3122 captivos,
2272 3051 2330 3105 et
2364 3052 2506 3105 tunc
2547 3062 2759 3104 eorum
2808 3046 3012 3121 plures
3056 3044 3361 3115 tenebant;
3407 3046 3597 3104 eurio-

1949 3138 2137 3195 sitatis
2173 3137 2385 3209 gratia,
2439 3135 2590 3195 forte
2638 3136 2819 3194 etiam
2872 3141 3078 3193 nostra
3116 3134 3353 3193 ridendi
3398 3134 3595 3193 studio

1948 3242 2047 3284 res
2064 3226 2305 3284 illorum
2349 3224 2503 3284 soliti
2558 3224 2890 3300 explorare.
2940 3224 3040 3282 Ille
3085 3239 3249 3295 vero,
3295 3224 3598 3300 profundo

1951 3330 2293 3390 arcanoque
2338 3313 2598 3388 suspirio
2655 3314 2834 3385 edito,
2890 3316 2977 3370 Me
3038 3313 3307 3388 quidem,
3382 3313 3595 3389 inquit,

1951 3404 2266 3480 oportebat
2283 3403 2750 3463 inconsolabiter
2775 3404 3015 3471 tristari,
3076 3405 3407 3461 intuentem
3459 3419 3598 3461 con-

1950 3494 2198 3554 tribules
2221 3494 2403 3552 hosce
2440 3498 2498 3552 et
2522 3494 2844 3552 unanimes
2865 3509 3054 3563 meos,
3086 3492 3389 3568 pecudum
3429 3508 3597 3552 more

1952 3584 2033 3643 ad
2047 3584 2351 3642 lanienam
2371 3588 2725 3659 protractos,
2744 3599 2856 3641 vos
2882 3587 3084 3641 autem
3100 3598 3310 3641 eorum
3337 3582 3599 3657 pernicie

1954 3675 2310 3745 gaudentes,
2337 3689 2477 3730 cum
2508 3671 2633 3729 sitis
2659 3672 2935 3729 homines
2965 3671 3253 3747 etaquali
3281 3667 3599 3729 nobis’cum

1954 3768 2112 3820 sorte
2143 3767 2431 3820 creatura
2463 3761 2563 3819 Dei
2600 3776 2956 3835 quanquam
2989 3760 3275 3833 religione
3311 3761 3597 3819 dissidea-

1952 3850 2029 3907 tis
2070 3866 2108 3907 a
2145 3849 2534 3922 nobis,opera
2572 3848 2832 3906 auctoris
2872 3848 3171 3906 malorum
3208 3848 3454 3916 diaboli,
3494 3848 3601 3923 qui

1949 3937 2081 4009 jam
2112 3937 2347 4010 pridem
2371 3952 2563 4008 genus
2586 3936 2925 3992 humanum
2955 3936 3259 4009 decipiens
3281 3935 3484 4007 ipsum
3509 3951 3599 3991 se-

1949 4026 2149 4099 junxit
2203 4041 2240 4082 a
2280 4028 2396 4082 Deo
2436 4030 2493 4082 et
2526 4041 2562 4082 a
2599 4023 2865 4099 paradisi
2902 4023 3127 4080 deliciis
3161 4023 3594 4087 exterminavit,

1955 4121 2134 4189 atque
2160 4113 2221 4170 in
2250 4114 2408 4171 hanc
2438 4114 2634 4171 luctus
2657 4112 2961 4184 regionem
2984 4111 3306 4181 transtulit;
3338 4127 3460 4168 non
3486 4127 3597 4169 au-

1956 4208 2077 4261 tem
2111 4201 2343 4259 desistit
2366 4202 2546 4259 etiam
2583 4218 2743 4258 nunc
2782 4201 2908 4273 ejus
2943 4202 3209 4275 pessima
3267 4200 3500 4257 indoles
3528 4216 3599 4258 ac

1958 4292 2131 4349 malis
2153 4291 2426 4363 gaudens
2458 4292 2535 4347 ab
2564 4290 2822 4346 invicem
2847 4306 2959 4347 nos
2988 4290 3329 4362 disjungere
3379 4288 3599 4347 fallaci-

246 4395 380 4441 Θεοῦ
424 4394 542 4451 ταῖς
592 4386 940 4451 πολυπλόκοις
992 4386 1151 4441 αὐτοῦ
1204 4392 1543 4461 μαγγανείαις
1597 4392 1687 4440 καὶ
1741 4395 1840 4451 τοῖς

1958 4381 2074 4440 bus
2095 4382 2221 4439 suis
2242 4381 2575 4457 prastigiis,
2610 4384 2667 4437 et
2693 4379 2918 4438 dolosis
2971 4379 3350 4438 illusionibus
3407 4381 3602 4453 magis

243 4471 433 4536 δέινοῐς
462 4477 595 4547 ἄγαν
658 4479 1003 4549 σοφίσμασιν.
1062 4473 1197 4527 Ἀλλ’
1247 4478 1359 4528 ἔστι
1413 4495 1503 4549 μοι
1558 4479 1683 4551 πρὸς
1727 4478 1847 4529 τού-

241 4582 355 4627 τοις
400 4571 492 4618 καί
545 4566 732 4641 ἕτερον,
798 4563 913 4617 λίαν
975 4561 1252 4617 ἀποκναῑον
1304 4569 1395 4616 καὶ
1450 4561 1602 4617 ἀνιῶν
1648 4563 1848 4640 ἀπαρά-

242 4652 432 4712 κλητα⁶
470 4650 565 4706 διὰ
614 4656 790 4715 πάσης
841 4658 932 4705 καὶ
986 4656 1089 4729 γὰρ
1143 4649 1385 4715 παιδείας
1429 4652 1702 4720 ὶληλυθῶς,
1758 4659 1849 4708 καὶ

245 4746 434 4814 σοφίας
486 4740 533 4803 ίς
587 4742 738 4816 ὅκρον
806 4740 1091 4808 ίλη).ακώς,
1145 4746 1300 4817 μέρος
1351 4761 1406 4795 τε
1462 4744 1624 4804 αὐτῆς
1680 4739 1847 4815 μηδὲν

241 4829 492 4893 λελοιπώς
530 4828 865 4894 ἀνεξέταστον
922 4826 1098 4884 οὐδενί
1144 4850 1251 4894 πως
1303 4832 1439 4907 ἄχρι
1495 4828 1564 4890 δὴ
1616 4835 1706 4884 καὶ
1757 4840 1849 4894 τῆς

244 4925 464 4995 τήμερον
494 4925 588 4972 τοῦ
612 4922 852 4972 τοιούτου
894 4921 1166 4994 θησαυροῦ
1206 4915 1568 4994 μεταδίδωκα,
1614 4924 1706 4973 καὶ
1754 4917 1846 4974 δέ-

245 5002 404 5060 δοικα
439 5004 517 5058 ἐπ’
570 5004 812 5079 ἐσχάτων
874 5008 900 5059 ό
948 5006 1123 5080 μέλεος
1180 5014 1234 5060 τό
1281 5010 1427 5084 παρὰ
1469 5016 1562 5060 τον
1625 5006 1845 5082 ἐμπεπι-

245 5099 525 5158 στινκότος
561 5098 881 5172 κατάκριμα.

312 5288 398 5363 ιγ’.
438 5289 642 5343 Ἀκούει
695 5293 783 5344 τόν
842 5290 990 5364 λόγον
1070 5291 1097 5344 ό
1184 5297 1277 5345 τοῦ
1346 5292 1564 5345 Ιωάννου
1648 5296 1839 5366 πατήρ·

242 5381 690 5454 συμπαρωμάρτει
737 5384 826 5434 καὶ
885 5383 1008 5454 γὰρ,
1073 5378 1213 5454 ίφ’ᾦ
1271 5398 1329 5452 γε
1404 5378 1650 5434 ἐκθέσθαι
1724 5384 1841 5442 τοὺς

237 5472 606 5541 κατασχέτους
632 5469 768 5523 πάνυ
812 5465 998 5533 δεξιῶς
1035 5470 1297 5540 συνωθῶν,
1339 5473 1430 5521 καὶ
1477 5467 1558 5521 ὁτι
1607 5473 1841 5541 σαχνοὺς

237 5557 630 5632 ὑφαιρούμενος.
679 5556 967 5635 ⁴¹ίιῖογγιστοί¹
1002 5578 1103 5613 που
1158 5561 1330 5611 τοίνυν
1387 5556 1579 5611 ίκείνον
1630 5561 1839 5633 γενόμε-

235 5628 335 5720 νος,
363 5628 540 5722 ηρίμα
584 5651 675 5701 καὶ
880 5628 1032 5702 αἷδοί
1076 5646 1382 5724 ίπανήρετο.
1442 5628 1677 5711 ’Δληθῶς
1730 5628 1837 5722 ἀρα

1960 4472 2273 4546 magisque
2294 4470 2575 4540 clongare
2592 4485 2629 4526 a
2646 4471 2785 4526 Deo.
2802 4470 3226 4527 Verumtamen
3246 4469 3413 4527 aliud
3426 4469 3600 4543 quid-

1957 4560 2100 4619 dam
2127 4565 2234 4625 est,
2267 4559 2456 4616 multo
2482 4557 2735 4630 dignum
2764 4574 3041 4630 marore,
3071 4557 3239 4633 quod
3267 4575 3364 4616 me
3394 4556 3604 4630 afﬂigit

1956 4647 2486 4718 inconsolabiliter,
2510 4646 2782 4704 videlicet
2803 4647 2971 4722 quod
2989 4647 3447 4722 disciplinarum
3472 4663 3601 4705 om-

1956 4739 2124 4795 nium
2164 4753 2450 4794 emensus
2491 4735 2757 4794 stadium
2804 4739 2860 4793 et
2920 4737 3231 4810 sapientia
3293 4736 3598 4807 fastigium

1955 4830 2344 4883 consecutus:
2373 4825 2603 4882 nullam
2621 4826 2750 4897 ejus
2776 4828 3008 4897 partem
3034 4824 3387 4882 dimittenda
3411 4839 3601 4898 quam

1955 4930 2076 4972 non
2111 4914 2227 4971 sim
2296 4918 2724 4988 perscrutatus,
2765 4913 2988 4970 nemini
3040 4913 3117 4970 ad
3180 4913 3343 4969 hunc
3407 4928 3601 4987 usque

1953 5003 2112 5060 diem
2136 5004 2209 5060 de
2238 5004 2354 5060 hoc
2385 5004 2663 5060 thesauro
2688 5001 3168 5071 communicavi;
3197 5005 3254 5059 et
3274 5001 3353 5058 ab
3383 5016 3476 5068 eo,
3498 5004 3604 5076 qui

1951 5093 2081 5151 hac
2113 5092 2258 5150 mihi
2284 5093 2544 5158 tradidit,
2574 5096 2775 5149 metuo
2803 5090 3088 5148 socordia
3142 5090 3222 5148 ad
3263 5095 3602 5149 extremum

1959 5182 2260 5239 damnari.

2028 5293 2111 5347 t3.
2155 5288 2355 5346 Audiit
2390 5289 2553 5346 hunc
2581 5302 2922 5344 sermonem
2962 5290 3132 5361 pater
3182 5288 3470 5347 Joannis:
3511 5304 3602 5345 se-

1948 5378 2247 5451 quebatur
2273 5377 2453 5445 enim,
2480 5376 2719 5435 dextere
2740 5380 3049 5450 satagens;
3071 5381 3135 5435 ut
3172 5393 3244 5434 ex
3272 5377 3344 5434 iis
3370 5376 3474 5450 qui
3501 5377 3602 5436 de-

1948 5467 2294 5526 tinebantur
2331 5467 2711 5525 differrentur
2738 5467 2929 5535 multi,
2980 5483 3091 5525 nec
3141 5483 3368 5541 paucos
3422 5467 3599 5525 exitio

1946 5558 2326 5617 subtrahens.
2382 5558 2579 5625 Quam
2629 5557 2909 5641 proxime
2941 5558 3145 5631 itaque
3186 5556 3478 5641 accedens
3517 5556 3599 5641 ad

1943 5644 2105 5716 eum,
2147 5647 2373 5706 sensim
2421 5650 2479 5705 et
2522 5651 2862 5706 reverenter
2895 5636 3307 5718 interrogavit,
3344 5636 3598 5703 dicensi

4059 1764 4061 1865 ψ
