4084 6206
505 297 613 356 δτι

503 426 745 493 Verene,
768 425 835 478 ut
862 422 1078 489 dixisti,
1111 426 1346 479 tantum
1395 420 1458 478 in
1501 426 1558 478 te
1607 421 1838 478 bonum
1885 421 2151 477 occulta-
2181 421 2229 474 Α
2258 440 2359 483 τοι,

505 517 634 568 tum
682 510 814 567 est?
859 511 957 567 Ille
1014 516 1234 581 autem,
1265 510 1467 567 effusis
1530 511 1610 567 ad
1671 512 1800 567 huic
1867 510 2150 583 lacrymis

506 601 843 672 eodemque
874 600 1059 656 animi
1090 616 1273 656 sensu
1291 606 1509 669 motus,
1527 600 1969 657 eademiterum
1996 598 2151 655 afﬁr~

505 690 712 756 mavit,
741 694 798 745 et
824 704 1205 761 quaecunque
1236 694 1487 745 noverat
1517 689 1866 745 distinctiori
1907 704 2150 744 enume-

503 779 732 835 ratione
760 779 1731 850 percurrens,singuladistinctius
1757 778 2151 850 diﬂ‘usiusque

505 867 858 940 explicabat.
890 868 1131 924 Dicebat
1150 884 1291 940 ergo
1320 868 1631 939 quomodo
1654 883 2036 924 numerorum
2058 883 2149 923 ra-

504 956 694 1013 tiones
719 961 776 1011 et
803 957 1300 1013 cobterentiarum
1331 957 1721 1028 proprietates
1754 956 2001 1027 pulchre
2028 954 2147 1011 cal-

504 1045 682 1113 leret;
720 1049 775 1099 et
810 1044 973 1116 plani
999 1061 1069 1100 ac
1110 1046 1281 1100 solidi
1328 1046 1680 1117 perimetros
1711 1062 1781 1101 ac
1824 1045 2147 1101 diametros

506 1138 686 1204 atque
712 1133 937 1201 ﬁguras
967 1134 1248 1189 edoctum
1272 1150 1422 1203 sese,
1462 1134 1638 1190 etiam
1669 1134 2145 1190 laudatissimam

505 1221 875 1291 astrologicae
938 1224 1388 1296 compositionis
1451 1224 1756 1280 scientiam
1804 1228 2031 1280 tenere.
2079 1238 2149 1278 ac

504 1310 687 1368 veluti
711 1313 1095 1368 constitutum
1127 1314 1188 1369 in
1222 1314 1373 1369 coelo
1402 1315 1742 1369 dimensum
1773 1330 1900 1369 esse
1946 1319 2148 1368 motus

507 1415 828 1472 corporum
840 1401 1233 1458 aethereorum
1250 1403 1583 1475 ;sapientia3
1594 1418 1837 1474 quoque
1851 1401 2150 1457 sublimio-

506 1488 589 1544 ris
633 1490 817 1544 sacris
860 1490 1156 1545 initiatum
1203 1506 1264 1545 se
1291 1508 1305 1553 ;
1332 1491 1618 1562 quodque
1662 1493 1749 1561 (ut
1791 1506 1911 1545 uno
1950 1489 2150 1545 dicam

509 1577 711 1645 verbo)
741 1578 1073 1649 possideret
1098 1578 1323 1650 aliquid
1352 1579 1502 1634 inter
1529 1578 1798 1634 humana
1851 1578 2148 1650 pretiosis-

508 1663 752 1732 simum,
783 1665 1015 1721 bonum
1040 1666 1328 1738 profecto,
1349 1667 1530 1739 quale
1558 1683 1873 1738 nunquam
1903 1667 2021 1721 huc
2050 1670 2153 1722 aut

1682 296 2135 353 CONSTANTINI
2170 293 2654 352 ACBOPOLITJE.
3729 289 3822 343 828

2448 424 2541 471 xui
2609 420 2676 478 ὡς
2745 418 2968 487 ἔφησθα,
3049 420 3297 466 τοσοῦτον
3368 411 3839 483 ἑγκατακάκρυπται

2259 507 2474 579 ἀγαθὸν,
2502 512 2590 559 καὶ
2629 506 2763 557 οὕτω
2784 512 2975 577 χρῆμα
3002 510 3092 555 τοῦ
3156 504 3342 561 παντὸς
3396 500 3538 562 ἄξιον
3592 498 3829 550 ἐναποκει-

2256 616 2372 665 ται;
2408 601 2508 650 Καὶ
2559 594 2612 655 ὃς
2645 591 2912 664 δακρύσας
2965 596 3056 643 καὶ
3086 595 3179 649 τὴν
3227 590 3411 661 ψυχὴν
3460 588 3611 645 αὐτὴν
3654 606 3825 639 πεπον-

2261 686 2380 753 θώς,
2430 687 2497 735 τὰ
2551 682 2682 735 αύτὰ
2728 686 2819 732 καὶ
2903 681 3054 740 αὖθις
3121 678 3333 752 εἰρηκει·
3402 675 3704 747 πλατύτερον
3780 692 3825 725 τε

2259 770 2452 835 διεξηει
2500 775 2567 824 τὰ
2609 778 2700 831 τῆς
2749 765 3091 836 παιδεύσεως,
3150 771 3240 819 καὶ
3300 768 3367 817 τὰ
3445 761 3826 837 ἐξακριϐωθένά

2252 864 2724 937 παραγεγυρινωκει
2772 858 3093 929 λεπτότερον.
3143 861 3280 913 Φησὶ
3336 861 3460 926 γοῦν
3526 855 3595 913 ὡς
3664 851 3827 921 λόγους

2255 972 2309 1004 τε
2361 951 2615 1023 ἀριθμῶν,
2674 954 2765 999 xui
2812 945 3087 1017 ἀναλογίας
3168 943 3424 1019 ἁρμονιῶν
3501 940 3667 1001 καλῶς
3708 940 3825 1009 ἄγαν

2256 1038 2585 1113 ἠκριϐωκως,
2633 1046 2733 1089 τῶν
2783 1033 3040 1089 ἐπιπέδων
3083 1039 3169 1085 xui
3223 1032 3450 1106 περρών
3519 1034 3828 1103 περιμέτρους

2255 1134 2343 1181 καὶ
2387 1125 2717 1200 διαμέτρους,
2774 1130 2862 1176 καὶ
2922 1129 3202 1195 σχήματα,
3256 1126 3346 1174 καὶ
3411 1122 3578 1180 αὐτῆς
3625 1137 3682 1188 γε
3743 1124 3821 1175 τῆς

2257 1216 2676 1292 πολυθρυλλήτου
2750 1223 2847 1265 τῶν
2917 1212 3143 1284 ἀστέρων
3204 1210 3494 1272 συντάξεως
3540 1212 3630 1265 τὴν
3681 1204 3825 1257 πολυ-

2255 1309 2479 1378 ύμνητον
2533 1304 2828 1375 ἐπιστήμην
2887 1302 3220 1372 συνειλοχὼς,
3268 1305 3359 1352 xui
3418 1300 3483 1357 ως
3531 1296 3579 1348 ἐν
3644 1296 3823 1367 οὐρανῷ

3474 1390 3567 1443 την
3641 1388 3824 1439 κίνησιν

3662 1475 3825 1542 σοφίας

2256 1399 2475 1465 γεγονώς
2531 1397 2616 1444 καὶ
2668 1401 2765 1443 τῶν
2824 1391 3059 1465 αἰθερίων
3121 1392 3374 1461 σωμάτων

2259 1483 2757 1556 ἀναμετρησάμενος,
2837 1482 2901 1531 τά
2955 1498 3007 1530 τε
3082 1485 3177 1538 τῆς
3273 1479 3553 1550 ὑπερτέρας

2257 1574 2475 1643 μυηθεὶς
2505 1570 2679 1644 ὄργια,
2721 1574 2808 1621 καὶ
2861 1568 2951 1638 (ὡς
3010 1566 3128 1627 ἑπος
3198 1564 3379 1633 εἰπεῖν)
3421 1569 3480 1615 τὸ
3539 1565 3824 1644 τιμιώτατον

2256 1642 2354 1711 τῶν
2385 1661 2435 1711 ἐν
2467 1642 2751 1731 ἀνθρώποις
2793 1666 2970 1727 κτῆμα
3025 1656 3365 1725 κτησάμενος,
3411 1651 3595 1723 λόγους
3638 1642 3825 1705 δηλαδὴ

504 1752 663 1808 venit
695 1758 799 1809 aut
824 1754 1039 1817 veniet,
1068 1755 1217 1810 sicut
1246 1755 1495 1827 quidam
1521 1771 1552 1809 e
1581 1754 1880 1810 veteribus
1910 1754 2149 1827 sapien-

2259 1753 2346 1800 xui
2398 1752 2579 1819 σοφίαν
2611 1752 2842 1819 (χρῆμα,
2876 1753 2915 1795 ὡ
2971 1739 3264 1809 οὖτος,οἷον
3319 1741 3439 1792 οὔτε
3479 1741 3596 1796 ἧκεν
3646 1732 3826 1799 ἐνθάδε,

508 1840 668 1896 tibus
698 1841 847 1896 dixit
884 1844 949 1896 Et
1000 1846 1202 1898 tamen
1234 1844 1294 1898 in
1351 1844 1653 1899 neminem
1692 1843 1894 1909 incidi,
1937 1842 2151 1915 inquit,

505 1945 772 2002 quocum
802 1929 930 1985 haec
956 1946 1195 2002 possem
1226 1932 1690 1987 communicare.
1723 1931 1809 1987 Ad
1853 1948 1986 2004 quae
2016 1931 2147 1986 ille:

508 2017 662 2073 Scito
675 2017 840 2090 quod
856 2033 967 2087 ego
979 2017 1241 2090 implebo
1259 2019 1621 2075 desiderium
1635 2019 1819 2075 animi
1834 2020 1939 2090 tui,
1957 2034 2152 2091 neque

505 2104 671 2161 abire
692 2111 745 2161 te
767 2106 962 2161 sinam
1007 2107 1111 2163 tali
1155 2106 1531 2163 laborantem
1588 2114 1850 2177 egestate
1872 2114 1929 2163 et
1957 2108 2150 2163 confe-

505 2198 668 2251 ctum
692 2194 917 2261 dolore,
944 2196 1163 2267 partim
1193 2198 1337 2269 quia
1367 2213 1474 2270 pro
1496 2197 1603 2253 tibi
1633 2197 1869 2253 creditis
1898 2212 2151 2252 examen

504 2282 858 2349 formidans,
886 2300 1134 2356 pmnam
1165 2286 1363 2353 times,
1398 2286 1613 2358 partim
1643 2285 1789 2357 quia
1817 2285 2148 2357 periculum

505 2377 595 2426 est
610 2387 683 2426 ne
699 2373 939 2443 ignotus
959 2374 1097 2429 hinc
1118 2390 1316 2441 exeas,
1342 2380 1397 2431 et
1421 2375 1482 2430 in
1503 2375 1821 2431 oblivionis
1847 2374 2149 2446 profundo

505 2460 837 2529 occulteris,
865 2476 938 2516 eo
961 2461 1126 2533 quod
1156 2462 1352 2517 nullos
1384 2468 1519 2535 post
1549 2469 1602 2517 te
1639 2463 1940 2534 relinquas
1972 2462 2148 2529 ﬁlios,

506 2546 829 2618 acquisitos
850 2564 957 2620 per
986 2551 1417 2621 magisterium,
1437 2551 1539 2622 qui
1566 2551 1745 2621 longe
1778 2551 2152 2622 praestantio-

504 2650 600 2690 res
645 2635 724 2689 ad
769 2634 1033 2692 futuram
1080 2638 1437 2694 memoriam
1468 2654 1655 2710 quam
1684 2638 1988 2694 naturales
2020 2654 2151 2693 esse

505 2722 801 2790 videntur,
836 2730 909 2795 et,
945 2726 1095 2781 sicut
1119 2726 1324 2796 audio,
1353 2726 1576 2784 diutius
1608 2728 1817 2784 vivunt
1844 2744 2032 2800 quam
2057 2743 2151 2797 ge-

504 2810 613 2866 niti
633 2811 968 2869 secundum
990 2830 1254 2870 carnem.
1292 2817 1438 2871 Sunt
1462 2816 1621 2871 enim
1646 2816 1777 2872 mbi
1804 2816 1927 2885 ﬁlii,
1960 2816 2152 2872 forma

504 2904 856 2970 praestantes
901 2900 1024 2973 ﬁlii,
1084 2902 1320 2968 maturi,
1380 2903 1484 2958 filii
1534 2920 1787 2976 capaces
1807 2903 2149 2976 disciplina-

503 3003 640 3043 rum
692 3005 845 3061 quas
889 2992 1267 3063 enumerasti,
1328 2991 1489 3047 velut
1534 2993 1909 3064 receptacula
1965 2993 2153 3064 puris-

504 3077 658 3133 sima
713 3084 769 3135 et
810 3079 1168 3153 amplissimi
1215 3080 1384 3147 alvei,
1420 3082 1523 3137 sed
1555 3081 1754 3138 adhuc
1792 3082 2022 3148 inanes,
2054 3082 2152 3137 de-
2187 3117 2229 3172 C

501 3164 660 3222 fectu
687 3167 827 3223 talia
854 3168 1159 3239 largientis
1188 3174 1243 3225 et
1274 3169 1449 3241 quasi
1478 3186 1584 3242 per
1605 3171 1801 3226 rivum
1827 3170 2150 3226 infunden-

502 3258 596 3310 tis.
639 3256 758 3311 Hos
802 3272 913 3327 ego
968 3256 1071 3312 tibi
1119 3257 1497 3329 adoptandos
1528 3257 1764 3315 tradam
1797 3278 1809 3325 ;
1840 3265 2010 3314 tuum
2047 3259 2154 3314 erit

504 3359 605 3399 eas
634 3360 786 3416 quas
809 3345 1007 3402 dixisti
1038 3345 1381 3419 disciplinas
1412 3346 1559 3419 ipsis
1590 3347 1881 3403 tradendo
1906 3347 2150 3403 eosdem

501 3433 960 3504 quodammodo
988 3450 1358 3505 regenerare.

580 3612 829 3665 14-11am
859 3627 999 3666 cum
1029 3610 1295 3677 dixisset,
1329 3612 1678 3667 festinanter
1718 3610 1843 3667 abit
1878 3610 1957 3667 ad
2004 3614 2146 3666 Per-

505 3712 710 3752 sarum
732 3698 1091 3770 principem,
1124 3716 1259 3771 quaa
1295 3700 1405 3755 sibi
1438 3716 1574 3755 cum
1608 3701 1824 3755 Cosma
1862 3700 2149 3755 interces-

504 3784 719 3841 sissent
771 3785 1159 3855 denuntians,
1218 3803 1481 3860 eumque
1535 3789 1677 3861 petit
1734 3788 1864 3843 dari
1911 3787 2045 3853 sibi,
2096 3791 2152 3841 et

502 3874 674 3945 cujus
703 3874 786 3931 rei
810 3876 1002 3944 gratia
1047 3876 1109 3931 id
1126 3881 1308 3949 petat,
1357 3877 1710 3934 manifestat
1770 3879 1838 3932 Ut
1882 3892 2022 3932 vero
2055 3892 2148 3931 as-

505 3978 748 4019 sensum
779 3964 908 4035 ejus
934 3964 1189 4021 obtinuit
1217 3965 1429 4029 (multa
1449 3965 1605 4021 enim
1624 3964 1787 4038 apud
1809 3966 2007 4038 ipsum
2021 3980 2150 4034 gra-

503 4051 583 4108 tia
611 4057 667 4108 et
683 4054 1033 4110 auctoritate
1055 4053 1336 4127 valebat),
1356 4070 1471 4110 non
1488 4055 1704 4110 minori
1729 4053 1951 4122 gaudio
1963 4069 2147 4124 quam

502 4142 751 4198 Cosmas
769 4143 1069 4215 perfusus,
1085 4144 1336 4199 domum
1364 4161 1501 4199 eum
1516 4144 1810 4216 perducit.
1830 4144 1872 4208 Ο
1886 4142 2149 4198 uomodo

504 4234 705 4283 autem
734 4232 885 4285 inter
909 4232 1074 4287 varia
1104 4233 1491 4288 humanitatis
1525 4232 1723 4287 oﬂicia
1752 4234 1949 4304 ipsum
1982 4247 2148 4286 exce-

499 4316 669 4388 perit,
704 4322 760 4372 ct
783 4334 969 4389 quam
995 4320 1263 4390 jucunde
1295 4320 1646 4390 complexus
1689 4320 1883 4386 fuerit,
1919 4318 2151 4387 longior

500 4403 825 4460 verborum
848 4406 1094 4461 circuitu
1120 4407 1406 4478 prolixius
1444 4408 1747 4479 explicare
1779 4405 2149 4478 superﬂuum

501 4499 669 4565 puto.
697 4494 982 4549 Cmterum
1011 4512 1151 4549 cum
1180 4512 1360 4567 super
1380 4512 1591 4550 omnes
1623 4496 1980 4550 domesticos
2011 4510 2147 4549 eum

504 4582 913 4638 constituisset
962 4588 1017 4639 et
1066 4585 1220 4639 sicut
1266 4584 1518 4638 alterum
1566 4601 1627 4639 se
1680 4584 1792 4640 coli
1840 4601 1876 4640 a
1923 4583 2149 4638 cunctis

493 4671 793 4742 jussisset,
827 4671 1067 4728 tradens
1099 4672 1148 4728 ei
1174 4672 1325 4727 ﬁlios
1352 4689 1517 4739 suos,
1554 4673 1743 4746 ipsius
1781 4672 1958 4744 quasi
1994 4671 2147 4726 ﬁlios

502 4760 701 4820 efﬁcit.
757 4762 854 4819 isti
909 4766 1092 4832 erant,
1143 4763 1431 4828 Joannes,
1503 4761 1884 4834 splendidum
1935 4768 2149 4815 nostra)

501 4852 787 4908 orationis
844 4859 1287 4923 argumentum;
1335 4859 1391 4908 et
1451 4852 1544 4907 ille
1593 4851 1694 4923 qui
1744 4857 1878 4905 ante
1928 4852 2147 4923 ipsum,

503 4939 737 4996 defectu
762 4942 945 5014 prolis
969 4943 1279 5013 naturalis,
1320 4943 1510 4997 fuerat
1554 4941 1874 5012 adoptatus
1922 4957 1955 4994 a
1998 4942 2151 4993 Man-

506 5044 662 5095 sure,
688 5031 1080 5103 admirabilis,
1106 5033 1377 5104 inquam,
1408 5046 1637 5102 suoque
1667 5035 1732 5083 ut
1774 5031 2016 5083 nomine
2068 5028 2152 5082 sic

505 5123 563 5172 et
597 5118 867 5174 moribus
899 5121 1170 5187 Cosmas;
1206 5121 1278 5177 de
1301 5137 1422 5192 quo
1451 5119 1597 5192 quid
1634 5118 1787 5173 velut
1810 5118 1867 5172 in
1902 5117 2153 5173 transitu

505 5206 756 5262 dixerim
788 5208 815 5262 ?
843 5209 1337 5281 quandoquidem
1373 5208 1570 5279 siquis
1605 5224 1696 5261 res
1719 5208 1846 5278 ejus
1875 5221 2155 5277 suscepe-

504 5295 577 5351 rit
614 5312 685 5350 ex
726 5296 1031 5367 proposito
1070 5296 1497 5357 recensendas,
1550 5298 1644 5351 vix
1688 5312 1791 5350 eas
1840 5301 2019 5366 prout
2070 5293 2154 5348 di-

504 5400 691 5456 gnum
706 5390 793 5440 est
812 5392 1251 5457 exsequeretur.
1269 5386 1511 5457 Accepit
1532 5400 1673 5453 ergo
1689 5400 2012 5457 puerorum
2041 5383 2153 5437 sibi

504 5473 973 5530 commissorum
1005 5489 1113 5545 par
1139 5474 1385 5527 divinus
1440 5473 1795 5545 paedotriba,
1861 5478 2153 5544 tanquam

499 5563 803 5647 pullorum
832 5578 1265 5637 generosarum
1298 5562 1557 5619 domitor
1610 5560 2014 5625 exercendum
2071 5560 2151 5616 ad

2260 1837 2375 1889 ούτε
2412 1842 2513 1909 μην
2541 1835 2650 1897 ἡξει
2683 1843 2780 1886 τῶν
2834 1838 3035 1905 χρόνων
3083 1834 3227 1897 ποτε,
3270 1830 3338 1891 ὡς
3392 1834 3483 1880 καὶ
3545 1835 3641 1878 τῶν
3690 1824 3829 1876 παλαι

2261 1945 2339 1986 τις
2390 1933 2557 1996 σοφῶν
2626 1923 2965 1995 ἰσχυρίσατο)
3033 1916 3205 1972 οὐδενὶ
3274 1924 3457 1989 τυχών
3511 1921 3608 1987 ὅτῳ
3665 1916 3829 1965 τούτου

2260 2008 2547 2086 μετέδωκα.
2581 2016 2681 2064 Καὶ
2707 2014 2781 2072 ὅς’
2814 2009 2948 2063 Ἀλλ’
2980 2008 3076 2080 ἐγώ
3124 2027 3224 2077 τοι,
3276 2006 3418 2057 τοῦτ’
3436 2006 3567 2069 ίσθι,
3614 2000 3828 2056 ἐκπλήσω

2258 2105 2318 2154 τὸ
2348 2102 2684 2173 καταθύμιον,
2718 2104 2807 2150 καὶ
2832 2099 2937 2169 ούχ
2979 2099 3140 2157 οὕτως
3200 2094 3437 2147 ἀπελθεῖν
3491 2092 3626 2144 ἐάσω
3685 2108 3829 2140 κατα-

2261 2187 2357 2243 δεᾶ
2376 2195 2463 2241 καὶ
2486 2188 2789 2262 περίλυπον,
2817 2195 2967 2240 τοῦτο
3017 2189 3128 2258 μὲν,
3185 2181 3261 2244 οἷς
3304 2188 3392 2238 τήν
3453 2181 3577 2254 ὑπὲρ
3628 2185 3712 2230 τοῦ
3759 2175 3829 2247 ἐμ-

2259 2282 2667 2350 πεπιστευμένου
2723 2273 2879 2333 δίκην
2936 2276 3255 2339 ὑποπτεύεις,
3296 2276 3386 2322 xui
3458 2275 3551 2327 την
3640 2268 3827 2320 εὐθύνην

2259 2366 2528 2438 ἐπιλογίζῃ
2553 2372 2643 2417 xui
2686 2361 2887 2435 δέδιας,
2932 2371 3085 2415 τούτο
3144 2358 3215 2425 δ’,
3268 2358 3343 2423 οἷς
3394 2358 3655 2430 ἀνώνυμος
3706 2357 3825 2424 οἴχε-

2262 2459 2386 2508 σθαι
2446 2451 2757 2513 κινδυνεύεις
2807 2473 2895 2504 και
2953 2452 3114 2511 λήθης
3179 2447 3596 2521 ἐναποκρυϐῆναι
3667 2441 3827 2516 βυθοῐς

2259 2548 2330 2617 μὴ
2372 2540 2570 2604 παῖδας
2618 2542 2706 2594 ἅτε
2766 2540 3145 2599 καταλελοιπώς
3196 2546 3268 2608 τῷ
3322 2535 3431 2610 βίῳ
3495 2532 3588 2587 διὰ
3638 2526 3828 2584 παιδεύ-

2263 2653 2407 2699 σεως,
2456 2632 2623 2702 πολλῷ
2667 2651 2769 2683 τινι
2822 2639 2919 2682 τῶν
2970 2628 3023 2680 ἐκ
3074 2631 3267 2704 σαρκὸς
3321 2629 3457 2701 πρὸς
3504 2628 3595 2682 τὴν
3646 2621 3828 2677 ἐσαῦθις

2260 2727 2467 2794 μνήμην
2538 2726 2855 2793 κερείττονας
2911 2722 3219 2789 πεφηνότας,
3300 2720 3392 2767 xui
3453 2714 3825 2786 μονιμωτέρους.

2262 2814 2329 2871 ὡς
2361 2808 2588 2869 ἀκούσας
2626 2812 2757 2880 ἔχω,
2790 2815 2973 2881 μακρῷ
3029 2815 3125 2857 τῶν
3184 2804 3235 2867 ἐξ
3292 2804 3535 2876 αῖριατος.
3589 2799 3702 2852 Εἰσὶ
3744 2800 3825 2867 γάρ

2261 2919 2350 2971 μοι
2377 2895 2583 2965 παῖδες,
2620 2893 2803 2957 παῖδες
2834 2900 3037 2971 ὡραῖοι,
3063 2891 3252 2955 παῖδες
3291 2892 3469 2959 καλοὶ,
3503 2885 3681 2949 παῖδες
3730 2903 3829 2936 παι-

2262 2984 2532 3059 δευμάτων
2589 2989 2707 3038 οἴων
2744 2984 3097 3058 ἀπηριθμησω
3152 2982 3357 3055 καθαρὰ
3440 2980 3570 3031 πάνυ
3665 2970 3829 3044 δοχεῖα

2260 3081 2350 3128 xui
2383 3076 2574 3149 εὐρεῖαι
2597 3071 2770 3132 δήπου
2821 3069 3116 3144 δεξαμεναὶ,
3174 3074 3310 3121 κενοὶ
3363 3065 3425 3120 δὲ
3473 3067 3647 3131 εἰσέτι,
3692 3067 3827 3133 χήτει

2260 3173 2352 3216 τοῦ
2394 3174 2493 3216 τῶν
2546 3167 2791 3215 τοιούτων
2848 3157 3238 3234 μεταδώσοντος
3295 3161 3386 3209 καὶ
3446 3152 3549 3207 οἷον
3596 3152 3828 3224 ὀχετηγή·

2263 3273 2462 3318 σοντος,
2494 3255 2903 3309 καθεστήκατον.
2936 3252 3179 3317 Τούτους,
3226 3250 3474 3317 γίνωσκε,
3528 3250 3615 3294 τού
3669 3239 3824 3291 λοιποῦ

2258 3337 2457 3403 παῖδας
2487 3342 2647 3413 ἔγωγε
2680 3342 2825 3397 θήσω
2855 3358 2958 3389 σοι’
3017 3341 3100 3388 σοι
3156 3332 3205 3387 δ’
3259 3336 3318 3386 ἄν
3373 3338 3434 3384 τὸ
3493 3331 3707 3384 ἐντεῦθεν
3759 3326 3821 3380 εἰη

2258 3432 2404 3491 ὅσοις
2442 3450 2494 3482 τε
2537 3434 2628 3481 καὶ
2705 3428 2833 3487 οἵοις
2908 3426 3131 3501 εἰρηκεις
3214 3421 3561 3494 ἁναγεννῆσαι
3634 3411 3823 3469 παιδεύ-

2258 3539 2413 3591 μασι.

2332 3603 2419 3658 ιδ’·
2470 3604 2627 3659 Ταῦτ’
2676 3604 2850 3672 εἰπὼν,
2908 3598 3114 3673 σπουδῇ
3158 3601 3301 3675 παρὰ
3383 3603 3472 3651 τὸν
3536 3596 3821 3667 Περσάρχην

2258 3698 2457 3761 ἄπεισι,
2514 3714 2603 3746 και
2660 3696 2725 3745 τὰ
2775 3695 2910 3743 κατὰ
2972 3694 3058 3742 τὸν
3117 3695 3329 3761 Κοσμᾱν
3382 3683 3705 3758 ἀπαγγέλλει,
3748 3682 3822 3730 καὶ

2259 3784 2500 3849 αἰτεῖται,
2532 3787 2621 3834 xui
2662 3785 2781 3833 ὅτου
2821 3800 2879 3851 γε
2909 3782 3070 3854 χάριν
3104 3775 3371 3849 διασαφεῖ.
3396 3777 3485 3838 Ὠς
3531 3772 3587 3827 δὲ
3636 3769 3698 3828 δή
3748 3771 3820 3819 καὶ

2258 3873 2428 3944 εἴληφε
2475 3876 2533 3923 τὸ
2591 3868 2865 3943 ἐνδόσιμον
2921 3870 3080 3941 (πάνυ
3145 3870 3246 3941 γὰρ
3304 3867 3466 3937 ηὔχει
3522 3863 3647 3915 πολὺ
3717 3854 3819 3923 παρ’

2259 3963 2398 4033 αύτῴ
2430 3966 2486 4013 τὸ
2516 3957 2837 4031 αἰδέσιμον),
2869 3959 2973 4029 οὐχ
3012 3958 3162 4015 ἧττον
3195 3956 3346 4015 αὐτὸς
3395 3973 3598 4027 χαιρων
3647 3951 3675 4007 ἦ
3720 3947 3825 4033 χα-ί·

2256 4072 2413 4127 ροντα
2442 4049 2625 4102 ἐκεῖνον
2671 4044 2849 4101 οἶκαδε
2901 4049 3092 4117 ἀπάγει
3146 4044 3337 4100 λαϐὼν.
3396 4042 3571 4102 Ὀπως
3621 4043 3703 4111 μὲν
3751 4028 3821 4085 οὖν

2258 4126 2717 4213 ἐφιλοφρονήσατο,
2767 4141 2856 4187 καὶ
2914 4137 3041 4197 οἰοις
3093 4138 3183 4191 τὴν
3238 4136 3447 4200 πρωτην
3515 4126 3817 4191 ἐδεξιώσατο,

2258 4231 2496 4303 περιττὸν
2548 4230 2670 4286 ἴσως
2722 4230 3091 4298 μακρηγορείνι
3125 4222 3261 4279 Πλὴν
3294 4219 3404 4271 ἀλλ’
3450 4220 3532 4271 ἐπὶ
3573 4223 3694 4269 πᾶσι
3735 4216 3821 4266 τοῖς

2259 4319 2418 4369 αὐτοῦ
2449 4320 2803 4378 καταστήσας,
2834 4318 2921 4363 καὶ
2971 4312 3119 4363 ἄλλον
3176 4311 3355 4362 ἑαυτὸν
3414 4311 3606 4360 ἅπασιν
3661 4303 3818 4354 ἐναπο-

2259 4426 2515 4477 τεταχως,
2543 4408 2659 4463 τούς
2689 4403 2848 4454 αὐτοῦ
2894 4396 3091 4462 παῖδας
3148 4399 3453 4474 ἐγχειρίζει,
3510 4390 3697 4451 παῖδας
3746 4408 3818 4439 οω-

2256 4498 2378 4553 τούς
2421 4493 2725 4551 εἰσποιησας
2776 4490 2935 4558 αύτῷ·
2998 4485 3177 4551 Οὗτοι,
3240 4487 3502 4554 Ἰωάννης,
3560 4485 3589 4540 η
3634 4480 3816 4550 λαμπραί

2257 4591 2355 4633 τῶν
2389 4582 2657 4652 ἡμετάρων
2692 4580 2857 4650 λόγων
2898 4578 3163 4639 ὑπόθεσις,
3214 4580 3301 4626 xui
3338 4576 3361 4625 6
3419 4576 3519 4646 πρὸ
3565 4570 3712 4622 αὐτοῦ
3756 4580 3817 4613 τῖ’

2262 4671 2361 4729 θεὶς
2402 4672 2467 4728 εἱς
2519 4670 2628 4718 υἱὸν
2682 4671 2902 4737 γνησίου
2962 4668 3204 4736 στερησει
3251 4667 3582 4734 γεννήματος,
3635 4659 3658 4707 6
3717 4655 3816 4704 θαυ-

2259 4760 2450 4829 μάσιος
2504 4756 2687 4814 κλῆσίν
2736 4775 2789 4806 τε
2842 4758 2929 4805 καὶ
2990 4759 3177 4825 τρόπον
3238 4757 3465 4822 Κοσμᾶς-
3528 4753 3636 4821 περὶ
3684 4762 3733 4793 ου
3776 4740 3817 4786 τί

2260 4866 2352 4919 περ
2393 4848 2453 4897 ἀν
2486 4851 2573 4896 καὶ
2634 4849 2809 4917 φαίην,
2862 4844 3023 4903 οὕτως
3090 4840 3143 4891 ἐκ
3224 4844 3483 4914 παρέργου
3560 4831 3715 4895 εἰδώς
3762 4844 3817 4883 ως

2262 4934 2305 4987 εἰ
2336 4941 2424 4985 καὶ
2453 4933 2717 5009 προύργου
2750 4953 2825 4989 τις
2878 4934 2943 4983 τὰ
2990 4932 3127 4981 κατά
3183 4938 3361 4980 τουτον
3412 4931 3698 4983 ποιήσαιτο,
3744 4932 3819 4987 μοο

2261 5024 2335 5084 λις
2375 5023 2433 5074 ἂν
2461 5031 2559 5075 τῶν
2587 5026 2713 5095 πρὸς
2772 5021 2922 5083 αζίαν
2982 5019 3229 5091 ἐφίκοιτο.
3292 5016 3430 5073 Πλὴν
3469 5014 3578 5074 ῆλλ’
3623 5008 3819 5080 ἐγχειρί-

2265 5114 2520 5173 ζεταιτην
2554 5114 2689 5183 ἱερὰν
2745 5106 3007 5183 ξυνωρίδα
3063 5110 3087 5158 6
3148 5110 3279 5167 θεῖος
3341 5105 3522 5163 ἐκεῖνος
3578 5094 3820 5164 παιδοτρι-

2265 5202 2356 5261 ϐης
2411 5201 2440 5257 ἢ
2495 5204 2812 5271 γυμναστὴς,
2866 5195 3064 5257 ἣδιστα
3116 5192 3165 5247 δ’
3226 5195 3284 5246 ἂν
3339 5200 3512 5265 φαίην,
3564 5193 3649 5241 καὶ
3714 5184 3820 5271 ἱερὸς

2264 5286 2667 5364 μοσχοδάμνης,
2710 5290 2842 5347 ὅπως
2883 5286 2941 5337 ἂν
2981 5292 3106 5357 πρὸς
3137 5288 3229 5342 τὴν
3252 5292 3342 5343 τῆς
3404 5282 3689 5351 οἰκουμένης
3742 5267 3818 5323 δη·

2264 5382 2450 5433 πουθεν
2484 5383 2684 5446 νέωσιν,
2726 5382 2815 5428 καὶ
2855 5381 2948 5432 τήν
2978 5384 3076 5425 τῶν
3110 5377 3255 5425 θείων
3285 5370 3556 5443 δογμάτων
3628 5362 3818 5417 diuum-

2264 5472 2358 5543 ραν
2424 5467 2781 5539 ἐγγυμνάσειε.
2837 5470 2967 5538 ,Περὶ
3014 5466 3103 5536 μέν
3182 5459 3250 5521 δὴ
3334 5469 3423 5513 τού
3489 5461 3620 5510 θεὶου
3682 5451 3816 5519 λέγειν

2269 5563 2451 5637 Κοσμᾶ
2502 5561 2559 5608 τό
2614 5575 2674 5637 γε
2733 5563 2819 5606 νῦν
2878 5556 3007 5605 εἶναι
3065 5551 3286 5625 ἀναϐολῇ
3349 5552 3664 5622 παραπέμπνιι
3742 5537 3814 5587 καὶ
