4084 6206
1454 319 1527 374 1N
1564 318 1622 374 S.
1659 317 1855 377 JOAN.
1896 320 2391 383 DAMASCENUM.

3490 328 3596 385 830

243 438 586 509 ύπερτὶθεμαι
612 456 628 472 ο
656 439 711 498 ὃς
761 440 861 511 γὰρ
897 443 1019 512 περί
1065 447 1160 493 τοῦ
1211 441 1315 503 ἰνὸς
1368 445 1500 518 πρὸς
1562 442 1709 506 ἀξίαν
1766 444 1831 497 λί-

1943 447 2202 504 universi
2224 449 2386 505 orbis
2405 450 2701 507 culturam
2750 454 2807 506 et
2854 450 3395 506 ecclesiasticorum
3442 450 3590 521 dog-

243 544 353 596 γειν
382 526 478 578 οὐκ
507 528 638 597 ἔχω,
664 526 718 578 τί
745 528 860 579 ποτ’
882 527 944 580 ἃν
994 535 1236 603 γενοίμην
1283 537 1372 584 καὶ
1421 538 1532 594 τοῖς
1586 541 1679 584 του
1731 533 1838 586 ἐτέ-

241 633 336 687 ρου
363 615 742 689 φιλοχωρήσας
769 634 783 682 ;
815 616 978 679 ἄλλως
1005 638 1059 671 τε
1114 624 1203 672 καὶ
1239 629 1335 682 τῆς
1375 626 1656 694 παροιμίας
1713 621 1839 680 ἀκη-

241 708 377 765 κοὼς
400 708 532 778 πρός
559 701 656 757 δύο
679 710 750 777 μὴ
785 703 1135 775 ἀποδύεσθαι,
1194 711 1260 761 τὰ
1296 713 1430 762 κατά
1474 718 1655 763 τοῦτον
1702 730 1837 786 παρ-

244 794 368 863 ὶημι
397 814 410 824 ·
469 789 838 866 δυσχεραίνων
1033 797 1111 859 οἶς
1154 797 1248 849 οὐκ
1299 797 1534 870 ὶξισχύω
1588 799 1699 871 οἶμα
1748 804 1838 853 καὶ

241 879 435 953 ἀμφοῖν
492 880 845 953 ἐπιϐαλέσθαι,
894 889 985 937 καὶ
1038 894 1137 938 τῶν
1190 886 1305 939 κατ’
1354 888 1544 949 αὐτοὺς
1614 888 1838 961 ἀμφιλα-

240 978 350 1042 φῶς
408 966 729 1045 δράξασθαι,
785 977 873 1025 καὶ
929 972 1003 1026 ἐνί
1051 977 1219 1047 τούτῳ
1273 976 1408 1048 λόγῳ
1455 980 1520 1029 τὰ
1596 978 1835 1052 ἑκατέρου

240 1055 491 1122 διεξιέναι
554 1060 993 1133 πλεονεκτήματα,
1038 1068 1069 1122 ἦ
1120 1064 1309 1138 μᾶλλον
1359 1070 1427 1118 τὰ
1477 1068 1591 1119 θεῖα
1638 1070 1835 1119 τούτων

236 1150 369 1221 ima
391 1154 483 1201 καὶ
519 1152 902 1223 κατορθώματα
931 1173 945 1186 ο
970 1152 1065 1205 ούκ
1094 1156 1231 1225 ἔχων
1275 1151 1325 1207 δ’
1365 1157 1391 1207 ὃ
1454 1174 1507 1207 τι
1552 1161 1641 1208 καὶ
1707 1153 1836 1231 δρά-

240 1256 423 1310 σαιμι,
487 1242 614 1313 πρὸς
669 1241 737 1291 τά
791 1247 883 1292 τοῦ
933 1240 1170 1294 Ἰωάννου
1221 1248 1312 1295 καὶ
1367 1243 1520 1296 πάλιν
1576 1244 1832 1317 ἇπάνειμι,

234 1323 472 1397 ἀγωνιῶν
501 1332 671 1380 τεκαὶ
718 1337 1022 1393 πνευστιῶν,
1073 1336 1162 1383 καὶ
1217 1331 1331 1394 ὅλος
1368 1340 1442 1402 τῷ
1483 1330 1669 1408 ἱδρῶτι
1717 1331 1834 1387 διὰ·

233 1413 456 1487 ϐρόχος,
509 1415 652 1468 ὡσάν
702 1437 785 1479 τις
838 1426 938 1471 τῶν
994 1416 1355 1474 διωδευκότων
1433 1425 1655 1496 μακρὰν,

230 1508 560 1578 μακροτέραν
581 1502 886 1579 ἀφορώντων
905 1512 1000 1566 τὴν
1026 1508 1099 1569 εἰς
1122 1528 1180 1560 το
1198 1512 1511 1584 ἔμπροσθεν.

1743 1429 1833 1475 καὶ

1948 540 2179 590 matum
2201 544 2549 593 sementem.
2581 541 2698 609 Ego
2727 542 2928 594 autem
2953 538 3027 592 de
3048 538 3267 593 eximio
3296 539 3512 594 Cosma
3530 539 3591 594 in

1946 624 2402 697 praesentiarum
2433 627 2627 682 dicere
2657 627 2883 692 omitto,
2916 626 3197 682 differens
3229 642 3367 681 eum
3410 631 3467 682 et
3529 626 3591 683 in

1947 713 2107 769 aliud
2132 719 2368 785 tempus
2396 715 2686 785 rejiciens.
2722 716 2833 781 Qui
2858 716 3018 770 enim
3042 714 3117 769 de
3171 730 3292 770 uno
3339 730 3450 786 pro
3505 715 3592 769 di-

1947 802 2172 873 gnitate
2195 802 2392 858 dicere
2413 816 2535 859 non
2560 804 2750 869 valeo,
2772 804 3115 876 qualisnam
3135 803 3499 874 exsisterem,
3528 804 3590 859 in

1946 890 2187 947 alterius
2204 893 2542 948 actionibus
2563 893 2641 949 ad
2662 894 2946 965 placitum
2977 894 3333 949 immoratus
3353 894 3380 948 ?
3450 908 3588 948 cum

1945 981 2306 1053 cmteroquin
2322 982 2701 1053 proverbium
2723 982 3036 1050 audierim,
3066 982 3397 1038 Adversum
3434 981 3589 1037 duos

1943 1085 2018 1124 ne
2049 1071 2301 1127 exuitor.
2346 1074 2425 1126 Ea
2460 1072 2636 1141 igitur
2681 1087 2818 1143 quae
2870 1071 2949 1126 ad
2995 1074 3277 1127 Cosmam
3318 1075 3590 1142 spectant

1944 1163 2230 1229 praetereo
2254 1178 2267 1223 ;
2300 1174 2457 1229 aegro
2483 1160 2730 1232 quidem
2757 1160 2960 1215 animo
2990 1160 3184 1214 ferens
3212 1159 3379 1231 quod
3410 1159 3589 1215 simul

1944 1246 2246 1302 ambobus
2267 1263 2565 1319 nequeam
2596 1248 2922 1314 intendere,
2950 1254 3008 1303 et
3035 1263 3130 1303 res
3160 1248 3239 1303 ab
3279 1248 3363 1302 eis
3390 1252 3588 1317 gestas

1942 1340 2193 1408 utraque
2222 1338 2309 1407 (ut
2337 1337 2569 1407 dicitur)
2598 1352 2785 1393 manu
2816 1337 3149 1409 complecti,
3178 1352 3419 1408 unaque
3457 1352 3585 1392 ora-

1942 1425 2101 1480 tione
2129 1440 2405 1482 enarrare
2443 1426 2869 1497 praerogativas
2898 1425 3227 1496 utriusque,
3258 1429 3362 1479 aut
3388 1425 3586 1495 potius

1941 1513 2147 1570 divina
2175 1529 2359 1585 opera
2385 1519 2636 1585 actaque
2666 1515 2927 1582 egregia.
2963 1516 3111 1567 Cum
3150 1513 3352 1583 itaque
3390 1512 3469 1569 ad
3523 1513 3587 1568 id

230 1591 545 1661 agendum
572 1595 685 1649 sim
715 1594 1033 1666 impotens,
1064 1602 1327 1654 revertor
1356 1598 1436 1655 ad
1462 1599 1776 1671 Joannem,
1820 1602 2025 1657 animo
2057 1602 2135 1658 ad
2172 1602 2566 1658 defectionem
2606 1618 2797 1674 usque
2824 1601 3131 1667 laborans,
3163 1606 3342 1672 atque
3362 1600 3586 1656 anheli—

230 1684 363 1736 tum
389 1696 549 1751 aagre
577 1681 824 1749 ducens,
860 1689 919 1741 et
947 1688 1105 1741 totus
1129 1686 1346 1744 sudore
1369 1687 1671 1759 madidus,
1705 1688 1864 1745 velut
1901 1706 2111 1746 eorum
2140 1690 2355 1763 aliquis
2384 1690 2489 1763 qui
2515 1690 2762 1760 longam
2786 1688 3013 1745 emensi
3042 1690 3223 1755 viam,
3252 1688 3585 1758 longiorem

232 1774 374 1825 ante
394 1775 784 1842 conspectum
808 1772 1055 1831 habent.

311 1857 385 1911 ιε’.
444 1857 582 1912 Ἀλλ’
628 1858 735 1912 ἐπεί
772 1866 942 1914 τοίνυν
1003 1864 1031 1915 ό
1080 1863 1312 1925 Ἰωάννης
1364 1863 1513 1927 ἀξίου
1563 1873 1656 1918 τοῦ
1707 1885 1827 1919 παιο
1860 1869 1899 1922 Β

236 1941 449 2011 δευτοῡ,
482 1954 574 1999 τοῦ
623 1952 750 2001 Θεοῦ
808 1949 974 2010 καλῶς
1014 1957 1463 2025 προνοησαμίνου,
1521 1957 1828 2025 τετύχηκεν,

233 2030 406 2106 ὕδωρ,
466 2036 495 2087 ὃ
542 2055 691 2107 φασι,
750 2047 1103 2111 κοταπρανοῡς
1155 2048 1227 2111 τῷ
1280 2048 1371 2101 τῆς
1428 2048 1589 2114 φορᾶς
1645 2040 1835 2095 ἀκατα-

234 2128 417 2195 σχίτῳ
443 2120 745 2197 διεδείχθη,
777 2128 809 2185 ἣ
861 2135 963 2200 πῦρ
1021 2127 1073 2180 ἐν
1135 2128 1343 2202 καλάμη
1389 2138 1461 2200 τῷ
1516 2140 1614 2183 τῶν
1660 2133 1832 2204 μαθη-

232 2211 416 2283 μάτων
448 2210 720 2288 δραστικῷ
752 2234 807 2268 τε
834 2222 924 2269 καὶ
952 2217 1328 2289 περιληπτικῷ,
1380 2221 1410 2277 ἡ
1463 2223 1507 2272 εἰ
1555 2239 1606 2272 τι
1661 2219 1721 2271 ἂν
1752 2223 1829 2278 εἴη

234 2301 365 2354 οῖλλο
420 2311 517 2354 τῶν
576 2302 729 2365 ὀξέως
776 2304 1076 2377 ἁπτομένων
1160 2307 1191 2364 ἣ
1256 2306 1658 2380 προϐαινόντων,
1741 2314 1832 2361 καὶ

235 2387 442 2462 σχεδὸν
480 2393 958 2465 ύπερεκπιπτόντων
1014 2399 1108 2452 την
1153 2397 1404 2453 αἴσθησιν
1459 2419 1472 2430 ·
1525 2397 1714 2469 μᾶλλον
1772 2394 1832 2450 δε

228 2484 323 2532 καὶ
379 2483 445 2532 τά
490 2488 580 2542 τῆς
630 2488 916 2554 παροιμίας
969 2488 1218 2555 νενίκηκε,
1277 2491 1367 2537 καὶ
1418 2485 1831 2560 ὑπερϐαλλόντως

228 2572 297 2622 τά
353 2570 472 2623 καθ’
515 2570 803 2645 ὕπερϐολὴν
863 2572 1113 2645 λεγόμενα
1192 2575 1561 2649 παρελήλυθεν,
1642 2577 1827 2629 ἅπανθ’

229 2662 364 2732 ὁμοῦ
395 2660 656 2735 παρελθὼν
686 2663 753 2713 τὰ
780 2665 1082 2733 ταχύτατα,
1130 2660 1490 2739 παραδραμὼν
1546 2670 1636 2718 καὶ
1699 2685 1830 2723 πτη-

227 2756 327 2800 νῶν
357 2748 527 2801 αὐτῶν
559 2754 653 2808 τὴν
679 2750 945 2817 ὠκύτητα,
987 2756 1077 2804 καὶ
1105 2762 1357 2826 χαμερπῆ
1404 2773 1520 2806 τινα
1561 2758 1651 2806 καὶ
1695 2750 1829 2806 δυσ-

227 2836 420 2894 κίνητα
474 2839 743 2909 φαίνεσθαι
800 2837 964 2910 ἀφείς,
1026 2846 1447 2915 συγκρινόμενα’
1501 2841 1693 2895 ἀλλα“ὃ
1762 2839 1829 2901 δή

226 2946 318 2998 μοι
353 2928 552 2979 ἔπεισιν
574 2925 659 2979 ἐπί
680 2930 880 2988 τούτοις
922 2926 1041 3001 ἐρῶ.
1070 2928 1199 3003 Ἐρῶ
1254 2938 1376 3001 γοῦν
1428 2933 1494 2991 ὡς
1558 2934 1686 2990 ὅσην
1732 2936 1826 2990 τὴν

225 3018 561 3087 ταχύτηταό
618 3023 736 3077 νοῦς
793 3016 1007 3069 αὐτόθεν
1059 3017 1240 3089 αύχεῐ,
1288 3018 1477 3091 μᾶλλον
1522 3017 1572 3073 δ’
1626 3023 1825 3078 ὁπόσην

228 3108 326 3163 τὴν
377 3103 701 3162 ἀεικινησίαν
749 3105 990 3173 πλουτεῖ,
1040 3110 1104 3167 ὡς
1148 3105 1235 3159 ἀπ’
1292 3108 1460 3180 ἀκρων
1517 3107 1702 3181 ἀθρόον
1755 3111 1827 3171 εἰς

223 3194 367 3268 οἶκρα
423 3190 757 3261 διικνεῖσθαι,
816 3200 907 3246 καὶ
955 3195 1030 3257 εἰς
1085 3196 1237 3248 αὐτόν
1286 3195 1342 3248 ἐκ
1403 3206 1502 3249 τῶν
1559 3195 1689 3269 τῇδε
1735 3204 1825 3251 καὶ

220 3284 456 3334 κάτωθεν
504 3281 804 3355 ἀνατρέχειν
852 3287 939 3336 τὸν
982 3284 1220 3359 οὐρανόν,
1274 3291 1362 3338 καὶ
1428 3287 1553 3358 ὑπὲρ
1632 3286 1823 3339 ὶκείνου

224 3365 276 3424 δ’
308 3371 470 3424 ἐνίοτε
496 3373 756 3443 γίνεσθαι,
794 3377 1054 3431 τοσαύτην
1082 3375 1107 3425 ὁ
1134 3373 1456 3449 αὐτόχρημα
1482 3382 1598 3436 νοῦς
1651 3376 1823 3428 Ἰωάν-

219 3480 340 3525 νης,
380 3460 553 3535 ὥσπερ
584 3466 655 3533 μὴ
702 3460 1179 3535 ἔπιπροσθούμενος
1227 3468 1436 3535 σὼματι
1478 3460 1618 3536 μηδὲ
1667 3470 1825 3539 σαρκί

220 3547 731 3624 παραποδιζόμενος,
801 3556 916 3624 περί
967 3554 1057 3611 τὰς
1112 3560 1184 3603 τῶ
1248 3554 1572 3625 μαθημάτων
1645 3552 1826 3612 ἀναλή-

1858 3204 1896 3258 C

220 3639 343 3711 ψεις
396 3636 678 3712 εύδρομίαν
725 3639 885 3711 ηύχει
965 3645 1055 3692 καὶ
1128 3647 1416 3707 συντονίαν,
1500 3641 1826 3715 ἀπροσπταί-

226 3724 388 3795 στως,
422 3726 1100 3803 ἀπαραποδίστως,ἀθρόον
1159 3732 1289 3803 όμού
1340 3726 1491 3783 διιὼν
1546 3734 1824 3803 σύμπαντα

223 3824 317 3871 καὶ
368 3819 440 3880 εἰς
496 3818 660 3892 βάθος
726 3829 827 3872 τῶν
882 3822 1150 3893 νοημάτων
1229 3830 1489 3873 κατανοῶν
1553 3822 1772 3875 ἕκαστον
1805 3842 1818 3854 ·

227 3913 333 3961 Καὶ
359 3928 450 3980 μοι
481 3905 651 3962 δοκεῖν
678 3910 771 3962 ούκ
812 3908 1096 3972 ἀπεικότως
1159 3911 1220 3962 οἷν
1269 3911 1313 3963 εἰ
1377 3917 1556 3962 τοῦτον
1610 3910 1821 3963 Πλάτων

225 4000 460 4065 τεθέατο,
517 4003 611 4057 τὴν
664 4001 896 4071 μάθησιν
963 3998 1252 4071 ἀνάμνησιν
1319 3996 1656 4071 ἐδογμάτισε,
1734 4005 1822 4052 καὶ

229 4089 362 4149 ῖσως
389 4089 453 4139 οἰν
496 4084 695 4159 ἐδέχθη
745 4093 835 4140 καὶ
886 4091 1228 4162 πιθανώτερος
1283 4085 1429 4151 ἔδοξε
1460 4111 1471 4122 ·
1522 4097 1723 4161 παρῆκε
1771 4086 1822 4142 δ’

225 4174 287 4228 ἀν
322 4175 408 4229 ἐπὶ
452 4178 619 4247 τούτῳ
677 4178 742 4229 τὰ
789 4177 957 4248 φαῦλα
1029 4182 1119 4229 καὶ⁵
1169 4179 1333 4251 μικρά
1395 4174 1821 4252 παραδείγματα,

226 4273 320 4319 τού
352 4264 525 4317 ἐλαίου
557 4262 766 4325 δηλαδὴ
823 4270 882 4319 τὸ
922 4265 1122 4338 ἆψοφόν
1177 4286 1230 4318 τε
1272 4272 1359 4318 καὶ
1415 4263 1688 4339 εὖδρομον,
1733 4272 1824 4320 καὶ

222 4353 332 4407 ἄλλ’
380 4356 518 4407 ἄττα
576 4359 783 4417 τούτοις
828 4359 1123 4430 παρόμοια,
1174 4351 1467 4429 παιδαρίων
1510 4358 1823 4429 μικροφυῖαν

222 4446 361 4497 πάνυ
377 4453 676 4519 μικροφυῶς
706 4446 1112 4517 παριστάνοντα.

222 4533 398 4590 cilem
437 4532 553 4589 olei
588 4532 829 4590 ﬂuentis
860 4548 1127 4600 cursum,
1161 4536 1219 4590 et
1248 4532 1480 4606 reliqua
1516 4533 1611 4590 his
1657 4533 1891 4604 similia,

221 4621 567 4696 primentia.

298 4797 389 4864 ις’.
417 4803 522 4857 Τήν
552 4818 605 4851 τε
651 4802 740 4851 καὶ
780 4801 884 4872 γὰρ
950 4798 1220 4870 ὶγκύκλιον
1274 4795 1557 4853 παὶδευσιν
1609 4800 1820 4853 ἅπασαν
1849 4804 1893 4856 D

225 4888 467 4962 ἀχρόνως
520 4885 717 4959 σχεδόν
773 4887 1143 4961 ἠκριϐὡσατο·
1209 4887 1257 4940 ἐν
1310 4887 1494 4963 ἀκαρεῖ
1549 4893 1648 4963 γὰρ
1730 4896 1820 4942 καὶ

223 4983 419 5052 μετρίῳ
480 4980 612 5030 πάνυ
678 4987 751 5048 τῷ
817 4982 995 5050 χρόνῳ
1051 4982 1180 5051 πρὸς
1233 4978 1569 5051 Ἐλληνισμόν
1619 4999 1673 5031 τε
1726 4984 1820 5037 τὴν

223 5068 453 5140 ’γλῶτταν
512 5066 811 5141 ἐρρύθμισε,
860 5072 950 5119 καὶ
1027 5072 1232 5139 συχνὴν
1310 5070 1544 5142 ἱστορίαν
1622 5065 1821 5123 ἐνθένδε

226 5156 554 5227 συνειληχως
591 5160 683 5218 τὰς
738 5162 921 5231 φρένας
968 5159 1271 5209 πεπύκνωτο
1300 5178 1314 5190 ·
1364 5160 1563 5228 μύθους
1621 5154 1680 5210 δε
1730 5164 1820 5211 καὶ

893 5244 1279 5319 ἀναλεξάμενος,
1386 5246 1634 5319 φλυαρίας
1730 5250 1819 5318 μὲν

219 5334 521 5396 Ἑλληνικῆς
565 5340 901 5408 κατεγνώκει,
958 5345 1233 5410 προσφυῶς
1283 5331 1332 5387 δ’
1383 5335 1605 5387 ἐντεῦθεν
1664 5334 1819 5392 ἀλλη-

221 5246 405 5319 λόγους
482 5245 799 5318 πλασμάτων
893 5245 1279 5319 ἀναλεξάμενος,
1386 5246 1634 5319 φλυαρίας

217 5432 386 5499 γορεῐν
419 5427 721 5497 θαυμασίως
746 5425 875 5496 ἄγαν
904 5422 1212 5491 ἐξήσκηται,
1244 5427 1379 5477 ἔνθεν
1430 5420 1490 5476 δέ
1542 5427 1628 5475 καὶ
1689 5427 1817 5498 πρὸς

218 5510 500 5585 ύποδοχὴν
551 5512 801 5586 εὐτρεπής
866 5516 1114 5585 μειζόνων
1196 5516 1489 5585 γεγένηται,
1566 5510 1816 5581 ὑψηλοτέ-

213 5622 338 5681 ρων,
368 5603 522 5675 λίγω,
544 5603 864 5674 μαθημάτων
920 5607 1011 5655 καὶ
1061 5600 1421 5675 καταλὴψιων.
1482 5600 1664 5655 Τοίνυν
1696 5605 1809 5659 ,καὶ

2012 1873 2094 1923 15.
2128 1870 2453 1941 Postquam
2478 1884 2620 1940 ergo
2657 1874 2917 1926 Joannes
2957 1869 3210 1939 dignum
3244 1884 3308 1923 se
3359 1882 3584 1939 praece-

1938 1963 2192 2028 ptorem,
2219 1957 2338 2013 Deo
2356 1958 2417 2013 id
2447 1965 2824 2030 procurante,
2852 1964 3064 2014 nactus
3093 1961 3185 2012 est
3220 1975 3235 2026 ;
3276 1972 3471 2027 aquae,
3518 1960 3584 2011 ut

1938 2047 2171 2113 dicitur,
2202 2063 2309 2119 per
2335 2048 2562 2104 declive
2586 2048 2793 2103 ﬂuenti
2818 2048 3098 2119 apparuit
3125 2045 3331 2101 similis
3353 2046 3580 2100 irrevo-

1940 2135 2117 2191 cabili
2163 2137 2392 2208 impetu
2447 2143 2504 2192 et
2550 2137 2723 2193 celeri
2777 2134 3312 2208 comprehensione
3358 2132 3584 2204 dicipli-

1939 2240 2186 2293 narum;
2209 2231 2314 2281 aut
2340 2227 2492 2282 sicut
2520 2226 2675 2296 ignis
2702 2226 2763 2280 in
2795 2225 3033 2297 stipula,
3057 2229 3163 2280 aut
3195 2224 3246 2278 si
3294 2221 3444 2295 quid
3494 2225 3583 2276 est

1940 2313 2102 2369 aliud
2122 2330 2355 2381 eorum,
2384 2331 2519 2387 quae
2556 2314 3004 2386 progredientia
3032 2312 3316 2377 celeriter,
3339 2310 3419 2367 ad
3462 2325 3584 2365 me-

1938 2407 2062 2458 tam
2077 2419 2252 2458 suam
2265 2403 3378 2475 pertinguntcelerrime,oculorumque
3392 2399 3583 2454 aciem

1938 2492 2122 2547 ferme
2140 2499 2523 2565 praevertunt.
2550 2494 2659 2558 Qui
2696 2495 2875 2550 etiam
2909 2492 3214 2565 superavit
3239 2505 3312 2545 ea
3356 2504 3493 2560 qua
3521 2488 3583 2541 in

1938 2587 2282 2653 exemplum
2311 2581 2637 2638 velocitatis
2662 2581 2938 2654 populari
2964 2594 3240 2636 sermone
3282 2590 3585 2648 usurpan-

1938 2673 2052 2736 tur,
2084 2674 2140 2724 ct
2199 2686 2337 2741 quin
2380 2670 2764 2742 hyperbolice
2805 2670 3192 2725 adducuntur
3238 2665 3577 2730 antecessit,

1937 2772 2148 2813 omnes
2171 2759 2417 2815 insimul
2444 2764 2600 2815 artes
2624 2759 2912 2814 citissime
2937 2773 3240 2824 emensus,
3287 2755 3583 2827 ipsasque

1937 2853 2297 2918 praeverteris
2325 2848 2624 2916 volucres,
2647 2854 2828 2920 atque
2840 2847 3204 2912 efﬁciens,ut
3217 2844 3452 2900 collatae
3489 2857 3580 2896 se-

1936 2950 2096 3000 cum,
2122 2936 2408 2991 animalia
2425 2936 2712 3007 quaadam
2738 2935 3084 3005 tardigrada
3123 2939 3227 2989 aut
3264 2930 3433 2986 humi
3490 2944 3580 2983 re-

1933 3024 2138 3095 pentia
2157 3030 2403 3096 possent
2429 3024 2635 3080 videri.
2662 3024 2917 3080 Dixerim
2940 3038 3082 3092 ergo
3125 3020 3293 3092 quod
3347 3022 3579 3089 quanta

1935 3112 2228 3168 celeritate
2257 3113 2543 3180 gloriatur
2566 3112 2825 3184 spiritus,
2850 3116 3198 3183 quantaque
3219 3107 3403 3180 pollet
3450 3106 3576 3174 agi-

1932 3200 2111 3264 litate,
2142 3206 2206 3257 ut
2232 3200 2310 3256 ab
2340 3202 2618 3256 extremis
2648 3200 2726 3257 ad
2773 3200 3039 3256 extrema
3090 3197 3285 3253 subito
3350 3196 3579 3267 impetu

1931 3294 2216 3357 transeat,
2243 3295 2300 3346 et
2324 3289 2388 3344 in
2410 3288 2629 3345 coelum
2648 3290 2847 3361 ipsum
2879 3288 2957 3344 ab
2982 3285 3360 3342 inferioribus
3412 3284 3578 3339 hisce

1931 3377 2203 3449 partibus
2240 3392 2571 3445 recurrens,
2602 3377 2903 3434 interdum
2944 3391 3126 3447 super
3161 3374 3309 3430 illud
3367 3372 3581 3428 consti-

1932 3470 2132 3523 tuetur
2154 3480 2176 3535 ,'
2197 3471 2364 3523 tanta
2390 3467 2572 3523 etiam
2596 3468 2880 3532 Joannes,
2921 3465 3028 3537 qui
3078 3468 3204 3520 erat
3249 3461 3429 3519 veluti
3470 3476 3577 3533 pu-

1931 3571 2034 3610 rus
2062 3555 2324 3626 spiritus,
2348 3569 2471 3611 non
2490 3554 2918 3612 obtenebratus
2942 3568 3192 3625 corpore
3219 3566 3416 3623 neque
3470 3549 3577 3605 im-

1931 3644 2164 3715 plicitus
2220 3644 2476 3700 vinculis
2518 3645 2738 3711 carnis,
2798 3643 3039 3714 gloriari
3098 3646 3329 3715 poterat
3370 3654 3580 3696 cursus

1931 3732 2202 3789 felicitate
2227 3733 2730 3806 contentioneque
2757 3733 2915 3790 circa
2968 3731 3307 3789 liberalium
3362 3728 3579 3785 artium

1930 3821 2331 3893 disciplinam,
2345 3836 2649 3895 nusquam
2673 3823 2899 3893 labens,
2924 3836 3232 3893 nusquam
3247 3818 3579 3887 offendens,

1934 3910 2043 3966 sed
2066 3911 2272 3967 omnia
2290 3911 2574 3968 continuo
2594 3912 2820 3983 impetu
2852 3910 3278 3982 pertransiens,
3305 3912 3363 3963 et
3391 3922 3582 3977 usque

1933 4000 2010 4056 ad
2040 4000 2412 4073 profundum
2438 4016 2942 4073 quarumcunque
2997 3998 3343 4055 notitiarum
3384 4000 3582 4049 mente

1933 4090 2286 4161 pervadens.
2327 4093 2453 4145 Non
2489 4090 2815 4158 incongrue
2835 4089 3033 4157 igitur,
3076 4086 3125 4141 si
3155 4086 3319 4141 hunc
3344 4082 3584 4138 vidisset

1934 4178 2122 4246 Plato,
2152 4178 2487 4234 doctrinam
2517 4193 2647 4233 esse
2667 4176 3169 4232 reminiscentiam
3197 4170 3580 4239 deﬁnivisset,

1934 4272 1991 4323 et
2018 4266 2266 4323 fortasse
2304 4265 2619 4323 meruisset
2672 4265 2935 4339 probari,
2997 4264 3191 4335 magis
3247 4258 3583 4317 verosimile

1932 4355 2082 4429 quid
2108 4355 2275 4427 loqui
2303 4355 2485 4417 visus,
2508 4371 2695 4426 quam
2720 4355 2789 4445 ,εἰ
2837 4357 3249 4427 proposuisset
3298 4348 3582 4445 quaedam

1934 4444 2223 4514 ignobilia
2252 4460 2558 4516 parvaque
2582 4439 2881 4517 exempla,
2908 4448 3055 4516 puta
3079 4443 3352 4499 silentem
3381 4456 3452 4496 ac
3497 4439 3584 4496 fa-

1937 4532 2371 4591 iniantulorum
2400 4539 2579 4590 tenue
2629 4533 2941 4604 ingenium
2988 4532 3162 4589 valde
3209 4530 3434 4587 exiliter
3481 4544 3584 4584 ex-

2006 4805 2090 4856 16.
2124 4800 2474 4856 Universum
2506 4816 2774 4872 namque
2821 4799 3032 4855 orbem
3068 4796 3415 4852 litterarium
3461 4796 3583 4852 fere

1932 4888 2059 4945 sine
2084 4889 2370 4959 temporis
2396 4891 2589 4960 spatio
2620 4888 2896 4952 absolvit,
2924 4892 2982 4942 et
3035 4885 3204 4957 qussi
3250 4888 3584 4940 momenta-

1929 4994 2062 5035 neo.
2088 4986 2242 5034 certe
2270 4995 2562 5051 perquam
2608 4978 2775 5033 brevi
2823 4977 3106 5046 temporis
3152 4974 3460 5046 impendio
3506 4974 3582 5029 ad

1930 5070 2113 5125 δι’ωοὶ
2136 5068 2432 5124 sermonis
2453 5084 2628 5123 usum
2648 5065 3051 5123 conformavit
3074 5064 3376 5133 linguam;
3430 5063 3582 5118 mul-

1927 5163 2177 5228 tamque
2208 5156 2613 5226 cognitionem
2658 5155 2798 5210 hinc
2857 5154 3130 5224 adeptus,
3186 5168 3259 5207 ea
3319 5157 3582 5207 mentem

1927 5246 2237 5301 instruxit:
2266 5245 2432 5300 lectis
2452 5259 2595 5298 vero
2621 5242 2839 5299 fabulis
2856 5241 3299 5313 ﬁgmentisque,
3347 5244 3583 5295 Graecas

1927 5334 2172 5407 quidem
2188 5349 2384 5404 nugas
2404 5333 2734 5398 damnavit,
2770 5332 2829 5386 in
2853 5331 3171 5401 allegorica
3195 5335 3395 5385 tamen
3417 5329 3581 5384 locu-

1925 5424 2086 5479 tione
2114 5424 2393 5495 apparuit
2417 5423 2507 5478 vel
2562 5421 2778 5478 exinde
2815 5420 3166 5476 mirabiliter
3206 5420 3579 5484 exercitatus,

1923 5519 2103 5583 atque
2132 5513 2210 5568 ad
2236 5513 2684 5584 susceptionem
2715 5511 3016 5581 majorum
3040 5509 3312 5579 idoneus,
3371 5509 3447 5563 ad
3486 5523 3581 5561 su-

1916 5599 2265 5661 blimiorum
2291 5600 2427 5656 dico
2471 5599 2926 5677 disciplinarum
2975 5597 3578 5672 speculationumque
