4084 6206
530 282 629 342 831

1723 274 2180 337 CONSTANTINI
2217 274 2692 337 ACROPOLITE‘.
3753 292 3846 349 832

533 407 1152 482 comprehensionem.
1175 409 1240 465 In
1268 405 1560 465 divisione
1594 404 1797 479 itaque
1815 419 2024 461 earum
2043 417 2179 477 par-

2291 397 2547 477 διαιρέσει
2599 411 2699 457 τῶν
2742 410 2838 467 τῆς
2886 406 3175 481 πυριπνόου
3362 406 3640 480 κεφαλαίων
3713 410 3849 486 ἕνην.

532 497 702 569 tium,
736 513 888 572 quas
926 498 1128 570 ignem
1176 496 1412 570 spirans
1458 494 1714 554 facultas
1743 493 2177 566 complectitur,

533 587 794 661 perbene
836 590 1126 653 versatus,
1187 586 1471 659 inspectis
1522 586 1866 643 orationum
1906 581 2054 640 ideis
2109 596 2180 638 ac

533 675 850 743 methodis,
878 675 1111 746 collegit
1127 692 1199 733 ex
1228 675 1298 733 iis
1319 675 1509 733 obiter
1526 674 1921 748 multiplicem
1964 673 2178 729 inven-

532 765 763 823 tionum
793 764 1032 837 copiam
1044 764 1556 839 afﬂuentiamque,
1582 764 1746 821 velut
1773 766 2070 820 mercator
2094 776 2180 818 se-

531 852 731 923 dulus,
750 854 855 925 qui
869 853 949 910 ad
974 854 1158 911 alium
1184 854 1435 911 tendens
1448 853 1723 911 locumin
1735 867 1857 926 quo
1886 866 2179 923 magnum

532 943 731 1015 sperat
756 941 989 998 lucrum
1021 942 1237 1008 facere,
1270 942 1460 999 sicubi
1488 957 1592 1015 per
1615 941 1777 998 viam
1808 939 1956 1011 quid
1996 938 2180 996 offen-

534 1030 686 1088 derit
711 1031 1062 1103 neutiquam
1089 1030 1617 1100 contemnendum,
1639 1045 1763 1087 non
1790 1032 2026 1087 recusat
2048 1029 2178 1100 ejus

534 1135 719 1176 causa
745 1118 1042 1176 tantillum
1087 1119 1171 1177 ibi
1230 1120 1605 1178 commorari.
1666 1120 1751 1177 Ita
1805 1134 1948 1190 ergo
1999 1120 2179 1176 etiam

534 1211 814 1276 Joannes,
889 1209 1249 1266 rhetoricam
1324 1210 1753 1283 rhetoricteque
1863 1208 2179 1266 methodos

532 1313 781 1371 quoquo
799 1298 980 1354 modo
1000 1303 1319 1366 mercatus,
1334 1300 1617 1355 continuo
1630 1298 1709 1354 ad
1731 1297 2180 1371 philosophiam

535 1387 806 1443 accurrit.
841 1390 908 1443 Et
930 1387 1194 1459 primum
1222 1388 1468 1460 quidem
1500 1388 1680 1459 hujus
1716 1387 2066 1461 primordia,
2091 1402 2182 1444 ra-

536 1476 817 1533 tionalem
838 1476 1057 1533 scilicet
1079 1476 1422 1533 facultatem
1447 1480 1652 1534 exacte
1672 1476 1972 1550 perdiscit,
2031 1475 2182 1547 ﬁgu-

534 1580 632 1621 ras
668 1565 1178 1638 resolutionesque
1195 1565 1684 1637 syllogismorum
1707 1566 1994 1639 explorat,
2046 1582 2183 1639 pro-

533 1652 901 1726 positionum
931 1652 1302 1711 afﬂuentiam
1330 1659 1388 1712 et
1414 1658 1764 1728 promptum
1796 1670 1980 1712 usum
2017 1655 2180 1713 colli-

2287 493 2630 565 μνασὰμενος,
2654 490 2818 571 λόγων
2846 514 2901 548 τε
2938 491 3085 557 ἰδίας
3143 499 3233 549 καὶ
3276 493 3535 568 μεθόδους
3582 495 3849 574 διασκεψά-

2286 599 2451 652 μενος,
2528 580 2799 637 κάντεῦθεν
2871 589 3077 656 συχνὴν
3159 584 3402 660 εὐπορίαν
3483 591 3572 639 καὶ
3651 590 3845 662 ἄφθονον

2288 669 2486 745 εὕρεσιν
2528 668 2833 746 παροδικῶς
2889 672 3275 747 συλλεξάμενος,
3328 674 3502 749 ὥσπερ
3549 678 3609 729 ἄν
3655 697 3727 740 τις
3773 700 3848 752 με·

2284 758 2609 832 γαλίμπορος
2670 760 2849 816 ἄλλοθί
2901 782 3002 817 που
3054 767 3141 817 τόν
3209 768 3403 818 σκοπόν
3468 767 3601 838 ἔχων
3664 773 3744 821 καὶ
3792 774 3842 823 τό

2285 853 2417 921 μίγα
2463 853 2649 904 εκεῐθεν
2694 848 2882 928 κέρδος
2926 850 3367 927 ἀπεκδεχόμενος,
3398 855 3589 927 μεταξύ
3641 876 3732 910 που
3762 867 3846 922 τῆς

2284 942 2491 1011 πορείας
2531 948 2632 991 τῶν
2694 960 2797 993 τινι
2869 949 2941 1015 μή
3023 942 3480 1017 εὐκαταφρονήτων
3553 953 3839 1019 περιτυχών,

2287 1025 2472 1100 βραχύ
2525 1048 2575 1081 τι
2631 1025 2914 1104 διατρίψας
2961 1029 3439 1107 προσεπικερδᾶναι
3493 1038 3563 1106 μή
3622 1041 3843 1095 κατοκνή-

2287 1133 2419 1169 σειεν
2451 1136 2465 1150 ·
2505 1119 2575 1179 ὡς
2595 1113 2655 1171 δί
2675 1123 2763 1172 καὶ
2787 1119 2933 1182 οὗτος
2958 1122 3243 1195 ῥητορικήν
3297 1126 3390 1175 καὶ
3446 1124 3535 1183 τὰς
3580 1131 3670 1184 τῆς
3715 1126 3845 1199 ῥητο-

2284 1212 2435 1279 ρικῆς
2462 1203 2719 1278 μεθόδους
2751 1207 3029 1282 ἀμηγίπως
3078 1211 3544 1285 ἕμπορευσοίμενος,
3591 1216 3647 1265 τό
3701 1216 3843 1285 τάχος

2284 1297 2412 1367 πρὸς
2455 1294 2759 1369 φιλοσοφίαν
2831 1296 3118 1373 ἀπίδραμε.
3214 1304 3315 1353 Καὶ
3381 1306 3566 1375 πρῶτα
3644 1304 3727 1374 μὶν
3790 1306 3846 1355 τὰ

2286 1384 2553 1457 προτελεια
2597 1390 2793 1450 ταύτης
2848 1392 2937 1447 τὴν
2983 1389 3198 1461 λογικήν
3263 1395 3624 1466 πραγματείαν
3669 1392 3845 1465 ίξακριο

2289 1472 2493 1544 ϐοῠται,
2561 1479 2817 1549 σχήματά
2881 1497 2937 1532 τε
3005 1483 3094 1532 καὶ
3162 1478 3439 1542 ἀναλύσεις
3519 1479 3846 1553 συλλογισμῶν

2292 1567 2585 1633 σκεπτεται,
2643 1572 2734 1619 καὶ
2781 1570 3077 1641 προτάσεων
3135 1574 3401 1642 χορηγίαν
3453 1568 3679 1643 συλλέγει
3701 1592 3713 1604 ·
3774 1576 3845 1623 καὶ

2287 1653 2531 1718 καθάπαξ
2592 1659 2679 1708 τόν
2747 1656 3092 1730 ἀποφαντικὸν
3166 1658 3318 1731 λόγον
3385 1658 3714 1732 ἐκμελετήσας
3769 1664 3846 1719 τὴν

538 1741 652 1811 git;
677 1745 855 1814 atque
877 1743 1255 1799 enuntiativae
1285 1744 1570 1801 orationis
1598 1748 1877 1801 naturam
1907 1744 2180 1816 specula-

2291 1736 2555 1805 ἀπόδειξιν
2612 1741 2990 1817 ἕγχειρίζεται,
3037 1750 3229 1799 κανόνα
3272 1746 3439 1819 λόγων
3499 1752 3586 1801 καὶ
3640 1748 3844 1820 στάθμην

537 1833 652 1899 tus,
679 1829 1255 1888 demonstrationem
1284 1831 1649 1902 aggreditur,
1689 1830 1851 1889 velut
1887 1831 2179 1890 ratiocinii

522 1919 808 2003 “regulam
828 1924 886 1977 et
944 1920 1502 1993 perpendicularem
1556 1936 1836 1979 normam
1890 1921 2176 1990 veritatis,

535 2011 640 2065 aut
665 2008 866 2081 potius
888 2013 955 2066 ut
982 2009 1208 2067 scalam
1232 2010 1568 2083 quamdam
1603 2011 2079 2069 introducentem
2101 2010 2182 2069 ad

534 2097 897 2154 naturalium
956 2114 1157 2156 rerum
1202 2099 1739 2172 investigationem,
1792 2116 2047 2174 quaeque
2101 2099 2182 2157 ad

536 2186 1103 2259 contemplationem
1121 2188 1315 2245 evehit
1344 2193 1630 2258 mentem,
1657 2190 1736 2247 ad
1767 2190 2181 2247 sublimiorem

535 2275 755 2333 scilicet
776 2276 957 2333 aliam
996 2279 1595 2352 praestantioremque
1633 2278 2183 2353 supernaturalium

535 2380 738 2421 rerum
752 2366 1119 2437 indaginem.
1136 2369 1584 2441 Loquacitatem
1595 2384 1738 2426 vero
1749 2385 1887 2442 qua:
1899 2384 2037 2425 cum
2049 2369 2186 2441 ipsa

538 2458 596 2510 et
623 2458 760 2527 post
788 2456 983 2526 ipsam
1021 2456 1270 2514 discitur
1289 2458 1395 2526 (ita
1437 2473 1705 2530 namque
1747 2463 2015 2515 veterum
2061 2472 2185 2514 non

538 2558 719 2601 nemo
747 2543 1121 2601 dialecticam
1159 2546 1507 2617 nominavit,
1533 2563 1671 2619 quae
1699 2547 1959 2620 primam
1989 2546 2184 2620 philo-

539 2634 767 2706 sophiae
785 2638 1017 2705 partem
1042 2635 1191 2691 mire
1214 2637 1428 2694 excolit
1448 2642 1504 2694 et
1528 2637 1804 2694 omnium
1832 2638 2051 2693 artium
2100 2640 2188 2693 est

540 2723 832 2791 ministra,
866 2738 1193 2797 earumque
1215 2725 1395 2783 tradit
1445 2742 1515 2783 ac
1580 2726 1843 2783 declarat
1895 2725 2188 2799 principia

540 2814 598 2868 et
625 2812 960 2868 axiomata:
994 2813 1072 2887 ad
1098 2829 1277 2871 omne
1295 2814 1592 2888 siquidem
1622 2815 1788 2888 quod
1808 2814 2189 2889 perquiratur

540 2905 644 2958 aut
671 2901 903 2958 accidat
950 2907 1321 2975 opportunas
1363 2904 1542 2962 etiam
1590 2905 1726 2979 ipsa
1778 2904 1908 2961 vias
1953 2903 2185 2977 aperit),

539 2989 936 3055 dialecticam,
968 2993 1125 3063 dico,
1176 2992 1516 3051 facultatem
1573 2995 1780 3068 ecquis
1846 2994 2187 3065 diligentius

539 3093 723 3152 quam
750 3079 865 3151 ille,
883 3085 987 3139 aut
1011 3082 1162 3139 sicut
1190 3082 1287 3139 ille
1315 3083 1675 3156 perdidicit?
1698 3084 1834 3157 quis
1864 3086 2031 3141 tanta
2058 3098 2188 3156 per-

540 3169 883 3242 spicacitate
910 3172 1132 3243 ingenii
1163 3171 1224 3228 in
1250 3188 1322 3229 ea
1349 3178 1618 3230 versatus
1643 3175 1776 3231 est?
1806 3172 2013 3230 Nullus
2040 3187 2186 3228 sane

540 3274 677 3314 cum
708 3274 780 3315 eo
817 3260 1193 3334 disceptavit,
1224 3263 1367 3335 quin
1395 3278 1428 3319 e
1466 3262 1713 3333 vestigio
1766 3262 1943 3335 coepti
2000 3262 2189 3335 pceni-

542 3352 673 3405 tens
702 3365 764 3405 se
796 3350 996 3422 ipsum
1010 3351 1427 3409 condemnarit
1448 3353 1811 3410 temeritatis.
1846 3351 2187 3425 Expeditius

541 3439 700 3494 enim
742 3438 961 3512 aliquis
1007 3442 1190 3498 Cretae
1248 3441 1701 3514 Labyrinthum,
1751 3445 1855 3498 aut
1906 3440 2187 3498 Cteadam

544 3531 1133 3588 Lacedaemoniorum
1156 3534 1476 3604 effugisset,
1502 3549 1686 3606 quam
1708 3532 2189 3605 elenchorumip-

542 3618 664 3672 sius
694 3618 986 3675 evasisset
1007 3621 1176 3687 retia,
1209 3622 1259 3677 si
1288 3621 1472 3678 semel
1502 3622 1573 3677 iis
1601 3626 1759 3679 esset
1786 3622 2064 3680 irretitus.

614 3707 699 3763 17.
725 3708 829 3763 Ast
846 3708 1093 3780 quando
1122 3712 1200 3765 ad
1225 3710 1643 3780 investiganda
1695 3710 2056 3768 naturalium
2105 3727 2192 3768 re-

541 3809 677 3851 rum
700 3810 924 3853 arcana
948 3800 1253 3869 processit,
1277 3800 1565 3870 Stagiritaa
1586 3799 1894 3873 discipulis
1918 3801 2192 3873 superior

541 3884 857 3957 apparuit:
890 3901 1012 3942 non
1043 3886 1201 3943 enim
1224 3888 1420 3945 solum
1453 3889 1771 3945 videbatur
1791 3893 2018 3946 natura;
2038 3890 2188 3963 peri-

540 3978 633 4030 tus
654 3974 893 4042 arbiter,
921 3991 1129 4033 verum
1159 3978 1423 4050 optimus
1477 3979 1819 4052 explorator
1863 3981 2186 4048 rationum,

534 4064 704 4135 juxta
741 4081 896 4137 quas
920 4072 1149 4124 naturae
1174 4084 1373 4125 rerum
1409 4069 1624 4126 fuerint
1653 4070 1964 4126 ordinatre.
1994 4070 2188 4136 Quare

543 4152 729 4225 ipsius
777 4155 1123 4225 Aristotelis,
1177 4162 1233 4214 et
1281 4159 1555 4214 omnium
1603 4164 1899 4232 quotquot
1953 4163 2090 4215 ante
2132 4162 2189 4215 et

539 4248 674 4314 post
698 4242 864 4299 illum
888 4244 962 4300 de
978 4250 1192 4302 natura
1205 4247 1399 4320 deque
1414 4248 1788 4305 naturalibus
1806 4248 1985 4305 rebus
2006 4249 2040 4303 d
2052 4249 2185 4303 isse-

537 4337 783 4388 ruerunt
811 4336 1473 4414 examinatorscdulgs,
1521 4343 1626 4394 aut
1672 4339 1851 4395 etiam
1907 4337 2187 4410 explana-

538 4427 629 4480 tor
654 4423 982 4479 tutissimus
1006 4424 1247 4481 habitus
1278 4432 1385 4482 est.
1425 4428 1651 4483 Animae
1694 4442 1837 4483 vero
1884 4426 2185 4484 immorta-

2285 1828 2548 1897 ἀληθείας,
2581 1836 2610 1891 ἦ
2644 1838 2734 1887 καὶ
2760 1832 3026 1908 ἀναγωγόν
3055 1855 3171 1890 τινα
3206 1839 3338 1912 πρὸς
3390 1840 3457 1889 τὰ
3513 1838 3703 1909 φυσικὰ
3749 1836 3845 1888 κλί-

2285 1939 2428 1992 ματα
2460 1942 2471 1954 ·
2495 1920 2627 1975 ἄττα
2659 1919 2728 1982 δὴ
2755 1926 2881 1998 πρὸς
2937 1927 3150 2000 θεωρίαν
3207 1924 3568 1999 μεταϐιϐάζει,
3615 1923 3843 1996 ὑψηλοτέ-

2285 2027 2379 2084 ραν
2406 2009 2562 2069 ἄλλην
2594 2016 2683 2064 καὶ
2709 2017 2998 2088 κρείττονα,
3050 2018 3146 2074 τὴν
3199 2023 3302 2067 τῶν
3360 2016 3488 2087 ὑπέρ
3545 2016 3690 2087 φύσιν
3733 2013 3842 2085 λὶγω

2286 2103 2374 2151 καὶ
2402 2100 2664 2175 θειοτερων
2714 2100 2965 2164 ἐξέτασιν.
3020 2107 3125 2162 Τὴν
3187 2100 3248 2157 δέ
3300 2100 3368 2163 δὴ
3437 2106 3531 2156 σύν
3579 2105 3729 2175 ταύτῃ⁵
3772 2106 3843 2154 καὶ

2287 2189 2401 2259 μετ’
2420 2188 2601 2260 αὐτὴν,
2634 2195 2729 2249 τὴν
2762 2187 3087 2264 ἀδολεσχίαν
3115 2192 3249 2265 λέγω
3303 2193 3464 2261 (οὕτω
3504 2196 3603 2266 γὰρ
3648 2212 3722 2253 τις
3761 2199 3843 2244 τῶν

2289 2275 2450 2328 πάλαι
2506 2282 2600 2337 τὴν
2645 2275 2975 2339 διαλεκτικὴν
3031 2286 3435 2355 κατωνόμασεν,
3496 2283 3525 2341 ἦ
3580 2280 3845 2354 φιλοσοφίαν

2290 2368 2384 2424 τὴν
2421 2372 2633 2439 πρώτην
2693 2370 3024 2443 ὑποκρίνεται
3098 2368 3408 2437 δεξιώτατα,
3482 2376 3573 2429 τὴν
3654 2370 3845 2427 ἁπάσαις

2289 2458 2504 2526 τέχναις
2532 2462 2622 2510 καὶ
2661 2455 2975 2530 ἐπιστήμαις
3033 2459 3452 2532 πρεσϐεύουσαν,
3504 2464 3593 2513 καὶ
3637 2461 3723 2520 τάς
3768 2456 3847 2531 ἀρ·

2291 2545 2399 2614 χάς
2426 2564 2481 2597 τε
2505 2549 2865 2618 παρὶχουσαν,
2888 2553 2978 2601 καὶ
3025 2544 3394 2622 διασαφοῦσαν
3450 2550 3513 2602 τὰ
3566 2548 3847 2620 ἀξιώματα),

2291 2638 2385 2691 την
2447 2629 2534 2685 οὖν
2600 2633 2793 2694 ἐκείνην
2858 2636 3103 2714 ἄντικρυς
3159 2638 3517 2703 εἰκονίζουσαν
3575 2638 3715 2711 (πρὸς
3764 2636 3847 2707 γὰρ

2292 2725 2428 2777 ἅπαν
2486 2727 2544 2777 τό
2595 2725 2907 2799 ζητούμενον
2959 2731 2989 2786 ἦ
3053 2727 3465 2803 προϐαλλόμενον
3518 2727 3730 2802 εὐχερῶς
3775 2728 3845 2775 καί

2294 2814 2425 2871 αὕτη
2448 2816 2564 2874 τούς
2605 2813 2785 2887 λόγους
2832 2815 3032 2889 ἱποίγιι,
3086 2817 3329 2890 εὐλόγους
3395 2818 3505 2891 ἅμα
3572 2820 3658 2868 καὶ
3712 2813 3845 2886 ἁρμό-

2296 2902 2478 2965 ζοντας
2516 2908 2798 2977 κεκτημένη
2838 2909 2968 2978 πρός
3025 2906 3263 2977 ἕκαστον)
3312 2910 3393 2968 τὶς
3435 2908 3558 2979 ὑπέρ
3618 2903 3781 2957 ἐκεῖνον
3818 2904 3840 2956 ἦ

2294 2991 2405 3045 κατ’
2449 2990 2633 3045 ἐκεῖνον
2682 2992 2966 3068 ὴκρίϐωσε,
3024 3001 3113 3048 καὶ
3167 2997 3368 3049 όὺτωσί
3423 2995 3532 3069 μετ’
3605 2992 3845 3065 ἀγχινοίας

2295 3081 2602 3157 ἐχρήσατο;
2642 3079 2832 3146 Οὐδείς
2862 3082 2921 3136 ἆν
2978 3084 3049 3145 εἰς
3088 3084 3274 3158 λόγους
3336 3084 3491 3139 ἐλθών
3555 3082 3729 3153 ἐκείνῳ,
3783 3081 3840 3150 μὴ

2293 3174 2537 3244 παραυτὰ
2600 3176 2845 3245 μετέγνω,
2893 3178 3109 3235 καὶτῆς
3158 3179 3471 3250 προπετείας
3517 3174 3688 3227 ἔαυτόν
3741 3185 3846 3220 κατ’·

2296 3260 2582 3334 εμέμψατο.
2647 3262 3028 3337 Εὐχερίστερον
3109 3263 3168 3315 ἆν
3217 3283 3291 3325 τις
3342 3264 3391 3317 ἓν
3476 3266 3645 3335 Κρήτῃ
3723 3253 3848 3330 Ausi}:

2294 3352 2485 3425 ρινθον,
2539 3355 2569 3409 ἧ
2629 3353 2718 3403 τόν
2773 3354 2917 3427 παρὰ
2981 3349 3418 3425 Λακεδαιμονίοις
3494 3345 3715 3405 Καιὰδαν
3783 3342 3844 3410 (ὃ)

2295 3439 2551 3513 ἐξέφυγεν,
2582 3445 2612 3500 ἦ
2640 3444 2735 3503 τὰς
2764 3439 2955 3495 ἐκείνου
3011 3450 3112 3495 τῶν
3163 3442 3329 3516 λόγων
3378 3443 3538 3520 ἄρκυς
3580 3435 3841 3513 διέδρασεν,

2296 3533 2341 3583 εἶ
2368 3535 2427 3602 γέ
2457 3533 2505 3583 οἱ
2525 3549 2727 3583 τοιοτου
2754 3534 2878 3604 μοτὶ
2897 3536 2986 3585 καὶ
3018 3529 3249 3591 ἐδέησεν.

2371 3709 2455 3771 ιζ.
2484 3710 2622 3764 Ἀλλ’
2647 3708 2826 3770 ἐπειδὴ
2858 3715 2979 3787 περί
3035 3713 3233 3784 φύσεως
3292 3711 3543 3777 ἑξετὰζειν
3597 3703 3695 3767 ἠδη
3747 3719 3847 3777 προ·

2298 3804 2471 3871 ἠγετο,
2529 3802 2654 3874 ὑπὲρ
2712 3802 2811 3852 τῶν
2874 3799 2929 3853 ἐκ
2977 3806 3255 3877 Σταγείρας
3313 3799 3607 3855 ἔδεέκνντο*
3659 3795 3711 3847 οὗ
3764 3792 3844 3862 γὰρ

2298 3885 2365 3947 δὴ
2399 3893 2551 3961 μόνον
2578 3885 2743 3952 δεξιός
2766 3910 2844 3952 τις
2887 3899 2979 3953 τῆς
3037 3894 3233 3963 φύσεως
3285 3892 3581 3964 ἐπιγνώμων
3628 3886 3839 3957 ἐφαίνετο,

2296 3978 2425 4030 ἀλλά
2482 3982 2571 4030 καὶ
2622 3987 2721 4031 τῶν
2777 3978 2941 4051 λόγων
2999 3978 3289 4055 ἀκριϐωτὶκ
3344 3980 3557 4056 ἆριστος
3612 3972 3715 4025 καθ’
3773 3966 3842 4024 οὓς

2296 4069 2430 4120 οὕτω
2450 4088 2557 4130 πως
2588 4071 2878 4139 τετάχαται
2924 4071 2990 4121 τὰ
3041 4076 3138 4132 τῆς
3184 4072 3419 4142 φύσεωςο
3466 4068 3595 4121 ἔνθεν
3647 4064 3725 4113 καὶ
3768 4064 3840 4107 αν-

2294 4166 2387 4211 τοῦ
2418 4177 2472 4211 τε
2524 4158 2915 4233 Ἀριστοτέλους
2952 4163 3039 4211 καὶ
3093 4167 3192 4211 τῶν
3249 4161 3365 4211 ὅσοι
3413 4161 3511 4234 πρὸ
3558 4153 3731 4207 ἕκείνου
3766 4148 3837 4196 καὶ

2296 4249 2404 4322 μετ’
2450 4247 2634 4301 ὶκεῖνον
2684 4252 2802 4323 περί
2855 4266 2912 4301 τε
2954 4250 3151 4322 φύσεως
3214 4254 3302 4301 καὶ
3371 4252 3597 4321 φυσικῶν
3674 4234 3838 4331 dimi:

2293 4337 2479 4409 φαντο,
2514 4336 2735 4411 ἀκριϐὴς
2772 4336 2904 4409 ἄγαν
2962 4333 3245 4410 ἀνεδείχθη
3301 4334 3591 4398 διαιτητὴς,
3646 4328 3757 4381 κάπί
3791 4328 3837 4370 τὸ

2295 4423 2483 4486 ἀληθὲς
2513 4422 3233 4500 διοροωτήςάσφαλέστατος.
3265 4430 3371 4485 Τὴν
3424 4421 3483 4477 δέ
3536 4428 3626 4480 τῆς
3684 4414 3838 4485 ψυχῆς

536 4511 761 4569 litatem
786 4527 909 4567 non
936 4512 1217 4583 ambigue
1249 4531 1319 4569 ex
1352 4514 1653 4586 ambiguis
1684 4514 1837 4571 illius
1870 4531 2183 4586 argumen-

2295 4512 2584 4567 ἀθανασίαν
2611 4514 2703 4566 οὐκ
2732 4513 3020 4587 ἀμφιϐόλως
3079 4515 3130 4578 ἐξ
3189 4514 3481 4589 ἀμφιϐόλων
3536 4517 3629 4562 τῶν
3678 4504 3837 4555 ἐκείνου

538 4601 610 4657 tis
642 4601 928 4671 credidit;
960 4617 1156 4675 neque
1211 4619 1284 4659 ex
1339 4602 1662 4677 altiloquis,
1707 4609 1771 4660 ut
1814 4620 1937 4661 non
1987 4605 2186 4664 dicam

537 4691 827 4749 fabulosis
878 4692 1231 4748 commentis
1277 4692 1550 4757 Platonis,
1603 4709 1853 4750 erronea
1903 4696 2185 4767 quaedam

537 4784 695 4840 circa
718 4782 884 4839 illam
913 4782 1289 4856 sophismata
1320 4782 1426 4839 fuit
1449 4782 1785 4856 amplexus,
1835 4799 1942 4857 per
1993 4784 2185 4842 incor-

536 4873 879 4945 porationes
904 4871 1200 4945 quasdam
1232 4877 1288 4929 et
1317 4870 1872 4929 transformationes
1894 4876 2082 4931 totam
2110 4874 2186 4931 de

610 5051 809 5121 (ῶτιν
866 5056 1149 5125 πυρίπνοον
1213 5050 1309 5125 hic
1364 5066 1474 5125 pro
1527 5050 1828 5107 rhetorica
1883 5052 2184 5125 usurpari,

538 5125 603 5176 ut
627 5137 762 5194 qua;
788 5121 1022 5177 animos
1061 5122 1317 5179 dicendo
1370 5121 1726 5194 inﬂammet,
1777 5126 1939 5194 patet
1979 5121 2055 5179 ei
2101 5121 2189 5180 se;

537 5191 892 5265 quentibus;
926 5208 999 5265 ne
1021 5194 1155 5265 quis
1185 5199 1387 5248 autem
1415 5193 1489 5248 de
1510 5194 1691 5265 hujus
1709 5191 1976 5250 lectionis
1996 5194 2187 5251 since-

538 5262 706 5319 ritate
729 5262 1057 5338 scrunulus'
1077 5265 1357 5338 cuiquam
1385 5262 1689 5338 incideret,
1713 5280 1909 5337 operas
1932 5268 2187 5338 pretium

539 5335 767 5416 censuit
788 5333 1071 5390 Pessinus
1095 5333 1297 5390 noster
1317 5335 1514 5407 ipsum
1536 5333 1902 5409 archetypon
1921 5333 2189 5394 codicem

539 5422 849 5461 lDSchel‘e.

914 5477 1139 5560 passim
1163 5478 1543 5560 _Cretensium
1576 5478 1981 5560 labyrinthus,
2020 5483 2193 5560 Lacef

538 5548 976 5623 daemoniorum
1007 5548 1261 5623 Canadas
1276 5565 1396 5623 non
1417 5550 1579 5621 item.
1601 5548 1734 5623 Fuit
1748 5556 1955 5623 autem,
1968 5552 2115 5623 haec,
2130 5555 2192 5610 ut

538 5614 611 5680 ex
653 5615 961 5688 Strabone,
1020 5614 1367 5695 Thucydide
1414 5625 1471 5680 et
1530 5614 1821 5682 Pausania
1872 5614 2186 5697 Colligitur,

2292 4603 2454 4676 λόγων
2496 4603 2768 4677 ὑπείληφεν
2803 4626 2815 4637 ο
2875 4603 2982 4656 ἀλλ’
3038 4601 3154 4658 οὐδ’
3206 4604 3261 4657 ἐκ
3315 4591 3415 4657 τῶν
3472 4607 3561 4655 τοῦ
3609 4594 3838 4650 Πλάτωνος

2293 4693 2611 4768 ὑψηγοριὼν,
2656 4692 2718 4746 id:
2776 4690 2826 4745 δ’
2872 4693 3027 4746 εἰπεῖν
3107 4693 3449 4767 μυθολογιῶν,
3536 4690 3838 4755 σεσοφισμενα

2294 4802 2347 4836 τε
2374 4788 2465 4836 καὶ
2513 4782 2875 4856 πεπλανημένα
2920 4787 3039 4858 περί
3077 4782 3263 4855 ψυχῆν
3315 4780 3563 4845 δοξάσας,
3622 4782 3837 4858 μετενςωο

2293 4879 2526 4947 ματὼσες
2591 4875 2733 4935 τινὰς
2784 4876 2814 4931 ἦ
2873 4875 3251 4946 μεταμφιάσεις
3306 4875 3498 4929 ταύτης
3549 4867 3603 4917 τὸ
3653 4852 3831 4913 σύνολον

2296 5051 2613 5108 «custodia
2634 5050 2897 5125 publica,
2921 5050 2980 5106 in
2997 5065 3181 5124 quam
3204 5049 3457 5107 maleﬁci
3486 5031 3835 5113 conﬁciebat}-

2296 5128 2414 5153 ιη...
2434 5143 2460 5153 ..
2480 5123 2642 5153 Nam.
2659 5121 2877 5153 αιηηιυ.
2915 5121 3072 5153 ...νηὶ
3092 5125 3299 5153 οηηοηη
3324 5123 3405 5153 ειη
3426 5119 3636 5153 Αῑηιιπη
3659 5129 3683 5153 ‹‹
3711 5098 3831 5153 mdl‘

2294 5128 2416 5187 tur;
2434 5143 2461 5174 ι
2477 5112 2898 5192 οόάἰίδῐτιιὺοζ
2912 5112 3076 5195 apud
3091 5125 3301 5195 Persas
3312 5123 3407 5195 sic
3425 5119 3639 5195 diem”?
3657 5129 3693 5195 ξ(
3711 5112 3831 5195 E9};

2294 5179 2497 5251 ficium
2516 5195 2761 5267 plenum
2778 5179 3143 5267 cineribus,»
3171 5200 3228 5250 et
3248 5192 3389 5267 alibi
3405 5181 3636 5247 memini
3655 5179 3832 5267 ξθβξξξξ

2296 5243 2737 5339 ih'é'ciﬁj‘fiii'ain
2763 5265 2836 5320 de
2864 5243 3159 5339 supplicio
3178 5280 3296 5339 per
3326 5250 3669 5339 cinerechlll

2300 5313 2472 5434 Balli}
2488 5313 2681 5434 llisex
2696 5313 3021 5410 improviso
3034 5313 3448 5434 invo|lrvebatur
3460 5313 3829 5434 υῒξῗξῗξὲὶιᾶξν

2300 5424 2414 5434 ""“
2512 5408 3018 5434 ⁸·“⁸¹“’“¹“Α¹“·-²Α-υ·-ν-
3036 5423 3155 5434 *ιιι-ε
3184 5422 3299 5434 ιιι-Α
3315 5420 3470 5434 -υ-ιηη
3510 5416 3553 5434 οι
3686 5428 3693 5434 ,
3816 5416 3827 5434 .

2296 5393 2460 5482 quod
2486 5408 2632 5465 forte
2644 5393 3300 5483 occasionempraebere
3315 5403 3497 5483 possit
3510 5393 3830 5483 ερερίξεξξᾞζ

2298 5460 2379 5537 ἐξ
2391 5460 2537 5533 ﬁt};
2548 5460 2922 5551 ὶὶνῖοζὶεἷᾷδῖηξ
2934 5460 3647 5551 ἶνῖίὲτέᾇᾶείὲῐὶώὸιοεὶαὼ
3664 5460 3811 5534 Dem“

2299 5532 2444 5611 dam
2474 5532 2763 5610 essefl’tl's'.
2785 5532 3207 5609 musam;
3226 5532 3421 5608 Βεῖδῖι.
