4084 6206
247 263 352 327 833

1439 269 1916 334 .CONSTANTINI
1949 271 2408 330 ACROPOLITIE

3499 289 3603 343 834

245 388 570 467 παρεδέξατο
612 412 625 424 ·
667 389 774 445 ἀλλ’
831 389 1036 454 ἀληθῶς
1071 393 1161 443 καὶ
1200 389 1604 469 ἀναμφηρίστως
1652 394 1846 447 ἀθάνα-

1957 394 2160 452 anima
2181 395 2516 454 doctrinam
2541 397 2907 470 suscipiens:
2941 402 3046 459 sed
3093 417 3231 461 vere
3292 409 3472 479 atque
3518 409 3604 464 in-

244 501 331 535 τον
382 480 640 552 ὶπιγνοὺς,
701 478 935 534 ἀθάνατα
994 483 1122 554 πρὸς
1181 487 1274 535 τοῦ
1328 477 1846 557 δεδημιουργηκότος

244 571 272 628 ἦ
339 566 776 633 δοξασθήσεσθαι
825 571 854 629 ἡ
909 568 1358 640 κολασθήσεσθαι,
1421 572 1560 634 ὅπως
1613 573 1719 646 ἄρα
1780 579 1843 646 τῇ

245 663 409 734 σαρκὶ
435 657 774 731 συμϐιώσειε,
824 663 914 711 καὶ
950 657 1226 732 κατείληφε
1254 665 1344 712 καὶ
1397 656 1662 733 δεδίδαχε
1695 681 1708 694 ·
1759 666 1848 714 καὶ

237 754 520 823 γινομένην
555 750 722 820 εὐθὺς,
773 749 846 802 ἐνί
898 769 954 804 τε
1003 755 1094 804 καὶ
1123 750 1264 814 οἶπαξ
1315 750 1584 806 έπέπειστο
1635 749 1850 806 συνδεῖ-

241 841 373 892 σθαι
411 839 638 911 παχυλῷ
675 845 898 912 σώματι,
938 839 966 892 6
1001 843 1091 892 καὶ
1129 836 1276 900 αὖθις
1335 839 1672 913 ἀναλήψεται,
1714 841 1848 901 πλὴν

237 927 548 1002 λεπτότερον
586 932 676 980 καὶ
720 930 991 1003 θειότερον.
1032 927 1174 982 Ἀλλ’
1212 927 1436 982 ἐντεῦθεν
1481 925 1590 1001 ὁδῷ
1631 935 1846 1004 προῖὼν»

237 1023 334 1072 καὶ
401 1025 511 1081 τοῖς
588 1017 923 1094 ὑψηλοτέροις
1001 1017 1304 1094 προσϐαίνει
1375 1021 1703 1093 μαθήμασιν,
1779 1023 1850 1084 ὡς

243 1111 454 1184 θεωρεῖν
491 1107 677 1180 λόγους
728 1114 898 1162 τεκαὶ
927 1107 1223 1180 ἀναλογίας,
1278 1109 1524 1184 ἁρμονίας
1569 1128 1626 1164 τε
1673 1111 1846 1171 συζη-

239 1204 372 1264 τεῖν,
420 1201 511 1248 καὶ
548 1197 814 1272 ἁνερευνᾶν
871 1202 1132 1270 σχήματα
1175 1202 1265 1250 καὶ
1311 1203 1541 1260 κινήσεις
1592 1195 1845 1272 ἀστέρων,

241 1291 337 1338 καὶ
389 1282 646 1347 συνόδους
720 1284 990 1345 πλανὴτων
1052 1285 1374 1358 ἐξακριϐοῦν,
1430 1291 1845 1360 σχηματισμοὺς

241 1373 350 1447 (ἐφ’
389 1376 471 1436 οἷς
500 1371 567 1434 δὴ
597 1379 685 1427 καὶ
719 1377 788 1436 ὡς
815 1373 1023 1436 ἀληθῶς
1050 1395 1128 1437 τις
1174 1373 1411 1448 ἀπόγειος
1463 1380 1554 1428 καὶ
1599 1377 1846 1449 ἄντικρυς

240 1463 480 1539 οὐράνιος
539 1465 810 1539 ἄνθρωπος
892 1463 1260 1536 ἀναπέφανται)
1338 1461 1624 1526 Εὐκλείδας
1685 1467 1843 1539 ὑπερ-

239 1557 541 1623 ακοντίσας,
602 1552 952 1626 Πτολεμαίους
1010 1552 1326 1628 ὑπερϐαλὼν,
1404 1557 1520 1614 τοὺς
1569 1556 1670 1626 πρό
1726 1556 1845 1607 τού-

239 1662 344 1694 των
373 1638 676 1705 Χαλδαίους
710 1639 905 1704 παῖδας
943 1644 1116 1716 ὥσπερ
1148 1646 1416 1715 ἀποφήνας
1453 1646 1544 1695 καὶ
1589 1647 1684 1701 τὴν
1728 1641 1842 1696 ἔπι-

240 1736 454 1804 στήμην
482 1731 751 1804 ἡμιτελεῖς.

1954 483 2297 541 dubitanter
2320 485 2654 556 intelligens
2691 487 2890 560 ipsam
2928 506 3060 548 esse
3098 493 3521 561 immortalem,
3569 513 3605 554 a

1956 572 2263 630 conditore
2288 575 2406 630 Deo
2431 574 2610 632 etiam
2637 575 2701 632 in
2724 582 3015 638 aeternum
3063 587 3168 639 aut
3208 583 3606 654 gloriﬁcatum

1957 665 2060 718 aut
2081 661 2362 733 punitum
2385 662 2476 732 iri,
2493 663 2667 736 juxta
2690 666 2875 723 vitam
2894 668 2958 726 in
2977 685 3225 744 corpore
3272 677 3492 744 actam,
3549 677 3608 731 et

1957 749 2234 820 cognovit
2259 755 2317 807 et
2341 750 2580 822 docuit;
2615 769 3093 832 persuasumque
3130 759 3357 829 habuit,
3405 761 3606 819 statim

1958 843 2138 911 atque
2165 843 2364 897 creata
2389 839 2560 911 foret,
2574 843 2898 902 semeleam
2922 847 3607 918 colligariunimateriali

1957 927 2192 1000 corpori
2220 929 2385 1001 quod
2435 945 2644 988 rursus
2697 939 2854 990 esset
2899 942 3286 1010 assumptura
3329 938 3606 996 subtilius

1957 1016 2356 1090 diviniusque.
2391 1019 2536 1076 Hinc
2567 1037 2704 1078 vero
2741 1025 3128 1096 progrediens
3165 1027 3246 1084 ad
3301 1027 3606 1086 sublimio-

1955 1121 2050 1163 res
2077 1105 2445 1179 disciplinas,
2473 1111 2726 1168 accessit
2762 1113 2842 1169 ad
2879 1115 3279 1187 speculandas
3306 1123 3604 1174 astrorum

1953 1194 2215 1252 rationes
2240 1197 2801 1273 proportionesque,
2837 1218 3168 1277 eorumque
3194 1205 3347 1262 inter
3368 1223 3432 1262 se
3461 1222 3604 1263 con-

1955 1286 2228 1356 gruentia
2249 1287 2691 1360 conquirendas
2741 1295 2798 1348 et
2845 1291 3291 1365 investigandas
3333 1295 3600 1366 ﬁguras:

1953 1380 2197 1448 propter
2227 1389 2490 1446 quorum
2513 1377 2786 1436 notitiam
2815 1381 3109 1453 terrigena
3137 1385 3438 1457 quispiam
3467 1400 3606 1457 pos-

1953 1463 2029 1520 sit
2045 1462 2208 1519 velut
2225 1477 2296 1519 ex
2325 1465 2624 1536 opposito,
2650 1466 2766 1523 dici
2792 1467 2974 1526 homo
3019 1470 3294 1528 ccelestis.
3324 1477 3606 1546 Propera-

1950 1551 2034 1608 vit
2051 1552 2229 1608 etiam
2245 1552 2321 1608 ad
2333 1552 2710 1624 planetarum
2723 1571 3074 1628 progressus
3093 1560 3605 1634 figurationesque

1950 1655 2162 1696 eorum
2189 1644 2247 1696 et
2273 1642 2830 1712 transﬁgurationes
2847 1647 3046 1703 varias
3064 1647 3464 1720 indagandas,
3494 1653 3604 1706 Eu-

1895 1787 1898 1790 .
1951 1726 2212 1784 clidasin
2226 1727 2342 1785 hoc
2358 1744 2574 1799 genere
2585 1732 2964 1801 antecellens,
2982 1735 3329 1794 Ptolemaeos
3355 1753 3606 1810 exsupe-

235 1835 408 1889 rans,
438 1824 495 1876 et
511 1820 618 1894 qui
635 1819 750 1877 illis
787 1820 1152 1894 antiquiores
1180 1819 1345 1878 fuere
1375 1819 1704 1893 Chaldaaos,
1737 1817 1915 1894 quasi
1941 1831 2162 1889 pueros
2188 1816 2632 1890 semiperfectos
2667 1819 2916 1878 scientia
2938 1821 3128 1880 fuisse
3156 1825 3604 1883 demonstrans.

313 1927 412 1985 ιη’,
455 1926 592 1980 Ἀλλ’
623 1927 649 1980 ὃ
677 1928 869 2003 μικροῦ
923 1947 978 1981 τε
1023 1924 1348 2002 παρέδραμε.
1414 1935 1535 1990 Τοῖς
1583 1930 1686 2002 γὰρ
1732 1927 1849 1986 ἠθι-
1883 1925 1924 1980 Β

236 2023 350 2078 κοῖς
372 2015 606 2089 ἐντυχὼν
631 2024 732 2069 τῶν
769 2016 1090 2092 παλαιτέρων
1140 2019 1524 2090 συντάγμασιν,
1567 2017 1670 2069 ὅσα
1707 2017 1734 2068 6
1790 2014 1846 2068 ἐκ

238 2110 547 2181 Σταγείροις,
590 2107 760 2159 ὁπόσα
796 2107 822 2159 6
853 2105 908 2159 ἐκ
945 2110 1266 2181 Χαιρωνείας
1298 2107 1401 2177 (7),
1433 2109 1524 2158 καὶ
1574 2124 1634 2176 γε
1683 2106 1710 2157 6
1766 2123 1846 2158 cc-

239 2199 464 2268 μνότητι
506 2194 632 2266 παρ’
692 2193 908 2254 Ἕλλησι
966 2191 1250 2253 διαϐόητος
1312 2193 1522 2247 Πλάτων
1586 2195 1842 2256 συνέθετο,

241 2284 340 2336 οὐκ
403 2283 798 2358 ἀπερισκέπτως
867 2292 974 2345 τοῖς
1028 2280 1327 2356 δεδομένοις
1399 2283 1578 2336 ἑαυτὸν
1645 2281 1842 2358 ἐμπαρο

240 2377 436 2445 ίσχετο
488 2395 502 2406 ·
547 2372 654 2426 ἀλλ’
709 2374 762 2437 ἑξ
787 2374 900 2447 ἅμα
940 2377 1162 2445 πάντων,
1223 2374 1258 2424 οἱ
1312 2375 1402 2445 μὲν
1459 2371 1675 2447 ἐνέκρινε
1729 2379 1846 2432 ταῖς

237 2471 336 2526 τῆς
372 2459 598 2540 καρδίας
649 2463 833 2526 πλαξὶν
886 2462 1215 2538 ἑνεχάραξεν,
1263 2461 1300 2513 οἷ
1351 2458 1402 2514 δ’
1442 2459 1711 2520 ελληνικῆς
1759 2456 1844 2513 διε

240 2557 435 2626 έκρινεν
488 2551 771 2626 έμπαθείας
822 2555 852 2613 ἣ
915 2554 1284 2628 προσπαθείας,
1345 2550 1575 2626 ἁρίστως
1631 2549 1846 2625 ἀποκρί-

241 2662 352 2710 νας,
385 2641 624 2715 ἐκθύμως
662 2641 987 2716 ἀπεστερξεν.
1045 2641 1246 2714 Ἀμέλει
1287 2660 1368 2694 τοι
1423 2645 1513 2694 καὶ
1556 2644 1650 2698 τὴν
1705 2638 1844 2693 Πλά-

241 2751 402 2792 τωνος
431 2735 792 2803 κοινογαμίαν,
821 2731 866 2784 εἰ
923 2727 983 2784 δέ
1041 2729 1235 2804 βούλει,
1293 2735 1388 2789 τὴν
1443 2731 1714 2806 Κράτητος
1762 2716 1842 2800 (8)

242 2823 309 2882 ὡς
347 2816 561 2879 κυνωδη
596 2818 782 2893 βιοτὴν
821 2819 1243 2893 ἐπιλογισάμενος
1293 2817 1394 2871 κάκ
1447 2818 1631 2890 ψυχῆς
1687 2817 1846 2878 αὐτῆς

242 2909 502 2975 εἰποῦσιν,
560 2907 609 2971 ἇς
664 2913 991 2984 Κυνόσαργες
1045 2907 1146 2981 (9),
1195 2913 1254 2962 τό
1298 2927 1353 2960 τε
1403 2906 1604 2960 ἐκείνων
1663 2907 1842 2971 εἰπεῖν,

243 2997 587 3070 ἀπεπέμψατο
618 3019 632 3032 ·
663 3003 750 3051 τόν
779 3017 833 3051 τε
862 2997 1196 3071 Ἀριστοτέλη
1242 3004 1333 3050 τοῦ
1387 2997 1558 3070 γάμου
1620 3001 1690 3069 μή
1743 3014 1844 3048 κα-

241 3092 420 3152 κίσας,
480 3085 587 3140 ἀλλ’
655 3089 1070 3162 ὑπερφρονήσας,
1139 3087 1393 3160 ὑπέρτερα
1470 3105 1525 3139 τε
1582 3089 1846 3159 φρονήσας

243 3181 332 3227 καὶ
372 3174 672 3251 ἂνθεώτερα,
701 3180 786 3228 τόν
843 3175 1063 3228 ἄσπιλον
1116 3178 1339 3248 αἱρεῖται
1392 3172 1510 3246 βίον
1557 3177 1644 3226 καὶ
1678 3176 1844 3247 κρείτ-

244 3284 390 3321 τονα.
442 3261 654 3322 Ἐπειδή
685 3267 788 3340 γὰρ
839 3269 928 3317 καὶ
961 3269 1133 3336 γέγονε
1176 3267 1457 3337 κρείττονος
1491 3270 1585 3324 τῆς
1640 3261 1845 3322 ἡλικίας

243 3358 333 3406 καὶ
376 3355 504 3425 πρός
540 3355 744 3426 γάμους
793 3358 922 3428 πρός
976 3372 1030 3404 τε
1101 3361 1200 3405 τῶν
1251 3355 1627 3423 γεγεννηκότων
1677 3350 1843 3402 αὐτῶν

243 3441 500 3508 ἐϐιάζετο,
537 3447 627 3494 καὶ
669 3447 800 3516 πρός
849 3442 894 3494 τ’
935 3441 1098 3495 ἄλλων
1158 3449 1368 3514 συχνῶν
1423 3440 1472 3492 ἐν
1518 3439 1648 3492 τελει
1705 3435 1846 3497 δῆτα

242 3535 333 3582 καὶ
376 3530 609 3604 μεγάλων
655 3530 930 3604 ἐφείλκετο,
997 3532 1230 3606 καθάπερ
1304 3549 1380 3590 τις
1430 3528 1639 3589 ἀπαθὴς
1692 3529 1844 3599 φύσις

242 3624 336 3672 καὶ
367 3621 539 3673 πάντα
582 3623 709 3695 πρὸς
764 3622 832 3672 τὰ
872 3615 1004 3692 τῇδε
1053 3618 1399 3694 ἀπόστροφος,
1458 3616 1672 3678 ἀκλινὴς
1715 3617 1844 3687 ἄγαν

245 3705 310 3766 ἦν
339 3712 432 3762 καὶ
475 3705 765 3776 ἀνένδοτος,
812 3707 990 3762 ἄλλοθί
1036 3727 1137 3762 που
1172 3709 1258 3760 τὸν
1309 3709 1502 3760 σκοπόν
1564 3707 1701 3778 ἔχων
1756 3708 1846 3756 καὶ

245 3797 486 3870 ἀλλαχοῦ
523 3799 816 3871 μεταθεῖναι
861 3795 1218 3871 διανοούμενος
1255 3801 1312 3851 τό
1368 3795 1651 3867 πολίτευμα
1687 3815 1700 3828 θ
1743 3795 1841 3851 ὅπη

243 3906 307 3960 γε
336 3892 430 3940 καὶ
459 3887 659 3948 Παῦλος
709 3889 736 3940 ό
775 3892 936 3961 μέγας
984 3884 1098 3960 εἶχε
1139 3891 1233 3946 τὴν
1277 3887 1548 3959 πρόθεσιν,
1605 3884 1847 3944 Ἰωάννης

245 3995 302 4029 τε
339 3981 432 4029 καὶ
453 3975 711 4045 Ἰωάννης,
753 3979 779 4029 ὅ
813 3995 867 4030 τε
920 3981 1209 4050 σκιρτήσας
1267 3979 1368 4049 πρὸ
1432 3983 1524 4036 τῆς
1567 3976 1849 4045 γεννήσεως

245 4068 340 4117 καὶ
379 4069 468 4118 τὸν
523 4053 786 4122 Δεσπότην
831 4070 1206 4139 προσκυνήσας
1246 4068 1317 4137 μὴ
1367 4064 1701 4135 θεασάμενος,
1763 4063 1850 4112 καὶ

247 4155 274 4205 6
330 4152 416 4207 ἐπὶ
459 4161 534 4224 τῷ
583 4162 676 4206 τοῦ
733 4158 928 4229 κυρίου
978 4155 1159 4213 στήθει
1197 4151 1465 4206 ἀναπεσὼν
1518 4149 1751 4204 κάκεῖθεν
1783 4151 1851 4201 τὰ

246 4250 344 4304 τῆς
377 4241 644 4315 θέολογίας
671 4242 994 4318 ἀρυσάμενος
1020 4245 1248 4316 νάματα,

1887 3805 1892 3809 ’
1951 3792 2146 3865 tisque
2165 3791 2228 3849 in
2279 3792 2586 3864 dignitate,
2649 3794 2861 3851 eodem
2917 3795 3376 3867 pertrahebatur
3423 3813 3438 3852 :

2033 1926 2114 1978 l8.
2143 1925 2358 1979 Verum
2397 1922 2546 1980 illud
2575 1940 2790 1997 parum
2823 1927 3016 1985 abfuit
3057 1930 3204 2003 quin
3233 1947 3330 1988 me
3367 1937 3604 2005 praeter-

1952 2012 2082 2070 iret.
2106 2014 2254 2068 Cum
2281 2013 2344 2068 in
2368 2018 2637 2070 veterum
2668 2018 3130 2076 commentarios
3149 2019 3224 2076 de
3244 2021 3458 2077 morali
3473 2022 3605 2094 phi-

1951 2099 2233 2174 losophia
2259 2100 2580 2169 incidisset,
2613 2119 2766 2174 quos
2801 2106 3076 2176 Stagirita
3103 2113 3160 2164 et
3192 2109 3603 2166 Cbaaronensis

1951 2207 2024 2248 ac
2054 2191 2341 2261 gravitate
2364 2207 2605 2248 morum
2636 2195 2798 2267 apud
2828 2197 3061 2254 Graecos
3085 2199 3602 2257 commendatissi-

1952 2295 2090 2336 mus
2117 2279 2282 2337 Plato
2310 2281 2683 2354 composuit;
2719 2297 2844 2339 non
2874 2285 3264 2358 semetipsum
3319 2289 3603 2346 omnibus

1951 2369 2444 2441 incircumspecte
2473 2371 2732 2444 tradidit,
2765 2387 2902 2445 quae
2939 2374 3019 2432 ab
3046 2374 3118 2431 iis
3150 2377 3455 2434 memorial:
3481 2377 3604 2435 fue-

1951 2460 2092 2514 runt
2149 2456 2383 2523 tradita,
2445 2459 2551 2514 sed
2614 2458 2766 2516 inter
2831 2475 2903 2518 ea
2955 2463 3181 2535 optime
3235 2464 3602 2534 discernens,

1952 2562 2089 2619 quae
2142 2545 2308 2603 bona
2365 2547 2678 2618 judicabat
2735 2549 3121 2622 imprimebat
3170 2553 3367 2611 cordis
3429 2555 3603 2612 tabu-

1951 2634 2048 2705 lis,
2079 2649 2213 2709 qute
2239 2651 2384 2693 vero
2422 2637 2502 2692 ad
2536 2636 2840 2696 licentiam
2905 2639 3150 2698 videndi
3212 2643 3492 2714 gentilem
3549 2649 3607 2702 et

1953 2723 2350 2797 cupiditatum
2387 2723 2699 2783 illecebras
2740 2729 2973 2799 putavit
3024 2730 3318 2802 pertinere
3355 2733 3604 2790 omnino

1952 2815 2196 2887 respuit.
2231 2814 2323 2871 Sic
2377 2817 2870 2874 communionem
2925 2834 3203 2892 uxorum,
3269 2838 3306 2879 a
3361 2822 3605 2880 Platone

1953 2903 2362 2972 adinventam,
2403 2908 2461 2960 et
2495 2919 2533 2961 a
2593 2907 2824 2962 Cratere
2877 2905 3211 2964 institutam
3263 2910 3603 2967 communis

1951 2993 2081 3050 vitae
2105 2994 2468 3064 societatem,
2487 2994 2772 3050 caninam
2792 3000 3078 3067 reputans
3098 3001 3278 3070 atque
3298 3014 3370 3054 ex
3399 2999 3604 3057 animo

1905 3111 1914 3148 _~
1953 3080 2253 3138 detestans
2283 3086 2604 3138 sectatores
2657 3083 2925 3156 ipsorum
2970 3085 3033 3140 in
3089 3085 3316 3142 malam
3363 3102 3604 3145 crucem

1953 3169 2324 3228 amandabat
2349 3191 2361 3225 :
2389 3170 2716 3227 Aristotelis
2754 3186 2896 3227 vero
2933 3171 3008 3228 de
3054 3173 3334 3245 conjugio
3377 3175 3604 3249 Opinio-

1951 3273 2092 3316 nem
2122 3273 2244 3314 non
2265 3257 2636 3331 improbans,
2671 3258 2777 3315 sed
2803 3259 3094 3316 excelsius
3118 3275 3189 3317 ea
3218 3260 3445 3334 aliquid
3510 3278 3601 3320 sa-

1951 3348 2140 3421 piens,
2167 3346 2640 3422 sublimioraque
2669 3353 2726 3404 et
2753 3348 3052 3406 diviniora
3071 3349 3365 3421 cogitans,
3401 3351 3602 3408 incon-

1951 3437 2295 3493 taminatam
2305 3435 2602 3509 longeque
2615 3437 3089 3509 prmstantiorem
3103 3438 3238 3510 conj
3249 3439 3407 3510 ugali
3420 3439 3604 3497 vitam

1951 3524 2282 3596 praeelegit.
2345 3527 2412 3581 Ut
2474 3525 2636 3581 enim
2701 3526 3086 3598 provectioris
3141 3528 3330 3585 evasit
3394 3529 3604 3602 aetatis,

1951 3611 2422 3688 compellebatur
2448 3615 2695 3688 quidem
2724 3633 2760 3673 a
2780 3615 3148 3688 genitoribus
3175 3617 3320 3690 ipsis
3371 3618 3449 3676 ad
3494 3635 3604 3676 nu-

1950 3705 2126 3776 ptias,
2151 3707 2332 3778 atque
2361 3704 2441 3760 ab
2482 3703 2633 3773 aliis,
2665 3711 2722 3762 et
2749 3705 2842 3762 his
2879 3705 3127 3779 quidem
3183 3707 3386 3765 multis
3451 3709 3606 3781 posi-

3498 3796 3606 3854 sed

1951 3880 2135 3938 veluti
2154 3881 2545 3954 impassibilis
2581 3884 2865 3956 quasdam
2893 3889 3131 3953 natura,
3163 3900 3199 3940 a
3225 3884 3470 3941 terrenis
3510 3900 3604 3940 re-

1950 3969 2068 4026 bus
2095 3969 2344 4028 omnino
2393 3985 2662 4037 aversus,
2715 3972 2796 4028 ad
2847 3987 2950 4029 eas
3001 3971 3224 4028 inflecti
3289 3970 3608 4029 recusabat

1953 4057 2273 4126 obstinate,
2343 4063 2546 4131 utpote
2605 4059 2748 4116 alibi
2814 4075 2994 4116 suum
3049 4059 3282 4116 habens
3326 4074 3604 4131 scopum,

1951 4162 2145 4220 eoque
2173 4147 2442 4204 studium
2467 4164 2646 4204 suum
2666 4149 2982 4206 transferre
3006 4149 3298 4220 cogitans,
3327 4164 3450 4222 quo
3471 4163 3606 4206 ma-

1955 4251 2109 4306 gnus
2134 4235 2352 4293 Paulus
2378 4253 2554 4294 suum
2575 4237 2828 4295 intendit
2872 4239 3269 4312 propositum,
3327 4252 3606 4311 unusque

248 4336 306 4388 et
341 4331 492 4388 alter
531 4334 812 4401 Joannes,
865 4332 918 4388 is
957 4330 1180 4388 scilicet
1205 4330 1312 4404 qui
1359 4329 1422 4386 in
1471 4332 1638 4386 utero
1675 4325 1882 4385 matris
1927 4329 2067 4382 ante
2113 4325 2484 4384 nativitatem
2513 4326 2781 4398 exsilivit,
2830 4331 2889 4384 et
2932 4342 3114 4400 quem
3152 4327 3412 4384 necdum
3445 4326 3607 4383 vide-

246 4425 342 4478 rat
369 4422 694 4480 Dominum
723 4420 1033 4493 adoravit;
1077 4424 1135 4478 et
1162 4419 1258 4476 ille
1283 4419 1388 4492 qui
1430 4433 1616 4492 supra
1651 4416 1922 4490 ejusdem
1953 4414 2188 4474 Domini
2227 4419 2435 4488 pectus
2466 4415 2758 4484 recubuit,
2797 4415 3081 4476 hauriens
3115 4415 3256 4474 inde
3295 4415 3607 4487 theologia:

248 4508 498 4569 fontem.

325 4686 408 4747 ιθ’.
439 4694 541 4744 Καὶ
566 4685 634 4750 δὴ
667 4688 843 4743 λοιπὸν
870 4689 1031 4750 οὕτως
1069 4687 1250 4741 ἑαυτὸν
1293 4685 1594 4762 ἐρῥύθμισε,
1642 4686 1736 4746 τάς
1793 4701 1848 4736 τε

251 4785 351 4842 τῆς
394 4779 584 4852 ψυχῆς
651 4775 897 4852 δυνάμεις
951 4776 1232 4851 ἐκόσμησε,
1286 4781 1376 4829 καὶ
1431 4783 1503 4849 τῷ
1549 4783 1619 4846 νῷ
1685 4772 1849 4834 καλῶς

251 4869 626 4940 καθυπέταξεν,
684 4872 753 4930 ὡς
809 4871 946 4922 θείαν
999 4870 1152 4930 ὄντως
1202 4868 1450 4943 ἁρμονίαν
1511 4864 1848 4944 ἐμφαίνεσθαι

253 4962 444 5030 τούτῳ,
503 4964 592 5013 καὶ
652 4958 931 5032 ἀγγελικὴν
995 4959 1066 5020 ὡς
1150 4956 1349 5017 ἀληθῶς
1421 4959 1844 5029 σεμνοπρέπειαν.

251 5049 405 5103 Ὅθεν
453 5045 521 5108 δὴ
592 5054 681 5101 καὶ
741 5047 800 5102 οὗ
858 5053 1010 5121 μόνον
1062 5055 1172 5110 τοῖς
1217 5052 1550 5120 γεννήτορσιν
1604 5044 1849 5120 έράσμιος

252 5139 383 5211 ὁμοῦ
411 5143 502 5192 καὶ
531 5142 703 5212 τίμιος
729 5133 810 5210 ἦν,
843 5135 973 5190 ἀλλὰ
1014 5141 1101 5190 καὶ
1151 5142 1311 5189 πᾶσιν
1365 5134 1554 5204 ἄλλοις,
1625 5139 1714 5187 καὶ
1760 5133 1848 5186 αὖ·

303 5372 405 5458 ,(47)
427 5367 809 5434 Plutarchum
839 5368 1120 5445 intellige,
1149 5368 1507 5431 Chaeroneica
1536 5365 1598 5427 in
1630 5365 1852 5430 Boeotia

253 5451 621 5592 Μῖὣιὲιίθεῑθε
636 5516 986 5592 Thebanus,
1001 5514 1276 5592 Βίοεθηίε
1302 5511 1852 5592 ργξιίθίάίδθίρυωδ

255 5587 362 5666 qui
385 5587 537 5650 nihil
563 5590 870 5667 pessidere
894 5587 1225 5664 sapientem
1252 5587 1458 5650 voluit.

2033 4689 2118 4742 l9.
2139 4685 2428 4759 Deinceps
2460 4690 2662 4744 autem
2691 4686 2884 4744 taliter
2909 4685 3290 4744 concinnavit
3343 4685 3608 4758 seipsum

1959 4774 2266 4846 animique
2290 4775 2588 4848 potentias
2619 4776 2700 4833 ita
2723 4775 3039 4833 adornavit
3061 4791 3133 4832 ac
3169 4775 3386 4832 mentis
3414 4775 3606 4846 impe‘

1957 4863 2045 4922 rio
2072 4864 2500 4932 subordinavit,
2530 4869 2595 4921 ut
2612 4864 2674 4921 in
2703 4881 2773 4922 eo
2797 4865 2996 4937 reipsa
3019 4869 3376 4937 apparerent
3403 4861 3609 4920 divina

1957 4953 2239 5026 quaedam
2294 4955 2612 5012 harmonia
2675 4958 2732 5011 et
2771 4955 2954 5011 decor
3017 4969 3254 5010 morum
3297 4952 3607 5023 angelicus

1958 5043 2340 5117 gravitasque
2363 5060 2376 5100 ε
2400 5047 2768 5118 quapropter
2787 5057 2909 5100 non
2953 5042 3149 5100 solum
3168 5047 3294 5101 erat
3313 5044 3532 5100 charus
3549 5045 3611 5099 at

1959 5149 2075 5206 que
2101 5133 2375 5192 amabilis
2412 5132 2801 5206 genitoribus,
2834 5132 2943 5190 sed
2972 5136 3028 5191 et
3064 5131 3194 5191 aliis
3214 5132 3501 5192 omnibus
3524 5132 3612 5205 ip-

2028 5367 2226 5450 (ρ)Λᾴ
2254 5383 2458 5450 canem
2497 5365 3062 5450 altamhverbatim
3103 5367 3438 5450 diceretur:
3485 5370 3610 5450 erat

1961 5440 2162 5500 autem
2190 5440 2790 5516 κυνρσαργιςᾼιὴοῑιίε
2823 5440 3052 5500 dictum
3090 5441 3499 5516 gymnasium,
3523 5440 3608 5516 in

1960 5529 2084 5588 quo
2122 5513 2330 5588 procul
2355 5512 2632 5588 a_'pudice
2669 5513 2828 5576 natis
2890 5512 3149 5587 remoti;
3179 5512 3608 5573 exercebantur

1962 5585 2142 5649 nothi
2152 5602 2223 5644 ac
2243 5585 2447 5660 spurii;
