4084 6206
1736 268 2193 330 consumma
2230 270 2716 334 amomum.
3760 297 3849 354 εδ,

549 410 751 481 sisque
823 400 1198 459 heterodoxis
1254 399 1512 454 multum
1582 398 1959 454 venerabilis.
2036 401 2170 453 Post

2298 408 2403 461 τοῖς
2433 397 2495 454 δέ
2526 408 2630 462 τοῖς
2651 399 2973 479 ἐτεροδόξοις
3000 400 3212 478 σφόδρα
3243 404 3353 458 λίαν
3401 406 3684 484 αἰδέσιμος,
3740 424 3850 472 Τοί..

547 515 735 572 quam
758 510 902 551 vero
932 497 1101 565 pater
1142 507 1213 546 ex
1260 491 1374 545 hac
1404 489 1530 546 vita
1554 504 1829 559 egressus
1858 488 2091 545 transiit
2111 487 2189 544 ad

547 588 746 655 aliam,
781 583 1062 639 snﬂ‘ectus
1100 580 1298 635 statim
1322 578 1479 634 ﬁlius
1523 584 1835 650 paternam
1860 579 2188 649 assumpsit

546 676 916 745 dignitatem,
964 676 1144 743 atque
1198 670 1350 725 inter
1399 684 1678 740 proceres
1722 668 1829 723 fuit
1870 668 2182 739 ascriptus.

546 764 763 820 Invitus
784 768 1009 818 tamen.
1039 761 1083 813 A
1114 759 1313 831 pueris
1341 757 1500 813 enim
1529 763 1586 813 et
1627 757 1705 813 ab
1749 757 1912 812 initio
1965 757 2183 825 cogita-

544 857 712 907 verat
750 850 1138 920 semetipsum
1172 850 1284 901 Deo
1309 862 1658 902 consecrare
1706 846 1881 917 eique
1929 844 2039 901 soli
2094 844 2183 898 vi-

541 956 698 1009 vere,
730 937 1023 996 Samuelis
1046 936 1382 1007 exemplum
1407 951 1531 991 non
1552 934 1745 990 solum
1769 949 2049 1006 sequens,
2077 932 2183 989 sed

542 1031 719 1085 etiam
750 1029 809 1083 in
836 1028 952 1083 hoc
981 1026 1229 1081 fortasse
1259 1040 1573 1096 superans,
1600 1039 1671 1079 eo
1700 1024 1866 1095 quod
1886 1039 1958 1079 ex
1985 1022 2183 1093 seipso

541 1120 655 1173 hoc
683 1118 878 1187 elegit,
914 1131 1039 1171 non
1087 1119 1288 1169 autem
1331 1130 1366 1168 a
1413 1113 1787 1185 parentibus,
1833 1111 1984 1167 sicut
2033 1111 2180 1182 ipse,

542 1206 872 1277 promissus
895 1206 1012 1260 Deo
1031 1209 1087 1259 et
1116 1201 1415 1258 exhibitus
1440 1202 1566 1257 fuit.
1600 1204 2020 1255 Verumtamen
2045 1215 2186 1271 sup-

539 1296 739 1367 posuit
756 1294 1040 1348 humeros
1068 1307 1226 1346 curm
1248 1290 1509 1345 civilium
1531 1306 1751 1359 rerum,
1785 1289 1889 1361 qui
1909 1288 2182 1359 spiritua-

536 1382 695 1438 libus
719 1380 1067 1437 adhaarebat
1093 1395 1166 1433 ex
1191 1380 1415 1434 animo.
1451 1377 1562 1434 Sed
1592 1378 1671 1432 oh
1697 1378 1708 1431 !
1739 1393 1927 1447 quam
1956 1377 2180 1445 dextre,

539 1487 726 1543 quam
754 1470 1080 1542 prudenter
1106 1474 1162 1522 et
1192 1467 1460 1522 consulte
1486 1466 1775 1522 creditum
1806 1465 1917 1520 sibi
1958 1481 2179 1520 munus

540 1557 1019 1615 administrabat!
1038 1554 1490 1611 Diffundebatur
1508 1570 1650 1624 ergo
1668 1569 1773 1625 per
1782 1555 2054 1610 omnium
2074 1570 2181 1611 ora

540 1647 859 1702 admiratio
885 1645 1034 1715 ejus,
1062 1642 1162 1698 sed
1195 1642 1497 1714 praecipue
1523 1643 1601 1697 ab
1627 1642 1759 1713 ipso
1785 1641 1950 1697 urbis
1977 1642 2181 1713 praefe-

2297 511 2385 542 νυν
2410 496 2497 543 καὶ
2537 492 2747 563 τελευτᾴ
2772 497 2859 545 τόν
2892 492 3022 565 βίων
3053 495 3079 545 6
3104 500 3300 567 πατὴρ,
3329 502 3418 550 καὶ
3456 504 3581 573 πρὸς
3615 505 3676 555 τὰ
3709 504 3852 562 ἐκεῖσε

2296 582 2632 651 μεθίσταται.
2700 582 3020 656 Ἐ’γκρίνεται
3084 581 3135 635 δ’
3197 586 3342 646 οὗτος
3393 588 3559 655 εὐθὺς,
3618 598 3701 645 καὶ
3771 603 3850 654 τὴν

2294 674 2551 741 πατρικὴν
2600 668 2747 731 ἀξίαν
2800 670 3164 744 ἀναλαμϐάνει,
3219 679 3307 726 καὶ
3352 682 3461 738 τοῖς
3513 678 3688 749 λογάσι
3737 702 3848 755 συγ-

2293 757 2629 828 καταλέγεται
2660 780 2673 792 ο
2708 761 2845 811 ἄκων
2880 765 2970 832 μέν
3002 782 3016 794 ·
3051 760 3179 813 ἀλλὰ
3223 766 3323 838 γὰρ
3355 766 3410 816 ἐκ
3440 763 3638 818 παίδων
3684 777 3764 824 καὶ
3806 772 3852 836 ἒξ

2294 844 2469 918 ἀρχῆς
2524 848 2596 908 εἰς
2633 855 2749 899 νούν
2788 851 3023 924 ἔστρεφεν
3061 851 3243 904 ἑαυτὸν
3280 860 3352 922 τῷ
3408 861 3519 924 Θεῷ
3556 860 3850 914 καθοσιώσαι

2292 938 2382 985 καί
2409 931 2559 996 δοτός
2616 937 2756 1007 αὐτῷ
2798 943 3157 1010 χρηματίσαι,
3206 944 3333 1013 πρός
3383 946 3469 994 τὸν
3520 948 3673 1015 μέγαν
3716 952 3849 1010 ὄντως

2294 1028 2382 1074 καὶ
2428 1024 2574 1084 οὗτος
2622 1024 3029 1099 ἁπευθυνόμενος
3079 1030 3318 1101 Σαμουὴλ
3376 1053 3388 1064 σ
3438 1034 3518 1084 ὅτι
3572 1031 3622 1085 δ’
3663 1036 3847 1090 αὐτόθεν

2294 1113 2451 1173 αὐτὸς
2502 1115 2643 1166 τοῦθ’
2698 1115 2874 1187 είλετο,
2952 1123 3041 1169 καὶ
3092 1124 3165 1190 μὴ
3241 1123 3373 1192 πρὸς
3431 1130 3528 1172 τῶν
3571 1131 3847 1200 γεννητόρων

2294 1201 2608 1273 ύποσχεθεὶς
2638 1200 2845 1269 δέδοτο,
2897 1208 3045 1276 τάχα
3081 1226 3141 1278 γε
3169 1213 3259 1260 καὶ
3299 1209 3697 1282 ὑπερτιθέμενος.
3728 1214 3846 1271 Πλὴν

2296 1288 2421 1341 ἀλλὰ
2470 1296 2558 1348 την
2616 1301 2715 1344 τῶν
2762 1292 3037 1345 πολιτικῶν
3085 1294 3390 1367 ἑπωμίσατο
3429 1297 3723 1371 φροντίδαὸ
3764 1310 3846 1353 τῶν

2292 1389 2648 1451 πνευματικῶν
2702 1380 2859 1452 ἀπρὶξ
2911 1382 3271 1456 ἀντεχόμενοςι
3330 1391 3395 1438 Τί
3437 1386 3558 1457 γούν
3609 1406 3622 1455 ;
3671 1392 3733 1449 ὡς
3781 1387 3847 1442 δε-

2293 1466 2433 1534 ξιῶς,
2472 1472 2828 1542 ῶςνουνεχῶς,
2859 1475 2927 1532 ὡς
2972 1473 3293 1534 εύεπηϐόλως
3344 1477 3411 1527 τὰ
3457 1474 3849 1549 ἐγκεχειρισμένα

2293 1551 2602 1629 διῳκονόμει
2648 1559 2659 1613 i
2716 1564 2816 1612 Καὶ
2870 1564 2999 1634 πρὸς
3035 1565 3127 1633 μεν
3162 1562 3404 1615 ἁπάντων
3443 1564 3601 1617 ἄλλων
3648 1567 3845 1641 περιελαο

2289 1643 2422 1696 λεῖτο
2452 1652 2540 1698 καὶ
2584 1646 2925 1718 ἐθαυμάζετο,
2966 1655 3094 1723 πρὸς
3140 1648 3201 1703 δε
3238 1660 3331 1704 τοῦ
3360 1661 3667 1728 κρατοῦντος
3711 1656 3846 1708 αὐτοῦ

538 1740 634 1789 cto
657 1734 1085 1795 honorabatur,
1114 1735 1250 1803 post
1270 1746 1455 1802 quem
1494 1734 1620 1786 erat
1666 1730 2008 1785 immediate
2064 1731 2170 1803 pri-

2289 1736 2353 1784 τὰ
2373 1737 2550 1807 πρῶτά
2579 1755 2632 1787 τε
2681 1736 2914 1809 ἐτιμᾶτο,
2954 1744 3044 1791 καὶ
3091 1738 3202 1811 μετ’
3258 1741 3416 1793 αὐτόν
3460 1739 3520 1800 ἦν
3565 1744 3722 1809 εύθύς,
3771 1749 3844 1796 καὶ

536 1841 672 1878 mus
698 1839 770 1878 ac
800 1822 959 1877 velut
990 1820 1221 1889 collega
1255 1819 1578 1887 dignitatis.
1623 1824 1812 1890 Atque
1844 1820 1984 1875 hinc
2025 1820 2179 1875 ordi-

534 1928 673 1967 mur
701 1912 933 1981 majora
969 1910 1184 1969 dicere.
1236 1908 1565 1963 exantlatos
1605 1924 1824 1979 nempe
1881 1909 1942 1964 in
1993 1926 2178 1966 causa

538 2000 638 2055 Dei
664 2000 903 2055 labores
930 2013 1189 2070 quisque
1214 2012 1325 2068 pro
1363 1997 1608 2053 veritate
1656 1998 1933 2055 sustinuit
1990 2004 2176 2056 certa-

530 2089 698 2145 mina
721 2087 1117 2144 admiratione
1140 2102 1329 2157 quam
1358 2086 1626 2142 maxima
1652 2085 1861 2156 digna.

601 2182 691 2235 20.
717 2177 832 2234 Sed
855 2176 1101 2249 quando
1129 2176 1248 2232 huc
1275 2176 1513 2232 devenit
1539 2177 1749 2243 oratio,
1780 2178 2043 2246 agedum
2071 2195 2175 2235 no-

533 2272 686 2324 stras
712 2267 1111 2322 lamentemur
1129 2264 1591 2333 calamitates,et
1616 2265 1950 2322 humanam
1970 2267 2174 2338 lugen-

532 2362 618 2414 tes
631 2355 1096 2413 imbecillitatem
1106 2398 1119 2421 ,
1134 2354 1426 2411 faciamus
1438 2354 1763 2426 spectabile
1779 2356 2173 2414 inveteratum

532 2446 819 2503 adversus
848 2459 961 2500 nos
988 2444 1196 2500 odium
1226 2443 1489 2499 auctoris
1510 2443 1831 2513 malorum,
1874 2451 2054 2518 atque
2098 2448 2174 2503 de

528 2536 600 2591 iis
624 2551 759 2607 quae
798 2533 877 2589 ab
905 2533 1038 2604 ipso
1068 2533 1230 2604 passi
1258 2548 1467 2587 sumus
1512 2537 1571 2588 et
1624 2534 1903 2604 patimur,
1964 2541 2027 2591 ut
2063 2551 2175 2607 par

528 2631 634 2691 est,
664 2637 1128 2695 conqueramur.
1163 2623 1312 2677 Bene
1342 2626 1587 2676 eatenus
1629 2622 1936 2678 habebant
1962 2640 2024 2679 se
2061 2640 2171 2680 no-

529 2718 670 2777 stra,
702 2717 761 2767 et
778 2727 873 2766 res
899 2710 1231 2767 Christiana
1258 2708 1530 2779 ﬂorebat,
1572 2710 1927 2780 praevalente
1950 2712 2171 2784 ubique

532 2801 871 2860 orthodoxa
898 2800 1041 2868 ﬁde,
1070 2798 1396 2870 omniaque
1424 2798 1988 2871 universimoptimo
2002 2809 2174 2859 erant

526 2892 588 2947 in
619 2895 776 2947 statu
802 2888 955 2945 adeo
986 2892 1051 2943 ut
1078 2886 1330 2943 celestis
1352 2886 1658 2958 quaedam,
1688 2893 1752 2943 ut
1784 2892 1867 2945 sic
1894 2890 2167 2959 dixerim,

528 2981 688 3050 regio
718 2979 1016 3034 videretur
1042 2992 1175 3033 esse
1214 2976 1377 3032 orbis
1423 2983 1736 3047 terrarum,
1794 2993 1942 3050 quia
1990 2980 2171 3037 rebus

528 3069 745 3126 nostris
775 3082 1038 3140 praesens
1069 3066 1278 3121 aderat
1302 3068 1476 3131 Deus,
1511 3081 1695 3137 seque
1721 3066 2010 3125 adversus
2030 3086 2169 3127 con-
2198 3096 2241 3155 ο

527 3160 707 3217 traria
727 3158 901 3214 nobis
933 3155 1242 3229 prmbebat
1260 3160 1618 3211 curatorem.
1644 3156 1862 3213 Verum
1891 3160 2169 3230 malignis

528 3266 598 3306 ac
636 3246 1068 3305 fascinantibus
1096 3244 1285 3301 oculis
1309 3245 1540 3315 aspexit
1574 3261 1705 3316 nos,
1746 3248 1853 3319 qui
1884 3249 2016 3318 jam
2054 3252 2168 3321 pri-

526 3339 665 3395 dem
706 3337 880 3394 nobis
917 3336 1128 3392 invidit
1168 3336 1368 3395 Satan.
1410 3340 1589 3405 atque
1627 3341 1714 3402 (ut
1773 3338 2023 3406 gentiles
2077 3340 2165 3396 lo-

526 3428 816 3499 quuntur)
842 3424 1010 3493 gravi
1047 3422 1463 3494 Saturnalique
1493 3429 1743 3495 aspectu
1773 3440 1884 3481 nos
1920 3427 2167 3484 intuitus

526 3520 633 3571 est.
665 3513 915 3570 Modum
952 3513 1129 3582 igitur
1160 3526 1297 3567 acer
1320 3511 1415 3566 ille
1445 3516 1624 3582 atque
1670 3513 1749 3568 ad
1791 3515 2166 3573 malefacien-

526 3604 672 3659 dum
694 3601 1023 3658 industrius
1051 3599 1379 3668 adinvenit,
1407 3615 1531 3671 quo
1558 3617 1681 3657 non
1705 3602 1901 3658 solum
1926 3606 2166 3676 repelle-

524 3707 722 3748 remur
752 3707 787 3745 a
819 3688 1247 3759 gubernatione
1298 3694 1355 3744 et
1406 3678 1736 3746 visitatione
1786 3692 2010 3759 divina,
2058 3696 2164 3751 sed

522 3782 724 3853 ipsum
758 3781 942 3834 Deum
978 3777 1155 3833 nobis
1191 3776 1563 3833 efﬁceremus
1607 3778 1941 3850 inimicum,
1989 3788 2046 3838 et
2087 3784 2167 3840 ad

524 3885 826 3927 summam
868 3872 1079 3925 contra
1114 3883 1226 3923 nos
1264 3867 1638 3923 iracundiam
1695 3860 2156 3929 concitaremus.

523 3959 819 4026 Quoniam
850 3962 1051 4013 autem
1072 3956 1427 4028 plerumque
1452 3958 1763 4013 consuevit
1786 3957 2075 4031 impetum
2104 3963 2166 4018 in

521 4049 798 4106 homines
831 4062 955 4103 non
982 4045 1177 4102 facere
1196 4045 1309 4101 nisi
1326 4060 1432 4117 per
1455 4045 1743 4115 medium,
1771 4051 2031 4119 quemad
2043 4067 2165 4107 mo-

520 4140 667 4194 dum
696 4138 842 4194 olim
870 4137 932 4191 in
983 4135 1387 4207 protoplastos
1416 4150 1521 4205 per
1560 4141 1916 4207 serpentem,
1958 4156 2165 4196 rursus

521 4225 847 4298 quemdam
889 4224 1003 4279 sibi
1040 4224 1263 4279 invenit
1302 4239 1558 4294 pravum
1596 4226 1889 4295 moribus,
1932 4230 2163 4286 varium

521 4317 742 4381 mente,
773 4312 1057 4367 refertum
1082 4311 1484 4383 improbitate,
1504 4313 1969 4382 conglomeratis
2010 4317 2166 4373 frau-

521 4399 798 4456 dulentiis
828 4399 1235 4469 contortisque
1264 4400 1325 4454 in
1352 4399 1562 4457 orbem
1591 4402 1907 4456 commotis
1927 4419 2163 4474 serpen-

522 4495 661 4553 tem,
695 4486 1020 4543 iracundiae
1046 4502 1186 4541 vero
1215 4487 1445 4557 impetu
1485 4493 1541 4542 et
1569 4488 1925 4544 intolerandi
1951 4490 2165 4550 furoris

519 4575 899 4632 vehementia
926 4572 1173 4635 bellum.
1205 4590 1275 4629 ac
1310 4590 1577 4645 congrua
1614 4576 1706 4631 sui
1744 4580 2007 4635 nominis
2055 4598 2163 4654 ap-

519 4665 839 4739 pellatione
866 4664 1124 4731 leonem,
1157 4666 1436 4727 Leonem,
1490 4664 1761 4737 inquam,
1821 4683 1894 4724 ex
1946 4670 2161 4727 lsauris

520 4760 879 4828 apostatam,
902 4752 1007 4826 qui
1028 4752 1292 4824 primum
1308 4753 1555 4809 domino
1568 4770 1682 4810 suo
1696 4759 2160 4831 imperatorique

520 4851 822 4917 acceptus,
846 4842 1173 4917 potentiam
1194 4842 1245 4914 ej
1255 4860 1324 4898 us
1338 4848 1520 4915 atque
1536 4842 1856 4915 imperium
1877 4847 2160 4919 supplan-

518 4937 681 5003 tavit,
701 4951 823 4992 non
853 4949 1145 5004 generosa
1166 4934 1432 5006 quadam
1472 4934 1815 4991 strenuitate
1863 4953 2008 4993 usus
2061 4950 2159 5005 (ne

518 5024 655 5096 quis
681 5024 798 5080 hoc
827 5026 1036 5096 putet),
1080 5023 1186 5079 sed
1222 5022 1375 5079 dolis
1409 5027 1468 5079 et
1520 5023 1836 5080 fraudibus
1863 5042 1876 5080 :
1899 5026 2160 5084 vafrities

519 5111 818 5185 siquidem
847 5112 1013 5168 haud
1040 5128 1176 5168 raro
1213 5113 1447 5184 peragit
1487 5127 1714 5183 magna
1758 5114 2064 5185 quaedam,
2103 5123 2162 5174 et

588 5311 694 5378 (10)
725 5306 1092 5380 Theobosius
1116 5306 1583 5380 Adramyttenus
1610 5309 1707 5365 hic
1749 5316 1902 5366 esset
1951 5312 2160 5369 intelli-

515 5380 771 5450 gendus,
804 5378 1261 5451 quiAnastasio
1289 5378 1562 5451 deposito
1601 5380 1884 5438 suffectus
1923 5399 2021 5438 an.
2057 5389 2159 5441 715

513 5448 695 5529 Leoni
719 5448 895 5529 cessit
920 5448 1251 5529 imperium
1266 5465 1279 5504 :
1321 5448 1527 5529 verum
1566 5467 1686 5529 non
1726 5468 1768 5529 a_
1799 5454 2155 5523 Theodosio,

514 5523 619 5579 sed
640 5523 721 5577 ab
751 5520 1071 5591 Anastasio
1098 5520 1515 5591 praefecturam
1555 5524 1804 5581 Orientis
1845 5520 2159 5582 assecutus

511 5600 639 5652 erat
666 5595 820 5663 Leo;
851 5590 1254 5650 Theodosium
1277 5607 1421 5663 vero
1436 5609 1753 5668 nunquam
1783 5598 2030 5670 agnovit
2048 5598 2160 5655 im.

2289 1824 2554 1896 σύναρχος
2577 1823 2887 1897 ἐνενόμιστο.
2932 1827 3069 1879 Ἐνὸν
3123 1826 3244 1881 ἰδού
3285 1829 3450 1901 λέγειν
3484 1835 3549 1883 τὰ
3591 1832 3741 1902 μείζω
3772 1838 3845 1884 καὶ

2284 1917 2584 1985 τιμιώτερα,
2623 1917 2688 1966 τὰ
2755 1918 2889 1967 κατὰ
2933 1920 3062 1971 Θεὸν
3118 1921 3304 1971 τούτου
3380 1920 3722 1993 παλαίσματα,
3769 1925 3844 1973 καὶ

2284 2001 2350 2051 τὰ
2374 2001 2501 2071 ὑπερ
2531 2009 2624 2063 τῆς
2655 2001 2900 2065 ἀληθείας
2927 2005 3225 2078 αξιάγαστα
3262 2007 3623 2081 ἀγωνίσματα.

2354 2178 2424 2236 κ’,
2465 2179 2600 2232 Ἀλλ’
2675 2180 2880 2257 ἐπείπερ
2948 2181 3133 2237 ἐνθαδὶ
3201 2193 3294 2238 τοῦ
3368 2186 3522 2258 λόγου
3576 2191 3842 2258 γεγένημαι,

2283 2266 2377 2335 οἶγε
2413 2263 2481 2325 δη
2513 2272 2579 2320 τὰ
2607 2271 2834 2343 ἡμέτερα
2884 2274 3131 2345 θρηνήσω
3182 2277 3349 2341 πάθη,
3410 2281 3499 2328 καὶ
3547 2280 3637 2334 τὴν
3681 2274 3845 2349 ἀνθρω-

2281 2360 2434 2413 πίνην
2484 2356 2748 2410 ἀσθένειαν
2817 2359 3255 2435 ἀποκλαύσωμαι,
3338 2370 3435 2423 τήν
3516 2384 3569 2418 τε
3650 2364 3842 2416 παλαιὰν

2282 2448 2412 2515 πρὸς
2464 2448 2600 2517 ἡμᾶς
2655 2456 2748 2500 τού
2804 2448 3105 2522 ἀρχεκάκων
3163 2453 3500 2525 θριαμϐεύσω
3548 2451 3839 2527 δυσμένειαν,

2282 2538 2371 2584 καὶ
2410 2537 2476 2594 ὡς
2510 2536 2647 2598 εἰκός
2698 2535 3047 2613 ἀποδύρωμαι
3096 2543 3221 2616 ύπερ
3279 2544 3350 2594 ὧν
3416 2547 3545 2616 πρὸς
3588 2544 3735 2595 αὐτοῦ
3774 2560 3840 2593 πε-

2280 2623 2537 2695 πόνθαμεν
2582 2644 2635 2677 τε
2690 2632 2780 2678 καὶ
2844 2630 3142 2701 πάσχομεν.
3206 2628 3338 2702 Εἶχε
3531 2636 3651 2691 τέως
3698 2627 3745 2683 εὖ
3788 2631 3841 2681 τά

2280 2711 2523 2784 ἡμέτερα,
2568 2719 2657 2766 καὶ
2711 2718 2777 2767 τὰ
2824 2725 2923 2768 τῶν
2952 2726 3282 2790 Χριστιανῶν
3314 2722 3456 2778 ἤνθει
3491 2742 3506 2753 ·
3536 2723 3599 2772 τὰ
3630 2722 3723 2791 ’γὰρ
3764 2728 3838 2777 τῆς

2279 2797 2583 2871 ορθοδοξίας
2624 2802 2846 2869 ἐκράτει,
2905 2811 2996 2859 καὶ
3040 2811 3098 2859 τό
3136 2814 3235 2860 πᾶν
3293 2809 3468 2871 ἁπλῶς
3529 2809 3690 2870 καλῶς
3722 2805 3836 2879 εἶχε,

2278 2894 2367 2943 καὶ
2396 2897 2626 2962 κοσμίως
2655 2895 2724 2953 ὡς
2758 2891 2961 2957 ἀληθῶς
3009 2895 3243 2963 ἔσταλτο,
3274 2904 3369 2951 καὶ
3416 2900 3480 2950 ἶν’
3531 2899 3659 2951 οὕτω
3685 2902 3833 2969 φαίην,

2278 2978 2513 3047 οὐράνιός
2539 3000 2618 3042 τις
2672 2990 2845 3056 χῶρος
2894 2988 3048 3046 τόπος
3080 2982 3141 3043 ἦν
3188 2987 3214 3038 6
3269 2992 3549 3059 περίγειος,
3598 2991 3681 3039 καὶ
3731 2988 3834 3043 Θεὸς

2277 3076 2387 3129 τοῖς
2440 3070 2706 3142 ἡμετέροις
2757 3070 3099 3145 ἓπεχωρίαξε,
3157 3080 3247 3127 καὶ
3293 3085 3397 3129 τῶν
3445 3077 3560 3129 καθ’
3623 3078 3744 3147 ἡμᾶς
3779 3076 3837 3132 ὡς

2278 3156 2431 3208 εἰπεῖν
2498 3155 2845 3230 ἐπετρόπευεν.
2910 3160 3044 3213 Ἀλλ’
3105 3160 3278 3216 ἐπεῖδε
3333 3164 3596 3236 βάσκανον
3623 3165 3649 3217 6
3674 3163 3835 3215 ἄνωθεν

2276 3250 2365 3296 καὶ
2424 3245 2477 3307 ἐξ
2529 3247 2703 3318 ἀρχῆς
2748 3250 3000 3323 φθονερῶς
3051 3252 3176 3322 ημῖν
3244 3251 3634 3326 ἐποφθαλμίζων
3680 3251 3834 3314 σατάν,

2276 3336 2442 3404 καὶ(ὅ
2481 3354 2637 3406 φασιν
2691 3338 2740 3389 οἱ
2777 3336 2947 3407 ἐκτὸς)
2996 3337 3307 3411 τελχινῶδες
3359 3349 3449 3395 καὶ
3503 3346 3692 3416 χρόνιον
3744 3338 3837 3394 ἐνη-

2275 3426 2441 3475 τένισε
2485 3440 2497 3452 °
2557 3430 2743 3498 τρόπον
2804 3423 2893 3479 οὖν
2965 3426 3256 3502 ἀνευρίσκει
3304 3432 3510 3492 ὁποῑνος
3556 3434 3725 3488 ίκεῖνος
3759 3428 3837 3501 ῥᾳ·

2277 3506 2599 3584 διουρσγῆσαι
2630 3508 2820 3582 δεινός,
2851 3520 2940 3567 καὶ
2986 3520 3111 3590 πρὸς
3162 3520 3220 3568 τὸ
3268 3523 3431 3571 κακόν
3457 3518 3830 3589 πολυμήχανος·

2275 3598 2314 3667 ᾧ
2351 3618 2410 3670 γε
2458 3600 2564 3670 οὐχ
2589 3602 2727 3662 ὅπως
2775 3600 2835 3653 ἂν
2882 3608 3413 3679 κατοστρακισθῶμεν
3452 3615 3545 3665 τῆν
3582 3608 3711 3664 θείας
3747 3602 3835 3654 ἀπι-

2278 3698 2479 3750 σκοπῆς
2534 3709 2587 3743 τε
2639 3698 2729 3744 καὶ
2802 3692 3177 3768 κυϐερνήσεως,
3261 3695 3371 3748 ἀλλ’
3444 3697 3833 3769 ὶκπολιμήσωμεν

2273 3783 2362 3830 καὶ
2393 3783 2541 3848 Θεὸν,
2567 3785 2657 3832 καὶ
2682 3783 2747 3833 τά
2775 3784 2984 3854 ἔσχατα
3027 3786 3146 3837 καθ’
3192 3786 3339 3856 ημῶν
3393 3786 3696 3859 ὀργισθῆναι
3745 3778 3833 3834 διε·

2272 3868 2581 3939 ρεθίσωμεν.
2627 3869 2766 3923 Ἐπεὶ
2826 3867 2877 3923 δ’
2933 3875 3003 3934 ὡς
3048 3876 3115 3925 τὰ
3162 3873 3328 3926 πολλὰ
3358 3872 3450 3927 διὰ
3494 3880 3651 3947 μέσον
3692 3887 3830 3945 «pod-

2274 3955 2471 4008 ϐάλλειν
2528 3960 2652 4030 ημῖν
2704 3961 2876 4011 εῖωθεν
2942 3963 3034 4032 (ὡς
3085 3967 3176 4014 καὶ
3224 3962 3307 4016 ἐπὶ
3369 3966 3505 4016 κατὰ
3557 3958 3827 4035 πρυτοπλά-

2275 4063 2408 4098 στων
2449 4046 2609 4098 πάλαι
2661 4043 2697 4098 δ
2702 4051 2772 4106 ια,
2803 4057 2892 4101 τοῦ
2930 4051 3127 4122 ὄφεως),
3184 4054 3415 4123 εὑρίσκει
3452 4058 3540 4105 καὶ
3588 4052 3724 4109 αὖθις
3758 4051 3828 4098 τὸν

2274 4134 2480 4186 σκολιόν
2514 4139 2639 4197 τούς
2668 4142 2912 4210 τρόπους,
2964 4144 3049 4192 τὸν
3103 4140 3335 4194 ποικίλον
3394 4147 3488 4200 τὴν
3515 4147 3730 4213 γνώμηνν
3756 4140 3827 4189 τὸν

2270 4229 2523 4298 πονηρίας
2578 4224 2857 4294 ἀνάπλεων,
2920 4232 3005 4279 τόν
3056 4230 3296 4304 ἄντικρυς
3345 4235 3460 4303 ὄφιν
3500 4238 3602 4290 τοῖς
3665 4244 3828 4279 σκαιω·

2270 4318 2497 4386 ρήμασι,
2560 4318 2646 4365 τόν
2697 4322 3160 4389 συνεσπειραμένον
3207 4338 3263 4371 τε
3310 4327 3401 4372 καὶ
3447 4317 3827 4394 περιεστραμμέ-

2270 4421 2353 4454 νον
2406 4410 2516 4463 τοῑς
2569 4407 2883 4475 σκέμμασιν,
2944 4406 2974 4464 ἣ
3027 4407 3218 4479 μᾶλλον
3255 4412 3343 4461 τόν
3393 4408 3637 4483 ἀνήμερον
3689 4420 3828 4475 γερω-

2271 4494 2440 4562 νύμως
2498 4493 2650 4565 θῆρα,
2699 4495 2786 4544 τόν
2830 4493 3150 4569 αὐτόχρημα
3210 4496 3386 4549 λέοντα
3466 4500 3551 4549 τὸν
3613 4496 3826 4546 ἄστατον

2271 4584 2364 4637 τὴν
2404 4582 2582 4653 ὁρμὴν,
2630 4584 2715 4632 τόν
2769 4580 3079 4635 ἀνύποιστον
3118 4589 3213 4642 τὴν
3262 4586 3443 4659 ὀργὴν,
3496 4590 3580 4637 τὸν
3625 4586 3709 4639 τὴν
3754 4595 3827 4628 κη’

2268 4672 2385 4720 κίαν
2430 4666 2707 4743 ἀφόρητον.
2754 4676 2897 4723 Λέων
2948 4672 3098 4733 οὗτος
3154 4674 3180 4725 6
3234 4673 3286 4737 ἐξ
3338 4674 3603 4746 Ἰσαύρων,
3651 4672 3676 4721 6
3723 4664 3825 4718 ἁποο

2270 4759 2461 4818 στάτης
2518 4761 2583 4810 τὰ
2770 4770 2951 4832 πρῶτα
3014 4772 3104 4814 τού
3153 4759 3415 4816 δεσπότου
3469 4767 3556 4815 καὶ
3601 4754 3823 4832 βασιλέως

2264 4851 2526 4917 γενόμενος
2561 4847 2697 4920 (10),
2732 4854 2911 4902 καὶτὸ
2950 4853 3137 4924 κράτος
3184 4853 3344 4906 αὐτοῦ
3394 4858 3476 4905 κοὶ
3539 4856 3628 4908 τὴν
3675 4844 3823 4916 ἀρχὴν

2265 4933 2583 5006 ὑφελόμενος,
2630 4936 2724 4988 οὐκ
2771 4934 2964 5010 ἀνδρίᾳ
3013 4942 3103 5011 (μὴ
3150 4940 3350 4999 οἰηθείη
3399 4960 3474 5001 τις
3504 4941 3646 4991 τοῦτο
3681 4928 3817 4997 ποτε),

2264 5032 2532 5094 μηχαναῖς
2563 5021 2623 5076 δε
2668 5031 2758 5077 καὶ
2804 5023 2978 5090 δόλοις
3033 5030 3468 5103 ύποσπασάμενος
3521 5050 3533 5060 ·
3582 5025 3637 5077 οὗ
3681 5012 3820 5094 μικρά

2265 5115 2367 5185 ’γὰρ
2403 5113 2653 5176 πολλάκις
2697 5121 2787 5168 καὶ
2833 5125 3120 5190 πανοῦργος
3168 5122 3327 5178 ἤνυσε
3391 5124 3594 5192 τρόπος,
3640 5116 3720 5165 καί
3768 5106 3821 5156 τὰ

2267 5321 2629 5400 peratorem,
2645 5320 2749 5400 sed
2760 5338 2901 5400 mox
2916 5322 3242 5400 utelectum
3265 5325 3487 5381 audivit
3501 5323 3695 5400 contqu
3701 5323 3815 5400 61,131

2270 5384 2457 5469 icedus
2487 5405 2625 5469 cum
2647 5393 2979 5469 _Artabasso
3004 5397 3300 5453 Armeniae
3322 5400 3565 5469 prretore
3585 5384 3816 5469 iugi-,Fﬁ‘

2267 5464 2396 5539 ctus
2429 5460 3360 5539 autemimperatornongstatim,
3390 5471 3454 5522 ut
3472 5460 3730 5522 infradici
3748 5466 3812 5539 Ῡξζ

2265 5530 2462 5612 detur,
2494 5532 2600 5587 sed
2626 5527 2789 5612 anno
2817 5537 2984 5607 regni
3039 5538 3133 5612 sui
3162 5554 3325 5612 nono
3347 5527 3358 5539 ’
3377 5539 3628 5612 primum
3666 5527 3814 5596 coepit

2262 5603 2532 5660 insanire
2551 5610 2759 5663 contra
2778 5603 3019 5665 sanctas
3047 5609 3361 5683 imagines.
