4084 6206
0 10 579 209 η,

0 10 579 209 η,

269 303 376 360 837
803 253 824 264 Ι
1480 305 1552 362 IN
1592 303 1650 362 S.
1685 301 1880 361 JOAN.
1929 301 2422 363 DAMASCENUM.
3515 303 3622 365 838

267 430 498 498 μέγιστα
527 429 668 481 ἔστιν
699 430 778 482 ὅτε
805 425 926 489 ἦθος
956 427 1228 482 ἐπίκλοπον
1269 427 1534 496 ἐξετέλεσε,
1581 434 1669 482 καὶ
1700 427 1735 482 ἃ
1757 449 1867 500 γεν-

1986 429 2236 500 grandia
2260 433 2460 502 patrat
2486 429 2888 486 fraudulentia
2914 447 2928 496 ;
2959 445 3220 502 quasque
3263 443 3485 485 manus
3531 445 3625 488 ro-

223 555 240 566 .
267 521 392 568 ναία
422 521 546 570 ποτε
575 523 696 593 χεὶρ
731 522 824 570 σὺν
853 527 1037 591 μακρῷ
1066 527 1135 588 νῷ
1174 524 1309 590 πόνῳ
1349 519 1442 571 οῦκ
1481 523 1680 590 ἴσχυσε
1704 539 1870 593 παρα-

269 609 600 673 στήσασθαι,
635 607 689 658 ἐκ
719 616 810 659 τοῦ
837 609 1038 682 ῥᾴστου
1080 605 1231 668 δόλος
1269 609 1628 682 κατέστρεψεν.
1671 613 1872 661 Οὔκουν

270 691 342 752 δὴ
377 697 678 769 θαυμαστὸν
720 698 763 749 εἰ
797 703 884 750 καὶ
914 697 1063 759 οὗτος
1104 701 1236 749 κατά
1273 706 1364 750 τοῦ
1403 697 1645 760 εὐσεϐοῦς
1669 698 1872 772 μεμελε-

267 791 448 846 τηκὼς
485 786 864 859 αὐτοκράτορος
903 791 992 837 καὶ
1040 787 1391 838 ἐπαναστάσει
1440 787 1870 860 ἐπικεχειρηκὼς,

267 875 423 944 τάχα
444 893 504 944 γε
534 883 627 935 τῆς
658 873 974 944 ἀγαθότητος
1000 876 1160 926 αὐτοῦ
1200 879 1734 949 καταστοχασάμενος
1774 877 1834 948 (δ
1839 880 1872 930 ι’

269 962 338 1019 ἣν
375 968 466 1015 καὶ
503 967 630 1038 πρὸς
667 968 761 1021 τὴν
801 962 1074 1036 βασιλείαν
1126 967 1356 1039 ἐνεκρίθη
1399 967 1424 1016 6
1481 966 1630 1017 πάντ’
1685 965 1872 1029 ἐκεῖνος

267 1050 434 1113 καλὸς
461 1049 769 1121 Θεοδόσιος)
813 1061 904 1105 τοῦ
951 1055 1087 1106 κατά
1135 1052 1390 1125 βούλησιν
1429 1055 1523 1105 οὐκ
1563 1052 1821 1126 ἀπέτυχεν
1854 1078 1868 1090 -

267 1140 378 1192 εἰσὶ
407 1144 511 1214 γὰρ
543 1143 592 1192 οἱ
621 1159 776 1212 φασιν
805 1145 874 1203 ὡς
910 1161 1001 1194 και
1037 1141 1093 1193 ix
1119 1148 1361 1214 μαντείας
1399 1148 1488 1194 καὶ
1526 1142 1871 1218 ἀποῤῥητοτί-

270 1249 376 1301 ρων
406 1235 648 1301 μυήσεων
677 1235 766 1282 καὶ
795 1230 1003 1282 τελετῶν
1031 1230 1269 1303 ἀθέσμων
1299 1230 1354 1282 ἐκ
1393 1232 1582 1284 πολλοῦ
1605 1237 1731 1306 πρὸς
1755 1253 1871 1286 τουο

269 1321 356 1370 τοί
385 1315 715 1392 διηρεθιστο.
749 1318 888 1377 Πλὴν
917 1318 1024 1371 ἀλλ’
1055 1321 1080 1370 6
1238 1329 1338 1372 τῶν
1370 1327 1648 1394 σκήπτρων
1688 1321 1869 1395 ἀφέμε-

267 1426 375 1473 νος,
406 1412 498 1458 καὶ
528 1407 884 1481 ὑποχωρήσας
926 1416 1024 1459 τῶν
1069 1406 1346 1479 βασιλείων
1395 1409 1487 1480 (ὡς
1535 1415 1606 1482 μὴ
1656 1411 1868 1484 ὤφελον)

268 1503 381 1556 τοῖς
413 1504 508 1555 τῆς
546 1494 860 1557 Ἐκκλησίας
912 1501 1072 1570 φέρων
1115 1496 1297 1548 ἑαυτὸν
1347 1497 1664 1568 ἐγκατελεξεν
1699 1519 1712 1532 ·
1763 1502 1790 1551 6
1817 1499 1868 1553 δ’

267 1584 382 1637 ἐπεὶ
431 1591 524 1636 τοῦ
566 1587 791 1658 κράτους
835 1584 1161 1655 ἐπείληπται,
1210 1589 1343 1638 κατά
1389 1595 1487 1638 τῶν
1534 1590 1698 1655 θείων,
1731 1590 1861 1662 qm}!

269 1674 479 1726 εἰκόνων
507 1673 802 1739 λελύττηκε,
835 1678 1022 1726 ταυτὸν
1055 1671 1105 1726 δ’
1137 1675 1294 1728 εἰπεῖν
1321 1681 1414 1728 καὶ
1443 1676 1558 1728 κατ’
1589 1678 1746 1730 αὐτοῦ
1777 1687 1866 1730 τοῦ

265 1767 421 1832 Θεοῦ,
451 1763 545 1815 οὐκ
574 1762 927 1835 ἀνασχόμενος
956 1769 1025 1835 μὴ
1055 1767 1121 1816 τά
1158 1766 1503 1837 ὑπεσχημένα
1535 1774 1641 1827 τοῖς
1686 1769 1867 1839 μάντει·
1896 1777 1938 1833 Β

267 1871 354 1904 σιν
380 1851 658 1921 ἐκπλῆσαι,
690 1857 781 1904 καὶ
817 1856 877 1904 τό
918 1857 1074 1926 χρέος
1119 1859 1300 1926 σφίσιν
1341 1853 1592 1907 ἀποτίσαι
1629 1865 1722 1916 τῆς
1767 1865 1865 1909 τῶν

267 1939 746 2015 προφοιϐασμάτων
775 1940 1004 1994 ὲκϐάσεω
1012 1963 1052 2003 ς.
1206 1934 1216 1944 ⁸

339 2118 441 2172 κα’.
502 2119 721 2193 Ἐγείρει
777 2123 948 2171 τοίνυν
1003 2123 1164 2191 μέγαν
1233 2123 1368 2172 κατά
1432 2129 1566 2174 Θεοῦ
1627 2122 1866 2196 πόλεμον,

268 2207 612 2284 ἀχρειοῦνται
650 2210 716 2260 τὰ
753 2212 932 2280 τεμένη
983 2213 1072 2259 καὶ
1120 2213 1242 2270 τοὺς
1279 2215 1398 2270 νεὼς
1437 2207 1471 2262 δ
1478 2215 1766 2284 ιεγείρεται,
1804 2214 1870 2264 τά

267 2318 326 2350 τε
365 2301 480 2351 θεῖα
514 2302 606 2350 καὶ
642 2303 796 2370 τίμια
841 2297 1185 2370 ἑκτυπώματα
1231 2296 1265 2352 δ
1271 2301 1453 2362 ιαξέειν
1509 2320 1562 2353 τε
1611 2307 1701 2353 καὶ
1740 2301 1870 2354 ἀπα-

270 2387 460 2460 λείφειν
497 2387 788 2460 ἐπαίρεται,
826 2393 916 2438 καὶ
973 2386 1146 2452 ἀπλώς
1199 2386 1423 2461 ἀμορφοῐ
1460 2390 1489 2447 ἡ
1545 2390 1733 2462 μᾶλλον
1771 2412 1870 2444 κα-

271 2481 556 2550 ταστρέφει
593 2481 688 2534 τὴν
729 2475 1041 2533 Ἐκκλησίαν
1081 2484 1236 2542 Θεοῦ,
1299 2477 1358 2534 ἢν
1414 2478 1570 2540 αὐτὸς
1628 2482 1871 2556 ἓνανθρω-

271 2573 454 2626 πήσας
490 2565 813 2637 ἐθεμελίωσε,
855 2571 942 2618 καὶ
983 2567 1311 2619 θεόπνευστοι
1362 2571 1549 2620 τούτου
1590 2577 1873 2642 περιεστοί-

273 2675 441 2726 χισαν
477 2659 718 2727 κήρυκες,
761 2657 1014 2729 μάρτυρές
1052 2674 1106 2707 τε
1165 2657 1291 2708 θεῖοι
1337 2665 1446 2718 τοῖς
1485 2659 1675 2730 αἵμασι
1713 2665 1872 2731 φοινί-

273 2745 446 2807 ξαντες
483 2743 866 2815 κατηγλάίσαν,
897 2750 984 2796 καὶ
1019 2745 1253 2818 θεοφόροι
1283 2751 1506 2818 Πατέρες
1542 2751 1672 2821 πρὸς
1709 2748 1874 2822 ἀσφά-

270 2833 413 2887 λειαν
451 2829 488 2885 δ
493 2838 798 2905 ιωρόφωσαν
823 2834 902 2902 (τί
939 2832 1104 2885 πολλὰ
1129 2832 1292 2904 λέγειν
1317 2834 1362 2905 ;)
1392 2834 1452 2892 ἣν
1481 2835 1640 2898 αὐτὸς
1676 2839 1702 2888 6
1743 2843 1874 2900 Θεὸς

269 2929 364 2975 καὶ
423 2926 605 2996 Πατὴρ
651 2921 1036 2997 παλαμηφορεί,
1093 2931 1167 2992 τῷ
1217 2932 1311 2974 τοῦ
1369 2926 1493 2976 Υἰοῦ
1551 2931 1639 2978 καὶ
1699 2932 1872 2998 Λόγου

272 3012 664 3084 ἐξωνησάμενος
717 3014 916 3082 αἵματι,
965 3016 1025 3063 τό
1073 3030 1128 3063 τε
1184 3013 1316 3064 θεῖον
1375 3019 1583 3086 Πνεῦμα
1639 3020 1872 3088 συνέχει,

272 3108 488 3172 Πνεῦμα
522 3103 582 3151 τὸ
623 3104 828 3174 Πατρός
865 3104 948 3152 καὶ
993 3104 1164 3170 Λόγου
1204 3110 1526 3173 μονογενοῦς,
1569 3110 1780 3176 Πνεῦμα
1814 3109 1873 3157 τὸ
1905 3127 1945 3182 C

273 3191 330 3241 ἐκ
371 3192 574 3262 Πατρός
611 3187 845 3262 αῤῥὴτως
883 3188 1300 3262 ἐκπορευόμενον,
1332 3193 1401 3251 ὡς
1437 3193 1564 3265 ὑπερ
1605 3191 1755 3264 λόγον
1784 3200 1874 3246 καὶ

274 3281 302 3330 6
338 3284 512 3349 Λόγος
547 3285 640 3329 τοῦ
679 3278 840 3329 αὐτοῦ
877 3285 1116 3348 γεννᾶται
1155 3284 1375 3352 Πατρός.
1438 3283 1582 3332 Κατά
1635 3286 1876 3344 τοιαύτης

273 3365 615 3428 Ἐκκλησίας,
656 3368 696 3416 ὦ
732 3365 920 3436 τόλμης
975 3365 1271 3439 παραϐόλου
1314 3367 1325 3420 Ξ
1385 3369 1425 3418 ὡ
1484 3371 1705 3443 θράσους
1759 3370 1876 3423 ἀλο-

275 3455 508 3526 γίστουέ
552 3457 711 3526 όμὸσε
749 3457 774 3506 6
815 3454 1079 3529 ἀλιτήριος
1118 3455 1306 3518 ἐκεῖνος
1360 3465 1650 3531 κεχώρηκε,
1695 3463 1876 3511 τοσού-

277 3563 372 3595 του
427 3543 778 3616 κατετόλμηκε
831 3547 1136 3618 πράγματος
1187 3566 1199 3578 ·
1261 3545 1408 3610 ἀλλά,
1467 3556 1557 3618 φεῦ
1614 3551 1878 3622 χριμάτων

279 3632 454 3686 euri!
500 3641 570 3695 εἰς
625 3637 786 3707 πέρας
839 3638 897 3684 τό
953 3638 1080 3707 πρὸς
1131 3633 1385 3705 βούλησιν
1443 3641 1630 3707 ἤγαγε,
1679 3643 1768 3689 καὶ
1820 3642 1877 3691 τὸ

276 3726 416 3774 κατὰ
457 3725 617 3794 θυμὸν
657 3721 923 3784 ἐξετέλεσε.
964 3729 1208 3774 Τοιοῦτόν
1245 3743 1295 3775 τι
1333 3730 1424 3776 καὶ
1459 3728 1561 3797 γὰρ
1601 3729 1659 3777 τὸ
1700 3729 1879 3798 ἡμέτε-

275 3832 388 3888 ρον,
431 3811 621 3884 ἀνέμου
659 3808 862 3879 πεδίον,
902 3813 928 3862 6
967 3831 1144 3879 φασιν,
1184 3814 1214 3871 ἦ
1271 3813 1503 3883 κάλαμος
1547 3818 1679 3889 πρὸς
1717 3812 1879 3890 αὔραν

278 3906 617 3976 στρεφόμενος
681 3907 770 3953 καὶ
843 3906 1336 3973 μεταστρεφόμενος,
1403 3902 1555 3974 λύγος
1619 3923 1674 3956 τε
1747 3906 1880 3976 ἄγαν

274 3991 457 4050 λεπτός
496 3995 585 4042 καὶ
623 3989 954 4064 ἀκρόρριζος,
994 3994 1121 4064 πρὸς
1159 3993 1300 4051 ὅστις
1339 3991 1398 4042 ἃν
1429 3997 1517 4044 καὶ
1555 3996 1716 4064 τύχοι
1757 3992 1880 4066 βια-

278 4083 514 4152 ζόμενος,
557 4079 806 4151 ἀγόμενός
842 4099 897 4131 τε
935 4085 1024 4132 καὶ
1063 4086 1427 4153 μεταγόμενος.
1489 4085 1564 4135 Οὐ
1603 4092 1880 4156 κατηγορῶ

276 4173 506 4232 πάντων,
564 4178 664 4220 τῶν
728 4169 970 4220 πλειόνων
1049 4166 1108 4221 δὲ
1184 4176 1539 4245 καταφέρομαι
1599 4177 1882 4245 συνήγορος

281 4258 582 4333 ἐπικαίρως,
636 4263 725 4309 καὶ
781 4265 873 4309 τοῦ
930 4266 1029 4308 τῶν
1100 4259 1420 4333 παλαιτέρων
1471 4261 1884 4334 προσλαμϐάνων

284 4346 617 4419 ἀπόφθεγμα.
659 4343 813 4399 Εἶδον
851 4350 971 4420 γὰρ,
1015 4344 1172 4418 εἶδον,
1215 4351 1280 4408 ὡς
1317 4354 1388 4420 μὴ
1431 4350 1639 4422 ὤφελον,
1667 4359 1886 4402 τοιαῦτα

1981 517 2162 574 busta
2185 518 2469 574 diuturno
2498 517 2704 574 labore
2729 533 2852 573 non
2872 517 3059 573 valuit
3081 518 3386 587 edomare,
3425 512 3627 591 quan-

1981 607 2182 678 doque
2211 607 2485 663 facillime
2516 613 2819 680 expugnat
2852 607 3085 663 astutia.
3133 609 3260 663 Non
3305 608 3486 678 igitur
3513 609 3626 664 mi-

1980 713 2136 764 rum,
2161 696 2206 750 si
2239 696 2418 752 etiam
2447 696 2596 768 ipse,
2639 693 3055 767 contra'pium
3098 697 3390 752 Caesarem
3437 697 3626 769 impia

1981 785 2301 841 meditatus
2334 800 2587 857 eumque
2628 784 2974 840 rebellando
3004 800 3344 855 aggressus,
3375 801 3446 842 ac
3474 785 3624 842 forte

1979 875 2112 946 ipsa
2141 874 2241 929 illa
2269 874 2398 944 ejus
2427 873 2693 928 bonitate
2726 873 3008 938 confisus,
3041 879 3285 944 propter
3331 889 3512 945 quam
3543 874 3624 930 ad

1979 963 2300 1035 imperium
2337 967 2577 1018 evectus
2605 962 2818 1028 fuerat,
2853 977 2975 1018 non
3008 966 3098 1018 est
3141 961 3456 1019 frustratus
3495 978 3622 1018 suae

1978 1052 2300 1108 voluntatis
2319 1051 2645 1123 proposito.
2672 1053 2820 1108 Sunt
2843 1055 3044 1107 autem
3064 1051 3168 1123 qui
3193 1050 3399 1107 dicant
3429 1051 3625 1108 occul-

1979 1142 2230 1198 tioribus
2253 1141 2566 1211 sortilegiis
2585 1141 3174 1212 divinationibusque
3200 1141 3622 1212 superstitiosis

1978 1247 2048 1287 ac
2079 1230 2318 1286 nefariis
2345 1229 2662 1302 praestigiis
2681 1230 2811 1300 jam
2830 1230 3064 1302 pridem
3085 1229 3165 1285 ad
3189 1229 3305 1286 hoc
3328 1230 3510 1285 fuisse
3537 1230 3623 1286 in-

1977 1320 2254 1375 vitatum.
2293 1322 2357 1374 Et
2385 1318 2479 1374 ille
2507 1318 2776 1390 quidem,
2815 1317 3139 1390 praeclarus
3179 1319 3400 1375 scilicet
3429 1319 3620 1376 Theo-

1976 1407 2493 1476 dosius,abdicato
2513 1412 2747 1478 sceptro
2767 1407 3086 1478 imperium
3107 1407 3411 1463 dimittens
3431 1407 3622 1480 (quod

1976 1498 2207 1554 utinam
2237 1511 2359 1551 non
2385 1495 2791 1565 contigisset!)
2821 1495 3231 1552 ecclesiasticis
3280 1496 3620 1552 ministeriis

1977 1585 2367 1657 semetipsum
2397 1583 2722 1651 dedicavit;
2753 1586 2866 1639 Leo
2888 1599 3029 1640 vero
3049 1589 3375 1656 postquam
3395 1585 3624 1656 accepit

1974 1689 2251 1744 regnum,
2281 1673 2496 1738 furere,
2531 1673 2716 1728 eheul
2750 1671 3042 1728 adversus
3086 1688 3293 1728 sacras
3322 1672 3622 1744 imagines

1975 1763 2173 1835 coepit,
2189 1763 2307 1818 sive
2335 1761 2502 1834 quod
2523 1761 2737 1817 eodem
2757 1760 2984 1826 recidit,
3007 1760 3298 1818 adversus
3323 1763 3532 1828 Deum,
3547 1763 3623 1818 ne

1976 1867 2098 1908 non
2116 1849 2538 1922 adimplevisse
2568 1850 2863 1905 diceretur
2889 1850 3055 1922 quod
3079 1850 3318 1906 vatibus
3343 1851 3468 1906 suis
3487 1866 3622 1923 pro-

1975 1942 2240 2002 miserat,
2253 1941 2358 1996 sed
2378 1939 2650 1996 debitum
2667 1938 2920 1994 ﬁdeliter
2944 1939 3295 2010 persolvisse
3317 1940 3487 2012 quod
3507 1939 3623 1996 sub

1975 2030 2314 2086 conditione
2344 2033 2592 2084 eventus
2623 2028 2958 2083 successuri
2977 2032 3372 2083 contraxerat.

2047 2125 2136 2175 2t.
2168 2121 2446 2189 Magnum
2465 2117 2645 2188 igitur
2675 2115 2903 2172 bellum
2933 2120 3141 2172 contra
3171 2117 3359 2172 Deum
3384 2117 3620 2183 excitat,

1976 2207 2207 2265 inutilia
2235 2206 2460 2261 faciens
2496 2203 2720 2276 templa
2767 2207 2825 2259 et
2867 2203 3004 2259 loca
3045 2218 3219 2260 sacra
3251 2204 3620 2272 subvertens,

1980 2295 2280 2367 simulque
2299 2295 2378 2351 ad
2393 2294 2628 2350 divinas
2647 2293 2943 2362 imagines
2963 2291 3295 2350 abolendas
3309 2293 3626 2350 etcombu-

1979 2384 2198 2441 rendas
2220 2389 2344 2439 tota
2372 2383 2430 2437 vi
2459 2380 3198 2451 consurgens,deformem
3217 2382 3465 2438 omnino
3494 2383 3625 2438 red-

1981 2474 2086 2540 dit,
2117 2473 2316 2546 potius
2344 2471 2617 2536 dixerim,
2650 2470 2881 2526 subruit
2921 2469 3020 2525 Dei
3059 2469 3405 2536 Ecclesiam,
3438 2485 3624 2541 quam

1979 2565 2108 2638 ipse
2137 2566 2449 2634 assumpta
2471 2559 2844 2616 humanitate
2869 2557 3164 2623 fundavit,
3191 2575 3378 2631 quam
3398 2575 3626 2632 praeco-

1980 2669 2090 2710 nes
2111 2653 2241 2722 ejus
2270 2650 2557 2707 divinitus
2583 2648 2770 2704 aﬂlati
2812 2647 3410 2710 circummunierunt,
3439 2664 3626 2721 quam

1981 2746 2277 2812 martyres
2320 2754 2531 2796 cruore
2574 2753 2688 2794 suo
2732 2741 3130 2809 purpuratam
3161 2735 3627 2808 illustraverunt,

1981 2847 2169 2904 quam
2199 2829 2388 2886 sancti
2421 2831 2620 2884 Patres
2643 2831 2934 2898 tanquam
2958 2825 3220 2881 turribus
3242 2825 3322 2882 ad
3349 2828 3630 2884 securita-

1981 2925 2100 2975 tem
2122 2918 2483 2988 comparatis
2505 2915 2821 2981 vallarunt,
2835 2929 3021 2986 quam
3041 2912 3301 2984 denique
3323 2916 3479 2969 Deus
3498 2915 3629 2986 ipse

1983 3015 2040 3067 et
2067 3013 2236 3065 Pater
2263 3008 2324 3062 in
2353 3006 2556 3079 palma
2586 3021 2805 3060 manus
2843 3018 2966 3059 sua)
2995 3002 3164 3071 gerit,
3198 3001 3323 3057 Filii
3351 3006 3409 3057 et
3454 3004 3628 3060 Verbi

1983 3099 2074 3154 sui
2116 3096 2409 3166 sanguine
2448 3093 2846 3164 redemptam,
2879 3097 2936 3147 et
2980 3090 3223 3146 divinus
3263 3089 3513 3161 Spiritus
3553 3108 3630 3148 ex

1983 3192 2150 3246 Patre
2175 3183 2553 3241 indicibiliter
2579 3181 2933 3254 procedens,
2965 3179 3120 3235 sicut
3139 3183 3197 3235 et
3224 3179 3484 3235 Verbum
3501 3197 3632 3237 mo-

1984 3279 2064 3334 do
2092 3275 2362 3348 quodam
2391 3290 2429 3329 a
2459 3271 2623 3327 nulla
2663 3270 2893 3326 ratione
2940 3267 3510 3340 comprehendendo
3555 3286 3632 3326 ex

1985 3367 2199 3425 eodem
2234 3367 2398 3420 Patre
2426 3364 2760 3432 generatur.
2794 3361 3011 3415 Contra
3038 3358 3195 3414 hanc
3224 3357 3572 3422 Ecclesiam,
3593 3375 3632 3416 o

1987 3453 2279 3528 grandem
2301 3448 2661 3507 audaciam!
2703 3465 2740 3503 o
2784 3447 3166 3502 temerariam
3211 3447 3631 3519 praesumptio-

1986 3545 2156 3600 nem!
2181 3540 2549 3615 perniciosus
2567 3537 2662 3593 ille
2683 3536 2900 3609 pedem
2921 3535 3155 3601 extulit;
3173 3540 3473 3591 ettantum
3493 3535 3634 3591 faci-

1988 3651 2104 3689 nus
2136 3630 2396 3698 molitus,
2419 3644 2455 3684 o
2478 3627 2578 3683 Dei
2593 3625 2821 3698 judicia
2846 3625 2858 3679 l
2883 3625 2963 3680 ad
2991 3624 3178 3680 ﬁnem
3200 3623 3367 3696 quod
3391 3624 3634 3682 volebat

1989 3721 2284 3794 perduxit,
2317 3716 2614 3790 quidquid
2672 3714 2876 3771 animo
2925 3713 3225 3770 volutarat
3270 3712 3632 3786 adimplens.

1988 3815 2167 3867 Erant
2195 3825 2338 3878 ergo
2385 3823 2480 3863 res
2529 3811 2750 3862 nostra:
2796 3803 2970 3876 quasi
3026 3819 3297 3875 campus,
3333 3807 3398 3858 ut
3441 3803 3632 3874 ajunt,

1989 3904 2325 3966 ventorum,
2346 3896 2438 3952 vel
2457 3893 2692 3952 arundo
2713 3893 2790 3949 ad
2821 3908 3034 3948 auram
3058 3907 3231 3946 versa
3254 3891 3634 3962 inversaque,

1989 3996 2092 4046 aut
2111 3986 2434 4057 virgultum
2463 3990 2639 4040 tenue
2659 3981 2894 4038 levibus
2917 3997 2988 4036 ac
3031 3979 3316 4036 brevibus
3357 3978 3635 4036 innixum

1988 4077 2309 4140 radicibus,
2343 4079 2402 4130 et
2427 4085 2794 4146 quocunque
2821 4069 3062 4125 libuerit
3089 4067 3276 4123 cuivis
3321 4066 3542 4122 ductile
3577 4071 3637 4124 et

1991 4170 2145 4225 ﬂecti
2169 4165 2359 4222 facile.
2379 4163 2667 4236 Equidem
2696 4175 2820 4216 non
2858 4174 3070 4214 omnes
3118 4172 3358 4221 accuso,
3399 4155 3504 4212 sed
3530 4171 3637 4229 po-

1991 4257 2105 4313 tius
2134 4254 2434 4328 plerisque
2461 4250 2821 4306 advocatum
2853 4261 2948 4301 me
2976 4248 3388 4317 opportunum
3425 4242 3633 4310 offero,

1993 4347 2144 4401 sicut
2181 4359 2339 4398 unus
2385 4357 2459 4397 ex
2505 4335 2946 4410 antiquioribus
2989 4333 3156 4389 dixit.
3213 4331 3344 4387 Vidi
3391 4332 3634 4399 etenim,

284 4435 452 4506 κάγὼ,
511 4441 600 4488 καὶ
655 4438 857 4508 ὁμοίοις
911 4443 1129 4510 καιροῖς,
1193 4435 1356 4508 βαϐαὶ
1561 4438 1879 4512 συμφορᾶςε

1991 4435 2114 4491 vidi
2142 4432 2328 4506 (quod
2357 4431 2587 4486 utinam
2618 4442 2739 4482 non
2763 4424 3054 4480 vidissem
3080 4423 3120 4493 !)
3147 4422 3327 4478 etiam
3355 4435 3468 4490 ego
3497 4420 3641 4477 talia

285 4528 599 4597 περιέτυχον
633 4546 645 4557 -
687 4527 900 4596 τοιαύτῃ
941 4543 995 4576 τε
1035 4531 1332 4598 σκοτομήνῃ
1374 4525 1648 4600 ἐγκύρσας,
1689 4527 1886 4599 μεγάλα

285 4618 704 4688 προσκέκρουκα,
723 4619 814 4665 καὶ
851 4613 1036 4666 ἀνίατα
1055 4624 1245 4688 μικροῦ
1266 4619 1720 4688 τετραυμάτισμαι
1750 4620 1798 4685 (1
1812 4619 1880 4683 1).

287 4702 432 4756 Ἀλλ’
473 4702 559 4775 ἔμε
597 4707 686 4776 μὶν
725 4704 752 4754 6
789 4711 890 4756 τῶν
945 4702 1136 4775 ψυχῶν
1195 4704 1372 4777 ἰατρὸς
1435 4710 1524 4756 καὶ
1570 4714 1670 4756 τῶν
1710 4708 1884 4778 σωμά-

361 4847 472 4916 (11)
513 4846 753 4902 Videtur
807 4845 1007 4904 infelix
1068 4847 1484 4904 schismaticus
1523 4847 1746 4915 dolere,
1792 4849 1887 4904 vel

287 4917 455 4988 quod
485 4933 607 4972 non
637 4916 778 4972 satis
831 4922 1116 4973 constans
1141 4917 1314 4973 fuerit
1357 4918 1416 4974 in
1467 4919 1690 4974 tuendo
1739 4920 1888 4974 schi-

288 4989 627 5060 smatesub
653 4988 901 5060 imperio
926 4989 1250 5060 Michaelis.
1283 4991 1386 5060 qui
1421 4990 1703 5045 unionem
1747 5006 1886 5045 cum

289 5058 551 5132 Ecclesia
596 5058 867 5132 Romana
894 5059 1147 5132 fecerat.
1193 5058 1364 5132 eique
1409 5077 1470 5116 se
1515 5067 1888 5132 opponentes

286 5129 637 5186 removebat
654 5131 732 5186 ab
749 5130 978 5196 oﬂiciis,
994 5131 1145 5186 sicut
1160 5137 1218 5186 et
1231 5129 1391 5185 hunc
1410 5129 1860 5187 Constantinum
1873 5176 1886 5199 ,

295 5223 316 5249 ι
348 5216 530 5281 quem
559 5200 846 5257 educarat
873 5201 1037 5282 apud
1059 5217 1142 5281 use
1190 5201 1620 5273 informarique
1649 5203 1889 5274 optimis

290 5272 520 5327 artibus
551 5277 807 5343 curarat,
841 5278 1097 5343 privavit
1127 5276 1441 5343 propterea
1481 5273 1612 5327 loco
1662 5275 1887 5342 gratiae,

290 5358 476 5416 quem
513 5342 681 5416 prius
723 5317 1018 5416 hab‘uerat
1053 5317 1181 5416 etla
1222 5317 1331 5398 sila
1374 5317 1770 5416 familiaritate
1803 5317 1892 5402 re:

291 5413 499 5480 movit,
514 5413 564 5464 'n
595 5413 677 5468 uti
709 5413 912 5486 scribit
937 5414 1332 5484 Pachymeres
1381 5417 1532 5486 part.
1578 5430 1621 5486 17,
1662 5414 1700 5469 l.
1728 5431 1804 5483 Vl,
1836 5431 1886 5470 c.

291 5487 381 5540 27.
418 5486 474 5540 Si
505 5489 708 5539 tamen
741 5483 834 5539 ille
865 5483 947 5538 sic
977 5483 1304 5542 castigatus
1329 5483 1418 5540 vel
1462 5485 1768 5541 modicum
1799 5502 1890 5542 re-

294 5555 460 5612 misit
503 5555 580 5610 de
624 5555 971 5629 pertinacia,
1021 5555 1299 5629 Michaele
1357 5557 1720 5629 sesquianno
1757 5562 1894 5629 post

295 5631 562 5697 mortuo,
591 5625 767 5682 rediit
793 5625 871 5682 ad
899 5627 1195 5683 vomitum
1219 5642 1318 5684 an.
1355 5625 1511 5697 £282]
1529 5627 1643 5685 sub
1666 5625 1894 5685 Andro-

1993 4525 2133 4582 etin
2164 4521 2386 4578 similia
2412 4525 2708 4588 tempora,
2739 4530 2849 4587 pro
2875 4513 3048 4570 dolor
3073 4512 3085 4566 l
3117 4511 3320 4577 incidi,
3369 4514 3548 4582 atque
3575 4510 3640 4565 in

1991 4618 2230 4669 noctem
2266 4605 2617 4680 hujusmodi
2659 4603 2922 4660 tenebris
2950 4600 3299 4658 obvolutam
3327 4599 3638 4654 incurrens

1992 4702 2250 4774 graviter
2278 4697 2520 4762 offendi,
2543 4691 3091 4750 immedicabilibus
3118 4704 3272 4761 pene
3287 4686 3639 4743 vulneribus

1994 4846 2148 4910 nico,
2181 4859 2217 4898 a
2247 4857 2369 4914 quo
2389 4838 2649 4914 denique
2663 4836 2871 4914 factus
2901 4837 2992 4887 est
3010 4829 3317 4914 logometa
3341 4827 3640 4914 circla‘anl-

1994 4896 2148 4972 ἶ]Ηῶ
2179 4896 2331 4968 figi.
2368 4911 2465 4966 Vel
2497 4896 2686 4980 (q‘uod
2714 4906 2914 4980 potius
2945 4896 3321 4980 crediderim)
3342 4896 3640 4980 ‘dolet‘ob.

1995 4969 2142 5042 ξειίῶ
2159 4969 2693 5058 όίνὶεἱοιιεηὶξῳιθ,
2719 4969 2863 5058 'sub‘
2883 4971 3222 5058 androuico
3275 4969 3644 5050 schismatici

1995 5059 2106 5130 ipsi
2134 5055 2308 5130 divisi
2327 5045 3005 5130 fueruntiniosephitas
3022 5048 3080 5130 et
3095 5045 3475 5130 larsen‘iatuos2
3497 5055 3647 5130 quo:

1995 5111 2132 5184 rrum
2162 5127 2222 5182 hi
2253 5124 2536 5187 severius,
2570 5120 2666 5174 isti
2690 5111 3026 5195 benegnius
3049 5113 3152 5195 agi
3197 5111 3478 5195 volebant
3501 5126 3646 5195 cum

1998 5182 2190 5270 iisiqui
2216 5195 2423 5270 unioni
2456 5182 2738 5270 Romapas
2769 5182 2980 5270 (quam
3002 5182 3646 5270 utrique‘det‘estaban:

1997 5255 2127 5340 tur)‘
2145 5266 2596 5340 renuntiarent;
2630 5261 2705 5340 de
2747 5255 2982 5340 quibus
3013 5255 3176 5340 idem
3220 5255 3646 5340 Parcl‘ivmeres

1998 5324 2167 5414 parte
2196 5337 2456 5414 u,rlib._1,
2485 5324 2617 5405 cap.
2649 5324 2803 5414 2lhe-t
2828 5332 2923 5414 22.¹
2951 5327 3067 5414 Sed
3095 5331 3153 5414 et
3337 5324 3646 5414 deinceps

2001 5395 2325 5467 schismata
2354 5395 2529 5480 plura
2558 5395 2931 5459 ‘exstiterunt
2977 5395 3508 5478 Constantinopoli,
3511 5409 3650 5521 8ger

2001 5484 2218 5521 ςιιαηπι
2255 5481 2349 5521 1]ρὶ
2373 5476 2846 5521 vntrihntinnnm-
2877 5475 2943 5521 ut
2975 5486 3086 5521 nec
3131 5482 3419 5521 unionem
3467 5466 3507 5521 h
3591 5480 3648 5518 e-

1994 5466 2222 5554 jrustam
2254 5466 2846 5554 Dei‘retributiopem,
2871 5475 2946 5554 luti
2975 5486 3086 5554 nec
3131 5466 3648 5554 unionem‘babe:

1999 5539 2132 5610 rent
2172 5554 2322 5608 inter
2352 5565 2416 5605 se
2450 5547 2555 5621 qui
2602 5544 2889 5602 nolebant
2930 5541 3154 5598 habere
3196 5555 3336 5594 cum
3377 5539 3650 5592 Romana

2002 5623 2283 5682 Ecclesia.

4039 0 4073 450 1
