4084 6206
528 244 641 301 839

541 365 879 423 confossus.
910 364 1024 422 Sed
1055 378 1160 421 oro
1190 367 1253 419 ut
1277 361 1618 419 animorum
1645 360 1702 414 et
1730 374 2051 430 corporum
2082 372 2180 412 cu-

542 459 704 513 rator
729 457 881 511 Deus
906 453 1216 510 medeatur
1244 451 1408 517 mihi,
1456 450 1826 520 istorumque
1873 446 2183 503 verberum

535 544 752 601 livores
781 543 1019 599 aboleat
1038 541 1335 613 benignus
1360 538 1629 596 medicus
1658 542 1995 608 nostraeque
2024 534 2182 591 infir-

537 632 759 690 mitatis
784 632 1124 688 misericors
1146 635 1472 704 reparator.
1499 628 1613 685 Sed
1642 626 1905 697 agedum
1941 625 2019 681 ad
2050 640 2184 697 pro-

536 721 671 794 pria
696 725 1024 777 revertatur
1050 720 1241 777 oratio
1267 725 1322 777 et
1364 716 1774 791 superioribus
1823 730 2063 771 rursum
2091 714 2177 770 in-

535 810 724 867 sistat.

605 931 693 982 22.
725 925 997 983 Subversi
1016 927 1238 984 fuimus
1259 944 1295 983 a
1315 924 1498 993 malo,
1512 923 1744 980 malum
1768 921 1828 977 in
1854 936 1951 977 res
1968 920 2177 976 huma-

530 1031 644 1073 nas
663 1017 1018 1089 divinasque
1038 1022 1368 1090 usurpante
1386 1013 1705 1087 imperium
1728 1029 1741 1067 :
1766 1012 1869 1083 qui
1890 1025 2029 1066 vero
2046 1010 2177 1065 haec

530 1111 873 1163 restaurans
894 1107 971 1162 ad
992 1108 1309 1179 pristinam
1330 1104 1641 1161 reduceret
1667 1101 2061 1171 integritatem
2084 1099 2174 1155 in-

529 1194 880 1251 veniebatur
892 1211 1089 1261 nemo,
1106 1195 1311 1252 omnia
1331 1199 1532 1250 autem
1550 1191 1627 1247 ad
1640 1188 2172 1263 impossibilitatem

530 1283 1135 1355 desperationemque
1156 1289 1483 1339 extremam
1504 1279 1863 1337 reciderant:
1889 1293 2033 1333 nam
2051 1291 2174 1332 ma-

529 1386 684 1441 gnus
702 1373 978 1437 Joannes,
1000 1373 1101 1443 qui
1122 1376 1244 1427 tam
1274 1371 1527 1426 densam
1560 1366 1880 1439 impietatis
1902 1365 2174 1421 domina-

526 1459 688 1514 tricis
706 1465 942 1515 noctem
964 1464 1195 1532 poterat
1219 1458 1576 1524 illuminare,
1609 1457 1829 1512 absens
1850 1455 1911 1510 in
1933 1453 2171 1509 Perside

526 1546 770 1602 vivebat
791 1546 1092 1612 Damasci;
1124 1550 1180 1601 et
1200 1546 1303 1617 qui
1325 1561 1461 1600 vere
1482 1550 1686 1599 noster
1706 1547 1832 1598 erat
1848 1556 2169 1611 rerumque

525 1638 867 1690 DOstrarum
888 1634 1066 1689 etiam
1087 1634 1300 1689 exinde
1324 1633 1598 1705 provisor
1642 1630 2169 1701 circumspectissi-

526 1738 681 1793 mus,
697 1723 757 1777 in
784 1722 977 1779 aliena
1013 1722 1503 1779 commorabatur
1521 1721 1781 1792 regione.
1808 1718 1959 1785 Quid
1980 1732 2120 1788 ergo
2139 1717 2166 1771 ‘2

526 1826 605 1866 an
631 1827 752 1866 suae
767 1812 894 1866 istic
916 1811 1162 1867 studens
1182 1810 1544 1879 utilitati,res
1564 1825 1701 1880 quae
1722 1808 1819 1863 hic
1844 1812 2029 1871 erant,
2059 1822 2167 1878 pu-

521 1898 710 1955 blicas
727 1899 983 1968 neglexit
1005 1901 1032 1955 ?
1054 1900 1288 1955 Minime
1304 1914 1464 1954 vero.
1492 1898 1650 1955 Sicut
1670 1897 1826 1953 enim
1852 1896 1967 1952 loci
1986 1895 2163 1951 alicu-

520 1987 620 2058 jus
640 1987 923 2056 indigena
952 1992 1008 2043 et
1049 1992 1281 2044 amator
1317 1986 1378 2042 in
1414 1985 1609 2041 alieno
1639 1985 1989 2041 constitutus
2015 1983 2164 2052 solo,

522 2074 727 2147 ibique
742 2075 995 2147 negotiis
1011 2076 1133 2131 suis
1148 2073 1431 2132 curandis
1448 2074 1782 2142 intendens,
1798 2072 1985 2129 sicubi
2004 2071 2170 2128 intel-

521 2163 729 2221 lexerit
745 2180 840 2221 res
854 2166 1060 2237 patriae
1078 2169 1289 2238 praeter
1308 2164 1493 2221 animi
1515 2164 1606 2219 sui
1627 2168 1832 2219 votum
1854 2162 1970 2233 agi,
1986 2161 2167 2217 etiam

523 2269 554 2309 e
577 2253 908 2326 longinquo
923 2253 1134 2310 iisdem
1156 2253 1412 2310 consulit
1429 2253 1715 2320 studiose,
1736 2267 1859 2307 non
1880 2251 2005 2306 sine
2026 2265 2167 2306 con-

523 2340 858 2396 turbatione
881 2346 1061 2414 atque
1084 2342 1379 2398 anxietate
1394 2341 1675 2413 propria:
1704 2340 1789 2395 sic
1820 2354 2065 2411 quoque
2086 2338 2168 2393 vir

520 2428 617 2484 hic
637 2429 899 2495 divinus,
922 2430 1126 2487 animo
1143 2430 1390 2503 quidem
1413 2433 1826 2486 consternatus
1850 2434 1937 2484 est
1965 2427 2166 2483 statim

522 2520 701 2588 atque
726 2516 785 2572 id
809 2518 1055 2587 contigit
1083 2522 1139 2573 et
1170 2519 1417 2574 internis
1456 2517 1721 2574 motibus
1753 2516 2162 2582 conturbatus,

519 2609 720 2662 tamen
746 2607 984 2663 Domini
1014 2608 1106 2663 sui
1129 2607 1531 2664 haereditatem
1556 2607 1731 2664 anxie
1756 2621 1995 2673 curans,
2027 2621 2165 2662 con-

520 2694 702 2751 suluit
721 2695 950 2768 populo
982 2696 1332 2766 Christiano,
1368 2702 1425 2753 et
1459 2696 1859 2769 frequentium
1888 2695 2164 2768 epistola-

516 2798 652 2838 rum
675 2783 998 2856 scriptione
1039 2786 1269 2841 curavit
1296 2785 1520 2857 ubique
1548 2784 1830 2840 omnibus
1851 2789 2060 2840 notum
2080 2783 2161 2840 fa-

516 2887 647 2929 cere
667 2887 949 2941 errorem,
968 2873 1348 2930 manifestare
1363 2873 1784 2945 corruptelam,
1800 2878 1858 2929 et
1870 2873 1932 2928 in
1946 2873 2163 2929 demis-

516 2979 582 3019 so
600 2962 675 3020 ad
694 2964 1034 3019 animarum
1047 2964 1369 3036 perniciem
1387 2965 1570 3021 homo
1591 2963 1949 3021 occultatam
1962 2979 2161 3019 escam

515 3052 629 3108 sub
649 3056 1042 3124 conspectum
1085 3052 1407 3110 adducere.
1459 3055 1626 3109 Forte
1675 3053 1856 3108 etiam
1899 3067 2161 3125 praesens

510 3140 864 3197 intervenire
890 3142 1077 3198 voluit
1096 3141 1167 3197 iis
1197 3158 1333 3213 qua:
1362 3142 1460 3198 hic
1489 3141 1839 3214 agebantur,
1868 3148 1925 3198 et
1943 3141 2159 3198 nostris

512 3229 953 3286 calamitatibus
978 3246 1185 3287 coram
1210 3230 1508 3302 opitulari,
1527 3232 1728 3304 ipsum
1750 3234 2045 3287 Caesarem
2068 3247 2158 3287 re-

510 3319 862 3390 darguendo
878 3319 1052 3389 juxta
1080 3324 1435 3376 consuetum
1460 3319 1573 3375 sibi
1610 3319 1823 3388 zelum,
1855 3319 2045 3375 multa
2070 3319 2155 3376 lo-

508 3407 733 3479 quendi
751 3407 1016 3464 libertate
1030 3409 1342 3481 praeditum
1362 3427 1375 3477 ;
1399 3408 1611 3475 zelum,
1627 3409 1897 3480 inquam,
1911 3409 2157 3479 igneum

506 3511 617 3568 pro
637 3496 775 3565 Deo,
798 3496 936 3551 Eliae
965 3497 1194 3562 instar;
1223 3501 1279 3553 ct
1316 3497 1516 3569 posita
1532 3499 1704 3567 juxta
1726 3498 2100 3553 Psalmislam
2133 3498 2149 3532 ¹

505 3584 817 3656 iniquitate
846 3585 976 3655 ejus
1004 3585 1065 3640 in
1097 3591 1425 3657 conspectu
1457 3586 1606 3656 ejus,
1657 3601 1928 3642 coercere
1969 3587 2154 3657 impe~

506 3675 633 3727 tum
696 3671 1094 3728 multitudinis
1132 3673 1445 3746 imperitae,
1497 3679 1551 3729 et
1602 3679 1899 3747 quatenus
1945 3679 2153 3746 posset

504 3760 703 3832 ipsam
729 3759 983 3817 erudire.
1019 3763 1437 3818 Verumtamen
1464 3762 1688 3819 absens
1716 3762 1843 3835 (ubi
1865 3767 2066 3819 autem
2095 3767 2151 3819 et

502 3848 812 3921 quomodo
836 3848 1101 3906 diximus
1131 3851 1340 3924 supra)
1387 3851 1729 3908 istiusmodi
1773 3853 2148 3924 propositum

500 3952 625 3995 non
653 3942 885 4012 poterat
908 3938 1080 3996 facile
1105 3940 1469 3997 exsecutioni
1488 3940 1811 4008 mandare;
1846 3940 1974 3996 aliis
2005 3956 2147 4010 ergo

499 4027 696 4085 modis
719 4027 984 4085 debitum
1006 4032 1126 4086 Deo
1147 4029 1507 4102 obsequium
1525 4029 1860 4103 persolvere
1877 4029 2143 4102 cupiens,

498 4132 989 4189 quaquaversum
1021 4133 1162 4174 suas
1187 4117 1398 4174 direxit
1427 4118 1730 4191 epistolas,
1760 4118 1982 4190 quibus
2011 4134 2144 4175 mo-

496 4204 680 4259 nebat
708 4204 856 4260 ritus
887 4205 1115 4277 priores
1147 4222 1461 4278 capessere
1491 4212 1548 4263 et
1574 4207 1783 4279 patriis
1808 4205 2041 4275 legibus
2072 4223 2144 4264 ac

496 4290 885 4362 religionibus
914 4292 1222 4351 inhaerere.
1249 4298 1363 4351 llas
1393 4300 1593 4352 autem
1622 4294 1901 4367 epistolas
1938 4294 2017 4350 ad
2041 4311 2142 4352 eos

495 4378 601 4452 qui
626 4379 722 4434 hic
745 4379 1048 4449 degebant
1071 4382 1311 4439 mittens
1341 4383 1563 4440 multas
1601 4399 1671 4440 ac
1708 4384 1827 4439 fere
1861 4384 2141 4440 innume-

494 4466 714 4525 rabiles
742 4469 1043 4539 (quamvis
1071 4484 1173 4526 eas
1204 4476 1564 4527 conarentur
1611 4471 1876 4528 occultas
1918 4470 2141 4529 habere

493 4557 596 4631 qui
628 4556 1017 4630 recipiebant)
1045 4573 1168 4616 non
1202 4560 1393 4633 potuit
1417 4561 1654 4633 evitare,
1672 4577 1795 4634 quo
1823 4562 2026 4618 minus
2041 4578 2138 4619 ve-

491 4646 687 4704 nirent
715 4646 776 4703 in
812 4646 1086 4705 notitiam
1138 4647 1535 4721 imperatoris,
1582 4650 1831 4722 ejusque
1877 4650 2142 4708 furorem

492 4737 783 4794 adversus
815 4737 1148 4811 sapientem
1180 4738 1439 4797 scribam
1468 4739 1823 4798 suscitarent
1850 4745 1903 4796 et
1934 4745 2142 4799 contra

491 4842 853 4897 generosum
874 4827 1258 4902 palaestritam
1278 4827 1685 4895 incenderent,
1701 4829 2139 4903 suaderentque

487 4915 884 4977 fraudulentis
935 4918 1090 4977 dolis
1124 4936 1264 4977 eum
1311 4919 1569 4977 adoriri:
1611 4918 1778 4992 quod
1828 4920 2138 4992 quomodo

489 5008 689 5063 actum
717 5006 809 5075 sit,
827 5006 963 5065 licet
984 5008 1241 5066 breviter
1267 5008 1563 5082 explicare
1585 5008 2137 5082 casperimusmunc

486 5093 701 5152 iterum
730 5094 1003 5154 dicemus
1032 5098 1391 5157 distinctius.

559 5229 646 5285 23.
672 5229 806 5286 Erat
838 5228 909 5297 is,
934 5234 998 5287 ut
1024 5230 1167 5302 dixi,
1199 5233 1314 5289 Leo
1347 5232 1663 5298 Isauricus,
1708 5231 2009 5290 belluinus
2037 5230 2134 5290 ille

484 5310 731 5390 Quidem
760 5322 817 5375 et
840 5318 1166 5377 iracundiae
1194 5320 1448 5379 modum
1478 5322 1710 5381 nullum
1736 5338 1992 5397 ponens,
2009 5338 2134 5379 non

484 5412 685 5467 tamen
728 5426 924 5482 usque
971 5410 1123 5469 adeo
1174 5413 1476 5486 lconinus,
1526 5417 1591 5473 ut
1641 5414 1842 5487 palam
1890 5412 2135 5473 auderet

554 5582 572 5620 ι
620 5576 772 5643 Psal.
806 5596 1018 5644 1.me
1042 5584 1095 5643 8.

1731 231 2191 295 CONSTANTINI
2243 218 2697 305 ᾼΟΒΟΡΟῌΤΑΞ

2211 354 2259 408 Α
2297 371 2395 405 των
2439 353 2666 422 ἰάσαιτο,
2710 355 2800 403 καί
2854 350 2946 411 τὰς
3002 357 3101 402 τῶν
3159 349 3420 423 μωλώπων
3476 351 3661 408 ἐκείνων
3711 359 3841 425 ούλὰς

2296 438 2620 511 ἀπαλείψειεν
2660 442 2685 491 ὁ
2728 440 3085 512 φιλάνθρωπος
3142 437 3393 513 ἀκέστωρ,
3434 447 3521 493 καὶ
3572 453 3656 506 τῆς
3689 448 3840 519 ἡμετέ.

2291 549 2385 603 ρας
2440 529 2707 589 ἀσθενείας
2758 530 3039 601 οἰκτίρμων
3103 530 3437 600 θεραπευτής.
3495 530 3550 583 '0
3605 530 3839 608 631579;,

2291 622 2403 692 οἶγε,
2444 630 2544 673 τῶν
2581 624 2841 695 προτέρων
2881 620 3110 692 ἐχέσθω,
3151 624 3241 672 καὶ
3279 619 3559 693 ἐπειλήφθω
3596 620 3729 686 αὖθις
3760 636 3840 679 τῶν

2290 710 2501 765 ἄνωθεν.

2357 912 2465 986 κβ.
2508 914 2800 988 ’Λνετράπη
2859 916 2949 986 μὲν
3002 914 3103 965 ὑπὸ
3155 920 3249 966 τοῦ
3306 922 3468 967 κακοῦ
3518 924 3679 977 κακῶς
3713 916 3844 990 βασι-

2284 1002 2560 1065 λεύσαντος
2599 1006 2663 1055 τὰ
2705 1005 2818 1056 θεῖοί
2853 1022 2906 1055 τε
2963 1007 3052 1054 καῖ
3111 1005 3335 1077 ἡμέτερα
3370 1024 3382 1037 ·
3424 1005 3448 1055 ὁ
3489 1000 3538 1056 δ’
3574 1003 3841 1064 ἀναστήσων

2286 1091 2316 1149 ἦ
2377 1090 2682 1167 ἁνορθώσων
2737 1088 2820 1160 ἦν,
2879 1094 2947 1153 ὡς
3004 1094 3146 1163 ἔφην,
3208 1090 3385 1153 ούδείς
3426 1112 3439 1126 ο
3493 1094 3655 1145 πάντα
3712 1091 3756 1146 δ’
3803 1094 3842 1147 ἐν

2285 1177 2546 1253 ἀμηχανῳ
2583 1183 2939 1247 καθειστήκει,
2982 1185 3070 1233 καὶ
3107 1179 3159 1233 ἐν
3199 1179 3376 1253 ἀπόρῳ
3414 1185 3480 1233 τὰ
3515 1191 3603 1235 του
3637 1186 3843 1257 πράγμα-

2284 1287 2365 1329 τος
2403 1274 2737 1335 κατηντήκει,
2792 1274 2883 1321 καὶ
2935 1272 3000 1321 τα
3055 1278 3152 1329 τῶς
3211 1265 3537 1342 διορθώσεως
3572 1271 3842 1334 ἁπαξαπλῶς

2283 1355 2654 1433 ἁπηγορεύετο.
2694 1359 2751 1411 Ὀ
2789 1362 2889 1431 γὰρ
2943 1367 3034 1419 τῆς
3084 1357 3325 1418 ἀσεϐείας
3382 1364 3614 1433 φωστὴρ,
3652 1362 3675 1412 ὁ
3711 1366 3843 1433 μέγας

2284 1437 2536 1516 Ἰωάννης,
2596 1447 2647 1499 ἐν
2704 1454 2965 1519 Δαμασκῷ
3023 1452 3112 1499 καὶ
3170 1444 3398 1521 Περσίδι
3447 1444 3618 1519 διῆγε.
3669 1454 3747 1500 καὶ
3780 1448 3839 1500 ἐπ’

2281 1532 2581 1596 ἀλλοδαπῆς
2635 1535 2919 1608 ἐτύγχανεν
2977 1537 3044 1587 ὡν
3084 1538 3109 1587 ὁ
3149 1534 3424 1608 ύμεδαπὸς
3482 1535 3715 1601 ἆλεηθῶς,
3770 1544 3841 1591 καὶ

2277 1630 2376 1674 τῶν
2451 1626 2705 1697 ἡμετέρων
2780 1626 3013 1676 κάκεῖθεν
3089 1620 3332 1695 κηδεμὼν
3418 1628 3837 1699 προμηθέστατος.

2196 1717 2238 1773 Β
2276 1712 2439 1766 Ἀλλὰ
2492 1719 2543 1765 τί
2593 1720 2719 1784 γοῦν
2768 1732 2782 1782 ;
2840 1717 2899 1766 τὸ
2957 1713 3075 1765 καθ’
3137 1714 3295 1766 αὑτὸν
3356 1711 3464 1766 ἐκεῖ
3508 1715 3725 1788 στέρξας,
3761 1724 3840 1767 τῶν

2275 1798 2406 1873 τῇδε
2460 1806 2550 1853 καὶ
2605 1810 2788 1855 κοινῶν
2855 1802 3232 1874 κατημέλησε;
3277 1802 3478 1855 Πολλοῦ
3533 1823 3591 1875 γε
3641 1810 3722 1856 καὶ
3757 1801 3838 1859 δεῖ.

2274 1898 2357 1950 Ὠς
2394 1893 2493 1965 γάρ
2534 1910 2613 1952 τις
2655 1891 2934 1962 αὐτόχθων
2974 1910 3028 1943 τε
3078 1896 3167 1943 καὶ
3220 1889 3544 1965 φιλόπατρις,
3597 1891 3669 1945 ἐπ’
3716 1891 3841 1944 ἄλλο·

2275 1983 2418 2052 τρίας
2456 1985 2740 2053 γενόμενος,
2782 1984 2871 2032 καὶ
2925 1988 3022 2032 τῶν
3086 1976 3233 2032 ἰδίων
3292 1976 3447 2043 αὖθις
3494 1982 3771 2054 φροντίζων,
3805 1985 3841 2032 εἴ

2275 2086 2384 2129 πως
2441 2065 2508 2126 δὴ
2568 2072 2633 2121 τὰ
2688 2068 2739 2120 ἐν
2793 2076 2855 2141 τῇ
2910 2065 3127 2141 πατρίδι
3187 2073 3257 2141 μὴ
3320 2072 3391 2131 ὡς
3445 2068 3690 2142 βουλητὸν
3724 2073 3837 2140 ῐχειν

2277 2154 2513 2209 ἀκούσειε
2552 2156 2669 2228 (κᾶν
2707 2160 2852 2230 παρὰ
2887 2162 2981 2216 τὴν
3020 2155 3245 2232 καρδίαν
3309 2160 3493 2221 πάθοι,
3549 2163 3633 2211 καὶ
3687 2157 3836 2228 σκέψει

2276 2254 2374 2297 τῶν
2429 2245 2689 2319 λογισμῶν
2746 2243 2970 2314 ἐνδοίη),
3023 2245 3124 2298 κάκ
3183 2256 3274 2307 τῆς
3333 2244 3627 2310 ἀλλοδαπῆς
3680 2265 3727 2299 τε
3766 2251 3837 2298 καὶ

2274 2334 2534 2408 πόρρωθεν
2571 2341 2689 2410 περὶ
2725 2344 2822 2388 τῶν
2861 2334 2910 2387 ἐν
2951 2344 3060 2397 τοῖς
3099 2332 3263 2398 ἰδίοις
3302 2335 3365 2387 ἀν
3407 2333 3751 2407 διασκέψατο·
3784 2337 3836 2395 ὡς

2277 2419 2335 2475 δὲ
2391 2428 2480 2475 καὶ
2537 2426 2561 2475 ὁ
2623 2426 2755 2485 θειος
2810 2425 2956 2485 οὗτος
3015 2423 3143 2498 ἀνὴρ
3206 2422 3457 2497 βάλλεται
3509 2429 3600 2484 τὴν
3644 2420 3835 2497 καρδίαν

2274 2511 2465 2563 αύτίκα
2500 2520 2571 2564 τῶ
2614 2512 2893 2585 συμϐάντι,
2943 2515 3251 2566 παθαίνεται
3307 2518 3406 2572 τὴν
3461 2514 3661 2585 ψυχὴν,
3706 2508 3837 2571 κήδει

2273 2619 2358 2651 ται
2395 2608 2487 2652 τοῦ
2529 2603 2665 2654 θείου
2717 2601 2937 2674 λάχους,
2998 2610 3291 2677 προνοεῖται
3350 2611 3444 2655 τού
3499 2607 3832 2677 Χριστωνομον

2273 2689 2414 2755 λαοῦ,
2447 2696 2533 2743 καὶ
2573 2699 2788 2763 συχνοῖς
2825 2695 2959 2745 πάνυ
2988 2699 3095 2753 τοῖς
3131 2695 3415 2765 γράμμασι
3452 2698 3583 2746 πᾶσι
3618 2698 3829 2761 πανταχῆ

2272 2781 2337 2830 τά
2372 2787 2468 2841 τῆς
2505 2779 2703 2841 πλάνης
2741 2779 3098 2856 ἀναγνωρίζει,
3142 2787 3231 2834 καὶ
3276 2785 3343 2834 τὰ
3403 2790 3498 2844 τῆς
3552 2784 3704 2852 λύμης
3737 2776 3833 2831 δια-

2274 2876 2443 2940 σαφεῖ,
2510 2872 2565 2921 τὸ
2627 2889 2686 2941 γε
2740 2870 3143 2945 ἐγκεκρυμμένον
3211 2867 3397 2944 δέλεαρ
3464 2879 3535 2941 τῷ
3586 2871 3830 2940 καθιεμένου

2270 2960 2405 3008 κατά
2442 2966 2542 3008 τῶν
2581 2957 2771 3029 ψυχῶν
2813 2952 3090 3033 ἀγκίστρῴ
3121 2965 3280 3013 πᾶσιν
3332 2960 3423 3012 ὑπ’
3470 2959 3585 3030 ὄψιν
3622 2960 3726 3029 ἄγει
3758 2960 3829 3007 καὶ

2200 3069 2242 3125 C
2273 3041 2527 3104 διάδηλον
2565 3048 2771 3103 τίθησι.
2820 3050 2979 3119 Τάχα
3016 3044 3068 3100 δ’
3108 3047 3167 3099 ἂν
3206 3052 3297 3099 καὶ
3336 3054 3451 3110 τοῖς
3489 3043 3660 3100 ἐνθαδί
3694 3044 3829 3119 προύο

2269 3135 2545 3205 τεθύμητο,
2589 3137 2653 3195 ὡς
2691 3140 2781 3187 καὶ
2818 3138 3116 3208 παράνομον
3156 3132 3419 3206 διελέγξαι
3462 3134 3694 3209 βασιλέα,
3720 3133 3828 3184 κατὰ

2270 3225 2354 3274 τὸν
2393 3222 2548 3275 πολύν
2588 3227 2681 3280 τὴν
2721 3222 3017 3298 παρρησίαν
3070 3229 3160 3276 καὶ
3211 3228 3297 3276 τὸν
3352 3226 3481 3299 ὑπὲρ
3528 3230 3653 3277 Θεοῦ
3698 3220 3826 3281 ζῆλον

2268 3309 2542 3384 ἐμπύρινον
2610 3311 2783 3364 Ἠλίου
2832 3333 2845 3346 ·
2915 3318 3004 3365 καὶ
3068 3318 3426 3388 παραστήσας
3478 3316 3658 3383 τούτῳ,
3716 3310 3828 3361 κατὰ

2265 3403 2351 3451 τὸν
2392 3397 2701 3473 Ψαλμῳδὸν,
2741 3406 2834 3460 τὴν
2889 3400 3103 3472 ἀνομίαν
3153 3402 3310 3455 αὐτοῦ
3371 3404 3509 3455 κατὰ
3561 3406 3822 3475 πρόσωπον,

2264 3493 2383 3541 λαόν
2421 3509 2474 3542 τε
2513 3487 2753 3543 ἀσύνετον
2809 3493 3144 3560 νουθετῆσαι,
3203 3496 3292 3545 καὶ
3340 3494 3413 3554 ὡς
3448 3491 3554 3544 im
3590 3485 3825 3558 παιδαγω-

2262 3586 2429 3648 γῆσαι
2480 3583 2570 3630 καὶ
2628 3576 3048 3652 διορθώσασθαι.
3110 3579 3247 3634 Ἀλλ’
3304 3578 3449 3633 ἀπὼν
3498 3582 3616 3651 (ὅπη
3668 3574 3720 3629 δε
3752 3580 3824 3627 καὶ

2262 3669 2395 3728 ὅπως
2436 3664 2933 3741 προδεδηλώκαμεν)
2990 3669 3083 3721 ούκ
3139 3670 3601 3744 εὐμεταχείριστον
3644 3664 3743 3738 εἶχε
3774 3666 3821 3714 τό

2259 3758 2394 3808 κατὰ
2456 3758 2720 3830 πρόθεσιν.
2767 3763 2964 3810 Τούτου
3023 3766 3145 3829 γοῦν
3201 3759 3348 3811 ἕνεκα
3410 3763 3617 3833 τρόποις
3675 3753 3819 3811 ἀλλοις

2261 3844 2562 3905 ἀποπλῆσαι
2601 3854 2715 3917 Θεῷ
2752 3850 2817 3899 τὰ
2866 3856 2957 3908 τῆς
3006 3846 3206 3919 mea;
3263 3844 3640 3900 διεσπούδακεν
3671 3866 3683 3878 ·
3719 3840 3818 3914 ἀμέ-

2257 3931 2331 3985 λει
2367 3938 2456 3986 καὶ
2492 3937 2697 4008 γραφὰς
2735 3936 3015 4007 ἀπανταχῆ
3059 3941 3340 4009 πέπομφεν,
3386 3934 3747 3990 ἀντιποιεῖσθαί
3774 3947 3816 3981 τε

2256 4030 2354 4074 τῶν
2393 4027 2651 4098 προτέρων
2690 4022 3062 4086 ἓπιταττούσας
3100 4024 3242 4095 έθῶν,
3285 4029 3376 4077 καὶ
3435 4034 3532 4077 τῶν
3586 4027 3814 4095 πατρικῶν

2258 4112 2458 4184 θεσμῶν
2492 4116 2582 4164 καὶ
2621 4113 2765 4165 θείων
2805 4112 3079 4185 ἐξέχεσθαι
3129 4134 3142 4146 ⁸
3183 4113 3243 4176 οἱς
3304 4109 3371 4172 δὴ
3424 4118 3513 4166 καὶ
3548 4114 3674 4165 πάνυ
3708 4107 3813 4162 πολ-

2252 4199 2340 4261 λὰς
2375 4208 2479 4262 τοῖς
2526 4200 2745 4255 ἐνταῦθα
2793 4198 3101 4277 διίσπειρεν,
3150 4199 3372 4275 ἀφειδῶς
3426 4205 3557 4256 πάνυ
3610 4217 3814 4253 καταπυ-

2253 4297 2472 4363 κνώσας,
2515 4295 2603 4344 καὶ
2644 4288 2883 4362 δαψιλῶς
2938 4294 3068 4364 οῖγαν
3127 4289 3520 4367 διασκορπίσας
3566 4291 3809 4345 τοσαύτας.

2171 4420 2217 4476 D
2255 4384 2356 4432 Καὶ
2392 4382 2514 4455 γὰρ,
2567 4383 2636 4441 ὡς
2689 4384 2779 4433 καὶ
2837 4386 3162 4455 κρυπτοντων
3208 4390 3309 4434 τῶν
3366 4379 3809 4454 ἀναλαμϐανόντων,

2251 4474 2340 4521 καὶ
2389 4466 2483 4522 διὰ
2546 4468 2734 4522 πολλοῦ
2795 4474 2853 4522 τὸ
2927 4470 3097 4523 λαθεῖν
3158 4471 3455 4542 τιθεμένων,
3525 4461 3810 4541 (συμϐαίνει)

2249 4560 2550 4630 γνωσθῆναί
2588 4578 2643 4612 τε
2680 4568 2753 4631 τῷ
2792 4558 3005 4632 βασιλεῖ
3039 4559 3131 4612 καί
3168 4563 3303 4612 κατὰ
3339 4568 3433 4612 τού
3475 4564 3629 4631 σοφοῦ
3661 4571 3809 4627 γραμ-

2249 4651 2446 4719 ματέως
2484 4647 2723 4721 ὰμῆνοιί,
2764 4652 2854 4701 καὶ
2892 4650 3028 4702 κατὰ
3064 4655 3158 4702 τοῦ
3194 4653 3429 4722 γενναίου
3461 4647 3689 4701 ἀλείπτου
3713 4637 3810 4694 διαο

2248 4736 2432 4808 νάψαι,
2454 4742 2544 4790 καὶ
2572 4733 2802 4813 δολεροίς
2829 4736 3109 4792 ἀναπεῖσαι
3133 4747 3477 4813 κατεπιχειρῆ
3488 4756 3575 4790 σαι
3600 4741 3694 4793 τοῖς
3711 4731 3806 4803 τρό-

2247 4842 2364 4889 ποις
2398 4848 2410 4861 ·
2441 4829 2617 4880 ὁποῖον
2650 4822 2815 4902 δήπερ
2846 4827 3111 4897 έκεῖνοι,εἰ
3135 4833 3225 4883 καὶ
3257 4825 3349 4882 διὰ
3383 4825 3641 4905 βραχέων,
3668 4814 3806 4874 δεδη-

2246 4915 2463 4980 λωκότες
2492 4919 2845 4991 πεφθάκαμεν.

2315 5210 2416 5285 κγ’.
2458 5202 2741 5285 Θηριώδης
2778 5212 2868 5285 μὲν
2906 5206 3030 5286 γὰρ,
3070 5212 3161 5264 καὶ
3201 5213 3294 5270 τὴν
3343 5202 3498 5285 ὀργὴν
3537 5198 3802 5273 hateful!-

2242 5320 2350 5372 τος,
2392 5300 2498 5354 ἀλλ’
2537 5301 2665 5375 ουχὶ
2701 5306 2791 5355 καὶ
2827 5301 2987 5355 τοῖλλα
3019 5297 3306 5362 λεοντώδης
3344 5298 3440 5353 κάκ
3483 5303 3572 5351 τοῦ
3612 5292 3799 5367 φανεροῦ

2240 5395 2331 5452 τὴν
2392 5394 2576 5465 μάχην
2638 5390 2996 5465 κατατολμῶν,
3051 5393 3077 5443 ὁ
3144 5390 3389 5464 Ἰσαυρος
3447 5388 3512 5439 ὡν
3574 5384 3800 5454 ἐτύγχανε
