4084 6206
200 259 300 316 8H

1413 260 1484 316 IN
1524 259 1580 316 S.
1617 259 1815 319 JOAN.
1855 253 2353 316 DAMASCENUM.

3460 249 3565 319 διε

193 386 344 436 Λέων
372 401 386 416 ο
425 380 688 444 ἀλώπεκος
713 377 772 435 δε
788 383 980 436 κεύθων
1029 379 1091 442 ἦν
1138 385 1378 459 τρόπους,
1424 389 1513 438 καὶ
1561 386 1631 447 ὡς
1674 383 1791 444 an.

1913 381 2155 456 prodire
2193 380 2274 437 ad
2311 394 2606 454 pugnam;
2647 369 2754 438 sed
2791 377 3023 452 vulpiui
3083 380 3267 438 moris
3305 382 3564 441 multum

192 475 298 536 θῶς
329 475 432 526 ὑπὸ
457 472 630 545 λεοντῇ
686 481 746 545 τῇ
807 472 1058 546 ϐασιλικῇ
1095 478 1186 526 καὶ
1236 474 1484 547 φρικαλίᾳ
1525 475 1676 548 στολῇ
1710 480 1804 534 τὴν

189 558 412 636 δολεράν
442 581 496 614 τε
541 567 632 614 καὶ
679 563 864 634 ἄτιμον
919 560 1186 622 ἀλωπεκῆν
1220 563 1557 638 περιέστελλι.
1624 570 1805 636 Λυττᾴ

182 658 314 723 γοῦν
343 653 482 704 κατὰ
509 659 600 704 τοῦ
649 650 823 724 ἁγίου,
879 649 922 704 εἰ
975 653 1082 704 οἷον
1134 671 1187 705 τε
1245 648 1657 728 διαχρήσασθαι
1722 652 1802 705 ἔκ-

181 746 386 811 μανείς,
422 741 450 799 ἦ
495 739 683 812 μᾶλλον
738 736 1062 809 διασπάσαι,
1092 746 1178 794 καὶ
1230 741 1474 814 ὠμότατα
1503 747 1596 800 τὴν
1653 746 1799 814 γένυν

181 828 428 901 ἐμϐάψαι
464 837 537 900 τῷ
567 830 768 902 αἵματι,
809 833 900 882 καὶ
950 831 1108 904 θηρός
1140 826 1295 887 δίκην
1349 833 1433 883 τόν
1489 837 1653 907 πρᾶον
1708 851 1800 884 κα-

180 917 658 992 ταϐροχθίσασθαι
688 939 702 952 ·
755 918 849 970 οὐκ
879 921 1016 990 ἔχων
1045 915 1096 971 δ’
1135 920 1162 972 ὃ
1208 939 1258 971 τι
1287 925 1375 972 καὶ
1411 916 1670 994 δράσειεν,
1711 919 1796 972 ἐπὶ

179 1012 280 1066 τὴν
331 1009 534 1066 συνήθη
617 1013 937 1082 κακουργίαν
991 1015 1176 1084 χωρεῖ.
1241 1013 1341 1061 Καί
1387 1017 1510 1080 γοῦν
1584 1012 1798 1081 συνάγει

183 1100 312 1158 τοὺς
369 1099 828 1170 ὑπογραμματεῖς,
902 1099 1096 1158 πάντας
1169 1117 1222 1150 τε
1297 1106 1643 1173 γραμματεῖς,
1703 1103 1793 1151 καὶ

189 1191 535 1260 Φαρισαίκῶς
584 1187 720 1238 κατά
804 1194 900 1247 τῆς
977 1183 1224 1247 ἀληθείας
1305 1186 1789 1260 τραγηλιάσαντας,

184 1270 297 1326 εἶπέ
322 1293 408 1336 τις
465 1272 528 1324 ἆυ
576 1272 818 1338 ἐκείνους,
876 1278 965 1327 καὶ
1015 1281 1110 1334 τῆν
1160 1280 1347 1338 κακίας
1389 1273 1793 1349 ἀκριϐεστάτους

177 1370 403 1438 γραφεῖς
457 1383 470 1396 ·
525 1367 613 1415 καὶ
649 1359 716 1418 δὴ
768 1367 860 1416 σὺν
910 1370 1016 1425 τοῖς
1065 1363 1292 1436 ἰαλέμοις
1343 1366 1551 1426 ἐκείνοις
1583 1370 1794 1419 σκέπτε-

176 1471 266 1504 ται
299 1449 632 1524 βουλευταῖς,
663 1457 753 1505 καὶ
795 1455 930 1505 κατά
982 1461 1073 1514 τῆς
1111 1455 1336 1527 χάριτος
1365 1457 1488 1506 Υίοῦ
1529 1461 1661 1507 Θεοῦ
1701 1460 1792 1508 καί

178 1549 426 1617 Χριστοῦ
486 1546 680 1616 Κυρίου
729 1539 1052 1614 βουλεύεται,
1109 1545 1173 1604 ὡς
1211 1539 1449 1617 Ἡρώδης
1504 1543 1654 1605 ἄλλος
1701 1549 1791 1597 καὶ

176 1607 339 1690 αὐτός
425 1628 658 1702 ἕκμανείς
709 1651 722 1664 ο
777 1629 909 1690 πλὴν
990 1632 1075 1684 ἕνα
1131 1637 1221 1684 καὶ
1279 1631 1464 1684 τέλειον
1529 1629 1790 1705 σφαδάζει

176 1727 365 1772 τοῦτον
430 1716 894 1793 διαχειρίσασθαι,
973 1719 1249 1782 πλείστους
1297 1720 1480 1783 ἄλλους
1539 1718 1789 1794 περιιδὼν

175 1805 469 1871 νηπιώδεις
526 1809 614 1862 άτε
669 1813 850 1882 κρίνας
919 1814 1007 1861 καὶ
1067 1807 1273 1870 ἀτελεῖς.
1354 1808 1477 1862 Ἐνα
1543 1816 1633 1864 καὶ
1687 1814 1786 1886 γάρ

174 1907 363 1951 τοῦτον
420 1899 624 1951 πάντων
672 1896 872 1950 ἐκείνων
943 1896 1186 1956 ἀλείπτην
1249 1897 1478 1970 ἐγνώκει,
1528 1905 1617 1952 καὶ
1659 1903 1789 1976 πρὸς

177 1986 288 2048 ἑνός
318 1983 446 2059 ᾔδει
492 1992 585 2046 τὴν
641 1989 826 2059 μάχην
875 1983 1089 2040 δέσαντι
1137 1989 1466 2063 παράτακτον
1519 1986 1786 2059 ἐσχηκώς.

175 2078 449 2130 Μανθάνει
501 2080 673 2148 μέντοι
725 2079 868 2149 παρὰ
914 2078 1113 2128 πάντων
1165 2075 1352 2138 ἐπίσης
1402 2080 1460 2128 τὸ
1491 2079 1626 2129 κατὰ
1662 2081 1763 2130 πάν

174 2183 279 2216 των
335 2169 455 2240 περὶ
490 2165 675 2236 λόγους
704 2172 864 2218 αυτοῦ
912 2167 1124 2237 κράτος,
1172 2170 1264 2223 την
1323 2163 1370 2216 ἐν
1413 2164 1589 2238 λόγοις
1638 2162 1787 2240 διαλό-

171 2250 360 2328 ῥὴδην
417 2252 884 2328 ἀνωμολογηκότων
959 2254 1142 2325 ἰσχὺν,
1201 2257 1288 2306 καὶ
1339 2259 1432 2312 τὴν
1495 2259 1626 2330 πρός
1701 2259 1786 2307 τόν

172 2339 364 2418 ἄνδρα
421 2339 509 2394 διὰ
554 2342 708 2414 λόγου
761 2343 930 2402 παλην
989 2350 1133 2415 κοινῇ
1190 2340 1545 2419 ἀπειρηκότων
1595 2351 1732 2416 φωνῇ
1768 2363 1782 2376 -

175 2437 274 2485 καὶ
307 2427 447 2504 μηδ’
473 2433 534 2484 ἄν
562 2451 684 2486 ποτε
732 2431 787 2484 ἐκ
824 2440 916 2485 τοῦ
946 2440 1162 2506 φανεροῦ
1191 2436 1538 2504 κατισχύσειν
1566 2429 1787 2506 διισχυο

173 2524 481 2596 ρισαμένων
537 2523 604 2574 τά
653 2519 846 2574 ἐκείνου
892 2520 1145 2575 ἀναλῦσαι
1193 2525 1607 2596 συγγράμματα,
1661 2543 1788 2576 παν·-

176 2617 332 2683 ταχῆ
386 2630 441 2663 τε
491 2607 870 2687 διασπαρέντα,
919 2615 1009 2664 καὶ
1061 2610 1248 2673 πολλῆς
1300 2613 1376 2664 ὅτι
1429 2620 1525 2675 τῆς
1575 2614 1786 2676 πειθοῦς

173 2700 262 2772 (οὗ
309 2703 415 2774 γὰρ
466 2697 712 2763 ἀληθείας
799 2699 976 2760 ἣθελον
1065 2699 1251 2773 λέγειν)
1327 2701 1499 2775 πλήρη
1579 2704 1784 2774 τυγχά-

172 2809 351 2844 νοντα.

251 2961 362 3024 κδ’.
393 2973 521 3020 Τότε
559 2962 627 3026 δὴ
672 2965 851 3020 λοιπὸν
907 2969 1169 3042 τύραννος,
1209 2968 1275 3027 ὡς
1322 2969 1528 3022 πάντων
1577 2967 1790 3041 ἀπειρή-

174 3076 279 3124 κει,
330 3054 381 3109 ἐν
422 3059 606 3110 ἑαυτοῦ
649 3061 868 3128 γίνεται,
927 3060 1018 3108 καὶ
1081 3064 1191 3118 τοῖς
1242 3055 1453 3120 οἰκείοις
1527 3057 1788 3134 ἐπιτρέπει

173 3147 461 3219 λογισμοῖς
497 3148 562 3199 τά
623 3153 715 3206 τῆς
773 3144 1004 3218 σκέψεως
1035 3166 1047 3179 ⁸
1082 3149 1173 3198 καὶ
1223 3144 1424 3218 ἀθρείτε
1489 3151 1788 3221 ποριμωτά-

175 3256 282 3298 της
341 3239 477 3309 πρὸς
531 3239 588 3288 τὸ
648 3238 806 3288 κακὸν
857 3237 1057 3307 φύσεως
1132 3231 1400 3308 δαιμόνιον
1459 3239 1528 3297 ὡς
1587 3234 1788 3300 ἀληθῶς

177 3328 398 3402 εὑρεμα.
457 3326 778 3400 Προστάττει
831 3323 1065 3385 ζητῆσαι
1129 3333 1227 3377 τῶν
1289 3323 1572 3378 ἐπιστολῶν
1629 3325 1790 3380 αὐτοῦ

175 3419 332 3486 μίαν,
391 3418 480 3466 καὶ
528 3409 623 3466 διά
667 3411 913 3465 πλείστου
965 3415 1032 3474 ὡς
1111 3414 1355 3486 εὑρέσθαι
1436 3416 1787 3482 ποιήσασθαί,

179 3499 356 3556 ἰδίαιν
398 3499 457 3556 δὲ
509 3502 651 3573 αὐτῷ
709 3497 1178 3576 διαχαραχθεῖσαν
1223 3509 1422 3575 χεροῖν.
1459 3507 1560 3556 Καὶ
1588 3510 1714 3575 γοῦν
1740 3505 1791 3556 oi

177 3592 444 3668 ἀνθρώπῳ
490 3590 671 3645 ἐκεῖνοι
700 3596 789 3644 καὶ
827 3596 897 3664 μὴ
931 3599 1046 3662 Θεῷ
1105 3590 1341 3665 ἀρέσκειν
1399 3587 1493 3645 διὰ
1549 3589 1789 3655 σπουδῆς

178 3685 419 3754 ἔχοντες,
474 3681 542 3731 ὧν
587 3685 677 3732 καὶ
709 3683 778 3732 τά
829 3680 963 3732 ὀστᾶ
1011 3676 1381 3754 διεσκόρπισεν
1429 3681 1456 3732 ό
1506 3683 1654 3749 Θεὸς,
1701 3685 1791 3733 καὶ

178 3773 252 3822 ὧν
330 3769 444 3842 μετ’
502 3773 643 3841 ἤχου
722 3773 778 3822 τὸ
846 3773 1176 3841 μνημόσυνον
1239 3768 1414 3831 ὤλετο,
1473 3768 1790 3830 ἑζητήκασιν

179 3863 467 3935 εὑρήκασι,
525 3854 774 3931 δρομαῖοι
853 3862 1330 3932 προσενηνόχασιν.
1381 3857 1440 3910 Ὀ
1505 3855 1558 3910 δ’
1615 3861 1788 3936 ὥσπερ

180 3949 405 4024 ἑρμαίου
457 3945 758 4018 λαϐόμενος,
817 3955 916 3998 τῶν
975 3966 1076 3999 τινι
1126 3954 1293 4000 ταῦτα
1353 3943 1553 4010 δεξιῶν.
1611 3951 1671 4001 Εἰ
1709 3967 1790 4019 γε,

181 4041 340 4110 φησὶ,
401 4031 681 4097 δυνηθείης
713 4034 1160 4108 ἀπομιμήσασθαι
1191 4041 1286 4094 τὴν
1326 4033 1468 4088 ἰδίαν
1507 4045 1602 4099 τῆς
1629 4045 1721 4090 τοῦ
1742 4035 1790 4090 ἕν

180 4135 248 4198 τῇ
299 4131 576 4196 Δαμασκῷ
633 4123 870 4178 Ἰωάννοτ
918 4133 1121 4198 γραφῆς
1205 4125 1466 4194 (Ἰωάννου
1511 4123 1643 4196 λέγω
1699 4133 1791 4178 τοῦ

180 4223 280 4268 τοῦ
311 4217 590 4286 Μανσοὺρ,
634 4214 688 4265 ὃν
746 4209 913 4266 δεινὸν
950 4212 1184 4266 κῄεῐθεν
1224 4209 1367 4272 ἦσθα
1404 4221 1504 4266 τῶν
1531 4214 1790 4287 ἡμετέρων

181 4304 382 4378 ἐχθρὸν
409 4307 499 4354 καὶ
545 4301 809 4376 πολέμιον)
847 4307 1052 4356 καὶτὸν
1105 4311 1203 4355 τῶν
1255 4305 1576 4376 γράμμάτων
1631 4306 1790 4356 τύπον

180 4392 671 4468 ἐξακριϐὡσασθαι,
728 4393 954 4465 μεγάλην
1019 4395 1229 4465 ε’ῖσομαί
1309 4411 1393 4445 σοι
1452 4396 1546 4451 τὴν
1606 4395 1788 4466 χάριν,

180 4486 276 4536 καὶ
356 4485 616 4556 μεγίστων
677 4480 888 4545 ἀξιώσω
941 4491 1039 4534 τῶν
1107 4478 1356 4554 ἀμοιεών.
1422 4481 1628 4535 Ἀκούει
1691 4489 1792 4535 τῶν

180 4573 354 4644 λόγων
390 4573 416 4624 ὀ
471 4567 641 4635 δεξιὸς
700 4577 794 4631 την
837 4575 1027 4624 κακίαν
1069 4572 1419 4647 ὑπογραφεὺς,
1472 4575 1562 4624 καὶ
1619 4573 1789 4626 ὑπισ-

182 4669 402 4736 χνεῖται
434 4665 529 4721 την
583 4667 970 4737 μεταχείρισιν,
1017 4667 1107 4716 καὶ
1164 4661 1300 4715 οὕτω
1355 4681 1465 4724 πως
1527 4661 1793 4735 εὐστόχως

184 4751 445 4827 ἕκπληροῖ
481 4753 540 4804 τὸ
596 4755 720 4827 πρὸς
767 4745 1045 4825 βούλησιν,
1099 4752 1166 4812 ὡς
1195 4751 1302 4824 οὐχ
1332 4753 1410 4804 ὃτι
1447 4754 1574 4826 πρὸς
1609 4750 1792 4814 ἄλλους

186 4838 485 4910 διαλαϐεῖν,
517 4837 644 4894 ἀλλὰ
691 4845 780 4894 καὶ
833 4841 973 4914 αὐτῷ
1027 4860 1084 4914 γε
1148 4849 1221 4913 τῷ
1277 4837 1678 4914 ἀγχινουστάτῳ
1703 4845 1793 4894 καὶ

183 4935 323 5008 πρὸς
373 4933 564 4992 παντὸς
617 4928 918 4985 οὑτινοσοῦν
969 4928 1206 5004 ὐξυτάτῳ
1262 4923 1554 5003 κατάληψιν
1606 4933 1673 4983 τὰ
1698 4935 1794 4992 τῆς

189 5025 481 5096 σκαιωρίας
521 5017 845 5094 ἀμωσγέπως
893 5019 1230 5092 ἀγνοηθῆναι,
1288 5025 1378 5073 καὶ
1430 5021 1496 5072 τὰ
1550 5028 1648 5082 τῆς
1693 5038 1790 5072 κα-

183 5116 447 5186 κουργίας
491 5105 856 5185 παραδραμεῖν
911 5131 923 5144 ·
978 5116 1068 5164 καὶ
1125 5117 1393 5180 τοσοῦτον,
1452 5110 1521 5172 ὡς
1590 5113 1656 5162 τὰ
1702 5112 1792 5182 μὲν

185 5209 540 5275 χαρακτῆρος
615 5199 965 5274 ἀμφισϐητεῖν
1021 5205 1112 5254 καὶ
1168 5209 1267 5254 τῶν
1347 5200 1671 5275 γραμμάτων
1724 5203 1794 5260 ὡς

193 5288 353 5344 ἰδίων
400 5288 801 5355 ἀντιποιεῖσθαι,
867 5292 934 5342 τά
989 5285 1041 5342 δ’
1100 5287 1566 5365 ἐμπεριειλημμένα
1612 5291 1792 5360 σφίσιν

187 5383 256 5443 ὡς
323 5380 420 5434 οὐκ
493 5375 612 5432 ῖδια
667 5380 1116 5454 παρακρούεσθαι.
1191 5384 1291 5433 Καί
1341 5381 1442 5453 γὰρ
1498 5376 1794 5430 πέπλασται

185 5477 262 5541 τῷ
303 5466 460 5542 δεινῷ
505 5469 737 5543 τυράννῳ
776 5466 1056 5531 ἐπιστολῆς
1095 5462 1326 5532 ίκδοσις,
1395 5463 1552 5528 δῆθεν
1609 5465 1664 5520 ίκ
1702 5474 1815 5520 τοῦ·

189 5560 434 5617 Ἰωάννου
481 5560 610 5637 πρὸς
649 5559 973 5632 Αὔγουστον,
1017 5565 1106 5614 καὶ
1147 5561 1470 5614 συντέθειται
1506 5567 1576 5634 τῷ
1622 5557 1796 5634 εὐφυεῖ

694 5685 940 5746 Ρετιιοι..
982 5689 1084 5748 Gn.
1125 5687 1270 5748 CXL.

1913 487 2159 546 quoque
2190 470 2442 538 habens,
2479 470 2592 526 sub
2621 469 2783 539 regia
2822 485 2891 525 ac
2923 469 3166 526 leonina
3213 475 3270 526 et
3311 472 3554 529 terribili

1914 561 2110 633 specie
2138 558 2450 632 vulpinam
2482 558 2781 631 vilemque
2799 563 2856 615 et
2890 557 3334 616 fraudulentam
3366 562 3562 618 occui-

1913 648 2076 705 tabat
2097 654 2379 704 mentem.
2412 647 2574 703 Furit
2601 663 2753 719 ergo
2797 653 3006 704 contra
3052 653 3350 716 sanctum,
3402 653 3557 708 occi-

1909 736 2050 794 dere
2087 753 2249 805 eum,
2291 737 2342 792 si
2380 736 2591 809 possit,
2633 740 2736 792 aut
2779 736 2977 792 verius
3032 735 3260 793 laniare
3312 739 3563 811 cupiens

1909 830 2304 899 cruentasque
2355 825 2632 882 maxillas
2701 825 2994 898 sanguine
3033 826 3165 898 ejus
3210 828 3455 898 tingere,
3505 833 3564 885 et

1906 915 2464 972 mansuetissimam
2490 914 2687 971 virum
2719 915 2906 971 ferino
2938 931 3102 971 more
3131 931 3317 987 quam
3345 916 3560 974 crude-

1903 1004 2130 1062 lissime
2145 1005 2433 1080 devorare
2468 1026 2481 1060 :
2512 1003 2617 1060 sed
2656 1019 2778 1060 non
2805 1004 3114 1060 inveniens
3151 1006 3462 1078 quomodo
3488 1006 3550 1064 id

1905 1094 2230 1167 perﬁceret,
2257 1093 2335 1151 ad
2379 1093 2734 1150 familiarem
2779 1093 2892 1149 sibi
2929 1093 3224 1150 vafritiem
3266 1095 3554 1152 converti-

1904 1189 2021 1240 tur.
2066 1183 2296 1241 Coactis
2322 1181 2729 1255 undequaque
2761 1181 3122 1238 subnotariis
3166 1183 3556 1257 notariisque,

1902 1273 2240 1329 Pharisaice
2270 1278 2479 1327 contra
2497 1271 2804 1326 veritatem
2837 1271 3148 1341 insurgere
3166 1270 3550 1340 audentibus,

1900 1377 2056 1434 quos
2089 1361 2304 1434 aliquis
2319 1359 2484 1416 haud
2515 1360 2712 1432 inepte
2739 1359 2952 1415 dixerit
2976 1359 3302 1432 iniquitatis
3351 1376 3555 1434 exper-

1901 1450 2162 1506 tissimos
2180 1449 2427 1514 scribas;
2457 1465 2593 1504 cum
2624 1448 2868 1520 perditis
2892 1446 3005 1502 illis
3026 1447 3554 1516 consiliariis,con-

1899 1542 1992 1595 tra
2025 1538 2279 1609 gratiam
2304 1537 2420 1594 Filii
2457 1537 2559 1593 Dei
2591 1543 2643 1592 et
2673 1536 2972 1593 Christum
3006 1536 3242 1592 Domini
3267 1537 3554 1597 delibera-

1900 1629 2121 1684 tionem
2171 1627 2438 1698 instituit,
2501 1631 2792 1698 tanquam
2853 1625 3112 1681 llerodes
3157 1625 3304 1682 alter
3348 1629 3551 1696 etiam,

1898 1716 2025 1790 ipse
2051 1717 2358 1773 insaniens
2391 1735 2404 1772 :
2442 1715 2782 1788 multosque
2812 1714 3168 1787 despiciens,
3219 1715 3397 1772 veluti
3423 1732 3556 1789 par-

1900 1805 2069 1862 vulos
2109 1811 2290 1878 atque
2338 1803 2608 1860 imbelles
2664 1803 2904 1873 angitur
2955 1804 3181 1874 animo,
3237 1809 3303 1860 ut
3360 1821 3552 1863 unum

1898 1894 2302 1960 illum,v1rum
2333 1895 2535 1966 utique
2571 1891 2925 1964 perfectum,
2973 1893 3304 1950 interﬁciat.
3357 1897 3552 1953 Unum

1899 1983 2196 2057 siquidem
2219 1982 2652 2038 illumnoverat
2698 1986 3050 2037 cmterorum
3098 1981 3372 2038 omnium
3421 1999 3551 2040 esse

1897 2072 2314 2127 instructorem
2340 2069 2417 2125 ad
2447 2069 2695 2137 luctam,
2727 2072 2783 2124 et
2810 2085 2947 2124 cum
2972 2084 3093 2124 uno
3144 2069 3258 2124 sibi
3298 2085 3545 2142 congre-

1898 2161 2187 2218 diendum
2218 2159 2444 2216 sciebat
2471 2159 2548 2214 ad
2580 2174 2848 2232 pugnam
2885 2158 3290 2231 paratissimo.
3339 2161 3552 2219 lutclli-

1898 2250 2077 2321 gebat
2104 2250 2263 2306 enim
2295 2264 2366 2304 ex
2396 2247 2679 2304 concordi
2743 2247 3015 2303 omnium
3074 2247 3362 2304 relatione
3425 2251 3549 2308 vim

1897 2343 2077 2412 atque
2103 2336 2434 2410 potentiam
2460 2351 2808 2392 sermonum
2840 2336 2970 2406 ejus
2999 2341 3210 2392 contra
3237 2337 3549 2395 universos

1895 2427 1999 2500 qui
2028 2427 2228 2500 palam
2258 2441 2470 2482 omnes
2498 2425 2958 2493 confitebantur,
3006 2424 3171 2498 quod
3201 2441 3324 2482 non
3367 2427 3548 2485 aude.

1894 2523 2026 2574 rent
2047 2532 2186 2572 cum
2207 2515 2452 2572 homine
2501 2513 2784 2586 congredi
2826 2513 3215 2586 disputando,
3267 2515 3550 2588 despera-

1895 2605 2044 2662 bant
2075 2609 2274 2661 autem
2301 2602 2467 2677 quod
2499 2603 2630 2674 ejus
2655 2603 2875 2674 scripta
2894 2607 3143 2674 possent
3162 2602 3423 2674 abolere,
3459 2610 3548 2662 ut-

1897 2700 2034 2768 pote
2081 2694 2210 2766 jam
2236 2692 2461 2766 ubique
2519 2691 2817 2764 dispersa,
2867 2691 3246 2765 multumque
3296 2709 3542 2767 persua~

1897 2784 2083 2842 sionis
2122 2787 2251 2857 (nec
2304 2783 2466 2840 enim
2519 2781 2802 2839 volebant
2853 2781 3049 2838 dicere
3104 2783 3388 2856 veritatis)
3434 2784 3542 2844 ba-

1896 2875 2119 2932 bentia.

1967 2967 2222 3022 24.Tunc
2249 2967 2542 3035 tyrannus
2561 2959 2691 3017 aliis
2702 2959 2956 3016 diffusus
2981 2959 3264 3016 omnibus
3286 2965 3467 3034 atque
3489 2961 3549 3019 in

1899 3053 2162 3126 seipsum
2187 3066 2537 3118 conversus,
2560 3049 2964 3119 cognitionem
3003 3048 3259 3121 propriis
3280 3051 3550 3108 commit-

1901 3145 1964 3201 tit
1992 3138 2476 3213 cogitatiombus,
2517 3144 2573 3194 et
2593 3136 2816 3207 ingenii
2859 3137 2939 3192 ad
2986 3135 3216 3194 malum
3247 3137 3552 3196 vaferrimi

1901 3232 2452 3290 machinamentum
2473 3243 2610 3284 vere
2639 3223 3006 3283 diabolicum
3027 3228 3262 3300 reperit.
3294 3231 3554 3302 Imperat

1899 3320 2287 3396 epistolarum
2313 3317 2559 3374 Joannis
2572 3331 2759 3372 unam
2787 3314 3054 3387 aliquam
3076 3316 3318 3389 requiri,
3353 3318 3552 3376 studio

1899 3414 2370 3484 quantocunque
2400 3404 2692 3472 adhibito,
2751 3403 2859 3460 sed
2907 3403 3222 3478 epistolam
3272 3412 3549 3479 autogra-

1901 3501 2108 3574 pham:
2137 3495 2384 3553 ministri
2412 3508 2550 3550 vero
2580 3493 2733 3564 ejus,
2765 3491 2869 3565 qui
2894 3506 3018 3548 non
3043 3494 3160 3550 Deo
3185 3493 3292 3551 sed
3319 3494 3553 3554 homini

1901 3587 2137 3662 placere
2165 3583 2532 3650 nitebantur,
2564 3597 2824 3655 quorum
2851 3596 2993 3638 ossa
3011 3581 3299 3656 dispersit
3321 3586 3474 3643 Deus
3495 3592 3553 3645 et

1900 3693 2164 3751 quorum
2192 3673 2487 3731 memoria
2516 3687 2655 3728 cum
2698 3671 2898 3728 sonitu
2951 3671 3141 3744 periit,
3188 3676 3552 3749 perquisive.

1900 3769 2060 3834 runt,
2108 3764 2485 3827 invenerunt,
2522 3758 2871 3832 cursimque
2912 3759 3238 3818 attulerunt
3281 3763 3358 3821 ad
3389 3780 3548 3828 eum,

1900 3859 2192 3927 tauquam
2223 3850 2303 3906 ad
2329 3864 2616 3919 magnum
2631 3847 3551 3926 quoddaminexspectatumquc

1900 3945 2133 4000 lucrum
2156 3938 2520 4012 gaudentem
2554 3936 2701 4010 :qui
2741 3936 3028 3994 accersito
3049 3937 3126 3994 ad
3168 3955 3231 3995 se
3250 3939 3377 3995 viro
3432 3943 3554 3998 cui-

1899 4034 2046 4090 dam
2075 4028 2387 4098 iadustrio,
2443 4026 2501 4084 Si
2551 4026 2982 4089 characterem,
3040 4026 3251 4099 inquit,
3300 4029 3550 4087 Joannis

1900 4120 2064 4196 apud
2079 4121 2436 4175 Damascum
2453 4113 2744 4186 degentis,
2759 4114 3009 4170 Joannis
3022 4114 3158 4171 dico
3168 4114 3274 4172 tilii
3286 4118 3551 4176 Mansur-

1899 4227 2082 4285 quem
2105 4204 2769 4278 graveminfestumque
2815 4219 3016 4260 rerum
3063 4209 3405 4263 nostrarum
3444 4207 3550 4265 ho-

1901 4307 2054 4358 stem
2082 4297 2263 4355 etiam
2289 4293 2427 4352 inde
2455 4293 2724 4366 patimur
2745 4292 2896 4351 sicut
2933 4294 3111 4365 nosti,
3133 4296 3396 4368 potueris
3422 4296 3551 4355 imi-

1903 4389 2014 4448 tari
2042 4389 2296 4462 ejusque
2326 4383 2694 4440 simillimum
2725 4383 3036 4457 exemplar
3063 4385 3377 4454 conﬁcere,
3411 4403 3550 4446 ma-

1904 4495 2089 4552 gnam
2109 4494 2146 4534 a
2171 4491 2266 4532 me
2286 4472 2464 4530 inibis
2485 4471 2744 4543 gratiam
2771 4478 2827 4530 et
2851 4473 3065 4543 grandi
3086 4477 3554 4549 praemioremu-

1903 4567 2233 4628 neraberis.
2255 4561 2429 4620 Audit
2443 4561 2571 4618 haec
2591 4559 2798 4617 dexter
2816 4561 2896 4618 ad
2917 4565 3247 4637 nequitiam
3267 4567 3482 4635 scriba,
3499 4573 3557 4624 et

1902 4653 2345 4718 falsificandam
2393 4649 2640 4709 Joannis
2687 4665 2938 4708 manum
2981 4653 3299 4725 pollicetur
3337 4654 3555 4712 deinde

1903 4749 2068 4826 quod
2089 4751 2214 4805 erat
2231 4743 2524 4819 pollicitus
2556 4745 2682 4798 tam
2712 4742 2855 4798 scite
2885 4741 3084 4815 explet
3109 4743 3189 4800 ad
3231 4745 3554 4818 imperato-

1901 4841 1984 4899 ris
2009 4838 2396 4901 voluntatem,
2426 4836 2627 4889 utnon
2658 4829 2855 4887 solum
2883 4830 3032 4887 alios
3059 4831 3242 4890 latere
3281 4832 3554 4906 supposi-

1903 4931 1983 4988 tio
2001 4930 2223 5002 posset,
2247 4921 2353 4980 sed
2381 4921 2564 4979 etiam
2591 4919 2919 4994 ipsummet
2953 4922 3264 4990 Joannem,
3301 4921 3437 4980 licet
3474 4922 3556 4982 ad

1904 5013 2165 5088 cujusvis
2201 5011 2284 5070 rei
2314 5008 2916 5082 comprehensionem
2949 5010 3334 5082 acerrimum,
3365 5011 3449 5070 sic
3465 5011 3555 5069 fu-

1904 5122 2041 5180 gere
2070 5102 2296 5161 valeret
2323 5099 2490 5157 fraus
2514 5097 2749 5154 occulta
2778 5101 2837 5154 et
2876 5097 3187 5157 maleﬁcus
3229 5106 3422 5174 astus,
3469 5107 3555 5174 ut,

1901 5195 2068 5272 quod
2095 5193 2174 5252 ad
2194 5186 2557 5249 characteris
2570 5186 2795 5260 proprii
2812 5186 3071 5245 formam
3093 5190 3319 5259 attinet,
3332 5189 3556 5249 litteras

1901 5303 2012 5361 pro
2042 5284 2170 5342 suis
2201 5280 2967 5351 (leberetagn03cere,quaa
3006 5295 3148 5338 vero
3170 5280 3243 5338 iis
3294 5283 3557 5340 contine-

1901 5377 2124 5434 bantur
2143 5377 2354 5430 utnon
2386 5383 2498 5426 sua
2537 5364 2876 5439 repudiare.
2937 5368 3203 5429 Conticta
3255 5371 3556 5446 siquidem

1904 5465 2014 5524 fuit
2033 5460 2306 5538 epistola,
2331 5457 2494 5516 velut
2521 5455 2600 5514 ab
2631 5455 2764 5530 ipso
2808 5457 2887 5516 ad
2937 5463 3274 5532 Augustum
3312 5461 3553 5534 scripta,

1905 5555 2059 5616 sicut
2094 5551 2280 5614 solers
2317 5548 2414 5610 ille
2453 5545 2704 5620 scriptor
2744 5555 3058 5624 acceperat
3110 5552 3174 5608 in
3229 5549 3554 5620 mandatis,

3095 5678 3164 5733 27
