4084 6206
82 20 95 75 'i

600 228 702 307 843
1787 228 2223 294 CONSTANTIN

2335 232 2767 297 asumma.
3101 305 3121 323 ,
3791 261 3877 314 ,μ

596 373 927 430 secundum
959 369 1246 444 propositi
1267 368 1327 422 in
1367 362 1741 433 autographa
1778 362 2135 419 characteris
2168 364 2223 420 sit

2348 374 2647 437 γραμματεῖ
2675 372 2807 441 πρὸς
2848 365 3010 433 ἰδέαν,
3074 372 3138 429 ὡς
3194 369 3474 443 ἐπετὰχϐη,
3536 386 3735 449 γραφῆς,
3782 386 3881 455 πρὸς

596 463 991 519 militudinem
1028 466 1083 516 et
1096 457 1456 515 diabolicam
1472 459 1595 509 tam
1610 453 1919 507 scribentis
1934 470 2118 526 quam
2140 456 2241 525 ju-

595 553 791 609 bentis
846 549 1241 615 industriam;
1302 550 1357 601 et
1406 544 1481 600 ad
1526 545 1835 597 Persarum
1893 544 2239 612 praefectum

594 642 818 696 missa:
871 655 1008 693 cum
1050 639 1160 692 hac
1202 651 1343 690 vero
1394 632 1583 688 missa
1630 637 1718 685 est
1771 630 1947 685 etiam
2001 632 2117 685 alia
2164 631 2239 685 de

592 728 842 784 Joanne.
874 729 1010 793 Quae
1037 722 1341 793 autem,ab
1372 719 1673 789 hoc,velut
1695 718 1771 772 ad
1787 721 2074 775 Caesarem
2105 720 2240 774 mis-

596 834 663 873 sa
693 816 961 888 epistola,
992 815 1488 883 suggerebantur,
1519 810 1645 863 haec
1676 815 1844 862 erant
1871 808 2075 879 quoad
2110 824 2236 862 seu.

595 923 749 973 sum;
778 921 974 977 neque
1005 902 1163 958 enim
1204 900 1389 955 verba
1413 898 1628 953 referre
1658 896 1794 967 ipsa
1824 896 2073 966 possim,
2104 912 2238 967 par-

594 996 724 1061 tim;
749 994 975 1050 oblitus
1004 1004 1375 1061 eorum,quae
1396 1002 1517 1042 non
1546 985 2238 1040 credebaminemoriam

594 1091 857 1141 nostram
875 1080 1339 1152 mereri,partim
1379 1076 1738 1143 dedignatus
1766 1078 1886 1129 tam
1912 1072 2240 1129 exsecrabi-

592 1174 712 1229 lem
740 1173 1158 1244 imposturam.
1194 1169 1413 1224 Sensus
1443 1178 1585 1233 ergo
1617 1162 1749 1217 talis
1794 1162 2239 1233 quadamtenus

592 1268 739 1320 erat.

665 1375 753 1426 25.
789 1367 1008 1425 Servile
1039 1365 1251 1421 collum
1294 1363 1520 1418 etiame
1568 1360 1899 1431 longinquo
1951 1358 2239 1414 submitto

596 1460 722 1525 tibi,
766 1461 959 1515 Ctesar
996 1460 1357 1523 tuorumque
1398 1449 1620 1521 pedum
1662 1448 2061 1503 extremitates
2106 1464 2238 1501 am-

593 1550 837 1621 plector.
859 1543 1279 1616 Equidem,uta
1304 1538 1532 1596 Christo
1553 1537 2104 1592 denominationem
2130 1536 2234 1591 ha-

592 1640 769 1698 bens,
807 1636 933 1703 tibi,
987 1639 1049 1688 ut
1094 1630 1570 1687 Christianorum
1622 1627 1842 1698 ubique
1891 1626 2234 1694 degentium

2348 459 2670 527 γραμμάτων
2764 459 3031 528 ὁμοίωσιν,
3122 463 3251 532 πρὸς
3327 458 3590 533 δαιμονίαν
3662 465 3879 541 ἀκρίϐειαν

2349 545 2463 594 κατ’
2514 542 2797 619 ἀμφότερα,
2852 551 2938 598 καὶ
2990 546 3309 600 ἀπέσταλται
3350 558 3421 620 τῷ
3476 556 3759 626 Περσάρχη,
3810 564 3879 611 καὶ

2350 637 2495 707 ετέρα
2541 640 2658 708 περὶ
2723 636 2884 687 αὐτοῦ
2929 638 3357 695 συνεπέσταλται.
3407 639 3469 692 Ἃ
3514 647 3668 693 τοίνυν
3710 653 3787 704 τῆν
3830 651 3880 709 ὡς

2348 720 2401 772 ἐκ
2471 731 2562 773 τοῦ
2631 722 2868 775 Ἰωάννου
2924 728 3054 798 πρὸς
3092 730 3178 778 τὸν
3249 725 3467 799 βασιλέα
3531 729 3776 795 ἐπιστολῆς
3830 755 3880 787 τα

2349 806 2642 882 δηλούμενα
2704 809 2785 880 ἦν,
2840 817 3005 865 ταῦτά
3065 834 3124 886 γε
3173 812 3234 873 ἦν
3263 837 3275 849 ·
3341 817 3466 875 πλὴν
3516 818 3602 869 οὐκ
3630 819 3702 872 ἐπὶ
3739 822 3879 885 λέξεως

2348 901 2543 970 εἴποιμι
2585 900 2925 974 ἐπιλέλησμαι
2966 906 3066 976 γάρ
3129 925 3141 937 ο
3192 903 3299 957 ἐπεί
3354 926 3457 966 πως
3516 908 3616 976 (12)
3666 907 3766 978 οὐδ,
3800 909 3882 963 ἐδι-

2346 990 2551 1039 καίωσά
2617 1008 2707 1060 μοι
2790 990 3129 1044 ἐναποθέσθαι
3206 1002 3274 1063 τῷ
3336 1000 3570 1067 μνημονι,
3631 996 3880 1061 ἀπαξιώσας

2348 1078 2477 1148 ὁμοῦ
2551 1082 2641 1130 καὶ
2731 1087 2819 1130 τοῦ
2884 1079 3151 1153 πλαματος
3222 1088 3311 1134 καὶ
3382 1092 3470 1135 τοῦ
3540 1091 3883 1159 πευωρήματος

2351 1162 2747 1239 βδελυξάμενος.
2778 1167 2939 1239 Εἶχον
2960 1166 3019 1222 δὲ
3057 1171 3157 1243 ἄρα
3188 1174 3381 1224 οὑτωσί
3410 1192 3512 1233 πως
3535 1174 3678 1229 αὐτοὶ.

2418 1359 2504 1416 κε’.
2536 1362 2767 1414 Δούλειον
2799 1363 3000 1435 αὐχένα
3063 1369 3150 1416 καὶ
3193 1365 3453 1440 πόρρωθεν
3527 1368 3757 1420 ὑποκλίνω
3801 1391 3877 1436 σοι,

2349 1448 2588 1521 βασιλεῦ,
2626 1458 2716 1503 καὶ
2789 1458 2872 1504 σοὶ
2931 1457 3048 1513 τοὺς
3116 1457 3335 1527 ὡραίους
3373 1461 3784 1531 προσπτύσσομαι
3814 1464 3879 1510 πο-

2347 1535 2465 1599 δας,
2538 1541 2563 1589 ὁ
2617 1538 2716 1591 ἀπὸ
2774 1548 3005 1614 Χριστοῦ
3062 1550 3525 1617 παρωνομασμένος
3561 1545 3654 1617 ἐγώ
3699 1554 3763 1616 τῷ
3807 1558 3878 1598 τῶν

2345 1632 2729 1701 Χριστωνύμων
2769 1626 3064 1687 ὁπηὸἠποτ“
3117 1630 3176 1682 ἂν
3214 1637 3301 1683 καὶ
3374 1635 3674 1705 εὑρίσκοιντο
3719 1632 3880 1706 διάγον-

593 1725 831 1799 praesidi
858 1720 1236 1779 manifestare
1268 1718 1480 1784 debeo,
1529 1733 1662 1787 quae
1695 1717 1990 1787 pertinent
2023 1714 2099 1769 ad
2134 1716 2223 1767 iiu-

2344 1736 2425 1777 τες
2475 1719 2713 1789 ἄρχοντι,
2766 1723 2855 1770 xui
2888 1716 3132 1792 ὃιασαφῶ
3167 1723 3233 1772 τὰ
3284 1730 3384 1773 τῶν
3413 1721 3742 1774 ἀσεϐεστάτων
3767 1724 3880 1795 Ἀγα-

592 1815 899 1889 piissimos
932 1812 1281 1871 Saracenos;
1316 1804 1830 1878 quemadmodum
1847 1804 2065 1858 scilicet
2085 1819 2156 1858 ea
2174 1819 2233 1857 se

590 1920 753 1960 nunc
782 1901 1064 1967 habeant,
1108 1902 1162 1951 et
1191 1895 1394 1967 qualia
1420 1894 1567 1964 ipsis
1601 1892 1943 1957 acciderint,
1991 1907 2234 1963 quoque

588 1992 889 2048 malorum
939 1984 1343 2060 processerint
1373 1982 1571 2037 furiosi
1592 1980 1692 2037 illi.
1730 1982 1883 2037 Sciat
1912 1982 2091 2049 igitur
2112 1996 2233 2035 ma-

584 2081 772 2152 jestas
804 2084 925 2145 tua,
968 2077 1132 2147 ipsos
1174 2072 1421 2129 omnino
1460 2070 1697 2125 destitui
1737 2069 2093 2124 militaribus
2133 2084 2233 2123 co-

587 2170 700 2242 piis
724 2166 917 2240 (divisi
943 2163 1103 2219 enim
1131 2163 1280 2217 inter
1302 2176 1363 2215 se
1404 2164 1559 2213 sunt.
1587 2164 1915 2229 mutuoque
1959 2157 2037 2212 ab
2081 2156 2232 2211 invi-

587 2276 717 2315 cem
739 2259 1068 2314 atteruntur
1088 2249 1394 2314 conﬂictu)
1419 2254 1598 2320 atque
1634 2247 1785 2302 adeo
1825 2251 2107 2318 superato
2142 2245 2233 2300 fa-

586 2348 723 2404 ciles
754 2362 884 2402 esse
924 2342 1262 2412 cuicunque
1303 2338 1524 2394 volenti
1555 2354 1567 2390 :
1596 2352 1796 2391 meam
1841 2335 2086 2406 insuper
2126 2349 2232 2405 pa-

582 2428 777 2502 triam,
810 2433 1023 2489 urbem
1054 2432 1363 2502 antiquam
1415 2432 1471 2482 et
1506 2426 1751 2491 claram,
1785 2440 1919 2497 quia
1952 2439 1987 2479 a
2020 2422 2231 2478 funda-

581 2525 797 2582 mentis
818 2521 1006 2578 multo
1029 2521 1161 2593 jam
1191 2524 1454 2588 tempore
1488 2515 1737 2570 subruta
1747 2514 1925 2585 jacet,
1954 2520 2009 2568 et
2034 2514 2093 2567 in
2118 2511 2230 2566 mi-

583 2616 874 2671 seriarum
915 2607 1346 2683 plenitudinem
1387 2605 1616 2675 dejecta
1655 2609 1760 2661 est.
1804 2602 1972 2657 nullo
2012 2602 2230 2673 pariter

579 2704 820 2777 negotio
848 2696 1291 2771 subjugabilem
1313 2710 1602 2766 apparere
1632 2697 1709 2748 Ne
1724 2691 2221 2754 cuncterisiaitur,

579 2798 667 2850 ter
694 2791 955 2849 maxime
968 2788 1312 2860 imperator,
1329 2787 1433 2838 sed
1448 2797 1710 2854 praesens
1731 2782 2015 2836 assistens
2030 2778 2222 2833 solum

578 2887 632 2938 te
652 2879 983 2937 videndum
1000 2876 1223 2949 praebe,
1253 2878 1431 2944 atque
1449 2871 1527 2926 ad
1549 2887 1619 2926 ea
1657 2886 1791 2943 quae
1822 2870 1917 2923 hic
1940 2873 2225 2937 geruntur

578 2971 945 3042 improwsus
963 2963 1180 3021 accede
1211 2982 1222 3018 :
1247 2962 1411 3017 brevi
1439 2960 1597 3015 enim
1639 2976 1708 3015 ac
1748 2959 1873 3014 sine
1901 2956 2222 3013 certamine

2340 1814 2527 1879 ρηνών,
2561 1808 2697 1868 ὅπως
2728 1826 2780 1858 τε
2809 1810 2873 1859 τὰ
2900 1816 2987 1859 νῦν
3023 1811 3232 1880 ἔχουσι,
3294 1816 3385 1861 καὶ
3446 1812 3594 1863 ὁποῖα
3646 1809 3798 1869 δήπου
3834 1816 3882 1863 τὰ

2342 1896 2477 1945 κατὰ
2528 1898 2743 1956 τούτους
2785 1902 3147 1968 συμπέπτωκε,
3195 1905 3283 1951 καὶ
3318 1900 3373 1950 οἷ
3418 1908 3584 1951 κακῶν
3634 1903 3678 1952 οἰ
3721 1898 3880 1971 δυσμε-

2341 1991 2437 2043 νεῖς
2486 1981 2816 2041 ἔληλάκασιν.
2870 1984 3029 2037 Ἰστω
3074 2005 3168 2038 σου
3218 1991 3276 2038 τὸ
3338 1991 3523 2056 κράτος
3560 1992 3622 2040 τὰ
3649 1998 3728 2049 τῆς
3762 2009 3881 2062 στραι

2342 2077 2453 2131 τιᾶς
2509 2072 2761 2135 παντελῶς
2801 2072 3184 2149 ἑξηπορηκότας
3214 2080 3369 2148 (πρὸς
3438 2097 3492 2128 τε
3540 2080 3632 2151 γαρ
3687 2077 3881 2137 ἀλλήλους

2344 2156 2624 2234 διῄρηνται
2686 2162 2817 2233 (13),
2890 2168 2978 2215 καὶ
3051 2164 3137 2216 ὑπ’
3199 2163 3428 2223 ἀλλήλων
3498 2162 3877 2237 ἔκδαπανῶνται),

2344 2250 2478 2301 ἔνθεν
2532 2256 2621 2301 καὶ
2666 2251 3093 2325 εὐεπιχειρήτους
3157 2251 3331 2328 ᾧσπερ
3402 2256 3462 2306 ἄν
3501 2261 3586 2307 καὶ
3623 2258 3692 2313 εἴη
3737 2254 3879 2326 βουλο-

2342 2342 2473 2409 μένῳ
2503 2341 2856 2410 τυγχάνοντας
2891 2361 2902 2372 ο
2954 2346 3387 2415 προσεπιτούτοις
3438 2340 3494 2396 δὲ
3540 2350 3625 2397 καὶ
3670 2349 3751 2403 τὴν
3784 2346 3877 2416 ἐμὴν

2341 2424 2594 2500 πατρίδα,
2648 2433 2741 2486 τὴν
2796 2428 3024 2499 ἀρχαίαν
3066 2430 3212 2482 πόλιν
3259 2438 3351 2484 καὶ
3418 2439 3735 2506 περιώνυμον,
3786 2431 3878 2488 ἀτη-

2340 2515 2555 2587 μέλητον
2608 2515 2660 2567 ἐκ
2718 2526 2920 2591 μακροῦ
2951 2539 3003 2570 τε
3053 2520 3212 2570 οὖσαν
3248 2525 3339 2572 xui
3377 2519 3423 2581 ἐς
3468 2526 3524 2573 τὸ
3560 2521 3776 2583 παντελές
3798 2516 3876 2579 ἤδη

2337 2604 2750 2662 καταθηθείσαν
2820 2612 2910 2658 xui
2980 2607 3229 2659 εὐάλωτον
3306 2619 3589 2682 πεφηνυῖαν
3644 2616 3724 2663 καὶ
3794 2610 3877 2661 λίαν

2336 2693 2747 2767 εὐεπιχείρητον.
2783 2700 2869 2752 Μὴ
2897 2703 3021 2765 γοῦν
3070 2695 3301 2749 ἐπιπλέον
3371 2699 3642 2765 ἀναϐαλοῦ,
3703 2702 3878 2774 τρισμ-

2332 2801 2483 2852 γιστε
2560 2782 2778 2853 βασιλεῦ
2843 2804 2855 2817 ·
2915 2784 3021 2836 ἀλλ’
3060 2784 3331 2853 ἐπίστηθι,
3396 2787 3664 2861 ἐπιφάνηθι
3740 2793 3875 2860 μόνον,

2331 2880 2625 2941 παραγενοῦ
2654 2878 2764 2932 τοῖς
2790 2869 2919 2943 τῇδε
2970 2894 2981 2905 ·
3022 2869 3115 2925 διὰ
3165 2873 3406 2947 βραχέος
3433 2880 3532 2950 γὰρ
3595 2883 3679 2930 καὶ
3722 2878 3878 2928 ἀκονιτὶ

2330 2963 2423 3017 τὴν
2473 2964 2747 3031 Δαμασκὸν
2809 2967 3127 3035 παραστήσῃ
3184 2968 3276 3021 τὴν
3349 2965 3761 3040 πολυθρύλλητον,
3810 2968 3876 3015 καὶ

576 3062 962 3121 Damascum,
1012 3054 1187 3109 fama:
1245 3051 1584 3107 celebritate
1646 3048 2043 3109 notissimam,
2109 3044 2219 3101 sub

2331 3051 2462 3118 μέγα
2528 3048 2667 3109 κλέος
2722 3048 3079 3112 ἐπαναζεῦξεις
3142 3051 3400 3126 ἀράμενος
3456 3077 3468 3087 -
3536 3058 3753 3129 εὑρήσεις
3798 3056 3874 3123 γὰρ

576 3154 745 3204 tuam
780 3146 1013 3214 rediges
1045 3146 1421 3215 potestatem,
1455 3143 1511 3193 et
1541 3153 1766 3206 magna
1797 3136 1985 3205 gloria
2013 3134 2216 3206 acqui-

575 3238 685 3292 sita
713 3234 957 3298 redibis;
987 3247 1080 3286 me
1105 3228 1402 3301 siquidem
1425 3227 1482 3281 in
1515 3227 1717 3280 multis
1754 3225 2090 3295 adjutorem
2128 3237 2218 3277 re-

571 3325 784 3399 peries,
817 3325 1019 3393 utpote
1048 3323 1347 3391 potentem
1372 3316 1429 3370 in
1452 3314 1699 3379 Perside,
1718 3317 1774 3367 et
1814 3328 2011 3367 rerum
2055 3326 2217 3365 sum-

571 3430 737 3470 mam
771 3424 1134 3484 quocunque
1164 3405 1403 3460 libuerit
1441 3404 1753 3457 ducentem
1798 3417 1866 3455 ac
1908 3399 2219 3454 traducen-

570 3509 719 3560 tem.
759 3504 823 3555 Et
851 3501 978 3554 haec
1004 3495 1250 3567 quidem
1281 3498 1384 3548 aut
1412 3492 1513 3561 huj
1528 3490 1763 3545 usmodi
1785 3489 1900 3544 alia
1930 3488 2216 3557 figmento

575 3593 695 3646 isto
737 3587 1197 3643 continebantur
1238 3602 1250 3637 :
1294 3597 1428 3655 quae
1467 3595 1608 3635 vero
1640 3578 1717 3633 ab
1746 3578 2100 3651 imperatore
2140 3575 2217 3630 ad

572 3682 887 3733 Persarum
910 3673 1259 3747 praefectum
1298 3668 1634 3725 addebatur
1672 3667 1921 3739 epistola
1941 3666 2000 3720 in
2056 3666 2217 3720 hunc

572 3768 691 3823 fere
712 3764 963 3821 modum
1004 3759 1342 3832 conscripta
1368 3763 1512 3813 erat.

639 3880 732 3931 26.
771 3868 1341 3941 Admoduminclyte
1375 3883 1446 3922 ac
1464 3863 1737 3920 nobiliter
1770 3869 2215 3935 nateetpraepo-

569 3972 697 4023 tens
728 3967 1046 4021 Persarum
1080 3958 1371 4031 praefecte,
1404 3955 1556 4010 bene
1603 3953 1818 4018 valeas,
1863 3957 1917 4007 et
1960 3968 2093 4023 quae
2136 3950 2209 4006 ad

569 4062 739 4113 tuam
780 4052 1032 4109 attinent
1087 4047 1415 4120 potentiam
1455 4060 1523 4099 ac
1586 4042 1935 4112 dignitatem
2000 4040 2215 4095 cedant

567 4158 872 4216 prospere,
901 4153 1170 4210 meaeque
1209 4134 1595 4191 dominationi
1635 4131 1999 4186 denuntieris
2038 4130 2211 4201 plena

568 4234 841 4289 felicitate
868 4230 1001 4293 frui,
1035 4234 1214 4298 atque
1244 4226 1317 4280 de
1344 4222 1755 4292 magnitudine
1803 4228 2006 4276 nostra
2053 4220 2209 4273 idem

567 4320 881 4387 intelligas.
906 4314 1066 4372 Nosti
1090 4330 1274 4384 quam
1295 4328 1406 4381 ego
1438 4313 1550 4366 sim
1575 4313 1632 4364 in
1658 4309 1980 4364 faederibus
2006 4313 2061 4362 et
2108 4324 2211 4379 pa-

568 4412 676 4467 ctis
715 4405 1019 4463 conventis
1057 4401 1203 4457 nulli
1255 4400 1551 4455 obnoxius
1610 4396 2023 4452 mutabilitati:
2069 4402 2212 4450 tem-

568 4517 683 4573 pus
715 4497 895 4560 enim,
922 4508 1179 4562 magnus
1201 4493 1285 4560 (ut
1314 4488 1564 4559 quidam
1596 4486 1761 4547 dixit)
1788 4485 2070 4553 magister
2116 4502 2211 4539 re-

568 4605 726 4655 rum,
760 4583 906 4641 nihil
935 4596 1054 4636 non
1071 4576 1485 4647 detegitatque
1546 4574 1783 4629 revelat.
1838 4576 2095 4628 Tuorum
2128 4573 2211 4627 in-

569 4681 738 4736 terim
772 4672 1151 4730 subditorum
1174 4666 1446 4739 quidam,
1498 4662 1875 4736 improbitate
1922 4665 2211 4731 gaudens,

568 4767 845 4826 inimicus
868 4763 1052 4834 pacis,
1080 4764 1137 4813 et
1166 4756 1351 4812 hostis
1391 4755 1641 4819 virtutis,
1706 4751 2033 4807 convellere
2088 4752 2214 4807 niti-

571 4876 667 4931 tur
699 4852 1094 4912 foederainter
1133 4864 1244 4903 nos
1268 4846 1395 4915 jam
1428 4844 1569 4899 olim
1622 4842 1868 4909 sancita,
1935 4845 1989 4896 et
2027 4842 2214 4912 jusju-

648 5049 1025 5119 (12)Videtur
1079 5058 1455 5121 praesumere,
1483 5038 1654 5121 “quod
1708 5042 1898 5121 textus
1951 5037 2214 5121 epistolas

575 5123 632 5177 in
652 5110 785 5176 ‘Vit'a
806 5110 1102 5190 expressae
1138 5110 1571 5190 sitpriginalis,
1610 5111 1724 5190 hoc
1774 5117 1969 5165 autem
1999 5128 2069 5164 ex
2096 5110 2216 5190 .illa

572 5195 697 5247 Vita
735 5182 1039 5247 adednon
1078 5182 1442 5255 intelligitur,
1484 5189 1546 5237 ut
1602 5183 1798 5255 potius
1854 5182 2213 5236 contrarium

571 5264 686 5321 dici
725 5262 1083 5318 existimem.

646 5338 758 5405 (13)
794 5340 962 5387 Anno
986 5329 1203 5405 Christi
1226 5332 1350 5395 730,
1394 5332 1568 5405 motae
1632 5342 1668 5405 a
1716 5326 2214 5405 .Leone’persec‘u-

571 5397 749 5464 tionis
770 5410 1004 5476 quarto,
1030 5400 1363 5476 Masalmas,
1395 5397 1731 5476 Saraceni‘ci
1748 5397 2038 5476 exercitus
2063 5400 2213 5475 vete~

570 5495 753 5536 ranus
790 5465 846 5531 et
900 5465 1174 5547 plurimis
1234 5469 1490 5547 victoriis
1529 5467 1767 5523 illustris
1817 5466 2055 5547 ductor,
2087 5488 2105 5514 ε
2133 5465 2213 5547 ‘in

568 5536 1103 5608 Turcorum‘terras
1129 5538 1570 5615 expeditionem
1594 5536 1874 5607 suscepit,
1915 5540 2214 5593 conserto-

2328 3140 2413 3207 εμὲ
2462 3137 2554 3188 οῦκ
2601 3140 2683 3189 ἐπὶ
2744 3147 2946 3211 μικροῖς
2991 3141 3197 3202 πάντως
3257 3146 3545 3215 συνέριθον,
3598 3144 3775 3216 μεγάλα
3814 3141 3875 3193 ἐπὶ

2326 3233 2387 3297 τῇ
2433 3223 2657 3298 Περσίδι
2699 3230 2844 3299 πάσῃ
2918 3225 3221 3301 δυνάμενον,
3262 3237 3352 3283 καὶ
3385 3237 3443 3284 τὸ
3483 3241 3578 3285 πᾶν
3609 3236 3700 3290 ὅπη
3736 3251 3780 3283 τε
3809 3234 3875 3281 καί

2325 3316 2461 3375 ὅπως
2501 3335 2589 3387 μοι
2651 3313 2906 3387 βουλητὸν
2963 3323 3053 3369 καὶ
3089 3320 3280 3389 ἄγοντα
3332 3325 3425 3373 xui
3481 3325 3763 3393 μετάγοντα.
3800 3324 3875 3372 Καὶ

2324 3407 2599 3475 ταῦταμὲν
2628 3404 2656 3460 ἦ
2690 3412 2907 3455 τοιαῦτα
2944 3402 3011 3463 δὴ
3063 3409 3126 3457 τὰ
3168 3415 3258 3458 τοῦ
3319 3408 3627 3482 πλάσματος
3673 3432 3684 3442 η
3714 3408 3743 3460 ἆ
3769 3405 3873 3459 δὲέκ

2323 3499 2414 3542 τοῦ
2465 3490 2721 3564 βάσιλέως
2776 3497 2905 3567 πρὸς
2960 3498 3044 3545 τὸν
3092 3499 3413 3570 Περσάρχην
3456 3496 3767 3571 διεσήμαινεν
3793 3496 3875 3548 ἐπι-

2328 3580 2529 3632 στόλιον
2560 3583 2725 3633 ταυτά
2777 3602 2836 3653 γε
2890 3584 2917 3641 ἢ
2974 3585 3172 3636 τοιαῦτ’
3222 3588 3358 3639 ἄττα
3412 3593 3618 3641 κάκεῖνα
3645 3595 3730 3646 τὴν
3772 3587 3874 3638 ἔκθε-

2326 3689 2408 3721 σιν
2439 3666 2517 3727 ἦν.

2394 3865 2495 3918 καθ’.
2577 3865 2888 3934 Μεγακλεες,
2974 3865 3229 3939 ῦψιγενές,
3313 3874 3598 3946 κρατάρχα
3682 3878 3869 3944 Περσῶν,

2322 3958 2431 4014 εἴης
2468 3955 2666 4023 ὑγιείας
2719 3955 2854 4025 ἔχων
2921 3954 3102 4016 καλῶς.
3163 3961 3238 4009 Τὰ
3284 3967 3379 4022 τῆς
3434 3960 3669 4024 ἐξουσίας
3716 3961 3762 4013 εὖ
3808 3977 3868 4010 σοι

2322 4040 2573 4105 διέποιτο,
2630 4042 2801 4114 κάμοῦ
2847 4052 2918 4114 τῷ
2975 4048 3149 4118 κράτει
3206 4055 3459 4112 παντοίας
3513 4059 3601 4112 τῆς
3668 4050 3871 4121 εὐθυμίας

2321 4132 2655 4183 ἐπαπολαύων
2700 4130 2937 4201 ἀγγέλοιο
2971 4130 3023 4184 εὖ
3083 4137 3271 4205 ἔχοντα
3332 4159 3344 4169 ο
3394 4143 3585 4191 καὶτὰ
3636 4142 3754 4190 κατὰ
3800 4141 3871 4191 τὴν

2321 4220 2445 4293 ἐμήν
2500 4222 2722 4291 μάνθανε
2801 4220 3195 4293 μεγαλειότητα.
3280 4222 3455 4279 Οἶσθα
3510 4226 3611 4290 οἷος
3665 4232 3752 4299 ἐγὼ
3805 4226 3872 4281 τὰς

2323 4305 2554 4368 σπονδὰς
2618 4307 2849 4381 ἀσφαλὴς
2902 4315 2989 4361 xui
3044 4313 3144 4371 οἶος
3182 4316 3274 4375 τὰς
3334 4315 3624 4388 συμϐάσεις
3670 4316 3875 4387 ἀμεταμέ-

2319 4398 2469 4458 λητος
2513 4418 2524 4430 ο
2558 4399 2582 4447 ὁ
2616 4401 2715 4472 γάρ
2756 4418 2835 4449 τοι
2878 4418 3067 4471 χρονος
3097 4406 3255 4473 μέγας
3282 4405 3371 4470 (ὥς
3432 4425 3509 4465 τις
3538 4410 3649 4478 ἔφη)
3710 4406 3873 4456 πάντων

2323 4483 2666 4549 διδάσκαλος,
2700 4492 2787 4539 καὶ
2847 4484 2995 4539 οὐδὲν
3033 4492 3153 4564 ὅπερ
3207 4491 3299 4542 οῦκ
3350 4491 3716 4547 ἀνακαλύπτειν
3767 4495 3873 4563 ἔχει,

2321 4582 2409 4627 καὶ
2453 4585 2819 4649 παραγυμνοῦν
2861 4576 2931 4638 εἰς
3014 4578 3275 4635 ἀλήθειαν.
3326 4589 3437 4633 Τῶν
3494 4588 3662 4655 μέντοι
3705 4602 3755 4642 τς
3797 4580 3872 4629 ὑπὸ

2325 4671 2425 4727 σοὶ,
2460 4668 2779 4736 χαιρέκακος
2812 4669 2967 4726 ουτως
3015 4672 3103 4719 καὶ
3160 4676 3253 4727 τῆς
3297 4668 3507 4741 εἰρήνης
3536 4672 3762 4743 πολέμιος
3806 4670 3873 4717 καὶ

2322 4760 2393 4823 τῷ
2442 4751 2620 4823 ἀγαθῷ
2681 4749 2964 4824 δυσμενὴς,
3022 4761 3250 4826 συγχέαι
3337 4762 3427 4819 τὰς
3492 4758 3718 4811 ἀνέκαθεν
3777 4758 3873 4825 ἡμῖν

2322 4848 2566 4915 πειρᾶται
2599 4838 2852 4909 σπονδὰς,
2894 4848 2981 4894 καὶ
3009 4849 3129 4905 τοὺς
3174 4848 3354 4918 ὅρκους
3392 4849 3687 4923 παραλῦσαι
3742 4842 3874 4916 digni.

2326 5056 2443 5112 que
2489 5040 2691 5115 praelip
2734 5039 2936 5112 plures
2971 5042 3243 5115 utrinque
3281 5044 3566 5109 cecidere,
3602 5043 3874 5103 Masalmas

2326 5112 2526 5167 autem
2554 5129 2609 5167 1n
2644 5112 2846 5179 fugam
2868 5119 3035 5167 actus
3058 5112 3165 5169 est:
3194 5138 3218 5159 η
3256 5119 3313 5170 Et
3344 5133 3581 5172 rursum
3607 5132 3751 5171 anno
3773 5115 3871 5173 732,

2326 5207 2364 5259 u~
2397 5185 2455 5238 in
2486 5186 2753 5259 fl‘urciam
2810 5184 3133 5259 exercitum
3179 5186 3409 5241 induxit
3442 5204 3455 5241 :
3488 5203 3733 5259 cumque
3771 5184 3870 5254 jam

2325 5255 2804 5331 Caspiasportas
2839 5257 3147 5331 attigisset,
3177 5255 3707 5331 imetucorreptus
3749 5260 3873 5310 retro

2325 5326 2632 5400 concessit,
2671 5348 2696 5373 ››
2739 5325 2906 5400 sicuti
2937 5326 3139 5383 scribit
3174 5325 3679 5400 Theophanes'ad
3715 5337 3873 5400 annos

2326 5398 2534 5468 Leonis
2569 5400 2628 5451 l3
2659 5397 2831 5468 etis,
2864 5413 2999 5468 qua:
3031 5414 3174 5453 sane
3206 5395 3513 5456 non-male
3552 5395 3871 5457 conveniunt

2321 5483 2457 5523 cum
2490 5466 3043 5536 chronologia'alibi
3077 5484 3114 5524 a
3148 5469 3319 5527 nobis
3348 5470 3622 5528 deducta.
