4084 6206
183 321 296 390 8εε
1390 329 1460 385 IN
1501 327 1559 386 s.
1597 317 1796 384 JOAN.

1938 323 2339 381 MASCENUM.
3448 321 3550 384 846

189 459 327 520 θίξει
371 457 567 531 οὐσπερ
617 455 848 518 ἀλλήλοις
896 453 951 506 ἐκ
1002 461 1205 527 μακροῦ
1281 453 1592 526 συνεθέμεθα
1658 453 1705 522 (1
1725 451 1794 520 ίμ),

1942 447 2168 504 andum
2210 447 2538 504 dissolvere
2585 465 2707 522 quo
2747 465 2858 505 nos
2903 447 2982 505 ad
3021 446 3278 506 invicem
3319 449 3555 523 pridem

186 553 281 600 καὶ
324 551 769 622 κατεπιχειρῆσαί
840 564 935 596 σου
989 551 1084 605 τῆς
1154 548 1336 618 χώρας
1391 541 1795 615 παραϐιάζεταιν

1940 536 2359 605 ιὺεῐεὶῐιχὶωυε,
2391 537 2658 607 urgendo
2705 544 2767 593 ut
2796 537 3101 607 regionem
3137 543 3299 595 tuam
3348 541 3553 611 subju-

189 636 268 709 ἑφ’
404 639 494 687 καὶ
548 635 606 687 οὐ
663 637 824 709 μικρὰ
879 633 1208 706 συνάρασθαί
1257 651 1346 700 μοι
1396 631 1796 703 κατεπαγγέλλε-

1942 641 2050 681 ’81⁸8
2079 641 2277 694 coner,
2337 632 2514 700 atque
2541 625 2823 682 auxilium
2855 626 2933 682 ad
2957 627 3068 681 hoc
3095 643 3217 682 non
3249 629 3555 684 modicum

189 744 302 778 ται.
355 723 488 776 Ἀλλ’
543 725 720 794 ἔγωγε,
790 721 959 794 φιλίας
1009 717 1160 774 οὐδὲν
1219 719 1532 794 ἀκραιφνοῦς
1583 719 1797 791 λογιζό-

1942 713 2055 768 eihi
2099 729 2161 768 se
2207 711 2468 768 laturum
2513 714 2869 786 pollicendo.
2924 719 3139 770 Verum
3171 733 3280 786 ego
3311 718 3555 772 sincera:

191 832 349 886 μενος
407 814 732 876 ἰσοστάσιον,
809 818 1098 884 περιφρονῶ
1150 812 1270 870 τοὺς
1323 808 1524 879 λόγους,
1571 827 1660 859 και
1708 808 1798 867 τὰς

1950 800 2184 856 ωἱοὶῑὶω
2239 801 2382 856 nihil
2433 803 2842 874 comparabile
2887 819 3011 858 esse
3053 805 3423 874 existimans,
3451 807 3557 862 hu-

191 905 386 954 τούτου
441 898 729 972 ξυμϐουλὰς
791 896 1164 970 ἆπαναίνομαι.
1226 901 1394 949 Πόσον
1444 899 1545 969 γὰρ
1604 895 1664 946 ἂν
1711 916 1800 947 και

1940 889 2172 944 usmodi
2209 890 2623 959 suggestiones
2673 897 2849 963 atque
2903 891 3148 948 consilia
3191 894 3509 950 abominor
3539 909 3553 923 °

193 993 275 1048 εἴη
303 1009 396 1063 μοι
421 991 479 1040 1'6
511 991 732 1041 ἐντεῦθεν
779 983 984 1061 κέρδος,
1050 988 1174 1060 ὑπὲρ
1224 993 1314 1038 τοῦ
1377 994 1474 1037 τῶν
1532 987 1800 1041 συνθηκῶν

2413 1027 2417 1034 .
2454 997 2744 1050 magnum
2785 981 3018 1037 lucrum
3058 983 3205 1038 mihi
3233 991 3431 1056 posset
3454 986 3559 1041 ali-
4023 976 4026 1035 1

195 1078 544 1150 ἀλογήσαιμι,
612 1097 702 1128 και
769 1079 854 1128 τόν
913 1075 1076 1148 φίλιον
1136 1078 1562 1147 παροργίσαιμι;
1619 1071 1802 1133 Ὀστις

2419 1085 2470 1138 e,
2519 1075 2760 1141 propter
2802 1071 2967 1142 quod
3009 1071 3206 1127 foedus
3252 1073 3473 1129 violem
3505 1077 3570 1129 et.
4027 1070 4028 1107 ‘

193 1188 290 1220 και
341 1168 408 1217 ὠν
456 1185 544 1218 και
590 1167 847 1237 τυγχάνει
887 1165 912 1216 6
954 1165 1120 1215 ταῦτὰ
1180 1182 1239 1234 γε
1289 1163 1796 1234 μεταχειριζόμενος,

1953 1155 2174 1211 micum
2201 1171 2520 1228 provocem
2548 1158 2624 1213 ad
2655 1158 3032 1215 iracundiam
3054 1160 3081 1215 ἱ)
3107 1164 3394 1216 Caeterum
3426 1164 3560 1235 quis

197 1257 224 1307 6
255 1275 436 1327 φασιν,
469 1254 621 1314 αὐτὸς
669 1249 863 1315 δείξει·
929 1255 985 1304 τὸ
1015 1254 1114 1324 γὰρ
1173 1247 1241 1308 δὴ
1289 1255 1418 1322 πρός
1467 1269 1529 1322 με
1582 1252 1803 1323 γράμμα

1944 1244 2117 1301 alium
2151 1245 2528 1302 machinator
2559 1247 2655 1313 sit,
2687 1248 2817 1319 ipse
2851 1250 3031 1320 (quod
3077 1250 3267 1320 aiunt)
3300 1254 3513 1324 prodet
3545 1269 3557 1306 :

201 1352 385 1417 σαφῶς
413 1350 640 1416 γνωριεῖ,
696 1338 860 1393 ἰδίαιν
919 1340 1060 1409 αὐτῷ
1114 1347 1292 1415 χεροῖν
1345 1340 1598 1393 συντεθέν.
1627 1343 1806 1390 Ταῦτα

1948 1332 2124 1388 lenim
2143 1334 2505 1389 manifestum
2521 1335 3136 1407 facitepistola,ipsius
3150 1341 3391 1410 propria
3429 1357 3561 1396 exa-

197 1435 269 1485 τᾶ
293 1441 387 1484 τοῦ
432 1430 690 1500 βασιλέως
740 1429 944 1502 ἀρχικὰ
990 1449 1080 1480 και
1129 1426 1407 1498 κοινωφελῆ
1473 1421 1806 1498 βουλεύματα

1950 1425 2253 1476 atamanu.
2273 1423 2406 1476 Haec
2419 1438 2635 1494 nempe
2655 1423 3182 1495 suntimperatorio
3195 1427 3362 1497 apice
3377 1427 3563 1497 digna

198 1543 293 1574 και
354 1518 686 1593 διά-νοήματα
737 1540 748 1551 ·
807 1527 973 1570 ταῦτα
1024 1519 1052 1576 ἡ
1114 1516 1355 1592 ἁλουργὶς
1407 1516 1560 1567 αὐτόν
1609 1515 1806 1577 ἐξεπαί-

1954 1509 2048 1564 lin
2070 1525 2390 1564 commune
2423 1510 2587 1566 utilia
2608 1511 2866 1580 cogitata
2894 1530 2905 1578 ;
2953 1513 3036 1566 sic
3064 1530 3200 1568 eum
3227 1532 3335 1570 sua
3364 1515 3567 1571 docuit

200 1607 392 1662 δευσεν
455 1629 468 1641 ο
519 1607 651 1660 οὕτω
717 1609 784 1658 τὰ
832 1616 923 1668 τῆς
980 1610 1260 1680 περιόπτου
1319 1624 1406 1656 και
1484 1606 1806 1677 τιμιωτάτης

1961 1613 2212 1670 urpura:
2247 1598 2327 1654 ita
2372 1598 2648 1654 sublimis
2676 1600 2836 1654 illius
2865 1601 3459 1676 honOi'atissimaaque
3486 1603 3570 1659 di-

201 1697 360 1762 ἀξίας
397 1691 645 1768 διάσημα
695 1694 931 1768 σύμϐολα
994 1713 1084 1746 και
1137 1692 1448 1769 περίϐλεπτα
1494 1697 1622 1764 μήτε
1679 1713 1804 1744 παν-

1958 1687 2156 1742 nitatis
2177 1687 2436 1757 insignia
2456 1702 2577 1743 non
2599 1687 2980 1760 patiebantur
3001 1690 3164 1747 vafre
3187 1691 3571 1750 dissimulan-

199 1791 410 1863 οὐργως
486 1783 614 1838 ἀνίει
709 1781 998 1858 μηδοτιοῡν
1113 1781 1394 1855 ἀνέχεσθαι
1467 1783 1806 1855 φθέγγεσθαι,

1959 1793 2036 1831 :m
2107 1779 2210 1831 aut
2289 1777 2537 1832 ovnnino
2582 1777 2823 1833 reticere
2871 1778 3207 1853 quidpiam,
3240 1787 3345 1838 aut
3395 1798 3572 1853 agere

196 1883 330 1951 μήτε
362 1871 584 1949 δολερῶς
610 1877 668 1927 τὸ
698 1873 944 1950 παράπαν
977 1873 1464 1946 μεταχειρίζεσθαι.

730 1873 944 1950 ἀράπαν
977 1873 1464 1946 μεταχειρίζεσθαι.
1918 1864 2343 1922 fraudulenter.

277 1966 387 2027 κζ’.
458 1963 592 2019 Ἀλλ’
665 1959 844 2021 ἐπειδὴ
929 1983 1018 2014 και
1088 1959 1356 2014 ἆνελάϐετο
1405 1964 1500 2023 τὰς
1547 1963 1747 2034 γραφὰς
1785 1962 1812 2013 6

1990 1955 2080 2009 27.
2116 1955 2441 2026 Postquam
2491 1954 2638 2011 tales
2669 1953 2992 2028 scripturas
3017 1960 3246 2030 accepit
3274 1960 3572 2017 barbarus

205 2053 480 2130 βάρϐαρος
518 2051 736 2106 ἐκεινοσί
782 2055 1051 2128 τύραννος,
1103 2071 1191 2103 και
1247 2052 1312 2103 τὰ
1360 2049 1406 2102 ἐν
1463 2051 1642 2110 αὑταῖς
1699 2047 1815 2102 ἆνε-

1965 2059 2112 2114 sque
2168 2047 2445 2100 contenta
2502 2044 2882 2116 perlustravit
2934 2046 3142 2117 oculis,
3206 2049 3573 2106 inhumanus

203 2145 412 2210 λέξατο,
467 2137 618 2196 οὐδὲν
969 2139 1075 2193 ἀλλ’
1131 2140 1160 2198 ἣ
1209 2137 1477 2215 βάρϐαρος
1526 2139 1676 2199 εὐθὺς
1725 2139 1814 2204 ὢν,

1963 2148 2047 2188 im
2096 2137 2272 2187 antea
2323 2149 2460 2188 cum
2505 2138 2661 2188 esset
2725 2139 2780 2190 et
2832 2134 3276 2194 inconsiderato
3348 2141 3576 2213 impetu

210 2233 592 2309 ἀπερίσκεπτος
622 2230 715 2290 τὴν
747 2232 911 2303 ὁρμὴν
970 2249 1057 2281 και
1107 2231 1164 2280 τὸ
1209 2228 1320 2280 ὅλον
1374 2231 1528 2300 φάναι
1581 2226 1817 2300 παράϐο-

1966 2221 2059 2276 arri
2079 2221 2137 2275 in
2161 2219 2538 2278 iracundiam
2561 2222 2767 2278 solitus
2795 2237 3179 2298 praecepsque
3195 2227 3275 2282 ad
3286 2228 3579 2300 quidlibet

208 2323 326 2388 λος,
371 2321 556 2374 αὐτίκα
605 2323 662 2372 τὸ
717 2318 942 2372 ἐπελθεῖν
1001 2317 1166 2376 ἀληθῆ
1222 2319 1287 2369 τὰ
1341 2313 1677 2389 δεδηλωμένα
1723 2336 1820 2368 πα-

1966 2309 2353 2378 tl‘utiendum;
2388 2327 2530 2366 vera
2559 2327 2687 2366 esse
2718 2329 2859 2368 mox
2903 2313 3152 2372 credidit
3188 2333 3325 2388 quin
3357 2319 3579 2387 signiﬁ-

211 2405 582 2484 ραδεξάμενος.
631 2408 718 2471 Ὠς
794 2411 896 2482 γὰρ
965 2403 1032 2466 δὴ
1096 2426 1186 2458 και
1250 2406 1658 2478 μετακαλέσαιτο
1734 2407 1821 2457 τόν

1970 2399 2223 2455 abantur
2253 2398 2388 2454 sibi.
2439 2400 2811 2456 Accersitum
2841 2417 2983 2472 ergo
3011 2405 3303 2460 Joannem
3334 2423 3473 2462 cum
3498 2405 3583 2461 in-

215 2499 486 2555 Ἰωάννην.
529 2517 621 2548 και
667 2495 710 2548 εἰ
758 2499 851 2556 τὰς
906 2493 1181 2556 ἐπιστολὰς
1257 2494 1566 2570 ἑγχειρίσειε
1625 2497 1742 2546 τίνα
1770 2513 1824 2545 τε

1973 2493 2307 2560 :rrogasset,
2332 2493 2532 2544 utrum
2560 2487 2687 2560 ipse
2717 2507 2820 2546 eas
2850 2493 3183 2565 scripsisset
3213 2495 3496 2567 epistolas
3528 2499 3586 2552 et

215 2587 371 2641 ταῦτ’
427 2585 588 2651 ἔστιν,
667 2587 853 2661 ἔροιτο,
897 2585 923 2636 ό
988 2581 1041 2636 δ’
1093 2581 1148 2636 ἑκ
1195 2591 1286 2636 τοῦ
1342 2583 1526 2644 εὐθέως
1586 2585 1676 2652 μὶν
1731 2583 1825 2634 οὐκ

1979 2578 2080 2634 uid
2121 2579 2250 2635 haec
2294 2578 2407 2633 sibi
2453 2577 2990 2654 vellent;cumque
3036 2582 3154 2652 ille,
3197 2589 3262 2639 ut
3292 2585 3351 2640 in
3390 2603 3452 2642 re
3478 2586 3587 2642 imo

216 2674 366 2748 εἶχεν
397 2673 697 2739 ἀνανεῦσαι,
730 2669 870 2746 μηδὲ
921 2673 988 2724 τὰ
1047 2671 1138 2723 τοῦ
1188 2674 1498 2745 γράμματος
1557 2670 1828 2744 ἀπομόσα-

1978 2667 2178 2724 rovisa
2194 2683 2317 2724 non
2337 2667 2582 2724 auderet
2601 2685 2777 2724 suam
2797 2686 2925 2726 esse
2949 2673 3306 2744 scripturam
3324 2675 3589 2732 abnuere

221 2767 352 2818 σθαι
379 2761 398 2836 (
428 2771 662 2824 τοιοῦτος
695 2765 785 2814 καὶ
815 2763 916 2835 γὰρ
969 2760 1250 2832 ἐτύγχανεν
1281 2761 1348 2810 ὢν
1403 2759 1622 2833 ἀκριϐὴς
1675 2761 1824 2832 ἄγαν,

1980 2762 2088 2813 πει
2129 2755 2286 2812 enim
2327 2773 2622 2830 perquam
2648 2757 3118 2832 circumspectus
3140 2763 3198 2817 in
3225 2765 3418 2820 verbis
3457 2782 3593 2822 cau-

219 2851 282 2907 ου
326 2855 590 2928 προπετὴς
619 2871 710 2903 και
769 2853 864 2908 τὴν
924 2853 1260 2922 συναρπαγὴν
1321 2845 1690 2921 διαφυγγάνων
1754 2849 1830 2921 ἐφ’

1980 2863 2174 2919 isque,
2201 2862 2276 2902 ne
2297 2863 2418 2919 qua
2443 2846 2502 2902 in
2524 2848 2593 2902 iis
2619 2846 2732 2902 sibi
2762 2848 3075 2921 obreperet
3107 2851 3380 2926 falsitas).
3403 2855 3593 2911 ﬁden-

221 2943 478 3011 ἅπαντι),
541 2935 831 2992 συνειδέναι
884 2933 944 2990 δε
995 2937 1135 3008 αὐτῷ
1174 2933 1376 2989 τοιόνδε
1424 2957 1476 2988 τι
1521 2955 1832 3010 μετακεχει-

1982 2952 2028 2991 2r
2079 2941 2280 2991 tamen
2329 2935 2716 3006 inﬁciaretur,
2778 2953 2840 2992 se
2885 2938 3016 2994 talis
3084 2939 3258 2995 ullius
3314 2942 3595 2999 facinoris

221 3034 455 3108 ρισμένῳ
484 3028 774 3104 θαρραλέως
829 3025 1094 3100 ἁπέφασκε
1123 3044 1134 3054 ·
1200 3031 1271 3099 μὴ
1316 3023 1439 3087 δοὺς
1494 3025 1713 3100 ἀναϐολῇ
1770 3027 1834 3078 τὰ

1987 3024 2165 3079 abere
2187 3025 2636 3090 conscientiam,
2677 3025 2770 3080 vel
2795 3026 3110 3098 quidpiam
3138 3029 3437 3099 ejusmodi
3481 3035 3596 3088 tra-

222 3127 323 3181 τῆς
355 3117 607 3188 σκέψεως,
656 3121 726 3189 μὴ
755 3119 936 3191 καιρόν
994 3113 1123 3187 ἐφείς
1174 3113 1468 3184 ἐξετάσεως,
1537 3117 1603 3175 ὡς
1654 3113 1714 3166 ἂν
1754 3113 1835 3167 ἐπί

1983 3112 2223 3181 tavisse,
2257 3117 2548 3184 tyrannus
2578 3129 2774 3185 neque
2805 3131 3043 3170 moram
3073 3116 3474 3189 disquisitioni
3509 3121 3596 3177 in-

224 3215 328 3262 τῶν
375 3207 790 3280 ὁμολογουμένως
854 3208 1181 3278 κατακρίτων
1234 3223 1323 3255 και
1370 3205 1564 3264 πάσαις
1621 3200 1837 3255 καταδε-

1991 3201 2222 3273 uigens,
2276 3219 2472 3274 neque
2518 3207 2754 3275 tempus
2795 3206 3077 3272 examini,
3133 3213 3422 3279 tanquam
3449 3211 3511 3268 in
3537 3229 3599 3270 re

230 3295 583 3369 δικασμένων,
659 3300 754 3353 τὴν
836 3313 1088 3366 τιμωριαν
1163 3291 1392 3354 ἀνηλεως
1477 3292 1835 3365 ἀποφαίνεται.

1990 3291 2174 3363 roprii
2199 3292 2318 3346 oris
2368 3291 2744 3348 confessione
2777 3299 3087 3364 comperta
3116 3302 3173 3351 et
3198 3298 3601 3374 undequaque

232 3391 337 3442 Καί
362 3395 490 3458 γοῦν
523 3390 618 3444 τὴν
649 3392 740 3445 τῆς
771 3381 943 3446 δεξιᾶς
999 3381 1272 3457 ἀφαίρεσιν
1302 3384 1328 3434 6
1375 3387 1496 3442 τέως
1549 3379 1722 3444 δεξιός
1777 3386 1842 3434 τὰ

1988 3377 2299 3444 artissima,
2349 3379 2612 3435 decernit
2657 3379 3042 3454 supplicium.
3093 3387 3176 3440 ita
3219 3387 3296 3442 ad
3344 3389 3601 3446 dexterae

227 3476 386 3530 πάνθ’
431 3477 693 3550 ὑπηρέτης
737 3468 1214 3539 καταδεδίκαοται,
1274 3471 1379 3541 οὐχ
1422 3473 1576 3528 ἧττον
1628 3471 1840 3549 εὐλόγως

1991 3485 2170 3525 ianus
2230 3468 2658 3524 abscissionem
2707 3471 2912 3525 dexter
2945 3487 3052 3543 per
3089 3475 3294 3532 omnia
3335 3479 3604 3534 minister

227 3567 259 3624 ἣ
293 3564 687 3638 φιλανθρώπως,
733 3563 848 3624 ὡςό
903 3565 1106 3623 ἀπηνὴς
1153 3579 1244 3612 και
1286 3563 1354 3612 τὰ
1393 3563 1564 3612 πάντα
1613 3560 1840 3634 παραλο-

1996 3563 2312 3625 amnatur;
2346 3557 2527 3630 idque
2558 3559 2646 3624 (ut
2691 3558 2950 3615 crudelis
2975 3560 3068 3617 ille
3091 3579 3160 3618 ac
3203 3580 3420 3636 prosus
3462 3568 3607 3624 irra-

223 3673 320 3726 γος
363 3658 490 3724 ᾤετο
516 3673 528 3686 ο
572 3657 666 3710 τὴν
703 3654 803 3725 γὰρ
857 3669 938 3702 τοι
994 3652 1503 3724 καθυπηρετὴσασαν
1554 3655 1836 3725 εστερηκώς

1992 3646 2193 3703 .onalis
2231 3647 2633 3706 existimabat)
2665 3663 2786 3704 non
2813 3649 3014 3704 minus
3035 3653 3244 3709 merito
3272 3670 3459 3727 quam
3491 3655 3605 3712 cle-

232 3763 326 3795 και
383 3743 480 3800 τὴν
549 3749 639 3793 τοῦ
711 3745 861 3812 ἔργου
940 3739 1418 3810 κατατολμήσασαν
1490 3738 1842 3811 ἁποκεκοφὼς,

1989 3740 2220 3791 uenter:
2253 3736 2509 3791 dexterae
2563 3735 2861 3810 siquidem
2911 3737 3238 3799 ministerio
3280 3745 3602 3816 privatum,

238 3832 354 3884 οὔτ’
385 3831 541 3882 οὐτὸν
592 3836 776 3882 εκείνον
824 3828 1021 3881 τοιαῦτ’
1077 3832 1270 3899 ἀφῆκεν
1321 3828 1478 3880 εἰσέτι
1537 3824 1844 3900 διαπράττε-

2457 3842 2484 3879 s
2536 3824 2730 3882 fuerat
2792 3843 3002 3894 ausus,
3055 3837 3222 3900 parte
3263 3835 3604 3904 multatum,
4069 3832 4070 3875 λ

237 3923 368 3974 σθαι
392 3916 672 3989 δύνασθαι,
698 3917 808 3970 οὗθ’
840 3920 1007 3992 ἕτερὸν
1068 3935 1194 3969 ποτε
1240 3926 1689 3990 κατεπιχειρῆσαι
1744 3925 1845 3969 τῶν

2457 3913 2671 3971 idebat
2696 3915 2774 3972 ad
2799 3917 2987 3972 simile
3012 3919 3326 3992 quidpiam
3359 3925 3608 3981 molien-
4041 3912 4070 3983 ’ἲ

239 4010 436 4082 ὁμοίων
447 4027 493 4069 ες
505 4008 742 4082 ὕστερον.

1954 4004 2100 4060 dum
2123 4003 2566 4076 patrandumve
2597 4005 2903 4078 deinceps.

311 4097 416 4156 κη’.
449 4098 525 4150 Οὐ
557 4101 726 4170 μέντοι
762 4115 822 4168 γε
842 4100 1007 4170 μέχρι
1053 4098 1242 4147 τούτου
1305 4100 1459 4152 σταίη
1508 4097 1574 4148 τὰ
1623 4102 1716 4158 τῆς
1757 4095 1843 4168 ὁρ-

2023 4096 2112 4147 28.
2138 4094 2266 4148 Non
2287 4097 2488 4148 tamen
2517 4093 2613 4148 hic
2663 4095 2818 4149 stetit
2850 4094 3108 4151 εἰῇ·ωηὶς
3139 4098 3465 4157 iracundiae
3495 4103 3605 4159 im-

238 4196 308 4261 γῆ
321 4209 364 4256 ς,
394 4183 510 4239 οὐδ’
535 4186 607 4246 εἰς
631 4183 754 4238 τόδε
775 4189 832 4237 τό
877 4181 913 4237 δ
917 4189 1045 4237 εινόν
1074 4184 1271 4246 λήξειεν
1304 4205 1317 4218 ·
1372 4184 1504 4237 ἀλλὰ
1560 4193 1714 4238 τοῦτο
1756 4189 1846 4258 μὲν

1998 4187 2164 4248 etus;
2195 4181 2300 4236 sed
2332 4180 2564 4238 addidit
2605 4181 2788 4246 aliud,
2811 4186 3030 4255 partim
3057 4187 3135 4242 ad
3181 4190 3607 4248 contumeliam

241 4277 314 4337 είς
381 4275 684 4346 χλευασμὸν
728 4281 822 4325 τοῦ
878 4272 1162 4333 ἑαλωκότος
1219 4269 1376 4330 δῆθεν
1444 4292 1527 4325 επι
1585 4277 1842 4336 τοιούτου,

2460 4271 2512 4324 in
2545 4270 2759 4326 delicto
2790 4274 3504 4349 comprehensus,partim
3528 4281 3608 4337 ad
4067 4280 4070 4345 ί

239 4371 398 4417 τοῦτο
435 4360 496 4416 δέ
542 4380 632 4414 και
684 4370 783 4413 τῶν
833 4361 1016 4436 ἐτίρων
1077 4366 1461 4434 σωφρονισμόν,
1487 4369 1598 4421 τοῖς
1647 4363 1847 4433 ὁμοίοις

1992 4359 2209 4414 liorum
2235 4375 2309 4414 ne
2329 4359 2390 4414 in
2422 4359 2563 4416 talia
2595 4377 2866 4433 unquam
2916 4364 3370 4433 prolaberentur
3399 4385 3605 4425 exem-

242 4452 400 4516 ὼςᾶν
430 4472 490 4524 γε
517 4457 590 4524 μὴ
621 4455 968 4526 περιπέσοιεν,
1013 4449 1126 4521 ἅμα
1181 4445 1240 4501 δὲ
1294 4469 1382 4502 και
1442 4451 1494 4513 εξ
1541 4453 1707 4525 ἄκρας
1756 4455 1843 4525 ὀρ-

1994 4448 2144 4519 lum,
2196 4448 2409 4504 eodem
2445 4450 2624 4504 etiam
2659 4449 2816 4506 facto
2857 4467 2982 4506 suae
3023 4453 3344 4512 obsecutus
3387 4460 3607 4528 gravis-

240 4551 346 4614 γῆς
388 4560 442 4594 τε
494 4561 583 4594 και
638 4546 826 4614 μίσους
865 4543 1219 4611 επιγενομένου
1261 4536 1369 4591 ἀνθ’
1411 4536 1475 4601 ἧς
1520 4544 1641 4600 τέως
1699 4559 1848 4616 στορ-

1990 4538 2127 4593 imae
2179 4538 2279 4592 irae
2327 4537 2611 4610 odioque,
2665 4540 3007 4597 succedenti
3038 4543 3096 4598 in
3140 4545 3340 4601 locum
3389 4550 3603 4620 prioris

240 4640 348 4704 γῆς
393 4649 450 4682 τε
509 4649 624 4704 και,
651 4630 880 4702 εὐμενίας
960 4631 1200 4685 εκίκτητο
1263 4631 1397 4700 πρὸς
1465 4629 1619 4680 αὐτόν
1691 4629 1848 4699 (οὓτω

1992 4625 2180 4682 moris
2207 4641 2278 4682 ac
2301 4625 2750 4682 benevolentiae.
2804 4629 2897 4686 Sic
2953 4633 3114 4686 enim
3153 4632 3335 4690 ferme
3363 4652 3605 4710 compa-

243 4739 337 4773 και
403 4721 506 4793 γὰρ
564 4719 813 4791 εἰώθαμεν
875 4718 1158 4789 ἅνθρωποι,
1221 4723 1309 4777 οῦς
1360 4722 1461 4790 πρό
1513 4726 1703 4792 μικροῦ
1753 4737 1847 4771 πο-

1990 4715 2068 4771 ati
2105 4731 2338 4782 sumus,
2372 4721 2435 4770 ut
2458 4714 2676 4786 quibus
2706 4718 2888 4787 paulo
2919 4726 3053 4776 ante
3085 4721 3498 4779 aiﬁciebamur
3529 4733 3603 4780 te-

197 4869 208 4876 ,
247 4811 455 4870 Boii-nt;
524 4803 673 4882 ἦμεν,
704 4810 747 4860 εἶ
801 4810 854 4877 γε
895 4825 948 4858 τι
989 4808 1177 4879 μικρὸν
1230 4803 1500 4877 ἁμηγέπου
1548 4811 1810 4882 προσκρού

1989 4805 2156 4860 terius
2203 4805 2254 4859 si
2290 4804 2436 4877 quid
2492 4805 2849 4862 offenderint
2886 4823 3131 4880 quoquo
3171 4813 3375 4882 modo,
3409 4817 3602 4886 magis

3989 1 4023 862 ἦ

4049 3070 4071 3154 .l

4047 3171 4071 3262 δέ

4030 3271 4071 3334 ς,

4053 3523 4071 3624 Α

4033 3629 4071 3758 Ii

322 5017 434 5096 (14)
463 5017 851 5096 Hyperbolice
883 5017 942 5077 id
964 5017 1400 5096 accipiendum,
1431 5016 1719 5096 sivecum
1762 5039 1846 5080 re-
1955 5025 2460 5095 netrataquecum
2484 5027 2714 5096 armato
2733 5019 2915 5096 milite
2937 5021 3364 5096 Paphlagonia,
3417 5031 3605 5090 multa.

249 5092 460 5178 spectu
481 5092 574 5150 ad
605 5097 890 5178 tractatus
942 5092 1172 5178 pridem
1213 5092 1417 5178 initgsi,
1474 5094 1579 5149 sed
1627 5097 1848 5176 saepius
1956 5092 2330 5178 captivorum
2361 5093 2566 5174 praeda
2594 5093 2816 5178 ditatus
2842 5092 2901 5147 in
2933 5092 3188 5174 patriam
3218 5100 3388 5178 rediit
3415 5120 3427 5168 ;
3460 5112 3603 5178 sat-

246 5163 524 5230 violatos,
559 5181 664 5240 per
679 5163 1036 5240 irruptiones
1059 5164 1297 5240 iteratas
1327 5163 1757 5240 saracenorum
1785 5168 1846 5222 in
1955 5163 2073 5240 que
2101 5165 2182 5220 ita
2206 5163 2490 5240 deinceps
2512 5164 2760 5240 singulis
2781 5163 2910 5240 fere
2932 5163 3128 5240 annis,
3160 5163 3432 5240 quandiu
3460 5176 3603 5232 vixit

248 5235 590 5294 Romanum
622 5235 958 5313 imperium.
985 5238 1133 5313 iam
1162 5236 1321 5313 idem
1355 5237 1848 5313 Theophaneste-
1958 5235 2092 5308 Leo,
2143 5235 2328 5313 modo
2383 5235 2621 5313 Mavias,
2653 5235 2839 5313 modo
2871 5235 3295 5313 _Sulimar_1_,'tilii
3325 5245 3601 5313 ejusdem

249 5316 460 5376 statur,
483 5307 646 5380 quod
665 5305 1336 5383 pradictusMasalmas,
1359 5305 1535 5362 anno‘
1551 5309 1758 5363 Leonis
1785 5314 1846 5365 to
1959 5305 2852 5383 lsani,prov_inc_ias_hasautillas
2873 5308 3125 5383 ingressi
3137 5305 3435 5383 leguntur;
3464 5318 3601 5374 dum

255 5403 276 5432 ε
301 5377 637 5437 Caesaream
654 5377 1243 5450 Cappadociaearmis
1257 5393 1735 5450 aggressus,eam
1751 5395 1845 5434 oc-
1955 5379 2049 5436 ille
2077 5377 2424 5435 orthodoxis
2467 5378 2798 5449 imaginum
2830 5377 3156 5437 cultoribus
3199 5377 3494 5443 vexandis
3519 5391 3606 5446 in-

252 5451 499 5523 cupavit
517 5473 551 5523 ››Δ
567 5456 620 5505 et
638 5447 876 5523 rursum
893 5461 1055 5523 anno
1075 5451 1144 5523 llr
1161 5469 1188 5498 ‹‹
1213 5447 1547 5523 Romanam
1555 5447 1846 5523 ditionem
1953 5450 2162 5509 tendit.

253 5519 442 5602 armis
463 5520 780 5602 infestavit,
806 5524 988 5602 atque
1015 5520 1094 5602 in
1117 5519 1497 5602 Cappadocia
1541 5521 1848 5602 Charsiarii
1994 5523 2144 5602 μδ)
2175 5520 2412 5576 Videtur
2433 5536 2642 5576 versus
2668 5521 2760 5578 vel
2798 5521 3010 5582 saltem
3051 5523 3237 5582 Verba
3259 5527 3487 5602 aliquot
3511 5546 3607 5586 ex-

254 5564 1102 5672 ᾢῖὲᾙζῷξῖἅρἱόἑῦᾗῖέᾷι
1121 5564 1522 5672 ῖξὶνῖιιιῖὲζιιῆ
1545 5564 1849 5672 ἷιζῃῖίῖἑ
1956 5564 2170 5650 οίεὶὶεέο

253 5687 289 5742 μ
318 5661 538 5724 Mevius
558 5663 718 5722 ﬁlius
745 5666 904 5721 13am
929 5661 1160 5720 bellum
1182 5661 1488 5720 Romam
1506 5661 1718 5736 intulit,
1750 5679 1850 5736 pe-
