4084 6206
544 188 647 263 847

540 421 782 485 bamus,
836 414 1032 477 hodie,
1068 412 1115 465 si
1154 407 1353 480 tegula
1404 407 1734 473 intercidat,
1775 413 1838 464 ut
1864 409 2182 480 proverbio

539 509 773 575 dicitur,
832 502 1135 559 oderimus
1182 514 1251 553 ac
1306 496 1718 569 reprobemus.
1780 496 1875 552 llis
1927 513 2069 568 ergo
2107 497 2182 554 de

538 595 737 654 causis
779 591 1095 648 rescissam
1143 587 1416 643 dextram
1440 586 1609 657 jubet
1632 585 1943 657 przefectus
1975 586 2095 642 tolli
2120 587 2181 643 in

536 686 724 742 altum
776 696 845 737 ac
894 678 1093 735 medio
1148 677 1275 732 foro
1328 675 1619 748 suspendi
1648 674 1726 731 ad
1769 674 2181 746 spectaculum

536 772 827 831 omnium.
861 772 975 825 Nec
1005 782 1195 829 mora,
1228 764 1615 837 suspenditur
1643 762 1906 833 dextera,
1937 762 2181 821 dextera

535 863 743 935 utique
798 857 1051 924 Domini,
1093 854 1339 911 dextera
1365 854 1756 926 praestantiori
1789 852 2173 923 gloriﬁcanda

531 953 765 1016 virtute,
819 947 1064 1003 dextera
1091 960 1228 1017 quae
1257 941 1546 1011 confregit
1575 942 1869 1013 inimicos,
1904 946 2178 998 auctores

529 1040 749 1097 scilicet
808 1052 879 1093 ac
931 1038 1260 1106 repertores
1315 1031 1683 1103 imposturte,
1740 1046 1875 1102 quze
1937 1030 2176 1101 magni-

529 1130 732 1186 tudine
763 1142 885 1181 suae
926 1122 1125 1194 gloriae
1153 1121 1423 1178 contrivit
1451 1119 1826 1175 adversarios
1855 1139 1867 1176 :
1899 1119 2176 1185 adversa-

525 1218 595 1276 rii
636 1222 836 1273 autem
866 1216 1035 1270 erant
1063 1212 1444 1267 innovatores
1482 1208 1823 1265 divinarum
1850 1225 1920 1265 ac
1949 1209 2171 1281 patria-

522 1323 658 1364 rum
714 1302 1122 1367 traditionum,
1167 1298 1566 1370 improbitatis
1605 1297 1836 1370 pugiles
1875 1297 2169 1368 generosi,

523 1409 855 1467 eorumque
880 1393 1262 1447 instructores
1291 1386 1618 1455 daemones,
1640 1388 1742 1459 qui
1758 1402 1871 1442 nos
1882 1387 2013 1457 jam
2031 1386 2170 1442 inde

525 1502 561 1541 a
574 1482 865 1557 principio
881 1479 1152 1535 oderant.
1176 1476 1434 1532 Detrium
1448 1476 1669 1547 phatur
1678 1475 1923 1531 dextera
1940 1476 2119 1531 etiam
2133 1491 2171 1531 a

520 1569 918 1631 remotissimis
941 1565 1213 1639 partibus
1230 1567 1494 1620 virtutem
1508 1568 1775 1636 operata,
1802 1579 2170 1636 quaanovum

522 1659 702 1719 simul
739 1675 809 1715 ac
838 1662 1096 1712 veterem
1138 1652 1437 1719 Israelem,
1479 1652 1640 1708 hunc
1679 1657 1966 1725 tempore,
2004 1653 2168 1709 illum
2201 1683 2240 1736 Β

519 1747 885 1807 revelatione
927 1742 1264 1818 perfectiori
1288 1758 1360 1798 ac
1404 1741 1743 1811 cognitione
1781 1741 2059 1797 diviniori
2087 1741 2169 1797 sic

518 1840 766 1907 dictum,
797 1839 1005 1889 contra
1032 1830 1303 1886 inimicos
1331 1829 1713 1885 vehementer
1740 1829 2166 1886 corroboravit.

523 1933 701 1984 Porro
726 1923 923 1981 statim
947 1919 1206 1992 atquein
1222 1919 1494 1974 omnium
1515 1922 1905 1990 conspectum
1927 1918 2170 1976 dextera

517 2016 622 2073 illa
663 2013 837 2076 venit,
884 2025 1095 2068 omnes
1125 2006 1305 2063 simul
1335 2009 1393 2062 et
1421 2004 1799 2063 crediderunt
1844 2006 2082 2080 culpam
2114 2009 2170 2063 et

517 2119 764 2179 poenam
858 2100 1252 2171 agnoverunt,
1310 2095 1455 2158 noti,
1496 2095 1708 2165 ignoti,
1754 2094 2065 2152 domestici
2112 2100 2167 2153 et

518 2192 716 2261 alieni,
770 2191 923 2247 bene
972 2204 1041 2245 ac
1076 2186 1232 2242 male
1257 2184 1452 2240 affecti
1485 2184 1785 2257 (quamvis
1813 2189 2165 2257 promptum

516 2285 670 2338 esset
725 2276 1021 2352 suspicari
1071 2273 1334 2347 aliquem
1363 2272 1490 2328 viro
1518 2288 1626 2345 per
1666 2272 1873 2329 omnia
1910 2273 2164 2329 honesto

418 2416 423 2423 .
514 2387 587 2427 ac
638 2368 828 2443 probo
880 2364 1233 2434 inimicum),
1281 2360 1455 2434 quasi
1484 2365 1761 2419 anatura
1808 2361 1883 2418 sit
1918 2361 2162 2417 insitum

513 2476 620 2516 seu
642 2458 842 2531 politis
871 2472 907 2512 a
936 2450 1368 2511 consuetudine
1415 2466 1605 2523 prava
1650 2450 1926 2507 inclitum
1956 2450 2162 2523 pleris-

510 2565 647 2622 que,
683 2546 843 2603 mala
881 2545 1059 2601 etiam
1102 2543 1176 2598 de
1208 2540 1449 2612 optimis
1476 2540 1645 2596 facile
1675 2541 1934 2596 credere.
1965 2540 2162 2612 Aliqui

512 2638 673 2695 enim
704 2640 808 2693 aut
832 2633 1032 2707 potius
1062 2631 1351 2704 plerique,
1385 2645 1488 2685 eos
1516 2645 1551 2685 a
1572 2629 1793 2701 quibus
1822 2644 1931 2685 nec
1962 2628 2021 2685 in
2044 2629 2160 2685 mi-

510 2727 677 2783 nimo
729 2723 975 2799 quidem
1006 2720 1133 2777 laesi
1162 2724 1320 2787 sunt,
1354 2719 1469 2774 hoc
1500 2718 1630 2790 ipso
1662 2718 1828 2791 quod
1857 2717 1951 2775 vel
1972 2718 2160 2775 tantil-

509 2816 635 2872 lum
686 2812 1048 2888 przecellant,
1109 2809 1366 2867 oderunt
1418 2811 1473 2863 et
1522 2812 1896 2878 aversantur,
1951 2812 2160 2864 contra

508 2911 837 2963 creatorem
884 2918 1092 2960 eorum
1150 2902 1338 2956 Deum
1366 2902 1610 2969 agentes
1638 2898 2037 2971 impudenter,
2062 2898 2158 2971 ip-

508 2996 751 3067 siusque
769 2989 1280 3063 magniﬁcentiam
1301 2987 1477 3060 aegris
1495 2986 1682 3043 oculis
1697 2988 2012 3044 intuentes.

512 3083 947 3157 ἀποστρέφονται,
1036 3082 1165 3153 πρός
1254 3080 1339 3129 τόν
1438 3076 1676 3135 πλάστην
1743 3080 1898 3138 ὄντως

512 3178 792 3245 στέγοντες.

577 3284 666 3337 29.
686 3277 931 3344 Ututsit,
946 3274 1336 3349 peromnium
1349 3290 1456 3332 ora
1477 3272 1785 3344 divulgata
1796 3272 2160 3347 fuitetculpa
2201 3275 2241 3331 C

512 3376 570 3428 et
597 3368 882 3443 pcena,ita
903 3364 1132 3422 volente
1160 3367 1278 3420 Deo
1309 3379 1415 3436 per
1443 3379 1627 3436 quem
1657 3362 1855 3419 denuo
1882 3362 2161 3420 facienda

509 3465 679 3517 erant
707 3472 932 3526 magna
960 3459 1017 3512 et
1042 3453 1302 3526 antiquis
1331 3452 1445 3509 illis
1496 3468 1622 3509 non
1649 3452 1953 3509 absimilia
1976 3452 2157 3508 mira-

511 3549 645 3605 cula
679 3567 692 3615 ;
727 3547 776 3602 si
800 3560 923 3602 non
953 3543 1256 3600 mediante
1281 3544 1502 3613 Moyse,
1530 3544 1727 3612 Josue,
1754 3541 1897 3608 Elia,
1924 3546 2030 3599 aut
2058 3541 2160 3598 ali-

507 3653 631 3711 quo
662 3633 1094 3709 prophetarum
1122 3647 1193 3687 ac
1219 3630 1560 3687 divinorum
1589 3630 1838 3687 istorum
1868 3631 2156 3703 virorum,

512 3730 667 3783 certe
696 3721 1062 3790 immediate,
1102 3736 1208 3793 per
1235 3736 1358 3776 non
1391 3718 1709 3792 indignum
1740 3720 1787 3776 si
1816 3722 1954 3795 quis
1984 3720 2160 3793 alius,

510 3831 709 3890 neque
763 3812 1037 3870 invitum.
1089 3809 1437 3867 Referantur
1486 3810 1663 3882 igitur
1687 3814 1745 3867 et
1778 3811 2161 3867 conferantur

509 3905 663 3962 inter
688 3919 770 3969 se,
803 3906 859 3959 et
878 3904 1307 3975 prieponantur
1322 3899 1500 3956 etiam
1522 3898 1814 3956 hodierna
1837 3899 2158 3956 veteribus.

506 3999 829 4068 Postquam
857 3992 1235 4050 detumuerat
1278 3987 1443 4045 furor
1470 3987 1735 4053 barbari,
1773 3990 2014 4047 mittens
2052 3988 2157 4046 ali-

514 4101 697 4157 quem
720 4086 979 4140 Joannes
1008 4079 1267 4152 rcposcit
1287 4094 1557 4145 manum,
1586 4079 1969 4151 praetexendo
1998 4078 2161 4136 dolo-

503 4171 585 4229 ris
613 4168 1074 4241 vehementiam,
1104 4173 1161 4251 et
1199 4167 1492 4224 cruciatus
1518 4167 1901 4224 acerbitatem
1932 4167 2158 4240 suppli-

510 4258 727 4317 cationi
742 4257 887 4314 alias
900 4273 1019 4313 non
1034 4256 1385 4324 excusabili;
1407 4255 1845 4329 allegandoque
1864 4256 2158 4312 rationem

505 4344 1085 4417 verosimilem,quod
1098 4359 1413 4416 nunquam
1425 4343 1794 4416 mitigandus
1804 4348 2158 4415 essetpoante

514 4453 750 4507 sensus,
802 4433 1071 4508 quandiu
1111 4449 1404 4505 suspensa
1441 4449 1661 4489 manus
1700 4438 1987 4490 maneret.
2043 4436 2157 4490 Nec

509 4525 787 4601 pluribus
832 4538 985 4596 opus
1041 4521 1150 4577 fuit
1200 4519 1277 4577 ad
1329 4520 1721 4578 cicurandum
1768 4522 2024 4578 ferinum
2074 4528 2156 4595 ty-

1996 3075 2539 3149 ἀπαναισχυντοῦντες

1737 178 2196 253 CONSTAN'I‘INI
2232 180 2712 273 Ambacum.
3746 195 3829 266 tu

543 332 721 389 etiam
772 325 1229 383 aversemurzet
1256 318 1423 393 quod
1456 318 1582 375 heri
1625 318 1961 390 impensius
2011 336 2164 377 ama-

2298 340 2459 388 σειαν,
2491 321 2559 373 τὰ
2602 318 2808 391 μέγιστ’
2859 320 3039 393 αἴφνης
3091 307 3483 395 ἀπεχθανόμεθα
3527 336 3538 357 δ

3576 339 3660 378 και
3684 346 3726 379 οι
3778 339 3827 382 τῆ

2298 351 2459 388 untur,
2493 351 2559 373 νιυι
2602 351 2784 391 μεγιυι
2859 351 3038 393 usqum,
3091 351 3483 395 υιπιχυυινυμιυα
3527 351 3538 357 '
3576 351 3660 378 και
3684 351 3726 379 οι
3778 351 3827 402 τῃ

2294 412 2425 482 χθες
2471 408 2725 483 ἐρωτικῶς
2791 414 2909 484 περὶ
2965 404 3089 463 τόδε
3136 430 3188 462 τι
3257 405 3579 485 διακείμενοι,
3644 420 3831 492 τήμερον

2294 498 2576 574 ὀστράκου,
2608 501 2666 550 τό
2704 505 2795 550 τοῦ
2852 497 3030 570 λόγου,
3086 505 3474 571 μεταπεσόντος,
3520 510 3745 577 μισοῦμέν
3790 527 3832 561 τε

2292 594 2380 640 καὶ
2422 587 2761 661 κακίζομεν)
2822 609 2833 622 ι
2894 591 3087 641 τούτων
3138 592 3228 662 μεν
3292 586 3378 642 οὖν
3424 594 3576 664 χάριν
3635 613 3715 645 και
3757 591 3833 648 διὰ

2292 685 2454 730 ταῦτα
2504 675 2580 729 ἐπ’
2621 678 2815 751 ἀγορᾶς
2859 681 3022 749 μέσης
3068 683 3161 737 την
3219 677 3515 732 ἕκκοπεῖσαν
3553 682 3833 754 αἱωρηθῆναι

2292 763 2665 822 διακελεύεται.
2723 774 2817 820 Τοι
2840 769 2940 843 γάρ
2998 787 3079 820 τοι
3104 773 3193 820 καὶ
3268 772 3394 842 πρὸς
3448 770 3558 822 θέαν
3610 772 3829 831 πάντωνὴ

2290 852 2440 919 δεξιά
2489 860 2764 929 κρέμαται,
2852 852 3000 919 δεξιὰ
3045 859 3114 919 ὡς
3180 856 3382 920 ἀληθῶς
3456 863 3656 933 Κυρίου,
3709 857 3833 923 δεξιὰ

2290 939 2646 1017 δεδοξασμένη
2705 941 2753 995 ἓν
2832 942 3007 1015 ἰσχύί,
3060 952 3123 1018 τῇ
3199 947 3425 1020 θειοτέρα
3488 943 3700 999 δελονότι
3761 954 3834 1001 καὶ

2286 1036 2561 1104 κρείττονι,
2597 1028 2745 1095 δεξιά
2782 1052 2811 1091 η
2850 1034 3130 1105 θραύσασα
3167 1031 3413 1106 ἐχθρούς,
3467 1039 3583 1097 τούς
3635 1039 3834 1109 προπά-

2285 1138 2379 1181 τας
2409 1115 2616 1178 δηλαδή
2650 1125 2739 1172 καὶ
2770 1121 2975 1194 εύρετάς
3028 1130 3118 1181 τῆς
3170 1123 3435 1195 εὑρέσεως,
3488 1143 3575 1174 και
3624 1131 3688 1194 τῷ
3727 1124 3832 1182 πλη-

2285 1209 2361 1260 θει
2390 1218 2479 1271 τῆς
2510 1206 2669 1271 δόξης
2712 1212 2835 1271 τοὺς
2891 1211 3196 1273 ύπεαντίους
3254 1211 3582 1285 συντρίψασα
3612 1228 3625 1241 ⁸
3661 1214 3765 1283 (τίς
3805 1215 3828 1270 ἡ

2282 1293 2432 1369 δόξα,
2468 1299 2499 1356 ἡ
2559 1299 2701 1372 παρά
2731 1304 2864 1351 Θεοῦ
2915 1301 3165 1372 σύναρσις
3206 1318 3219 1368 ;
3267 1297 3287 1371 )
3326 1300 3608 1353 ὑπεναντίοι
3653 1296 3704 1353 δε
3730 1302 3834 1376 ,ἄρα

2279 1387 2327 1437 οἱ
2356 1390 2621 1459 κενοτόμοι
2654 1386 2837 1439 ἐκεῖνοι
2885 1395 2984 1438 τῶν
3045 1389 3189 1440 θείων
3251 1392 3338 1440 καὶ
3392 1398 3647 1464 πατρικῶν
3695 1410 3831 1462 παρα·

2279 1471 2499 1546 δόσεων,
2527 1478 2575 1529 οἱ
2598 1482 2819 1548 γενναῖοι
2871 1484 2961 1537 τῆς
3008 1497 3194 1539 κακιας
3258 1479 3606 1545 ὑπασπισταὶ,
3671 1482 3748 1530 καὶ
3794 1482 3833 1531 οἱ

2280 1562 2516 1618 ἀλεῖπται
2540 1569 2755 1617 τουτωνὶ
2789 1561 3047 1637 δαίμονες,
3109 1568 3157 1617 οἰ
3210 1564 3443 1640 ἀρχῆθεν
3497 1569 3613 1640 ἡμῖν
3666 1563 3833 1640 δυσμε-

2278 1661 2379 1716 νεῖς
2406 1658 2497 1706 καὶ
2547 1653 2801 1727 πολέμιοι.
2850 1654 3261 1728 Τεθριάμϐευται
3310 1651 3479 1722 δεξιὰ,
3517 1657 3547 1714 ἡ
3600 1661 3835 1715 ποιήσασα

2278 1741 2380 1794 κάκ
2442 1751 2541 1794 τῶν
2601 1742 2855 1795 ἀπωτάτω
2916 1748 3007 1795 καί
3080 1741 3343 1819 πόρρωθεν
3375 1739 3613 1816 δύναμιν,
3665 1749 3835 1798 καὶτὸν

2277 1837 2575 1908 πρόσφατον
2632 1833 2762 1905 ὁμοῦ
2818 1838 2907 1885 καὶ
2973 1832 3332 1907 πρεσϐύτατον
3391 1833 3618 1908 Ἰσραὴλ,
3673 1838 3723 1887 τό
3762 1837 3835 1905 μὲν

2277 1929 2348 1992 τῷ
2380 1926 2576 1994 χρόνῳ,
2610 1924 2666 1973 τὸ
2699 1918 2751 1973 δ’
2782 1920 3108 1993 ἀποκαλύψει
3165 1922 3444 1997 τελεωτέρα
3504 1928 3591 1977 καὶ
3652 1922 3836 1995 ἐπιγνώο

2280 2030 2359 2062 σει
2391 2011 2620 2085 θειοτέρα
2655 2015 2746 2063 καὶ
2799 2015 3073 2083 κρείττονι,
3134 2014 3200 2063 τὰ
3256 2011 3461 2084 μεγάλα
3505 2012 3613 2065 κατ’
3668 2010 3835 2085 ἐχθρῶν

2277 2096 2630 2169 ἑνισχύσασα.
2661 2097 2795 2151 Ἀλλ’
2826 2097 2933 2151 ἐπεὶ
2989 2106 3114 2171 γοῦν
3172 2099 3245 2161 εἰς
3293 2102 3412 2153 θίαν
3462 2100 3550 2158 ἧκε
3592 2106 3731 2167 πᾶσι,
3765 2103 3836 2152 καὶ

2273 2189 2459 2249 πάντες
2488 2192 2581 2247 τὴν
2632 2185 2927 2247 καταδίκην
2976 2194 3065 2241 καὶ
3116 2194 3210 2248 τὴν
3249 2195 3504 2264 τιμωρίαν
3560 2190 3830 2262 ἐπέγνωσαν,

2276 2277 2533 2343 συνήθεις,
2601 2274 2843 2348 ἀγνῶτες,
2930 2276 3136 2343 οἰκεῖοι,
3205 2277 3487 2354 ἀλλότριοι,
3562 2274 3831 2344 ἐπιτήδειοι,

2274 2360 2568 2437 δυσμενεῖς,
2647 2368 2748 2437 εἰγε
2817 2370 2902 2418 καὶ
2972 2366 3301 2420 ὑπολειπτέον
3383 2365 3509 2420 εἷναί
3586 2387 3694 2420 τινα
3763 2370 3832 2419 τὸν

2271 2452 2615 2527 ἐχθραίνοντα
2670 2462 2742 2525 τῷ
2798 2456 2865 2506 τὰ
2916 2456 3086 2509 πάντα
3144 2455 3303 2527 καλῷ,
3367 2464 3438 2527 τῷ
3496 2460 3621 2532 πρὸς
3667 2457 3834 2517 πάντας

2269 2550 2517 2618 χρηστῷ.
2555 2546 2785 2615 Πεφυκός
2841 2539 2899 2597 δε
2944 2544 3049 2617 ἦρα
3096 2544 3363 2618 ξυμϐαίνει
3425 2565 3438 2580 ο
3493 2552 3581 2599 καὶ
3640 2549 3731 2620 γὰρ
3780 2553 3829 2617 τῇ

2270 2633 2493 2706 ἡμετέρᾳ
2550 2635 2723 2685 τουτοϊ
2771 2634 2942 2703 φύσει,
2984 2632 3172 2705 μᾶλλον
3233 2630 3292 2687 δὲ
3328 2640 3422 2687 καὶ
3475 2637 3637 2688 εἴωθεν
3689 2635 3833 2695 ὡςτὰ

2268 2719 2429 2772 πολλά
2460 2719 2799 2792 ἐπιγίνεσθαι.
2861 2727 3025 2774 Ἔνιοι
3088 2726 3178 2774 καὶ
3240 2726 3371 2798 γὰρ,
3432 2724 3618 2799 μᾶλλον
3673 2720 3717 2777 δ’
3782 2723 3832 2774 ἶν’

2268 2807 2402 2860 οὕτω
2432 2813 2587 2879 φαίην
2618 2812 2666 2861 οἱ
2694 2808 2918 2877 πλείους,
2952 2816 3041 2863 καὶ
3071 2818 3175 2872 τοῖς
3207 2817 3279 2885 μὴ
3321 2810 3638 2873 ἠδικηκόσιν
3686 2809 3830 2875 οὐδὲν,

2269 2900 2372 2969 εἴγε
2430 2901 2583 2971 μόνον
2652 2897 2833 2952 ἐκεῖνοι
2918 2908 3057 2973 σφῶν
3138 2904 3495 2977 ύπερφέροιεν,
3572 2906 3739 2956 τούτου
3786 2896 3832 2953 δὲ

2266 2991 2423 3060 μόνου
2453 2994 2542 3042 καὶ
2602 2989 2696 3041 οὐκ
2746 2989 2900 3042 ἄλλου
2958 2998 3197 3062 μισοῦσι,
3266 2998 3361 3045 καί
3413 2992 3643 3068 ἐκθύμως
3676 2993 3833 3051 αὐτοὺς

2638 3082 2828 3146 Θεὸν,,
2864 3084 2954 3132 καὶ
3026 3085 3119 3139 τὴν
3187 3081 3487 3156 φιλοτιμίαν
3550 3086 3722 3136 τούτου
3776 3084 3831 3153 μὴ

2335 3272 2434 3329 κθ’.
2468 3273 2606 3335 Πλὴν
2636 3273 2765 3329 ἀλλὰ
2811 3281 2945 3330 πᾶσι
2991 3280 3078 3330 καὶ
3120 3279 3186 3331 τὰ
3239 3287 3336 3342 τῆς
3394 3277 3703 3349 καταδίκης,
3756 3280 3830 3331 καὶ

2268 3364 2336 3415 τὰ
2396 3373 2488 3426 τῆς
2536 3364 2728 3437 χλεύης
2782 3364 3124 3438 ἐπέγνωσται,
3182 3373 3403 3442 προνοίᾳ
3452 3372 3649 3431 πάντως
3700 3374 3829 3431 Θεοῦ,

2268 3453 2391 3529 παρ’
2448 3455 2509 3508 οὔ
2565 3452 2633 3514 δη
2693 3457 2762 3508 τὰ
2806 3456 3004 3529 μεγάλα
3057 3462 3146 3510 καὶ
3202 3462 3342 3511 κατά
3395 3462 3462 3513 τὰ
3526 3466 3641 3534 πρίν
3694 3466 3833 3513 εκείνα

2273 3544 2794 3616 θαυματοποιηθῆναι
2836 3550 2927 3598 καὶ
2968 3542 3119 3610 αὖθις
3156 3546 3222 3599 αύ
3276 3549 3492 3621 ἤμελλεν
3520 3571 3533 3584 ο
3588 3550 3631 3602 εἰ
3676 3545 3729 3601 δὲ
3771 3550 3828 3619 μὴ

2272 3627 2307 3685 δ
2313 3632 2347 3684 ι’
2378 3632 2523 3696 ἀξίου
2553 3642 2645 3686 τοῦ
2674 3637 2837 3706 μέσου
2860 3638 3109 3706 Μωσέως,
3142 3640 3171 3695 ἦ
3207 3637 3409 3710 Ἰησοῦ,
3440 3642 3470 3697 ἦ
3524 3643 3623 3713 μὴν
3662 3637 3831 3703 Ἠλιοϋ,

2271 3720 2300 3779 ἦ
2360 3729 2458 3773 τῶν
2515 3741 2653 3784 τινος
2701 3722 2870 3797 ἐτέρου
2934 3743 3209 3797 προφητων
3261 3732 3354 3779 καὶ
3422 3729 3568 3780 θείων
3638 3723 3831 3800 ἀνδρῶν,

2271 3806 2473 3881 ἀμέσως
2507 3807 2566 3864 δε
2604 3811 2680 3864 cn”
2714 3810 2841 3884 ἀξίῳ
2869 3814 3034 3887 ἕτερός
3071 3833 3150 3876 τις
3179 3811 3220 3885 ᾧ
3258 3835 3313 3887 γε
3368 3819 3431 3869 ἄν
3485 3822 3573 3870 καὶ
3618 3821 3689 3875 εἴη
3729 3814 3833 3889 βου·

2268 3897 2482 3971 λομένῳ.
2546 3907 2645 3952 Και
2705 3899 2892 3973 λεγέτω
2946 3906 3036 3954 καὶ
3095 3906 3361 3975 συναγετω
3409 3909 3469 3959 τό
3524 3904 3831 3980 ὑπερϐάλλον.

2268 3992 2358 4039 καὶ
2386 3989 2701 4064 ύπερτιθέτω
2728 3995 2947 4043 καὶτῶν
3003 3999 3091 4043 νῦν
3155 3993 3284 4067 ὁμοῦ
3338 4014 3432 4047 και
3486 4004 3585 4047 τῶν
3633 4000 3830 4048 πώποτε.

2270 4076 2353 4137 Ὠς
2397 4080 2498 4153 γάρ
2541 4074 2609 4137 δὴ
2667 4087 2741 4151 τῷ
2798 4077 3041 4154 ϐαρϐαρῳ
3093 4079 3298 4144 λήξειαν
3355 4087 3407 4136 οἱ
3442 4086 3613 4156 θυμοί,
3655 4080 3833 4155 πέμψας

2268 4167 2295 4218 ό
2326 4166 2581 4235 Ἰωάννης,
2614 4166 2837 4221 αἰτεῖται
2885 4174 2979 4227 τὴν
3035 4176 3213 4243 χεῖρα,
3268 4174 3328 4224 τὸ
3376 4172 3648 4247 περιαλγὶς
3701 4167 3832 4229 δῆθεν

2271 4260 2757 4329 σχηματισὰμενος,
2795 4278 2883 4310 και
2922 4262 2982 4310 τό
3032 4267 3127 4322 τῆς
3176 4256 3372 4323 ὀδύνης
3422 4262 3495 4324 εἰς
3553 4260 3833 4319 δυσώπησιν

2267 4344 2524 4421 ἀφόρητον
2552 4346 2978 4422 προϐαλλόμενος,
3038 4347 3223 4421 λόγους
3271 4369 3325 4404 τε
3374 4351 3620 4425 εὐλόγους
3662 4367 3831 4421 προφα-

2270 4438 2563 4509 σισάμενος,
2607 4439 2677 4499 ὡς
2712 4439 2763 4499 ἔς
2804 4437 2852 4489 τ’
2908 4436 2968 4490 ἂν
3017 4440 3047 4496 ἡ
3102 4444 3224 4513 χεὶρ
3278 4438 3630 4517 ἀπῃωρημένη
3673 4459 3721 4493 τε
3763 4442 3826 4495 εἰη

2265 4525 2331 4576 τὰ
2392 4532 2483 4577 τοῦ
2531 4524 2721 4597 ἄλγους
2773 4525 2903 4598 ούχί
2974 4525 3275 4600 λωφήσειεν.
3341 4530 3459 4584 Ἐπί
3510 4535 3702 4591 τούτοις
3756 4546 3828 4580 και

508 4614 685 4675 ranni
711 4612 1004 4678 animum,
1046 4614 1103 4667 et
1125 4626 1265 4667 eum
1294 4609 1399 4683 qui
1418 4609 1814 4683 implacabilis
1843 4610 2159 4669 videbatur

2273 4614 2490 4680 ἱλαρύνει
2546 4619 2633 4668 τὸν
2689 4617 2890 4688 άγριον,
2942 4636 3033 4670 και
3084 4621 3172 4671 τὸν
3227 4616 3527 4692 ἀμείλικτον
3578 4619 3828 4695 μειλίσσει.

508 4702 1025 4779 componendum.
1078 4703 1161 4757 Ita
1192 4699 1352 4756 enim
1405 4714 1535 4755 sese
1571 4698 1756 4756 habet
1796 4700 2000 4772 homo,
2047 4700 2159 4759 ira-

504 4795 740 4853 cundiae
770 4791 1173 4851 succumbens
1202 4789 1327 4847 fera
1355 4788 1605 4846 efﬁcitur
1634 4788 2155 4860 exhominc,sum-

506 4890 611 4956 pta
635 4890 835 4941 autem
860 4887 926 4940 ut
949 4881 1135 4939 voluit
1158 4879 1420 4937 vindicta
1444 4878 1828 4951 mansuescit,
1859 4883 1915 4935 ct
1935 4896 2005 4935 ex
2032 4879 2156 4938 fera

504 4989 712 5030 rursus
743 4972 1197 5030 transformatur
1225 4971 1285 5027 in
1314 4968 1989 5041 hominem.lndulgetur
2011 4985 2154 5043 ergo

504 5062 741 5131 Joanni,
798 5067 860 5119 ut
888 5065 1194 5118 dexteram
1242 5060 1526 5133 recipiat;
1560 5076 1701 5116 mox
1752 5064 1953 5117 autem
1984 5065 2038 5118 et
2068 5076 2153 5117 re-

504 5156 678 5225 cepta
726 5150 853 5219 fuit,
899 5154 957 5206 et
985 5149 1231 5206 admota
1258 5149 1412 5223 parti
1453 5150 1612 5205 unde
1658 5149 1851 5205 fuerat
1891 5149 2146 5217 abcissa,

502 5245 588 5298 est
614 5240 811 5297 eidem
855 5238 1141 5296 adunata.
1176 5239 1328 5305 Quid
1357 5254 1499 5295 vero
1522 5237 1617 5295 hic
1638 5238 1862 5309 justius
1893 5239 2150 5297 admira-

498 5331 661 5389 bitur
685 5329 899 5404 aliquis
920 5331 949 5386 ?
979 5327 1072 5385 vel
1100 5328 1295 5401 potius
1326 5328 1636 5402 quomodo
1666 5330 2008 5403 exaequabit
2034 5345 2149 5388 ser-

496 5437 678 5479 mone
706 5420 790 5477 rei
819 5419 988 5477 factee
1017 5417 1366 5488 dignitatem
1406 5419 1433 5473 ?
1467 5421 1669 5475 Utrum
1698 5418 1914 5477 deinde
1944 5417 2147 5478 obstu-

496 5514 697 5593 pescet
724 5510 909 5588 prius,
939 5524 1017 5567 an
1045 5506 1226 5566 ﬁdem
1253 5506 1522 5581 Joannis,
1553 5524 1631 5566 an
1651 5525 1792 5567 vero
1818 5511 2145 5584 potentiam

2264 4708 2507 4757 Τοιοῦτόν
2528 4724 2579 4757 τι
2616 4724 2706 4758 και
2746 4708 2847 4780 γὰρ
2896 4706 3204 4782 ἄνθρωπος·
3268 4708 3540 4784 ὀργίζεται
3593 4710 3828 4783 συμπεσόν

2266 4794 2400 4846 οὕτω
2447 4813 2536 4846 και
2596 4795 2768 4868 θηρίον
2799 4794 2853 4858 εξ
2908 4792 3179 4871 ἀνθρώπου
3232 4800 3552 4853 καθίσταται
3580 4821 3593 4834 θ
3638 4802 3831 4873 ἡμεροῦν

2264 4902 2348 4935 ται
2394 4888 2453 4935 τό
2510 4885 2624 4937 κατ’
2676 4883 2841 4958 δοεξιν
2875 4883 3161 4955 εκπλήσας,
3209 4892 3300 4941 καί
3355 4888 3426 4951 εὶς
3476 4892 3733 4964 ἄνθρωπον
3787 4901 3830 4936 εκ

2266 4973 2449 5045 θηρίου
2480 4973 2632 5025 πάλιν
2662 4979 3095 5047 μεταπεποίηται.
3127 4981 3308 5030 Τοίνυν
3331 4974 3398 5037 δὴ
3448 4999 3538 5031 και
3585 4972 3827 5031 ενδέδοται

2262 5065 2425 5135 τούτῳ
2477 5071 2566 5124 τῆς
2616 5059 2791 5127 δεξιᾶς
2833 5066 2861 5122 ἡ
2916 5063 3173 5137 ἀναληψις
3206 5088 3218 5100 ·
3279 5072 3525 5141 παραυτά
3570 5076 3688 5140 γοῦν
3759 5080 3832 5115 και

2263 5150 2579 5217 ἀνείληπται,
2641 5172 2730 5206 και
2804 5155 2916 5207 ὅθεν
2984 5159 3290 5209 εκκεκοπται
3358 5176 3448 5210 και
3528 5157 3828 5217 επιτὶθειται,

2258 5260 2349 5294 και
2385 5248 2797 5317 περιήρμοσται.
2838 5242 2991 5297 Ἀλλὰ
3046 5247 3098 5297 τί
3145 5262 3204 5318 γε
3261 5263 3336 5309 τις
3384 5250 3607 5300 εντεῦθεν
3663 5245 3718 5297 ἂν
3756 5256 3830 5294 και

2260 5332 2791 5405 θαυμάσειεςμάλλον
2824 5327 2899 5405 δὲ,
2949 5336 3106 5396 πῶςό
3162 5334 3309 5408 λόγός
3357 5340 3481 5412 πρὸς
3536 5334 3680 5399 ἀξίαν
3728 5328 3828 5385 διη-

2255 5427 2482 5493 γήσαιτο
2511 5425 2576 5474 τὰ
2604 5431 2695 5476 τοῦ
2730 5424 3079 5498 πράγματος;
3128 5429 3329 5499 Πότερα
3373 5428 3475 5498 γὰρ
3524 5432 3616 5478 τοῦ
3657 5418 3825 5493 ἀνδρὸς

2254 5517 2347 5573 τὴν
2390 5516 2567 5565 πίστιν
2617 5511 2890 5588 ἀγάσεται,
2952 5515 2981 5575 ἢ
3031 5519 3126 5576 τὴν
3173 5523 3264 5580 τῆς
3313 5517 3580 5589 Πανάγνον
3624 5509 3825 5585 δύναμιν
