4084 6206
224 357 337 422 849

219 489 617 562 εκπλαγησεται
691 493 787 556 τῆς
858 486 1192 564 ἁειπαρθίνου
1277 493 1366 544 καὶ

217 585 382 635 Ποῖόν
442 599 497 638 τε
557 579 751 634 τούτων
816 585 908 633 τοῦ
952 578 1125 656 ἑτέρου
1209 582 1441 657 προθεὶς,
1527 579 1825 658 ἕνθεώτερον

218 672 570 735 θιασεύσειεν;
612 672 642 728 ἤ
702 665 946 728 δηλονότι
1002 674 1091 723 καὶ
1135 669 1288 745 ἄμφω
1347 669 1686 749 συλλήψοιτο,
1735 676 1825 730 καὶ

215 755 296 812 δι’
337 758 496 833 ἄμφω
539 763 948 837 περικροτὴσειε,
995 764 1084 816 καὶ
1133 762 1203 826 ὡς
1251 763 1385 825 εἰκὸς
1436 761 1590 840 ἄμφω
1651 760 1823 818 ἄνθεά-

215 864 351 917 σειε;

293 954 356 1011 λ’.
383 957 456 1009 Τὸ
500 955 602 1029 γάρ
643 975 725 1010 τοι
769 955 1036 1030 εύκτήριον
1092 955 1286 1024 εἰσιὼν,
1338 960 1430 1010 καὶ
1483 964 1574 1020 τῆς
1628 967 1822 1022 σεπτῆς

212 1046 514 1120 ἔμπροσθεν
569 1044 756 1106 εἰκόνος
814 1054 909 1108 τῆς
963 1049 1244 1108 Δεσποίνης
1331 1051 1420 1101 καὶ
1497 1053 1822 1122 Θεομήτορος

205 1134 525 1190 καταϐαλὼν
552 1134 756 1206 ἑαυτὸν,
801 1141 892 1190 καὶ
943 1135 1017 1214 ἐφ’
1068 1139 1239 1193 ἱκανὸν
1304 1145 1377 1209 τῷ
1421 1135 1599 1215 ἐδάφει
1659 1158 1819 1216 προσ-

212 1228 341 1300 φὺς,
381 1227 529 1298 ’μετὰ
586 1221 646 1280 δέ
686 1229 776 1278 καὶ
831 1228 1007 1298 συχνὰ
1060 1232 1173 1289 ταῖς
1205 1229 1341 1283 κατὰ
1385 1235 1484 1298 γῆς
1537 1226 1820 1300 ὀλοψύχοις

208 1321 545 1390 καταφοραῖς
593 1314 968 1390 προσαρρἁξας
1021 1320 1115 1375 τὴν
1172 1317 1414 1392 κεφαλήν,
1491 1321 1585 1377 τὴν
1669 1317 1820 1373 ἐκκο-

209 1411 406 1460 πεῖσαν
437 1403 714 1466 ἀνανεύσας
792 1401 1048 1469 ὑπέδειξεο
1126 1411 1217 1460 καὶ
1298 1409 1364 1467 ὡς
1441 1405 1603 1482 ἐκείνη
1682 1407 1816 1480 αὐτῇ

205 1496 462 1569 παρούσῃ
515 1501 578 1567 τῇ
627 1497 864 1569 Παναγίᾳ
918 1493 1212 1569 ἐπεφώνησὲ
1261 1514 1315 1550 τε
1369 1501 1459 1552 καὶ
1519 1500 1613 1556 τὴν
1673 1499 1820 1571 θεραο

202 1588 368 1640 πείαν
415 1581 660 1654 ἐζήτησε,
723 1579 932 1657 δάκρυα
985 1585 1149 1660 θερμὰ
1203 1589 1500 1658 καταχέων,
1544 1589 1635 1639 καὶ
1695 1588 1816 1640 ὅτου

202 1675 384 1749 χάριν
412 1672 675 1733 ὑποσταίη
710 1677 800 1732 τὴν
859 1679 1112 1750 τιμωρίαν
1170 1675 1601 1748 ὑπομιμνήσκων,
1664 1674 1814 1750 ’Υπὲρ

203 1770 310 1823 τῆς
371 1769 491 1828 σῆς,
547 1761 724 1836 λέγων,
780 1763 991 1830 εἰκόνος,
1046 1767 1136 1816 καὶ
1190 1771 1283 1816 τοῦ
1333 1770 1635 1837 μονογενοῦς
1717 1783 1813 1819 σου

1439 363 1509 422 ΙΝ
1549 361 1608 423 S.
1647 361 1851 423 JOAN.
1890 361 2388 424 DAMASCENUM.

3487 362 3596 420 850

1479 496 1817 567 Θεομήτορος;

1934 506 2172 565 semper
2189 489 2439 562 virginis
2481 488 2747 563 Deiparee
2781 487 3002 553 Mariae?
3025 486 3343 558 Quodnam
3367 487 3588 551 horum

1932 579 2194 657 denique
2224 579 2557 652 majoribus
2569 579 2884 653 praeconiis
2896 578 3116 649 efferet,
3141 581 3244 637 aut
3272 576 3584 654 quomodo

1931 676 2248 747 utrumque
2275 669 2453 727 simul
2481 668 2966 750 comprehendet,
3014 671 3336 745 utrumque
3366 672 3432 726 ut
3475 681 3588 744 par

1932 763 2021 820 est
2041 757 2394 818 celebrabit?

2002 959 2089 1015 30.
2138 953 2476 1017 Oratorium
2523 968 2789 1027 namque
2837 951 3231 1011 domesticum
3268 953 3578 1029 ingressus

1928 1046 2213 1112 Joannes,
2229 1060 2368 1101 cum
2381 1047 2518 1101 ante
2531 1041 2937 1100 venerandam
2957 1041 3282 1112 imaginem
3310 1045 3574 1116 Deiparas

1928 1135 2406 1208 angelorumque
2427 1134 2648 1206 regina:
2673 1133 3256 1208 prostravissetsese,
3313 1140 3370 1192 et
3413 1137 3576 1210 pavi-

1928 1229 2132 1284 mento
2153 1223 2470 1281 adhaerens
2509 1222 2734 1280 crebris
2768 1222 2979 1295 capitis
3031 1222 3406 1283 allisionibus
3441 1224 3575 1282 inti~

1928 1331 2098 1372 mum
2134 1313 2579 1371 animisensum
2609 1317 2763 1370 esset
2792 1316 3058 1378 testatus,
3089 1312 3403 1370 rescissam
3431 1329 3569 1386 pro-

1928 1403 2114 1461 tendit
2125 1402 2434 1458 dexteram
2451 1404 2507 1458 et
2520 1400 2676 1457 velut
2687 1417 2722 1457 a
2738 1401 3018 1474 prmsenti
3031 1401 3327 1458 medelam
3341 1417 3566 1472 magno

1926 1492 2189 1551 clamore
2213 1491 2569 1564 deposcens,
2592 1505 2662 1548 ae
2675 1488 2935 1561 profusis
2953 1505 3091 1546 cum
3112 1490 3394 1563 lacrymis
3425 1491 3568 1548 irro-

1925 1581 2047 1654 gati
2078 1580 2193 1637 sibi
2227 1579 2502 1653 supplicii
2528 1593 2780 1636 causam
2801 1592 3306 1646 commemorans,
3327 1584 3572 1652 propter

1923 1674 2113 1740 tuam,
2139 1667 2348 1742 inquit,
2378 1668 2706 1738 imaginem
2737 1683 2807 1724 ac
2831 1666 2951 1724 Filii
2973 1667 3078 1736 tui,
3123 1672 3181 1724 et
3228 1683 3438 1725 eorum
3464 1668 3576 1741 qui

1923 1757 2308 1818 multifariam
2333 1757 2386 1816 ei
2410 1757 2784 1831 placuerunt,
2813 1755 3039 1825 icones,
3067 1757 3290 1813 inimici
3314 1757 3570 1815 veritatis

205 1852 366 1918 Υἱοῦ,
399 1859 501 1906 τῶν
557 1850 977 1925 εύηρεστηκότων
1037 1871 1091 1906 τε
1145 1849 1409 1927 διαφόρως
1466 1852 1632 1924 αὐτῷ,
1687 1857 1816 1930 πρὸς

1926 1845 2037 1904 hoc
2067 1846 2282 1905 drama
2311 1846 2740 1914 subornarunt,
2783 1850 2839 1902 et
2889 1850 3075 1904 totam
3121 1845 3279 1902 hanc
3325 1861 3570 1904 scenam

207 1948 310 1996 τοῦ
336 1948 432 2002 τῆς
471 1938 714 2004 ἀληθείας
759 1939 956 2015 ἐχθροῦ
1012 1944 1078 1994 τὰ
1129 1948 1220 1995 τοῦ
1278 1937 1544 2016 δράματος
1596 1941 1814 1996 ὶσκαιώο

207 2049 400 2100 ρηται,
429 2033 519 2084 καὶ
559 2031 627 2083 τὰ
671 2037 760 2092 τῆς
817 2038 1016 2094 σκηνῆς
1064 2032 1507 2106 καθυποκέκριταί
1561 2051 1667 2105 μου
1724 2038 1815 2086 καὶ

209 2118 737 2194 πεπλαστούργηται·
791 2121 904 2176 ὅθεν
953 2116 1022 2179 δὴ
1078 2125 1169 2176 καί
1222 2123 1354 2194 μετά
1411 2120 1630 2196 θάρρους
1678 2119 1816 2175 ἀντι-

209 2207 378 2272 ϐολῶ,
433 2207 722 2264 ἆπάκουσόν
776 2229 899 2284 μου,
949 2214 1040 2263 καὶ
1094 2214 1188 2271 τὴν
1235 2218 1395 2286 χεῖρα
1453 2216 1592 2264 σώαν
1667 2209 1815 2274 αὖθις

207 2298 578 2360 κατάστησον·
632 2301 718 2352 ἵνα
767 2317 852 2352 σοι
898 2301 966 2352 τὰ
1011 2307 1106 2362 τῆς
1162 2300 1578 2373 θαυματουργίας
1636 2299 1812 2354 καλλιο

206 2391 479 2463 γραφήσω
498 2387 795 2462 παράδοξα,
839 2392 929 2445 καὶ
971 2385 1262 2464 μελῳδήσω
1297 2393 1389 2442 καὶ
1437 2387 1814 2463 ἁναμέλψωμαι

206 2480 312 2535 τὴν
346 2475 538 2536 πολλὴν
567 2481 698 2553 πρὸς
725 2481 852 2532 Θεὸν
901 2477 1198 2554 παρρησίαν
1231 2497 1347 2543 σου,
1396 2483 1487 2532 καὶ
1542 2483 1637 2538 τὴν
1694 2475 1814 2538 διη-

204 2574 332 2626 νεκῆ
393 2569 521 2642 πρὸς
575 2566 731 2624 αὐτὸν
788 2569 932 2641 ἡμῶν
981 2567 1219 2632 ἔντευξιν.
1302 2571 1684 2644 Μαρτυροῦμαί
1759 2584 1814 2622 τε

209 2652 555 2731 διαπρυσίως
586 2656 756 2710 ἅπασι
805 2665 1048 2730 πανταχῆ
1109 2663 1200 2719 την
1250 2656 1508 2725 εὐήθειαν,
1566 2658 1692 2734 ὑπὲρ
1753 2659 1813 2722 ἧς

205 2747 471 2816 πέπονθα,
497 2750 584 2799 καὶ
641 2742 717 2802 δι’
763 2748 825 2806 ἠν
883 2751 974 2806 τὴν
1023 2743 1198 2811 δεξιὰν
1254 2746 1628 2821 κεκολοϐωμαι·
1683 2751 1808 2813 Ναὶ,

205 2838 306 2890 τού
339 2833 711 2908 εὐσπλαγχνου
754 2840 844 2889 καὶ
892 2838 982 2890 τού
1034 2837 1339 2909 συμπαθοῦς
1384 2845 1547 2910 μῆτερ
1606 2856 1808 2910 συμπα-

211 2925 314 2986 θὴς
385 2929 477 2979 καὶ
542 2924 980 2998 φιλεύσπλαοιχνε·
1056 2930 1162 2993 ναὶ,
1234 2933 1326 2980 τοῦ
1410 2922 1814 3000 παντοδυνοίμου

213 3014 338 3070 θεοῦ
358 3015 656 3089 γεννητρια,
695 3015 746 3076 ὃς
769 3019 899 3089 μόνη
926 3013 1178 3089 βούλήσει
1229 3018 1288 3068 τό
1353 3020 1452 3068 πᾶν
1503 3012 1626 3072 τόδε
1684 3035 1815 3089 παρο

210 3107 410 3176 ἠγαγε,
459 3108 551 3158 καὶ
601 3108 690 3158 τὸν
741 3109 938 3178 κόσμον
992 3101 1208 3160 διιθύνει
1258 3108 1616 3178 τῷινεύματιο
1667 3101 1816 3160 ἔπιδε

209 3193 362 3248 ἵλεων
392 3197 524 3269 πρὸς
559 3203 654 3250 σοῦ
705 3198 766 3250 τὸ
801 3198 1078 3269 ἱκετηριον,
1132 3192 1424 3272 πρόσδεεαι
1469 3200 1564 3255 τὴν
1630 3192 1814 3255 δέησιν
1854 3203 1894 3258 C

208 3287 308 3338 καὶ
339 3283 413 3347 εἰς
434 3287 597 3359 πέρας
634 3284 800 3358 ἄγαγε
823 3304 915 3358 μοι
937 3290 1030 3345 τήν
1063 3288 1294 3345 αἴτησιν.

282 3399 381 3457 λα’.
413 3406 594 3454 Ταῦτα
633 3397 694 3455 δί
735 3407 825 3455 καὶ
880 3400 1016 3455 πλέω
1041 3404 1235 3455 τούτων
1293 3401 1466 3467 εἰπὼν,
1522 3405 1708 3475 μικρόν
1763 3421 1814 3456 τι

200 3497 312 3543 τῶν
355 3486 554 3543 ὀδυνῶν
603 3488 814 3562 ἀνεθεὶς,
888 3493 1112 3544 ὕπνωσεο
1204 3495 1294 3544 καὶ
1360 3491 1426 3564 (ὦ
1507 3492 1812 3564 θαυμασίων

205 3579 370 3636 Θεοῦὲ
401 3579 443 3632 ὦ
503 3584 703 3656 μητρὸς
768 3579 1093 3656 παῤῥησίαςῐ
1177 3583 1218 3638 ὦ
1300 3584 1470 3639 πόσην
1531 3583 1726 3638 ταύτην
1778 3580 1809 3638 ἠ

206 3670 480 3742 Ιίοίναγνος
499 3672 626 3745 πρὸς
649 3671 780 3746 πρὸς
817 3672 903 3722 τὸν
932 3672 1050 3722 Υίὸν
1079 3669 1292 3723 πλουτεῖ
1323 3675 1412 3723 καὶ
1441 3672 1593 3740 Θεὸν,
1626 3669 1739 3723 οἷαν
1759 3689 1814 3725 τε

206 3757 407 3811 ἐκεῖθεν
438 3758 554 3830 ἔχει
581 3763 674 3818 τήν
718 3754 991 3832 δύναμινῑ)
1041 3757 1358 3832 ἐπιφαίνεται
1413 3779 1580 3830 τούτῳ
1632 3762 1813 3813 καθεύ-

210 3845 501 3916 δοντε,καὶ
530 3851 601 3911 ὡς
639 3847 947 3924 ὶγρηγορότι
1012 3849 1163 3910 ζῶσα
1209 3851 1382 3923 ὧσπερ
1425 3851 1456 3908 η
1501 3849 1650 3902 εἰκὼν
1698 3846 1814 3904 δια-

207 3938 439 4010 λέγεται.
484 3941 625 3990 Σώαν
679 3945 802 4010 γοῦν
854 3939 1121 3992 ποιεῖσθαι
1176 3942 1272 3998 τήν
1304 3935 1480 4002 δεξιὰν
1538 3937 1815 4012 ύπισχνεί.

211 4047 327 4081 ται⁸
361 4025 502 4086 Πλὴν
530 4029 595 4081 τὰ
628 4035 722 4090 τῆς
774 4027 988 4100 ἕγγύης,
1019 4033 1170 4101 φησι,
1224 4032 1474 4103 μέμνησθ’
1525 4033 1616 4081 καὶ
1669 4029 1815 4082 τούν-

215 4118 394 4170 τεῦθεν
445 4124 508 4190 τῇ
559 4122 706 4193 χειρὶ
757 4125 968 4192 χρῆσαι
1014 4121 1141 4191 πρὸς
1195 4118 1233 4169 οἶ
1285 4113 1352 4177 δὴ
1425 4121 1515 4171 καὶ
1581 4121 1809 4191 εἴρηκας.

221 4209 507 4278 Κόσμησον
550 4209 615 4266 ὡς
670 4204 776 4259 ἰνόν
835 4210 928 4264 τὴν
980 4206 1296 4264 Ἐκκλησίαν
1375 4213 1628 4282 Χριστοῦ,
1676 4203 1815 4267 δι’ἦν

218 4301 451 4357 κενώσας
485 4295 663 4349 ἑαυτὸν
709 4294 897 4356 τελειος
951 4299 1076 4356 Θεὸς
1121 4296 1190 4348 ὢν
1249 4300 1341 4349 καὶ
1387 4295 1575 4358 τέλειος
1622 4295 1817 4373 ἂνθρω-

219 4404 316 4447 πος
344 4381 398 4447 ἕξ
435 4383 560 4457 ἐμοῦ
604 4403 660 4438 τε
714 4389 804 4437 καὶ
854 4381 928 4437 δι’
975 4383 1188 4458 ὶμοῦ....
1240 4385 1363 4437 αύτό
1418 4390 1483 4438 σὺ
1536 4384 1704 4448 καλῶς
1755 4387 1816 4439 οἷν

219 4473 600 4547 ἐκφήνειας,ὡς
629 4479 719 4528 καὶ
763 4473 944 4542 τοίλλα,
994 4470 1061 4533 δὴ
1117 4483 1217 4526 τῶν
1267 4472 1570 4549 ἀπορρήτων
1625 4475 1818 4529 ύποθυ-

217 4566 421 4637 μοσύνῃ
483 4571 572 4616 τοῦ
626 4569 928 4637 σογίσοντος
994 4566 1308 4636 ῐῐνεύματος·

222 4652 560 4720 Ἐκκλησίαν,
584 4653 711 4725 ὑπερ
767 4650 829 4716 ἧς
891 4656 949 4706 τὸ
1000 4653 1185 4705 ἑαυτοῦ
1238 4653 1370 4725 αἷμα
1412 4651 1608 4724 ἐξέχεεν
1659 4655 1684 4705 ὁ
1733 4652 1816 4707 ἐπὶ

219 4751 320 4795 τῶν
373 4741 636 4817 Χερουϐὶμ
689 4740 1023 4808 ἔπιϐεϐηκὼς,
1084 4747 1173 4795 καὶ
1230 4744 1283 4795 ὃν
1327 4745 1394 4794 τὰ
1450 4746 1676 4816 Σεραφὶμ
1731 4747 1816 4796 πέ-

219 4851 390 4904 φρικα,
411 4837 503 4884 καὶ
542 4829 582 4904 ᾧ
605 4838 754 4885 πᾶσα
784 4837 879 4885 σὺν
910 4829 1015 4886 δέει
1055 4831 1280 4904 ἀγγέλων
1320 4835 1410 4883 καὶ
1475 4829 1818 4904 ἁρχαγγῦων

216 4925 516 4996 παρέστηκε
541 4918 781 4994 δύναμις.
817 4927 912 4974 Καὶ
951 4921 1027 4988 ὃς,
1074 4921 1210 4993 Ἐγὼ
1239 4923 1329 4993 μὲν
1376 4915 1526 4972 οὐδέν
1591 4939 1643 4972 τι
1696 4939 1820 4994 προ-

220 5011 409 5082 θυμίας
457 5009 759 5084 ἐλλείποιμι·
817 5014 882 5063 σὺ
931 5006 984 5063 δ’
1039 5009 1148 5062 ἀλλ’
1223 5007 1602 5079 ἀντιλαμϐάνου
1693 5028 1817 5082 μου,

220 5102 500 5151 Δέσποιναν
553 5100 680 5175 ύπὶρ
719 5103 814 5158 τὴν
871 5098 998 5172 ἐμὴν
1043 5101 1145 5172 γὰρ
1188 5097 1422 5172 ὀμολογω
1484 5097 1824 5171 τούπίταγμα

221 5183 468 5261 δύναμιν,
500 5187 626 5262 ὑπὲρ
675 5193 768 5248 τὴν
823 5187 945 5261 ἐμὴν
1010 5189 1171 5260 ἰσχύν
1225 5190 1285 5240 τὸ
1347 5185 1660 5260 ἕγχείρημα.
1703 5187 1820 5240 Ἐπὶ

219 5279 424 5339 τούτοις
462 5273 789 5345 διύπνισται,
823 5276 904 5330 ἐπὶ
934 5279 1138 5338 τούτοις
1171 5281 1308 5329 σώαν
1348 5281 1442 5335 τὴν
1505 5272 1680 5338 δεξιὰν
1741 5277 1820 5328 εύ-

217 5366 496 5440 ρηκειρ.οῦ
547 5374 673 5438 γοῦν
730 5368 870 5440 εἶχεν
930 5367 956 5418 ὃ
1006 5387 1057 5419 τι
1113 5371 1204 5419 καὶ
1249 5371 1469 5438 γένοιτο,
1526 5373 1679 5418 τοῦτο
1728 5369 1817 5438 μὲν

220 5457 629 5531 εὐφραινόμενος,
683 5461 774 5509 καὶ
834 5455 980 5518 ἄλλος
1029 5455 1082 5519 ἐξ
1137 5455 1292 5508 ἄλλον
1346 5463 1408 5528 τῇ
1471 5460 1819 5530 τερατουργίᾳ

217 5550 497 5624 γινόμενος.
525 5545 661 5600 Ἐκεῖ
683 5543 848 5611 τιςᾶν
896 5544 1067 5610 καλῶς
1131 5543 1376 5617 ἆπήνεγκε
1429 5547 1489 5600 τὸ
1537 5551 1628 5600 τοῦ
1683 5543 1817 5600 Ψαλ-

217 5632 425 5713 μῳδοῦ,
466 5639 526 5692 τό
559 5634 860 5714 εἘσπίρας
898 5633 1122 5696 ηὐλίσθη
1172 5633 1452 5711 κλαυθμός,
1501 5638 1591 5691 καὶ
1640 5632 1706 5700 εἰς
1757 5635 1816 5690 τὸ

217 5727 358 5810 πρωί
385 5723 715 5806 ἀγαλλίασις
753 5724 945 5786 ››⁹Δνθ’
994 5720 1064 5783 ὧν
1115 5725 1214 5808 γὰρ
1276 5722 1498 5808 εστι-ερας
1534 5722 1812 5804 ὠλόλυξεν,

1923 1940 2131 1993 contra
2159 1951 2256 1992 me
2301 1938 2774 2008 composuerunt
2807 1951 2820 1991 :
2852 1935 3053 2008 itaque
3098 1934 3352 1992 ﬁdenter
3404 1939 3564 2008 peto,

1923 2029 1988 2082 ut
2016 2039 2113 2081 me
2132 2023 2440 2092 exaudias,
2473 2027 2530 2079 et
2559 2038 2808 2080 manum
2853 2022 3079 2079 salvam
3135 2022 3280 2080 mihi
3322 2023 3564 2091 reddas,

1921 2111 2158 2170 valeam
2184 2112 2457 2170 miraculi
2496 2111 2644 2168 tanti
2681 2109 2924 2170 laudem
2972 2110 3270 2168 ascribere
3313 2111 3440 2179 tibi,
3495 2127 3566 2170 ac

1921 2199 2220 2258 celebrare
2248 2199 2689 2273 magniﬁcoque
2717 2199 2994 2256 extollere
3023 2199 3298 2270 gratiam,
3330 2215 3454 2274 qua
3469 2217 3567 2258 va-

1919 2288 2006 2347 les
2027 2289 2194 2364 apud
2230 2293 2436 2356 Deum,
2459 2293 2518 2346 et
2545 2287 2856 2346 assiduam
2887 2292 3054 2345 tuam
3078 2288 3564 2360 deprecationem

1920 2394 2032 2452 pro
2078 2379 2274 2438 nobis.
2324 2377 2610 2436 Testabor
2649 2381 2850 2436 autem
2908 2377 3192 2433 omnibus
3253 2377 3568 2434 manifeste

1919 2470 2116 2546 ipsam
2138 2484 2248 2542 pro
2275 2483 2400 2542 qua
2429 2483 2645 2542 passus
2671 2482 2808 2522 sum
2834 2466 3162 2537 veritatem,
3213 2472 3271 2522 et
3321 2470 3567 2539 propter

1918 2575 2109 2635 quam
2136 2561 2412 2616 truncata
2440 2557 2586 2613 mihi
2615 2555 2859 2613 dextera
2886 2555 3016 2613 fuit.
3048 2555 3168 2623 Eia,
3210 2555 3294 2628 pii
3344 2571 3414 2612 ac
3464 2555 3573 2612 mi~

1921 2647 2237 2707 sericordis
2278 2645 2511 2704 Domini
2563 2649 2753 2702 mater
2803 2645 2906 2717 pia
2953 2649 3131 2718 atque
3190 2644 3568 2701 misericors:

1921 2739 2032 2806 eia,
2061 2736 2487 2811 omnipotentis
2521 2735 2618 2792 Dei
2641 2734 2914 2806 genitrix,
2961 2735 3093 2806 ejus
3141 2733 3418 2808 inquam.
3445 2734 3568 2801 Dei,

1921 2829 2026 2902 qui
2057 2827 2187 2885 sola
2211 2826 2516 2884 voluntate
2541 2829 2758 2882 cuncta
2786 2824 3070 2898 produxit
3110 2828 3168 2880 et
3217 2829 3364 2881 nutu
3419 2823 3569 2893 regit

1921 2919 2270 2978 universum
2319 2915 2654 2973 mundum:
2714 2920 2769 2971 et
2807 2915 3100 2986 quoniam
3170 2913 3568 2986 propitiabilis

1923 3013 2012 3066 est
2031 3006 2387 3081 supplicatio
2414 3009 2533 3069 tua,
2565 3005 2899 3062 orationem
2921 3019 3120 3062 meam
3142 3003 3347 3076 excipe
3372 3006 3430 3058 et
3457 3016 3568 3075 pe-

1927 3095 2111 3155 titioni
2139 3109 2288 3152 meae
2315 3093 2534 3166 largire
2559 3091 2856 3151 effectum.

1991 3406 2080 3460 3t.
2113 3404 2246 3458 Haec
2271 3404 2449 3474 atque
2489 3399 2582 3457 his
2635 3398 2812 3473 plura
2853 3415 2993 3456 cum
3045 3398 3309 3470 dixisset,
3361 3399 3570 3458 dolore

1920 3490 2196 3548 nonnihil
2217 3505 2278 3546 se
2308 3489 2640 3546 remittente
2688 3488 3073 3545 obdormivit:
3119 3493 3176 3545 et
3212 3491 3274 3556 (ο
3327 3490 3566 3548 mirabi-

1919 3579 2038 3638 lem
2070 3579 2276 3637 Deum!
2309 3595 2346 3636 ο
2371 3579 2700 3652 potentiam
2731 3579 2897 3652 apud
2918 3579 3199 3636 eumdem
3232 3580 3244 3636 !
3291 3584 3348 3636 et
3403 3580 3570 3653 apud

1922 3669 2129 3728 Filium
2153 3667 2629 3739 auctoritatem!)
2657 3671 2910 3741 apparet
2945 3668 3262 3726 dormienti
3319 3669 3570 3727 Sanctis-

1923 3758 2098 3823 sima,
2139 3772 2210 3813 ac
2241 3755 2401 3813 velut
2430 3755 2696 3826 vigilanti
2725 3772 2848 3814 non
2875 3773 3048 3814 secus
3070 3773 3141 3813 ac
3166 3758 3214 3813 si
3243 3758 3466 3816 viveret
3495 3774 3568 3815 ex

1919 3847 2181 3918 imagine
2207 3845 2581 3918 colloquens,
2604 3861 2817 3903 sanam
2837 3847 3083 3918 quidem
3106 3847 3407 3904 dexteram
3429 3849 3480 3904 ei
3507 3864 3569 3904 se

1919 3935 2215 3993 facturam
2237 3933 2568 4007 pollicetur;
2600 3937 2836 4004 Verum,
2864 3935 3075 4008 inquit,
3109 3941 3171 3992 tu
3201 3936 3465 3992 vicissim
3486 3953 3574 3991 re-

1921 4023 2170 4084 cordare
2200 4022 2587 4096 sponsionis:
2631 4029 2686 4080 et
2714 4023 2789 4080 ad
2849 4039 2924 4081 ea
2964 4040 3098 4097 quae
3128 4023 3328 4080 dixisti
3375 4025 3568 4097 impo-

1922 4119 2146 4171 sterum
2188 4127 2375 4169 manu
2430 4111 2646 4168 eadem
2697 4117 2879 4170 utere.
2930 4116 3164 4170 Exorna
3221 4119 3284 4171 ut
3345 4113 3566 4188 poteris

1921 4203 2246 4260 Eeclesiam
2275 4201 2504 4268 Christi,
2529 4207 2771 4275 propter
2789 4218 2974 4276 quam
3016 4203 3409 4275 semetipsum
3446 4202 3568 4259 exi-

1922 4293 2458 4365 nanivit,eumque
2488 4291 2783 4364 perfectus
2830 4296 2986 4348 esset
3039 4295 3214 4360 Deus,
3273 4291 3569 4366 perfectus

1924 4383 2105 4440 etiam
2129 4381 2314 4438 homo
2339 4397 2412 4438 ex
2443 4396 2538 4437 me
2569 4385 2746 4454 atque
2775 4398 2882 4455 per
2904 4397 2998 4437 me
3051 4382 3332 4454 apparuit
3359 4399 3373 4440 :
3401 4384 3568 4456 quod

1923 4472 2061 4528 vide
2092 4475 2156 4527 ut
2182 4469 2426 4542 pulchre
2456 4485 2746 4543 exponas,
2771 4471 2854 4527 uti
2884 4475 2942 4527 et
2979 4475 3193 4528 caetera
3239 4471 3567 4528 ineffabilia

1398 4568 1644 4636 σέμνυνον
1722 4571 1817 4624 τὴν
1849 4560 1893 4614 D
1925 4560 2212 4634 mysteria
2239 4576 2311 4616 ex
2343 4560 2730 4631 suggestione
2764 4560 3032 4633 Spiritus,
3067 4561 3420 4634 sapientiam
3462 4562 3568 4618 tibi

1923 4649 2229 4724 prebituri.
2255 4652 2489 4706 Exorna
2536 4648 2856 4705 Eeclesiam
2901 4653 3146 4722 propter
3203 4665 3389 4724 quam
3428 4667 3569 4706 san-

1925 4739 2169 4809 guinem
2199 4753 2376 4793 suum
2399 4738 2568 4807 fudit,
2599 4738 2703 4810 qui
2730 4738 3240 4810 superCherubim
3272 4737 3566 4805 ambulat,

1923 4843 2106 4901 quem
2130 4831 2392 4883 tremunt
2423 4827 2752 4900 Seraphim,
2782 4827 2876 4882 cui
2903 4829 3089 4882 virtus
3135 4826 3416 4882 universa
3458 4842 3568 4882 an-

1926 4916 2196 4988 gelorum
2226 4920 2406 4988 atque
2444 4915 2940 4985 archangelorum
2987 4915 3175 4971 multo
3209 4931 3344 4970 eum
3404 4920 3571 4972 metu

1928 5005 2170 5062 assistit.
2202 5005 2289 5061 Ad
2321 5005 2450 5061 hmo
2479 5004 2741 5061 Joannes
2776 5021 2789 5059 :
2823 5002 2973 5060 Nihil
2995 5002 3296 5076 equidem,
3325 5003 3489 5078 quod
3511 5005 3574 5063 in

1928 5111 2025 5151 me
2046 5095 2152 5150 erit
2173 5092 2788 5168 prmtermittomzsed
2838 5098 2921 5162 tu,
2973 5095 3242 5156 Domina,
3291 5111 3570 5152 succurre

1928 5185 2096 5242 mihi:
2125 5184 2313 5242 fateor
2331 5185 2488 5241 enim
2513 5200 2698 5257 supra
2728 5184 2882 5239 vires
2907 5199 3074 5241 meas
3104 5200 3256 5256 esse,
3285 5186 3571 5260 quodim-

1929 5290 2102 5348 peras
2112 5273 2399 5347 quodque
2409 5289 2520 5343 ego
2537 5274 2824 5330 conabor.
2840 5276 3002 5331 Tunc
3016 5275 3304 5346 e‘vigiians
3331 5277 3566 5334 salvam

1927 5363 2038 5420 sibi
2059 5363 2366 5420 dexteram
2403 5378 2720 5418 suamesse
2757 5363 3000 5429 invenit,
3024 5380 3134 5421 nec
3164 5365 3375 5422 habuit
3402 5381 3570 5421 men-

1925 5458 2043 5510 tem
2055 5453 2114 5509 in
2128 5457 2442 5526 potestate,
2455 5452 2672 5524 partim
2686 5453 2933 5526 quidem
2948 5469 3067 5526 prae
3081 5454 3322 5524 gaudio,
3352 5454 3568 5526 partim

1926 5558 1996 5600 ex
2027 5543 2421 5600 admiratione
2473 5546 2530 5599 et
2549 5557 2621 5601 ex
2647 5543 2767 5601 alio
2798 5543 2858 5600 in
2889 5542 3074 5601 alium
3111 5542 3387 5601 ati‘ectum
3435 5557 3569 5618 pro-

1924 5637 2052 5710 pter
2062 5631 2334 5691 miraculi
2347 5630 2806 5704 magnitudinem
2820 5631 3138 5692 distractus
3152 5635 3254 5694 est.
3271 5633 3458 5706 Atque
3472 5629 3567 5692 hie

1925 5726 2268 5804 opportune
2293 5722 2428 5804 quis
2457 5722 2618 5786 istud
2649 5720 2977 5786 Psalmtstte
2998 5718 3396 5801 usurpaverit:
3427 5741 3448 5778 ε
3482 5719 3574 5786 Ad
