4084 6206
492 306 591 367 851

495 452 805 508 vesperam
830 435 1446 499 demorabiturﬂetus.
1474 443 1529 493 et
1557 439 1634 495 ad
1660 441 2020 496 matutinum
2045 442 2145 495 las-

496 525 680 580 titia’.
704 548 729 571 ι)
767 529 843 580 Ea
858 526 1013 581 enim
1029 542 1136 597 pro
1158 526 1375 598 quibus
1408 525 1732 584 familiares
1764 534 1943 602 atque
1971 530 2147 586 vicini

500 614 695 668 omnis
743 614 1095 667 conditionis
1144 620 1197 668 et
1261 615 1448 670 astatis
1523 616 1833 686 ejularant,
1911 635 2147 689 gemue-

499 708 653 761 rant.
696 703 1136 772 suspiraverant
1159 705 1410 774 vesperi.
1438 722 1577 760 mox
1600 711 1779 777 atque
1801 707 1992 763 illuxit
2014 724 2150 778 age-

500 790 645 844 bant
670 791 965 845 contraria
992 795 1217 853 omnia.
1248 793 1626 853 exsultantes.
1652 795 2035 863 gratulantes,
2059 797 2151 866 ju-

500 878 755 933 bilantes
805 881 1111 934 communi
1161 882 1387 935 cunctis
1446 883 1667 951 gaudio
1727 900 1866 938 cum
1936 891 2151 955 praeter

1687 314 2143 373 CONSTANTINI
2180 314 2655 373 ACROPOLITIE.

3748 312 3855 379 852

2185 442 2221 492 Α
2257 439 2471 511 ᾤμωζον
2542 439 2861 512 ὠλοφύροντο
2938 438 3226 510 πρόσπολοί
3301 458 3356 491 τε
3401 442 3490 490 καὶ
3580 442 3862 511 περὶοικοι,

2258 530 2436 589 ἡλικία
2475 533 2563 580 καὶ
2616 530 2757 599 τύχη
2820 523 3088 600 διάφορος,
3153 528 3351 602 πρωίας
3399 526 3551 586 εὐθὺς
3620 526 3860 599 ἀντεπῄει

2257 619 2530 689 γεγηθέναι
2574 636 2627 668 τε
2684 621 2771 666 καί
2828 622 3065 688 σκιρτᾲν,
3124 622 3212 667 καὶ
3258 615 3502 688 λαμπρῶς
3554 617 3686 687 ὁμου
3735 619 3860 666 πάν-

2258 726 2350 767 τας
2391 703 2724 776 ἀγάλλεσθαι,
2759 706 2883 775 ὑγιᾶ
2913 707 3053 775 παρά
3094 700 3419 775 προσδοκίαν
3476 704 3686 756 ἅπασαν
3736 722 3858 755 κατ-

2262 791 2470 855 ιδόντας
2496 799 2584 845 καὶ
2615 792 2965 864 ἐμπεφυκυῖαν
2993 789 3144 853 αὖθις
3192 797 3284 849 τὴν
3335 799 3513 865 χεῖρα,
3576 797 3664 844 καὶ
3727 790 3858 866 ἐνερ-

2258 888 2351 955 γόν
2378 887 2502 955 πρὸς
2520 885 2545 935 ὅ
2564 902 2623 954 ’γε
2654 882 2791 952 αὐτῷ
2828 880 3107 954 βουλητὸν.

500 967 971 1039 expectationem
1012 969 1281 1025 viderent
1304 971 1611 1026 dexteram
1630 972 1878 1041 salvam,
1908 973 2315 1031 adhaerentem
2346 972 2612 1037 brachio,
2641 975 2819 1042 atque
2849 970 2925 1025 ad
2956 969 3250 1042 quidlibet
3277 967 3568 1025 habilem.

576 1150 661 1202 32.
690 1149 887 1217 Neque
918 1162 1094 1215 porro
1125 1149 1280 1204 intra
1322 1149 1579 1221 parietes
1646 1150 2005 1206 domesticos
2061 1151 2156 1207 hic

507 1234 782 1306 plausus,
819 1234 909 1289 vel
954 1250 1136 1306 penes
1182 1238 1341 1293 solos
1390 1238 1708 1293 familiares
1737 1239 1909 1294 haesit
1952 1240 2158 1295 notitia

507 1322 590 1377 rei
632 1328 830 1389 gesta:
902 1324 1005 1378 sed
1052 1324 1229 1394 longe
1300 1326 1539 1397 lataque
1608 1329 1902 1399 procurrit
1971 1327 2154 1397 fama;

508 1412 756 1483 quidam
783 1414 961 1467 etiam
995 1412 1417 1469 festinaverunt
1445 1415 1723 1486 praefecto
1753 1432 1863 1471 suo
1884 1420 2157 1473 nuntiare

509 1500 605 1571 (ex
628 1501 913 1568 Agarenis
939 1501 997 1555 hi
1020 1508 1207 1567 erant,
1237 1519 1380 1571 erga
1430 1519 1541 1557 nos
1598 1519 1833 1575 semper
1880 1505 2157 1560 malevoli

509 1590 1180 1660 propterdetestabilem
1196 1608 1368 1646 suam
1388 1594 1637 1663 sectam)
1664 1593 1828 1664 quod
1859 1594 2057 1650 salvus
2088 1595 2161 1651 sit

511 1676 795 1742 Joannes,
823 1693 893 1731 ac
924 1678 1211 1732 membris
1255 1681 1482 1749 integer
1524 1681 1780 1749 gaudeat
1815 1683 2158 1750 gratuletur-
2190 1701 2228 1753 Β

512 1780 629 1835 que
660 1764 789 1827 sibi,
839 1770 895 1819 et
924 1766 1103 1821 veluti
1127 1766 1425 1824 laureatus
1452 1769 1697 1840 quidem
1727 1786 1943 1842 paeana
1968 1773 2161 1827 conci-

512 1857 639 1921 nat,
664 1853 989 1926 palamque
1020 1856 1287 1911 exsultet.
1326 1857 1420 1913 Ille
1455 1874 1593 1913 vero
1624 1860 1908 1916 continuo
1961 1878 2159 1917 accer-

514 1958 654 1999 sens
683 1947 983 2011 sanctum,
1009 1944 1155 2016 quid
1181 1946 1291 2001 sibi
1306 1946 1717 2013 factum,esset
1737 1950 1908 2020 jubet
1936 1952 2159 2007 veraci—

516 2039 601 2089 ter
626 2031 941 2104 explicare,
968 2040 1233 2090 extrema
1253 2051 1506 2108 quaeque
1527 2040 1952 2104 comminatus,
1978 2041 2164 2097 nisiut

515 2128 648 2177 acta
660 2122 1043 2177 erantomnia
1057 2122 1418 2195 loqueretur.
1440 2126 1678 2180 Divinus
1692 2132 1889 2183 autem
1904 2130 2162 2185 Joannes

514 2215 805 2281 tanquam
820 2211 1015 2282 seipso
1022 2211 1151 2281 jam
1170 2212 1399 2283 melior,
1421 2218 1482 2268 ut
1507 2215 1607 2286 qui
1622 2215 1697 2270 ad
1724 2215 1973 2273 meliora
1988 2235 2161 2274 voca-

514 2299 1408 2371 baturaDeoetexhincmajora
1424 2309 1811 2375 suscepturus
1845 2310 1988 2372 erat,
2017 2307 2160 2362 nihil

514 2387 757 2451 veritus,
790 2402 913 2442 non
941 2388 1090 2443 iram
1116 2405 1300 2460 quam
1329 2390 1510 2461 paulo
1541 2397 1677 2446 ante
1723 2397 2000 2465 expertus
2034 2396 2163 2451 fue-

516 2482 627 2543 rat,
656 2490 777 2531 non
808 2475 1069 2531 furorem
1102 2478 1231 2547 ejus
1257 2479 1711 2547 intolerabilem,
1756 2498 1880 2537 non
1938 2485 2161 2540 terribi-

516 2564 725 2619 liorem
754 2566 1129 2632 sententiam,
1161 2566 1344 2623 libera
1359 2585 1502 2624 voce
1516 2570 1789 2626 etanimo
1815 2572 2158 2645 conﬁdenti,

520 2657 599 2709 Ne
645 2653 965 2721 existimes,
1011 2655 1221 2727 inquit,
1274 2660 1441 2729 quod
1489 2658 1578 2713 vel
1640 2659 1816 2715 donis
1866 2662 1959 2717 vel
2007 2662 2161 2718 dolis

517 2743 809 2797 evaserim
842 2759 1106 2815 pmnam,
1138 2750 1241 2800 aut
1263 2745 1378 2801 alio
1406 2747 1606 2819 aliquo
1629 2749 1813 2804 modo
1841 2766 1933 2805 me
1978 2752 2160 2807 eidem

520 2830 937 2899 subtraxerim;
968 2834 1156 2889 multo
1184 2835 1383 2889 minus
1416 2836 1581 2906 quod
1612 2837 1882 2895 humana
1903 2846 2025 2896 arte
2067 2842 2162 2897 vel

519 2918 989 2991 pharmacorum
1022 2922 1230 2978 virtute
1275 2924 1599 2989 sectionem
1648 2928 1980 2984 curaverim
2013 2947 2025 2983 :
2060 2929 2165 2985 sed

518 3008 765 3063 omnino
787 3009 960 3064 crede
990 3011 1155 3082 quod
1181 3016 1237 3066 et
1260 3028 1478 3083 passus
1505 3030 1638 3069 sum
1668 3015 1965 3088 quidquid
1989 3019 2169 3088 jussi-

523 3097 611 3168 sti,
637 3103 692 3152 et
726 3114 761 3153 a
788 3098 915 3154 solo
957 3103 1075 3155 Deo
1100 3100 1399 3158 medelam
1432 3102 1541 3157 sim
1574 3110 1952 3174 consecutus,
1981 3124 2166 3164 mem-

520 3186 891 3259 brorumque
922 3188 1318 3258 integritatem
1360 3191 1589 3247 salvam
1646 3196 2164 3265 quemadmodum

523 3281 689 3347 potes
720 3277 952 3331 intueri.
984 3282 1173 3349 Atque
1200 3279 1328 3334 haec
1345 3280 1552 3335 dicens
1585 3282 1798 3338 ambas
1828 3300 2049 3339 manus
2072 3302 2167 3341 ρκ-

521 3365 728 3434 tendit,
756 3369 933 3438 atque
989 3366 1049 3421 in
1094 3366 1278 3423 altera
1344 3369 1778 3427 demonstravit
1832 3375 2168 3431 circumdu-

521 3458 679 3509 ctam
701 3453 941 3521 lineam,
964 3471 1100 3526 quae
1149 3472 1443 3528 perquam
1481 3459 1864 3518 manifestam
1912 3462 2170 3519 faciebat

521 3543 847 3597 sectionem
878 3542 1119 3613 factam,
1154 3548 1211 3599 et
1236 3548 1733 3604 restaurationem
1770 3556 2059 3607 secutam.

592 3810 679 3862 33.
711 3806 802 3861 Ad
830 3807 958 3862 haec
994 3807 1444 3881 obstupefactus
1497 3812 1819 3881 barbarus,
1870 3818 2034 3886 Vere,
2077 3819 2169 3876 in-

516 3898 663 3970 quit,
693 3897 981 3953 innocens
1004 3914 1154 3959 eras.
1196 3899 1483 3969 Joannes;
1517 3906 1574 3958 et
1593 3918 1704 3959 nos
1728 3905 1974 3976 quidem
2005 3906 2169 3965 fraus

518 3986 770 4060 decepit,
790 3991 850 4043 tu
876 4003 1017 4042 vero
1034 3993 1240 4045 contra
1257 4005 1499 4047 omnem
1523 3992 1812 4062 justitiam
1842 3994 2169 4054 damnatus

519 4093 587 4133 ac
614 4093 831 4149 passus
855 4094 917 4133 es
952 4078 1095 4133 :sed
1133 4078 1417 4153 deinceps
1487 4083 1819 4153 majoribus
1851 4087 2015 4157 apud
2070 4104 2169 4145 me

517 4165 847 4221 honoribus
878 4167 1187 4236 extolleris,
1222 4174 1277 4224 et
1310 4186 1492 4242 supra
1530 4178 1775 4230 caeteros
1811 4176 2167 4233 constitutus

519 4251 771 4307 subditis
816 4254 963 4309 meis
1019 4256 1314 4312 universis
1366 4260 1479 4315 eris
1526 4259 1826 4317 illustrior.
1906 4264 2167 4319 Joannes

516 4356 659 4394 vero
685 4341 742 4394 in
770 4345 985 4397 terram
1016 4359 1076 4397 se
1116 4351 1600 4416 prosternens.et
1626 4348 1910 4420 lacrymis
1963 4351 2166 4408 calen-

516 4427 674 4483 tibus
720 4429 1046 4500 proﬂuens,
1107 4433 1291 4502 Absit,
1340 4436 1552 4507 inquit,
1630 4442 1696 4492 ut
1772 4438 2031 4509 amplius
2105 4442 2166 4497 in

517 4516 748 4571 mundo
806 4533 1109 4583 maneam,
1164 4538 1200 4576 ει
1251 4523 1379 4577 solo
1427 4527 1539 4579 Deo
1594 4530 1893 4581 extractus
1962 4542 2034 4583 ex
2096 4527 2167 4583 iis

515 4607 817 4663 aerumnis.
852 4622 1003 4678 quas
1028 4609 1289 4679 proferre
1312 4610 1458 4666 solet
1488 4613 1616 4668 haec
1648 4615 1940 4670 terrestris
1992 4616 2165 4673 habi-

514 4695 677 4765 tatio,
708 4711 814 4750 seu
837 4696 1031 4766 potius
1058 4702 1295 4768 pratum
1336 4715 1656 4769 noxarum,
1696 4703 1847 4758 sicut
1902 4709 2167 4760 externo-

512 4799 647 4839 ruin
675 4784 1010 4857 sapientum
1068 4801 1327 4843 nonemo
1377 4787 1543 4858 dixit,
1594 4790 1707 4859 vel,
1760 4796 1819 4846 ut
1878 4798 2164 4850 consueto

510 4872 687 4928 nobis
719 4873 1015 4931 vocabulo
1048 4879 1200 4945 utar,
1231 4876 1401 4932 vallis
1432 4878 1861 4950 lacrymarum.
1897 4885 1965 4938 At
2016 4897 2162 4954 pras-

511 4963 718 5031 fectus,
768 4967 1088 5036 Nunquam
1133 4980 1245 5035 ego
1298 4966 1424 5027 tibi.
1472 4969 1752 5039 Joannes,
1806 4971 2157 5027 concedam.

511 5050 611 5104 Hic
656 5056 877 5117 autem;
926 5055 1115 5126 Caput
1170 5056 1380 5128 inquit,
1442 5056 1487 5110 si
1552 5056 1720 5126 velis,
1770 5058 1974 5114 aufer:
2017 5076 2162 5115 nam

507 5147 754 5211 paratus
776 5158 909 5195 sum
937 5143 1093 5199 mille
1120 5145 1337 5216 potius,
1367 5146 1415 5201 si
1458 5146 1738 5218 possibile
1795 5149 1887 5213 sit,
1940 5154 2159 5205 mortes

506 5228 693 5293 obire,
718 5245 903 5300 quam
930 5247 1001 5285 ex
1050 5248 1119 5287 eo
1159 5233 1324 5303 quod
1357 5250 1515 5290 nunc
1541 5236 1693 5305 ccepi
1724 5238 2032 5309 proposito
2065 5254 2161 5294 ex-

506 5317 719 5373 cidere.
754 5317 849 5372 llle
882 5323 1083 5374 tamen
1126 5321 1749 5394 manebatimmotus,
1799 5340 1908 5381 nec
1959 5326 2157 5381 minus

502 5409 761 5463 Joannes
810 5424 981 5463 suam
1036 5410 1289 5480 urgebat
1344 5412 1713 5483 petitionem,
1776 5430 1812 5470 a
1864 5415 2159 5472 sententia

502 5496 854 5568 neutiquam
877 5496 1246 5553 revocabilis.
1282 5500 1467 5556 Grave
1499 5514 1641 5570 ergo
1662 5501 1813 5558 inter
1835 5506 2156 5581 utrumque

567 5674 705 5733 Psal
726 5692 895 5735 xnx.
922 5680 976 5761 ϐε

2461 1059 2536 1111 Οῦ
2567 1064 2730 1133 μέχρι
2757 1056 2816 1111 δε
2846 1067 2944 1110 τῶν
2994 1057 3107 1110 κατ’
3150 1059 3289 1109 οἶκον
3351 1061 3551 1132 κρότος,
3609 1054 3729 1109 οὐδ’
3793 1058 3862 1118 εἰς

2265 1153 2380 1209 τοὺς
2433 1149 2644 1208 οἰκείους
2691 1149 2717 1199 ὁ
2761 1146 2911 1217 λόγος
2965 1143 3247 1219 διέμεινενο
3292 1145 3418 1197 ἀλλὰ
3473 1142 3758 1218 διέδραμεν
3830 1148 3859 1203 ἠ

2266 1244 2411 1311 φήμη
2465 1237 2559 1288 κᾶν
2612 1245 2717 1297 τοίς
2759 1235 2979 1288 κυκλόσε
3026 1234 3119 1287 κᾶν
3195 1243 3300 1296 τοῖς
3365 1234 3617 1309 πόρῥωθι·
3687 1241 3864 1287 τοίνυν

2265 1332 2354 1378 καὶ
2404 1328 2656 1398 φθάνουσί
2723 1343 2854 1385 τινες
2935 1331 3005 1394 τῷ
3091 1329 3315 1397 σφετέρῳ
3388 1324 3866 1398 προσαγγείλαντα,

2265 1417 2488 1489 ἄρχοντι
2518 1420 2640 1481 (τῶν
2671 1415 2969 1487 Ἀγαρηνῶν
3025 1409 3157 1471 ἦσαν
3214 1408 3375 1481 οὖτοί,
3434 1420 3533 1463 τῶν
3592 1409 3866 1485 δυσμενῶν

2266 1507 2505 1576 ἡμῖνκαὶ
2554 1502 2807 1575 πολεμίων
2866 1501 2920 1553 ἐκ
2985 1510 3075 1553 τοῦ
3131 1500 3472 1573 ἐναγεστάτου
3526 1504 3866 1577 θρῆσκεύμα-

3410 1595 3498 1641 καὶ
3580 1594 3646 1641 τὰ
3737 1590 3865 1662 μελη

2269 1679 2651 1746 ἆδιαλῶϐητος,
2693 1685 2782 1731 καὶ
2810 1682 2890 1731 ὅτι
2920 1684 3122 1753 χαίρει,
3153 1683 3243 1729 καὶ
3290 1679 3371 1731 ὅτι
3424 1687 3739 1753 περικροτεῖ,
3782 1685 3870 1731 καὶ

2267 1596 2372 1661 τος)
2430 1597 2508 1644 ὅτι
2562 1611 2615 1644 τε
2670 1600 2774 1652 σῶς
2817 1592 2841 1642 ὀ
2898 1590 3134 1649 Ἰωάννης
3181 1593 3337 1661 μένει,

2268 1789 2345 1832 τις
2403 1774 2711 1841 στεφανίτης
2779 1770 3058 1839 καθαπερεὶ
3111 1770 3393 1831 παιανίζει,
3466 1773 3555 1818 καὶ
3620 1766 3871 1841 λαμπρῶς

2254 1861 2477 1931 γέγηθε.
2538 1862 2639 1911 Καὶ
2686 1861 2741 1919 ὃς
2792 1859 3037 1929 παραυτὰ
3088 1860 3174 1908 τὸν
3229 1856 3376 1926 ἅγιον
3444 1856 3868 1929 μεταστεὶλεταιυ

2268 1953 2357 2000 καὶ
2386 1951 2451 1999 τὰ
2471 1947 2588 1999 κατ’
2641 1947 2795 1998 αὐτόν
2849 1945 3059 2009 ἐξειπεῖν
3114 1942 3464 1997 διακελεύεται
3525 1949 3658 2019 πρός
3747 1944 3871 2003 ἀλή.

2272 2038 2431 2102 θειαν,
2488 2038 2549 2087 τὸ
2606 2037 2813 2106 ἔσχατα
2871 2032 3366 2104 ἐπαπειλησάμενος,
3431 2033 3474 2085 εἰ
3530 2038 3602 2105 μὴ
3665 2036 3727 2085 ἄν
3805 2036 3870 2093 ὡς

2270 2124 2572 2196 ἐσχήκεσαν
2616 2127 2992 2196 παραστήσειε.
3038 2126 3139 2174 Καὶ
3167 2128 3289 2192 γοῦν
3346 2121 3371 2171 ό
3432 2122 3562 2181 θεῖος
3593 2120 3860 2189 Ἰωάννης,

2269 2218 2510 2288 κρείττων
2561 2213 2732 2284 ὥσπερ
2787 2212 2946 2262 αὑτοῦ
2993 2215 3237 2281 γεγονὼς,
3298 2212 3376 2262 ὃτι
3424 2229 3536 2270 πως
3584 2206 3691 2268 ἢδη
3776 2229 3867 2262 και

2268 2306 2397 2376 πρὸς
2424 2306 2689 2373 κρείττονα
2709 2298 3034 2372 μετεκαλεῑτο
3054 2302 3185 2372 πρός
3228 2305 3318 2350 τοῦ
3374 2305 3528 2361 Θεοῦ,
3584 2305 3675 2351 καὶ
3738 2302 3873 2374 πρός

2269 2392 2483 2464 μείζονα
2535 2390 2829 2443 τούντεῦθεν
2888 2387 3237 2454 ἀνελαϐάνετο,
3315 2384 3480 2459 μηδὲν
3550 2392 3866 2461 ὑποτρέσας,

2268 2485 2339 2552 μὴ
2399 2485 2492 2537 τὴν
2550 2482 2648 2551 πρό
2707 2477 2941 2552 βραχέος
2971 2482 3151 2550 οργὴν,
3184 2481 3255 2549 μὴ
3287 2479 3373 2527 τόν
3399 2475 3651 2529 ἆστεκτον
3681 2476 3869 2530 ἐκεῖνον

2272 2571 2455 2640 θυμόν,
2507 2572 2577 2640 μὴ
2629 2572 2722 2625 τὴν
2780 2565 3055 2640 φρικαλεαν
3142 2564 3423 2636 ἀπόφασιν,
3496 2566 3868 2640 πεπαῤῥησια-

2273 2660 2430 2728 σμένη
2461 2654 2663 2727 γλωττη
2697 2660 2787 2706 καὶ
2817 2653 3058 2723 ἁπτοὴτῳ
3085 2662 3176 2713 τῆς
3212 2652 3400 2725 ψυχῆς
3460 2660 3867 2728 παραστήματι.

2271 2749 2355 2801 Μὴ
2388 2747 2498 2795 οἷον
2530 2762 2612 2815 με,
2647 2748 2797 2815 φησὶ,
2832 2739 3022 2815 δώροις
3060 2747 3199 2795 τισὶν
3246 2743 3276 2800 ἦ
3338 2738 3510 2802 δόλοις
3562 2748 3658 2801 τήν
3707 2762 3868 2815 τιμω·

2270 2838 2387 2907 ρίαν
2464 2831 2743 2898 ὑπαλύξαι,
2799 2832 2829 2891 ἣ
2896 2831 3030 2902 ἄλλῳ
3083 2851 3154 2902 τῳ
3234 2838 3334 2881 τῶν
3401 2829 3641 2883 ἁπάντων
3698 2837 3871 2904 τρόπῳ

2275 2918 2568 2992 διεκφυγεῖν
2603 2964 2616 2987 ,
2671 2926 2800 2992 μήτε
2872 2924 2974 2993 μὴν
3023 2917 3294 2994 ἀνθρὼποῦ
3334 2923 3495 2991 τέχνη
3548 2939 3639 2970 και
3671 2922 3871 2994 φαρμά-

2196 3051 2235 3104 C
2273 3030 2375 3062 κων
2406 3009 2627 3063 ἐπιθέσει
2664 3013 2756 3067 τὴν
2815 3005 3059 3083 διαρτίαν
3109 3007 3403 3061 ἀπολαϐεῖν
3466 3008 3573 3061 ἀλλ’
3626 3011 3743 3061 ῖσθι
3778 3029 3847 3062 σα

2274 3108 2374 3171 φῶς
2427 3104 2516 3151 καὶ
2570 3100 2857 3151 πεπονθότα
2903 3099 2928 3150 ὅ
2971 3117 3031 3169 γε
3078 3094 3144 3155 δὴ
3210 3103 3298 3149 καὶ
3354 3103 3726 3172 προστεταχας
3776 3103 3868 3151 καὶ

2273 3192 2404 3262 πρός
2438 3196 2570 3239 Θεοῦ
2599 3192 2757 3259 μόνου
2788 3192 2881 3245 τὴν
2910 3189 3053 3239 ἴασιν
3080 3186 3369 3257 ἐσχηκότα,
3419 3192 3508 3238 καὶ
3564 3188 3740 3258 ὥσπερ
3801 3184 3868 3245 δὴ

2275 3283 2364 3329 καὶ
2427 3280 2549 3351 όρᾲν
2603 3281 2761 3348 ἔχεις,
2842 3276 3079 3335 ἀνελλιπῆ
3130 3281 3378 3347 ’γεγονότα
3424 3281 3513 3334 τήν
3560 3276 3867 3348 ὁλομελειαν.

2275 3366 2531 3428 Ἐκτείνας
2558 3367 2639 3419 ἐπὶ
2683 3364 2866 3419 τοῖσδε
2898 3371 2969 3419 τὼ
3020 3373 3188 3439 χεῖρε,
3246 3370 3337 3418 καὶ
3389 3369 3482 3423 τὴν
3541 3363 3626 3418 ἐπὶ
3685 3368 3869 3438 θάτερα

2276 3456 2689 3529 περικυκλοῦσαν
2742 3452 2913 3518 δείξας
2959 3459 3226 3529 γραμμὴν,
3274 3454 3304 3513 ἡ
3359 3458 3449 3512 τήν
3506 3473 3560 3507 τε
3611 3452 3870 3512 διακοπὴν

2276 3550 2365 3597 καὶ
2390 3551 2483 3603 τὴν
2527 3548 2660 3617 μετὰ
2705 3552 2857 3597 τοῦτο
2910 3542 3227 3617 ἐφαρμογὴν,
3284 3544 3418 3596 πάνυ
3460 3545 3704 3618 καθαρῶς
3750 3545 3869 3597 ὑπε-

2279 3630 2528 3687 δείκνυεν.

2348 3812 2441 3885 λγῖ
2498 3814 2605 3887 Ἐφ’
2662 3810 2734 3877 οἷς
2781 3817 2871 3866 καὶ
2947 3811 3344 3884 καταπλαγέντα
3422 3815 3509 3864 τόν
3582 3811 3869 3887 βάρϐαρον,

2275 3901 2473 3964 ’Ὁντως
2503 3902 2775 3965 ἀνεύθυνος
2816 3900 2977 3969 ἦσθα,
3028 3903 3201 3973 φάναυ
3254 3907 3340 3954 καὶ
3400 3897 3548 3963 δόλος
3738 3906 3873 3974 ἡμᾶς

2277 3990 2590 4057 ἐξηπάτησε,
2633 3994 2777 4066 παρὰ
2826 3987 2885 4043 δε
2932 3993 3103 4044 πάντα
3184 3987 3389 4043 δίκαιον

2278 4078 2510 4148 Ἰωάννη,
2540 4085 2630 4133 καὶ
2656 4076 3043 4140 κατεδικάσθης
3098 4084 3189 4131 καὶ
3240 4081 3518 4140 πέπόνθας.
3571 4079 3707 4135 ’Δλγ
3764 4082 3874 4133 ῖσθι

2277 4173 2524 4243 μειζόνων
2579 4169 2996 4241 ἁξιωθησόμενος
3050 4171 3181 4241 πρὸς
3232 4166 3356 4239 ἐμοῦ
3412 4171 3469 4220 τὸ
3525 4171 3659 4240 μετὰ
3727 4177 3874 4222 τοῦτο

3480 3990 3635 4061 λόγον
3701 3992 3870 4057 αὐτὸς,

2276 4267 2460 4331 τιμῶν,
2490 4260 2615 4333 ὑπὲρ
2640 4262 2762 4320 τοῦς
2813 4257 2992 4317 ἄλλους
3046 4276 3098 4311 τε
3148 4257 3445 4328 ταξόμενος,
3498 4262 3588 4310 καὶ
3641 4266 3741 4310 τῶν
3786 4257 3872 4310 ὑπ’

2276 4347 2389 4420 ἐμοὶ
2445 4356 2536 4399 τοῦ
2583 4347 2767 4400 λοιποῦ
2834 4350 3291 4417 καταστησόμενος
3345 4346 3585 4399 ἁπάντων
3662 4366 3873 4422 περιφα-

2279 4397 2387 4420 Τί“’
2454 4397 2527 4399 V'V
2588 4397 2758 4400 ⁷””⁷“
2839 4397 2842 4398 ⁷
2983 4397 3094 4404 ί⁷“⁷
3143 4397 3200 4417 IV
3277 4397 3290 4406 '
3354 4397 3376 4399 ⁷⁷
3498 4397 3502 4398 7
3669 4397 3848 4422 V'r'v'

2199 4397 2527 4496 Ι)νέστατος-
2579 4436 2638 4487 Ὀ
2693 4432 2751 4489 δε
2807 4440 3006 4499 πρηνὴς
3063 4435 3256 4487 αὐτίκα
3308 4440 3501 4500 πεσὼν,
3558 4432 3769 4507 δάκρυά
3820 4453 3871 4488 τε

2277 4529 2439 4598 θερμὰ
2470 4529 2765 4596 καταχεων,
2794 4529 2879 4581 Μή
2908 4544 2999 4595 μοι
3034 4527 3235 4595 γένοιτο
3291 4529 3380 4575 καὶ
3437 4524 3598 4576 εἰσέτι
3658 4533 3735 4594 τῷ
3789 4528 3871 4576 κό-

2276 4635 2391 4687 σμῳ
2418 4613 2729 4686 περιπολεῖν,
2779 4612 2877 4665 ὑπὸ
2938 4620 3069 4665 Θεοῦ
3124 4616 3281 4683 μόνου
3332 4612 3568 4685 ῥυσθέντι
3630 4612 3699 4664 ὧν
3756 4612 3869 4665 ἑπι-

2273 4706 2437 4777 φέρειν
2460 4704 2629 4755 εἴωθεν
2662 4704 2961 4775 όπερίγειος
3000 4702 3195 4753 οὑτωσὶ
3243 4705 3394 4761 τόπος
3442 4697 3644 4767 δεινῶν,
3698 4703 3725 4754 ὁ
3777 4710 3872 4764 τῆς

2271 4791 2400 4853 ἄτης
2455 4790 2639 4862 λειμὼν
2697 4793 2787 4861 (ὡς
2835 4799 2933 4841 τῶν
2980 4809 3052 4850 τις
3099 4790 3322 4862 θυραίων
3368 4797 3536 4861 σοφῶν
3623 4788 3867 4862 ἐγνωμά-

2269 4885 2467 4951 τευσεν)
2513 4881 2541 4938 ἡ
2589 4880 2705 4932 καθ’
2758 4881 2897 4951 ἡμᾶς
2947 4878 3094 4953 ἐρεῖν,
3150 4881 3178 4936 ἡ
3228 4877 3402 4940 κοιλὰς
3455 4886 3545 4931 τοῦ
3599 4878 3873 4952 κλαυθμῶ-

2269 4988 2375 5035 νος,
2400 4969 2458 5020 Ὀ
2500 4966 2551 5021 δ’
2577 4967 2869 5033 ὑπολαϐὼν,
2923 4966 3062 5021 Ἀλλ’
3109 4967 3201 5019 οὐκ
3258 4963 3469 5019 ἐνδώσω
3500 4982 3605 5037 σοι,
3635 4967 3868 5032 Ἰωάννη,

2266 5064 2419 5110 τοῦτο
2438 5076 2578 5110 ποτε.
2614 5062 2713 5110 Καὶ
2743 5058 2815 5117 ὃςο
2865 5056 3043 5127 Ἄφελέ
3091 5076 3182 5128 μοι
3228 5061 3317 5108 καὶ
3374 5061 3469 5118 ni;
3515 5055 3767 5127 κεφαλῆς,
3828 5056 3871 5109 εἰ

2270 5145 2469 5218 βούλει·
2530 5152 2619 5198 καὶ
2666 5148 2787 5220 γὰρ,
2842 5145 2885 5198 εὶ
2937 5147 3042 5197 οἷόν
3098 5165 3152 5197 τε
3201 5150 3422 5218 μυρίους
3479 5147 3683 5216 ἕτοιμός
3766 5147 3872 5217 εἰμι

2270 5238 2525 5296 θανάτους
2563 5234 2855 5303 ἀποθανεῖν,
2888 5236 2918 5294 ἡ
2954 5239 3011 5288 τό
3059 5234 3159 5287 ἀπὸ
3213 5231 3371 5288 τοῦδε
3421 5242 3512 5287 τοῦ
3555 5238 3693 5287 κατὰ
3749 5234 3873 5308 βού-

2263 5324 2414 5383 λησιν
2446 5324 2700 5380 ἐκπεσεῖν.
2744 5323 2987 5386 Κάκεῖνος
3044 5326 3194 5391 αῦθις
3240 5322 3453 5387 ἀκλινὴς
3510 5320 3712 5396 διεμενε
3779 5329 3867 5377 καὶ

2267 5411 2553 5476 ἁνένδοτοςο
2588 5418 2655 5476 ὡς
2686 5410 2744 5467 δε
2769 5419 2860 5467 καὶ
2888 5414 3035 5474 οὗτός
3062 5418 3150 5473 τὴν
3202 5415 3413 5470 αἴτησιν
3467 5413 3717 5486 ἰσχυρὸς,
3773 5417 3863 5467 καὶ

2262 5507 2356 5561 τὴν
2420 5504 2667 5577 πρόθεσιν
2745 5504 3074 5577 ἁμετάθετος.
3151 5504 3411 5577 Καρτερὸς
3486 5509 3613 5577 γοῦν
3688 5502 3860 5574 ὥσπερ
