4084 6206
1454 294 1529 357 IN
1570 295 1629 353 S.
1665 291 1859 351 JOAN.
1901 294 2398 353 DAMASCENUM.

3503 292 3610 351 854

240 423 475 481 curiam
507 423 685 494 σφὶσιν
716 419 877 493 ἁγών,
929 426 1021 475 καί
1075 420 1283 494 ἰσχυρά
1336 441 1418 485 τις
1472 419 1680 477 ἐκεῖνοιν
1734 415 1840 475 δια-

1959 424 2261 477 certamen
2291 435 2362 476 ac
2386 417 2570 477 veluti
2588 419 2926 477 colluctatio
2960 419 3238 494 pertinax
3280 416 3412 485 fuit,
3466 431 3605 472 cum

238 515 407 586 μάχη
441 514 834 583 συμπὲπτωκεν-
890 510 1124 586 ἑκάτερος
1183 513 1285 584 γάρ
1352 512 1549 583 θατέρῳ
1604 505 1731 582 μηδ’
1787 510 1848 561 ἄν

238 608 354 662 πῶς
382 619 511 654 ποτε
536 598 743 663 ὑπεῖξαι
776 598 1189 674 ἀπισχυριζετο,
1245 603 1336 657 καί
1393 598 1485 656 ὅλη
1546 597 1850 653 ἁντὲπιπτεν

245 690 437 762 ἰσχύι,
463 693 553 742 καί
576 687 811 763 ἆκθὺμως
835 688 921 743 ἐπὶ
947 684 1087 758 τῷδε
1145 685 1181 743 δ
1186 688 1509 760 ιηγωνὶζετό.
1564 685 1719 741 Ἀλλά
1774 705 1851 739 νε-

238 783 459 837 ubem!»
507 778 749 843 ἰωὰννης
807 787 869 838 τῆ
934 780 1182 851 συναρσει
1234 786 1325 832 τοῦ
1386 782 1699 851 κρεῖττονοςο
1756 771 1850 835 ἧτ-

241 882 408 923 mas
442 858 494 915 δ’
524 864 551 916 6
588 862 912 937 παλαμναῖος
961 860 1150 925 ὶκεῖνος
1203 867 1293 917 καί
1346 860 1607 936 βάρϐαρος
1668 864 1851 936 τυραν-

236 971 351 1023 vos,
404 956 496 1009 καί
540 956 893 1011 συνήττηνται
940 954 991 1005 οὶ
1046 950 1260 1027 ἀόρατοι
1315 950 1549 1003 α’λεῖπταὶ
1617 968 1672 1003 τε
1762 954 1851 1003 καί

244 1043 710 1110 συνασπισταί,οἱ
737 1049 851 1102 τοῖς
890 1040 1103 1113 ἀγαθοῖς
1152 1042 1296 1114 ἡμῶν
1350 1038 1428 1093 ἀεί
1483 1037 1851 1113 βασκαὶνοντες

238 1132 425 1204 ἔργοις
450 1149 505 1183 τε
530 1134 623 1183 καί
652 1127 975 1203 βουλευμασι
1029 1126 1064 1182 δ
1067 1134 1288 1203 αὶμονες.

321 1215 433 1274 λδ⁹.
483 1224 547 1272 Ti
600 1225 724 1291 γοῦν
775 1224 865 1275 καί
915 1226 1071 1288 ποιεῖ,
1138 1219 1366 1294 ἔπειπερ,
1422 1216 1489 1270 Ὃ
1539 1237 1590 1269 τι
1641 1218 1702 1269 ἄν
1764 1236 1850 1269 σοι

237 1303 340 1353 καὶ
380 1301 461 1357 εἴη
495 1295 813 1372 βουλόμενῳ,
844 1298 938 1368 ἄγε
969 1293 1037 1356 δή
1071 1296 1361 1373 ἕλη-ἔρανον,
1420 1296 1612 1355 ἢκουσε
1658 1312 1672 1365 ;
1739 1303 1850 1358 πῶς

240 1406 307 1445 τε
331 1388 402 1439 τά
438 1387 553 1441 κατ’
584 1387 738 1440 αὐτόν
760 1383 1085 1455 διατὶθεται;
1133 1384 1192 1439 Ὀ
1254 1391 1441 1446 πιστός
1495 1390 1585 1458 μέν
1649 1387 1847 1438 οἰκονό-

236 1495 344 1548 μος
405 1481 493 1529 καὶ
542 1478 806 1552 φρόνιμος,
859 1475 998 1540 ἆξότε
1051 1480 1141 1528 καί
1217 1474 1499 1548 οἰκονομεῖν
1552 1470 1846 1542 ἀνεδεξατο,

238 1565 368 1617 τότε
399 1558 460 1617 δέ
516 1566 960 1637 συνεφαπτομὶνου
1025 1571 1158 1617 Θεοῦ
1202 1567 1297 1616 καί
1351 1568 1668 1639 συνετώτεροι
1724 1560 1849 1637 βου-

235 1650 585 1727 λευσάμενος,
636 1651 841 1705 ἅπαντα
1027 1658 1114 1706 τόν
1170 1651 1389 1706 πλοῦτον
1438 1659 1548 1714 τοῖς
1592 1647 1850 1725 δεόμενοις

1961 523 2118 563 unus
2139 506 2389 564 alterum
2407 508 2690 567 niteretur
2718 506 2943 563 viribus
2972 507 3257 564 omnibus
3299 518 3605 577 superare,

1961 601 2205 668 totoque
2230 595 2443 651 robore
2469 595 2626 653 velut
2648 597 2886 662 irruere,
2928 595 3226 669 planeque
3281 610 3355 650 ex
3403 590 3608 648 animo

1961 683 2041 741 ad
2069 684 2184 741 hoc
2208 684 2598 741 incumberet.
2635 684 2746 741 Sed
2778 683 3022 741 victoria
3054 698 3237 756 penes
3287 683 3605 750 Joannem,

1960 778 2165 847 utpote
2191 789 2373 830 causa
2403 774 2731 839 meliorem,
2769 774 2963 829 stetit:
3026 770 3215 829 victus
3265 777 3354 827 est
3406 762 3608 826 autem

1962 862 2385 934 sanguinarius
2414 860 2510 917 ille
2536 861 2955 935 barbarusque
2990 864 3302 936 tyrannus,
3352 863 3410 915 et
3466 873 3607 913 cum

1961 968 2032 1007 eo
2080 950 2403 1007 invisibiles
2444 951 2764 1007 luctatores
2835 956 3012 1025 atque
3060 950 3367 1023 adjutores
3420 947 3609 1021 ipsius

1959 1037 2287 1109 daemones,
2321 1038 2423 1111 qui
2439 1038 2613 1095 bonis
2638 1039 2856 1096 nostris
2883 1037 3166 1113 operibus
3185 1042 3367 1111 atque
3415 1034 3609 1092 consi-

1957 1126 2049 1184 liis
2069 1138 2357 1202 perpetuo
2386 1128 2676 1184 invident.

2029 1220 2120 1275 34.
2147 1217 2297 1283 Quid
2320 1232 2463 1289 ergo
2492 1216 2625 1273 fecit
2654 1222 2759 1274 aut
2785 1220 3095 1293 quomodo
3149 1212 3244 1273 res
3289 1213 3608 1293 disposuit,

1959 1310 2279 1379 postquam
2306 1305 2550 1373 audivit,
2579 1290 2879 1379 Quidquid
2903 1305 3209 1380 placuerit,
3263 1319 3395 1375 age,
3445 1290 3612 1360 exse-

1957 1395 2193 1467 quere?
2218 1394 2427 1450 Fidelis
2454 1393 2548 1451 ille
2607 1401 2665 1451 et
2723 1395 2990 1468 prudens
3032 1393 3430 1466 dispensator,
3481 1392 3611 1463 jam

1958 1483 2096 1538 inde
2126 1483 2204 1538 ab
2234 1499 2306 1540 eo
2333 1491 2599 1557 tempore
2628 1500 2752 1556 quo
2782 1482 2874 1538 sui
2904 1483 3032 1555 ipse
3077 1482 3230 1553 juris
3268 1480 3463 1553 potuit
3517 1495 3611 1536 res

1959 1571 2232 1644 proprias
2260 1570 2560 1640 ordinare,
2586 1576 2730 1628 tunc
2791 1574 2992 1628 autem
3040 1569 3363 1641 adjuvante
3408 1569 3611 1641 ipsum

1960 1662 2080 1717 Deo
2111 1658 2344 1717 utiliora
2372 1661 2549 1717 etiam
2572 1660 2822 1717 consilia
2837 1660 3101 1734 capiens,
3127 1657 3449 1731 pecuniam
3482 1656 3612 1729 qui-

240 1736 524 1814 διενειμεν,
588 1739 777 1815 ἀγρούς
853 1737 913 1794 δέ
968 1745 1060 1794 καί
1107 1746 1201 1800 τήν
1247 1748 1436 1799 κτῆσιν
1497 1740 1654 1799 οἷλλην
1740 1748 1840 1803 τοῖς

1959 1749 2099 1805 dem
2129 1764 2374 1805 omnem
2402 1748 2706 1806 distribuit
2754 1748 3146 1823 pauperibus,
3179 1760 3359 1817 agros
3380 1742 3527 1801 vero
3558 1749 3616 1800 et

237 1833 610 1904 προσήκουσιν
661 1827 1044 1905 ἀπεκλήρωσεν*
1109 1828 1217 1883 ἐπεί
1282 1825 1344 1882 δέ
1402 1838 1567 1903 σοφῶς
1615 1831 1682 1882 τά
1732 1829 1847 1882 κατ’

238 1917 409 1973 αὐτόν
501 1914 723 1984 διεθετο,
796 1918 1064 1977 εἱλωτικήν
1150 1916 1404 1976 ἀναϐολήν
1500 1919 1846 1993 περιθεμενος,

236 2012 387 2082 πρός
409 2012 504 2065 τήν
555 2004 753 2079 ἀγαθήν
806 2005 1016 2083 ἀπαὶρει
1068 2012 1301 2085 τιόρεὶαν³
1357 2011 1415 2060 τό
1466 2010 1557 2080 μέν
1610 2011 1849 2081 φαινόμε-

238 2116 334 2148 νον
384 2100 631 2173 πενιχρός
666 2102 798 2169 πρός
858 2093 919 2149 δέ
973 2102 1067 2155 τήν
1108 2104 1197 2150 τοῦ
1237 2095 1471 2172 ἕριτὶμου
1519 2101 1848 2171 μαργαρὶτου

234 2183 502 2246 ἓζώνησιν
580 2184 800 2237 πλοῦτον
867 2183 1035 2261 βαρύν
1095 2190 1190 2244 τήν
1256 2182 1443 2263 ἀρετήν
1509 2183 1846 2257 ἑπαγόμενος.

240 2278 358 2326 Καὶ
381 2280 504 2344 γοῦν
550 2278 644 2332 τήν
700 2273 1040 2347 Ἰερουσαλήμ
1095 2271 1496 2346 καταλαμϐάνει,
1553 2273 1636 2325 ἵνα
1685 2292 1740 2326 τε
1788 2278 1847 2326 τό

239 2365 506 2435 σωτήριον
534 2360 829 2424 ἕξετελέσθη
883 2365 1193 2439 μυστήριον,
1250 2360 1462 2415 κάκεῖσε
1520 2370 1719 2424 σιπτῶς
1775 2370 1848 2435 τῷ

236 2457 364 2520 Θεῷ
418 2455 506 2502 καί
558 2453 792 2508 Δεσπότη
843 2455 937 2509 τήν
992 2453 1352 2526 προσκύνησιν
1400 2449 1844 2524 ἀφοσιωσόιμενος,

246 2539 402 2610 παρά
443 2544 537 2597 τήν
579 2546 672 2591 τοῦ
758 2538 985 2614 μεγάλου
1032 2538 1170 2591 Σὰϐα
1221 2544 1382 2613 μονήν
1450 2540 1656 2603 ἄπεισι,
1707 2538 1848 2593 Σὰϐα

236 2633 337 2677 τοῦ
374 2630 468 2684 τήν
491 2624 677 2700 ἀρετήν
700 2624 1012 2703 περιϐοήτου
1046 2632 1134 2680 καί
1174 2633 1268 2687 τήν
1324 2630 1456 2680 κατά
1509 2630 1639 2681 Θεόν
1687 2627 1839 2683 πολιο

236 2718 387 2768 τεὶαν
424 2715 848 2790 περιθρυλλὴτου,
881 2714 1021 2769 Σὰϐα
1048 2725 1139 2769 του
1188 2715 1517 2793 λαμπρότητι
1575 2715 1697 2789 βὶου
1750 2722 1844 2777 τήν

238 2804 333 2877 ὑφ’
363 2803 505 2864 ἣλιον
533 2809 985 2887 δια·θ.ἀυγὸισοιντος²
1018 2806 1071 2859 ὃν
1099 2810 1235 2881 εἴπερ
1263 2826 1343 2869 τις
1373 2805 1432 2859 ἃν
1487 2811 1616 2881 pair:
1681 2812 1841 2861 τὺπον

232 2902 332 2945 τοῦ
362 2890 651 2967 μοναδικόν
681 2893 804 2968 βιου
836 2895 1028 2948 ἄνωθεν
1057 2902 1167 2958 τοῖς
1221 2898 1272 2948 ἐν
1341 2904 1409 2968 γῆ
1469 2899 1841 2971 καταπεμφθῆ-

235 3003 350 3049 ναι,
374 2982 430 3036 εὖ
459 2980 602 3055 οἶδα,
637 2993 729 3047 τῆς
785 2982 1029 3046 ἁληθεὶας
1088 2983 1194 3057 οὐχ
1245 2983 1628 3061 ἁμαρτήσεται.
1690 2989 1840 3062 Παρά

227 3078 364 3144 γοῦν
392 3076 488 3130 τήν
522 3071 716 3126 ἕκεὶνου
765 3078 936 3147 96m;-
989 3073 1185 3147 λαὺρας
1235 3075 1323 3134 τάς
1382 3078 1623 3136 τοιαύτας
1677 3077 1838 3148 μονάς
1868 3115 1909 3173 C

230 3157 412 3211 καλεῖν
451 3160 698 3213 εἰώθασιν
725 3163 774 3213 οἱ
810 3160 1010 3216 πολλοὶ.
1042 3162 1133 3224 Ὠς
1157 3162 1247 3214 οὖν
1276 3162 1399 3237 παρ’
1427 3161 1557 3222 αὐτῆ
1613 3166 1832 3235 γὲνοιτο,

227 3251 326 3300 καὶ
357 3257 428 3319 τῷ
453 3257 553 3301 τῶν
580 3248 628 3305 ἐν
656 3250 790 3309 αὐτῆ
819 3256 1108 3326 προεστῶτι
1165 3250 1238 3311 εἰς
1276 3248 1396 3322 ὄψιν
1447 3248 1607 3321 ﬂeor,
1664 3255 1835 3302 πεσὼν

228 3341 338 3409 πρό
364 3344 465 3388 τῶν
490 3336 687 3391 ἐκεινου
720 3335 919 3403 ποδῶν,
944 3347 1016 3410 τῷ
1044 3341 1186 3412 παρά
1236 3348 1309 3411 τῷ
1368 3338 1664 3411 Εὑαγγελὶῳ
1721 3338 1834 3391 ἰαυ-

230 3430 325 3477 τόν
354 3422 643 3479 ἀπολωλότι
694 3424 938 3502 προϐάτῳ
993 3427 1359 3503 προσεικαζεν,
1406 3425 1716 3501 ἀφαρπὰσαι
1780 3445 1835 3479 τε

230 3520 331 3565 τοῦ
357 3523 545 3572 νοητοῦ
573 3512 937 3570 κατεδυσῶπει
971 3518 1146 3591 θηρός,
1180 3521 1271 3570 καί
1309 3524 1371 3577 τῆ
1435 3512 1549 3589 ὶδιᾳ
1611 3514 1832 3574 31067525!-

237 3621 335 3655 σαι
387 3598 601 3677 μὰνδρᾳ
650 3606 785 3657 πάνυ
837 3605 1066 3680 λιπαρῶς
1115 3606 1432 3674 καθικὶτευε,
1516 3600 1658 3680 μηδέ
1711 3606 1833 3667 τούς

235 3690 533 3765 ὀφθαλμούς
563 3692 633 3755 εἰς
671 3693 918 3769 οὐρανούς
966 3691 1088 3769 ἆραι
1138 3693 1359 3769 τολμῶν,
1410 3697 1480 3757 ὡς
1536 3695 1562 3747 ό
1615 3702 1685 3766 τῷ
1733 3701 1834 3747 Σω-

234 3788 361 3855 τῆρι
386 3780 750 3856 παραϐολικῶς
797 3780 1222 3845 ἕπεισκυκληθείς
1277 3782 1514 3851 τελώνης,
1569 3787 1659 3835 καί
1704 3787 1835 3856 πρός

233 3873 508 3941 μετανοὶας
530 3866 875 3942 σχεδιασθείς
931 3874 1090 3934 ὄντως
1131 3872 1496 3945 ὑπογραμμὸν,
1541 3876 1631 3923 καί
1687 3869 1832 3946 ἰιτρε-

230 3964 367 4018 ποῦς
395 3961 556 4010 τόπον
614 3958 1009 4033 ἐξαγορευσεως·
1066 3965 1156 4013 καί
1212 3962 1380 4012 ταῦτὰ
1431 3961 1490 4032 γὲ
1545 3979 1646 4025 τις,
1701 3961 1729 4011 6
1782 3959 1833 4025 ἕξ

228 4043 438 4118 ὀνύχων
470 4046 676 4100 ἁπαλῶν
706 4049 934 4122 καθαρός
979 4053 1070 4101 καί
1122 4047 1223 4101 ἀπό
1273 4051 1532 4121 γενεσεως.
1590 4047 1660 4100 Ὠ
1709 4069 1832 4125 καρ-

230 4129 357 4195 δῖας
411 4135 889 4210 συντπριμμενηςῐ
942 4137 983 4188 ῶ
1014 4140 1298 4211 πνευματος
1348 4141 1780 4211 τεταπεινωμὲνου
1813 4139 1825 4194 ι

230 4223 272 4276 ὦ
301 4221 493 4296 ψυχῆς
539 4230 667 4278 Θεὸν
714 4226 943 4302 ὁρώσης,
996 4230 1119 4279 Θεόν
1172 4227 1560 4300 φανταζόμενης
1612 4224 1739 4281 ἀεὶῐ
1789 4226 1830 4279 ῶ

228 4309 421 4384 ψυχῆς
452 4317 544 4371 τήν
586 4312 885 4366 ἁνεὶκαστον
935 4322 1070 4369 Θεοῦ
1111 4311 1269 4378 δόξαν
1317 4314 1680 4379 ἀναπολοὺσης
1737 4313 1830 4369 διά

228 4404 443 4467 παντός,
473 4406 565 4455 καὶ
587 4404 721 4475 μόνα
757 4404 825 4455 τά
873 4402 1066 4455 ἰκείνου
1127 4398 1498 4476 διανοουμένης
1553 4400 1824 4476 διηνεκῶς,

228 4494 324 4541 καί
363 4488 566 4563 ἂμὶσως
596 4489 773 4565 ἁμέσω
832 4494 911 4544 νοΐ
978 4495 1369 4566 συναπτομὶνης
1399 4502 1471 4565 τῷ
1530 4498 1716 4569 πρώτῳ
1759 4503 1828 4567 νῷ
1862 4522 1907 4577 D

227 4582 324 4630 καί
371 4586 460 4630 νῦν
508 4578 817 4653 ἕνσωμὰτων
853 4584 944 4632 καὶ
1006 4578 1296 4654 ἆσωμὰτων
1352 4577 1707 4658 ὃημιουργῷῐ
1762 4581 1830 4637 ”Ω

226 4665 415 4738 ψυχῆς
441 4666 489 4730 ἔς
537 4668 846 4726 ,τηλικοῦτον
904 4665 1211 4742 διαρθεὶσης
1254 4668 1307 4733 ἐξ
1354 4671 1560 4745 ἀρετῆς,
1616 4677 1705 4724 καί
1758 4673 1829 4735 εἰς

226 4763 480 4808 τοσοῦτον
508 4757 909 4819 ὑποπιπτοὺσης
963 4757 1020 4810 ἐκ
1068 4763 1438 4829 ταπεινώσεως,
1493 4765 1585 4813 καί
1648 4763 1715 4823 ὡς
1769 4765 1827 4814 τό

225 4840 398 4919 μηδέν
474 4844 659 4904 ἑαυτήν
739 4845 1086 4923 ἀχρειοὺσης,
1165 4847 1581 4922 θριαμϐευοὺσης
1632 4868 1687 4901 τε
1738 4850 1829 4902 καί

227 4933 641 4999 στηλιτευούσης
722 4938 895 5013 ὥσπερ
975 4936 1365 5010 ἐξαμαρτοῦσαν
1466 4935 1731 4996 ἀνήκεστα
1808 4939 1821 4995 l

292 5163 384 5220 λε’.
420 5164 562 5225 Πλήν
592 5166 720 5220 ἀλλά
747 5176 810 5227 τῆ
834 5175 926 5221 τοῦ
965 5167 1192 5242 μεγάλου
1222 5167 1363 5221 Σὰϐα
1389 5177 1518 5242 μονῆ
1575 5170 1603 5221 6
1659 5171 1825 5242 μεγας

221 5255 463 5317 Ἰωάννης
490 5256 889 5331 προσεῖληπται,
922 5259 949 5310 6
978 5260 1103 5310 ὅσον
1136 5254 1344 5311 οὐδεπω
1383 5261 1616 5330 συχνούς
1667 5261 1823 5334 ὑπερ-

220 5344 476 5399 ϐαλεσοαι
526 5346 717 5420 μελλων
760 5352 851 5400 καί
902 5355 1001 5401 τῶν
1049 5347 1283 5420 μεγάλων
1339 5348 1412 5410 εἰς
1463 5347 1667 5421 ἀρετήν.
1720 5355 1823 5403 Καί

218 5443 348 5508 γοῦν
371 5436 397 5487 6
435 5442 508 5509 τῷ
537 5439 772 5499 τότε-τῆς
799 5445 957 5510 μονῆς
1010 5444 1318 5511 προστατῶν
1370 5439 1493 5498 τούς
1556 5441 1820 5511 προῦχον-

218 5542 317 5588 τας
344 5532 447 5578 τῶν
470 5533 717 5599 μοναχῶν
764 5528 1170 5598 μεταπὶμπεται·
1220 5529 1312 5576 καί
1360 5533 1544 5600 πρῶτα
1594 5530 1685 5599 μέν
1744 5535 1817 5599 τῷ

218 5618 323 5689 πρό
347 5621 447 5666 τῶν
471 5612 634 5669 ἄλλων
663 5618 755 5667 καί
779 5614 994 5679 εἰσιόντι
1033 5617 1127 5667 καί
1183 5616 1362 5687 στὰντι
1411 5618 1506 5694 τήν
1561 5622 1655 5669 τοῦ
1700 5620 1816 5676 νεή-

1959 1837 2220 1910 reliquas
2276 1837 2693 1909 possessiones
2754 1838 2908 1893 inter
2957 1836 3334 1911 propinquos
3389 1833 3609 1890 divisit.

1959 1926 2105 1982 Cum
2127 1931 2327 1982 autem
2358 1928 2440 1983 sic
2465 1927 2670 1983 omnia
2685 1926 3009 1999 prudenter
3023 1925 3385 1988 ordinasset,
3434 1919 3612 1978 servi-

1957 2013 2075 2070 lem
2115 2014 2362 2071 indutus
2386 2014 2686 2082 habitum,
2714 2015 2773 2070 in
2811 2013 3037 2070 bonam
3077 2028 3206 2069 sese
3230 2012 3395 2068 viam
3422 2009 3607 2080 dedit,

1958 2108 2200 2159 externa
2219 2103 2466 2177 quidem
2490 2103 2686 2176 specie
2712 2117 2965 2177 pauper,
3017 2101 3121 2157 sed
3166 2099 3245 2158 ad
3283 2099 3610 2156 emendem

1959 2172 2282 2264 pretiosam
2308 2172 2698 2262 margaritam
2714 2172 2957 2248 vmu—ltas
2989 2205 3158 2263 opes,
3188 2189 3464 2245 virtutem
3505 2178 3615 2243 sci-

1958 2278 2108 2348 licet,
2144 2295 2351 2336 secum
2382 2279 2657 2337 efferens.
2712 2279 3044 2349 Ingreditur
3079 2292 3222 2348 ergo
3278 2276 3609 2347 Hierosoly-

1958 2385 2144 2436 mam,
2171 2369 2481 2426 utibidem
2523 2369 2730 2427 salutis
2752 2377 2970 2425 nostra
3013 2366 3366 2440 mysterium
3416 2363 3604 2420 susci-

1957 2464 2159 2530 peret;
2190 2460 2429 2531 Deoque
2451 2474 2522 2514 ac
2553 2457 2806 2514 Domino
2828 2471 2938 2513 suo
2966 2458 3304 2512 reverenter
3359 2452 3609 2510 adorato

1956 2545 2379 2613 sanctiﬁcatus,
2411 2547 2490 2603 ad
2522 2546 2727 2616 magni
2767 2545 2939 2603 Sabas
2970 2536 3406 2600 monasterium
3461 2539 3607 2598 abit.

1958 2633 2127 2691 Saba:
2156 2635 2407 2706 inquam
2450 2633 2628 2703 illius,
2698 2634 2915 2689 virtute
2949 2629 3318 2688 celeberrimi
3364 2632 3423 2685 et
3464 2643 3609 2685 con-

1951 2724 2283 2780 versatione
2312 2720 3036 2793 nominatissimi:Sabaa,
3076 2724 3262 2777 totam
3309 2734 3447 2792 qum
3494 2715 3609 2775 sub

1953 2812 2077 2869 sole
2128 2820 2214 2870 est
2264 2819 2482 2869 terram
2541 2812 2676 2869 vitae
2728 2827 2851 2868 suae
2918 2809 3184 2867 claritate
3233 2806 3603 2879 illustrantis,

1949 2918 2137 2975 quam
2157 2901 2402 2975 quidem
2425 2902 2556 2972 ejus
2582 2901 2766 2957 vitam
2786 2899 3003 2972 aliquis
3055 2897 3269 2954 dixerit
3286 2896 3349 2953 in
3402 2908 3606 2952 exem-

1948 2990 2116 3064 plum
2139 2990 2486 3046 monasticae
2516 2987 2903 3062 promssionis
2926 2987 3003 3044 de
3022 2984 3174 3043 caelo
3195 2985 3449 3041 missam
3471 2997 3603 3039 esse

1948 3078 2296 3137 hominibus
2343 3086 2525 3151 super
2572 3084 2726 3135 terra
2764 3075 3301 3137 commorantibus,
3338 3086 3601 3145 cumque

1946 3169 2061 3225 hoc
2081 3166 2314 3236 dixerit,
2332 3166 2476 3222 nihil
2489 3172 2701 3238 praeter
2713 3165 3017 3222 veritatem
3033 3163 3250 3219 dixerit
3267 3168 3429 3218 certo
3449 3162 3597 3218 scio.

1948 3259 2015 3314 Ut
2031 3262 2232 3313 autem
2251 3256 2327 3311 ad
2344 3254 2499 3310 illius
2518 3251 3185 3324 monasterium(lauras
3203 3250 3470 3324 plerique
3504 3265 3602 3307 so-

1944 3344 2415 3402 lentistiusmodi
2440 3344 2569 3400 loca
2590 3342 2926 3414 nominare)
2944 3346 3123 3413 atque
3140 3342 3597 3413 inconspectum

1944 3433 2181 3492 abbatis
2197 3433 2377 3499 venit,
2406 3432 2482 3489 ad
2497 3432 2546 3504 ej
2559 3449 2626 3488 us
2641 3430 2837 3505 pedes
2850 3428 3192 3503 procidens,
3211 3427 3445 3485 similen
3464 3442 3598 3487 sese

1944 3521 2212 3580 exhibuit
2247 3521 2404 3579 ovilli
2440 3522 2504 3578 in
2529 3519 2842 3591 evangelio
2872 3518 3140 3592 perditas,
3153 3517 3505 3592 supplicans
3532 3521 3600 3575 ut

1944 3610 2251 3685 spirituale
2276 3610 2501 3667 ostium
2526 3608 2979 3682 apprehendere
2996 3606 3110 3664 sibi
3132 3606 3353 3675 liceret,
3371 3611 3429 3663 et
3448 3608 3512 3663 in
3532 3604 3598 3663 il-

1943 3701 2057 3757 lius
2090 3700 2401 3772 proprium
2427 3698 2580 3755 ovile
2599 3696 2816 3770 recipi;
2838 3695 3075 3754 interim
3092 3710 3232 3753 vero
3258 3710 3370 3752 nec
3387 3693 3596 3751 oculos

1943 3788 2207 3846 audebat
2247 3788 2444 3844 levare
2472 3789 2533 3844 in
2563 3786 2802 3854 emtum,
2838 3785 3088 3844 sicutille
3118 3787 3181 3842 in
3211 3784 3518 3858 parabolis
3554 3799 3596 3842 a

1945 3879 2250 3936 Salvatore
2267 3882 2637 3933 memoratus
2656 3876 3034 3950 publicanus,
3048 3875 3512 3948 propositnsqne
3530 3873 3593 3929 in

1942 3966 2285 4039 exemplum
2303 3966 2665 4039 poenitentia
2695 3971 2874 4038 atque
2900 3965 3146 4020 sincere
3163 3962 3588 4031 confessionis;

1940 4056 2122 4129 idque
2141 4070 2280 4111 cum
2312 4070 2348 4110 a
2375 4053 2611 4119 teneris,
2644 4053 2728 4109 uti
2771 4053 3004 4120 dicitur,
3057 4049 3397 4121 unguiculis
3435 4050 3593 4123 ipsa-

1940 4160 2060 4221 que
2089 4144 2394 4199 nativitate
2438 4156 2627 4215 purus
2666 4141 2857 4197 fuerit.
2916 4141 2961 4197 Ο
3009 4155 3114 4195 cor
3157 4136 3513 4195 contritum!
3552 4152 3591 4195 o

1941 4234 2215 4307 spiritum
2253 4232 2635 4289 humiliatum
2664 4232 2679 4287 l
2711 4248 2749 4287 ο
2770 4231 3038 4287 animam
3056 4231 3244 4285 Deum
3261 4228 3587 4297 videntem,

1944 4326 2129 4380 Deum
2161 4338 2399 4395 semper
2418 4321 2778 4392 cogitantem
2811 4320 2825 4377 l
2857 4334 2895 4375 ο
2923 4318 3193 4375 animam
3217 4317 3437 4374 divinae
3467 4319 3591 4389 glo-

1940 4412 2039 4467 riae
2071 4426 2311 4483 semper
2337 4410 2648 4477 intentam,
2679 4424 2871 4482 eaque
2893 4407 3023 4465 sola
3058 4410 3427 4481 spectantem
3450 4421 3590 4480 qum

1938 4499 2078 4557 illuc
2102 4498 2466 4568 conducunt,
2500 4498 2805 4570 mentique
2841 4496 2924 4553 illi
2948 4495 3159 4569 primm
3187 4510 3261 4552 ac
3296 4495 3591 4552 mentium

1939 4603 2363 4661 corporearum
2390 4603 2563 4661 aeque
2589 4603 2661 4644 ac
2694 4588 3185 4660 incorporearum
3230 4582 3433 4658 opiﬁci
3477 4584 3591 4640 im-

1941 4678 2256 4734 inediatius
2272 4677 2661 4733 inhaerentem
2682 4676 2696 4732 l
2715 4691 2753 4732 o
2774 4675 3042 4732 animam
3066 4678 3191 4732 tam
3218 4672 3459 4731 excelsa
3474 4671 3590 4729 vir-

1940 4771 2063 4823 tute
2074 4771 2636 4836 evectam,tam,tam
2653 4763 2951 4837 profunda
2972 4761 3311 4821 humilitate
3336 4760 3588 4833 depres-

1938 4860 2153 4926 sam,ut
2164 4871 2228 4911 se
2237 4854 2415 4927 quasi
2426 4854 2685 4910 inutilem
2698 4852 2777 4909 ad
2789 4851 3334 4908 omniaexisﬁmans
3343 4849 3419 4906 de
3437 4848 3590 4921 seip-

1940 4960 2010 4999 sa
2022 4943 2417 5017 triumpharit,
2432 4958 2617 5015 seque
2630 4948 2693 4997 ut
2702 4940 3193 5011 gravissimorum
3207 4943 3589 5013 peccatorum

1934 5048 2102 5089 ream
2125 5031 2452 5090 traduxerit
2476 5031 2489 5086 l

2007 5178 2098 5231 35.
2132 5176 2284 5245 Ergo
2305 5172 2366 5229 in
2396 5171 2601 5242 magni
2632 5170 2804 5229 Sabae
2826 5170 3062 5228 lauram
3091 5186 3353 5243 magnus
3406 5174 3587 5229 Joan-

1936 5277 2043 5318 nes
2070 5265 2338 5334 receptus
2360 5266 2471 5327 est,
2502 5260 2680 5333 quasi
2698 5260 2804 5334 qui
2828 5259 3089 5317 necdum
3110 5260 3327 5318 multos
3362 5275 3588 5334 eosque

1933 5349 1993 5406 in
2016 5349 2227 5406 virtute
2252 5353 2604 5421 praestantes
2630 5353 2992 5420 superasset.
3012 5348 3345 5407 Monasterii
3384 5353 3588 5405 autem

1932 5438 2252 5512 praefectus
2311 5436 2710 5493 monchorum
2776 5437 3112 5511 praecipuos
3177 5437 3458 5494 accersit:
3514 5452 3588 5493 ac

1927 5528 2123 5601 primo
2142 5525 2389 5599 quidem
2411 5524 2485 5590 ei,
2508 5524 2616 5598 qui
2638 5530 2776 5581 ante
2801 5525 2953 5582 alios
2972 5528 3278 5597 ingressus
3331 5523 3589 5589 astabat,

1926 5631 2135 5689 curam
2160 5614 2422 5703 injungit
2438 5614 2670 5686 novitii,
2702 5630 2887 5688 quem
2936 5615 2988 5673 ei
3039 5612 3456 5685 monstrabat,
3508 5626 3581 5684 ge
