4084 6206
560 315 665 378 855

1755 303 2218 370 CONSTANTINI
2254 296 2733 360 ACROPOLITE.

3775 301 3865 358 856

556 440 837 501 rendam.
865 438 964 497 Ille
985 410 1135 497 vero
1182 440 1474 512 tanquam
1535 436 1839 506 attonitus,
1895 438 1979 496 uti
2032 435 2192 494 vultu

2308 422 2468 489 λυδος
2533 423 2784 498 ἓφοριὶαν,
2861 417 3035 487 διὶξας
3073 422 3247 490 αὐτόν,
3321 420 3613 481 ιὶνατὶοησι.
3684 429 3775 479 Καί
3822 428 3867 491 ὃς

557 532 690 605 ipso
705 529 1105 597 monstrabat,
1123 527 1519 592 ministerium
1534 526 1651 585 hoc
1677 528 1974 591 recusavit
2015 526 2202 583 susci-

557 636 719 694 pere,
733 622 1055 692 postquam
1075 632 1137 674 se
1148 620 1475 691 utcumque
1489 616 1840 689 collegisset,
1856 618 1972 678 hoc
2004 616 2202 674 solum

557 707 949 768 effatuszTibi
969 723 1153 777 nunc,
1176 706 1370 777 Pater,
1415 707 1621 764 videor
1649 707 2001 766 inobediens
2046 720 2199 778 esse,

553 798 702 855 nihil
734 801 873 870 tale,
901 797 1051 857 sicut
1078 797 1266 858 nostis
1286 813 1557 871 unquam
1581 813 1822 871 passus,
1850 813 1923 854 ex
1943 812 2066 870 quo
2105 811 2203 853 me

554 888 658 946 tibi
677 887 1009 958 regendum
1030 887 1326 956 commisi,
1350 887 1459 950 sed
1478 903 1674 962 neque
1691 887 1838 945 alias
1850 886 2011 943 idem
2043 900 2204 943 com-

552 977 849 1037 missurus
877 994 890 1034 :
912 992 1074 1034 nunc
1091 981 1293 1036 autem
1311 993 1562 1037 causam
1578 977 1835 1048 intellige
1855 979 1913 1033 et
1935 976 2201 1050 ignosce,

554 1069 676 1137 Ego
695 1066 926 1137 alongo
943 1066 1073 1138 jam
1090 1070 1358 1139 tempore
1381 1066 1518 1123 novi
1548 1064 2002 1127 celeberrimum
2041 1064 2202 1122 hunc

550 1156 749 1219 virum
798 1173 810 1220 ι
860 1157 990 1227 ejus
1047 1155 1209 1214 enim
1264 1155 1476 1213 laudes
1533 1156 1852 1213 manifesta
1934 1154 2203 1227 vulgavit

552 1246 733 1313 fama,
766 1250 1059 1320 tanquam
1093 1245 1372 1303 facundia
1402 1251 1459 1303 et
1482 1246 1600 1304 vita
1639 1244 1951 1303 clarissimi
1980 1262 1993 1305 :
2051 1260 2195 1318 qua-

549 1340 793 1417 propter
822 1351 1031 1398 vereor
1054 1335 1189 1407 ejus
1215 1351 1424 1393 curam
1460 1336 1784 1408 suscipere,
1813 1337 1982 1391 Pater
2034 1350 2200 1391 reve-

548 1425 757 1493 rende,
785 1425 1080 1498 imparem
1127 1424 1322 1481 eidem
1380 1440 1477 1481 me
1520 1424 1824 1496 judicans.
1874 1423 1963 1479 Ad
2015 1422 2200 1481 alium

548 1513 766 1579 deinde
788 1530 853 1572 se
913 1513 1204 1577 convertit
1246 1512 1459 1580 abbas,
1519 1519 1574 1571 et
1618 1513 1712 1572 hic
1757 1512 2022 1570 similiter
2072 1530 2200 1571 sese

548 1607 826 1666 excusat;
881 1602 1142 1685 indeque
1174 1602 1255 1662 ad
1318 1603 1577 1672 tertium,
1599 1604 1702 1679 qui
1724 1619 1894 1677 aeque
1923 1608 2044 1661 toto
2064 1604 2201 1661 nisu

546 1692 774 1753 resilit:
809 1697 985 1767 prout
1031 1693 1211 1753 etiam
1256 1692 1355 1754 alii
1411 1692 1631 1768 aliique
1700 1693 1984 1764 fecerunt,
2044 1709 2198 1767 quos

2308 517 2540 589 καθάπερ
2600 515 2643 567 ιί
2694 533 2775 576 τις
2824 512 3131 579 ἕκπληκτος,
3190 513 3258 574 ὡς
3327 507 3617 571 δεδήλωκεν
3676 511 3727 566 ἐκ
3790 524 3867 570 τοῦ

2314 611 2614 680 σχήματος,
2643 608 2737 662 τήν
2779 602 3106 677 λιιτουργὶαν
3151 602 3482 676 ἀπαγορεύει,
3541 621 3687 656 τουτο
3740 607 3866 677 pas.»

2313 694 2488 765 εἰπών,
2535 692 2630 769 ὀψε
2680 711 2804 746 ποτε
2845 690 3128 765 ἀνειληφώς
3182 691 3361 745 ἑαυτὸν
3415 689 3580 764 μόλις·
3633 696 3727 759 Σοίῒ
3773 696 3868 748 ηδε-

2311 803 2421 856 τερ,
2447 790 2534 836 νῦν
2593 781 2812 847 ἁνὴκοος
2868 781 3238 855 ἀναφαινομαι,
3288 779 3468 845 ἕξότου
3526 799 3604 834 τοι
3656 785 3737 835 καί
3780 787 3866 837 ἑνι-

2312 873 2531 949 χείρισα
2569 870 2810 945 ἐμαυτόν,
2843 875 3003 945 μήπω
3026 890 3105 943 γε,
3159 871 3227 933 ὡς
3281 868 3461 937 οἶσθα,
3516 872 3683 923 τοντοὶ
3713 889 3865 924 πεπονο

2314 964 2429 1032 θὼς,
2465 961 2590 1015 ἀλλά
2644 958 2777 1039 μηδ’
2841 960 2912 1024 ιῖς
2939 958 3086 1022 αὖθις
3107 961 3209 1014 ιῖθε
3232 961 3379 1013 ποτὶ·
3412 962 3472 1012 τό
3504 956 3553 1012 δ’
3571 963 3724 1013 αἴτιον
3743 965 3865 1015 τοῦτὸ

2311 1070 2387 1123 γε,
2420 1050 2516 1103 οὐκ
2567 1049 2710 1116 ἄλλο,
2737 1054 2828 1102 καί
2860 1051 3153 1122 σύγγνωθι.
3220 1049 3309 1103 Ἐκ
3361 1056 3565 1124 μακροῦ
3593 1053 3674 1101 τὸν
3728 1046 3869 1123 ἄνδρα

2308 1138 2617 1215 περιϐόητον
2646 1142 2863 1212 ἰγνωκα·
2896 1140 2925 1197 ἠ
2958 1141 3057 1212 γάρ
3116 1157 3209 1211 μοι
3267 1142 3414 1211 φήμη
3466 1138 3533 1190 τά
3581 1137 3690 1190 κατ’
3743 1138 3866 1191 αὐτόν

2311 1225 2666 1302 ἁκριϐὶστατα
2712 1223 3044 1302 διετράνωσε,
3113 1232 3203 1279 καί
3247 1226 3389 1299 λόγῳ
3420 1245 3477 1279 τε
3525 1231 3613 1278 καί
3659 1224 3751 1299 βιῳ
3785 1235 3862 1279 τῶν

2309 1317 2758 1391 περιφανεστάτω
2780 1318 3126 1393 παρεστησεν,
3188 1314 3260 1389 ἐφ’
3409 1320 3500 1367 καί
3548 1310 3750 1368 δεδοικα
3787 1320 3863 1373 τήν

2310 1404 2644 1476 ἕπιστασὶαν,
2675 1406 2800 1481 ὑπέρ
2868 1403 2955 1478 ἐμέ
3001 1409 3206 1479 κρὶνων,
3253 1406 3425 1477 Πάτερ
3484 1406 3728 1459 θισπὶσιι.
3776 1404 3867 1457 Ἐπί

2309 1497 2395 1547 τόν
2433 1494 2542 1566 μετ’
2585 1498 2771 1548 ἐκεῖνον
2825 1497 2999 1571 τρεπει
3055 1498 3142 1546 τόν
3185 1491 3359 1565 λόγον·
3411 1492 3643 1555 κάκεῖνος
3683 1500 3747 1563 τῷ
3788 1500 3866 1570 πρὸ

2309 1582 2468 1637 αὐτοῦ
2529 1580 2746 1656 σννᾲδει
2788 1588 2881 1642 τήν
2927 1581 3299 1658 ἀπαγόρευσιν.
3381 1582 3496 1638 Ἐπί
3566 1587 3647 1635 τόν
3712 1584 3863 1655 ἔτιρον,

2307 1678 2399 1732 xui
2428 1669 2544 1726 οὐδ’
2573 1669 2719 1734 οὗτος
2760 1674 3075 1728 συντὶοεται·
3140 1671 3226 1725 ἐπί
3275 1675 3365 1726 τόν
3425 1672 3535 1745 μετ’
3592 1671 3752 1741 αὐτόν,
3798 1677 3867 1726 καί

545 1782 742 1849 abbas
759 1758 1123 1857 appellabat,
1152 1799 1324 1857 teque
1341 1798 1444 1840 eos
1471 1758 1780 1845 inveniens
1808 1758 2192 1856 impersuasi-

2308 1761 2405 1833 ὅλῳ
2433 1759 2663 1823 κάκεῖνος
2682 1764 2953 1837 ὑποχωρεῖ
2999 1770 3069 1833 τῷ
3110 1758 3259 1814 ποδὶ·
3344 1761 3426 1815 ἐπ’
3475 1760 3622 1814 ἄλλον
3666 1769 3743 1814 οὖν
3782 1762 3867 1834 μετ’

544 1872 695 1931 biles
729 1889 802 1932 ex
833 1872 1153 1930 formidine
1182 1876 1534 1946 prmnotata.
1564 1873 1637 1930 Ut
1666 1873 1826 1930 enim
1879 1872 2063 1930 verbo
2095 1872 2197 1930 ab-

544 1960 798 2031 solvam,
829 1977 1041 2019 omnes
1073 1961 1153 2019 illi
1182 1961 1553 2019 venerabiles
1597 1978 1789 2029 senes,
1832 1962 1966 2021 licet
1995 1979 2031 2020 a
2062 1962 2193 2045 plu-

542 2050 711 2108 rimis
738 2051 913 2109 anuis
941 2050 1341 2109 monasticam
1400 2050 1580 2110 vitam
1628 2052 1906 2126 professi.
1944 2052 2195 2126 ejusque

542 2139 740 2198 cilicia
763 2140 967 2199 omnia
986 2143 1298 2215 perspecta
1326 2139 1639 2206 habentes,
1682 2141 1741 2200 in
1792 2141 1907 2200 hoc
1957 2141 2197 2215 conspi-

539 2230 759 2288 rabant
787 2234 853 2289 ut
880 2229 1294 2302 magisterium
1342 2229 1456 2287 sibi
1504 2231 1878 2305 propositum
1935 2231 2195 2290 declina-

540 2323 694 2378 rent.

612 2496 703 2553 36.
737 2500 874 2555 Post
916 2512 1129 2554 omnes
1168 2496 1426 2572 denique
1476 2499 1566 2556 vir
1628 2499 1724 2558 ille
1766 2500 2024 2571 divinus,
2074 2507 2199 2562 tan-

542 2601 734 2659 quam
780 2585 924 2642 istos
963 2584 1324 2660 despiciens,
1401 2589 1709 2647 accersivit
1765 2589 1974 2662 alium,
2024 2597 2197 2650 astate

543 2675 998 2749 provectiorem,
1026 2674 1300 2734 fortassis
1320 2680 1378 2735 et
1398 2677 1627 2749 virtute,
1661 2678 2034 2754 simplicitate
2055 2698 2197 2740 vero

544 2778 788 2822 morum
816 2764 1247 2825 Abrahamium
1261 2782 1489 2838 senem,
1506 2766 1766 2825 multum
1782 2769 1962 2827 etiam
1992 2771 2199 2829 Jacobi

546 2855 961 2930 prmierentem
989 2854 1325 2913 sinceritate
1344 2873 1473 2924 sua,
1509 2873 1767 2931 vereque
1797 2860 2027 2934 antiqui
2073 2878 2197 2920 mo-

544 2946 629 3009 ris
656 2944 985 3003 hominem.
1008 2944 1153 3003 Huic
1170 2944 1599 3006 institutionem
1628 2950 1870 3008 Joannis
1891 2966 2199 3010 commen-

548 3035 673 3103 dat,
704 3034 843 3092 huic
873 3034 1362 3110 prmcipitipsum
1389 3036 1686 3096 deducere
1712 3055 1820 3112 per
1872 3041 2033 3099 viam
2092 3045 2200 3099 Na-

549 3140 779 3188 zarenaa
826 3124 1159 3182 secundum
1230 3128 1416 3184 Deum
1484 3129 1982 3190 conversationis.
2050 3132 2196 3189 Cum
2233 3133 2273 3190 C

551 3230 694 3286 ergo
720 3214 814 3272 ille
865 3216 1155 3273 Joannem
1205 3230 1501 3289 perquam
1543 3217 1795 3276 libenter
1847 3220 2194 3293 accepisset,

553 3321 738 3364 manu
757 3305 1119 3378 prehensum
1136 3304 1198 3362 in
1224 3321 1398 3363 suam
1409 3307 1715 3365 deducens
1733 3309 2027 3377 cellulam,
2070 3311 2197 3384 ipse

553 3395 800 3469 quidem
821 3393 1228 3453 revertebatur
1243 3394 1514 3465 gaudens
1536 3395 1690 3454 velut
1715 3399 1943 3467 grande
1962 3398 2197 3458 lucrum

552 3484 827 3557 adeptus,
858 3483 1123 3540 Joannes
1166 3484 1604 3541 veroineffabili
1626 3486 1882 3559 repletus
1926 3494 2051 3545 erat
2104 3490 2199 3545 ιω.

553 3574 681 3630 titia
709 3589 780 3630 ac
800 3574 847 3628 si
877 3574 1079 3646 ipsum
1096 3572 1450 3645 paradisum
1476 3573 1902 3644 ingrederetur.
1953 3579 2099 3634 Nam
2144 3583 2199 3634 et

552 3662 690 3721 huic
720 3661 896 3719 beato
926 3661 1185 3719 dabatur
1220 3667 1587 3735 praeceptum
1622 3680 1634 3719 :
1680 3664 1785 3720 sed
1831 3673 2198 3742 praeceptum

551 3751 1034 3824 haudquaquam
1064 3766 1134 3809 ex
1159 3750 1504 3817 lev10ribus,
1530 3752 1708 3825 quale
1728 3752 2077 3827 imperfecto
2097 3755 2199 3813 ali-

552 3841 646 3899 cui
675 3844 1128 3915 proponeretur.
1159 3840 1463 3914 Siquidem
1501 3841 1833 3900 mandabat
1877 3860 2059 3904 senex
2102 3862 2201 3904 vo-

548 3930 760 3991 luntati
808 3944 1064 4005 propriae
1109 3930 1361 3988 omnino
1424 3931 1570 3989 nihil
1616 3931 1947 4005 indulgere,
2005 3951 2201 4010 neque

548 4022 742 4080 facere
763 4021 1076 4096 quidpiam
1114 4037 1235 4094 quo
1273 4037 1380 4094 per
1409 4037 1472 4077 se
1496 4020 1897 4081 inclinabatur
1926 4042 1939 4093 ;
1969 4026 2077 4083 sed
2128 4042 2200 4086 ea

549 4112 748 4170 solum
777 4129 914 4185 quas
944 4113 1381 4185 imperarentur
1417 4116 1636 4169 conatu
1683 4114 1849 4170 omni
1895 4114 1973 4170 ad
2013 4116 2199 4174 ﬁnem

546 4202 1260 4275 perducereperfecteque
1276 4202 1561 4274 implere:
1597 4203 1782 4259 Deum
1813 4204 2057 4261 assidue
2094 4206 2198 4263 ha-

544 4291 687 4348 bere
704 4306 827 4362 prae
850 4291 1059 4359 oculis,
1110 4296 1166 4347 et
1206 4307 1347 4347 cum
1396 4307 1468 4347 eo
1514 4292 1735 4348 versari
1794 4294 2078 4350 continuo
2124 4311 2195 4352 ac

544 4394 656 4454 pro
679 4378 911 4436 delictis
936 4379 1265 4451 deprecari,
1301 4379 1512 4436 crebro
1558 4396 1754 4448 genua
1791 4380 2085 4438 ﬂectendo
2137 4392 2193 4442 et

543 4469 840 4526 ferventes
865 4466 1167 4539 lacrymas
1182 4467 1570 4525 eﬂ‘undendo.
1604 4468 1755 4526 Nihil
1776 4470 1957 4539 enim,
1980 4469 2081 4535 ﬁli,
2106 4474 2191 4530 in-

540 4557 809 4633 quiebat,
841 4556 925 4613 sic
945 4561 1259 4629 acceptum
1278 4555 1459 4613 habet
1498 4562 1601 4614 aut
1656 4557 1840 4631 pluris
1893 4557 2033 4618 facit
2072 4564 2189 4620 Do-

536 4646 741 4707 minus
759 4662 947 4722 quam
976 4646 1249 4719 spiritum
1277 4645 1657 4704 humiliatum
1705 4652 1763 4704 et
1822 4665 1925 4705 cor
1976 4652 2188 4708 contri-

535 4743 687 4797 tum.
716 4743 907 4812 Atque
927 4737 1056 4794 hinc
1081 4736 1329 4810 quidem
1350 4735 1485 4808 ipso
1510 4737 1569 4793 in
1591 4735 1795 4795 limine
1831 4739 2184 4813 praecipiens

533 4844 605 4887 ac
633 4828 813 4886 veluti
846 4827 1309 4885 fundamentum
1347 4826 1597 4898 jaciens,
1630 4828 1982 4885 ostendebat
2003 4832 2181 4902 quasi

528 4919 865 4990 primordia
883 4917 1166 4992 quaedam
1194 4938 1205 4978 :
1230 4934 1367 4991 quae
1388 4924 1589 4974 autem
1602 4919 1680 4976 ad
1700 4919 1969 4976 animam
1992 4924 2180 4977 trans-

531 5006 910 5064 formandam
940 5007 999 5063 in
1032 5006 1244 5064 melius
1301 5012 1481 5079 atque
1535 5006 1849 5081 perfectius
1892 5014 2175 5081 coaptan-

526 5094 670 5151 dam
694 5095 937 5164 faciunt,
972 5112 1080 5152 nec
1110 5096 1321 5153 nonad
1354 5097 1754 5169 potentiarum
1774 5098 1902 5171 ejus
1930 5114 2176 5172 perpur-

525 5182 1354 5263 gationemevectionemquc,
1376 5202 1513 5259 quae
1536 5184 1781 5242 demum
1806 5187 1994 5243 oratio
2039 5202 2173 5260 pos-

523 5272 596 5328 sit
623 5271 803 5341 digne
823 5275 1118 5345 exsequi?
1150 5275 1351 5349 Incipit
1380 5281 1579 5331 autem
1608 5292 1644 5334 a
1666 5277 1976 5347 cognitlvis
1996 5276 2172 5337 facul-

518 5359 761 5430 tatibus,
796 5366 860 5418 ut
889 5363 1248 5437 appetitivas
1280 5367 1458 5421 etiam
1498 5365 1910 5439 animalcsquc
1957 5373 2168 5441 poten-

586 5486 697 5620 Sto)
750 5486 892 5557 Qum
949 5502 1091 5561 pars
1153 5488 1321 5548 tertia
1369 5488 1700 5551 hominis?
1749 5493 1999 5569 Corpus,
2054 5491 2168 5553 nisi

586 5574 701 5620 .or.
743 5559 824 5620 ad
842 5558 1008 5620 quod
1038 5563 1594 5620 snectautauinaue
1651 5579 1864 5620 sensus
1918 5564 2163 5620 externi.

508 5558 701 5628 fallor,
743 5559 824 5620 ad
842 5558 1008 5636 quod
1023 5563 1594 5692 lspectantquiuque
1651 5558 1879 5623 sensus'
1918 5558 2163 5650 externi,

508 5630 761 5708 subjecti
791 5632 1038 5708 appetit
1093 5648 1183 5708 ac
1214 5633 1524 5708 voluntati,
1548 5652 1736 5708 quam
1773 5636 2043 5708 concipio
2069 5652 2160 5708 ve,

502 5649 761 5764 fabjecu
791 5649 1081 5765 apgeuiui
1114 5649 1183 5693 ac
1214 5649 1524 5709 vctuntati,
1548 5652 1736 5713 quam
1773 5649 2043 5713 concipio
2069 5652 2160 5713 ve,

527 5707 593 5767 ut
610 5704 863 5768 alterum
919 5704 1139 5768 ominis
1151 5710 1403 5784 partem,
1427 5707 1677 5769 sitamin
1698 5707 1905 5771 anima
1923 5708 2167 5788 partim-

2307 1849 2458 1904 ἄλλον
2515 1850 2807 1928 ἱστρὶφετο,
2878 1854 2969 1905 καί
3046 1852 3233 1924 ὁμοὶως
3295 1855 3394 1910 τήν
3458 1849 3511 1903 ἔκ
3562 1858 3653 1916 τῆς
3705 1846 3867 1912 Julia;

2308 1937 2568 1993 άπεὶθιιαν
2630 1942 3023 2013 περιιτὺγχανε·
3076 1938 3339 1993 συνελόντι
3394 1940 3495 2014 γάρ
3551 1942 3715 2014 φάναι,
3768 1939 3866 2011 ὁμου

2304 2033 2732 2102 γνωμονὴσαντες
2762 2031 2892 2102 ὁμοῦ
2942 2030 3129 2092 πάντες
3194 2032 3242 2082 οἰ
3284 2029 3536 2103 γηραλὶοι
3587 2028 3755 2081 ἐκεῖνοι
3798 2046 3867 2078 και

2309 2118 2588 2192 σεϐάσμιοι
2613 2120 2894 2195 ἄνθρωποι,
2913 2123 3003 2171 καί
3062 2138 3147 2171 τον
3213 2114 3426 2191 μονάδα
3486 2117 3600 2191 βὶον
3651 2118 3866 2189 (inpuri-

2304 2205 2466 2270 νοίὲξ
2491 2208 2621 2282 ἄγαν
2683 2214 2896 2284 μακρῶν
2952 2215 3051 2259 τῶν
3100 2206 3367 2273 ἐνιαυτῶν,
3413 2211 3508 2266 τὴν
3562 2226 3614 2261 τε
3669 2205 3865 2260 tolutim

2306 2296 2667 2372 ὑπιρηρμενοι,
2720 2301 2809 2349 καί
2862 2294 3093 2369 ἀκριϐεῖς
3148 2304 3240 2358 τῆς
3321 2304 3622 2372 μοναχιχῆς
3691 2293 3865 2353 ἐπιστὴο

2305 2405 2472 2459 μονες,
2504 2389 2597 2445 τήν
2632 2394 2728 2448 τῆς
2771 2404 3096 2460 προστασιας
3149 2390 3479 2462 παραὶτησιν
3532 2388 3862 2458 ὡμοφὼνοσαν.

2375 2473 2458 2540 λς’
2524 2473 2935 2528 Μιταστελλεται
3014 2474 3126 2547 μετ’
3196 2474 3390 2537 αὐτοῦς
3446 2476 3473 2527 ὁ
3537 2476 3667 2537 θεῖος
3717 2472 3865 2532 inciso;

2308 2562 2459 2638 ἀνὴρ,
2492 2564 2689 2625 πάντας
2746 2564 2919 2637 ὥσπερ
2976 2561 3198 2626 ἔκεὶνονς
3256 2560 3530 2640 περιιδὼν,
3598 2564 3750 2638 ἕτερον
3796 2566 3864 2622 τῇ

2306 2652 2511 2713 ἠλικίαν
2541 2656 2859 2725 προήκοντα,
2898 2653 3046 2725 τάχα
3084 2648 3146 2706 δέ
3202 2656 3292 2706 καί
3356 2657 3450 2711 τήν
3518 2651 3691 2727 άρετήν
3736 2651 3864 2723 ὑπερ·

2307 2740 2568 2807 ϐαἱνοντα,
2628 2750 2687 2801 τῆ
2753 2737 2813 2795 δέ
2859 2748 2951 2794 τοῦ
3009 2743 3168 2803 ἤθους
3211 2741 3472 2800 ἁπλότητι
3573 2739 3865 2815 Ἀϐραμιαῖον

2307 2832 2548 2905 ἄντικρυς
2594 2833 2830 2906 γὶροντα,
2891 2829 3019 2883 πολύ
3067 2833 3198 2883 κατά
3252 2835 3341 2884 τόν
3404 2829 3588 2884 Ἰακώϐ
3641 2829 3867 2903 αὐχοῦντα

2307 2922 2366 2973 τὸ
2418 2918 2701 2984 ἄπλαστον,
2782 2922 2871 2971 καί
2964 2917 3189 2994 ἀρχαῖον
3246 2921 3318 2984 ὡς
3369 2918 3572 2983 ἀληθῶς
3621 2919 3864 2994 ἄνθρωπον.

2306 3011 2485 3080 Τοὺτῳ
2533 3012 2626 3067 τήν
2675 3010 2953 3081 ἠγεμονιαν
3008 3008 3269 3083 ὶπιτρὶπει
3321 3012 3493 3081 τοὺτῳ
3549 3013 3639 3067 τήν
3680 3003 3865 3078 οδηγιαν

2308 3105 2403 3158 τῆς
2449 3100 2796 3173 Ναζωραίκῆς
2842 3101 2933 3150 καί
2983 3100 3117 3153 κατά
3169 3102 3296 3153 Θεὸν
3352 3098 3611 3160 πολιτιὶας
3658 3096 3862 3149 ἁνατιθεῐ.

2310 3191 2411 3240 Καὶ
2441 3185 2491 3247 ὃς
2516 3186 2744 3258 εὐθὺμως
2787 3186 2920 3258 ἄγαν
2953 3195 3044 3249 τῆς
3099 3191 3279 3261 χειρὸς
3332 3191 3422 3241 τόν
3467 3188 3695 3244 Ἰωάννην
3745 3181 3865 3236 λαϐὸ-

2307 3280 2473 3349 μενός,
2513 3274 2693 3329 ἄπεισι
2734 3277 2864 3349 πῖρά
2919 3278 3004 3328 τόν
3061 3274 3296 3329 οἰκὶσκον
3347 3281 3435 3330 τόν
3504 3274 3653 3329 ἴδιον·
3699 3276 3723 3328 ὁ
3793 3275 3863 3345 μέν

2307 3366 2445 3417 καθά
2500 3383 2633 3425 τινος
2716 3363 2930 3439 ἕρμαιον
2984 3383 3186 3436 τυχων,
3236 3364 3629 3438 ἐπαναστρὲψας
3676 3379 3862 3436 περιχα-

2307 3458 2425 3527 ρής,
2466 3454 2491 3505 ὀ
2524 3448 2574 3505 δ’
2609 3453 2781 3524 ὥσπερ
2813 3452 2991 3505 ἑαυτὸν
3022 3458 3107 3506 τὸν
3153 3450 3478 3529 παράδεισον
3537 3454 3718 3520 εἰσιών,
3766 3446 3864 3507 5:50-

2308 3551 2394 3604 νῆς
2439 3541 2665 3618 apparas
2717 3541 2988 3606 πλησθεὶς.
3046 3548 3145 3596 Καί
3186 3540 3251 3602 δή
3283 3552 3359 3614 τῷ
3402 3549 3640 3617 μακαρὶῳ
3688 3537 3862 3594 diciora:

2310 3631 2507 3693 ἐντολή,
2539 3637 2627 3684 καί
2652 3633 2681 3689 ἡ
2717 3629 2890 3690 ἔντολό
2920 3632 3025 3705 οὐχ
3051 3636 3120 3694 ὡς
3171 3637 3299 3706 πρὸς
3350 3632 3501 3694 ἀτελῆ
3557 3642 3647 3686 τῶν
3692 3629 3862 3701 ὶλαφρο-

2308 3722 2461 3796 τερων
2503 3740 2582 3785 τις
2633 3721 2714 3779 ἦν.
2765 3720 3128 3793 Ἐπισκήπτει,
3177 3724 3277 3798 γάρ
3330 3725 3357 3775 ὁ
3409 3727 3571 3797 γερων
3624 3728 3691 3791 τῷ
3769 3713 3862 3785 ἱδὶῳ

2309 3805 2555 3883 μηδολως
2586 3812 2815 3883 στὶργιιν
2883 3809 3201 3883 βουλήματι,
3256 3809 3390 3884 μηδ’
3452 3810 3658 3865 ἐκτελεῖν
3707 3828 3752 3860 τι
3798 3822 3863 3855 το-

2308 3902 2551 3972 παράπαν
2598 3898 2938 3952 αὑθὶκαστον·
3009 3898 3116 3952 ἀλλ’
3189 3903 3349 3975 ὅσπερ
3442 3904 3503 3954 ἄν
3580 3898 3857 3973 προσταιείη

2308 3991 2482 4061 μονον,
2514 3992 2603 4040 καί
2632 3994 2785 4040 τοῦτο
2818 3987 2976 4060 ἰσχύς
3006 3990 3105 4047 ὅση
3139 3992 3320 4064 περατι
3352 3987 3565 4043 διδόναι
3608 3992 3691 4041 καί
3732 3982 3860 4041 καλῶς

2308 4075 2613 4150 ἕκπληροϋν,
2675 4074 2753 4129 ἀεὶ
2817 4096 2872 4130 τι
2916 4083 3003 4131 τόν
3053 4084 3181 4131 Θεὸν
3238 4082 3379 4151 ἔχειν
3441 4085 3541 4153 πρὸ
3606 4073 3857 4151 ὀφθαλμῶν,

2305 4171 2395 4218 καί
2427 4173 2540 4236 Θιῷ
2573 4161 2824 4227 διηνεκῶς
2847 4164 3199 4237 ἐντυγχάνειν,
3232 4172 3321 4219 καί
3368 4170 3494 4241 ὑπέρ
3549 4174 3643 4220 τῶν
3690 4160 3858 4236 ἀμπλασ

2304 4257 2550 4320 πημάτων
2599 4252 2905 4328 ἕκλιπαρείν,
2970 4258 3145 4327 συχνά
3241 4264 3616 4329 γονυπετοῦντα
3664 4256 3742 4305 καί
3787 4245 3860 4300 δά-

2303 4363 2437 4415 κρυα
2462 4345 2624 4417 θερμά
2675 4345 3021 4416 καταχὲοντα.
3073 4340 3242 4398 Οὐδέν
3293 4348 3418 4421 γάρ,
3452 4348 3653 4418 ἔφασκε,
3696 4344 3854 4400 τὲκνον,

2303 4432 2436 4485 οὕτω
2491 4438 2789 4507 προσὶιται,
2873 4439 2963 4485 καί
3042 4440 3159 4507 περί
3237 4435 3466 4498 πλεὶονος
3544 4435 3744 4494 τὶθεται,
3800 4428 3853 4482 ὡς

2299 4530 2501 4594 πνεῦμα
2539 4525 2969 4593 τεταπεινωμένον
3032 4528 3121 4573 καί
3188 4520 3412 4596 καρδὶαν
3466 4520 3851 4594 συντετριμμενην

2299 4610 2324 4661 ὁ
2355 4614 2560 4682 Κύριος.
2591 4615 2873 4663 Καίταῡτα
2898 4615 2987 4683 μέν
3020 4610 3071 4675 ἐξ
3118 4611 3282 4672 αὐτῆς
3338 4614 3587 4675 arma“,
3643 4612 3722 4660 καί
3768 4604 3850 4654 οἷὸν

2873 4439 2963 4485 καί
3042 4440 3159 4508 περί
3237 4435 3466 4498 πλεὶονος

2296 4717 2347 4751 τι
2378 4698 2574 4774 βάθρον
2619 4698 2886 4768 ὑπὲϐαλεν,
2942 4704 2971 4759 ἦ
3023 4705 3112 4752 καί
3161 4721 3273 4753 τινα
3338 4701 3603 4778 προτὲλεια
3651 4688 3850 4766 παρεδεί-

2295 4786 2518 4839 κνυεν-ά
2574 4784 2634 4840 δέ
2681 4795 2978 4860 μεταποιεῖν
3032 4793 3332 4862 κρειττὸνως
3379 4786 3492 4842 οἵδε
3543 4787 3732 4860 ψυχήν,
3778 4780 3848 4831 καί

2293 4880 2418 4947 πρὸς
2468 4876 2767 4949 τιλεωτὶραν
2858 4876 3206 4949 συμϐάλλεται
3293 4878 3706 4952 μεταρῥὺθμτσιν,
3768 4875 3844 4919 τῶν

2292 4963 2451 5025 αὐτῆς
2502 4984 2555 5017 τε
2622 4961 2889 5037 δυνάμεων
2942 4967 3198 5041 κάθαρσιν
3246 4972 3335 5019 καί
3378 4966 3641 5032 ἀνάϐασιν,
3688 4965 3756 5018 τὶς
3796 4974 3843 5004 αν

2286 5061 2633 5125 παραστῆσαι
2662 5052 2814 5125 λόγος
2837 5052 3058 5117 ἑξίκοιτο
3086 5071 3099 5122 ;
3132 5056 3258 5107 Ἀπὸ
3316 5060 3404 5127 μέν
3460 5057 3560 5126 γάρ
3610 5058 3698 5103 τῶν
3740 5064 3840 5116 γνω-

2287 5150 2473 5196 anwa
2504 5143 2751 5214 ἄρχεται,
2783 5145 2852 5203 ὡς
2882 5143 2943 5195 οἶν
2984 5140 3050 5201 δή
3102 5149 3193 5196 καί
3234 5147 3325 5204 τας
3370 5144 3625 5219 ὁρατικάς
3676 5155 3723 5189 τε
3769 5132 3838 5183 καί

2284 5229 2528 5298 ζωτικάς,
2578 5236 2668 5285 καί
2714 5234 2808 5284 σύν
2861 5231 3078 5294 ταύταις
3133 5235 3227 5294 τάς
3292 5234 3377 5286 ὑπ’
3431 5232 3584 5291 αὐτάς
3642 5228 3726 5285 τάς
3762 5226 3838 5277 τῆς

2283 5322 2467 5393 τρὶτης
2522 5319 2654 5394 λιγω
2714 5326 2900 5395 μοὶρας
2949 5326 3041 5378 καί
3116 5326 3354 5397 χειρονος
3425 5322 3557 5391 (l6).
3626 5312 3832 5389 μεταθιὶη

2277 5458 2586 5537 partimin
2617 5476 2867 5539 corpore
2899 5478 2913 5522 :
2944 5462 3037 5524 cui
3064 5460 3321 5542 denique
3382 5460 3655 5543 superstet
3709 5447 3829 5543 ratio

2275 5548 2396 5611 sive
2408 5549 2758 5634 intellectus.
2773 5555 2935 5615 totus
2949 5539 3294 5631 splrituttlls,
3309 5539 3493 5634 eoque
3506 5564 3636 5634 pars
3666 5539 3827 5627 primi

2275 5642 2333 5703 et
2359 5632 2719 5721 dignis-ima
2737 5639 3023 5708 hominis.
