4084 6206
225 285 338 345 857

1449 289 1521 348 IN
1550 290 1611 352 S.
1644 288 1847 351 JOAN.
1887 293 2389 354 DAMASCENUM.

3491 300 3596 357 858

225 414 357 488 πρὸς
417 412 479 466 τὸ
542 415 798 488 κρείττον,
837 415 928 467 καὶ
991 412 1275 489 μεταϐάλοι
1344 416 1476 492 πρὸς
1530 418 1589 470 τὸ
1650 417 1834 475 θειότε-

1944 421 2074 490 tias,
2106 435 2365 494 quaeque
2399 416 2495 476 his
2546 416 2824 492 subjectae
2877 419 3017 478 sunt
3069 421 3460 494 spectantque
3517 421 3598 484 ad

223 523 317 578 ρον
324 544 338 559 .

297 679 398 742 λζ.
432 679 586 735 Ἀλλὰ
608 685 682 756 μή
718 683 965 757 Θαυμάσῃ
994 700 1076 747 τις
1133 684 1274 748 ὅπως
1326 685 1431 760 ἄρα
1488 689 1580 740 καὶ
1611 684 1834 742 έπαιδα-

221 773 393 844 γὼγει
418 773 506 824 τὸν
527 769 733 842 τέλειον,
767 777 856 826 καὶ
885 775 972 826 τὸν
1005 773 1164 848 ἄκρον
1227 774 1560 850 κατήρτιζεν’
1629 777 1672 830 εἰ
1731 779 1834 853 γὰρ

219 863 311 914 καὶ
355 864 522 933 μέγας
549 859 762 914 αὐτόθεν
799 862 827 914 ὁ
879 863 1121 924 Ἰωάννης
1175 861 1458 938 έτῦσγχανιν
1521 871 1610 934 ὧν,
1673 870 1837 940 ⁸σοφίιξι

218 953 640 1022 πεπυκνωμένος,
695 954 784 1004 καὶ
841 949 998 1026 ἀρετῇ
1072 971 1480 1028 κεκοσμημενος,
1540 961 1630 1008 καὶ
1703 955 1838 1028 ὑψη-

217 1037 306 1100 λὸς
335 1036 531 1112 ἀμφοῖν
558 1044 649 1092 καὶ
680 1041 970 1102 θεσπέσιος⁸
1001 1039 1111 1094 ἀλλ’
1147 1045 1263 1096 ἔστι
1309 1063 1392 1106 τις
1450 1048 1539 1097 καὶ
1598 1041 1835 1107 ίπίδοσις

215 1135 315 1184 τοῦ
346 1126 530 1195 καλοῦ,
570 1133 660 1181 καὶ
714 1135 806 1182 τοῦ
859 1129 1052 1184 τελείου
1112 1135 1306 1204 πέφυκε
1369 1131 1684 1210 τελεώτερον,
1744 1139 1834 1188 καὶ

215 1223 316 1270 τοῦ
359 1213 630 1290 διασήμου
659 1222 1104 1295 περιφανέστερον.
1159 1221 1271 1273 Οὐκ
1337 1219 1552 1284 ἀπεικὸς
1615 1219 1677 1276 δι
1742 1227 1833 1276 καὶ

217 1309 314 1358 τὸν
340 1305 589 1358 ἀπλοῑκόν
615 1311 854 1382 γέροντα,
885 1316 986 1362 τῶν
1014 1313 1116 1382 πρὸ
1150 1316 1244 1363 τοῦ
1311 1314 1381 1382 μὴ
1453 1313 1688 1380 συνὶντα,
1765 1315 1834 1375 ὡς

213 1399 298 1469 μὴ
329 1393 754 1470 ἀκριϐωσάμενόν
783 1417 896 1459 πως
931 1402 960 1458 ἦ
1003 1403 1093 1452 καὶ
1153 1399 1409 1462 παντελῶς
1470 1399 1829 1472 ἀλογήσανπα,

216 1486 294 1546 ὡς
322 1493 428 1537 τῶν
465 1504 582 1540 τινα
615 1483 977 1562 παιδοτριϐεῖν
1017 1487 1226 1561 ἀτελῶν,
1285 1495 1374 1543 καὶ
1447 1492 1584 1543 κατά
1646 1493 1832 1564 μικρὸν

219 1575 347 1627 οἷσίν
422 1572 618 1648 ἆνάγειν
680 1579 808 1650 πρὸς
871 1576 1186 1636 τελειότητα.
1252 1579 1471 1641 Κολάζει
1509 1583 1679 1632 τοίνυν
1743 1585 1832 1640 τήν

216 1661 501 1732 αἴσθησιν,
526 1663 652 1738 μηθ’
691 1665 816 1740 ὀρᾷν
853 1671 1157 1742 περιέργως,
1198 1667 1322 1740 μήτ’
1385 1666 1588 1722 ἀκούειν
1654 1664 1835 1726 ἐνηδό-

1940 510 2175 572 tertiam
2194 509 2668 584 deterioremque
2690 509 2952 566 hominis
2981 514 3235 586 partem,
3266 511 3423 585 parti
3452 511 3599 571 sub-

1937 600 2103 672 jiciat
2132 599 2361 658 meliori
2384 602 2564 676 atque
2603 598 2683 656 ad
2719 598 3015 657 diviniora
3047 599 3382 659 transferat.

2012 693 2103 746 37.
2125 693 2316 764 Atque
2375 689 2474 746 hic
2537 687 2788 745 fortasse
2817 688 3137 748 mirabitur
3165 689 3402 765 aliquis,
3443 704 3598 766 quo-

1942 777 2127 836 modo
2151 778 2480 852 perfectum
2504 778 2632 851 jam
2659 777 2858 834 virum
2887 778 3102 836 docere
3146 781 3600 854 praesumpserit

1945 883 2150 939 senex,
2188 872 2247 926 et
2277 869 2407 940 jam
2447 883 2756 925 summum
2785 867 3068 941 perﬁcere
3107 869 3306 926 adhuc
3362 870 3597 941 magis;

1942 959 2160 1017 etenim
2188 974 2297 1033 per
2323 959 2592 1032 seipsum
2621 973 2885 1030 magnus
2935 961 3062 1015 erat
3105 961 3363 1017 Joannes
3392 962 3600 1034 utpote

1941 1049 2154 1123 plenus
2212 1049 2521 1122 sapientia,
2596 1053 2844 1106 ornatus
2916 1049 3130 1106 virtute
3191 1053 3248 1107 et
3320 1049 3598 1123 utrinque

1938 1139 2295 1196 venerabilis
2324 1154 2510 1213 quam
2529 1138 2632 1214 qui
2657 1139 2938 1196 maxime.
2966 1141 3389 1196 Verumtamen
3419 1139 3599 1210 adjici

1942 1243 2181 1300 semper
2201 1227 2428 1301 aliquid
2456 1231 2654 1301 potest
2682 1227 2760 1284 ad
2791 1227 3042 1290 bonum,
3075 1231 3132 1285 et
3179 1227 3438 1300 perfecto
3467 1242 3598 1301 per-

1939 1315 2172 1386 fectius,
2204 1315 2495 1388 prmclaro
2524 1315 2872 1390 praeclarius
2912 1315 3231 1372 invenitur.
3263 1319 3390 1374 Non
3419 1316 3599 1388 igitur

1939 1405 2343 1475 incongruum
2371 1404 2481 1462 fuit
2509 1404 2676 1479 quod
2707 1404 2961 1479 simplex
2987 1403 3085 1460 hic
3115 1419 3318 1477 senex,
3349 1405 3598 1474 ignarus

1939 1491 2374 1566 praeteritorum
2399 1491 2489 1569 (ut
2523 1491 2628 1566 qui
2665 1506 2737 1548 ea
2794 1506 2907 1548 nec
2959 1494 3254 1548 scrutatus
3307 1495 3434 1548 erat
3484 1491 3601 1548 for-

1941 1586 2098 1639 tasse
2136 1595 2248 1637 nec
2275 1581 2423 1641 scire
2453 1580 2788 1650 curaverat)
2817 1579 3134 1638 instituerit
3157 1595 3320 1650 eum,
3341 1580 3501 1638 velut
3526 1595 3600 1641 ex

1937 1669 2476 1744 imperfectiorlbus
2499 1669 2783 1742 aliquem,
2807 1668 3100 1744 paulatim
3121 1669 3201 1727 ad
3219 1669 3451 1726 virtutis
3472 1683 3601 1742 per-

213 1773 342 1824 νως,
374 1753 456 1807 ὅτι
483 1758 554 1826 μὴ
578 1759 696 1828 περὶ
725 1762 860 1808 Θεοῦ
896 1761 986 1810 καὶ
1020 1764 1120 1809 τῶν
1188 1758 1333 1810 θείων
1398 1755 1677 1829 έγκελευσά
1735 1777 1830 1830 με-

1944 1757 2256 1816 l'ectionem
2286 1757 2652 1815 inducendo.
2680 1758 2941 1830 Castigat
2965 1759 3168 1832 itaque
3198 1774 3412 1816 sensus
3442 1759 3596 1830 ejus,

213 1861 329 1908 νος,
357 1838 499 1916 μηδέ
525 1841 860 1916 λιχνεύεσθαί
888 1865 998 1907 πως
1024 1848 1142 1921 περὶ
1165 1850 1254 1906 τήν
1313 1852 1496 1918 γεῦσιν
1556 1848 1690 1899 ὥστε
1759 1843 1827 1906 δὴ

210 1928 636 1991 καθηδύνεσθαι·
677 1931 782 1986 ἀλλ’
832 1935 954 1988 ὅσον
1008 1953 1070 2006 γε
1121 1936 1321 2008 ἀποζῇν
1379 1936 1682 2009 τρὶφεσθαι,
1735 1939 1830 2008 μί-

212 2025 478 2095 μνημένον
505 2030 612 2082 τῆσ
647 2021 1011 2096 παραϐάσεως,
1067 2028 1156 2077 καὶ
1208 2033 1300 2086 τῆς
1360 2024 1549 2077 ἕκείθεν
1601 2019 1694 2076 diu
1737 2027 1832 2082 τήν

211 2111 458 2184 λιχνείαν
530 2119 632 2174 τῶς
693 2113 982 2168 καλλίστων
1058 2111 1382 2182 ἐκπτώσεως,
1451 2122 1542 2175 τῆς
1595 2111 1832 2187 ἀκράτου

217 2197 490 2259 δήπουθεν
553 2203 746 2266 ἱκείνης
819 2211 1039 2278 τρυφῆς,
1117 2207 1206 2256 καὶ
1271 2211 1364 2265 τῆς
1438 2201 1704 2276 ἀφράστου
1778 2222 1836 2276 γε

217 2286 446 2352 ἡδονῆς·
481 2293 606 2366 πρὸς
637 2288 697 2345 δε
726 2293 879 2345 τὰσιν
932 2297 1115 2368 χειρὸς
1167 2292 1460 2347 συστέλλειν
1517 2291 1832 2366 παράλογον,

219 2383 318 2431 καὶ
386 2378 516 2451 ἁφῆς
575 2385 818 2454 κατέχειν
882 2385 942 2434 τὸ
1009 2384 1201 2448 ἄνετον,
1262 2382 1333 2445 εἰς
1398 2388 1516 2434 νοῦν
1584 2377 1836 2444 διηνεκῶς

216 2468 424 2540 ἄγοντα
446 2472 502 2522 τὸ
533 2467 588 2521 ἐκ
617 2477 709 2522 τοῦ
776 2469 1048 2546 τολμηρῶς
1111 2470 1354 2542 ἅψασθαι
1411 2490 1510 2524 των
1575 2473 1840 2543 προπατό-

214 2576 326 2632 ρων
357 2555 641 2630 ὀλίσθημα·
685 2557 872 2612 ἀνθέων
903 2579 958 2613 τε
1007 2565 1098 2613 καὶ
1157 2562 1332 2636 μῦρων
1385 2556 1551 2632 ὄδμάς
1607 2557 1838 2632 ἀποπέμ-

217 2647 418 2699 πεσθαι
441 2652 657 2719 μονονοὺ
721 2645 1008 2712 διαπαντὸς
1065 2657 1164 2703 τῶν
1237 2648 1285 2702 ὲν
1353 2645 1509 2723 Ἐδεμ
1563 2649 1836 2724 ὀσφραινό-

217 2753 396 2808 μενον,
427 2733 671 2789 κάκείνων
705 2737 972 2810 ἐπιτυχεῖν
1031 2737 1306 2812 ἐφιέμενον.

1936 1851 2004 1904 ut
2029 1851 2334 1904 assuescat
2358 1862 2553 1920 neque
2581 1846 2955 1918 superﬂuum
3008 1847 3207 1904 videre
3262 1846 3598 1922 quidpiam,

1938 1951 2049 1992 nec
2077 1935 2434 1993 deliciosum
2465 1935 2691 2006 audire,
2720 1936 2836 1992 nisi
2873 1936 2973 1992 Dei
3001 1936 3096 1992 vel
3133 1951 3334 1992 rerum
3368 1935 3597 1992 divina-

1939 2040 2074 2082 rum
2102 2040 2309 2092 causa,
2340 2040 2537 2100 neque
2565 2024 2720 2095 gulae
2760 2024 2988 2098 aliquid
3018 2024 3326 2094 indulgere
3355 2039 3461 2099 per
3489 2039 3600 2094 gu-

1941 2118 2099 2171 stum
2121 2113 2439 2191 voluptatis
2461 2129 2641 2186 ergo:
2675 2112 2780 2170 sed
2820 2112 3017 2170 solum
3074 2113 3387 2171 comedere
3431 2112 3600 2186 quod

1941 2203 2021 2260 ad
2049 2203 2336 2261 tuendam
2362 2203 2548 2261 vitam
2605 2203 2680 2260 sit
2733 2204 2902 2270 satis,
2956 2217 3289 2260 memorem
3336 2202 3598 2276 antiquae

1942 2292 2457 2363 transgressionis,
2487 2296 2544 2349 et
2581 2291 2890 2366 quomodo
2920 2307 3027 2365 per
3064 2291 3269 2364 gulam
3321 2289 3602 2348 maximis

1941 2381 2120 2439 bonis
2149 2381 2292 2438 olim
2317 2381 2734 2450 exciderimus;
2758 2381 3118 2452 cogitantem
3142 2380 3322 2438 etiam
3344 2379 3603 2437 sinceras

1944 2471 2188 2528 alterius
2244 2471 2380 2528 vitae
2440 2470 2688 2528 delicias
2745 2469 3200 2546 inetiabilesque
3247 2469 3604 2542 voluptates.

1947 2559 2192 2616 Vetabat
2221 2575 2466 2634 quoque
2489 2559 2584 2617 vel
2612 2575 2865 2617 manum
2891 2559 3210 2616 extendere
3268 2557 3605 2615 inconside-

1943 2652 2068 2705 rate
2094 2648 2189 2706 vel
2209 2647 2437 2724 aliquid
2466 2648 2645 2707 molle
2665 2649 3028 2719 contingere,
3081 2664 3204 2720 pra:
3260 2647 3448 2705 oculis
3499 2647 3604 2706 hac

1945 2735 2189 2796 bentem
2218 2738 2457 2796 ruinam
2496 2737 3004 2812 protoplastorum
3027 2753 3098 2794 ex
3131 2736 3440 2795 audaciori
3461 2751 3604 2796 con-

215 2827 386 2880 tactu
412 2828 638 2881 natam.
669 2825 904 2883 Florum
934 2827 1150 2884 deinde
1181 2831 1361 2901 atque
1387 2831 1837 2898 unguentorum
1858 2823 2074 2882 odores
2097 2826 2352 2898 jubebat
2389 2826 2688 2899 ablegare,
2747 2827 2877 2885 sola
2923 2830 3120 2884 mente
3174 2840 3412 2898 semper
3459 2823 3607 2882 olta'

218 2913 480 2970 cientem
511 2915 777 2987 paradisi
806 2916 1223 2987 fragrantiam,
1258 2921 1438 2992 atque
1457 2917 1572 2974 hac
1601 2915 1718 2973 frui
1741 2914 1916 2971 unice
1945 2917 2308 2989 cupientem.

296 3002 398 3063 λη’.
429 3008 528 3057 Καὶ
558 3010 711 3058 ταυτὶ
776 3009 866 3079 μεν
911 3011 1030 3080 περὶ
1103 3007 1398 3070 αἰσθήσεως
1476 3011 1566 3060 καὶ
1620 3005 1836 3064 αἰσθητη

2017 3008 2102 3062 38.
2129 3008 2196 3062 Et
2222 3005 2352 3062 haec
2374 3005 2619 3079 quidem
2651 3005 2811 3062 circa
2868 3019 3080 3061 sensus
3128 3017 3458 3075 eorumque
3507 3016 3602 3057 or-

222 3093 409 3166 ρίωνό
452 3096 637 3166 σεμνὸς
691 3092 876 3158 ἓκεῖνος
938 3099 1102 3172 γέρων
1157 3101 1246 3148 καὶ
1295 3103 1584 3169 πρακτικῆς
1636 3093 1840 3168 φιλοσοο

228 3186 355 3255 φίας
395 3179 791 3246 έπηϐολὼτατος
826 3193 899 3256 τῷ
957 3188 1024 3237 τὰ
1084 3188 1254 3238 πάντα
1322 3187 1413 3258 μὲν
1471 3185 1689 3254 εῦηκόῳ,
1737 3180 1840 3234 κάκ

226 3274 421 3324 τοῦτον
480 3271 704 3345 ἀμαθίας
772 3274 936 3349 ἄκρας
1011 3274 1290 3348 ὑποκριτῇ,
1366 3280 1428 3346 τῇ
1509 3269 1564 3326 δ’
1624 3271 1840 3343 ἀληθείᾳ

229 3362 455 3432 θεωρίας
506 3362 637 3434 ὁμοῦ
673 3362 867 3426 τελείας
929 3369 1020 3416 καὶ
1087 3363 1321 3439 πράξεως
1383 3361 1688 3435 ἐπιμελητῇ,
1754 3381 1815 3414 σο

228 3456 449 3524 φώτατα
479 3449 742 3524 ἔπέσκηψε
777 3454 1008 3526 μαθητῇ’
1051 3457 1170 3528 περὶ
1245 3449 1304 3505 δὲ
1369 3458 1722 3525 φανταστικοῦ
1785 3469 1840 3504 τε

226 3545 321 3592 καὶ
356 3542 645 3613 φαντασίας
665 3549 754 3595 τοῦ
783 3545 1078 3602 παθητικοῦ
1110 3539 1249 3602 δῆτα
1309 3546 1424 3604 νοός
1488 3546 1678 3608 ὁποίας
1751 3541 1838 3604 Ὠς

226 3629 346 3682 λίαν
373 3633 670 3704 θαυμαστὰ,
705 3637 792 3684 καὶ
816 3636 978 3705 μὸνης
1016 3640 1113 3694 τῆς
1168 3640 1260 3685 τοῦ
1327 3631 1551 3705 μεγάλου
1607 3631 1840 3704 γλώττης

229 3715 472 3791 δεόμενα,
542 3729 632 3773 τοῦ
698 3723 1128 3795 πρακτικωτάτου
1197 3727 1282 3774 xui
1355 3723 1836 3794 θενιιρητικωτάτου,

228 3812 321 3860 καὶ
356 3808 444 3881 ’τῇ
508 3811 623 3861 κατ’
690 3811 843 3883 ἄμφω
897 3811 1175 3884 φιλοσοφίᾳ
1229 3810 1481 3886 λαμπρῶς
1533 3809 1838 3884 ὑπερϐαλόν-

229 3916 322 3959 τος
353 3902 591 3961 καὶτοὺς
623 3905 711 3951 νῦν
751 3901 881 3972 ὁμοῦ
947 3905 1035 3958 καὶ
1104 3905 1224 3961 τοῦς
1285 3906 1492 3952 πώποτε
1525 3920 1537 3932 ·
1571 3895 1750 3957 Μηδέν
1789 3918 1840 3951 τι

239 3985 469 4049 συνόλως
489 3995 590 4039 τῶν
618 3990 809 4059 γηίνων
864 3993 953 4041 καὶ
1018 3985 1231 4042 ὑλωδὼν
1296 3991 1671 4064 παρηγγῦησεν
1721 3987 1838 4040 ἀνα-

233 4077 532 4150 ματτεσθαι
555 4097 568 4110 ο
600 4081 644 4130 εἰ
671 4096 723 4130 ει
753 4073 813 4130 δέ
841 4097 946 4140 πως
983 4083 1068 4130 xui
1133 4077 1547 4132 ἑναπολέλειπταί
1607 4079 1656 4130 οἰ
1722 4076 1838 4129 ἀνα-

237 4165 570 4238 πολούμενον,
603 4166 876 4221 ἀποϐαλεῖν
905 4171 961 4220 τό
1023 4171 1189 4240 τάχος
1261 4173 1350 4220 καί
1417 4163 1841 4242 διακρούσασθαι

235 4257 415 4322 (τοῦτο
438 4258 538 4331 γὰρ
569 4264 659 4318 τῆς
689 4263 787 4308 τῶν
839 4259 1197 4331 χθονιωτίρων
1255 4261 1540 4329 φαντασίας
1591 4256 1680 4309 καί
1743 4258 1842 4309 πάι

1943 3108 2103 3165 gana
2127 3093 2482 3151 venerabilis
2522 3093 2616 3151 ille
2679 3109 2861 3149 senex
2913 3097 2968 3148 et
3019 3090 3417 3164 philosophiae
3465 3104 3604 3163 pra—

1943 3182 2106 3239 cticee
2134 3183 2566 3240 scientissimus
2587 3181 2844 3239 docebat
2863 3180 3226 3254 discipulum
3265 3180 3346 3238 ad
3394 3178 3605 3236 omnia

1943 3271 2572 3345 obsequentissimum,
2597 3275 2653 3328 et
2689 3271 2837 3328 dum
2864 3285 3170 3327 summam
3199 3267 3606 3342 ignorantiam

1945 3359 2204 3427 simulat,
2229 3361 2477 3418 actionis
2506 3375 2676 3434 mque
2696 3375 2767 3417 ac
2812 3358 3244 3433 speculationis
3294 3357 3604 3432 perfectio-

1943 3466 2082 3507 nem
2106 3451 2316 3509 sedula
2343 3451 2729 3508 meditatione
2750 3455 3138 3508 consecutum
3163 3447 3604 3524 sapientissime

1943 3540 2220 3600 docebat.
2253 3543 2392 3608 Quae
2422 3545 2622 3598 autem
2651 3541 2809 3598 circa
2838 3540 3222 3614 phantasiam
3245 3537 3604 3612 phantasia:-

1944 3646 2061 3703 que
2095 3630 2391 3688 obnoxias
2421 3630 2607 3688 animi
2633 3630 2942 3704 passiones
2975 3629 3380 3703 praecipiebat,
3401 3627 3606 3701 qualia

1945 3719 2191 3776 demum
2218 3725 2385 3776 erant
2406 3721 2608 3776 ‘I‘Vere
2637 3719 3018 3789 admiranda,
3049 3735 3306 3793 quaeque
3329 3722 3394 3774 ut
3417 3717 3604 3790 expli-

1945 3808 2068 3863 cari
2100 3809 2358 3882 possint,
2383 3814 2598 3879 egeant
2619 3807 2750 3881 ipsa
2779 3808 2987 3878 magni
3019 3807 3174 3863 illius
3214 3806 3322 3862 viri
3375 3804 3604 3875 lingua,

1947 3901 2149 3968 utpote
2178 3898 2239 3954 in
2267 3898 2438 3970 praxi
2469 3913 2540 3954 ac
2568 3897 2796 3954 theoria
2826 3896 3068 3965 summi,
3095 3896 3156 3952 in
3223 3908 3414 3966 eaque
3467 3908 3604 3964 quae

1946 4001 2019 4041 ex
2049 3985 2139 4041 his
2161 3986 2402 4042 duobus
2453 3986 2710 4056 exsurgit
2767 3984 3150 4058 philosophia
3214 3979 3604 4055 praecellentis

1945 4075 2258 4131 manifeste
2285 4076 2534 4146 cunctis,
2567 4075 2670 4148 qui
2703 4090 2772 4130 eo
2812 4078 3079 4145 tempore
3109 4077 3212 4128 aut
3264 4069 3443 4126 etiam
3500 4067 3604 4125 ali-

1946 4164 2196 4236 quando
2225 4165 2588 4221 exstiterunt.
2618 4163 2956 4236 lmperabat
2973 4161 3212 4230 scilicet,
3235 4164 3604 4217 terrenarum

1948 4260 2125 4326 atque
2155 4253 2549 4310 materialium
2590 4270 2789 4310 rerum
2821 4252 2967 4308 nulli
2997 4250 3246 4307 omnino
3275 4249 3608 4306 adverteret

237 4349 328 4407 θος
363 4349 455 4397 καί
518 4348 791 4412 σύστασις,
860 4350 951 4398 xui.
1020 4355 1114 4408 τῆς
1175 4347 1290 4398 κατ’
1358 4350 1521 4405 αῦτὴν
1588 4344 1836 4420 ἐνεργείας

1949 4343 2240 4410 animum,
2271 4343 2468 4416 siquid
2515 4359 2656 4400 vero
2687 4341 2986 4415 ejusmodi
3015 4339 3316 4412 reliquum
3346 4337 3399 4394 ei
3429 4340 3604 4406 esset,

233 4433 376 4488 τοῦτ’
418 4429 570 4497 αὖθις
609 4431 866 4504 διάλυσις)
893 4456 905 4468 ·
949 4439 1080 4507 μονα
1121 4431 1180 4488 δὲ
1220 4435 1571 4507 φαντάζεσθαι
1611 4437 1678 4486 τὰ
1714 4437 1840 4509 ὑπὲρ
1876 4429 1879 4480 Ϊ

234 4526 396 4596 ἡμᾶς,
513 4521 726 4575 κάκεῖνα
825 4525 946 4576 ὄντα
1023 4520 1262 4586 δοξάζειν
1336 4525 1406 4585 ὡς
1517 4521 1840 4589 ἀκιάπτωτα,

231 4611 480 4666 κάκείνων
529 4611 741 4686 ὶξαρτᾷν
795 4618 888 4671 τήν
956 4610 1214 4681 διάνοιαν,
1267 4611 1512 4666 κάκείνων
1571 4611 1840 4688 ἐπιστηρί-

235 4702 464 4762 ξεσθαι·
501 4701 563 4752 ἶν’
604 4705 742 4762 ὅπως
817 4701 873 4754 ἐκ
945 4709 1036 4755 τοῦ
1113 4697 1334 4774 δυνάμει
1392 4709 1509 4754 νοῦν
1565 4707 1843 4775 πεφηνέναι

232 4789 460 4864 ἐνεργείᾳ
487 4793 648 4864 ταύτῃ
689 4798 807 4843 νοῦν
871 4790 1148 4864 ἀποφήνειε
1181 4812 1193 4824 ·
1259 4796 1346 4844 τόν
1414 4787 1466 4844 δ’
1526 4789 1590 4844 αὖ
1655 4790 1838 4846 ἐντελε-

230 4884 360 4951 χείᾳ
389 4887 507 4931 νοῦν
547 4878 897 4953 ἐνεργέστερον
936 4887 1119 4955 μακρῷ
1158 4885 1246 4933 καὶ
1286 4881 1558 4954 θειότερον,
1619 4883 1682 4941 ὡς
1751 4885 1837 4934 τὸν

228 4972 440 5032 νοητὸν,
512 4967 720 5040 ἀμέσως
795 4967 1286 5042 ἀντιλαμϐάνεσθαι,
1371 4967 1510 5041 μηδέ
1576 4989 1676 5021 τινι
1738 4978 1837 5020 τῶν

228 5054 615 5132 ὑποδεεστέρων
682 5055 950 5131 δυνάμεων
1014 5064 1444 5131 κατασπώμενον,
1511 5060 1605 5118 τὰς
1671 5055 1836 5110 δ’ὑπ⁹

229 5145 369 5218 αῦτῷ
435 5148 611 5208 πάσας
685 5145 958 5219 ἀνάγοντα,
1024 5152 1114 5200 καὶ
1174 5151 1303 5221 πρὸς
1374 5147 1552 5199 ἑαυτὸν
1603 5146 1832 5217 ἕλκοντα,

1947 4433 2006 4490 id
2033 4433 2318 4490 continuo
2340 4438 2615 4490 enectum
2637 4433 2874 4504 ejiceret
2893 4436 3072 4504 atque
3129 4427 3472 4487 exturbaret
3523 4427 3607 4498 (in

1947 4524 2061 4581 hoc
2082 4522 2240 4578 enim
2267 4520 2542 4577 consistit
2557 4520 2758 4594 passio
2791 4519 3145 4593 phantasia,
3168 4517 3326 4574 circa
3353 4531 3450 4572 res
3479 4529 3608 4572 ma'

1948 4614 2036 4684 gis
2060 4619 2320 4668 terrenas
2351 4611 2662 4682 versantis,
2694 4614 2751 4666 et
2776 4610 2892 4666 hoc
2916 4608 3194 4664 virtutem
3250 4605 3449 4662 eidem
3499 4603 3606 4660 ad-

1949 4706 2287 4758 versantem
2315 4699 2629 4770 dissolvit),
2665 4698 2792 4756 sola
2813 4703 3014 4755 autem
3044 4713 3115 4753 ea
3135 4693 3459 4765 cogitando
3479 4692 3604 4748 vol-

1947 4797 2126 4858 veret,
2159 4807 2294 4864 quae
2317 4805 2502 4862 supra
2533 4804 2644 4844 nos
2670 4791 2807 4843 sunt
2833 4791 2890 4843 et
2915 4803 3051 4859 quae
3073 4801 3210 4841 vere
3243 4782 3602 4851 subsistunt,

1949 4888 2014 4939 ut
2041 4897 2178 4954 quae
2208 4879 2478 4936 excidere
2511 4881 2828 4950 nequeant,
2863 4875 3067 4946 magni
3090 4874 3344 4930 faceret:
3405 4871 3484 4926 ad
3532 4886 3606 4928 ea

1948 4971 2074 5027 sola
2107 4974 2363 5026 mentem
2405 4967 2690 5036 attollere,
2730 4965 2810 5021 ad
2852 4979 2924 5020 ea
2958 4961 3182 5020 conniti
3215 4959 3468 5034 jubebat
3496 4977 3509 5016 :
3541 4963 3607 5017 ut

1946 5059 2048 5132 qui
2079 5073 2184 5130 per
2233 5057 2504 5112 virtutem
2553 5055 2746 5110 factus
2799 5068 2931 5109 esse
2982 5051 3226 5124 spiritus
3264 5047 3602 5114 videbatur,

1944 5147 2140 5220 ipsam
2169 5161 2410 5218 quoque
2441 5143 2854 5217 operationem
2880 5139 3251 5215 spiritualem
3309 5142 3606 5196 monstra-

226 5241 316 5288 καί
349 5233 425 5288 δι’
457 5235 613 5288 αὐτοῦ
651 5240 733 5287 καὶ
765 5241 857 5289 σὺν
888 5233 1028 5307 αῦτῷ
1068 5239 1197 5310 πρὸς
1271 5239 1400 5292 Θεὸν
1465 5239 1832 5314 μεταφέρονται.

1944 5204 2030 5291 ret
2055 5204 2446 5306 animumque
2485 5236 2563 5288 ad
2593 5231 3020 5305 perfectionem
3061 5233 3334 5286 evectum
3387 5227 3604 5284 imme-

225 5323 384 5380 diate
419 5323 761 5396 susciperet,
786 5323 1180 5385 efﬂeaciorem
1214 5323 1401 5379 multo
1431 5328 1610 5396 atque
1639 5323 2018 5392 diviniorem,
2059 5327 2264 5396 utpote
2317 5320 2798 5388 intellectualem,
2859 5335 3056 5393 neque
3095 5317 3199 5375 ulli
3254 5315 3605 5374 interiorum

223 5411 578 5470 facultatum
602 5413 953 5480 obnoxium,
988 5412 1097 5472 sed
1134 5413 1244 5472 has
1275 5426 1487 5470 omnes
1519 5411 1850 5471 elevantem
1875 5417 2054 5490 atque
2086 5413 2419 5472 trahentem
2449 5410 2529 5470 ad
2557 5427 2639 5481 se,
2665 5415 2724 5468 et
2751 5425 2858 5486 per
2905 5425 2969 5470 se
3021 5424 3092 5468 ac
3151 5421 3358 5465 secum
3417 5411 3603 5462 trans-

220 5501 516 5562 ferentem
570 5502 648 5563 ad
673 5505 881 5562 Deum.
939 5500 944 5505 ’

289 5591 515 5656 λθ.1ίαὶ
579 5600 747 5655 ταῦτα
809 5595 899 5676 μὶν
935 5592 1144 5666 nam;
1198 5595 1362 5676 γέρων
1421 5593 1648 5659 ὑπέθηκε
1715 5611 1831 5654 γους

2012 5596 2101 5656 39.
2127 5591 2289 5656 Talia
2315 5590 2698 5656 venerandus
2726 5589 2823 5654 ille
2850 5602 3033 5653 senex
3061 5585 3388 5666 prudenter
3419 5582 3600 5660 atque
