4084 6206
551 299 654 373 859

1742 297 2201 361 GONSTANTINI
2235 297 2709 357 ACROPOLITE.

3782 302 3873 358 860

553 396 795 481 cordate
815 423 1176 495 suggerebat
1194 423 1666 496 injungebatque
1686 438 1795 481 suo
1812 438 1915 497 per
1941 422 2196 493 gratiam

2326 429 2473 492 νεχῶς
2501 427 2590 473 καὶ
2620 420 2910 491 ἐπέσκηψεν
2949 420 3202 495 ἐμϐριθῶς
3234 428 3304 490 τῷ
3370 423 3508 472 κατὰ
3573 424 3725 496 χάριν
3777 426 3879 495 υἱέι,

552 510 697 579 ﬁlio,
730 510 861 569 licet
890 513 1181 585 sapientia
1231 528 1382 569 cano
1430 519 1485 569 et
1528 512 1843 586 prudentia
1896 512 2040 577 seni,
2097 510 2200 584 qui

554 594 777 667 alioqui
808 596 983 652 etiam
1012 613 1047 652 a
1080 613 1268 668 puero
1300 598 1572 653 virtutem
1613 597 1726 652 sibi
1775 596 1957 653 veluti
2019 594 2198 651 colla-

553 689 826 741 ctaneam
861 690 917 742 et
949 685 1169 758 ubique
1199 687 1554 744 familiarem
1578 686 1892 743 habuerat.
1934 689 2200 758 Insuper,

552 789 627 829 ne
654 790 718 829 se
743 775 989 831 omnino
1011 775 1237 849 aliquid
1268 793 1399 833 esse
1448 782 1681 850 putaret
1728 792 1912 848 seque
1960 779 2203 849 propter

554 863 907 935 eloquentiae
938 864 1159 920 cultum
1193 865 1511 933 extolleret,
1545 865 1784 921 vetabat
1820 864 1974 920 illius
2020 863 2201 919 ullam

557 952 681 1007 sive
708 968 996 1023 magnam
1025 954 1147 1009 sive
1169 970 1421 1025 parvam
1460 955 1752 1011 rationem
1787 954 2027 1016 habere,
2098 951 2205 1007 sed

555 1040 715 1095 foras
741 1041 1053 1097 excludere
1076 1043 1252 1097 simul
1283 1059 1351 1099 ac
1394 1043 1577 1100 semel
1635 1042 1931 1117 quidquid
1985 1041 2204 1097 didice-

557 1133 649 1184 rat
678 1133 985 1185 externum
1011 1135 1190 1203 atque
1212 1132 1406 1204 ipsam
1429 1133 1604 1188 etiam
1641 1131 1991 1187 memoriam
2014 1145 2208 1202 quan-

557 1220 683 1273 tum
716 1223 922 1291 posset
959 1219 1267 1276 eliminare
1296 1221 1583 1291 jubebat:
1613 1236 1806 1293 neque
1851 1220 2041 1275 solum
2089 1233 2210 1274 non

556 1307 935 1380 permittebat
964 1307 1188 1380 aliquid
1217 1326 1534 1365 numerose
1574 1325 1959 1382 componere,
1992 1307 2080 1363 vel
2114 1322 2233 1363 en—-

559 1395 769 1451 comiis
800 1396 1141 1453 historiisve
1170 1398 1499 1455 scribendis
1556 1415 1788 1466 vacare,
1861 1397 1966 1453 sed
2019 1410 2213 1468 neque

561 1483 873 1555 epistolam
901 1486 1129 1541 mittere
1160 1491 1439 1543 notorum
1498 1486 1692 1543 alicui.
1755 1486 1884 1542 Scio
1934 1484 2214 1558 equidem

559 1572 690 1627 haec
714 1573 1039 1644 spiritualia
1063 1575 1228 1645 parvi
1264 1574 1537 1631 facienda
1568 1574 1644 1630 ab
1675 1574 1985 1647 imperitis,
2043 1571 2217 1644 quasi

562 1660 667 1732 qui
690 1660 765 1715 de
795 1662 1091 1734 mysteriis
1121 1663 1450 1736 disciplinae
1505 1680 1739 1720 arcana:
1790 1662 2005 1734 loquor
2053 1661 2219 1733 apud

2308 518 2378 581 τῷ
2402 511 2560 583 πολιῷ
2586 515 2675 582 μὲν
2706 516 2798 569 τὴν
2847 516 3031 582 σοφίαν
3084 516 3168 561 καὶ
3230 509 3499 582 πρεσϐύτῃ
3570 516 3658 568 τήν
3712 518 3881 587 φρόνη-

2312 619 2427 651 σιν·
2462 600 2505 651 εὶ
2565 606 2649 651 καὶ
2714 599 2875 661 ἄλλως
2933 598 2987 651 ἐκ
3053 596 3240 658 παιδὸς
3302 601 3589 673 σύντροφον
3645 598 3748 671 εἶχε
3796 607 3875 659 τήν

2309 687 2493 762 ἀρετὴν
2524 694 2613 742 καὶ
2653 685 2725 740 δι’
2761 689 2878 740 ὅλου
2936 685 3261 745 συνδίαιτον.
3323 692 3776 761 Προσεπιτούτοις,
3820 697 3879 761 μή

2310 781 2361 829 τί
2398 798 2505 840 πως
2544 780 2746 831 οἴεσθαι
2778 780 3083 850 τοπαράπαν
3141 778 3451 848 τυγχάνειν,
3519 778 3547 834 ἦ
3616 785 3734 847 γοῦν
3769 799 3884 839 τινος

2311 862 2365 920 ἐκ
2393 876 2487 928 τῆς
2517 876 2614 919 τῶν
2653 868 2814 937 λόγων
2855 870 3150 941 ὑπερφέρειν
3189 862 3542 931 παιδεύσεως,
3600 872 3728 937 μέγα
3776 887 3824 920 τε
3858 872 3883 927 ἦ

2312 960 2495 1031 μικρὸν
2525 962 2595 1028 μὴ
2632 964 2827 1029 φρονεῖν
2855 959 2939 1008 ἐπὶ
2977 956 3152 1026 λόγοις
3212 958 3270 1006 τό
3338 954 3574 1021 σύνολον,
3784 956 3887 1010 ἀπο,

2318 1046 2499 1098 θέσθαι
2520 1046 2762 1108 καθάπαξ
2794 1046 2943 1116 λόγον
2981 1048 3067 1097 τὸν
3134 1046 3372 1119 θύραθεν,
3444 1049 3536 1097 καὶ
3586 1046 3746 1097 πάντα
3794 1051 3888 1119 τροο

3339 1137 3551 1204 μνήμης
3592 1153 3603 1164 '

3156 1221 3456 1292 [πλαστικῶ
3464 1220 3508 1293 ς]

2317 1153 2410 1187 πον
2483 1133 2882 1206 ἀποπέμπεσθαι
2919 1142 3098 1186 τουτον
3173 1141 3265 1193 τῆς
3339 1137 3551 1204 μνήμης
3592 1153 3603 1164 ·
3677 1139 3759 1186 καὶ
3803 1134 3887 1205 οὐχ

3612 1224 3887 1286 συντιθέναι,

2320 1317 2406 1364 καὶ
2444 1312 2720 1384 ἐγκωμίοις
2759 1313 2787 1370 ἦ
2832 1316 2920 1364 καὶ
2969 1310 3227 1383 ἱστορίαις
3279 1309 3593 1384 ἐπιχειρεῖν,
3643 1309 3740 1361 ἀλλ’
3790 1308 3890 1362 οὐδὲ

2322 1409 2420 1453 τῶν
2453 1404 2688 1458 συνήθων
2720 1400 3029 1453 ἐπιστέλλειν
3060 1404 3179 1452 τινί.
3239 1395 3383 1451 Οῖδα
3590 1407 3676 1450 ουν
3726 1402 3788 1460 ὡς
3826 1394 3889 1471 μι-

2319 1225 2452 1282 ὃπως
2524 1222 2677 1293 λόγου
2688 1243 2707 1282 ς
2780 1221 3053 1283 πλατυκώς

2324 1492 2424 1562 κρά
2453 1497 2619 1542 ταῦτα
2655 1492 2942 1561 νομισθεῖεν
2998 1496 3107 1550 τοῖς
3161 1487 3422 1560 ἀμυήτοις
3478 1493 3540 1545 τὴ
3598 1488 3771 1557 λογικά
3820 1493 3889 1539 καὶ

2325 1582 2391 1630 τὰ
2418 1588 2510 1640 τῆς
2548 1575 2793 1639 παιδείας
2834 1576 3121 1637 ἀτελέστοις
3153 1578 3352 1629 ούτωσί
3410 1596 3522 1636 πως
3573 1575 3698 1649 ἐρεῖν
3746 1576 3887 1650 ὄργια,

2327 1669 2459 1720 ἔνθεν
2488 1672 2576 1719 καὶ
2606 1668 2712 1738 ούχ
2743 1669 2937 1728 ἱκανοῖς
2962 1663 3246 1736 διαγνῶναι
3303 1666 3413 1718 οἷον
3469 1684 3586 1716 τινα
3646 1668 3735 1722 τὴν
3790 1661 3891 1720 iide-

562 1749 837 1804 nondum
857 1750 1122 1807 initiatos
1148 1771 1164 1823 ;
1186 1768 1257 1807 eo
1277 1753 1441 1824 quod
1460 1769 1579 1808 non
1599 1753 1714 1808 sint
1738 1752 1861 1825 apti
1890 1750 1969 1807 ad
2001 1763 2218 1818 cogno-

2327 1760 2417 1814 νὴν
2461 1757 2573 1826 ἔχει
2611 1759 2698 1807 καὶ
2737 1756 2909 1807 ὁποῖον
2968 1762 3057 1815 τῆς
3111 1750 3336 1828 καρδίας
3390 1752 3596 1824 ἐμποιεῖ
3621 1750 3890 1820 πλατυσμὼ

564 1838 874 1907 scendum,
906 1847 1197 1911 quantam
1237 1840 1455 1897 habeat
1484 1840 1872 1913 voluptatem,
1900 1844 2194 1911 quantum

563 1939 681 1997 que
702 1926 880 1982 faciat
899 1927 1167 1983 animum
1197 1928 1429 1985 dilatari
1458 1930 1719 2001 perfecta
1767 1928 2071 2001 expressio
2122 1941 2221 1981 co-

563 2013 915 2083 gitationum
934 2032 1177 2072 suarum
1189 2022 1244 2073 et
1263 2024 1683 2089 conceptuum,
1708 2017 1919 2073 mentis
1944 2018 2224 2071 accurata

573 2102 991 2174 manifestatio,
1025 2105 1296 2178 Sedquid
1330 2105 1590 2161 dicerent
1628 2105 1726 2177 illi,
1770 2103 2015 2177 quando
2050 2102 2219 2158 audi-

560 2194 693 2245 rent
716 2190 880 2265 quod
904 2192 1081 2248 etiam
1128 2193 1551 2266 praescribatur
1600 2193 1905 2249 silentium
1932 2196 1988 2247 et
2034 2190 2222 2247 omni-

563 2278 747 2335 moda
768 2279 987 2348 linguae
1018 2282 1390 2353 compressio
1411 2282 1755 2353 imperetur,
1775 2281 1855 2336 ita
1882 2286 1944 2335 ut
1968 2295 2077 2335 nec
2112 2294 2221 2350 gry

563 2366 825 2438 proferre
852 2367 1181 2441 discipulus
1223 2370 1464 2439 audeat,
1502 2369 1615 2425 nisi
1653 2385 1791 2424 cum
1832 2384 1869 2423 a
1934 2366 2221 2436 magistro

560 2452 769 2524 jussus
796 2471 868 2509 ex
895 2455 1114 2511 divinis
1165 2456 1332 2512 libris
1380 2457 1607 2529 aliquid
1657 2456 1861 2527 legerit
1910 2455 1987 2511 ad
2038 2458 2222 2510 Deum

564 2541 1015 2615 propitiandum
1044 2545 1572 2617 conﬁtendumque
1593 2545 1621 2601 ?

634 2633 721 2687 40.
757 2631 908 2697 Quid
939 2648 1075 2687 vero
1106 2634 1392 2689 innocens
1440 2633 1533 2689 ille
1584 2640 1639 2689 et
1679 2635 1795 2688 Deo
1844 2637 1968 2688 tota
2026 2637 2223 2688 mente

565 2718 804 2788 afﬁxus,
862 2720 1030 2793 cujus
1083 2738 1185 2778 cor
1238 2723 1650 2779 rectitudiuem
1711 2737 1949 2794 semper
2001 2721 2221 2790 dilexit,

567 2810 875 2881 quomodo
905 2809 964 2866 in
992 2810 1120 2866 istis
1154 2828 1215 2867 se
1244 2811 1475 2867 habet?
1500 2814 1648 2867 Num
1678 2811 1949 2879 labascit,
1989 2814 2219 2865 tantum

563 2897 803 2969 pondus
821 2904 1259 2971 praeceptorum
1277 2899 1611 2969 dedignans
1624 2899 1767 2955 ?aut
1799 2897 2100 2953 sublevari
2123 2913 2223 2969 pe-

566 2986 650 3051 tit,
678 3002 753 3042 ne
783 2987 1003 3043 scilicet
1037 2989 1097 3044 in
1152 2990 1443 3063 principio
1497 2994 1905 3061 praegravatus
1952 3002 2224 3043 succum-

564 3072 718 3173 bat?
750 3074 949 3147 Longe
983 3076 1142 3133 istud
1190 3094 1225 3134 a
1266 3079 1513 3135 Joanne.
1572 3077 1840 3133 Libenter
1892 3081 2106 3173 cuncta
2162 3076 2221 3173 in
2262 3118 2302 3173 ε

564 3163 849 3221 humeros
888 3167 1153 3240 suscipit,
1195 3172 1252 3223 et
1325 3167 1482 3222 viam
1555 3168 1710 3223 hanc
1751 3183 1887 3239 quae
1952 3165 2115 3220 ducit
2144 3164 2222 3221 ad

564 3254 752 3309 Deum
808 3270 1097 3323 generose
1149 3255 1497 3326 ingreditur,
1552 3272 1655 3311 seu
1710 3255 1907 3327 potius
1955 3254 2031 3309 ad
2088 3253 2219 3307 vitm

563 3343 913 3401 monasticae
946 3343 1202 3401 stadium
1231 3344 1501 3400 alacriter
1548 3344 2018 3417 percurrendum
2060 3340 2218 3396 exui'

563 3437 677 3500 tur,
703 3438 759 3487 et
780 3448 902 3488 non
935 3434 1129 3489 solum
1152 3434 1226 3489 ad
1274 3433 1680 3506 quintuplum,
1737 3431 1841 3487 sed
1896 3432 1973 3487 ab
2021 3431 2217 3486 decies

563 3519 969 3593 millecuplum
1001 3527 1303 3578 certamen
1331 3523 1657 3591 inungitur.
1695 3520 1808 3576 Sed
1839 3520 1987 3577 forte
2023 3536 2217 3575 susce-

563 3607 650 3679 pit
679 3623 985 3677 generose,
1026 3610 1189 3681 quod
1233 3625 1354 3664 non
1388 3609 1515 3664 tulit
1554 3607 1810 3672 fortiter;
1853 3614 1954 3663 aut
1992 3608 2216 3677 ingres-

567 3709 669 3749 sus
690 3696 1003 3768 intrepide,
1030 3713 1153 3753 non
1193 3699 1438 3753 certavit
1478 3703 1818 3753 constanter
1845 3696 1872 3751 ?
1900 3696 2066 3751 Absit
2104 3696 2217 3751 hoc

566 3784 836 3852 omnino,
859 3786 1031 3843 absit.
1069 3790 1194 3843 Non
1236 3791 1434 3843 tamen
1474 3787 1635 3842 velut
1674 3787 1854 3842 victor
1888 3786 2103 3858 aliquis
2158 3785 2218 3840 in

567 3872 950 3947 Olympiacis,
991 3877 1244 3945 Nemeis,
1277 3876 1368 3931 vel
1408 3876 1701 3932 lsthmicis
1743 3875 1932 3930 viliter
1970 3890 2219 3929 corona-

566 3964 659 4017 tus
689 3964 985 4037 apparuit,
1020 3970 1123 4021 aut
1152 3971 1215 4021 ut
1250 3982 1404 4021 unus
1431 3981 1637 4020 eorum
1669 3963 1772 4037 qui
1814 3963 1874 4019 in
1933 3962 2221 4018 Panathe—

564 4052 711 4109 nteis
741 4058 1180 4126 preevaluerunt
1209 4070 1432 4110 corona
1462 4053 1740 4123 oleagina
1772 4052 2088 4121 magniﬁce
2138 4066 2223 4105 re-

564 4142 799 4197 vinctus
831 4159 1055 4215 comas,
1101 4149 1202 4199 aut
1233 4145 1473 4216 pineam
1516 4144 1811 4216 quatiens,
1839 4157 2028 4214 eoque
2053 4140 2222 4195 vehe-

566 4233 794 4285 menter
830 4230 1225 4301 intumecens,
1256 4232 1345 4287 vel
1369 4232 1551 4287 sacris
1590 4230 1955 4303 quibusdam
2024 4226 2220 4300 pomis

568 4317 859 4389 (profanis
920 4320 1115 4389 potius
1179 4320 1449 4389 dixerim)
1519 4321 1835 4390 gloriosus,
1894 4316 2223 4371 ridentibus

566 4405 811 4478 quidem
843 4405 1009 4461 illum
1042 4408 1522 4479 sapientioribus,
1554 4408 1753 4479 pueris
1796 4422 1934 4461 vero
1974 4405 2223 4476 applau-

566 4492 850 4549 dentibus
892 4499 949 4549 et
995 4496 1438 4550 succinentibus
1485 4496 1544 4550 in
1590 4511 1769 4550 scena
1800 4494 2045 4548 theatris
2077 4512 2091 4559 ;
2124 4497 2226 4547 aut
2256 4465 2300 4519 Β

569 4582 739 4638 sicuti
771 4598 901 4638 sors
930 4582 1125 4639 tulerit
1161 4584 1441 4639 inunctus
1470 4590 1525 4639 et
1552 4582 2061 4638 breviadmodum
2088 4588 2226 4635 tem-

566 4688 713 4745 pore
770 4670 1073 4742 laudatus,
1133 4672 1312 4744 idque
1385 4672 1526 4728 solis
1580 4671 1799 4727 fositan
1866 4670 2225 4742 promiscuae

567 4761 924 4818 conditionis
963 4761 1150 4817 turbis
1196 4776 1266 4816 ac
1302 4761 1393 4817 vili
1423 4760 1735 4835 plebecula
1766 4776 1777 4815 :
1814 4758 1917 4814 sed
1947 4760 2086 4814 exiit
2117 4775 2228 4813 cae-

566 4851 702 4908 litus
725 4856 1066 4917 coronatus,
1091 4851 1317 4921 angelis
1340 4858 1396 4907 et
1416 4850 1697 4922 angelicis
1721 4849 2069 4905 hominibus
2091 4864 2229 4902 cum

590 4941 984 4998 admiratione
1015 4940 1624 5013 circumstipantibus,
1653 4936 2057 5009 spectaculum
2096 4951 2232 4992 vere

566 5025 871 5096 factus,uti
884 5031 1149 5102 loquitur
1164 5031 1382 5086 Paulus
1398 5032 1417 5064 ²
1432 5031 1533 5097 ',et
1550 5027 1777 5097 angelis
1792 5027 2225 5097 ethominibus,

566 5117 981 5191 visibilemque
1013 5126 1193 5192 atque
1220 5119 1583 5174 invisibilem
1626 5122 1901 5172 naturam
1942 5116 2227 5187 obstupe-

568 5204 818 5261 faciens.

642 5401 697 5449 υ
728 5402 747 5456 Ι
779 5403 890 5458 Cor
914 5416 988 5468 IV,
1032 5405 1082 5465 9.

640 5547 753 5619 (l7)
783 5548 1020 5602 Festus:
1058 5564 1087 5597 ιι
1155 5543 1530 5602 Pentathlum
1604 5542 1834 5615 antiqui
1904 5542 2229 5613 quinquer-

566 5637 716 5711 tium
740 5636 1020 5711 dixerunt
1051 5653 1065 5713 ς
1107 5635 1170 5693 id
1210 5640 1412 5692 autem
1456 5650 1647 5713 genus
1678 5631 2118 5711 exercitationis
2156 5647 2231 5705 ex

2329 1846 2359 1901 ἡ
2400 1852 2496 1895 τῶν
2538 1840 2899 1915 διανοημάτων
2965 1846 3225 1914 εὔστοχος
3261 1844 3515 1914 ἓκφανσις
3542 1845 3630 1892 καὶ
3687 1847 3776 1890 τῶν
3799 1856 3890 1893 νοη-

2330 1934 2506 2005 μάτων
2546 1931 2764 2004 ἀκριϐὴς
2824 1930 3150 2001 ἀνακάλυψις
3179 1952 3191 1963 ο
3224 1930 3356 1983 ἀλλά
3384 1935 3438 1983 τί
3492 1928 3552 1981 ὄιν
3611 1930 3658 1980 οἱ
3702 1934 3892 1979 τοιοῦτοι

2330 2026 2419 2074 καὶ
2458 2028 2600 2094 φαῖεν
2666 2020 3001 2086 ἀκούσαντες,
3066 2023 3135 2080 ὡς
3192 2024 3281 2071 καὶ
3344 2023 3552 2075 σιωπὴν
3606 2014 3889 2084 ἐπισκήψεις,

2331 2116 2421 2163 καὶ
2493 2110 2662 2163 τελέαν
2735 2120 2824 2170 τῆς
2887 2110 3119 2180 γλώττης
3185 2113 3428 2179 κατοχὴν
3525 2104 3805 2170 ἕπιτάξειεν,
3838 2104 3891 2161 ὡς

2331 2196 2471 2273 μηδὲ
2508 2208 2627 2275 γρῦ,
2664 2202 2722 2251 τὸ
2771 2206 2862 2251 τοῦ
2918 2198 3095 2269 λόγου,
3151 2197 3346 2269 τολμᾷν
3403 2195 3735 2269 φθέγγεσθαι.
3780 2190 3891 2248 ἐκτὸς

2334 2288 2377 2341 εἰ
2448 2293 2518 2360 μὴ
2598 2290 2727 2361 πρὸς
2792 2287 2947 2339 αὑτὸν
3006 2291 3455 2358 προσταττόμενος
3518 2292 3615 2335 τὼν
3672 2283 3890 2352 θειοτέρων

2334 2376 2634 2448 ἀναγέγοιτο
2700 2396 2815 2428 τινα
2890 2373 3084 2447 βίϐλων
3148 2379 3279 2449 πρὸς
3333 2372 3613 2444 ἐξιλασμὸν
3666 2376 3784 2423 Θεοῦ
3822 2371 3888 2418 καί

2334 2464 2657 2538 ἀνθομολὸγη
2666 2485 2747 2518 σιν
2782 2483 2795 2532 ;

2402 2641 2472 2716 μ’.
2504 2647 2564 2695 Τί
2597 2648 2764 2694 τοίνυν
2793 2643 2819 2693 ὁ
2846 2642 3017 2714 πραΰς
3050 2658 3063 2709 ;
3094 2645 3145 2692 τί
3196 2645 3372 2692 τοίνυν
3409 2640 3435 2691 ὁ
3474 2640 3666 2698 ἄκακος
3708 2639 3786 2685 καὶ
3834 2638 3888 2699 τῷ

2333 2738 2446 2800 Θεῷ
2470 2728 2649 2783 διόλου
2703 2730 3037 2798 κολλώπενος,
3097 2729 3253 2802 οὗπερ
3317 2729 3600 2786 εύθύτητας
3662 2724 3887 2793 ἠγάπησεν

2332 2821 2361 2878 ἡ
2404 2816 2623 2893 καρδία,
2661 2828 2772 2880 πὼς
2810 2818 2894 2871 ἐπὶ
2910 2824 3145 2871 τουτοισὶ
3187 2814 3531 2881 διατίθεται;
3571 2821 3686 2867 Μῶν
3710 2809 3888 2867 ὀκλάζει

2332 2917 2404 2979 τῷ
2433 2912 2665 2979 τοσούτῳ
2697 2907 2850 2983 βάρει
2907 2904 3397 2979 δυσανασχετήσας
3454 2914 3551 2956 τῶν
3606 2899 3794 2954 ἐντολῶν
3821 2914 3832 2962 ;
3857 2913 3879 2951 η

2332 3002 2434 3070 μὴν
2466 2996 2804 3070 ἐπελαφρίσαι
2838 2997 3004 3062 ζητεῖ,
3037 2999 3105 3057 ὡς
3143 2995 3203 3046 ἂν
3260 2998 3332 3061 μὴ
3386 2995 3443 3046 ἐκ
3501 2998 3704 3064 πρώτης
3753 2984 3888 3058 βαρη-

2334 3088 2439 3148 θεὶς
2478 3084 2749 3151 ἀναπέση;
2789 3085 2983 3137 Πολλοὺ
3022 3104 3078 3157 γε
3115 3089 3204 3135 καὶ
3244 3080 3324 3137 δεῖ
3363 3104 3375 3116 ’
3412 3083 3640 3153 εὐθύμως
3691 3080 3768 3128 καὶ

2331 3177 2419 3235 τάς
2476 3173 2681 3234 ἐντολὰς
2736 3172 3072 3245 ἑπωμίζεται,
3155 3177 3242 3224 καὶ
3322 3176 3572 3241 γενναίως
3640 3171 3725 3223 τὴν
3788 3176 3885 3232 προς

2332 3267 2458 3315 Θεὸν
2490 3267 2681 3320 ταύτην
2733 3264 2965 3334 ἄγουσαν
3033 3265 3269 3327 εἴσεισιν,
3312 3261 3584 3332 εὐθαρσῶς
3632 3253 3685 3308 δὲ
3736 3248 3887 3323 μᾶλλθν

2329 3352 2484 3404 εἰπεῖν
2542 3355 2673 3426 πρὸς
2727 3356 2781 3404 τὸ
2837 3361 2931 3413 τῆς
2992 3346 3286 3423 μοναδικῆς
3328 3344 3560 3403 στάδιον
3622 3337 3883 3396 ἀποδύεται,

2327 3441 2543 3513 καὶούχ
2574 3443 2738 3512 δτίἹε
2799 3441 2864 3501 εἰς
2918 3439 3195 3492 πένταθλον
3250 3438 3599 3511 ἐπαλείφεται,
3647 3429 3745 3482 ἀλλ’
3795 3424 3887 3478 «λη-

2330 3534 2429 3591 θώς
2469 3530 2624 3582 εἰπεῖν
2677 3534 2745 3590 είς
2796 3528 3079 3601 μυρίαθλον
3134 3526 3409 3599 (17).⁷Αρ’
3475 3524 3562 3576 οὗν
3612 3514 3882 3587 ὑποδέχεται

2326 3621 2415 3691 μὲν
2478 3618 2794 3692 θαρσαλέως,
2859 3618 2917 3668 ού
2974 3622 3111 3691 φέρει
3178 3612 3237 3668 δὲ
3293 3622 3595 3689 καρτερῶς·
3649 3610 3675 3665 ἡ
3732 3607 3879 3699 sicsic:

2327 3710 2416 3780 μὲν
2474 3705 2757 3771 ἀπτοήτως,
2810 3706 2867 3757 ού
2937 3706 3157 3779 στερρῶς
3215 3701 3272 3756 δὲ
3339 3701 3742 3775 Eri-mmigrat;
3792 3696 3876 3785 Οξκ

2328 3798 2441 3848 ἔστι
2470 3803 2622 3848 τοῦτο
2653 3798 2829 3857 εἰπεῖν,
2872 3794 2965 3846 ουκ
2995 3797 3155 3851 ἔστιν.
3187 3792 3391 3865 Ἀμέλει
3438 3811 3518 3844 τοι
3569 3792 3652 3840 καὶ
3698 3782 3787 3850 οὐχ
3829 3796 3875 3826 ω’

2331 3884 2705 3957 Ὀλυμπιᾶσιν,
2733 3886 2762 3943 ἡ
2797 3884 2843 3936 ἐν
2874 3885 3069 3955 Νεμέᾳ,
3133 3883 3160 3942 ἦ
3224 3883 3428 3953 Ἰσθμοῖ
3480 3878 3737 3932 νενικηκὼς
3783 3882 3873 3916 στίν

2332 3978 2543 4043 φανίτης
2598 3976 2956 4046 μικροπρεπὴς
3014 3967 3403 4038 ἀναδείκνυται,
3464 3973 3492 4026 ἦ
3552 3968 3635 4017 καὶ
3689 3967 3775 4011 τῶν
3816 3967 3875 4045 τξς

3745 4052 3803 4113 τῷ
3836 4056 3876 4090 ιχ

2330 4066 2722 4135 κεκρατηκότων
2773 4064 2838 4111 τά
2898 4062 3231 4117 Παναθήναια
3288 4060 3518 4130 στεφάνῳ
3570 4055 3703 4124 τάχα
3745 4055 3803 4113 τῷ
3836 4056 3870 4138 εξ

3812 4145 3875 4179 καί

2331 4154 2539 4211 κοτίνης
2567 4154 2699 4222 μέγα
2730 4158 2899 4221 κομῶν
2954 4152 2984 4207 ἦ
3045 4147 3309 4199 ἀνασοϐῶν
3367 4151 3453 4198 τὸν
3511 4144 3563 4196 ἐκ
3610 4144 3767 4193 πίτυος

2331 4241 2397 4290 τὰ
2420 4242 2647 4311 μέγιστα
2677 4237 3140 4311 ἐπιϐρενθυὸμενος,
3193 4237 3221 4295 ἡ
3281 4245 3405 4307 γούν
3472 4237 3616 4306 ἱεροῖς
3658 4243 3751 4278 τισι
3795 4235 3876 4289 μη·

2331 4326 2453 4389 λοις,
2508 4326 2697 4399 μᾶλλον
2746 4323 2795 4378 δ’
2854 4325 3075 4399 ἀνιέροις
3126 4325 3631 4399 περιθρυλλούμενος,
3677 4316 3761 4365 ὑπὸ
3805 4322 3873 4377 μεν

2331 4422 2736 4490 νουνεχεστέρων
2800 4416 2905 4488 οὐχ
2978 4417 3131 4474 ἧττον
3201 4416 3573 4487 εμπαιζόμενος
3641 4409 3668 4463 ἦ
3732 4404 3874 4489 θριαμζ

2334 4503 2622 4578 δευόμενος,
2675 4509 2774 4557 ύπο
2829 4503 2887 4557 δὲ
2940 4501 3329 4577 παιδισκαρίων
3388 4500 3751 4577 περιϐοὼμενοςς
3803 4498 3870 4532 καί

2334 4596 2444 4656 τὸῖς
2470 4594 2524 4645 ἐκ
2553 4603 2643 4655 τῆς
2688 4602 2878 4654 σιηνῆς
2933 4598 3297 4666 συριττόμενος
3356 4596 3384 4650 ἧ
3455 4593 3540 4642 καὶ
3594 4592 3658 4654 τῷ
3717 4595 3762 4629 εκ
3801 4584 3872 4666 ξηί

2335 4688 2522 4756 μοίρας
2562 4681 2923 4757 ἀληλιμμένος,
2977 4686 3065 4733 καὶ
3130 4681 3313 4754 βραχύ
3367 4689 3439 4749 τῲ
3493 4679 3657 4751 χρόνῳ
3704 4658 3871 4761 πεξιλω

2335 4770 2594 4845 λούμενος,
2633 4778 2809 4846 μονοις
2838 4791 2897 4843 γε
2953 4774 3097 4843 τάχα
3170 4777 3274 4831 τοῖς
3326 4779 3416 4829 τῆς
3478 4760 3693 4839 χυδαίοις
3736 4759 3871 4850 τξιχηξ

2876 4860 2980 4911 ἀλλ’
3061 4860 3219 4922 ἔξεισι
3292 4861 3590 4930 στεφανίτης
3662 4850 3866 4934 ουρίξνίθίν

2340 4947 2569 5022 ἀγγέλοις
2610 4970 2661 5003 τε
2704 4956 2791 5002 καὶ
2848 4948 3141 5021 ἱσαγγέλοις
3192 4944 3419 5023 ἀνδράσι
3467 4927 3867 5017 περιστοιχιξοέξν

2337 5046 2422 5103 νος
2459 5059 2512 5092 τε
2560 5043 2649 5091 κάι
2709 5042 3115 5111 θαυμαζόμενος,
3178 5039 3389 5111 θέατρον
3440 5032 3628 5089 ἀληθῶς
3679 5035 3752 5070 και
3786 5026 3867 5113 ,αἸ·

2336 5130 2502 5205 γέλοις
2559 5149 2646 5180 και
2713 5127 3021 5202 ἀνθρώποις,
3087 5128 3220 5176 κατά
3271 5129 3354 5177 τὸν
3401 5123 3640 5196 μακάριον
3693 5098 3864 5193 "evicti,

2337 4866 2426 4913 καὶ
2509 4866 2772 4935 σύρφακος
2806 4883 2817 4893 -

2336 5226 2640 5294 γενόμενος·
2673 5217 2968 5274 ἐκπλήττων
3025 5212 3267 5273 δηλονότι
3325 5234 3414 5264 και
3462 5214 3550 5266 τὴν
3597 5204 3761 5273 ὁρατην
3800 5202 3865 5256 φιν

2339 5330 2420 5362 σιν
2447 5329 2535 5360 και
2564 5312 2657 5366 τὴν
2689 5305 2927 5381 ἀόρατον,

2338 5560 2427 5631 his
2444 5558 2713 5631 quinque
2733 5554 2964 5631 artibus
2981 5550 3319 5631 constabat,
3342 5551 3500 5605 Jactu
3525 5534 3672 5631 disci,
3702 5529 3855 5582 cursu,

2340 5624 2511 5701 saltu,
2532 5624 2920 5707 jaéulatione,
2949 5624 3291 5699 luctatione.
3315 5644 3344 5671 ››
