4084 6206
546 320 648 379 863

1746 312 2204 375 CONSTANTINI
2238 304 2725 377 ACROPOLITE.
3801 324 3896 382 864

545 444 758 515 ﬁgens,
779 440 1061 513 cognovit
1086 439 1286 514 ipsum
1317 455 1471 506 esse,
1496 440 1669 512 cujus
1693 439 1989 498 famulitio
2008 440 2204 498 fuerat

2326 442 2529 514 ἱγνωκεν
2560 442 2711 512 εἶναι,
2751 439 2812 496 οὔ
2850 444 2976 506 τέως
3032 447 3139 504 τοὶς
3202 440 3533 517 προσπόλοις
3593 448 3896 505 συντέτακτο.

549 533 862 605 ascriptus.
886 534 1014 589 Mox
1041 534 1245 587 autem
1270 530 1334 586 in
1362 532 1628 588 mentem
1654 533 2033 587 recurrerunt
2056 544 2204 603 opes

549 625 607 679 et
635 621 822 692 gloria
851 620 964 676 viri
1029 618 1297 692 pristina,
1358 619 1478 676 fors
1522 619 1703 676 etiam
1740 618 2079 691 benignitas
2132 633 2204 675 ac

547 709 954 770 mansuetudo
1002 724 1147 780 erga
1188 709 1452 767 famulos
1484 709 1926 767 observabatur
1951 710 2201 775 animo;

550 814 808 873 eumque
860 813 1033 870 egere
1085 814 1297 871 reapse
1344 798 1786 873 suspicabatur,
1847 799 1923 867 ei,
1986 798 2093 872 qui
2141 798 2205 854 in

549 889 888 956 adversam,
912 892 978 945 ut
996 889 1184 957 aiunt,
1212 888 1517 946 fortunam
1538 888 1890 962 impegerat,
1916 887 2066 945 bene
2086 886 2206 944 vel-

547 978 603 1035 le
631 977 973 1051 incipiebat.
1004 980 1202 1034 Bonus
1232 993 1374 1049 ergo
1398 977 1497 1035 ille
1522 977 1804 1050 famulus,
1832 976 1997 1035 bona
2024 976 2205 1037 etiam

551 1068 821 1139 cogitans
856 1067 1091 1138 (solent
1147 1067 1306 1125 enim
1353 1066 1617 1125 dominis
1661 1067 1807 1137 suis,
1865 1071 1930 1125 ut
1967 1066 2202 1132 dicitur,

551 1157 707 1214 servi
755 1172 885 1214 esse
940 1157 1216 1229 similes)
1262 1156 1784 1213 indiscriminatim
1842 1155 2204 1221 numeravit,

551 1251 847 1320 quantum
890 1262 999 1319 pro
1067 1246 1282 1319 sportis
1333 1246 1724 1317 exigebatur:
1787 1249 1843 1303 et
1890 1244 2071 1302 veluti
2130 1243 2207 1299 de

552 1339 860 1391 contractu
887 1335 1001 1391 sibi
1054 1334 1407 1406 gratulatus,
1465 1351 1502 1391 a
1565 1334 1805 1405 negotio
1860 1334 2207 1406 importuno

553 1439 693 1480 eum
715 1422 1025 1490 subtraxit,
1053 1423 1157 1496 qui
1182 1426 1248 1479 ut
1292 1424 1503 1497 procul
1537 1439 1573 1478 a
1602 1423 1761 1479 curis
1817 1420 2207 1479 saecularibus

553 1513 796 1581 viveret,
827 1513 1070 1582 negotia
1107 1512 1315 1569 omnia
1341 1511 1750 1569 abdicaverat.
1783 1512 1875 1569 Sic
1899 1510 2003 1585 qui
2034 1514 2211 1566 antea

554 1601 828 1674 plurimis
858 1601 1194 1673 stipabatur
1228 1600 1546 1673 equitibus,
1580 1615 1743 1656 nunc
1774 1599 1938 1656 solus
1998 1601 2214 1655 Dama-

556 1706 659 1747 sco
693 1690 1029 1761 egrediens,
1066 1696 1224 1747 retro
1250 1691 1411 1747 unde
1438 1696 1680 1748 venerat
1744 1690 1956 1748 rediit:
2015 1703 2214 1762 neque

2313 534 2571 605 Παραυτᾶ
2636 538 2762 604 γοῦν
2830 535 2920 585 καὶ
3009 532 3234 586 πλούτου
3338 532 3763 607 ἀνεμιμνῄσκετο,
3822 545 3898 591 καὶ

2315 616 2477 685 δόξαν
2515 620 2860 693 ἀνελογίζετο,
2891 622 3036 694 τάχα
3066 617 3118 675 δ’
3149 620 3209 674 ἂν
3244 626 3340 676 καὶ
3382 626 3479 682 τήν
3509 625 3641 698 πρὸς
3682 629 3738 677 τὸ
3781 626 3897 681 εἱλω-

2312 713 2458 764 τικὸν
2488 712 2691 783 εὐμενὲς
2746 710 2906 764 αὑτοῦ
2958 715 3049 763 καὶ
3102 710 3348 783 γαλήνιον
3405 712 3789 787 παρεισεκύκλει
3837 724 3897 788 τῷ

2313 799 2574 874 λογισμῷ,
2605 804 2696 852 καὶ
2729 808 2929 875 χρῆναι
2992 802 3199 863 πάντως
3263 799 3597 873 ἱπελογίζετο
3650 807 3735 855 καὶ
3783 803 3897 859 ἄναν-

2313 892 2403 940 τία
2429 907 2505 960 γε,
2538 889 2565 941 ὃ
2592 906 2740 961 φασι,
2768 892 3109 963 περιτυχόντι
3137 896 3210 961 τῷ
3267 886 3493 963 δαίμονι
3545 889 3741 946 εὐνοεῖν.
3777 900 3898 967 Χρη-

2317 979 2415 1034 στά
2453 984 2575 1050 γοῦν
2604 978 2769 1039 οὕτως
2806 979 2831 1030 ὁ
2860 982 3101 1053 χρηστὸς
3141 978 3327 1040 ἐκεῖνος
3379 987 3494 1041 τοῖς
3541 983 3743 1055 τρόποις
3778 981 3894 1036 οἰκέ-

2315 1085 2407 1128 της
2472 1065 2726 1130 ἐννοηθεὶς
2782 1068 2802 1139 (
2850 1070 2993 1121 εἴωθε
3057 1071 3293 1143 καὶγὰρ
3352 1076 3467 1131 τοῖς
3518 1070 3791 1145 ἄρχουσιν,
3838 1074 3894 1133 ὥς

2318 1175 2470 1229 φασι,
2521 1156 2987 1230 συνεξομοιοῦσθαι
3064 1158 3123 1210 τὸ
3182 1156 3546 1234 ὑποχείριον)
3612 1154 3893 1230 ἀδιακρίτως

2317 1246 2509 1298 ὁπόσον
2548 1244 2632 1298 ἰπὶ
2690 1252 2808 1307 ταῖς
2875 1252 3125 1320 σπυρίσιν
3177 1244 3439 1320 ἀπῃτεῖτο
3497 1245 3892 1319 καταϐαλόμενος,

2315 1339 2407 1388 καὶ
2436 1333 2900 1408 ἐπευχαριστήσας
2951 1338 3123 1411 ὥσπερ
3159 1343 3251 1390 τοῦ
3324 1335 3765 1409 συναλλάγματος,
3814 1342 3896 1411 μό-

2316 1424 2397 1487 λις
2448 1422 2710 1487 ἀπήλλαξε
2739 1427 3061 1500 πραγμάτων
3117 1429 3205 1479 τὸν
3257 1427 3392 1501 ὑπὲρ
3453 1433 3549 1479 τοῦ
3597 1425 3897 1501 ἀπραγμόνως

2321 1512 2487 1573 ζῆσαι
2534 1512 2753 1567 πλεῖστα
2804 1516 2939 1567 πάνυ
2988 1523 3089 1567 τῶν
3153 1517 3484 1589 πραγμάτων
3535 1513 3894 1589 ἀποϐαλόμενον.

2324 1606 2425 1655 Καὶ
2448 1609 2574 1674 γοῦν
2600 1604 2627 1655 ὁ
2665 1606 2765 1677 πρὸ
2805 1611 2895 1656 του
2924 1603 3186 1668 πλείστοις
3226 1606 3310 1657 ὅτι
3363 1612 3473 1665 τοῖς
3534 1607 3766 1666 ἱππόταις
3810 1624 3896 1657 παι

2323 1697 2735 1767 ραπεμπὸμενος,
2820 1701 3115 1766 μονώτατος
3191 1700 3279 1754 τὴν
3409 1698 3685 1768 Δάμασκον
3761 1693 3894 1757 ἐξιὼν,

557 1778 719 1835 enim
779 1794 1089 1850 regressus
1154 1780 1376 1851 fuisset,
1435 1780 1551 1836 nisi
1597 1780 1888 1837 mandato
1954 1781 2214 1851 expleto,

2326 1781 2633 1857 παλίνορσος
2673 1779 2914 1858 βαδίζων
2968 1782 3270 1848 ἀνέζευξεν·
3328 1781 3460 1837 οὐδὲ
3505 1787 3606 1859 γάρ
3663 1783 3718 1835 ἂν
3771 1782 3893 1835 ἐπαν-

557 1870 837 1944 quamvis
859 1870 1203 1941 contigisset
1223 1872 1275 1927 ei
1306 1871 1616 1928 immorari
1641 1871 1866 1928 diutius
1900 1888 1913 1927 :
1943 1875 2000 1928 et
2019 1870 2219 1943 potius

558 1959 869 2016 circuisset
898 1962 1023 2016 tota
1050 1960 1171 2017 vita
1196 1976 1309 2016 sua
1349 1960 1501 2017 inter
1537 1960 1799 2018 ludibria
1853 1959 2221 2033 exprobran-

559 2049 705 2107 tium
714 2091 727 2114 ,
747 2048 912 2121 quod
930 2048 1077 2105 viles
1090 2049 1324 2106 reculas
1339 2053 1462 2106 tam
1474 2049 1657 2107 charo
1669 2053 2013 2124 exponeret,
2031 2063 2220 2122 quam

558 2139 745 2195 Patris
760 2138 849 2194 sui
865 2138 1186 2211 spiritualis
1198 2143 1565 2213 praeceptum
1578 2154 1701 2197 non
1714 2144 1866 2197 esset
1879 2142 2215 2196 excecutus:

558 2226 731 2283 rediit
757 2231 958 2284 autem
999 2228 1239 2301 tropaeis
1289 2230 1513 2299 gravis,
1563 2244 1703 2303 quae
1752 2232 2016 2305 superbo
2061 2227 2219 2285 hosti

560 2329 848 2387 generose
872 2316 1240 2375 obluctando
1264 2317 1622 2376 detraxerat.

637 2504 719 2558 t3.
756 2502 872 2559 Sed
905 2504 1121 2576 excipit
1149 2521 1260 2561 nos
1291 2505 1474 2574 aliud,
1508 2521 1632 2563 non
1661 2506 1913 2563 dixerim
1960 2504 2037 2562 de
2082 2519 2218 2577 pec-

563 2595 695 2648 cato
727 2596 1042 2665 tropaeum,
1068 2610 1273 2651 verum
1300 2612 1372 2652 ex
1419 2612 1609 2669 parva
1656 2596 1924 2670 quadam
1956 2595 2196 2652 occasio

562 2696 637 2738 ne
658 2680 867 2752 ingens
893 2681 1145 2740 facinus.
1178 2686 1353 2741 Beato
1375 2686 1499 2742 viro
1525 2686 1707 2742 vicini
1729 2685 2088 2742 habitabant
2107 2683 2217 2739 fra-

563 2773 683 2826 tres
712 2770 857 2836 duo,
878 2771 1138 2829 fraterna
1158 2774 1310 2830 inter
1339 2790 1400 2830 se
1427 2774 1710 2832 charitate
1737 2774 2041 2846 conjuncti
2070 2789 2083 2839 ;
2112 2787 2222 2828 nec

563 2860 723 2916 enim
764 2861 966 2918 minus
994 2862 1107 2919 sibi
1145 2860 1670 2937 conjungebantur
1726 2866 1969 2939 spiritus
2013 2877 2223 2919 eorum

564 2965 637 3005 ex
661 2951 962 3030 propositi
982 2952 1371 3012 similitudine
1388 2971 1574 3030 quam
1604 2970 1859 3028 corpora
1886 2970 1959 3013 ex
1980 2956 2223 3009 natura.

564 3041 788 3097 Horum
814 3040 963 3099 alter
993 3043 1268 3102 sublatus
1302 3062 1334 3102 e
1376 3047 1528 3103 vivis
1557 3046 1811 3104 alterum
1864 3060 2016 3121 pene
2067 3056 2223 3100 mor-

2328 1870 2451 1931 ἦλθε
2474 1876 2544 1944 μὴ
2602 1875 2660 1926 τὸ
2725 1875 2840 1926 κατ’
2907 1872 3111 1933 ἑντολὴν
3172 1872 3466 1943 ἐκπλήσας,
3535 1872 3628 1926 κᾶν
3690 1873 3809 1925 οὕτω
3850 1891 3895 1944 γε

2326 1965 2494 2034 τυχὸν
2523 1961 2593 2024 εἰς
2656 1965 2855 2036 μακρὸν
2920 1964 3053 2036 ἄγαν
3114 1964 3490 2040 ὑπερημέρησε
3518 1983 3531 1998 ο
3602 1963 3771 2015 θᾶττον
3812 1964 3890 2035 γὰρ

2328 2050 2389 2103 ἂν
2435 2056 2647 2126 περιιὼν
2703 2057 2793 2106 καὶ
2835 2052 3143 2126 παιζόμενος
3218 2055 3421 2108 οὑτωσὶ
3465 2051 3654 2107 πολλοῦ
3683 2054 3743 2104 τὰ
3786 2070 3893 2122 γαυ-

2326 2138 2518 2193 λὸτατα
2591 2143 2909 2214 ἐκτιθέμενος
2977 2148 3071 2203 τήν
3140 2146 3277 2206 ζωὴν
3344 2143 3696 2216 ἑξεμέτρησεν,
3748 2140 3773 2199 ἦ
3820 2146 3889 2191 τοῦ

2325 2237 2677 2303 πνευματικοῦ
2732 2234 2937 2305 Πατρὸς
3020 2230 3169 2290 ἀτελῆ
3246 2240 3459 2306 παρῆκε
3534 2235 3626 2289 τὴν
3681 2228 3888 2286 ἐντολήν·

2327 2319 2459 2377 πλὴν
2520 2318 2625 2372 ἀλλ’
2702 2322 2923 2380 ἐπανῆκε
3026 2325 3412 2396 τροπαιοφόρος
3482 2325 3572 2373 καὶ
3647 2320 3889 2392 ὑπέροῖιρνν

2326 2415 2571 2483 γενναίως
2607 2410 3009 2474 καταπαλαίσας
3045 2409 3349 2467 ἀντίπαλον.

2399 2509 2512 2581 μγ’.
2556 2508 2689 2563 Ἀλλ’
2744 2506 3021 2582 ἐκδέχεται
3078 2513 3217 2583 ἡμᾶς
3260 2512 3456 2585 ἕτερον,
3514 2507 3609 2561 οὐκ
3643 2506 3699 2559 ἀν
3733 2507 3889 2576 εἳποιμι

2331 2596 2707 2673 ἀποπτώματος
2780 2603 3048 2672 τρόπαιον,
3126 2598 3232 2652 ἀλλ’
3282 2597 3341 2651 ἐκ
3415 2604 3608 2674 μικροῦ
3660 2613 3781 2654 τινος
3820 2598 3889 2645 τοῦ

2333 2686 2675 2760 συμϐάματος
2718 2693 2855 2762 μέγα
2889 2688 3003 2741 λίαν
3078 2687 3396 2765 ἀρίστευμα.
3453 2691 3683 2758 Μοναχώ
3726 2688 3888 2748 τινετῷ

2330 2782 2571 2851 μακαρίῳ
2626 2781 2716 2850 μὲν
2812 2776 3090 2854 ἀγχιθύρω
3147 2777 3509 2851 ἐτυγχανέτην
3560 2781 3686 2842 ὅντε,
3724 2769 3887 2842 ἀδελφὼ

2334 2862 2392 2919 δὲ
2431 2870 2595 2926 ἤστην
2649 2865 2907 2938 ἀλλήλοιν,
2965 2872 3055 2921 καὶ
3109 2869 3406 2943 ἐφρονξίτην
3462 2863 3749 2938 adsignati:
3807 2859 3886 2930 οὐχ

2333 2955 2483 3013 ἧττον
2531 2958 2629 3030 γὰρ
2708 2955 2762 3009 ἐκ
2842 2960 3188 3033 προαιρέσεως
3247 2956 3604 3015 σἀνεπτέσθην
3653 2960 3719 3023 τῷ
3761 2950 3885 3003 πνῖὲ-

2332 3064 2459 3118 ματι
2488 3043 2516 3104 ἲ)
2550 3052 2655 3105 τοῖς
2682 3050 2921 3119 σώμασιν
2952 3044 3051 3099 ἀπὸ
3111 3049 3329 3119 φύσεως.
3382 3048 3589 3100 Τούτων
3650 3042 3808 3114 ἅτερος
3849 3034 3888 3095 ἐξ

567 3131 738 3186 tuum
793 3131 1063 3206 reliquit:
1121 3150 1265 3191 nam
1313 3135 1362 3192 is
1414 3135 1749 3194 calamitate
1804 3136 1921 3193 ista
1977 3147 2216 3208 prorsus

2335 3131 2614 3208 ἀνθρώπων
2669 3139 2959 3211 γενόμενος,
3009 3143 3200 3210 μικροῦ
3281 3138 3462 3210 νεκρὸν
3528 3130 3750 3187 κατελιπε
3817 3126 3885 3177 ϐάν

562 3218 776 3291 victus,
798 3237 920 3278 non
937 3224 1293 3284 admittebat
1309 3226 1738 3295 consolatores,
1760 3242 1883 3284 non
1904 3222 2229 3297 recipiebat

568 3308 902 3367 hortatores
933 3328 945 3379 ;
974 3315 1078 3370 sed
1109 3318 1448 3390 cuicunque
1487 3317 1701 3375 rationi
1768 3330 1944 3373 aures
1990 3310 2229 3386 penitus

569 3398 925 3461 occluserat.
969 3408 1107 3463 Post
1134 3405 1283 3463 alios
1315 3423 1456 3480 ergo
1478 3408 1699 3480 plures,
1721 3406 1800 3463 ad
1822 3421 1961 3461 eum
1988 3414 2232 3476 quoque

567 3491 820 3549 accessit
843 3492 944 3550 illa
967 3498 1391 3568 compassione
1425 3496 1774 3569 plenissima
1804 3496 2030 3566 anima,
2054 3494 2236 3548 Joan-

562 3592 694 3650 nes,
737 3582 906 3638 vultu
944 3583 1175 3650 hilaris,
1203 3601 1478 3643 sermone
1524 3587 1745 3652 suavis,
1780 3590 1835 3643 et
1860 3590 2114 3658 utroque
2136 3596 2232 3637 ve.

569 3667 874 3737 nerabilis,
907 3674 1364 3748 conabaturque
1404 3691 1724 3732 maerorem
1754 3675 2031 3731 eximere.
2075 3669 2230 3740 Quid

568 3758 768 3812 autem
826 3775 947 3816 non
978 3762 1335 3832 excogitavit
1362 3781 1483 3838 quo
1526 3766 1655 3837 ejus
1706 3766 1978 3822 animum
2034 3762 2113 3819 ad
2166 3775 2227 3816 se

566 3851 923 3906 revocaret?
947 3851 1094 3923 quid
1123 3867 1245 3909 non
1278 3855 1522 3911 contulit
1556 3871 1628 3912 ex
1671 3856 1857 3912 sacris
1907 3853 2223 3928 Scripturis

567 3950 690 4008 quo
716 3939 1065 4010 passionem
1090 3944 1460 4001 consolando
1504 3944 1765 4004 leniret?
1810 3948 2085 4016 Omnem,
2140 3949 2222 4006 uti

566 4025 801 4099 dicitur,
828 4031 1090 4103 lapidem
1117 4035 1322 4102 movit;
1354 4035 1457 4091 sed
1479 4036 1664 4093 nihilo
1687 4036 1821 4109 plus
1846 4036 2217 4111 proﬁciebat,

565 4130 753 4188 quam
784 4124 992 4177 statuae
1035 4122 1384 4198 colloquens
1422 4126 1516 4182 vel
1563 4126 1951 4183 adamantcm
2005 4131 2217 4183 terens.

564 4206 828 4263 Tandem
859 4212 1059 4267 tamen
1087 4213 1256 4285 (nam
1288 4216 1466 4272 etiam
1494 4222 1660 4285 gutta
1698 4216 1920 4273 cadens
1977 4216 2219 4274 assidue

565 4298 799 4364 petram
828 4302 1120 4374 excavat)
1149 4304 1321 4360 rediit
1350 4310 1656 4379 utcunque
1710 4307 1787 4363 ad
1819 4322 1947 4363 sese
2004 4321 2218 4362 mona-

568 4383 738 4450 chus,
773 4384 1007 4459 sibique
1032 4405 1102 4444 ac
1129 4394 1330 4447 sensui
1378 4395 1703 4461 restitutus,
1758 4393 2086 4467 Siquidem.
2134 4394 2217 4450 in.

2336 3243 2520 3300 τερον·
2551 3232 2611 3297 τῇ
2672 3227 2773 3300 γὰρ
2840 3232 3083 3299 συμφορᾴ
3133 3228 3405 3300 κατάκρας
3462 3223 3641 3283 ἐκεῖνος
3701 3216 3887 3300 ἐύωκῷς

2337 3313 2733 3390 παρακλήτορας
2782 3315 2842 3368 οὐ
2891 3319 3154 3388 προσίετο,
3208 3316 3524 3388 πάραινέτας
3595 3309 3651 3363 οὖ
3712 3297 3887 3378 ποιρεδέ⁴

2340 3424 2488 3478 χετο,
2521 3404 2765 3467 καθάπαξ
2797 3401 2855 3459 δὲ
2898 3408 3022 3478 πρὸς
3051 3406 3219 3458 πάντα
3268 3403 3423 3476 λόγον
3452 3407 3545 3462 τὴν
3599 3398 3746 3455 ἀκοὴν
3790 3390 3887 3444 ἀπο⁶

2341 3494 2625 3549 κέκλειστο.
2680 3494 2834 3548 Ἀλλά
2881 3499 3126 3568 πρόσεισι
3172 3496 3340 3567 τούτῳ
3387 3495 3517 3568 μετά
3567 3488 3778 3561 συχνοὺς
3814 3479 3885 3531 ἀλ·

2340 3582 2457 3646 λονς
2496 3584 2636 3643 καὶὴ
2698 3584 3105 3657 συμπαθεστάτη
3146 3581 3328 3657 ψυχὴ,
3359 3585 3386 3635 ὁ
3438 3580 3628 3654 γλυκὺς
3677 3572 3884 3631 Ἰωάννης,

2339 3676 2365 3728 ὁ
2385 3680 2475 3727 καὶ
2496 3678 2588 3733 τὴν
2615 3672 2733 3746 ὄψιν
2764 3669 2918 3740 ἡδὺς,
2950 3678 3040 3725 καὶ
3069 3676 3153 3726 τόν
3192 3672 3343 3744 λόγον
3400 3674 3589 3746 πραῢς,
3627 3668 3710 3719 καὶ
3767 3659 3885 3712 ἔπιεν

2336 3773 2435 3825 κῶς
2460 3760 2733 3837 αἰδέσιμος
2763 3761 2879 3815 κατ’
2938 3762 3223 3837 ἀμφότερα,
3277 3767 3369 3815 καὶ
3424 3758 3492 3819 δὴ
3552 3757 3770 3829 ἐπειρᾶτο
3810 3753 3881 3837 τίς

2334 3850 2557 3915 ἀκηδίας
2613 3851 3007 3926 ἀναλαμϐάνειν,
3066 3858 3119 3905 τί
3169 3855 3258 3925 μὲν
3305 3856 3381 3926 μὴ
3443 3849 3740 3923 ἀνευρίσκων
3785 3832 3879 3926 παρ’

2332 3945 2513 3999 ἑαυτοῦ
2540 3946 2711 3998 ἰκανὸν
2741 3942 3100 4019 παρακαλέσαι
3150 3941 3337 4015 ψυχήν
3382 3959 3395 4010 ;
3442 3943 3495 3995 τί
3552 3934 3608 3989 δε
3660 3935 3724 4005 μὴ
3766 3941 3876 4023 παρέ

2328 4042 2428 4087 τῶν
2486 4040 2699 4107 Γραφῶν
2733 4031 3065 4105 ἐπισυνείρων
3134 4034 3264 4107 πρὸς
3317 4033 3377 4083 τό
3418 4030 3693 4097 κατασχεῖν
3726 4036 3775 4070 το
3800 4030 3874 4107 παῖ

2332 4125 2413 4186 θος
2441 4123 2921 4199 παραμυθήσασθαι
2951 4139 2964 4190 ;
2994 4122 3169 4174 Πάντα
3215 4120 3404 4187 κάλων,
3438 4120 3465 4172 ὅ
3521 4132 3685 4191 φασιν,
3736 4106 3803 4158 ἐπὶ
3826 4118 3868 4151 το

2878 4233 2891 4245 ·
2948 4209 3052 4263 ἀλλ’
3111 4206 3171 4270 ἦν
3228 4213 3403 4283 ὥσπερ
3447 4202 3704 4279 ἀνδριάντι
3744 4207 3871 4287 προσς

3378 4300 3426 4354 ,Α
3438 4300 3640 4367 νανήφει
3684 4290 3811 4361 μόγις
3838 4296 3865 4367 ,ο

2327 4366 2860 4466 μοναχὸς(κοιλ.αίνει
2884 4393 2985 4466 γὰρ
3014 4387 3291 4462 ἐνδελεχὴς
3344 4395 3434 4444 καὶ
3475 4389 3655 4459 πέτραν
3704 4366 3865 4466 ῥαίνω)

2328 4212 2517 4267 ἀνύσαι
2558 4216 2818 4271 κεκίνηκεν

2328 4303 2517 4376 ομιλων
2575 4304 2603 4362 ἦ
2664 4301 2905 4375 περιξέων
2962 4297 3240 4373 ἀδάμαντα
3301 4322 3313 4335 ·

566 4474 713 4548 quit,
742 4476 1038 4533 consolari
1076 4494 1173 4536 me
1199 4482 1362 4546 velis,
1395 4500 1526 4555 age,
1581 4500 1876 4556 compone
1905 4484 2094 4541 melos
2122 4485 2216 4542 ali-

2328 4491 2416 4539 καὶ
2447 4484 2493 4538 ἐν
2526 4484 2687 4556 ἐαυτῷ
2713 4488 2934 4555 γίνεται,
2964 4486 3054 4534 καὶ
3084 4481 3153 4542 εἰς
3206 4481 3567 4547 συναίσθῆναι,
3618 4470 3752 4544 φησὶν
3797 4476 3864 4562 fa“

566 4565 751 4639 quod,
776 4566 941 4637 quod
964 4570 1386 4643 memetipsum
1408 4573 1769 4630 succinendo
1791 4573 2029 4629 dolores
2044 4574 2221 4633 infor-

567 4655 715 4712 tunii
740 4657 857 4712 mei
887 4656 1131 4728 leniam,
1165 4661 1267 4732 qui
1295 4661 1355 4716 in
1387 4662 1653 4719 animam
1686 4678 1884 4719 meam
1914 4662 2219 4723 incurren-

568 4749 677 4816 tes,
708 4745 1073 4804 intellectum
1105 4749 1466 4809 conturbant
1486 4756 1543 4809 et
1577 4768 1679 4809 cor
1702 4768 1906 4810 meum
1926 4753 2219 4827 quodam-

566 4836 751 4895 modo
776 4836 1202 4911 depascuntur.

637 5121 729 5176 44.
770 5118 872 5174 Cui
918 5118 1198 5189 Joannes,
1231 5121 1300 5174 Et
1334 5132 1478 5190 qua,
1525 5117 1738 5192 inquit,
1799 5119 2029 5177 ratione
2088 5120 2215 5177 ﬁeri

566 5210 800 5282 poterit,
830 5213 893 5265 ut
918 5209 1099 5265 Patris
1121 5206 1477 5265 mandatum
1503 5210 1927 5281 transgrediar,
1944 5209 2216 5266 absolute

561 5298 829 5372 jubentis
852 5296 1149 5353 abstinere
1177 5314 1213 5353 a
1242 5313 1605 5371 quocunque
1631 5299 1929 5371 ejusmodi
1956 5299 2217 5370 cogitatu

570 5390 664 5446 vel
693 5403 873 5462 opere
903 5388 929 5443 ?
959 5388 1146 5454 Levis,
1172 5389 1495 5461 respondet
1522 5390 1686 5457 alter,
1715 5389 1843 5446 hazc
1868 5388 2217 5446 inobedien-

570 5482 665 5540 tiae
686 5478 881 5554 culpa,
911 5483 1185 5552 respectu
1205 5478 1470 5537 utilitatis
1500 5495 1531 5535 e
1553 5494 1845 5537 converso
1865 5478 2218 5553 provenian-

568 5572 683 5632 tis:
712 5570 980 5631 animam
1028 5570 1189 5628 enim
1244 5574 1594 5630 maerentem
1652 5568 2058 5629 consolaberis
2111 5583 2218 5629 seu

568 5663 770 5744 potius
793 5662 1075 5726 retinebis
1093 5662 1490 5738 deﬁcientem,
1514 5679 1584 5725 ac
1600 5678 1753 5744 pene
1768 5662 1896 5741 jam
1915 5676 2218 5742 egressam

2325 4580 2412 4628 καὶ
2469 4581 2614 4647 γοῦν,
2658 4550 2761 4627 ’έῖ
2812 4592 2874 4646 με
2932 4570 3108 4645 βούλει
3190 4570 3606 4644 παρακληθῆσιν,
3665 4550 3859 4647 ἔρχεταὶῖ

2328 4664 2667 4736 εὐθυμότερον
2720 4660 2904 4721 ἐθέλεις
2969 4660 3279 4722 θεάσασθαι,
3337 4660 3429 4731 ἄγε
3482 4654 3651 4711 σύνθες
3700 4663 3759 4707 τι,
3796 4651 3863 4739 κξίί

2325 4749 2651 4827 μελῳδησον,
2680 4752 2815 4825 ᾧπερ
2867 4749 2926 4802 ἂν
2984 4750 3205 4823 ἐμαυτὸν
3257 4743 3557 4820 κατεπᾴδων
3597 4742 3656 4793 τὰ
3700 4732 3747 4827 ἓξ
3790 4739 3862 4827 "fi

2328 4819 2599 4917 συμφορᾶς
2663 4819 2805 4898 πάθῇ
2888 4819 3207 4912 κοιμήίζοιμι,
3265 4837 3396 4891 ἅττα
3433 4819 3551 4908 μοι
3598 4831 3682 4917 τὴν
3714 4819 3860 4911 ψυκῆ

2326 4916 2567 4999 ἐκϐαίνει,
2625 4934 2715 4983 καὶ
2766 4926 2948 4990 δεινῶς
3010 4931 3254 5004 ταράττει
3333 4929 3421 4979 τὸν
3478 4916 3727 4993 λογισμὸν»
3790 4916 3857 4952 ³³⁸

2323 5026 2417 5081 τὴν
2446 5016 2670 5096 καρδίαν
2701 5021 2874 5094 ὥσπερ
2905 5014 3342 5092 καταδαρδάπτει
3370 5034 3488 5088 μου.
3706 5093 3716 5099 .
3789 5085 3828 5099 υ

2394 5116 2510 5193 μεθ’·
2553 5123 2654 5173 Καὶ
2710 5118 2785 5184 ὃς,
2846 5122 2945 5170 καὶ
2987 5124 3099 5177 πῶς
3159 5113 3218 5166 ἂν
3273 5118 3366 5172 τὴν
3417 5105 3658 5182 πατρικὴν
3700 5085 3854 5193 tv”???

2394 5176 2405 5193 ⁸
2773 5176 2782 5184 ¹
3084 5176 3094 5177 7
3518 5176 3528 5182 '
3701 5187 3709 5200 ο

2322 5205 2635 5283 περιίδοιμι,
2695 5206 3011 5270 ἁπαξαπλῶς
3076 5203 3446 5275 ἐπισκήψασαν
3502 5176 3855 5309 ἀποστρεφεσθς

2339 5300 2357 5309 .-
2715 5304 2735 5309 -
2949 5302 2957 5309 ι
3080 5293 3098 5309 ς
3124 5298 3135 5309 ι
3410 5296 3421 5309 ι
3505 5285 3529 5309 2,
3552 5287 3728 5309 .‘-..unll
3769 5281 3779 5309 ἶ

2322 5300 2457 5351 ἅπαν
2483 5318 2539 5371 γε
2593 5304 2825 5350 τοιοῦτον
2875 5302 2965 5349 καὶ
3017 5293 3281 5368 μελέτημα
3338 5296 3428 5345 καὶ
3500 5281 3780 5371 ἐνέργνξμαιξ

2325 5385 2408 5455 δέ,
2434 5358 2634 5462 Μὶκρόν
2660 5388 2774 5441 ἴσθι
2808 5388 2866 5439 τὸ
2925 5393 3018 5447 τῆς
3075 5391 3345 5456 παρακοῆς
3399 5381 3587 5434 ταύτης
3630 5358 3853 5467 δξμξλαξης

2323 5498 2399 5554 μα
2457 5454 2587 5552 πρές
2640 5480 2700 5531 τὸ
2779 5475 2833 5531 ἰκ
2880 5483 2973 5537 τῆς
3042 5454 3277 5535 ὑπακοῆς
3331 5467 3492 5533 τῆσδε
3547 5454 3811 5554 κατόρθωέξῗ

2323 5530 2509 5644 ζνυχήν
2579 5566 2673 5622 οὐκ
2751 5564 3077 5642 ὀδυνωμίνην
3148 5561 3536 5642 παρακαλέσας,
3566 5550 3635 5644 -ἦ

2327 5626 2661 5719 έκλῖίπονσαν
2713 5626 2933 5738 istius;
2995 5626 3085 5714 καὶ
3131 5626 3324 5736 μιδίροῦ
3380 5648 3485 5711 δεῖν
3554 5626 3847 5712 ἀποιχομένου
