4084 6206
506 297 607 371 867

1700 282 2164 358 CONSTANTINI
2199 284 2669 356 amomum.

3758 299 3870 352 868

498 439 630 509 jam
660 436 889 495 Christo
916 432 1245 489 clamemus
1278 446 1290 483 :
1351 427 1633 501 Requiem
1656 426 1819 482 dona
1848 423 2147 482 translatis

2273 424 2426 475 τάντα
2455 422 2748 495 ἐξηφάνισε.
2781 423 2868 472 Διό
2910 428 3125 495 Χριστῷ
3156 430 3230 493 τῷ
3268 420 3506 493 ἀθανάτῳ
3538 419 3816 497 βηοὴσωμεν
3855 443 3870 453 ο

505 528 645 583 hinc
669 526 827 589 illuc,
854 523 959 579 ubi
981 519 1251 577 omnium
1286 517 1447 575 salus
1460 522 1566 573 est.
1591 519 1887 588 Oquantm
1922 515 2152 588 sapien-

512 616 607 672 tiae
640 615 832 687 plenae
852 616 989 666 sunt
1010 610 1099 665 ba:
1114 625 1321 681 paucae
1341 606 1611 679 syllabae!
1631 622 1854 678 paucae,
1878 605 2149 677 inquam,

507 702 749 775 syllabae
778 704 1052 772 respectu
1079 695 1437 768 amplissimi
1485 711 1666 767 quem
1698 695 2001 750 continent
2027 710 2155 749 sen-

508 808 632 849 sus:
653 789 895 863 qualem
923 786 1315 860 philosophiae
1338 783 1859 852 latitudinem,hoc
1904 782 2156 837 deﬁnitu

508 896 579 936 ac
610 883 949 935 memoratu
978 875 1147 931 facile
1178 874 1404 929 dictum
1464 872 1826 928 lUniversim
1876 870 2152 937 ostendit,

506 969 807 1041 planeque
834 967 1225 1029 demonstrat,
1250 970 1305 1018 et
1336 962 1609 1017 absolute
1640 960 1958 1025 concludit,
1993 958 2156 1015 nihili

511 1056 850 1114 faciendam
884 1055 1089 1117 vitam,
1112 1052 1277 1107 nihili
1310 1050 1624 1123 praesentia
1645 1050 1772 1104 haec
1802 1048 2158 1103 aestimanda

508 1162 661 1202 esse.
699 1145 924 1201 Similia
948 1141 1389 1199 dixissetetiam
1422 1139 1605 1210 is,qui
1629 1138 1899 1193 omnium
1928 1136 2158 1208 sapien-

508 1236 773 1291 tissimus
814 1232 1150 1288 declaratus
1203 1237 1291 1283 est
1350 1228 1649 1293 Salomon,
1685 1232 1737 1281 et
1787 1225 2030 1280 dixisset
2080 1225 2153 1291 ei,

508 1340 693 1396 quam
719 1323 942 1377 czelitus
974 1321 1225 1391 adeptus
1251 1322 1363 1385 est,
1383 1317 1685 1389 sapientiae
1719 1331 1987 1371 consona
2016 1332 2027 1368 :
2076 1313 2159 1369 di-

509 1417 602 1467 cta
626 1416 846 1472 autem,
878 1415 941 1465 ut
962 1406 1340 1471 admiranda,
1372 1405 1623 1459 fuissent
1643 1421 1817 1459 usum
1860 1402 2159 1475 proverbii

512 1502 739 1571 sortita,
769 1514 892 1555 non
920 1504 1121 1554 tamen
1144 1512 1390 1568 prorsus
1424 1509 1692 1549 consona
1718 1492 1915 1547 verbis
1928 1492 2057 1563 ejus
2080 1491 2157 1546 vi-

512 1595 706 1661 taeque
736 1588 1001 1651 dixisset,
1034 1589 1233 1640 motus
1259 1581 2161 1645 reverentiadoniexinde,sicut

511 1679 638 1749 ipse
668 1681 930 1741 testatur,
960 1674 1356 1746 procedentis,
1400 1676 1463 1727 ut
1515 1676 1747 1726 taceam
1806 1670 2157 1742 passionum

2260 516 2391 573 Τοὺς
2427 514 2783 584 μεταστάντας
2839 508 2894 572 ἐξ
2941 512 3086 583 ἡμῶν
3160 508 3481 577 ἀνάπαυσον,
3557 512 3680 562 ἔνθα
3740 513 3872 561 πάν-

2261 620 2359 652 των
2392 599 2533 653 ἐστὶν
2568 601 2597 658 ἡ
2634 604 2886 674 σωτηρία.
2939 600 2998 651 Ὠ
3042 603 3213 661 πόσης
3254 608 3407 651 τοῦτο
3459 603 3604 672 γεμει
3658 599 3871 671 φιλοσο-

2263 693 2383 761 φίας
2430 692 2485 740 τό
2525 684 2966 761 βραχυσύλλαϐον
3027 687 3038 741 l
3091 684 3536 759 βραχυσύλλαϐον
3579 690 3704 761 γὰρ,
3735 692 3873 761 πρὸς

2263 779 2323 837 ἣν
2366 779 2671 852 παριστάνει
2756 776 3024 837 πλατυκῶς
3106 779 3297 828 ἔννοιαν
3326 797 3339 808 ο
3372 777 3412 826 ὦ
3454 780 3624 833 πόσην
3680 781 3872 846 σοφίας

2265 866 2425 936 αύχεῖ
2476 864 2810 937 μεγαλόνοιαν
2863 868 2920 916 τὸ
2958 864 3221 936 εύόριστον
3268 872 3417 916 τοῦτο
3467 870 3557 915 καὶ
3610 864 3875 937 εὐμνημό-

2263 955 2479 1008 νευτονῐ
2548 959 2761 1014 Γενικῶς
2838 952 3195 1025 ἀποφαίνεται,
3257 952 3435 1014 όλικὼς
3495 950 3872 1019 ἀποδείκνυσι,

2268 1052 2461 1116 σεμνῶς
2510 1043 2790 1113 ἀναγκάζει
2861 1039 3026 1114 μηδὲν
3076 1043 3325 1113 ἡγεῖσθαι
3376 1046 3461 1094 τόν
3511 1039 3649 1114 βίον,
3700 1039 3875 1114 μηδὲν

2266 1136 2330 1185 τὰ
2382 1137 2613 1207 παρόντα
2656 1131 2979 1203 λογίζεσθαι.
3036 1128 3161 1184 Εἶπέ
3197 1152 3297 1183 που
3350 1139 3451 1183 τῶν
3497 1132 3655 1183 αὐτου
3703 1131 3875 1202 λόγων

2267 1228 2355 1273 xui
2413 1220 2641 1292 Σολομὼν
2702 1219 3067 1294 παραπλήσια,
3125 1221 3151 1271 ό
3205 1221 3409 1271 πάντων
3478 1222 3609 1291 μετά
3662 1223 3877 1271 πάντων

2267 1313 2725 1384 μεμαρτυρημένος
2770 1328 3060 1381 σοφωτοτος
3107 1330 3118 1341 ο
3162 1314 3251 1361 καὶ
3292 1306 3399 1361 εἶπε
3603 1309 3731 1371 ἀξια
3775 1317 3875 1370 τῆς

2272 1400 2329 1459 ἧς
2396 1400 2584 1450 ἀνωθεν
2635 1396 2857 1469 ἐσχήκει
2938 1402 3144 1469 σοφίας,
3202 1401 3293 1449 καὶ
3345 1394 3765 1470 ὶγνωμοδότησεν
3808 1400 3877 1457 ὡς

2668 1485 2775 1537 ἀλλ’

2268 1577 2438 1647 λόγοις
2487 1579 2577 1628 καὶ
2621 1577 2683 1626 τὰ
2720 1582 2811 1636 τῆς
2845 1570 3115 1647 διαγωγῆς
3153 1572 3451 1637 ἐπεδείξατο

2271 1489 2540 1560 θαυμάσια
2598 1507 2609 1519 ⁸
2668 1485 2775 1537 ἀλλ’
2853 1485 3095 1558 οὓμενουν
3154 1482 3437 1549 διαπαντός
3486 1483 3701 1559 συνῳδὰ
3764 1495 3879 1546 τοῖς

3510 1598 3523 1608 ·
3573 1572 3728 1628 αἰδοῖ
3769 1578 3876 1648 γὰρ

2268 1674 2363 1725 τῆς
2417 1663 2602 1716 ἐκεῖθεν
2663 1666 2731 1726 ὡς
2808 1664 2960 1724 αὐτὸς
2986 1661 3173 1726 ἐκεῖνος
3224 1668 3593 1739 μεμαρτύρηκε
3648 1661 3877 1738 δωρεᾶς,

515 1766 785 1823 omnium
817 1766 1245 1829 humanarum,
1276 1762 1473 1834 potius
1493 1760 1743 1817 dixerim
1783 1757 2157 1815 irrationabi-

2273 1759 2496 1826 παρίημι
2564 1752 2726 1825 λέγειν
2768 1755 2944 1805 παθῶν
3017 1752 3346 1828 ἀνθρωπίνων
3402 1758 3432 1812 ἤ
3493 1754 3685 1826 μᾶλλον
3763 1753 3883 1805 αλο-

514 1856 660 1912 lium
682 1854 1219 1926 compressionem,
1246 1854 1451 1906 Beatus
1468 1851 1563 1906 hic
1595 1854 1748 1905 certe
1783 1855 1841 1905 et
1867 1865 2004 1904 vere
2036 1865 2161 1920 per-

518 1944 705 1999 fectus
735 1944 921 1999 homo
943 1941 1068 2003 fuit.
1103 1941 1208 2013 qui
1249 1939 1360 1994 sibi
1415 1938 1662 1995 omnino
1724 1938 1999 1994 conscius
2037 1941 2161 1993 erat

513 2032 912 2089 collateralem
947 2034 1065 2087 Deo
1098 2028 1456 2101 sapientiam
1484 2043 1605 2082 non
1644 2026 1889 2099 quidem
1920 2026 2159 2099 petiisse

511 2121 739 2194 palam,
760 2118 865 2176 sed
894 2136 1032 2175 vere
1062 2116 1499 2189 accepisse,etsi
1531 2114 1996 2188 nonpropalaret
2013 2130 2161 2187 quo-

514 2210 697 2266 modo
729 2225 863 2265 eam
884 2206 1191 2280 receperit,
1212 2211 1412 2277 utpote
1430 2205 1782 2276 jactantiam
1802 2204 1919 2259 oris
1942 2220 2158 2275 usque-

513 2314 755 2371 quaque
786 2296 1115 2367 declinans;
1167 2311 1354 2367 quam
1414 2293 1472 2348 id
1506 2299 1709 2349 tamen
1752 2309 1957 2348 verum
2008 2296 2162 2348 esset

515 2401 790 2442 sermone
821 2383 999 2439 simul
1028 2389 1083 2439 et
1104 2399 1282 2454 opere
1310 2381 1645 2449 declarans,
1707 2380 1960 2436 Prorsus
2000 2379 2160 2436 enim

515 2489 760 2530 aversus
783 2488 818 2527 a
845 2471 1075 2527 mundo
1104 2476 1159 2526 et
1183 2469 1346 2525 omni
1366 2467 1576 2523 affectu
1634 2468 1959 2524 irrationali
1990 2485 2155 2542 supe-

514 2562 657 2627 rior,
692 2565 871 2633 atque
918 2566 983 2615 ut
1015 2558 1195 2614 verbo
1226 2558 1558 2621 absolvam,
1591 2573 1762 2629 aeque
1791 2556 2061 2613 faciendo
2092 2574 2161 2614 ac

518 2645 1307 2722 speculandophilosophari
1321 2644 1587 2713 edoctus,
1611 2645 1817 2700 omnia
1833 2646 2008 2700 simul
2022 2662 2162 2701 con-

518 2737 828 2794 temnebat
848 2742 902 2792 et
924 2734 1090 2791 nihili
1118 2734 1376 2790 faciebat
1408 2733 1631 2797 omnia;
1653 2734 1875 2806 quippe
1888 2735 1992 2807 qui
2017 2739 2163 2790 tem-

516 2826 749 2899 poralia
776 2830 831 2880 et
852 2831 1085 2880 terrena
1114 2830 1328 2879 cuncta
1372 2820 1570 2894 potius
1616 2837 1737 2877 non
1791 2839 1925 2878 esse
1978 2839 2163 2895 quam

516 2932 646 2971 esse
670 2913 973 2980 credebat;
1008 2917 1184 2985 atque
1216 2911 1370 2966 illius
1396 2911 1680 2984 praecipui
1712 2910 1855 2967 boni
1876 2912 2168 2968 duntaxat

517 3004 841 3076 cupiditate
863 3001 1181 3071 ﬂagrabat,
1246 3000 1411 3073 quod
1444 3016 1627 3071 supra
1671 3015 1780 3056 nos
1820 3007 1905 3056 est
1961 3005 2161 3072 atque,

516 3090 837 3159 ineffabile,
862 3096 919 3146 et
947 3090 1112 3162 quod
1141 3090 1417 3145 universa
1444 3104 1577 3161 qua:
1647 3093 1785 3145 sunt
1841 3105 2015 3145 suam
2062 3090 2164 3146 ha—
2193 3110 2236 3166 ο

517 3182 658 3237 bent
690 3179 780 3235 vel
813 3179 1113 3251 accipiunt
1150 3178 1494 3233 essentiam.

586 3288 675 3341 46.
714 3285 847 3352 Sed,
876 3301 911 3341 ο
934 3290 1314 3358 repentinum
1336 3300 1543 3339 casum
1574 3284 1713 3338 laut
1751 3283 1973 3356 potius,
2014 3300 2166 3353 euge

519 3374 871 3447 praeclaram
901 3373 1059 3429 beati
1081 3372 1266 3428 nostri
1287 3370 1501 3427 exinde
1552 3371 1970 3444 probationem
2004 3373 2016 3427 l
2045 3389 2167 3445 qua

518 3463 891 3518 manifestius
922 3461 1183 3517 debebat
1210 3460 1552 3524 monstrari,
1581 3477 1769 3532 quam
1805 3460 2081 3517 subditus
2110 3467 2168 3519 et

517 3568 701 3624 quam
718 3556 1038 3623 promptus
1063 3555 1217 3605 esset
1246 3549 1324 3605 ad
1338 3549 1520 3604 Patris
1541 3550 1629 3603 sui
1650 3549 1973 3620 spiritualis
1998 3568 2168 3607 man-

516 3639 747 3707 datum,
770 3643 1184 3710 quantamque
1212 3636 1618 3692 obedientiam
1640 3637 1690 3692 ei
1726 3637 2004 3693 deferret.
2063 3644 2169 3696 Ca-

515 3728 678 3783 nenti
691 3731 904 3799 praeter
914 3724 1407 3797 exspectationem
1422 3726 1766 3796 supervenit
1779 3741 1882 3781 sen
1892 3728 2172 3794 ex,verba

520 3815 706 3881 audit,
740 3830 864 3869 rem
891 3812 1545 3884 intelligit,indignatur
1571 3820 1635 3869 ut
1663 3820 2062 3887 contemptus.
2080 3816 2170 3873 In-

520 3904 789 3974 greditur
820 3918 961 3972 ergo
990 3902 1077 3959 ira
1099 3908 1335 3958 tumens
1365 3908 1420 3958 et
1438 3902 1651 3974 plenus
1680 3903 1876 3959 furore
1902 3921 1973 3960 ac
1990 3905 2173 3967 veluti

518 4009 747 4050 meram
780 3991 961 4047 bilem
989 3992 1248 4064 spirans:
1279 4007 1471 4063 neque
1508 3990 1722 4047 intueri
1769 4008 1906 4048 eum
1968 3994 2167 4059 voluit,

521 4083 625 4139 sed
658 4082 835 4155 plane
866 4080 1438 4152 aversansserioque
1464 4079 1890 4152 repellens,vix
1922 4083 2168 4139 demum

519 4170 722 4237 verbo,
744 4184 936 4240 eoque
950 4168 1269 4223 acerbitate
1283 4167 1479 4239 pleno,
1496 4168 1637 4236 dign
1647 4174 2162 4227 aturmoerentem:

522 4263 622 4329 Ita,
653 4274 688 4311 ο
705 4258 906 4323 miser,
930 4257 1205 4328 praecepti
1230 4255 1452 4311 oblitus
1474 4273 1535 4310 es
1554 4256 1583 4311 ?
1606 4258 1871 4312 Hteccine
1889 4261 2161 4330 promisi-

519 4346 643 4399 sti?
672 4344 937 4399 Haaccine
968 4343 1475 4416 elegisti,quando
1519 4346 1871 4401 renuntians
1912 4347 2163 4418 mundo,

2267 1846 2502 1915 γωτέρων
2543 1844 2895 1914 κατάσχεσιν.
2935 1841 2991 1894 Ὀ
3032 1836 3089 1893 δε
3140 1861 3199 1913 γε
3255 1845 3507 1918 μακάριος
3554 1844 3742 1895 οὐτοσὶ
3786 1849 3881 1895 καὶ

2267 1930 2454 1991 τελειος
2494 1930 2695 1991 ἀληθῶς
2747 1931 3036 2001 ἅνθρωπος,
3086 1932 3165 1983 ὅτι
3213 1936 3303 1982 καὶ
3355 1927 3449 1982 διὰ
3497 1933 3702 1983 πάντων
3748 1933 3879 2001 ὀμο-

2266 2019 2430 2091 λογών
2480 2016 2759 2073 διετέλεσεν
2799 2019 2985 2091 ἑαυτῷ,
3020 2021 3045 2071 ό
3097 2025 3181 2077 τὴν
3210 2015 3471 2096 πάρεδρον
3521 2029 3636 2091 Θεῷ
3691 2026 3878 2093 σοφίαν

2268 2107 2360 2159 ούκ
2430 2108 2649 2168 αἰτήσας
2882 2115 3129 2181 φανερῶς,
3162 2107 3379 2179 εἰληφὼς
3435 2104 3483 2161 δ’
3546 2106 3777 2180 ἀληθῶς,
3838 2108 3883 2160 εἰ

2267 2201 2357 2249 xui
2404 2202 2474 2270 μὴ
2528 2196 2740 2264 ἐξεῖπεν,
2807 2200 2870 2258 ὡς
2936 2197 3129 2269 εἴληφε,
3204 2200 3371 2255 πάντη
3450 2218 3558 2258 πως
3633 2196 3878 2248 ἐκκλίνων

2269 2289 2544 2361 προίεσθαι
2613 2285 3141 2361 μεγαλορρημοσύνην
3226 2294 3318 2337 τοῦ
3400 2292 3682 2359 στόματος,
3788 2292 3879 2338 xui

2268 2376 2438 2447 λόγοις
2493 2376 2626 2436 ὅπως
2680 2375 2921 2437 ἀληθείας
2998 2378 3109 2447 ἔχει
3168 2380 3257 2427 xui
3339 2378 3569 2437 στάσεως
3649 2374 3876 2447 ἑγνωμά-

2270 2483 2437 2528 τευσε,
2502 2468 2590 2515 καὶ
2660 2463 2827 2539 ἔργοις
2882 2464 3057 2525 αὐτοῖς
3096 2459 3428 2537 διεχλεύασε,
3478 2465 3727 2528 καθάπαξ
3764 2474 3880 2517 τοὺ-

2270 2573 2354 2605 τον
2418 2551 2782 2627 ἀποστραφεὶς,
2849 2556 2939 2603 xui
3004 2556 3196 2615 παντός
3282 2552 3601 2627 ἀλογωτέρου
3678 2556 3883 2616 πάθους

2271 2640 2519 2716 ἀνώτερος
2588 2641 2872 2714 φυλαχθείς
2931 2662 2943 2674 ⁸
3014 2641 3184 2702 ἁπλῶς
3250 2662 3303 2694 τε
3361 2643 3517 2694 εἰπεῖν
3579 2642 3884 2701 κατάλληλα

2271 2736 2332 2801 τῇ
2388 2731 2572 2801 θεωρίᾳ
2601 2733 2666 2782 τὰ
2721 2734 2839 2801 περὶ
2880 2733 2973 2787 την
3016 2728 3203 2802 πρᾶξιν
3249 2728 3647 2802 ἐφιλοσόφησεν,
3690 2730 3881 2784 ἅπανθ’

2273 2822 2403 2892 ὁμοῦ
2441 2825 2820 2894 περιφρονήσας
2889 2825 2978 2872 καὶ
3032 2828 3123 2872 τοῦ
3201 2816 3425 2892 μηδενὸς
3488 2816 3745 2885 ἀξιώσας,
3814 2822 3885 2879 ὡς

2274 2908 2368 2959 οὐκ
2398 2907 2451 2958 ὃν
2499 2907 2687 2980 μᾶλλον
2745 2909 2773 2967 ἣ
2820 2907 2872 2960 ὃν
2925 2907 3266 2981 λογισάμενος
3314 2907 3451 2960 ἅπαν
3484 2910 3615 2981 ὁμοῦ
3665 2909 3883 2979 χθόνιόν

2273 3016 2327 3048 τε
2348 3000 2436 3048 καί
2455 3001 2689 3070 χρόνιον,
2718 2993 2841 3049 οὐδὲ
2878 3002 3035 3069 μόνου
3062 3001 3151 3049 xui
3190 3003 3380 3071 κυρίως
3428 3002 3572 3058 ὄντος
3612 3004 3703 3048 τοῦ
3754 2998 3881 3070 ὑπὲρ

2275 3089 2409 3156 ἡμᾶς
2457 3087 2644 3137 ἐκείνου
2694 3089 2782 3137 καὶ
2834 3085 3151 3160 ἀπορρήτου,
3214 3086 3341 3158 παρ’
3374 3084 3434 3137 ού
3463 3091 3563 3137 πᾶν
3594 3083 3821 3157 ἐσχὰκει
3849 3087 3877 3141 ἦ

2274 3173 2521 3247 λαμϐάνει
2551 3178 2640 3232 τὴν
2666 3178 2900 3242 ὅντωσιν,
2931 3170 3187 3247 διάπυρον
3228 3178 3321 3231 την
3377 3177 3546 3246 ἔφεσιν
3595 3170 3873 3245 ἐσχηκώς.

2345 3280 2493 3354 μζέ.
2544 3281 2681 3335 Ἀλλ’
2730 3283 2769 3333 ὦ
2816 3288 3211 3357 περιπτὼματος
3250 3278 3554 3354 αἰφνιδίουὶ
3619 3281 3649 3338 ἡ
3692 3279 3885 3352 μᾶλλον

2277 3367 2394 3442 εὖγε
2435 3379 2525 3431 τῆς
2582 3367 2781 3423 ἐνθένδε
2815 3370 3053 3445 λαμπρᾶς
3103 3368 3420 3442 δοκιμασίας
3465 3378 3557 3421 τοὺ
3598 3367 3883 3443 μάκαροςῐ

2279 3456 2351 3512 δι’
2384 3461 2442 3520 ἧς
2472 3462 2547 3511 ἔτι
2592 3458 2781 3530 μᾶλλον
2835 3457 3117 3531 ἐμφανίσαι
3175 3463 3232 3511 τό
3273 3460 3497 3519 εὐπειθὲς
3562 3458 3751 3530 ἤμελλε
3801 3461 3889 3508 καὶ

2280 3548 2491 3606 εὐηκοον
2549 3548 2734 3600 ὀπόσοι.
2788 3548 2854 3608 εἰς
2917 3551 3003 3600 τόν
3045 3552 3390 3620 πνευματικόν
3440 3551 3598 3618 ηὔχει
3659 3552 3884 3620 Πατέρα,

2279 3640 2368 3688 xui
2424 3638 2535 3688 οἷαν
2600 3635 2842 3694 ἐκέκτητο
2920 3641 3014 3694 τὴν
3089 3638 3379 3708 ὑποταγὴν.
3452 3636 3768 3706 Ἐφίσταταί
3842 3634 3889 3685 οἱ

2279 3728 2423 3797 παρὰ
2472 3720 2799 3799 προσδοκίαν
2869 3721 3190 3797 μελῳδοῦντι
3238 3727 3263 3777 ό
3306 3728 3490 3798 γέρων,
3557 3722 3734 3775 ἀκούει
3792 3732 3887 3774 τῶν

2279 3814 2463 3886 λόγων,
2539 3819 2756 3872 συνίησι
2828 3823 2920 3866 του
2995 3816 3175 3889 ἔργου,
3246 3812 3536 3865 ἐκϐαίνεται
3577 3831 3885 3887 περιφρόνη-

2285 3906 2407 3967 θείς.
2449 3908 2652 3959 Εἴσεισι
2689 3912 2812 3973 γοῦν
2868 3910 3037 3978 γέμων
3096 3907 3261 3978 θυμοῦ
3310 3909 3399 3958 καὶ
3443 3904 3643 3977 πλήρης
3701 3904 3883 3980 ὀργῆς,

2281 3993 2440 4066 χόλον
2470 3996 2643 4068 ὥσπερ
2671 3992 2955 4061 ἀποπνέων,
3011 3998 3098 4045 καὶ
3156 3991 3288 4067 μηδ’
3334 3990 3518 4046 ἐνιδεῖν
3570 3990 3729 4052 δῆθεν
3783 3992 3885 4045 ἑθέν

2278 4084 2396 4153 λων,
2452 4082 2581 4135 ἀλλά
2632 4084 2810 4146 τελέως
2860 4083 3324 4157 ἀποστρεφόμενος,
3372 4083 3471 4136 κάκ
3528 4084 3716 4156 ψυχῆς
3757 4094 3880 4135 του-

2277 4193 2362 4226 τον
2420 4172 2845 4245 ἀποποιούμενος⁴
2906 4173 3001 4244 ὀψε
3067 4171 3127 4226 δέ
3177 4194 3300 4227 ποτε
3345 4179 3436 4226 καὶ
3505 4178 3657 4245 μόγις
3725 4172 3881 4245 λόγου

2276 4267 2364 4315 καὶ
2419 4262 2573 4333 λόγου
2627 4271 2820 4334 μεστοῦ
2863 4267 3072 4337 πικρίας
3136 4264 3356 4325 ἠξίωσεν
3406 4284 3418 4295 ·
3462 4263 3665 4330 Οὕτως,
3715 4262 3880 4327 ἄθλιε,

2275 4360 2366 4411 τῆς
2415 4349 2619 4412 ἐντολῆς
2666 4349 2911 4403 ἐπελάθου
2945 4368 2958 4417 ;
3013 4352 3172 4404 Ταῦθ’
3217 4353 3456 4423 ὑπέσχου
3490 4368 3503 4419 ;
3537 4358 3719 4404 Ταυτα
3755 4370 3881 4425 προ-

520 4438 769 4503 cogente
801 4432 1041 4487 nemine
1063 4433 1361 4487 aecessisti
1378 4431 1455 4487 ad
1482 4448 1594 4487 nos
1616 4433 1644 4487 ?
1671 4435 1798 4488 Non
1822 4437 2161 4499 meministi,

2277 4439 2410 4491 εἵλου
2465 4441 2543 4491 ὅτε
2574 4448 2665 4490 τοῦ
2710 4444 2909 4511 κόσμου
2957 4438 3392 4512 ἀποκεχωρηκας,
3434 4446 3525 4492 καὶ
3574 4440 3700 4513 παρ’
3744 4442 3881 4512 ἡμᾶς

518 4525 667 4592 quot
685 4518 1051 4591 quantisque
1072 4518 1472 4588 rejicientibus
1515 4525 1587 4585 te,
1621 4519 1950 4577 eoforsitan
2000 4524 2165 4595 quod

515 4612 1005 4666 morumtuorum
1019 4606 1375 4678 pravitatem
1396 4606 2057 4683 intractabilitatemque
2076 4614 2165 4669 in-

518 4698 924 4771 trospicerent,
955 4694 1118 4751 solus
1148 4710 1260 4765 ego
1292 4700 1343 4750 te
1373 4694 1557 4767 (quod
1579 4696 1810 4752 utinam
1847 4714 1969 4755 non
2000 4700 2166 4757 fecis-

518 4804 644 4845 sem
661 4784 1074 4857 l)susceperim
1095 4783 1544 4856 indiscipulum,
1558 4800 1694 4840 mea
1712 4786 2166 4848 teinstructione

518 4877 802 4947 dignatus
817 4876 845 4931 ?
861 4890 983 4931 non
997 4874 1213 4930 sanein
1229 4888 1366 4946 spes
1385 4873 1682 4944 ejusmodi
1699 4890 1771 4931 ac
1787 4876 1962 4932 talem
1982 4878 2165 4936 ﬁnem

518 4981 641 5022 non
663 4966 949 5038 profecto,
977 4980 1083 5036 per
1110 4964 1306 5035 ipsam
1323 4962 1476 5031 vitae,
1500 4964 1847 5020 monasticae
1874 4968 2162 5036 regulam:

518 5068 662 5121 non,
677 5052 1246 5125 perordinemillum
1260 5050 1732 5124 pulcherrimum
1752 5070 1935 5125 quem
1955 5058 2166 5129 aprin-

519 5141 673 5213 cipio
697 5142 1110 5206 observarunt,
1142 5140 1247 5213 qui
1275 5155 1402 5195 vere
1416 5138 1795 5196 solitudinem
1822 5142 2125 5213 elegerunt
2147 5166 2159 5204 :

517 5245 775 5303 non,per
788 5228 1276 5302 speciosissimam
1291 5228 1792 5305 clarissimamque
1804 5234 2161 5303 nigredinem

518 5318 1102 5388 habitus,venerabili
1117 5319 1435 5375 Pachomio
1447 5319 1522 5374 de
1537 5319 1699 5375 caalis
1716 5337 1856 5377 mon
1866 5325 2163 5392 strati;sed

519 5412 647 5465 utte
659 5412 837 5480 prout
850 5412 1082 5479 oportet
1093 5408 1469 5478 corrigerem,
1485 5413 1542 5464 et
1552 5424 1776 5465 omnem
1790 5427 1913 5484 qua
1933 5413 2162 5472 inﬂaris

2278 4526 2663 4599 ἀναγκάσαντος
2701 4523 2927 4600 μηδενός
2982 4532 3239 4599 γέγονας;
3286 4528 3398 4580 Ούκ
3442 4529 3602 4581 οἶσθα
3652 4526 3725 4600 ἐφ’
3783 4530 3882 4599 ὅτῳ

2279 4635 2334 4667 σε
2375 4615 2723 4691 προσείληφα,
2770 4611 3006 4682 civilem;
3060 4616 3135 4668 Ού
3166 4621 3431 4690 μέμνησαι
3483 4622 3659 4669 πόσων
3703 4636 3763 4669 σε
3794 4621 3882 4668 xui

2277 4706 2395 4757 οἵων
2426 4705 2484 4756 ού
2535 4701 2993 4778 προσδεχομένων,
3043 4708 3100 4757 τό
3152 4712 3244 4757 τοῦ
3300 4710 3495 4779 τρόπου
3548 4708 3699 4777 τάχα
3725 4726 3879 4758 κατο-

2276 4796 2602 4847 πτευσάντων
2674 4798 2855 4846 σκαιόν
2931 4800 3022 4847 καὶ
3101 4792 3435 4866 δυσάγωγον,
3493 4799 3650 4866 μόνος
3722 4798 3881 4866 ἔγωγε

2276 4886 2646 4957 προσηκάμην,
2710 4887 2779 4944 ὡς
2853 4886 2952 4936 ue;
3023 4889 3095 4957 μὴ
3177 4884 3388 4956 ὤφελον,
3445 4888 3535 4935 καὶ
3594 4885 3879 4955 μαθητείας

2277 4972 2499 5041 ἠξίωσα,
2552 4972 2645 5024 οὐκ
2692 4970 2778 5026 ἐπὶ
2829 4976 3095 5033 τοιαύταις
3155 4980 3270 5033 ταῖς
3342 4971 3563 5041 ἐλπίσιν,
3625 4972 3722 5024 οὐκ
3798 4971 3879 5024 ἐπὶ

2276 5064 2511 5133 τοιούτῳ,
2554 5061 2613 5114 ού
2669 5064 2744 5134 μὰ
2804 5066 2926 5123 τοὺς
2977 5070 3075 5114 τῶν
3128 5070 3376 5134 μοναχών
3439 5060 3751 5136 ἰερωτατόυς
3803 5063 3880 5114 θε-

2277 5154 2461 5223 σμοὺς,
2515 5151 2571 5203 οὐ
2624 5154 2698 5224 μά
2734 5157 2825 5210 τὴν
2873 5153 3285 5226 συντηρηθεῑσαν
3341 5149 3577 5224 ἀρχῆθεν
3617 5150 3875 5217 εὐταξίαν,

2274 5248 2383 5301 τοῖς
2442 5244 2570 5315 πρὸς
2627 5238 2865 5300 ἀλήθειαν
2908 5244 2997 5292 τόν
3050 5237 3260 5313 μονάδα
3336 5238 3451 5312 βίον
3531 5239 3877 5312 ἀνελομένοις,

2272 5334 2362 5382 xui
2426 5336 2519 5389 τὴν
2565 5333 2700 5382 κατὰ
2754 5334 2882 5384 Θεὸν
2932 5330 3199 5383 πολιτείαν
3245 5328 3653 5401 ἀσπασομένοις,
3708 5329 3768 5382 ού
3808 5331 3881 5403 μὰ

2272 5423 2367 5478 τὴν
2416 5419 2692 5493 όραθεῐσαν
2736 5420 2925 5473 ἄνωθεν
2971 5423 3246 5493 Παχωμίῳ
3301 5426 3373 5490 τῷ
3444 5419 3709 5491 θεσπεσίῳ
3767 5418 3877 5491 (20)

588 5588 705 5662 (20)
756 5587 816 5644 S.
862 5584 1161 5642 Pachomii
1232 5585 1464 5660 prolixa
1520 5592 1579 5645 et
1626 5587 2046 5663 antiquissima
2098 5597 2244 5655 Acta
2288 5598 2510 5657 damus
2558 5602 2628 5659 14
2673 5598 2822 5674 Maii,
2870 5597 2979 5663 ubi
3005 5614 3175 5663 num.
3228 5601 3295 5664 15'
3332 5596 3585 5665 refertur
3637 5595 3881 5674 regula,
