4084 6206
206 249 313 309 8'69

1416 248 1488 314 IN
1528 239 1586 316 ς.
1626 256 1825 318 JOAN.
1864 227 2365 317 DAMASCENUM.

3461 237 3566 319 8'70

205 373 565 451 φαιδροτάτην
609 381 802 438 ταύτην
858 385 947 432 καὶ
1005 379 1378 457 λαμπροτάτην
1435 383 1838 456 μελανειμόνηεη

1949 387 2002 441 ui
2033 383 2490 441 aestimationem
2520 382 2824 456 subigens,
2854 400 2963 458 per
2990 385 3154 443 viam
3186 367 3400 443 salutis
3439 386 3568 442 sine

210 484 293 518 σιν
321 487 334 498 ο
371 464 479 526 an?
511 467 578 518 ἶν’
631 471 701 530 ὡς
733 465 846 521 δέον
889 489 945 522 σε
998 477 1402 546 καταρτίσαιμι,
1443 477 1532 524 καὶ
1595 493 1652 525 σε
1709 494 1808 546 φυ-

212 562 440 606 σιοῡσαν
495 555 862 620 καθυποτάξας
935 558 1143 611 ἅπασαν
1187 563 1380 628 οἴησιν,
1437 563 1811 633 ἁπροσκόπτως

209 647 309 701 τὴν
365 647 489 718 πρὸς
539 650 800 718 σωτηρίαν
847 643 1132 700 διαϐαίνειν
1191 646 1644 722 καθοδηγἠσαιμι.
1703 657 1810 703 Νῦν

213 728 266 783 δ’
295 730 392 784 ἀλλ
437 731 615 784 ἔλαθον
654 732 870 806 ἐμαυτόν
930 734 1262 809 ἀποσμήχων
1326 737 1567 808 Αἰθίοπα,
1620 740 1650 798 ἡ
1688 759 1812 814 καρ-

211 824 354 872 κὸνον
409 817 654 892 βαδίζειν
709 823 841 897 ὀρθὰ
895 827 1298 898 μεταμανθάνειν
1369 826 1750 900 ἐκϐιαζόμενος,
1780 829 1809 887 ἢ

216 909 370 972 ξύλον
424 909 657 982 σκαμϐὀν
732 911 1015 965 ἀπευθῦναι
1071 922 1401 990 πειρώμενος,
1453 917 1483 975 ἦ
1541 921 1584 968 εἴ
1651 922 1702 969 τί
1757 936 1816 989 γε

217 997 346 1050 ἄλλο
401 1008 500 1051 τῶν
553 1000 765 1053 αὐτόθεν
815 998 1278 1074 δυσμεταϐλητων,
1327 1010 1417 1057 καὶ
1473 1009 1573 1057 ἀπὸ
1621 1008 1818 1078 φύσεως

217 1097 577 1160 μεταποιῆσαι
627 1096 1076 1162 κατεπειγόμενος.
1142 1091 1318 1145 ’Ἔνθεν
1359 1093 1417 1144 ἂν
1461 1099 1550 1146 καὶ
1606 1095 1673 1155 εἰς
1714 1115 1814 1146 πα-

216 1175 450 1250 ραϐολὴν
523 1183 786 1251 γενοίμην,
876 1187 966 1233 καὶ
1047 1184 1076 1240 ἡ
1153 1188 1411 1256 παροιμία
1487 1185 1822 1245 καθηκόντως

220 1263 526 1340 ἐπιρρηθείη
575 1286 686 1338 μοι,
717 1269 780 1327 ὴν
802 1272 936 1321 κατὰ
974 1277 1075 1320 τῶν
1106 1268 1339 1343 ἀφρόνως
1389 1291 1438 1323 τι
1503 1277 1592 1324 καὶ
1649 1274 1820 1344 μάτην

221 1359 734 1428 μεταχειριζομένων
791 1356 1041 1429 ἐπιφέρειν
1101 1355 1314 1410 οἴδασιν
1361 1363 1408 1411 οἱ
1444 1360 1623 1412 πολλοί
1679 1382 1691 1394 ο
1729 1364 1820 1412 καὶ

1919 473 2280 530 offendicula
2301 472 2731 529 transeundam
2753 473 3136 529 deducerem.
3164 478 3330 530 Nunc
3364 479 3569 531 autem

1920 561 2236 632 deceptum
2251 577 2346 616 me
2365 560 2537 628 video
2552 559 2815 616 lavando
2831 562 3187 633 Ethiopem,
3206 567 3262 618 et
3280 578 3568 618 cancrum

1921 649 2195 705 docendo
2219 649 2359 704 recti
2381 664 2621 718 gressus
2648 649 2959 717 rationem,
2989 665 3059 705 ac
3080 650 3312 721 lignum
3343 654 3568 708 tortum

1921 737 2230 808 erigendo,
2261 744 2364 794 aut
2382 737 2428 792 si
2450 737 2595 810 quid
2614 737 2777 794 aliud
2801 738 3038 794 difficile
3057 743 3341 806 mutatur,
3364 745 3575 797 contra

1922 833 2199 884 naturam
2232 827 2538 884 tentando.
2575 829 2950 901 Quapropter
2982 828 3043 883 in
3074 828 3340 884 derisum
3375 830 3568 886 factus

1925 933 2080 982 sum,
2104 915 2482 990 quadratque
2511 916 2568 970 in
2599 933 2692 972 me
2717 917 3127 990 proverbium,
3152 933 3274 990 quo
3306 919 3573 991 plerique

1925 1009 2173 1062 utuntur
2185 1011 2390 1060 contra
2401 1019 2504 1059 eos
2519 1004 2620 1076 qui
2634 1004 2854 1077 aliquid
2879 1005 3290 1078 imprudenter
3313 1023 3381 1064 ac
3401 1005 3572 1063 stulte

1925 1091 2196 1164 aggressi
2227 1096 2366 1148 sunt
2390 1109 2402 1146 :
2424 1093 2640 1147 etenim
2665 1093 2818 1165 ccepi
2835 1093 3049 1164 facere,
3067 1109 3200 1166 quae
3227 1093 3433 1166 perﬁci
3450 1110 3574 1152 non

1928 1187 2221 1254 poterant,
2253 1186 2308 1237 et
2331 1195 2509 1252 super
2538 1197 2726 1253 aquas
2758 1181 3012 1238 scribere
3044 1181 3402 1238 volui.ch
3433 1201 3575 1256 ergo

1929 1271 2020 1326 exi
2053 1270 2270 1333 statim,
2305 1269 2597 1324 discedea
2627 1284 2742 1338 me,
2767 1270 2919 1326 vade
2941 1275 3077 1342 post
3102 1285 3448 1343 perversam
3479 1291 3577 1331 co-

1930 1358 2279 1429 gitationem
2321 1363 2512 1414 tuam.

222 1447 324 1516 γὰρ
409 1444 678 1506 ἀνηνύτοις
764 1445 1158 1519 ἐπικεχείρηκα,
1235 1455 1323 1500 καὶ
1409 1451 1493 1502 ἐπὶ
1565 1455 1810 1522 ματαίοις
1890 1445 2218 1514 ἐσπούδακα,
2285 1467 2375 1498 και
2443 1445 2647 1508 ἀληθῶς
2723 1447 2840 1498 καθ’
2912 1445 3118 1500 ὑδάτων
3191 1453 3404 1523 γράφειν
3443 1444 3586 1506 τεθέ-

221 1532 382 1591 ληκα.
418 1533 551 1586 Ἀλλ’
593 1535 756 1598 ἔξελθε
779 1539 838 1587 τό
867 1538 1050 1606 τάχος,
1092 1535 1184 1588 ἀπ’
1213 1536 1336 1609 ἐμοῦ
1363 1545 1531 1608 γενοῦ,
1573 1543 1664 1590 καὶ
1694 1546 1790 1599 τῆς
1821 1545 1915 1598 σῆς
1945 1536 2112 1589 ὀπίσω
2140 1542 2369 1611 πονηρᾶς
2401 1531 2637 1594 διανοίας
2666 1537 2972 1608 παρεύθητι.

298 1639 407 1712 μζ.
450 1639 510 1696 Ὀ
567 1637 616 1692 δ’
686 1640 1028 1714 ἀπαράκλητα
1094 1645 1294 1715 ἐθρήνει
1337 1652 1528 1715 πεσὼν,
1584 1650 1673 1698 καὶ
1727 1649 1821 1703 τὴν
1854 1663 1892 1714 Β

226 1729 402 1780 αἰτίαν
451 1747 504 1781 τε
549 1729 838 1804 ἐξηγόρευε,
908 1737 998 1783 καὶ
1068 1733 1286 1784 πλεῖστα
1341 1736 1467 1808 ὑπὲρ
1512 1739 1824 1806 συγγνώμης

227 1814 420 1872 ἐδέετο.
471 1816 529 1870 Ὀ
604 1815 654 1870 δ’
704 1815 768 1870 αὖ
814 1824 976 1894 γέρων
1049 1819 1268 1896 σοϐαρός
1329 1824 1534 1889 ἵστατο,
1592 1825 1824 1894 συχνοὺς

226 1911 538 1958 κατατείνων
567 1911 684 1968 τοὺς
728 1907 928 1979 λόγους,
987 1908 1177 1980 μᾶλλον
1237 1906 1296 1962 δέ
1346 1915 1578 1986 μακροὺς
1612 1910 1823 1964 ἐπισυν-

227 1999 378 2071 είρων
433 1999 556 2058 τοὺς
623 1995 960 2069 χλευασμοὺς
1020 2019 1033 2030 ·
1087 1997 1227 2060 τέλος
1298 2009 1392 2058 τῆν
1452 2003 1629 2072 χειρός
1676 1995 1827 2052 τόνδε

226 2083 530 2156 λαϐόμενος,
566 2081 732 2137 Οὐδέν
777 2089 834 2137 τὸ
875 2083 974 2138 ἀπὸ
1019 2083 1175 2139 τοῦδε
1224 2097 1308 2140 σοι
1361 2108 1415 2140 τε
1444 2087 1604 2161 κάμοὶ
1635 2092 1824 2156 κοινὸν,

231 2176 440 2245 ἔφησεν,
469 2175 706 2248 ἄνθρωπε
745 2195 758 2207 δ
793 2177 892 2232 ὅπη
919 2183 1044 2246 γοῦν
1076 2194 1160 2228 σοι
1187 2181 1276 2229 καὶ
1312 2175 1588 2250 βουλητὸν,
1653 2180 1826 2234 ἄπιθι.

232 2263 436 2326 ’Έξεισι
487 2261 571 2314 ἐπὶ
621 2265 844 2327 τούτοις.
906 2264 1060 2316 Ἀλλὰ
1117 2271 1198 2328 τίς
1263 2261 1321 2317 ἂν
1375 2266 1597 2320 ἐντεῦθεν
1641 2267 1828 2343 ἐκφρά-

237 2371 345 2405 σειε
371 2354 437 2403 τὰ
465 2348 692 2427 δάκρυα,
721 2356 806 2405 τὸν
837 2357 1072 2420 κόπετόν,
1113 2359 1206 2413 τὴν
1255 2361 1550 2428 κατήφειαν,
1611 2360 1668 2410 τό
1735 2367 1829 2420 τῆς

230 2439 425 2512 ψυχῆς
455 2443 641 2509 πάθος,
685 2445 780 2500 τὴν
827 2449 917 2494 τοῦ
973 2447 1210 2514 σώματος
1247 2443 1415 2512 τῆξιν,
1470 2449 1524 2498 τό
1574 2444 1830 2520 ἀφόρητον

233 2533 440 2597 πένθος,
504 2535 565 2583 τό
608 2530 972 2606 ἀπαράκλητον
1030 2533 1184 2604 ἄλγος
1240 2550 1253 2600 ;
1309 2534 1429 2606 Οὐχ
1483 2536 1618 2586 οὕτω
1671 2537 1833 2588 πάλαι

233 2621 482 2672 πέπονθεν
522 2621 546 2670 ό
587 2615 762 2690 Ἀδὰμ
799 2628 891 2680 τῆς
943 2616 1102 2692 Ἐδὲμ
1152 2619 1414 2688 ἐξωσθεὶς,
1467 2624 1537 2683 ὡς
1574 2643 1632 2694 γε
1684 2623 1833 2686 οὗτος

235 2708 262 2759 ό
302 2711 375 2780 μὴ
408 2712 609 2779 ματαὶᾳ
656 2708 766 2760 κατ’
825 2706 1010 2760 ἐκεῖνον
1050 2705 1202 2762 ἐλπίδ
1208 2731 1224 2760 ι
1275 2710 1508 2774 κλαπεὶς,
1547 2709 1672 2764 ἀλλὰ
1705 2733 1835 2786 συμ-

236 2798 431 2868 παθείᾳ
454 2803 516 2868 τῇ
557 2795 683 2869 πρὸς
726 2799 812 2848 τόν
874 2793 1092 2868 ἀδελφόν
1145 2799 1424 2870 ὑπαχθεὶς,
1475 2805 1565 2852 καὶ
1615 2809 1710 2864 τῆς
1743 2809 1834 2854 τοῦ

235 2889 388 2960 ατρὸς
446 2885 621 2946 ἑστίας
701 2885 826 2957 ὑπὲρ
912 2881 1242 2959 φιλαδελφίας
1302 2886 1598 2952 ἆπελαθείς.
1680 2890 1838 2944 Ἀλλὰ

239 2975 390 3049 μόλις
465 2975 538 3036 εἰς
586 2982 704 3027 νοῦν
769 2977 966 3028 ἔπεισιν
1019 2977 1300 3048 (εὑρετικόν
1369 2981 1470 3052 γὰρ
1514 2982 1543 3037 ἡ
1611 2979 1834 3051 ἀνάγκη,

2003 1644 2090 1698 In.
2123 1643 2386 1698 Joannes
2416 1658 2554 1697 vero
2586 1646 2918 1713 prostratus
2955 1643 3126 1698 humi
3158 1643 3342 1701 ﬂebat
3375 1647 3584 1704 incon-

1933 1730 2275 1794 solabiliter,
2299 1746 2546 1786 causam
2559 1745 2866 1802 exponens
2888 1731 3268 1804 multumque
3285 1749 3395 1806 pro
3409 1737 3587 1792 venia

1933 1819 2237 1876 exoranda
2257 1818 2625 1890 supplicans.
2649 1821 2898 1874 Econtra
2916 1835 3097 1875 senex
3117 1821 3314 1878 stabat
3333 1823 3584 1896 rigidus,

1934 1907 2305 1979 increpantia
2317 1905 2568 1962 verbain
2583 1906 2833 1978 longum
2855 1909 3233 1979 protrahens,
3257 1927 3364 1966 seu
3379 1914 3585 1984 potius

1935 1995 2197 2068 prolixas
2228 1991 2546 2049 invectivas
2567 1994 2852 2064 colligens
2877 2011 2890 2049 :
2925 1995 3184 2070 denique
3223 2013 3413 2054 manu
3443 2015 3586 2056 eum

1936 2082 2418 2156 apprehendens,
2448 2081 2617 2144 Nihil,
2651 2083 2863 2154 inquit,
2904 2099 2976 2138 ex
3011 2099 3170 2139 nunc
3193 2085 3297 2142 tibi
3327 2103 3398 2143 ac
3437 2088 3587 2144 mihi

1938 2186 2258 2228 commune
2290 2169 2381 2236 sit,
2413 2185 2449 2224 ο
2474 2169 2687 2237 homo;
2721 2185 2842 2242 quo
2865 2170 3028 2226 voles
3058 2171 3239 2229 abito.
3277 2177 3588 2246 Egreditur

1939 2275 2081 2330 ergo
2105 2277 2118 2314 :
2153 2275 2362 2314 verum
2383 2259 2519 2330 quis
2550 2256 2746 2314 valeat
2771 2257 3069 2330 explicare
3099 2261 3229 2332 ejus
3258 2261 3584 2336 lacrymas,

1939 2345 2268 2421 planctum,
2294 2346 2601 2416 gemitum,
2621 2345 3003 2402 aﬂlictionem
3023 2348 3228 2404 animi.
3248 2352 3587 2409 emaciatio-

1939 2452 2080 2492 nem
2098 2435 2382 2507 corporis,
2404 2433 2626 2490 doloris
2646 2433 3040 2490 intolerabilis
3058 2440 3114 2491 et
3134 2437 3589 2496 inconsolabilis

1941 2525 2188 2583 tristitiae
2216 2523 2598 2580 acerbitatem
2620 2521 2649 2577 ?
2668 2527 2795 2579 Non
2825 2524 2910 2580 sic
2940 2524 3084 2580 olim
3110 2541 3142 2581 e
3171 2528 3456 2599 paradiso
3477 2531 3594 2601 eje-

1943 2619 2076 2671 etus
2106 2615 2298 2670 Adam
2328 2613 2496 2680 luxit,
2521 2613 3044 2685 quemadmodum
3065 2613 3185 2684 hic,
3204 2632 3326 2672 non
3348 2635 3506 2692 vana
3529 2625 3598 2693 ut

1943 2701 2037 2759 ille
2069 2719 2174 2774 spe
2205 2701 2513 2774 deceptus,
2536 2701 2638 2756 sed
2665 2700 2880 2758 affectu
2903 2701 3178 2758 fraternae
3209 2708 3594 2766 commisera-

1945 2791 2120 2848 tionis
2153 2790 2596 2862 supplantatus:
2629 2796 2685 2845 et
2714 2790 3019 2846 charitatis
3049 2807 3238 2850 causa
3277 2794 3462 2850 domo
3491 2812 3597 2868 pa-

1946 2887 2114 2937 terna
2145 2879 2453 2952 expulsus.
2491 2879 2562 2934 Ut
2585 2894 2726 2934 vero
2754 2878 3196 2950 aliquantulum
3233 2881 3296 2936 in
3327 2898 3390 2937 se
3421 2884 3597 2940 rediit

1947 2968 2263 3041 (industria
2300 2971 2501 3022 autem
2539 2982 2634 3020 res
2677 2972 2762 3022 est
2799 2969 3144 3037 necessitas,
3195 2973 3250 3023 et
3314 2970 3595 3043 quisquis

239 3035 248 3049 .
375 3031 389 3036 -
524 3031 536 3036 -
1023 3031 1034 3046 \
1100 3031 1108 3048 Δ
1376 3031 1390 3049 I
1441 3031 1450 3052 ι
1531 3031 1540 3037 ·
1716 3031 1730 3051 σ
1788 3031 1834 3049 ⁷-1

239 3069 332 3116 καὶ
359 3083 470 3124 πως
501 3060 569 3121 δὴ
615 3067 674 3116 τό
715 3063 1026 3136 βιαζόμενον
1056 3065 1454 3138 πολυμήχανον)
1485 3071 1572 3135 ὡς,
1633 3068 1676 3121 εἰ
1718 3074 1838 3132 τούς

1949 3031 2070 3112 vim
2103 3056 2344 3128 patitur,
2380 3053 2634 3109 multum
2662 3057 2871 3108 contra
2899 3031 3185 3126 molitur),
3215 3031 3370 3120 Quid
3395 3031 3597 3128 si,-in-

241 3155 576 3225 προῦχοντας
609 3159 708 3202 τῶν
761 3159 1006 3224 μοναχῶν
1059 3157 1291 3225 προσιὼν
1340 3152 1835 3224 καταδυσωπήσειε,

240 3246 333 3292 καὶ
360 3238 820 3313 πρίσϐεσιῆσφίσιν
857 3239 1230 3314 ἀποχρῆσαιτο
1283 3245 1408 3316 πρὸς
1465 3247 1550 3296 τόν
1599 3250 1836 3319 γέροντα,

243 3333 417 3391 ἱκέτας
465 3348 520 3380 τε
561 3325 870 3400 αἰδεσίμους
925 3328 1258 3399 προϐάλοιτο,
1337 3331 1478 3384 ἵλεων
1545 3327 1696 3396 αὖθις
1782 3333 1839 3385 ἂν

244 3419 411 3488 ἐαυτῷ
456 3419 590 3486 θείη,
637 3422 726 3468 καὶ
771 3425 864 3479 τῆς
920 3421 1170 3491 προτέρας
1226 3421 1506 3492 μαθητείας
1587 3422 1840 3484 καταξιω-

245 3510 380 3574 θείη,
413 3512 502 3558 καὶ
529 3515 624 3568 τῆς
653 3505 878 3559 ἐντεῦθεν
901 3513 1157 3582 σωτηρίας
1186 3509 1281 3560 οὐκ
1320 3507 1659 3581 ἀστοχήσειε.

315 3594 422 3668 μη’.
471 3602 637 3648 Τοῦτο
685 3591 753 3654 δὴ
798 3601 889 3648 καὶ
915 3603 1058 3649 ποιεῖ
1096 3618 1109 3630 ·
1165 3602 1254 3650 καὶ
1307 3596 1526 3650 ἀπίασιν
1561 3600 1610 3650 οἱ
1665 3606 1844 3671 σεμνοὶ

243 3690 336 3737 καὶ
381 3687 648 3737 θεσπέσιοι
698 3688 950 3757 γέροντες,
983 3688 1052 3747 ὡς
1101 3684 1161 3737 ἂν
1217 3683 1284 3745 δὴ
1326 3690 1412 3738 τόν
1455 3685 1744 3746 παιδευτὴν
1771 3696 1844 3760 τῷ

245 3775 459 3847 μαθητῇ
533 3773 922 3843 καταλλάξειαν,
988 3779 1078 3827 καὶ
1144 3779 1233 3827 τόν
1289 3778 1401 3828 υἱόν
1474 3775 1845 3850 ἐπαναγάγοιεν

244 3871 324 3934 τῷ.
365 3867 549 3936 πατρί.
613 3861 747 3916 Ἀλλ’
799 3863 1085 3937 εὑρηκεσαν
1142 3869 1233 3916 καὶ
1303 3861 1600 3936 ἀδάμαντος
1661 3866 1846 3920 ἐκεῖνον

251 3951 598 4025 σκληρότερον
631 3973 644 3986 ο
679 3947 830 4004 οὐδὲν
855 3955 956 4024 γὰρ
989 3954 1014 4004 ὃ
1043 3972 1096 4004 τι
1138 3957 1226 4004 καὶ
1269 3950 1615 4026 παρεδέχετο,
1675 3952 1849 4009 οὐδενί

249 4061 359 4102 πως
412 4037 811 4113 διεμειλίσσετο,
862 4040 946 4101 Ὠς
1001 4037 1062 4094 δε
1114 4039 1352 4116 σφοδρῶς
1420 4042 1682 4112 ἐνέκειντο,
1761 4051 1850 4098 καὶ

252 4128 578 4202 βαρυτάταις
604 4130 758 4182 αὐτόν
788 4131 918 4203 ὑπὲρ
964 4138 1056 4191 τῆς
1101 4128 1468 4203 ἀσυμπαθείας
1525 4141 1640 4196 ταῖς
1689 4134 1854 4187 ἐπιτι-

251 4223 402 4290 μίαις
451 4215 782 4271 ἀπεδείκνυον
834 4217 1133 4290 ἐνεχόμενον
1180 4225 1270 4272 καὶ
1311 4223 1550 4293 μείζοσιν
1609 4227 1739 4297 ἤπερ
1797 4222 1852 4274 ἐκ

247 4313 347 4365 τῆς
401 4309 696 4380 παρηκοίας
753 4307 1070 4378 [παρακοῆς]
1128 4306 1318 4360 ἐκεῖνον
1373 4307 1509 4378 (ἐξὸν
1565 4313 1689 4384 γὰρ,
1733 4311 1853 4382 ἔφα-

1947 3145 2075 3217 quit
2112 3143 2274 3216 apud
2333 3159 2416 3212 se,
2456 3141 2822 3214 primoribus
2857 3142 3299 3198 monachorum
3341 3146 3597 3218 supplex

1945 3233 2110 3298 ﬁam,
2149 3231 2344 3303 iisque
2381 3235 2444 3286 ut
2481 3229 2690 3298 legatis
2741 3228 2820 3284 ad
2858 3245 3062 3285 senem
3101 3229 3592 3302 deprecatoribus

1949 3327 2100 3391 utar,
2135 3324 2200 3374 ut
2226 3335 2323 3374 me
2359 3318 2542 3390 priori
2579 3316 2900 3390 disciplina
2937 3315 3236 3388 dignetur,
3269 3335 3467 3393 neque
3505 3338 3597 3378 re-

1949 3408 2131 3482 pellat
2149 3424 2186 3464 a
2206 3407 2414 3474 salute,
2437 3421 2623 3479 quam
2645 3406 2786 3462 inde
2807 3411 3090 3478 exspecto
3112 3408 3141 3464 ‘2

2023 3581 2112 3634 48.
2157 3577 2409 3647 Dictum,
2455 3576 2704 3632 factum.
2756 3575 2994 3632 Abeunt
3037 3580 3367 3636 venerandi
3415 3580 3500 3638 illi
3544 3586 3604 3640 et

1955 3667 2144 3724 sancti
2175 3681 2366 3734 senes,
2396 3669 2462 3721 ut
2489 3665 2852 3738 discipulum
2881 3666 3169 3736 magistro
3199 3669 3602 3740 reconcilient,

1953 3755 2148 3812 ﬁlium
2161 3753 2544 3810 reducantad
2556 3760 2806 3826 patrem.
2825 3753 2941 3811 Sed
2961 3753 3280 3814 adamente
3301 3760 3493 3832 reperi
3501 3763 3608 3816 unt

1955 3845 2258 3900 duriorem
2269 3842 2458 3908 illum,
2475 3842 2622 3898 nihil
2637 3843 2797 3898 enim
2811 3843 3175 3916 suscipiebat
3197 3861 3392 3918 neque
3416 3864 3479 3903 se
3501 3863 3606 3920 pa-

1958 3933 2216 3988 tiebatur
2243 3930 2512 3986 emolliri.
2548 3933 2693 3986 Cum
2727 3936 2928 3986 tamen
2957 3932 3248 3988 instarent
3277 3933 3606 3991 vehemen-

1959 4020 2096 4087 tius,
2119 4019 2620 4090 ostenderentque
2644 4017 2811 4090 quod
2833 4019 3136 4089 graviores
3156 4035 3267 4092 pro
3289 4037 3399 4078 sua
3427 4021 3607 4080 incle-

1959 4109 2186 4166 mentia
2213 4108 2463 4164 daturus
2491 4113 2643 4163 esset
2667 4119 2898 4179 poenas,
2923 4124 3110 4181 quam
3127 4125 3238 4182 pro
3265 4103 3610 4169 inobedien-

1961 4199 2046 4254 tia
2066 4197 2232 4268 alter,
2265 4195 2500 4252 Licebat
2527 4196 2710 4264 enim,
2741 4196 3116 4268 inquiebant,
3145 4198 3360 4256 iterato
3390 4217 3609 4272 praece-

1962 4294 2067 4361 pto
2097 4287 2390 4356 corrigere
2415 4287 2475 4342 in
2516 4285 2810 4358 discipulo
2840 4292 3380 4362 quantumcunque
3416 4291 3611 4360 gravis

253 4413 402 4461 σκον,
439 4391 704 4467 [δευτέρᾳ]
733 4393 907 4466 ἐντολῇ
943 4399 1000 4447 τό
1023 4403 1114 4448 τοῦ
1155 4398 1394 4468 μαθητοῦ
1454 4394 1489 4449 δ
1495 4400 1834 4471 ιορθὼσασθα

1962 4376 2160 4435 delicti
2175 4375 2415 4448 lapsum
2435 4389 2659 4446 ;neque
2671 4376 2948 4430 convenit
2964 4385 3083 4431 non
3100 4376 3405 4435 admittere
3422 4380 3615 4451 poeni-

251 4489 462 4555 πταῖμα
511 4481 748 4554 ἐσχάτης
807 4483 1086 4556 όιμαρτίας,
1134 4490 1267 4557 μήτε
1323 4490 1424 4557 μὴν
1509 4495 1858 4558 μετανοοῦντα

253 4573 594 4646 προσίεσθαι,
625 4578 756 4644 μήτε
802 4578 895 4630 την
939 4576 1062 4647 ὓπερ
1121 4583 1215 4626 τοῦ
1253 4573 1596 4647 ἐπίκληματος
1645 4577 1857 4634 εὐθύνην

257 4664 675 4736 παραγυμνοῦν),
750 4661 902 4723 οὗτος
949 4662 1240 4730 ὑπολαϐὼν,
1297 4663 1434 4718 Ἀλλ’
1505 4665 1548 4717 εἰ
1618 4663 1858 4740 παριδεῖν

261 4751 420 4804 ἐθέλει
475 4757 570 4811 τήν
607 4761 705 4812 τῆς
731 4759 941 4826 πρώτης
965 4752 1264 4827 παράϐασιν
1319 4753 1536 4816 ἐντολῆς,
1593 4763 1684 4815 τῆς
1745 4753 1861 4808 δευ-

260 4844 418 4912 τέρας
469 4837 624 4913 δεῡρο
671 4837 738 4899 δὴ
787 4843 1013 4912 γενέσθω
1057 4845 1249 4902 ταύτης
1297 4840 1652 4916 ἐκπληρωτὴς.
1701 4842 1862 4902 Ὅλην

259 4935 356 4987 τήν
393 4928 588 5001 λαύραν
617 4928 942 5001 περιελθέτω,
994 4935 1084 4982 καὶ
1134 4932 1200 4982 τά
1247 4939 1348 4982 τῶν
1395 4927 1649 4996 οἰκιδίων,
1709 4931 1744 4982 ἄ
1792 4928 1860 4990 δὴ

263 5017 519 5090 καλοῦμεν
595 5024 830 5092 σωτήρια
902 5023 1038 5089 (21),
1121 5022 1413 5095 σαρωσάτω
1487 5022 1554 5072 τὰ
1637 5020 1862 5093 λὺματα.

270 5285 471 5341 eidem
536 5285 848 5366 rescripta
869 5285 948 5366 ab
965 5286 1204 5358 angelo,
1224 5286 1282 5343 in
1353 5303 1428 5344 ua
1445 5287 1739 5344 ﬁtmentio
1751 5301 1872 5344 me-

275 5357 425 5412 lotes
457 5300 633 5412 arbita.
653 5356 927 5412 lebitonis
945 5373 1049 5412 seu
1075 5303 1473 5412 sunernglicii
1493 5360 1654 5412 linei.
1685 5364 1743 5412 et
1769 5375 1870 5412 cu-

275 5357 425 5440 lotes
443 5355 633 5438 albae,
653 5355 927 5440 lebitonis
945 5355 1479 5440 seu‘sup'erpellicii
1493 5360 1654 5428 linei,
1679 5364 1743 5440 _et
1769 5375 1870 5415 cu-

279 5427 416 5482 culli
443 5443 455 5482 :
486 5428 659 5501 cujus
687 5427 822 5501 licet
859 5443 981 5501 non
1012 5427 1337 5501 explicetur
1392 5429 1574 5497 color,
1632 5427 1872 5500 nigrum

276 5504 482 5572 tamen
512 5499 674 5572 hunc
701 5498 883 5572 fuisse
913 5498 1304 5572 facile—quivis
1323 5501 1522 5556 credet

357 5570 467 5641 (2t)
490 5568 864 5640 Adverbum,
884 5568 1300 5641 aediculdrum,
1314 5587 1469 5644 quas
1479 5572 1659 5628 sellas
1669 5569 1878 5644 appel-

1961 4471 2277 4536 tentem,ac
2288 4480 2362 4519 ne
2375 4463 2847 4519 satisfactionem
2859 4464 3104 4536 quidem
3117 4481 3296 4538 quam
3310 4481 3420 4539 pro
3434 4468 3618 4540 culpa

1963 4555 2140 4612 vellet
2178 4551 2514 4624 explicare;
2555 4551 2824 4624 reposuit
2863 4551 3001 4608 ille:
3063 4552 3120 4609 Si
3172 4555 3352 4625 primi
3403 4571 3620 4627 praece-

1965 4644 2047 4716 pti
2088 4640 2628 4711 transgressionem
2653 4639 3030 4696 dissimulare
3055 4655 3152 4696 me
3183 4642 3329 4706 vult,
3357 4658 3490 4712 age,
3527 4660 3620 4699 se-

1968 4731 2237 4789 cundum
2276 4729 2620 4801 adimpleat,
2667 4728 3002 4784 Circumeat
3047 4729 3284 4786 lauram
3322 4737 3511 4787 totam
3564 4737 3622 4788 et

1966 4821 2322 4878 latrinarum
2354 4818 2562 4875 sordes
2591 4819 3027 4888 expurget.Hoc
3057 4817 3263 4874 audito
3291 4819 3374 4874 illi
3398 4825 3624 4877 averte-

1969 4915 2110 4968 runt
2143 4909 2360 4978 vultus,
2401 4907 2919 4979 discesseruntque
2957 4906 3187 4977 pudore
3238 4911 3621 4982 praegravati,

1977 5014 2114 5055 cum
2147 5013 2221 5053 ex
2246 5011 2368 5052 una
2390 4994 2638 5068 quidem
2653 4999 2820 5066 parte
2843 4992 3296 5054 considerarent
3323 4996 3433 5054 viri
3451 5014 3625 5056 vene-

1978 5283 2198 5348 lamus,
2231 5281 2333 5346 ita,
2367 5277 2448 5336 ad
2479 5275 2827 5346 hujuSmOdi
2857 5278 3272 5338 necessitatem
3302 5282 3631 5344 honestiori

1979 5352 2277 5412 vocabulo
2316 5349 2772 5428 explicandam,
2799 5352 2985 5428 variae
3033 5353 3199 5424 apud
3253 5369 3364 5428 nos
3421 5364 3630 5428 gentes

1982 5430 2231 5496 utuntur
2260 5421 2415 5478 voce
2435 5423 2626 5496 sedis;
2676 5421 2889 5496 Suidas
2926 5421 3146 5496 autem,
3181 5441 3317 5496 qua;
3346 5421 3453 5490 Ι),ίᾶ
3490 5445 3633 5496 neu-

1985 5495 2206 5569 traliter
2239 5498 2518 5569 emigra,
2562 5491 2845 5569 feminine
2891 5493 3096 5569 spribit
3131 5491 3430 5569 σωτηρίας,
3479 5491 3634 5555 vult-

1986 5582 2107 5640 que
2135 5565 2255 5621 dici
2274 5569 2341 5621 ut
2369 5558 2570 5632 σελλας,
2593 5561 2860 5636 σελλὰρια,
2885 5558 3067 5636 ἔδρας.
