4084 6206
468 236 571 306 '871

474 465 745 523 sordium
778 464 1124 535 cogitarent.

543 753 630 807 49.
672 748 822 815 Quid
860 764 1039 821 porro
1076 748 1364 805 Joannes?
1402 746 1555 803 Vidit
1591 749 1949 803 revertentes
1985 745 2116 803 illos

468 839 566 910 (ex
593 852 715 911 quo
748 838 907 895 enim
937 838 1190 907 ingressi
1221 841 1407 907 erant,
1438 836 1639 893 laetum
1666 835 1893 908 aliquid
1931 835 2009 892 ad
2046 834 2117 891 iis

471 943 533 984 se
554 926 903 984 auditurum
930 926 1303 1000 praestolans,
1336 926 1582 982 ferventi
1605 925 1682 982 ad
1707 928 1889 981 Deum
1911 924 2117 996 depre-

472 1017 690 1073 cationi
715 1017 995 1087 instabat)
1025 1021 1082 1073 et
1111 1016 1403 1072 accedens
1441 1015 1786 1084 interrogat,
1815 1012 1962 1085 quid
1983 1012 2117 1068 velit

472 1107 658 1171 Pater,
692 1109 747 1161 et
777 1104 921 1177 quid
950 1120 1058 1176 pro
1085 1103 1299 1159 delicto
1328 1101 1703 1172 ﬁerijubeat.
1727 1100 1897 1157 Atilli
1920 1100 2115 1172 primo

471 1205 594 1249 non
607 1193 1049 1249 audebantrem
1065 1190 1283 1264 eloqui,
1302 1191 1727 1247 reverebantur
1738 1190 1898 1246 enim
1920 1190 2115 1246 virum

472 1278 552 1337 ob
582 1282 815 1352 generis
846 1282 907 1336 in
939 1297 1007 1337 eo
1035 1281 1384 1352 claritatem,
1429 1295 1538 1335 nec
1562 1280 1761 1335 minus
1787 1280 1865 1335 ob
1887 1279 2116 1335 virtutis

471 1369 903 1425 excellentiam.
940 1372 1005 1425 Ut
1042 1384 1184 1439 ergo
1224 1369 1366 1424 vidit
1404 1367 1549 1423 nihil
1591 1384 1651 1423 se
1690 1367 2116 1439 interrogando

470 1457 782 1531 proﬁcere,
802 1458 879 1514 ad
892 1474 1101 1515 eorum
1124 1474 1257 1514 sese
1277 1463 1661 1529 prosternens
1674 1457 1879 1529 pedes,
1898 1472 2118 1527 magna

472 1563 639 1614 voce,
696 1548 937 1612 Edicite,
994 1547 1204 1619 inquit,
1265 1546 1488 1615 Patres,
1554 1545 1697 1617 quid
1755 1545 1893 1601 velit
1947 1545 2118 1602 Pater

472 1652 645 1692 meus
678 1653 691 1690 :
723 1652 859 1691 ecce
884 1636 1041 1691 enim
1074 1640 1353 1707 paratum
1385 1650 1480 1690 me
1508 1635 1586 1690 ad
1625 1634 1977 1690 mandatum
2021 1651 2116 1690 ex-

1662 235 2127 307 CONSTANTINI
2158 245 2632 305 ACROPOLITE.

469 371 679 432 rabilis
715 374 1116 438 honestatem,
1158 376 1230 428 ex
1268 360 1453 429 altera
1489 386 1628 429 vero
1666 360 2112 430 obscaenitatem

2227 372 2379 427 Τοῦθ⁹
2439 375 2507 435 ὡς
2558 377 2808 443 ἤκουσαν,
2869 371 3279 448 ἀπεστράφησαν
3331 375 3423 435 τὰς
3477 374 3627 445 ὄψεις
3670 397 3685 409 ·

3729 255 3831 313 872

3741 393 3838 429 και

2227 462 2332 535 ούχ
2361 465 2514 522 ἧττον
2563 463 2673 535 μετ’
2724 464 3041 535 αἰσχύνηςῆ
3105 461 3303 537 βάρους
3354 462 3613 537 ἀπῄεσαν,
3666 471 3725 518 τό
3778 487 3835 520 τε

2225 559 2314 605 τοῦ
2374 548 2562 627 ἀνδρὸς
2627 555 2809 624 σεμνόν
2862 556 2953 603 xui
3019 550 3294 624 περίδοξον
3367 551 3829 628 ἁναλμγιζόμενοι,

2226 647 2317 695 xui
2345 645 2403 694 τό
2433 650 2533 694 τῶν
2552 642 2911 716 ῥυπασμάτων
2936 643 3061 713 ἄγος
3089 638 3539 715 διενθυμούμενοι.

2296 749 2400 822 μθ’.
2440 748 2594 802 Ἀλλὰ
2620 753 2673 801 τί
2716 768 2808 823 περ
2867 750 2893 801 ό
2926 749 3206 816 ’1ωάννης;
3265 749 3396 825 ’0ρᾴ
3436 753 3655 813 τούτους
3703 752 3834 804 ὑπο-

2229 838 2547 913 στρέψαντας
2595 835 2679 910 (ἦν
2726 840 2852 913 γὰρ,
2908 838 3045 901 ἐξότε
3092 843 3182 891 καὶ
3232 838 3496 912 εἰσῄεσαν,
3562 842 3833 893 πυθέσθαι

2225 946 2276 979 τι
2300 932 2537 1000 χρηστόν
2569 925 2934 1000 ἐκδεχόμενος,
2974 932 3065 980 καὶ
3119 930 3318 1002 θερμῶς
3366 930 3493 1004 ὑπὲρ
3542 926 3701 981 τοῦδε
3740 933 3829 982 τόν

2227 1020 2353 1069 Θεόν
2401 1012 2719 1086 δυσωπῶν)ο
2777 1021 2946 1069 τοίνυν
3003 1022 3095 1069 καὶ
3145 1021 3378 1092 προσιὼν
3424 1016 3575 1080 εύθύς
3630 1016 3827 1091 ἐρωτᾷ,

2223 1110 2274 1158 τί
2304 1124 2357 1157 τε
2386 1107 2410 1157 ό
2435 1110 2613 1176 Πατὴρ
2647 1104 2819 1177 ἑθελει,
2855 1111 2945 1158 καὶ
2977 1108 3003 1158 ὃ
3031 1125 3159 1178 τετε
3208 1108 3334 1179 ύπερ
3389 1114 3481 1159 τοῦ
3541 1105 3829 1179 ἀμπλακή-

2224 1214 2387 1267 ματος
2418 1191 2815 1269 διαπράξασθαι
2846 1193 3109 1266 βούλεται.
3160 1196 3226 1247 Oi
3274 1191 3333 1247 δι
3384 1214 3478 1253 την
3534 1200 3626 1267 μέν
3683 1202 3829 1269 πρῶ-

2225 1304 2318 1342 την
2350 1283 2559 1347 ἐξειπεῖν
2590 1285 2685 1337 ούκ
2715 1285 2984 1356 ἠνείχοντο
3009 1305 3022 1318 ·
3079 1286 3375 1355 ᾐσχύνοντο
3431 1304 3532 1359 γαρ
3585 1288 3673 1338 τόν
3731 1288 3827 1337 οἰν-

2228 1370 2333 1448 δρα
2370 1382 2460 1434 τῆς
2496 1393 2550 1426 τε
2588 1373 2643 1425 ἐκ
2708 1382 2800 1426 τού
2863 1378 3042 1445 γένους
3100 1378 3402 1445 περιφανίας
3458 1379 3550 1425 καὶ
3615 1382 3709 1435 τῆς
3771 1373 3829 1437 ἐξ

2227 1461 2411 1533 ἀρετῆς
2444 1463 2549 1535 οὐχ
2574 1464 2728 1521 ἦττον
2762 1468 3091 1535 σεμνότητος.
3138 1462 3225 1525 Ὠς
3275 1460 3326 1515 δ’
3375 1463 3469 1515 οὐκ
3520 1463 3651 1515 ἀνίει
3707 1462 3826 1516 ἀνε-

2225 1561 2420 1626 ρωτῶν,
2488 1555 2588 1623 πρὸ
2649 1560 2748 1603 τῶν
2801 1548 2978 1604 ποδῶν
3028 1571 3082 1604 τε
3132 1557 3323 1617 πεσὼν,
3388 1552 3649 1615 Ἐξείπατί
3709 1572 3826 1625 μοι,

2227 1645 2464 1715 Πατέρες,
2488 1640 2626 1712 ἐϐόα,
2666 1639 2896 1703 ἐξείπατε
2925 1645 2977 1692 τί
3016 1659 3107 1715 περ
3164 1642 3189 1692 ό
3229 1643 3349 1713 ἐμός
3407 1641 3536 1693 θέλει
3590 1648 3772 1714 Πατήρ
3809 1664 3823 1676 ο

471 1725 763 1797 plendnm
780 1730 835 1781 et
852 1724 1146 1798 quidquid
1175 1724 1426 1781 voluerit
1442 1724 1804 1779 exsecutioni
1822 1724 2114 1780 mandan-

2227 1731 2419 1802 ἕτοιμος
2448 1733 2547 1805 γὰρ
2598 1728 2931 1805 ἐκπληρῶσαι
2981 1733 3149 1801 τούτῳ
3202 1735 3261 1782 τό
3322 1729 3551 1797 θελητόν,
3602 1736 3693 1784 xui
3753 1731 3829 1794 εἰς

473 1814 642 1869 dum.
676 1817 837 1869 Tunc
864 1829 1009 1885 rem,
1034 1818 1095 1869 ut
1133 1819 1276 1880 erat,
1319 1817 1744 1886 exposuerunt,
1785 1818 2117 1869 avertentes

472 1903 704 1959 vultum
734 1908 789 1959 et
825 1908 1004 1976 prout
1040 1902 1292 1960 decebat
1325 1903 1761 1959 erubescentes.
1803 1908 1905 1959 Ast
1942 1908 1977 1959 ὸ
2015 1918 2118 1959 cor

473 1992 791 2048 contritum
830 1992 902 2048 lo
933 1991 1204 2063 spiritum
1247 1991 1627 2047 humiliatum
1656 1993 1668 2047 ι
1702 1997 1943 2063 propter
1981 2007 2116 2064 quae

472 2097 596 2139 non
618 2082 813 2139 solum
832 2097 956 2140 non
978 2082 1249 2155 despexit
1268 2082 1433 2138 illum
1452 2085 1636 2139 Deum
1656 2082 1955 2138 autsalute
1972 2098 2116 2154 qua-

471 2171 753 2245 licunque
783 2172 1063 2242 dignatus
1111 2178 1217 2238 est,
1261 2172 1366 2227 sed
1403 2173 1649 2228 omnino
1700 2170 2018 2243 magniﬁce
2063 2176 2119 2226 et

475 2260 786 2333 splendide
816 2260 1093 2317 eumdem
1141 2261 1395 2333 excepit,
1446 2260 1818 2317 admirandis
1870 2260 2117 2316 omnino

472 2349 734 2421 prmmiis
756 2349 958 2421 ipsum
977 2350 1313 2405 cumulans.
1337 2351 1563 2405 Etenim
1578 2350 1670 2405 vix
1690 2349 1961 2406 audierat
1984 2364 2116 2405 ver-

469 2436 640 2505 bum,
673 2453 810 2492 cum
841 2453 984 2494 mox
1012 2437 1404 2509 apprehensis
1428 2454 1614 2494 manu
1666 2439 1864 2510 scopis
1915 2443 1972 2494 et
2017 2454 2116 2494 co-

472 2525 728 2597 phinum
758 2525 1011 2581 humero
1027 2525 1361 2597 suscipiens
1383 2525 1588 2591 abivit,
1603 2527 2115 2598 velutquianimo,

470 2617 660 2671 Deum
678 2613 901 2685 ubique
922 2620 1281 2686 praesentem
1296 2615 1552 2686 vidente,
1576 2620 1633 2672 et
1647 2616 1844 2672 statim
1859 2616 2117 2671 manda-

469 2705 600 2759 tum
622 2706 993 2774 capessente,
1019 2716 1142 2758 non
1163 2719 1333 2759 secus
1352 2719 1537 2775 quam
1562 2704 1636 2760 de
1663 2704 1910 2777 antiquo
1934 2706 2116 2762 Israe-

471 2789 546 2847 lis
564 2791 793 2863 populo
825 2791 1231 2848 conﬁtebatur
1273 2792 1487 2860 David,
1527 2792 1657 2848 haec
1688 2793 1901 2850 Psalmi
1933 2794 2120 2851 verba

473 2884 812 2953 opportune
843 2880 1426 2938 concineret.Avertit
1453 2882 1532 2937 ab
1560 2882 1846 2938 oneribus
1868 2883 2117 2940 dorsum

472 2968 604 3040 ejus
633 2969 1115 3040 ’,agravioribus
1135 2971 1339 3043 utique
1354 2970 1613 3041 etmagis
1633 2972 1930 3043 pudendis
1942 2973 2107 3029 sarci-

2223 1824 2377 1893 πέρας
2404 1818 2610 1891 ἀγαγεῖν
2651 1822 2711 1871 τὸ
2760 1822 2886 1893 πρὸς
2926 1817 3201 1891 βούλησιν.
3249 1824 3419 1891 Μόγις
3468 1816 3537 1877 δὴ
3587 1824 3706 1873 τότε
3758 1825 3829 1873 τὰ

2224 1916 2319 1971 τῆς
2348 1907 2612 1979 ἐπιτιμίας
2636 1910 2706 1970 ὡς
2749 1906 2886 1979 εἶχεν
2937 1906 3322 1981 ἐξαγορεύουσι,
3370 1910 3458 1969 τὰς
3506 1908 3654 1979 ὄψεις
3698 1908 3828 1962 ἀπο·

2227 2002 2549 2072 στραφέντες,
2606 2002 2695 2049 καὶ
2747 2000 2815 2048 τὰ
2871 1997 3045 2049 εἰκότα
3106 1995 3525 2069 ἐρυθριάσαντες.
3587 1998 3723 2051 Ἀλλ’
3781 2000 3824 2050 ὦ

2225 2083 2447 2160 καρδίας
2512 2085 2707 2146 ἐκείνης
2757 2088 3194 2159 συντετριμμενης
3236 2085 3248 2140 ι
3308 2091 3348 2137 ὤ
3387 2092 3825 2160 τεταπεινωμένου

2226 2179 2513 2247 πνεύματος
2538 2173 2550 2228 l
2576 2172 2648 2235 οἷς
2676 2180 2765 2228 καὶ
2795 2175 2900 2246 οὐχ
2948 2175 3026 2227 ότι
3050 2193 3109 2245 γε
3135 2178 3260 2235 Θεὸς
3301 2183 3483 2228 τοῦτον
3531 2176 3626 2228 οὐκ
3679 2176 3824 2240 ἐξου-

2227 2261 2444 2317 δίνωσεν
2496 2265 2524 2322 ἡ
2597 2268 2859 2337 σωτηρίας
2920 2263 3080 2335 ψιλῆς
3137 2264 3479 2334 κατηξίωσεν,
3542 2263 3673 2317 ἀλλὰ
3733 2271 3826 2319 xui

2224 2352 2460 2426 λαμπρός
2509 2355 2642 2424 ἄγαν
2691 2357 3021 2426 προσήκατο,
3082 2356 3171 2404 καὶ
3209 2352 3614 2427 μεγαλοπρεπῶς
3659 2374 3831 2430 προσ-

2226 2437 2459 2504 εδέξατο,
2523 2446 2613 2493 καὶ
2683 2443 3004 2513 θαυμαστοῖς
3056 2443 3182 2502 οἵοις
3246 2440 3508 2512 ἠμείψατο
3581 2445 3821 2516 γέρασιν.

2227 2530 2337 2582 Ούκ
2376 2532 2501 2603 ἔφθη
2548 2533 2648 2604 γὰρ
2710 2529 2956 2598 ἀκούσας,
2989 2535 3078 2582 καὶ
3129 2528 3297 2582 λαϐὼν
3343 2517 3715 2603 μετόίχείρας
3765 2535 3825 2581 τό

2224 2622 2382 2672 πτύον
2424 2624 2514 2671 καὶ
2562 2618 2949 2692 ἐπωμισὰμενος
3004 2623 3230 2691 κόφινον,
3291 2621 3434 2672 ὡσὰν
3474 2615 3543 2677 δη
3600 2624 3690 2670 καί
3740 2617 3827 2671 ἐπὶ

2225 2716 2297 2779 τῷ
2347 2704 2629 2768 διαπαντός
2682 2711 2847 2780 τούτῳ
2905 2712 3034 2761 Θεὸν
3096 2710 3279 2782 ὁρῶντι
3342 2712 3434 2760 καὶ
3498 2708 3828 2783 αὐτόχρημα

2225 2799 2545 2851 καταστάντι
2585 2800 2684 2866 νοῒ,
2742 2797 2848 2869 ούχ
2905 2799 3059 2856 ἧττον
3114 2797 3265 2859 αὖθις
3322 2800 3351 2854 ἦ
3406 2795 3489 2849 ἐπὶ
3541 2805 3615 2867 τῷ
3661 2797 3824 2849 πάλαι

2227 2888 2439 2965 Ἰσραὴλ
2494 2887 2889 2961 ἁνθομολογοῖτο
2942 2884 3106 2939 Δαϐίδ
3160 2892 3250 2939 xui
3308 2887 3656 2961 εὐκαιρότατα
3681 2886 3824 2957 ψαλ-

2224 2974 2459 3050 μῳδοίη,
2490 2980 2560 3040 ὡς
2590 2978 2905 3035 Ἀηὲστησεν
2933 2976 3033 3030 ἀπὸ
3062 2979 3259 3050 ἄρσεων
3290 2980 3378 3029 τόν
3429 2985 3585 3029 νῶτον
3636 2976 3819 3043 αὐτοῦ,

471 3058 564 3114 nis
593 3077 607 3127 ;
641 3064 697 3115 et
726 3074 945 3116 manus
978 3058 1108 3131 ejus
1138 3059 1200 3115 in
1230 3059 1489 3132 cophino
1524 3061 1871 3118 servierunt.
1904 3064 2116 3118 Ferens

2227 3069 2632 3141 μαχθηροτέρων
2662 3086 2715 3119 τε
2758 3072 2849 3119 xui
2905 3066 3261 3140 αἰσχροτὶρων
3301 3062 3510 3124 δηλαδὴ
3570 3064 3820 3139 βασταγ-

470 3148 651 3219 igitur
670 3148 1011 3205 necessaria
1032 3149 1111 3205 ad
1128 3149 1395 3206 sordium
1414 3151 1887 3222 exportationem
1901 3151 2118 3208 instru-

471 3243 692 3308 menta,
728 3254 851 3295 non
874 3238 1071 3311 scopis
1094 3241 1311 3309 solum,
1343 3238 1450 3296 sed
1480 3240 1660 3297 etiam
1682 3241 1965 3299 manibus
1991 3257 2120 3299 eas-

474 3326 615 3384 dem
637 3328 699 3383 in
728 3328 1058 3400 cophinum
1086 3326 1338 3399 collegit.

544 3617 632 3669 50.
669 3611 871 3669 Audiit
908 3611 1038 3668 hinc
1079 3626 1281 3680 senex,
1325 3611 1650 3686 statimque
1699 3613 2022 3679 emollitus,
2062 3616 2125 3672 in

475 3717 796 3760 occursum
828 3700 962 3772 ejus
994 3699 1274 3757 velociter
1303 3701 1621 3772 egreditur,
1648 3701 1918 3776 colloque
1973 3707 2125 3763 infu-

472 3812 578 3853 sus
613 3788 996 3848 deosculatur
1022 3788 1383 3862 frequenter,
1425 3790 1749 3865 alloquitur
1784 3793 2034 3853 dulciter
2069 3800 2127 3855 et

470 3884 629 3942 dicta
663 3883 990 3938 retractans
1026 3878 1289 3952 appellat
1324 3878 1514 3936 ﬁlium
1552 3881 1924 3956 obedientiae,
1967 3886 2123 3944 divi-

469 3984 740 4045 numque
751 3967 1064 4025 hominem
1077 3972 1390 4041 nuncupat
1414 3969 1709 4042 ;seipsum
1724 3987 1864 4029 vero
1874 3974 2120 4032 beatum

469 4062 773 4137 praedicat,
806 4058 1026 4131 partim
1051 4057 1197 4130 quia
1226 4058 1541 4130 praefectus
1571 4059 1767 4117 fuerat
1803 4066 1980 4120 tanta;
2011 4065 2121 4122 vir-

467 4154 607 4210 tutis
637 4150 786 4216 viro,
819 4152 944 4204 tam
982 4163 1224 4219 magno,
1256 4152 1377 4204 tam
1421 4149 1702 4221 perfecto,
1745 4155 1868 4208 tam
1892 4154 2117 4213 incom-

467 4238 726 4314 parabili
736 4255 763 4303 _;
785 4236 1005 4309 partim
1032 4237 1200 4308 quod
1215 4236 1511 4294 submotis
1523 4238 1657 4295 aliis
1670 4239 1967 4311 ejusmodi
1980 4261 2118 4301 mu-

469 4344 585 4385 nus
621 4327 749 4398 ipse
787 4327 941 4380 esset
969 4323 1229 4382 sortitus.
1269 4324 1535 4398 Denique
1573 4328 1950 4400 amplexibus
1987 4333 2118 4403 ejus

2227 3159 2424 3230 μάτων,
2470 3161 2559 3208 καὶ
2607 3157 2676 3217 ὡς
2715 3158 2770 3208 αἱ
2815 3163 2988 3231 χεῖρες
3022 3155 3181 3208 αὐτοῦ
3220 3154 3268 3207 ἐν
3315 3163 3389 3226 τῷ
3427 3160 3618 3227 κοφίνῳ
3676 3151 3824 3207 idm}-

2226 3246 2434 3301 λευσαν.
2494 3245 2967 3317 Διαγκαλισοίμενος
3037 3241 3125 3298 οὖν
3200 3247 3265 3297 τὰ
3337 3249 3467 3320 πρός
3539 3243 3823 3320 ἐκφόρησιν

2229 3340 2442 3410 ᾆογανα,
2478 3343 2551 3406 τῷ
2587 3336 2734 3406 πτύῳ
2761 3330 2820 3386 δέ
2858 3338 3018 3407 μόνῳ,
3075 3332 3204 3385 ἀλλὰ
3259 3338 3348 3386 καὶ
3399 3338 3587 3407 χερσίν
3645 3329 3825 3392 αὐταῖς

2231 3421 2581 3499 διεχειρίζετο
2608 3426 2673 3475 τὰ
2697 3422 3025 3496 μολύσματα,
3076 3428 3166 3476 καὶ
3213 3422 3422 3495 πληρῶν
3474 3426 3563 3475 τόν
3611 3426 3823 3496 κόρινον

2231 3513 2508 3568 ἀνετίθετο.

2303 3620 2359 3674 ν’.
2386 3619 2538 3672 Τοῦτ’
2594 3617 2847 3672 ἀκουσθεν
2877 3619 2902 3670 ό
2950 3622 3110 3693 γέρων
3160 3617 3509 3691 μειλίσσεται,
3559 3622 3653 3670 καὶ
3706 3614 3827 3692 δρο-

2231 3717 2385 3783 μαῖος
2418 3707 2713 3780 ἕᾳίσταται,
2768 3713 2857 3760 xui
2922 3711 3136 3783 περιφύς
3198 3716 3270 3778 τῷ
3334 3707 3614 3781 τραχήιῳ,
3674 3723 3822 3779 περι·-

2232 3800 2517 3851 επτύσσετο
2577 3799 2771 3869 συχνὰ,
2821 3796 3141 3870 προσωμίλει
3187 3793 3322 3854 ἡδέα
3348 3817 3361 3829 ·
3422 3791 3746 3867 παλινῳδίαν
3774 3814 3824 3848 τε

2230 3888 2390 3959 ἄγων,
2438 3892 2609 3939 τέκνον
2650 3887 2886 3946 ὑπακοῆς
2942 3883 3210 3952 ἀπεκάλει,
3265 3890 3354 3937 xui
3413 3887 3543 3937 θεῖον
3600 3888 3825 3937 κατωνὸσ

2225 3981 2386 4051 μαζεν
2428 3979 2694 4050 ἄνθρωπον
2726 3995 2739 4009 ’
2796 3974 3019 4027 πλεῖστὰ
3062 3994 3117 4027 τε
3147 3975 3325 4027 ἑαυτὸν
3363 3973 3699 4049 ἐμακὰριξεν,
3752 3975 3823 4034 οἷς

2226 4069 2306 4119 ὃτι
2361 4069 2580 4138 τοιούτῳ
2620 4071 2712 4123 τὴν
2766 4063 2947 4139 ἁρετην
3005 4062 3369 4135 ὶπεστοξτησεν,
3426 4065 3564 4115 οὕτω
3592 4063 3819 4136 μεγαλῳ,

2225 4157 2360 4209 ούτω
2411 4155 2602 4227 τελείῳ,
2663 4155 2795 4207 ούτω
2841 4161 2952 4214 τοῖς
2997 4152 3135 4215 ὅλοις
3181 4151 3544 4227 ἀπαραμίλλῳ,
3602 4157 3696 4204 καὶ
3746 4153 3824 4213 οἷς

2228 4242 2296 4304 δὴ
2348 4248 2469 4305 τοὺς
2508 4244 2717 4304 λοιπούς
2763 4244 3315 4316 παραγκωνισμεάνος,
3369 4245 3461 4300 τήν
3541 4242 3821 4313 ἠγεμονίαν

2226 4334 2378 4395 αὐτὸς
2429 4332 2782 4406 ἐκληρώσατο.
2842 4331 2981 4384 Ἐπεί
3050 4327 3101 4383 δ’
3167 4330 3442 4404 αύτᾰρκως
3514 4333 3644 4401 ἔσχε
3724 4338 3822 4382 τῶν

468 4420 798 4485 utcumque
824 4411 1097 4480 satiatus,
1109 4412 1439 4482 ingreditur
1449 4414 1684 4483 cellam,
1699 4416 1850 4475 laeva
1869 4420 2116 4491 quidem

2227 4420 2542 4496 ἀσπασμῶν,
2577 4424 2765 4473 ε’ίσεισι
2793 4424 2888 4479 τὴν
2927 4419 3116 4483 οἰκίαν,
3152 4428 3215 4492 τῇ
3247 4419 3370 4490 λαιᾷ
3406 4424 3497 4492 μέν
3526 4428 3616 4479 τῆς
3645 4415 3821 4481 δεξιᾶς

466 4519 658 4563 manu
685 4502 993 4557 dexteram
1023 4500 1152 4570 ejus
1177 4505 1407 4569 tenens,
1431 4503 1674 4561 dextero
1704 4520 1847 4562 vero
1866 4507 2115 4567 brachio

469 4594 719 4653 dorsum
740 4590 869 4662 ejus
891 4587 1301 4658 circumdans;
1333 4594 1513 4663 atque
1539 4608 1612 4648 ex
1633 4608 1704 4650 eo
1725 4598 1991 4668 tempore
2014 4598 2115 4656 illo

468 4684 669 4755 utitur,
712 4694 837 4737 non
877 4682 941 4735 ut
976 4676 1265 4747 magister
1303 4677 1621 4752 discipulo.
1658 4697 1853 4755 neque
1891 4690 1958 4743 ut
1991 4686 2116 4745 ﬁlio

468 4779 661 4846 pater,
706 4770 813 4828 sed
856 4773 1146 4841 tanquam
1193 4766 1558 4826 nobilior-um
1603 4775 1958 4832 naturarum
2011 4777 2115 4834 uni

469 4878 611 4920 cum
629 4857 989 4920 verecundia
1012 4856 1359 4929 accedebat,
1385 4858 1770 4919 vehementer
1787 4862 1990 4936 ipsum
2009 4866 2114 4925 ho-

469 4966 713 5022 norans,
739 4955 797 5008 et
812 4950 964 5006 sicut
979 4946 1372 5006 conveniebat
1389 4948 1615 5007 colens.

544 5045 629 5096 5L
656 5039 952 5105 Quoniam
969 5051 1109 5094 vero
1131 5052 1254 5094 non
1273 5038 1632 5110 expediebat
1647 5039 1956 5102 lucernam
1979 5045 2115 5103 abs-

469 5128 648 5186 condi
678 5126 790 5183 sub
820 5124 1026 5183 modio
1049 5128 1267 5198 (neque
1293 5126 1454 5184 enim
1481 5143 1671 5201 parva
1707 5130 1835 5188 haec
1864 5134 2113 5192 calami-

468 5222 559 5275 tas
584 5218 711 5272 erat
744 5214 907 5271 ﬁdeli
935 5213 1179 5287 populo,
1212 5214 1529 5286 profundis
1558 5217 1621 5275 in
1648 5220 1903 5279 tenebris
1934 5223 2113 5282 ober-

467 5305 642 5374 ranti,
676 5310 733 5362 et
759 5304 1017 5375 graviter
1044 5301 1217 5359 valde
1266 5302 1647 5378 prolabenti),
1695 5324 1806 5366 nec
1868 5328 2111 5387 aequum

468 5398 597 5453 erat
615 5391 865 5452 omnino
893 5391 1125 5449 obstrui
1139 5389 1367 5450 fontem
1391 5390 1557 5466 (dum
1579 5396 1750 5469 plebs
1779 5401 2112 5463 Christiana

537 5531 561 5567 ³
581 5530 737 5589 Psal.
758 5545 931 5600 Lxxx,
951 5532 1005 5587 7.

2226 4510 2489 4586 ἐχόμενος,
2523 4512 2713 4585 θατέρᾳ
2760 4506 2819 4562 δι
2877 4518 2976 4561 τῶν
3034 4515 3207 4562 νώτων
3256 4508 3412 4561 αὐτόν
3471 4504 3821 4579 διαοίκαλιζό-

2225 4619 2393 4673 μενος,
2424 4602 2592 4652 καὶτὸ
2615 4597 2667 4661 ἓξ
2718 4598 2911 4651 ἐκείνου
2965 4598 3077 4651 οὔθ’
3122 4600 3188 4659 ὡς
3233 4599 3444 4670 μαθητῇ
3501 4593 3818 4665 παιδευτὴς,

2225 4689 2334 4742 οὔθ’
2365 4691 2430 4749 ὡς
2458 4692 2633 4761 πατὴρ
2664 4691 2822 4760 τέκνῳ
2849 4693 3119 4761 χρώμενος
3179 4683 3260 4758 ἦν,
3320 4688 3390 4749 ὥς
3445 4705 3546 4738 τινι
3607 4682 3669 4739 δε
3720 4694 3820 4738 τῶν

2223 4782 2523 4854 κρειττόνων
2581 4778 2779 4850 φύσεων
2835 4784 3155 4851 προσανεῖχε
3199 4781 3291 4829 xui
3346 4772 3420 4829 δι’
3468 4772 3655 4836 αἰδοῦς
3704 4773 3818 4847 ἦγε,

2223 4870 2389 4921 καὶτὰ
2409 4866 2610 4940 μεγαλα
2629 4868 2798 4939 ἐτίμα,
2819 4871 2909 4918 καὶ
2925 4868 2995 4929 ὡς
3010 4865 3144 4928 εἰκὸς
3166 4864 3462 4928 ἑσεϐὰζετο.

2293 5044 2386 5101 να’.
2412 5046 2552 5099 Ἐπεί
2584 5040 2635 5097 δ’
2674 5043 2770 5098 ούκ
2805 5041 2969 5120 ἔχρῆν
3022 5041 3258 5098 ἕπιπλίον
3309 5045 3395 5096 τόν
3447 5041 3640 5115 λύχνον
3698 5043 3820 5096 ύπο-

2222 5136 2507 5209 κεκρύφθαι
2525 5136 2611 5187 τόν
2659 5128 2911 5208 μέδιμνον
2956 5130 3103 5205 (οὐδε
3148 5136 3249 5207 γὰρ
3305 5128 3430 5185 οὐδε
3482 5136 3671 5207 μετρία
3718 5150 3822 5193 πως

2222 5222 2445 5277 ἐντεῦθεν
2500 5220 2560 5281 ἣν
2617 5225 2642 5282 ἱ)
2698 5224 2866 5296 ζημία
2917 5230 2987 5293 τῷ
3038 5221 3235 5276 εὐσεϐεῖ
3287 5226 3377 5274 καὶ
3427 5222 3545 5292 θείῳ
3605 5225 3819 5293 σχοινί-

2223 5312 2560 5387 σματι,ὠςέν
2616 5310 2773 5386 βαθεῖ
2811 5320 2885 5384 τῷ
2940 5317 3110 5384 σκότῳ
3158 5311 3468 5384 πλανωμένῳ
3523 5315 3613 5363 xui
3674 5298 3859 5363 dimi.

2217 5406 2352 5458 πάνυ
2389 5403 2792 5479 προσπταίοντι)
2831 5406 2963 5476 μήτε
3009 5406 3114 5475 μην
3158 5396 3447 5463 διαπαντός
3501 5403 3597 5459 την
3641 5404 3817 5473 πηγὴν
