4084 6206
172 225 270 282 873
1402 227 1472 282 IN
1512 227 1568 283 S.
1607 225 1780 284 JOAN

1926 227 2340 286 iMASCENUM.
3427 231 3539 300 87‘

170 349 560 401 ἀνακόπτεσθαι
593 343 800 400 δίκαιον
841 347 1121 420 ἐτύγχανεν
1178 350 1253 418 ὃν,
1306 356 1397 404 τοῦ
1434 350 1562 403 λαοῦ
1619 347 1764 422 διψει

1930 352 2205 410 erborum
2228 353 2568 412 divinorum
2593 355 2688 414 siti
2706 354 2922 418 fatiscit
2941 364 2998 419 et
3022 365 3284 420 extreme
3311 363 3543 436 pericli-

174 439 321 490 θεὶων
388 436 838 510 λειποῲυχουντος
901 438 1166 510 ῥηματων,
1208 444 1298 492 καί
1333 441 1398 493 τοί
1435 443 1642 512 ἰσχατα
1685 460 1769 516 μι-

1925 456 2014 498 ins
2043 456 2198 511 aegre
2227 443 2499 516 spiritum
2522 445 2705 519 ducit)
2733 464 2845 520 age
2866 449 3142 508 videmus
3162 469 3287 526 qua
3305 454 3538 512 ratione

171 533 299 599 κροῦ
340 530 575 587 πνεοντὸς
626 545 680 578 τε
727 531 816 579 καί
858 523 1264 596 κινδυνεύοντος,
1328 538 1436 590 πῶς
1501 534 1590 581 καί
1661 533 1774 582 τὶνα

1923 529 2174 587 roducta
2210 530 2454 590 lucerna
2493 535 2586 606 sit,
2619 541 2672 592 et
2699 537 2924 596 ﬂuento
2955 523 3391 614 copiosi—fontis
3420 543 3535 600 hu-

172 619 368 690 τρὸπον
409 617 436 668 ὅ
488 634 542 668 τε
591 613 785 687 λὺχνος
826 615 1267 691 παρρησιάζεται,
1317 623 1407 670 καί
1447 622 1506 671 τό
1556 620 1772 690 ἄφθονον

1924 634 1976 675 ιε
2031 625 2294 677 reserato
2317 621 2562 694 irrigata
2591 625 2906 683 haereditas
2937 613 3429 701 Christianorum,
3479 636 3537 690 et

171 715 266 770 τῆς
298 708 442 770 θεὶας
479 711 671 770 ταῦτης
713 706 1100 781 ἁναστομοῦται
1148 710 1317 785 ῥεῦμα
1365 718 1559 782 πηγῆς,
1611 713 1668 763 τὸ
1720 729 1775 764 τε

1922 706 2086 765 ivina
2109 707 2418 780 plenitudo
2446 717 2799 783 restaurata,
2834 717 2952 773 Deo
2983 716 3166 775 rebus
3195 719 3414 776 nostris
3443 735 3535 778 sa-

171 801 558 870 Χριστὼνυμον
612 794 924 872 καταρδιῦει
966 797 1155 871 λάχος,
1206 803 1392 852 καίτό
1461 801 1590 852 θεῖον
1649 798 1772 852 ἀνα-

1924 796 2113 854 ienter.
2160 798 2528 873 providente,
2559 809 2616 858 et
2645 803 2803 861 circa
2832 805 2894 861 id
2929 811 3260 878 satagente.
3317 811 3534 868 lterum

175 885 306 946 ζωοί
353 885 632 962 πλήρωμα,
676 894 790 956 Θεῷ
845 895 916 958 τῷ
965 896 1105 960 σοφῷ
1165 897 1266 940 τῶν
1331 890 1585 964 ἡμετερων
1650 908 1774 962 «po-

1921 884 2042 941 nim
2075 885 2259 944 libere
2273 889 2394 958 egit
2413 891 2596 948 Deus:
2622 907 2745 949 non
2768 899 2969 952 tamen
2994 895 3164 953 sicuti
3187 896 3534 956 Abrahamo

171 984 364 1044 νοητῆ,
391 981 482 1030 καί
521 979 588 1029 τά
623 978 758 1029 κατά
809 985 964 1031 τοῦτο
1008 976 1417 1053 διῳκονὸμηται.
1482 986 1612 1044 Θεὸς
1669 984 1772 1056 γάρ

1920 990 2173 1049 mquam
2201 977 2264 1033 in
2289 980 2542 1038 transitu
2571 985 2852 1056 apparuit
2895 985 3052 1043 intra
3081 986 3533 1046 tabernaculum

171 1065 327 1126 αὖθις
379 1064 823 1141 παρρησιάζεται,
869 1066 1002 1126 πλήν
1054 1070 1159 1140 οὐχ
1203 1073 1268 1131 ὡς
1311 1079 1383 1139 τῷ
1429 1070 1668 1146 Ἀϐρααμ
1725 1076 1775 1125 ἐν

1920 1079 2078 1137 eque
2113 1065 2288 1123 sicuti
2312 1070 2512 1140 nepoti
2541 1074 2669 1142 ejus
2697 1073 2921 1129 Jacobo
2951 1090 3060 1147 per
3085 1075 3313 1134 luctum
3341 1083 3399 1134 et
3421 1094 3533 1151 pu-

167 1163 231 1213 τῆ
283 1162 453 1214 σκηνῆ
502 1157 636 1207 κατά
673 1151 905 1230 παροδον
953 1155 1292 1230 ἐπιφαίνεται,
1353 1160 1466 1213 οὔθ’
1505 1160 1577 1222 ὠς
1597 1169 1668 1232 τῷ
1698 1165 1777 1214 ἐκ·

1919 1169 2067 1213 rnam
2089 1171 2152 1211 se
2173 1156 2574 1216 manifestavit
2591 1177 2604 1226 ;
2619 1160 2804 1228 illam,
2827 1162 3102 1236 inquam,
3127 1164 3372 1233 luctam,
3396 1182 3532 1239 quae

167 1246 308 1315 γὸνῳ
354 1242 542 1297 Ἰακώϐ
590 1240 682 1296 διά
732 1244 902 1308 πὰλης
937 1264 992 1298 τε
1056 1251 1146 1300 καί
1164 1251 1313 1308 νὶκης
1346 1244 1773 1322 διασημαινεται,

1922 1244 2225 1301 ommunis
2275 1252 2494 1304 nostrae
2533 1249 2742 1306 salutis
2780 1267 3072 1322 magnum
3105 1255 3535 1326 praeﬁgurabat

166 1332 366 1399 πὰλης,
429 1331 644 1404 ἐκείνης,
705 1337 734 1394 ἦ
779 1339 836 1387 τό
878 1338 1014 1407 μὲγα
1054 1333 1410 1410 προδιετῦπου
1455 1347 1550 1402 τῆς
1601 1348 1779 1402 κοινῆς

1918 1333 2237 1403 nysterium
2251 1385 2257 1391 .
2271 1335 2734 1395 exinanitionem
2749 1339 2968 1397 scilicet
2989 1347 3047 1398 et
3068 1345 3531 1416 susceptionem,

167 1424 324 1489 ἡμῶν
395 1427 657 1497 σωτηρίας
724 1427 1036 1496 μυστήριον·
1113 1431 1206 1485 τήν
1248 1429 1464 1480 κὲνωσὶν
1515 1448 1651 1501 φημι
1689 1439 1780 1489 καί

1928 1425 2067 1494 tque
2113 1421 2244 1492 ejus
2275 1423 2378 1495 qui
2427 1432 2745 1498 susceptus
2791 1427 2984 1485 fuerat
3027 1445 3098 1485 ex
3149 1430 3282 1503 ipsa
3334 1449 3538 1490 susce-

166 1514 267 1569 τήν
299 1510 622 1585 πρόσληψιν,
645 1516 735 1564 καί
759 1516 854 1570 τήν
902 1519 995 1564 τοῦ
1033 1513 1454 1589 προσληφθεντος
1501 1515 1554 1580 ἐξ
1617 1517 1779 1580 αὐτῆς

1926 1510 2091 1566 tione
2111 1509 2573 1570 deiﬁcationem.
2591 1517 2651 1570 In
2677 1531 2800 1588 quo
2821 1533 2968 1574 sane
2992 1522 3209 1576 natura
3229 1525 3454 1592 nostra,
3473 1524 3539 1578 ut

168 1597 523 1674 προσλήψεως
552 1602 760 1658 θεωσιν.
780 1607 945 1654 Τοῦτο
996 1605 1098 1678 γάρ
1142 1604 1290 1677 οἶμαι
1327 1609 1386 1657 τό
1433 1611 1519 1658 τὸν
1568 1605 1781 1681 Ἰσραήλ

1927 1599 2184 1667 xistimo,
2205 1601 2483 1658 extremis
2503 1602 2670 1661 hisce
2693 1606 3062 1678 temporibus
3085 1608 3217 1665 visa
3245 1613 3332 1666 est
3359 1609 3540 1668 Israe-

168 1687 514 1748 ἑκνικηθῆναι
541 1693 908 1764 προῦπὶφαινε,
939 1695 999 1744 τό
1046 1697 1141 1750 τήν
1189 1695 1442 1769 ἡμετεραν
1487 1693 1564 1747 ἐπ’
1619 1694 1781 1768 ἰσχὰ-

1928 1703 2007 1743 2m
2020 1689 2416 1760 superavisse,
2434 1692 2600 1763 quod
2622 1698 2868 1750 eatenus
2884 1695 3455 1755 incommutabiliter
3470 1714 3541 1756 ac

168 1798 277 1830 των
300 1781 480 1851 φῦσιν,
512 1783 606 1837 τήν
635 1781 754 1840 τεως
801 1779 1030 1856 ἰσχυράν
1087 1787 1180 1841 τήν
1225 1783 1484 1857 ἁμαρτίαν
1523 1789 1614 1838 καί
1660 1784 1781 1859 ἀμε-

1933 1775 2138 1833 rmiter
2161 1783 2408 1850 peccato
2435 1780 2755 1850 inhaerens,
2787 1799 3111 1855 congressa
3138 1802 3280 1842 cum
3305 1789 3426 1844 Deo
3469 1787 3545 1845 sit

169 1869 412 1938 ταθετον,
471 1867 836 1940 ξυμπλακῆναι
937 1877 1074 1939 Θεῷ,
1164 1873 1331 1924 ε’ῖτουν
1386 1873 1782 1946 προσληφθῆναι

1932 1869 2070 1936 tque
2096 1864 2175 1922 ab
2204 1881 2276 1922 eo
2305 1875 2640 1942 assumpta,
2669 1874 2850 1944 atque
2879 1887 2947 1928 ex
2976 1888 3048 1929 eo
3081 1889 3214 1946 ipso
3243 1889 3348 1946 per
3376 1876 3544 1948 quod

171 1961 269 2009 καί
297 1965 544 2010 τοσοῦτον
571 1957 623 2020 ἐξ
663 1958 819 2032 οὗπερ
873 1959 936 2016 ἦν
974 1967 1170 2026 πεσεῖν,
1229 1965 1394 2014 εἰτουν
1453 1971 1784 2035 μεταπεσεῖν,

1930 1953 2013 2011 lbi
2038 1969 2109 2012 ac
2129 1955 2312 2012 relabi
2344 1955 2653 2028 debuerat,
2679 1974 2803 2016 non
2829 1965 3029 2018 solum
3061 1962 3454 2031 sanctiﬁcata,
3483 1966 3543 2035 (ο

169 2051 240 2107 ὼς
292 2045 400 2118 οὐχ
447 2048 530 2099 ὃτι
564 2065 622 2118 γε
673 2045 996 2118 ἁγιασθῆναι
1054 2047 1191 2119 (ἀλλ’
1246 2048 1286 2101 ὦ
1325 2059 1542 2124 φρικτοῦ
1581 2071 1782 2124 μνστη.

1930 2043 2272 2100 remendum
2291 2045 2643 2118 mysterium
2664 2047 2676 2103 ι
2701 2063 2738 2104 o
2759 2049 3102 2121 prodigium
3121 2050 3543 2123 obstupescere

167 2140 296 2208 ρὶου
338 2135 351 2190 !
415 2137 457 2186 ὦ
512 2138 789 2210 τεραστὶου
841 2140 932 2188 καί
997 2143 1115 2189 νοῦν
1163 2137 1634 2206 καταπληττοντος,
1695 2142 1780 2194 καί

1933 2132 2118 2189 ιοὶθηε
2155 2133 2426 2190 animam
2456 2136 2872 2210 rationemque
2903 2139 3330 2196 transcendens
3355 2141 3395 2212 ι)
3439 2141 3546 2198 sed

168 2224 333 2295 λόγον
389 2223 788 2285 συστὲλλοντοςε
823 2225 962 2296 )καί
1009 2227 1282 2294 θεωθῆναι,
1322 2233 1410 2280 καί
1461 2230 1561 2282 ὑπὸ
1608 2231 1781 2293 πὰσης

1936 2219 2076 2278 tiam
2119 2220 2394 2280 deificata
2433 2228 2491 2280 et
2527 2223 2607 2280 ab
2653 2225 2938 2282 omnibus
2963 2228 3249 2284 creaturis
3272 2228 3549 2289 adorata.

166 2316 608 2388 προσκυνηθῆναι
633 2322 724 2376 τῆς
749 2320 992 2379 κτίσεως.
1037 2316 1176 2376 Πλήν
1197 2318 1304 2390 οὐχ
1351 2322 1487 2371 οὕτω
1543 2339 1602 2392 γε
1655 2324 1779 2384 Θεὸς

1936 2313 2024 2367 'on
2053 2315 2276 2380 tamen,
2308 2315 2372 2367 ut
2397 2310 2540 2377 dixi,
2569 2313 2646 2368 ad
2686 2313 2971 2370 eumdem
3002 2313 3256 2370 modum
3292 2331 3454 2372 nunc
3483 2315 3549 2371 li-

168 2410 268 2458 καί
320 2401 470 2468 αὖθις
512 2404 936 2480 παρρησιάζεται
991 2406 1181 2479 (ταῦτα
1236 2411 1338 2484 γάρ
1394 2408 1549 2462 ἄλλον
1595 2414 1781 2480 τῦπον,

1931 2417 2036 2458 ποτε
2060 2402 2180 2472 egit
2204 2401 2356 2474 (istae
2381 2401 2542 2458 enim
2566 2402 2775 2472 figurae
2803 2409 2974 2461 erant
3001 2404 3244 2461 alterius
3269 2405 3356 2463 rei
3379 2405 3544 2462 altio-

169 2497 268 2546 καί
307 2499 606 2566 οικονομὶας
637 2497 872 2566 μείζονος
913 2498 1368 2572 προχαραγματα)
1427 2502 1539 2550 νυνί
1583 2494 1644 2551 δέ
1693 2495 1782 2552 διά

1936 2490 2095 2564 isque
2114 2489 2546 2564 providentia),
2569 2506 2731 2548 nunc
2753 2497 2956 2549 autem
2977 2508 3086 2566 per
3105 2509 3278 2550 suam
3303 2494 3549 2567 purissi-

171 2591 272 2642 τῆς
293 2581 455 2634 αὐτοῦ
506 2583 769 2654 πανάγνου
810 2587 1030 2658 μητρὸς,
1091 2593 1186 2645 τῆς
1231 2586 1366 2646 θείας
1443 2590 1534 2638 καὶ⁵
1577 2585 1784 2662 ἀχειρο-

1935 2595 2063 2636 iam
2087 2583 2364 2649 matrem,
2391 2578 2541 2635 illud
2561 2580 2785 2638 scilicet
2813 2581 3085 2639 divinum
3111 2587 3310 2640 etnon
3336 2599 3548 2640 manu-

171 2674 392 2724 τεύκτου
449 2679 662 2740 σκηνῆς,
721 2671 774 2734 ἐξ
827 2673 890 2734 ἧς
941 2671 1200 2747 προελθών
1256 2679 1654 2746 κατηγωνίσατο
1699 2680 1784 2728 τὸν

1936 2674 2121 2726 ictum
2159 2667 2634 2738 tabernaculum,
2667 2685 2740 2727 ex
2767 2686 2892 2743 quo
2917 2671 3205 2744 prodiens
3235 2671 3549 2729 inimicum

175 2759 399 2833 ἐχθρὸν,
423 2757 716 2833 διαγγέλλει
746 2764 804 2814 τὸ
855 2760 1134 2835 βουλητὸν.
1190 2759 1403 2822 Ἐπειδὴ
1444 2767 1546 2839 γὰρ
1589 2763 1643 2828 ἐξ
1699 2764 1788 2818 αὖ·

1934 2762 2302 2832 uperaverat,
2317 2758 2672 2817 voluntatem
2685 2777 2850 2817 suam
2863 2761 3242 2830 signiﬁcavit.
3258 2764 3303 2828 Q
3313 2763 3547 2820 uoniam

177 2858 274 2909 τῆς
315 2869 369 2902 τε
439 2855 528 2902 καὶ
603 2847 679 2903 δι’
721 2850 883 2911 αὐτῆς
930 2849 1334 2928 ἐνανθρωπήσας
1383 2861 1445 2912 τῆ
1498 2861 1640 2912 κοινῆ
1687 2862 1788 2907 τῶν

1935 2849 2054 2904 nim
2076 2864 2148 2905 ex
2172 2847 2304 2920 ipsa
2322 2851 2379 2903 et
2398 2863 2504 2919 per
2535 2849 2731 2921 ipsam
2757 2849 2950 2906 factus
2969 2849 3154 2906 homo
3185 2866 3324 2906 cum
3352 2850 3548 2907 homi-

179 2938 469 3014 ἀνθρώπων
504 2940 877 3015 προσωμίλησε
935 2944 1107 3014 φύσει,
1158 2938 1251 2994 διὰ
1303 2945 1504 3006 suam;
1557 2947 1645 2996 καὶ
1699 2951 1787 2996 νῦν

1937 2936 2074 2994 ibus
2098 2936 2382 3007 dignatus
2397 2940 2490 2992 est
2513 2937 2855 2994 conversari
2881 2955 2895 3006 ;
2923 2952 3029 3010 per
3047 2937 3346 3004 eamdem,
3361 2954 3547 3010 quam

178 3029 360 3097 αὖθις,
393 3032 456 3086 ἣν
509 3027 737 3101 ἀγγελων
777 3035 869 3083 καὶ
924 3028 1266 3104 ἆρχαηέλων
1313 3036 1404 3086 καὶ
1460 3040 1643 3086 πασῶν
1690 3029 1787 3085 δυ-

1932 3041 2079 3098 upra
2131 3024 2377 3095 angeIOS
2436 3024 2949 3098 archangelosque
2995 3030 3053 3082 et
3096 3041 3309 3083 omnes
3363 3027 3545 3084 virtu-

176 3119 382 3190 νάμεων
424 3123 791 3192 προτετίμηκε,
847 3123 937 3172 καὶ
1013 3118 1180 3192 ὁμιλεί
1242 3124 1332 3174 καὶ
1407 3117 1659 3194 διασαφεῖ
1720 3123 1788 3174 τὰ

1930 3130 1982 3171 es
2004 3113 2340 3184 honoravit,
2369 3111 2604 3170 locutus
2632 3118 2719 3172 est
2747 3119 2806 3172 et
2833 3114 3236 3172 manifestavit
3277 3131 3416 3189 quae
3445 3132 3543 3175 vo-

175 3211 312 3281 πρός
335 3205 500 3279 βοῦλη
511 3226 612 3263 σιν.

466 3227 500 3265 ,η
511 3226 612 3263 σιν.
1895 3201 2079 3260 lebat.

251 3294 362 3368 νβ’.
408 3301 521 3366 Mra}
589 3303 714 3368 γοῦν
760 3304 860 3348 τῶν
937 3305 1132 3350 νυκτῶν
1186 3297 1510 3372 ἐπιφαίνεται
1541 3306 1614 3361 τῷ
1666 3318 1784 3374 πρε-

1964 3292 2054 3346 52.
2095 3293 2248 3362 Ergo
2285 3295 2457 3348 nocte
2500 3291 2772 3364 quadam
2810 3291 3090 3366 apparuit
3127 3293 3255 3350 seni
3286 3293 3542 3366 Deipara

173 3383 351 3443 σϐῦτη
383 3387 412 3443 ἡ
445 3386 704 3457 πάναγνος
735 3385 862 3444 αὐτῆ
885 3391 1154 3450 Θιοτόκος,
1176 3391 1286 3454 καὶ,
1319 3393 1402 3455 Τί,
1438 3392 1592 3460 φησὶ,
1627 3396 1782 3441 τοῦτο

1929 3385 1968 3448 t,
2001 3382 2134 3450 Cur,
2165 3380 2374 3454 inquit,
2407 3381 2524 3438 hoc
2549 3380 2696 3437 facis
2718 3380 2746 3436 ?
2776 3382 2970 3448 Quare
2999 3381 3260 3439 obstruis
3289 3381 3537 3454 fontem,

171 3475 482 3542 ποιεῑςςῖνα
511 3479 562 3527 τί
605 3493 659 3526 τε
709 3479 886 3547 πηγὴν
937 3474 1279 3550 ἀναφράττεις
1343 3477 1490 3529 θείων
1548 3476 1781 3550 πολυχεύ

1935 3469 2110 3527 ivinis
2131 3469 2509 3526 sermonibus
2535 3469 2776 3543 copiose
2797 3475 3144 3538 scatentem,
3167 3475 3226 3528 et
3243 3471 3539 3530 luminare

172 3583 312 3637 μονα
349 3562 536 3634 λόγων,
597 3567 686 3616 καὶ
737 3573 992 3639 φωστῆρα
1046 3564 1444 3638 περικαλύπτεις
1494 3570 1607 3635 καὶ,
1681 3584 1781 3618 συ-

1929 3557 2232 3630 bscondis,
2265 3574 2334 3615 ac
2353 3557 2552 3616 lucem
2575 3558 2972 3630 obumbrans,
3001 3564 3240 3618 noctem
3269 3560 3454 3639 efﬁcis
3478 3562 3539 3618 in

177 3653 422 3714 σκιάζεις
474 3655 533 3704 τὸ
592 3661 718 3724 φῶς,
771 3657 861 3704 καὶ
935 3657 1098 3705 νύκτα
1171 3653 1502 3728 μεσημϐρίας
1577 3661 1778 3722 nouis;

1928 3647 2137 3704 meridie
2151 3648 2178 3704 ?
2201 3647 2472 3704 Permitte
2486 3649 2784 3704 Joannem
2810 3663 3103 3705 exornare
3131 3648 3330 3706 verbis
3347 3635 3541 3708 Eccle-

173 3747 340 3814 ³¹Αφες
375 3743 464 3794 τὸν
489 3741 729 3798 Ἰωάννην
780 3750 952 3815 κοσμῆ
990 3761 1080 3794 και
1114 3741 1290 3814 λόγοις
1351 3747 1442 3801 τὴν
1470 3742 1782 3802 Ἐκκλησίαν

1930 3737 2044 3794 iam
2105 3736 2204 3792 Dei
2244 3753 2258 3804 ;
2309 3735 2582 3808 permitte
2637 3742 2704 3793 ut
2751 3737 2926 3793 rectis
2970 3753 3106 3794 eam
3153 3738 3543 3810 dogmatibus

178 3839 342 3884 Θεοῦ.
389 3829 544 3902 ’Ἄφες
592 3830 837 3906 στηρίξαι
882 3835 1074 3889 ταυτην
1121 3838 1226 3893 τοῖς
1271 3833 1446 3905 ὀρθοῖς
1501 3828 1781 3905 δόγμασιν.

1930 3823 2171 3888 tabiliat,
2221 3825 2494 3896 permitte
2538 3829 2602 3882 ut
2633 3823 2922 3882 dissolvat
2952 3826 3268 3898 perplexas
3307 3826 3543 3884 intrica-

180 3919 344 3992 Ἀφες
377 3918 631 3973 ἀναλῦσαι
678 3922 746 3972 τὰ
795 3929 894 3972 τῶν
950 3929 1212 3992 σοφιστῶν
1251 3928 1346 3981 τῆς
1392 3925 1582 3984 κακίας
1635 3926 1785 3996 περὶ·

1930 3929 2104 3986 ιειιιιθ
2134 3911 2537 3986 pessimorum
2567 3911 2971 3984 sophistarum
2998 3912 3386 3984 obiectiones,
3414 3929 3543 3986 per-

184 4027 316 4081 εργα
343 4028 434 4061 και
487 4005 730 4082 γριφώδη
776 4007 1141 4084 προϐλήματα.
1191 4007 1344 4082 Ἄφες
1390 4006 1651 4082 διελέγξαι
1693 4012 1788 4072 τὰς

1922 4001 2059 4059 nitte
2109 4004 2172 4058 ut
2193 4015 2403 4057 eorum
2433 3999 2807 4072 sophismata
2829 4004 2886 4057 et
2926 4001 3166 4058 fraudes
3188 4000 3535 4072 redarguat.

184 4096 388 4158 ἀπατας
442 4100 633 4150 τούτων
679 4117 769 4152 και
837 4101 905 4150 τὰ
971 4103 1292 4171 σοφίσματα.
1371 4098 1660 4170 Περίπλιως
1699 4095 1788 4152 οὖν

1932 4090 1986 4147 .d
2014 4090 2145 4145 haec
2171 4088 2380 4146 timore
2401 4104 2472 4145 ac
2497 4093 2752 4146 tremore
2777 4088 3058 4162 impletus
3085 4090 3420 4148 monachus
3447 4107 3545 4147 ex-

184 4193 385 4261 τρόμου
411 4207 500 4240 και
547 4191 733 4260 φρίκης
782 4189 808 4240 ὀ
855 4191 1090 4260 μοναχός
1143 4187 1506 4260 ἀφυπνίζεται,
1565 4207 1656 4240 και
1701 4191 1788 4240 τὸν

1932 4178 2249 4250 ιετείεοίωι·
2293 4180 2588 4234 Joannem
2633 4177 2913 4246 advocat,
2943 4182 3020 4245 et,
3054 4178 3177 4244 Eia,
3210 4179 3424 4252 inquit,
3457 4180 3545 4236 vir

186 4279 432 4334 Ἰωάννην
496 4276 895 4349 μετακαλεῖται,
972 4297 1062 4328 και
1144 4276 1231 4344 Ὠ,
1309 4295 1490 4348 φησιν,
1555 4277 1792 4351 ἄνθρωπε

1932 4269 2024 4334 tei,
2074 4266 2220 4324 data
2271 4265 2374 4323 tibi
2404 4266 2482 4324 ad
2513 4265 2764 4322 meliora
2809 4267 3000 4336 gratia
3045 4266 3229 4323 libere
3281 4284 3355 4324 ex
3383 4284 3545 4326 nunc

185 4375 276 4420 τοῦ
299 4373 456 4432 Θεοῦ,
488 4367 658 4438 ἄγετό
689 4364 790 4419 ἀπὸ
836 4361 992 4419 τοῦδε
1041 4369 1135 4424 τὴν
1193 4361 1438 4418 δοθεῖσάν
1493 4384 1578 4418 σοι
1631 4367 1794 4440 χάριν

1936 4362 2085 4423 itere,
2115 4355 2314 4414 exalta
2349 4356 2410 4412 in
2434 4354 2780 4413 fortitudine
2810 4371 3043 4424 vocem,
3082 4355 3326 4429 loquere
3362 4357 3549 4416 verba

186 4460 317 4530 πρὸς
337 4462 433 4508 τοῦ
461 4459 750 4528 κρείττονος
777 4453 1167 4530 παρῥησίασον,
1194 4452 1242 4506 ἐν
1288 4454 1446 4526 ἰσχύϊ
1472 4458 1560 4513 τὴν
1627 4457 1795 4526 φωνήν

1938 4445 2130 4513 ivina,
2153 4450 2211 4502 et
2253 4460 2552 4518 compone
2594 4458 2904 4501 sermones
2947 4443 3196 4517 delapsa
3227 4461 3301 4502 ex
3321 4445 3439 4503 alto
3461 4461 3551 4504 sa-

186 4545 426 4617 ὗψωσον,
476 4543 692 4616 φθέγξαι
766 4544 981 4619 ῥήματα
1057 4544 1188 4613 θεῖα,
1255 4561 1346 4595 και
1383 4544 1562 4603 σύνθες
1611 4541 1798 4615 λόγους

1939 4537 2128 4594 ιὶθειιὶει
2155 4534 2368 4608 plenos
2401 4551 2418 4590 :
2447 4533 2730 4608 apparuit
2753 4533 2912 4590 enim
2939 4533 3085 4590 mihi
3104 4534 3338 4606 generis
3361 4535 3552 4592 nostri

192 4637 386 4708 σοφίας
433 4631 648 4707 πλήρεις
693 4639 788 4695 τῆς
836 4633 1054 4686 ἄνωθεν·
1124 4632 1294 4685 ὦπταί
1335 4650 1426 4705 μοι
1477 4632 1579 4708 γὰρ
1628 4633 1660 4690 η
1707 4638 1798 4685 τοῦ

1939 4623 2210 4691 alvatrix,
2235 4622 2590 4679 intemerata
2609 4621 2778 4692 virgo
2800 4621 3000 4690 Maria,
3023 4636 3384 4678 succensens
3405 4621 3552 4678 mihi

189 4726 446 4798 ἡμετέρου
501 4727 726 4799 σώτειρα
773 4725 973 4794 γένους,
1022 4723 1052 4780 ἠ
1113 4722 1371 4794 πάναγνος
1430 4723 1670 4795 Μαριὰμ,
1723 4721 1798 4783 οἷς

1938 4713 2052 4788 [uia
2073 4717 2129 4769 te
2173 4711 2480 4786 impedivi,
2511 4726 2840 4784 severeque
2866 4710 3207 4783 iniungens,
3249 4714 3314 4799 ut
3363 4714 3472 4799 tuo
3497 4714 3551 4799 te

188 4832 242 4866 τε
266 4815 371 4886 πρὸ
401 4819 494 4864 τοῦ
517 4807 796 4865 διεκώλυον
853 4810 1270 4884 χαλεπαινουσα,
1322 4830 1413 4863 και
1468 4811 1664 4864 ἀνεῖναι
1709 4815 1800 4863 τοῦ

1938 4801 2151 4860 .rbitrio
2183 4800 2378 4857 sinam
2409 4815 2608 4871 agere.
2640 4799 2886 4872 Ignosce
2913 4799 3092 4870 igitur
3113 4798 3281 4872 quod
3309 4803 3362 4856 te
3386 4798 3551 4856 cohi-

189 4902 377 4955 λοιποῦ
428 4897 668 4976 σφοδρῶς
726 4905 1126 4974 κατεπείγουσα.
1168 4905 1350 4953 Τοίνυν
1420 4919 1512 4974 μοι
1571 4919 1658 4952 και
1710 4906 1802 4959 τῆς

1941 4890 2164 4962 merim,
2198 4889 2444 4961 ignosce
2475 4888 2640 4946 senili
2674 4887 3056 4962 simplicitati.
3086 4890 3338 4946 Econtra
3373 4890 3554 4947 Joan-

194 4992 353 5045 εἰσέτι
371 5009 578 5062 κατασχ
592 4994 746 5051 έσεως
779 4991 1064 5062 σύγγνωθιο
1120 4991 1349 5062 σύγνωθι
1414 4997 1508 5051 τῆς
1565 4987 1802 5061 ἀφελείας

1944 4997 2036 5052 ies,
2056 4995 2180 5037 non
2213 4980 2403 5036 elatus
2429 4977 2659 5048 animo,
2686 4993 2884 5051 neque
2915 4976 3096 5034 ullam
3123 4977 3373 5036 omnino
3403 4978 3466 5035 in
3495 4994 3557 5036 se

193 5089 268 5152 τῷ
301 5083 530 5153 γέροντι.
587 5084 688 5134 Καὶ
783 5078 834 5140 ὃς
902 5083 974 5152 μὴ
1043 5081 1180 5152 μέγα
1227 5083 1506 5152 φρονήσας,
1565 5073 1705 5151 μηδέ
1752 5095 1803 5130 τι

1948 5069 2305 5127 mutationem
2330 5067 2676 5138 ostendens,
2699 5066 2805 5123 sed
2821 5066 2885 5122 in
2905 5065 3118 5123 eodem
3143 5069 3302 5124 statu
3325 5083 3561 5140 perma-

194 5168 622 5245 παρηλλαγμένον
674 5169 803 5231 ὅλως
840 5164 1246 5243 ἐπιδειξάμενος,
1304 5166 1419 5222 ἁλΥ
1477 5165 1561 5220 ἐπι
1611 5173 1804 5220 ταυτοῦ

1948 5174 2084 5230 .ens,
2134 5163 2314 5232 atque
2344 5156 2702 5215 familiarem
2731 5155 2844 5212 sibi
2891 5154 3252 5212 modestiam
3277 5155 3561 5224 retinens,

196 5244 383 5333 μένων,
439 5278 532 5311 και
598 5262 691 5317 τὴν
774 5261 1056 5331 σύντροφον
1134 5255 1402 5332 διατηρῶν
1467 5259 1803 5329 μετριότητα,

1958 5264 2040 5308 )se
2087 5249 2286 5322 potius
2328 5246 2559 5320 ignosci
2602 5244 2908 5319 sibipetiit,
2954 5249 3011 5302 et
3049 5261 3154 5318 pro
3187 5261 3251 5302 se
3281 5250 3346 5302 ut
3373 5249 3571 5304 oraret

196 5356 291 5408 τήν
339 5367 396 5401 τε
446 5346 914 5424 ἁντισυγχὼρησιν
975 5347 1086 5421 ἅμα
1121 5351 1211 5400 καὶ
1256 5351 1351 5406 τήν
1403 5344 1569 5419 εὐχὴν
1619 5344 1808 5406 nimim

1442 5344 1569 5419 Ξχήν
1619 5344 1808 5406 auram
1917 5338 1996 5397 ad
2016 5354 2144 5396 rem
2169 5335 2647 5410 aggrediendam
2674 5334 3055 5410 supplicavit.

195 5441 328 5513 πρὸς
351 5443 448 5497 τὴν
479 5435 810 5514 ἐγχείρησιν.

267 5548 349 5600 νγ.
406 5531 534 5582 Τίνα
584 5523 643 5581 δε
696 5529 802 5605 ἄρα
851 5527 1144 5583 τούντεῦθεν
1205 5525 1424 5597 ἐξέθετο,
1488 5544 1579 5582 και
1653 5524 1808 5580 ὁποῖά

1991 5522 2078 5576 53.
2111 5516 2324 5586 Qualia
2351 5533 2491 5578 vero
2521 5513 2739 5575 exinde
2769 5513 3403 5588 composueritetquae
3434 5509 3571 5568 scri~

631 5636 879 5694 PATROL.
906 5635 1004 5693 Gn.
1041 5636 1171 5694 CXL
3083 5623 3152 5677 2⁸

3987 57 4000 74 Ι

4005 117 4022 142 δ

4009 201 4028 220 ‘1

3997 237 4012 250 ,ι

3991 263 4022 278 ιιι

3987 375 3992 380 ς
4013 369 4024 380 1

4013 439 4024 456 ι

3997 541 4020 556 ’ί

3987 581 4036 610 RL

3987 616 4014 640 ἰ

3987 643 3990 652 ι
