4084 6206
608 266 716 322 875

1804 259 2265 317 CONSTANTINI
2298 258 2780 318 ACBOPOLITIE.

3542 2 3581 35 ζ*
3620 2 3645 21 ἥ
3664 8 3669 15 '
3690 0 3707 27 ’ρ
3730 0 3829 29 νῦν
3844 0 3895 31 fr

3803 279 3889 333 876

607 387 815 461 pserit,
861 387 1025 457 longi
1077 384 1366 457 temporis
1420 384 1755 456 prolixique
1787 385 2079 440 sermonis
2109 400 2261 456 opus

2374 404 2432 456 γε
2459 385 2838 459 συνεγράῲατο,
2872 394 3077 460 μακροῦ
3113 391 3312 451 πάντως
3364 398 3451 443 του
3506 399 3682 465 χρόνον
3714 415 3789 447 και
3818 407 3889 451 τοῦ

612 478 762 535 foret
790 492 1087 551 exponere
1120 493 1134 531 :
1167 475 1347 545 igitur
1377 489 1571 546 neque
1591 474 1798 529 omnia
1828 490 2022 547 neque
2057 474 2265 530 ordine

615 585 727 625 suo
773 568 992 632 dicam,
1035 566 1142 622 sed
1181 580 1379 637 pauca
1426 562 1783 628 admodum,
1832 580 1967 635 quae
2016 565 2157 619 mihi
2203 565 2263 619 in

609 661 873 712 mentem
896 655 1155 721 venient,
1183 652 1464 709 indicabo
1490 670 1501 706 :
1531 652 1744 723 partim
1772 658 1834 707 ut
1854 654 1942 718 iis,
1972 654 2075 723 qui
2109 653 2259 724 ipsa,

606 746 735 816 jam
770 749 947 799 antea
975 748 1288 807 noverunt,
1312 742 1663 795 memoriam
1686 755 1965 796 renovem
1994 759 2006 807 ;
2049 742 2263 812 partim

613 839 834 890 utnota
866 833 1080 889 faciam
1104 832 1314 903 iis.qui
1340 847 1548 886 eorum
1581 830 1981 899 cognitionem
2005 831 2263 886 necdum

611 929 750 979 sunt
794 925 1069 979 assecuti.
1116 921 1429 977 Exornavit
1477 935 1590 989 ego
1638 919 1901 991 primum
1954 921 2263 975 concinnis

613 1013 737 1069 suis
750 1012 1025 1068 melodiis
1042 1010 1393 1084 praeclaram
1414 1008 1736 1065 Salvatoris
1748 1009 2261 1075 ressurectionem,

610 1101 793 1174 idque
805 1118 927 1159 non
946 1100 1288 1173 simpliciter
1304 1098 1408 1153 sed
1428 1097 1744 1152 multifarie
1758 1113 1827 1152 ac
1840 1097 2262 1164 diversimode,

615 1193 959 1252 inventione
972 1190 1276 1246 variarum
1295 1186 2018 1258 cantionum,alternaque
2031 1204 2266 1242 earum-

613 1286 753 1341 dem
774 1285 926 1338 inter
946 1296 1009 1334 se
1031 1276 1375 1334 mirabiliter
1402 1290 1812 1329 connexarum
1834 1276 2260 1331 vicissitudine.

617 1374 732 1431 Sed
779 1376 836 1428 et
883 1386 991 1443 pro
1024 1367 1265 1439 reliquis
1296 1363 1479 1427 festis,
1518 1364 1739 1435 quibus
1786 1364 2057 1433 religiosa
2091 1366 2260 1437 plebs

614 1464 1031 1531 congregatur,
1061 1470 1251 1511 unum
1281 1452 1525 1524 aliquod
1548 1452 1659 1507 sibi
1686 1468 2030 1523 proponens
2052 1470 2260 1509 eorum

615 1549 1061 1622 mysteriorum,
1108 1559 1244 1614 quae
1276 1540 1563 1596 Dominus
1594 1556 1664 1596 ac
1694 1541 2034 1613 redemptor
2060 1548 2263 1599 noster

620 1642 806 1696 homo
856 1637 1050 1693 factus
1090 1629 1427 1703 complevit,
1475 1628 1733 1700 plurima
1771 1645 1963 1701 eaque
1992 1630 2258 1702 pulcher-

2374 472 2527 545 λόγου
2550 471 2787 547 δεόμενα·
2837 496 2941 546 ουχ
2994 478 3198 529 ἅπαντα
3246 484 3336 552 μὲν
3380 484 3508 533 κατὰ
3553 484 3727 555 ῥυθμόν
3768 492 3891 538 είποι·

2373 582 2483 633 μεν,
2509 562 2677 632 ὀλίγα,
2736 560 2795 615 δὲ
2842 563 2976 629 λίαν,
3028 585 3117 617 και
3164 566 3263 618 ὃσα
3314 576 3400 619 νῦν
3454 571 3571 642 ἡμῖν
3615 570 3678 631 εἰς
3725 578 3889 645 μνήμην

2373 648 2831 723 ἡκειὸηλωσομεν,
2885 662 3038 705 τούτο
3083 658 3171 726 μὲν
3224 660 3337 716 τοὺς
3391 659 3665 729 φθάσαντας
3714 660 3890 713 ἐπελθεῖν

2374 738 2866 811 ἀναμιμνήσκοντες,
2927 750 3080 793 τούτο
3141 740 3201 795 δὲ
3243 764 3333 796 και
3383 754 3485 806 τοῖς
3538 752 3681 818 μήπω
3721 768 3889 821 περιτυ-

2373 836 2539 899 χοῡσι
2576 829 2932 903 γνωρίζοντες.
2988 836 3187 903 Κοσμεῐ
3234 837 3326 905 μὲν
3387 843 3472 886 ουν
3516 839 3578 886 τὰ
3615 846 3772 909 πρῶτα
3811 847 3890 899 τοὶς

2376 924 2659 990 στιχηροῖς
2695 918 2853 970 αὐτου
2884 916 3226 992 μελῳδημασι
3279 928 3372 980 τὴν
3428 931 3516 975 τοῦ
3555 931 3762 998 Σωτῆρος
3806 947 3891 997 φαι-

2375 1001 2505 1076 δρὰν
2541 1004 2904 1067 ἐξανάστασινο
2957 1028 3046 1059 και
3122 1010 3229 1081 οὐχ
3308 1011 3480 1073 ἁπλῶς
3542 1014 3665 1065 οὕτω
3729 1023 3889 1087 κοσμεῖ,

2374 1091 2658 1156 πολυειδῶς
2693 1091 2750 1146 δὲ
2780 1115 2870 1147 και
2899 1097 3161 1164 ποικίλως,
3204 1100 3367 1169 μελῶν
3416 1121 3469 1153 τε
3510 1098 3755 1175 διαφόροις
3795 1105 3893 1175 εὗρέ-

2378 1200 2494 1233 σεσι
2522 1201 2611 1233 και
2653 1185 2964 1255 θαυμαστῶς
3016 1194 3137 1247 οίως
3185 1186 3630 1262 ἐναλλαττομέναις
3674 1190 3890 1263 ἐγγύτησν

2372 1272 2467 1323 κὰν
2495 1280 2611 1333 ταῖς
2630 1273 2840 1335 λοιπαῖς
2865 1271 2923 1326 δὲ
2948 1284 3048 1326 τῶν
3092 1281 3449 1351 πανηγύρεων,
3507 1279 3576 1352 ἐφ’
3628 1282 3701 1340 αἷς
3740 1283 3761 1331 ὁ
3794 1281 3895 1333 εὐσε-

2373 1360 2465 1421 ϐὴς
2510 1361 2633 1423 λεὼς
2670 1361 2991 1435 ἐνθεάξομεν,
3052 1366 3101 1417 ἓν
3147 1385 3199 1417 τι
3247 1371 3451 1429 πάντως
3498 1370 3789 1441 προτιθέντες
3824 1379 3893 1421 τῶν

2372 1452 2565 1524 ὅσαπερ
2593 1454 2619 1503 ό
2659 1457 2935 1513 Δεσπότης
2970 1473 3059 1504 και
3113 1455 3335 1519 Ῥύστης
3392 1456 3766 1531 ἐνανθρωπησας
3810 1455 3895 1509 διοι⁹

2370 1539 2607 1608 τετέλεκε,
2695 1559 2783 1591 και
2859 1545 2925 1593 τὰ
2987 1542 3163 1594 εἰκότα
3228 1544 3652 1617 ἐπαγαλλόμενοι,
3698 1545 3895 1599 κάλλιστοί

2369 1646 2422 1679 τε
2451 1647 2539 1679 και
2570 1627 2788 1680 πλεῖστα
2815 1629 3066 1691 ξυνέθετο.
3112 1635 3247 1705 Πρὸς
3288 1630 3349 1686 δὲ
3411 1654 3499 1686 και
3553 1642 3739 1707 μνήμας
3776 1636 3894 1705 ἁγίων

614 1728 769 1783 rima
798 1721 1156 1795 composuit.
1187 1717 1407 1773 Deinde
1457 1716 1634 1771 etiam
1660 1723 2000 1772 sanctorum
2031 1734 2258 1774 memo-

2369 1723 2473 1776 τοίς
2534 1720 2728 1787 ὁμοίοις
2788 1717 3031 1792 λαμπρῶς
3096 1726 3481 1794 κατεκόσμησε·
3538 1728 3679 1795 μόνον
3723 1724 3796 1775 οὖν
3829 1723 3895 1775 οὐκ

613 1817 733 1872 rias
763 1812 1027 1869 similiter
1050 1805 1406 1875 honestavit,
1438 1806 1520 1861 ita
1550 1809 1614 1859 ut
1639 1810 1870 1859 tantum
1902 1822 2021 1861 non
2047 1823 2258 1863 omnes

615 1904 693 1960 ad
724 1902 976 1958 similem
1008 1898 1196 1953 zelum
1223 1894 1454 1959 evehat,
1497 1898 1675 1965 atque
1706 1893 1781 1948 ad
1812 1894 2008 1964 ipsam
2048 1912 2257 1952 eorum

613 1991 1005 2048 imitationem
1051 1987 1369 2057 disponat;
1402 1982 1542 2037 facit
1574 1982 1732 2037 enim
1784 1983 1862 2037 ad
1912 1985 2257 2056 exemplum

612 2086 949 2152 martyrum
983 2089 1325 2146 generosos,
1360 2072 1705 2143 quicunque
1741 2072 1817 2126 ad
1854 2075 2256 2129 concinendos

612 2176 947 2241 martyrum
973 2166 1236 2236 hymnos
1267 2160 1641 2225 accesserint,
1674 2167 1731 2215 et
1755 2161 1831 2215 ad
1860 2177 2060 2230 omne,
2089 2162 2257 2234 quod

603 2265 913 2316 terrenum
946 2254 1039 2310 vel
1065 2250 1304 2308 carnale
1334 2253 1439 2309 est,
1468 2249 1551 2303 sic
1574 2247 1836 2319 affectos,
1865 2251 2258 2321 quemadmo-

612 2349 760 2404 dum
789 2347 828 2401 ii
857 2344 963 2417 qui
986 2342 1109 2398 istis
1134 2339 1469 2411 superiores
1522 2343 1722 2391 sancte
1748 2337 2038 2407 vixerunt,
2066 2356 2256 2411 quan-

608 2438 936 2506 docunque
992 2429 1359 2487 laudatorias
1406 2426 1480 2481 de
1510 2426 1579 2480 iis
1605 2428 1910 2497 componit
1958 2428 2107 2483 odas
2154 2430 2256 2501 qui

612 2528 794 2582 vitam
827 2525 909 2579 sic
947 2522 1196 2593 egerunt
1226 2534 1239 2572 :
1271 2531 1494 2587 eosque
1536 2515 1660 2570 suis
1698 2515 2038 2583 gloriﬁcans
2076 2520 2258 2575 canti-

613 2616 728 2671 bus
758 2613 907 2669 alios
931 2626 1001 2666 ex
1031 2608 1185 2668 aliis,
1231 2609 1513 2660 canentes
1555 2603 1691 2658 dico
1720 2608 1776 2658 et
1819 2605 2146 2672 audientes,
2181 2608 2254 2663 si-

614 2703 741 2760 mul
771 2715 982 2758 omnes
1011 2696 1089 2752 ad
1136 2694 1386 2750 meliora
1414 2707 1484 2747 ac
1515 2691 1808 2748 diviniora
1856 2695 2122 2750 tansfert.
2159 2697 2259 2752 Illa

611 2807 813 2866 porro,
845 2805 995 2861 quae
1024 2784 1191 2842 aliter
1213 2781 1427 2839 ditfuse
1470 2782 1761 2852 exposuit,
1791 2782 1928 2855 quis
1957 2783 2151 2840 valeat
2179 2786 2258 2841 si-

615 2881 861 2953 gillatim
888 2888 1203 2933 numerare
1241 2872 1270 2926 ‘I

686 2974 772 3027 54.
803 2970 1084 3025 Οωιθτιιω
1128 2963 1256 3017 haec
1295 2959 1529 3031 aliaque
1587 2959 1906 3031 dimittam,
1951 2964 2260 3034 quomodo

2369 1804 2567 1878 ἐπαίρει
2595 1808 2788 1866 πάντας
2843 1810 2973 1880 πρὸς
3026 1808 3181 1868 ζῆλον
3220 1814 3309 1862 τὸν
3369 1812 3564 1883 ὅμοιον,
3622 1832 3703 1864 και
3738 1813 3895 1863 ὑπαλει-

2369 1914 2449 1965 φει
2477 1898 2607 1967 πρὸς
2634 1900 2726 1952 τὴν
2752 1895 2913 1953 αὐτὴν
2936 1902 3183 1968 μίμησιν⁶
3239 1921 3329 1951 και
3382 1903 3483 1975 γάρ
3542 1921 3642 1961 πως
3684 1898 3894 1974 ἀνδρείους

2367 1985 2549 2040 τίθησι
2590 1987 2725 2035 κατά
2766 1987 3030 2059 μάρτυρας
3056 2030 3069 2055 ,
3121 1990 3167 2038 εἴ
3207 2007 3279 2059 τῳ
3326 1989 3387 2040 ἂν
3424 1993 3581 2061 τύχοι
3630 2000 3716 2042 τῶν
3748 1991 3897 2061 uagi”)-

2366 2092 2468 2145 ρων
2526 2076 2773 2144 συνείρων
2864 2077 2951 2124 τὸν
3010 2076 3351 2150 ύμνητηριον-
3412 2098 3502 2130 και
3544 2082 3662 2153 πρὸς
3708 2078 3817 2130 οἱπαν
3858 2074 3898 2128 δε

2366 2162 2684 2234 προσπαθεῖς
2735 2168 2982 2233 σαρκικόν
3014 2182 3069 2215 τε
3118 2184 3207 2216 και
3238 2171 3441 2237 γήϊνον,
3491 2170 3621 2219 κατὰ
3655 2172 3760 2228 τοὺς
3782 2168 3898 2225 ὁσίως

2367 2269 2457 2301 και
2478 2251 2604 2321 ὑπερ
2626 2253 2691 2300 τὰ
2730 2248 2859 2308 τῆὃε
2903 2250 3217 2321 βιώσαντας,
3272 2260 3319 2307 εἰ
3373 2276 3477 2308 τινι
3528 2256 3671 2308 πάλιν
3720 2266 3802 2308 τῶν
3842 2255 3899 2305 οὗ·

2366 2357 2499 2389 τωσι
2557 2339 2828 2398 ζησάντων
2910 2345 3027 2401 τοὺς
3107 2343 3433 2416 αἱνετηρίους
3506 2348 3580 2403 εἴη
3639 2347 3898 2415 συνθέμενος

2368 2446 2456 2478 και
2543 2429 2880 2502 καθωραῖσας
2954 2437 3059 2490 τοῖς
3124 2433 3385 2503 ᾅσμασιν,
3447 2434 3626 2496 among
3692 2432 3831 2491 ἁπλῶς
3866 2430 3903 2491 ἐξ

2368 2514 2530 2566 ἀλλων
2574 2518 2689 2575 τούς
2736 2516 2781 2567 τ’
2818 2514 3065 2587 ᾅδοντας,
3125 2525 3241 2580 τοὺς
3284 2522 3330 2573 τ’
3382 2522 3747 2597 καροωμένους,
3791 2539 3902 2593 μετα-

2368 2613 2523 2672 ποιεῖ,
2555 2625 2645 2656 και
2671 2609 2876 2677 σύναμα
2905 2609 3098 2668 πάντας
3136 2614 3264 2682 πρὸς
3316 2617 3376 2663 τό
3426 2620 3648 2687 κρεῖττον
3697 2632 3772 2663 και
3810 2613 3901 2661 θειο-

2368 2714 2511 2769 τερον
2542 2705 2949 2767 μεταστοιχειοί.
2983 2696 3046 2750 Ἃ
3080 2695 3125 2750 δ’
3164 2700 3235 2759 εἰς
3294 2700 3486 2763 πλάτος
3540 2700 3689 2761 ἄλλως
3738 2699 3901 2763 ἐξέθετο,

2368 2788 2448 2844 τίς
2476 2785 2536 2834 οἶν
2557 2787 2690 2837 κατὰ
2708 2788 2861 2856 μέρος
2892 2784 3162 2858 ἀπαριθμή
3173 2807 3326 2840 σαιτο
3347 2806 3361 2857 ;

2443 2958 2543 3017 vd“.
2574 2964 2745 3015 Ἐάσω
2784 2962 2964 3018 τᾶλλα.
3026 2963 3204 3035 (Ἂλλὰ
3258 2970 3389 3039 πῶς)
3446 2974 3661 3043 παρήσω
3706 2970 3805 3026 τοὺς
3838 2963 3903 3033 ἑγ-

612 3057 932 3135 prteteribo
962 3048 1421 3110 encomiasticos
1460 3064 1785 3119 sermones,
1819 3051 2040 3122 quibus
2090 3069 2261 3109 vene-

2374 3056 2761 3122 κωμιαστικούς
2801 3058 2918 3113 τούς
2967 3057 3060 3114 τὰς
3124 3054 3450 3129 σεϐασμίους
3504 3058 3675 3133 ἑορτὰς
3722 3071 3905 3127 περικρο·

612 3150 820 3206 randaa
860 3143 1206 3200 festivitates
1244 3140 1713 3201 circumsonant,
1746 3141 1971 3211 quique
2009 3142 2083 3197 ad
2123 3143 2266 3198 divi-

613 3239 845 3295 niorem
867 3248 1003 3288 vere
1026 3229 1456 3299 melioremque
1488 3226 1770 3281 choream
1796 3228 2047 3285 invitant
2067 3231 2094 3284 ?
2114 3248 2265 3304 quo-

618 3326 801 3383 modo
831 3321 1163 3379 transiliam
1193 3317 1418 3373 fontem
1450 3316 1707 3371 scientiaa
1738 3316 1874 3371 inde
1906 3322 2268 3384 emanantis,

622 3423 687 3473 ut
713 3430 835 3471 non
860 3411 1070 3466 saltem
1103 3408 1163 3463 in
1192 3406 1440 3462 transitu
1482 3404 1695 3459 exinde
1726 3405 2003 3462 hauriam
2033 3410 2060 3464 ?
2088 3415 2152 3465 ut
2193 3411 2273 3467 ad

620 3504 866 3575 reliquas
936 3496 1266 3555 festivitatis
1330 3509 1575 3548 cursum
1639 3494 1938 3549 robustior
1996 3499 2273 3569 evadam,

622 3591 871 3667 quando
900 3604 994 3643 me
1018 3586 1272 3640 deﬁcere
1296 3584 1357 3637 in
1378 3582 1573 3637 stadio
1596 3596 1839 3637 sensero
1869 3599 1939 3638 ac
1959 3584 2277 3657 desperare

624 3695 933 3739 coronam.
969 3679 1116 3732 Cum
1147 3673 1304 3729 enim
1328 3670 1484 3725 illius
1518 3670 1783 3737 memini,
1815 3681 2170 3741 evagantem
2192 3678 2277 3733 f0-

626 3787 725 3827 ras
772 3772 1033 3824 mentem
1062 3761 1345 3818 continuo
1375 3774 1592 3814 revoco
1623 3778 1638 3822 ;
1666 3774 1803 3813 cum
1862 3762 1990 3831 ejus
2030 3765 2279 3823 memini

625 3875 763 3917 vere
794 3854 986 3926 magis
1016 3850 1318 3909 rationalis
1344 3848 1569 3913 videor,
1604 3847 1734 3918 ipsa
1763 3850 1988 3906 ratione
2015 3855 2275 3924 pruden-

620 3950 739 4007 tius
770 3947 853 4003 uti
902 3943 1108 4000 valens
1136 3960 1153 4013 ;
1204 3955 1341 3995 cum
1368 3939 1499 4007 ejus
1550 3938 1814 4005 memini,
1842 3948 2082 4011 repente
2112 3945 2270 4003 inve-

621 4040 757 4096 nior
797 4050 929 4092 esse
968 4031 1199 4088 solidus
1229 4043 1353 4100 prae
1404 4026 1535 4082 aliis
1591 4026 1819 4082 cunctis
1872 4029 2157 4100 theologis
2211 4041 2269 4092 et

622 4128 809 4183 multo
832 4124 943 4179 illis
964 4119 1399 4189 intelligentior.
1425 4117 1513 4172 Oh
1533 4122 1680 4188 quot
1710 4119 2123 4188 mysteriorum
2156 4140 2264 4179 no-

622 4216 812 4271 titiam
842 4210 1004 4267 brevi
1030 4207 1317 4279 temporis
1348 4205 1541 4276 spatio
1572 4204 1715 4259 mihi
1746 4206 1935 4261 sentio
1980 4208 2213 4267 infundi
2246 4214 2261 4271 ι

618 4303 697 4357 ad
728 4304 1019 4373 quantam
1045 4297 1263 4351 evehor
1306 4292 1859 4362 magnanimitatem
1897 4295 1908 4347 !
1944 4296 2117 4352 Caico
2157 4302 2266 4357 hu.

618 4406 822 4457 mana,
855 4387 1062 4442 scindo
1087 4400 1286 4441 aerem
1313 4381 1713 4436 humidiorem
1747 4382 1907 4436 hunc
1934 4389 1989 4437 et
2012 4386 2263 4446 circum-

616 4479 818 4535 fusum
875 4482 1064 4543 terrae,
1120 4472 1268 4544 quin
1319 4474 1377 4525 et
1426 4470 1677 4525 alterum
1727 4470 2028 4540 puriorem
2070 4482 2261 4534 trans-

616 4566 830 4635 cendo,
861 4570 919 4620 et
947 4568 1177 4619 tantum
1204 4575 1324 4615 non
1358 4573 1643 4629 procurro
1669 4557 1817 4612 ultra
1837 4560 2056 4617 aethera
2082 4571 2261 4638 atque

614 4657 691 4715 ad
720 4654 957 4712 tertium
997 4650 1214 4707 coelum
1260 4647 1551 4719 pertingo,
1602 4650 1660 4700 ct
1700 4661 1835 4716 quae
1865 4662 1986 4702 non
2015 4650 2149 4708 licet
2178 4655 2259 4711 lo-

612 4746 735 4819 qui,
770 4742 935 4799 etfari
953 4741 1193 4804 doceor,
1218 4736 1429 4808 plenus
1450 4734 1862 4789 enthusiasmo
1883 4738 2259 4815 multumque

612 4836 843 4907 meipso
886 4831 1098 4888 melior
1145 4845 1159 4883 :
1208 4840 1424 4898 parum
1474 4824 1635 4878 enim
1685 4823 1855 4879 abest
1900 4828 2045 4896 quin
2104 4830 2258 4887 illius

610 4939 793 4980 causa
822 4925 883 4978 in
914 4921 1133 4977 coelum
1158 4914 1484 4974 ascendam
1522 4916 1802 4984 totusque
1831 4914 2068 4971 divinus
2113 4921 2257 4977 tiam

610 5018 667 5066 et
714 5012 893 5083 plane
937 5008 1284 5082 spiritualis,
1345 5010 1522 5074 atque
1568 5000 1935 5071 intelligendi
1984 5008 2257 5065 facultate

610 5101 859 5172 aequalis
880 5099 1096 5169 angelo
1117 5099 1308 5153 factus
1327 5094 1553 5148 videor.
1588 5091 1758 5147 Uisco
1777 5109 1912 5163 quae
1943 5095 2020 5150 ad
2050 5097 2257 5155 imma-

609 5188 845 5244 teriales
889 5186 1254 5242 substantias
1286 5182 1597 5255 pertinent,
1639 5186 1695 5235 et
1731 5184 2041 5252 quomodo
2073 5202 2255 5243 nove-

606 5277 813 5333 narius
844 5275 1062 5331 chorus
1084 5275 1163 5330 ad
1187 5270 1498 5329 trinarium
1518 5269 1857 5337 reducatur,
1894 5280 2070 5343 prout
2098 5277 2253 5332 ordi-

605 5372 783 5423 natus
831 5370 941 5430 est,
970 5377 1302 5433 -cognosco
1347 5364 1401 5414 et
1456 5358 2063 5425 admiror;insonant
2110 5364 2254 5421 mihi

523 5481 534 5491 -
603 5453 937 5510 ineffabiles
981 5467 1188 5508 eorum
1246 5446 1603 5515 doxologiae',
1636 5453 1692 5502 et
1733 5464 1885 5519 pene
1927 5452 2255 5526 compellor

604 5558 729 5601 una
768 5558 909 5600 cum
960 5540 1030 5597 iis
1087 5535 1489 5596 diversimode
1542 5550 1756 5592 canere
1799 5543 1977 5611 atque
2003 5541 2254 5600 laudare

2312 5038 2315 5039 ν
2364 5007 2450 5067 λος
2470 5011 2557 5064 τὴν
2614 5008 2910 5079 κατάληψιν
2959 5007 3357 5083 ἀναδείκνυμαι.

2376 3148 2610 3205 τούντας,
2639 3141 2688 3191 οῖ
2723 3137 2790 3198 δὴ
2823 3147 2948 3213 πρὸς
2980 3149 3195 3214 χορείαν
3253 3146 3658 3217 μετακαλοῦνται
3704 3146 3904 3212 θειοτέραν

2379 3230 2530 3289 ὅντως
2563 3249 2652 3281 και
2698 3235 2998 3302 κρείττοια;
3030 3237 3121 3290 τὴν
3188 3230 3247 3285 δὲ
3296 3242 3475 3306 πηγὴν
3520 3246 3620 3295 πῶς
3666 3234 3755 3306 ἆρα
3784 3249 3905 3300 παρα-

2383 3315 2688 3391 δραμούμαι
2716 3328 2806 3378 τῆς
2846 3326 3123 3390 γνώσεως
3153 3325 3183 3379 ἦ
3208 3331 3317 3383 πῶς
3349 3325 3476 3395 οὐχὶ
3523 3344 3609 3376 και
3651 3328 3701 3375 ἐκ
3726 3315 3906 3393 πάροδον

2382 3410 2571 3466 ταύτης
2616 3405 2914 3481 ἀρύσομαι;
2970 3412 3055 3461 ἵνα
3099 3430 3207 3471 πως
3252 3416 3384 3486 πρὸς
3436 3418 3521 3465 τὸν
3570 3413 3728 3484 ἐφεξῆς
3764 3406 3908 3480 δρόμον

2385 3497 2729 3568 άκμαιότερος
2802 3500 3002 3568 γέμωαι
3031 3541 3046 3568 ,
3120 3498 3461 3572 λειποψυχῶν
3533 3498 3647 3553 ἰδοὺ
3716 3498 3909 3567 ἀπογινώ-

2386 3603 2523 3636 σκων
2581 3588 2667 3635 τὸν
2723 3581 2953 3651 δίαυλον,
3017 3606 3106 3639 και
3173 3590 3511 3662 ἀπαγορεύων
3563 3594 3643 3642 τὸν
3706 3594 3905 3658 στέφανον.

2385 3673 2541 3729 Ἀλλὰ
2594 3676 2693 3745 φὰρ
2726 3677 2987 3745 ἐμνήσθην
3043 3681 3253 3739 ἐκείνης,
3308 3698 3401 3730 και
3453 3689 3568 3732 νοῦν
3613 3678 3824 3753 παραυτά
3846 3674 3905 3723 τὸν

2386 3764 2600 3835 θύραθεν
2651 3768 2984 3834 συναγήοχαο
3036 3764 3298 3836 ἐμνήσθην
3349 3767 3566 3838 ἐκείνης,
3612 3787 3695 3819 και
3736 3774 3794 3835 τῷ
3831 3766 3904 3812 ὄντι

2379 3850 2712 3925 λογικώτερος
2754 3849 3153 3926 ἁναδέδειγμαι,
3217 3860 3465 3930 χρῆσθαι
3516 3862 3818 3926 συνετώτερον
3856 3855 3904 3916 τῷ

2377 3938 2513 4011 λογῳ
2563 3936 2859 4011 δυναμενος’
2934 3940 3197 4013 ἐμνήσθην
3265 3946 3484 4015 ἐκείνης,
3538 3965 3642 4011 και,
3688 3947 3739 3995 τὸ
3773 3938 3903 4011 μεῖζον

2375 4031 2592 4097 πάντων,
2643 4026 2883 4099 ἀσφαλὴς
2963 4030 3199 4102 θεολόγος
3279 4037 3537 4106 παρευθὺς
3586 4035 3801 4107 εὖρημαι,
3840 4043 3903 4076 και

2372 4122 2673 4190 νοερώτερος
2725 4114 2791 4175 δή
2839 4138 2947 4178 πως
2990 4124 3291 4192 γεγένημαι,
3344 4122 3413 4174 Ὠ
3464 4129 3636 4176 πόσων
3681 4120 3723 4172 ἒν
3766 4116 3903 4186 ἀκαρεῖ

2370 4211 2672 4278 μυστηρίων
2731 4206 2955 4268 ηξιωθην
2986 4208 2997 4263 !
3024 4209 3064 4259 ὡ
3111 4210 3179 4270 εἰς
3232 4212 3344 4263 οἷαν
3401 4217 3694 4269 κατήντηκα
3736 4202 3903 4279 μεγαλύ·

2369 4314 2529 4347 νοιαν’
2560 4293 2846 4367 ύπερπηδώ
2894 4302 2959 4349 τὰ
3016 4297 3331 4372 ἀνθρώπινα,
3385 4298 3655 4373 διασχίζει»
3701 4301 3773 4350 τὸν
3812 4292 3905 4364 ἀέρα

2370 4404 2573 4437 τουτονί
2602 4388 2688 4435 τόν
2729 4387 3004 4458 ὑγρότερον
3062 4407 3152 4438 και
3198 4395 3476 4461 περίγειον,
3532 4386 3793 4464 ὑπερϐαίνω
3830 4386 3903 4429 τῶν

2368 4475 2759 4547 καθαρωτέρων,
2811 4476 2936 4548 ὑπὲρ
2981 4480 3066 4528 τὸν
3123 4477 3306 4551 αἰθέρα
3359 4481 3456 4531 θέω
3500 4486 3699 4552 μικροῦ,
3736 4490 3810 4524 και
3855 4465 3903 4523 εἰς

2368 4567 2537 4635 τρίτον
2602 4562 2817 4636 οὐρανὸν
2883 4565 3075 4635 φθάνω,
3151 4586 3239 4618 και
3314 4574 3349 4619 ᾶ
3428 4568 3520 4620 οὐκ
3575 4566 3678 4628 ἐξόν
3724 4560 3901 4615 λαλῆσαι

2366 4652 2579 4722 γλωσση
2635 4662 2887 4725 μυοῡμαι,
2946 4660 3032 4706 καὶ
3081 4654 3465 4730 ἐνθουσιασμοῦ
3507 4657 3796 4731 πληροῡμαι,
3836 4660 3901 4697 και

2366 4748 2550 4813 μακρῷ
2572 4745 2818 4815 κρείττων
2852 4741 3077 4813 ἐμαυτοῦ
3120 4749 3353 4817 γίνομαι-
3409 4752 3560 4819 μόνον
3613 4744 3702 4816 γὰρ
3746 4737 3823 4790 οὐκ
3864 4730 3901 4782 ἐν

2367 4829 2566 4902 οὐρανῷ
2609 4825 2703 4881 διὰ
2750 4834 2940 4890 ταύτης
2993 4830 3306 4906 ἀνέρχομαι,
3367 4854 3454 4886 και
3508 4837 3634 4891 θεῖος
3676 4829 3771 4886 ὅλος
3807 4821 3901 4875 καθ’

2367 4922 2607 4984 ίσταμαι,
2642 4938 2730 4970 και
2778 4928 2892 4980 νούς
2944 4922 3189 4994 ἄντικρυς
3226 4924 3567 4996 χρηματίξω,
3615 4939 3698 4971 και
3733 4927 3898 4982 ισαγίί·

3435 5012 3680 5065 Μανθάνω
3728 5008 3782 5056 τὰ
3824 5004 3898 5050 τῶν

2366 5094 2531 5146 ἀύλων
2563 5096 2631 5157 ὠς
2662 5106 2931 5171 παρῆκται
2961 5095 3250 5171 δυνάμεων·
3283 5106 3369 5153 τόν
3416 5096 3694 5153 ἐννεαὸἳκὸν
3730 5090 3777 5145 δι
3808 5090 3899 5139 άκο·

2366 5204 2515 5256 σμον,
2568 5191 2654 5238 τὸν
2697 5193 2767 5249 είς
2804 5186 3077 5260 τριαὸικόν
3136 5197 3497 5263 συναγόμενον,
3538 5194 3681 5261 μόνον
3719 5182 3806 5251 οὐχ
3846 5178 3897 5231 ὡς

2364 5269 2698 5328 διατέτακται
2748 5297 2836 5329 και
2892 5285 3131 5349 γινώσκω
3161 5299 3251 5331 και
3302 5282 3626 5352 ὑπεράγαμαι
3648 5295 3660 5309 ⁶
3715 5269 3894 5352 ἐνηχοῖῖ·

2361 5384 2457 5437 μαι
2484 5367 2577 5427 τὰς
2599 5347 2925 5442 ἀπορρήτους
2969 5368 3169 5421 ἐκείνων
3223 5347 3542 5440 ὃοξολογίας,
3566 5385 3649 5418 και
3700 5379 3795 5442 πως
3842 5347 3891 5404 δὴ

2365 5460 2745 5527 συνεπαίρομαι
2774 5462 2864 5515 τὴν
2906 5456 3072 5515 ἁπλῆν
3094 5456 3301 5532 Τριάδα
3338 5477 3424 5510 και
3454 5461 3607 5517 ὅντως
3656 5441 3894 5532 μοναδικὴγ

2362 5540 2623 5620 διαφόρως
2662 5543 2901 5619 ἀνυμνείν
2955 5568 3046 5601 και
3092 5530 3351 5622 γεραίρειν
3400 5542 3701 5605 πολυειδῶς.
3734 5530 3894 5591 Ἐννοοῧ
