  <div class='ocr_page' id='page_1' title='image "/cluster/home/n/w/nwhite01/storage/ocr_20150623/140/hvd.32044073502551/472.png"; bbox 0 0 4084 6206; ppageno 0'>
   <div class='ocr_carea' id='block_1_1' title="bbox 211 0 252 46">
    <p class='ocr_par' dir='ltr' id='par_1_1' title="bbox 211 0 252 46">
     <span class='ocr_line' id='line_1_1' title="bbox 211 0 252 18; baseline 0 -5"><span class='ocrx_word' id='word_1_1' title='bbox 211 0 252 18; x_wconf 49' lang='grc' dir='ltr'><strong>ξ-</strong></span> 
     </span>
     <span class='ocr_line' id='line_1_2' title="bbox 223 35 230 46; baseline 0 0"><span class='ocrx_word' id='word_1_2' title='bbox 223 35 230 46; x_wconf 75' lang='lat' dir='ltr'><strong>I</strong></span> 
     </span>
    </p>
   </div>
   <div class='ocr_carea' id='block_1_2' title="bbox 181 319 288 384">
    <p class='ocr_par' dir='ltr' id='par_1_2' title="bbox 181 319 288 384">
     <span class='ocr_line' id='line_1_3' title="bbox 181 319 288 384; baseline 0 -62"><span class='ocrx_word' id='word_1_3' title='bbox 181 319 288 384; x_wconf 48' lang='grc' dir='ltr'><em>ψ</em></span> 
     </span>
    </p>
   </div>
   <div class='ocr_carea' id='block_1_3' title="bbox 1410 306 2326 396">
    <p class='ocr_par' dir='ltr' id='par_1_3' title="bbox 1410 306 2326 396">
     <span class='ocr_line' id='line_1_4' title="bbox 1410 306 2326 396; baseline 0.007 -6"><span class='ocrx_word' id='word_1_4' title='bbox 1410 306 1479 391; x_wconf 70' lang='lat' dir='ltr'><strong>m‘</strong></span> <span class='ocrx_word' id='word_1_5' title='bbox 1515 335 1572 392; x_wconf 90' lang='lat' dir='ltr'><strong>s.</strong></span> <span class='ocrx_word' id='word_1_6' title='bbox 1609 307 1790 394; x_wconf 71' lang='lat' dir='ltr'><strong>IOAN</strong></span> <span class='ocrx_word' id='word_1_7' title='bbox 1826 318 2326 396; x_wconf 70' lang='lat' dir='ltr'><strong>DAMASCENUM.</strong></span> 
     </span>
    </p>
   </div>
   <div class='ocr_carea' id='block_1_4' title="bbox 3443 311 3545 395">
    <p class='ocr_par' dir='ltr' id='par_1_4' title="bbox 3443 311 3545 395">
     <span class='ocr_line' id='line_1_5' title="bbox 3443 311 3545 395; baseline -0.01 0"><span class='ocrx_word' id='word_1_8' title='bbox 3443 311 3545 395; x_wconf 67' lang='lat'><strong>878</strong></span> 
     </span>
    </p>
   </div>
   <div class='ocr_carea' id='block_1_5' title="bbox 177 447 1781 536">
    <p class='ocr_par' dir='ltr' id='par_1_5' title="bbox 177 451 1781 534">
     <span class='ocr_line' id='line_1_6' title="bbox 177 451 1781 534; baseline 0.006 -32"><span class='ocrx_word' id='word_1_9' title='bbox 177 471 281 523; x_wconf 77' lang='grc' dir='ltr'><strong>ραι</strong></span> <span class='ocrx_word' id='word_1_10' title='bbox 333 455 425 513; x_wconf 81' lang='grc' dir='ltr'><strong>τάς</strong></span> <span class='ocrx_word' id='word_1_11' title='bbox 471 451 613 526; x_wconf 80' lang='grc' dir='ltr'>τρέῖς</span> <span class='ocrx_word' id='word_1_12' title='bbox 660 451 750 515; x_wconf 71' lang='grc' dir='ltr'>τῆς</span> <span class='ocrx_word' id='word_1_13' title='bbox 822 453 1107 530; x_wconf 79' lang='grc' dir='ltr'><strong>ὑπερφυοῦς</strong></span> <span class='ocrx_word' id='word_1_14' title='bbox 1180 458 1365 518; x_wconf 78' lang='grc' dir='ltr'>οὐσὶας</span> <span class='ocrx_word' id='word_1_15' title='bbox 1439 467 1528 512; x_wconf 84' lang='grc' dir='ltr'>καί</span> <span class='ocrx_word' id='word_1_16' title='bbox 1574 462 1781 534; x_wconf 72' lang='grc' dir='ltr'>ὑπερθυ-</span> 
     </span>
    </p>
   </div>
   <div class='ocr_carea' id='block_1_6' title="bbox 1892 447 3548 536">
    <p class='ocr_par' dir='ltr' id='par_1_6' title="bbox 1895 447 3548 536">
     <span class='ocr_line' id='line_1_7' title="bbox 1895 447 3548 536; baseline 0.001 -18"><span class='ocrx_word' id='word_1_17' title='bbox 1895 462 2226 536; x_wconf 89' lang='lat' dir='ltr'><strong>simplicem</strong></span> <span class='ocrx_word' id='word_1_18' title='bbox 2252 481 2322 521; x_wconf 89' lang='lat' dir='ltr'><strong>ac</strong></span> <span class='ocrx_word' id='word_1_19' title='bbox 2381 479 2515 521; x_wconf 96' lang='lat' dir='ltr'><strong>vere</strong></span> <span class='ocrx_word' id='word_1_20' title='bbox 2562 463 2805 523; x_wconf 91' lang='lat' dir='ltr'><strong>unicam</strong></span> <span class='ocrx_word' id='word_1_21' title='bbox 2858 447 3223 522; x_wconf 84' lang='lat' dir='ltr'><strong>Trinitatem.</strong></span> <span class='ocrx_word' id='word_1_22' title='bbox 3281 463 3548 535; x_wconf 82' lang='lat' dir='ltr'><strong>Intelligo</strong></span> 
     </span>
    </p>
   </div>
   <div class='ocr_carea' id='block_1_7' title="bbox 183 542 1784 625">
    <p class='ocr_par' dir='ltr' id='par_1_7' title="bbox 183 542 1784 625">
     <span class='ocr_line' id='line_1_8' title="bbox 183 542 1784 625; baseline 0.006 -33"><span class='ocrx_word' id='word_1_23' title='bbox 183 545 308 593; x_wconf 82' lang='grc' dir='ltr'><strong>σίου</strong></span> <span class='ocrx_word' id='word_1_24' title='bbox 341 545 544 612; x_wconf 72' lang='grc' dir='ltr'>φύσεως</span> <span class='ocrx_word' id='word_1_25' title='bbox 575 544 953 610; x_wconf 75' lang='grc' dir='ltr'>ὑποστατικάς,</span> <span class='ocrx_word' id='word_1_26' title='bbox 999 542 1286 612; x_wconf 81' lang='grc' dir='ltr'>ἰδιότητας,</span> <span class='ocrx_word' id='word_1_27' title='bbox 1325 553 1451 623; x_wconf 83' lang='grc' dir='ltr'><strong>πρὸς</strong></span> <span class='ocrx_word' id='word_1_28' title='bbox 1481 546 1559 614; x_wconf 80' lang='grc' dir='ltr'><strong>δέ,</strong></span> <span class='ocrx_word' id='word_1_29' title='bbox 1611 550 1784 625; x_wconf 72' lang='grc' dir='ltr'>ὥσπερ</span> 
     </span>
    </p>
   </div>
   <div class='ocr_carea' id='block_1_8' title="bbox 180 625 1786 711">
    <p class='ocr_par' dir='ltr' id='par_1_8' title="bbox 180 625 1786 711">
     <span class='ocr_line' id='line_1_9' title="bbox 180 625 1786 711; baseline 0.007 -31"><span class='ocrx_word' id='word_1_30' title='bbox 180 625 253 686; x_wconf 82' lang='grc' dir='ltr'><strong>δή</strong></span> <span class='ocrx_word' id='word_1_31' title='bbox 281 633 478 688; x_wconf 72' lang='grc' dir='ltr'>ταύτην</span> <span class='ocrx_word' id='word_1_32' title='bbox 507 637 597 684; x_wconf 83' lang='grc' dir='ltr'><strong>καί</strong></span> <span class='ocrx_word' id='word_1_33' title='bbox 641 637 764 704; x_wconf 76' lang='grc' dir='ltr'>μὶαν</span> <span class='ocrx_word' id='word_1_34' title='bbox 813 635 996 686; x_wconf 73' lang='grc' dir='ltr'>οὐσὶαν</span> <span class='ocrx_word' id='word_1_35' title='bbox 1051 644 1150 687; x_wconf 90' lang='grc' dir='ltr'><strong>τῶν</strong></span> <span class='ocrx_word' id='word_1_36' title='bbox 1197 646 1352 711; x_wconf 82' lang='grc' dir='ltr'>τριῶν</span> <span class='ocrx_word' id='word_1_37' title='bbox 1405 637 1786 710; x_wconf 78' lang='grc' dir='ltr'>καταλαμϐάνω</span> 
     </span>
    </p>
   </div>
   <div class='ocr_carea' id='block_1_9' title="bbox 177 721 1787 798">
    <p class='ocr_par' dir='ltr' id='par_1_9' title="bbox 177 721 1787 798">
     <span class='ocr_line' id='line_1_10' title="bbox 177 721 1787 798; baseline 0.006 -27"><span class='ocrx_word' id='word_1_38' title='bbox 177 725 510 792; x_wconf 73' lang='grc' dir='ltr'>προσώπων,·</span> <span class='ocrx_word' id='word_1_39' title='bbox 547 721 678 773; x_wconf 76' lang='grc' dir='ltr'>οὕτω</span> <span class='ocrx_word' id='word_1_40' title='bbox 730 727 820 775; x_wconf 85' lang='grc' dir='ltr'><strong>καί</strong></span> <span class='ocrx_word' id='word_1_41' title='bbox 871 743 996 796; x_wconf 80' lang='grc' dir='ltr'>μιαν</span> <span class='ocrx_word' id='word_1_42' title='bbox 1039 723 1278 787; x_wconf 81' lang='grc' dir='ltr'>ἐξουσὶαν</span> <span class='ocrx_word' id='word_1_43' title='bbox 1325 729 1654 798; x_wconf 78' lang='grc' dir='ltr'>ἑπιγινὼσκω</span> <span class='ocrx_word' id='word_1_44' title='bbox 1696 733 1787 780; x_wconf 85' lang='grc' dir='ltr'><strong><em>καί</em></strong></span> 
     </span>
    </p>
   </div>
   <div class='ocr_carea' id='block_1_10' title="bbox 179 803 1786 882">
    <p class='ocr_par' dir='ltr' id='par_1_10' title="bbox 179 803 1786 882">
     <span class='ocr_line' id='line_1_11' title="bbox 179 803 1786 882; baseline 0.007 -23"><span class='ocrx_word' id='word_1_45' title='bbox 179 803 431 881; x_wconf 75' lang='grc' dir='ltr'>δὺνοιμιν·</span> <span class='ocrx_word' id='word_1_46' title='bbox 461 810 578 863; x_wconf 70' lang='grc' dir='ltr'>’ὅθεν</span> <span class='ocrx_word' id='word_1_47' title='bbox 607 816 699 864; x_wconf 82' lang='grc' dir='ltr'>καί</span> <span class='ocrx_word' id='word_1_48' title='bbox 754 813 840 864; x_wconf 80' lang='grc' dir='ltr'>ἕνα</span> <span class='ocrx_word' id='word_1_49' title='bbox 890 817 980 865; x_wconf 83' lang='grc' dir='ltr'><strong>καί</strong></span> <span class='ocrx_word' id='word_1_50' title='bbox 1028 812 1192 874; x_wconf 76' lang='grc' dir='ltr'>ἀληθῆ</span> <span class='ocrx_word' id='word_1_51' title='bbox 1247 821 1441 876; x_wconf 72' lang='grc' dir='ltr'>ταύτην</span> <span class='ocrx_word' id='word_1_52' title='bbox 1496 822 1646 882; x_wconf 83' lang='grc' dir='ltr'>Θεὸν,</span> <span class='ocrx_word' id='word_1_53' title='bbox 1695 822 1786 870; x_wconf 84' lang='grc' dir='ltr'><strong>καί</strong></span> 
     </span>
    </p>
   </div>
   <div class='ocr_carea' id='block_1_11' title="bbox 176 900 1786 978">
    <p class='ocr_par' dir='ltr' id='par_1_11' title="bbox 176 900 1786 978">
     <span class='ocr_line' id='line_1_12' title="bbox 176 900 1786 978; baseline 0.006 -30"><span class='ocrx_word' id='word_1_54' title='bbox 176 900 338 968; x_wconf 79' lang='grc' dir='ltr'>μόνον</span> <span class='ocrx_word' id='word_1_55' title='bbox 391 907 491 950; x_wconf 86' lang='grc' dir='ltr'><strong>τῶν</strong></span> <span class='ocrx_word' id='word_1_56' title='bbox 569 904 720 951; x_wconf 80' lang='grc' dir='ltr'>ὄντων</span> <span class='ocrx_word' id='word_1_57' title='bbox 797 911 1016 974; x_wconf 80' lang='grc' dir='ltr'>τριττῶς</span> <span class='ocrx_word' id='word_1_58' title='bbox 1054 901 1402 978; x_wconf 79' lang='grc' dir='ltr'>ἀπερὶγαπτον</span> <span class='ocrx_word' id='word_1_59' title='bbox 1445 910 1535 957; x_wconf 81' lang='grc' dir='ltr'><strong>καί</strong></span> <span class='ocrx_word' id='word_1_60' title='bbox 1586 905 1786 966; x_wconf 77' lang='grc' dir='ltr'>άληθῶς</span> 
     </span>
    </p>
   </div>
   <div class='ocr_carea' id='block_1_12' title="bbox 180 985 1785 1068">
    <p class='ocr_par' dir='ltr' id='par_1_12' title="bbox 180 985 1785 1068">
     <span class='ocr_line' id='line_1_13' title="bbox 180 985 1785 1068; baseline 0.006 -31"><span class='ocrx_word' id='word_1_61' title='bbox 180 985 552 1044; x_wconf 71' lang='grc' dir='ltr'>ἀκατάληπτον</span> <span class='ocrx_word' id='word_1_62' title='bbox 605 993 662 1040; x_wconf 85' lang='grc' dir='ltr'>τό</span> <span class='ocrx_word' id='word_1_63' title='bbox 721 991 1012 1060; x_wconf 81' lang='grc' dir='ltr'>θαυμάσιον</span> <span class='ocrx_word' id='word_1_64' title='bbox 1087 997 1176 1044; x_wconf 83' lang='grc' dir='ltr'>καί</span> <span class='ocrx_word' id='word_1_65' title='bbox 1231 992 1611 1068; x_wconf 77' lang='grc' dir='ltr'>καταλαμϐάνω</span> <span class='ocrx_word' id='word_1_66' title='bbox 1695 1000 1785 1047; x_wconf 86' lang='grc' dir='ltr'>καί</span> 
     </span>
    </p>
   </div>
   <div class='ocr_carea' id='block_1_13' title="bbox 179 1073 1783 1158">
    <p class='ocr_par' dir='ltr' id='par_1_13' title="bbox 179 1073 1783 1158">
     <span class='ocr_line' id='line_1_14' title="bbox 179 1073 1783 1158; baseline 0.006 -32"><span class='ocrx_word' id='word_1_67' title='bbox 179 1073 427 1148; x_wconf 66' lang='grc' dir='ltr'>σὶϐομαι.</span> <span class='ocrx_word' id='word_1_68' title='bbox 457 1076 532 1128; x_wconf 77' lang='grc' dir='ltr'><strong>Οὐ</strong></span> <span class='ocrx_word' id='word_1_69' title='bbox 551 1083 678 1148; x_wconf 83' lang='grc' dir='ltr'>γοῦν</span> <span class='ocrx_word' id='word_1_70' title='bbox 703 1079 877 1150; x_wconf 84' lang='grc' dir='ltr'>φθάνω</span> <span class='ocrx_word' id='word_1_71' title='bbox 927 1077 1144 1154; x_wconf 74' lang='grc' dir='ltr'>διαιρῶν</span> <span class='ocrx_word' id='word_1_72' title='bbox 1199 1083 1270 1143; x_wconf 79' lang='grc' dir='ltr'>εἰς</span> <span class='ocrx_word' id='word_1_73' title='bbox 1321 1091 1460 1158; x_wconf 76' lang='grc' dir='ltr'>τρια,</span> <span class='ocrx_word' id='word_1_74' title='bbox 1519 1087 1608 1135; x_wconf 82' lang='grc' dir='ltr'>καί</span> <span class='ocrx_word' id='word_1_75' title='bbox 1666 1103 1783 1135; x_wconf 84' lang='grc' dir='ltr'>συν-</span> 
     </span>
    </p>
   </div>
   <div class='ocr_carea' id='block_1_14' title="bbox 178 1164 1778 1247">
    <p class='ocr_par' dir='ltr' id='par_1_14' title="bbox 178 1164 1778 1247">
     <span class='ocr_line' id='line_1_15' title="bbox 178 1164 1778 1247; baseline 0.006 -31"><span class='ocrx_word' id='word_1_76' title='bbox 178 1164 333 1216; x_wconf 78' lang='grc' dir='ltr'>ἁπτω</span> <span class='ocrx_word' id='word_1_77' title='bbox 363 1171 492 1238; x_wconf 79' lang='grc' dir='ltr'>πρὸς</span> <span class='ocrx_word' id='word_1_78' title='bbox 525 1165 592 1234; x_wconf 77' lang='grc' dir='ltr'><strong>ἓν,</strong></span> <span class='ocrx_word' id='word_1_79' title='bbox 642 1171 698 1219; x_wconf 86' lang='grc' dir='ltr'>τό</span> <span class='ocrx_word' id='word_1_80' title='bbox 760 1171 850 1240; x_wconf 66' lang='grc' dir='ltr'><strong>μήθ</strong></span> <span class='ocrx_word' id='word_1_81' title='bbox 903 1177 1013 1232; x_wconf 86' lang='grc' dir='ltr'>τοῖς</span> <span class='ocrx_word' id='word_1_82' title='bbox 1064 1180 1428 1247; x_wconf 73' lang='grc' dir='ltr'><strong>χαρακτῆρσι,</strong></span> <span class='ocrx_word' id='word_1_83' title='bbox 1493 1176 1551 1224; x_wconf 81' lang='grc' dir='ltr'>τό</span> <span class='ocrx_word' id='word_1_84' title='bbox 1601 1169 1660 1224; x_wconf 84' lang='grc' dir='ltr'><strong>δέ</strong></span> <span class='ocrx_word' id='word_1_85' title='bbox 1715 1179 1778 1230; x_wconf 83' lang='grc' dir='ltr'>τῆ</span> 
     </span>
    </p>
   </div>
   <div class='ocr_carea' id='block_1_15' title="bbox 179 1253 1784 1336">
    <p class='ocr_par' dir='ltr' id='par_1_15' title="bbox 179 1253 1784 1336">
     <span class='ocr_line' id='line_1_16' title="bbox 179 1253 1784 1336; baseline 0.006 -30"><span class='ocrx_word' id='word_1_86' title='bbox 179 1253 510 1326; x_wconf 77' lang='grc' dir='ltr'>ἕξουσὶα,τῆ</span> <span class='ocrx_word' id='word_1_87' title='bbox 543 1262 832 1331; x_wconf 73' lang='grc' dir='ltr'>μοναρχὶᾳ,</span> <span class='ocrx_word' id='word_1_88' title='bbox 867 1266 927 1316; x_wconf 81' lang='grc' dir='ltr'>τῆ</span> <span class='ocrx_word' id='word_1_89' title='bbox 981 1261 1375 1332; x_wconf 82' lang='grc' dir='ltr'>ὁμοουσιότητι,</span> <span class='ocrx_word' id='word_1_90' title='bbox 1429 1271 1491 1322; x_wconf 84' lang='grc' dir='ltr'>τῆ</span> <span class='ocrx_word' id='word_1_91' title='bbox 1545 1281 1598 1314; x_wconf 83' lang='grc' dir='ltr'><strong>τε</strong></span> <span class='ocrx_word' id='word_1_92' title='bbox 1652 1267 1784 1336; x_wconf 84' lang='grc' dir='ltr'><strong>πρός</strong></span> 
     </span>
    </p>
   </div>
   <div class='ocr_carea' id='block_1_16' title="bbox 178 1345 1782 1425">
    <p class='ocr_par' dir='ltr' id='par_1_16' title="bbox 178 1345 1782 1425">
     <span class='ocr_line' id='line_1_17' title="bbox 178 1345 1782 1425; baseline 0.005 -32"><span class='ocrx_word' id='word_1_93' title='bbox 178 1347 241 1394; x_wconf 80' lang='grc' dir='ltr'>τό</span> <span class='ocrx_word' id='word_1_94' title='bbox 293 1351 498 1418; x_wconf 80' lang='grc' dir='ltr'>πρῶτον</span> <span class='ocrx_word' id='word_1_95' title='bbox 551 1347 716 1397; x_wconf 80' lang='grc' dir='ltr'>αἴτιον</span> <span class='ocrx_word' id='word_1_96' title='bbox 770 1355 870 1398; x_wconf 87' lang='grc' dir='ltr'><strong>τῶν</strong></span> <span class='ocrx_word' id='word_1_97' title='bbox 902 1345 956 1398; x_wconf 78' lang='grc' dir='ltr'>ἐκ</span> <span class='ocrx_word' id='word_1_98' title='bbox 1015 1357 1104 1401; x_wconf 86' lang='grc' dir='ltr'>τοῦ</span> <span class='ocrx_word' id='word_1_99' title='bbox 1147 1355 1356 1425; x_wconf 82' lang='grc' dir='ltr'>πρῶτον</span> <span class='ocrx_word' id='word_1_100' title='bbox 1391 1356 1480 1402; x_wconf 86' lang='grc' dir='ltr'>καί</span> <span class='ocrx_word' id='word_1_101' title='bbox 1538 1351 1782 1403; x_wconf 80' lang='grc' dir='ltr'>αἱτιατῶν</span> 
     </span>
    </p>
   </div>
   <div class='ocr_carea' id='block_1_17' title="bbox 180 1432 1783 1508">
    <p class='ocr_par' dir='ltr' id='par_1_17' title="bbox 180 1432 1783 1508">
     <span class='ocr_line' id='line_1_18' title="bbox 180 1432 1783 1508; baseline 0.006 -25"><span class='ocrx_word' id='word_1_102' title='bbox 180 1440 426 1504; x_wconf 78' lang='grc' dir='ltr'>συμφυῐᾳ</span> <span class='ocrx_word' id='word_1_103' title='bbox 477 1437 568 1484; x_wconf 82' lang='grc' dir='ltr'>καί</span> <span class='ocrx_word' id='word_1_104' title='bbox 638 1432 1017 1508; x_wconf 79' lang='grc' dir='ltr'>ἀπαραλλάκτῳ</span> <span class='ocrx_word' id='word_1_105' title='bbox 1068 1442 1369 1506; x_wconf 81' lang='grc' dir='ltr'>ταυτότητι,</span> <span class='ocrx_word' id='word_1_106' title='bbox 1421 1443 1584 1502; x_wconf 78' lang='grc' dir='ltr'>οὕτως</span> <span class='ocrx_word' id='word_1_107' title='bbox 1640 1438 1783 1492; x_wconf 77' lang='grc' dir='ltr'><strong>ἐπαὶ-</strong></span> 
     </span>
    </p>
   </div>
   <div class='ocr_carea' id='block_1_18' title="bbox 175 1523 1784 1602">
    <p class='ocr_par' dir='ltr' id='par_1_18' title="bbox 175 1523 1784 1602">
     <span class='ocr_line' id='line_1_19' title="bbox 175 1523 1784 1602; baseline 0.006 -30"><span class='ocrx_word' id='word_1_108' title='bbox 175 1541 365 1595; x_wconf 70' lang='grc' dir='ltr'>ρομαι,</span> <span class='ocrx_word' id='word_1_109' title='bbox 416 1523 550 1574; x_wconf 76' lang='grc' dir='ltr'>οὕτω</span> <span class='ocrx_word' id='word_1_110' title='bbox 609 1524 948 1597; x_wconf 78' lang='grc' dir='ltr'>κουφίζομαι,</span> <span class='ocrx_word' id='word_1_111' title='bbox 1007 1525 1140 1579; x_wconf 79' lang='grc' dir='ltr'>οὕτω</span> <span class='ocrx_word' id='word_1_112' title='bbox 1220 1529 1526 1602; x_wconf 75' lang='grc' dir='ltr'>θαυμασὶως</span> <span class='ocrx_word' id='word_1_113' title='bbox 1600 1527 1784 1602; x_wconf 76' lang='grc' dir='ltr'>ἀνάγο-</span> 
     </span>
    </p>
   </div>
   <div class='ocr_carea' id='block_1_19' title="bbox 174 1609 1782 1690">
    <p class='ocr_par' dir='ltr' id='par_1_19' title="bbox 174 1609 1782 1690">
     <span class='ocr_line' id='line_1_20' title="bbox 174 1609 1782 1690; baseline 0.006 -30"><span class='ocrx_word' id='word_1_114' title='bbox 174 1628 297 1682; x_wconf 80' lang='grc' dir='ltr'>μαι,</span> <span class='ocrx_word' id='word_1_115' title='bbox 339 1613 430 1662; x_wconf 86' lang='grc' dir='ltr'><em>καί</em></span> <span class='ocrx_word' id='word_1_116' title='bbox 471 1609 600 1674; x_wconf 81' lang='grc' dir='ltr'>ὅλως</span> <span class='ocrx_word' id='word_1_117' title='bbox 649 1620 750 1663; x_wconf 87' lang='grc' dir='ltr'><strong>τῶν</strong></span> <span class='ocrx_word' id='word_1_118' title='bbox 794 1611 1015 1667; x_wconf 73' lang='grc' dir='ltr'>ἐνταῦθα</span> <span class='ocrx_word' id='word_1_119' title='bbox 1067 1616 1462 1690; x_wconf 75' lang='grc' dir='ltr'>μετεωρὶζομαιο</span> <span class='ocrx_word' id='word_1_120' title='bbox 1516 1619 1606 1668; x_wconf 84' lang='grc' dir='ltr'>καί</span> <span class='ocrx_word' id='word_1_121' title='bbox 1654 1618 1782 1670; x_wconf 80' lang='grc' dir='ltr'>θειό-</span> 
     </span>
    </p>
   </div>
   <div class='ocr_carea' id='block_1_20' title="bbox 171 1697 1293 1781">
    <p class='ocr_par' dir='ltr' id='par_1_20' title="bbox 171 1697 1293 1781">
     <span class='ocr_line' id='line_1_21' title="bbox 171 1697 1293 1781; baseline 0.004 -30"><span class='ocrx_word' id='word_1_122' title='bbox 171 1718 324 1774; x_wconf 77' lang='grc' dir='ltr'>τερος</span> <span class='ocrx_word' id='word_1_123' title='bbox 352 1697 780 1775; x_wconf 77' lang='grc' dir='ltr'>ἂποκαθίσταμαι</span> <span class='ocrx_word' id='word_1_124' title='bbox 804 1708 896 1755; x_wconf 88' lang='grc' dir='ltr'><em>καί</em></span> <span class='ocrx_word' id='word_1_125' title='bbox 937 1701 1293 1781; x_wconf 79' lang='grc' dir='ltr'>φαιδρότερος.</span> 
     </span>
    </p>
   </div>
   <div class='ocr_carea' id='block_1_21' title="bbox 246 1894 1774 1976">
    <p class='ocr_par' dir='ltr' id='par_1_21' title="bbox 246 1894 1774 1976">
     <span class='ocr_line' id='line_1_22' title="bbox 246 1894 1774 1976; baseline 0.005 -29"><span class='ocrx_word' id='word_1_126' title='bbox 246 1894 341 1956; x_wconf 80' lang='grc' dir='ltr'>νε’.</span> <span class='ocrx_word' id='word_1_127' title='bbox 394 1897 574 1959; x_wconf 77' lang='grc' dir='ltr'>Μῦθος</span> <span class='ocrx_word' id='word_1_128' title='bbox 624 1901 713 1970; x_wconf 76' lang='grc' dir='ltr'><strong>μέν</strong></span> <span class='ocrx_word' id='word_1_129' title='bbox 766 1901 867 1974; x_wconf 88' lang='grc' dir='ltr'><strong>γάρ</strong></span> <span class='ocrx_word' id='word_1_130' title='bbox 925 1919 1007 1962; x_wconf 87' lang='grc' dir='ltr'><strong>τις</strong></span> <span class='ocrx_word' id='word_1_131' title='bbox 1049 1905 1139 1953; x_wconf 79' lang='grc' dir='ltr'>καί</span> <span class='ocrx_word' id='word_1_132' title='bbox 1211 1905 1456 1959; x_wconf 82' lang='grc' dir='ltr'>ποιητικὴ</span> <span class='ocrx_word' id='word_1_133' title='bbox 1517 1907 1774 1976; x_wconf 76' lang='grc' dir='ltr'>τερατεὶα,</span> 
     </span>
    </p>
   </div>
   <div class='ocr_carea' id='block_1_22' title="bbox 173 1975 1777 2064">
    <p class='ocr_par' dir='ltr' id='par_1_22' title="bbox 173 1975 1777 2064">
     <span class='ocr_line' id='line_1_23' title="bbox 173 1975 1777 2064; baseline 0.004 -28"><span class='ocrx_word' id='word_1_134' title='bbox 173 1983 370 2058; x_wconf 81' lang='grc' dir='ltr'>μᾶλλον</span> <span class='ocrx_word' id='word_1_135' title='bbox 403 1981 462 2037; x_wconf 83' lang='grc' dir='ltr'><strong>δέ</strong></span> <span class='ocrx_word' id='word_1_136' title='bbox 485 1983 729 2060; x_wconf 80' lang='grc' dir='ltr'>γραὼδης</span> <span class='ocrx_word' id='word_1_137' title='bbox 774 1975 1080 2056; x_wconf 75' lang='grc' dir='ltr'>ἀνάπλασις,</span> <span class='ocrx_word' id='word_1_138' title='bbox 1114 1991 1191 2042; x_wconf 84' lang='grc' dir='ltr'>ὅτι</span> <span class='ocrx_word' id='word_1_139' title='bbox 1236 1995 1325 2042; x_wconf 88' lang='grc' dir='ltr'>καί</span> <span class='ocrx_word' id='word_1_140' title='bbox 1375 1988 1552 2052; x_wconf 75' lang='grc' dir='ltr'>ἇξὶσης</span> <span class='ocrx_word' id='word_1_141' title='bbox 1604 1992 1638 2042; x_wconf 78' lang='grc' dir='ltr'><strong>οἱ</strong></span> 
     </span>
    </p>
   </div>
   <div class='ocr_carea' id='block_1_23' title="bbox 172 2071 1777 2154">
    <p class='ocr_par' dir='ltr' id='par_1_23' title="bbox 172 2071 1777 2154">
     <span class='ocr_line' id='line_1_24' title="bbox 172 2071 1777 2154; baseline 0.005 -30"><span class='ocrx_word' id='word_1_142' title='bbox 172 2075 244 2125; x_wconf 75' lang='grc' dir='ltr'><strong>τά</strong></span> <span class='ocrx_word' id='word_1_143' title='bbox 290 2071 599 2148; x_wconf 81' lang='grc' dir='ltr'>βρεφὺλλια,</span> <span class='ocrx_word' id='word_1_144' title='bbox 674 2077 724 2127; x_wconf 83' lang='grc' dir='ltr'>οἱ</span> <span class='ocrx_word' id='word_1_145' title='bbox 797 2072 857 2129; x_wconf 80' lang='grc' dir='ltr'><strong>δέ</strong></span> <span class='ocrx_word' id='word_1_146' title='bbox 921 2080 1042 2140; x_wconf 84' lang='grc' dir='ltr'>τούς</span> <span class='ocrx_word' id='word_1_147' title='bbox 1097 2074 1376 2139; x_wconf 80' lang='grc' dir='ltr'>νηπιὼδεις</span> <span class='ocrx_word' id='word_1_148' title='bbox 1432 2077 1777 2154; x_wconf 72' lang='grc' dir='ltr'><strong>ψυχαγωγεῖν</strong></span> 
     </span>
    </p>
   </div>
   <div class='ocr_carea' id='block_1_24' title="bbox 177 2165 1777 2241">
    <p class='ocr_par' dir='ltr' id='par_1_24' title="bbox 177 2165 1777 2241">
     <span class='ocr_line' id='line_1_25' title="bbox 177 2165 1777 2241; baseline 0.005 -27"><span class='ocrx_word' id='word_1_149' title='bbox 177 2165 368 2235; x_wconf 77' lang='grc' dir='ltr'>ἕχονσι</span> <span class='ocrx_word' id='word_1_150' title='bbox 409 2171 514 2224; x_wconf 87' lang='grc' dir='ltr'>τοῖς</span> <span class='ocrx_word' id='word_1_151' title='bbox 556 2168 868 2240; x_wconf 72' lang='grc' dir='ltr'>καινοτὲροις</span> <span class='ocrx_word' id='word_1_152' title='bbox 922 2165 1244 2241; x_wconf 77' lang='grc' dir='ltr'>άκοὺσμασιο</span> <span class='ocrx_word' id='word_1_153' title='bbox 1311 2169 1473 2240; x_wconf 81' lang='grc' dir='ltr'>μῦθος</span> <span class='ocrx_word' id='word_1_154' title='bbox 1529 2169 1635 2241; x_wconf 75' lang='grc' dir='ltr'>οὖν,</span> <span class='ocrx_word' id='word_1_155' title='bbox 1692 2175 1777 2222; x_wconf 84' lang='grc' dir='ltr'>τὸν</span> 
     </span>
    </p>
   </div>
   <div class='ocr_carea' id='block_1_25' title="bbox 179 2251 1778 2332">
    <p class='ocr_par' dir='ltr' id='par_1_25' title="bbox 179 2251 1778 2332">
     <span class='ocr_line' id='line_1_26' title="bbox 179 2251 1778 2332; baseline 0.005 -30"><span class='ocrx_word' id='word_1_156' title='bbox 179 2251 327 2310; x_wconf 73' lang='grc' dir='ltr'>ἣλιον</span> <span class='ocrx_word' id='word_1_157' title='bbox 385 2251 436 2314; x_wconf 79' lang='grc' dir='ltr'><strong>ἒς</strong></span> <span class='ocrx_word' id='word_1_158' title='bbox 486 2253 724 2306; x_wconf 79' lang='grc' dir='ltr'>Ὠκεανόν</span> <span class='ocrx_word' id='word_1_159' title='bbox 819 2257 1078 2328; x_wconf 81' lang='grc' dir='ltr'>κατάγειν,</span> <span class='ocrx_word' id='word_1_160' title='bbox 1180 2255 1412 2310; x_wconf 79' lang='grc' dir='ltr'>κάκεῖθεν</span> <span class='ocrx_word' id='word_1_161' title='bbox 1483 2257 1778 2332; x_wconf 76' lang='grc' dir='ltr'>λελουμὲνον</span> 
     </span>
    </p>
   </div>
   <div class='ocr_carea' id='block_1_26' title="bbox 180 2339 1778 2421">
    <p class='ocr_par' dir='ltr' id='par_1_26' title="bbox 180 2339 1778 2421">
     <span class='ocr_line' id='line_1_27' title="bbox 180 2339 1778 2421; baseline 0.004 -29"><span class='ocrx_word' id='word_1_162' title='bbox 180 2339 393 2414; x_wconf 76' lang='grc' dir='ltr'>ἀνάγειν</span> <span class='ocrx_word' id='word_1_163' title='bbox 433 2341 808 2420; x_wconf 74' lang='grc' dir='ltr'>λαμπρότερον,</span> <span class='ocrx_word' id='word_1_164' title='bbox 893 2345 1031 2402; x_wconf 75' lang='grc' dir='ltr'><strong>Πλήν</strong></span> <span class='ocrx_word' id='word_1_165' title='bbox 1072 2347 1185 2398; x_wconf 78' lang='grc' dir='ltr'>ἔστι</span> <span class='ocrx_word' id='word_1_166' title='bbox 1240 2347 1423 2418; x_wconf 80' lang='grc' dir='ltr'>μῦθος,</span> <span class='ocrx_word' id='word_1_167' title='bbox 1477 2347 1636 2399; x_wconf 86' lang='grc' dir='ltr'>πάλαι</span> <span class='ocrx_word' id='word_1_168' title='bbox 1689 2353 1778 2421; x_wconf 75' lang='grc' dir='ltr'><strong>μέν</strong></span> 
     </span>
    </p>
   </div>
   <div class='ocr_carea' id='block_1_27' title="bbox 183 2429 1781 2509">
    <p class='ocr_par' dir='ltr' id='par_1_27' title="bbox 183 2429 1781 2509">
     <span class='ocr_line' id='line_1_28' title="bbox 183 2429 1781 2509; baseline 0.004 -25"><span class='ocrx_word' id='word_1_169' title='bbox 183 2429 579 2508; x_wconf 72' lang='grc' dir='ltr'>θρυ).λούμενος,</span> <span class='ocrx_word' id='word_1_170' title='bbox 631 2439 718 2484; x_wconf 80' lang='grc' dir='ltr'>νῦν</span> <span class='ocrx_word' id='word_1_171' title='bbox 794 2429 853 2486; x_wconf 77' lang='grc' dir='ltr'><strong>δέ</strong></span> <span class='ocrx_word' id='word_1_172' title='bbox 924 2431 1349 2507; x_wconf 75' lang='grc' dir='ltr'>διαπαιζόμενοςο</span> <span class='ocrx_word' id='word_1_173' title='bbox 1427 2445 1518 2496; x_wconf 85' lang='grc' dir='ltr'><strong>τῆς</strong></span> <span class='ocrx_word' id='word_1_174' title='bbox 1599 2433 1658 2490; x_wconf 73' lang='grc' dir='ltr'><strong>δὲ</strong></span> <span class='ocrx_word' id='word_1_175' title='bbox 1721 2456 1781 2509; x_wconf 81' lang='grc' dir='ltr'>γι</span> 
     </span>
    </p>
   </div>
   <div class='ocr_carea' id='block_1_28' title="bbox 184 2519 1778 2596">
    <p class='ocr_par' dir='ltr' id='par_1_28' title="bbox 184 2519 1778 2596">
     <span class='ocr_line' id='line_1_29' title="bbox 184 2519 1778 2596; baseline 0.005 -25"><span class='ocrx_word' id='word_1_176' title='bbox 184 2519 494 2596; x_wconf 78' lang='grc' dir='ltr'>ζωηῤῥὺτου</span> <span class='ocrx_word' id='word_1_177' title='bbox 532 2523 730 2585; x_wconf 75' lang='grc' dir='ltr'>ταὺτης</span> <span class='ocrx_word' id='word_1_178' title='bbox 784 2531 974 2594; x_wconf 81' lang='grc' dir='ltr'>πηγῆς,</span> <span class='ocrx_word' id='word_1_179' title='bbox 1025 2523 1214 2596; x_wconf 82' lang='grc' dir='ltr'>μᾶλλον</span> <span class='ocrx_word' id='word_1_180' title='bbox 1287 2521 1346 2577; x_wconf 80' lang='grc' dir='ltr'><strong>δέ</strong></span> <span class='ocrx_word' id='word_1_181' title='bbox 1387 2523 1482 2578; x_wconf 73' lang='grc' dir='ltr'>τοῦ</span> <span class='ocrx_word' id='word_1_182' title='bbox 1563 2524 1778 2579; x_wconf 74' lang='grc' dir='ltr'>ἀπλὲτου</span> 
     </span>
    </p>
   </div>
   <div class='ocr_carea' id='block_1_29' title="bbox 180 2604 1782 2684">
    <p class='ocr_par' dir='ltr' id='par_1_29' title="bbox 180 2604 1782 2684">
     <span class='ocr_line' id='line_1_30' title="bbox 180 2604 1782 2684; baseline 0.004 -24"><span class='ocrx_word' id='word_1_183' title='bbox 180 2604 346 2660; x_wconf 75' lang='grc' dir='ltr'>τοῦδε</span> <span class='ocrx_word' id='word_1_184' title='bbox 368 2617 466 2660; x_wconf 78' lang='grc' dir='ltr'><strong>τῶν</strong></span> <span class='ocrx_word' id='word_1_185' title='bbox 508 2608 668 2680; x_wconf 85' lang='grc' dir='ltr'>λόγων</span> <span class='ocrx_word' id='word_1_186' title='bbox 721 2608 993 2684; x_wconf 82' lang='grc' dir='ltr'>πελάγους,</span> <span class='ocrx_word' id='word_1_187' title='bbox 1037 2616 1127 2663; x_wconf 84' lang='grc' dir='ltr'>καί</span> <span class='ocrx_word' id='word_1_188' title='bbox 1174 2608 1507 2674; x_wconf 77' lang='grc' dir='ltr'>άδιεξιτὴτου</span> <span class='ocrx_word' id='word_1_189' title='bbox 1556 2621 1646 2675; x_wconf 78' lang='grc' dir='ltr'><strong>τῆς</strong></span> <span class='ocrx_word' id='word_1_190' title='bbox 1696 2634 1782 2667; x_wconf 88' lang='grc' dir='ltr'>σο-</span> 
     </span>
    </p>
   </div>
   <div class='ocr_carea' id='block_1_30' title="bbox 184 2694 1780 2777">
    <p class='ocr_par' dir='ltr' id='par_1_30' title="bbox 184 2694 1780 2777">
     <span class='ocr_line' id='line_1_31' title="bbox 184 2694 1780 2777; baseline 0.004 -30"><span class='ocrx_word' id='word_1_191' title='bbox 184 2696 306 2770; x_wconf 86' lang='grc' dir='ltr'>φίας</span> <span class='ocrx_word' id='word_1_192' title='bbox 341 2694 557 2768; x_wconf 82' lang='grc' dir='ltr'>βάθους,</span> <span class='ocrx_word' id='word_1_193' title='bbox 586 2696 680 2749; x_wconf 75' lang='grc' dir='ltr'>οὐκ</span> <span class='ocrx_word' id='word_1_194' title='bbox 708 2699 848 2750; x_wconf 73' lang='grc' dir='ltr'>ἔστιν</span> <span class='ocrx_word' id='word_1_195' title='bbox 879 2697 933 2760; x_wconf 86' lang='grc' dir='ltr'><strong>ὃς</strong></span> <span class='ocrx_word' id='word_1_196' title='bbox 967 2699 1028 2751; x_wconf 84' lang='grc' dir='ltr'>οἷν</span> <span class='ocrx_word' id='word_1_197' title='bbox 1078 2699 1120 2751; x_wconf 81' lang='grc' dir='ltr'>εἰ</span> <span class='ocrx_word' id='word_1_198' title='bbox 1177 2705 1266 2752; x_wconf 85' lang='grc' dir='ltr'>καὶ</span> <span class='ocrx_word' id='word_1_199' title='bbox 1311 2720 1362 2752; x_wconf 92' lang='grc' dir='ltr'><strong>τι</strong></span> <span class='ocrx_word' id='word_1_200' title='bbox 1411 2705 1595 2777; x_wconf 77' lang='grc' dir='ltr'>μικρὸν</span> <span class='ocrx_word' id='word_1_201' title='bbox 1647 2700 1780 2754; x_wconf 79' lang='grc' dir='ltr'><strong>ἀπο-</strong></span> 
     </span>
    </p>
   </div>
   <div class='ocr_carea' id='block_1_31' title="bbox 184 2783 1780 2864">
    <p class='ocr_par' dir='ltr' id='par_1_31' title="bbox 184 2783 1780 2864">
     <span class='ocr_line' id='line_1_32' title="bbox 184 2783 1780 2864; baseline 0.004 -27"><span class='ocrx_word' id='word_1_202' title='bbox 184 2783 410 2852; x_wconf 76' lang='grc' dir='ltr'>στὶλϐοι,</span> <span class='ocrx_word' id='word_1_203' title='bbox 435 2786 739 2858; x_wconf 81' lang='grc' dir='ltr'>ἁστερὶσκος</span> <span class='ocrx_word' id='word_1_204' title='bbox 766 2789 895 2860; x_wconf 80' lang='grc' dir='ltr'>εἴγε</span> <span class='ocrx_word' id='word_1_205' title='bbox 921 2791 1084 2858; x_wconf 79' lang='grc' dir='ltr'>τύχοι</span> <span class='ocrx_word' id='word_1_206' title='bbox 1135 2789 1202 2840; x_wconf 84' lang='grc' dir='ltr'>ὢν</span> <span class='ocrx_word' id='word_1_207' title='bbox 1253 2787 1466 2862; x_wconf 78' lang='grc' dir='ltr'>ἀφανής,</span> <span class='ocrx_word' id='word_1_208' title='bbox 1533 2795 1623 2842; x_wconf 78' lang='grc' dir='ltr'><strong>καί</strong></span> <span class='ocrx_word' id='word_1_209' title='bbox 1675 2791 1780 2864; x_wconf 76' lang='grc' dir='ltr'>οὐχ</span> 
     </span>
    </p>
   </div>
   <div class='ocr_carea' id='block_1_32' title="bbox 181 2875 1781 2950">
    <p class='ocr_par' dir='ltr' id='par_1_32' title="bbox 181 2875 1781 2950">
     <span class='ocr_line' id='line_1_33' title="bbox 181 2875 1781 2950; baseline 0.005 -25"><span class='ocrx_word' id='word_1_210' title='bbox 181 2875 262 2926; x_wconf 85' lang='grc' dir='ltr'>ὃτι</span> <span class='ocrx_word' id='word_1_211' title='bbox 311 2877 448 2926; x_wconf 84' lang='grc' dir='ltr'>κατά</span> <span class='ocrx_word' id='word_1_212' title='bbox 500 2879 586 2927; x_wconf 85' lang='grc' dir='ltr'>τόν</span> <span class='ocrx_word' id='word_1_213' title='bbox 640 2878 802 2950; x_wconf 71' lang='grc' dir='ltr'>μὶγαν</span> <span class='ocrx_word' id='word_1_214' title='bbox 844 2883 1025 2928; x_wconf 81' lang='grc' dir='ltr'>τοῦτον</span> <span class='ocrx_word' id='word_1_215' title='bbox 1071 2876 1212 2936; x_wconf 78' lang='grc' dir='ltr'>ἣλιον</span> <span class='ocrx_word' id='word_1_216' title='bbox 1274 2877 1634 2949; x_wconf 75' lang='grc' dir='ltr'>άκτινοϐολῶν,</span> <span class='ocrx_word' id='word_1_217' title='bbox 1691 2885 1781 2933; x_wconf 81' lang='grc' dir='ltr'>καί</span> 
     </span>
    </p>
   </div>
   <div class='ocr_carea' id='block_1_33' title="bbox 176 2960 1780 3042">
    <p class='ocr_par' dir='ltr' id='par_1_33' title="bbox 176 2960 1780 3042">
     <span class='ocr_line' id='line_1_34' title="bbox 176 2960 1780 3042; baseline 0.004 -27"><span class='ocrx_word' id='word_1_218' title='bbox 176 2964 244 3015; x_wconf 77' lang='grc' dir='ltr'><strong>τά</strong></span> <span class='ocrx_word' id='word_1_219' title='bbox 299 2966 501 3038; x_wconf 68' lang='grc' dir='ltr'>πέρατα</span> <span class='ocrx_word' id='word_1_220' title='bbox 552 2960 874 3035; x_wconf 74' lang='grc' dir='ltr'>διαυγάξων,</span> <span class='ocrx_word' id='word_1_221' title='bbox 948 2967 1012 3026; x_wconf 86' lang='grc' dir='ltr'><strong>ὡς</strong></span> <span class='ocrx_word' id='word_1_222' title='bbox 1077 2963 1166 3018; x_wconf 79' lang='grc' dir='ltr'><strong>ἀπ’</strong></span> <span class='ocrx_word' id='word_1_223' title='bbox 1222 2967 1393 3042; x_wconf 80' lang='grc' dir='ltr'>ἄκρων</span> <span class='ocrx_word' id='word_1_224' title='bbox 1449 2970 1650 3040; x_wconf 83' lang='grc' dir='ltr'>φθάνων</span> <span class='ocrx_word' id='word_1_225' title='bbox 1708 2970 1780 3033; x_wconf 83' lang='grc' dir='ltr'>εἰς</span> 
     </span>
    </p>
   </div>
   <div class='ocr_carea' id='block_1_34' title="bbox 178 3052 1778 3136">
    <p class='ocr_par' dir='ltr' id='par_1_34' title="bbox 178 3052 1778 3136">
     <span class='ocr_line' id='line_1_35' title="bbox 178 3052 1778 3136; baseline 0.004 -32"><span class='ocrx_word' id='word_1_226' title='bbox 178 3054 339 3126; x_wconf 73' lang='grc' dir='ltr'>ἄκρα,</span> <span class='ocrx_word' id='word_1_227' title='bbox 398 3057 488 3104; x_wconf 80' lang='grc' dir='ltr'><strong>καί</strong></span> <span class='ocrx_word' id='word_1_228' title='bbox 538 3052 690 3106; x_wconf 78' lang='grc' dir='ltr'>πάνθ’</span> <span class='ocrx_word' id='word_1_229' title='bbox 741 3055 872 3126; x_wconf 76' lang='grc' dir='ltr'><strong>ὁμοῦ</strong></span> <span class='ocrx_word' id='word_1_230' title='bbox 917 3063 1008 3116; x_wconf 83' lang='grc' dir='ltr'>τῆς</span> <span class='ocrx_word' id='word_1_231' title='bbox 1082 3055 1269 3126; x_wconf 75' lang='grc' dir='ltr'>αἴγλης</span> <span class='ocrx_word' id='word_1_232' title='bbox 1326 3055 1552 3132; x_wconf 78' lang='grc' dir='ltr'>πληρῶνο</span> <span class='ocrx_word' id='word_1_233' title='bbox 1608 3059 1778 3136; x_wconf 74' lang='grc' dir='ltr'>ὁποῖοὶ</span> 
     </span>
    </p>
   </div>
   <div class='ocr_carea' id='block_1_35' title="bbox 819 2257 1078 2328">
    <p class='ocr_par' dir='ltr' id='par_1_35' title="bbox 819 2257 1078 2328">
     <span class='ocr_line' id='line_1_36' title="bbox 819 2257 1078 2328; baseline -0.004 -21"><span class='ocrx_word' id='word_1_234' title='bbox 819 2257 1078 2328; x_wconf 78' lang='grc' dir='ltr'>κατάγειν,</span> 
     </span>
    </p>
   </div>
   <div class='ocr_carea' id='block_1_36' title="bbox 1894 555 3546 629">
    <p class='ocr_par' dir='ltr' id='par_1_36' title="bbox 1894 555 3546 629">
     <span class='ocr_line' id='line_1_37' title="bbox 1894 555 3546 629; baseline 0.002 -22"><span class='ocrx_word' id='word_1_235' title='bbox 1894 569 2189 624; x_wconf 65' lang='lat' dir='ltr'><strong>suprema:</strong></span> <span class='ocrx_word' id='word_1_236' title='bbox 2205 555 2474 610; x_wconf 69' lang='lat' dir='ltr'><strong>essentiae</strong></span> <span class='ocrx_word' id='word_1_237' title='bbox 2501 571 2571 610; x_wconf 91' lang='lat' dir='ltr'><strong>ac</strong></span> <span class='ocrx_word' id='word_1_238' title='bbox 2585 555 3175 629; x_wconf 87' lang='lat' dir='ltr'><strong>supersubstantialis</strong></span> <span class='ocrx_word' id='word_1_239' title='bbox 3188 558 3415 610; x_wconf 62' lang='lat' dir='ltr'><strong>natura;</strong></span> <span class='ocrx_word' id='word_1_240' title='bbox 3438 555 3546 626; x_wconf 79' lang='lat' dir='ltr'><strong>hy-</strong></span> 
     </span>
    </p>
   </div>
   <div class='ocr_carea' id='block_1_37' title="bbox 1891 641 3545 716">
    <p class='ocr_par' dir='ltr' id='par_1_37' title="bbox 1891 641 3545 716">
     <span class='ocr_line' id='line_1_38' title="bbox 1891 641 3545 716; baseline 0.001 -21"><span class='ocrx_word' id='word_1_241' title='bbox 1891 641 2218 711; x_wconf 89' lang='lat' dir='ltr'><strong>postaticas</strong></span> <span class='ocrx_word' id='word_1_242' title='bbox 2259 643 2674 714; x_wconf 84' lang='lat' dir='ltr'><strong>proprietates,</strong></span> <span class='ocrx_word' id='word_1_243' title='bbox 2714 644 2832 699; x_wconf 89' lang='lat' dir='ltr'><strong>imo</strong></span> <span class='ocrx_word' id='word_1_244' title='bbox 2861 643 3056 716; x_wconf 86' lang='lat' dir='ltr'><strong>ipsam</strong></span> <span class='ocrx_word' id='word_1_245' title='bbox 3119 659 3302 699; x_wconf 85' lang='lat' dir='ltr'><strong>unam</strong></span> <span class='ocrx_word' id='word_1_246' title='bbox 3365 643 3545 698; x_wconf 91' lang='lat' dir='ltr'><strong>trium</strong></span> 
     </span>
    </p>
   </div>
   <div class='ocr_carea' id='block_1_38' title="bbox 1892 731 3543 804">
    <p class='ocr_par' dir='ltr' id='par_1_38' title="bbox 1892 731 3543 804">
     <span class='ocr_line' id='line_1_39' title="bbox 1892 731 3543 804; baseline 0.002 -20"><span class='ocrx_word' id='word_1_247' title='bbox 1892 745 2288 800; x_wconf 88' lang='lat' dir='ltr'><strong>personarum</strong></span> <span class='ocrx_word' id='word_1_248' title='bbox 2319 731 2637 787; x_wconf 84' lang='lat' dir='ltr'><strong>essentiam</strong></span> <span class='ocrx_word' id='word_1_249' title='bbox 2668 733 3123 804; x_wconf 86' lang='lat' dir='ltr'><strong>quodammodo</strong></span> <span class='ocrx_word' id='word_1_250' title='bbox 3147 732 3543 804; x_wconf 89' lang='lat' dir='ltr'><strong>comprehen-</strong></span> 
     </span>
    </p>
   </div>
   <div class='ocr_carea' id='block_1_39' title="bbox 1893 807 3618 894">
    <p class='ocr_par' dir='ltr' id='par_1_39' title="bbox 1893 807 3618 894">
     <span class='ocr_line' id='line_1_40' title="bbox 1893 807 3618 894; baseline -0.001 -21"><span class='ocrx_word' id='word_1_251' title='bbox 1893 807 2005 888; x_wconf 71' lang='lat' dir='ltr'><strong>do,</strong></span> <span class='ocrx_word' id='word_1_252' title='bbox 2027 819 2110 873; x_wconf 90' lang='lat' dir='ltr'><strong>sic</strong></span> <span class='ocrx_word' id='word_1_253' title='bbox 2141 835 2325 874; x_wconf 88' lang='lat' dir='ltr'><strong>unam</strong></span> <span class='ocrx_word' id='word_1_254' title='bbox 2357 820 2684 892; x_wconf 80' lang='lat' dir='ltr'><strong>potentiam</strong></span> <span class='ocrx_word' id='word_1_255' title='bbox 2715 825 3188 894; x_wconf 82' lang='lat' dir='ltr'><strong>potestatemque</strong></span> <span class='ocrx_word' id='word_1_256' title='bbox 3211 836 3540 890; x_wconf 82' lang='lat' dir='ltr'><strong>cognosco:</strong></span> <span class='ocrx_word' id='word_1_257' title='bbox 3609 863 3618 872; x_wconf 95' lang='lat'><em>.</em></span> 
     </span>
    </p>
   </div>
   <div class='ocr_carea' id='block_1_40' title="bbox 1891 907 3544 981">
    <p class='ocr_par' dir='ltr' id='par_1_40' title="bbox 1891 907 3544 981">
     <span class='ocr_line' id='line_1_41' title="bbox 1891 907 3544 981; baseline 0.002 -20"><span class='ocrx_word' id='word_1_258' title='bbox 1891 922 2012 979; x_wconf 92' lang='lat' dir='ltr'><strong>quo</strong></span> <span class='ocrx_word' id='word_1_259' title='bbox 2033 907 2092 962; x_wconf 87' lang='lat' dir='ltr'><strong>fit</strong></span> <span class='ocrx_word' id='word_1_260' title='bbox 2115 913 2178 963; x_wconf 93' lang='lat' dir='ltr'><strong>ut</strong></span> <span class='ocrx_word' id='word_1_261' title='bbox 2197 907 2393 980; x_wconf 88' lang='lat' dir='ltr'><strong>ipsam</strong></span> <span class='ocrx_word' id='word_1_262' title='bbox 2409 908 2734 979; x_wconf 84' lang='lat' dir='ltr'><strong>intelligam</strong></span> <span class='ocrx_word' id='word_1_263' title='bbox 2758 909 3126 981; x_wconf 90' lang='lat' dir='ltr'><strong>adoremque</strong></span> <span class='ocrx_word' id='word_1_264' title='bbox 3149 925 3337 965; x_wconf 88' lang='lat' dir='ltr'><strong>unum</strong></span> <span class='ocrx_word' id='word_1_265' title='bbox 3360 926 3431 965; x_wconf 91' lang='lat' dir='ltr'><strong>ac</strong></span> <span class='ocrx_word' id='word_1_266' title='bbox 3447 924 3544 964; x_wconf 90' lang='lat' dir='ltr'><strong>ve-</strong></span> 
     </span>
    </p>
   </div>
   <div class='ocr_carea' id='block_1_41' title="bbox 1891 997 3546 1070">
    <p class='ocr_par' dir='ltr' id='par_1_41' title="bbox 1891 997 3546 1070">
     <span class='ocr_line' id='line_1_42' title="bbox 1891 997 3546 1070; baseline 0.002 -20"><span class='ocrx_word' id='word_1_267' title='bbox 1891 1011 2026 1051; x_wconf 89' lang='lat' dir='ltr'><strong>rum</strong></span> <span class='ocrx_word' id='word_1_268' title='bbox 2045 997 2579 1070; x_wconf 87' lang='lat' dir='ltr'><strong>Deum,solumque</strong></span> <span class='ocrx_word' id='word_1_269' title='bbox 2597 999 2748 1054; x_wconf 91' lang='lat' dir='ltr'><strong>inter</strong></span> <span class='ocrx_word' id='word_1_270' title='bbox 2768 999 2974 1054; x_wconf 88' lang='lat' dir='ltr'><strong>omnia</strong></span> <span class='ocrx_word' id='word_1_271' title='bbox 2989 1015 3123 1070; x_wconf 73' lang='lat' dir='ltr'><strong>quae</strong></span> <span class='ocrx_word' id='word_1_272' title='bbox 3146 998 3546 1054; x_wconf 86' lang='lat' dir='ltr'><strong>exsistunttri-</strong></span> 
     </span>
    </p>
   </div>
   <div class='ocr_carea' id='block_1_42' title="bbox 1891 1083 3538 1160">
    <p class='ocr_par' dir='ltr' id='par_1_42' title="bbox 1891 1083 3538 1160">
     <span class='ocr_line' id='line_1_43' title="bbox 1891 1083 3538 1160; baseline 0.002 -22"><span class='ocrx_word' id='word_1_273' title='bbox 1891 1083 2120 1156; x_wconf 88' lang='lat' dir='ltr'><strong>pliciter</strong></span> <span class='ocrx_word' id='word_1_274' title='bbox 2145 1084 2568 1142; x_wconf 88' lang='lat' dir='ltr'><strong>indeﬁnibilem</strong></span> <span class='ocrx_word' id='word_1_275' title='bbox 2598 1103 2667 1142; x_wconf 91' lang='lat' dir='ltr'><strong>ac</strong></span> <span class='ocrx_word' id='word_1_276' title='bbox 2684 1103 2936 1160; x_wconf 81' lang='lat' dir='ltr'><strong>prorsus</strong></span> <span class='ocrx_word' id='word_1_277' title='bbox 2954 1088 3538 1159; x_wconf 86' lang='lat' dir='ltr'><strong>incomprehensum.</strong></span> 
     </span>
    </p>
   </div>
   <div class='ocr_carea' id='block_1_43' title="bbox 1892 1173 3538 1246">
    <p class='ocr_par' dir='ltr' id='par_1_43' title="bbox 1892 1173 3538 1246">
     <span class='ocr_line' id='line_1_44' title="bbox 1892 1173 3538 1246; baseline 0 -16"><span class='ocrx_word' id='word_1_278' title='bbox 1892 1176 2039 1230; x_wconf 90' lang='lat' dir='ltr'><strong>Cum</strong></span> <span class='ocrx_word' id='word_1_279' title='bbox 2073 1173 2251 1245; x_wconf 80' lang='lat' dir='ltr'><strong>igitur</strong></span> <span class='ocrx_word' id='word_1_280' title='bbox 2279 1177 2338 1230; x_wconf 93' lang='lat' dir='ltr'><strong>in</strong></span> <span class='ocrx_word' id='word_1_281' title='bbox 2373 1181 2485 1231; x_wconf 87' lang='lat' dir='ltr'><strong>tres</strong></span> <span class='ocrx_word' id='word_1_282' title='bbox 2519 1176 2721 1232; x_wconf 90' lang='lat' dir='ltr'><strong>divido</strong></span> <span class='ocrx_word' id='word_1_283' title='bbox 2769 1182 2825 1232; x_wconf 93' lang='lat' dir='ltr'><strong>et</strong></span> <span class='ocrx_word' id='word_1_284' title='bbox 2875 1177 2936 1232; x_wconf 92' lang='lat' dir='ltr'><strong>in</strong></span> <span class='ocrx_word' id='word_1_285' title='bbox 2970 1193 3160 1233; x_wconf 90' lang='lat' dir='ltr'><strong>unum</strong></span> <span class='ocrx_word' id='word_1_286' title='bbox 3213 1176 3538 1246; x_wconf 86' lang='lat' dir='ltr'><strong>conjungo,</strong></span> 
     </span>
    </p>
   </div>
   <div class='ocr_carea' id='block_1_44' title="bbox 1891 1263 3540 1340">
    <p class='ocr_par' dir='ltr' id='par_1_44' title="bbox 1891 1263 3540 1340">
     <span class='ocr_line' id='line_1_45' title="bbox 1891 1263 3540 1340; baseline 0.002 -23"><span class='ocrx_word' id='word_1_287' title='bbox 1891 1267 2006 1318; x_wconf 89' lang='lat' dir='ltr'><strong>tres</strong></span> <span class='ocrx_word' id='word_1_288' title='bbox 2036 1263 2094 1318; x_wconf 91' lang='lat' dir='ltr'><strong>in</strong></span> <span class='ocrx_word' id='word_1_289' title='bbox 2121 1265 2602 1337; x_wconf 78' lang='lat' dir='ltr'><strong>proprietatibus,</strong></span> <span class='ocrx_word' id='word_1_290' title='bbox 2634 1283 2822 1322; x_wconf 91' lang='lat' dir='ltr'><strong>unum</strong></span> <span class='ocrx_word' id='word_1_291' title='bbox 2853 1267 3138 1340; x_wconf 87' lang='lat' dir='ltr'><strong>potentia,</strong></span> <span class='ocrx_word' id='word_1_292' title='bbox 3173 1265 3540 1332; x_wconf 84' lang='lat' dir='ltr'><strong>auctoritate,</strong></span> 
     </span>
    </p>
   </div>
   <div class='ocr_carea' id='block_1_45' title="bbox 1889 1351 3544 1426">
    <p class='ocr_par' dir='ltr' id='par_1_45' title="bbox 1889 1351 3544 1426">
     <span class='ocr_line' id='line_1_46' title="bbox 1889 1351 3544 1426; baseline 0.001 -18"><span class='ocrx_word' id='word_1_293' title='bbox 1889 1351 2526 1422; x_wconf 84' lang='lat' dir='ltr'><strong>consubstantialitate,</strong></span> <span class='ocrx_word' id='word_1_294' title='bbox 2547 1359 2603 1409; x_wconf 91' lang='lat' dir='ltr'><strong>et</strong></span> <span class='ocrx_word' id='word_1_295' title='bbox 2631 1371 2702 1410; x_wconf 91' lang='lat' dir='ltr'><strong>ea</strong></span> <span class='ocrx_word' id='word_1_296' title='bbox 2731 1371 2866 1426; x_wconf 81' lang='lat' dir='ltr'><strong>quae</strong></span> <span class='ocrx_word' id='word_1_297' title='bbox 2894 1361 2980 1410; x_wconf 89' lang='lat' dir='ltr'><strong>est</strong></span> <span class='ocrx_word' id='word_1_298' title='bbox 3008 1361 3395 1410; x_wconf 90' lang='lat' dir='ltr'><strong>causatorum</strong></span> <span class='ocrx_word' id='word_1_299' title='bbox 3416 1369 3544 1409; x_wconf 90' lang='lat' dir='ltr'><strong>om-</strong></span> 
     </span>
    </p>
   </div>
   <div class='ocr_carea' id='block_1_46' title="bbox 1890 1441 3542 1516">
    <p class='ocr_par' dir='ltr' id='par_1_46' title="bbox 1890 1441 3542 1516">
     <span class='ocr_line' id='line_1_47' title="bbox 1890 1441 3542 1516; baseline 0.002 -21"><span class='ocrx_word' id='word_1_300' title='bbox 1890 1441 2057 1496; x_wconf 92' lang='lat' dir='ltr'><strong>nium</strong></span> <span class='ocrx_word' id='word_1_301' title='bbox 2081 1457 2216 1496; x_wconf 88' lang='lat' dir='ltr'><strong>cum</strong></span> <span class='ocrx_word' id='word_1_302' title='bbox 2236 1442 2430 1514; x_wconf 90' lang='lat' dir='ltr'><strong>prima</strong></span> <span class='ocrx_word' id='word_1_303' title='bbox 2453 1459 2636 1498; x_wconf 89' lang='lat' dir='ltr'><strong>causa</strong></span> <span class='ocrx_word' id='word_1_304' title='bbox 2662 1443 3083 1516; x_wconf 86' lang='lat' dir='ltr'><strong>dependentia,</strong></span> <span class='ocrx_word' id='word_1_305' title='bbox 3119 1442 3542 1499; x_wconf 89' lang='lat' dir='ltr'><strong>indissolubili-</strong></span> 
     </span>
    </p>
   </div>
   <div class='ocr_carea' id='block_1_47' title="bbox 1889 1529 3538 1603">
    <p class='ocr_par' dir='ltr' id='par_1_47' title="bbox 1889 1529 3538 1603">
     <span class='ocr_line' id='line_1_48' title="bbox 1889 1529 3538 1603; baseline 0 -18"><span class='ocrx_word' id='word_1_306' title='bbox 1889 1546 2008 1603; x_wconf 88' lang='lat' dir='ltr'><strong>que</strong></span> <span class='ocrx_word' id='word_1_307' title='bbox 2039 1529 2226 1602; x_wconf 89' lang='lat' dir='ltr'><strong>ipsius</strong></span> <span class='ocrx_word' id='word_1_308' title='bbox 2278 1531 2616 1600; x_wconf 88' lang='lat' dir='ltr'><strong>identitate;</strong></span> <span class='ocrx_word' id='word_1_309' title='bbox 2651 1532 2733 1586; x_wconf 91' lang='lat' dir='ltr'><strong>sic</strong></span> <span class='ocrx_word' id='word_1_310' title='bbox 2763 1531 3032 1600; x_wconf 84' lang='lat' dir='ltr'><strong>extollor,</strong></span> <span class='ocrx_word' id='word_1_311' title='bbox 3076 1537 3194 1588; x_wconf 90' lang='lat' dir='ltr'><strong>tam</strong></span> <span class='ocrx_word' id='word_1_312' title='bbox 3250 1531 3396 1587; x_wconf 85' lang='lat' dir='ltr'><strong>levis</strong></span> <span class='ocrx_word' id='word_1_313' title='bbox 3439 1531 3538 1602; x_wconf 85' lang='lat' dir='ltr'><strong>ﬁo,</strong></span> 
     </span>
    </p>
   </div>
   <div class='ocr_carea' id='block_1_48' title="bbox 1890 1617 3545 1692">
    <p class='ocr_par' dir='ltr' id='par_1_48' title="bbox 1890 1617 3545 1692">
     <span class='ocr_line' id='line_1_49' title="bbox 1890 1617 3545 1692; baseline 0.001 -18"><span class='ocrx_word' id='word_1_314' title='bbox 1890 1624 2015 1675; x_wconf 87' lang='lat' dir='ltr'><strong>tam</strong></span> <span class='ocrx_word' id='word_1_315' title='bbox 2041 1617 2388 1674; x_wconf 88' lang='lat' dir='ltr'><strong>mirabiliter</strong></span> <span class='ocrx_word' id='word_1_316' title='bbox 2412 1635 2650 1675; x_wconf 91' lang='lat' dir='ltr'><strong>sursum</strong></span> <span class='ocrx_word' id='word_1_317' title='bbox 2677 1635 2842 1692; x_wconf 89' lang='lat' dir='ltr'><strong>agor,</strong></span> <span class='ocrx_word' id='word_1_318' title='bbox 2887 1625 2946 1676; x_wconf 89' lang='lat' dir='ltr'><strong>ut</strong></span> <span class='ocrx_word' id='word_1_319' title='bbox 2992 1637 3064 1675; x_wconf 82' lang='lat' dir='ltr'><strong>ex</strong></span> <span class='ocrx_word' id='word_1_320' title='bbox 3123 1621 3192 1675; x_wconf 92' lang='lat' dir='ltr'><strong>iis</strong></span> <span class='ocrx_word' id='word_1_321' title='bbox 3251 1636 3388 1692; x_wconf 68' lang='lat' dir='ltr'><strong>quae</strong></span> <span class='ocrx_word' id='word_1_322' title='bbox 3416 1619 3545 1675; x_wconf 86' lang='lat' dir='ltr'><strong>istic</strong></span> 
     </span>
    </p>
   </div>
   <div class='ocr_carea' id='block_1_49' title="bbox 1891 1708 3546 1782">
    <p class='ocr_par' dir='ltr' id='par_1_49' title="bbox 1891 1708 3546 1782">
     <span class='ocr_line' id='line_1_50' title="bbox 1891 1708 3546 1782; baseline 0.001 -20"><span class='ocrx_word' id='word_1_323' title='bbox 1891 1715 2030 1764; x_wconf 89' lang='lat' dir='ltr'><strong>sunt</strong></span> <span class='ocrx_word' id='word_1_324' title='bbox 2057 1711 2218 1764; x_wconf 89' lang='lat' dir='ltr'><strong>totus</strong></span> <span class='ocrx_word' id='word_1_325' title='bbox 2250 1709 2611 1781; x_wconf 88' lang='lat' dir='ltr'><strong>suspendar,</strong></span> <span class='ocrx_word' id='word_1_326' title='bbox 2643 1714 2822 1782; x_wconf 89' lang='lat' dir='ltr'><strong>atque</strong></span> <span class='ocrx_word' id='word_1_327' title='bbox 2844 1709 2982 1765; x_wconf 89' lang='lat' dir='ltr'><strong>inde</strong></span> <span class='ocrx_word' id='word_1_328' title='bbox 3009 1709 3268 1765; x_wconf 87' lang='lat' dir='ltr'><strong>divinior</strong></span> <span class='ocrx_word' id='word_1_329' title='bbox 3287 1708 3546 1781; x_wconf 88' lang='lat' dir='ltr'><strong>splendi-</strong></span> 
     </span>
    </p>
   </div>
   <div class='ocr_carea' id='block_1_50' title="bbox 1818 1796 2788 1870">
    <p class='ocr_par' dir='ltr' id='par_1_50' title="bbox 1818 1796 2788 1870">
     <span class='ocr_line' id='line_1_51' title="bbox 1818 1796 2788 1870; baseline 0.002 -18"><span class='ocrx_word' id='word_1_330' title='bbox 1818 1813 1859 1868; x_wconf 74' lang='grc' dir='ltr'><strong>Β</strong></span> <span class='ocrx_word' id='word_1_331' title='bbox 1889 1796 2142 1869; x_wconf 89' lang='lat' dir='ltr'><strong>diorque</strong></span> <span class='ocrx_word' id='word_1_332' title='bbox 2171 1797 2320 1852; x_wconf 91' lang='lat' dir='ltr'><strong>mihi</strong></span> <span class='ocrx_word' id='word_1_333' title='bbox 2344 1797 2458 1870; x_wconf 89' lang='lat' dir='ltr'><strong>ipsi</strong></span> <span class='ocrx_word' id='word_1_334' title='bbox 2487 1797 2788 1854; x_wconf 86' lang='lat' dir='ltr'><strong>restituar.</strong></span> 
     </span>
    </p>
   </div>
   <div class='ocr_carea' id='block_1_51' title="bbox 1963 1903 3544 1978">
    <p class='ocr_par' dir='ltr' id='par_1_51' title="bbox 1963 1903 3544 1978">
     <span class='ocr_line' id='line_1_52' title="bbox 1963 1903 3544 1978; baseline 0 -18"><span class='ocrx_word' id='word_1_335' title='bbox 1963 1908 2048 1960; x_wconf 76' lang='grc'><strong>55.</strong></span> <span class='ocrx_word' id='word_1_336' title='bbox 2080 1903 2304 1960; x_wconf 85' lang='lat' dir='ltr'><strong>Fabula</strong></span> <span class='ocrx_word' id='word_1_337' title='bbox 2332 1909 2419 1960; x_wconf 90' lang='lat' dir='ltr'><strong>est</strong></span> <span class='ocrx_word' id='word_1_338' title='bbox 2444 1904 2922 1978; x_wconf 86' lang='lat' dir='ltr'><strong>ﬁgmentumque</strong></span> <span class='ocrx_word' id='word_1_339' title='bbox 2947 1905 3273 1977; x_wconf 89' lang='lat' dir='ltr'><strong>poeticum,</strong></span> <span class='ocrx_word' id='word_1_340' title='bbox 3298 1921 3404 1960; x_wconf 91' lang='lat' dir='ltr'><strong>seu</strong></span> <span class='ocrx_word' id='word_1_341' title='bbox 3433 1920 3544 1978; x_wconf 92' lang='lat' dir='ltr'><strong>po-</strong></span> 
     </span>
    </p>
   </div>
   <div class='ocr_carea' id='block_1_52' title="bbox 1888 1991 3543 2067">
    <p class='ocr_par' dir='ltr' id='par_1_52' title="bbox 1888 1991 3543 2067">
     <span class='ocr_line' id='line_1_53' title="bbox 1888 1991 3543 2067; baseline 0 -19"><span class='ocrx_word' id='word_1_342' title='bbox 1888 1991 2000 2048; x_wconf 88' lang='lat' dir='ltr'><strong>tius</strong></span> <span class='ocrx_word' id='word_1_343' title='bbox 2033 1993 2190 2050; x_wconf 88' lang='lat' dir='ltr'><strong>anile</strong></span> <span class='ocrx_word' id='word_1_344' title='bbox 2210 1998 2778 2066; x_wconf 90' lang='lat' dir='ltr'><strong>commentum,quo</strong></span> <span class='ocrx_word' id='word_1_345' title='bbox 2809 1993 3116 2067; x_wconf 73' lang='lat' dir='ltr'><strong>aequaliter</strong></span> <span class='ocrx_word' id='word_1_346' title='bbox 3135 1993 3274 2048; x_wconf 91' lang='lat' dir='ltr'><strong>hinc</strong></span> <span class='ocrx_word' id='word_1_347' title='bbox 3297 1993 3543 2065; x_wconf 89' lang='lat' dir='ltr'><strong>quidem</strong></span> 
     </span>
    </p>
   </div>
   <div class='ocr_carea' id='block_1_53' title="bbox 1887 2081 3540 2154">
    <p class='ocr_par' dir='ltr' id='par_1_53' title="bbox 1887 2081 3540 2154">
     <span class='ocr_line' id='line_1_54' title="bbox 1887 2081 3540 2154; baseline 0 -16"><span class='ocrx_word' id='word_1_348' title='bbox 1887 2081 2182 2152; x_wconf 83' lang='lat' dir='ltr'><strong>infantuli,</strong></span> <span class='ocrx_word' id='word_1_349' title='bbox 2228 2081 2368 2137; x_wconf 90' lang='lat' dir='ltr'><strong>inde</strong></span> <span class='ocrx_word' id='word_1_350' title='bbox 2429 2082 2662 2154; x_wconf 88' lang='lat' dir='ltr'><strong>pueruli</strong></span> <span class='ocrx_word' id='word_1_351' title='bbox 2729 2086 3172 2138; x_wconf 89' lang='lat' dir='ltr'><strong>consueverunt</strong></span> <span class='ocrx_word' id='word_1_352' title='bbox 3233 2081 3540 2154; x_wconf 88' lang='lat' dir='ltr'><strong>oblectari,</strong></span> 
     </span>
    </p>
   </div>
   <div class='ocr_carea' id='block_1_54' title="bbox 1887 2169 3543 2244">
    <p class='ocr_par' dir='ltr' id='par_1_54' title="bbox 1887 2169 3543 2244">
     <span class='ocr_line' id='line_1_55' title="bbox 1887 2169 3543 2244; baseline 0.001 -18"><span class='ocrx_word' id='word_1_353' title='bbox 1887 2169 2249 2228; x_wconf 86' lang='lat' dir='ltr'><strong>novitatibus</strong></span> <span class='ocrx_word' id='word_1_354' title='bbox 2289 2170 2604 2227; x_wconf 88' lang='lat' dir='ltr'><strong>audiendis</strong></span> <span class='ocrx_word' id='word_1_355' title='bbox 2655 2171 3024 2244; x_wconf 83' lang='lat' dir='ltr'><strong>gaudentes;</strong></span> <span class='ocrx_word' id='word_1_356' title='bbox 3069 2171 3274 2228; x_wconf 83' lang='lat' dir='ltr'><strong>fabula</strong></span> <span class='ocrx_word' id='word_1_357' title='bbox 3312 2176 3420 2240; x_wconf 88' lang='lat' dir='ltr'><strong>est,</strong></span> <span class='ocrx_word' id='word_1_358' title='bbox 3451 2171 3543 2227; x_wconf 88' lang='lat' dir='ltr'><strong>in-</strong></span> 
     </span>
    </p>
   </div>
   <div class='ocr_carea' id='block_1_55' title="bbox 1887 2258 3544 2332">
    <p class='ocr_par' dir='ltr' id='par_1_55' title="bbox 1887 2258 3544 2332">
     <span class='ocr_line' id='line_1_56' title="bbox 1887 2258 3544 2332; baseline 0.001 -18"><span class='ocrx_word' id='word_1_359' title='bbox 1887 2271 2092 2330; x_wconf 88' lang='lat' dir='ltr'><strong>quam,</strong></span> <span class='ocrx_word' id='word_1_360' title='bbox 2119 2275 2242 2332; x_wconf 86' lang='lat' dir='ltr'><strong>qua</strong></span> <span class='ocrx_word' id='word_1_361' title='bbox 2270 2258 2484 2314; x_wconf 91' lang='lat' dir='ltr'><strong>dicitur</strong></span> <span class='ocrx_word' id='word_1_362' title='bbox 2506 2259 2593 2315; x_wconf 92' lang='lat' dir='ltr'><strong>sol</strong></span> <span class='ocrx_word' id='word_1_363' title='bbox 2624 2259 2684 2315; x_wconf 88' lang='lat' dir='ltr'><strong>in</strong></span> <span class='ocrx_word' id='word_1_364' title='bbox 2738 2275 3034 2316; x_wconf 90' lang='lat' dir='ltr'><strong>oceanum</strong></span> <span class='ocrx_word' id='word_1_365' title='bbox 3079 2259 3288 2329; x_wconf 82' lang='lat' dir='ltr'><strong>mergi,</strong></span> <span class='ocrx_word' id='word_1_366' title='bbox 3340 2259 3544 2332; x_wconf 89' lang='lat' dir='ltr'><strong>ibique</strong></span> 
     </span>
    </p>
   </div>
   <div class='ocr_carea' id='block_1_56' title="bbox 1888 2347 3545 2420">
    <p class='ocr_par' dir='ltr' id='par_1_56' title="bbox 1888 2347 3545 2420">
     <span class='ocr_line' id='line_1_57' title="bbox 1888 2347 3545 2420; baseline 0.001 -17"><span class='ocrx_word' id='word_1_367' title='bbox 1888 2348 2128 2404; x_wconf 88' lang='lat' dir='ltr'><strong>ablutus</strong></span> <span class='ocrx_word' id='word_1_368' title='bbox 2156 2347 2438 2405; x_wconf 88' lang='lat' dir='ltr'><strong>illustrior</strong></span> <span class='ocrx_word' id='word_1_369' title='bbox 2467 2364 2796 2420; x_wconf 89' lang='lat' dir='ltr'><strong>resurgere.</strong></span> <span class='ocrx_word' id='word_1_370' title='bbox 2829 2352 2898 2404; x_wconf 91' lang='lat' dir='ltr'><strong>Ut</strong></span> <span class='ocrx_word' id='word_1_371' title='bbox 2927 2354 3128 2405; x_wconf 90' lang='lat' dir='ltr'><strong>tamen</strong></span> <span class='ocrx_word' id='word_1_372' title='bbox 3175 2349 3305 2405; x_wconf 61' lang='lat' dir='ltr'><strong>haec</strong></span> <span class='ocrx_word' id='word_1_373' title='bbox 3355 2349 3434 2404; x_wconf 69' lang='lat' dir='ltr'><strong>&#39;sit</strong></span> <span class='ocrx_word' id='word_1_374' title='bbox 3461 2348 3545 2404; x_wconf 85' lang='lat' dir='ltr'><strong>fa-</strong></span> 
     </span>
    </p>
   </div>
   <div class='ocr_carea' id='block_1_57' title="bbox 1888 2437 3547 2512">
    <p class='ocr_par' dir='ltr' id='par_1_57' title="bbox 1888 2437 3547 2512">
     <span class='ocr_line' id='line_1_58' title="bbox 1888 2437 3547 2512; baseline 0.001 -20"><span class='ocrx_word' id='word_1_375' title='bbox 1888 2437 2053 2507; x_wconf 88' lang='lat' dir='ltr'><strong>bula,</strong></span> <span class='ocrx_word' id='word_1_376' title='bbox 2080 2437 2224 2494; x_wconf 91' lang='lat' dir='ltr'><strong>olim</strong></span> <span class='ocrx_word' id='word_1_377' title='bbox 2252 2437 2568 2506; x_wconf 89' lang='lat' dir='ltr'><strong>celebrata,</strong></span> <span class='ocrx_word' id='word_1_378' title='bbox 2601 2455 2762 2495; x_wconf 90' lang='lat' dir='ltr'><strong>nunc</strong></span> <span class='ocrx_word' id='word_1_379' title='bbox 2796 2437 3211 2512; x_wconf 84' lang='lat' dir='ltr'><strong>explodenda:</strong></span> <span class='ocrx_word' id='word_1_380' title='bbox 3245 2438 3351 2511; x_wconf 92' lang='lat' dir='ltr'><strong>qui</strong></span> <span class='ocrx_word' id='word_1_381' title='bbox 3400 2438 3547 2493; x_wconf 87' lang='lat' dir='ltr'><strong>vivi-</strong></span> 
     </span>
    </p>
   </div>
   <div class='ocr_carea' id='block_1_58' title="bbox 1888 2525 3545 2600">
    <p class='ocr_par' dir='ltr' id='par_1_58' title="bbox 1888 2525 3545 2600">
     <span class='ocr_line' id='line_1_59' title="bbox 1888 2525 3545 2600; baseline 0.002 -19"><span class='ocrx_word' id='word_1_382' title='bbox 1888 2525 2012 2582; x_wconf 88' lang='lat' dir='ltr'><strong>ﬂuo</strong></span> <span class='ocrx_word' id='word_1_383' title='bbox 2039 2527 2132 2582; x_wconf 90' lang='lat' dir='ltr'><strong>isti</strong></span> <span class='ocrx_word' id='word_1_384' title='bbox 2159 2526 2326 2598; x_wconf 88' lang='lat' dir='ltr'><strong>fonti,</strong></span> <span class='ocrx_word' id='word_1_385' title='bbox 2360 2533 2464 2584; x_wconf 89' lang='lat' dir='ltr'><strong>aut</strong></span> <span class='ocrx_word' id='word_1_386' title='bbox 2495 2528 2693 2600; x_wconf 91' lang='lat' dir='ltr'><strong>potius</strong></span> <span class='ocrx_word' id='word_1_387' title='bbox 2720 2527 3149 2600; x_wconf 84' lang='lat' dir='ltr'><strong>inenavigabili</strong></span> <span class='ocrx_word' id='word_1_388' title='bbox 3197 2543 3545 2585; x_wconf 89' lang='lat' dir='ltr'><strong>sermonum</strong></span> 
     </span>
    </p>
   </div>
   <div class='ocr_carea' id='block_1_59' title="bbox 1890 2615 3546 2688">
    <p class='ocr_par' dir='ltr' id='par_1_59' title="bbox 1890 2615 3546 2688">
     <span class='ocr_line' id='line_1_60' title="bbox 1890 2615 3546 2688; baseline 0.001 -18"><span class='ocrx_word' id='word_1_389' title='bbox 1890 2615 2107 2688; x_wconf 88' lang='lat' dir='ltr'><strong>pelago</strong></span> <span class='ocrx_word' id='word_1_390' title='bbox 2136 2621 2193 2672; x_wconf 87' lang='lat' dir='ltr'><strong>et</strong></span> <span class='ocrx_word' id='word_1_391' title='bbox 2219 2615 2659 2688; x_wconf 87' lang='lat' dir='ltr'><strong>impenetrabili</strong></span> <span class='ocrx_word' id='word_1_392' title='bbox 2691 2615 2997 2688; x_wconf 75' lang='lat' dir='ltr'><strong>sapientiae</strong></span> <span class='ocrx_word' id='word_1_393' title='bbox 3029 2616 3332 2688; x_wconf 82' lang='lat' dir='ltr'><strong>profundo</strong></span> <span class='ocrx_word' id='word_1_394' title='bbox 3354 2634 3416 2672; x_wconf 90' lang='lat' dir='ltr'><strong>se</strong></span> <span class='ocrx_word' id='word_1_395' title='bbox 3437 2616 3546 2672; x_wconf 52' lang='lat' dir='ltr'><strong>im.</strong></span> 
     </span>
    </p>
   </div>
   <div class='ocr_carea' id='block_1_60' title="bbox 1891 2702 3544 2778">
    <p class='ocr_par' dir='ltr' id='par_1_60' title="bbox 1891 2702 3544 2778">
     <span class='ocr_line' id='line_1_61' title="bbox 1891 2702 3544 2778; baseline 0.001 -19"><span class='ocrx_word' id='word_1_396' title='bbox 1891 2703 2176 2770; x_wconf 89' lang='lat' dir='ltr'><strong>merserit,</strong></span> <span class='ocrx_word' id='word_1_397' title='bbox 2204 2702 2332 2759; x_wconf 86' lang='lat' dir='ltr'><strong>ﬁeri</strong></span> <span class='ocrx_word' id='word_1_398' title='bbox 2352 2718 2474 2759; x_wconf 91' lang='lat' dir='ltr'><strong>non</strong></span> <span class='ocrx_word' id='word_1_399' title='bbox 2503 2709 2714 2776; x_wconf 87' lang='lat' dir='ltr'><strong>potest,</strong></span> <span class='ocrx_word' id='word_1_400' title='bbox 2740 2708 3304 2778; x_wconf 88' lang='lat' dir='ltr'><strong>quantumcumque</strong></span> <span class='ocrx_word' id='word_1_401' title='bbox 3326 2719 3544 2776; x_wconf 88' lang='lat' dir='ltr'><strong>parum</strong></span> 
     </span>
    </p>
   </div>
   <div class='ocr_carea' id='block_1_61' title="bbox 1889 2790 3545 2866">
    <p class='ocr_par' dir='ltr' id='par_1_61' title="bbox 1889 2790 3545 2866">
     <span class='ocr_line' id='line_1_62' title="bbox 1889 2790 3545 2866; baseline 0.002 -20"><span class='ocrx_word' id='word_1_402' title='bbox 1889 2791 2020 2864; x_wconf 90' lang='lat' dir='ltr'><strong>ipse</strong></span> <span class='ocrx_word' id='word_1_403' title='bbox 2042 2790 2333 2858; x_wconf 89' lang='lat' dir='ltr'><strong>scintillet,</strong></span> <span class='ocrx_word' id='word_1_404' title='bbox 2371 2797 2659 2864; x_wconf 79' lang='lat' dir='ltr'><strong>tanquam</strong></span> <span class='ocrx_word' id='word_1_405' title='bbox 2699 2792 2918 2863; x_wconf 85' lang='lat' dir='ltr'><strong>exigua</strong></span> <span class='ocrx_word' id='word_1_406' title='bbox 2948 2797 3128 2866; x_wconf 87' lang='lat' dir='ltr'><strong>atque</strong></span> <span class='ocrx_word' id='word_1_407' title='bbox 3150 2793 3545 2865; x_wconf 88' lang='lat' dir='ltr'><strong>inconspicua</strong></span> 
     </span>
    </p>
   </div>
   <div class='ocr_carea' id='block_1_62' title="bbox 1891 2880 3542 2953">
    <p class='ocr_par' dir='ltr' id='par_1_62' title="bbox 1891 2880 3542 2953">
     <span class='ocr_line' id='line_1_63' title="bbox 1891 2880 3542 2953; baseline 0.001 -19"><span class='ocrx_word' id='word_1_408' title='bbox 1891 2880 2139 2946; x_wconf 89' lang='lat' dir='ltr'><strong>stellula,</strong></span> <span class='ocrx_word' id='word_1_409' title='bbox 2161 2881 2306 2953; x_wconf 90' lang='lat' dir='ltr'><strong>quin</strong></span> <span class='ocrx_word' id='word_1_410' title='bbox 2341 2880 2530 2937; x_wconf 85' lang='lat' dir='ltr'><strong>instar</strong></span> <span class='ocrx_word' id='word_1_411' title='bbox 2551 2881 2758 2952; x_wconf 88' lang='lat' dir='ltr'><strong>magni</strong></span> <span class='ocrx_word' id='word_1_412' title='bbox 2786 2881 2968 2952; x_wconf 89' lang='lat' dir='ltr'><strong>hujus</strong></span> <span class='ocrx_word' id='word_1_413' title='bbox 2994 2881 3136 2937; x_wconf 91' lang='lat' dir='ltr'><strong>solis</strong></span> <span class='ocrx_word' id='word_1_414' title='bbox 3166 2881 3367 2937; x_wconf 88' lang='lat' dir='ltr'><strong>radios</strong></span> <span class='ocrx_word' id='word_1_415' title='bbox 3398 2896 3542 2936; x_wconf 88' lang='lat' dir='ltr'><strong>suos</strong></span> 
     </span>
    </p>
   </div>
   <div class='ocr_carea' id='block_1_63' title="bbox 1888 2967 3542 3041">
    <p class='ocr_par' dir='ltr' id='par_1_63' title="bbox 1888 2967 3542 3041">
     <span class='ocr_line' id='line_1_64' title="bbox 1888 2967 3542 3041; baseline -0.001 -17"><span class='ocrx_word' id='word_1_416' title='bbox 1888 2967 2186 3025; x_wconf 75' lang='lat' dir='ltr'><strong>diffundat</strong></span> <span class='ocrx_word' id='word_1_417' title='bbox 2215 2973 2396 3041; x_wconf 87' lang='lat' dir='ltr'><strong>atque</strong></span> <span class='ocrx_word' id='word_1_418' title='bbox 2443 2973 2707 3024; x_wconf 83' lang='lat' dir='ltr'><strong>extrema</strong></span> <span class='ocrx_word' id='word_1_419' title='bbox 2739 2985 2997 3041; x_wconf 68' lang='lat' dir='ltr'><strong>quaeque</strong></span> <span class='ocrx_word' id='word_1_420' title='bbox 3037 2967 3362 3039; x_wconf 87' lang='lat' dir='ltr'><strong>collustret,</strong></span> <span class='ocrx_word' id='word_1_421' title='bbox 3409 2972 3542 3024; x_wconf 87' lang='lat' dir='ltr'><strong>tan-</strong></span> 
     </span>
    </p>
   </div>
   <div class='ocr_carea' id='block_1_64' title="bbox 1886 3057 3540 3132">
    <p class='ocr_par' dir='ltr' id='par_1_64' title="bbox 1886 3057 3540 3132">
     <span class='ocr_line' id='line_1_65' title="bbox 1886 3057 3540 3132; baseline -0.001 -19"><span class='ocrx_word' id='word_1_422' title='bbox 1886 3074 2074 3132; x_wconf 89' lang='lat' dir='ltr'><strong>quam</strong></span> <span class='ocrx_word' id='word_1_423' title='bbox 2105 3073 2142 3114; x_wconf 87' lang='lat' dir='ltr'><strong>a</strong></span> <span class='ocrx_word' id='word_1_424' title='bbox 2179 3057 2433 3112; x_wconf 87' lang='lat' dir='ltr'><strong>summis</strong></span> <span class='ocrx_word' id='word_1_425' title='bbox 2464 3057 2543 3112; x_wconf 91' lang='lat' dir='ltr'><strong>ad</strong></span> <span class='ocrx_word' id='word_1_426' title='bbox 2574 3073 2814 3112; x_wconf 87' lang='lat' dir='ltr'><strong>summa</strong></span> <span class='ocrx_word' id='word_1_427' title='bbox 2851 3072 3212 3129; x_wconf 88' lang='lat' dir='ltr'><strong>procurrens</strong></span> <span class='ocrx_word' id='word_1_428' title='bbox 3251 3061 3308 3112; x_wconf 87' lang='lat' dir='ltr'><strong>et</strong></span> <span class='ocrx_word' id='word_1_429' title='bbox 3340 3057 3540 3128; x_wconf 84' lang='lat' dir='ltr'><strong>splen-</strong></span> 
     </span>
    </p>
   </div>
   <div class='ocr_carea' id='block_1_65' title="bbox 179 3143 1781 3221">
    <p class='ocr_par' dir='ltr' id='par_1_65' title="bbox 179 3144 1778 3221">
     <span class='ocr_line' id='line_1_66' title="bbox 179 3144 1778 3221; baseline 0.004 -27"><span class='ocrx_word' id='word_1_430' title='bbox 179 3161 308 3202; x_wconf 82' lang='grc' dir='ltr'>τινες</span> <span class='ocrx_word' id='word_1_431' title='bbox 367 3145 416 3195; x_wconf 86' lang='grc' dir='ltr'>οἱ</span> <span class='ocrx_word' id='word_1_432' title='bbox 470 3144 570 3216; x_wconf 81' lang='grc' dir='ltr'><strong>πρὸ</strong></span> <span class='ocrx_word' id='word_1_433' title='bbox 625 3147 810 3195; x_wconf 80' lang='grc' dir='ltr'>τοὺτου</span> <span class='ocrx_word' id='word_1_434' title='bbox 857 3149 946 3196; x_wconf 79' lang='grc' dir='ltr'><strong>καί</strong></span> <span class='ocrx_word' id='word_1_435' title='bbox 992 3146 1123 3217; x_wconf 78' lang='grc' dir='ltr'>μετά</span> <span class='ocrx_word' id='word_1_436' title='bbox 1169 3153 1349 3198; x_wconf 84' lang='grc' dir='ltr'>τοῦτον</span> <span class='ocrx_word' id='word_1_437' title='bbox 1424 3145 1778 3221; x_wconf 68' lang='grc' dir='ltr'>ἐκλάμψαντες</span> 
     </span>
    </p>
   </div>
   <div class='ocr_carea' id='block_1_66' title="bbox 1892 3143 3545 3221">
    <p class='ocr_par' dir='ltr' id='par_1_66' title="bbox 1892 3143 3545 3216">
     <span class='ocr_line' id='line_1_67' title="bbox 1892 3143 3545 3216; baseline -0.001 -15"><span class='ocrx_word' id='word_1_438' title='bbox 1892 3145 2031 3201; x_wconf 87' lang='lat' dir='ltr'><strong>dore</strong></span> <span class='ocrx_word' id='word_1_439' title='bbox 2062 3161 2172 3200; x_wconf 91' lang='lat' dir='ltr'><strong>suo</strong></span> <span class='ocrx_word' id='word_1_440' title='bbox 2210 3145 2388 3200; x_wconf 92' lang='lat' dir='ltr'><strong>simul</strong></span> <span class='ocrx_word' id='word_1_441' title='bbox 2435 3145 2642 3200; x_wconf 90' lang='lat' dir='ltr'><strong>omnia</strong></span> <span class='ocrx_word' id='word_1_442' title='bbox 2677 3143 2917 3216; x_wconf 90' lang='lat' dir='ltr'><strong>replens</strong></span> <span class='ocrx_word' id='word_1_443' title='bbox 2957 3161 2970 3199; x_wconf 92' lang='lat'><strong>:</strong></span> <span class='ocrx_word' id='word_1_444' title='bbox 3003 3143 3213 3216; x_wconf 90' lang='lat' dir='ltr'><strong>quales</strong></span> <span class='ocrx_word' id='word_1_445' title='bbox 3268 3143 3545 3200; x_wconf 84' lang='lat' dir='ltr'><strong>nonnulli</strong></span> 
     </span>
    </p>
   </div>
   <div class='ocr_carea' id='block_1_67' title="bbox 181 3233 1776 3310">
    <p class='ocr_par' dir='ltr' id='par_1_67' title="bbox 181 3233 1776 3310">
     <span class='ocr_line' id='line_1_68' title="bbox 181 3233 1776 3310; baseline 0.004 -28"><span class='ocrx_word' id='word_1_446' title='bbox 181 3238 450 3303; x_wconf 77' lang='grc' dir='ltr'>φωστῆρες</span> <span class='ocrx_word' id='word_1_447' title='bbox 503 3235 850 3305; x_wconf 81' lang='grc' dir='ltr'>παγκὸσμιοι,</span> <span class='ocrx_word' id='word_1_448' title='bbox 894 3238 988 3292; x_wconf 75' lang='grc' dir='ltr'>τήν</span> <span class='ocrx_word' id='word_1_449' title='bbox 1067 3233 1368 3308; x_wconf 70' lang='grc' dir='ltr'>οἰκουμένην</span> <span class='ocrx_word' id='word_1_450' title='bbox 1451 3236 1776 3310; x_wconf 75' lang='grc' dir='ltr'>λαμπρὺνανο</span> 
     </span>
    </p>
   </div>
   <div class='ocr_carea' id='block_1_68' title="bbox 178 3319 1777 3397">
    <p class='ocr_par' dir='ltr' id='par_1_68' title="bbox 178 3319 1777 3397">
     <span class='ocr_line' id='line_1_69' title="bbox 178 3319 1777 3397; baseline 0.004 -25"><span class='ocrx_word' id='word_1_451' title='bbox 178 3339 282 3390; x_wconf 82' lang='grc' dir='ltr'>τες,</span> <span class='ocrx_word' id='word_1_452' title='bbox 317 3319 583 3373; x_wconf 80' lang='grc' dir='ltr'>Βασὶλειὸν</span> <span class='ocrx_word' id='word_1_453' title='bbox 627 3341 760 3395; x_wconf 80' lang='grc' dir='ltr'>φημι</span> <span class='ocrx_word' id='word_1_454' title='bbox 815 3327 902 3374; x_wconf 82' lang='grc' dir='ltr'>καί</span> <span class='ocrx_word' id='word_1_455' title='bbox 952 3326 1238 3397; x_wconf 89' lang='grc' dir='ltr'>Γρηγὸριον</span> <span class='ocrx_word' id='word_1_456' title='bbox 1290 3326 1411 3386; x_wconf 80' lang='grc' dir='ltr'>τούς</span> <span class='ocrx_word' id='word_1_457' title='bbox 1463 3323 1777 3391; x_wconf 82' lang='grc' dir='ltr'>άκλονὴτους</span> 
     </span>
    </p>
   </div>
   <div class='ocr_carea' id='block_1_69' title="bbox 177 3409 1776 3490">
    <p class='ocr_par' dir='ltr' id='par_1_69' title="bbox 177 3409 1776 3490">
     <span class='ocr_line' id='line_1_70' title="bbox 177 3409 1776 3490; baseline 0.006 -30"><span class='ocrx_word' id='word_1_458' title='bbox 177 3418 274 3471; x_wconf 73' lang='grc' dir='ltr'>τῆς</span> <span class='ocrx_word' id='word_1_459' title='bbox 315 3409 576 3472; x_wconf 74' lang='grc' dir='ltr'>εὐσεϐεἱας</span> <span class='ocrx_word' id='word_1_460' title='bbox 626 3409 924 3484; x_wconf 76' lang='grc' dir='ltr'>προϐόλους,</span> <span class='ocrx_word' id='word_1_461' title='bbox 977 3414 1100 3473; x_wconf 78' lang='grc' dir='ltr'><strong>τούς</strong></span> <span class='ocrx_word' id='word_1_462' title='bbox 1150 3412 1390 3490; x_wconf 78' lang='grc' dir='ltr'>στεῤῥούς</span> <span class='ocrx_word' id='word_1_463' title='bbox 1424 3421 1518 3476; x_wconf 90' lang='grc' dir='ltr'><strong>τῆς</strong></span> <span class='ocrx_word' id='word_1_464' title='bbox 1566 3415 1776 3474; x_wconf 81' lang='grc' dir='ltr'>Ἐκκλη-</span> 
     </span>
    </p>
   </div>
   <div class='ocr_carea' id='block_1_70' title="bbox 182 3498 1772 3577">
    <p class='ocr_par' dir='ltr' id='par_1_70' title="bbox 182 3498 1772 3577">
     <span class='ocr_line' id='line_1_71' title="bbox 182 3498 1772 3577; baseline 0.004 -26"><span class='ocrx_word' id='word_1_465' title='bbox 182 3505 300 3559; x_wconf 79' lang='grc' dir='ltr'><strong>σὶας</strong></span> <span class='ocrx_word' id='word_1_466' title='bbox 362 3499 658 3572; x_wconf 70' lang='grc' dir='ltr'>θεμὶθλους,</span> <span class='ocrx_word' id='word_1_467' title='bbox 714 3502 809 3563; x_wconf 81' lang='grc' dir='ltr'><strong>τάς</strong></span> <span class='ocrx_word' id='word_1_468' title='bbox 865 3498 1252 3577; x_wconf 74' lang='grc' dir='ltr'>ἆρῥαγεστάτας</span> <span class='ocrx_word' id='word_1_469' title='bbox 1307 3500 1488 3574; x_wconf 81' lang='grc' dir='ltr'>βάσεις</span> <span class='ocrx_word' id='word_1_470' title='bbox 1544 3513 1636 3566; x_wconf 87' lang='grc' dir='ltr'><strong>τῆς</strong></span> <span class='ocrx_word' id='word_1_471' title='bbox 1694 3511 1772 3558; x_wconf 83' lang='grc' dir='ltr'><strong>πι-</strong></span> 
     </span>
    </p>
   </div>
   <div class='ocr_carea' id='block_1_71' title="bbox 181 3585 1773 3662">
    <p class='ocr_par' dir='ltr' id='par_1_71' title="bbox 181 3585 1773 3662">
     <span class='ocr_line' id='line_1_72' title="bbox 181 3585 1773 3662; baseline 0.003 -20"><span class='ocrx_word' id='word_1_472' title='bbox 181 3609 346 3651; x_wconf 81' lang='grc' dir='ltr'>στεως</span> <span class='ocrx_word' id='word_1_473' title='bbox 395 3589 586 3659; x_wconf 81' lang='grc' dir='ltr'>(ταῦτα</span> <span class='ocrx_word' id='word_1_474' title='bbox 636 3593 733 3662; x_wconf 80' lang='grc' dir='ltr'><strong>γάρ</strong></span> <span class='ocrx_word' id='word_1_475' title='bbox 785 3585 926 3643; x_wconf 80' lang='grc' dir='ltr'>οὗτοι</span> <span class='ocrx_word' id='word_1_476' title='bbox 991 3593 1162 3644; x_wconf 84' lang='grc' dir='ltr'>πάντα</span> <span class='ocrx_word' id='word_1_477' title='bbox 1234 3589 1450 3653; x_wconf 82' lang='grc' dir='ltr'>δεόντως</span> <span class='ocrx_word' id='word_1_478' title='bbox 1522 3592 1773 3659; x_wconf 80' lang='grc' dir='ltr'>ἀκούοιεν,</span> 
     </span>
    </p>
   </div>
   <div class='ocr_carea' id='block_1_72' title="bbox 180 3674 1777 3754">
    <p class='ocr_par' dir='ltr' id='par_1_72' title="bbox 180 3674 1777 3754">
     <span class='ocr_line' id='line_1_73' title="bbox 180 3674 1777 3754; baseline 0.004 -25"><span class='ocrx_word' id='word_1_479' title='bbox 180 3681 330 3751; x_wconf 86' lang='grc' dir='ltr'>τάχα</span> <span class='ocrx_word' id='word_1_480' title='bbox 355 3674 414 3730; x_wconf 72' lang='grc' dir='ltr'><strong>δέ</strong></span> <span class='ocrx_word' id='word_1_481' title='bbox 443 3683 533 3729; x_wconf 82' lang='grc' dir='ltr'>καί</span> <span class='ocrx_word' id='word_1_482' title='bbox 584 3680 648 3730; x_wconf 77' lang='grc' dir='ltr'><strong>τά</strong></span> <span class='ocrx_word' id='word_1_483' title='bbox 695 3680 820 3752; x_wconf 82' lang='grc' dir='ltr'>ὑπέρ</span> <span class='ocrx_word' id='word_1_484' title='bbox 881 3687 1046 3732; x_wconf 82' lang='grc' dir='ltr'>ταῦτα</span> <span class='ocrx_word' id='word_1_485' title='bbox 1096 3682 1426 3744; x_wconf 82' lang='grc' dir='ltr'><strong>καθηκόντως</strong></span> <span class='ocrx_word' id='word_1_486' title='bbox 1479 3682 1608 3754; x_wconf 79' lang='grc' dir='ltr'>ἄγαν</span> <span class='ocrx_word' id='word_1_487' title='bbox 1656 3704 1777 3736; x_wconf 70' lang='grc' dir='ltr'>κατι-</span> 
     </span>
    </p>
   </div>
   <div class='ocr_carea' id='block_1_73' title="bbox 179 3763 1776 3843">
    <p class='ocr_par' dir='ltr' id='par_1_73' title="bbox 179 3763 1776 3843">
     <span class='ocr_line' id='line_1_74' title="bbox 179 3763 1776 3843; baseline 0.003 -23"><span class='ocrx_word' id='word_1_488' title='bbox 179 3766 560 3841; x_wconf 82' lang='grc' dir='ltr'>ονομάζοιντο)·</span> <span class='ocrx_word' id='word_1_489' title='bbox 618 3771 744 3842; x_wconf 82' lang='grc' dir='ltr'>πρὸς</span> <span class='ocrx_word' id='word_1_490' title='bbox 800 3763 862 3820; x_wconf 80' lang='grc' dir='ltr'><strong>δέ</strong></span> <span class='ocrx_word' id='word_1_491' title='bbox 939 3772 1141 3831; x_wconf 74' lang='grc' dir='ltr'>τούτοις</span> <span class='ocrx_word' id='word_1_492' title='bbox 1215 3775 1304 3820; x_wconf 84' lang='grc' dir='ltr'>καί</span> <span class='ocrx_word' id='word_1_493' title='bbox 1377 3773 1508 3843; x_wconf 79' lang='grc' dir='ltr'>μετά</span> <span class='ocrx_word' id='word_1_494' title='bbox 1581 3777 1776 3824; x_wconf 72' lang='grc' dir='ltr'>τούτων</span> 
     </span>
    </p>
   </div>
   <div class='ocr_carea' id='block_1_74' title="bbox 179 3855 1776 3934">
    <p class='ocr_par' dir='ltr' id='par_1_74' title="bbox 179 3855 1776 3934">
     <span class='ocr_line' id='line_1_75' title="bbox 179 3855 1776 3934; baseline 0.003 -26"><span class='ocrx_word' id='word_1_495' title='bbox 179 3855 423 3915; x_wconf 85' lang='grc' dir='ltr'>Ἰωάννην</span> <span class='ocrx_word' id='word_1_496' title='bbox 462 3860 568 3922; x_wconf 86' lang='grc' dir='ltr'>τόν,</span> <span class='ocrx_word' id='word_1_497' title='bbox 618 3861 711 3914; x_wconf 82' lang='grc' dir='ltr'>τήν</span> <span class='ocrx_word' id='word_1_498' title='bbox 762 3855 991 3928; x_wconf 86' lang='grc' dir='ltr'>γλῶτταν</span> <span class='ocrx_word' id='word_1_499' title='bbox 1051 3865 1312 3933; x_wconf 83' lang='grc' dir='ltr'><strong>χρυσοῦν,</strong></span> <span class='ocrx_word' id='word_1_500' title='bbox 1364 3864 1453 3912; x_wconf 83' lang='grc' dir='ltr'><strong>του</strong></span> <span class='ocrx_word' id='word_1_501' title='bbox 1507 3861 1776 3934; x_wconf 73' lang='grc' dir='ltr'>ὁμώνυμον</span> 
     </span>
    </p>
   </div>
   <div class='ocr_carea' id='block_1_75' title="bbox 177 3945 1778 4018">
    <p class='ocr_par' dir='ltr' id='par_1_75' title="bbox 177 3945 1778 4018">
     <span class='ocr_line' id='line_1_76' title="bbox 177 3945 1778 4018; baseline 0.002 -20"><span class='ocrx_word' id='word_1_502' title='bbox 177 3947 371 4016; x_wconf 76' lang='grc' dir='ltr'>τουτῳὶ</span> <span class='ocrx_word' id='word_1_503' title='bbox 393 3950 484 3997; x_wconf 84' lang='grc' dir='ltr'>καί</span> <span class='ocrx_word' id='word_1_504' title='bbox 509 3945 848 4018; x_wconf 81' lang='grc' dir='ltr'>ὁμὸυτροπον,</span> <span class='ocrx_word' id='word_1_505' title='bbox 893 3951 982 3998; x_wconf 88' lang='grc' dir='ltr'><strong>καί</strong></span> <span class='ocrx_word' id='word_1_506' title='bbox 1024 3954 1132 4008; x_wconf 79' lang='grc' dir='ltr'>τοῖς</span> <span class='ocrx_word' id='word_1_507' title='bbox 1189 3954 1322 3999; x_wconf 85' lang='grc' dir='ltr'>πᾶσι</span> <span class='ocrx_word' id='word_1_508' title='bbox 1370 3951 1536 4007; x_wconf 86' lang='grc' dir='ltr'>πάντη</span> <span class='ocrx_word' id='word_1_509' title='bbox 1591 3949 1778 4001; x_wconf 70' lang='grc' dir='ltr'>κατάλσ</span> 
     </span>
    </p>
   </div>
   <div class='ocr_carea' id='block_1_76' title="bbox 173 4031 1774 4112">
    <p class='ocr_par' dir='ltr' id='par_1_76' title="bbox 173 4031 1774 4112">
     <span class='ocr_line' id='line_1_77' title="bbox 173 4031 1774 4112; baseline 0.002 -24"><span class='ocrx_word' id='word_1_510' title='bbox 173 4035 352 4093; x_wconf 78' lang='grc' dir='ltr'>λη).ονο</span> <span class='ocrx_word' id='word_1_511' title='bbox 383 4034 444 4087; x_wconf 74' lang='grc' dir='ltr'>οὗ</span> <span class='ocrx_word' id='word_1_512' title='bbox 468 4031 528 4088; x_wconf 79' lang='grc' dir='ltr'><strong>δέ</strong></span> <span class='ocrx_word' id='word_1_513' title='bbox 565 4038 666 4111; x_wconf 76' lang='grc' dir='ltr'><strong>γάρ</strong></span> <span class='ocrx_word' id='word_1_514' title='bbox 720 4033 780 4087; x_wconf 81' lang='grc' dir='ltr'>ἂν</span> <span class='ocrx_word' id='word_1_515' title='bbox 837 4040 992 4108; x_wconf 79' lang='grc' dir='ltr'>φαὶην</span> <span class='ocrx_word' id='word_1_516' title='bbox 1033 4034 1304 4109; x_wconf 72' lang='grc' dir='ltr'>ἐφάμιλλον</span> <span class='ocrx_word' id='word_1_517' title='bbox 1354 4046 1384 4096; x_wconf 78' lang='grc' dir='ltr'><strong><em>ἦ</em></strong></span> <span class='ocrx_word' id='word_1_518' title='bbox 1446 4039 1774 4112; x_wconf 81' lang='grc' dir='ltr'>συνάμιλλον,</span> 
     </span>
    </p>
   </div>
   <div class='ocr_carea' id='block_1_77' title="bbox 174 4122 1778 4201">
    <p class='ocr_par' dir='ltr' id='par_1_77' title="bbox 174 4122 1778 4201">
     <span class='ocr_line' id='line_1_78' title="bbox 174 4122 1778 4201; baseline 0.003 -25"><span class='ocrx_word' id='word_1_519' title='bbox 174 4122 290 4176; x_wconf 74' lang='grc' dir='ltr'>ἀλλ’</span> <span class='ocrx_word' id='word_1_520' title='bbox 349 4127 512 4184; x_wconf 80' lang='grc' dir='ltr'>ὄυτως</span> <span class='ocrx_word' id='word_1_521' title='bbox 569 4122 772 4198; x_wconf 75' lang='grc' dir='ltr'>ἀκριϐές</span> <span class='ocrx_word' id='word_1_522' title='bbox 825 4122 1191 4198; x_wconf 77' lang='grc' dir='ltr'>ἆπεικὸνισμα,</span> <span class='ocrx_word' id='word_1_523' title='bbox 1257 4129 1326 4188; x_wconf 85' lang='grc' dir='ltr'><strong>ὡς</strong></span> <span class='ocrx_word' id='word_1_524' title='bbox 1389 4132 1517 4199; x_wconf 84' lang='grc' dir='ltr'>πρὸς</span> <span class='ocrx_word' id='word_1_525' title='bbox 1601 4127 1778 4201; x_wconf 72' lang='grc' dir='ltr'>εὐφυές</span> 
     </span>
    </p>
   </div>
   <div class='ocr_carea' id='block_1_78' title="bbox 176 4211 1778 4286">
    <p class='ocr_par' dir='ltr' id='par_1_78' title="bbox 176 4211 1778 4286">
     <span class='ocr_line' id='line_1_79' title="bbox 176 4211 1778 4286; baseline 0.004 -22"><span class='ocrx_word' id='word_1_526' title='bbox 176 4212 369 4266; x_wconf 71' lang='grc' dir='ltr'>ἐκεῖνον</span> <span class='ocrx_word' id='word_1_527' title='bbox 400 4215 711 4286; x_wconf 70' lang='grc' dir='ltr'>ἀρχέτυπον,</span> <span class='ocrx_word' id='word_1_528' title='bbox 766 4219 856 4265; x_wconf 84' lang='grc' dir='ltr'><strong>καί</strong></span> <span class='ocrx_word' id='word_1_529' title='bbox 913 4211 1248 4286; x_wconf 79' lang='grc' dir='ltr'>διαγινωσκω</span> <span class='ocrx_word' id='word_1_530' title='bbox 1292 4224 1471 4269; x_wconf 83' lang='grc' dir='ltr'>τοῦτον</span> <span class='ocrx_word' id='word_1_531' title='bbox 1508 4222 1597 4268; x_wconf 87' lang='grc' dir='ltr'>καί</span> <span class='ocrx_word' id='word_1_532' title='bbox 1654 4216 1778 4271; x_wconf 84' lang='grc' dir='ltr'>άπο-</span> 
     </span>
    </p>
   </div>
   <div class='ocr_carea' id='block_1_79' title="bbox 177 4301 1778 4381">
    <p class='ocr_par' dir='ltr' id='par_1_79' title="bbox 177 4301 1778 4381">
     <span class='ocr_line' id='line_1_80' title="bbox 177 4301 1778 4381; baseline 0.004 -28"><span class='ocrx_word' id='word_1_533' title='bbox 177 4307 450 4375; x_wconf 80' lang='grc' dir='ltr'>φαὶνομαι.</span> <span class='ocrx_word' id='word_1_534' title='bbox 511 4301 648 4360; x_wconf 79' lang='grc' dir='ltr'>Πλὴν</span> <span class='ocrx_word' id='word_1_535' title='bbox 721 4301 829 4354; x_wconf 79' lang='grc' dir='ltr'>ἀλλ’</span> <span class='ocrx_word' id='word_1_536' title='bbox 895 4307 989 4355; x_wconf 78' lang='grc' dir='ltr'>οὐκ</span> <span class='ocrx_word' id='word_1_537' title='bbox 1055 4302 1409 4380; x_wconf 78' lang='grc' dir='ltr'>άρῥυσάμενον</span> <span class='ocrx_word' id='word_1_538' title='bbox 1482 4305 1778 4381; x_wconf 74' lang='grc' dir='ltr'><strong>[ἐρῥιζωμὲ-</strong></span> 
     </span>
    </p>
   </div>
   <div class='ocr_carea' id='block_1_80' title="bbox 176 4391 1781 4469">
    <p class='ocr_par' dir='ltr' id='par_1_80' title="bbox 176 4391 1781 4469">
     <span class='ocr_line' id='line_1_81' title="bbox 176 4391 1781 4469; baseline 0.004 -27"><span class='ocrx_word' id='word_1_539' title='bbox 176 4392 315 4463; x_wconf 85' lang='grc' dir='ltr'>νον],</span> <span class='ocrx_word' id='word_1_540' title='bbox 363 4395 453 4442; x_wconf 82' lang='grc' dir='ltr'><strong>καί</strong></span> <span class='ocrx_word' id='word_1_541' title='bbox 506 4399 603 4442; x_wconf 90' lang='grc' dir='ltr'><strong>τῶν</strong></span> <span class='ocrx_word' id='word_1_542' title='bbox 661 4410 778 4444; x_wconf 88' lang='grc' dir='ltr'>τινα</span> <span class='ocrx_word' id='word_1_543' title='bbox 832 4391 952 4445; x_wconf 88' lang='grc' dir='ltr'>καθ’</span> <span class='ocrx_word' id='word_1_544' title='bbox 1009 4394 1147 4465; x_wconf 80' lang='grc' dir='ltr'><strong>ἡμᾶς</strong></span> <span class='ocrx_word' id='word_1_545' title='bbox 1196 4403 1295 4445; x_wconf 90' lang='grc' dir='ltr'><strong>τῶν</strong></span> <span class='ocrx_word' id='word_1_546' title='bbox 1340 4391 1590 4469; x_wconf 78' lang='grc' dir='ltr'><strong>ἀμυδρῶς</strong></span> <span class='ocrx_word' id='word_1_547' title='bbox 1641 4393 1781 4456; x_wconf 76' lang='grc' dir='ltr'>δῆτα</span> 
     </span>
    </p>
   </div>
   <div class='ocr_carea' id='block_1_81' title="bbox 1885 3231 3546 3306">
    <p class='ocr_par' dir='ltr' id='par_1_81' title="bbox 1885 3231 3546 3306">
     <span class='ocr_line' id='line_1_82' title="bbox 1885 3231 3546 3306; baseline -0.001 -16"><span class='ocrx_word' id='word_1_548' title='bbox 1885 3240 2022 3290; x_wconf 86' lang='lat' dir='ltr'><strong>ante</strong></span> <span class='ocrx_word' id='word_1_549' title='bbox 2035 3239 2091 3289; x_wconf 90' lang='lat' dir='ltr'><strong>et</strong></span> <span class='ocrx_word' id='word_1_550' title='bbox 2105 3238 2239 3306; x_wconf 92' lang='lat' dir='ltr'><strong>post</strong></span> <span class='ocrx_word' id='word_1_551' title='bbox 2252 3234 2449 3306; x_wconf 89' lang='lat' dir='ltr'><strong>ipsum</strong></span> <span class='ocrx_word' id='word_1_552' title='bbox 2464 3248 2708 3306; x_wconf 87' lang='lat' dir='ltr'><strong>quoque</strong></span> <span class='ocrx_word' id='word_1_553' title='bbox 2721 3231 3089 3300; x_wconf 81' lang='lat' dir='ltr'><strong>effulserunt,</strong></span> <span class='ocrx_word' id='word_1_554' title='bbox 3104 3231 3260 3288; x_wconf 80' lang='lat' dir='ltr'><strong>velut</strong></span> <span class='ocrx_word' id='word_1_555' title='bbox 3271 3231 3546 3304; x_wconf 85' lang='lat' dir='ltr'><strong>pulcher-</strong></span> 
     </span>
    </p>
   </div>
   <div class='ocr_carea' id='block_1_82' title="bbox 1883 3321 3540 3389">
    <p class='ocr_par' dir='ltr' id='par_1_82' title="bbox 1883 3321 3540 3389">
     <span class='ocr_line' id='line_1_83' title="bbox 1883 3321 3540 3389; baseline -0.001 -10"><span class='ocrx_word' id='word_1_556' title='bbox 1883 3324 2037 3380; x_wconf 89' lang='lat' dir='ltr'><strong>rima</strong></span> <span class='ocrx_word' id='word_1_557' title='bbox 2113 3322 2455 3389; x_wconf 88' lang='lat' dir='ltr'><strong>luminaria,</strong></span> <span class='ocrx_word' id='word_1_558' title='bbox 2540 3321 2886 3377; x_wconf 87' lang='lat' dir='ltr'><strong>universum</strong></span> <span class='ocrx_word' id='word_1_559' title='bbox 2959 3325 3252 3377; x_wconf 88' lang='lat' dir='ltr'><strong>terrarum</strong></span> <span class='ocrx_word' id='word_1_560' title='bbox 3327 3321 3540 3378; x_wconf 88' lang='lat' dir='ltr'><strong>orbem</strong></span> 
     </span>
    </p>
   </div>
   <div class='ocr_carea' id='block_1_83' title="bbox 1881 3409 3538 3483">
    <p class='ocr_par' dir='ltr' id='par_1_83' title="bbox 1881 3409 3538 3483">
     <span class='ocr_line' id='line_1_84' title="bbox 1881 3409 3538 3483; baseline -0.002 -14"><span class='ocrx_word' id='word_1_561' title='bbox 1881 3412 2301 3479; x_wconf 88' lang='lat' dir='ltr'><strong>illuminantia,</strong></span> <span class='ocrx_word' id='word_1_562' title='bbox 2337 3410 2615 3467; x_wconf 88' lang='lat' dir='ltr'><strong>Basilium</strong></span> <span class='ocrx_word' id='word_1_563' title='bbox 2644 3416 2824 3483; x_wconf 91' lang='lat' dir='ltr'><strong>atque</strong></span> <span class='ocrx_word' id='word_1_564' title='bbox 2870 3409 3218 3480; x_wconf 79' lang='lat' dir='ltr'><strong>Gregorium</strong></span> <span class='ocrx_word' id='word_1_565' title='bbox 3250 3409 3538 3481; x_wconf 85' lang='lat' dir='ltr'><strong>intelligo,</strong></span> 
     </span>
    </p>
   </div>
   <div class='ocr_carea' id='block_1_84' title="bbox 1883 3498 3540 3573">
    <p class='ocr_par' dir='ltr' id='par_1_84' title="bbox 1883 3498 3540 3573">
     <span class='ocr_line' id='line_1_85' title="bbox 1883 3498 3540 3573; baseline -0.001 -16"><span class='ocrx_word' id='word_1_566' title='bbox 1883 3503 2240 3558; x_wconf 87' lang='lat' dir='ltr'><strong>inconcussa</strong></span> <span class='ocrx_word' id='word_1_567' title='bbox 2284 3500 2516 3573; x_wconf 85' lang='lat' dir='ltr'><strong>pietatis</strong></span> <span class='ocrx_word' id='word_1_568' title='bbox 2564 3498 2986 3563; x_wconf 87' lang='lat' dir='ltr'><strong>antemuralia,</strong></span> <span class='ocrx_word' id='word_1_569' title='bbox 3045 3499 3221 3556; x_wconf 83' lang='lat' dir='ltr'><strong>ﬁrma</strong></span> <span class='ocrx_word' id='word_1_570' title='bbox 3267 3499 3540 3556; x_wconf 61' lang='lat' dir='ltr'><strong>Ecclesia</strong></span> 
     </span>
    </p>
   </div>
   <div class='ocr_carea' id='block_1_85' title="bbox 1885 3588 3540 3661">
    <p class='ocr_par' dir='ltr' id='par_1_85' title="bbox 1885 3588 3540 3661">
     <span class='ocr_line' id='line_1_86' title="bbox 1885 3588 3540 3661; baseline -0.001 -15"><span class='ocrx_word' id='word_1_571' title='bbox 1885 3591 2299 3646; x_wconf 85' lang='lat' dir='ltr'><strong>fundamenta.</strong></span> <span class='ocrx_word' id='word_1_572' title='bbox 2325 3590 2738 3659; x_wconf 85' lang='lat' dir='ltr'><strong>integerrimas</strong></span> <span class='ocrx_word' id='word_1_573' title='bbox 2757 3589 2898 3645; x_wconf 87' lang='lat' dir='ltr'><strong>ﬁdei</strong></span> <span class='ocrx_word' id='word_1_574' title='bbox 2911 3589 3091 3644; x_wconf 85' lang='lat' dir='ltr'><strong>bases</strong></span> <span class='ocrx_word' id='word_1_575' title='bbox 3112 3607 3124 3657; x_wconf 93' lang='lat'>;</span> <span class='ocrx_word' id='word_1_576' title='bbox 3150 3588 3230 3645; x_wconf 89' lang='lat' dir='ltr'><strong>ita</strong></span> <span class='ocrx_word' id='word_1_577' title='bbox 3242 3588 3540 3661; x_wconf 87' lang='lat' dir='ltr'><strong>siquidem</strong></span> 
     </span>
    </p>
   </div>
   <div class='ocr_carea' id='block_1_86' title="bbox 1883 3679 3539 3752">
    <p class='ocr_par' dir='ltr' id='par_1_86' title="bbox 1883 3679 3539 3752">
     <span class='ocr_line' id='line_1_87' title="bbox 1883 3679 3539 3752; baseline -0.001 -17"><span class='ocrx_word' id='word_1_578' title='bbox 1883 3681 2048 3752; x_wconf 91' lang='lat' dir='ltr'><strong>ipsos</strong></span> <span class='ocrx_word' id='word_1_579' title='bbox 2074 3679 2564 3752; x_wconf 88' lang='lat' dir='ltr'><strong>nuncupabimus</strong></span> <span class='ocrx_word' id='word_1_580' title='bbox 2587 3695 2708 3736; x_wconf 91' lang='lat' dir='ltr'><strong>non</strong></span> <span class='ocrx_word' id='word_1_581' title='bbox 2739 3680 3088 3751; x_wconf 87' lang='lat' dir='ltr'><strong>incongrue,</strong></span> <span class='ocrx_word' id='word_1_582' title='bbox 3121 3679 3270 3751; x_wconf 91' lang='lat' dir='ltr'><strong>quin</strong></span> <span class='ocrx_word' id='word_1_583' title='bbox 3301 3683 3359 3734; x_wconf 72' lang='lat' dir='ltr'><strong>et</strong></span> <span class='ocrx_word' id='word_1_584' title='bbox 3387 3679 3539 3734; x_wconf 86' lang='lat' dir='ltr'><strong>emi-</strong></span> 
     </span>
    </p>
   </div>
   <div class='ocr_carea' id='block_1_87' title="bbox 1885 3768 3538 3841">
    <p class='ocr_par' dir='ltr' id='par_1_87' title="bbox 1885 3768 3538 3841">
     <span class='ocr_line' id='line_1_88' title="bbox 1885 3768 3538 3841; baseline -0.002 -15"><span class='ocrx_word' id='word_1_585' title='bbox 1885 3769 2254 3826; x_wconf 90' lang='lat' dir='ltr'><strong>nentioribus</strong></span> <span class='ocrx_word' id='word_1_586' title='bbox 2312 3768 2726 3838; x_wconf 86' lang='lat' dir='ltr'><strong>cognomentis</strong></span> <span class='ocrx_word' id='word_1_587' title='bbox 2778 3768 3068 3841; x_wconf 88' lang='lat' dir='ltr'><strong>appellari</strong></span> <span class='ocrx_word' id='word_1_588' title='bbox 3112 3769 3538 3840; x_wconf 86' lang='lat' dir='ltr'><strong>possint;cum</strong></span> 
     </span>
    </p>
   </div>
   <div class='ocr_carea' id='block_1_88' title="bbox 1884 3855 3541 3930">
    <p class='ocr_par' dir='ltr' id='par_1_88' title="bbox 1884 3855 3541 3930">
     <span class='ocr_line' id='line_1_89' title="bbox 1884 3855 3541 3930; baseline -0.001 -17"><span class='ocrx_word' id='word_1_589' title='bbox 1884 3857 1997 3914; x_wconf 89' lang='lat' dir='ltr'><strong>illis</strong></span> <span class='ocrx_word' id='word_1_590' title='bbox 2020 3873 2159 3913; x_wconf 90' lang='lat' dir='ltr'><strong>vero</strong></span> <span class='ocrx_word' id='word_1_591' title='bbox 2200 3861 2379 3929; x_wconf 89' lang='lat' dir='ltr'><strong>atque</strong></span> <span class='ocrx_word' id='word_1_592' title='bbox 2405 3863 2542 3930; x_wconf 92' lang='lat' dir='ltr'><strong>post</strong></span> <span class='ocrx_word' id='word_1_593' title='bbox 2567 3857 2698 3912; x_wconf 90' lang='lat' dir='ltr'><strong>illos</strong></span> <span class='ocrx_word' id='word_1_594' title='bbox 2733 3860 3046 3929; x_wconf 82' lang='lat' dir='ltr'><strong>Joannem,</strong></span> <span class='ocrx_word' id='word_1_595' title='bbox 3089 3873 3339 3913; x_wconf 90' lang='lat' dir='ltr'><strong>aureum</strong></span> <span class='ocrx_word' id='word_1_596' title='bbox 3392 3855 3541 3911; x_wconf 89' lang='lat' dir='ltr'><strong>illud</strong></span> 
     </span>
    </p>
   </div>
   <div class='ocr_carea' id='block_1_89' title="bbox 1886 3943 3536 4016">
    <p class='ocr_par' dir='ltr' id='par_1_89' title="bbox 1886 3943 3536 4016">
     <span class='ocr_line' id='line_1_90' title="bbox 1886 3943 3536 4016; baseline -0.002 -15"><span class='ocrx_word' id='word_1_597' title='bbox 1886 3962 1974 4016; x_wconf 90' lang='lat' dir='ltr'><strong>os,</strong></span> <span class='ocrx_word' id='word_1_598' title='bbox 2003 3947 2142 4002; x_wconf 88' lang='lat' dir='ltr'><strong>huic</strong></span> <span class='ocrx_word' id='word_1_599' title='bbox 2164 3951 2367 4001; x_wconf 90' lang='lat' dir='ltr'><strong>nostro</strong></span> <span class='ocrx_word' id='word_1_600' title='bbox 2399 3946 2820 4015; x_wconf 91' lang='lat' dir='ltr'><strong>cognominem</strong></span> <span class='ocrx_word' id='word_1_601' title='bbox 2861 3962 2932 4001; x_wconf 88' lang='lat' dir='ltr'><strong>ac</strong></span> <span class='ocrx_word' id='word_1_602' title='bbox 2959 3945 3230 4000; x_wconf 87' lang='lat' dir='ltr'><strong>moribus</strong></span> <span class='ocrx_word' id='word_1_603' title='bbox 3279 3943 3536 3999; x_wconf 89' lang='lat' dir='ltr'><strong>similem</strong></span> 
     </span>
    </p>
   </div>
   <div class='ocr_carea' id='block_1_90' title="bbox 1885 4033 3539 4108">
    <p class='ocr_par' dir='ltr' id='par_1_90' title="bbox 1885 4033 3539 4108">
     <span class='ocr_line' id='line_1_91' title="bbox 1885 4033 3539 4108; baseline -0.002 -17"><span class='ocrx_word' id='word_1_604' title='bbox 1885 4036 2057 4108; x_wconf 89' lang='lat' dir='ltr'><strong>eique</strong></span> <span class='ocrx_word' id='word_1_605' title='bbox 2087 4034 2822 4107; x_wconf 82' lang='lat' dir='ltr'><strong>comparandum;neque</strong></span> <span class='ocrx_word' id='word_1_606' title='bbox 2875 4033 3037 4089; x_wconf 90' lang='lat' dir='ltr'><strong>enim</strong></span> <span class='ocrx_word' id='word_1_607' title='bbox 3093 4033 3287 4089; x_wconf 87' lang='lat' dir='ltr'><strong>ausim</strong></span> <span class='ocrx_word' id='word_1_608' title='bbox 3342 4033 3539 4088; x_wconf 89' lang='lat' dir='ltr'><strong>dicere</strong></span> 
     </span>
    </p>
   </div>
   <div class='ocr_carea' id='block_1_91' title="bbox 1885 4119 3538 4197">
    <p class='ocr_par' dir='ltr' id='par_1_91' title="bbox 1885 4119 3538 4197">
     <span class='ocr_line' id='line_1_92' title="bbox 1885 4119 3538 4197; baseline -0.004 -16"><span class='ocrx_word' id='word_1_609' title='bbox 1885 4119 2182 4197; x_wconf 69' lang='lat' dir='ltr'><strong>aequalem</strong></span> <span class='ocrx_word' id='word_1_610' title='bbox 2229 4123 2320 4178; x_wconf 87' lang='lat' dir='ltr'><strong>vel</strong></span> <span class='ocrx_word' id='word_1_611' title='bbox 2373 4123 2784 4195; x_wconf 73' lang='lat' dir='ltr'><strong>coaequalem;</strong></span> <span class='ocrx_word' id='word_1_612' title='bbox 2829 4122 2933 4179; x_wconf 90' lang='lat' dir='ltr'><strong>sed</strong></span> <span class='ocrx_word' id='word_1_613' title='bbox 2991 4138 3128 4178; x_wconf 89' lang='lat' dir='ltr'><strong>vere</strong></span> <span class='ocrx_word' id='word_1_614' title='bbox 3187 4126 3538 4179; x_wconf 83' lang='lat' dir='ltr'><strong>accuratum</strong></span> 
     </span>
    </p>
   </div>
   <div class='ocr_carea' id='block_1_92' title="bbox 1885 4211 3540 4286">
    <p class='ocr_par' dir='ltr' id='par_1_92' title="bbox 1885 4211 3540 4286">
     <span class='ocr_line' id='line_1_93' title="bbox 1885 4211 3540 4286; baseline -0.002 -16"><span class='ocrx_word' id='word_1_615' title='bbox 1885 4213 2216 4286; x_wconf 86' lang='lat' dir='ltr'><strong>exemplar,</strong></span> <span class='ocrx_word' id='word_1_616' title='bbox 2238 4211 2400 4268; x_wconf 85' lang='lat' dir='ltr'><strong>velut</strong></span> <span class='ocrx_word' id='word_1_617' title='bbox 2449 4212 2528 4268; x_wconf 88' lang='lat' dir='ltr'><strong>ad</strong></span> <span class='ocrx_word' id='word_1_618' title='bbox 2581 4213 2887 4286; x_wconf 83' lang='lat' dir='ltr'><strong>archetypi</strong></span> <span class='ocrx_word' id='word_1_619' title='bbox 2945 4211 3232 4282; x_wconf 88' lang='lat' dir='ltr'><strong>elegantis</strong></span> <span class='ocrx_word' id='word_1_620' title='bbox 3277 4211 3540 4266; x_wconf 80' lang='lat' dir='ltr'><strong>formam</strong></span> 
     </span>
    </p>
   </div>
   <div class='ocr_carea' id='block_1_93' title="bbox 1887 4301 3540 4375">
    <p class='ocr_par' dir='ltr' id='par_1_93' title="bbox 1887 4301 3540 4375">
     <span class='ocr_line' id='line_1_94' title="bbox 1887 4301 3540 4375; baseline -0.002 -16"><span class='ocrx_word' id='word_1_621' title='bbox 1887 4318 2264 4375; x_wconf 87' lang='lat' dir='ltr'><strong>expressum,</strong></span> <span class='ocrx_word' id='word_1_622' title='bbox 2296 4316 2561 4370; x_wconf 89' lang='lat' dir='ltr'><strong>agnosco</strong></span> <span class='ocrx_word' id='word_1_623' title='bbox 2591 4301 2758 4356; x_wconf 90' lang='lat' dir='ltr'><strong>illum</strong></span> <span class='ocrx_word' id='word_1_624' title='bbox 2798 4308 2977 4374; x_wconf 90' lang='lat' dir='ltr'><strong>atque</strong></span> <span class='ocrx_word' id='word_1_625' title='bbox 3034 4301 3399 4356; x_wconf 86' lang='lat' dir='ltr'><strong>demonstro.</strong></span> <span class='ocrx_word' id='word_1_626' title='bbox 3433 4301 3540 4355; x_wconf 84' lang='lat' dir='ltr'><strong>Ve-</strong></span> 
     </span>
    </p>
   </div>
   <div class='ocr_carea' id='block_1_94' title="bbox 1886 4389 3540 4463">
    <p class='ocr_par' dir='ltr' id='par_1_94' title="bbox 1886 4389 3540 4463">
     <span class='ocr_line' id='line_1_95' title="bbox 1886 4389 3540 4463; baseline -0.003 -14"><span class='ocrx_word' id='word_1_627' title='bbox 1886 4397 2230 4449; x_wconf 89' lang='lat' dir='ltr'><strong>rumtamen</strong></span> <span class='ocrx_word' id='word_1_628' title='bbox 2259 4390 2535 4463; x_wconf 90' lang='lat' dir='ltr'><strong>nunquid</strong></span> <span class='ocrx_word' id='word_1_629' title='bbox 2571 4390 2700 4445; x_wconf 90' lang='lat' dir='ltr'><strong>sine</strong></span> <span class='ocrx_word' id='word_1_630' title='bbox 2727 4389 3120 4445; x_wconf 88' lang='lat' dir='ltr'><strong>fundamento</strong></span> <span class='ocrx_word' id='word_1_631' title='bbox 3141 4389 3276 4462; x_wconf 87' lang='lat' dir='ltr'><strong>quis</strong></span> <span class='ocrx_word' id='word_1_632' title='bbox 3307 4389 3540 4455; x_wconf 82' lang='lat' dir='ltr'><strong>dixerit,</strong></span> 
     </span>
    </p>
   </div>
   <div class='ocr_carea' id='block_1_95' title="bbox 178 4477 1781 4567">
    <p class='ocr_par' dir='ltr' id='par_1_95' title="bbox 178 4481 1779 4558">
     <span class='ocr_line' id='line_1_96' title="bbox 178 4481 1779 4558; baseline 0.004 -24"><span class='ocrx_word' id='word_1_633' title='bbox 178 4483 602 4555; x_wconf 73' lang='grc' dir='ltr'>πεφωτισμὲνων,</span> <span class='ocrx_word' id='word_1_634' title='bbox 647 4486 737 4533; x_wconf 84' lang='grc' dir='ltr'><strong>καί</strong></span> <span class='ocrx_word' id='word_1_635' title='bbox 804 4481 1004 4542; x_wconf 78' lang='grc' dir='ltr'>ἀκτῖνος</span> <span class='ocrx_word' id='word_1_636' title='bbox 1061 4483 1232 4558; x_wconf 82' lang='grc' dir='ltr'>ὥσπερ</span> <span class='ocrx_word' id='word_1_637' title='bbox 1282 4482 1570 4538; x_wconf 78' lang='grc' dir='ltr'>ἀποπάλσει</span> <span class='ocrx_word' id='word_1_638' title='bbox 1627 4483 1779 4545; x_wconf 88' lang='grc' dir='ltr'>διηυ-</span> 
     </span>
    </p>
   </div>
   <div class='ocr_carea' id='block_1_96' title="bbox 1892 4477 3544 4567">
    <p class='ocr_par' dir='ltr' id='par_1_96' title="bbox 1892 4477 3544 4554">
     <span class='ocr_line' id='line_1_97' title="bbox 1892 4477 3544 4554; baseline -0.003 -17"><span class='ocrx_word' id='word_1_639' title='bbox 1892 4481 2151 4554; x_wconf 86' lang='lat' dir='ltr'><strong>aliquem</strong></span> <span class='ocrx_word' id='word_1_640' title='bbox 2178 4479 2360 4536; x_wconf 88' lang='lat' dir='ltr'><strong>nostri</strong></span> <span class='ocrx_word' id='word_1_641' title='bbox 2387 4479 2674 4551; x_wconf 88' lang='lat' dir='ltr'><strong>temporis</strong></span> <span class='ocrx_word' id='word_1_642' title='bbox 2705 4479 2938 4535; x_wconf 87' lang='lat' dir='ltr'><strong>modice</strong></span> <span class='ocrx_word' id='word_1_643' title='bbox 2978 4478 3292 4549; x_wconf 83' lang='lat' dir='ltr'><strong>duntaxat,</strong></span> <span class='ocrx_word' id='word_1_644' title='bbox 3326 4477 3544 4532; x_wconf 85' lang='lat' dir='ltr'><strong>illumi-</strong></span> 
     </span>
    </p>
   </div>
   <div class='ocr_carea' id='block_1_97' title="bbox 182 4568 1780 4644">
    <p class='ocr_par' dir='ltr' id='par_1_97' title="bbox 182 4568 1780 4644">
     <span class='ocr_line' id='line_1_98' title="bbox 182 4568 1780 4644; baseline 0.003 -21"><span class='ocrx_word' id='word_1_645' title='bbox 182 4574 482 4643; x_wconf 70' lang='grc' dir='ltr'>γασμὲνων,</span> <span class='ocrx_word' id='word_1_646' title='bbox 541 4569 654 4622; x_wconf 87' lang='grc' dir='ltr'>ὃλον</span> <span class='ocrx_word' id='word_1_647' title='bbox 730 4568 949 4624; x_wconf 76' lang='grc' dir='ltr'><strong>ἀνελθεῖν</strong></span> <span class='ocrx_word' id='word_1_648' title='bbox 1025 4571 1409 4644; x_wconf 78' lang='grc' dir='ltr'>φωτεινὸτατον,</span> <span class='ocrx_word' id='word_1_649' title='bbox 1501 4580 1592 4627; x_wconf 88' lang='grc' dir='ltr'><strong><em>καί</em></strong></span> <span class='ocrx_word' id='word_1_650' title='bbox 1666 4577 1780 4630; x_wconf 77' lang='grc' dir='ltr'>ὅλον</span> 
     </span>
    </p>
   </div>
   <div class='ocr_carea' id='block_1_98' title="bbox 182 4655 1268 4734">
    <p class='ocr_par' dir='ltr' id='par_1_98' title="bbox 182 4655 1268 4734">
     <span class='ocr_line' id='line_1_99' title="bbox 182 4655 1268 4734; baseline 0.003 -22"><span class='ocrx_word' id='word_1_651' title='bbox 182 4655 560 4734; x_wconf 84' lang='grc' dir='ltr'>φαιδρότατον,</span> <span class='ocrx_word' id='word_1_652' title='bbox 587 4664 678 4711; x_wconf 88' lang='grc' dir='ltr'>καί</span> <span class='ocrx_word' id='word_1_653' title='bbox 707 4658 819 4712; x_wconf 82' lang='grc' dir='ltr'>ὅλον</span> <span class='ocrx_word' id='word_1_654' title='bbox 847 4657 1232 4713; x_wconf 73' lang='grc' dir='ltr'>θεοειδὶστατον</span> <span class='ocrx_word' id='word_1_655' title='bbox 1255 4679 1268 4717; x_wconf 89' lang='lat'>:</span> 
     </span>
    </p>
   </div>
   <div class='ocr_carea' id='block_1_99' title="bbox 249 4856 1783 4932">
    <p class='ocr_par' dir='ltr' id='par_1_99' title="bbox 249 4856 1783 4932">
     <span class='ocr_line' id='line_1_100' title="bbox 249 4856 1783 4932; baseline 0.001 -22"><span class='ocrx_word' id='word_1_656' title='bbox 249 4879 338 4924; x_wconf 84' lang='grc' dir='ltr'>νς.</span> <span class='ocrx_word' id='word_1_657' title='bbox 389 4862 454 4911; x_wconf 73' lang='lat' dir='ltr'><strong>Ti</strong></span> <span class='ocrx_word' id='word_1_658' title='bbox 525 4876 615 4932; x_wconf 83' lang='grc' dir='ltr'>μοι</span> <span class='ocrx_word' id='word_1_659' title='bbox 660 4856 822 4930; x_wconf 57' lang='grc' dir='ltr'>λεγειν</span> <span class='ocrx_word' id='word_1_660' title='bbox 868 4860 1076 4927; x_wconf 56' lang='lat' dir='ltr'><strong>lambit;</strong></span> <span class='ocrx_word' id='word_1_661' title='bbox 1105 4860 1171 4919; x_wconf 83' lang='grc' dir='ltr'><strong>ὡς</strong></span> <span class='ocrx_word' id='word_1_662' title='bbox 1224 4865 1468 4932; x_wconf 75' lang='grc' dir='ltr'>παρεῖται</span> <span class='ocrx_word' id='word_1_663' title='bbox 1521 4863 1783 4932; x_wconf 81' lang='grc' dir='ltr'>Σταγειρὶ-</span> 
     </span>
    </p>
   </div>
   <div class='ocr_carea' id='block_1_100' title="bbox 180 4942 1784 5022">
    <p class='ocr_par' dir='ltr' id='par_1_100' title="bbox 180 4942 1784 5022">
     <span class='ocr_line' id='line_1_101' title="bbox 180 4942 1784 5022; baseline -0.001 -21"><span class='ocrx_word' id='word_1_664' title='bbox 180 4967 276 5010; x_wconf 89' lang='grc' dir='ltr'><strong>της</strong></span> <span class='ocrx_word' id='word_1_665' title='bbox 305 4949 440 5022; x_wconf 74' lang='grc' dir='ltr'>μετά</span> <span class='ocrx_word' id='word_1_666' title='bbox 465 4954 558 5009; x_wconf 78' lang='grc' dir='ltr'><strong>τῆς</strong></span> <span class='ocrx_word' id='word_1_667' title='bbox 597 4942 895 5022; x_wconf 78' lang='grc' dir='ltr'>γριφὼδους</span> <span class='ocrx_word' id='word_1_668' title='bbox 951 4945 1293 5020; x_wconf 75' lang='grc' dir='ltr'>τιχνολογὶας</span> <span class='ocrx_word' id='word_1_669' title='bbox 1343 4953 1433 5001; x_wconf 83' lang='grc' dir='ltr'>καί</span> <span class='ocrx_word' id='word_1_670' title='bbox 1483 4957 1577 5010; x_wconf 70' lang='grc' dir='ltr'><strong>τῆς</strong></span> <span class='ocrx_word' id='word_1_671' title='bbox 1625 4947 1784 5001; x_wconf 86' lang='grc' dir='ltr'>πολυ-</span> 
     </span>
    </p>
   </div>
   <div class='ocr_carea' id='block_1_101' title="bbox 185 5032 1780 5113">
    <p class='ocr_par' dir='ltr' id='par_1_101' title="bbox 185 5032 1780 5113">
     <span class='ocr_line' id='line_1_102' title="bbox 185 5032 1780 5113; baseline -0.001 -25"><span class='ocrx_word' id='word_1_672' title='bbox 185 5032 416 5108; x_wconf 81' lang='grc' dir='ltr'>σχιδοῦς</span> <span class='ocrx_word' id='word_1_673' title='bbox 459 5041 576 5111; x_wconf 78' lang='grc' dir='ltr'>περί</span> <span class='ocrx_word' id='word_1_674' title='bbox 624 5039 823 5108; x_wconf 83' lang='grc' dir='ltr'>φύσεως</span> <span class='ocrx_word' id='word_1_675' title='bbox 869 5039 958 5088; x_wconf 84' lang='grc' dir='ltr'>καὶ</span> <span class='ocrx_word' id='word_1_676' title='bbox 1005 5045 1235 5109; x_wconf 76' lang='grc' dir='ltr'>φυσικῶν</span> <span class='ocrx_word' id='word_1_677' title='bbox 1275 5036 1455 5113; x_wconf 78' lang='grc' dir='ltr'>ἀρχῶν</span> <span class='ocrx_word' id='word_1_678' title='bbox 1502 5036 1780 5104; x_wconf 69' lang='grc' dir='ltr'>ἔκθὶσεως;</span> 
     </span>
    </p>
   </div>
   <div class='ocr_carea' id='block_1_102' title="bbox 184 5124 1785 5200">
    <p class='ocr_par' dir='ltr' id='par_1_102' title="bbox 184 5124 1785 5200">
     <span class='ocr_line' id='line_1_103' title="bbox 184 5124 1785 5200; baseline -0.001 -22"><span class='ocrx_word' id='word_1_679' title='bbox 184 5129 248 5187; x_wconf 80' lang='grc' dir='ltr'><strong>ὡς</strong></span> <span class='ocrx_word' id='word_1_680' title='bbox 295 5131 579 5200; x_wconf 72' lang='grc' dir='ltr'>παρῶπταί.</span> <span class='ocrx_word' id='word_1_681' title='bbox 628 5126 758 5198; x_wconf 80' lang='grc' dir='ltr'>μετά</span> <span class='ocrx_word' id='word_1_682' title='bbox 807 5132 898 5186; x_wconf 83' lang='grc' dir='ltr'>τῆς</span> <span class='ocrx_word' id='word_1_683' title='bbox 943 5124 1232 5199; x_wconf 70' lang='grc' dir='ltr'>ὑφηγορὶας</span> <span class='ocrx_word' id='word_1_684' title='bbox 1270 5131 1425 5194; x_wconf 76' lang='grc' dir='ltr'>(ὀκνῶ</span> <span class='ocrx_word' id='word_1_685' title='bbox 1480 5128 1582 5198; x_wconf 78' lang='grc' dir='ltr'><strong>γάρ</strong></span> <span class='ocrx_word' id='word_1_686' title='bbox 1631 5127 1785 5197; x_wconf 84' lang='grc' dir='ltr'>φάναι</span> 
     </span>
    </p>
   </div>
   <div class='ocr_carea' id='block_1_103' title="bbox 188 5212 1784 5288">
    <p class='ocr_par' dir='ltr' id='par_1_103' title="bbox 188 5212 1784 5288">
     <span class='ocr_line' id='line_1_104' title="bbox 188 5212 1784 5288; baseline -0.002 -21"><span class='ocrx_word' id='word_1_687' title='bbox 188 5214 474 5286; x_wconf 73' lang='grc' dir='ltr'>θεολογὶας)</span> <span class='ocrx_word' id='word_1_688' title='bbox 534 5217 624 5266; x_wconf 82' lang='grc' dir='ltr'><strong>καί</strong></span> <span class='ocrx_word' id='word_1_689' title='bbox 671 5221 772 5265; x_wconf 89' lang='grc' dir='ltr'><strong>τῶν</strong></span> <span class='ocrx_word' id='word_1_690' title='bbox 821 5212 914 5265; x_wconf 78' lang='grc' dir='ltr'>οὐκ</span> <span class='ocrx_word' id='word_1_691' title='bbox 969 5212 1210 5286; x_wconf 81' lang='grc' dir='ltr'>ἀσφαλῶν</span> <span class='ocrx_word' id='word_1_692' title='bbox 1263 5217 1380 5288; x_wconf 83' lang='grc' dir='ltr'>περί</span> <span class='ocrx_word' id='word_1_693' title='bbox 1430 5213 1613 5284; x_wconf 70' lang='grc' dir='ltr'>ψυχῆς</span> <span class='ocrx_word' id='word_1_694' title='bbox 1659 5234 1784 5285; x_wconf 91' lang='grc' dir='ltr'>γνω-</span> 
     </span>
    </p>
   </div>
   <div class='ocr_carea' id='block_1_104' title="bbox 188 5301 1789 5378">
    <p class='ocr_par' dir='ltr' id='par_1_104' title="bbox 188 5301 1789 5378">
     <span class='ocr_line' id='line_1_105' title="bbox 188 5301 1789 5378; baseline -0.001 -21"><span class='ocrx_word' id='word_1_695' title='bbox 188 5305 557 5377; x_wconf 78' lang='grc' dir='ltr'>ματευμάτων,</span> <span class='ocrx_word' id='word_1_696' title='bbox 612 5303 642 5361; x_wconf 80' lang='grc' dir='ltr'><em>ἣ</em></span> <span class='ocrx_word' id='word_1_697' title='bbox 693 5305 1083 5378; x_wconf 79' lang='grc' dir='ltr'>τερατευμάτων</span> <span class='ocrx_word' id='word_1_698' title='bbox 1146 5301 1334 5375; x_wconf 74' lang='grc' dir='ltr'>μᾶλλον</span> <span class='ocrx_word' id='word_1_699' title='bbox 1385 5303 1560 5369; x_wconf 80' lang='grc' dir='ltr'>εἰπεῖν,</span> <span class='ocrx_word' id='word_1_700' title='bbox 1618 5304 1642 5354; x_wconf 82' lang='grc' dir='ltr'><strong><em>ὁ</em></strong></span> <span class='ocrx_word' id='word_1_701' title='bbox 1697 5321 1789 5355; x_wconf 84' lang='grc' dir='ltr'><strong>πο-</strong></span> 
     </span>
    </p>
   </div>
   <div class='ocr_carea' id='block_1_105' title="bbox 187 5385 1787 5461">
    <p class='ocr_par' dir='ltr' id='par_1_105' title="bbox 187 5385 1787 5461">
     <span class='ocr_line' id='line_1_106' title="bbox 187 5385 1787 5461; baseline -0.002 -16"><span class='ocrx_word' id='word_1_702' title='bbox 187 5393 275 5454; x_wconf 80' lang='grc' dir='ltr'><strong>λύς</strong></span> <span class='ocrx_word' id='word_1_703' title='bbox 299 5392 603 5453; x_wconf 77' lang='grc' dir='ltr'>Ἀθηναίοις</span> <span class='ocrx_word' id='word_1_704' title='bbox 641 5391 849 5444; x_wconf 88' lang='grc' dir='ltr'>Πλάτων</span> <span class='ocrx_word' id='word_1_705' title='bbox 878 5395 968 5443; x_wconf 79' lang='grc' dir='ltr'>καί</span> <span class='ocrx_word' id='word_1_706' title='bbox 1011 5399 1120 5454; x_wconf 84' lang='grc' dir='ltr'>τοίς</span> <span class='ocrx_word' id='word_1_707' title='bbox 1173 5387 1390 5448; x_wconf 80' lang='grc' dir='ltr'>Ἕλλησι</span> <span class='ocrx_word' id='word_1_708' title='bbox 1468 5385 1787 5461; x_wconf 80' lang='grc' dir='ltr'>διαϐόητος;</span> 
     </span>
    </p>
   </div>
   <div class='ocr_carea' id='block_1_106' title="bbox 194 5477 1788 5555">
    <p class='ocr_par' dir='ltr' id='par_1_106' title="bbox 194 5477 1788 5555">
     <span class='ocr_line' id='line_1_107' title="bbox 194 5477 1788 5555; baseline -0.002 -20"><span class='ocrx_word' id='word_1_709' title='bbox 194 5487 262 5544; x_wconf 79' lang='grc' dir='ltr'><strong>ὡς</strong></span> <span class='ocrx_word' id='word_1_710' title='bbox 315 5485 342 5534; x_wconf 84' lang='grc' dir='ltr'><strong><em>ὁ</em></strong></span> <span class='ocrx_word' id='word_1_711' title='bbox 389 5481 571 5544; x_wconf 83' lang='grc' dir='ltr'>λοιπός</span> <span class='ocrx_word' id='word_1_712' title='bbox 619 5490 716 5535; x_wconf 89' lang='grc' dir='ltr'><strong>τῶν</strong></span> <span class='ocrx_word' id='word_1_713' title='bbox 775 5480 1064 5555; x_wconf 80' lang='grc' dir='ltr'>φιλοσόφων</span> <span class='ocrx_word' id='word_1_714' title='bbox 1119 5480 1295 5555; x_wconf 78' lang='grc' dir='ltr'>ὅμιλος</span> <span class='ocrx_word' id='word_1_715' title='bbox 1340 5479 1550 5542; x_wconf 75' lang='grc' dir='ltr'>ὶκεὶνοις</span> <span class='ocrx_word' id='word_1_716' title='bbox 1604 5477 1788 5548; x_wconf 81' lang='grc' dir='ltr'>δοξῶν,</span> 
     </span>
    </p>
   </div>
   <div class='ocr_carea' id='block_1_107' title="bbox 196 5567 1793 5647">
    <p class='ocr_par' dir='ltr' id='par_1_107' title="bbox 196 5567 1793 5647">
     <span class='ocr_line' id='line_1_108' title="bbox 196 5567 1793 5647; baseline -0.002 -21"><span class='ocrx_word' id='word_1_717' title='bbox 196 5572 387 5647; x_wconf 79' lang='grc' dir='ltr'>μᾶλλον</span> <span class='ocrx_word' id='word_1_718' title='bbox 439 5567 489 5625; x_wconf 87' lang='grc' dir='ltr'><strong>δ’</strong></span> <span class='ocrx_word' id='word_1_719' title='bbox 545 5569 806 5642; x_wconf 71' lang='grc' dir='ltr'>ἆναντὶων,</span> <span class='ocrx_word' id='word_1_720' title='bbox 849 5573 1242 5643; x_wconf 57' lang='grc' dir='ltr'>κατέγνωσταη</span> <span class='ocrx_word' id='word_1_721' title='bbox 1275 5570 1433 5624; x_wconf 79' lang='grc' dir='ltr'>Ἀλλά</span> <span class='ocrx_word' id='word_1_722' title='bbox 1487 5577 1654 5623; x_wconf 80' lang='grc' dir='ltr'>ταῦτα</span> <span class='ocrx_word' id='word_1_723' title='bbox 1703 5573 1793 5645; x_wconf 79' lang='grc' dir='ltr'>μέν</span> 
     </span>
    </p>
   </div>
   <div class='ocr_carea' id='block_1_108' title="bbox 199 5659 1796 5736">
    <p class='ocr_par' dir='ltr' id='par_1_108' title="bbox 199 5659 1796 5736">
     <span class='ocr_line' id='line_1_109' title="bbox 199 5659 1796 5736; baseline -0.001 -21"><span class='ocrx_word' id='word_1_724' title='bbox 199 5665 396 5735; x_wconf 63' lang='grc' dir='ltr'><strong>ἔοι-ἴον,</strong></span> <span class='ocrx_word' id='word_1_725' title='bbox 471 5660 516 5714; x_wconf 76' lang='grc' dir='ltr'>εἰ</span> <span class='ocrx_word' id='word_1_726' title='bbox 565 5664 657 5715; x_wconf 76' lang='grc' dir='ltr'>καί</span> <span class='ocrx_word' id='word_1_727' title='bbox 706 5659 907 5736; x_wconf 71' lang='grc' dir='ltr'>μεγάλα</span> <span class='ocrx_word' id='word_1_728' title='bbox 956 5659 1090 5714; x_wconf 77' lang='grc' dir='ltr'>ἄττα</span> <span class='ocrx_word' id='word_1_729' title='bbox 1125 5662 1402 5734; x_wconf 65' lang='grc' dir='ltr'>τυγχάνει,</span> <span class='ocrx_word' id='word_1_730' title='bbox 1457 5665 1547 5713; x_wconf 81' lang='grc' dir='ltr'>καί</span> <span class='ocrx_word' id='word_1_731' title='bbox 1595 5660 1796 5723; x_wconf 84' lang='grc' dir='ltr'>α’ληθῶς</span> 
     </span>
    </p>
   </div>
   <div class='ocr_carea' id='block_1_109' title="bbox 1888 4568 3546 4628">
    <p class='ocr_par' dir='ltr' id='par_1_109' title="bbox 1888 4568 3546 4628">
     <span class='ocr_line' id='line_1_110' title="bbox 1888 4568 3546 4628; baseline -0.002 -2"><span class='ocrx_word' id='word_1_732' title='bbox 1888 4577 2100 4628; x_wconf 90' lang='lat' dir='ltr'><strong>natum</strong></span> <span class='ocrx_word' id='word_1_733' title='bbox 2141 4575 2198 4626; x_wconf 87' lang='lat' dir='ltr'><strong>et</strong></span> <span class='ocrx_word' id='word_1_734' title='bbox 2223 4569 2377 4624; x_wconf 91' lang='lat' dir='ltr'><strong>velut</strong></span> <span class='ocrx_word' id='word_1_735' title='bbox 2425 4569 2577 4624; x_wconf 85' lang='lat' dir='ltr'><strong>radii</strong></span> <span class='ocrx_word' id='word_1_736' title='bbox 2607 4569 2784 4624; x_wconf 86' lang='lat' dir='ltr'><strong>unius</strong></span> <span class='ocrx_word' id='word_1_737' title='bbox 2823 4568 3190 4625; x_wconf 88' lang='lat' dir='ltr'><strong>evibratione</strong></span> <span class='ocrx_word' id='word_1_738' title='bbox 3221 4582 3546 4623; x_wconf 88' lang='lat' dir='ltr'><strong>coruscan-</strong></span> 
     </span>
    </p>
   </div>
   <div class='ocr_carea' id='block_1_110' title="bbox 1888 4657 3546 4731">
    <p class='ocr_par' dir='ltr' id='par_1_110' title="bbox 1888 4657 3546 4731">
     <span class='ocr_line' id='line_1_111' title="bbox 1888 4657 3546 4731; baseline -0.004 -14"><span class='ocrx_word' id='word_1_739' title='bbox 1888 4666 2032 4729; x_wconf 89' lang='lat' dir='ltr'><strong>tem,</strong></span> <span class='ocrx_word' id='word_1_740' title='bbox 2062 4675 2183 4715; x_wconf 90' lang='lat' dir='ltr'><strong>non</strong></span> <span class='ocrx_word' id='word_1_741' title='bbox 2211 4673 2390 4731; x_wconf 89' lang='lat' dir='ltr'><strong>posse</strong></span> <span class='ocrx_word' id='word_1_742' title='bbox 2449 4657 2576 4712; x_wconf 86' lang='lat' dir='ltr'><strong>ﬁeri</strong></span> <span class='ocrx_word' id='word_1_743' title='bbox 2634 4663 2823 4714; x_wconf 89' lang='lat' dir='ltr'><strong>totum</strong></span> <span class='ocrx_word' id='word_1_744' title='bbox 2883 4657 3304 4723; x_wconf 87' lang='lat' dir='ltr'><strong>clarissimum,</strong></span> <span class='ocrx_word' id='word_1_745' title='bbox 3353 4661 3546 4712; x_wconf 90' lang='lat' dir='ltr'><strong>totum</strong></span> 
     </span>
    </p>
   </div>
   <div class='ocr_carea' id='block_1_111' title="bbox 1890 4745 3126 4822">
    <p class='ocr_par' dir='ltr' id='par_1_111' title="bbox 1890 4745 3126 4822">
     <span class='ocr_line' id='line_1_112' title="bbox 1890 4745 3126 4822; baseline -0.002 -17"><span class='ocrx_word' id='word_1_746' title='bbox 1890 4747 2476 4822; x_wconf 89' lang='lat' dir='ltr'><strong>splendidissimum,</strong></span> <span class='ocrx_word' id='word_1_747' title='bbox 2504 4751 2696 4802; x_wconf 90' lang='lat' dir='ltr'><strong>totum</strong></span> <span class='ocrx_word' id='word_1_748' title='bbox 2723 4745 3076 4802; x_wconf 85' lang='lat' dir='ltr'><strong>deiformem</strong></span> <span class='ocrx_word' id='word_1_749' title='bbox 3097 4748 3126 4802; x_wconf 89' lang='lat'><strong>?</strong></span> 
     </span>
    </p>
   </div>
   <div class='ocr_carea' id='block_1_112' title="bbox 1960 4851 3547 4927">
    <p class='ocr_par' dir='ltr' id='par_1_112' title="bbox 1960 4851 3547 4927">
     <span class='ocr_line' id='line_1_113' title="bbox 1960 4851 3547 4927; baseline -0.004 -15"><span class='ocrx_word' id='word_1_750' title='bbox 1960 4861 2048 4913; x_wconf 83' lang='lat'><strong>56.</strong></span> <span class='ocrx_word' id='word_1_751' title='bbox 2091 4859 2256 4912; x_wconf 91' lang='lat' dir='ltr'><strong>Nunc</strong></span> <span class='ocrx_word' id='word_1_752' title='bbox 2279 4871 2419 4910; x_wconf 92' lang='lat' dir='ltr'><strong>vero</strong></span> <span class='ocrx_word' id='word_1_753' title='bbox 2447 4854 2594 4927; x_wconf 90' lang='lat' dir='ltr'><strong>quid</strong></span> <span class='ocrx_word' id='word_1_754' title='bbox 2617 4853 2825 4909; x_wconf 88' lang='lat' dir='ltr'><strong>attinet</strong></span> <span class='ocrx_word' id='word_1_755' title='bbox 2843 4854 3060 4921; x_wconf 90' lang='lat' dir='ltr'><strong>dicere,</strong></span> <span class='ocrx_word' id='word_1_756' title='bbox 3083 4851 3390 4924; x_wconf 91' lang='lat' dir='ltr'><strong>quomodo</strong></span> <span class='ocrx_word' id='word_1_757' title='bbox 3421 4865 3547 4924; x_wconf 60' lang='lat' dir='ltr'><strong>pra;</strong></span> 
     </span>
    </p>
   </div>
   <div class='ocr_carea' id='block_1_113' title="bbox 1889 4942 3548 5014">
    <p class='ocr_par' dir='ltr' id='par_1_113' title="bbox 1889 4942 3548 5014">
     <span class='ocr_line' id='line_1_114' title="bbox 1889 4942 3548 5014; baseline -0.004 -11"><span class='ocrx_word' id='word_1_758' title='bbox 1889 4949 2114 5003; x_wconf 85' lang='lat' dir='ltr'><strong>Joanne</strong></span> <span class='ocrx_word' id='word_1_759' title='bbox 2133 4943 2609 5001; x_wconf 87' lang='lat' dir='ltr'><strong>contemnendus</strong></span> <span class='ocrx_word' id='word_1_760' title='bbox 2643 4943 2716 4998; x_wconf 89' lang='lat' dir='ltr'><strong>sit</strong></span> <span class='ocrx_word' id='word_1_761' title='bbox 2737 4943 3012 5014; x_wconf 89' lang='lat' dir='ltr'><strong>Stagirita</strong></span> <span class='ocrx_word' id='word_1_762' title='bbox 3042 4958 3180 4997; x_wconf 91' lang='lat' dir='ltr'><strong>cum</strong></span> <span class='ocrx_word' id='word_1_763' title='bbox 3227 4957 3335 4996; x_wconf 88' lang='lat' dir='ltr'><strong>sua</strong></span> <span class='ocrx_word' id='word_1_764' title='bbox 3365 4942 3548 5011; x_wconf 64' lang='lat' dir='ltr'><strong>aenig-</strong></span> 
     </span>
    </p>
   </div>
   <div class='ocr_carea' id='block_1_114' title="bbox 1891 5029 3550 5103">
    <p class='ocr_par' dir='ltr' id='par_1_114' title="bbox 1891 5029 3550 5103">
     <span class='ocr_line' id='line_1_115' title="bbox 1891 5029 3550 5103; baseline -0.004 -11"><span class='ocrx_word' id='word_1_765' title='bbox 1891 5036 2110 5092; x_wconf 87' lang='lat' dir='ltr'><strong>matica</strong></span> <span class='ocrx_word' id='word_1_766' title='bbox 2139 5033 2473 5089; x_wconf 82' lang='lat' dir='ltr'><strong>disserendi</strong></span> <span class='ocrx_word' id='word_1_767' title='bbox 2497 5037 2622 5088; x_wconf 87' lang='lat' dir='ltr'><strong>arte</strong></span> <span class='ocrx_word' id='word_1_768' title='bbox 2645 5036 2822 5103; x_wconf 86' lang='lat' dir='ltr'><strong>atque</strong></span> <span class='ocrx_word' id='word_1_769' title='bbox 2846 5029 3154 5102; x_wconf 88' lang='lat' dir='ltr'><strong>multiplici</strong></span> <span class='ocrx_word' id='word_1_770' title='bbox 3175 5029 3550 5102; x_wconf 82' lang='lat' dir='ltr'><strong>expositione</strong></span> 
     </span>
    </p>
   </div>
   <div class='ocr_carea' id='block_1_115' title="bbox 1893 5118 3553 5193">
    <p class='ocr_par' dir='ltr' id='par_1_115' title="bbox 1893 5118 3553 5193">
     <span class='ocr_line' id='line_1_116' title="bbox 1893 5118 3553 5193; baseline -0.003 -13"><span class='ocrx_word' id='word_1_771' title='bbox 1893 5130 2120 5180; x_wconf 69' lang='lat' dir='ltr'><strong>natura:</strong></span> <span class='ocrx_word' id='word_1_772' title='bbox 2163 5127 2217 5178; x_wconf 91' lang='lat' dir='ltr'><strong>et</strong></span> <span class='ocrx_word' id='word_1_773' title='bbox 2247 5121 2610 5178; x_wconf 88' lang='lat' dir='ltr'><strong>naturalium</strong></span> <span class='ocrx_word' id='word_1_774' title='bbox 2641 5120 3073 5192; x_wconf 90' lang='lat' dir='ltr'><strong>principiorum</strong></span> <span class='ocrx_word' id='word_1_775' title='bbox 3093 5118 3123 5172; x_wconf 90' lang='lat'><strong>?</strong></span> <span class='ocrx_word' id='word_1_776' title='bbox 3158 5119 3323 5191; x_wconf 89' lang='lat' dir='ltr'><strong>quod</strong></span> <span class='ocrx_word' id='word_1_777' title='bbox 3381 5120 3553 5193; x_wconf 89' lang='lat' dir='ltr'><strong>parvi</strong></span> 
     </span>
    </p>
   </div>
   <div class='ocr_carea' id='block_1_116' title="bbox 1895 5207 3554 5280">
    <p class='ocr_par' dir='ltr' id='par_1_116' title="bbox 1895 5207 3554 5280">
     <span class='ocr_line' id='line_1_117' title="bbox 1895 5207 3554 5280; baseline -0.004 -12"><span class='ocrx_word' id='word_1_778' title='bbox 1895 5210 2204 5268; x_wconf 86' lang='lat' dir='ltr'><strong>faciendus</strong></span> <span class='ocrx_word' id='word_1_779' title='bbox 2230 5211 2302 5265; x_wconf 87' lang='lat' dir='ltr'><strong>sit</strong></span> <span class='ocrx_word' id='word_1_780' title='bbox 2331 5227 2471 5265; x_wconf 91' lang='lat' dir='ltr'><strong>cum</strong></span> <span class='ocrx_word' id='word_1_781' title='bbox 2512 5225 2622 5265; x_wconf 91' lang='lat' dir='ltr'><strong>sua</strong></span> <span class='ocrx_word' id='word_1_782' title='bbox 2661 5207 3184 5280; x_wconf 87' lang='lat' dir='ltr'><strong>grandiloquentia</strong></span> <span class='ocrx_word' id='word_1_783' title='bbox 3216 5210 3359 5279; x_wconf 91' lang='lat' dir='ltr'><strong>(non</strong></span> <span class='ocrx_word' id='word_1_784' title='bbox 3390 5208 3554 5264; x_wconf 90' lang='lat' dir='ltr'><strong>enim</strong></span> 
     </span>
    </p>
   </div>
   <div class='ocr_carea' id='block_1_117' title="bbox 1897 5297 3556 5378">
    <p class='ocr_par' dir='ltr' id='par_1_117' title="bbox 1897 5297 3556 5378">
     <span class='ocr_line' id='line_1_118' title="bbox 1897 5297 3556 5378; baseline -0.002 -20"><span class='ocrx_word' id='word_1_785' title='bbox 1897 5303 2087 5358; x_wconf 90' lang='lat' dir='ltr'><strong>ausim</strong></span> <span class='ocrx_word' id='word_1_786' title='bbox 2111 5301 2305 5378; x_wconf 89' lang='lat' dir='ltr'><strong>dicere</strong></span> <span class='ocrx_word' id='word_1_787' title='bbox 2318 5299 2704 5372; x_wconf 88' lang='lat' dir='ltr'><strong>theologiam)</strong></span> <span class='ocrx_word' id='word_1_788' title='bbox 2721 5315 2980 5371; x_wconf 89' lang='lat' dir='ltr'><strong>cumque</strong></span> <span class='ocrx_word' id='word_1_789' title='bbox 3007 5314 3120 5354; x_wconf 90' lang='lat' dir='ltr'><strong>sua</strong></span> <span class='ocrx_word' id='word_1_790' title='bbox 3149 5298 3305 5354; x_wconf 91' lang='lat' dir='ltr'><strong>male</strong></span> <span class='ocrx_word' id='word_1_791' title='bbox 3345 5297 3556 5354; x_wconf 85' lang='lat' dir='ltr'><strong>funda-</strong></span> 
     </span>
    </p>
   </div>
   <div class='ocr_carea' id='block_1_118' title="bbox 1897 5387 3558 5462">
    <p class='ocr_par' dir='ltr' id='par_1_118' title="bbox 1897 5387 3558 5462">
     <span class='ocr_line' id='line_1_119' title="bbox 1897 5387 3558 5462; baseline -0.004 -14"><span class='ocrx_word' id='word_1_792' title='bbox 1897 5397 1977 5459; x_wconf 87' lang='lat' dir='ltr'><strong>ta,</strong></span> <span class='ocrx_word' id='word_1_793' title='bbox 2010 5395 2131 5460; x_wconf 87' lang='lat' dir='ltr'><strong>aut,</strong></span> <span class='ocrx_word' id='word_1_794' title='bbox 2165 5396 2227 5446; x_wconf 90' lang='lat' dir='ltr'><strong>ut</strong></span> <span class='ocrx_word' id='word_1_795' title='bbox 2253 5389 2446 5445; x_wconf 89' lang='lat' dir='ltr'><strong>verius</strong></span> <span class='ocrx_word' id='word_1_796' title='bbox 2476 5389 2711 5462; x_wconf 88' lang='lat' dir='ltr'><strong>loquar,</strong></span> <span class='ocrx_word' id='word_1_797' title='bbox 2747 5393 3086 5444; x_wconf 89' lang='lat' dir='ltr'><strong>monstrosa</strong></span> <span class='ocrx_word' id='word_1_798' title='bbox 3116 5387 3190 5442; x_wconf 91' lang='lat' dir='ltr'><strong>de</strong></span> <span class='ocrx_word' id='word_1_799' title='bbox 3233 5387 3558 5445; x_wconf 86' lang='lat' dir='ltr'><strong>animabus</strong></span> 
     </span>
    </p>
   </div>
   <div class='ocr_carea' id='block_1_119' title="bbox 1901 5479 3560 5551">
    <p class='ocr_par' dir='ltr' id='par_1_119' title="bbox 1901 5479 3560 5551">
     <span class='ocr_line' id='line_1_120' title="bbox 1901 5479 3560 5551; baseline -0.003 -14"><span class='ocrx_word' id='word_1_800' title='bbox 1901 5481 2190 5537; x_wconf 89' lang='lat' dir='ltr'><strong>sententia</strong></span> <span class='ocrx_word' id='word_1_801' title='bbox 2228 5479 2323 5536; x_wconf 91' lang='lat' dir='ltr'><strong>ille</strong></span> <span class='ocrx_word' id='word_1_802' title='bbox 2349 5479 2514 5551; x_wconf 87' lang='lat' dir='ltr'><strong>apud</strong></span> <span class='ocrx_word' id='word_1_803' title='bbox 2543 5479 2926 5534; x_wconf 80' lang='lat' dir='ltr'><strong>Athenienses</strong></span> <span class='ocrx_word' id='word_1_804' title='bbox 2952 5481 3007 5534; x_wconf 91' lang='lat' dir='ltr'><strong>et</strong></span> <span class='ocrx_word' id='word_1_805' title='bbox 3055 5480 3290 5534; x_wconf 55' lang='lat' dir='ltr'><strong>Graecos</strong></span> <span class='ocrx_word' id='word_1_806' title='bbox 3315 5483 3560 5533; x_wconf 65' lang='lat' dir='ltr'><strong>caeteros</strong></span> 
     </span>
    </p>
   </div>
   <div class='ocr_carea' id='block_1_120' title="bbox 1900 5564 3563 5640">
    <p class='ocr_par' dir='ltr' id='par_1_120' title="bbox 1900 5564 3563 5640">
     <span class='ocr_line' id='line_1_121' title="bbox 1900 5564 3563 5640; baseline -0.005 -13"><span class='ocrx_word' id='word_1_807' title='bbox 1900 5568 2418 5627; x_wconf 88' lang='lat' dir='ltr'><strong>nominatissimus</strong></span> <span class='ocrx_word' id='word_1_808' title='bbox 2463 5568 2628 5624; x_wconf 87' lang='lat' dir='ltr'><strong>Plato</strong></span> <span class='ocrx_word' id='word_1_809' title='bbox 2656 5572 2684 5623; x_wconf 90' lang='lat'><strong><em>?</em></strong></span> <span class='ocrx_word' id='word_1_810' title='bbox 2741 5567 2906 5640; x_wconf 89' lang='lat' dir='ltr'><strong>quod</strong></span> <span class='ocrx_word' id='word_1_811' title='bbox 2955 5566 3336 5638; x_wconf 87' lang='lat' dir='ltr'><strong>despicabilis</strong></span> <span class='ocrx_word' id='word_1_812' title='bbox 3385 5564 3563 5620; x_wconf 84' lang='lat' dir='ltr'><strong>fuerit</strong></span> 
     </span>
    </p>
   </div>
   <div class='ocr_carea' id='block_1_121' title="bbox 1902 5650 3566 5732">
    <p class='ocr_par' dir='ltr' id='par_1_121' title="bbox 1902 5650 3566 5732">
     <span class='ocr_line' id='line_1_122' title="bbox 1902 5650 3566 5732; baseline -0.006 -15"><span class='ocrx_word' id='word_1_813' title='bbox 1902 5663 2026 5717; x_wconf 88' lang='lat' dir='ltr'><strong>tota</strong></span> <span class='ocrx_word' id='word_1_814' title='bbox 2057 5657 2555 5732; x_wconf 87' lang='lat' dir='ltr'><strong>philosophorum</strong></span> <span class='ocrx_word' id='word_1_815' title='bbox 2583 5655 2780 5728; x_wconf 80' lang='lat' dir='ltr'><strong>turba,</strong></span> <span class='ocrx_word' id='word_1_816' title='bbox 2806 5651 3022 5712; x_wconf 82' lang='lat' dir='ltr'><strong>eadem</strong></span> <span class='ocrx_word' id='word_1_817' title='bbox 3090 5667 3229 5710; x_wconf 85' lang='lat' dir='ltr'><strong>cum</strong></span> <span class='ocrx_word' id='word_1_818' title='bbox 3277 5650 3398 5710; x_wconf 75' lang='lat' dir='ltr'><strong>illis</strong></span> <span class='ocrx_word' id='word_1_819' title='bbox 3456 5664 3566 5708; x_wconf 79' lang='lat' dir='ltr'><strong>seu</strong></span> 
     </span>
    </p>
   </div>
   <div class='ocr_carea' id='block_1_122' title="bbox 3907 0 4054 498">
    <p class='ocr_par' dir='ltr' id='par_1_122' title="bbox 3911 17 3982 80">
     <span class='ocr_line' id='line_1_123' title="bbox 3911 17 3982 80; baseline 0 0"><span class='ocrx_word' id='word_1_820' title='bbox 3911 17 3982 80; x_wconf 60' lang='grc' dir='ltr'><strong>’λέ</strong></span> 
     </span>
    </p>

    <p class='ocr_par' dir='ltr' id='par_1_123' title="bbox 3913 99 4042 420">
     <span class='ocr_line' id='line_1_124' title="bbox 3913 99 4028 120; baseline 0 0"><span class='ocrx_word' id='word_1_821' title='bbox 3913 103 3920 108; x_wconf 79' lang='grc'><strong><em>⁸</em></strong></span> <span class='ocrx_word' id='word_1_822' title='bbox 3965 109 3974 120; x_wconf 71' lang='grc' dir='ltr'><strong>ν</strong></span> <span class='ocrx_word' id='word_1_823' title='bbox 4017 99 4028 120; x_wconf 67' lang='grc' dir='ltr'><strong>Ι</strong></span> 
     </span>
     <span class='ocr_line' id='line_1_125' title="bbox 4013 133 4036 148; baseline 0 0"><span class='ocrx_word' id='word_1_824' title='bbox 4013 133 4036 148; x_wconf 67' lang='grc' dir='ltr'>σν</span> 
     </span>
     <span class='ocr_line' id='line_1_126' title="bbox 4029 399 4042 420; baseline 0 0"><span class='ocrx_word' id='word_1_825' title='bbox 4029 399 4042 420; x_wconf 67' lang='grc' dir='ltr'><em>ὅ</em></span> 
     </span>
    </p>
   </div>
  </div>
