4084 6206
559 299 665 353 879

1745 288 2207 349 CONSTANTIM
2240 290 2722 349 ACROPOLITE.

3804 298 3908 354 880

559 422 760 496 potius
778 418 1074 478 contraria
1096 416 1352 473 sentiens
1368 415 1395 469 ?
1418 412 1922 471 Praetermittenda
1940 430 2186 489 namque

2320 414 2633 487 άξιάγαστα.
2674 415 2803 487 ’Ἄγε
2855 410 2915 469 δέ
2953 419 3043 468 καί
3109 414 3259 479 αὖθις
3300 421 3396 475 τήν
3443 416 3570 491 ὑπέρ
3625 425 3720 481 τῆς
3775 418 3910 472 εὐσε-

559 512 690 568 haec
720 510 863 566 mihi
894 513 1034 564 sunt
1058 506 1284 571 omnia,
1312 502 1589 576 quamvis
1611 502 1936 573 magnifica
1984 509 2039 561 et
2067 521 2207 561 con-

562 598 919 655 sideratione
958 594 1353 665 dignissima;
1386 592 1722 664 iterumque
1777 591 2101 649 dicendum
2130 593 2205 651 de

558 687 831 743 libertate
858 684 1040 752 beati,
1067 700 1190 755 qua
1218 698 1329 755 pro
1358 681 1574 754 pietate
1609 680 1949 749 decertavit,
2003 687 2059 738 et
2082 681 2206 739 zelo

456 834 463 837 ,
555 791 740 849 quem
769 773 979 830 habuit
1000 773 1188 829 instar
1226 771 1474 826 Phinees
1501 773 1710 825 contra
1754 768 2113 827 fornicantes
2143 771 2205 827 in

558 865 684 921 suis
713 861 1240 920 adinventionibus
1276 860 1402 916 sive
1431 858 1758 915 temerariis
1796 859 1982 927 ausis,
2022 864 2079 916 et
2097 860 2205 916 im-

553 953 878 1027 prudenter
906 955 1151 1022 agentes
1207 952 1417 1006 contra
1464 947 1885 1004 immaculatas
1922 964 2206 1005 veneran-

555 1044 786 1115 dasque
815 1040 1132 1110 imagines.
1154 1038 1449 1108 Imagines
1476 1036 1613 1108 (vah
1642 1036 1959 1093 audaciam
1986 1038 2023 1107 !)
2051 1053 2204 1110 quas

554 1132 615 1186 in
657 1130 1011 1187 memoriam
1042 1128 1336 1185 incarnati
1368 1125 1713 1195 Salvatoris,
1755 1131 1811 1181 et
1839 1142 2047 1183 eorum
2099 1127 2204 1199 qui

548 1236 657 1292 pro
678 1220 813 1293 ipso
852 1219 1306 1274 decertaverunt
1336 1220 1439 1271 aut
1476 1215 1625 1271 alias
1684 1215 1991 1285 reliogiose
2029 1216 2202 1287 juxta

546 1310 741 1380 legem
760 1307 969 1365 Christi
985 1308 1259 1362 vixerunt
1275 1309 1643 1374 sanctorum,
1657 1304 1786 1375 jam
1812 1304 1952 1359 inde
1980 1320 2015 1361 a
2036 1304 2200 1377 prin-

547 1399 702 1471 cipio
730 1396 1067 1471 praedicata:
1090 1394 1226 1449 fidei
1258 1393 1575 1449 eﬁ'ormare
1602 1392 1807 1448 didicit
1838 1392 2197 1449 universitas

547 1486 1035 1542 Christianorum.
1062 1481 1347 1548 Quamvis
1367 1481 1593 1536 uimine
1622 1496 1911 1552 praesens,
1962 1481 2197 1537 eminus

544 1580 748 1631 tamen
769 1572 966 1628 emisit
982 1570 1184 1642 jacula
1203 1574 1413 1626 contra
1436 1568 1768 1641 improbos,
1790 1570 1895 1641 qui
1915 1570 2197 1641 opinione

544 1678 615 1719 ac
639 1661 800 1718 foedo
820 1658 1131 1717 ratiocinio
1169 1674 1280 1714 suo
1310 1662 1861 1728 conspurcaverunt
1896 1668 1997 1714 aut
2025 1663 2194 1715 etiam

2316 504 2457 567 ϐεἱας
2486 505 2783 580 παῤῥησίαν
2838 513 2928 558 τοῦ
2985 508 3216 582 μάκαρος
3278 505 3631 580 ἀναλάϐωμεν,
3679 512 3769 561 καί
3822 512 3909 560 τόν

2318 594 2468 659 ζῆλον
2490 597 2543 647 ὃν
2581 596 2711 648 κατά
2762 599 2849 647 τόν
2898 598 3065 657 Φινεές
3119 599 3339 667 ἔσχηκε,
3388 598 3525 648 κατά
3575 605 3675 648 τῶν
3730 595 3912 670 ἐκπορ-

2314 686 2598 736 νέυσάντων
2663 683 2711 737 ἐν
2770 681 2877 746 τοῖς
2946 687 3207 759 σφετεροις
3289 685 3454 737 αὐτῶν
3531 682 3906 758 ὃεανοὴμασεν,

2315 772 2405 824 εἰτ’
2450 772 2538 824 οὖν
2586 772 2906 846 τολμήμασι,
2955 777 3046 825 καί
3089 774 3327 846 αἰσχρῶς
3388 774 3519 845 ἄγαν
3588 772 3909 847 άπερυθρια-

2314 864 2513 913 σάντων
2543 863 2679 914 κατά
2724 870 2823 914 τῶν
2874 859 3149 936 άχριὶντων
3198 866 3288 914 καί
3343 860 3643 935 σεϐασμὶων
3701 863 3906 916 εἰκόνων

2312 949 2489 1022 (άϐάλε
2540 951 2735 1024 τόλμης
2784 953 2824 1022 i)
2870 950 2904 1003 ἃ
2941 951 3009 1012 εἰς
3057 950 3346 1026 ἀνάμνησιν
3398 960 3493 1013 τῆς
3566 954 3693 1027 ὑπέρ
3762 957 3907 1025 ἡμῶν

2311 1046 2402 1091 τοῦ
2450 1046 2680 1112 Σωτῆρος
2742 1038 3199 1113 ένανθρωπὴσεως,
3248 1044 3337 1092 καί
3384 1048 3482 1092 τῶν
3540 1042 3665 1115 ὑπὲρ
3712 1046 3907 1104 ταύτης

2313 1125 2705 1186 διαθλησάντων
2744 1132 2773 1186 ἦ
2829 1133 2919 1181 καί
2978 1138 3176 1201 σεμνῶς
3226 1129 3393 1190 ἄλλως
3445 1134 3535 1181 καί
3586 1132 3721 1183 κατα
3770 1140 3907 1206 Χρε-

2313 1222 2432 1269 στόν
2456 1218 2726 1278 ζησάντων
2782 1218 2959 1289 άγὶων,
3010 1219 3199 1270 ἀνωθεν
3247 1217 3398 1281 εὐθύς
3445 1224 3535 1271 καί
3594 1218 3681 1271 ἀπ’
3743 1221 3907 1273 αὐτοῦ

2309 1314 2399 1359 τοῦ
2456 1311 2792 1383 κηρύγματος
2840 1311 2898 1359 τό
2940 1312 3318 1381 Χριστὼνυμον
3372 1305 3663 1361 ἀνατυποῦν
3724 1329 3906 1384 παρει-

2306 1394 2533 1469 λήγαμεν
2575 1396 2850 1470 πλήρωμα.
2934 1400 3034 1449 Καί
3083 1396 3184 1470 γάρ
3261 1396 3539 1468 άκοντὶζει,
3609 1397 3651 1450 εὶ
3697 1405 3787 1451 καί
3831 1404 3901 1473 μή

2306 1491 2505 1559 παρών,
2535 1484 2663 1537 άλλά
2690 1484 2970 1560 πόρρωθεν,
3022 1487 3157 1537 κατά
3206 1494 3305 1538 τῶν
3371 1485 3670 1540 ἀκολάστων
3722 1493 3902 1562 γνώμη

2305 1580 2394 1627 καί
2425 1574 2638 1648 αἰσχρῷ
2665 1573 2901 1647 λογισμῷ
2958 1572 3365 1647 βεϐηλωσάντων
3412 1576 3441 1634 ἦ
3500 1580 3592 1628 καί
3647 1578 3905 1638 παντελῶς

2306 1660 2724 1738 διαγραψάμτων
2775 1666 2841 1716 τά
2896 1664 3043 1735 ἅγια·
3097 1662 3298 1737 βάλλει,
3349 1667 3487 1718 καθά
3532 1686 3633 1719 τινε
3691 1663 3902 1741 δόρατι,

543 1751 790 1808 omnino
829 1748 1219 1805 aboleverunt
1250 1751 1459 1803 sancta
1482 1765 1495 1802 :
1516 1751 1572 1802 et
1592 1746 1842 1819 epistola
1871 1763 2003 1815 sua,
2032 1747 2186 1805 velu-

2304 1754 2541 1825 εὐστόχῳ
2565 1752 2679 1805 λὶαν
2710 1751 2977 1821 ἐπιστολῇ,
3004 1758 3090 1806 τόν
3112 1762 3203 1805 τοῦ
3250 1759 3463 1828 πρώτως
3505 1764 3597 1816 τῆς
3660 1755 3905 1819 ἁληθεὶας

540 1841 583 1896 ti
621 1840 796 1897 hasta
833 1838 987 1893 bene
1041 1835 1364 1900 collimata,
1417 1835 1662 1891 conﬁxit
1706 1833 1897 1891 ﬁlium
1957 1834 2188 1909 Leonis,

540 1928 671 2001 ejus
696 1928 799 2001 qui
830 1927 1059 2000 primus
1085 1942 1121 1982 a
1140 1924 1384 1981 veritate
1410 1923 1727 1992 exciderat,
1756 1923 1831 1980 de
1858 1940 1981 1997 quo
2010 1926 2192 1981 etiam

535 2018 667 2089 jam
690 2020 827 2074 ante
855 2015 1000 2085 dixi,
1033 2030 1228 2087 pauca
1244 2029 1316 2069 ex
1342 2011 1544 2068 multis
1568 2011 1726 2068 circa
1755 2027 1894 2069 eum
1924 2014 1984 2069 in
2006 2013 2192 2071 histo-

541 2107 697 2164 riam
714 2104 915 2162 relatis
948 2103 1204 2173 seligens
1231 2119 1243 2157 :
1267 2118 1429 2158 nunc
1451 2106 1653 2158 autem
1672 2101 2083 2158 nominandus
2100 2107 2193 2160 est

537 2195 684 2253 mihi
714 2193 885 2267 (velle
906 2192 1065 2248 enim
1087 2207 1197 2247 vos
1227 2190 1424 2262 credo)
1478 2190 1549 2256 is,
1600 2190 1705 2263 qui
1762 2206 1836 2247 ex
1882 2206 1953 2247 eo
1991 2196 2189 2262 natus,

538 2282 871 2342 secundum
903 2281 1031 2353 ejus
1057 2278 1399 2352 exemplum
1428 2279 1718 2349 regnavit.
1770 2280 2190 2336 Constantinus

534 2374 631 2431 hic
656 2373 785 2440 fuit,
817 2372 922 2445 qui
949 2369 1362 2435 nihilominus,
1386 2368 1533 2441 quin
1563 2367 1740 2425 etiam
1772 2368 1960 2425 multo
1993 2371 2189 2440 magis

535 2478 722 2536 quam
746 2459 1177 2532 ille,insanivit,
1201 2457 1405 2514 animo
1437 2456 1641 2529 utique
1670 2457 2190 2529 impudentissimo

536 2558 592 2610 et
610 2553 785 2610 homo
826 2556 1189 2619 stercoreus;
1217 2547 1291 2603 de
1312 2563 1436 2620 quo
1472 2562 1593 2603 non
1618 2562 1892 2619 possum;
1909 2546 2022 2605 imo
2046 2547 2191 2605 abo-

535 2643 733 2700 minor
754 2638 1213 2711 enarrare,quid
1245 2638 1316 2709 ei,
1341 2637 1543 2694 nescio
1571 2652 1693 2707 qua
1709 2641 1958 2707 ratione,
1982 2638 2046 2693 in
2083 2637 2191 2694 ba-

534 2732 759 2804 ptismo
780 2729 1048 2799 contigit,
1064 2731 1273 2785 contra
1284 2730 1507 2783 rectam
1530 2727 1866 2783 doctrinam
1879 2732 1981 2783 aut
1991 2727 2190 2799 potius

537 2820 954 2892 contraipsum
968 2817 1283 2890 baptisma,
1302 2817 1361 2871 in
1376 2815 1760 2887 praesagium,
1777 2815 1901 2871 sive
1917 2819 1977 2871 ut
1989 2816 2188 2888 potius

535 2909 809 2977 dixerim,
823 2908 882 2964 in
897 2906 1264 2963 manifestam
1278 2904 1459 2961 futuri
1472 2909 1717 2960 eventus
1741 2904 2187 2977 praenotionem.

610 3021 696 3073 57.
729 3014 833 3070 llic
863 3013 966 3070 ubi
998 3012 1077 3069 ad
1097 3011 1325 3068 virilem
1374 3009 1640 3082 pervenit
1693 3013 1952 3079 aetatem,
2019 3010 2189 3084 quod

2303 1841 2734 1905 ἑξολισθὴσαντος
2778 1840 2974 1903 λεοντος
3043 1845 3270 1913 ἔγγονον,
3350 1848 3467 1915 περί
3523 1851 3615 1896 τοῦ
3685 1842 3754 1903 δή
3813 1850 3905 1899 καί

2302 1933 2459 2003 ἔφθην
2497 1936 2816 2006 προειρηκώς
2862 1932 3029 2007 μὲτρι¹
3086 1930 3238 1999 ἆττα,
3268 1937 3359 1983 καί
3406 1931 3461 1983 ἐκ
3511 1932 3711 1985 πολλῶν
3748 1933 3905 2005 ὀλὶγα

2298 2029 2399 2072 τῶν
2494 2019 2908 2095 άνιστορημὶνων
3025 2025 3145 2094 περί
3251 2019 3420 2073 ἒκὶνου
3515 2018 3902 2095 ἀναλεξάμενος·

2298 2117 2502 2183 γνωριῶ
2526 2105 2577 2162 δ’
2604 2116 2691 2162 οὖν
2744 2110 2865 2181 ὑμῖν
2915 2113 3005 2161 καί
3060 2113 3118 2161 τό
3167 2106 3220 2172 ἐξ
3262 2108 3476 2179 ἐκεινου,
3543 2112 3659 2163 κατ’
3715 2110 3902 2165 ἐκεῖνον

2301 2195 2574 2271 (βούλεσθε
2600 2200 2698 2272 γάρ
2745 2198 2891 2269 ἴσως)
2954 2193 3267 2260 δεδηλωκως
3328 2196 3381 2261 ἐξ
3438 2198 3707 2272 ὀνόματος.
3758 2207 3902 2255 Κων-

2300 2296 2568 2349 σταντῑνος
2610 2286 2774 2354 οὗτος,
2825 2286 2881 2349 ὃς
2940 2286 3045 2359 οὐχ
3112 2287 3289 2358 ἧττον,
3340 2288 3383 2340 εἰ
3430 2292 3501 2361 μή
3553 2295 3643 2341 καί
3686 2289 3899 2363 μᾶλλον,

2298 2378 2431 2430 κατοὶ
2502 2385 2639 2439 τῆς·
2689 2375 2944 2437 ενὶσςϐεἱας
3013 2374 3331 2444 λελὺττηκεν,
3390 2378 3421 2436 ἡ
3510 2373 3897 2441 ὃνσωδεστὰτη

2297 2465 2476 2537 ψυχή,
2527 2467 2553 2517 ὁ
2616 2468 2969 2539 κοπρὸφυρτος
3025 2465 3315 2538 ἄνθρωπος.
3373 2464 3483 2518 Οὐκ
3538 2464 3822 2540 άνὶχομαε,
3866 2471 3895 2527 ᾖ

2297 2554 2486 2627 μᾶλλον
2514 2549 2870 2627 βδελύττομαι
2890 2558 2975 2607 τόν
3008 2551 3055 2606 ἓν
3095 2561 3167 2625 τῷ
3224 2552 3560 2627 βαπτὶσματι
3612 2558 3747 2609 κατά
3808 2566 3900 2610 τοῦ

2298 2643 2453 2717 ὀρθοῦ
2485 2639 2768 2716 δόγματος,
2811 2643 2999 2717 μᾶλλον
3049 2640 3109 2696 δέ
3159 2644 3274 2696 κατ’
3333 2644 3493 2697 αὐτοῦ
3550 2653 3643 2697 τοῦ
3705 2644 3898 2721 βαπτὶο

2300 2752 2518 2805 σματος,
2569 2732 2662 2785 οὐκ
2730 2729 2833 2785 οἵδ’
2899 2733 3051 2800 ὅπως,
3107 2730 3468 2805 ἐπισυμϐάντα
3520 2738 3710 2807 τοὺτῳ,
3769 2741 3899 2811 πρὸς

2299 2821 2663 2895 φοιϐασμόνή,
2724 2819 3063 2895 άληθὲστερον
3109 2821 3287 2889 εἰπεῖν,
3353 2830 3493 2894 σαφῆ
3539 2818 3633 2875 τοῦ
3680 2843 3900 2895 γενησοι

2296 2913 2448 2980 μὲνου
2486 2907 2842 2983 προδήλωσιν,
2876 2909 2942 2971 εἰς
2964 2908 3182 2968 ἐπήκοον
3222 2909 3458 2974 ἐξειπεῖν.

2367 3017 2455 3078 νζ.
2515 3018 2674 3077 Οὗτος
2742 3016 2811 3079 εἰς
2864 3013 3062 3092 ἄνδρας
3111 3014 3287 3084 ἐλθών,
3346 3020 3415 3079 ὡς
3463 3019 3564 3070 εἴθε
3592 3025 3666 3091 μή
3718 3019 3894 3091 ὤφελε,

538 3106 768 3164 utinam
798 3118 923 3161 non
950 3101 1195 3159 fuisset!
1228 3100 1377 3174 quid
1430 3115 1553 3156 non
1613 3098 1855 3156 admisit
1900 3099 2186 3158 sceleris?

2296 3110 2348 3159 τὶ
2376 3111 2466 3178 μέν
2496 3114 2595 3158 τῶν
2622 3104 2859 3177 ἀθεσμων
2917 3105 3010 3157 οὐκ
3057 3105 3356 3177 ἔπραξε;τὶ
3402 3101 3462 3158 δέ
3514 3114 3613 3157 τῶν
3653 3106 3895 3182 αἰσχρῶν

537 3196 685 3269 quid
709 3192 1024 3266 turpidinis
1053 3205 1177 3247 non
1200 3188 1508 3263 patravit?
1542 3188 1775 3245 Foedius
1806 3204 1994 3261 quam
2019 3194 2188 3261 pater

542 3300 687 3340 suus
716 3274 1054 3354 inquinavit
1072 3279 1171 3336 Dei
1192 3278 1508 3353 populum.
1530 3276 1644 3335 Sed
1665 3293 1701 3333 o
1729 3276 2184 3335 solertissimum

538 3371 856 3429 consilium
895 3368 1088 3426 sancti
1112 3369 1124 3423 !
1148 3384 1184 3424 ο
1204 3368 1447 3440 plagam
1492 3366 2006 3439 opportunissimo
2036 3372 2185 3424 tem-

540 3476 684 3534 pore
708 3458 1028 3536 inﬂictam!
1053 3455 1301 3512 Phinees
1340 3454 1588 3528 quidem
1630 3453 1956 3510 Israelitam
1985 3455 2047 3510 in
2076 3472 2187 3514 sua

539 3543 1190 3617 observavitnequitia,
1225 3546 1281 3599 et
1306 3542 1543 3598 hastam
1568 3540 1818 3609 intorsit,
1851 3548 2030 3615 atque
2052 3559 2185 3616 pro-

538 3638 765 3710 palavit
790 3639 1125 3708 peccatum,
1147 3637 1204 3689 et
1233 3635 1479 3688 caeteros
1500 3646 1572 3687 eo
1600 3630 1877 3703 exemplo
1904 3634 2184 3691 emenda-

536 3727 622 3784 vit
646 3744 660 3783 :
684 3725 788 3782 sed
820 3739 939 3780 uno
965 3721 1162 3779 solum
1194 3721 1254 3776 in
1294 3720 1428 3777 loco
1479 3720 1758 3792 repressit
1813 3720 2058 3794 crimen,
2082 3739 2183 3779 so-

532 3816 747 3888 losque
785 3814 1107 3887 praesentes
1136 3811 1344 3867 avertit
1380 3825 1417 3866 a
1445 3807 1687 3865 scelere.
1744 3811 2002 3867 Joannes
2042 3828 2184 3869 vero

533 3904 917 3962 vehementer
941 3900 1175 3958 zelosus
1200 3915 1310 3973 pro
1332 3900 1472 3965 Deo,
1518 3901 1576 3954 et
1627 3913 1811 3970 supra
1838 3913 1948 3955 nos
1975 3898 2182 3955 intelli-

533 4010 701 4067 gens,
725 4008 797 4050 ac
808 3992 967 4049 circa
986 4006 1097 4047 nos
1117 3993 1398 4061 satagens
1418 3985 1720 4058 jaculatus
1736 3990 1827 4043 est
1841 3986 2109 4060 quidem,
2127 3996 2184 4046 et

530 4098 805 4141 unacum
817 4085 1063 4154 peccato
1075 4082 1450 4152 peccatorem
1461 4075 1747 4143 confodit;
1768 4076 1876 4132 sed
1895 4077 2097 4134 statim
2119 4078 2182 4135 id

531 4172 669 4228 fecit
681 4171 901 4242 ubique
914 4173 1207 4236 notum,et
1218 4171 1504 4223 momento
1517 4181 1669 4238 pene
1684 4166 1958 4239 temporis
1978 4183 2180 4223 omnes

533 4258 1041 4329 sustulitiniquos,
1059 4256 1262 4312 litteris
1282 4255 1427 4327 ipsis
1450 4254 1720 4310 revelans
1740 4253 1932 4309 scelus
1957 4255 2179 4327 ubique

528 4348 799 4405 locorum
813 4344 873 4401 in
886 4349 1209 4417 conspectu
1223 4343 1497 4408 omnium,
1518 4348 1576 4399 et
1593 4341 1972 4413 deimpietate
1987 4342 2179 4397 trium-

2297 3195 2390 3247 οὐκ
2447 3198 2907 3267 ἐποὶησε;Χεῖρον
2946 3199 3038 3245 τοῦ
3082 3196 3449 3265 γεγεννηκότος
3504 3200 3562 3247 τό
3614 3203 3709 3247 τοῦ
3761 3204 3895 3250 Θεοῦ

2295 3286 2435 3344 ἔθνος
2478 3282 2696 3356 ἐμὶανεν.
2755 3281 2890 3336 Ἀλλ’
2945 3278 3060 3354 εὖγε
3119 3282 3525 3354 εὐστοχωτάτης
3595 3292 3688 3336 τοῦ
3741 3285 3890 3356 ἁγὶον

2296 3371 2490 3445 βουλῆς
2526 3373 2537 3427 ι
2577 3369 2691 3444 εὖγε
2738 3374 3086 3444 καιριωτάτης
3148 3370 3392 3443 πληγῆςὲ
3433 3378 3596 3434 Φινεές
3646 3379 3738 3446 μέν
3787 3378 3889 3447 γάρ

2292 3466 2379 3514 τόν
2407 3460 2737 3536 Ἰσραηλὶτην
2767 3467 2827 3519 τῆ
2892 3465 3052 3533 κακὶᾳ
3102 3456 3504 3534 πνδιετήρησε,
3556 3467 3647 3514 καί
3706 3462 3889 3516 ἁνετεὶο

2293 3561 2402 3603 νετο
2430 3546 2581 3625 δόρυ,
2604 3570 2693 3603 και
2751 3548 3081 3608 ἓστηλὶτευσε
3117 3553 3175 3602 τό
3221 3549 3529 3625 ἁμάρτημα,
3567 3557 3658 3604 καί
3699 3556 3756 3605 τό
3802 3551 3887 3605 ἀπ’

2293 3638 2482 3692 ὶκεὶνου
2534 3640 2655 3700 τούς
2705 3636 2915 3700 λοιπούς
2984 3636 3315 3713 ἐσωφρόνισε·
3391 3638 3524 3697 πλην
3577 3639 3652 3712 ἐφ’
3706 3640 3780 3693 έτί
3830 3647 3886 3695 τό

2292 3732 2433 3800 τόπῳ
2493 3727 2777 3801 άνὲσχηκε,
2822 3732 2912 3779 καί
2954 3730 3139 3799 μόνους
3181 3730 3304 3789 τούς
3358 3732 3763 3802 παρατυχόντας
3796 3738 3884 3793 τῆς

2293 3816 2552 3891 ἁμαρτιας
2572 3818 2993 3889 ἀνακεχαὶτισεν·
3043 3817 3069 3867 ὁ
3118 3812 3179 3869 δέ
3228 3820 3314 3869 τόν
3365 3816 3491 3891 ὑπέρ
3550 3824 3685 3871 Θεοῦ
3734 3817 3881 3881 ζῆλον

2290 3907 2439 3967 οὗτος
2460 3905 2639 3974 πολύς,
2681 3906 2707 3957 ὁ
2750 3907 2816 3957 τά
2866 3906 2992 3978 ὑπέρ
3042 3906 3180 3977 ἡμᾶς
3227 3909 3456 3973 συνετός,
3507 3910 3597 3957 καί
3645 3909 3711 3958 τά
3769 3906 3878 3959 καθ’

2289 3997 2427 4069 ἡμᾶς
2474 3999 2744 4067 νουνεχής,
2785 3997 3127 4052 κατηκόντισε
3183 3998 3294 4066 μέν,
3326 4014 3416 4047 και
3470 4002 3544 4065 τῷ
3596 4003 3740 4066 κακῷ
3790 3999 3872 4051 τήν

2287 4089 2471 4137 κακὶαν
2519 4082 2956 4146 συνεξεκεντησῑν·
3008 4082 3288 4154 ἅπανταχῆ
3345 4078 3399 4135 δ’
3448 4081 3635 4157 ἀθρόον
3687 4081 3872 4137 ἀνέδει-

2288 4173 2359 4241 ξε,
2405 4177 2495 4225 καί
2574 4171 2623 4224 ἐν
2689 4171 2870 4245 άκαρεῖ
2920 4178 3010 4224 τοῦ
3065 4174 3261 4244 χρόνον
3314 4173 3511 4233 πάντας
3544 4172 3868 4241 συνὲστειλεν,

2285 4265 2564 4337 γράμμασι
2610 4268 2719 4322 τοῖς
2772 4261 2948 4322 αὐτοῖς
3004 4266 3138 4312 πᾶσι
3184 4270 3429 4332 πανταχῆ
3481 4266 3576 4320 τήν
3626 4261 3869 4337 ἁμαρτὶαν

2286 4350 2640 4422 άνακαλὺψας,
2669 4354 2757 4403 καί
2800 4348 3153 4425 θριαμϐεῦσας
3206 4354 3263 4401 τό
3319 4368 3693 4424 παρανομημα.
3749 4351 3872 4422 Εῆε

527 4435 747 4509 phans.
783 4436 964 4491 Macte
1005 4437 1106 4489 tuo
1137 4432 1252 4488 isto
1281 4432 1344 4487 in
1388 4431 1488 4486 Dei
1532 4445 1716 4485 causa
1762 4428 1906 4500 zelo,
1954 4436 2180 4504 martyr

2295 4461 2372 4494 σοι
2398 4448 2489 4494 τοῦ
2515 4442 2649 4493 κατά
2702 4444 2830 4493 Θεὸν
2882 4439 3062 4507 ζήλου,
3107 4441 3305 4514 μάρτυς
3351 4438 3510 4502 ὅντως
3557 4437 3871 4512 άναὶμάκτεὶ

528 4526 837 4583 incruente
862 4523 873 4577 !
901 4525 1080 4579 Macte
1096 4520 1347 4577 ferventi
1373 4525 1473 4576 tuo
1491 4534 1633 4589 erga
1646 4517 1927 4574 eumdem
1942 4522 2173 4578 amore!

527 4619 709 4675 Macte
733 4611 919 4673 animi
940 4611 1023 4669 tui
1050 4610 1128 4669 ad
1158 4608 1394 4683 pietatis
1444 4608 1859 4664 defensionem
1913 4608 2173 4668 ﬁducia!

525 4709 709 4767 Macte
736 4703 945 4763 illustri
970 4706 1072 4761 tua
1093 4699 1511 4773 intrepidaque
1538 4698 1872 4756 constantia
1909 4700 1971 4755 in
2023 4717 2174 4774 prae-

525 4796 789 4857 dicanda
812 4793 1055 4853 veritate
1080 4792 1093 4849 Ξ

597 4909 683 4963 58.
710 4902 863 4971 Quid
884 4906 1083 4960 autem
1106 4900 1134 4957 ?
1155 4914 1235 4957 an
1264 4912 1410 4970 erga
1448 4895 1636 4953 Deum
1674 4909 1890 4969 resque
1938 4896 2174 4956 divinas

522 4994 608 5052 ita
631 4994 876 5052 affectus
906 4992 1002 5049 hic
1031 4990 1162 5061 fuit,
1191 4992 1249 5047 et
1285 4990 1441 5046 Deus
1490 5000 1630 5041 eum
1681 4999 1803 5041 non
1851 4987 2169 5059 promovit,

522 5086 701 5157 atque
712 5084 789 5140 ad
804 5083 1336 5156 maximaquaeque
1349 5076 1607 5148 suscepit
1628 5076 1654 5130 ?
1672 5076 2171 5150 lgiturquomodo

521 5187 660 5228 cum
689 5188 759 5228 eo
798 5172 982 5243 egerit
1017 5175 1191 5236 Deus,
1220 5170 1381 5227 disce
1402 5187 1419 5240 ς
1454 5172 1511 5223 et
1535 5165 1845 5237 quomodo
1875 5183 2013 5223 eum
2045 5185 2169 5225 sus-

520 5261 759 5335 ceperit,
792 5260 952 5318 audi.
988 5260 1260 5331 Suggerit
1293 5254 1841 5327 Hierosolymorum
1903 5257 2162 5326 antistiti,

517 5355 658 5408 tunc
692 5351 980 5408 obtinenti
1014 5350 1295 5406 thronum
1326 5346 1520 5404 fratris
1547 5344 2024 5412 Domini,lacobi
2057 5348 2162 5402 sci-
2214 5380 2217 5383 -

513 5439 649 5497 licet
676 5440 884 5497 fervidi
914 5439 1070 5495 illius
1096 5437 1365 5508 magistri
1405 5442 1583 5509 atque
1629 5436 1923 5507 praeconis
1950 5435 2164 5492 verita-

513 5530 586 5586 tis
610 5530 943 5603 (quomodo
969 5533 1168 5587 autem
1200 5527 1560 5600 suggesserit
1578 5533 1769 5599 taceo,
1797 5528 1941 5602 quia
1962 5527 2165 5584 invisi-

509 5619 702 5681 biliter
730 5636 836 5695 per
861 5620 1156 5682 interuam
1192 5619 1438 5692 Spiritus
1470 5619 1797 5682 motionem
1819 5618 1880 5675 id
1914 5618 2161 5687 factum)

2286 4530 2520 4602 Εὗγετοῡ
2548 4526 2806 4604 διαπὸρου
2836 4532 2967 4603 πρὸς
2995 4529 3081 4580 τὸν
3126 4531 3253 4580 Θεὸν
3303 4527 3514 4603 φὶλτρου
3555 4529 3567 4583 Ξ
3606 4529 3737 4600 Εὖγε
3784 4535 3878 4589 τῆς

2284 4621 2410 4693 ὑπέρ
2449 4627 2539 4680 τῆς
2596 4616 2859 4678 εὖσεϐεὶας
2926 4615 3557 4693 παρῥησὶαςΞΎπὲρευγὶ
3639 4636 3723 4669 σοι
3790 4622 3876 4668 τοῦ

2284 4715 2591 4783 περιφανοῦς
2611 4712 2701 4760 καί
2752 4705 2804 4770 ἐξ
2857 4705 3108 4782 άτρεστου
3155 4714 3245 4768 τῆς
3297 4705 3484 4777 ψυχῆς
3533 4710 3877 4780 παραστήμα-

2283 4816 2367 4861 τος
2397 4801 2523 4873 ὑπέρ
2549 4806 2643 4861 τῆς
2672 4797 2915 4858 άληθεὶας
2944 4799 3281 4871 κηρύγματος
3306 4796 3317 4850 l

2351 4905 2451 4965 νη’.
2493 4905 2649 4959 Ἀλλά
2687 4910 2737 4959 τὶ
2791 4912 2917 4977 γοῦν
2955 4904 3101 4965 οὗτος
3129 4906 3219 4976 μέν
3285 4901 3419 4955 οὕτω
3467 4903 3599 4976 πρὸς
3647 4921 3701 4955 τε
3752 4903 3873 4955 Θεόν

2280 5000 2370 5047 καί
2389 4997 2454 5048 τά
2480 4997 2605 5070 ὑπέρ
2638 5001 2771 5048 Θεοῦ
2799 5000 2923 5055 Θεὸς
2950 4990 3000 5046 δ’
3040 4995 3099 5046 ού
3153 4997 3422 5066 προσὶετο,
3474 4993 3503 5049 ἦ
3530 4989 3622 5043 οὐκ
3669 4990 3718 5044 ἐν
3770 4997 3873 5048 τοῖς

2277 5082 2510 5158 μάλιστα
2578 5080 3091 5160 προσεδεχετο;καί
3138 5083 3277 5144 ὁπως
3328 5087 3507 5134 τοῦτον
3580 5076 3696 5153 εἶχε
3750 5083 3873 5138 Θεὸς

2276 5176 2519 5246 μάνθανε,
2574 5178 2664 5226 καί
2705 5176 2842 5235 ὅπως
2909 5171 3326 5247 προσελάμϐανεν
3393 5167 3568 5223 ἀκουε.
3629 5166 3871 5223 ’Υποξάλο

2273 5262 2348 5315 λει
2386 5274 2457 5336 τῲ
2514 5273 2611 5317 τῶν
2656 5262 3022 5339 Ἱεροσολύμων
3071 5270 3449 5335 προστατοῦντι
3489 5266 3580 5312 καί
3637 5265 3721 5312 τόν
3764 5259 3869 5330 996-

2275 5373 2355 5405 νον
2411 5354 2521 5405 κατ’
2589 5352 2748 5406 ἐκεῖνο
2813 5360 2998 5426 καιροῦ
3054 5359 3144 5403 τοῦ
3191 5348 3531 5423 Ἀδελτροθεου
3620 5345 3866 5409 διεποντι,

2276 5439 2522 5493 Ἰακώϐου
2565 5441 2694 5514 λέγω
2749 5448 2841 5493 τοῦ
2885 5437 3209 5515 διαπρυσὶον
3268 5446 3363 5498 τῆς
3413 5436 3659 5498 άληθεὶας
3712 5429 3865 5488 διδα-

2275 5529 2467 5584 σκάλου
2498 5536 2586 5583 καί
2611 5535 2833 5606 κήρυκος
2875 5532 2952 5602 (τό
3006 5524 3057 5582 δ’
3102 5528 3241 5591 ὃπως
3287 5524 3564 5581 ὑποϐάλλει
3619 5524 3859 5600 παρίημι,

2272 5618 2502 5692 ἀοράτως
2548 5622 2647 5694 γάρ
2719 5624 2809 5674 καί
2884 5615 2952 5672 δι’
3010 5621 3278 5682 ἐπιπνοίας
3356 5624 3446 5670 τοῦ
3525 5610 3855 5687 Enimn“):
