4084 6206
201 306 303 362 88-1

1418 299 1488 358 IN
1528 299 1588 358 S.
1624 298 1820 358 JOAN.
1859 299 2359 361 DAMASCENUM.

3457 308 3568 361 882

197 426 578 503 πρεσϐυτέροις
631 431 813 479 τοῦτον
900 424 1302 497 συγκαταλέξαι,
1355 429 1445 478 καὶ
1505 433 1606 479 τῶν
1662 427 1803 480 κάτω

1929 427 2199 498 suggerit,
2222 427 2493 502 inquam,
2514 431 2578 486 ut
2591 429 2956 504 presbyteris
2977 431 3569 499 ascribatJoannem,

202 519 367 577 θύτην
403 519 710 590 μυστηρίων
749 513 1010 569 ἐκτελέσαι
1034 518 1121 568 τόν
1177 523 1276 569 τῶν
1343 516 1448 569 ἄνω
1507 520 1597 569 καὶ
1655 514 1803 586 οὖρα-

199 610 325 660 νίων
373 605 602 670 ἐπάξιον.
631 609 732 659 Καὶ
791 605 842 666 ὃς
871 609 1017 678 χρίει
1067 607 1125 658 τὸ
1182 607 1352 677 τάχος
1403 603 1805 678 μεταπεμψάμε-

197 713 306 764 νος,
330 700 558 758 καὶτοῖς
597 696 881 768 ἱεροθύταις
928 695 1218 761 συντάττει,
1251 697 1315 755 ὡς
1343 693 1403 748 ἂν
1459 691 1527 754 δὴ
1567 698 1624 747 τὸ
1671 697 1808 767 μέγα

201 787 352 858 θῦμα
377 783 668 858 καλλιεροίη
701 787 952 858 Χριστὸν,
1005 786 1063 836 τό
1111 785 1260 837 τνθεν
1320 786 1410 857 μεν
1462 783 1622 850 ἅπαξ,
1685 785 1807 836 θυό-

199 893 356 948 μενον
415 870 466 927 δ’
517 873 722 942 εἰσαιεὶ,
774 873 901 948 ὑπερ
955 881 1054 925 τῶν
1107 873 1248 936 ἅπαξ
1301 875 1392 946 μεν
1439 875 1803 941 πεπτωκότων,

197 963 324 1017 καθ’
355 962 579 1022 ἑκάστην
633 958 694 1016 δι
760 957 1208 1035 διασαλευομίνων
1242 963 1408 1035 ἡμῶν.
1449 967 1512 1016 Τί
1560 959 1620 1016 δὲ
1677 964 1808 1022 Θεὸς

197 1055 295 1126 μὶν
330 1051 466 1106 οὕτω
523 1072 633 1115 πως
689 1055 894 1124 ἔχρισε,
953 1055 1038 1104 καὶ
1083 1052 1248 1115 οὕτως
1304 1048 1577 1118 ἀνέδειξεν,
1632 1051 1807 1104 ὁποῖόν

199 1161 258 1196 τε
285 1139 403 1215 εἶχε
435 1146 524 1194 καὶ
557 1148 662 1202 τοῖς
696 1139 958 1216 πόρῥωθεν
989 1136 1024 1194 δ
1030 1137 1309 1200 ιεδήλωσεν
1342 1157 1356 1208 ;
1390 1142 1416 1193 ὁ
1447 1137 1497 1193 δ’
1545 1139 1808 1214 ὀλιγώρη-

202 1249 313 1298 σεν,
355 1231 388 1290 ἦ
417 1231 727 1302 καθυφῆκεν,
762 1229 793 1289 ἢ
854 1238 944 1290 τῆς
967 1229 1084 1282 κατ’
1129 1228 1314 1305 ἀρετήν
1356 1231 1629 1290 συντονίας
1681 1228 1809 1292 ὅλως

201 1318 505 1393 ἠμέλησενς
565 1320 824 1390 υῦμενουν
877 1314 1142 1390 οὐδαμῶς,
1215 1326 1400 1391 μακρῷ
1462 1320 1565 1391 γὰρ
1623 1317 1808 1371 πλείων

201 1408 436 1462 ἐντεῦθεν
472 1412 565 1467 τὴν
620 1409 916 1482 προθυμίαν
959 1406 1139 1481 ίφάνη,
1171 1411 1262 1461 καὶ
1298 1407 1468 1480 πολλῷ
1532 1427 1635 1460 τινι
1690 1409 1808 1482 θερ-

199 1501 419 1571 μότερος
475 1500 562 1551 τόν
639 1504 732 1550 τοῦ
800 1502 1042 1569 σώματος
1095 1498 1443 1570 ὑπωπιασμὼ
1499 1492 1806 1570 ἀνεδείχθη,

201 1591 303 1646 τήν
329 1605 385 1640 τε
411 1589 721 1640 ταπείνωσιν
777 1585 1114 1661 ὑψηλότερος,
1154 1590 1242 1640 καὶ
1305 1589 1434 1660 πρὸς
1487 1592 1662 1640 πᾶσαν
1718 1585 1810 1638 oil-

198 1674 298 1735 λην
355 1673 540 1750 ἀρετην
602 1672 954 1750 ἀκμαιότερος.
1033 1674 1122 1738 Ὠς
1170 1676 1272 1750 γάρ
1333 1676 1396 1728 οἷν
1460 1693 1536 1736 τις
1592 1682 1691 1728 τῶν
1745 1675 1812 1727 τά

1916 521 1972 574 et
2001 517 2278 591 supernis
2316 523 2496 592 atque
2525 520 2864 579 ccelestibus
2902 523 3200 596 mysteriis
3250 521 3570 592 dignatum

1915 605 2150 663 ordient
2177 606 2257 663 ad
2285 623 2358 664 ea
2402 624 2539 681 quae
2586 610 2645 666 in
2696 613 2859 668 terris
2917 617 3224 682 geruntur.
3280 610 3379 667 llle
3425 624 3568 679 ergo

1913 711 2056 753 mox
2085 697 2438 755 accersitum
2466 699 2721 771 inungit,
2751 705 2810 758 et
2836 689 2988 759 inter
3012 702 3350 758 sacerdotes
3393 699 3574 756 collo-

1915 790 2029 852 cat,
2046 790 2388 856 utmagnam
2399 787 2666 856 hostiam,
2682 790 2966 846 Christum
2994 791 3184 863 ipsum
3206 804 3435 862 nempe,
3462 789 3572 846 rite

1915 881 2246 942 consacret,
2259 892 2395 944 quae
2413 877 2596 934 semel
2612 879 2925 937 immolata
2942 879 3289 937 immolatur
3303 877 3572 952 quotidie

1916 979 2026 1038 pro
2041 964 2240 1036 nobis,
2254 965 2428 1023 semel
2439 966 2677 1040 quidem
2691 966 2903 1041 lapsis,
2917 969 3181 1042 quotidie
3193 984 3334 1024 vero
3351 967 3572 1040 impelli

1917 1053 1997 1110 ad
2021 1053 2264 1126 lapsum
2289 1054 2494 1111 solitis.
2526 1057 2717 1122 Quem
2741 1073 2878 1113 vero
2905 1058 2992 1115 sic
3021 1058 3192 1114 unxit
3219 1061 3276 1113 et
3305 1057 3390 1112 sic
3434 1071 3568 1114 eve-

1915 1143 2001 1200 xit
2031 1142 2205 1211 Deus,
2231 1145 2565 1218 quantique
2591 1145 2810 1204 faceret
2831 1147 3009 1204 etiam
3029 1147 3207 1217 longe
3227 1145 3436 1219 positis
3467 1145 3569 1202 deo

1915 1233 2304 1299 monstravit;
2327 1249 2403 1291 an
2421 1233 2704 1308 deinceps
2725 1236 3120 1306 negligentius
3147 1235 3284 1307 egit,
3318 1235 3567 1292 remisit-

1916 1336 2035 1394 que
2082 1320 2436 1380 industriam
2475 1327 2534 1380 et
2579 1325 2737 1382 circa
2787 1325 3018 1382 virtutis
3083 1324 3566 1381 exercitationem

1916 1409 2224 1480 elanguit?
2247 1410 2481 1468 Minime
2503 1427 2642 1469 vero
2662 1432 2675 1470 :
2711 1413 2816 1470 sed
2836 1413 3051 1470 exhinc
3067 1414 3360 1485 majOrem
3378 1412 3567 1470 multo

1917 1497 2106 1554 animi
2139 1497 2504 1556 alacritatem
2544 1500 2830 1558 adhibere
2881 1504 3040 1558 visus
3087 1505 3219 1569 est;
3261 1502 3323 1558 in
3366 1500 3569 1572 subju-

1919 1586 2118 1658 gando
2147 1603 2397 1662 corpore
2424 1587 2764 1659 ferventior,
2795 1591 2857 1647 in
2887 1606 2951 1647 se
2978 1589 3357 1647 humiliando
3380 1588 3570 1645 subii-

1918 1677 2092 1747 mior,
2115 1681 2296 1752 atque
2319 1678 2395 1735 ad
2418 1694 2663 1736 omnem
2701 1680 2881 1738 aliam
2921 1680 3200 1737 virtutem
3246 1678 3568 1736 robustior.

196 1761 337 1838 τῇδε
385 1763 794 1840 περιπολούντων
853 1762 1066 1839 ἀρχεῖα,
1121 1763 1354 1838 μείζονος
1400 1761 1582 1827 ἔπιϐἀς
1636 1762 1806 1827 ἀξίας,

1929 1767 2082 1824 Sicut
2099 1767 2260 1824 enim
2289 1783 2496 1826 eorum
2522 1769 2737 1842 aliquis
2753 1770 2857 1844 qui
2879 1776 3199 1828 versantur
3219 1769 3281 1826 in
3323 1767 3565 1842 palatio,

201 1853 558 1929 ἔνεργίστερος
615 1857 911 1912 κατασταίη
1005 1857 1095 1906 καὶ
1177 1854 1586 1928 προθυμότερος,
1667 1855 1806 1928 εἴπερ

201 1942 425 2015 εὐλόγως
452 1945 584 2016 πρὸς
629 1951 722 1996 τοῦ
781 1946 1120 2016 τετιμηκότος
1177 1941 1461 2016 ἐγκριθείη,
1513 1945 1602 1995 καὶ
1655 1941 1812 2005 αὐτὸς

200 2052 262 2106 γε
289 2035 424 2108 πρὸς
475 2032 639 2092 αὐτὴν
693 2031 1050 2104 ἄπιλογίσαιτό
1108 2033 1158 2084 οἱ
1207 2035 1265 2084 τὸ
1323 2030 1666 2104 ὀφειλόμενον,
1718 2035 1810 2084 καὶ

202 2127 266 2177 τό
317 2118 520 2176 δίκαιον
579 2120 879 2195 ἕπικρίνειεν
912 2142 926 2156 ο
967 2124 1037 2184 ὡς
1101 2117 1160 2175 δε
1201 2126 1292 2174 καὶ
1339 2121 1508 2188 οὗτος,
1543 2124 1674 2197 πρὸς
1719 2128 1812 2174 τοῦ

205 2213 316 2264 ἄνω
347 2210 624 2280 Βασιλέως,
664 2217 756 2264 τοῦ
803 2230 960 2284 μονον
1011 2209 1232 2282 ἀγαθοῦ,
1266 2217 1358 2263 τοῦ
1405 2213 1566 2282 μόνου
1609 2207 1813 2268 ἀλαθή-

206 2319 304 2355 του
337 2305 617 2370 Δεσπότου,
648 2303 708 2353 τό
741 2307 834 2362 τῆς
890 2302 1168 2373 ἱερωσύνης
1223 2295 1533 2372 δεδεγμένος
1586 2296 1810 2372 ἀξίωμα,

207 2392 274 2444 τὸ
301 2394 550 2464 μέγιστον
606 2388 914 2462 ἀξιωμάτων
973 2393 1062 2441 καὶ
1113 2394 1446 2461 τιμιώτατον,
1498 2391 1586 2440 καὶ
1636 2390 1815 2461 μόνοις

209 2485 322 2541 τοῖς
349 2481 486 2532 κατά
525 2481 612 2534 τόν
641 2482 804 2552 μέγαν
831 2485 1014 2532 τοῦτον
1041 2479 1172 2550 πρὸς
1237 2475 1479 2536 ἀλήθειαν
1539 2476 1814 2550 καταλαμ-

215 2567 494 2641 ϐανόμενον
574 2586 630 2622 τε
684 2572 775 2620 καὶ
855 2568 1288 2640 συντηρούμενον,
1371 2565 1710 2639 εὐθυμότερον
1761 2585 1818 2620 τε

213 2666 314 2721 τῆς
343 2657 676 2729 λειτουργιας
703 2655 999 2726 ἐπείληπτο,
1041 2657 1288 2730 καὶπρὸς
1341 2659 1436 2714 τὴν
1487 2663 1584 2717 τῆς
1629 2653 1816 2730 ἀρετῆς

216 2748 473 2822 ἕργασίαν
539 2751 913 2821 συντονώτερον
979 2741 1308 2818 διεγηγερτο.
1391 2742 1531 2798 Ἀλλ’
1612 2743 1815 2820 ἐπείπερ

217 2837 358 2892 οὕτω
411 2840 675 2908 γενναίως,
766 2834 873 2907 οὐχ
925 2835 1006 2888 ὅτι
1042 2836 1169 2909 πρὸς
1226 2832 1525 2900 πένταθλον,
1583 2832 1690 2886 ἀλλ’
1747 2833 1820 2896 εἰς

217 2924 506 3000 μυρίαθλον
728 2927 818 2977 καὶ
877 2925 1093 2997 φάμενος
1163 2921 1344 2994 ἔφθην)
1400 2918 1816 2995 ἀποδυσάμενος,

219 3017 504 3089 θαυμαστά
531 3015 619 3068 οἷα
664 3008 1021 3076 ἐπιδείξαιτο·
1063 3016 1153 3065 καὶ
1207 3013 1290 3064 ὅτι
1329 3030 1390 3083 γε
1438 3011 1688 3070 πλείστην
1732 3009 1822 3084 ίμ-

1919 1857 1968 1914 si
1987 1857 2065 1914 ad
2082 1857 2376 1930 majorem
2397 1859 2730 1916 ascenderit
2745 1861 3114 1930 dignitatem,
3137 1859 3570 1933 promptiorem

1920 1962 1983 2003 se
2003 1945 2084 2002 ad
2101 1945 2400 2020 obsequia
2419 1947 2675 2016 exhibet,
2705 1953 2770 2006 ut
2807 1947 2886 2005 ab
2907 1964 2979 2005 eo
2999 1949 3103 2022 qui
3140 1949 3341 2021 ipsum
3378 1947 3568 2003 hono-

1919 2035 2074 2092 ravit
2095 2035 2394 2106 judicetur
2433 2035 2496 2092 id
2532 2037 2800 2104 meritus,
2850 2052 3054 2093 secum
3103 2036 3229 2110 ipse
3274 2036 3568 2092 rationem

1919 2124 2113 2181 iniens
2132 2140 2254 2198 quo
2275 2128 2451 2198 pacto
2481 2124 2752 2182 debitum
2775 2141 2953 2182 suum
2970 2126 3128 2198 juste
3149 2124 3420 2182 exsolvat
3449 2141 3462 2180 :
3487 2124 3569 2180 ita

1922 2214 2100 2271 etiam
2121 2215 2406 2284 Joannes,
2429 2229 2466 2271 a
2493 2229 2632 2286 rege
2688 2229 2921 2284 regum,
2954 2214 3081 2271 solo
3123 2215 3286 2270 bono
3329 2229 3400 2269 ac
3440 2211 3569 2268 solo

1921 2319 2064 2360 vero
2091 2303 2339 2360 domino
2369 2309 2596 2372 nostro,
2663 2303 2978 2361 sacerdotii
3011 2303 3271 2360 donatus
3317 2302 3566 2365 honore,

1922 2392 2194 2450 omnium
2213 2392 2516 2450 honorum
2531 2392 2798 2450 maximo
2817 2397 2874 2450 et
2891 2391 3433 2459 venerabilissimo,
3452 2394 3509 2446 et
3536 2406 3574 2446 a

1924 2481 2066 2539 solis
2116 2481 2233 2555 ipsi
2284 2496 2493 2538 revera
2531 2481 2825 2538 similibus
2863 2480 3244 2554 suscipiendo
3286 2479 3575 2550 gerendo-

1927 2586 2063 2644 que,
2107 2571 2446 2644 promptius
2494 2570 2814 2644 capessivit
2858 2569 3255 2627 ministerium
3309 2583 3576 2638 sacrum,

1926 2667 2107 2734 atque
2146 2660 2226 2718 ad
2263 2659 2494 2718 virtutis
2529 2658 2758 2717 cultum
2819 2659 3162 2730 vigilantior
3223 2658 3576 2716 exsurrexit.

1928 2751 2257 2824 Postquam
2277 2753 2478 2807 autem
2499 2765 2629 2806 sese
2650 2754 2772 2806 tam
2794 2764 3099 2820 generose,
3125 2763 3248 2805 non
3301 2747 3383 2806 ad
3437 2763 3581 2820 pen-

1927 2840 2180 2898 tathlum
2200 2840 2219 2912 (
2227 2844 2291 2898 ut
2311 2839 2587 2912 superius
2603 2839 2832 2896 dictum
2853 2844 2987 2906 esti,
3006 2839 3109 2896 sed
3125 2838 3201 2896 ad
3215 2837 3579 2910 myriathlon

1928 2931 2541 3003 prmparavit,.quam
2589 2929 2853 2985 maxime
2905 2927 3265 2986 admiranda
3323 2925 3584 2998 patravit

1931 3019 2217 3089 facinora,
2251 3022 2562 3092 totumque
2591 3017 2653 3074 in
2678 3018 2769 3074 sui
2791 3016 3254 3073 admirationem
3284 3015 3582 3070 theatrum

217 3103 369 3159 ϐάλοι
393 3111 467 3174 τῷ
499 3105 691 3176 θεάτρῳ
715 3106 808 3162 τὴν
838 3101 1080 3166 ἔκπληξιν
1113 3122 1126 3135 ο
1157 3098 1290 3160 ἦσαν
1348 3097 1408 3154 δὲ
1441 3101 1545 3176 ἄρα
1591 3104 1650 3152 τὸ
1703 3101 1819 3154 θία-

1931 3108 2132 3182 rapuit
2158 3125 2171 3164 :
2202 3108 2498 3165 theatrum
2519 3121 2658 3163 vero
2683 3104 3018 3178 implebant
3037 3102 3290 3176 angelici
3317 3101 3578 3190 spiritus,

213 3212 341 3268 τρον
371 3195 500 3248 θεῖοί
525 3211 580 3246 τε
601 3193 912 3268 πληροῦντες
949 3190 1176 3264 ἄγγελοι,
1211 3191 1260 3244 οἰ
1311 3194 1400 3244 καὶ
1455 3196 1556 3244 τῶν
1618 3187 1822 3261 ἀγώνων

221 3278 358 3341 ἦσαν
412 3286 594 3336 τοῦτον
649 3281 1022 3354 ὑπερογάμενοι
1083 3298 1096 3313 ο
1154 3281 1243 3332 καὶ
1295 3273 1539 3350 δαίμονες
1591 3279 1826 3352 περιτρέ-

221 3388 429 3444 χοντες,
456 3368 622 3422 οἱκαὶ
656 3367 1147 3440 ἀντικαθιστάμενοι
1202 3369 1372 3438 τούτῳ
1427 3370 1517 3420 καὶ
1567 3364 1825 3440 πολυτρό-

221 3480 334 3523 πως
394 3459 732 3527 ἀντεπιόντες,
795 3464 885 3512 καὶ
950 3457 1340 3532 πολύμηχάνως
1397 3455 1822 3529 ἀντεγειρόμενοι,

223 3550 309 3612 οῦς
330 3554 424 3604 καὶ
471 3549 578 3622 οὐχ
625 3550 780 3608 ἦττον
836 3547 1087 3621 εὐτέχνως
1144 3547 1173 3606 η
1226 3550 1469 3619 γενναίως
1537 3549 1829 3618 κατηγωνί-

227 3657 379 3695 σατο.

294 3764 396 3818 νθῖ
425 3763 567 3817 Ἐπεὶ
606 3759 656 3816 δ’
689 3757 777 3816 οὖν
829 3762 964 3814 οὕτω
1021 3767 1189 3814 ταῦτα
1245 3755 1483 3828 διήνυτο,
1541 3759 1828 3836 ἀγέραστον

226 3849 278 3907 δ’
309 3850 547 3905 ἕπιπλίον
600 3850 896 3904 καταλιπεῖν
951 3849 1047 3902 οὑκ
1088 3846 1150 3908 ἧν
1200 3850 1349 3922 τάχα
1392 3852 1523 3923 πρὸς
1571 3856 1662 3901 τοῦ
1717 3868 1830 3902 στε-

223 3938 451 4016 φοδότου
480 3947 634 4008 Θεοῦ,
675 3941 728 3992 ὃν
781 3944 868 3993 καὶ
914 3938 1236 4011 ἀγωνοθέτην
1287 3937 1683 4011 προύστήσατο,
1737 3942 1828 3990 καὶ

223 4033 358 4107 πρὸς
385 4029 440 4082 ὃν
467 4028 699 4104 ἀρχῆθεν
726 4028 947 4103 ἀφορῶν,
1009 4028 1194 4082 ἑαυτοῦ
1231 4046 1286 4080 τε
1336 4028 1596 4100 ὁσημέραι
1643 4025 1828 4080 πλείων

226 4119 444 4193 ἐγένετο,
502 4125 607 4180 τοῖς
686 4118 862 4180 ἄθλοις
929 4116 1270 4192 ἀκμαιότερον
1332 4113 1630 4182 ἐπετείνετο,
1688 4115 1829 4178 τέλος

227 4205 287 4262 δὲ
315 4214 406 4261 καὶ
435 4210 501 4261 τὰ
528 4207 729 4281 μεγάλα
759 4203 1076 4275 διεπράξατο
1124 4209 1211 4258 καὶ
1265 4207 1595 4280 κατώρθωσε.
1650 4209 1713 4258 Τί
1770 4207 1828 4258 τὸ

226 4297 453 4352 ἐντεῦθεν
495 4303 586 4351 καὶ
627 4301 828 4369 γίνεται
855 4313 868 4364 ;
900 4303 1012 4350 Τῶν
1058 4303 1272 4370 μακρῶν
1339 4293 1607 4348 ἀναλαϐεῖν
1675 4293 1830 4348 ἒθελει

225 4391 395 4441 πόνων
429 4391 571 4454 Θεὸς,
612 4391 700 4440 καὶ
745 4393 854 4449 τοῖς
892 4391 1010 4462 περὶ
1049 4387 1208 4439 αὐτὸν
1259 4384 1451 4458 λογάσι
1509 4383 1830 4456 συγκαταλέ-

1934 3197 2232 3272 ejusmodi
2260 3193 2689 3254 certaminibus
2719 3193 2854 3267 plus
2870 3208 3057 3266 quam
3077 3192 3196 3249 dici
3220 3192 3408 3265 possit
3426 3189 3585 3247 oble-

1934 3288 2076 3346 ctari
2104 3286 2256 3346 soliti
2281 3304 2294 3343 :
2317 3284 2540 3343 diaboli
2561 3287 2761 3341 autem
2779 3281 3354 3349 circumcursabant,
3364 3280 3480 3352 ipsi
3500 3295 3585 3336 re-

1935 3377 2208 3436 sistentes
2247 3392 2317 3433 ac
2351 3372 2751 3447 multipliciter
2808 3376 3237 3445 repugnantes,
3290 3369 3467 3426 variis
3513 3384 3588 3425 ex

1935 3467 2190 3525 adverso
2234 3462 2528 3522 machinis
2558 3461 2865 3532 adhibitis,
2915 3476 3071 3534 quos
3107 3459 3203 3518 ille
3239 3458 3428 3516 nihilo
3481 3457 3587 3516 mi-

1935 3573 2053 3616 nus
2081 3555 2370 3614 industrie
2395 3567 2802 3626 generoseque
2822 3551 3154 3625 pugnando
3195 3547 3512 3622 superavit.

2011 3759 2096 3812 59.
2127 3751 2370 3810 Talibus
2407 3749 2807 3825 perfunctum,
2839 3763 2963 3805 non
2993 3753 3118 3805 erat
3154 3763 3286 3821 par,
3331 3745 3590 3819 relinqui

1936 3845 2435 3901 irremuneratum
2457 3855 2494 3896 a
2513 3841 2653 3907 Deo,
2684 3853 2866 3912 quem
2894 3837 3006 3893 sibi
3025 3840 3420 3909 proposuerat
3445 3849 3589 3904 ago-

1937 3932 2268 3998 nothetam,
2297 3933 2356 3986 et
2391 3929 2453 3984 in
2485 3943 2667 4001 quem
2693 3928 2820 3998 jam
2850 3925 2990 3983 inde
3019 3941 3056 3982 a
3079 3924 3367 3998 principio
3396 3923 3588 3978 inten-

1938 4027 2055 4088 tus,
2099 4021 2292 4092 seipso
2320 4016 2585 4091 quotidie
2643 4016 2826 4072 ﬁebat
2853 4017 3069 4086 major,
3127 4017 3185 4069 et
3229 4011 3305 4067 ad
3346 4025 3586 4084 pugnas

1937 4111 2145 4167 fortior
2158 4106 2544 4182 procedebat.
2559 4105 2828 4161 maxima
2841 4103 3100 4175 denique
3112 4116 3296 4174 opera
3308 4100 3386 4156 ad
3401 4099 3588 4155 ﬁnem

1936 4197 2291 4272 perducens.
2326 4194 2481 4262 Quid
2524 4193 2702 4265 igitur
2732 4196 2760 4248 ?
2788 4191 3052 4248 Prolixos
3077 4193 3208 4260 ejus
3234 4188 3473 4245 labores
3493 4202 3587 4242 su-

1938 4287 2164 4360 scipere
2204 4286 2396 4342 voluit
2445 4288 2618 4352 Deus,
2666 4296 2927 4354 eumque
2979 4278 3200 4336 sanctis
3245 4277 3368 4334 suis
3423 4291 3590 4333 asso-

1938 4379 2116 4441 ciare,
2131 4393 2167 4433 a
2178 4374 2603 4432 certaminibus
2616 4371 2917 4444 generosis
2927 4367 3584 4441 deincepsquieturum,

228 4479 334 4544 ξαι,
389 4483 479 4530 καὶ
513 4486 612 4530 τῶν
658 4483 918 4550 καρτερῶν
979 4475 1187 4547 ἀγώνων
1236 4471 1620 4540 διαναπαῦσαι,
1675 4480 1819 4526 τοῦτι

1939 4469 2090 4525 sicut
2109 4471 2166 4523 et
2187 4465 2339 4522 fecit.
2370 4465 2628 4538 Imperat
2648 4477 2791 4532 ergo
2821 4457 3253 4534 spectatoribus
3280 4472 3351 4514 ac
3382 4455 3590 4513 lauda-

230 4565 292 4622 δὲ
315 4571 408 4620 καί
434 4572 588 4622 ποιεῖ.
621 4571 802 4620 Τοίνυν
857 4569 942 4618 καὶ
1000 4563 1262 4636 ἐπιτρέπει
1313 4569 1424 4625 τοῖς
1480 4571 1579 4616 τῶν
1619 4561 1830 4634 ἀγώνων

230 4658 438 4716 θεαταῖς
488 4652 728 4728 ἀγγελοις
762 4654 791 4713 ἣ
849 4652 1118 4723 ἀγασταῖς,
1169 4656 1259 4704 καὶ
1310 4652 1360 4704 οἳ
1417 4650 1656 4726 λαμπρὰν
1701 4650 1832 4724 λαμ-

227 4753 376 4820 πρῶς
403 4747 498 4802 τὴν
525 4747 785 4818 μακαρίαν
833 4741 1154 4815 ἀνειληφότες
1183 4737 1340 4794 τοῦδε
1393 4739 1602 4812 ψυχὴν,
1643 4738 1691 4802 ές
1747 4739 1827 4792 οῦο

226 4837 414 4907 ρανοὺς
444 4831 777 4908 ἀναφέρουσι,
803 4836 893 4885 καὶ
955 4838 1072 4892 ταῖς
1123 4838 1224 4883 τῶν
1288 4828 1447 4902 ἁγίων
1501 4827 1710 4900 ψυχαῖς
1749 4847 1830 4880 σε·

227 4929 372 4984 πτῶς
421 4921 555 4993 ἄγαν
612 4923 1152 4994 συγκατατάττουσιν.
1215 4917 1348 4972 Ἀλλ’
1376 4921 1501 4978 ’ίσως
1551 4917 1610 4969 οὗ
1665 4917 1832 4990 μικρά

228 5029 311 5074 τις
362 5009 427 5063 ἆν
483 5008 877 5084 ἀμφισϐήτησις
958 5015 1068 5070 τοῖς
1121 5015 1220 5061 τῶν
1270 5006 1567 5079 ἁγίωνίκεί
1623 5024 1831 5058 συνεπε-

227 5106 426 5153 πτώκει
452 5105 660 5175 χοροῖς,
696 5100 796 5157 ὅπη
838 5117 894 5151 τε
920 5099 947 5150 ὁ
999 5099 1131 5160 θεῖος
1161 5095 1290 5171 ἀνὴρ
1340 5095 1490 5158 οὗτος
1541 5095 1828 5164 τετάξεται,

226 5192 362 5252 ἴσως
389 5185 446 5241 δ’
489 5186 550 5240 ἆν
579 5193 670 5241 καὶ
698 5192 850 5240 ποίου
881 5191 1142 5262 προσταίη
1175 5193 1342 5258 χοροῦ
1367 5191 1468 5237 τῶν
1497 5189 1616 5257 περὶ
1667 5187 1822 5238 Θεόν.

225 5277 287 5331 Ἠ
327 5281 419 5351 μεν
467 5279 569 5351 γὰρ
625 5279 737 5351 ἱερὰ
772 5283 873 5329 τῶν
926 5277 1202 5350 μαρτύρων
1257 5272 1470 5334 πληθὺς
1501 5272 1571 5334 εἰς
1619 5271 1834 5333 ἑαυτοὺς

231 5365 293 5419 διν
369 5365 761 5440 μετεκαλοῦντο,
830 5362 1010 5424 ἔπειδὴ
1071 5368 1161 5416 καὶ
1207 5362 1456 5437 λαμπρῶς
1499 5362 1630 5433 οῖγαν
1681 5361 1831 5422 οὗτος

231 5456 600 5530 ἀνωμολόγηκε
634 5460 727 5514 τὴν
763 5453 1026 5526 ἀλήθειαν,
1054 5457 1144 5506 καὶ
1171 5459 1363 5527 μικροῦ
1389 5448 1496 5506 δεῖν
1517 5453 1585 5504 τὰ
1626 5453 1834 5523 ἔσχατα

229 5547 474 5614 πέπονθε,
522 5544 618 5598 κᾶν
676 5544 745 5607 εἰς
773 5549 1108 5620 μετριώτερον
1163 5545 1214 5594 οἱ
1269 5543 1424 5615 θυμοὶ
1475 5548 1548 5611 τῷ
1604 5541 1834 5613 τυράννῳ

231 5635 548 5710 λωφήσειαν,
605 5638 695 5689 καὶ
748 5633 1044 5710 ἀφαιρεθείη
1087 5635 1248 5706 μόνης
1283 5639 1376 5694 τῆς
1437 5626 1633 5697 δεξιᾶς,
1690 5631 1839 5702 τάχα

1937 4556 2168 4616 toribus
2219 4554 2557 4611 facinorum
2595 4553 2724 4624 ejus
2753 4549 3001 4622 angelis,
3033 4552 3100 4606 ut
3143 4548 3386 4604 beatam
3427 4544 3588 4602 illius

1939 4647 2209 4704 animam
2241 4659 2312 4700 ac
2339 4643 2650 4700 virtutibus
2671 4638 3049 4714 splendidam
3081 4635 3395 4710 splendide
3436 4635 3587 4690 acci-

1939 4737 2106 4810 piant
2132 4733 2520 4804 deferantque
2545 4731 2606 4788 in
2631 4730 2868 4788 caelum.
2901 4729 3000 4785 llic
3029 4742 3172 4783 vero
3198 4740 3321 4781 non
3349 4723 3587 4780 medio-

1939 4825 2054 4882 cris
2082 4823 2330 4880 forsitan
2359 4821 2578 4878 exstitit
2621 4818 2981 4877 concertatio
3010 4816 3164 4872 inter
3205 4813 3421 4870 choros
3451 4827 3588 4869 san-

1939 4918 2191 4979 ctorum,
2211 4911 2462 4967 ubinam
2491 4909 2731 4966 divinus
2757 4908 2844 4963 vir
2879 4907 2986 4963 iste
3034 4905 3350 4968 locaretur,
3382 4904 3440 4958 et
3466 4899 3588 4958 cui-

1937 5020 2082 5061 nam
2103 5017 2330 5072 eorum,
2349 5000 2454 5073 qui
2473 5000 2592 5056 Deo
2617 4998 2918 5059 assistunt.
2949 4993 3145 5052 ordini
3163 4990 3586 5066 praeﬁceretur,

1939 5091 2166 5149 Etenim
2197 5089 2516 5146 multitudo
2557 5092 2890 5158 martyrum
2942 5084 3144 5156 ipsum
3170 5081 3464 5139 invitabat
3507 5080 3589 5138 ad

1939 5198 2024 5253 se,
2053 5179 2197 5254 quia
2225 5177 2509 5251 praeclare
2563 5176 2754 5233 fuerat
2804 5174 3115 5230 veritatem
3161 5171 3475 5229 confessus
3531 5174 3588 5227 et

1939 5275 2171 5328 tantum
2187 5284 2310 5326 non
2335 5273 2598 5325 extrema
2615 5281 2932 5340 perpessus
2955 5282 2968 5333 ;
2989 5262 3295 5337 quamvis,
3322 5259 3588 5318 emollita

1942 5359 2022 5417 ad
2079 5357 2540 5415 mediocritatem
2567 5355 2807 5429 tyranni
2859 5352 3192 5418 iracundia,
3233 5350 3361 5408 sola
3411 5347 3590 5405 fuerit

1941 5449 2186 5506 dextera
2218 5447 2483 5521 privatus
2514 5465 2528 5502 :
2561 5446 2665 5520 qui
2693 5443 3104 5502 verosimiliter
3147 5441 3368 5497 idcirco
3424 5436 3589 5494 diﬁ‘e-

1941 5537 2202 5602 rebatur,
2248 5551 2508 5609 superna
2537 5534 2804 5608 quadam
2857 5530 3256 5607 providentia,
3319 5542 3396 5584 ne
3452 5527 3591 5581 ante

1942 5631 2180 5700 tempus
2209 5625 2324 5684 cito
2353 5623 2683 5683 auferretur
2711 5623 2796 5680 vir
2843 5626 2967 5679 tam
3023 5617 3294 5690 insignis,
3340 5619 3398 5672 et
3447 5617 3592 5669 retas
