4084 6206
534 300 644 358 883
1736 296 2193 355 CONSTANTINI
2229 296 2709 359 ACBOPOLITE.
3792 303 3893 361 884

537 430 751 483 nostra
775 426 1109 497 privaretur
1166 420 1570 490 sermonibus,
1620 437 1775 493 quos
1823 439 2194 496 componens

2312 444 2363 496 γε
2419 427 2609 478 ἄνωθεν
2672 425 3056 499 ἇπισχεθέντος,
3112 432 3179 490 ὡς
3256 432 3329 501 μὴ
3392 428 3452 481 ἂν
3513 428 3567 492 ἐξ
3620 427 3891 504 ἀνθρώπων

540 515 862 571 Ecclesiam
887 514 1094 571 Cbristi
1117 512 1275 567 velut
1305 511 1380 565 de
1410 526 1570 566 novo
1594 510 1870 568 fundaret
1914 517 1970 568 et
2012 512 2194 568 mira-

2312 518 2404 588 πρὸ
2432 517 2569 587 ὧρας
2596 516 2750 567 καλὸν
2790 521 3008 589 γένοιτο,
3041 523 3129 570 καὶ
3193 520 3466 591 στερηθείη
3499 518 3661 589 λόγων
3693 521 3720 569 ό
3757 516 3889 590 βίος,

536 604 735 661 biliter
786 603 1139 658 adornaret:
1188 606 1401 657 utnon
1441 599 1659 667 dicam,
1708 605 1998 673 tanquam
2046 602 2196 657 exile

2312 603 2395 664 οῦς
2433 604 2586 675 ἦμελε
2616 606 2818 667 συνθεὶς
2850 606 2921 668 εἰς
2984 612 3144 659 νέωτα
3196 608 3441 682 στηριξαι
3488 627 3542 659 τε
3592 608 3754 668 καλῶς
3803 612 3890 665 τὴν

540 694 739 749 nimis.
764 692 931 764 quod
961 707 1108 763 opes
1137 695 1196 746 et
1224 690 1456 759 generis
1504 690 1833 747 claritatem
1882 692 2193 759 abdicarit,

2312 691 2619 751 Ἐκκλησίαν
2681 701 2916 768 Χριστοῦ
2987 701 3077 748 καὶ
3138 704 3545 768 κατακοσμῆσαι
3601 699 3893 769 θαυμασιὼ-

539 782 704 853 quod
723 783 852 852 jam
883 780 1023 835 inde
1046 797 1081 836 a
1112 796 1299 851 puero
1333 794 1599 835 amorem
1630 778 1833 835 saeculi
1859 796 1895 836 a
1921 795 1986 835 se
2006 796 2197 836 remo—

2312 800 2457 835 τατα.
2487 786 2685 856 Μικρὸν
2710 785 2808 858 γὰρ
2838 787 2969 858 πρός
2999 782 3127 838 τάδε
3153 784 3376 837 πλουτου
3431 805 3484 839 τε
3544 788 3888 859 μνημονεύειν,

538 872 708 938 verit,
732 869 898 943 quod
932 869 1111 924 simul
1132 868 1338 925 omnia
1370 868 1712 924 transitoria
1736 868 1902 925 nihili
1936 870 2196 926 aestima-

2312 876 2393 923 καὶ
2444 877 2773 944 περιφανείας
2821 872 2980 945 λέγειν
3042 873 3337 948 ἀφαίρεσιν,
3387 877 3466 927 ὅτι
3502 880 3591 927 καὶ
3650 874 3888 948 ἇιποστορ⁴

539 961 632 1015 rit.
659 959 769 1024 Qui
796 975 937 1014 vero
968 958 1137 1013 aliter
1155 974 1342 1030 quam
1378 956 1511 1011 fuso
1561 958 1852 1028 sanguine
1897 958 2187 1013 stabilive-

2312 980 2408 1031 γως
2437 964 2566 1035 πρὸς
2603 963 2669 1013 τὰ
2728 958 2859 1033 τῇδε
2921 961 2977 1013 ἐκ
3007 959 3195 1024 παιδός
3222 964 3367 1024 εὐθὺς
3397 961 3529 1035 εἶχε,
3560 969 3650 1016 καὶ
3706 963 3893 1027 ἀπαξά-

540 1052 680 1104 runt
710 1046 1053 1117 Ecclesiam,
1089 1047 1163 1102 ad
1194 1062 1254 1102 se
1277 1047 1442 1102 illum
1467 1045 1877 1111 traducebant,
1896 1046 1972 1101 de
2004 1061 2196 1118 eoque

2312 1068 2474 1101 παντα
2502 1057 2593 1101 τοῦ
2632 1047 2852 1121 μηδενὸς
2891 1050 3061 1113 ἠξίου.
3091 1054 3157 1104 Oi
3208 1071 3261 1105 τε
3300 1050 3368 1111 δὴ
3424 1053 3587 1114 ἄλλως
3645 1058 3739 1111 τὴν
3792 1053 3895 1106 Ἐκο

535 1138 672 1208 jure
710 1136 1094 1192 meritissimo
1124 1135 1552 1205 gloriabantur,
1601 1140 1664 1189 ut
1719 1136 1823 1206 qui
1870 1136 2029 1191 circa
2072 1134 2199 1190 reli-

2312 1136 2526 1195 κλησίαν
2585 1138 2912 1211 στηρίξαντες
2960 1144 3090 1213 πρὸς
3144 1140 3353 1201 ἑαυτοὺς
3406 1140 3465 1192 ἂν
3504 1142 3779 1212 μεθίστων,
3809 1146 3893 1193 καὶ

542 1227 782 1296 gionem
807 1226 1063 1297 plurima
1085 1225 1404 1295 scripserat
1422 1224 1851 1295 docueratque.
1891 1224 1975 1279 Illi
1996 1240 2195 1295 porro,

2312 1227 2370 1277 τὰ
2425 1226 2599 1277 εἰκότα
2656 1226 3050 1299 ἕπεσεμνύνοντο
3113 1232 3247 1281 πάνυ
3295 1248 3355 1300 γε
3416 1232 3482 1291 ὡς
3518 1229 3734 1281 πλεῖστα
3782 1236 3892 1303 περὶ

541 1317 646 1389 qui
672 1316 901 1372 ﬂuxam
924 1316 1081 1370 hanc
1112 1320 1380 1370 nostram
1405 1314 1784 1384 solutamque
1824 1313 2063 1369 vivendi
2105 1328 2198 1368 ra-

2312 1314 2571 1376 εὐσεϐείας
2597 1321 2686 1367 καὶ
2742 1317 3175 1390 συγγραψάμενον
3224 1322 3313 1369 καὶ
3367 1314 3681 1381 διδάξαντα.
3733 1323 3795 1371 Τί
3838 1316 3896 1371 δέ

542 1406 766 1460 tionem
781 1404 1156 1469 dimiserunt,
1184 1402 1510 1458 solitariam
1542 1402 2053 1474 austerioremque
2074 1418 2199 1458 am-

2312 1408 2396 1456 καὶ
2426 1406 2588 1456 οἰτόν
2618 1407 2776 1479 ὑγρὸν
2800 1411 2890 1457 καὶ
2945 1405 3209 1479 λελυμένον
3264 1410 3349 1459 τόν
3399 1409 3643 1482 ἡμέτερον
3700 1412 3894 1460 τουτονὶ

544 1494 725 1566 plexi,
748 1492 1044 1563 numquid
1075 1492 1205 1562 ejus
1235 1492 1514 1547 societate
1538 1491 1738 1545 ornari
1769 1490 1946 1547 etiam
1968 1491 2081 1561 ipsi
2101 1491 2199 1546 de-

2312 1492 2424 1565 βίον
2482 1492 2908 1565 ἁποστερξαντες,
2987 1500 3073 1547 τόν
3136 1493 3187 1548 δ’
3231 1495 3476 1569 ἕρημικόν
3534 1496 3756 1569 ὀλόμενοι
3810 1502 3895 1548 καὶ

546 1582 911 1645 siderabant,
952 1581 1132 1652 idque
1181 1580 1412 1651 optima
1453 1595 1525 1635 ex
1581 1579 1817 1635 causa?
1857 1579 1999 1644 Quis
2039 1580 2198 1635 enim

2312 1585 2669 1655 τραχύτερον;
2709 1584 2805 1635 οὐκ
2853 1583 2912 1636 ἆν
2945 1581 3013 1642 δὴ
3081 1584 3565 1655 ἐγκαλλωπισθῆναι
3620 1590 3709 1638 καὶ
3758 1586 3895 1637 οὗτοι

547 1670 745 1739 magis
801 1670 897 1724 illo
960 1669 1250 1724 saeculum
1292 1672 1347 1723 et
1400 1667 1697 1739 quidquid
1744 1668 1806 1722 in
1851 1667 2073 1724 saecula
2109 1672 2201 1723 est

2314 1673 2660 1742 συνταχθέντι
2693 1677 2870 1744 σφίσιν
2926 1674 3277 1741 ἠσπάσαντος
3314 1678 3413 1727 Καὶ
3468 1674 3610 1738 μάλα
3659 1674 3720 1725 ἂν
3771 1675 3897 1727 εἰκόο

550 1764 865 1817 aversatus
890 1762 994 1828 est,
1025 1763 1081 1813 et
1104 1757 1276 1828 plura
1305 1774 1374 1813 ac
1400 1758 1633 1826 majora
1670 1757 1961 1828 despexit,
2008 1756 2199 1813 nihili-

2312 1778 2404 1819 τως
2428 1777 2439 1788 '
2472 1765 2552 1821 τίς
2580 1766 2668 1811 καὶ
2695 1764 2797 1835 γὰρ
2836 1758 2993 1814 τοῦδε
3020 1761 3210 1834 μᾶλλον
3256 1766 3342 1814 τόν
3397 1762 3515 1835 βίον
3571 1769 3660 1815 καὶ
3717 1767 3781 1816 τὰ
3813 1770 3898 1815 τοῦ

544 1865 664 1921 que
703 1847 951 1903 omnino
989 1846 1326 1915 aestimavit,
1374 1844 1669 1917 quidquid
1706 1844 1972 1917 plerique
2012 1845 2201 1901 homi-

2314 1846 2436 1920 βίου
2467 1846 2846 1923 ἀπέστραπται,
2886 1856 2975 1903 καὶ
3032 1851 3187 1903 πλείω
3225 1855 3316 1903 καὶ
3363 1852 3528 1923 μείζω
3574 1858 3895 1927 περιεώρακε,

546 1954 695 1993 num
732 1936 981 1993 maximi
1029 1936 1273 2003 faciunt,
1327 1939 1505 2006 atque
1554 1934 1614 1989 in
1666 1934 1796 1991 sola
1833 1950 2007 1991 cruce
2041 1935 2200 2004 vixit,

2312 1942 2401 1992 καὶ
2454 1937 2625 2001 ἁπλῶς
2690 1946 2780 1991 τοῦ
2837 1935 3063 2011 μηδενός
3119 1937 3445 2014 διακέκρικεν
3502 1940 3627 2003 ἀξια
3682 1943 3749 1994 τὰ
3802 1948 3901 2001 τοῖς

544 2026 746 2083 nudus
775 2026 1023 2083 omnino
1050 2024 1316 2081 (Zhistum
1338 2028 1594 2081 secutus.

2312 2029 2518 2092 πολλοῖς
2585 2035 2852 2103 τιμώμενα
2906 2035 2996 2080 τοῦ
3060 2031 3268 2095 παντὸς,
3326 2034 3415 2081 καὶ
3470 2034 3610 2102 μόνῳ
3659 2029 3903 2092 συνέςηκε

2312 2128 2384 2190 τῷ
2418 2126 2647 2194 σταυρῷ,
2708 2120 2904 2192 γυμνὸς
2982 2116 3220 2175 ἁπάντων
3299 2118 3767 2183 κατηκολουθηκὼς
3837 2127 3903 2191 τῷ

2312 2216 2526 2283 Χριστῷ
2560 2225 2574 2276 ;

620 2318 708 2371 60.
733 2312 1014 2368 Existimo
1050 2316 1252 2368 autem
1281 2312 1445 2385 quod
1478 2312 1654 2368 etiam
1688 2314 1756 2378 is,
1809 2313 1914 2385 qui
1960 2313 2201 2370 tonitrui

2383 2297 2447 2360 ξ’.
2477 2296 2641 2370 Οἶμαι
2671 2295 2723 2350 δ’
2762 2301 2831 2361 ὡς
2859 2304 2949 2352 καὶ
2997 2301 3147 2361 αὐτὸς
3174 2302 3201 2352 ό
3259 2300 3480 2373 βροντῆς
3525 2303 3640 2362 υἱός
3695 2312 3907 2373 μετονο-

544 2402 703 2458 ﬁlius
729 2402 1191 2471 cognominatus
1212 2384 1321 2469 est,
1372 2406 1616 2473 propter
1672 2384 1845 2457 suam
1898 2402 2200 2471 grandilo-

2312 2388 2522 2459 μασθεὶς
2564 2384 2657 2440 διὰ
2684 2392 2780 2446 τὴν
2810 2387 3107 2463 ἡψηγορίαν
3154 2392 3357 2452 πάντως
3406 2394 3497 2442 καὶ
3549 2393 3644 2447 τὴν
3691 2394 3905 2462 φρικτὴν

546 2492 855 2564 quentiam
894 2496 951 2546 et
988 2490 1315 2545 verendam
1356 2490 1604 2545 omnino
1645 2490 2025 2560 theologiam,
2076 2505 2201 2547 non

2312 2476 2571 2547 θεολογίαν
2598 2476 2703 2548 οὐχ
2741 2478 2873 2537 ὅπως
2904 2477 2964 2528 ἂν
2989 2478 3149 2549 ἑαυτῷ
3202 2484 3291 2530 καὶ
3324 2486 3429 2539 τοίς
3479 2478 3598 2531 κατ’
3647 2478 3803 2530 αὐτόν
3854 2492 3905 2530 τε

546 2581 741 2635 solum
762 2579 1055 2651 judicavit
1080 2579 1280 2651 ipsum
1313 2594 1517 2634 secum
1559 2579 1857 2651 sociisque
1895 2580 2019 2634 suis
2059 2595 2203 2652 apo—

2312 2571 2399 2616 mi
2430 2569 2525 2617 σὺν
2549 2565 2690 2636 αὐτῷ
2722 2566 3171 2639 συγκαταλεγῆναι
3222 2576 3421 2640 χρῆναι
3475 2574 3657 2619 τοῦτον
3708 2567 3903 2641 ἆπέκρι-

548 2669 717 2724 stolis
749 2668 1025 2725 collocari
1048 2667 1304 2723 debere:
1340 2667 1443 2722 sed
1470 2666 1531 2721 id
1556 2667 1736 2723 etiam
1758 2667 1957 2739 reipsa
1998 2667 2203 2724 effece-

2312 2673 2387 2707 νεν
2423 2675 2436 2688 ο
2464 2652 2591 2706 ἀλλὰ
2636 2659 2725 2707 καὶ
2778 2652 2850 2707 δι’
2904 2658 3057 2730 ἔργου
3105 2655 3166 2708 ἂν
3221 2655 3538 2725 ἐπεποιήκει,
3587 2662 3676 2708 καὶ
3726 2656 3903 2728 λόγους

547 2758 637 2825 rit,
666 2759 927 2813 rationes
970 2756 1049 2812 ad
1082 2756 1143 2811 id
1187 2772 1481 2827 perquam
1526 2756 1724 2826 justas
1768 2756 2098 2822 adducens,
2148 2761 2205 2813 et

2312 2743 2552 2815 εὐλόγους
2605 2742 2925 2816 ἐπενηνόχει,
3006 2750 3095 2797 καὶ
3142 2752 3333 2819 μικροῦ
3381 2745 3771 2820 ἐπεμαρτύρατο
3814 2751 3900 2805 τὴν

548 2846 996 2919 propemodum
1032 2844 1329 2917 aequalem
1351 2844 1462 2900 sibi
1484 2847 1776 2900 Joannem
1816 2850 2201 2903 contestatus.

2316 2832 2551 2890 ἰσότητα.
2578 2833 2645 2885 Ἦ
2688 2836 2789 2906 γὰρ
2842 2833 2900 2885 οῦ
2960 2830 3174 2895 δεόντως
3212 2834 3397 2908 ἀκριϐῆ
3461 2840 3553 2886 καὶ
3606 2842 3789 2887 τοῦτον
3838 2838 3905 2896 ὡς

549 2935 829 3008 Nunquid
849 2935 1010 2990 enim
1042 2934 1551 2990 studiosissimum
1573 2934 1734 2989 hunc
1787 2933 1983 2990 virum
2033 2936 2205 3005 juxta

2312 2922 2492 2974 ἑαυτὸν
2528 2922 2762 2993 θεολόγον
2814 2926 3187 2996 «apio-ruant;
3242 2943 3300 2976 ου
3353 2925 3647 2996 παρθενονς
3700 2925 3760 2976 οὗ
3806 2932 3903 2976 τῶν

551 3041 758 3081 secum
777 3040 908 3080 esse
932 3023 1279 3092 theologum
1302 3023 1776 3079 demonstravit?
1797 3024 2074 3097 nunquid
2088 3024 2202 3079 vir-

2312 3016 2411 3085 πρὸ
2490 3011 2684 3063 αἰώνων
2765 3018 3069 3085 μυστηρίων
3146 3012 3450 3088 ἕκφάντορα,
3533 3018 3777 3066 καὶτῶν
3847 3010 3907 3067 ὄπ

552 3116 751 3187 ginem
766 3116 793 3168 ‘?
813 3114 1088 3186 nunquid
1115 3114 1538 3186 mysteriorum
1562 3128 1597 3168 a
1618 3118 1837 3169 saeculo
1858 3096 2201 3170 abditarum

2313 3100 2553 3172 ἰσχάτων
2578 3106 2668 3153 καὶ
2714 3096 2787 3153 δι’
2836 3104 2969 3174 ἡμᾶς
3013 3099 3329 3177 διαπρύσιον
3377 3107 3447 3167 ὡς
3497 3102 3704 3166 ἀληθῶς
3749 3109 3907 3178 κήρυ-

548 3186 912 3277 prazconem,
947 3209 1232 3259 eteorum
1263 3218 1398 3275 qum
1462 3203 1783 3274 postremis
1830 3203 2202 3275 temporibus

2312 3207 2415 3256 κα;
2444 3190 2505 3242 Εἰ
2536 3186 2595 3242 δὲ
2623 3194 2810 3263 καὶμὴ
2863 3190 2947 3243 hri
2992 3197 3049 3244 τό
3095 3200 3187 3245 τοῦ
3234 3198 3426 3268 Κυρίου
3481 3194 3676 3253 στῆθος
3727 3191 3909 3245 ἀναπε-

549 3295 707 3350 circa
727 3309 840 3349 nos
872 3296 1126 3362 agentur
1154 3291 1479 3347 ferventem
1507 3291 1958 3362 praedicatorem
1978 3294 2005 3348 Ἰ
2032 3291 2204 3358 Quod

2317 3285 2419 3331 σὼν
2448 3282 2651 3351 ἔτυχεν,
2678 3278 2807 3331 ἀλλὰ
2834 3288 2942 3342 τοῖς
2972 3287 3062 3332 τοῦ
3101 3286 3292 3353 Κυρίου
3353 3280 3527 3353 λόγοις
3554 3281 3904 3358 ἀνεπαύσατο,

550 3384 598 3439 si
622 3400 745 3439 non
776 3382 1048 3439 recubuit
1073 3397 1257 3453 supra
1287 3386 1492 3452 peetus
1521 3380 1772 3447 Domini,
1804 3381 2101 3453 acquievit
2120 3386 2203 3437 ta-

2313 3367 2546 3421 κάκεῖθεν
2583 3364 2649 3426 δὴ
2679 3374 2769 3421 καὶ
2798 3369 2948 3429 οὗτός
3000 3372 3069 3429 ὡς
3116 3368 3169 3431 ὶξ
3225 3367 3479 3422 ἁκενὼτου
3532 3378 3707 3441 πηγῆς
3752 3367 3906 3441 δαψι-

548 3490 686 3530 men
720 3473 917 3529 verbis
952 3471 1204 3539 Domini,
1238 3476 1417 3543 atque
1443 3471 1658 3526 exinde
1711 3471 1890 3526 etiam
1922 3472 2049 3543 ipse
2080 3476 2205 3527 tan-

2313 3458 2414 3520 λῶς
2437 3459 2569 3529 ἄγαν
2620 3462 2712 3515 τὴν
2746 3477 2928 3530 σοφιαν
2984 3459 3219 3531 ἠρύσατο
3250 3472 3265 3489 ’
3299 3459 3342 3511 εἰ
3396 3464 3467 3532 μὴ
3513 3464 3609 3518 τὴν
3651 3462 3905 3531 πάναγνον

552 3579 738 3636 quam
770 3577 801 3617 e
832 3561 992 3616 fonte
1024 3560 1377 3618 inexhausto
1406 3560 1716 3630 copiosam
1748 3559 1946 3615 hausit
1972 3560 2204 3632 sapien-

2316 3546 2644 3620 ἐνεχειρίσθη
2675 3552 2765 3599 καὶ
2803 3552 3110 3621 Θεομήτορα
3144 3546 3243 3619 (ἐπ’
3293 3548 3464 3611 ἄλλοις
3506 3552 3608 3623 γὰρ
3659 3546 3907 3602 διοικονο-

554 3653 718 3707 tiam.
757 3650 811 3706 Si
843 3649 1167 3721 purissima
1195 3649 1295 3704 Dei
1326 3651 1503 3705 Mater
1532 3648 1583 3703 ei
1612 3648 2036 3703 commendata
2082 3664 2205 3704 non

2317 3639 2547 3709 μηθῆναι
2598 3645 2762 3689 ταῦτα
2811 3645 2915 3697 τοῖς
2961 3642 3175 3710 χρόνοις
3214 3642 3340 3713 πρὸς
3403 3648 3498 3699 τῆς
3544 3638 3773 3712 μεγάλης
3823 3644 3905 3690 καὶ

556 3744 644 3797 est
664 3739 815 3807 (haec
829 3738 986 3794 enim
1004 3742 1065 3793 ut
1091 3737 1221 3793 aliis
1242 3730 1619 3807 temporibus
1635 3741 1965 3805 agerentur,
1981 3752 2208 3805 magna

2316 3726 2682 3784 ἀκαταλήπτου
2748 3731 2994 3799 Προνοίας
3048 3725 3349 3801 ἀφώριστο,
3396 3748 3486 3780 και
3544 3729 3603 3781 οὐ
3658 3749 3752 3781 του
3779 3731 3905 3780 κατὰ

556 3831 735 3899 atque
757 3824 1128 3883 inscrutabili
1150 3823 1251 3877 Dei
1276 3822 1652 3894 providentia
1673 3822 2059 3879 constitutum
2079 3824 2205 3892 fuit,

2315 3818 2402 3867 τὸν
2428 3818 2588 3887 μέγαν
2619 3822 2798 3867 τοῦτον
2830 3812 2963 3873 ἦσαν
3001 3818 3229 3887 καιροῦ),
3279 3814 3389 3869 ἀλλ’
3443 3814 3529 3869 οὖν
3584 3838 3677 3869 και
3733 3816 3908 3870 ἀνελά-

555 3933 665 3973 nec
694 3917 824 3987 ejus
871 3914 1111 3971 fuerunt
1169 3911 1392 3976 saeculi,
1450 3911 1623 3981 cujus
1672 3916 1873 3968 noster
1924 3918 2207 3981 sanctus),

2319 3902 2434 3956 ϐετο
2463 3907 2528 3956 τὰ
2556 3906 2680 3976 ὑπὲρ
2722 3904 2905 3973 αὐτῆς,
2953 3924 3041 3956 και
3092 3906 3265 3979 ὥσπερ
3314 3909 3507 3964 ταύτην
3571 3904 3908 3965 ἰδιοποιησά-

558 4004 1048 4063 commendatam
1082 4008 1282 4056 tamen
1311 3999 1423 4054 sibi
1449 3998 1662 4056 habuit
1687 4000 1816 4071 ejus
1843 4017 2113 4067 causam,
2155 4006 2210 4058 et

2320 4012 2465 4065 μενος
2491 3996 2853 4065 κατεκόσμησε
2878 4010 2888 4021 ·
2922 4012 3012 4045 και
3037 3992 3141 4065 οὐχ
3172 3996 3252 4046 ὅτι
3279 4013 3339 4067 γε
3384 3994 3575 4054 πολλὴν
3639 3996 3727 4048 ἐπί
3752 3999 3905 4067 ταύτῃ

557 4095 880 4166 ipsammet
908 4092 967 4145 in
995 4090 1117 4144 suis
1149 4104 1478 4144 numerans
1508 4089 1821 4146 exornavit
1852 4109 1866 4158 ;
1894 4106 2089 4163 neque
2121 4107 2210 4147 so-

2320 4086 2413 4141 τὴν
2464 4078 2599 4135 αἰὸὼ
2651 4086 3003 4156 συνετέρησεν,
3052 4081 3179 4135 ἀλλὰ
3230 4103 3320 4137 και
3376 4090 3537 4136 πᾶσιν
3580 4084 3754 4146 ἄλλοις
3821 4082 3910 4136 ἐνέ-

558 4183 685 4237 lum
706 4182 833 4253 ipse
864 4179 1051 4234 multa
1076 4195 1211 4235 eam
1243 4182 1329 4234 est
1353 4179 1685 4235 reverentia
1712 4184 2082 4250 prosecutus,
2107 4181 2210 4238 sed

2323 4170 2442 4224 ϐαλε
2475 4192 2487 4203 ’
2516 4169 2610 4222 κᾶν
2667 4169 2710 4222 εἰ
2760 4174 2831 4243 μὴ
2866 4174 3132 4244 παρέτυχε
3186 4180 3257 4242 τῷ
3303 4181 3534 4247 σταυρῷ,
3586 4172 3694 4226 ἀλλ’
3748 4174 3911 4233 ἠσπά-

559 4268 738 4325 etiam
768 4268 930 4322 hunc
966 4266 1246 4322 affectum
1276 4266 1529 4336 ingessit
1557 4266 1857 4322 omnibus.
1895 4268 1951 4323 Si
1981 4268 2035 4323 ei
2090 4284 2210 4325 non

2324 4279 2451 4313 σατο
2480 4262 2567 4311 τὸν
2600 4262 2844 4333 σταυρόν,
2873 4264 2963 4311 καὶ
2993 4260 3116 4334 παρ’
3146 4261 3259 4313 ὅλον
3315 4265 3401 4313 τὸν
3433 4261 3592 4314 αὐτοῦ
3620 4261 3738 4335 βίον
3766 4267 3910 4335 μόνον

561 4356 807 4425 contigit
833 4354 945 4410 sub
975 4371 1148 4410 cruce
1175 4356 1517 4415 consistere,
1577 4372 1818 4411 crucem
1867 4361 2066 4412 tamen
2114 4358 2210 4413 ad-

2323 4348 2380 4400 οῦ
2421 4352 2712 4423 παρίστατο
2769 4344 2818 4399 δ’
2862 4346 3220 4409 ἀναν-κλήσεως
3271 4372 3283 4382 ·
3337 4355 3426 4402 καὶ
3470 4350 3913 4424 κατεψηφισμένον

562 4444 783 4501 amavit
817 4447 872 4497 et
911 4441 1117 4513 quoad
1164 4442 1306 4496 vixit
1344 4459 1467 4512 prae
1508 4442 1694 4498 oculis
1735 4442 1964 4509 habuit,
2012 4446 2210 4501 Jesum

2323 4437 2457 4510 ἑώρα
2485 4441 2571 4489 τόν
2602 4437 2803 4496 Ἰησοῦν
2831 4443 2920 4489 καὶ
2948 4442 3143 4511 γυμνόν
3199 4437 3278 4491 ἐπὶ
3328 4442 3513 4492 τούτου
3559 4443 3645 4492 τόν
3711 4448 3916 4513 Σωτῆρα

561 4533 771 4590 mortis
800 4531 1157 4587 damnatum
1203 4531 1460 4601 intuens,
1494 4537 1550 4587 et
1575 4532 1806 4587 nudum
1858 4532 1917 4588 in
1973 4549 2046 4591 ea
2073 4550 2210 4606 pen-

2320 4529 2655 4599 κρεμάμενον,
2710 4531 2799 4578 καὶ
2845 4530 2902 4579 τό
2952 4528 3111 4587 πάθος
3165 4532 3406 4593 συνενόει,
3461 4534 3552 4582 καὶ
3605 4534 3700 4589 τὴν
3746 4533 3914 4585 κοινήν

562 4623 803 4679 dentem
822 4620 1189 4677 Salvatorem
1204 4636 1340 4674 cum
1365 4622 1656 4677 memoria
1671 4622 1970 4692 passionis
1984 4624 2035 4694 ej
2046 4639 2131 4695 us,
2156 4628 2210 4681 et

2324 4622 2581 4689 σωτηρίαν
2646 4615 2985 4687 ἀνελογίζετο,
3045 4618 3155 4670 ὅθεν
3209 4612 3277 4675 δὴ
3310 4623 3399 4670 καὶ
3458 4621 3542 4671 ἐπὶ
3588 4618 3781 4691 μᾶλλον
3829 4622 3916 4676 τὴν

562 4710 904 4770 communis
937 4707 1284 4764 salvationis
1316 4723 1420 4780 per
1450 4725 1588 4764 eum
1620 4714 1888 4781 patratae,
1924 4712 2084 4767 unde
2110 4728 2210 4769 ex-

2322 4706 2494 4778 σοὶρκα
2524 4724 2577 4758 τε
2619 4713 2888 4757 ταπεινοῦν
2936 4709 3025 4757 καὶ
3075 4708 3133 4757 τό
3198 4714 3401 4778 πνεῦμα
3452 4707 3752 4762 συστέλλειν
3800 4710 3919 4779 £1113-

561 4802 858 4860 citabatur
896 4798 974 4855 ad
1008 4813 1227 4869 corpus
1251 4797 1445 4866 magis
1473 4796 1875 4867 subigendum
1901 4800 2210 4871 subjicien-

2319 4813 2453 4867 ρετο.
2488 4793 2625 4853 Πλὴν
2653 4793 2759 4846 ἀλλ’
2792 4795 2882 4846 εἶθ’
2911 4795 3059 4855 οὗτος
3089 4799 3178 4846 καὶ
3207 4797 3256 4847 οἱ
3284 4799 3379 4848 σὺν
3430 4799 3618 4868 τούτῳ,
3665 4800 3769 4850 εἴτε
3818 4800 3918 4868 μὲν

562 4892 829 4962 dumque
852 4886 1103 4960 spiritui.
1139 4886 1449 4951 Caeterum,
1476 4885 1559 4940 uti
1584 4884 1695 4940 soli
1742 4888 1859 4943 Deo
1907 4890 2210 4962 Deumque

2320 4882 2487 4947 ἄλλος,
2524 4882 2615 4935 εἴθ’
2644 4884 2812 4958 ἔτερος
2866 4884 3003 4934 θείου
3038 4891 3218 4936 τοῦτον
3273 4889 3671 4958 προαγορεῦσας
3727 4892 3915 4959 χοροῦ,

561 4976 1086 5035 circumstantibus
1121 4981 1333 5031 notum
1364 4978 1470 5041 est,
1496 4990 1573 5029 an
1602 4974 1708 5030 iste
1729 4991 1867 5031 cum
1891 4978 2065 5034 sociis
2093 4980 2210 5035 sive

2320 4974 2464 5045 παρὰ
2490 4967 2736 5044 διαιτητῇ
2769 4979 2881 5042 Θεῷ
2916 4976 3009 5030 τὴν
3053 4980 3277 5024 νικῶσαν
3344 4974 3615 5046 ἠνέγκατο,
3671 4980 3811 5047 μόνῳ
3861 4971 3914 5024 ἂν

562 5067 715 5122 alius
762 5083 833 5122 ex
890 5067 1092 5123 divino
1143 5066 1346 5131 choro,
1403 5079 1541 5119 eum
1592 5063 1705 5119 sibi
1752 5065 2051 5123 vindicare
2117 5084 2210 5123 cu-

2323 5069 2435 5133 Θεῷ
2469 5065 2556 5113 καὶ
2593 5068 2700 5123 τοῖς
2741 5067 2857 5135 περὶ
2887 5064 3008 5115 Θεὸν
3040 5064 3115 5121 εἴη
3139 5067 3369 5131 γνωστόν
3403 5083 3415 5095 ·
3458 5064 3538 5115 ὄτι
3570 5059 3631 5116 δε
3660 5069 3752 5117 καὶ
3783 5064 3916 5134 παρὰ

561 5156 750 5227 piens,
784 5155 1245 5226 prmrogativam
1276 5153 1471 5209 tulerit
1501 5170 1537 5208 a
1566 5154 1745 5208 totius
1777 5169 1974 5210 causa
2013 5155 2210 5212 diribi-

2323 5161 2435 5224 Θεῷ
2466 5157 2553 5205 καὶ
2589 5152 2637 5205 ἐν
2667 5158 2777 5215 τοῖς
2803 5152 3036 5226 μάλιστα
3062 5162 3158 5207 τῶν
3216 5159 3333 5228 περὶ
3364 5157 3491 5207 Θεὸν
3544 5158 3812 5217 τέτακται,
3869 5149 3917 5210 ἐξ

558 5248 685 5298 tore
714 5245 851 5303 Deo,
880 5241 961 5296 ita
982 5256 1052 5296 ex
1090 5242 1161 5297 iis
1211 5258 1346 5314 quae
1402 5241 1666 5296 diximus
1715 5258 1968 5315 quaeque
2024 5244 2210 5301 multo

2320 5242 2386 5292 ὧν
2414 5261 2465 5295 τε
2501 5242 2784 5317 εἰρήκειμεν
2834 5246 2923 5294 καὶ
2976 5240 3028 5306 ἐξ
3075 5242 3141 5294 ὧν
3196 5244 3329 5295 πάνυ
3362 5239 3419 5294 δὲ
3473 5242 3673 5295 πολλῶν
3716 5240 3911 5315 παρελέ·

558 5329 731 5402 plura
757 5328 1243 5401 praetermisimus
1283 5328 1664 5384 manifestum
1721 5333 1903 5402 atque
1962 5332 2210 5387 certissi-

2321 5350 2496 5403 πομεν,
2532 5327 2747 5389 εὔδηλον
2777 5351 2831 5384 τε
2859 5336 2949 5383 καὶ
2975 5337 3395 5404 γνωριμώτατον.

556 5435 724 5477 mum
754 5421 859 5483 est,
890 5415 1050 5488 quod
1082 5432 1117 5472 a
1151 5419 1267 5472 Deo
1298 5416 1622 5473 collocatus
1677 5417 1752 5474 sit
1775 5418 1928 5475 inter
1950 5435 2054 5476 eos
2106 5422 2210 5494 qui

553 5506 813 5580 proximi
835 5504 949 5560 sibi
974 5504 1283 5561 assistunt.

625 5600 711 5653 61.
754 5598 918 5653 Nunc
939 5609 1050 5677 age
1080 5593 1296 5652 chorus
1318 5594 1512 5651 omnis
1522 5594 1846 5677 justorum,
1878 5613 2118 5681 oremus
2149 5603 2206 5656 et

2385 5598 2485 5662 ξα’.
2516 5602 2696 5673 Τοίνυν
2727 5594 2876 5653 δεῦτε
2920 5594 3012 5669 δὴ,
3073 5601 3239 5675 χορός
3290 5597 3536 5670 εὐσεϐῶν,
3586 5596 3906 5663 δυσωπήσω-

3756 6004 3860 6173 1
