4084 6206
209 307 315 361 885

1432 303 1502 360 IN
1541 304 1599 362 S.
1636 304 1833 362 JOAN.
1872 306 2364 365 DAMASCENUM.

3468 315 3576 372 886

207 447 302 500 μεν
338 433 431 481 καὶ
483 431 677 502 θερμῶς
728 429 882 482 αὐτόν
937 432 1272 501 ἱκετεύσωμεν
1327 432 1626 502 μεμνῆσθαι
1673 433 1818 502 ἡμῶν

1934 432 2226 488 ferventer
2255 434 2662 506 supplicemus
2691 435 2794 504 illi,
2819 440 2885 492 ut
2908 435 3046 492 velit
3065 440 3344 492 nostrum
3369 438 3578 492 memi-

205 523 344 592 πρός
401 523 521 571 Θεόν
584 524 674 570 καί
721 521 1184 592 ὑπερεντυγχάνειν
1239 523 1404 589 τοὺτῳ
1454 515 1700 580 διηνεκῶς
1731 528 1821 572 τοῦ

207 614 390 658 κοινοῦ
444 627 497 659 τε
547 607 656 679 ἆμα
712 613 801 660 καί
858 617 949 669 τῆς
998 607 1309 669 Ἐκκλησὶας
1376 608 1740 682 πληρώματος·
1797 611 1822 662 ὃ

207 701 303 747 καὶ
354 703 443 746 νῦν
483 695 587 768 οὐχ
641 697 792 754 ἧττον
832 697 860 755 ἦ
905 700 1090 749 τούτου
1142 699 1407 770 περιόντος
1455 699 1480 749 ό
1527 696 1823 773 ἀρχέκακος

211 780 483 856 διενοχλεῖ
530 792 772 852 σατανᾶς,
811 791 897 837 καὶ
963 783 1074 858 ἰδίᾳ
1160 788 1496 860 ὑπερηγορείν
1548 797 1641 840 του
1699 791 1824 842 καθ-

211 875 453 924 έκαστα·
486 876 550 934 ὡς
606 878 923 948 καταρτίσαι
977 878 1066 946 μὲν
1120 876 1326 936 πάντως
1403 885 1544 934 κοινῆ
1601 876 1670 939 εἰς
1728 881 1822 935 τὴν

211 963 356 1012 κατὰ
384 965 510 1014 Θεὸν
563 963 802 1034 ὁμόνοιάν
854 982 907 1014 τε
963 968 1052 1015 καὶ
1105 965 1415 1035 σύμπνοιαν,
1473 965 1732 1038 ῥυθμίσαι
1763 962 1822 1018 δέ

210 1055 306 1101 καὶ
338 1051 424 1102 ἕνα
447 1052 564 1103 καθ’
594 1051 773 1104 ἑαυτὸν
803 1052 1020 1104 ἕκαστον
1049 1048 1301 1104 διαλῦσαί
1356 1072 1410 1105 τε
1452 1059 1545 1110 τὴν
1590 1054 1819 1125 ἐπέχου-

215 1157 316 1189 σαν
367 1143 424 1191 τό
476 1146 576 1192 πᾶν
626 1137 747 1193 τόδε
796 1146 1162 1212 σκοτόμαιναν,
1202 1143 1291 1192 καὶ
1331 1137 1677 1194 διεσκεδάσαι
1724 1147 1819 1201 τὴν

209 1223 527 1298 καταιγίδα,
589 1233 677 1280 καὶ
724 1232 783 1280 τὸ
839 1225 1004 1281 δεινὸν
1043 1234 1426 1302 καταστορέσαι
1465 1239 1558 1292 τῆς
1609 1231 1818 1290 Ἐκκλη-

211 1319 339 1377 σίας
389 1313 694 1386 κλυδώνιον,
742 1321 832 1369 καὶ
891 1314 1006 1390 ἰδίᾳ
1053 1313 1105 1370 δ’
1135 1315 1199 1370 αὖ
1252 1324 1340 1370 καὶ
1385 1321 1500 1371 καθ’
1558 1321 1642 1371 ἕνα
1693 1324 1818 1394 πρὸς

209 1400 390 1456 εὔδιον
421 1409 508 1456 καὶ
558 1412 815 1481 σωτήριον
864 1403 1098 1459 διιθύναι
1153 1407 1352 1477 λιμένα,
1395 1411 1459 1459 τά
1504 1417 1602 1460 τῶν
1650 1408 1815 1480 ἐμπα-

208 1495 316 1546 θῶν
375 1493 638 1565 λογισμῶν
684 1497 1076 1547 κατευνάσαντα
1145 1499 1372 1567 κύματα,
1420 1499 1512 1556 τὰς
1567 1495 1818 1568 βιωτικὰς

210 1578 360 1642 δῆτα
418 1587 692 1654 μερίμνας,
750 1586 843 1645 τὰς
889 1582 1074 1657 ἀγρίας
1149 1593 1246 1646 τῆς
1295 1582 1483 1656 ψυχῆς
1540 1584 1812 1652 λαίλαπας,

208 1671 299 1742 ὑφ’
351 1671 418 1721 ὧν
469 1673 494 1722 ό
542 1671 854 1743 κυϐερνήτης
900 1681 1017 1734 νοῦς
1063 1678 1444 1748 περιτρέπεται,
1489 1679 1580 1726 καὶ
1626 1675 1816 1726 οἰάκων

1933 523 2093 577 nisse
2116 523 2280 595 apud
2307 524 2514 588 lleum,
2573 541 2832 598 eumque
2867 531 3156 598 perpetuo
3199 525 3576 598 interpellare

1932 627 2042 683 pro
2068 613 2347 668 universa
2374 613 2751 670 multitudine
2780 615 3074 684 Ecclesiae,
3107 631 3291 687 quam
3318 631 3443 671 non
3466 616 3575 671 mi-

1932 716 2047 756 nus
2077 701 2210 771 hoc,
2247 717 2431 773 quam
2469 719 2593 774 quo
2619 704 2747 776 ipse
2777 702 3014 759 vivebat
3048 708 3336 774 tempore,
3369 711 3576 760 auctor

1931 791 2230 846 malorum
2252 797 2495 847 satanas
2511 792 2762 858 infestat,
2782 797 2839 848 et
2863 792 3110 861 singulis
3126 792 3291 863 quod
3315 793 3576 848 maxime

1932 880 2536 953 convenitimpetrare
2550 881 3007 953 patrocinando;
3030 887 3314 937 utomnes
3327 881 3572 953 quidem

1931 969 2328 1026 communiter
2348 970 2724 1026 stabiliamus
2747 970 2805 1025 in
2837 986 2976 1025 vera
3012 970 3344 1025 secundum
3387 973 3574 1027 Deum

1929 1059 2271 1114 animorum
2303 1059 2646 1127 concordia,
2675 1058 2887 1128 singuli
2915 1075 3055 1114 vero
3093 1058 3393 1128 sigillatim
3429 1058 3576 1114 libe-

1927 1149 2136 1199 remur
2158 1145 2235 1200 ab
2267 1161 2356 1210 ea,
2390 1162 2524 1218 quae
2551 1145 2895 1201 universum
2920 1161 3082 1200 nunc
3125 1151 3403 1218 occupat,
3436 1145 3574 1203 cali-

1928 1232 2084 1301 gine;
2129 1240 2192 1289 ut
2231 1234 2554 1306 dissipetur
2613 1239 2933 1306 tempestas
2954 1239 3011 1290 et
3052 1235 3249 1303 gravis
3299 1233 3571 1290 Ecclesiaa

1921 1323 2165 1394 jai-tatio
2189 1325 2595 1396 conquiescat,
2630 1329 2809 1397 atque
2836 1325 2908 1380 ita
2935 1339 3146 1379 omnes
3177 1327 3232 1379 et
3253 1323 3470 1393 singuli
3489 1324 3568 1380 ad

1927 1413 2196 1485 quietum
2227 1414 2432 1469 salutis
2473 1420 2713 1486 portum
2751 1415 3105 1483 dirigamur,
3147 1413 3571 1485 componendo

1926 1502 2144 1557 ﬂuctus
2174 1503 2658 1575 perturbatarum
2683 1503 3113 1573 cogitationum
3134 1506 3191 1557 et
3234 1502 3432 1557 saeculi
3472 1519 3571 1557 cu—

1924 1605 2043 1660 ras,
2076 1591 2297 1663 quibus
2323 1595 2615 1662 tanquam
2644 1592 2816 1646 saevis
2829 1590 3048 1646 animae
3078 1590 3376 1661 procellis,
3397 1605 3568 1645 mens

1925 1680 2310 1749 gubernatrix
2337 1681 2779 1750 circumagitur,
2812 1685 2869 1735 et
2895 1679 3078 1734 invita
3105 1693 3348 1750 quoque
3377 1678 3571 1734 dimo-

210 1762 356 1812 ἄκων
399 1762 628 1831 μεθίεται
666 1771 757 1822 τῆς
805 1760 1149 1822 ἕπιστατικῆς
1216 1771 1316 1814 τῶν
1362 1761 1610 1834 ψυχικῶν
1655 1760 1815 1816 δυνά-

1929 1773 2093 1824 vctur
2122 1785 2158 1826 a
2183 1768 2590 1838 gubernaculo
2607 1767 2980 1842 praesidentis
3005 1767 3163 1824 circa
3181 1783 3278 1823 res
3300 1766 3572 1838 spiritua-

210 1868 374 1924 μεως,
430 1854 518 1901 καὶ
569 1857 772 1921 ναυτιᾷ,
821 1855 912 1902 atati
960 1850 1177 1922 ἰλιγγιᾲ,
1230 1856 1314 1903 καὶ
1345 1852 1590 1914 καθάπαξ
1636 1853 1816 1916 εξαπο-

211 1945 312 2012 ρεί,
373 1942 461 1990 καὶ
503 1945 619 1999 ταῖς
661 1939 746 1990 ὑπ’
801 1939 954 1991 αὐτόν
1026 1935 1283 2011 δυνάμεσι
1333 1939 1818 2010 συγκαταϐαπτίζε-

211 2047 327 2095 ται,
361 2032 450 2079 καὶ
479 2025 628 2100 βυθῷ
677 2026 927 2089 ἀπωλείας
971 2025 1397 2098 ωγκαταδύεται
1429 2048 1441 2060 ο
1467 2027 1524 2089 ἃς
1553 2029 1817 2102 σύμπλους

211 2119 306 2187 μὲν
338 2114 498 2186 ἔλαχε
549 2120 638 2168 καὶ
693 2119 819 2190 πρὸς
876 2119 1148 2190 ἐμπορείαν
1203 2118 1500 2190 συνερίθους
1549 2117 1815 2188 γαληνιον,

215 2209 623 2274 συνναυαγήσας
682 2200 742 2256 δέ
790 2225 901 2266 πως
964 2210 1052 2257 καὶ
1128 2209 1588 2278 συμπεριτραπεὶς,
1658 2205 1815 2259 ἀπόλ-

211 2291 339 2344 λυσί
358 2311 411 2345 τε
439 2297 530 2346 καὶ
560 2291 960 2349 συναπόλλυται.

284 2576 388 2650 ξβ.
433 2577 588 2630 una
639 2574 862 2650 δεόμεθά
916 2596 1032 2649 σου,
1085 2581 1282 2652 μάκαρ,
1334 2584 1424 2632 καὶ
1476 2583 1678 2652 πρόσου
1729 2584 1818 2632 τὸν

211 2668 409 2720 ἱκέσιον
453 2687 466 2701 ·
520 2672 609 2720 καὶ
650 2675 738 2718 νῦν
775 2671 864 2739 μεν
923 2667 1138 2720 αὐτόθεν
1189 2670 1255 2719 τὰ
1306 2668 1424 2720 καθ’
1468 2669 1602 2739 ἡμᾶς
1657 2670 1816 2734 ἴθυνε,

208 2758 471 2817 καὶπρὸς
519 2761 780 2828 σωτηρίαν
830 2751 1139 2826 καθοδήγει,
1193 2761 1283 2808 atati
1327 2765 1420 2814 τῆν
1475 2757 1616 2818 θείας
1663 2754 1821 2831 Ἐδεμ

209 2849 636 2909 κατασκήνωσιν,
680 2844 750 2906 εἰς
791 2839 850 2896 δε
902 2845 1052 2905 αυθις
1109 2849 1199 2896 καὶ
1245 2847 1378 2916 μετὰ
1431 2848 1525 2902 τὴν
1574 2845 1820 2898 ἀνάλυσιν

213 2933 481 3007 πρόστηθι
508 2934 726 3004 θερμῶς,
759 2935 827 2994 ὡς
855 2933 916 2984 οἶν
961 2951 1021 3004 γε
1057 2940 1151 2994 τῆς
1195 2933 1406 2985 αἰωνίου
1458 2937 1528 3004 μὴ
1584 2932 1820 3006 ἀστοχή-

215 3039 404 3093 σαιμεν
454 3019 808 3088 ἀπολαύσεως,
861 3025 950 3074 καὶ
1004 3029 1094 3081 τῆς
1147 3020 1413 3094 ἀκηράτου
1491 3030 1692 3094 τρυφῆς
1749 3028 1818 3094 μὴ

1923 1857 2009 1913 les
2041 1858 2334 1928 potentia},
2366 1865 2660 1929 tanquam
2712 1872 2943 1913 nausea
2969 1856 3373 1927 vertigineque
3397 1859 3454 1911 et
3474 1855 3572 1911 de-

1924 1945 2111 2018 liquio
2139 1945 2449 2014 laborans,
2483 1945 2817 2000 simulcum
2834 1944 3120 2015 subjectis
3163 1943 3274 1999 sibi
3293 1944 3571 2015 potentiis

1927 2034 2374 2104 submergenda
2404 2034 2768 2106 etprofundo
2797 2032 3142 2104 perditionis
3187 2031 3568 2097 involvenda;

1925 2123 2015 2190 iis,
2047 2124 2317 2196 inquam,
2344 2121 2643 2196 potentiis,
2677 2137 2830 2194 quas
2864 2120 3058 2177 socias
3084 2120 3485 2190 navigationis
3515 2125 3573 2176 et

1925 2212 2261 2284 tranquillae
2301 2212 2719 2282 negotiationis
2761 2209 3081 2283 participes
3120 2209 3348 2264 futuras
3395 2223 3569 2264 mens

1925 2301 2174 2373 accepit,
2205 2299 2588 2373 naufragium
2615 2304 2815 2355 autem
2862 2297 3416 2370 quomodocunque
3469 2313 3570 2368 pa-

1926 2391 2077 2447 tiens
2120 2397 2301 2463 atque
2339 2389 2651 2456 subversa,
2702 2387 2916 2461 perdit,
2968 2391 3024 2443 et
3065 2401 3189 2444 una
3234 2402 3375 2444 cum
3422 2385 3570 2460 ipsis

1926 2479 2212 2552 perditur.

1999 2591 2087 2648 9.2.
2117 2590 2238 2657 Ego
2267 2603 2430 2656 vero,
2461 2604 2499 2644 ο
2545 2588 2740 2656 beate,
2767 2602 2876 2643 oro
2906 2590 2980 2653 te,
3018 2586 3354 2658 supplicem
3401 2590 3574 2644 tuum

1930 2678 2169 2748 suscipe
2216 2693 2229 2731 :
2262 2682 2320 2732 et
2348 2692 2509 2732 nunc
2547 2675 2794 2748 quidem
2827 2675 2946 2730 mei
2993 2689 3202 2730 curam
3253 2690 3574 2732 assumens

1928 2782 2022 2822 res
2053 2781 2222 2822 meas
2254 2765 2333 2820 ad
2363 2764 2616 2822 salutem
2652 2764 3032 2836 caelestisque
3058 2763 3320 2836 paradisi
3345 2763 3576 2821 habita-

1929 2855 2153 2911 tionem
2182 2855 2502 2928 perducas,
2527 2861 2852 2927 postquam
2872 2869 3016 2910 vero
3046 2853 3222 2910 fuerit
3246 2854 3450 2909 anima
3479 2870 3573 2909 so-

1928 2943 2054 3000 luta
2097 2959 2350 3016 corpore
2392 2944 2668 2999 ardenter
2715 2944 2893 3009 insta,
2934 2958 3011 2999 ne
3036 2948 3262 3000 aeterna
3297 2941 3568 3013 privatus

1927 3035 2153 3104 requie,
2187 3033 2463 3089 excidam
2498 3033 2735 3088 sincera
2772 3031 3094 3104 voluptate.
3121 3035 3367 3100 Ignosce
3390 3029 3571 3087 etiam

214 3109 538 3182 ἐκπέσοιμεν.
597 3109 766 3182 Κὰμοὶ
814 3109 1016 3183 λιπαρῷ
1057 3112 1338 3181 σύγγνωθι,
1366 3114 1455 3162 καὶ
1497 3119 1594 3172 τῆς
1639 3110 1818 3182 ἄγχει-

1931 3123 2145 3178 infehci
2175 3122 2342 3189 mihi,
2371 3127 2426 3176 et
2463 3121 2602 3176 huic
2640 3121 2882 3176 conatui
2924 3119 3217 3191 propitius
3264 3123 3415 3174 esto.
3447 3120 3574 3174 Non

213 3203 422 3272 ρήσεως
451 3199 592 3250 ἵλαθι
623 3220 635 3231 ·
669 3195 792 3251 οὐδέ
820 3202 921 3273 γὰρ
955 3198 1009 3261 ἐξ
1047 3195 1328 3258 αὐθαδείας
1365 3197 1396 3256 ἢ
1439 3202 1571 3272 πρὸς
1616 3195 1818 3252 ἐπίδει-

215 3287 316 3351 ξιν,
341 3286 450 3338 ἀλλ’
479 3286 535 3338 ἐκ
572 3286 784 3350 πολλῆς,
835 3287 904 3348 ὡς
949 3284 1124 3353 οἶσθα,
1186 3294 1275 3347 τῆς
1327 3286 1527 3347 εὐνοίας
1569 3293 1656 3340 atati.
1702 3287 1820 3340 εἰλε-

214 3383 428 3449 κρινοῦς
449 3384 542 3428 τοῦ
581 3375 815 3448 φίλτρου,
861 3376 922 3434 ἣν
952 3371 1201 3428 παιδόθεν
1240 3377 1401 3446 ἔσχον
1448 3379 1578 3448 πρός
1619 3379 1676 3428 σε
1731 3382 1818 3429 καὶ

213 3467 282 3516 τὰ
332 3467 401 3516 σὰ
440 3467 830 3537 συγγράμματα
878 3469 968 3515 καὶ
1023 3467 1318 3534 πονήματα,
1379 3471 1487 3525 τοῖς
1549 3469 1666 3539 περὶ
1723 3472 1818 3516 σοῦ

211 3571 268 3606 τε
331 3553 502 3624 λόγοις
547 3552 884 3624 ἐπεϐαλόμην,
935 3551 1025 3604 καί
1095 3559 1186 3603 τοῦ
1253 3555 1389 3606 κατὰ
1447 3549 1671 3625 δύναμιν
1713 3554 1819 3626 οὐχ

212 3643 505 3714 ὑστέρησα.
565 3647 669 3694 Ναὶ
718 3642 980 3712 σύγγνωθί
1036 3659 1146 3712 μοι,
1203 3645 1293 3692 atati
1349 3637 1496 3703 δέξαι
1543 3639 1694 3694 τόνδε
1731 3646 1818 3694 τόν

212 3731 364 3803 λόγον
415 3731 800 3804 εὖφημητηριόν
846 3749 899 3782 τε
955 3729 1066 3801 ἅμα
1112 3734 1202 3782 καὶ
1251 3731 1530 3802 ἱκετηριον,
1596 3737 1685 3784 καὶ
1732 3751 1818 3784 πε-

213 3825 360 3893 ρίεπε
554 3816 682 3892 τῇδε
718 3824 808 3871 καὶ
859 3822 924 3870 τὰ
976 3819 1151 3870 εἰκότα
1194 3821 1502 3891 κατάρτιζε,
1551 3819 1601 3872 ὶν
1649 3820 1818 3891 λόγοις

215 3909 267 3962 ἐν
315 3907 586 3982 πράξεσιν,
640 3907 687 3960 ἐν
747 3904 1120 3980 διανοήμασιν,
1188 3905 1236 3958 ἐν
1305 3905 1680 3980 βουλευμασιν,
1735 3907 1818 3962 ἐπὶ

215 4002 354 4049 πᾶσί
403 4016 495 4068 μοι
535 3996 779 4058 καθάπαξ
830 3996 1205 4068 συνιστάμενός
1256 4015 1309 4048 τε
1372 4000 1463 4048 atati.
1515 4001 1818 4070 συναιρόμε-

217 4104 300 4144 νός
356 4105 369 4117 ·
415 4087 546 4156 μετά
591 4080 650 4136 δε
700 4088 792 4142 τὴν
836 4079 1038 4136 ἐνθένδε
1100 4088 1190 4135 καὶ
1241 4081 1294 4145 ἐξ
1337 4082 1616 4156 ἀνθρώπων
1664 4087 1818 4158 μετά-

222 4191 412 4224 στασιν
468 4171 793 4245 ἀντιληπτωρ
865 4173 1050 4243 θερμός
1129 4169 1428 4243 ἐπιφάνηθι,
1491 4177 1581 4224 καὶ
1653 4169 1819 4235 δεξιός

219 4264 352 4334 πρὸς
404 4263 534 4313 Θεὸν
581 4262 899 4334 ὑπερηγορος
933 4279 945 4290 ι
1003 4258 1073 4320 ὡς
1151 4257 1211 4308 ἆν
1268 4262 1339 4330 μη
1386 4267 1476 4319 τῆς
1531 4265 1819 4333 κρείττονος

219 4353 461 4420 γενοίμην
525 4347 717 4410 λήξεως
766 4350 993 4399 ἓκπτωτο
1002 4366 1041 4416 ς,

219 4437 474 4509 πράξεων,
552 4436 677 4488 ἀλλὰ
746 4436 1096 4506 συνταχθείην
1166 4442 1277 4496 τοῖς
1349 4444 1420 4506 τῷ
1510 4438 1818 4511 θεανθρώπῳ

221 4532 379 4598 Λόγῳ
407 4527 890 4600 παραστησομένοις
941 4522 996 4574 ἐκ
1036 4520 1237 4590 δεξιῶν,
1292 4528 1380 4576 καὶ
1432 4533 1522 4586 τῆς
1561 4532 1820 4599 μακαρίας

220 4614 419 4676 ἐκείνης
476 4624 642 4686 φωνῆς
705 4612 1014 4684 ἀκούσαιμι,
1079 4611 1431 4675 καταξιούσης
1505 4622 1593 4674 τῆς
1677 4617 1820 4688 παρὰ

1126 4343 1536 4410 ακταδικασθεὶς
1588 4347 1642 4399 ἐκ
1720 4357 1818 4400 τῶν

218 4711 314 4756 τοῦ
363 4703 600 4776 ἀνάρχου
651 4705 850 4777 Πατρός
914 4702 1234 4773 κυρωθείσης
1299 4702 1488 4754 ἄνωθεν
1559 4703 1817 4775 εὐλογίας,

219 4796 307 4844 καὶ
351 4788 742 4864 μεταδιδούσης
799 4798 890 4850 τῆς
939 4787 1163 4847 ἄληκτον
1238 4795 1641 4863 μακαριότητος,
1711 4794 1818 4863 χά-

218 4900 328 4956 ριτι
376 4885 467 4932 καὶ
521 4880 880 4953 φιλανθρωπίᾳ
917 4878 1075 4929 αὐτοῦ
1119 4897 1172 4930 τε
1215 4886 1304 4930 τοῦ
1374 4876 1651 4950 ἀγεννήτου
1712 4887 1818 4932 Πα-

220 4973 365 5042 τρός,
415 4977 506 5022 τοῦ
561 4965 837 5021 συναίδίου
891 4970 1034 5028 Υιοὺ,
1107 4971 1196 5018 καὶ
1253 4974 1342 5018 τοῦ
1411 4974 1666 5038 παναγίου
1732 4975 1821 5020 καὶ

219 5059 424 5130 ἀγαθοῦ
450 5063 537 5110 καὶ
580 5058 836 5118 ζωοποιοῡ
881 5058 1198 5126 Πνεύματος,
1252 5063 1343 5115 τῆς
1380 5062 1506 5128 μιᾶς
1561 5056 1820 5124 ἐξουσίας,

220 5156 317 5208 τῆς
359 5154 484 5219 μιᾶς
515 5144 809 5218 βασιλείας,
863 5152 953 5204 τῆς
1004 5149 1126 5214 μιᾶς
1183 5149 1271 5196 καὶ
1329 5148 1528 5216 φύσεως
1559 5150 1647 5196 καὶ
1708 5148 1822 5197 θεό-

220 5257 394 5300 τητος,
525 5241 708 5310 πρέπει
763 5241 910 5286 πᾶσα
945 5229 1096 5301 δόξα,
1141 5238 1264 5305 τιμὴ
1297 5240 1387 5286 καὶ
1442 5239 1821 5308 προσκύνησις,

219 5334 308 5380 νῦν
338 5332 432 5379 atati
463 5325 562 5393 ἀεὶ,
594 5329 682 5378 καὶ
712 5325 782 5386 εἰς
827 5343 946 5384 τους
1003 5321 1186 5382 αἰῶνας
1237 5331 1337 5373 τῶν
1387 5323 1600 5379 αἰώνων.
1635 5325 1820 5396 Ἀμήν.

439 5449 464 5478 l

1931 3211 2089 3266 enim
2110 3225 2180 3265 ex
2205 3210 2546 3282 arrogantia
2565 3209 2644 3264 ad
2673 3207 3154 3276 ostentationem,
3211 3206 3312 3261 sed
3361 3205 3572 3275 multa,

1933 3304 1995 3353 ut
2020 3299 2193 3367 uasti,
2255 3297 2570 3354 devotione
2627 3297 2978 3368 sinceraque
3027 3309 3253 3365 amore,
3300 3309 3483 3366 quem
3537 3310 3576 3350 a

1929 3387 2182 3458 pueritia
2197 3387 2384 3444 habui
2413 3402 2556 3458 erga
2585 3392 2638 3442 te
2659 3391 2717 3441 et
2753 3390 2887 3441 tuas
2918 3384 3380 3456 compositiones
3408 3382 3576 3438 lucu-

1927 3475 2376 3548 brationesque,
2405 3475 2484 3531 ad
2494 3475 2650 3531 hanc
2669 3473 2745 3530 de
2757 3489 2818 3530 re
2838 3474 3170 3530 orationem
3191 3471 3574 3529 scribendam

1929 3581 2024 3621 me
2053 3565 2293 3634 ingessi,
2325 3563 2470 3620 nihil
2509 3563 2674 3636 quod
2726 3563 2892 3635 potui
2938 3561 3413 3634 prmtermittens.
3473 3560 3578 3617 Eia

1928 3669 2070 3724 ergo
2112 3653 2394 3710 condona
2434 3653 2600 3724 mihi,
2635 3657 2691 3707 et
2739 3652 2901 3707 hunc
2945 3649 3352 3707 laudatorium
3397 3648 3577 3705 simul

1928 3741 2527 3814 deprecatoriumque
2578 3755 2918 3796 sermonem
2977 3739 3252 3810 suscipe;
3285 3742 3466 3810 atque
3513 3738 3576 3794 in

1928 3829 2042 3884 hac
2065 3829 2314 3902 quidem
2345 3829 2466 3885 vita
2494 3844 2590 3884 me
2616 3827 2875 3884 reforma
2923 3826 2984 3883 in
3027 3826 3312 3883 omnibus
3353 3824 3572 3896 verbis,

1926 3919 2231 3991 operibus,
2279 3916 2742 3990 cogitationibus
2792 3921 2974 3989 atque
3027 3915 3290 3972 consiliis
3335 3913 3577 3985 adjutor

1927 4012 2104 4078 atque
2125 4007 2467 4079 opitulator,
2497 4010 2818 4077 postquam
2839 4009 3042 4060 autem
3073 4019 3105 4059 θ
3129 4002 3277 4058 vivis
3323 4001 3575 4059 transla-

1929 4101 2022 4152 tus
2067 4095 2202 4150 hinc
2254 4095 2444 4162 t‘nero,
2493 4093 2739 4150 ostende
2772 4099 2826 4149 te
2881 4092 3028 4149 mihi
3078 4095 3487 4163 susceptorem
3517 4093 3576 4147 et

1927 4189 2338 4257 opportunum
2359 4183 2724 4239 advocatum
2767 4181 2928 4254 apud
2989 4184 3195 4247 Deum,
3229 4185 3295 4237 ut
3341 4179 3574 4237 meliori

1929 4281 2084 4330 sorte
2113 4289 2236 4329 non
2269 4273 2545 4329 excidam
2575 4288 2648 4328 ex
2678 4271 2959 4342 operibus
3017 4270 3165 4326 meis
3225 4269 3570 4336 damnatus,

1929 4365 2034 4418 sed
2073 4380 2212 4419 cum
2233 4362 2304 4418 iis
2333 4361 2606 4428 collocer,
2660 4361 2764 4434 qui
2803 4360 3116 4416 inearnato
3151 4358 3344 4415 Verbo
3365 4374 3403 4416 a
3432 4359 3574 4415 dex-

1853 4477 1900 4532 ο
1928 4454 2068 4508 teris
2091 4453 2336 4508 stabunt
2361 4451 2711 4523 felicemque
2732 4449 2894 4506 illam
2924 4465 3132 4506 vocem
3155 4449 3423 4520 audiam,
3439 4465 3575 4522 quae

1929 4541 2180 4612 dignum
2202 4540 2342 4597 facit
2379 4542 2687 4596 hominem
2731 4538 3144 4595 benedictione
3169 4539 3299 4609 jam
3327 4539 3467 4595 olim
3495 4539 3574 4596 ab

1929 4637 2151 4686 aeterno
2183 4633 2345 4685 Patre
2365 4629 2625 4697 decreta,
2657 4644 2916 4700 eumque
2949 4628 3029 4684 ad
3070 4643 3394 4701 perennem
3424 4627 3574 4684 bea-

1931 4719 2239 4774 titudinem
2281 4717 2575 4779 transfert.
2631 4717 2821 4787 gratia
2871 4716 3231 4773 etbeneﬁcio
3274 4716 3460 4787 ipsius
3489 4716 3574 4771 in-

1929 4807 2112 4877 geniti
2155 4806 2339 4862 Patris
2393 4812 2449 4862 et
2491 4806 2770 4862 comterni
2821 4805 2946 4860 Filii
3009 4804 3493 4876 sanctissimique
3517 4807 3576 4860 et

1929 4896 2328 4968 optimiatque
2343 4895 2557 4950 viviﬁci
2586 4895 2856 4966 Spiritus,
2877 4894 3050 4949 unius
3072 4893 3364 4958 essentiae,
3397 4891 3576 4948 unius

1930 4985 2229 5057 potentiae,
2264 4984 2439 5038 unius
2468 4983 2851 5048 auctoritatis,
2887 4982 3063 5038 unius
3091 4986 3322 5038 natura:
3353 4996 3423 5038 ac
3458 4979 3578 5037 dei-

1931 5076 2088 5140 tatis,
2121 5089 2309 5145 quam
2337 5072 2506 5128 decet
2529 5072 2726 5127 omnis
2764 5070 2972 5142 gloria,
3019 5071 3233 5139 honor,
3265 5076 3323 5126 et
3369 5069 3579 5126 adora-

1931 5165 2032 5229 tio,
2085 5178 2242 5218 nunc
2299 5166 2355 5216 et
2414 5177 2650 5232 semper
2681 5164 2738 5215 et
2802 5162 2861 5214 in
2919 5159 3141 5216 saecula
3197 5159 3580 5218 saeculorum.

1931 5259 2143 5308 Amen.
