4084 6206
474 298 580 355 887

1704 296 2162 356 CONSTANTINI
2199 298 2675 357 ACROPOLITE.

3784 312 3912 369 888

474 429 3902 460 WWW

980 579 1251 737 DE
1339 579 2152 736 SANGTA
2227 580 3399 740 THEODOSIA

1875 866 2303 930 MARTYRE
2348 867 2476 931 GP.

1461 1062 2337 1148 COMMENTARIUS
2413 1065 2928 1149 PRJEVIUS

706 1265 1011 1337 Auctore
1062 1263 1439 1333 Godefrido
1488 1263 1975 1335 Henschensio
2025 1264 2093 1332 in
2143 1263 2337 1335 Actis
2388 1265 2503 1336 SS.
2558 1267 2873 1337 Bolland.
2927 1270 3086 1339 Maii
3135 1275 3182 1339 t.
3237 1271 3353 1354 VI,
3406 1271 3517 1339 die
3568 1272 3679 1340 29.

566 1561 767 1623 Causa
801 1566 857 1618 et
881 1562 1054 1618 series
1082 1562 1365 1635 martyrii
1381 1576 1457 1621 ea:
1475 1576 1610 1617 mss.
1637 1559 2003 1632 Synaxariis
2036 1572 2048 1612 :
2077 1557 2403 1614 encmnium
2424 1573 2461 1616 a
2488 1560 2882 1620 Constantino
2906 1564 3227 1635 Logothela
3259 1566 3545 1635 scriptum
3574 1584 3587 1635 ;
3619 1564 3810 1637 hujus

1914 1652 2060 1702 aetas
2097 1650 2152 1701 et
2186 1645 2471 1702 dianitas.

1914 1652 2060 1706 aetas
2097 1650 2152 1701 et
2186 1647 2471 1718 dignitas.

565 1776 616 1831 1.
645 1774 954 1831 Decimum
1004 1775 1212 1832 Leonis
1265 1775 1504 1833 Isaurici
1552 1791 1781 1832 annum
1816 1772 2141 1831 funestavit
2178 1773 2225 1827 Α
2324 1776 2375 1830 3.
2406 1775 2536 1829 Haec
2558 1774 2827 1849 ille,quae
2847 1792 2999 1850 pene
3034 1777 3247 1835 iisdem
3268 1778 3464 1835 verbis
3492 1778 3688 1850 legere
3723 1784 3820 1836 est
3846 1780 3912 1835 in

496 1879 805 1921 sacrarum
834 1865 1167 1935 imaginum
1221 1864 1483 1936 abolitio,
1530 1880 1718 1938 quam
1750 1863 1985 1939 pridem
2041 1863 2140 1920 ille

495 1956 699 2011 animo
716 1953 1017 2013 decretam
1036 1955 1354 2027 meditans,
1385 1955 1615 2011 effectui
1640 1955 1884 2012 tandem
1918 1954 2141 2012 manci-

492 2046 678 2119 pavit,
708 2048 915 2101 amoto
948 2044 1330 2114 sanctissimo
1362 2047 1655 2103 Germano
1696 2045 2039 2118 patriarcha
2086 2048 2144 2101 et

490 2135 554 2194 in
607 2135 737 2207 ejus
782 2133 982 2190 locum
1032 2135 1354 2192 substituto
1394 2137 1582 2209 impio
1620 2135 1954 2193 Anastasio.
2011 2138 2142 2192 Mox

491 2223 651 2281 enim
683 2227 862 2297 atque
906 2223 1137 2280 idolum
1184 2224 1343 2281 istud
1400 2242 1578 2282 suum
1624 2242 1809 2299 supra
1857 2226 2140 2281 thronum

491 2313 774 2370 Ecclesiae
825 2312 1153 2381 collocavit,
1211 2314 1449 2371 illarum
1488 2316 1993 2373 removendarum
2030 2315 2141 2370 ini-

490 2403 641 2461 tium
658 2403 794 2459 fecit
822 2419 858 2459 a
882 2403 1182 2460 vestibulo
1200 2404 1425 2477 palatii.
1453 2404 1620 2477 quod
1643 2404 1721 2462 ab
1736 2419 1907 2461 (enea
1927 2404 2140 2460 Christi

493 2495 692 2549 statua
724 2491 948 2549 ibidem
961 2491 1249 2550 collocata
1282 2509 1503 2551 nomen
1517 2499 1846 2567 acceperat,
1871 2497 1937 2550 ut
1956 2494 2134 2552 Χαλκῆ

490 2580 806 2638 diceretur.
856 2580 1229 2637 Vestibulum
1278 2581 1461 2649 istud,
1523 2586 1667 2639 teste
1707 2582 1933 2639 Codino
1985 2581 2139 2638 libro

490 2671 576 2727 De
594 2670 926 2741 originibus
957 2669 1070 2726 CP.
1112 2685 1372 2741 magnus
1394 2671 1819 2728 Constantinus
1837 2670 2134 2742 fundarat,

487 2759 550 2816 in
571 2775 761 2833 eaque
793 2762 1053 2817 statuam
1096 2760 1448 2832 praedictam
1495 2764 1780 2827 erexerat,
1805 2779 1836 2814 ‹
1865 2776 2004 2834 quin
2056 2761 2138 2818 ibi

490 2850 645 2907 stetit
685 2864 879 2907 annos
912 2848 1387 2923 quadringentos
1429 2854 1484 2907 et
1526 2850 1911 2923 quindecim;
1966 2850 2138 2921 cujus

486 2939 702 2996 virtute
717 2934 948 3009 mulier,
963 2937 1273 3009 sanguinis
1289 2939 1585 3011 proﬂuvio
1596 2939 1903 3009 laborans,
1927 2942 2140 2997 sanata

487 3028 697 3092 fuerat.
754 3032 811 3084 et
880 3027 1069 3084 multa
1110 3027 1229 3084 alia
1270 3028 1427 3085 facta
1472 3033 1643 3086 erant
1695 3029 1987 3087 miracula
2040 3047 2053 3086 :
2107 3051 2135 3080 »

2252 1879 2323 1921 ea
2333 1879 2520 1937 quam
2535 1867 2957 1939 Metaphrastes
2968 1868 3220 1941 scripsit,
3236 1868 3507 1940 ejusdem
3523 1871 3558 1926 8
3571 1911 3584 1924 .
3611 1869 3909 1942 Stephani

2250 1954 2509 2011 Junioris
2537 1955 2687 2022 Vita,
2713 1972 3017 2030 quamque
3045 1957 3308 2014 invenire
3332 1963 3421 2014 est
3439 1958 3604 2031 apud
3627 1958 3910 2031 Lipoma-

2251 2058 2396 2100 num
2418 2049 2474 2101 et
2497 2045 2758 2112 Surium,
2790 2062 2898 2102 nec
2935 2062 3058 2103 non
3112 2048 3265 2103 inter
3306 2049 3499 2120 Opera
3550 2047 3615 2104 S.
3652 2049 3908 2105 Joannis

2253 2135 2620 2199 Damasceni,
2681 2141 2925 2209 propter
2988 2136 3358 2193 vicinitatem
3421 2139 3756 2209 argumenti
3827 2138 3908 2194 de

2250 2222 2413 2279 cultu
2465 2223 2818 2295 imaginum,
2866 2224 2943 2281 ab
2994 2224 3207 2281 eodem
3268 2226 3323 2282 8.
3370 2228 3595 2283 Joanne
3646 2227 3907 2297 egregiis

2248 2312 2619 2369 orationibus
2648 2317 3139 2386 propugnato.Ex
3169 2314 3342 2371 dictis
3372 2318 3572 2372 autem
3608 2315 3782 2371 facile
3815 2320 3908 2372 est

2249 2402 2541 2473 corrigere
2565 2403 3012 2476 Theophanem,
3041 2403 3116 2459 de
3142 2408 3367 2461 tentata
3390 2405 3711 2461 Dominicaa
3748 2406 3905 2463 ima-

2249 2491 2402 2563 ginis
2432 2491 2842 2559 subversione,
2872 2491 2995 2549 imo
3020 2496 3077 2548 et
3117 2493 3396 2565 perfecta,
3447 2499 3725 2563 agentem
3772 2509 3904 2551 uno

2249 2595 2410 2636 anno
2440 2579 2611 2637 citius
2642 2596 2827 2653 quam
2872 2581 2947 2637 de
2979 2582 3034 2638 S.
3089 2583 3368 2638 Germani
3419 2582 3796 2655 depositione
3848 2588 3906 2640 et

2247 2669 2544 2726 Anastasii
2594 2669 2937 2727 intrusione.
3003 2671 3241 2727 interim
3275 2672 3327 2727 ei
3393 2672 3634 2728 credere
3682 2687 3902 2745 possu-

2247 2773 2385 2814 mus
2412 2758 2709 2814 dictarum
2748 2757 3067 2815 mulierum
3094 2759 3389 2833 supplicio
3409 2775 3533 2817 non
3559 2760 3641 2817 ita
3665 2775 3904 2832 repres-

2248 2864 2383 2904 sum
2411 2864 2541 2905 esse
2569 2848 2763 2905 zelum
2792 2849 3284 2917 orthodoxorum,
3315 2850 3461 2924 quin
3516 2851 3625 2907 viri
3672 2850 3899 2924 plures,

2246 2937 2522 2994 muliebri
2552 2936 2834 2994 stimulati
2858 2939 3157 3012 exemplo,
3192 2940 3388 2996 conati
3424 2940 3540 2997 sint
3560 2939 3640 2996 ab
3681 2940 3899 2997 eadem

2248 3027 2508 3097 imagine
2530 3041 2730 3083 arcere
2758 3026 3064 3099 injuriam,
3095 3028 3188 3085 vel
3210 3028 3428 3086 factam
3458 3028 3663 3086 ulcisci
3689 3045 3703 3095 ;
3735 3045 3900 3087 vere«

488 3117 764 3191 adeoque
800 3118 997 3191 posita
1041 3117 1141 3175 illa
1184 3121 1341 3175 esset
1360 3134 1522 3176 anno
1562 3120 1683 3176 315.
1737 3119 1851 3177 Sed
1903 3119 2139 3193 decepit
2167 3113 2209 3169 Β
2247 3132 2363 3190 que
2392 3114 2706 3187 addiderit,
2729 3117 2894 3190 quod
2921 3138 2949 3167 ‹‹
2980 3117 3676 3191 Constantinopolitanus
3702 3134 3898 3192 popu-

491 3208 787 3266 Codinum
807 3207 1154 3282 supputatio
1197 3223 1327 3278 sua,
1377 3208 1469 3266 vel
1515 3208 1745 3266 librarii
1771 3210 1833 3266 in
1870 3209 2138 3266 numeris

490 3297 960 3356 transcribendis
987 3302 1281 3362 errarunt;
1316 3302 1549 3355 constat
1586 3298 1747 3355 enim
1789 3298 1955 3371 quod
2002 3301 2138 3356 ante

491 3402 723 3445 annum
751 3389 854 3444 328
885 3385 1310 3443 Constantinus
1334 3402 1459 3444 non
1483 3387 1835 3461 applicuerit
1864 3388 2137 3445 animum

494 3474 1011 3549 Constantinopoli
1039 3474 1427 3532 aediﬁcandas.

563 3572 620 3624 2.
656 3565 749 3621 Ad
769 3581 896 3621 rem
945 3566 1146 3637 ipsam
1185 3565 1353 3637 quod
1410 3565 1633 3633 attinet,
1684 3569 1893 3624 testem
1943 3568 2018 3624 de
2071 3584 2143 3625 ea

493 3656 814 3721 habemus,
856 3653 961 3727 qui
992 3657 1132 3710 tunc
1173 3653 1431 3721 vivebat,
1490 3655 1859 3729 Stephanum
1917 3660 2141 3727 Magnae

496 3740 759 3800 ecclesiae
802 3740 1469 3814 Constantinopolitanae
1512 3742 1857 3813 diaconum,
1908 3746 1968 3801 in
2016 3746 2142 3803 Vita

501 3834 558 3891 S.
579 3829 866 3905 Stephani
898 3828 1180 3896 Junioris,
1216 3829 1609 3886 memorabile
1653 3833 2007 3905 martyrium
2071 3849 2143 3892 ea

497 3920 815 3979 occasione
839 3917 1024 3992 passi,
1056 3917 1262 3975 danda
1282 3935 1319 3974 a
1346 3918 1521 3976 nobis
1550 3936 1720 3977 xxviii
1760 3922 2138 3991 Novembris,

498 4010 660 4069 unde
687 4010 816 4066 haec
841 4008 1045 4081 accipe
1077 4024 1090 4063 :
1128 4029 1157 4058 »
1181 4011 1243 4064 ln
1269 4007 1362 4064 his
1394 4023 1501 4081 per
1547 4013 1904 4081 potestatem
1951 4028 2140 4081 agens

496 4101 793 4158 haereseos
824 4102 1138 4171 tyrannus,
1170 4097 1415 4154 tentavit
1443 4099 1729 4155 continuo
1768 4100 2141 4159 Dominicam

501 4188 711 4246 Christi
742 4187 839 4242 Dei
870 4186 1055 4243 nostri
1113 4185 1461 4257 imaginem,
1520 4203 1703 4260 supra
1745 4188 1942 4258 regias
1986 4190 2144 4246 fores

500 4279 803 4351 positam,
857 4291 928 4331 eo
974 4276 1108 4331 loco
1156 4291 1291 4348 quas
1349 4275 1426 4331 ab
1475 4275 1606 4349 ipsa
1661 4277 1877 4333 dicitur
1934 4280 2147 4337 Sancta

504 4366 717 4425 Chalce
742 4363 1017 4420 demoliri
1060 4366 1118 4419 et
1170 4364 1295 4434 igni
1347 4364 1612 4421 tradere:
1657 4366 1824 4438 quod
1881 4371 1936 4422 et
1986 4368 2144 4426 fecit.

2246 3205 2360 3272 lus,
2393 3204 2473 3261 ob
2502 3220 2725 3261 novam
2770 3206 2946 3262 istam
2987 3206 3324 3263 doctrinam
3371 3207 3640 3264 maximo
3688 3207 3893 3264 dolore

2246 3294 2526 3370 percitus,
2579 3299 2707 3351 tum
2759 3295 2961 3367 ipsum
3020 3295 3279 3353 Leonem
3329 3298 3535 3353 statuit
3586 3296 3889 3368 invadere,

2248 3388 2376 3442 tum
2405 3383 2629 3440 multos
2658 3399 2731 3440 ex
2754 3384 3133 3457 imperatoris
3156 3384 3468 3451 famulitio,
3500 3386 3604 3459 qui
3626 3384 3707 3442 ab
3742 3401 3895 3442 aerea

2246 3478 2420 3547 porta
2449 3473 2684 3530 Domini
2720 3473 3049 3544 imaginem
3080 3473 3503 3539 deturbabant,
3535 3473 3667 3531 neci
3692 3474 3890 3531 dedit:

2247 3577 2372 3636 quo
2400 3561 2626 3619 factum
2654 3567 2746 3618 est
2774 3566 2839 3618 ut
2861 3564 2923 3618 in
2948 3562 3188 3630 multos,
3211 3563 3447 3635 pietatis
3489 3578 3653 3636 ergo,
3708 3578 3894 3620 mem-

2247 3652 2496 3709 brorum
2526 3651 2915 3719 mutilatione,
2957 3652 3329 3718 verberibus,
3369 3652 3614 3723 exsiliis,
3655 3651 3892 3710 damnis

2247 3740 2424 3797 illatis
2455 3740 2943 3797 animadversum
2968 3741 3161 3799 fuerit.
3192 3764 3219 3792 η

2319 3833 2372 3885 4.
2411 3830 2525 3887 Sed
2574 3836 3112 3903 quantumcunque
3159 3830 3428 3887 animose
3482 3830 3711 3901 egerint
3762 3830 3886 3900 viri,

2247 3919 2470 3989 egregii
2494 3923 2694 3976 tamen
2721 3923 2972 3976 conatus
2993 3919 3224 3975 initium
3254 3920 3492 3977 feminis
3547 3919 3767 3976 ascribi
3800 3920 3888 3976 de-

2248 4009 2350 4065 bet
2382 4026 2394 4065 :
2428 4008 2722 4080 imprimis
2752 4014 2952 4065 autem
2978 4025 3186 4066 earum
3211 4008 3349 4065 duci
3375 4015 3620 4078 sanctas,
3651 4009 3728 4065 de
3774 4025 3887 4082 qua

2251 4112 2427 4168 agere
2455 4098 2836 4166 instituimus,
2870 4097 3213 4154 Theodosius
3243 4115 3256 4153 :
3294 4098 3466 4170 cujus
3488 4113 3709 4154 nomen
3733 4104 3787 4154 et
3811 4098 3883 4152 vi-

2252 4191 2377 4246 tam
2406 4191 2781 4261 mortemque
2811 4192 2875 4245 ut
2911 4204 3032 4244 non
3063 4188 3496 4260 ignoraremus,
3532 4187 3723 4243 effecit
3767 4186 3884 4243 reli-

2256 4277 2425 4348 giosa
2454 4277 3246 4350 Coustantinopolitanorum
3279 4276 3497 4333 civium
3537 4277 3745 4350 pietas,
3789 4277 3881 4348 qui

2257 4365 2479 4423 crudeli
2517 4365 2770 4421 lanienae
2794 4365 3165 4422 subtractum
3197 4380 3437 4437 corpus,
3470 4369 3599 4421 tum
3651 4364 3877 4437 quidem

504 4459 571 4513 In
598 4457 736 4528 ipsa
762 4456 960 4509 autem
981 4450 1365 4509 demolitione
1386 4452 1509 4509 zelo
1549 4453 1949 4512 corroborata;
1984 4472 2144 4529 quae-
2178 4469 2221 4524 ο
2260 4455 2352 4528 pie
2384 4453 2796 4523 condiderunt,
2832 4459 3039 4526 postea
3084 4459 3305 4523 autem,
3351 4454 3584 4509 reddita
3631 4452 3878 4509 Ecclesia:

503 4547 648 4604 dam
667 4542 947 4600 mulieres
975 4541 1336 4598 venerandae
1359 4556 1645 4611 generose
1670 4544 2146 4603 insurrexerunt:

504 4630 1017 4711 apprehensisque
1042 4629 1218 4687 scalis
1246 4628 1659 4688 demolitorem
1705 4647 1888 4689 sacras
1936 4634 2148 4707 imagi-

503 4728 599 4785 nis
630 4722 1002 4798 spatharium
1050 4718 1442 4776 devolverunt
1488 4720 1545 4776 in
1605 4725 1844 4789 terram,
1887 4738 2149 4798 eumque

504 4819 817 4892 carpentes
846 4810 1222 4869 tradiderunt
1255 4807 1651 4876 morti;nulla
1699 4810 1916 4869 deinde
1958 4812 2146 4870 inter-

504 4907 699 4981 posita
730 4919 899 4961 mora
927 4902 1366 4974 procurrentes,
1409 4898 1755 4956 invaserunt
1783 4901 2147 4973 patriarcha-

502 4997 622 5054 lem
648 4996 921 5058 domum,
952 4989 1255 5064 lapidibus
1293 4989 1645 5061 impetentes
1684 4988 1939 5063 impium
1988 5002 2147 5050 Ana-

506 5080 1325 5152 stasium,vociferantesque.
1342 5099 1369 5129 ››
1384 5080 1428 5135 0
1442 5078 2144 5151 caputimpurissimuml

505 5196 533 5226 ι(
585 5189 622 5229 o
656 5170 895 5228 inimice
939 5169 1244 5226 veritatis!
1295 5167 1511 5224 ldeone
1558 5168 1950 5240 prtesulatum
2003 5172 2146 5227 arri-

502 5263 703 5338 puisti,
738 5263 1230 5316 utsacrosanctas
1261 5262 1487 5313 statuas
1521 5261 1808 5314 everteres
1838 5259 1865 5313 ‘I
1894 5282 1921 5309 ››
1954 5260 2146 5326 Quam

502 5349 933 5410 contumeliam
963 5362 1085 5403 non
1123 5346 1315 5403 ferens
1353 5345 1642 5418 profanus
1689 5346 1808 5416 ille,
1839 5348 1976 5418 fuga
2017 5366 2144 5406 sese

500 5440 787 5499 subduxit
838 5453 868 5493 e
915 5439 1239 5506 conspectu
1310 5433 1724 5505 religiosarum
1774 5437 2138 5509 mulierum;

499 5538 679 5604 atque
707 5528 784 5587 ad
808 5532 1131 5601 tyrannum
1178 5540 1308 5580 sese
1347 5524 1656 5596 recipiens,
1703 5525 1895 5583 eil‘ecit
1939 5532 2002 5584 ut
2026 5527 2138 5584 illae

490 5634 725 5682 omines
752 5616 931 5679 morti
949 5607 1339 5675 traderentur‘
1376 5633 1404 5665 η

2259 4559 2425 4617 pace,
2441 4542 3137 4613 extuleruntreligiosius.
3170 4542 3437 4599 fortassis
3454 4544 3511 4598 in
3531 4558 3602 4598 eo
3620 4543 3769 4615 ipso,
3790 4540 3876 4595 ubi

2258 4632 2728 4691 sanctimonialis
2758 4633 2999 4703 vixerat,
3032 4631 3329 4690 ccunobio.
3366 4633 3660 4698 Quoniam
3700 4636 3873 4687 autem

2257 4722 2439 4792 diem,
2470 4738 2591 4795 quo
2622 4726 2882 4778 mactata
2911 4720 3225 4777 crudeliter
3254 4721 3805 4786 fuerat,adduxerat
3826 4719 3873 4772 in

2257 4810 2619 4868 oblivionem
2649 4826 2819 4865 saeva:
2834 4810 3259 4882 persecutionis
3275 4809 3638 4865 diuturnitas
3660 4814 3715 4865 et
3753 4806 3872 4864 taci-

2257 4901 2507 4957 turnitas
2519 4899 2893 4971 scriptorum,
2914 4898 3136 4970 placuit
3154 4914 3460 4954 assumere
3472 4898 3635 4954 hunc
3651 4897 3802 4954 diem
3826 4898 3875 4950 19

2258 4990 2384 5047 Maii
2411 4988 2574 5062 quod
2626 4987 2936 5045 Orientalis
2974 4988 3170 5043 omnis
3212 4988 3470 5043 Ecclesia
3512 4987 3877 5043 celeberrimo

2257 5078 2416 5135 cultu
2460 5078 2838 5152 prosequitur
2870 5080 2923 5133 S.
2953 5076 3373 5145 Theodosiaiu,
3427 5082 3752 5148 martyrem
3776 5076 3877 5130 CIB-

2258 5184 2440 5225 sareaa
2465 5167 2523 5223 in
2554 5166 2887 5234 Palmstina,
2905 5166 2978 5221 de
2994 5182 3117 5238 qua
3133 5181 3244 5221 nos
3262 5166 3493 5236 egimus
3509 5166 3606 5221 die
3619 5169 3651 5220 2
3667 5163 3875 5237 Aprilis.

2331 5262 2381 5314 Si.
2419 5259 2498 5313 Ita
2529 5271 2748 5313 nomen
2779 5255 2906 5325 ejus
2932 5253 3282 5327 inscriptum
3325 5254 3617 5326 reperitur
3665 5250 3876 5310 Menaeis

2255 5347 2510 5413 excusis,
2538 5361 2674 5418 quas
2716 5346 2837 5401 fere
2885 5344 3152 5416 sequitur
3205 5343 3495 5400 Maximus
3553 5344 3876 5414 Cytheraeus

2253 5438 2300 5491 ἐν
2336 5437 2472 5512 βὶοις
2497 5438 2706 5510 Ἀγὶων,
2738 5436 2839 5493 ubi
2871 5442 3007 5509 post
3061 5437 3402 5492 encomium
3449 5434 3746 5507 praedictae
3787 5448 3878 5489 an-

2250 5529 2430 5600 tiqua:
2457 5526 2800 5584 Theodosia:
2832 5525 3073 5582 additur
3111 5524 3399 5581 memoria
3420 5528 3643 5579 sanctae
3699 5523 3884 5579 hosio-

2246 5616 2503 5689 maryris
2522 5614 2869 5674 Theodosia:
2903 5613 3599 5687 constantinopolitane,
3634 5624 3768 5671 cum
3797 5606 3876 5669 al-
