4084 6206
131 29 348 40 -‘,-l“‘
419 37 428 40 .

230 352 336 411 889

1570 353 1641 408 IN
1682 352 1739 410 S.
1779 352 2247 411 THEODOSIAM.

3484 367 3590 422 890

221 479 463 538 lusione
481 479 560 538 ad
581 481 901 540 arietinum
921 495 1138 547 cornu,
1161 494 1284 553 quo
1301 477 1500 535 cervix
1521 476 1576 534 ei
1599 475 1833 535 confra-
1861 482 1906 535 Α
1945 480 2125 551 toque
2153 481 2270 534 tres
2299 478 2410 535 sibi
2434 479 2728 552 imagines
2755 483 3149 556 comparavit,
3181 483 3416 558 [Christi
3439 487 3589 544 scili-

230 573 326 630 cta
355 575 466 642 est,
499 585 605 644 per
643 571 994 643 hujusmodi
1031 567 1368 628 distichon:

485 682 645 754 Κέρας
673 686 822 755 κριοῦ
856 681 1057 733 κτεῖναν
1083 697 1158 744 σε,
1193 673 1478 745 Θεοδοσία,

479 767 652 842 ’Ὧφθη
673 773 782 822 νέον
822 789 905 824 σοι
927 777 1022 832 τῆς
1045 767 1356 841 Ἀμαλθείας
1375 770 1548 840 κέρας.

297 857 580 914 Alterum
593 858 930 916 Amalthea?
940 860 1129 916 visum
1149 863 1252 929 est,
1279 854 1621 914 Theodosia.
1646 868 1834 910 cornu

332 948 470 1004 Hoc
492 947 620 1018 tibi,
641 963 756 1021 quo
779 947 1018 1005 Christo
1039 948 1280 1004 victima
1295 945 1557 1016 pulchra
1578 944 1762 1000 cadis.

299 1057 355 1110 6.
391 1053 613 1110 Eadem
644 1055 958 1122 memoria,
984 1070 1122 1110 cum
1143 1052 1319 1110 simili
1341 1051 1593 1108 disticho
1613 1049 1835 1123 reperi-

227 1145 328 1198 tur
349 1142 410 1198 in
425 1159 542 1200 ms.
565 1144 896 1216 Synaxario
919 1142 1285 1200 Chiﬁletiano
1311 1160 1322 1198 :
1342 1141 1444 1199 ubi
1464 1141 1708 1213 insuper
1719 1140 1834 1196 hoc

226 1231 310 1287 de
340 1233 487 1300 vita,
511 1233 800 1306 martyrio
821 1237 878 1290 et
904 1232 1068 1290 cultu
1093 1232 1224 1304 ejus
1256 1232 1517 1302 elogium
1572 1229 1830 1296 additur,

221 1321 398 1394 quod
424 1337 497 1378 ex
527 1321 662 1396 ipso
692 1322 980 1380 collatum
1008 1339 1146 1380 cum
1168 1326 1332 1380 textu
1357 1320 1668 1394 Synaxarii
1710 1318 1834 1376 Cla-

219 1411 572 1468 romontani
594 1410 673 1468 ad
705 1415 766 1469 l8
801 1411 962 1483 Julii,
988 1413 1072 1469 sic
1120 1415 1294 1469 sonat
1324 1431 1336 1469 :
1386 1411 1528 1470 Αὕτη
1561 1407 1622 1468 ἦν
1651 1408 1699 1463 ἐν
1724 1415 1835 1470 τοῖς

222 1503 444 1576 χρόνοις
473 1497 766 1556 Θεοδοσίου
813 1502 928 1574 [τοῦ
979 1502 1395 1578 Ἀτραμυτηνοῦ]
1449 1503 1635 1572 γονέων
1694 1498 1833 1553 suas-

223 1591 333 1646 ϐῶν
414 1593 682 1668 θυγοίτηρ,
760 1590 814 1644 ἐκ
891 1600 984 1653 τῆς
1048 1589 1634 1654 Κωνσταντινουπόλεως
1679 1610 1692 1624 ·
1743 1594 1834 1642 καὶ

221 1685 507 1754 γενομένης
572 1680 849 1744 ἕπταέτους
912 1682 938 1732 ὁ
1003 1686 1175 1757 πατὴρ
1258 1679 1600 1748 ἐτελεύτησεν,
1656 1679 1686 1738 ἡ
1773 1673 1833 1731 δὲ

220 1774 408 1844 μήτηρ
468 1767 703 1823 λαϐοῦσα
759 1774 852 1829 τὴν
893 1767 1065 1824 παῖδα
1103 1769 1364 1844 ἀπέκειρεν
1393 1771 1442 1823 ἓν
1481 1788 1583 1822 τινι
1626 1775 1726 1820 τῶν
1781 1765 1830 1820 ἐν

219 1858 496 1930 Βυζαντίῳ
529 1863 890 1932 μοναστηρίων
919 1880 932 1893 ·
993 1855 1104 1912 εἶτα
1158 1863 1249 1911 καὶ
1303 1861 1334 1918 ἡ
1397 1862 1570 1932 μήτηρ
1622 1856 1832 1929 τελευτᾷ

220 1946 596 2019 καταλείψασα
645 1955 708 2021 τῇ
767 1952 1017 2024 Μακαρία
1061 1953 1156 2008 τήν
1211 1947 1331 2006 ὅλην
1387 1946 1690 2022 περιουσίαν
1735 1945 1830 1999 αὑ-

217 2036 424 2100 τῆςοἩ
457 2032 516 2090 δε
553 2035 609 2090 ἐκ
656 2044 896 2111 χρουσοῦ
941 2041 1032 2090 καὶ
1085 2035 1313 2111 ἀργύρου
1357 2041 1493 2110 τρεῖς
1551 2033 1701 2106 ἁγίας
1758 2035 1830 2086 εἰ·

218 2129 376 2187 κύνας
405 2127 855 2180 κατασκευασασα
897 2123 1012 2198 [τοῦ
1111 2123 1509 2201 Χριστοῦ],τῆς
1547 2127 1828 2194 Θεοτόκου⁹

223 2220 322 2268 καὶ
391 2223 486 2276 τῆς
533 2215 685 2286 ἁγίας
724 2215 1099 2286 Ἀναστασίας,
1133 2217 1197 2268 τὰ
1234 2214 1392 2267 λοιπὰ
1447 2209 1670 2286 διένειμε
1718 2217 1830 2274 τοῖς

225 2310 468 2377 πτωχοῖς
502 2303 614 2375 [καὶ
644 2303 926 2380 ὁρφὰνοις].
980 2307 1125 2358 Μετὰ
1179 2300 1239 2356 δὲ
1268 2323 1386 2356 τινα
1435 2306 1624 2376 χρόνον
1677 2305 1828 2356 Λέον-

219 2412 309 2455 τος
373 2400 466 2446 τοῦ
515 2389 810 2458 δυσσεϐοῦς
863 2402 957 2454 τῆς
1021 2391 1301 2466 βασιλείας
1355 2388 1703 2465 δραξαμένου,
1761 2393 1828 2454 ὡς

223 2490 322 2536 τοῦ
350 2481 720 2536 εὐσεϐεστάτου
761 2479 1053 2536 Θεοδοσίου
1090 2483 1560 2554 ὑποχωρήσαντος,
1613 2476 1708 2533 διὰ
1769 2483 1828 2532 τὸ

220 2577 298 2646 μὴ
332 2573 604 2626 πείθεσθαι
631 2579 741 2634 τοῖς
787 2571 1027 2625 ἀσεϐέσιν
1080 2571 1240 2624 αὑτοῦ
1297 2568 1530 2643 δόγμασι
1585 2573 1672 2623 τὸν
1731 2573 1826 2643 μί-

219 2680 322 2733 γαν
349 2660 399 2713 ἐν
429 2663 789 2735 πατριάρχαις
825 2667 862 2714 Γ
866 2665 1081 2736 ερμανόν
1143 2658 1348 2735 [τοῦτον
1399 2661 1531 2733 μετά
1590 2657 1827 2734 ῥοπάλων

219 2754 314 2804 καὶ
372 2749 529 2822 ξιφῶν
578 2758 670 2804 τοῦ
729 2754 1112 2826 πατριαρχείου
1169 2751 1469 2823 κατήνεγκε]
1497 2771 1511 2784 ο
1562 2747 1693 2802 ἀλλὰ
1739 2753 1828 2802 καὶ

219 2843 319 2898 τὴν
376 2838 529 2910 ἁγίαν
621 2843 710 2892 καὶ
789 2844 1108 2899 Δεσποτικὴν
1192 2840 1364 2894 εἰκονα
1437 2845 1672 2914 Χριστοῦ
1735 2845 1828 2891 τοῦ

223 2933 354 2984 Θεοῦ
411 2929 578 3002 ἡμῶν,
633 2932 728 2987 τὴν
789 2927 1128 3005 [ἱδρυμέμην]
1175 2931 1408 3005 ὑπεράνω
1473 2937 1573 2982 τῶν
1632 2927 1825 2998 πυλῶν,

223 3017 276 3072 ἐν
308 3018 496 3092 αἷσπερ
527 3013 646 3090 [διὰ
673 3021 758 3072 τόν
805 3024 1148 3094 χαρακτῆρα]
1186 3020 1216 3078 ἠ
1274 3018 1401 3090 ἁγία
1451 3017 1631 3078 Χαλκῆ
1691 3017 1828 3088 λέγει

220 3127 336 3176 ται,
393 3104 642 3161 ἔσπευδεν
693 3109 718 3159 ὁ
778 3109 1104 3184 θηριώνυμος
1170 3114 1488 3180 κατενεγκεῖν
1542 3111 1633 3160 καὶ
1701 3110 1830 3179 πυρί

222 3193 578 3270 παραδοῦναι.
629 3201 731 3252 Καὶ
789 3195 838 3250 ἓν
890 3194 930 3270 ᾧ
987 3204 1157 3250 ταῦτα
1211 3196 1442 3264 ἐτελεῖτο,
1497 3202 1588 3250 καὶ
1625 3197 1652 3249 ὁ
1697 3215 1830 3249 σπα-

225 3287 409 3361 θὰριος
429 3282 490 3344 ἦν
535 3283 618 3338 ἐπί
671 3292 763 3347 τῆς
815 3283 1070 3358 κλίμακος
1119 3283 1273 3358 [μετά
1300 3293 1396 3348 τῆς
1442 3282 1664 3355 ἁξίνης],
1705 3282 1830 3356 βου-

227 3374 438 3448 λόμενος
487 3378 583 3433 τὴν
633 3372 834 3450 [ἁγίαν]
870 3374 1041 3428 εἰκόνα
1067 3373 1393 3442 καταϐαλεῖν,
1439 3374 1607 3443 εὐθύς,
1657 3375 1687 3432 ἡ
1729 3392 1830 3446 μα-

221 3469 388 3537 καρία
428 3460 695 3518 Θεοδοσία
721 3463 834 3536 μεθ’
890 3463 1068 3540 ἑτέρων
1121 3471 1378 3536 γυναικῶν
1435 3461 1678 3526 εὐσεϐῶν,
1734 3470 1831 3524 τῆς

221 3553 475 3622 κλίμακος
539 3549 882 3626 δραξάμεναι,
947 3557 1038 3606 καὶ
1105 3555 1191 3606 τὸν
1253 3554 1542 3625 σπαθὰριον
1618 3559 1679 3625 τῇ
1759 3559 1828 3625 γῇ

227 3639 630 3716 προσρίψασαι,
693 3648 767 3712 τῷ
827 3642 1028 3713 θανὰτῳ
1079 3636 1390 3714 παρέδωκαν
1426 3662 1438 3674 ο
1497 3645 1588 3693 καὶ
1674 3659 1832 3692 καταο

221 3728 486 3784 λαϐοῦσαι
526 3732 584 3783 τὸ
637 3736 1036 3805 πατριαρχείον,
1078 3727 1403 3783 ἕλιθοϐύλουν
1453 3721 1539 3782 τὸν
1594 3725 1827 3787 δυσσεϐῆ

226 3818 578 3872 Ἀναστοίσιον
607 3821 695 3871 τὸν
723 3819 1086 3893 πατριάρχην.
1129 3822 1436 3892 Ῑῐαραυτίκα
1491 3813 1578 3869 οὖν
1631 3818 1686 3868 αὶ
1741 3820 1832 3889 μὲν

225 3907 408 3961 λοιπαί
481 3915 581 3960 τῶν
646 3916 906 3980 γυναικῶν
991 3906 1509 3980 ἀπεκεφαλίσθησαν,
1596 3910 1688 3965 τήν
1774 3902 1833 3958 δὲ

231 3996 388 4069 ἁγίαν
457 3995 596 4069 ὠμὸς
661 4015 742 4059 τις
804 4001 894 4048 καὶ
983 3996 1322 4070 ἁπὰνθρωπος
1403 3995 1558 4048 ἕλκων
1641 3991 1836 4066 δήμιος

225 4087 327 4158 πρὸ
380 4085 469 4137 τὸν
539 4089 686 4152 Βοῦν,
739 4083 905 4136 λαϐὼν
952 4088 1106 4160 κερας
1178 4091 1348 4156 κριοῦ,
1415 4089 1503 4137 καὶ
1559 4080 1833 4156 μανιωδῶς

230 4177 368 4226 κατὰ
395 4176 484 4226 τόν
515 4173 716 4245 αὐχένα
757 4171 962 4240 ἐλάσας,
1024 4177 1112 4226 τὸν
1161 4181 1252 4226 τοῦ
1300 4177 1588 4248 μαρτυρίου
1651 4178 1836 4244 στέφα-

230 4281 313 4316 νον
341 4261 472 4335 αὐτῇ
531 4261 868 4336 προὺξένησε.
920 4267 1044 4337 Περί
1101 4259 1160 4315 δὲ
1211 4270 1310 4314 τῶν
1366 4261 1587 4336 ἀπείρων
1633 4263 1834 4334 θαυμα-

229 4371 351 4418 των,
411 4359 512 4403 τῶν
568 4351 687 4404 καθ’
756 4350 980 4410 ἑκάστην
1065 4346 1141 4404 δι’
1207 4350 1369 4414 αὐτῆς
1442 4351 1831 4425 ἐνεργουμένων,

231 4440 402 4503 ἔξεστι
430 4442 585 4492 παντι
612 4447 684 4511 τῷ
716 4438 1010 4512 βουλομένῳ
1053 4440 1347 4512 μανθάνειν.
1397 4439 1626 4493 Τελείται
1683 4437 1743 4493 δὲ
1799 4441 1828 4498 ἡ

231 4527 396 4588 αὐτῆς
447 4527 658 4591 σύναξις
725 4527 772 4579 ἐν
825 4535 888 4599 τῇ
939 4535 1067 4600 μονῇ
1137 4535 1228 4579 τοῦ
1315 4529 1648 4600 Διοκράτους,
1715 4529 1904 4594 ἔνθαο

228 4623 406 4669 κεῖται
431 4619 490 4668 τὸ
545 4616 694 4688 ἅγιον
741 4616 901 4677 αὐτῆς
949 4615 1210 4688 λείψανον.
1272 4618 1406 4672 Haec
1468 4616 1589 4684 ibi;
1643 4616 1835 4673 verbis

227 4722 371 4779 quae
401 4705 419 4777 [
447 4705 700 4779 ]inclusi
723 4721 754 4762 e
773 4704 1239 4763 Claromontano
1256 4705 1531 4778 sumptis,
1565 4706 1669 4762 ubi
1698 4707 1835 4762 ﬁnis

228 4794 414 4852 etiam
444 4794 529 4850 sic
555 4793 830 4852 diversus
860 4795 1150 4867 reperitur
1175 4811 1188 4850 :
1223 4793 1408 4847 Λαϐὼν
1432 4799 1579 4868 κέρας
1604 4793 1834 4868 ἀπέσφα-

227 4885 312 4948 ξεν
337 4883 522 4942 αὐτὴν.
565 4884 743 4948 Οὕτως
791 4881 879 4936 οὖν
935 4883 1102 4944 καλῶς
1165 4884 1548 4956 ἁγωνισάμεναι
1603 4884 1673 4947 εἰς
1721 4892 1834 4956 χεῖ-

227 4993 328 5048 ρας
376 4979 510 5025 Θεοῦ
556 4975 622 5024 τὰ
687 4975 956 5046 πνεύματα
1008 4972 1200 5025 ἑαυτῶν
1254 4974 1551 5046 παρὲοεθτο.
1607 4972 1834 5026 Τελεῖται

230 5058 294 5114 δὲ
323 5062 353 5119 ἡ
380 5063 577 5123 ταύτης
607 5059 840 5128 σὺναξις,
873 5059 922 5113 ἓν
948 5068 1009 5134 τῇ
1067 5061 1194 5133 ἁγία
1258 5070 1387 5134 μονῇ
1444 5069 1536 5114 τοῦ
1601 5069 1837 5136 Σωτῆρος

229 5157 468 5225 Χριστοῦ
498 5157 590 5202 τοῦ
609 5150 890 5226 Εὐεργέτου

302 5245 358 5296 7.
387 5263 408 5288 α
437 5238 564 5296 Fuit
588 5237 716 5295 haec
747 5239 806 5294 in
835 5239 1370 5295 diebus'l‘heodosii
1399 5239 1835 5312 [Adramyteni]

226 5329 473 5402 piorum
501 5332 818 5400 parentum
847 5328 970 5386 ﬁlia
999 5344 1070 5385 ex
1112 5329 1260 5386 urbe
1298 5328 1832 5402 Constantinopoli,

227 5433 370 5491 quae
401 5433 540 5474 cum
567 5417 870 5491 septennis
892 5416 1046 5475 {acta
1065 5418 1627 5490 amisissetpatrem,
1645 5423 1836 5476 mater

229 5506 460 5578 accepit
479 5504 685 5574 ﬁliam,
709 5511 767 5563 et
786 5506 847 5562 in
866 5521 988 5564 uno
1003 5507 1505 5564 monasteriorum
1532 5508 1835 5579 Byzantio-

227 5611 369 5678 rum
386 5595 642 5653 attondit
668 5613 682 5664 ;
705 5593 923 5654 deinde
953 5595 1099 5653 obiit
1119 5596 1297 5654 etiam
1318 5596 1472 5670 ipsa,
1486 5596 1834 5678 relinquens

226 5677 370 5743 ﬁlis:
381 5678 558 5745 suam
567 5679 792 5746 amnem
803 5678 1210 5746 substantiam;
1225 5677 1357 5746 liae
1367 5681 1442 5746 ei
1461 5677 1610 5748 auro
1621 5683 1832 5760 argdno

1944 566 2078 637 cet],
2108 567 2494 641 Deiparaaque
2536 570 2950 641 sanctissimas,
3008 575 3064 629 et
3111 575 3166 630 S.
3227 575 3583 649 Anastasius,

1944 661 2158 713 caetera
2185 657 2487 714 distribuit
2514 659 2574 714 in
2600 675 2914 732 pauperes.
2949 664 3086 718 Post
3137 663 3385 737 aliquod
3442 681 3586 722 vero

1943 747 2202 818 tempus,
2218 762 2354 802 cum
2367 748 2588 821 impius
2609 751 2721 806 Leo
2735 750 3083 824 arripuisset
3101 752 3587 826 imperium,piis-

1945 835 2098 892 simo
2125 835 2461 893 Theodosio
2474 853 2603 894 sese
2615 839 2984 896 subducente
3003 857 3015 906 ;
3031 857 3321 912 magnum
3336 843 3587 915 patriar-

1945 923 2123 980 cham
2154 926 2536 999 Germanum,
2567 943 2638 984 eo
2667 929 2834 1001 quod
2862 929 3045 988 nollet
3072 930 3259 1002 impio
3286 932 3415 1003 ejus
3435 931 3586 1003 dog-

1944 1015 2089 1070 mati
2113 1015 2440 1085 adhaerere,
2474 1017 2634 1090 [cum
2666 1018 2886 1089 gladiis
2916 1025 2972 1076 et
2992 1019 3251 1077 fustibus
3279 1037 3310 1078 e
3339 1023 3585 1095 patriar-

1943 1103 2098 1176 chio]
2127 1105 2370 1176 expulit,
2405 1110 2459 1162 et
2487 1111 2758 1164 sanctam
2780 1113 2957 1182 atque
2981 1109 3584 1182 Dominicamimagi—

1942 1209 2081 1250 nem
2112 1193 2346 1251 Domini
2367 1197 2576 1264 nostri,
2607 1213 2788 1270 supra
2815 1202 3051 1271 portam
3078 1217 3234 1272 quae,
3293 1199 3396 1274 [ab
3451 1201 3585 1274 ipso

1943 1282 2286 1354 simulacro,
2308 1285 2538 1360 sancta]
2572 1289 2756 1344 IEnea
2791 1287 3026 1356 dicitur,
3081 1289 3454 1363 collocatam,
3489 1305 3584 1348 co-

1941 1374 2118 1427 natus
2143 1377 2234 1428 est
2261 1373 2514 1445 dejicere
2543 1374 2759 1432 eﬂ'erus
2788 1379 2967 1449 atque
2995 1377 3122 1449 igni
3147 1378 3402 1436 tradere.
3435 1381 3584 1436 Cum

1942 1464 2144 1516 autem
2165 1461 2279 1518 hoc
2296 1467 2589 1534 ageretur,
2612 1468 2669 1521 et
2689 1465 3028 1537 spatharius
3051 1467 3210 1538 [cum
3227 1468 3440 1540 securi]
3453 1467 3586 1540 jam

1941 1553 2095 1606 esset
2113 1549 2174 1606 in
2192 1551 2603 1622 scalis,volens
2625 1569 2863 1611 sacram
2876 1553 3134 1626 efﬁgiem
3152 1557 3420 1626 amoliri;
3441 1573 3582 1614 con-

1942 1638 2109 1696 tinuo
2137 1641 2193 1696 S.
2215 1641 2548 1698 Theodosia
2578 1642 2830 1716 aliisque
2855 1645 2970 1717 pias
2986 1644 3266 1702 mulieres
3281 1645 3584 1719 arripuere

1942 1729 2158 1800 scalas,
2189 1733 2246 1787 et
2268 1729 2568 1802 dejectum
2598 1732 2658 1788 in
2689 1735 2876 1789 terras
2902 1735 3275 1807 spatharium
3307 1734 3442 1792 neci
3489 1735 3588 1792 de-

1861 1835 1906 1890 B
1941 1817 2159 1875 derunt
2194 1838 2208 1889 ;
2250 1819 2738 1894 incurrentesque
2764 1822 2827 1878 in
2847 1823 3296 1896 patriarchium,
3333 1827 3585 1883 Anasta-

1941 1905 2098 1962 sium
2119 1907 2792 1980 pseudo-patriarcham
2811 1916 3120 1984 coeperunt
3145 1911 3438 1984 lapidare.
3463 1915 3588 1970 Sta~

1939 1995 2044 2051 tim
2071 1995 2250 2067 igitur
2277 1995 2520 2069 reliquae
2555 1997 2801 2070 quidem
2843 1998 3122 2056 mulieres
3151 2000 3344 2072 capite
3392 1999 3583 2072 plexas

1939 2087 2097 2150 sunt,
2127 2085 2408 2141 Sanctam
2433 2101 2576 2142 vero
2609 2086 2867 2143 crudelis
2904 2087 3155 2160 quidam
3185 2092 3365 2160 atque
3408 2088 3584 2145 inhu-

1935 2187 2156 2228 manus
2171 2172 2434 2229 carnifex
2455 2174 2701 2231 trahens
2723 2174 2803 2232 ad
2830 2175 3032 2232 locum
3053 2176 3229 2233 Bovis
3249 2176 3498 2244 dictum,
3527 2180 3586 2234 et

1937 2275 2125 2317 cornu
2141 2260 2340 2318 arietis
2366 2262 2630 2336 rapiens,
2649 2263 2795 2320 illud
2818 2263 2880 2321 in
2906 2267 3199 2322 cervicem
3219 2265 3582 2322 furibundus

1935 2348 2204 2422 impegit,
2236 2351 2411 2424 eique
2434 2353 2674 2424 martyii
2724 2369 3011 2410 coronam
3060 2353 3272 2411 attulit.
3326 2357 3406 2410 De
3449 2353 3583 2410 inﬁ-

1935 2439 2073 2495 nitis
2084 2455 2265 2512 porro
2278 2441 2600 2509 miraculis,
2618 2458 2756 2516 qum
2772 2444 3039 2517 quotidie
3054 2459 3164 2518 per
3182 2444 3380 2517 ipsam
3409 2443 3582 2514 ﬁunt,

1936 2528 2127 2586 cuivis
2165 2530 2315 2586 scire
2334 2531 2556 2589 volenti
2586 2536 2936 2606 promptum
2967 2538 3056 2590 est
3083 2533 3315 2590 discere
3345 2551 3358 2589 :
3390 2533 3586 2606 agitur

1936 2622 2137 2674 autem
2165 2618 2318 2675 illius
2349 2619 2636 2678 festivitas
2666 2621 2729 2676 in
2749 2622 3116 2680 monasterio
3143 2622 3447 2694 Diocratis,
3479 2621 3586 2679 ubi

1938 2712 2147 2764 sancta
2177 2709 2306 2780 ejus
2331 2707 2571 2782 lipsana
2589 2710 2992 2782 requiescunt.
3023 2733 3053 2763 »

2007 2818 2059 2872 8.
2089 2813 2333 2885 Eadem,
2366 2815 2473 2871 sed
2502 2815 2582 2873 ad
2612 2817 2678 2872 18
2707 2815 2866 2888 Julii,
2899 2817 3147 2890 quando
3183 2817 3338 2874 forte
3380 2816 3585 2889 aliqua

1935 2902 2509 2961 elevatitranslative
2522 2905 2789 2978 corporis
2806 2907 3100 2962 memoria
3123 2907 3339 2977 agitur,
3360 2905 3585 2961 haben-

1935 2994 2030 3048 tur
2056 2991 2119 3047 in
2143 3008 2254 3048 ms.
2286 2993 2620 3064 Synaxario
2652 2992 3138 3062 Claromontano,
3159 2994 3410 3066 aliisque
3433 3009 3579 3049 mss.

1935 3079 1998 3136 in
2025 3079 2390 3137 bibliotheca
2445 3081 2851 3138 Ambrosiana
2895 3083 3228 3150 Mediolani,
3275 3086 3333 3137 et
3380 3081 3583 3138 Ducali

1860 3188 1900 3245 ρ
1937 3167 2280 3226 Sabaudica
2312 3169 2550 3227 Taurini
2599 3170 2846 3242 repertis
2879 3171 3024 3228 :sed
3069 3171 3132 3227 in
3181 3169 3582 3226 Ambrosiano

1938 3257 2163 3324 codice,
2194 3272 2306 3330 pro
2343 3261 2610 3331 tempore
2645 3258 2957 3316 Theodosii
3009 3258 3419 3332 Adramyteni,
3478 3257 3584 3332 qui

1941 3346 2120 3402 Leoni
2137 3346 2458 3418 imperium
2479 3347 2674 3416 cessit,
2697 3349 2938 3403 notatur
2953 3351 3194 3419 tempus
3212 3345 3585 3404 Constantini

1939 3435 2324 3508 Copronymi,
2357 3451 2465 3508 per
2488 3435 2879 3493 manifestum
2928 3451 3229 3494 errorem:
3263 3441 3323 3493 et
3377 3450 3584 3492 mona-

1941 3524 2207 3594 sterium,
2238 3525 2404 3598 quod
2434 3525 2575 3582 alibi
2607 3527 2924 3596 Diocratis,
2942 3527 3070 3583 istic
3091 3527 3465 3584 Dexiocratis
3482 3540 3588 3598 ap-

1941 3611 2216 3685 pellatur.
2246 3614 2340 3671 Sic
2363 3618 2565 3672 autem
2585 3631 2786 3672 revera
2811 3615 3242 3689 appellandum
3277 3615 3450 3672 docet
3472 3616 3583 3670 Co-

1941 3701 2142 3772 dinus,
2157 3719 2227 3760 ex
2241 3720 2363 3776 quo
2383 3705 2640 3776 Cangius
2655 3705 2716 3762 in
2730 3722 2841 3764 sua
2862 3707 3390 3777 Constantinopoli
3414 3705 3584 3762 Chri-

1941 3793 2142 3849 stiana
2162 3793 2394 3861 asserit,
2419 3795 2828 3852 Dexiocratem
2849 3796 3011 3852 hunc
3031 3795 3352 3869 patricium
3381 3793 3582 3860 fuisse,

1942 3885 2000 3937 et
2025 3881 2138 3937 sub
2167 3882 2500 3940 Theodosio
2528 3884 2768 3940 Juniure
2814 3884 3110 3952 ﬂoruisse,
3161 3889 3220 3941 et
3273 3883 3587 3940 ecclesiam

1941 3985 2066 4026 una
2086 3987 2225 4027 cum
2251 3973 2593 4042 gerocomio
2615 3973 2730 4046 ipsi
2752 3974 2958 4031 addito
2978 3975 3053 4030 de
3075 3989 3184 4030 suo
3208 3973 3453 4029 nomine
3483 3985 3587 4043 ap-

1943 4060 2220 4133 pellasse.
2257 4066 2317 4118 ln
2348 4062 2810 4120 Claromontano
2833 4068 3056 4130 autem,
3078 4063 3306 4119 omissa
3327 4061 3585 4116 miracu-

1941 4149 2138 4206 lorum
2171 4156 2273 4208 aut
2325 4151 2715 4224 reliquiarum
2765 4153 3086 4223 mentione,
3159 4151 3285 4208 haec
3345 4149 3588 4222 ponitur

1943 4241 2213 4297 clausula
2247 4258 2259 4296 :
2285 4259 2314 4294 ‹
2351 4241 2660 4312 Accipiens
2678 4257 2864 4298 cornu
2889 4241 3170 4297 mactavit
3190 4256 3344 4296 eam.
3375 4239 3467 4295 Sic
3483 4237 3587 4307 igi-

1943 4335 2038 4388 tur
2063 4331 2310 4404 pulchre
2336 4330 2728 4400 decertantes,
2762 4331 3073 4388 animasin
3097 4330 3196 4387 Dei
3225 4344 3448 4386 manus
3473 4332 3587 4384 tra-

1943 4421 2257 4478 diderunt:
2301 4420 2457 4476 illius
2487 4437 2631 4477 vero
2673 4421 2958 4478 festivitas
3013 4421 3210 4492 agitur
3265 4419 3326 4476 in
3380 4422 3589 4475 sancto

1942 4510 2306 4568 monasterio
2330 4509 2652 4568 Salvatoris
2676 4511 2908 4581 Christi,
2927 4510 3064 4567 dicti
3093 4509 3368 4567 Beneﬁci.
3388 4531 3416 4560 »
3443 4507 3591 4564 Can-

1943 4603 2074 4673 gius
2094 4602 2154 4657 in
2176 4617 2286 4656 sua
2310 4600 2830 4670 Constantinopoli
2849 4600 3202 4657 Christiana
3221 4599 3296 4654 de
3327 4599 3445 4654 hoc
3464 4613 3589 4654 mo-

1941 4689 2203 4747 nasterio
2220 4689 2349 4744 fuse
2375 4689 2517 4758 agit,
2538 4687 2832 4761 docetque
2848 4687 3013 4745 haud
3034 4686 3242 4760 procul
3265 4702 3302 4742 a
3322 4685 3590 4742 Blacher-

1941 4779 2037 4836 nis
2063 4779 2235 4849 juxta
2271 4777 2434 4834 littus
2473 4777 2657 4833 fuisse
2691 4795 2703 4834 :
2737 4793 2876 4834 cum
2928 4791 3052 4849 quo
3107 4775 3343 4830 videtur
3393 4773 3589 4830 facere

1941 4867 2108 4941 quod
2129 4866 2394 4940 sequitur
2419 4866 2790 4932 Encomium,
2814 4865 2961 4921 dum
2990 4880 3159 4920 num.
3189 4866 3256 4919 34
3277 4861 3376 4928 ait,
3401 4875 3589 4934 prope

1941 4957 2104 5013 littus
2124 4955 2348 5011 sedisse
2369 4959 2742 5012 contractum
2754 4953 3102 5025 quemdam,
3116 4950 3376 5022 indeque
3389 4948 3591 5007 subla-

1944 5049 2070 5102 tum
2101 5045 2366 5100 humeris
2394 5059 2528 5100 esse
2545 5043 2618 5099 ad
2653 5042 2926 5099 tumbam
2945 5043 3197 5108 Sanctae,
3223 5039 3326 5096 ubi
3347 5043 3591 5096 curatus

1944 5140 2058 5191 est.
2090 5137 2360 5190 Fortasse
2390 5134 2688 5190 sociarum
2714 5131 3032 5188 mulierum
3061 5145 3319 5204 corpora
3359 5129 3592 5203 sepulta

1943 5223 2005 5280 in
2028 5222 2387 5280 Dexiocratis
2404 5221 2765 5278 monasterio
2793 5221 3057 5289 fuerant;
3090 5223 3148 5276 et
3165 5223 3410 5294 propter
3431 5235 3592 5275 com-

1946 5329 2190 5370 munem
2222 5328 2429 5368 earum
2451 5327 2590 5368 cum
2617 5310 2950 5367 Theodosia
2977 5310 3349 5384 passionem,
3378 5308 3590 5380 hujus-

1941 5417 2186 5475 quoque
2215 5399 2500 5457 festivitas
2527 5399 2753 5457 ibidem
2810 5400 2908 5470 agi
2963 5397 3311 5472 ibidemque
3368 5412 3590 5470 corpus

1941 5491 2310 5563 requiescere
2339 5493 2636 5547 censetur.

2013 5600 2062 5653 9.
2091 5599 2440 5655 Praetactum
2466 5595 2850 5666 miraculum,
2893 5595 3132 5667 aliaque
3184 5591 3471 5663 deinceps
3527 5587 3590 5644 iu

1941 5683 2228 5746 Encomio
2248 5683 2508 5757 narrata,
2539 5682 2761 5742 seculo
2790 5682 3056 5756 primum
3084 5679 3188 5738 xin
3216 5681 3468 5738 exeunte
3488 5674 3593 5735 aut

3933 0 3944 10 .

3935 27 3948 50 ,ν
3963 25 3994 70 ἐν
4017 31 4050 66 τ’.

3943 93 3952 102 .

3947 135 3950 140 Ι
4043 117 4048 130 l

4001 189 4008 202 ι
4047 209 4054 220 ο

3993 243 4002 252 .

4023 291 4032 300 .

4033 733 4048 742 ο

4017 847 4046 864 ,με

3989 1223 3998 1238 ι
4027 1223 4032 1226 .

3997 1317 4008 1334 ι

4027 1461 4046 1486 δ.

3933 2033 3936 2038 “
4051 2039 4060 2056 ι

4043 2309 4062 2332 ὁ

4035 2473 4050 2482 ,.

4053 2499 4062 2510 ι
