4084 6206
527 324 630 382 891

1733 322 2198 380 CONSTANTINI
2231 322 2719 381 ACROPOLITJE.
3783 337 3869 390 επ

527 466 626 508 XIV
690 450 969 507 inchoato
1007 452 1244 520 patrata
1289 452 1475 504 sunt:
1522 452 1659 504 ante
1711 464 1847 521 qua;
1895 451 2170 519 tempora
2197 449 2248 500 Α
2285 447 2533 504 invidit:
2566 470 2594 497 ››
2624 447 2681 504 ia
2714 450 2975 507 Diatriba
3012 458 3213 510 autem
3260 452 3337 509 de
3376 454 3701 510 Simeonum
3751 458 3871 512 scri-

530 538 1077 612 oporteretpridem
1130 536 1417 593 accidisse
1468 536 1589 601 illa,
1640 553 1897 610 quorum
1948 538 2171 592 mentio

528 628 598 683 ﬁt
644 629 702 683 in
761 626 1126 697 Synaxariis,
1183 630 1241 681 et
1287 626 1631 698 antiquiora
1705 626 1909 698 aliqua
1981 626 2172 698 ipsius

470 790 473 791 γ
532 718 761 773 Sanctae
791 715 1091 771 exstitisse
1129 720 1262 772 acta
1290 716 1450 771 unde
1476 720 1722 788 accepta
1742 716 1859 771 sint
1900 718 2171 787 Synaxa-

526 806 754 862 riorum
786 822 932 860 mss.
954 805 1148 875 elogia
1182 827 1195 861 :
1226 821 1359 878 quae
1411 810 1556 862 Acta
1607 806 1789 863 modo
1837 820 1961 862 non
2013 806 2171 861 inve-

528 894 788 951 niantur.
820 896 1188 967 Utorumque
1211 896 1512 964 jacturam
1542 902 1847 968 utcunque
1877 894 2176 968 supplebit

530 989 634 1036 Τοῦ
696 985 997 1055 σοφωτάτου
1056 984 1280 1056 μεγάλου
1334 986 1625 1055 Λογοθέτου
1688 992 1849 1057 κυροῡ
1906 990 2173 1037 Κωνσταν-

531 1077 695 1141 rivo»,
740 1080 832 1125 τοῦ
896 1072 1288 1144 Ἀκροπολίτου,
1343 1072 1493 1145 λόγος
1557 1074 1627 1134 εἰς
1676 1078 1770 1131 τὴν
1831 1073 1984 1144 ἁγίαν
2035 1075 2177 1126 ὁσιο-

531 1160 775 1234 μάρτυρα
830 1158 1158 1215 Θεοδοσίανζ
1238 1184 1265 1211 ‹‹
1344 1162 1773 1233 Sapientissimi
1851 1167 1908 1217 et
1970 1163 2175 1232 magni

529 1250 872 1323 legothetae,
903 1250 1113 1306 domni
1152 1251 1519 1307 Constantini
1574 1251 1944 1323 Acropolitm,
1979 1267 2175 1307 sermo

529 1340 593 1396 in
640 1344 912 1396 sanctam
974 1340 1479 1412 hosiomartyrem
1521 1340 1919 1397 Theodosiam
1948 1359 1961 1397 :
1994 1363 2022 1391 »
2077 1341 2175 1396 de-

533 1429 785 1501 scriptus
837 1444 911 1484 ex
975 1429 1179 1485 codice
1237 1430 1536 1486 Vaticano.
1594 1430 2017 1486 Constantinus
2045 1430 2173 1496 iste,

532 1518 908 1591 propinquas
958 1518 1230 1591 sepulcro
1304 1520 1463 1574 aedes
1535 1519 1835 1585 habitans,
1912 1518 2176 1589 magnis-

534 1622 654 1678 que
682 1606 761 1663 ad
787 1622 858 1662 ea
896 1610 1017 1661 tam
1039 1606 1100 1661 in
1128 1622 1237 1661 sua
1264 1622 1450 1678 quam
1481 1606 1540 1662 in
1573 1608 1775 1675 generi
1805 1606 1899 1662 sui
1921 1621 2181 1678 persona

537 1694 787 1752 affectus
813 1695 1137 1765 beneﬁciis,
1169 1695 1327 1750 hanc
1347 1695 1504 1752 illius
1533 1696 1941 1751 laudationem
1989 1694 2179 1768 publi-

2281 538 2417 608 ptis,
2452 542 2660 608 praeter
2687 538 2845 595 hanc
2862 541 2936 596 de
2965 545 3021 598 S.
3074 543 3425 611 Theodosia,
3476 547 3587 597 tres
3632 559 3813 599 earum
3844 561 3873 601 a

2281 642 2343 681 se
2368 632 2720 697 conspectas
2750 638 3045 704 numerat,
3070 654 3095 679 «
3124 631 3185 686 in
3221 633 3276 688 S.
3307 632 3689 703 Neopbytum,
3730 635 3779 688 in
3822 636 3866 689 S.

2279 713 2657 771 Theodorum
2683 717 2976 786 Tironem,
3008 726 3065 774 et
3087 720 3149 775 in
3181 722 3235 776 S.
3276 723 3563 776 Joannem
3607 724 3870 776 Damasce-

2280 818 2499 860 num.»
2558 804 2671 861 Sed
2708 805 2964 863 dubium
3005 809 3137 879 ipse
3186 825 3367 864 suum
3415 809 3634 865 solvere
3677 810 3869 865 videtur

2280 891 2544 957 Allatius,
2568 894 2815 965 quando
2836 912 2909 951 ex
2929 897 3297 969 Pachymere
3317 898 3677 970 praelaudato
3696 898 3870 965 allegat

2279 979 2501 1047 locum,
2529 982 2631 1037 ubi
2662 982 2874 1040 dicitur
2918 987 3293 1042 Andronicus
3345 985 3718 1056 Palaeologos,
3765 993 3871 1058 post

2282 1068 2512 1126 obitum
2542 1072 2748 1142 patris,
2784 1096 2804 1121 α
2836 1080 2972 1130 ante
3001 1073 3150 1130 alios
3208 1093 3352 1131 usus
3398 1074 3683 1132 Muzalone
3730 1075 3869 1130 Theo-

2281 1156 2448 1228 doro,
2504 1175 2686 1230 quem
2746 1160 2881 1217 illus
2940 1169 3107 1233 pater
3174 1165 3233 1220 in
3324 1164 3533 1233 magni
3608 1161 3871 1234 logothette

2280 1246 2632 1318 Acropolitaa
2663 1248 2956 1306 demortui
2988 1251 3189 1308 locum
3211 1253 3570 1323 subrogarat
3602 1270 3612 1306 :
3641 1276 3664 1300 »
3713 1252 3875 1323 utique

2284 1335 2513 1406 Georgii
2546 1355 2557 1391 :
2589 1354 2731 1392 nam
2759 1341 3177 1395 Constantinus
3209 1345 3413 1397 noster
3444 1339 3584 1396 vixit
3626 1356 3748 1395 cum
3790 1344 3875 1394 An-

2283 1424 2551 1496 dronico,
2576 1428 2656 1482 uti
2676 1427 2806 1499 jam
2830 1446 3013 1501 supra
3032 1430 3259 1486 dictum
3284 1436 3395 1486 est.

2361 1514 2442 1568 11.
2478 1515 2629 1580 Quin
2668 1517 2790 1572 imo
2847 1518 3077 1589 Georgii
3131 1518 3288 1575 illius
3346 1518 3507 1574 ﬁlius
3553 1517 3720 1573 fuisse
3763 1517 3871 1572 Con-

2286 1602 2598 1670 stantinus,
2624 1604 2800 1676 plane
2832 1606 3125 1675 colligitur
3155 1624 3228 1663 ex
3265 1608 3371 1663 lib.
3405 1626 3476 1677 γι,
3510 1622 3637 1680 cap.
3687 1611 3764 1673 26,
3796 1605 3871 1659 ubi

2285 1698 2581 1758 narratur,
2613 1694 2923 1765 quomodo
2964 1696 3205 1753 Michael
3251 1696 3705 1753 Constantinum
3749 1698 3881 1749 Acro-

537 1800 603 1840 ce
636 1783 1009 1839 recitandam
1038 1785 1394 1856 composuit,
1421 1784 1661 1856 qualem
1717 1785 2054 1840 invenimus
2119 1785 2179 1840 in
2211 1797 2252 1850 Β
2290 1781 2557 1852 politam,
2591 1804 2618 1829 ‹‹
2650 1799 2833 1854 quem
2863 1800 2898 1838 a
2922 1788 3085 1856 patre
3134 1800 3359 1856 magno
3414 1784 3704 1856 logotheta
3749 1798 3877 1839 acce-

536 1889 651 1929 ms.
678 1872 985 1928 Vaticano.
1008 1872 1395 1943 lntelligimus
1419 1878 1619 1929 autem
1652 1875 1887 1929 Viennae
1937 1890 2179 1947 quoque

535 1962 597 2018 in
629 1963 898 2016 Caesarea
934 1960 1295 2017 bibliotheca
1351 1966 1603 2029 exstare,
1663 1966 1720 2018 et
1772 1964 1869 2017 hic
1916 1962 2180 2031 primum

538 2048 1028 2107 Graeco-Latinam
1060 2049 1413 2105 exhibemus
1447 2068 1459 2105 :
1484 2050 1589 2106 sed
1620 2060 1801 2107 antea
1832 2054 2179 2124 quaerimus,

536 2138 673 2211 quis
724 2138 1152 2195 Constantinus
1207 2138 1315 2194 iste
1362 2138 1554 2204 fuerit,
1608 2144 1665 2196 et
1718 2156 1841 2212 quo
1913 2145 2180 2213 tempore

534 2227 763 2284 vixerit.
795 2226 883 2283 Ad
908 2228 1024 2283 hoc
1048 2226 1462 2297 indagandum
1510 2229 1636 2301 ipse
1666 2230 1840 2285 nobis
1893 2231 2182 2300 suggerit,

537 2331 825 2387 generum
855 2315 969 2371 sibi
995 2315 1176 2373 fuisse
1229 2316 1418 2374 ﬁlium
1466 2319 1752 2391 principis
1801 2319 2182 2383 Cholcorum.

538 2404 941 2477 eumdemque
961 2409 1240 2477 nepotem
1261 2407 1523 2463 defuncti
1544 2408 1924 2479 imperatoris
1938 2425 2011 2465 ex
2039 2409 2181 2475 ﬁlia,

536 2494 842 2563 regnantis
873 2508 1075 2550 sorore
1109 2510 1124 2559 ;
1149 2510 1285 2565 quae
1308 2496 1982 2568 Constantinopolitanae
2008 2497 2186 2553 histo-

538 2582 663 2649 riae,
692 2582 863 2654 periti
901 2581 1073 2638 facile
1115 2582 1451 2652 intelligunt
1497 2584 1575 2640 ad
1630 2584 1925 2642 Michaelis
1977 2585 2186 2641 Palam-

538 2670 923 2744 logi,ﬁliique
949 2672 1077 2741 ejus
1102 2672 1426 2728 Andronici
1480 2674 1729 2729 senioris
1775 2679 2048 2745 tempora
2103 2676 2185 2730 sic

541 2760 754 2832 aptari,
777 2764 839 2815 ut
860 2758 939 2816 ad
954 2759 1121 2816 nulla
1142 2760 1259 2817 alia
1274 2776 1444 2833 aeque
1465 2763 1695 2834 possint
1715 2763 2182 2819 accommodari.

543 2848 730 2920 Coepit
749 2851 950 2904 autem
966 2848 1260 2922 imperare
1281 2850 1521 2907 Michael
1546 2866 1709 2907 anno
1731 2855 1866 2908 1260
1886 2869 1899 2918 ;
1919 2857 1975 2909 et
1996 2851 2186 2909 ﬁlium

540 2937 971 3007 Andronicum,
997 2939 1279 3011 conjugio
1307 2945 1492 2996 Anna:
1548 2941 1682 2997 ﬁliae
1739 2942 1898 3012 regis
1953 2943 2187 2998 Panno-

542 3026 657 3082 niae
679 3026 978 3098 junctum,
1012 3028 1221 3084 ascivit
1250 3029 1483 3096 imperii
1510 3031 1601 3085 sui
1652 3036 1989 3088 consortem
2026 3047 2186 3087 anno

2289 1876 2459 1944 ptum
2517 1869 2801 1927 educarat
2858 1872 3019 1944 apud
3075 1890 3159 1943 se,
3212 1874 3640 1944 informarique
3686 1870 3878 1943 optimis

2290 1960 2514 2016 artibus
2528 1968 2781 2025 curarat,
2804 1984 2830 2009 ››
2849 1978 2957 2033 pro
2965 1967 3091 2034 pter
3108 1963 3497 2034 pertinaciam
3520 1963 3579 2018 iu
3594 1960 3875 2023 schismate,

2292 2072 2319 2099 ‹‹
2351 2049 2593 2121 privarit
2612 2049 2742 2105 loco
2772 2051 2975 2120 gratiae
3028 2067 3207 2123 quem
3260 2053 3429 2123 prius
3460 2051 3751 2115 habuerat,
3798 2050 3880 2102 eta

2291 2154 2400 2194 sua
2429 2134 2824 2195 familiaritate
2846 2141 3163 2196 removerit
3193 2158 3205 2195 :
3244 2162 3272 2191 »
3298 2138 3469 2214 quod
3497 2139 3710 2195 factum
3752 2142 3877 2193 ante-

2290 2226 2872 2299 penultimoimperii
2898 2244 3078 2284 anno.
3122 2232 3336 2285 Verum
3371 2230 3486 2285 cito
3526 2227 3677 2301 apud
3732 2226 3877 2280 ﬁlium

2290 2313 2696 2370 Andronicum
2778 2316 3147 2388 recuperavit
3232 2318 3678 2385 Constantinus,
3753 2309 3879 2383 quod

2293 2403 2459 2475 apud
2488 2404 2827 2461 Michaelem
2860 2406 3182 2462 amiserat:
3210 2407 3294 2461 uti
3340 2409 3396 2461 et
3448 2404 3786 2465 Theodorus,
3826 2398 3881 2453 ob

2293 2493 2572 2551 eamdem
2590 2512 2838 2552 causam
2868 2495 3059 2568 gradu
3076 2496 3397 2565 logothetae
3422 2500 3617 2551 motus
3636 2512 3649 2549 :
3668 2490 3759 2564 qui
3782 2505 3883 2545 cum

2293 2586 2575 2642 eumdem
2592 2582 2671 2641 ad
2700 2584 3038 2640 Andronico
3066 2585 3413 2657 recepisset,
3456 2584 3515 2639 in
3567 2583 3688 2655 ipso
3735 2592 3883 2651 perse-

2292 2674 2541 2741 veravit,
2617 2673 3054 2745 protovestiarii
3132 2673 3302 2729 titulo
3385 2674 3625 2744 insuper
3702 2670 3883 2731 auctus,

2295 2779 2487 2836 usque
2513 2762 2593 2818 ad
2616 2776 2714 2818 an.
2755 2765 2907 2829 1294,
2934 2779 3055 2835 quo
3107 2760 3291 2827 obiit;
3346 2766 3405 2817 et
3446 2764 3573 2835 ipso
3625 2756 3882 2828 logothelaa

2295 2868 2543 2908 munere
2577 2867 2984 2906 successorem
3040 2849 3249 2906 habuit
3285 2851 3637 2923 praedictum
3670 2841 3879 2914 Gregorii

2295 2938 2485 2995 filium
2519 2940 2988 3005 Constantinum,
3014 2939 3401 3011 imperatoria
3439 2954 3577 2994 mox
3633 2932 3880 2994 afﬁnitate,

2294 3031 2379 3085 uti
2402 3042 2584 3101 supra
2604 3028 2883 3095 diximus,
2904 3030 3286 3085 honoratum.
3316 3027 3596 3095 Quandiu
3614 3025 3700 3081 hic
3721 3024 3883 3095 postea

548 3120 702 3183 1272,
734 3116 860 3188 ipse
892 3120 1092 3173 autem
1114 3118 1261 3174 obiit
1283 3118 1395 3174 sub
1414 3119 1599 3175 ﬁnem
1628 3136 1725 3176 an.
1775 3124 1929 3178 1281.
1960 3120 2095 3191 Ejus
2116 3136 2187 3176 ac
2226 3141 2267 3198 ο
2296 3119 2496 3175 vixerit
2548 3134 2668 3173 non
2708 3119 2975 3189 reperio:
3024 3135 3211 3174 unum
3266 3116 3676 3174 verosimiliter
3726 3108 3883 3205 videor

542 3205 648 3261 ﬁlii
672 3221 765 3261 res
786 3210 986 3276 gestas
1032 3208 1327 3264 accuratis
1354 3209 1800 3265 commentariis
1834 3214 2186 3282 prosecutus
2295 3223 2471 3280 posse
2497 3207 2717 3274 dicere,
2752 3207 3103 3263 Encomium
3128 3210 3183 3263 S.
3217 3206 3567 3262 Theodosiee
3597 3202 3670 3259 ab
3697 3216 3757 3257 eo
3782 3202 3883 3251 srri-

547 3299 635 3351 est
654 3294 941 3365 Georgius
966 3296 1381 3369 Pachymeres,
1423 3313 1546 3353 non
1575 3298 1656 3354 ita
1698 3299 1931 3372 pridem
1982 3297 2190 3355 Latini-

545 3386 663 3439 tate
688 3382 949 3440 donatus
998 3399 1036 3442 a
1085 3389 1291 3442 nostro
1321 3388 1487 3442 Petro
1540 3387 1809 3456 Possino,
1852 3394 1909 3442 et
1965 3388 2190 3443 Graeco—

546 3472 748 3529 Latine
778 3471 971 3528 editus
996 3475 1197 3529 Romae
1238 3474 1846 3544 magniﬁcentissimis
1901 3492 1972 3531 ac
2015 3475 2193 3547 plane

546 3561 725 3631 regiis
789 3561 949 3633 typis
1006 3562 1356 3619 Barberinis.
1412 3566 1491 3619 Ex
1535 3580 1606 3619 eo
1665 3564 1973 3631 discimus,
2023 3564 2190 3636 quod

549 3649 687 3704 ﬁliae
750 3648 1015 3704 Michaeli
1067 3649 1285 3707 fuerint
1336 3657 1477 3716 tres,
1535 3653 1710 3707 etiam
1779 3654 2100 3708 nominatas
2161 3669 2196 3707 a

552 3734 930 3794 Christodulo
959 3738 1016 3791 in
1037 3737 1287 3808 epistola
1308 3740 1529 3810 praevia
1559 3739 1637 3795 ad
1667 3740 1979 3797 historiam
2023 3744 2195 3797 Joan-

551 3826 645 3883 nis
672 3826 1082 3895 Cantacuzeni,
1110 3826 1273 3883 Irene
1304 3828 1541 3899 scilicet,
1572 3829 1853 3890 Eudocia.
1904 3835 1961 3886 et
1989 3836 2184 3886 Anna.

552 3919 717 3971 Irene
746 3915 953 3989 nupsit
976 3917 1183 3972 Asano
1210 3918 1458 3988 Jnniori,
1490 3918 1779 3990 Bulgaria:
1801 3920 1924 3990 regi
1960 3939 1971 3985 ;
2010 3920 2196 3975 Eudo-

551 4004 643 4061 cia
669 4004 922 4077 principi
984 4005 1271 4062 Lazorum
1320 4007 1629 4077 collocata,
1687 4010 1903 4065 marito
1960 4013 2196 4064 mortuo

551 4092 613 4149 in
638 4093 1068 4149 monasterium
1093 4110 1221 4151 sese
1276 4099 1541 4169 recepit;
1592 4104 1782 4170 Anna,
1843 4098 1965 4155 ﬁlio
2024 4098 2197 4155 cralis

553 4196 662 4236 seu
684 4181 842 4250 regis
863 4182 1076 4239 Serviaa
1103 4183 1405 4257 desponsa
1432 4187 1699 4260 quidem.
1732 4188 1837 4244 sed
1880 4189 2199 4259 conjuncta

550 4284 890 4342 nunquam,
928 4287 1087 4329 anno
1122 4277 1255 4330 1278
1287 4276 1548 4333 Michaeli
1586 4279 2035 4347 consanguineo
2088 4293 2197 4332 suo

552 4358 808 4425 nubens,
838 4361 1034 4417 attulit
1061 4362 1114 4418 ei
1144 4363 1378 4419 titulum
1409 4365 1672 4438 despotic
1697 4384 1709 4421 :
1740 4372 1797 4421 et
1825 4366 1963 4421 huic
2009 4365 2199 4437 potuit

2295 3301 2468 3368 ptum
2514 3294 2701 3350 fuisse
2774 3301 2911 3350 ante
2989 3310 3216 3351 annum
3299 3296 3459 3356 i306,
3525 3289 3729 3363 alioqui
3794 3297 3882 3339 non

2299 3382 2613 3439 omisisset'
2646 3383 3099 3439 celeberrimum
3163 3382 3323 3438 istud
3383 3379 3721 3437 miraculum
3762 3369 3885 3446 qvod

2298 3471 2402 3528 lib.
2441 3488 2493 3543 v,
2529 3472 2601 3529 de
2625 3472 2988 3533 Andronico.
3032 3488 3162 3545 cap.
3193 3475 3279 3541 32,
3311 3474 3516 3527 narrat
3554 3465 3885 3553 Pachymeres

2300 3576 2423 3633 quo
2446 3562 2585 3633 tque
2614 3560 2828 3616 eodem
2861 3559 3106 3628 contigit
3135 3575 3316 3616 anno.
3352 3562 3447 3615 Est
3471 3562 3663 3614 autem
3687 3578 3711 3605 ι(
3732 3560 3885 3616 magnl

2300 3649 2616 3718 logotheter
2639 3647 2903 3704 ofﬁcium
2934 3648 3263 3721 proprium,
3297 3655 3364 3704 ut
3395 3647 3475 3704 ait
3496 3644 3737 3703 Codinus
3775 3637 3885 3692 libro

2303 3739 2375 3796 de
2418 3740 2661 3808 Ofﬁciis,
2714 3739 3001 3795 mandata
3060 3738 3221 3810 regia
3278 3744 3336 3793 et
3393 3752 3567 3794 aures
3614 3731 3785 3789 bullas
3829 3721 3882 3778 ad

2302 3844 2493 3897 reges,
2546 3827 2833 3899 sultanos,
2897 3834 3166 3900 satrapas
3218 3827 3500 3898 expedire
3535 3842 3547 3879 :
3582 3846 3607 3873 ››
3650 3820 3794 3891 isque
3829 3812 3885 3866 ab

2304 3918 2515 3973 eodem
2552 3917 2774 3973 Codino
2832 3920 3180 3971 numeratur
3236 3917 3293 3971 in
3341 3915 3549 3971 ordine
3598 3904 3882 3967 oﬂicialium

2305 4005 2703 4061 Palatinorum
2734 4002 3149 4061 duodecimus.
3175 4008 3288 4059 Nec
3317 4003 3481 4060 aliud
3511 4004 3769 4074 praeterea
3803 4002 3881 4043 n0-

2304 4095 2554 4152 tandum
2586 4096 2741 4150 circa
2768 4097 2892 4150 haec
2923 4094 3195 4163 occurrit,
3230 4109 3418 4165 quam
3447 4084 3769 4160 Acropoliife
3803 4091 3878 4147 ἂρ·

2304 4184 2683 4257 pellationem
2707 4199 2828 4238 non
2861 4183 3037 4238 fuisse
3060 4182 3286 4253 patriar,
3314 4182 3421 4235 sed
3442 4176 3671 4235 familiae
3707 4179 3879 4235 cogno‘

2305 4277 2611 4329 mentum:
2642 4287 2777 4327 cum
2812 4272 2955 4327 satis
2986 4280 3209 4326 certum
3257 4270 3545 4333 videatur,
3600 4271 3709 4319 tam
3751 4258 3881 4312 Geor-

2306 4362 2472 4432 gium
2492 4378 2677 4433 quam
2700 4362 2748 4431 ej
2763 4377 2829 4415 us
2850 4360 3037 4415 ﬁlium
3060 4357 3511 4415 Constantinum
3536 4342 3882 4433 Constantino:

552 4448 728 4505 datus
758 4465 887 4506 esse
916 4450 1287 4524 principatus
1313 4426 1691 4522 Colchorum,
1724 4460 1787 4510 ut
1839 4470 1911 4508 ex
1961 4426 2031 4510 ec
2076 4469 2199 4510 ma-
2232 4482 2274 4535 ι)
2307 4426 2606 4525 politanos
2639 4426 2822 4505 fuisse
2856 4469 2868 4505 :
2908 4449 3025 4505 alia
3068 4454 3269 4504 autem
3304 4446 3607 4517 gentilium
3644 4426 3880 4535 θὶυδωίξᾳί

554 4540 836 4599 trimonio
865 4546 1041 4597 natus
1063 4541 1222 4598 ﬁlius
1253 4544 1527 4613 potuerit,
1562 4544 1719 4599 circa
1757 4559 1987 4598 annum
2040 4547 2197 4612 1295,

553 4630 772 4687 ducere
795 4646 1045 4686 uxorem
1079 4629 1263 4686 ﬁliam
1320 4630 1683 4686 Constantini
1730 4631 2070 4700 logothetae,
2126 4629 2199 4687 de

552 4736 677 4795 quo
706 4718 881 4776 nobis
912 4718 973 4774 in
1002 4718 1457 4793 praesentiarum
1484 4725 1572 4774 est
1598 4719 1868 4790 quiestio.

630 4812 713 4867 10.
747 4811 863 4867 Leo
900 4808 1169 4875 Allatius,
1196 4807 1258 4865 in
1317 4823 1429 4864 sua
1478 4806 1552 4862 de
1604 4806 1866 4878 Georgiis
1918 4806 2198 4873 Diatriba,

557 4900 716 4958 edita
789 4904 926 4973 post
982 4897 1215 4968 Georgii
1260 4896 1611 4969 Acropolitre
1670 4895 2002 4968 historiam,
2052 4895 2203 4951 inter

556 4990 784 5059 legatos
816 5006 853 5047 a
881 4990 1157 5047 Michaele
1180 4989 1397 5045 missos
1428 4986 1505 5043 ad
1537 4988 1885 5056 Gregorium
1930 4989 1991 5055 Χ,
2041 5000 2201 5040 anno

562 5081 717 5144 1273,
775 5079 1151 5134 nominatum
1200 5077 1509 5133 inveniens
1558 5075 1721 5149 apud
1775 5075 2203 5146 Pachymerem

559 5166 747 5233 lib.V,
773 5183 905 5239 cap.
957 5173 1041 5229 t7.
1092 5188 1119 5215 ‹‹
1178 5183 1247 5222 ex
1299 5166 1597 5222 senatorio
1651 5164 1882 5229 ordine,
1938 5164 2201 5237 primum

560 5272 851 5327 magnum
877 5255 1243 5326 logothetam
1274 5254 1696 5327 Acropolitam,
1743 5277 1769 5304 ››
1815 5253 2065 5323 dubitat,
2124 5252 2204 5307 lo-

562 5361 747 5402 cusne
784 5344 880 5401 hic
903 5344 1320 5413 inteliigendus
1354 5345 1426 5400 sit
1465 5344 1539 5399 de
1591 5343 1877 5415 praedicto
1935 5343 2204 5409 Georgio,

563 5445 767 5509 (quem
815 5434 993 5491 etiam
1052 5432 1256 5502 magni
1312 5432 1629 5502 logothetaa
1685 5431 1957 5488 functum
2011 5430 2207 5487 ofﬁcio

562 5526 838 5598 constat),
869 5540 946 5582 an
968 5524 1043 5580 de
1105 5545 1125 5573 ι
1171 5521 1573 5582 Constantino.
1640 5521 1813 5592 cujus
1866 5519 2206 5592 complures

563 5620 863 5701 orationes
903 5616 966 5695 in
1012 5618 1357 5695 sanctorum
1403 5610 1750 5689 festivitates
1800 5614 2037 5701 tempus
2085 5624 2209 5685 non

2309 4515 2737 4608 cognominum
2782 4536 3011 4593 saeculis
3067 4534 3181 4592 illis
3235 4536 3585 4591 usitatorum
3646 4515 3881 4611 exempla,

2308 4604 2444 4700 quin
2474 4643 2859 4699 nequaquam
2884 4625 3045 4681 credi
3067 4625 3292 4698 possint
3320 4622 3594 4695 patriam.
3657 4604 3883 4706 utiualias

2309 4699 2669 4777 viderentur,
2713 4720 2940 4784 notare,
2981 4714 3116 4769 vide
3166 4708 3326 4785 apud
3384 4711 3633 4767 Leonem
3677 4699 3879 4757 Alltium,

2310 4804 2365 4859 in
2392 4804 2695 4877 praecitata
2718 4803 2793 4860 de
2821 4803 3083 4872 Georgiis
3114 4800 3375 4857 Diatriba
3400 4799 3503 4855 ubi
3553 4794 3621 4849 de
3674 4793 3882 4851 Acropo-

2310 4892 2412 4950 lita
2432 4892 2571 4961 agit.

2384 4956 2797 5038 42.9Hactenus
2818 4980 2890 5034 de
2921 4984 3161 5035 auctore
3182 4982 3239 5033 et
3270 4982 3532 5047 tempore
3587 4962 3769 5049 scripti
3807 4956 3881 5049 Εῐις

2312 5071 2509 5126 comii.
2549 5074 2623 5124 De
2656 5069 2788 5124 loco
2838 5068 3106 5140 martyrii
3158 5083 3193 5121 a
3244 5068 3300 5121 S.
3345 5046 3664 5120 Theodosia
3706 5046 3882 5140 tolerati

2313 5161 2558 5217 verbum
2594 5176 2780 5216 unum
2811 5159 2905 5214 hic
2939 5158 3420 5230 prtemittendum
3456 5146 3725 5223 superest.
3774 5137 3883 5230 C007

2314 5249 2607 5305 stantinus
2632 5264 2795 5303 num.
2831 5251 2897 5303 29
2930 5228 2988 5302 in
3023 5244 3273 5301 macello
3303 5245 3646 5315 pertractam
3672 5228 3881 5327 sai-mctalli

2316 5344 2395 5395 ait
2421 5357 2433 5394 :
2462 5337 2813 5410 Synaxaria,
2841 5336 3042 5408 utique
3066 5351 3138 5390 ex
3169 5327 3599 5406 antiquioribus
3623 5320 3882 5410 Αρυεχτξρτξ

2316 5435 2400 5482 τόν
2431 5398 2556 5481 Βοξν
2587 5427 2668 5485 ad
2698 5398 3059 5482 Eodem-Hic
3091 5424 3260 5479 locus
3292 5398 3368 5477 a-n
3397 5419 3555 5483 olim,
3600 5407 3682 5466 vel
3726 5398 3880 5458 saltem

2317 5516 2686 5575 Constantini
2703 5532 2855 5582 aevo,
2879 5512 3199 5570 macellum
3232 5488 3879 5582 sibiadjunctumhabller'

2315 5608 2404 5695 rit,
2438 5622 2631 5681 eaque
2651 5604 2964 5685 occasione
2996 5606 3393 5673 mactatorum
3437 5586 3756 5652 animalium
3788 5581 3882 5628 σοῖο
