  <div class='ocr_page' id='page_1' title='image "/cluster/home/n/w/nwhite01/storage/ocr_20150623/140/hvd.32044073502551/480.png"; bbox 0 0 2042 3103; ppageno 0'>
   <div class='ocr_carea' id='block_1_1' title="bbox 108 165 164 194">
    <p class='ocr_par' dir='ltr' id='par_1_1' title="bbox 108 165 164 194">
     <span class='ocr_line' id='line_1_1' title="bbox 108 165 164 194; baseline 0 0"><span class='ocrx_word' id='word_1_1' title='bbox 108 165 164 194; x_wconf 66' lang='grc' dir='ltr'><strong>ωε</strong></span> 
     </span>
    </p>
   </div>
   <div class='ocr_carea' id='block_1_2' title="bbox 801 161 1139 191">
    <p class='ocr_par' dir='ltr' id='par_1_2' title="bbox 801 161 1139 191">
     <span class='ocr_line' id='line_1_2' title="bbox 801 161 1139 191; baseline 0.003 -1"><span class='ocrx_word' id='word_1_2' title='bbox 801 161 836 190; x_wconf 84' lang='lat' dir='ltr'><strong>IN</strong></span> <span class='ocrx_word' id='word_1_3' title='bbox 856 161 884 190; x_wconf 84' lang='lat' dir='ltr'><strong>S.</strong></span> <span class='ocrx_word' id='word_1_4' title='bbox 903 161 1139 191; x_wconf 70' lang='grc' dir='ltr'><strong>ΤΗΕοοοειΑι.</strong></span> 
     </span>
    </p>
   </div>
   <div class='ocr_carea' id='block_1_3' title="bbox 1758 165 1813 193">
    <p class='ocr_par' dir='ltr' id='par_1_3' title="bbox 1758 165 1813 193">
     <span class='ocr_line' id='line_1_3' title="bbox 1758 165 1813 193; baseline 0 0"><span class='ocrx_word' id='word_1_5' title='bbox 1758 165 1813 193; x_wconf 63' lang='grc'><strong>894</strong></span> 
     </span>
    </p>
   </div>
   <div class='ocr_carea' id='block_1_4' title="bbox 109 223 1812 261">
    <p class='ocr_par' dir='ltr' id='par_1_4' title="bbox 109 223 1812 261">
     <span class='ocr_line' id='line_1_4' title="bbox 109 223 1812 261; baseline -0.001 -5"><span class='ocrx_word' id='word_1_6' title='bbox 109 235 175 256; x_wconf 86' lang='lat' dir='ltr'><strong>nua</strong></span> <span class='ocrx_word' id='word_1_7' title='bbox 184 226 297 255; x_wconf 82' lang='lat' dir='ltr'><strong>ibidem</strong></span> <span class='ocrx_word' id='word_1_8' title='bbox 307 225 347 254; x_wconf 88' lang='lat' dir='ltr'><strong>ad</strong></span> <span class='ocrx_word' id='word_1_9' title='bbox 361 232 485 252; x_wconf 86' lang='lat' dir='ltr'><strong>manum</strong></span> <span class='ocrx_word' id='word_1_10' title='bbox 496 226 612 252; x_wconf 83' lang='lat' dir='ltr'><strong>essent:</strong></span> <span class='ocrx_word' id='word_1_11' title='bbox 622 231 661 252; x_wconf 86' lang='lat' dir='ltr'><strong>an</strong></span> <span class='ocrx_word' id='word_1_12' title='bbox 671 231 742 252; x_wconf 85' lang='lat' dir='ltr'><strong>vero</strong></span> <span class='ocrx_word' id='word_1_13' title='bbox 753 223 782 252; x_wconf 92' lang='lat' dir='ltr'>id</span> <span class='ocrx_word' id='word_1_14' title='bbox 794 225 939 252; x_wconf 87' lang='lat' dir='ltr'><strong>Constan—</strong></span> <span class='ocrx_word' id='word_1_15' title='bbox 953 225 976 252; x_wconf 76' lang='grc' dir='ltr'><strong>Α</strong></span> <span class='ocrx_word' id='word_1_16' title='bbox 992 231 1057 259; x_wconf 89' lang='lat' dir='ltr'><strong>pro,</strong></span> <span class='ocrx_word' id='word_1_17' title='bbox 1087 223 1218 260; x_wconf 73' lang='grc' dir='ltr'><strong>ἐχωνεύθη</strong></span> <span class='ocrx_word' id='word_1_18' title='bbox 1248 226 1393 260; x_wconf 81' lang='lat' dir='ltr'><strong>conﬂatus</strong></span> <span class='ocrx_word' id='word_1_19' title='bbox 1417 229 1471 261; x_wconf 82' lang='lat' dir='ltr'><strong>est,</strong></span> <span class='ocrx_word' id='word_1_20' title='bbox 1494 225 1524 254; x_wconf 89' lang='lat' dir='ltr'><strong>in</strong></span> <span class='ocrx_word' id='word_1_21' title='bbox 1557 234 1613 254; x_wconf 88' lang='lat' dir='ltr'><strong>ms.</strong></span> <span class='ocrx_word' id='word_1_22' title='bbox 1647 226 1812 261; x_wconf 74' lang='lat' dir='ltr'><strong>legebatur,</strong></span> 
     </span>
    </p>
   </div>
   <div class='ocr_carea' id='block_1_5' title="bbox 110 268 938 308">
    <p class='ocr_par' dir='ltr' id='par_1_5' title="bbox 110 268 938 308">
     <span class='ocr_line' id='line_1_5' title="bbox 110 268 938 308; baseline -0.006 -7"><span class='ocrx_word' id='word_1_23' title='bbox 110 273 192 301; x_wconf 74' lang='lat' dir='ltr'><strong>tinus</strong></span> <span class='ocrx_word' id='word_1_24' title='bbox 203 279 257 308; x_wconf 89' lang='lat' dir='ltr'><strong>per</strong></span> <span class='ocrx_word' id='word_1_25' title='bbox 276 268 466 306; x_wconf 82' lang='lat' dir='ltr'><strong>conjectundi</strong></span> <span class='ocrx_word' id='word_1_26' title='bbox 478 269 629 297; x_wconf 78' lang='lat' dir='ltr'><strong>licentiam</strong></span> <span class='ocrx_word' id='word_1_27' title='bbox 643 268 685 297; x_wconf 85' lang='lat' dir='ltr'><strong>ita</strong></span> <span class='ocrx_word' id='word_1_28' title='bbox 700 269 859 305; x_wconf 83' lang='lat' dir='ltr'><strong>scripserit,</strong></span> <span class='ocrx_word' id='word_1_29' title='bbox 877 275 938 296; x_wconf 92' lang='lat' dir='ltr'><strong>non</strong></span> 
     </span>
    </p>
   </div>
   <div class='ocr_carea' id='block_1_6' title="bbox 109 312 939 346">
    <p class='ocr_par' dir='ltr' id='par_1_6' title="bbox 109 312 939 346">
     <span class='ocr_line' id='line_1_6' title="bbox 109 312 939 346; baseline -0.005 -2"><span class='ocrx_word' id='word_1_30' title='bbox 109 316 215 345; x_wconf 84' lang='lat' dir='ltr'><strong>divino</strong></span> <span class='ocrx_word' id='word_1_31' title='bbox 229 325 236 343; x_wconf 88' lang='lat'>:</span> <span class='ocrx_word' id='word_1_32' title='bbox 251 315 289 342; x_wconf 87' lang='lat' dir='ltr'><strong>de</strong></span> <span class='ocrx_word' id='word_1_33' title='bbox 306 316 382 342; x_wconf 88' lang='lat' dir='ltr'><strong>Bove</strong></span> <span class='ocrx_word' id='word_1_34' title='bbox 398 314 459 342; x_wconf 91' lang='lat' dir='ltr'><strong>scio</strong></span> <span class='ocrx_word' id='word_1_35' title='bbox 480 321 515 341; x_wconf 85' lang='lat' dir='ltr'><strong>ex</strong></span> <span class='ocrx_word' id='word_1_36' title='bbox 532 312 648 341; x_wconf 78' lang='lat' dir='ltr'><strong>Joanne</strong></span> <span class='ocrx_word' id='word_1_37' title='bbox 663 315 761 346; x_wconf 78' lang='lat' dir='ltr'><strong>Tzetze</strong></span> <span class='ocrx_word' id='word_1_38' title='bbox 785 313 860 341; x_wconf 87' lang='lat' dir='ltr'><strong>inter</strong></span> <span class='ocrx_word' id='word_1_39' title='bbox 873 313 939 341; x_wconf 86' lang='lat' dir='ltr'><strong>fora</strong></span> 
     </span>
    </p>
   </div>
   <div class='ocr_carea' id='block_1_7' title="bbox 109 357 938 397">
    <p class='ocr_par' dir='ltr' id='par_1_7' title="bbox 109 357 938 397">
     <span class='ocr_line' id='line_1_7' title="bbox 109 357 938 397; baseline -0.007 -8"><span class='ocrx_word' id='word_1_40' title='bbox 109 360 235 397; x_wconf 81' lang='lat' dir='ltr'><strong>publica</strong></span> <span class='ocrx_word' id='word_1_41' title='bbox 247 359 437 388; x_wconf 86' lang='lat' dir='ltr'><strong>nominatum</strong></span> <span class='ocrx_word' id='word_1_42' title='bbox 451 357 553 391; x_wconf 87' lang='lat' dir='ltr'><strong>fuisse,</strong></span> <span class='ocrx_word' id='word_1_43' title='bbox 577 360 639 389; x_wconf 83' lang='grc' dir='ltr'><strong>Βοὸς</strong></span> <span class='ocrx_word' id='word_1_44' title='bbox 663 357 770 395; x_wconf 73' lang='grc' dir='ltr'><strong>ἀγορὰν,</strong></span> <span class='ocrx_word' id='word_1_45' title='bbox 791 359 850 387; x_wconf 80' lang='grc' dir='ltr'><strong>ἤτοι</strong></span> <span class='ocrx_word' id='word_1_46' title='bbox 874 361 938 383; x_wconf 75' lang='grc' dir='ltr'><strong>Βοᾶν</strong></span> 
     </span>
    </p>
   </div>
   <div class='ocr_carea' id='block_1_8' title="bbox 108 403 936 439">
    <p class='ocr_par' dir='ltr' id='par_1_8' title="bbox 108 403 936 439">
     <span class='ocr_line' id='line_1_8' title="bbox 108 403 936 439; baseline -0.001 -8"><span class='ocrx_word' id='word_1_47' title='bbox 108 407 154 431; x_wconf 75' lang='grc' dir='ltr'><strong>τὸν</strong></span> <span class='ocrx_word' id='word_1_48' title='bbox 169 407 260 439; x_wconf 73' lang='grc' dir='ltr'><strong>τόπον,</strong></span> <span class='ocrx_word' id='word_1_49' title='bbox 271 404 354 432; x_wconf 76' lang='lat' dir='ltr'><strong>Bovis</strong></span> <span class='ocrx_word' id='word_1_50' title='bbox 360 404 475 438; x_wconf 83' lang='lat' dir='ltr'><strong>forum,</strong></span> <span class='ocrx_word' id='word_1_51' title='bbox 490 410 541 430; x_wconf 84' lang='lat' dir='ltr'><strong>seu</strong></span> <span class='ocrx_word' id='word_1_52' title='bbox 558 403 655 431; x_wconf 80' lang='lat' dir='ltr'><strong>locum</strong></span> <span class='ocrx_word' id='word_1_53' title='bbox 669 403 723 439; x_wconf 77' lang='lat' dir='ltr'><strong>qui</strong></span> <span class='ocrx_word' id='word_1_54' title='bbox 732 403 790 430; x_wconf 83' lang='lat' dir='ltr'><strong>Bos</strong></span> <span class='ocrx_word' id='word_1_55' title='bbox 803 403 917 431; x_wconf 78' lang='lat' dir='ltr'><strong>dicitur</strong></span> <span class='ocrx_word' id='word_1_56' title='bbox 929 410 936 429; x_wconf 94' lang='lat'>:</span> 
     </span>
    </p>
   </div>
   <div class='ocr_carea' id='block_1_9' title="bbox 109 446 938 483">
    <p class='ocr_par' dir='ltr' id='par_1_9' title="bbox 109 446 938 483">
     <span class='ocr_line' id='line_1_9' title="bbox 109 446 938 483; baseline -0.004 -6"><span class='ocrx_word' id='word_1_57' title='bbox 109 457 148 478; x_wconf 81' lang='lat' dir='ltr'><strong>ex</strong></span> <span class='ocrx_word' id='word_1_58' title='bbox 159 449 273 477; x_wconf 87' lang='lat' dir='ltr'><strong>Codino</strong></span> <span class='ocrx_word' id='word_1_59' title='bbox 286 455 356 476; x_wconf 85' lang='lat' dir='ltr'><strong>vero</strong></span> <span class='ocrx_word' id='word_1_60' title='bbox 364 449 406 476; x_wconf 88' lang='lat' dir='ltr'><strong>De</strong></span> <span class='ocrx_word' id='word_1_61' title='bbox 417 447 583 483; x_wconf 72' lang='lat' dir='ltr'><strong>originibus</strong></span> <span class='ocrx_word' id='word_1_62' title='bbox 593 455 663 475; x_wconf 88' lang='lat' dir='ltr'><strong>eum</strong></span> <span class='ocrx_word' id='word_1_63' title='bbox 675 447 765 475; x_wconf 87' lang='lat' dir='ltr'><strong>fuisse</strong></span> <span class='ocrx_word' id='word_1_64' title='bbox 776 455 837 475; x_wconf 93' lang='lat' dir='ltr'><strong>non</strong></span> <span class='ocrx_word' id='word_1_65' title='bbox 849 446 938 475; x_wconf 82' lang='lat' dir='ltr'><strong>valde</strong></span> 
     </span>
    </p>
   </div>
   <div class='ocr_carea' id='block_1_10' title="bbox 107 491 937 529">
    <p class='ocr_par' dir='ltr' id='par_1_10' title="bbox 107 491 937 529">
     <span class='ocr_line' id='line_1_10' title="bbox 107 491 937 529; baseline -0.005 -6"><span class='ocrx_word' id='word_1_66' title='bbox 107 496 262 523; x_wconf 85' lang='lat' dir='ltr'><strong>remotum</strong></span> <span class='ocrx_word' id='word_1_67' title='bbox 273 501 291 521; x_wconf 89' lang='lat' dir='ltr'><strong>a</strong></span> <span class='ocrx_word' id='word_1_68' title='bbox 304 492 416 529; x_wconf 83' lang='lat' dir='ltr'><strong>palatio</strong></span> <span class='ocrx_word' id='word_1_69' title='bbox 428 500 434 519; x_wconf 88' lang='lat'>:</span> <span class='ocrx_word' id='word_1_70' title='bbox 451 491 602 528; x_wconf 80' lang='lat' dir='ltr'><strong>siquidem</strong></span> <span class='ocrx_word' id='word_1_71' title='bbox 617 492 693 519; x_wconf 88' lang='lat' dir='ltr'><strong>inter</strong></span> <span class='ocrx_word' id='word_1_72' title='bbox 702 494 832 528; x_wconf 84' lang='lat' dir='ltr'><strong>quatuor</strong></span> <span class='ocrx_word' id='word_1_73' title='bbox 846 491 937 527; x_wconf 87' lang='lat' dir='ltr'><strong>porti-</strong></span> 
     </span>
    </p>
   </div>
   <div class='ocr_carea' id='block_1_11' title="bbox 109 535 936 574">
    <p class='ocr_par' dir='ltr' id='par_1_11' title="bbox 109 535 936 574">
     <span class='ocr_line' id='line_1_11' title="bbox 109 535 936 574; baseline -0.005 -8"><span class='ocrx_word' id='word_1_74' title='bbox 109 546 174 568; x_wconf 84' lang='lat' dir='ltr'><strong>ous.</strong></span> <span class='ocrx_word' id='word_1_75' title='bbox 187 538 297 574; x_wconf 86' lang='lat' dir='ltr'><strong>quibus</strong></span> <span class='ocrx_word' id='word_1_76' title='bbox 309 536 414 565; x_wconf 83' lang='lat' dir='ltr'><strong>urbem</strong></span> <span class='ocrx_word' id='word_1_77' title='bbox 424 537 542 564; x_wconf 80' lang='lat' dir='ltr'><strong>ornavit</strong></span> <span class='ocrx_word' id='word_1_78' title='bbox 551 535 694 568; x_wconf 84' lang='lat' dir='ltr'><strong>Eubulus,</strong></span> <span class='ocrx_word' id='word_1_79' title='bbox 702 535 779 564; x_wconf 84' lang='lat' dir='ltr'><strong>duas</strong></span> <span class='ocrx_word' id='word_1_80' title='bbox 789 537 936 569; x_wconf 80' lang='lat' dir='ltr'><strong>numerat,</strong></span> 
     </span>
    </p>
   </div>
   <div class='ocr_carea' id='block_1_12' title="bbox 111 580 937 618">
    <p class='ocr_par' dir='ltr' id='par_1_12' title="bbox 111 580 937 618">
     <span class='ocr_line' id='line_1_12' title="bbox 111 580 937 618; baseline -0.001 -10"><span class='ocrx_word' id='word_1_81' title='bbox 111 593 125 608; x_wconf 78' lang='grc' dir='ltr'>ι</span> <span class='ocrx_word' id='word_1_82' title='bbox 140 590 161 610; x_wconf 87' lang='lat' dir='ltr'><strong>a</strong></span> <span class='ocrx_word' id='word_1_83' title='bbox 177 582 282 611; x_wconf 86' lang='lat' dir='ltr'><strong>Chalce</strong></span> <span class='ocrx_word' id='word_1_84' title='bbox 295 589 349 618; x_wconf 88' lang='lat' dir='ltr'><strong>per</strong></span> <span class='ocrx_word' id='word_1_85' title='bbox 363 581 471 609; x_wconf 74' lang='lat' dir='ltr'><strong>Milium</strong></span> <span class='ocrx_word' id='word_1_86' title='bbox 486 583 515 608; x_wconf 91' lang='lat' dir='ltr'><strong>et</strong></span> <span class='ocrx_word' id='word_1_87' title='bbox 529 582 637 608; x_wconf 82' lang='lat' dir='ltr'><strong>Forum</strong></span> <span class='ocrx_word' id='word_1_88' title='bbox 652 588 748 616; x_wconf 85' lang='lat' dir='ltr'><strong>usque</strong></span> <span class='ocrx_word' id='word_1_89' title='bbox 758 580 796 608; x_wconf 89' lang='lat' dir='ltr'><strong>ad</strong></span> <span class='ocrx_word' id='word_1_90' title='bbox 806 581 937 607; x_wconf 84' lang='lat' dir='ltr'><strong>Taurum</strong></span> 
     </span>
    </p>
   </div>
   <div class='ocr_carea' id='block_1_13' title="bbox 109 624 936 661">
    <p class='ocr_par' dir='ltr' id='par_1_13' title="bbox 109 624 936 661">
     <span class='ocr_line' id='line_1_13' title="bbox 109 624 936 661; baseline -0.005 -5"><span class='ocrx_word' id='word_1_91' title='bbox 109 630 139 656; x_wconf 83' lang='lat' dir='ltr'><strong>et</strong></span> <span class='ocrx_word' id='word_1_92' title='bbox 155 629 266 655; x_wconf 81' lang='lat' dir='ltr'><strong>Bovem</strong></span> <span class='ocrx_word' id='word_1_93' title='bbox 280 628 308 654; x_wconf 85' lang='lat' dir='ltr'><strong>et</strong></span> <span class='ocrx_word' id='word_1_94' title='bbox 323 625 551 661; x_wconf 81' lang='lat' dir='ltr'><strong>ﬂexakyonium</strong></span> <span class='ocrx_word' id='word_1_95' title='bbox 571 624 678 652; x_wconf 88' lang='lat' dir='ltr'><strong>ductas</strong></span> <span class='ocrx_word' id='word_1_96' title='bbox 694 633 701 652; x_wconf 85' lang='lat'><strong>:</strong></span> <span class='ocrx_word' id='word_1_97' title='bbox 718 635 733 649; x_wconf 69' lang='grc' dir='ltr'><strong>η</strong></span> <span class='ocrx_word' id='word_1_98' title='bbox 749 626 854 661; x_wconf 88' lang='lat' dir='ltr'><strong>postea</strong></span> <span class='ocrx_word' id='word_1_99' title='bbox 868 631 936 652; x_wconf 87' lang='lat' dir='ltr'><strong>vero</strong></span> 
     </span>
    </p>
   </div>
   <div class='ocr_carea' id='block_1_14' title="bbox 109 668 936 706">
    <p class='ocr_par' dir='ltr' id='par_1_14' title="bbox 109 668 936 706">
     <span class='ocr_line' id='line_1_14' title="bbox 109 668 936 706; baseline -0.004 -7"><span class='ocrx_word' id='word_1_100' title='bbox 109 671 149 699; x_wconf 88' lang='lat' dir='ltr'><strong>de</strong></span> <span class='ocrx_word' id='word_1_101' title='bbox 179 671 284 699; x_wconf 87' lang='lat' dir='ltr'><strong>statuis</strong></span> <span class='ocrx_word' id='word_1_102' title='bbox 308 678 400 706; x_wconf 77' lang='lat' dir='ltr'><strong>agens</strong></span> <span class='ocrx_word' id='word_1_103' title='bbox 417 678 424 697; x_wconf 87' lang='lat'><strong><em>:</em></strong></span> <span class='ocrx_word' id='word_1_104' title='bbox 442 680 455 694; x_wconf 75' lang='grc' dir='ltr'><strong>ι(</strong></span> <span class='ocrx_word' id='word_1_105' title='bbox 472 671 503 697; x_wconf 94' lang='lat' dir='ltr'><strong>In</strong></span> <span class='ocrx_word' id='word_1_106' title='bbox 529 668 606 702; x_wconf 86' lang='lat' dir='ltr'><strong>loco,</strong></span> <span class='ocrx_word' id='word_1_107' title='bbox 632 668 740 705; x_wconf 83' lang='lat' dir='ltr'><strong>inquit,</strong></span> <span class='ocrx_word' id='word_1_108' title='bbox 763 670 936 704; x_wconf 84' lang='lat' dir='ltr'><strong>nuncupato</strong></span> 
     </span>
    </p>
   </div>
   <div class='ocr_carea' id='block_1_15' title="bbox 108 712 937 750">
    <p class='ocr_par' dir='ltr' id='par_1_15' title="bbox 108 712 937 750">
     <span class='ocr_line' id='line_1_15' title="bbox 108 712 937 750; baseline -0.005 -6"><span class='ocrx_word' id='word_1_109' title='bbox 108 717 203 750; x_wconf 82' lang='lat' dir='ltr'><strong>Bove,</strong></span> <span class='ocrx_word' id='word_1_110' title='bbox 217 715 349 743; x_wconf 76' lang='lat' dir='ltr'><strong>maxima</strong></span> <span class='ocrx_word' id='word_1_111' title='bbox 360 716 424 742; x_wconf 84' lang='lat' dir='ltr'><strong>erat</strong></span> <span class='ocrx_word' id='word_1_112' title='bbox 438 713 555 748; x_wconf 84' lang='lat' dir='ltr'><strong>fornax,</strong></span> <span class='ocrx_word' id='word_1_113' title='bbox 570 713 655 741; x_wconf 86' lang='lat' dir='ltr'><strong>Bovis</strong></span> <span class='ocrx_word' id='word_1_114' title='bbox 668 715 758 749; x_wconf 84' lang='lat' dir='ltr'><strong>caput</strong></span> <span class='ocrx_word' id='word_1_115' title='bbox 767 712 896 746; x_wconf 85' lang='lat' dir='ltr'><strong>habens,</strong></span> <span class='ocrx_word' id='word_1_116' title='bbox 906 713 937 740; x_wconf 94' lang='lat' dir='ltr'><strong>in</strong></span> 
     </span>
    </p>
   </div>
   <div class='ocr_carea' id='block_1_16' title="bbox 108 757 937 796">
    <p class='ocr_par' dir='ltr' id='par_1_16' title="bbox 108 757 937 796">
     <span class='ocr_line' id='line_1_16' title="bbox 108 757 937 796; baseline -0.005 -8"><span class='ocrx_word' id='word_1_117' title='bbox 108 768 175 796; x_wconf 81' lang='lat' dir='ltr'><strong>qua</strong></span> <span class='ocrx_word' id='word_1_118' title='bbox 198 759 327 788; x_wconf 85' lang='lat' dir='ltr'><strong>maleﬁci</strong></span> <span class='ocrx_word' id='word_1_119' title='bbox 342 758 543 795; x_wconf 77' lang='lat' dir='ltr'><strong>puniebantur</strong></span> <span class='ocrx_word' id='word_1_120' title='bbox 559 767 565 786; x_wconf 74' lang='grc' dir='ltr'>ε</span> <span class='ocrx_word' id='word_1_121' title='bbox 582 765 675 794; x_wconf 86' lang='lat' dir='ltr'><strong>quare</strong></span> <span class='ocrx_word' id='word_1_122' title='bbox 690 758 779 785; x_wconf 88' lang='lat' dir='ltr'><strong>etiam</strong></span> <span class='ocrx_word' id='word_1_123' title='bbox 802 757 937 785; x_wconf 80' lang='lat' dir='ltr'><strong>Julianus</strong></span> 
     </span>
    </p>
   </div>
   <div class='ocr_carea' id='block_1_17' title="bbox 109 800 935 832">
    <p class='ocr_par' dir='ltr' id='par_1_17' title="bbox 109 800 935 832">
     <span class='ocr_line' id='line_1_17' title="bbox 109 800 935 832; baseline -0.004 -1"><span class='ocrx_word' id='word_1_124' title='bbox 109 804 224 832; x_wconf 80' lang='lat' dir='ltr'><strong>mullos</strong></span> <span class='ocrx_word' id='word_1_125' title='bbox 240 802 421 831; x_wconf 82' lang='lat' dir='ltr'><strong>Christianos</strong></span> <span class='ocrx_word' id='word_1_126' title='bbox 431 802 461 829; x_wconf 90' lang='lat' dir='ltr'><strong>in</strong></span> <span class='ocrx_word' id='word_1_127' title='bbox 476 809 512 830; x_wconf 86' lang='lat' dir='ltr'><strong>ea</strong></span> <span class='ocrx_word' id='word_1_128' title='bbox 522 801 697 830; x_wconf 79' lang='lat' dir='ltr'><strong>combussit.</strong></span> <span class='ocrx_word' id='word_1_129' title='bbox 713 802 781 829; x_wconf 88' lang='lat' dir='ltr'><strong>Erat</strong></span> <span class='ocrx_word' id='word_1_130' title='bbox 794 808 865 828; x_wconf 88' lang='lat' dir='ltr'><strong>vero</strong></span> <span class='ocrx_word' id='word_1_131' title='bbox 878 800 935 829; x_wconf 85' lang='lat' dir='ltr'><strong>for-</strong></span> 
     </span>
    </p>
   </div>
   <div class='ocr_carea' id='block_1_18' title="bbox 108 845 936 882">
    <p class='ocr_par' dir='ltr' id='par_1_18' title="bbox 108 845 936 882">
     <span class='ocr_line' id='line_1_18' title="bbox 108 845 936 882; baseline -0.004 -6"><span class='ocrx_word' id='word_1_132' title='bbox 108 856 173 876; x_wconf 77' lang='lat' dir='ltr'><strong>nu</strong></span> <span class='ocrx_word' id='word_1_133' title='bbox 182 847 233 876; x_wconf 86' lang='lat' dir='ltr'><strong>illa</strong></span> <span class='ocrx_word' id='word_1_134' title='bbox 244 847 276 875; x_wconf 92' lang='lat' dir='ltr'><strong>in</strong></span> <span class='ocrx_word' id='word_1_135' title='bbox 289 847 420 882; x_wconf 77' lang='lat' dir='ltr'><strong>ﬁguram</strong></span> <span class='ocrx_word' id='word_1_136' title='bbox 432 845 519 874; x_wconf 82' lang='lat' dir='ltr'><strong>bovis</strong></span> <span class='ocrx_word' id='word_1_137' title='bbox 529 845 717 874; x_wconf 81' lang='lat' dir='ltr'><strong>conformata</strong></span> <span class='ocrx_word' id='word_1_138' title='bbox 732 845 936 882; x_wconf 83' lang='lat' dir='ltr'><strong>spectaculum</strong></span> 
     </span>
    </p>
   </div>
   <div class='ocr_carea' id='block_1_19' title="bbox 106 890 971 928">
    <p class='ocr_par' dir='ltr' id='par_1_19' title="bbox 106 890 971 928">
     <span class='ocr_line' id='line_1_19' title="bbox 106 890 971 928; baseline -0.005 -7"><span class='ocrx_word' id='word_1_139' title='bbox 106 893 200 927; x_wconf 78' lang='lat' dir='ltr'><strong>longe</strong></span> <span class='ocrx_word' id='word_1_140' title='bbox 212 892 413 921; x_wconf 80' lang='lat' dir='ltr'><strong>maximum...</strong></span> <span class='ocrx_word' id='word_1_141' title='bbox 439 894 467 919; x_wconf 88' lang='lat' dir='ltr'><strong>et</strong></span> <span class='ocrx_word' id='word_1_142' title='bbox 481 891 594 919; x_wconf 82' lang='lat' dir='ltr'><strong>mansit</strong></span> <span class='ocrx_word' id='word_1_143' title='bbox 616 898 713 927; x_wconf 89' lang='lat' dir='ltr'><strong>usque</strong></span> <span class='ocrx_word' id='word_1_144' title='bbox 730 890 769 918; x_wconf 81' lang='lat' dir='ltr'><strong>ad</strong></span> <span class='ocrx_word' id='word_1_145' title='bbox 791 890 934 923; x_wconf 87' lang='lat' dir='ltr'><strong>Phocam,</strong></span> <span class='ocrx_word' id='word_1_146' title='bbox 952 902 971 928; x_wconf 75' lang='grc' dir='ltr'>Β</span> 
     </span>
    </p>
   </div>
   <div class='ocr_carea' id='block_1_20' title="bbox 108 934 935 970">
    <p class='ocr_par' dir='ltr' id='par_1_20' title="bbox 108 934 935 970">
     <span class='ocr_line' id='line_1_20' title="bbox 108 934 935 970; baseline -0.005 -5"><span class='ocrx_word' id='word_1_147' title='bbox 108 937 166 965; x_wconf 86' lang='lat' dir='ltr'><strong>sed</strong></span> <span class='ocrx_word' id='word_1_148' title='bbox 175 936 325 965; x_wconf 84' lang='lat' dir='ltr'><strong>Heraclius</strong></span> <span class='ocrx_word' id='word_1_149' title='bbox 335 944 402 964; x_wconf 91' lang='lat' dir='ltr'><strong>eam</strong></span> <span class='ocrx_word' id='word_1_150' title='bbox 416 935 566 966; x_wconf 82' lang='lat' dir='ltr'><strong>conﬂavit,</strong></span> <span class='ocrx_word' id='word_1_151' title='bbox 577 934 692 963; x_wconf 89' lang='lat' dir='ltr'><strong>follium</strong></span> <span class='ocrx_word' id='word_1_152' title='bbox 703 935 796 970; x_wconf 64' lang='lat' dir='ltr'><strong>(terere</strong></span> <span class='ocrx_word' id='word_1_153' title='bbox 807 936 935 962; x_wconf 70' lang='lat' dir='ltr'><strong>monetae</strong></span> 
     </span>
    </p>
   </div>
   <div class='ocr_carea' id='block_1_21' title="bbox 107 978 935 1017">
    <p class='ocr_par' dir='ltr' id='par_1_21' title="bbox 107 978 935 1017">
     <span class='ocr_line' id='line_1_21' title="bbox 107 978 935 1017; baseline -0.005 -8"><span class='ocrx_word' id='word_1_154' title='bbox 107 989 206 1017; x_wconf 80' lang='lat' dir='ltr'><strong>genus</strong></span> <span class='ocrx_word' id='word_1_155' title='bbox 217 983 280 1009; x_wconf 87' lang='lat' dir='ltr'><strong>erat</strong></span> <span class='ocrx_word' id='word_1_156' title='bbox 283 990 292 1016; x_wconf 81' lang='grc'><em>)</em></span> <span class='ocrx_word' id='word_1_157' title='bbox 312 979 520 1009; x_wconf 87' lang='lat' dir='ltr'><strong>cudendorum</strong></span> <span class='ocrx_word' id='word_1_158' title='bbox 534 987 636 1008; x_wconf 81' lang='lat' dir='ltr'><strong>causa.</strong></span> <span class='ocrx_word' id='word_1_159' title='bbox 651 990 664 1004; x_wconf 74' lang='lat' dir='ltr'><strong><em>n</em></strong></span> <span class='ocrx_word' id='word_1_160' title='bbox 680 978 776 1007; x_wconf 87' lang='lat' dir='ltr'><strong>Torsit</strong></span> <span class='ocrx_word' id='word_1_161' title='bbox 789 978 836 1006; x_wconf 87' lang='lat' dir='ltr'><strong>hic</strong></span> <span class='ocrx_word' id='word_1_162' title='bbox 851 978 935 1006; x_wconf 83' lang='lat' dir='ltr'><strong>loeus</strong></span> 
     </span>
    </p>
   </div>
   <div class='ocr_carea' id='block_1_22' title="bbox 107 1022 934 1061">
    <p class='ocr_par' dir='ltr' id='par_1_22' title="bbox 107 1022 934 1061">
     <span class='ocr_line' id='line_1_22' title="bbox 107 1022 934 1061; baseline -0.005 -8"><span class='ocrx_word' id='word_1_163' title='bbox 107 1024 214 1054; x_wconf 85' lang='lat' dir='ltr'><strong>Codini</strong></span> <span class='ocrx_word' id='word_1_164' title='bbox 233 1025 424 1061; x_wconf 77' lang='lat' dir='ltr'><strong>interpretem</strong></span> <span class='ocrx_word' id='word_1_165' title='bbox 442 1024 592 1052; x_wconf 83' lang='lat' dir='ltr'><strong>Joannem</strong></span> <span class='ocrx_word' id='word_1_166' title='bbox 615 1022 835 1054; x_wconf 81' lang='lat' dir='ltr'><strong>Leunclavium,</strong></span> <span class='ocrx_word' id='word_1_167' title='bbox 851 1022 934 1058; x_wconf 89' lang='lat' dir='ltr'><strong>quod</strong></span> 
     </span>
    </p>
   </div>
   <div class='ocr_carea' id='block_1_23' title="bbox 992 268 1814 307">
    <p class='ocr_par' dir='ltr' id='par_1_23' title="bbox 992 268 1814 307">
     <span class='ocr_line' id='line_1_23' title="bbox 992 268 1814 307; baseline 0.007 -13"><span class='ocrx_word' id='word_1_168' title='bbox 992 268 1114 303; x_wconf 77' lang='grc' dir='ltr'><strong>ἄφονιύθη</strong></span> <span class='ocrx_word' id='word_1_169' title='bbox 1132 272 1282 297; x_wconf 76' lang='lat' dir='ltr'><strong>mactatus</strong></span> <span class='ocrx_word' id='word_1_170' title='bbox 1300 272 1341 297; x_wconf 75' lang='lat' dir='ltr'><strong>est</strong></span> <span class='ocrx_word' id='word_1_171' title='bbox 1354 279 1361 297; x_wconf 88' lang='lat'><strong>:</strong></span> <span class='ocrx_word' id='word_1_172' title='bbox 1376 278 1444 306; x_wconf 68' lang='lat' dir='ltr'><strong>qua:</strong></span> <span class='ocrx_word' id='word_1_173' title='bbox 1464 271 1488 298; x_wconf 88' lang='lat' dir='ltr'><strong>si</strong></span> <span class='ocrx_word' id='word_1_174' title='bbox 1501 271 1678 307; x_wconf 82' lang='lat' dir='ltr'><strong>metaphora</strong></span> <span class='ocrx_word' id='word_1_175' title='bbox 1692 279 1753 299; x_wconf 90' lang='lat' dir='ltr'><strong>non</strong></span> <span class='ocrx_word' id='word_1_176' title='bbox 1770 274 1814 300; x_wconf 88' lang='lat' dir='ltr'><strong>est</strong></span> 
     </span>
    </p>
   </div>
   <div class='ocr_carea' id='block_1_24' title="bbox 992 312 1813 351">
    <p class='ocr_par' dir='ltr' id='par_1_24' title="bbox 992 312 1813 351">
     <span class='ocr_line' id='line_1_24' title="bbox 992 312 1813 351; baseline 0.005 -10"><span class='ocrx_word' id='word_1_177' title='bbox 992 312 1061 341; x_wconf 89' lang='lat' dir='ltr'><strong>bovi</strong></span> <span class='ocrx_word' id='word_1_178' title='bbox 1070 322 1153 342; x_wconf 76' lang='lat' dir='ltr'><strong>aeneo</strong></span> <span class='ocrx_word' id='word_1_179' title='bbox 1161 317 1274 350; x_wconf 87' lang='lat' dir='ltr'><strong>aptata,</strong></span> <span class='ocrx_word' id='word_1_180' title='bbox 1281 315 1420 351; x_wconf 85' lang='lat' dir='ltr'><strong>sphalma</strong></span> <span class='ocrx_word' id='word_1_181' title='bbox 1426 318 1472 344; x_wconf 87' lang='lat' dir='ltr'><strong>est</strong></span> <span class='ocrx_word' id='word_1_182' title='bbox 1485 315 1675 344; x_wconf 80' lang='lat' dir='ltr'><strong>librariorum</strong></span> <span class='ocrx_word' id='word_1_183' title='bbox 1685 326 1692 350; x_wconf 91' lang='lat'><strong>;</strong></span> <span class='ocrx_word' id='word_1_184' title='bbox 1705 316 1753 345; x_wconf 91' lang='lat' dir='ltr'><strong>ille</strong></span> <span class='ocrx_word' id='word_1_185' title='bbox 1761 325 1813 345; x_wconf 87' lang='lat' dir='ltr'><strong>au-</strong></span> 
     </span>
    </p>
   </div>
   <div class='ocr_carea' id='block_1_25' title="bbox 992 359 1813 396">
    <p class='ocr_par' dir='ltr' id='par_1_25' title="bbox 992 359 1813 396">
     <span class='ocr_line' id='line_1_25' title="bbox 992 359 1813 396; baseline 0.005 -11"><span class='ocrx_word' id='word_1_186' title='bbox 992 360 1051 385; x_wconf 91' lang='lat' dir='ltr'><strong>tem</strong></span> <span class='ocrx_word' id='word_1_187' title='bbox 1067 365 1102 386; x_wconf 90' lang='lat' dir='ltr'><strong>eo</strong></span> <span class='ocrx_word' id='word_1_188' title='bbox 1115 366 1177 386; x_wconf 92' lang='lat' dir='ltr'><strong>non</strong></span> <span class='ocrx_word' id='word_1_189' title='bbox 1200 359 1412 388; x_wconf 84' lang='lat' dir='ltr'><strong>animadverso</strong></span> <span class='ocrx_word' id='word_1_190' title='bbox 1438 360 1479 388; x_wconf 88' lang='lat' dir='ltr'><strong>ita</strong></span> <span class='ocrx_word' id='word_1_191' title='bbox 1503 361 1599 394; x_wconf 82' lang='lat' dir='ltr'><strong>vertit,</strong></span> <span class='ocrx_word' id='word_1_192' title='bbox 1621 361 1737 396; x_wconf 79' lang='lat' dir='ltr'><strong>integra</strong></span> <span class='ocrx_word' id='word_1_193' title='bbox 1760 369 1813 389; x_wconf 90' lang='lat' dir='ltr'><strong>au-</strong></span> 
     </span>
    </p>
   </div>
   <div class='ocr_carea' id='block_1_26' title="bbox 992 403 1812 441">
    <p class='ocr_par' dir='ltr' id='par_1_26' title="bbox 992 403 1812 441">
     <span class='ocr_line' id='line_1_26' title="bbox 992 403 1812 441; baseline 0.002 -10"><span class='ocrx_word' id='word_1_194' title='bbox 992 404 1052 431; x_wconf 88' lang='lat' dir='ltr'><strong>tem</strong></span> <span class='ocrx_word' id='word_1_195' title='bbox 1062 403 1228 438; x_wconf 82' lang='lat' dir='ltr'><strong>permansit</strong></span> <span class='ocrx_word' id='word_1_196' title='bbox 1237 403 1343 432; x_wconf 83' lang='lat' dir='ltr'><strong>fornax</strong></span> <span class='ocrx_word' id='word_1_197' title='bbox 1349 404 1400 432; x_wconf 91' lang='lat' dir='ltr'><strong>illa</strong></span> <span class='ocrx_word' id='word_1_198' title='bbox 1410 412 1506 439; x_wconf 88' lang='lat' dir='ltr'><strong>usque</strong></span> <span class='ocrx_word' id='word_1_199' title='bbox 1516 405 1555 433; x_wconf 84' lang='lat' dir='ltr'><strong>ad</strong></span> <span class='ocrx_word' id='word_1_200' title='bbox 1563 407 1699 441; x_wconf 87' lang='lat' dir='ltr'><strong>tempora</strong></span> <span class='ocrx_word' id='word_1_201' title='bbox 1708 406 1812 433; x_wconf 71' lang='lat' dir='ltr'><strong>Phocea</strong></span> 
     </span>
    </p>
   </div>
   <div class='ocr_carea' id='block_1_27' title="bbox 991 447 1813 483">
    <p class='ocr_par' dir='ltr' id='par_1_27' title="bbox 991 447 1813 483">
     <span class='ocr_line' id='line_1_27' title="bbox 991 447 1813 483; baseline 0.005 -10"><span class='ocrx_word' id='word_1_202' title='bbox 991 447 1121 482; x_wconf 83' lang='lat' dir='ltr'><strong>tyranni,</strong></span> <span class='ocrx_word' id='word_1_203' title='bbox 1141 447 1195 483; x_wconf 82' lang='lat' dir='ltr'><strong>qni</strong></span> <span class='ocrx_word' id='word_1_204' title='bbox 1218 447 1339 475; x_wconf 87' lang='lat' dir='ltr'><strong>ultimus</strong></span> <span class='ocrx_word' id='word_1_205' title='bbox 1360 448 1497 477; x_wconf 90' lang='lat' dir='ltr'><strong>omnium</strong></span> <span class='ocrx_word' id='word_1_206' title='bbox 1520 448 1561 477; x_wconf 88' lang='lat' dir='ltr'><strong>ab</strong></span> <span class='ocrx_word' id='word_1_207' title='bbox 1585 448 1717 477; x_wconf 85' lang='lat' dir='ltr'><strong>Heraclio</strong></span> <span class='ocrx_word' id='word_1_208' title='bbox 1732 450 1762 477; x_wconf 89' lang='lat' dir='ltr'><strong>in</strong></span> <span class='ocrx_word' id='word_1_209' title='bbox 1776 457 1813 478; x_wconf 87' lang='lat' dir='ltr'><strong>eo</strong></span> 
     </span>
    </p>
   </div>
   <div class='ocr_carea' id='block_1_28' title="bbox 991 491 1812 522">
    <p class='ocr_par' dir='ltr' id='par_1_28' title="bbox 991 491 1812 522">
     <span class='ocr_line' id='line_1_28' title="bbox 991 491 1812 522; baseline 0.005 -4"><span class='ocrx_word' id='word_1_210' title='bbox 991 491 1178 520; x_wconf 85' lang='lat' dir='ltr'><strong>combustus.</strong></span> <span class='ocrx_word' id='word_1_211' title='bbox 1192 502 1205 517; x_wconf 73' lang='lat' dir='ltr'><strong>n</strong></span> <span class='ocrx_word' id='word_1_212' title='bbox 1225 493 1283 520; x_wconf 85' lang='lat' dir='ltr'><strong>Hoc</strong></span> <span class='ocrx_word' id='word_1_213' title='bbox 1295 501 1310 520; x_wconf 86' lang='lat' dir='ltr'><strong>e</strong></span> <span class='ocrx_word' id='word_1_214' title='bbox 1323 493 1427 521; x_wconf 63' lang='lat' dir='ltr'><strong>Phoce:</strong></span> <span class='ocrx_word' id='word_1_215' title='bbox 1448 497 1542 522; x_wconf 89' lang='lat' dir='ltr'><strong>morte</strong></span> <span class='ocrx_word' id='word_1_216' title='bbox 1561 502 1650 522; x_wconf 89' lang='lat' dir='ltr'><strong>nemo</strong></span> <span class='ocrx_word' id='word_1_217' title='bbox 1667 494 1812 522; x_wconf 85' lang='lat' dir='ltr'><strong>hactenus</strong></span> 
     </span>
    </p>
   </div>
   <div class='ocr_carea' id='block_1_29' title="bbox 992 536 1812 574">
    <p class='ocr_par' dir='ltr' id='par_1_29' title="bbox 992 536 1812 574">
     <span class='ocr_line' id='line_1_29' title="bbox 992 536 1812 574; baseline 0.004 -12"><span class='ocrx_word' id='word_1_218' title='bbox 992 536 1160 569; x_wconf 82' lang='lat' dir='ltr'><strong>somniavit,</strong></span> <span class='ocrx_word' id='word_1_219' title='bbox 1171 543 1267 573; x_wconf 89' lang='lat' dir='ltr'><strong>neque</strong></span> <span class='ocrx_word' id='word_1_220' title='bbox 1273 537 1319 565; x_wconf 80' lang='lat' dir='ltr'><strong>vel</strong></span> <span class='ocrx_word' id='word_1_221' title='bbox 1330 545 1382 574; x_wconf 88' lang='lat' dir='ltr'><strong>per</strong></span> <span class='ocrx_word' id='word_1_222' title='bbox 1393 538 1533 566; x_wconf 86' lang='lat' dir='ltr'><strong>umbram</strong></span> <span class='ocrx_word' id='word_1_223' title='bbox 1543 539 1666 567; x_wconf 82' lang='lat' dir='ltr'><strong>extundi</strong></span> <span class='ocrx_word' id='word_1_224' title='bbox 1685 546 1722 566; x_wconf 82' lang='lat' dir='ltr'><strong>ex</strong></span> <span class='ocrx_word' id='word_1_225' title='bbox 1731 538 1812 567; x_wconf 83' lang='lat' dir='ltr'><strong>hisce</strong></span> 
     </span>
    </p>
   </div>
   <div class='ocr_carea' id='block_1_30' title="bbox 973 579 1811 618">
    <p class='ocr_par' dir='ltr' id='par_1_30' title="bbox 973 579 1811 618">
     <span class='ocr_line' id='line_1_30' title="bbox 973 579 1811 618; baseline 0.004 -12"><span class='ocrx_word' id='word_1_226' title='bbox 973 579 978 587; x_wconf 70' lang='grc'><em>“</em></span> <span class='ocrx_word' id='word_1_227' title='bbox 990 579 1089 607; x_wconf 84' lang='lat' dir='ltr'><strong>verbis</strong></span> <span class='ocrx_word' id='word_1_228' title='bbox 1114 583 1211 616; x_wconf 86' lang='lat' dir='ltr'><strong>potest</strong></span> <span class='ocrx_word' id='word_1_229' title='bbox 1228 579 1258 617; x_wconf 78' lang='grc' dir='ltr'><strong><em>ᾖν</em></strong></span> <span class='ocrx_word' id='word_1_230' title='bbox 1284 580 1313 608; x_wconf 69' lang='grc' dir='ltr'><strong>δὲ</strong></span> <span class='ocrx_word' id='word_1_231' title='bbox 1336 583 1351 611; x_wconf 81' lang='grc' dir='ltr'><strong>ἡ</strong></span> <span class='ocrx_word' id='word_1_232' title='bbox 1373 584 1478 618; x_wconf 76' lang='grc' dir='ltr'><strong>κάμινος</strong></span> <span class='ocrx_word' id='word_1_233' title='bbox 1496 584 1542 614; x_wconf 68' lang='grc' dir='ltr'><strong>ἕως</strong></span> <span class='ocrx_word' id='word_1_234' title='bbox 1561 586 1637 609; x_wconf 77' lang='grc' dir='ltr'><strong>Φωκᾰ</strong></span> <span class='ocrx_word' id='word_1_235' title='bbox 1653 593 1659 600; x_wconf 86' lang='grc'><strong>·</strong></span> <span class='ocrx_word' id='word_1_236' title='bbox 1676 582 1740 609; x_wconf 79' lang='grc' dir='ltr'>ἀλλὰ</span> <span class='ocrx_word' id='word_1_237' title='bbox 1761 583 1811 609; x_wconf 84' lang='grc' dir='ltr'><strong>ὑπὸ</strong></span> 
     </span>
    </p>
   </div>
   <div class='ocr_carea' id='block_1_31' title="bbox 989 622 1811 663">
    <p class='ocr_par' dir='ltr' id='par_1_31' title="bbox 989 622 1811 663">
     <span class='ocr_line' id='line_1_31' title="bbox 989 622 1811 663; baseline 0.007 -14"><span class='ocrx_word' id='word_1_238' title='bbox 989 622 1139 660; x_wconf 72' lang='grc' dir='ltr'><strong>Ἐραχλείρυ</strong></span> <span class='ocrx_word' id='word_1_239' title='bbox 1155 623 1275 660; x_wconf 55' lang='lat' dir='ltr'><strong>Eoo-ariam</strong></span> <span class='ocrx_word' id='word_1_240' title='bbox 1300 625 1368 662; x_wconf 73' lang='grc' dir='ltr'><strong>λόγῳ</strong></span> <span class='ocrx_word' id='word_1_241' title='bbox 1387 626 1491 662; x_wconf 58' lang='lat' dir='ltr'><strong>pelion,</strong></span> <span class='ocrx_word' id='word_1_242' title='bbox 1505 627 1585 655; x_wconf 90' lang='lat' dir='ltr'><strong>unde</strong></span> <span class='ocrx_word' id='word_1_243' title='bbox 1609 626 1693 655; x_wconf 86' lang='lat' dir='ltr'><strong>vides</strong></span> <span class='ocrx_word' id='word_1_244' title='bbox 1717 634 1811 663; x_wconf 87' lang='lat' dir='ltr'><strong>quam</strong></span> 
     </span>
    </p>
   </div>
   <div class='ocr_carea' id='block_1_32' title="bbox 991 668 1810 707">
    <p class='ocr_par' dir='ltr' id='par_1_32' title="bbox 991 668 1810 707">
     <span class='ocr_line' id='line_1_32' title="bbox 991 668 1810 707; baseline 0.005 -12"><span class='ocrx_word' id='word_1_245' title='bbox 991 675 1096 703; x_wconf 88' lang='lat' dir='ltr'><strong>parum</strong></span> <span class='ocrx_word' id='word_1_246' title='bbox 1107 668 1259 704; x_wconf 86' lang='lat' dir='ltr'><strong>possimus</strong></span> <span class='ocrx_word' id='word_1_247' title='bbox 1270 669 1479 705; x_wconf 86' lang='lat' dir='ltr'><strong>interpretibus</strong></span> <span class='ocrx_word' id='word_1_248' title='bbox 1489 671 1616 698; x_wconf 90' lang='lat' dir='ltr'><strong>nimium</strong></span> <span class='ocrx_word' id='word_1_249' title='bbox 1627 671 1656 698; x_wconf 92' lang='lat' dir='ltr'><strong>in</strong></span> <span class='ocrx_word' id='word_1_250' title='bbox 1667 678 1756 707; x_wconf 89' lang='lat' dir='ltr'><strong>opere</strong></span> <span class='ocrx_word' id='word_1_251' title='bbox 1767 670 1810 698; x_wconf 89' lang='lat' dir='ltr'><strong>fe-</strong></span> 
     </span>
    </p>
   </div>
   <div class='ocr_carea' id='block_1_33' title="bbox 991 711 1811 751">
    <p class='ocr_par' dir='ltr' id='par_1_33' title="bbox 991 711 1811 751">
     <span class='ocr_line' id='line_1_33' title="bbox 991 711 1811 751; baseline 0.004 -12"><span class='ocrx_word' id='word_1_252' title='bbox 991 711 1170 740; x_wconf 86' lang='lat' dir='ltr'><strong>stinantibus</strong></span> <span class='ocrx_word' id='word_1_253' title='bbox 1183 712 1285 741; x_wconf 75' lang='lat' dir='ltr'><strong>ﬁdere.</strong></span> <span class='ocrx_word' id='word_1_254' title='bbox 1298 715 1346 741; x_wconf 87' lang='lat' dir='ltr'><strong>Est</strong></span> <span class='ocrx_word' id='word_1_255' title='bbox 1356 716 1457 742; x_wconf 86' lang='lat' dir='ltr'><strong>tamen</strong></span> <span class='ocrx_word' id='word_1_256' title='bbox 1466 715 1666 751; x_wconf 88' lang='lat' dir='ltr'><strong>verum,quod</strong></span> <span class='ocrx_word' id='word_1_257' title='bbox 1678 715 1707 742; x_wconf 93' lang='lat' dir='ltr'><strong>in</strong></span> <span class='ocrx_word' id='word_1_258' title='bbox 1724 715 1811 742; x_wconf 87' lang='lat' dir='ltr'><strong>Chro-</strong></span> 
     </span>
    </p>
   </div>
   <div class='ocr_carea' id='block_1_34' title="bbox 990 756 1812 794">
    <p class='ocr_par' dir='ltr' id='par_1_34' title="bbox 990 756 1812 794">
     <span class='ocr_line' id='line_1_34' title="bbox 990 756 1812 794; baseline 0.004 -11"><span class='ocrx_word' id='word_1_259' title='bbox 990 756 1058 783; x_wconf 92' lang='lat' dir='ltr'><strong>nico</strong></span> <span class='ocrx_word' id='word_1_260' title='bbox 1073 756 1412 793; x_wconf 86' lang='lat' dir='ltr'><strong>Constantinopolitano.</strong></span> <span class='ocrx_word' id='word_1_261' title='bbox 1431 758 1632 786; x_wconf 83' lang='lat' dir='ltr'><strong>Alexandrino</strong></span> <span class='ocrx_word' id='word_1_262' title='bbox 1654 765 1812 794; x_wconf 82' lang='lat' dir='ltr'><strong>perperam</strong></span> 
     </span>
    </p>
   </div>
   <div class='ocr_carea' id='block_1_35' title="bbox 991 800 1812 838">
    <p class='ocr_par' dir='ltr' id='par_1_35' title="bbox 991 800 1812 838">
     <span class='ocr_line' id='line_1_35' title="bbox 991 800 1812 838; baseline 0.001 -10"><span class='ocrx_word' id='word_1_263' title='bbox 991 800 1080 835; x_wconf 86' lang='lat' dir='ltr'><strong>dicto,</strong></span> <span class='ocrx_word' id='word_1_264' title='bbox 1092 807 1162 836; x_wconf 79' lang='lat' dir='ltr'><strong>pag.</strong></span> <span class='ocrx_word' id='word_1_265' title='bbox 1174 803 1224 828; x_wconf 79' lang='lat'><strong>576</strong></span> <span class='ocrx_word' id='word_1_266' title='bbox 1237 801 1363 836; x_wconf 85' lang='lat' dir='ltr'><strong>legatur,</strong></span> <span class='ocrx_word' id='word_1_267' title='bbox 1380 802 1483 830; x_wconf 67' lang='lat' dir='ltr'><strong>Pbocas</strong></span> <span class='ocrx_word' id='word_1_268' title='bbox 1496 802 1654 838; x_wconf 87' lang='lat' dir='ltr'><strong>cujusdam</strong></span> <span class='ocrx_word' id='word_1_269' title='bbox 1669 805 1697 830; x_wconf 87' lang='lat' dir='ltr'><strong>et</strong></span> <span class='ocrx_word' id='word_1_270' title='bbox 1708 803 1812 830; x_wconf 85' lang='lat' dir='ltr'><strong>Leonis</strong></span> 
     </span>
    </p>
   </div>
   <div class='ocr_carea' id='block_1_36' title="bbox 991 844 1813 882">
    <p class='ocr_par' dir='ltr' id='par_1_36' title="bbox 991 844 1813 882">
     <span class='ocr_line' id='line_1_36' title="bbox 991 844 1813 882; baseline 0.002 -11"><span class='ocrx_word' id='word_1_271' title='bbox 991 844 1115 872; x_wconf 86' lang='lat' dir='ltr'><strong>scellarii</strong></span> <span class='ocrx_word' id='word_1_272' title='bbox 1131 852 1268 881; x_wconf 88' lang='lat' dir='ltr'><strong>corpora,</strong></span> <span class='ocrx_word' id='word_1_273' title='bbox 1280 848 1385 874; x_wconf 84' lang='lat' dir='ltr'><strong>trunca</strong></span> <span class='ocrx_word' id='word_1_274' title='bbox 1398 849 1427 874; x_wconf 86' lang='lat' dir='ltr'><strong>et</strong></span> <span class='ocrx_word' id='word_1_275' title='bbox 1439 846 1491 874; x_wconf 91' lang='lat' dir='ltr'><strong>diu</strong></span> <span class='ocrx_word' id='word_1_276' title='bbox 1507 849 1635 882; x_wconf 83' lang='lat' dir='ltr'><strong>raptata,</strong></span> <span class='ocrx_word' id='word_1_277' title='bbox 1649 847 1687 874; x_wconf 86' lang='lat' dir='ltr'><strong>ad</strong></span> <span class='ocrx_word' id='word_1_278' title='bbox 1705 847 1813 874; x_wconf 88' lang='lat' dir='ltr'><strong>Bovem</strong></span> 
     </span>
    </p>
   </div>
   <div class='ocr_carea' id='block_1_37' title="bbox 990 889 1813 920">
    <p class='ocr_par' dir='ltr' id='par_1_37' title="bbox 990 889 1813 920">
     <span class='ocr_line' id='line_1_37' title="bbox 990 889 1813 920; baseline 0.002 -3"><span class='ocrx_word' id='word_1_279' title='bbox 990 889 1091 918; x_wconf 83' lang='lat' dir='ltr'><strong>delata</strong></span> <span class='ocrx_word' id='word_1_280' title='bbox 1099 889 1219 917; x_wconf 85' lang='lat' dir='ltr'><strong>tandem</strong></span> <span class='ocrx_word' id='word_1_281' title='bbox 1232 895 1259 918; x_wconf 88' lang='lat' dir='ltr'><strong>et</strong></span> <span class='ocrx_word' id='word_1_282' title='bbox 1271 894 1463 920; x_wconf 86' lang='lat' dir='ltr'><strong>concremata</strong></span> <span class='ocrx_word' id='word_1_283' title='bbox 1472 892 1574 919; x_wconf 87' lang='lat' dir='ltr'><strong>fuisse.</strong></span> <span class='ocrx_word' id='word_1_284' title='bbox 1590 891 1675 920; x_wconf 86' lang='lat' dir='ltr'><strong>Plura</strong></span> <span class='ocrx_word' id='word_1_285' title='bbox 1687 891 1724 919; x_wconf 91' lang='lat' dir='ltr'><strong>de</strong></span> <span class='ocrx_word' id='word_1_286' title='bbox 1736 892 1813 919; x_wconf 86' lang='lat' dir='ltr'><strong>Bove</strong></span> 
     </span>
    </p>
   </div>
   <div class='ocr_carea' id='block_1_38' title="bbox 990 934 1813 970">
    <p class='ocr_par' dir='ltr' id='par_1_38' title="bbox 990 934 1813 970">
     <span class='ocr_line' id='line_1_38' title="bbox 990 934 1813 970; baseline 0.001 -8"><span class='ocrx_word' id='word_1_287' title='bbox 990 934 1072 970; x_wconf 80' lang='lat' dir='ltr'><strong>apud</strong></span> <span class='ocrx_word' id='word_1_288' title='bbox 1084 934 1227 969; x_wconf 81' lang='lat' dir='ltr'><strong>Cangium</strong></span> <span class='ocrx_word' id='word_1_289' title='bbox 1240 934 1308 962; x_wconf 87' lang='lat' dir='ltr'><strong>vide</strong></span> <span class='ocrx_word' id='word_1_290' title='bbox 1322 935 1352 962; x_wconf 94' lang='lat' dir='ltr'><strong>in</strong></span> <span class='ocrx_word' id='word_1_291' title='bbox 1364 936 1627 970; x_wconf 76' lang='lat' dir='ltr'><strong>Constantinopoli</strong></span> <span class='ocrx_word' id='word_1_292' title='bbox 1638 935 1813 964; x_wconf 76' lang='lat' dir='ltr'><strong>Christiana</strong></span> 
     </span>
    </p>
   </div>
   <div class='ocr_carea' id='block_1_39' title="bbox 989 978 1811 1016">
    <p class='ocr_par' dir='ltr' id='par_1_39' title="bbox 989 978 1811 1016">
     <span class='ocr_line' id='line_1_39' title="bbox 989 978 1811 1016; baseline 0.004 -11"><span class='ocrx_word' id='word_1_293' title='bbox 989 978 1040 1006; x_wconf 88' lang='lat' dir='ltr'><strong>lib.</strong></span> <span class='ocrx_word' id='word_1_294' title='bbox 1057 987 1076 1005; x_wconf 88' lang='grc' dir='ltr'><strong>ι.</strong></span> <span class='ocrx_word' id='word_1_295' title='bbox 1093 986 1149 1014; x_wconf 83' lang='lat' dir='ltr'><strong>cap</strong></span> <span class='ocrx_word' id='word_1_296' title='bbox 1168 980 1213 1014; x_wconf 77' lang='grc'><strong>24,</strong></span> <span class='ocrx_word' id='word_1_297' title='bbox 1230 978 1282 1006; x_wconf 90' lang='lat' dir='ltr'><strong>ubi</strong></span> <span class='ocrx_word' id='word_1_298' title='bbox 1297 979 1333 1007; x_wconf 90' lang='lat' dir='ltr'><strong>de</strong></span> <span class='ocrx_word' id='word_1_299' title='bbox 1348 979 1419 1007; x_wconf 88' lang='lat' dir='ltr'><strong>foris</strong></span> <span class='ocrx_word' id='word_1_300' title='bbox 1431 979 1558 1016; x_wconf 86' lang='lat' dir='ltr'><strong>publicis</strong></span> <span class='ocrx_word' id='word_1_301' title='bbox 1573 987 1656 1009; x_wconf 92' lang='lat' dir='ltr'><strong>num.</strong></span> <span class='ocrx_word' id='word_1_302' title='bbox 1672 981 1704 1007; x_wconf 88' lang='lat' dir='ltr'><strong>Xl</strong></span> <span class='ocrx_word' id='word_1_303' title='bbox 1718 979 1811 1008; x_wconf 84' lang='lat' dir='ltr'><strong>multa</strong></span> 
     </span>
    </p>
   </div>
   <div class='ocr_carea' id='block_1_40' title="bbox 988 1022 1545 1058">
    <p class='ocr_par' dir='ltr' id='par_1_40' title="bbox 988 1022 1545 1058">
     <span class='ocr_line' id='line_1_40' title="bbox 988 1022 1545 1058; baseline 0.005 -9"><span class='ocrx_word' id='word_1_304' title='bbox 988 1022 1066 1050; x_wconf 89' lang='lat' dir='ltr'><strong>lectu</strong></span> <span class='ocrx_word' id='word_1_305' title='bbox 1079 1025 1108 1050; x_wconf 86' lang='lat' dir='ltr'><strong>et</strong></span> <span class='ocrx_word' id='word_1_306' title='bbox 1123 1022 1197 1050; x_wconf 88' lang='lat' dir='ltr'><strong>scitu</strong></span> <span class='ocrx_word' id='word_1_307' title='bbox 1211 1023 1390 1058; x_wconf 78' lang='lat' dir='ltr'><strong>dignissima</strong></span> <span class='ocrx_word' id='word_1_308' title='bbox 1401 1023 1545 1052; x_wconf 76' lang='lat' dir='ltr'><strong>invenies.</strong></span> 
     </span>
    </p>
   </div>
   <div class='ocr_carea' id='block_1_41' title="bbox 495 1219 1424 1259">
    <p class='ocr_par' dir='ltr' id='par_1_41' title="bbox 495 1219 1424 1259">
     <span class='ocr_line' id='line_1_41' title="bbox 495 1219 1424 1259; baseline -0.008 0"><span class='ocrx_word' id='word_1_309' title='bbox 495 1223 583 1259; x_wconf 82' lang='grc' dir='ltr'><strong>ΤΟΥ</strong></span> <span class='ocrx_word' id='word_1_310' title='bbox 609 1223 879 1258; x_wconf 84' lang='grc' dir='ltr'><strong>ΣΟΦΩΤΑΤΟΥ</strong></span> <span class='ocrx_word' id='word_1_311' title='bbox 905 1222 1120 1258; x_wconf 86' lang='grc' dir='ltr'><strong>ΜΕΓΑΛΟΥ</strong></span> <span class='ocrx_word' id='word_1_312' title='bbox 1152 1219 1424 1257; x_wconf 87' lang='grc' dir='ltr'><strong>ΛΟΓΟΘΕΤΟΥ</strong></span> 
     </span>
    </p>
   </div>
   <div class='ocr_carea' id='block_1_42' title="bbox 909 1301 1016 1324">
    <p class='ocr_par' dir='ltr' id='par_1_42' title="bbox 909 1301 1016 1324">
     <span class='ocr_line' id='line_1_42' title="bbox 909 1301 1016 1324; baseline 0 0"><span class='ocrx_word' id='word_1_313' title='bbox 909 1301 1016 1324; x_wconf 79' lang='grc' dir='ltr'><strong>ΚΥΡΟΥ</strong></span> 
     </span>
    </p>
   </div>
   <div class='ocr_carea' id='block_1_43' title="bbox 304 1350 1631 1417">
    <p class='ocr_par' dir='ltr' id='par_1_43' title="bbox 304 1350 1631 1417">
     <span class='ocr_line' id='line_1_43' title="bbox 304 1350 1631 1417; baseline -0.007 0"><span class='ocrx_word' id='word_1_314' title='bbox 304 1356 885 1417; x_wconf 86' lang='grc' dir='ltr'><strong>ΚΩΝΣΤΑΝΤΙΝΟΥ</strong></span> <span class='ocrx_word' id='word_1_315' title='bbox 935 1358 1069 1415; x_wconf 91' lang='grc' dir='ltr'><strong>ΤΟΥ</strong></span> <span class='ocrx_word' id='word_1_316' title='bbox 1105 1350 1631 1414; x_wconf 85' lang='grc' dir='ltr'><strong>ΑΚΡΟΠΡΛΙΤΟΥ</strong></span> 
     </span>
    </p>
   </div>
   <div class='ocr_carea' id='block_1_44' title="bbox 430 1458 1508 1508">
    <p class='ocr_par' dir='ltr' id='par_1_44' title="bbox 430 1458 1508 1508">
     <span class='ocr_line' id='line_1_44' title="bbox 430 1458 1508 1508; baseline -0.005 -2"><span class='ocrx_word' id='word_1_317' title='bbox 430 1463 626 1508; x_wconf 91' lang='grc' dir='ltr'><strong>ΛΟΓΟΣ</strong></span> <span class='ocrx_word' id='word_1_318' title='bbox 651 1463 740 1506; x_wconf 87' lang='grc' dir='ltr'><strong>ΕΙΣ</strong></span> <span class='ocrx_word' id='word_1_319' title='bbox 764 1464 878 1506; x_wconf 90' lang='grc' dir='ltr'><strong>ΤΗΝ</strong></span> <span class='ocrx_word' id='word_1_320' title='bbox 906 1463 1083 1505; x_wconf 89' lang='grc' dir='ltr'><strong>ΑΓΙΑΝ</strong></span> <span class='ocrx_word' id='word_1_321' title='bbox 1110 1458 1508 1506; x_wconf 91' lang='grc' dir='ltr'><strong>ΟΣΙΟΜΑΡΤΥΡΑ</strong></span> 
     </span>
    </p>
   </div>
   <div class='ocr_carea' id='block_1_45' title="bbox 609 1549 1318 1656">
    <p class='ocr_par' dir='ltr' id='par_1_45' title="bbox 609 1549 1318 1656">
     <span class='ocr_line' id='line_1_45' title="bbox 609 1549 1318 1656; baseline -0.008 -17"><span class='ocrx_word' id='word_1_322' title='bbox 609 1549 1318 1656; x_wconf 77' lang='grc' dir='ltr'><strong>ΘΕΟΔΟΣΙΑΝ.</strong></span> 
     </span>
    </p>
   </div>
   <div class='ocr_carea' id='block_1_46' title="bbox 485 1741 1450 1780">
    <p class='ocr_par' dir='ltr' id='par_1_46' title="bbox 485 1741 1450 1780">
     <span class='ocr_line' id='line_1_46' title="bbox 485 1741 1450 1780; baseline -0.004 -1"><span class='ocrx_word' id='word_1_323' title='bbox 485 1745 884 1780; x_wconf 89' lang='lat' dir='ltr'><strong>SAPIENTISSIMI</strong></span> <span class='ocrx_word' id='word_1_324' title='bbox 920 1744 1088 1780; x_wconf 86' lang='lat' dir='ltr'><strong>MAGNI</strong></span> <span class='ocrx_word' id='word_1_325' title='bbox 1124 1741 1450 1778; x_wconf 76' lang='lat' dir='ltr'><strong>LOGOTHET/E</strong></span> 
     </span>
    </p>
   </div>
   <div class='ocr_carea' id='block_1_47' title="bbox 911 1836 1022 1859">
    <p class='ocr_par' dir='ltr' id='par_1_47' title="bbox 911 1836 1022 1859">
     <span class='ocr_line' id='line_1_47' title="bbox 911 1836 1022 1859; baseline -0.009 -1"><span class='ocrx_word' id='word_1_326' title='bbox 911 1836 1022 1859; x_wconf 74' lang='lat' dir='ltr'><strong>[)0le</strong></span> 
     </span>
    </p>
   </div>
   <div class='ocr_carea' id='block_1_48' title="bbox 259 1912 1673 1993">
    <p class='ocr_par' dir='ltr' id='par_1_48' title="bbox 259 1912 1673 1993">
     <span class='ocr_line' id='line_1_48' title="bbox 259 1912 1673 1993; baseline -0.004 0"><span class='ocrx_word' id='word_1_327' title='bbox 259 1917 910 1993; x_wconf 83' lang='lat' dir='ltr'><strong>CONSTANTIN</strong></span> <span class='ocrx_word' id='word_1_328' title='bbox 916 1916 951 1992; x_wconf 93' lang='grc' dir='ltr'>Ι</span> <span class='ocrx_word' id='word_1_329' title='bbox 998 1912 1673 1991; x_wconf 55' lang='lat' dir='ltr'><strong>ACROPOLITAE</strong></span> 
     </span>
    </p>
   </div>
   <div class='ocr_carea' id='block_1_49' title="bbox 443 2059 1483 2111">
    <p class='ocr_par' dir='ltr' id='par_1_49' title="bbox 443 2059 1483 2111">
     <span class='ocr_line' id='line_1_49' title="bbox 443 2059 1483 2111; baseline -0.005 0"><span class='ocrx_word' id='word_1_330' title='bbox 443 2063 657 2111; x_wconf 84' lang='lat' dir='ltr'><strong>SERMO</strong></span> <span class='ocrx_word' id='word_1_331' title='bbox 686 2063 754 2111; x_wconf 94' lang='lat' dir='ltr'><strong>IN</strong></span> <span class='ocrx_word' id='word_1_332' title='bbox 784 2062 1085 2111; x_wconf 88' lang='lat' dir='ltr'><strong>SANCTAM</strong></span> <span class='ocrx_word' id='word_1_333' title='bbox 1112 2059 1483 2110; x_wconf 84' lang='lat' dir='ltr'><strong>MARTYREM</strong></span> 
     </span>
    </p>
   </div>
   <div class='ocr_carea' id='block_1_50' title="bbox 596 2181 1355 2266">
    <p class='ocr_par' dir='ltr' id='par_1_50' title="bbox 596 2181 1355 2266">
     <span class='ocr_line' id='line_1_50' title="bbox 596 2181 1355 2266; baseline 0 -1"><span class='ocrx_word' id='word_1_334' title='bbox 596 2181 1355 2266; x_wconf 86' lang='lat' dir='ltr'><strong>THEODOSIAM.</strong></span> 
     </span>
    </p>
   </div>
   <div class='ocr_carea' id='block_1_51' title="bbox 308 2326 1633 2370">
    <p class='ocr_par' dir='ltr' id='par_1_51' title="bbox 308 2326 1633 2370">
     <span class='ocr_line' id='line_1_51' title="bbox 308 2326 1633 2370; baseline -0.005 -8"><span class='ocrx_word' id='word_1_335' title='bbox 308 2333 370 2370; x_wconf 67' lang='lat' dir='ltr'><strong>(Ex</strong></span> <span class='ocrx_word' id='word_1_336' title='bbox 388 2332 485 2361; x_wconf 80' lang='lat' dir='ltr'><strong>codice</strong></span> <span class='ocrx_word' id='word_1_337' title='bbox 514 2332 658 2361; x_wconf 76' lang='lat' dir='ltr'><strong>Vaticano</strong></span> <span class='ocrx_word' id='word_1_338' title='bbox 677 2332 740 2366; x_wconf 87' lang='lat'><strong>800,</strong></span> <span class='ocrx_word' id='word_1_339' title='bbox 758 2331 815 2367; x_wconf 82' lang='lat' dir='ltr'><em>fol.</em></span> <span class='ocrx_word' id='word_1_340' title='bbox 842 2333 895 2367; x_wconf 84' lang='lat'><strong>9|;</strong></span> <span class='ocrx_word' id='word_1_341' title='bbox 915 2332 1076 2366; x_wconf 79' lang='lat' dir='ltr'><strong>interprete</strong></span> <span class='ocrx_word' id='word_1_342' title='bbox 1096 2331 1131 2359; x_wconf 80' lang='grc' dir='ltr'><strong>Η.</strong></span> <span class='ocrx_word' id='word_1_343' title='bbox 1155 2331 1192 2359; x_wconf 86' lang='grc' dir='ltr'><strong>Ρ.</strong></span> <span class='ocrx_word' id='word_1_344' title='bbox 1215 2330 1341 2358; x_wconf 73' lang='lat' dir='ltr'><strong>Daniele</strong></span> <span class='ocrx_word' id='word_1_345' title='bbox 1363 2329 1511 2363; x_wconf 83' lang='lat' dir='ltr'><strong>Cardono,</strong></span> <span class='ocrx_word' id='word_1_346' title='bbox 1536 2328 1569 2356; x_wconf 88' lang='lat' dir='ltr'><strong>S.</strong></span> <span class='ocrx_word' id='word_1_347' title='bbox 1590 2326 1633 2363; x_wconf 85' lang='lat' dir='ltr'><strong>J.)</strong></span> 
     </span>
    </p>
   </div>
   <div class='ocr_carea' id='block_1_52' title="bbox 849 2464 1086 2496">
    <p class='ocr_par' dir='ltr' id='par_1_52' title="bbox 849 2464 1086 2496">
     <span class='ocr_line' id='line_1_52' title="bbox 849 2464 1086 2496; baseline -0.004 0"><span class='ocrx_word' id='word_1_348' title='bbox 849 2464 1086 2496; x_wconf 86' lang='lat' dir='ltr'><strong>PROLOGUS.</strong></span> 
     </span>
    </p>
   </div>
   <div class='ocr_carea' id='block_1_53' title="bbox 165 2541 934 2598">
    <p class='ocr_par' dir='ltr' id='par_1_53' title="bbox 165 2559 925 2598">
     <span class='ocr_line' id='line_1_53' title="bbox 165 2559 925 2598; baseline -0.005 -10"><span class='ocrx_word' id='word_1_349' title='bbox 165 2561 190 2588; x_wconf 61' lang='grc' dir='ltr'><em>ί</em></span> <span class='ocrx_word' id='word_1_350' title='bbox 210 2565 324 2588; x_wconf 73' lang='grc' dir='ltr'><strong>Γυναῖκα</strong></span> <span class='ocrx_word' id='word_1_351' title='bbox 346 2562 391 2598; x_wconf 66' lang='grc' dir='ltr'><strong>μὶν</strong></span> <span class='ocrx_word' id='word_1_352' title='bbox 411 2559 532 2598; x_wconf 69' lang='grc' dir='ltr'><strong>ἀνδρείαν</strong></span> <span class='ocrx_word' id='word_1_353' title='bbox 547 2564 593 2587; x_wconf 70' lang='lat' dir='ltr'><strong>mi</strong></span> <span class='ocrx_word' id='word_1_354' title='bbox 613 2570 656 2591; x_wconf 85' lang='grc' dir='ltr'><strong>τος</strong></span> <span class='ocrx_word' id='word_1_355' title='bbox 675 2559 705 2586; x_wconf 82' lang='grc' dir='ltr'><strong>ἂν</strong></span> <span class='ocrx_word' id='word_1_356' title='bbox 729 2561 774 2586; x_wconf 74' lang='grc' dir='ltr'><strong>καὶ</strong></span> <span class='ocrx_word' id='word_1_357' title='bbox 797 2561 867 2589; x_wconf 70' lang='grc' dir='ltr'><strong>ὅπως</strong></span> <span class='ocrx_word' id='word_1_358' title='bbox 886 2562 925 2584; x_wconf 75' lang='grc' dir='ltr'><strong>εὑ-</strong></span> 
     </span>
    </p>
   </div>
   <div class='ocr_carea' id='block_1_54' title="bbox 987 2541 1807 2598">
    <p class='ocr_par' dir='ltr' id='par_1_54' title="bbox 1020 2552 1807 2590">
     <span class='ocr_line' id='line_1_54' title="bbox 1020 2552 1807 2590; baseline -0.008 -5"><span class='ocrx_word' id='word_1_359' title='bbox 1020 2559 1044 2585; x_wconf 82' lang='lat' dir='ltr'><strong>t.</strong></span> <span class='ocrx_word' id='word_1_360' title='bbox 1064 2556 1213 2585; x_wconf 78' lang='lat' dir='ltr'><strong>Mulierem</strong></span> <span class='ocrx_word' id='word_1_361' title='bbox 1230 2555 1338 2583; x_wconf 84' lang='lat' dir='ltr'><strong>fortem</strong></span> <span class='ocrx_word' id='word_1_362' title='bbox 1350 2554 1400 2582; x_wconf 88' lang='lat' dir='ltr'><strong>ubi</strong></span> <span class='ocrx_word' id='word_1_363' title='bbox 1412 2552 1480 2590; x_wconf 84' lang='lat' dir='ltr'><strong>quis</strong></span> <span class='ocrx_word' id='word_1_364' title='bbox 1491 2555 1637 2581; x_wconf 84' lang='lat' dir='ltr'><strong>terrarum</strong></span> <span class='ocrx_word' id='word_1_365' title='bbox 1649 2554 1677 2580; x_wconf 89' lang='lat' dir='ltr'><strong>et</strong></span> <span class='ocrx_word' id='word_1_366' title='bbox 1686 2559 1747 2587; x_wconf 87' lang='lat' dir='ltr'><strong>qua</strong></span> <span class='ocrx_word' id='word_1_367' title='bbox 1760 2559 1807 2579; x_wconf 86' lang='lat' dir='ltr'><strong>ra-</strong></span> 
     </span>
    </p>
   </div>
   <div class='ocr_carea' id='block_1_55' title="bbox 127 2604 926 2644">
    <p class='ocr_par' dir='ltr' id='par_1_55' title="bbox 127 2604 926 2644">
     <span class='ocr_line' id='line_1_55' title="bbox 127 2604 926 2644; baseline -0.006 -11"><span class='ocrx_word' id='word_1_368' title='bbox 127 2616 180 2643; x_wconf 81' lang='grc' dir='ltr'><strong>ροι,</strong></span> <span class='ocrx_word' id='word_1_369' title='bbox 205 2607 219 2633; x_wconf 81' lang='grc' dir='ltr'><strong><em>ὁ</em></strong></span> <span class='ocrx_word' id='word_1_370' title='bbox 239 2609 317 2643; x_wconf 78' lang='grc' dir='ltr'><strong>σοφὸς</strong></span> <span class='ocrx_word' id='word_1_371' title='bbox 338 2608 457 2644; x_wconf 68' lang='grc' dir='ltr'><strong>ἠπόρησα</strong></span> <span class='ocrx_word' id='word_1_372' title='bbox 471 2606 597 2642; x_wconf 79' lang='grc' dir='ltr'><strong>Σολομῶν.</strong></span> <span class='ocrx_word' id='word_1_373' title='bbox 620 2607 669 2632; x_wconf 76' lang='grc' dir='ltr'><strong>Καὶ</strong></span> <span class='ocrx_word' id='word_1_374' title='bbox 688 2604 759 2640; x_wconf 78' lang='grc' dir='ltr'><strong>μάλα</strong></span> <span class='ocrx_word' id='word_1_375' title='bbox 772 2613 802 2639; x_wconf 71' lang='grc' dir='ltr'><strong>γε</strong></span> <span class='ocrx_word' id='word_1_376' title='bbox 823 2605 926 2634; x_wconf 67' lang='grc' dir='ltr'><strong>εἰκότως</strong></span> 
     </span>
    </p>
   </div>
   <div class='ocr_carea' id='block_1_56' title="bbox 128 2646 927 2687">
    <p class='ocr_par' dir='ltr' id='par_1_56' title="bbox 128 2646 927 2687">
     <span class='ocr_line' id='line_1_56' title="bbox 128 2646 927 2687; baseline -0.006 -10"><span class='ocrx_word' id='word_1_377' title='bbox 128 2652 258 2687; x_wconf 70' lang='grc' dir='ltr'><strong>ἠπόρησε.</strong></span> <span class='ocrx_word' id='word_1_378' title='bbox 282 2651 336 2686; x_wconf 75' lang='grc' dir='ltr'><strong>Πρὸ</strong></span> <span class='ocrx_word' id='word_1_379' title='bbox 363 2651 414 2686; x_wconf 72' lang='grc' dir='ltr'><strong>γὰρ</strong></span> <span class='ocrx_word' id='word_1_380' title='bbox 438 2654 486 2680; x_wconf 84' lang='grc' dir='ltr'><strong>τῆς</strong></span> <span class='ocrx_word' id='word_1_381' title='bbox 522 2651 633 2685; x_wconf 75' lang='grc' dir='ltr'><strong>χάριτος</strong></span> <span class='ocrx_word' id='word_1_382' title='bbox 659 2647 780 2677; x_wconf 77' lang='grc' dir='ltr'><strong>ἀσθενοῦς</strong></span> <span class='ocrx_word' id='word_1_383' title='bbox 806 2646 927 2677; x_wconf 77' lang='grc' dir='ltr'><strong>καθαποιξ</strong></span> 
     </span>
    </p>
   </div>
   <div class='ocr_carea' id='block_1_57' title="bbox 129 2690 927 2731">
    <p class='ocr_par' dir='ltr' id='par_1_57' title="bbox 129 2690 927 2731">
     <span class='ocr_line' id='line_1_57' title="bbox 129 2690 927 2731; baseline -0.006 -10"><span class='ocrx_word' id='word_1_384' title='bbox 129 2699 178 2726; x_wconf 70' lang='grc' dir='ltr'><strong>τῆς</strong></span> <span class='ocrx_word' id='word_1_385' title='bbox 205 2694 370 2731; x_wconf 72' lang='grc' dir='ltr'><strong>ἀνθρωπίνης</strong></span> <span class='ocrx_word' id='word_1_386' title='bbox 405 2695 507 2730; x_wconf 73' lang='grc' dir='ltr'><strong>φύσεως</strong></span> <span class='ocrx_word' id='word_1_387' title='bbox 536 2694 676 2729; x_wconf 73' lang='grc' dir='ltr'><strong>πεφηνυίας</strong></span> <span class='ocrx_word' id='word_1_388' title='bbox 711 2690 758 2718; x_wconf 74' lang='grc' dir='ltr'><strong>διὰ</strong></span> <span class='ocrx_word' id='word_1_389' title='bbox 798 2693 844 2720; x_wconf 82' lang='grc' dir='ltr'><strong>τὴν</strong></span> <span class='ocrx_word' id='word_1_390' title='bbox 881 2694 927 2717; x_wconf 81' lang='grc' dir='ltr'><strong>τοῦ</strong></span> 
     </span>
    </p>
   </div>
   <div class='ocr_carea' id='block_1_58' title="bbox 130 2733 928 2775">
    <p class='ocr_par' dir='ltr' id='par_1_58' title="bbox 130 2733 928 2775">
     <span class='ocr_line' id='line_1_58' title="bbox 130 2733 928 2775; baseline -0.006 -9"><span class='ocrx_word' id='word_1_391' title='bbox 130 2738 277 2775; x_wconf 74' lang='grc' dir='ltr'><strong>δυσμενοῦς</strong></span> <span class='ocrx_word' id='word_1_392' title='bbox 294 2739 356 2775; x_wconf 73' lang='grc' dir='ltr'><strong>ἡμῖν</strong></span> <span class='ocrx_word' id='word_1_393' title='bbox 375 2739 508 2769; x_wconf 48' lang='lat' dir='ltr'><strong>animum</strong></span> <span class='ocrx_word' id='word_1_394' title='bbox 531 2739 623 2771; x_wconf 80' lang='grc' dir='ltr'><strong>σατὰν,</strong></span> <span class='ocrx_word' id='word_1_395' title='bbox 641 2738 692 2773; x_wconf 79' lang='grc' dir='ltr'><strong>καὶ</strong></span> <span class='ocrx_word' id='word_1_396' title='bbox 707 2739 754 2766; x_wconf 80' lang='grc' dir='ltr'><strong>τὴν</strong></span> <span class='ocrx_word' id='word_1_397' title='bbox 769 2740 817 2767; x_wconf 84' lang='grc' dir='ltr'><strong>τῆς</strong></span> <span class='ocrx_word' id='word_1_398' title='bbox 832 2733 928 2762; x_wconf 77' lang='grc' dir='ltr'><strong>δισπο-</strong></span> 
     </span>
    </p>
   </div>
   <div class='ocr_carea' id='block_1_59' title="bbox 130 2778 928 2821">
    <p class='ocr_par' dir='ltr' id='par_1_59' title="bbox 130 2778 928 2821">
     <span class='ocr_line' id='line_1_59' title="bbox 130 2778 928 2821; baseline -0.005 -11"><span class='ocrx_word' id='word_1_399' title='bbox 130 2787 208 2814; x_wconf 56' lang='lat' dir='ltr'><strong>rutis</strong></span> <span class='ocrx_word' id='word_1_400' title='bbox 225 2782 376 2821; x_wconf 67' lang='grc' dir='ltr'><strong>παράϐασιν</strong></span> <span class='ocrx_word' id='word_1_401' title='bbox 400 2782 511 2813; x_wconf 72' lang='grc' dir='ltr'><strong>ἐντολῆς,</strong></span> <span class='ocrx_word' id='word_1_402' title='bbox 537 2781 670 2812; x_wconf 79' lang='grc' dir='ltr'><strong>τοσαῦτης</strong></span> <span class='ocrx_word' id='word_1_403' title='bbox 700 2784 730 2817; x_wconf 68' lang='grc' dir='ltr'>ᾖν</span> <span class='ocrx_word' id='word_1_404' title='bbox 759 2778 928 2817; x_wconf 72' lang='grc' dir='ltr'><strong>ἀνδρανιστι-</strong></span> 
     </span>
    </p>
   </div>
   <div class='ocr_carea' id='block_1_60' title="bbox 130 2823 927 2865">
    <p class='ocr_par' dir='ltr' id='par_1_60' title="bbox 130 2823 927 2865">
     <span class='ocr_line' id='line_1_60' title="bbox 130 2823 927 2865; baseline -0.005 -10"><span class='ocrx_word' id='word_1_405' title='bbox 130 2836 186 2865; x_wconf 71' lang='grc' dir='ltr'><strong>ρου,</strong></span> <span class='ocrx_word' id='word_1_406' title='bbox 204 2827 230 2860; x_wconf 67' lang='grc' dir='ltr'><strong>ἐξ</strong></span> <span class='ocrx_word' id='word_1_407' title='bbox 249 2826 406 2858; x_wconf 78' lang='grc' dir='ltr'><strong>ἀδολουθιαις</strong></span> <span class='ocrx_word' id='word_1_408' title='bbox 427 2826 553 2858; x_wconf 72' lang='grc' dir='ltr'><strong>ἐξίτηλον.</strong></span> <span class='ocrx_word' id='word_1_409' title='bbox 568 2825 624 2862; x_wconf 62' lang='lat' dir='ltr'><strong>’A,’</strong></span> <span class='ocrx_word' id='word_1_410' title='bbox 638 2824 668 2853; x_wconf 78' lang='grc' dir='ltr'><strong>οὗ</strong></span> <span class='ocrx_word' id='word_1_411' title='bbox 692 2823 722 2852; x_wconf 61' lang='grc' dir='ltr'><strong>δὴ</strong></span> <span class='ocrx_word' id='word_1_412' title='bbox 739 2826 804 2857; x_wconf 74' lang='grc' dir='ltr'><strong>Θεὸς</strong></span> <span class='ocrx_word' id='word_1_413' title='bbox 825 2826 927 2861; x_wconf 69' lang='grc' dir='ltr'><strong>γέγονεν</strong></span> 
     </span>
    </p>
   </div>
   <div class='ocr_carea' id='block_1_61' title="bbox 983 2596 1806 2637">
    <p class='ocr_par' dir='ltr' id='par_1_61' title="bbox 983 2596 1806 2637">
     <span class='ocr_line' id='line_1_61' title="bbox 983 2596 1806 2637; baseline -0.009 -7"><span class='ocrx_word' id='word_1_414' title='bbox 983 2603 1061 2631; x_wconf 86' lang='lat' dir='ltr'><strong>tione</strong></span> <span class='ocrx_word' id='word_1_415' title='bbox 1080 2601 1165 2629; x_wconf 85' lang='lat' dir='ltr'><strong>facile</strong></span> <span class='ocrx_word' id='word_1_416' title='bbox 1180 2602 1281 2637; x_wconf 87' lang='lat' dir='ltr'><strong>posset</strong></span> <span class='ocrx_word' id='word_1_417' title='bbox 1295 2599 1433 2635; x_wconf 84' lang='lat' dir='ltr'><strong>reperire,</strong></span> <span class='ocrx_word' id='word_1_418' title='bbox 1448 2606 1510 2626; x_wconf 92' lang='lat' dir='ltr'><strong>non</strong></span> <span class='ocrx_word' id='word_1_419' title='bbox 1524 2605 1633 2634; x_wconf 89' lang='lat' dir='ltr'><strong>parum</strong></span> <span class='ocrx_word' id='word_1_420' title='bbox 1649 2596 1806 2625; x_wconf 86' lang='lat' dir='ltr'><strong>addubita-</strong></span> 
     </span>
    </p>
   </div>
   <div class='ocr_carea' id='block_1_62' title="bbox 981 2640 1807 2682">
    <p class='ocr_par' dir='ltr' id='par_1_62' title="bbox 981 2640 1807 2682">
     <span class='ocr_line' id='line_1_62' title="bbox 981 2640 1807 2682; baseline -0.01 -7"><span class='ocrx_word' id='word_1_421' title='bbox 981 2647 1035 2675; x_wconf 86' lang='lat' dir='ltr'><strong>bat</strong></span> <span class='ocrx_word' id='word_1_422' title='bbox 1050 2645 1288 2682; x_wconf 83' lang='lat' dir='ltr'><strong>sapientissimus</strong></span> <span class='ocrx_word' id='word_1_423' title='bbox 1304 2643 1456 2672; x_wconf 85' lang='lat' dir='ltr'><strong>Salomon.</strong></span> <span class='ocrx_word' id='word_1_424' title='bbox 1468 2644 1568 2678; x_wconf 87' lang='lat' dir='ltr'><strong>Neque</strong></span> <span class='ocrx_word' id='word_1_425' title='bbox 1577 2641 1608 2669; x_wconf 91' lang='lat' dir='ltr'><strong>id</strong></span> <span class='ocrx_word' id='word_1_426' title='bbox 1619 2648 1691 2669; x_wconf 84' lang='lat' dir='ltr'><strong>sane</strong></span> <span class='ocrx_word' id='word_1_427' title='bbox 1701 2640 1807 2668; x_wconf 88' lang='lat' dir='ltr'><strong>imme-</strong></span> 
     </span>
    </p>
   </div>
   <div class='ocr_carea' id='block_1_63' title="bbox 982 2684 1807 2725">
    <p class='ocr_par' dir='ltr' id='par_1_63' title="bbox 982 2684 1807 2725">
     <span class='ocr_line' id='line_1_63' title="bbox 982 2684 1807 2725; baseline -0.01 -6"><span class='ocrx_word' id='word_1_428' title='bbox 982 2692 1047 2719; x_wconf 82' lang='lat' dir='ltr'><strong>rito.</strong></span> <span class='ocrx_word' id='word_1_429' title='bbox 1056 2693 1130 2719; x_wconf 84' lang='lat' dir='ltr'><strong>Ante</strong></span> <span class='ocrx_word' id='word_1_430' title='bbox 1141 2690 1220 2718; x_wconf 87' lang='lat' dir='ltr'><strong>enim</strong></span> <span class='ocrx_word' id='word_1_431' title='bbox 1231 2697 1324 2725; x_wconf 89' lang='lat' dir='ltr'><strong>quam</strong></span> <span class='ocrx_word' id='word_1_432' title='bbox 1335 2688 1474 2716; x_wconf 90' lang='lat' dir='ltr'><strong>uberiore</strong></span> <span class='ocrx_word' id='word_1_433' title='bbox 1484 2686 1593 2715; x_wconf 60' lang='lat' dir='ltr'><strong>divinas</strong></span> <span class='ocrx_word' id='word_1_434' title='bbox 1606 2685 1706 2721; x_wconf 69' lang='lat' dir='ltr'><strong>gratias</strong></span> <span class='ocrx_word' id='word_1_435' title='bbox 1719 2684 1807 2720; x_wconf 89' lang='lat' dir='ltr'><strong>copia</strong></span> 
     </span>
    </p>
   </div>
   <div class='ocr_carea' id='block_1_64' title="bbox 982 2731 1807 2765">
    <p class='ocr_par' dir='ltr' id='par_1_64' title="bbox 982 2731 1807 2765">
     <span class='ocr_line' id='line_1_64' title="bbox 982 2731 1807 2765; baseline -0.01 -3"><span class='ocrx_word' id='word_1_436' title='bbox 982 2734 1097 2763; x_wconf 77' lang='lat' dir='ltr'><strong>caelitus</strong></span> <span class='ocrx_word' id='word_1_437' title='bbox 1112 2733 1200 2761; x_wconf 86' lang='lat' dir='ltr'><strong>nobis</strong></span> <span class='ocrx_word' id='word_1_438' title='bbox 1214 2733 1255 2761; x_wconf 86' lang='lat' dir='ltr'><strong>uti</strong></span> <span class='ocrx_word' id='word_1_439' title='bbox 1268 2734 1345 2760; x_wconf 90' lang='lat' dir='ltr'><strong>esset</strong></span> <span class='ocrx_word' id='word_1_440' title='bbox 1358 2738 1544 2765; x_wconf 86' lang='lat' dir='ltr'><strong>concessum,</strong></span> <span class='ocrx_word' id='word_1_441' title='bbox 1559 2731 1658 2765; x_wconf 87' lang='lat' dir='ltr'><strong>etquo</strong></span> <span class='ocrx_word' id='word_1_442' title='bbox 1672 2731 1807 2763; x_wconf 86' lang='lat' dir='ltr'><strong>tempore</strong></span> 
     </span>
    </p>
   </div>
   <div class='ocr_carea' id='block_1_65' title="bbox 983 2770 1806 2811">
    <p class='ocr_par' dir='ltr' id='par_1_65' title="bbox 983 2770 1806 2811">
     <span class='ocr_line' id='line_1_65' title="bbox 983 2770 1806 2811; baseline -0.011 -4"><span class='ocrx_word' id='word_1_443' title='bbox 983 2781 1091 2807; x_wconf 89' lang='lat' dir='ltr'><strong>natura</strong></span> <span class='ocrx_word' id='word_1_444' title='bbox 1099 2778 1244 2810; x_wconf 86' lang='lat' dir='ltr'><strong>humana,</strong></span> <span class='ocrx_word' id='word_1_445' title='bbox 1253 2779 1316 2805; x_wconf 89' lang='lat' dir='ltr'><strong>tum</strong></span> <span class='ocrx_word' id='word_1_446' title='bbox 1325 2776 1364 2804; x_wconf 90' lang='lat' dir='ltr'><strong>ob</strong></span> <span class='ocrx_word' id='word_1_447' title='bbox 1372 2782 1531 2811; x_wconf 85' lang='lat' dir='ltr'><strong>nunquam</strong></span> <span class='ocrx_word' id='word_1_448' title='bbox 1539 2781 1601 2801; x_wconf 90' lang='lat' dir='ltr'><strong>non</strong></span> <span class='ocrx_word' id='word_1_449' title='bbox 1610 2771 1708 2800; x_wconf 86' lang='lat' dir='ltr'><strong>infesti</strong></span> <span class='ocrx_word' id='word_1_450' title='bbox 1719 2770 1806 2799; x_wconf 89' lang='lat' dir='ltr'><strong>nobis</strong></span> 
     </span>
    </p>
   </div>
   <div class='ocr_carea' id='block_1_66' title="bbox 983 2813 1807 2858">
    <p class='ocr_par' dir='ltr' id='par_1_66' title="bbox 983 2813 1807 2858">
     <span class='ocr_line' id='line_1_66' title="bbox 983 2813 1807 2858; baseline -0.01 -7"><span class='ocrx_word' id='word_1_451' title='bbox 983 2825 1093 2852; x_wconf 65' lang='lat' dir='ltr'><strong>satana</strong></span> <span class='ocrx_word' id='word_1_452' title='bbox 1102 2822 1233 2858; x_wconf 77' lang='lat' dir='ltr'><strong>insignes</strong></span> <span class='ocrx_word' id='word_1_453' title='bbox 1241 2820 1374 2856; x_wconf 72' lang='lat' dir='ltr'><strong>fraudes,</strong></span> <span class='ocrx_word' id='word_1_454' title='bbox 1385 2822 1450 2852; x_wconf 82' lang='lat' dir='ltr'><strong>tum</strong></span> <span class='ocrx_word' id='word_1_455' title='bbox 1460 2818 1501 2847; x_wconf 84' lang='lat' dir='ltr'><strong>ob</strong></span> <span class='ocrx_word' id='word_1_456' title='bbox 1509 2816 1723 2853; x_wconf 79' lang='lat' dir='ltr'><strong>mandatorum</strong></span> <span class='ocrx_word' id='word_1_457' title='bbox 1735 2813 1807 2851; x_wconf 56' lang='lat' dir='ltr'><strong>divis</strong></span> 
     </span>
    </p>
   </div>
  </div>
