4084 6206
221 292 340 345 897

1580 285 1650 340 IN
1691 284 1752 342 S.
1793 285 2268 345 THEODOSIAM.

3491 306 3597 362 898

221 411 430 470 ϐὁητον
483 415 664 485 ὄνομα,
724 419 806 480 ἣν,
864 414 1068 485 μυρίοις
1109 407 1227 462 καθ’
1279 408 1442 478 αὑτὴν
1499 408 1837 483 εύθηνομένηλ

1953 415 2040 467 est
2067 412 2420 483 Theodosia,
2474 414 2671 487 ipsam
2713 417 2920 488 magni
2975 421 3344 478 Constantini
3383 425 3598 483 urbem

221 500 479 573 ἀγαθοῖς,
521 497 674 554 οὐδὲν
723 500 886 562 οὕτως
925 498 1186 572 ἓκόσμησε
1233 501 1324 551 καὶ
1375 497 1443 558 εἰς
1498 502 1555 551 τό
1608 495 1841 562 διηνεκὲς

221 593 358 663 ἔχει
409 598 644 662 κοσμεῖν,
677 592 747 654 ὡς
775 591 802 642 ό
831 592 1028 651 ταύτης
1079 587 1331 649 πολιστής
1382 606 1436 640 τε
1483 592 1574 640 καὶ
1629 587 1840 640 πολιοῦ·-

225 699 364 750 χος,
413 686 798 742 Κωνσταντίνος
864 680 890 731 6
941 681 1126 750 μέγας,
1183 683 1292 738 τοῖς
1348 679 1483 729 κατὰ
1539 680 1666 730 Θεὸν
1721 675 1840 750 ἀρι-

225 771 534 842 στεύμασιν
561 770 592 826 ἡ
624 777 723 820 τῶν
760 769 894 822 κατὰ
930 771 1162 842 Χριστόν
1214 767 1279 826 ὡς
1325 764 1529 827 ἀληθῶς
1581 764 1839 839 βασιλέων

226 856 427 930 βάσις,
482 861 540 910 τό
596 867 692 919 τῆς
739 856 996 918 εὐσεϐείας
1065 859 1302 928 ἔρεισμα,
1352 858 1410 906 τό
1467 863 1562 916 τῆς
1613 859 1838 918 πίστεως

227 952 536 1020 στήριγμα,
578 948 617 998 ό·
633 948 765 1019 μετὰ
800 949 918 1007 τούς
965 943 1290 1006 ἀποστόλους
1345 943 1648 1004 ἀπόστολος.
1704 951 1834 997 Tai-

224 1039 402 1097 αύτης
449 1039 480 1096 ἡ
531 1040 768 1110 μακαρία
820 1031 1075 1110 πατρίδος
1106 1037 1279 1106 ἔτυχε,
1335 1035 1552 1104 τοιούτῳ
1611 1033 1832 1106 πολιστῇ

222 1129 326 1177 καὶ
380 1124 650 1196 πολιούχῳ
679 1125 1020 1197 σεμνύνεσθαι
1058 1123 1242 1195 ἔλαχεν
1277 1143 1290 1156 ι
1323 1120 1420 1195 ἐρῶ
1460 1117 1540 1190 δι,
1570 1125 1660 1173 καὶ
1693 1122 1840 1194 τάχα

224 1232 289 1285 γε
337 1213 550 1274 εἰκότως
591 1212 709 1286 ἐρῶ,
756 1219 989 1265 τοιοῦτόν
1029 1215 1160 1285 ἔσχε
1195 1214 1282 1264 τόν
1320 1215 1589 1286 πρόγονον,
1622 1213 1838 1283 τοιούτῳ

229 1299 578 1373 διδασκάλῳ,
629 1305 845 1374 τοιούτῳ
887 1321 947 1374 γε
993 1298 1175 1374 ὁδηγῷ
1214 1303 1344 1375 πρὸς
1379 1304 1474 1359 τὴν
1514 1299 1671 1376 ὀρθὴν
1717 1304 1837 1374 περὶ

231 1400 378 1445 Θεοῦ
409 1388 568 1454 δόξαν
608 1390 904 1466 ἐχρήσατο,

1951 500 2332 558 decantatam
2347 502 2499 560 adeo
2521 505 2920 562 Ausoniorum
2940 507 3369 580 imperatorum
3394 513 3600 572 sedem

1951 590 2198 661 regiam,
2223 590 2485 648 universi
2503 594 2814 666 quondam
2827 595 2988 652 orbis
3003 598 3381 671 complexam
3402 602 3598 676 impe-

1949 676 2128 747 rium,
2169 678 2344 750 cujus
2376 679 2455 736 ad
2493 685 2753 754 quatuor
2781 683 2992 740 mundi
3039 690 3236 758 partes
3301 695 3600 750 extremas

1948 765 2114 823 fama
2150 781 2494 842 nomenque
2530 769 2820 842 inclytum
2879 775 3139 845 pervasit
3169 793 3183 844 ;
3215 792 3402 849 quam
3428 780 3601 838 innu-

1949 855 2130 912 meris
2181 856 2592 914 abundantem
2624 859 2822 930 bonis,
2871 861 3018 918 nihil
3072 863 3155 921 ita
3205 866 3283 922 ad
3327 873 3598 939 posteros

1947 944 2204 1013 ornavit,
2231 950 2334 1002 aut
2354 963 2624 1020 unquam
2655 953 2745 1004 est
2773 954 3220 1020 exornaturum,
3257 971 3443 1028 quam
3470 959 3598 1031 ipse

1948 1032 2054 1104 qui
2090 1048 2226 1090 eam
2267 1034 2554 1102 condidit,
2586 1042 2644 1092 et
2670 1039 2985 1110 praesentia
3039 1057 3150 1098 sua
3193 1045 3599 1120 praesidioque

1948 1120 2193 1190 fulcivit,
2254 1138 2513 1194 magnus
2569 1127 3009 1196 Constantinus,
3069 1131 3332 1202 pulchris
3383 1135 3444 1190 in
3497 1136 3600 1192 Dei

1947 1226 2134 1267 causa
2152 1210 2461 1268 laboribus
2491 1214 2570 1270 ad
2597 1215 2782 1272 ﬁnem
2820 1217 3120 1289 perductis
3140 1225 3594 1299 memorandus,

1949 1303 2006 1356 et
2053 1315 2266 1371 regum
2305 1304 2576 1358 omnium
2632 1303 3071 1364 Chritianorum
3113 1308 3292 1381 longe
3342 1313 3595 1386 primus,

1949 1391 2191 1446 ﬁrmum
2207 1389 2512 1461 religionis
2542 1407 2612 1449 ac
2635 1394 2872 1466 pietatis
2901 1394 3177 1467 fulcrum,
3209 1399 3349 1456 ﬁdei
3378 1407 3596 1458 nostrae

230 1480 640 1537 sanctissimae
666 1477 1192 1553 propugnaculum
1233 1493 1378 1536 sane
1407 1477 1697 1541 validum,
1749 1491 1820 1533 ac
1871 1480 2008 1549 post
2062 1478 2400 1550 praecipuos
2445 1478 2578 1536 illos
2608 1481 2915 1553 apostolos
2954 1483 3082 1556 ipse
3111 1502 3354 1560 quoque
3401 1489 3598 1547 dicen-

231 1569 356 1626 dus
385 1569 713 1643 apostolus.
754 1568 876 1626 Tali
922 1568 1126 1641 itaque
1165 1567 1350 1624 natali
1379 1566 1508 1624 solo
1536 1568 1703 1644 virgo
1750 1566 1864 1622 ista
1891 1565 2070 1623 beata
2103 1565 2348 1640 prodiit,
2397 1568 2498 1624 tali
2527 1569 2779 1625 civitatis
2827 1587 2950 1629 suae
2987 1575 3193 1644 patriae
3247 1577 3454 1647 gavisa
3511 1583 3600 1635 est

231 1658 511 1732 principe
538 1664 596 1716 et
619 1657 897 1714 inclaruit
920 1663 1198 1731 patrono,
1225 1657 1428 1714 Dicam
1481 1655 1786 1729 equidem,
1816 1659 1875 1712 et
1903 1655 2068 1728 quod
2095 1670 2190 1711 res
2230 1660 2319 1713 est
2358 1656 2559 1713 dicam
2607 1675 2621 1726 ;
2653 1659 2936 1716 eumdem
2960 1661 3151 1731 illum,
3181 1680 3364 1737 quem
3413 1667 3598 1724 modo

233 1747 556 1822 descripsi,
584 1747 719 1821 ipsa
745 1746 956 1804 habuit
1010 1745 1478 1819 progenitorem,
1509 1744 1793 1801 eumdem
1831 1743 2213 1801 instituenda:
2243 1745 2379 1802 vitae
2423 1750 2872 1819 praeceptorem,
2912 1751 3195 1808 eumdem
3252 1754 3333 1811 ad
3374 1771 3595 1828 veram,

229 1853 376 1910 qua
405 1838 466 1894 in
492 1840 611 1894 Deo
638 1840 693 1893 et
722 1852 760 1894 a
790 1839 909 1894 Deo
935 1841 1046 1904 est,
1081 1835 1162 1892 ad
1201 1835 1453 1905 gloriam
1482 1834 1814 1891 ductorem.

303 1926 373 1999 γ’.
416 1926 570 1979 ’Λλλα
607 1928 758 1980 ποθεί
806 1945 887 1988 τις
933 1929 1066 1988 ἴσως
1121 1926 1303 1998 μαθεῖν
1355 1928 1445 1977 καὶ
1502 1925 1691 1977 ὁποίων
1746 1921 1837 1981 ηύ-

2019 1927 2071 1978 3.
2114 1924 2288 1980 Estne
2326 1927 2528 1981 autem
2583 1925 2689 1999 qui
2742 1926 2891 1983 illud
2941 1944 3185 2002 quoque
3237 1947 3599 2003 cognoscere

228 2021 470 2092 μοιρήκει
532 2024 632 2069 τῶν
691 2013 1006 2089 ἀρχηγετῶν
1049 2021 1146 2076 τῆς
1194 2017 1469 2085 γενέσεως,
1527 2018 1618 2066 καὶ
1666 2010 1838 2065 όποίοί

229 2123 328 2179 περ
385 2104 530 2156 οὗτοι
571 2106 636 2158 τὰ
681 2107 813 2177 πρὸς
870 2107 1000 2158 Θεὸν
1049 2106 1196 2178 ,ὄντες
1252 2100 1540 2173 ἐτύγχανον
1573 2117 1587 2168 ;
1621 2101 1836 2155 Εὐσεϐέ-

235 2213 442 2261 στατοι,
506 2197 598 2246 καὶ
646 2192 892 2266 φιλόθεοι,
953 2196 1044 2245 καὶ
1108 2199 1208 2243 τῶν
1283 2190 1493 2244 ἐντολῶν
1550 2197 1643 2243 τοῦ
1700 2197 1834 2244 Θεοῦ

233 2281 470 2357 ἀκριϐεῖς
515 2281 748 2355 φύλακες.
805 2285 870 2335 Τί
926 2277 1009 2335 δεῖ
1057 2280 1220 2334 πολλὰ
1272 2279 1482 2353 lie/us;
1523 2279 1586 2332 ἐῶ
1632 2281 1734 2353 γὰρ
1765 2282 1835 2342 ὡς

233 2369 434 2444 ἐκόμων
474 2371 698 2443 π)ούτῳ,
746 2375 837 2424 καὶ
872 2366 1028 2433 δόξης
1059 2368 1325 2442 ἆπήλαυον
1359 2389 1372 2404 ’
1424 2367 1474 2420 ἐν
1523 2366 1724 2444 βραχεῖ
1773 2365 1836 2421 δέ

234 2480 372 2533 φημι
401 2503 417 2532 ,
483 2465 778 2534 γεννήτορες
864 2461 1104 2512 τοιούτου
1185 2465 1256 2530 τῷ
1329 2462 1438 2510 ὄντι
1518 2461 1834 2530 γεννήματος

237 2547 516 2625 ἀξιόχρεῳ.
561 2548 696 2603 Ἀλλ’
749 2551 892 2601 οὔπω
949 2547 1143 2610 τελείας
1197 2551 1400 2619 γέγονεν
1455 2544 1680 2613 ἡλικίας,
1741 2551 1832 2599 καὶ

235 2635 624 2712 ἀπορφάνισται
660 2644 753 2690 τοῦ
789 2640 1003 2712 πατρὸς,
1074 2636 1317 2697 ἑπταέτης
1355 2637 1429 2688 ἔτι
1464 2637 1832 2707 τυγχάνουσα,

230 2731 330 2779 καὶ
383 2726 568 2788 πολλῆς
609 2729 683 2779 ἔτι
730 2722 944 2799 δεομένη
1004 2733 1100 2788 τῆς
1149 2727 1470 2799 προμηθείας
1539 2727 1608 2787 ὡς
1663 2724 1834 2798 ἀμέμ-

234 2836 375 2876 πτως
412 2819 470 2868 τό
510 2816 605 2889 ζῇν
643 2815 994 2891 ἐκμετρήσειε,
1035 2819 1126 2867 καὶ
1180 2824 1279 2867 τῶν
1316 2811 1558 2886 παγίδων
1608 2812 1838 2889 ἁνωτέρα

233 2909 481 2979 γενομένη
522 2913 612 2958 τοῦ
662 2902 976 2979 δυσμενοῦς,
1036 2907 1106 2966 ὡς
1153 2913 1226 2976 τῷ
1279 2912 1392 2976 Θεῷ
1434 2902 1691 2977 βουλητὸν
1747 2906 1834 2956 τόν

235 3003 332 3048 τοῦ
379 2993 502 3068 βίου
559 2991 752 3067 δρόμον
822 2993 1052 3048 ἀνύσειεν
1105 3014 1120 3028 ο
1173 2991 1298 3046 ἀλλὰ
1349 2995 1544 3053 ταύτης
1591 2995 1836 3065 οὗμενουν

236 3084 336 3137 οῦκ
383 3084 696 3158 ημοίρησεν.
733 3082 792 3135 Ὀ
829 3085 930 3156 γὰρ
962 3079 1118 3145 εἰδὼς
1146 3083 1213 3134 τὰ
1239 3083 1410 3134 πάντα
1436 3084 1536 3155 πρό
1589 3089 1686 3142 τῆς
1713 3083 1835 3133 τού-

237 3193 342 3226 των
365 3176 626 3245 γενέσεως,
678 3173 704 3224 ό
764 3170 1021 3247 ἀφορίζων
1069 3169 1125 3223 ἐκ
1177 3169 1382 3223 κοιλιῶν
1430 3177 1697 3244 μητρικῶν
1740 3170 1836 3221 ἄν·

1945 2009 2214 2068 fortassis
2241 2012 2556 2081 desiderat,
2597 2014 2805 2087 quales
2851 2017 3187 2076 Theodosia
3213 2026 3593 2094 quantosque

1944 2099 2098 2156 felici
2118 2105 2275 2157 sorte
2295 2106 2474 2158 nacta
2499 2102 2572 2159 sit
2592 2108 2868 2175 parentes
2892 2104 2920 2159 ?
2945 2107 3031 2162 Ita
3055 2109 3320 2180 profecto
3348 2111 3591 2181 habeat,

1943 2203 2290 2262 supremam
2311 2188 2442 2246 illos
2471 2191 2571 2247 Dei
2591 2192 2970 2263 majestatem
2993 2197 3298 2269 praecipuo
3322 2199 3592 2271 quodam

1943 2277 2107 2334 cultu
2130 2282 2188 2335 et
2210 2293 2416 2335 amore
2439 2279 2626 2336 fuisse
2648 2288 3020 2354 prosecutos,
3038 2288 3166 2341 tum
3192 2303 3331 2345 vero
3354 2305 3596 2348 summa

1943 2367 2324 2424 accuratione
2340 2367 2623 2425 universa
2642 2370 2918 2440 ejusdem
2935 2371 3036 2428 Dei
3051 2375 3340 2433 mandata
3359 2393 3596 2450 semper

1943 2455 2304 2529 implevisse.
2340 2457 2495 2524 Quid
2523 2473 2678 2531 opus
2707 2459 2984 2532 pluribus
3015 2463 3043 2519 ?
3071 2465 3317 2529 Quantis
3346 2467 3596 2524 circum-

1943 2545 2222 2604 ﬂuxerint
2249 2547 2491 2615 divitiis,
2541 2553 2893 2623 quantaque
2930 2551 3143 2622 gloria,
3183 2554 3414 2612 silentio
3443 2571 3595 2628 prae-

1943 2637 2103 2692 tereo
2146 2653 2160 2704 ;
2196 2636 2454 2692 breviter
2507 2638 2852 2710 pronuntio,
2910 2646 3220 2712 parentem
3275 2649 3597 2718 utrumque

1943 2722 2156 2780 habuit
2181 2724 2530 2794 Theodosia,
2585 2726 2752 2798 prole
2791 2731 2915 2784 tam
2950 2735 3158 2787 sancta
3193 2735 3438 2806 tamque
3465 2732 3594 2789 illu-

1945 2812 2048 2868 stri
2075 2812 2516 2884 dignissimam.
2547 2817 2686 2887 Ipsa
2731 2821 2954 2887 autem,
2981 2835 3120 2875 cum
3148 2823 3354 2878 tenera
3397 2822 3597 2878 adhuc

1944 2901 2300 2972 virguncula
2329 2903 2652 2976 septimum
2690 2905 2880 2961 aetatis
2910 2923 3034 2962 suae
3065 2923 3293 2964 annum
3322 2910 3595 2966 nondum

1944 2995 2100 3046 esset
2123 2995 2561 3063 prietergressa,
2615 3007 2875 3065 cumque
2913 2995 2991 3050 ad
3014 2995 3130 3052 hoc
3158 3001 3224 3053 ut
3252 2997 3379 3052 sine
3397 3011 3595 3069 repre-

1945 3079 2236 3136 hensione
2288 3080 2476 3136 vitam
2541 3081 2698 3137 hanc
2753 3082 3071 3138 mortalem
3128 3084 3486 3156 decurreret,
3541 3091 3597 3145 et

1947 3167 2389 3225 cacodaemonis
2411 3167 2644 3224 insidiis
2673 3168 2832 3226 facta
2860 3172 3152 3243 superior,
3181 3173 3330 3230 illud
3359 3175 3596 3234 vivendi

240 3259 372 3336 δρας
422 3281 478 3315 τε
521 3267 611 3314 καὶ
647 3261 898 3334 γυναῖκας
950 3262 1100 3334 ὁμοῦ,
1160 3264 1250 3312 καὶ
1299 3258 1512 3332 ἐκλογὴν
1572 3263 1652 3312 αεὶ
1690 3277 1837 3332 περι-

1947 3255 2298 3323 institutum,
2353 3256 2521 3329 quod
2569 3259 2690 3312 Deo
2743 3258 3122 3328 potissimum
3171 3267 3326 3319 esset
3373 3263 3592 3338 visum,

236 3353 542 3424 ποιούμενος
599 3349 782 3422 ἐαυτῷ,
857 3354 948 3402 καὶ
1011 3355 1103 3410 τῆς
1156 3353 1416 3424 μακαρίας
1466 3349 1681 3418 ταύτης,
1739 3349 1840 3400 ὅσα

236 3445 331 3493 καὶ
381 3443 580 3515 πατὴρ,
628 3439 1007 3514 προύνοησατο.
1045 3437 1190 3511 ’Ἅμα
1239 3456 1294 3490 τε
1321 3439 1420 3511 γὰρ
1453 3438 1478 3488 ὀ
1523 3440 1692 3511 πατὴρ
1750 3440 1837 3489 τόν

239 3528 360 3603 βίον
421 3527 720 3601 μετήλλαξε,
774 3532 865 3580 καὶ
920 3527 1032 3600 ἅμα
1075 3545 1133 3599 γε
1199 3529 1230 3585 ἡ
1290 3531 1464 3601 μήτηρ
1509 3529 1691 3598 κόσμῳ
1747 3529 1838 3578 καὶ

236 3625 345 3679 τοῖς
397 3616 448 3670 ἐν
503 3621 683 3690 κόσμῳ
755 3621 964 3691 χαίρειν
1035 3615 1275 3683 εἰποῦσα,
1343 3614 1525 3674 ἑαυτήν
1597 3619 1688 3666 καὶ
1750 3617 1839 3672 τὴν

241 3708 427 3766 ἑαυτῆς
485 3702 654 3758 παῖδα
710 3710 924 3778 σεμνείῳ
971 3723 1025 3758 τε
1089 3703 1422 3778 περιέκλεισε,
1486 3708 1576 3757 καὶ
1644 3707 1841 3776 σεμνῶς

243 3795 396 3866 βιοῦν
419 3794 762 3869 προύξένησεν
793 3790 1217 3848 ἑκπαιδεύεσθαι.

1948 3345 2252 3416 arriperet,
2284 3343 2468 3417 patris
2498 3345 2819 3402 etiamnum
2867 3348 3116 3405 consilio
3145 3355 3201 3406 et
3220 3353 3598 3424 providentia

1947 3432 2214 3503 indigere
2239 3432 2558 3500 videretur,
2589 3433 2806 3490 eodem
2835 3435 3046 3494 orbata
3074 3437 3203 3496 fuit.
3238 3440 3352 3496 Sed
3377 3455 3487 3498 nec
3514 3443 3598 3499 ita

1947 3523 2298 3580 necessariis
2326 3521 2407 3579 ad
2429 3522 2857 3581 instituendam
2885 3531 3043 3583 recte
3072 3528 3257 3586 vitam
3305 3531 3596 3602 praesidiis

1949 3612 2058 3669 fuit
2079 3611 2378 3668 destituta.
2403 3611 2568 3668 Idem
2596 3613 2820 3686 quippe
2841 3613 2936 3670 ille
2965 3617 3072 3688 qui
3109 3618 3316 3676 omnia
3363 3625 3596 3692 nostra,

1949 3701 2056 3758 diu
2090 3701 2269 3758 etiam
2309 3705 2447 3758 ante
2485 3717 2673 3775 quam
2716 3701 2916 3760 lucem
2964 3705 3126 3764 hanc
3165 3707 3595 3780 ingrediamur,

1950 3788 2298 3862 cognoscit;
2347 3789 2452 3862 qui
2507 3790 2684 3847 nobis
2733 3791 2950 3851 deinde
3001 3794 3352 3870 obventura,
3404 3799 3482 3855 ab
3525 3815 3597 3855 eo

237 3886 370 3959 jam
399 3888 529 3941 tum
553 3887 821 3956 tempore
867 3898 992 3955 quo
1042 3886 1319 3939 materno
1348 3881 1547 3938 adhuc
1583 3884 1752 3937 utero
1781 3894 2150 3948 coercemur,
2179 3893 2288 3951 pro
2318 3878 2615 3951 sapientia
2638 3897 2748 3938 sua
2775 3883 3001 3954 optime
3025 3883 3290 3956 disponit
3316 3905 3331 3955 ;
3359 3891 3416 3942 et
3442 3903 3598 3960 quos

240 3973 368 4031 vult
391 3971 700 4046 praecipua
727 3969 998 4044 quadam
1026 3986 1192 4039 cura,
1224 3971 1347 4026 sive
1367 3985 1399 4027 e
1436 3969 1709 4026 maribus
1742 3969 1866 4025 sive
1890 3966 2195 4037 efeminis,
2221 3965 2514 4023 fovendos
2543 3967 2706 4040 eligit
2735 3985 2748 4035 ;
2779 3970 2899 4040 hic,
2951 3971 3224 4044 inquam,
3279 3978 3599 4046 paternam

245 4077 420 4119 suam
465 4058 909 4134 providentiam
949 4073 1092 4130 erga
1135 4057 1420 4115 tenellam
1461 4056 1660 4115 adhuc
1705 4057 2000 4128 virginem
2037 4053 2366 4112 desiderari
2395 4071 2520 4112 non
2567 4061 2657 4113 est
2683 4071 2924 4128 passus.
2965 4059 3153 4116 Simul
3192 4061 3350 4117 enim
3377 4077 3598 4134 parens

244 4147 588 4206 Theodosia;
619 4147 805 4204 vitam
829 4147 988 4204 hanc
1016 4163 1156 4203 cum
1202 4151 1395 4203 morte
1433 4161 1538 4202 seu
1594 4145 1825 4202 meliori
1876 4145 2075 4217 potius
2127 4143 2248 4200 vita
2310 4145 2720 4213 commutavit,
2769 4146 2947 4202 simul
3003 4153 3060 4204 et
3109 4153 3300 4206 mater
3350 4149 3596 4207 caducis

248 4237 462 4295 mundi
487 4236 690 4303 rebus,
721 4235 1073 4308 mundoque
1094 4235 1208 4307 ipsi
1228 4235 1507 4291 nuntium
1545 4235 1851 4290 remittens
1899 4236 2140 4289 secretas
2162 4247 2233 4287 ac
2281 4231 2575 4302 religiosae
2631 4233 2851 4290 domus
2881 4236 3062 4308 septis
3093 4237 3357 4311 seipsam
3384 4239 3598 4297 ﬁliam-

246 4342 364 4400 que
399 4325 662 4394 inclusit,
692 4323 798 4381 ubi
827 4323 908 4381 ad
934 4324 1121 4380 vitam
1150 4323 1436 4396 praeclare
1468 4322 1810 4379 ducendam
1833 4319 2252 4396 pulcherrimis
2281 4334 2417 4376 eam
2439 4322 2751 4394 praeceptis
2767 4325 2997 4382 curavit
3019 4325 3229 4382 imbui.

320 4411 384 4469 δ’.
435 4421 582 4489 Τρεῖς
631 4432 684 4466 τε
744 4415 842 4488 γὰρ
903 4411 1050 4473 ὅλους
1098 4409 1362 4474 ἐνιαυτοὺς
1405 4412 1532 4484 αὐτῇ
1577 4417 1837 4470 συνασκή-

2021 4413 2078 4466 4.
2117 4408 2326 4466 Tribus
2355 4410 2602 4467 omnino
2625 4412 2798 4468 annis
2826 4427 2948 4470 una
2972 4429 3110 4471 cum
3155 4415 3281 4474 ﬁlia
3307 4416 3598 4474 traductis

251 4506 410 4576 σοίσα,
444 4509 535 4557 καὶ
575 4509 676 4556 πᾶν
729 4506 772 4555 εἴ
817 4522 870 4554 τι
930 4500 1336 4576 συμπραξαμένη
1385 4500 1540 4553 καλὸν
1595 4506 1685 4554 καί
1731 4503 1841 4555 θεά-

248 4613 447 4668 ρεστον,
503 4591 752 4646 κατΰευσε
801 4593 889 4644 τὸν
930 4589 1047 4664 βίον
1093 4589 1194 4642 κάκ
1246 4598 1344 4642 τῶν
1372 4592 1561 4664 γηίνων
1617 4595 1838 4664 μετέστη

247 4685 372 4756 πρὸς
401 4683 466 4735 τὰ
503 4681 738 4757 οὐράνια,
784 4679 1002 4733 πλοῦτον
1050 4681 1233 4756 ὁρατὸν
1290 4679 1420 4753 αὐτῇ
1460 4679 1840 4747 καταλιποῦσα,

253 4774 372 4833 ὅσος
424 4790 486 4844 γε
531 4769 808 4844 ὑπελείφθη
867 4773 957 4822 καὶ
1014 4774 1171 4842 μήπω
1229 4765 1494 4830 διαδοθεὶς
1544 4772 1669 4843 ἔφθη
1737 4776 1842 4831 τοῖς

250 4865 458 4932 πένησι,
508 4863 600 4913 καί
647 4863 778 4935 πρός
823 4877 884 4932 γε
925 4860 1012 4910 τόν
1067 4862 1285 4932 κρείττω
1341 4862 1432 4911 καὶ
1470 4857 1839 4928 ἀληθέστατον,

253 4951 307 5012 ὃς
353 4953 445 5002 καὶ
500 4955 742 5022 περιοῦσι
805 4949 1036 5016 σύνεστι,
1087 4951 1176 4999 καὶ
1249 4948 1641 5020 μεθισταμένοις
1713 4967 1842 5000 συν-

252 5043 474 5103 άπεισιν,
499 5039 554 5101 ὃς
583 5037 710 5110 ούχὶ
741 5039 877 5089 κατὰ
909 5039 996 5088 τόν
1025 5036 1296 5108 ὁμώνυμον
1354 5036 1490 5108 αύτῷ
1539 5035 1839 5108 τυφλώττει,

253 5127 380 5181 ἀλλὰ
417 5132 510 5180 καὶ
534 5127 648 5180 λίαν
688 5122 980 5200 ὀξυδορκεῖ,
1009 5126 1186 5177 καὶτὸ
1239 5119 1308 5182 δὴ
1339 5125 1517 5196 μεῖζον
1571 5129 1698 5200 πρὸς
1749 5130 1842 5184 την

252 5220 384 5271 κατὰ
413 5219 542 5272 Θεὸν
568 5219 780 5289 πορείαν
818 5209 1126 5284 καθοδηγεῖ,
1173 5215 1262 5263 καὶ
1315 5215 1445 5286 πρός
1491 5217 1584 5272 τὴν
1639 5213 1710 5274 εἰς
1752 5213 1841 5266 οὗ-

251 5313 434 5382 pavo-6;
505 5307 761 5378 ἄγουσαν,
847 5301 1192 5373 ἀπρόσκοπτα
1248 5297 1492 5372 βαδίζειν
1558 5311 1718 5358 ποιεῖ.
1781 5305 1844 5358 Τί

252 5405 373 5469 γοῦν
401 5399 432 5457 ἠ
465 5399 696 5471 μακαρία
729 5413 742 5456 ;
773 5401 878 5452 πῶς
930 5398 1037 5451 τοίς
1097 5385 1368 5462 διαφόροις
1412 5390 1584 5452 αύτοίς
1634 5391 1846 5465 κληροῖς

255 5491 521 5560 ἐχρήσατο
553 5501 567 5554 ;
601 5492 709 5559 μῶν
739 5486 808 5544 ὡς
837 5479 1020 5542 ἀτελής
1047 5495 1062 5546 ;
1086 5485 1196 5551 μῶν
1230 5480 1298 5538 ὡς
1346 5477 1527 5542 ἀνῆλιξ
1577 5497 1591 5546 ;
1648 5480 1845 5535 Πολλοῦ

255 5583 308 5648 γε
350 5579 438 5628 καὶ
490 5570 594 5630 δεῖ.
640 5576 738 5626 Τόν
781 5573 870 5644 μὲν
917 5569 1018 5643 γὰρ
1065 5567 1390 5642 φθειρόμενον
1449 5567 1666 5622 πλοῦτον
1714 5589 1845 5644 παρ-

1949 4500 2173 4558 inloco
2200 4500 2301 4557 illo
2329 4505 2386 4558 et
2413 4501 2850 4572 exercitatione,
2888 4504 3032 4561 nihil
3062 4507 3230 4578 quod
3278 4507 3458 4566 laude
3511 4509 3600 4566 di-

1952 4603 2140 4660 gnum
2171 4593 2277 4646 aut
2305 4592 2424 4646 Deo
2449 4589 2735 4664 placitum
2761 4601 3149 4662 cognosceret
3175 4597 3474 4668 omittens,
3497 4597 3601 4671 pia

1951 4678 2301 4736 Theodosia:
2328 4684 2521 4737 mater
2543 4681 2783 4738 vivendi
2836 4681 3022 4740 ﬁnem
3069 4684 3227 4756 fecit,
3279 4691 3338 4744 et
3364 4690 3598 4744 terreno

1950 4767 2156 4825 relicto
2199 4767 2503 4826 domicilio
2551 4770 2616 4827 in
2653 4769 2954 4828 coalestem
2993 4787 3121 4830 sese
3166 4774 3600 4832 habitationem

1950 4857 2265 4914 transtulit.
2296 4860 2549 4916 Tantum
2577 4875 2720 4917 vero
2749 4875 2959 4918 earum
3005 4877 3142 4934 quae
3173 4861 3271 4919 hic
3326 4863 3600 4922 videntur

1949 4947 2086 5004 ﬁliae
2139 4963 2262 5002 suae
2308 4947 2544 5022 reliquit
2579 4949 2918 5007 divitiarum
2946 4956 3246 5024 quantum
3297 4968 3336 5009 a
3379 4953 3496 5027 piis
3534 4955 3598 5014 in

1951 5053 2173 5108 egenos
2193 5037 2642 5109 elargitionibus
2671 5039 2786 5112 ipsi
2809 5041 3100 5113 superfuit
3130 5057 3143 5098 :
3174 5041 3308 5098 illas
3332 5045 3601 5105 videlicet

1951 5126 2226 5183 meliores
2265 5143 2336 5183 ac
2362 5127 2621 5184 veriores
2664 5133 2795 5185 rata
2845 5145 2973 5186 esse
3012 5146 3176 5203 opes,
3226 5148 3364 5205 quae
3411 5139 3467 5192 et
3502 5136 3600 5193 hic

1950 5215 2284 5272 viventibus
2303 5231 2614 5289 nunquam
2642 5233 2765 5274 non
2795 5217 3034 5286 adsunt,
3059 5224 3112 5278 et
3141 5221 3282 5279 hinc
3305 5223 3602 5296 emigren-

1953 5309 2038 5361 tes
2063 5321 2442 5376 possessores
2475 5321 2617 5362 suos
2647 5307 2895 5364 minime
2947 5307 3231 5366 deserunt
3263 5327 3276 5378 ;
3308 5328 3442 5386 quae
3473 5330 3596 5382 eos,

1952 5393 2057 5466 qui
2081 5393 2226 5466 ipsis
2247 5395 2574 5468 potiuntur,
2598 5412 2720 5452 non
2746 5397 3080 5455 secundum
3100 5398 3163 5455 id
3181 5401 3349 5472 quod
3373 5401 3600 5458 habent

1953 5482 2238 5551 nominis,
2271 5499 2592 5556 excaecare,
2623 5484 2729 5542 sed
2766 5485 2844 5544 ad
2889 5487 3228 5544 acutissime
3269 5487 3597 5546 videndum

1954 5570 2160 5628 oculos
2190 5573 2419 5645 aperire
2440 5572 2587 5646 ipsis
2615 5579 2873 5648 possunt
2900 5579 2959 5637 et
2996 5576 3187 5637 solent
3211 5594 3230 5648 ;
3257 5592 3394 5650 quae
3432 5576 3598 5654 deni:
