4084 6206
537 308 641 370 899

1726 288 2183 351 CONSTANTINI
2217 272 2705 343 ACROPOLITE;

3755 290 3848 352 900

538 453 655 511 que
684 439 751 491 ut
768 432 1092 507 plurimum
1121 441 1261 481 suos
1274 423 1352 479 ad
1373 425 1557 477 Deum
1580 422 1879 474 amatores
1898 418 2058 471 recto
2072 418 2180 468 tra-

2289 414 2423 463 αυτὰ
2480 411 2755 484 σκορπίζει
2812 414 2925 471 τοῖς
2973 410 3182 473 πένησι,
3232 414 3477 460 τοσοῦτον
3530 411 3650 486 παρ’
3706 414 3844 477 ἑαυτῆ

2546 508 2565 511 ,Α
2723 500 2734 508 α
2795 503 2802 511 1
2994 497 3005 511 9
3096 498 3119 511 Α
3160 500 3170 509 ν
3314 495 3327 511 ἱ
3502 503 3512 511 ι
3718 506 3727 511 .
3822 478 3831 491 ⁸

538 499 679 581 mite
725 499 1079 597 perducunt.
1138 519 1213 582 et,
1265 527 1400 567 cum
1459 506 1824 580 ipsissimam
1882 503 1944 558 in
2000 499 2181 557 caelos

539 616 695 669 viam
728 590 987 681 —absque
1039 619 1236 659 errore
1300 600 1731 666 demonstrent,
1805 594 1863 649 in
1934 590 2178 647 eosdem

537 714 777 775 quoque
833 680 961 753 sine
1024 690 1455 765 impedimento
1506 686 1625 741 ullo
1679 690 1743 739 ut
1798 680 2180 755 perveniatur

536 766 819 846 efﬁci-unt.
850 785 998 853 Quid
1026 783 1203 854 igitur
1245 783 1307 834 Β.
1344 774 1676 833 Theodosia
1698 773 1727 828 *ἲ
1756 773 1903 840 Qua,
1937 766 2177 841 putatis,

537 880 764 936 ratione
794 874 1033 939 divitiis,
1068 874 1382 943 parentum
1441 868 1628 920 morte
1685 860 1799 916 sibi
1830 857 2044 914 relictis
2069 871 2181 911 usa

537 975 623 1025 est
672 969 700 1023 ?
748 982 825 1022 an
873 960 1214 1035 imperfecte
1269 957 1297 1012 ?
1332 971 1409 1010 an
1456 954 1582 1008 sine
1628 951 1824 1005 fructu
1869 948 1897 1001 ?
1945 945 2179 1001 Minime

536 1074 699 1116 vero.
729 1060 894 1111 Dona
913 1051 1136 1124 quippe
1179 1042 1540 1116 corruptioni
1565 1046 1623 1096 et
1648 1036 1959 1096 amissioni
1988 1035 2177 1090 obno-

2287 508 2664 572 κατασχοῦσα,
2713 500 2904 552 ὁπόσον
2962 497 3036 559 εἰς
3092 498 3252 556 θείους
3305 495 3626 572 ἀποχρήσειν
3676 506 3846 569 τύπους

2288 592 2510 662 ἐνόμισε.
2545 592 2616 643 Δι’
2661 590 2721 641 οὗ
2767 595 2856 641 καὶ
2910 595 3041 664 τρεῖς
3080 587 3279 648 εἰκόνας
3328 587 3601 653 ἐκτήσατο,
3654 598 3735 651 τήν
3769 605 3847 649 «ea

2290 684 2483 754 Κυρίου
2512 684 2598 730 καὶ
2654 685 2887 753 Σωτῆρος
2934 679 3080 749 ἡμῶν
3132 677 3306 734 Ἰησοῦ
3360 685 3606 751 Χριστοῦ,
3657 686 3741 738 τὴν
3767 693 3847 746 τῆς

2288 770 2549 840 πανάγνου
2596 763 2752 820 τοῦδε
2782 769 2988 841 Μητρὸς
3017 770 3107 818 καὶ
3136 770 3261 840 πρὸς
3306 785 3366 836 γε
3407 770 3499 824 τὴν
3528 775 3619 828 τῆς
3653 770 3848 825 πολυάθε

2286 855 2374 909 λου
2404 859 2669 932 μάρτυρος
2711 856 3083 921 Ἀναστασίας,
3138 855 3199 912 ἣν
3245 853 3299 906 ἐκ
3333 862 3428 917 τῆς
3475 853 3715 920 δοθείσης
3747 864 3849 913 ταύ-

2285 964 2347 1018 τη
2398 952 2514 1019 περὶ
2556 946 2690 997 αὐτὰ
2744 948 2962 1019 χάριτος
3018 943 3477 1018 Φαρμακολυτρίαν
3515 947 3540 996 ὁ
3583 952 3848 1019 Χριστώνυ-

2285 1053 2381 1105 μος
2411 1036 2779 1107 κατονομάζειν
2809 1030 2922 1086 οἶδε
2956 1033 3101 1095 λεώς.

535 1148 636 1203 xia
690 1146 749 1201 in
802 1156 1102 1215 pauperes
1156 1132 1456 1191 distribuit
1501 1128 1726 1195 omnia,
1787 1129 2017 1181 tantum
2076 1121 2188 1177 sibi
2245 1122 2539 1179 duntaxat
2574 1140 2647 1179 ex
2701 1124 2784 1179 eis
2838 1138 3175 1188 reservans,
3234 1129 3535 1194 quantum
3570 1123 3643 1178 ad
3674 1140 3846 1181 sacras

536 1236 828 1307 imagines
854 1226 1212 1287 coemendas
1239 1220 1639 1279 necessarium
1661 1217 1785 1307 fore
1815 1212 2235 1307 arbitrabatur,
2264 1228 2337 1267 ex
2361 1212 2580 1283 quibus
2607 1216 2723 1267 tres
2745 1211 2856 1267 sibi
2875 1211 3176 1283 praecipue
3206 1211 3595 1282 comparavit,
3620 1217 3843 1284 primam

541 1323 769 1382 Domini
801 1339 870 1377 ac
908 1314 1226 1374 Salvatoris
1255 1311 1441 1368 nostri
1470 1312 1603 1364 Jesu
1642 1302 1875 1363 Christi.
1908 1300 2243 1375 purissimae
2276 1299 2371 1355 Dei
2406 1299 2669 1356 Parentis
2700 1301 2967 1368 alteram,
3002 1315 3181 1355 unam
3205 1299 3449 1372 insuper
3478 1306 3689 1356 sanctae
3719 1318 3844 1358 mar-

536 1415 681 1488 tyris
710 1408 1061 1472 Anastasiae,
1103 1408 1185 1459 tot
1213 1402 1309 1458 Dei
1340 1415 1523 1456 causa
1572 1396 1807 1488 labores
1841 1406 2161 1488 perpessae,
2191 1404 2385 1488 quam
2429 1389 2507 1444 ob
2559 1389 2926 1459 singularem
2951 1389 3235 1444 divinitus
3264 1394 3575 1462 acceptam
3606 1390 3843 1461 gratiam,

536 1477 797 1577 populus
828 1496 1194 1554 Christianus
1228 1487 1653 1560 cognominare
1693 1482 1842 1538 solet
1881 1478 2312 1534 Veneﬁciorum
2351 1477 2783 1534 dissolutricem
2823 1478 2924 1551 (Ι).

612 1562 662 1646 έ.
686 1593 875 1660 Atque
904 1586 1033 1640 haec
1060 1586 1197 1637 sunt
1242 1595 1377 1652 quae
1430 1577 1503 1632 de
1527 1575 1598 1629 iis
1628 1588 1784 1646 quas
1816 1570 1938 1625 dixi
1965 1566 2180 1623 divitiis

2361 1564 2427 1660 ε’,Δ
2476 1566 2607 1620 Ἀλλ’
2665 1566 2795 1619 οὕτω
2843 1568 2932 1639 μεν
2976 1571 3093 1639 περὶ
3144 1569 3333 1619 τούτου
3380 1562 3620 1626 διενοήθη
3649 1573 3730 1619 καὶ
3761 1564 3847 1620 διεδ

537 1653 869 1736 Theodosia
882 1673 990 1729 sibi
1006 1669 1301 1734 facienda,
1317 1671 1374 1723 et
1401 1670 1596 1720 mente
1618 1658 1907 1732 concepit,
1924 1662 1979 1713 et
1992 1657 2180 1727 reipsa

2289 1655 2541 1728 πράξατο.
2599 1663 2723 1729 Περὶ
2784 1653 2845 1709 δι
2882 1664 2974 1709 τοῦ
3016 1655 3198 1708 λοιποῦ
3247 1656 3495 1725 πλούτου,
3534 1664 3621 1709 τοῦ
3648 1660 3712 1719 ὡς
3752 1655 3853 1714 ἄλη-

538 1772 819 1826 exsecuta
847 1767 953 1819 est.
988 1760 1160 1816 Bonis
1191 1773 1333 1813 vero
1371 1755 1441 1810 iis
1498 1770 1629 1825 quae
1666 1766 1800 1807 vere
1857 1751 2015 1817 sunt,
2074 1761 2184 1801 nec

539 1857 690 1913 falsa
718 1851 1166 1910 nomenclatura
1192 1846 1469 1901 dicuntur
1496 1842 1678 1907 bona,
1719 1836 2029 1913 quomodo
2061 1835 2185 1891 ani-

542 1961 705 2002 mum
722 1940 1053 2008 intenderit,
1077 1936 1403 2009 quisquam
1429 1947 1503 1987 ne
1529 1931 1853 1998 interrogat
1880 1925 1908 1980 ?
1938 1925 2182 1997 Sapien-

540 2041 625 2091 ter
643 2032 930 2106 profecto,
962 2043 1069 2083 nec
1092 2025 1257 2081 aliter
1298 2037 1483 2095 quam
1520 2018 1633 2074 illis
1672 2017 1755 2073 uti
1781 2032 1889 2089 par
1918 2020 2022 2070 est.
2056 2017 2185 2069 Non

538 2104 699 2180 enim
728 2117 1126 2177 differendum
1159 2113 1272 2169 sibi
1315 2109 1571 2182 amplius
1611 2104 1966 2163 existimavit
2014 2104 2183 2176 quin,

541 2210 876 2269 secundum
915 2206 1218 2263 altissima
1266 2198 1829 2274 perfectissimaeque
1882 2193 2185 2266 sapientiae

541 2301 778 2372 placita,
794 2298 863 2353 iis
876 2312 1003 2352 sese
1019 2291 1304 2350 omnibus
1326 2304 1459 2361 qua:
1490 2286 1568 2343 ad
1592 2284 1891 2340 mundum
1918 2285 2186 2354 spectant

536 2370 713 2447 bonis
739 2384 1115 2458 exspoliaret,
1150 2385 1211 2435 ut
1240 2378 1411 2451 plura
1438 2380 1491 2431 et
1520 2373 1767 2430 meliora
1805 2370 2023 2427 deinde
2048 2386 2185 2426 con-

540 2480 905 2550 sequeretur.
940 2474 1086 2527 Cum
1106 2484 1247 2523 vero
1275 2481 1483 2521 curam
1509 2478 1752 2519 omnem
1766 2465 1820 2516 et
1841 2458 2183 2516 sollicitudi-

541 2548 680 2623 nem
709 2579 832 2620 non
861 2557 1263 2616 necessariam
1294 2553 1601 2624 abjiciens,
1635 2550 1717 2606 sic
1750 2550 1924 2621 quasi
1951 2548 2028 2604 ad
2059 2564 2186 2620 per-

540 2655 755 2711 fectam
776 2652 905 2721 jam
954 2644 1324 2719 pervenisset
1357 2645 1612 2708 aetatem,
1653 2643 1711 2694 et
1748 2638 1826 2693 ad
1878 2653 2185 2692 summum

541 2740 867 2818 prudentiae
897 2735 1095 2793 omnis
1121 2738 1336 2789 vocata
1373 2734 1527 2786 esset
1551 2728 1804 2801 apicem,
1836 2743 1873 2782 a
1902 2726 2186 2783 continuo

541 2815 622 2892 ad
658 2832 934 2887 virtutem
964 2828 1184 2881 conatu
1219 2822 1305 2878 ita
1358 2834 1480 2875 non
1528 2817 1787 2887 recessit,
1838 2819 1901 2871 ut
1933 2815 2128 2888 potius
2150 2831 2187 2871 a

541 2916 954 2996 pulcherrimis
991 2911 1265 2985 ejusdem
1312 2908 1490 2965 initiis
1547 2912 1601 2963 et
1633 2906 1765 2979 ipsa
1803 2920 2047 2961 sumens
2076 2905 2186 2960 ini-

541 2995 707 3082 tium,
758 3007 835 3065 ad
874 3019 1181 3061 summum
1220 2998 1466 3056 tandem
1514 2995 1894 3069 perfectionis
1947 2995 2185 3050 culmen

538 3096 859 3173 pertigerit.
895 3092 1044 3150 Nihil
1073 3090 1306 3147 interim
1339 3089 1401 3143 in
1451 3086 1733 3141 virtutum
1785 3100 1962 3140 cursu
2008 3090 2186 3140 nacta

537 3183 967 3260 impedimenti,
981 3196 1091 3237 nec
1111 3179 1267 3235 circa
1288 3180 1591 3250 postrema
1612 3173 1745 3230 vitae
1767 3189 1893 3229 suae
1914 3178 2186 3245 tempora

536 3278 607 3333 iis
639 3291 773 3348 quae
805 3276 941 3329 ante
972 3273 1174 3341 egerat
1201 3265 1503 3323 maculam
1546 3263 1730 3319 ullam
1762 3262 1959 3318 inferri
1980 3279 2179 3335 passa,

536 3381 673 3439 quae
692 3361 893 3419 multis
913 3360 1037 3431 jam
1066 3362 1192 3414 tum
1216 3354 1542 3428 putabatur
1563 3352 1639 3408 ad
1664 3366 1902 3407 summa
1927 3367 2183 3424 quaeque

536 3452 830 3511 curriculo
857 3447 1216 3522 pervenisse,
1250 3458 1543 3513 magnum
1571 3440 1717 3496 nihil
1736 3440 1811 3495 de
1842 3455 1905 3495 se
1923 3439 2034 3495 sibi
2051 3457 2183 3512 per-

538 3541 723 3598 suasit
752 3555 765 3605 ;
798 3537 943 3611 quin
969 3535 1167 3609 potius
1192 3531 1523 3588 secundum
1554 3528 1612 3584 id
1644 3527 1809 3600 quod
1838 3543 1874 3582 a
1928 3528 2181 3584 Domino

537 3628 818 3686 inculcari
844 3626 1033 3698 probe
1062 3626 1329 3687 noverat,
1352 3617 1643 3675 famulam
1675 3632 1739 3671 se
1762 3616 2018 3673 ducebat
2046 3618 2180 3674 inu-

2292 1746 2391 1805 θώς
2428 1745 2671 1814 πλούτου,
2704 1750 2794 1798 καὶ
2832 1750 2902 1818 μὴ
2954 1741 3377 1817 διαψευδομένου
3410 1749 3505 1803 τὴν
3548 1745 3738 1813 κλῆσιν,
3766 1752 3854 1806 πῶς

2290 1836 2392 1907 ἄρα
2438 1838 2583 1897 ζητεί
2610 1855 2710 1903 τις,
2766 1833 3021 1905 ἕσκέψατο
3055 1851 3069 1901 ;
3106 1839 3235 1887 Λίαν
3269 1843 3511 1899 συνετῶς,
3564 1839 3649 1887 καὶ
3692 1837 3753 1897 ὡς
3778 1834 3853 1886 οὐκ

2292 1923 2455 1984 ἄλλως
2502 1923 2686 1999 ἐχρῆν.
2737 1920 2877 1977 Ούδε
2912 1925 3014 1998 γὰρ
3057 1923 3311 1996 ἠνέσχετο
3343 1928 3416 1996 μὴ
3470 1926 3702 1999 παραυτὰ
3744 1935 3855 1995 φιλο-

2294 2022 2525 2086 σοφῆσαι
2582 2013 2879 2087 τελεώτερον
2937 2032 2991 2065 τε
3032 2018 3122 2065 καὶ
3179 2013 3523 2086 ὑψηλότερον,
3592 2017 3676 2065 καὶ
3746 2010 3854 2064 ἄπο-

2294 2102 2503 2177 στέρξαι
2546 2106 2635 2175 μὲν
2687 2104 2755 2154 τὰ
2803 2098 2952 2175 τῇδε,
3015 2106 3135 2174 περὶ
3204 2099 3264 2154 δὲ
3316 2101 3563 2155 πλείστου
3612 2103 3673 2153 τὰ
3721 2100 3856 2152 ἐκεῖσε

2292 2194 2639 2249 ποιήσασθαι.
2681 2191 2880 2264 ’Λμέλει
2935 2210 3014 2243 τοι
3052 2195 3139 2242 καὶ
3192 2193 3319 2243 ὡσεὶ
3372 2191 3566 2253 τελείας
3616 2198 3739 2243 οὖσα
3779 2197 3854 2248 τῆς

2291 2280 2513 2347 ἡλικίας,
2580 2285 2671 2332 καὶ
2745 2283 2813 2342 ὡς
2873 2280 2942 2340 εἰς
3005 2281 3162 2352 οἱκρον
3228 2278 3515 2337 ἐληλακυῖα
3577 2284 3849 2353 φρονήσεως,

2291 2378 2385 2429 τῆς
2436 2369 2546 2422 κατ’
2614 2369 2794 2443 ἀρετὴν
2861 2372 3127 2427 συντονίας
3177 2367 3236 2419 ού
3294 2368 3610 2440 καθυφῆκεν,
3666 2365 3762 2418 ἀλλ’
3808 2364 3849 2417 ἐκ

2290 2468 2389 2511 τῶν
2443 2454 2897 2533 ἁρχοειδεστοίτων
2950 2455 3231 2532 ἀρξαμένη,
3260 2465 3364 2508 τῶν
3396 2455 3683 2530 ἀκροτάτων
3717 2459 3851 2529 μέχρι

2293 2548 2521 2621 ἀφίκετο,
2551 2545 2701 2600 οὐδὲν
2732 2544 2963 2607 ούδὸλως
2993 2542 3481 2618 παραποδισθεῖσα.
3541 2542 3666 2599 Οὐδ’
3708 2546 3732 2596 ὅ
3779 2547 3849 2595 καὶ

2291 2638 2513 2698 τελείους
2541 2639 2677 2689 κατὰ
2717 2639 2925 2711 καιρούς
2974 2634 3160 2708 ἔσφηλε
3205 2640 3329 2710 περὶ
3382 2637 3449 2687 τὰ
3478 2639 3610 2707 μέσα
3653 2655 3664 2667 -
3710 2636 3787 2685 καὶ
3824 2629 3850 2682 ἃ

2293 2725 2357 2785 δὴ
2409 2734 2517 2789 τοῖς
2573 2724 2774 2785 πολλοῖς
2807 2726 2932 2799 ὑπὲρ
2977 2727 3044 2776 τὰ
3082 2725 3220 2798 ἄκρα
3259 2729 3565 2796 νενόμισται
3619 2723 3847 2796 φθάσασα,

2290 2817 2467 2888 μεῖζόν
2524 2835 2575 2867 τι
2613 2819 2731 2890 περὶ
2782 2813 2967 2875 ἑαυτῆς
3030 2811 3330 2885 ἓφαντάσθη
3372 2833 3384 2846 ·
3438 2811 3561 2865 ἀλλά
3611 2813 3731 2864 κατὰ
3776 2813 3851 2866 τὴν

2223 2917 2262 2972 C
2293 2902 2611 2963 δεσποτικὴν
2666 2900 2759 2956 διὰ
2823 2906 3016 2963 παντὸς
3070 2907 3377 2975 προσταγὴν
3432 2901 3644 2977 ἀχρείαν
3701 2900 3851 2956 ἑαυτὴν

2294 2992 2486 3053 δούλην
2517 2992 2739 3066 ἐνόμιζε,
2781 2997 2870 3044 καί
2917 2994 2985 3053 ὡς
3042 2988 3192 3044 οὐδὲν
3240 2988 3491 3065 οὐδαμῶς
3545 2998 3639 3042 τῶν
3682 2987 3849 3061 ὀφειλο-

2291 3089 2451 3156 μένων
2506 3081 2840 3140 ἐκπλὴσασαν
2897 3079 3181 3140 ἐτοιλοὲνιζε⁸
3231 3082 3369 3132 κατά
3406 3099 3461 3133 τε
3507 3083 3599 3137 τὴν
3652 3084 3736 3129 τοῦ
3777 3094 3853 3148 μα-

2291 3179 2478 3247 καρίου
2524 3171 2729 3224 Παύλου
2790 3172 2927 3222 θείαν
2969 3173 3059 3221 καὶ
3117 3173 3401 3252 σωτήριον,
3456 3169 3730 3231 ὑποθήκην,
3766 3163 3851 3215 ἐπι-

2290 3263 2633 3334 λανθανομένη
2702 3268 2800 3312 τῶν
2881 3260 3111 3323 ὄπισθεν,
3170 3257 3555 3310 ἓπεκτείνεσθαι
3626 3262 3724 3316 τοῖς
3782 3256 3853 3324 ἔμ-

2290 3353 2512 3426 προσθεν
2564 3345 2833 3414 ἔσπενδεν,
2886 3346 3161 3422 ἐγκρατείᾳ
3219 3349 3277 3397 τὸ
3333 3354 3489 3419 σῶμα
3539 3348 3843 3418 μαραίνουσα,

2291 3439 2600 3513 ἀγρυπνίαις
2675 3433 3024 3498 ἀδιαλείπτως
3097 3436 3413 3509 ἐμμένουσα,
3485 3431 3721 3493 διηνεκεῖς
3773 3432 3847 3488 τὰς

2292 3533 2422 3604 πρὸς
2460 3533 2588 3582 Θεὸν
2670 3529 2933 3601 ἱκετηρίας
2984 3530 3287 3597 ποιουμένη,
3356 3530 3447 3578 καὶ
3498 3523 3585 3582 ὅλη
3640 3517 3847 3579 καθάπαξ

2286 3623 2527 3691 γινομένη
2559 3624 2649 3669 τοῦ
2683 3619 2994 3689 κρείττονος.

535 3717 697 3774 tilem
731 3732 746 3779 ;
778 3718 831 3769 et
870 3710 1053 3767 veluti
1092 3707 1237 3765 nihil
1282 3707 1530 3763 omnino
1559 3704 1727 3777 quod
1756 3704 1832 3760 ad
1864 3704 2196 3776 profectum
2231 3722 2411 3763 suum
2455 3708 2674 3761 faceret
2718 3703 3061 3776 peregisset,
3094 3702 3381 3759 miseram
3408 3717 3469 3758 se
3495 3705 3550 3757 et
3582 3699 3842 3756 bonorum

538 3819 790 3877 operum
810 3802 1051 3872 inopem
1077 3795 1393 3868 reputabat
1426 3813 1438 3862 ;
1463 3808 1747 3862 nec,non,
1774 3793 2106 3848 secundum
2129 3793 2393 3849 divinam
2418 3800 2476 3850 et
2498 3794 2823 3850 salutarem
2854 3791 3017 3847 Pauli
3034 3790 3528 3859 admonitionem,
3556 3802 3682 3859 quas
3718 3787 3844 3840 retro

539 3896 706 3948 erant
726 3888 1107 3955 obliviscens,
1141 3884 1219 3941 ad
1248 3882 1545 3940 anteriora
1594 3897 1655 3937 se
1690 3880 2047 3937 extendebat
2075 3899 2089 3949 ;
2123 3882 2604 3955 abstinentiaque
2635 3896 2853 3953 corpus
2886 3896 3064 3935 suum
3090 3894 3468 3945 emacerans,
3489 3883 3546 3933 et
3571 3884 3845 3947 nunquam

538 3997 658 4037 non
688 3978 903 4051 vigiliis
920 3992 981 4032 se
1008 3990 1312 4042 exercens,
1353 3977 1530 4044 atque
1562 3970 1844 4026 assiduas
1868 3973 1984 4025 Deo
2010 3972 2215 4042 preces
2231 3971 2508 4037 offerens,
2542 3971 2913 4026 continenter
2944 3967 3293 4041 proﬁciebat
3312 3967 3375 4023 in
3408 3966 3640 4022 melius.

607 4074 660 4126 6.
687 4068 777 4125 Ad
808 4071 995 4123 Deum
1024 4065 1202 4135 igitur
1234 4068 1288 4118 et
1312 4061 1518 4117 divina
1555 4060 1719 4132 quod
1765 4060 1988 4127 attinet,
2022 4061 2182 4116 dicta

526 4160 659 4231 jam
706 4158 935 4213 ratione
974 4160 1101 4210 erat
1125 4166 1380 4223 operosa
1418 4154 1597 4221 atque
1635 4148 1898 4204 assidua.
1933 4151 2081 4204 Cum
2110 4148 2179 4203 iis

534 4254 735 4305 autem
756 4244 1087 4314 virginibus
1114 4258 1248 4313 quae
1279 4241 1339 4295 in
1358 4239 1569 4295 eodem
1597 4238 1960 4293 monasterio
1998 4238 2180 4293 sacris

534 4354 672 4393 cum
696 4336 832 4408 ipsa
856 4328 1374 4388 exercitationibus
1402 4326 1715 4392 vacabant,
1750 4326 1902 4380 Deus
1931 4328 2177 4381 immor-

533 4427 665 4484 talis
694 4425 707 4479 ι
736 4440 859 4496 quo
882 4420 1064 4477 modo
1078 4435 1139 4473 se
1154 4416 1396 4487 gerebat
1407 4416 1568 4487 ?quo
1583 4415 1764 4470 modo
1779 4414 2177 4472 conversaba-

2362 4058 2430 4124 ς’.
2465 4059 2618 4113 Ἀλλὰ
2667 4062 2732 4111 τὰ
2782 4062 2871 4131 μὲν
2917 4060 3044 4130 πρὸς
3098 4059 3159 4109 τὸ
3211 4063 3364 4109 Θεῑον
3393 4056 3579 4107 καὶτὰ
3629 4054 3731 4105 οεία
3770 4047 3843 4099 οὗ·

2289 4169 2384 4209 τως
2436 4146 2496 4207 ἦν
2554 4148 2777 4223 ἐνεργὴς,
2839 4147 2999 4207 οὕτως
3051 4142 3112 4204 ἦν
3163 4147 3405 4206 σύντονος
3438 4146 3603 4215 ·πρός
3664 4136 3716 4192 δε
3768 4137 3844 4194 τὰς

2288 4242 2707 4309 συνασκουμένας
2758 4236 2886 4308 αὐτῇ
2950 4237 3208 4307 μοναχὰς,
3280 4234 3421 4293 ὅπως
3480 4228 3616 4303 εἶχεν
3670 4245 3683 4294 ;
3728 4227 3839 4284 ὅπως

2287 4322 2507 4379 διέκειτο
2540 4307 2721 4401 ,Ἀρά
2749 4344 2809 4396 γε
2946 4332 3039 4375 τοῦ
3089 4324 3435 4395 ὑπερέχοντος
3490 4319 3657 4392 ὡμῖλει
3706 4333 3718 4381 ;
3758 4307 3839 4384 ἆρά

2283 4435 2344 4487 γε
2372 4417 2644 4490 ύπερετίθη
2704 4422 2843 4487 σφῶν
2890 4416 2937 4464 ἔν
2993 4432 3133 4465 τισιν
3181 4412 3368 4469 ἑαυῖήν
3411 4430 3427 4479 ς
3479 4412 3720 4479 Οὔμενουν
3761 4399 3834 4452 οὐ-

533 4521 628 4571 tur
656 4514 684 4569 ‘i’
713 4528 835 4585 quo
849 4510 1032 4566 modo
1042 4508 1302 4579 reliquas
1317 4520 1549 4561 ommes
1567 4504 1641 4559 de
1655 4520 1767 4559 sua
1778 4504 2177 4575 spiritualium

2287 4477 2483 4578 θαμῶς;
2539 4504 2623 4564 Ὠς
2678 4477 2776 4577 γάρ
2825 4522 2901 4562 τις
2950 4500 3162 4573 ἀμελὴς,
3218 4502 3289 4560 ὡς
3344 4477 3443 4551 τῶν
3497 4477 3834 4566 ἐπηγγελμένων

531 4603 832 4659 donorum
871 4597 1044 4669 copia
1072 4592 1363 4651 reddebat
1390 4590 1701 4664 participes
1730 4595 1759 4646 ?
1780 4591 2028 4662 Insuper
2054 4591 2179 4649 illa-

530 4709 665 4749 rum
685 4687 957 4764 pluribus
982 4681 1246 4741 habebat
1276 4697 1340 4737 se
1365 4678 1703 4735 inferiorem
1737 4695 1749 4746 ;
1780 4694 1976 4751 neque
2000 4681 2059 4735 id
2087 4697 2176 4737 so-

528 4782 675 4853 lum,
710 4778 816 4836 sed
844 4774 1018 4850 quasi
1047 4787 1249 4829 rerum
1268 4770 1569 4826 bonarum
1594 4768 1844 4839 incuria,
1876 4773 1932 4823 et
1955 4768 2033 4824 ad
2052 4786 2178 4825 om-

527 4871 628 4927 nia
684 4870 835 4927 foret
878 4864 1122 4929 inutilis,
1173 4862 1516 4919 divinorum
1570 4857 1995 4913 mandatorum
2049 4856 2177 4911 nul-

527 4959 655 5014 lum
686 4974 807 5014 non
837 4954 1179 5026 negligeret,
1204 4967 1341 5008 cum
1371 4949 1633 5020 ingenuo
1662 4946 1919 5019 quodam
1947 4945 2176 5017 pudore

527 5048 682 5103 ultro
712 5045 1037 5102 accedebat
1066 5042 1401 5103 universas,
1432 5042 1749 5112 propterea
1777 5037 2012 5108 quodin
2038 5052 2175 5092 san«

528 5141 635 5192 ctae
665 5150 803 5191 cum
827 5136 945 5189 Deo
965 5129 1433 5189 conversationis
1454 5126 1651 5183 studio
1695 5125 1773 5182 ab
1803 5125 2086 5181 omnibus
2112 5142 2176 5180 se

597 5332 673 5400 (t)
705 5331 759 5385 S.
789 5326 1106 5400 Anastasia
1136 5327 1539 5400 cognomento
1589 5320 2005 5400 φαρμακρλίτρια
2031 5320 2173 5376 coli-

526 5393 623 5459 tur
650 5393 765 5457 hoc
794 5398 1037 5454 nomine
1071 5412 1106 5453 a
1152 5395 1364 5451 Grmcis
1409 5399 1477 5448 22
1510 5393 1869 5449 Decembris.
1916 5393 2061 5461 quae
2094 5408 2173 5448 an

524 5469 951 5546 distinguenda
999 5468 1071 5546 sit
1098 5481 1163 5546 ua
1214 5468 1483 5546 Romana
1506 5538 1514 5546 ι
1540 5466 1736 5546 istius.
1756 5463 2173 5546 appellationis

528 5534 935 5611 Probivuxore,
966 5536 1348 5596 nobilissima
1368 5538 1627 5611 marty_re
1649 5534 1761 5611 sub
1787 5534 2170 5611 Diocletiano,

525 5615 889 5685 videbimus,
915 5605 1104 5669 sinon
1132 5611 1293 5680 ante,
1310 5612 1466 5665 certe
1490 5605 1571 5665 ad
1590 5610 1659 5664 25
1674 5605 2015 5678 Decembris
2063 5608 2172 5683 Cof

2286 4593 2617 4667 ἐκπληροῦσα
2653 4588 2839 4664 μηδὲν,
2882 4590 2989 4663 μετ’
3036 4586 3217 4649 αἰδοῦς
3260 4588 3475 4649 ἁπάσας
3510 4586 3733 4659 προσῄει,
3768 4578 3833 4628 ὅτε

2287 4677 2482 4738 δήποτε
2534 4688 2633 4732 τῶν
2690 4683 2822 4755 πρὸς
2859 4681 2988 4731 Θεὸν
3050 4676 3316 4739 ἐντεύξεων
3358 4672 3454 4747 ἦγε
3506 4671 3711 4744 σχολὴν,
3761 4666 3833 4716 καί

2286 4772 2457 4830 πάσας
2513 4770 2700 4831 ἑαυτῆς
2756 4770 3051 4841 ὑπερφέρειν
3110 4768 3304 4837 ἠγεῖτο,
3352 4769 3443 4816 καὶ
3511 4756 3829 4830 ηύδαιμόνιξει

2283 4861 2352 4908 Τὸ
2394 4861 2449 4909 τξ
2505 4858 2702 4930 μεῖζον,
2747 4856 2881 4908 οὕτω
2939 4862 3219 4929 φρονοῦσα,
3278 4853 3413 4905 οὕτω
3471 4845 3831 4919 δεαλογιζθμένν

2283 4951 2399 5021 περὶ
2428 4956 2527 4999 τῶν
2568 4943 2818 5017 ἀδελφῶν,
2876 4941 3000 4997 οὐδὲ
3046 4949 3143 5016 μιᾷ
3194 4945 3385 4995 τούτων
3432 4938 3687 5013 ἔφρόνησε,
3735 4929 3834 5002 πρὸς

2284 5017 2531 5108 οὐδεμίαν
2598 5034 2980 5096 ἐξηλοτύπησεν
3035 5053 3047 5065 ο
3100 5030 3205 5084 ἀλλ’
3278 5032 3453 5101 ἠγάπα
3528 5027 3691 5083 πάσας
3764 5017 3834 5066 καὶ

2283 5128 2490 5199 ἔστεργε
2546 5144 2559 5157 ’
2599 5128 2689 5175 καὶ
2755 5122 2927 5197 ὥσπερ
2986 5140 3062 5181 τις
3114 5118 3429 5192 ἁρτιπαγης,
3488 5119 3554 5176 ὡς
3594 5121 3675 5170 τῆς
3725 5102 3834 5158 κατά

2282 5319 2460 5375 dinus
2475 5320 2545 5375 de
2564 5318 2907 5390 Originibus
2919 5317 2999 5373 ait
3014 5315 3306 5390 templum
3321 5314 3395 5390 illi
3420 5309 3829 5390 aediﬁcatum?

2282 5392 2342 5446 in
2371 5391 2523 5455 loco,
2559 5382 2883 5446 ubi't'uerat
2917 5382 3478 5458 domus'cujusdam
3499 5382 3729 5456 patricii.
3753 5382 3830 5458 φρ·

2282 5478 2543 5533 gnomen
2550 5467 2608 5519 to
2624 5460 2938 5517 Pharmaci
2955 5477 2967 5515 :
2983 5476 3119 5532 qua:
3133 5454 3295 5533 ausit
3316 5456 3508 5529 prima
3520 5454 3737 5533 occasio
3739 5454 3826 5533 99-

2322 5534 2601 5600 nominis,
2617 5537 2721 5590 aut
2731 5533 2929 5602 ipsam
2942 5523 3504 5602 contrapharinaca,
3517 5523 3575 5579 id
3586 5523 3823 5579 estvener

2323 5604 2434 5677 cia,
2458 5597 2804 5676 invocandi,
2830 5603 2981 5660 alias
3011 5597 3197 5675 quaeri
3221 5597 3450 5673 poterit.

2302 5605 2314 5619 ι
