2042 3103
123 131 177 159 901

794 135 830 165 IN
850 132 878 166 S.
898 131 1135 168 τΗΕοοοειΑΠ.

1751 137 1805 173 ῦοὲ

125 193 192 219 Θεὸν
220 195 328 230 πορείας
359 193 455 227 ἀὴθης,
480 194 567 224 ἐζήτει
598 196 660 232 παρ’
688 196 800 228 ἑκάστης
838 197 927 229 ποδη-

987 201 1119 237 superari
1135 201 1345 235 arbitrabatur,
1359 201 1500 230 miseram
1521 210 1585 231 sese
1606 204 1636 230 et
1657 203 1806 232 infelicem

124 238 242 272 νεῖσθαι,
271 240 316 263 καὶ
340 239 406 275 πρὸς
431 237 524 275 ἀρετὴν
554 240 614 276 παρ’
650 240 748 277 ἑκάστῃ
784 242 926 271 ἰθύνεσθαι.

126 281 205 307 Οὕτω
229 291 257 308 τε
281 286 383 318 πνεῦμα
406 286 630 319 τεταπεινωμένον,
655 287 699 311 καὶ
726 284 839 322 καρδίαν
869 297 929 314 συν-

125 328 297 362 τετριμμένην
329 326 460 361 ίκέκτητο,
491 328 508 353 ἃ
542 331 577 363 μὴ
610 328 756 360 ἐξονθενοῦν
782 333 825 357 τὸν
864 334 929 358 Θεὸν

127 370 220 405 φθάνει
238 374 444 408 μεμαρτυρηκὼς
458 373 470 397 ὁ
486 371 578 399 Δαυίδ.

982 244 1147 281 appellans.
1160 246 1306 282 Quodque
1316 245 1404 281 longe
1420 249 1466 274 est
1479 247 1591 282 majus,
1603 255 1673 275 cum
1683 249 1768 276 tanta
1779 247 1807 276 ei

982 289 1094 317 inesset
1108 289 1279 326 prudentia,
1296 292 1418 326 tamque
1430 291 1574 326 praeclara
1589 291 1698 327 agendi
1720 292 1805 326 ratio,

982 333 1057 361 inter
1070 334 1206 369 ejusdem
1226 334 1413 362 contubernii
1432 335 1562 369 sodales,
1580 335 1662 363 nulla
1676 336 1807 364 elatioris

982 377 1073 405 animi
1087 378 1195 420 edebat
1209 379 1304 414 signa,
1319 379 1434 406 nullam
1452 387 1575 407 suarum
1591 380 1741 410 sodalium
1762 381 1807 408 in-

126 413 211 442 vidia
225 416 475 461 prosequebatur,
492 417 544 444 sed
559 425 661 445 amore
676 421 799 447 cunctas
820 422 848 448 et
862 420 1068 450 benevolentia
1094 413 1349 458 complectebatur
1373 423 1526 458 singulari.
1547 425 1611 452 Non
1626 424 1711 452 aliter
1729 433 1806 461 quo-

127 466 188 494 que
204 466 297 494 quam
310 459 335 486 si
349 460 380 487 in
391 460 496 488 divino
508 461 654 498 obsequio
669 463 770 491 fuisset
781 464 901 498 novitia,
917 467 946 492 et
956 466 1090 494 methodi
1111 467 1150 494 ad
1169 467 1262 494 Deum
1282 468 1547 503 appropinquandi
1562 469 1669 503 ignara
1690 459 1749 497 aut
1762 469 1806 497 in-

126 505 226 537 sueta,
239 511 257 530 a
270 503 397 538 singulis
412 505 533 540 petebat
545 506 661 539 instrui,
677 510 704 535 et
723 508 753 535 in
769 511 881 536 rectam
897 509 1011 537 virtutis
1027 510 1176 546 semitam,
1191 511 1215 538 si
1229 511 1303 539 forte
1326 511 1465 539 aberrare
1490 512 1675 548 contingeret
1692 513 1806 541 reduci.

127 547 172 574 Ita
189 547 333 593 spiritum,
352 549 419 584 ipsa
434 549 565 577 habebat
579 550 783 585 humiliatum,
798 555 827 580 et
841 561 894 581 cor
907 554 1077 586 contritum,
1094 563 1162 591 quin
1189 555 1251 584 duo
1274 556 1427 592 despicere
1443 557 1519 584 Deus
1533 547 1709 593 nequaqum
1721 557 1806 593 solet,

125 592 390 627 quemadmodum
404 597 526 622 sanctus
541 597 666 623 testatur
676 596 777 624 David.

164 643 196 674 ζ’.
224 645 324 680 Ἀμέλει
345 655 386 672 τοι
412 650 448 681 τῷ
476 648 576 683 θυμικῷ
602 648 711 683 ἔχουσί
734 648 770 685 ἐφ’
803 650 848 676 οὐκ
880 654 925 681 τῆς

124 688 222 724 ψυχῆς
246 690 344 727 ὅτῳπερ
369 690 400 716 ἂν
426 694 572 727 χρήσαιτο,
597 693 652 719 ὅλον
679 695 746 719 κατὰ
770 698 815 720 τοῦ
841 694 925 731 ἀρχε-

124 734 210 759 κάκοιο
235 736 279 760 τόν
313 735 393 771 θυμὸν
416 735 500 771 ἐξέχεε
533 740 643 767 σατανᾶ,
683 738 813 775 πόρρωθεν
850 739 926 765 αὐτὸν

126 776 306 813 ἀπερύκουσα,
329 778 459 816 ποῤῥωθεν
485 779 661 813 ἐκδιώκουσα,
689 785 733 808 καὶ
758 785 794 818 μὴ
838 793 925 820 παρα-

126 826 258 857 χωροῦσα
274 824 303 848 τὸ
327 825 450 860 παράπαν
476 827 663 861 προσεγγίσάι,
697 825 773 863 μηδ’,
802 828 815 854 ὅ
838 838 926 864 φασιν⁷

128 865 156 896 ἕξ
178 865 340 903 ἀγχωμάλου
369 868 573 904 συμπλέκεσθαι.
603 870 640 896 Οὐ
669 861 719 908 γάρ
749 872 790 897 ὅτι
812 861 846 907 ’γε’
866 861 929 909 πρὸς
945 861 964 887 Β

129 909 222 946 βολαῖς
241 910 416 948 ἀκροϐολίζειν
445 913 492 939 οὐκ
516 913 634 940 ἐνεδίδου
656 917 699 941 τὸν
729 916 928 952 πολυμήχανον,

129 952 238 986 οὖδέἰς
249 956 333 985 πάλην
359 956 422 988 ὅλως
449 956 514 983 ἀνίει
540 963 636 995 χωρεῖν
655 961 700 985 καὶ
725 959 926 996 ξυμπλέκεσθαι·

131 998 186 1025 ἀλλ’
204 1000 231 1026 εὖ
246 1000 315 1036 μάλα
339 1001 469 1038 πόρῥωθεν
493 1000 571 1039 εἶργε,
601 1005 646 1028 καὶ
677 1005 740 1030 ὡσεί
765 1014 804 1034 τις
825 1003 930 1041 ἄριστος

130 1045 291 1080 στρατηγὸς,
319 1046 381 1071 ὡσεί
412 1055 453 1076 τις
479 1044 564 1077 δεξιὸς
593 1046 797 1083 ἀνταγωνιστὴς,
821 1048 848 1074 ἐκ
880 1054 930 1075 τῶν

130 1087 272 1115 ἀπωτάτων
292 1090 485 1125 κπηγωνὶζετο
514 1092 657 1126 φθάνουσα.
682 1091 783 1121 Μηδενί
809 1091 930 1129 δ’ἁσχο-

127 1132 239 1168 λουμένῃ
267 1137 316 1159 τῶν
348 1133 475 1168 ἐνταυθοῖ,
502 1133 612 1171 μηδενὸς
639 1136 841 1173 ἐπιστρεφομένη
880 1141 930 1163 τῶν

131 1179 236 1213 κόσμου
268 1182 392 1214 τερπνῶν,
433 1179 490 1205 ὅλον
529 1181 559 1205 τὸ
597 1180 784 1216 ἐπιθυμητικὸν
823 1183 931 1208 ἀνέτεινε

129 1223 197 1258 πρὸς
208 1223 281 1253 Θεὸν,
298 1225 343 1249 καὶ
357 1227 404 1254 τῆς
417 1223 497 1250 αὐτοῦ
521 1234 653 1261 κατακρας
681 1225 785 1261 ἀγάπης
812 1226 929 1260 ἑάλωκεν,

130 1265 177 1302 ὅλῃ
195 1270 261 1292 Θεοῦ
274 1269 319 1293 καὶ
338 1271 388 1293 τῶν
418 1269 490 1294 θείων
511 1270 657 1305 ἱμειρομένη
680 1269 769 1306 ψυχῇ.
786 1270 876 1302 Οὕτως
904 1270 931 1296 ἐκ

131 1313 248 1346 πρώτης,
264 1312 277 1337 ὃ
291 1321 378 1347 φασιν,
396 1313 410 1341 ἡ
425 1315 649 1350 μακαρίατριχὸς,
664 1316 739 1340 πᾶσα
753 1316 798 1351 μὲν
807 1317 852 1341 καὶ
863 1314 932 1341 ἐντο-

132 1352 180 1381 λὴν
194 1352 305 1391 ἐπλήρου
321 1358 491 1389 Δεσποτικὴν,
508 1358 589 1393 μέχρι
606 1360 711 1395 κεραίας
725 1361 769 1384 καὶ
785 1359 836 1389 ἰνὸς
857 1359 930 1393 ἰῶτα,

132 1398 168 1422 τὰ
181 1401 228 1423 τοῦ
242 1399 310 1424 θείου
325 1402 405 1436 νόμου
419 1400 562 1436 φυλάττειν,
577 1403 610 1432 ὡς
625 1402 701 1432 αὐτὸς
716 1403 832 1435 ὑπέθετο,
855 1405 933 1429 σπεὺ-

135 1439 232 1468 δουσα·
242 1443 320 1469 Ἀλλὰ
331 1446 361 1470 τὸ
373 1445 473 1480 μεῖζον,
488 1444 551 1471 ἀλλὰ
558 1448 586 1472 τὸ
593 1449 726 1482 μέγιστον,
739 1447 801 1482 ἐρῶν
807 1449 930 1485 ἔρχομαι.

1017 643 1044 670 ’1.
1062 644 1188 672 Omnem
1203 645 1297 672 animi
1310 645 1422 673 fastum
1436 647 1464 673 et
1479 648 1594 674 motum
1607 647 1807 675 vehementio-

984 695 1047 715 rem
1062 688 1150 724 plane
1165 692 1297 722 exuerat,
1310 697 1379 716 cum
1393 689 1466 717 nihil
1480 690 1628 719 accideret
1641 692 1724 727 quod
1747 692 1806 720 vir-

985 732 1084 766 ginem
1099 736 1235 761 sanctam
1250 733 1289 761 ad
1304 733 1491 761 iracundiam
1507 737 1608 770 posset
1630 743 1805 771 provocare;

984 776 1057 804 illud
1073 777 1172 805 solum
1187 778 1349 805 retinuerat
1360 778 1413 805 zeli
1435 779 1462 805 et
1486 778 1694 814 animositatis,
1724 780 1808 816 quod

984 823 1013 850 in
1027 822 1197 850 daemonem
1222 822 1375 849 eﬂuudere
1404 829 1465 850 non
1492 822 1556 850 sine
1585 824 1679 857 gloria
1707 826 1809 860 posset

985 867 1083 901 Longe
1098 866 1186 901 igitur
1205 866 1288 894 illum
1302 874 1320 894 a
1333 874 1363 893 se
1385 866 1515 900 abigere,
1530 866 1620 903 longe
1643 868 1808 903 fugientem

983 911 1132 947 persequi,
1146 919 1245 947 neque
1259 911 1394 939 ommino
1407 912 1682 948 appropinquandi,
1695 915 1748 941 aut
1771 921 1808 941 ex

984 963 1082 992 aequo,
1089 956 1170 992 quod
1177 956 1271 991 aiunt,
1279 955 1493 991 congrediendi
1506 964 1608 984 secum
1619 957 1808 986 occasionem

984 1000 1163 1036 permittere.
1180 1001 1243 1028 Non
1272 1000 1352 1027 enim
1379 999 1527 1028 adversus
1554 1000 1631 1028 hosti
1656 1001 1808 1030 vaferrimi

984 1045 1113 1079 impetus
1132 1044 1178 1071 vel
1193 1044 1310 1071 eminus
1335 1052 1406 1072 suas
1428 1044 1555 1080 experiri
1574 1044 1696 1073 volebat
1718 1046 1806 1082 vires,

984 1096 1039 1116 nec
1053 1089 1083 1116 in
1098 1088 1269 1125 palaestram
1284 1088 1408 1116 omnino
1431 1088 1598 1116 sustinebat
1625 1089 1807 1118 descendere

984 1136 1013 1160 et
1030 1133 1168 1160 cominus
1188 1141 1257 1161 cum
1272 1141 1307 1160 eo
1322 1133 1474 1168 congredi,
1496 1133 1546 1160 sed
1576 1133 1692 1161 meliori
1719 1134 1808 1170 longe

985 1177 1109 1206 consilio
1124 1177 1228 1213 procul
1243 1177 1326 1205 illum
1340 1185 1358 1205 a
1368 1185 1399 1204 se
1408 1177 1518 1212 jubens
1543 1177 1699 1212 facessere,
1727 1186 1810 1214 egre-

985 1223 1024 1257 gii
1041 1230 1162 1258 prorsus
1182 1221 1277 1250 militis
1305 1224 1333 1249 et
1353 1221 1550 1256 antagonistaa
1576 1224 1677 1258 partes
1702 1230 1809 1251 omnes

985 1267 1139 1303 implebat,
1159 1266 1232 1294 dum
1249 1274 1264 1293 e
1279 1265 1445 1302 longinquo
1460 1268 1489 1293 et
1503 1267 1590 1302 quasi
1608 1267 1726 1302 fugiens
1750 1267 1809 1295 ini-

985 1312 1097 1340 micum
1110 1318 1198 1337 suum
1214 1312 1300 1338 caute
1315 1310 1479 1345 impeteret.
1491 1310 1567 1338 Nulli
1581 1319 1686 1339 earum
1707 1319 1809 1340 rerum

984 1363 1061 1393 quas
1083 1354 1131 1382 hic
1155 1354 1300 1382 miramur
1327 1354 1452 1388 intenta,
1481 1354 1570 1382 nullis
1593 1356 1698 1383 mundi
1717 1356 1809 1392 hujus

985 1399 1189 1435 voluptatibus
1203 1398 1323 1432 irretita,
1333 1399 1436 1427 omnia
1448 1407 1504 1427 sua
1518 1402 1588 1427 vota
1599 1399 1809 1437 desiderioque

986 1445 1016 1473 in
1032 1452 1125 1472 unum
1143 1445 1235 1470 Deum
1254 1443 1384 1478 deﬁgere
1402 1443 1456 1470 fuit
1486 1444 1572 1471 solita
1588 1454 1594 1471 :
1610 1444 1689 1472 illius
1719 1446 1809 1473 unius

134 1486 311 1522 capiebatur
330 1496 442 1523 amore,
459 1491 518 1517 toto
538 1490 640 1518 animo
654 1491 706 1518 diu
720 1494 869 1527 noctuque
885 1493 944 1519 Deo
960 1498 996 1518 ac
1016 1488 1106 1516 rebus
1123 1487 1230 1514 divinis
1245 1486 1412 1514 intendens.
1431 1489 1471 1514 lta
1486 1487 1599 1522 primis,
1614 1488 1698 1523 quod
1715 1488 1808 1523 aiunt,

136 1531 306 1565 unguiculis
322 1532 406 1567 virgo
421 1534 477 1561 ista
490 1533 666 1562 beatissima
686 1537 901 1571 prmscriptasa
916 1537 973 1562 Deo
988 1531 1161 1561 hominibus
1178 1531 1294 1559 vivendi
1306 1531 1386 1565 leges
1401 1530 1545 1566 implebat
1560 1539 1675 1563 omnes,
1690 1532 1721 1559 id
1733 1532 1811 1561 solli-

134 1575 189 1602 cite
202 1583 323 1610 curans,
336 1580 368 1604 ut
382 1585 419 1605 ne
436 1580 580 1613 punctum
594 1579 717 1614 quidem
733 1588 827 1607 unum
845 1587 959 1607 unusve
982 1585 1060 1614 apex
1078 1575 1188 1604 divina
1202 1575 1276 1610 legis
1294 1575 1460 1602 custoditus
1473 1574 1649 1609 elaberetur,
1664 1577 1811 1611 quemad«

133 1619 259 1647 modum
275 1621 403 1656 ipsemet
422 1622 565 1650 Dominus
580 1623 609 1650 id
625 1623 796 1651 faciendum
812 1623 971 1651 constituit.
983 1621 1043 1650 Sed
1056 1628 1137 1648 nunc
1149 1620 1249 1655 majus
1268 1619 1426 1656 quiddam,
1437 1618 1499 1647 imo
1513 1619 1692 1655 maximum,
1707 1628 1812 1656 aggre-

132 1663 200 1692 dior
213 1664 325 1693 dicere.

891 1738 1004 1767 CAPUT
1024 1736 1055 1765 ll.

186 1807 243 1834 Leo
259 1806 421 1841 Isauricus,
437 1809 582 1843 imagines
592 1808 771 1844 aboliturus,
786 1807 979 1870 Gymnaséum
989 1806 1142 1869 malit-um
1158 1813 1224 1833 cum
1237 1806 1389 1841 magistris
1407 1805 1464 1834 sibi
1477 1806 1701 1836 adversantibus
1714 1808 1759 1837 in-

861 1851 914 1870 cen
937 1850 966 1870 to
980 1849 1034 1870 per
1055 1850 1064 1870 ι
1081 1863 1088 1868 .
1194 1851 1196 1854 ·

861 1849 966 1871 cenato
979 1849 1088 1877 ρεναιι.
1194 1851 1196 1854 “

173 1903 206 1933 η’.
234 1903 283 1930 Ἦν
310 1905 355 1941 μὶν
379 1905 460 1936 οὕτως
484 1906 498 1934 ἠ
529 1908 649 1943 μακαρία
675 1904 807 1941 διάγουσαι
840 1905 933 1943 ἀρετῆς

1024 1905 1050 1931 8.
1067 1904 1147 1931 Hanc
1166 1902 1399 1939 pulcherrimam
1417 1911 1488 1931 sane
1519 1904 1635 1933 vivendi
1663 1906 1811 1935 rationem

141 1948 324 1985 ἐπιμελομένη,
345 1948 439 1978 ἑαυτὴν
463 1953 494 1979 τῆ
516 1954 580 1987 μονῇ
604 1950 801 1987 περικλεὶουσα,
824 1952 869 1976 καὶ
887 1959 934 1985 μο-

138 2004 172 2030 νῳ
198 1997 255 2027 Θεῷ
280 1990 326 2018 διὰ
351 1995 446 2025 παντὸς
470 1996 684 2031 προσανέχουσα,
713 1994 779 2020 Ἀλλ’
816 1994 861 2024 ἓως
903 1995 936 2020 τὰ

138 2037 199 2062 καθ’
214 2037 282 2073 ἡμᾶς
296 2035 352 2073 εἶχε
367 2037 457 2070 καλῶς,
476 2041 521 2064 καὶ
533 2041 592 2076 περὶ
612 2043 678 2065 Θεοῦ
709 2041 753 2065 καὶ
782 2043 831 2064 τῶν
862 2039 935 2064 θείων

139 2085 288 2120 φρονοῦντες
317 2080 379 2118 ἦμεν
409 2082 483 2119 ὀρθὰ,
511 2084 541 2109 τὸ
567 2083 600 2114 εἰς
631 2083 802 2120 κληρονομίαν
832 2081 935 2109 ἰδιωθὲν

139 2126 211 2161 αὐτῷ
228 2129 384 2162 σχοὶνισμα,
401 2128 413 2152 ὁ
437 2129 489 2157 νέος
516 2127 632 2165 Ἰσραὴλ,
663 2129 675 2154 ὁ
700 2129 849 2165 περιούσιος
874 2127 936 2158 λαὸς

138 2173 185 2196 καὶ
204 2170 342 2207 ἕξαίρετος.
370 2171 439 2197 Ἐπεὶ
472 2169 498 2197 δ’
531 2172 544 2198 ὁ
572 2172 666 2198 ἄνωθεν
692 2172 842 2209 βασκαίνων
872 2173 935 2209 ἡμῖν

136 2214 246 2246 πολλαῖς
275 2215 396 2245 πολλάκις
422 2216 480 2241 καθ’
515 2217 587 2252 ἡμῶν
628 2216 762 2253 ἐχρήσατο
800 2220 936 2252 μηχαναῖς

139 2257 227 2292 (οὐδὲν
241 2258 333 2286 δ’ὃτι
357 2262 402 2286 καὶ
430 2260 530 2296 ἣνυσε),
556 2260 692 2287 κάντεῦθεν
717 2261 864 2298 ἐξηπορήοη
890 2263 935 2288 καὶ

138 2305 310 2340 ὴμηχάνησε,
340 2305 425 2330 πάντα
445 2306 500 2341 μεν,
532 2306 545 2330 ό
578 2315 652 2341 φασι,
690 2306 772 2332 κάλων
814 2308 934 2338 κινήσας,

137 2349 207 2374 κατὰ
235 2351 282 2379 τῆς
311 2347 467 2380 ’Βικλησίας
499 2352 577 2383 Θεοῦ,
618 2348 701 2386 μηδὲν
744 2348 769 2376 δ’
807 2349 936 2380 ἐκπλῆσαι

139 2390 262 2423 δυνηθείς
277 2396 326 2418 τῶν
336 2395 402 2430 πρὸς
417 2392 555 2429 βούλησιν,
570 2393 633 2420 ἀλλὰ
657 2397 700 2420 καὶ
726 2394 823 2421 πλατὺν
857 2394 935 2431 ὀφλή-

139 2446 188 2467 σας
214 2437 370 2472 κατάγελων,
397 2437 460 2468 ὅλως
492 2437 573 2473 ἐαυτῷ
600 2441 696 2474 γίνεται
721 2442 765 2465 καὶ
789 2441 936 2475 καινότερον

137 2491 164 2507 τι
185 2482 350 2517 τεχνάζεται.
385 2482 422 2508 Ou’
450 2483 501 2519 γάρ
526 2492 551 2508 τι
578 2487 628 2508 τῶν
656 2484 728 2509 θείων
752 2488 936 2521 παραποιῆσαι

139 2524 278 2561 δογμάτων
302 2525 412 2563 ἐπαίρει·
442 2524 488 2552 διὰ
518 2528 568 2563 γάρ
613 2529 713 2553 πάντων
751 2527 934 2566 ἐπιχειρήσας,

988 1947 1109 1976 tenebat
1129 1947 1303 1982 Theodosia,
1336 1947 1451 1975 virtutis
1489 1948 1588 1976 studio
1625 1950 1811 1978 continenter

989 1991 1158 2025 intendens,
1178 1991 1325 2026 virginem
1354 1999 1507 2020 sacrarum
1534 1992 1672 2020 ccenobio
1695 1993 1809 2028 clausa,

990 2039 1018 2064 et
1029 2039 1127 2064 mente
1138 2036 1168 2063 in
1185 2037 1277 2063 Deum
1298 2043 1417 2071 semper
1438 2038 1545 2063 erecta.
1568 2037 1677 2064 Notum
1709 2039 1812 2066 autem

990 2083 1042 2116 est,
1058 2079 1213 2116 quomodo
1229 2088 1298 2107 cum
1313 2079 1415 2107 omnia.
1425 2081 1527 2108 nostra
1541 2080 1623 2108 salva
1636 2081 1736 2109 adhuc
1744 2090 1810 2111 esse

990 2128 1018 2154 et
1037 2125 1208 2159 incolumia,
1225 2127 1254 2152 et
1270 2124 1307 2152 de
1336 2125 1394 2152 Deo
1422 2124 1589 2161 divinisque
1612 2125 1704 2154 rebus
1732 2129 1812 2156 recte

990 2178 1096 2198 omnes
1119 2169 1306 2202 sentiremus,
1333 2176 1452 2196 eramus
1482 2169 1613 2205 populus
1636 2170 1762 2199 eximius
1783 2174 1813 2200 et

989 2215 1110 2250 electus,
1128 2213 1180 2250 qui
1193 2213 1273 2241 velut
1286 2221 1381 2241 novus
1393 2212 1489 2246 Israel,
1511 2214 1567 2249 ipsi
1595 2215 1714 2250 proprie
1735 2216 1812 2244 obti-

990 2257 1483 2295 gimusinfuniculumhaareditatis
1503 2265 1574 2285 suae.
1593 2260 1628 2286 At
1646 2262 1811 2296 postquam

990 2311 1005 2331 e
1015 2303 1091 2331 ccelo
1101 2302 1205 2339 pulsus
1224 2301 1371 2338 superbiae
1384 2302 1504 2338 spiritus
1519 2310 1606 2330 suam
1628 2302 1658 2330 in
1673 2303 1813 2333 homines

989 2348 1134 2376 invidiam
1153 2347 1183 2374 in
1202 2349 1339 2382 apertum
1362 2346 1450 2382 coepit
1482 2346 1624 2383 proferre,
1652 2347 1752 2376 multis
1776 2356 1812 2377 ac

990 2392 1081 2420 variis
1096 2391 1265 2428 frequenter
1280 2390 1428 2418 machinis
1444 2390 1560 2418 animas
1573 2393 1692 2418 nostros
1715 2399 1814 2428 oppu-

991 2445 1082 2473 gnare
1098 2438 1142 2463 est
1160 2443 1334 2472 aggressus.
1350 2435 1612 2463 Utveroadversus
1620 2434 1685 2463 illos
1701 2443 1811 2472 parum

989 2481 1091 2514 valuit,
1104 2483 1132 2508 et
1147 2480 1203 2508 hac
1222 2488 1258 2507 ex
1273 2482 1355 2515 parte
1372 2477 1544 2515 proﬁciendi
1555 2478 1711 2514 quidpiam
1726 2488 1813 2517 spem

991 2533 1112 2554 omnem
1128 2525 1346 2559 machinasque
1357 2523 1464 2559 abjecit
1479 2522 1605 2558 inutiles,
1624 2523 1683 2552 alia
1704 2524 1813 2554 deinde

139 2567 188 2595 διὰ
198 2570 300 2596 πάντων
329 2573 374 2596 καὶ
401 2570 620 2608 ἁποκέκρουσται·
646 2574 677 2597 Τί
702 2572 745 2597 οὖν
760 2572 773 2598 ὃ
789 2576 933 2609 σκαιωρεῖς

990 2570 1103 2599 ratione
1113 2569 1217 2597 omnia
1242 2568 1400 2604 susdeque,
1422 2570 1453 2595 ut
1471 2567 1609 2601 dicimus,
1638 2570 1761 2604 vertere,
1785 2572 1815 2599 et

138 2615 165 2639 τί
195 2617 350 2650 μηχανᾶται
376 2616 388 2641 ὁ
418 2615 617 2651 πολυμήχανοςς
646 2618 696 2646 Τὰς
729 2617 795 2647 θείας
826 2617 935 2651 εἰκόνας,

138 2659 173 2683 τὰ
199 2659 254 2695 ἱερά
281 2661 327 2684 καὶ
355 2660 491 2685 πάνσεπτα
516 2659 699 2696 ἐκτυπώματα,
729 2659 757 2686 ἐκ
786 2663 877 2697 μέσου,
903 2663 938 2693 ὡς

140 2703 237 2733 ἱκανοῖς
256 2703 331 2729 ταῦτ’
354 2703 491 2740 ἐνεργῆσαι
523 2702 655 2740 διέγνωκε,
686 2705 851 2734 ποιήσασθαι
874 2704 938 2732 ὐπο-

139 2747 249 2773 τιθεται·
268 2749 313 2773 καὶ
328 2748 342 2776 ἠ
360 2749 491 2779 ὑποθήκη,
507 2750 536 2774 τὸ
564 2746 668 2782 δοκοῦν,
698 2747 782 2783 δεξιὰ,
813 2747 887 2781 δεξιά
913 2748 938 2776 δ’

139 2791 232 2817 ὁποίαν
252 2790 374 2818 ἐκκλίνειν
399 2794 431 2822 ὡς
454 2790 594 2827 δοκοῦσαν,
625 2792 691 2819 ἀλλὰ
712 2795 748 2829 μὴ
775 2793 867 2829 οὖσαν,
894 2796 939 2820 καὶ

990 2615 1088 2651 ipsam
1105 2614 1154 2642 Dei
1183 2613 1345 2642 Ecclesiam
1370 2612 1493 2648 aggredi
1520 2612 1654 2641 instituit.
1680 2614 1813 2651 Cumque

991 2667 1111 2687 rursum
1125 2658 1199 2686 nihil
1219 2666 1324 2686 eorum
1348 2665 1415 2694 quae
1440 2656 1612 2691 singulatim
1638 2660 1815 2695 conceperat

992 2703 1108 2732 et‘ﬁcere
1122 2703 1274 2737 valuisset,
1288 2703 1361 2740 quin
1370 2702 1458 2730 etiam
1471 2701 1567 2729 etl‘uso
1585 2702 1647 2729 risu
1660 2703 1816 2732 meruisset

993 2748 1099 2785 excipi,
1115 2747 1155 2776 ad
1166 2755 1238 2775 suas
1250 2754 1282 2775 se
1296 2749 1373 2775 artes
1384 2748 1478 2775 totum
1489 2746 1643 2785 convertit,
1656 2754 1691 2774 ac
1701 2754 1815 2776 novum

994 2793 1082 2829 plane
1113 2792 1272 2821 consilium
1301 2791 1469 2826 excogitare
1494 2791 1593 2827 ccepit.
1624 2792 1688 2821 Non
1732 2792 1813 2821 enim
