2042 3103
285 129 336 156 903

1810 5 2004 105 μ

888 121 1115 150 CONSTANTINI
1133 121 1360 151 ACROPOLITE
1895 132 1938 162 θοι

283 196 380 217 unum
397 186 564 224 quodpiam
578 185 747 213 divinorum
754 184 932 219 dogmatum
945 183 1099 220 suspicion:

1163 184 1247 210 πάντα
1267 186 1394 221 φέρουσαν
1414 183 1581 223 incipis-repet,
1606 188 1620 214 6
1648 190 1727 225 σοφὸς
1751 191 1852 218 ὑπέθετο
1877 193 1940 221 Σολο-

284 232 422 262 t‘alsitatis
444 230 608 260 obnoxium
631 229 755 257 reddere
787 230 831 257 est
860 236 1033 264 aggressus,
1054 227 1108 256 sed

284 277 429 307 adversus
445 277 552 304 cuncta
572 274 661 302 simul
688 274 859 309 insurgens,
877 273 908 300 in
934 280 970 301 ea
992 272 1107 301 rabiem

284 330 372 350 suam
384 328 505 349 omnem
525 321 650 347 conatus
665 321 709 346 est
722 318 885 346 eﬁ‘undere.
920 317 996 350 Quid
1019 317 1108 353 igitur

283 366 354 395 mali
374 364 493 393 molitus
507 365 551 391 est
571 364 585 391 ?
615 371 692 400 quas
712 363 951 391 machinationes
971 361 1107 391 adhibuit

282 410 434 447 pessimus
460 408 590 444 genius?
619 407 811 435 Veneranda:
835 407 884 434 Dei
907 406 1107 442 divorumque

282 454 442 490 imagines,
457 460 557 481 sacras
567 452 633 480 illas
646 454 675 480 et
688 452 771 480 omni
785 451 899 479 honore
913 450 1106 486 dignissimas

282 489 405 534 eﬂigies,
429 499 532 534 utpote
551 504 628 533 quas
651 489 788 532 pluribus
821 503 882 523 non
920 502 1028 531 parum
1066 494 1106 523 ad

281 545 360 573 recte
377 541 530 578 agendum
540 541 681 577 prodesse
692 539 859 576 judicabat,
873 539 974 567 statuit
983 538 1105 567 emedio

1162 232 1226 264 μῶν.
1240 226 1344 255 Εῐδω).α
1366 229 1481 264 νομίζειν
1504 231 1623 267 ὑπέϐαλε,
1651 236 1696 260 καὶ
1723 236 1769 264 τὴν
1795 238 1850 273 περὶ
1871 242 1941 264 ταῦτα

1163 271 1282 302 σπουδὴν
1297 277 1345 304 τῆς
1359 274 1472 306 παλαιᾶς
1487 274 1552 302 εἶναι
1566 277 1675 312 πλάνης,
1699 281 1743 305 καὶ
1766 284 1814 311 τῆς
1826 271 1940 318 Ἶάρχαὶας

1161 316 1258 348 ὶχείνης
1285 318 1416 355 τιρθριίας
1450 318 1551 355 ἀπᾷδον
1587 322 1670 351 πάντη
1718 316 1941 363 πιφηνέναιψχρι.

1162 366 1275 393 στιανοῑς
1298 361 1427 398 λείψανον.
1458 364 1540 391 Βαϐαἰ
1571 369 1619 397 τῆς
1653 367 1760 403 τόλμηςῑ
1793 367 1869 404 βαϐαὶ
1900 361 1939 402 τῆς

1161 408 1317 437 σκαιότητος
1331 407 1337 435 !
1350 411 1396 443 φεῦ
1411 412 1460 434 τῶν
1477 414 1604 446 μηχανῶν
1633 415 1680 437 τοῦ
1711 411 1850 450 ἀλάστορος
1864 414 1870 441 !
1893 418 1937 441 Νῦν

1160 452 1204 487 μὶν
1226 451 1315 484 οὕτως,
1342 455 1385 477 νῦν
1412 450 1438 478 δ’
1465 453 1554 490 ἑτέρως
1581 454 1721 493 ἕπιχειρεῖ,
1747 456 1796 483 alios
1822 462 1868 484 τῶν
1901 458 1937 486 δε-

1160 494 1220 526 ξιῶν
1231 494 1330 532 βάλλει,
1346 495 1396 522 κάκ
1410 501 1459 523 τῶν
1481 497 1633 536 ἀριστερῶν,
1660 501 1674 526 ὁ
1701 504 1761 538 περὶ
1786 503 1815 528 τὸ
1839 512 1937 540 aucup-

1159 543 1213 575 ’νεῖν
1232 538 1456 577 ἀμφοτεροδάξιος.

282 587 338 616 sibi
355 595 420 615 esse
431 585 587 614 tollendas.
602 586 635 613 Et
649 584 698 613 via
711 584 835 620 quidem
846 583 886 611 ad
900 583 957 611 hoc
972 582 1104 619 tetendit,
1117 585 1197 611 recta
1209 584 1240 612 in
1255 584 1387 620 speciem
1407 593 1414 613 :
1434 586 1487 614 sed
1510 589 1590 616 recta
1602 588 1725 625 qualem
1745 589 1935 620 declinandam

281 631 397 660 monuit
411 630 532 666 sapiens
552 629 706 660 Salomon,
718 631 820 665 utpote
834 636 903 664 quas
923 627 990 655 talis
1002 627 1146 660 videatur,
1173 628 1226 656 sed
1254 636 1316 656 non
1345 629 1391 663 sit,
1421 638 1526 659 verum
1551 632 1590 661 ad
1605 634 1746 670 sequiora
1766 634 1862 664 ducat.
1877 637 1937 672 Sug-

281 677 365 712 gerit,
382 676 464 712 ipsas
480 673 674 702 aestimandas
684 681 748 701 esse
764 673 854 705 idola.
872 674 900 700 et
912 679 1002 700 omne
1012 671 1091 699 circa
1101 679 1153 699 eas
1163 672 1309 707 studium,
1324 674 1431 702 veteris
1452 683 1517 704 esse
1532 677 1640 705 erroris
1655 681 1746 714 atque
1763 679 1884 716 antiquae
1900 671 1937 708 su-

280 719 462 758 perstitionis
472 717 635 747 evanidum
645 718 813 752 vestigium,
830 717 906 744 inter
925 717 1091 744 Chistian03
1104 716 1248 744 relictum.
1270 718 1332 745 Vah
1360 718 1519 748 audaciam
1540 721 1662 756 pessimi
1684 722 1839 757 damonis,
1853 726 1878 752 et
1891 724 1938 753 im-

279 766 363 802 piam
377 763 529 792 stultitiam
547 763 554 790 !
570 762 630 790 vah
646 762 768 789 insanas
793 761 962 789 molitiones
982 760 988 787 l
1009 760 1094 788 Modo
1120 761 1229 789 scilicet
1256 761 1345 796 hanc,
1367 763 1460 792 modo
1478 764 1561 793 illam
1586 766 1733 802 perdendi
1749 767 1879 795 homines
1899 776 1938 796 ra«

281 810 393 838 tionem
409 807 463 836 init
475 815 481 834 :
497 815 516 835 a
530 806 641 834 dextris
655 808 711 834 eta
722 805 848 834 sinistris
859 805 984 833 miseros
998 804 1123 840 impetit,
1134 805 1321 835 ambidexter
1334 807 1374 836 ad
1384 808 1575 838 inferendum
1586 814 1814 840 nocumentum.

317 856 343 882 9.
365 852 493 885 Quinam
504 853 604 879 autem
624 850 705 878 fuere
720 857 798 886 quos
811 849 956 885 judicavit
979 849 1104 878 idoneos
1123 850 1144 877 Β

281 899 333 926 aut
345 896 456 932 quibus
471 902 546 922 usus
561 894 602 922 rei
620 896 664 922 est
683 893 874 929 administris,
904 893 1029 929 quando
1054 893 1104 921 Dei

281 941 562 978 permissuregnum
571 938 626 966 sibi
637 938 909 966 eratvindicaturus
922 938 936 965 ?
945 939 1001 966 Leo
1015 938 1040 966 is
1051 937 1104 966 fuit

281 986 320 1014 ab
334 984 446 1013 lsauria
459 984 568 1017 dictus,
585 983 752 1011 suavissima
768 982 883 1019 absque
891 982 984 1010 dubio
992 982 1102 1015 bellua,

280 1030 447 1065 eademque
466 1027 632 1056 indomita:
648 1027 700 1063 qui
715 1029 818 1055 contra
836 1026 953 1055 Domini
982 1034 1103 1062 gregem

279 1074 421 1103 continuo
438 1073 596 1101 intremere
607 1079 780 1107 aggressus,
795 1072 825 1099 in
849 1079 918 1099 eum
941 1079 1002 1099 non
1020 1071 1104 1100 aliter

278 1126 371 1155 quam
386 1117 543 1146 carnivora
557 1116 698 1153 quaedam
720 1116 784 1144 fera
805 1115 929 1144 insiluit.
956 1115 1103 1148 Quemad-

277 1163 405 1191 modum
432 1164 461 1189 et
480 1162 506 1189 is
529 1161 582 1197 qui
609 1168 662 1196 per
683 1159 881 1196 antiphrasim
901 1162 1025 1188 vocatus
1049 1160 1104 1188 fuit

278 1206 465 1239 Anastasius;
480 1205 595 1241 quippe
604 1207 672 1241 post
682 1205 714 1231 B.
725 1205 907 1232 Germanum
919 1203 950 1231 in
976 1204 1026 1232 Dei
1053 1204 1104 1231 Ec-

279 1250 401 1279 clesiam
410 1257 521 1284 magno
528 1248 663 1284 ejusdem
675 1248 755 1276 malo
767 1248 964 1281 introductus,
975 1250 1103 1276 mortem

278 1302 340 1322 non
357 1294 463 1330 paucis
483 1295 512 1321 et
525 1292 675 1320 interitum
702 1292 806 1320 attulit.
828 1292 883 1320 Sed
903 1300 966 1328 qua
980 1292 1103 1320 tandem

278 1339 394 1367 ratione
413 1346 468 1374 pro
478 1337 520 1365 rei
532 1337 685 1373 dignitate,
699 1344 900 1373 quaecumque
908 1336 940 1364 id
960 1336 1102 1373 temporis

278 1383 388 1411 misera
403 1382 576 1410 acciderunt
595 1383 685 1417 atque
696 1380 815 1416 acerba,
836 1380 935 1409 verbis
956 1380 1078 1409 efferam
1088 1382 1102 1408 ‘I

277 1427 488 1464 episcoporum
495 1425 593 1460 exilia,
608 1425 890 1461 comprehensiones
900 1425 1100 1458 sacerdotum,

277 1472 409 1500 virorum
426 1470 598 1507 principum
617 1469 801 1497 calamitates
814 1468 905 1497 simul
924 1471 952 1497 et
972 1469 1101 1505 ignomi-

1196 850 1227 879 θ’.
1251 853 1322 883 Τίνες
1351 850 1376 878 δ’
1399 856 1444 884 οῦς
1473 857 1518 880 καὶ
1546 854 1664 892 ἐνέκρινε,
1697 859 1743 882 καὶ
1763 859 1830 883 τίσιν
1854 858 1936 895 ὑπηρέ-

1157 903 1216 925 ταις
1228 894 1269 921 ἰπὶ
1292 897 1391 927 τούτοις
1405 896 1541 934 ἕχρὴσατο
1557 908 1563 933 ;
1591 899 1624 926 Ὀ
1639 910 1667 926 τε
1683 899 1716 930 δὴ
1746 903 1791 931 τὴν
1817 900 1934 938 βασιλείαν

1158 942 1225 964 Θεοῦ
1266 943 1458 978 παραχωρήσει
1494 945 1721 980 σφετερισάμενος,
1770 947 1837 972 Λέων
1869 947 1881 972 ὁ
1915 945 1935 977 ὶξ

1159 983 1293 1021 Ἰσαύρων,
1319 985 1331 1011 6
1359 986 1449 1022 ἄγριος
1478 987 1638 1024 αὐτόχρημα
1663 989 1713 1025 θὴρ
1743 992 1787 1015 χαὶ
1814 989 1935 1020 adeum

1158 1027 1184 1058 ὃς
1199 1030 1267 1054 κατὰ
1279 1033 1324 1060 τῆς
1338 1032 1450 1066 ποίμνης
1471 1031 1545 1062 εὐθὺς
1570 1036 1637 1059 Θεοῦ
1665 1031 1749 1059 δεινὸν
1775 1033 1933 1071 ἑϐρυχήσατο,

1157 1074 1201 1098 καὶ
1224 1074 1292 1099 κατὰ
1319 1076 1403 1110 μέσης
1429 1075 1511 1106 αὐτῆς
1532 1077 1601 1103 καθοὶ
1630 1087 1669 1108 τις
1703 1077 1825 1114 ὠμηστὴς
1861 1078 1933 1111 ulmo,

1157 1117 1461 1157 χαὶὸκατ¹ἀντίφρασιν
1481 1120 1663 1157 ’Λναστοὶσιοῆ
1695 1123 1708 1148 6
1739 1124 1804 1159 μετὰ
1829 1124 1866 1149 τὸν
1892 1133 1933 1159 μα-

1156 1162 1248 1198 κάριον
1269 1165 1396 1200 Γερμανόν
1424 1163 1467 1190 ἆπὶ
1490 1169 1561 1201 κακῷ
1591 1169 1622 1202 τῇ
1647 1166 1792 1203 Ἐκκλησία
1812 1166 1935 1205 ἐπεισφρή-

1158 1214 1206 1236 σας
1234 1210 1311 1242 Θεοῦ,
1332 1210 1377 1234 καὶ
1403 1207 1508 1240 πολλοῖς
1538 1210 1577 1235 ὃτι
1604 1210 1717 1237 θανάτοῡ
1749 1214 1793 1238 καὶ
1827 1210 1934 1242 ἀπωλείας

1156 1252 1289 1286 γενόμενος
1309 1252 1402 1283 αἴτιος.
1427 1252 1505 1280 Ἀλλὰ
1533 1257 1588 1285 πῶς
1615 1254 1646 1280 ἄν
1676 1257 1742 1291 πρὸς
1765 1255 1836 1287 ἀξίαν
1856 1254 1934 1292 ὶκτρᾳ-

1156 1293 1312 1332 γῳδὴσαιμι
1325 1298 1358 1322 τὰ
1371 1299 1428 1323 τότε
1442 1295 1525 1331 davni;
1550 1300 1595 1329 τὰς
1620 1303 1671 1325 τῶν
1699 1299 1838 1337 ἀρχιερέων
1853 1301 1932 1336 ὑπερο-

1156 1341 1223 1375 ρίας
1251 1341 1295 1370 τὰς
1320 1344 1370 1367 τῶν
1395 1342 1479 1378 ἱερέων
1508 1343 1675 1379 καθείρξιις;
1701 1345 1749 1375 τὰς
1763 1349 1811 1370 τὼν
1837 1343 1858 1370 ἐν
1882 1343 1932 1370 tam

1156 1383 1252 1419 ζημίας
1266 1384 1321 1411 ἅμα
1339 1388 1384 1411 καὶ
1410 1387 1523 1422 ἀτιμίας
1549 1388 1593 1417 τὰς
1621 1392 1673 1413 τῶν
1701 1389 1777 1415 ὁσίων
1800 1386 1891 1426 ἀνδρῶν
1911 1397 1931 1413 τι

1155 1430 1200 1454 καὶ
1219 1438 1357 1464 γυναικων,
1373 1430 1399 1456 ἐκ
1423 1440 1450 1456 τι
1476 1435 1526 1457 τῶν
1554 1431 1724 1469 ἀσκητηρίων
1749 1432 1876 1462 ἀπελάσεις
1897 1435 1931 1457 καὶ

1155 1471 1197 1498 ἐπὶ
1219 1473 1344 1500 πλατειῶν
1374 1473 1524 1510 δημεύσεις
1553 1477 1600 1507 τὰς
1640 1476 1815 1508 ἀνυποίστους
1849 1478 1930 1503 τούτων

276 1516 353 1551 nias,
365 1517 539 1544 sanctorum
549 1514 708 1542 hominum
722 1513 906 1549 etvirginum
921 1521 1075 1542 sacrarum
1085 1522 1099 1542 ο

1154 1516 1284 1550 κολάσεις;
1307 1519 1339 1544 τὰ
1367 1517 1470 1555 δησμάς
1498 1520 1543 1550 τὰς
1571 1520 1752 1556 στρεϐλώσας
1789 1523 1842 1551 τοὺς
1867 1520 1927 1557 βιαί-

276 1559 467 1589 monasteriis
480 1559 624 1587 violentas
638 1557 834 1591 detrusiones,
856 1560 884 1586 et
893 1558 1013 1594 publice
1033 1567 1101 1588 con-

278 1606 396 1634 stitutas
409 1604 586 1633 earumdem
599 1604 843 1640 proscriptiones,
860 1604 1029 1632 vexationes
1038 1612 1101 1632 non

275 1650 414 1678 ferendas
427 1649 558 1683 vincula,
574 1648 736 1683 cruciatus,
747 1647 890 1676 violenter
902 1648 1008 1676 allatas
1023 1656 1102 1677 mor-

275 1697 328 1728 tes,
342 1696 370 1722 et
384 1694 486 1730 pejora
500 1692 649 1721 mortibus
664 1695 812 1721 tormenta
827 1692 842 1720 ?
856 1693 964 1721 Verum
981 1695 1014 1721 ut
1033 1701 1100 1722 san-

274 1741 329 1767 ctae
340 1738 432 1773 hujus
441 1737 566 1773 virginis
576 1736 722 1764 illustrem
737 1744 861 1772 prorsus
869 1743 905 1764 ac
917 1736 1099 1772 intrepidam

1154 1570 1198 1592 ους
1227 1562 1362 1596 θανάτους
1399 1564 1432 1589 τὰ
1468 1566 1551 1601 χείρω
1589 1565 1702 1592 Θανάτου
1745 1565 1928 1602 βασανιστήριας

1155 1605 1222 1632 Ἀλλ’
1246 1607 1287 1632 ῖνα
1314 1607 1409 1643 μᾶλλον
1437 1610 1466 1634 τὸ
1492 1613 1535 1639 τῆς
1575 1612 1710 1646 μακαρίας
1752 1615 1858 1646 γενναῖον
1895 1611 1930 1635 καὶ

1153 1651 1276 1687 ἄτρεστον
1292 1654 1494 1689 παραστήσαιμι
1513 1655 1641 1690 φρόνημα,
1667 1655 1692 1680 ἓν
1717 1665 1744 1681 τι
1763 1658 1810 1686 τῆς
1838 1653 1930 1691 βασιλι-

1152 1698 1200 1725 κῆς
1223 1695 1357 1730 ἁπηνειας,
1385 1696 1466 1723 τᾶλλα
1488 1701 1542 1729 τοῖς
1569 1697 1740 1735 βουλομένοις
1765 1700 1829 1726 ἔνθεν
1868 1697 1924 1734 ἀφεὶς

1155 1742 1285 1774 πνορᾲνῖ,
1303 1738 1480 1777 διηγήσομαι,

274 1782 515 1818 magnitudinem
528 1780 619 1809 animi
630 1780 738 1808 clarius
751 1780 780 1808 in
794 1779 929 1808 medium
943 1780 1104 1817 adducam,
1117 1790 1213 1811 unum
1228 1783 1395 1820 quodpiam
1406 1785 1590 1815 crudelitati
1601 1787 1692 1823 regiae
1702 1787 1867 1824 exemplum
1878 1793 1922 1823 pro

272 1827 378 1859 feram,
392 1826 509 1862 reliqua
525 1826 561 1853 iis
577 1824 688 1861 quibus
706 1824 835 1853 lubitum
851 1825 939 1853 fuerit
952 1825 1141 1861 inspicienda
1155 1827 1284 1863 penitius
1299 1828 1484 1866 relinquens.

308 1871 353 1900 10.
377 1870 570 1906 Superiorum
588 1876 694 1904 regum
723 1868 921 1905 temporibus,
947 1877 1016 1897 cum
1043 1869 1096 1906 qui

272 1922 435 1951 regnorum
448 1913 684 1942 moderabantur
692 1913 840 1948 habenas,
853 1921 888 1942 eo
910 1914 992 1950 quod
1016 1922 1097 1949 gere-

269 1960 344 1989 bant
358 1959 479 1988 nomine
494 1966 557 1987 sese
572 1957 654 1986 haud
665 1957 1023 1994 ostendebantindignos,
1037 1959 1094 1987 sub

268 2005 440 2041 jectamque
451 2004 508 2032 sibi
517 2003 662 2032 ditionem
672 2011 708 2031 ex
721 2003 953 2040 aequojustoque
969 2003 1096 2032 admini-

271 2050 408 2079 strabant
422 2048 652 2085 iulciebantque,
662 2056 763 2076 rerum
771 2048 891 2076 nonnisi
898 2048 1093 2077 honestarum

270 2103 372 2123 amore
387 2102 422 2122 ac
445 2094 653 2129 prosecutione
682 2095 861 2121 exornantes
891 2094 1093 2130 principatum

270 2138 554 2174 suum,etquidquid
560 2137 701 2166 eumdem
716 2138 756 2166 ad
766 2138 944 2173 posteriores
956 2138 1094 2167 illustrio<

268 2191 333 2212 rem
352 2184 468 2219 poterat
473 2182 596 2210 reddere
608 2189 721 2217 magno
727 2182 826 2210 studio
834 2186 1046 2218 promoventcs
1054 2183 1093 2212 ad

269 2226 771 2262 incrementum.Horum,inquam,
786 2234 890 2261 regum
906 2227 1092 2263 temporibus

267 2271 355 2309 plura
375 2270 517 2300 tradentis
539 2270 688 2306 diciplinis
709 2270 775 2298 loca
800 2270 985 2299 exwdiﬁcatn
1011 2274 1090 2308 sunt,

267 2325 335 2354 quae
351 2318 429 2345 certa
443 2314 577 2352 quadam
587 2314 702 2343 ratione
718 2314 854 2350 scjuncta
865 2317 948 2343 erant
961 2316 1000 2344 ab
1013 2316 1092 2345 invi-

268 2361 521 2397 cem,eademque
536 2359 707 2396 conjuncta;
722 2359 856 2395 seiuncta
871 2359 994 2395 quidem
1016 2360 1091 2389 locis

266 2409 295 2436 et
308 2406 452 2442 aediﬁciis,
466 2408 497 2434 at
510 2412 581 2434 vero
596 2406 700 2433 mutua
721 2403 854 2441 quadem
880 2404 1091 2440 conjunctione

266 2454 294 2481 et
304 2451 459 2481 communi
469 2450 586 2487 porticu
598 2450 629 2478 in
644 2457 738 2478 unum
747 2449 837 2478 veluti
848 2448 1009 2478 aedilicium
1023 2458 1091 2479 coa-

264 2496 396 2530 lescenti;
412 2496 452 2524 ita
466 2497 509 2531 ut,
524 2493 663 2531 quamvis
691 2494 842 2523 exterioris
863 2494 967 2523 formo:
997 2495 1091 2524 varie-

265 2542 324 2568 tate
334 2542 363 2569 et
376 2547 502 2568 numero
517 2539 776 2575 distinguerentur,
793 2546 855 2567 non
867 2538 967 2575 plures
979 2541 1088 2572 tamen,

264 2584 319 2612 sed
337 2592 398 2613 una
407 2584 553 2612 duntaxat
569 2583 678 2611 domus
690 2583 748 2611 dici
759 2585 870 2617 posset.
889 2583 922 2611 ln
937 2583 983 2611 his
998 2591 1088 2620 porro

266 2627 480 2665 aediﬁciisque:
488 2627 648 2656 duodecim
660 2628 785 2656 omnino
796 2627 1005 2662 censebantur,
1015 2636 1088 2657 nun-

264 2679 356 2709 quam
369 2680 432 2701 non
446 2671 571 2701 colocati
583 2675 667 2700 erant
678 2674 885 2708 praeceptores,
904 2674 995 2708 atque
1012 2673 1089 2702 inter

264 2725 315 2747 eos
329 2726 407 2746 unus
413 2717 534 2753 aliquis,
545 2717 597 2753 qui
611 2716 685 2745 alios
696 2725 801 2745 omnes
815 2719 992 2746 cunctarum
1003 2717 1088 2746 disci-

262 2763 412 2799 plinarum
427 2762 532 2799 peritia
547 2763 712 2798 superaret.
729 2761 792 2798 Hic,
807 2764 839 2791 ut
850 2761 934 2791 omni
954 2761 1086 2792 scientia-

1188 1871 1212 1900 ι’.
1241 1874 1309 1909 Πρὸς
1338 1877 1388 1900 τῶν
1414 1874 1466 1900 οἷνω
1494 1874 1635 1911 βασιλέων,
1666 1876 1691 1902 οἱ
1716 1879 1760 1903 καὶ
1781 1878 1826 1906 τὴν
1852 1875 1928 1904 κλῆσιν

1150 1915 1307 1952 ήλὴθευσαν,
1323 1919 1356 1948 ὡς
1366 1917 1419 1945 ἐνὸν
1435 1917 1482 1945 διὰ
1497 1918 1558 1956 βίον
1578 1922 1730 1957 συνέχοντές
1749 1930 1775 1947 τε
1802 1923 1844 1947 καὶ
1872 1928 1926 1947 σπ-

1149 1962 1263 1998 ρὶζοντες
1273 1963 1302 1988 τὸ
1329 1963 1452 1998 ὑπήκοον,
1480 1966 1525 1990 καὶ
1551 1968 1582 2001 τῇ
1619 1965 1757 2002 φιλοκαλίᾳ
1778 1967 1822 1995 τὴν
1852 1964 1925 2000 ἀρχὴν

1149 2007 1359 2042 κατεκόσμησαν,
1385 2007 1452 2034 ἁπαν
1482 2008 1495 2034 ὃ
1520 2010 1618 2038 ταύτην
1653 2010 1828 2046 εὐκλεεστέραν
1860 2008 1923 2034 ναοί-

1151 2059 1240 2084 στησι,
1258 2049 1305 2077 διὰ
1318 2049 1438 2083 σπονδῆς
1455 2052 1540 2085 αὔξειν
1554 2055 1714 2090 ποιούμενοι·
1735 2056 1799 2090 πρὸς
1822 2053 1861 2080 οὖν
1884 2051 1923 2078 τῶν

1148 2095 1331 2133 μεγαλουργῶν
1353 2096 1452 2123 ἐκείνων
1479 2096 1579 2135 ἀνδρῶν
1605 2097 1780 2135 διδασκαλεῖα
1805 2098 1828 2125 ἐν
1856 2098 1921 2131 ταύτῃ

1148 2137 1182 2169 δὴ
1207 2144 1237 2177 τῇ
1262 2140 1431 2177 μεγαλοπολει
1459 2140 1616 2179 δεδόμηται,
1644 2142 1791 2181 διῃρημένα
1816 2152 1866 2173 πως
1888 2141 1922 2166 καὶ

1149 2187 1298 2221 συνημμὶνα
1327 2187 1502 2222 τυγχάνοντα·
1527 2185 1674 2225 διῃρημένα
1699 2190 1744 2225 μὲν
1772 2191 1824 2218 τοῖς
1862 2186 1922 2212 οἰκή-

1146 2238 1223 2264 μασι,
1238 2233 1269 2266 τῇ
1287 2227 1312 2256 δ’
1333 2229 1495 2267 announg
1513 2233 1558 2258 χαὶ
1585 2236 1621 2268 τῷ
1654 2237 1732 2269 κοινῷ
1757 2231 1874 2269 περιϐόλῳ
1894 2230 1922 2257 ιὶς

1147 2274 1171 2299 ἓν
1196 2271 1326 2302 δήπουθεν
1354 2277 1523 2312 συναγόμενα,
1550 2277 1585 2307 ὡς
1610 2277 1654 2303 ἕνα
1693 2287 1723 2313 γε
1759 2275 1839 2303 δοκεῖν
1879 2276 1921 2302 τοῖς

1146 2316 1237 2349 ἔξωθέν
1260 2318 1376 2345 ποικίλον
1408 2322 1452 2346 καὶ
1490 2320 1658 2358 πολνὸφορονυ
1697 2323 1742 2348 χαὶ
1782 2316 1919 2347 διδάσχοῦ-οι

1146 2360 1183 2387 ἄπ’
1199 2361 1296 2397 αὐτοῖς,
1310 2363 1359 2389 ὅσα
1374 2361 1408 2393 δὴ
1428 2368 1512 2390 ταῦτα
1531 2363 1693 2392 δυοκαιδεκα
1725 2364 1750 2392 δ’
1776 2369 1815 2397 ῆν,
1837 2363 1868 2394 ιὶς
1889 2361 1920 2387 ἀιί

1145 2404 1330 2443 καθιδρύοντο,
1348 2410 1393 2434 καὶ
1406 2407 1448 2435 ὶπὶ
1463 2410 1560 2435 τούτων
1584 2411 1596 2436 ὁ
1623 2415 1674 2437 τῶν
1704 2410 1767 2437 ὅλων
1792 2410 1853 2435 κατὰ
1878 2408 1918 2433 πᾶν

1145 2448 1215 2482 ιῖδος
1241 2450 1362 2483 παιδείας
1400 2453 1558 2491 ὑπερφέρων,
1593 2457 1637 2481 καὶ
1671 2458 1728 2485 ταῖς
1767 2454 1918 2488 ὶστιστήμαις

1144 2493 1339 2533 ἄπισημότερος,
1354 2496 1382 2528 ὃς
1399 2500 1443 2524 καὶ
1464 2498 1641 2535 οἰκουμενικός
1667 2497 1824 2528 διδάσκαλος
1844 2497 1915 2526 ἤκουε·

1143 2541 1239 2569 ταύτην
1259 2542 1307 2578 γὰρ
1332 2543 1379 2571 τὴν
1403 2544 1480 2578 τιμὴν
1507 2545 1571 2580 πρὸς
1601 2547 1646 2570 τοῦ
1675 2542 1802 2580 βασιλέως
1824 2538 1916 2576 ῦάμεαο

1143 2594 1178 2618 νε,
1199 2587 1243 2611 καὶ
1260 2587 1307 2614 τὴν
1331 2585 1447 2623 ἐφορείαν
1465 2592 1645 2624 μυσταγωγῶν
1672 2589 1736 2624 ὁμοῦ
1763 2589 1805 2614 καὶ
1826 2586 1915 2623 μυστῶν

1143 2628 1323 2668 ἔπετέτραπτο.
1354 2630 1401 2657 Ἦν
1425 2633 1471 2667 μὶν
1490 2628 1533 2657 οὖν
1566 2631 1632 2658 οὕτω
1654 2637 1730 2659 τοῦτο
1757 2630 1914 2668 διενεργούμι·

1142 2684 1183 2700 νον
1197 2675 1303 2709 ἀνωθεν,
1317 2678 1361 2701 καὶ
1379 2676 1392 2701 6
1409 2675 1483 2711 λόγος
1500 2675 1567 2702 ἒνθσι
1598 2676 1668 2713 εἶχεν
1692 2676 1850 2708 αὐξάνεσθαι,
1879 2672 1913 2697 καὶ

1141 2721 1170 2745 τό
1200 2720 1267 2745 κατὰ
1298 2721 1375 2756 φύσιν
1418 2719 1545 2758 ἀνθρώπῳ
1589 2723 1656 2759 πρὸς
1696 2726 1740 2748 τοῦ
1779 2717 1911 2752 κῦτολὸγουι

1141 2765 1204 2800 πρὸς
1230 2769 1278 2795 τῆς
1306 2764 1464 2801 αὖτοσόφίας
1493 2765 1571 2798 αὖςῆς
1596 2771 1642 2798 τῆς
1675 2768 1788 2804 γενέσεως
1820 2762 1911 2799 ἔγκατα-
