4084 6206
197 244 296 297 905

1522 246 1590 300 ΙΝ
1632 246 1690 300 S.
1732 246 2180 304 THEODOSIAM
2193 289 2205 301 .

3443 257 3548 312 906

197 369 405 439 σπαρὲν,
481 369 569 417 καὶ
624 365 650 418 ὃ
710 363 927 439 δυνάμει
985 374 1121 420 πᾶσι
1190 378 1371 430 κοινῶς
1433 371 1620 436 ἔνεστι,
1660 374 1786 445 πρὸς

1903 387 2034 426 rum
2061 385 2274 441 genere
2305 374 2548 427 caeteros
2577 371 2730 428 inter
2755 371 2934 445 plane
2959 372 3281 446 eminebat,
3315 376 3551 434 univer-

193 458 283 512 τὴν
321 454 439 505 κατ’
496 451 899 514 ἐπιτηδειότητα
946 455 1162 529 ἐπήρετο
1246 462 1472 525 κίνησιν,
1540 463 1628 510 καὶ
1668 459 1786 510 πολ-

192 542 298 604 λοῖς
335 542 408 604 εἰς
442 541 712 616 ἐνέργειαν,
764 543 806 595 εἰ
856 549 945 596 καὶ
993 550 1064 616 μὴ
1129 552 1262 598 πᾶσι
1307 551 1586 617 προήγετο,
1636 555 1698 606 τῆ
1735 567 1788 600 τε

193 627 410 684 διοικεῖν
491 628 668 704 εἰδυίᾳ
721 632 1015 706 φιλοσοφίᾳ,
1075 638 1329 708 καὶπρὸς
1367 640 1422 687 τό
1469 643 1698 711 κρεῖττον
1723 639 1790 689 τὰ

190 721 308 772 καθ’
344 723 484 792 ἡμᾶς
537 726 832 796 μεταφέρειν
867 727 955 774 καὶ
1012 722 1348 796 ὑψηλότερον,
1417 731 1507 778 καὶ
1544 724 1790 798 βασιλεία

188 807 660 882 πεπαιδαγώγητο,
724 815 813 863 καὶ
880 811 1116 864 πολιτεία
1187 814 1530 887 κατηρτιστο,
1589 819 1675 867 καὶ
1727 819 1787 866 τὸ

189 894 440 971 δημῶδες
467 905 556 952 και
576 903 645 962 ὡς
681 899 866 954 ἐπίπαν
921 900 1282 975 ἀστάθμητον,
1333 907 1398 964 ὡς
1450 903 1557 956 ἐνὸν
1605 904 1790 980 ἐρῥὺθι

187 1007 346 1060 μιστο
375 995 466 1042 xui
492 989 826 1044 συνίσταλτο.

1900 461 2044 515 salis
2090 475 2331 532 quoque
2379 459 2665 531 magister
2709 461 2998 534 appellari
3051 463 3258 518 solitus
3288 468 3457 520 erat:
3485 467 3552 520 ut

1899 553 2097 604 autem
2131 549 2242 603 isto
2273 548 2515 604 nomine
2569 549 2814 606 honoris
2845 567 3030 608 causa
3080 557 3412 620 vocaretur,
3471 553 3550 610 ab

1895 638 2028 709 ipso
2059 637 2331 692 videlicet
2355 653 2492 708 rege
2522 644 2853 710 acceperat,
2886 644 2942 696 et
2962 644 3084 696 tam
3109 641 3171 698 in
3193 657 3295 698 eos
3315 642 3423 713 qui
3452 657 3552 699 sa-

1899 726 2012 782 cris
2041 726 2336 796 initiandi,
2367 743 2556 799 quam
2584 728 2691 800 qui
2718 728 2790 784 iis
2812 728 3024 786 initiati
3048 730 3178 800 jam
3209 735 3397 800 erant,
3449 748 3552 788 au-

1899 815 2230 872 ctoritatem
2278 832 2452 872 suam
2491 832 2763 874 exercere
2801 823 3052 889 poterat.
3085 819 3200 876 Res
3231 825 3433 877 autem
3466 821 3552 877 sic

1899 910 2068 961 erant
2093 904 2397 977 dispositae
2418 906 2495 962 ab
2518 906 2706 978 initio,
2739 911 2803 963 ut
2823 907 2927 964 tibi
2945 909 3344 966 ratiocinandi
3372 926 3553 981 auge-

1899 999 2057 1050 retur
2082 993 2353 1063 facultas;
2381 1001 2437 1051 et
2461 996 2628 1068 quod
2654 996 2884 1052 homini
2911 1013 2982 1053 ex
3013 1013 3136 1070 quo
3165 999 3228 1054 in
3247 999 3552 1056 mundum

187 1077 454 1148 gignitur
481 1093 517 1134 a
554 1082 769 1135 natura
790 1079 1186 1136 communiter
1215 1081 1458 1137 insitum
1485 1085 1594 1147 est,
1627 1085 1691 1138 ut
1738 1080 2038 1138 intellectu
2093 1083 2422 1139 discurrere
2485 1089 2663 1157 atque
2721 1101 2929 1157 sapere
2979 1102 3088 1158 per
3133 1087 3402 1159 seipsum
3451 1104 3554 1145 va-

184 1165 324 1236 leat,
383 1166 464 1222 ad
519 1183 874 1238 congruum,
931 1174 1109 1240 prout
1162 1185 1315 1241 opus
1374 1169 1539 1230 foret.
1615 1175 1843 1226 motum
1901 1171 2298 1240 excitaretur;
2332 1173 2671 1245 multisque,
2715 1175 2916 1230 sinon
2945 1175 3251 1248 omnibus,
3286 1177 3551 1234 daretur.

185 1255 589 1312 commoditas
621 1261 778 1312 recte
803 1257 1268 1330 philosophandi
1299 1277 1312 1326 ;
1343 1257 1497 1314 adeo
1521 1262 1582 1315 ut
1621 1265 1677 1315 et
1707 1259 2026 1332 imperium
2055 1261 2186 1316 istic
2208 1261 2559 1329 erudiretur,
2592 1267 2649 1318 et
2677 1262 2864 1318 civilis
2897 1268 3088 1320 status
3153 1265 3552 1330 ordinaretur,

182 1342 439 1416 ipsaque
476 1345 656 1401 etiam
683 1343 874 1417 plebs,
916 1345 1195 1418 quamvis
1238 1345 1685 1403 inconsiderata
1721 1352 1777 1404 et
1806 1350 2137 1422 vaga,'qua
2180 1349 2308 1406 ﬁeri
2359 1355 2556 1422 potest
2601 1352 3021 1409 ordinanretur
3059 1359 3553 1427 componeretur-

183 1447 324 1504 que.

259 1520 345 1575 ια’.
379 1520 476 1574 Ἦν
501 1524 591 1594 μὲν
623 1519 710 1574 οὖν
742 1521 796 1574 ἐκ
823 1531 1028 1597 μακροῦ
1067 1524 1208 1576 τοῦθ’
1249 1523 1407 1585 οὕτως
1463 1528 1586 1598 ἔχον
1611 1547 1623 1558 ·
1674 1526 1788 1577 κατ’
1823 1531 1862 1585 Β

183 1609 347 1664 έκεῖνο
385 1607 444 1664 δὲ
479 1631 538 1684 γε
589 1619 775 1686 καιροῦ
828 1609 1010 1687 ἄνδρες
1050 1611 1344 1686 ἀριπρεπεῖς
1395 1619 1484 1667 καὶ
1531 1611 1790 1687 διάσημοι

181 1703 301 1760 τοὺς
333 1702 479 1774 παρὰ
507 1703 599 1762 τὰς
631 1697 865 1761 σπουδὰς
893 1703 1105 1774 θρόνους
1133 1703 1217 1754 ἐπὶ
1260 1708 1443 1776 κόσμῳ
1489 1712 1630 1776 σφῶν
1671 1704 1787 1756 ἕλα-

175 1809 302 1860 χον,
332 1795 422 1842 καὶ
445 1789 635 1864 μᾶλλον
666 1793 692 1842 ό
722 1799 820 1843 τῶν
842 1790 1004 1843 ἄλλων
1035 1794 1328 1866 πρωτεύων,
1370 1798 1460 1845 καὶ
1509 1798 1602 1852 τὴν
1632 1798 1788 1866 τιμὴν

175 1879 395 1940 ὕπατος.
431 1879 508 1931 Οὐ
536 1882 638 1953 γὰρ
667 1875 735 1938 δὴ
783 1883 848 1932 τὰ
891 1879 1038 1944 ἐκτός
1083 1881 1227 1934 οὗτοι
1278 1887 1368 1934 καὶ
1423 1884 1641 1956 θύραθεν
1693 1887 1788 1954 μό-

176 1986 282 2039 νον,
308 1966 436 2020 ἀλλὰ
481 1973 571 2021 καὶ
618 1971 685 2020 τὰ
723 1965 867 2022 ἔνδον
917 1974 1007 2021 καὶ
1067 1971 1179 2022 θεῖα
1227 1969 1520 2042 φιλοσοφεῖν
1585 1971 1785 2029 ἤθελον.

180 2056 383 2130 ’Λμέλει
411 2076 493 2111 τοι
529 2062 620 2111 καὶ
664 2059 775 2111 θεῖα
825 2061 1059 2118 ἤσκηντο
1100 2056 1366 2131 δόγματα,
1421 2064 1510 2112 καὶ
1556 2056 1789 2135 παραδό-

181 2166 287 2208 σεις
335 2146 767 2210 ἕκκλησιαστικὰς
831 2147 1188 2221 ἠκριϐώκεσαν
1246 2168 1260 2182 ο
1311 2151 1515 2220 εἴχοντο
1563 2168 1616 2201 τε
1663 2152 1790 2201 τού-

176 2256 282 2289 των
309 2239 400 2288 κάἱ
441 2241 787 2311 περιείχοντο,
849 2235 980 2289 κάπὶ
1032 2240 1245 2298 ταύταις
1282 2239 1478 2298 πάντας
1519 2247 1788 2311 συντηρεῖν

179 2330 336 2402 ἔργον
355 2331 647 2398 πεποίηντο,
683 2329 794 2380 ὅθεν
819 2331 907 2380 καὶ
930 2324 1023 2380 διὰ
1047 2335 1202 2400 τιμῆς
1239 2329 1438 2396 πάσης,
1467 2324 1502 2380 δ
1509 2330 1561 2382 ιὰ
1599 2327 1788 2381 πολλοῦ

181 2435 238 2469 τε
269 2415 600 2489 σεϐάσματος
629 2414 774 2489 εἶχον
796 2421 928 2489 σφᾶς
960 2416 1198 2478 ἅπαντες.
1230 2417 1308 2469 Οὔ
1339 2413 1406 2476 δὴ
1435 2415 1692 2490 βασιλεὺς
1724 2418 1791 2469 εἰ-

182 2525 306 2560 νεκα
334 2509 548 2568 τούτους
574 2510 676 2582 πρὸ
698 2507 901 2560 πάντων
934 2505 1096 2559 ἄλλων
1137 2507 1420 2580 ὁμόφρονάς
1460 2526 1512 2559 τε
1541 2512 1631 2560 καὶ
1661 2507 1789 2580 όμο-

182 2603 452 2669 γνώμονας
480 2602 632 2669 σχεῖν
654 2594 984 2672 ίπειράσατο,
1006 2593 1211 2668 ἐνόμισε
1239 2597 1338 2670 γὰρ
1372 2597 1460 2660 ὡς,
1495 2598 1632 2671 εἴπερ
1666 2597 1789 2668 ὁμο-

187 2683 368 2749 δόξους
390 2685 578 2746 αὐτοὺς
603 2689 860 2744 κτήσαιτο
889 2690 980 2738 καὶ
1006 2683 1104 2748 ἔξει
1123 2679 1322 2756 σχεδὸν
1345 2687 1536 2745 πάντας
1567 2687 1790 2761 ὁμόφρο-

185 2795 295 2837 νας.
333 2773 472 2828 Ἀλλ’
513 2773 606 2827 οὐκ
637 2778 862 2847 ἴσχυσεν
895 2770 1083 2826 οὐδένα
1128 2780 1267 2846 σφῶν
1324 2782 1676 2846 μεταστῆσαι,
1731 2776 1790 2826 οὗ

183 2871 407 2940 πρῶτον,
439 2863 533 2916 οὐκ
561 2866 809 2936 ἔσχατον,
845 2863 903 2916 οὐ
935 2866 1092 2936 μέσον
1126 2883 1138 2895 ο
1167 2868 1298 2914 πᾶσι
1331 2865 1420 2936 μὲν
1449 2864 1548 2937 γὰρ
1581 2861 1664 2915 ἐπὶ
1694 2871 1790 2934 τῷ·

184 2949 241 3005 δε
268 2957 482 3027 τρόποις
512 2955 802 3027 ἐχρήσατο,
835 2947 987 3004 οὐδὲν
1011 2947 1062 3003 δ’
1093 2952 1119 3002 ὃ
1141 2970 1192 3002 τι
1223 2955 1311 3004 καὶ
1354 2951 1533 3010 ἤνυσε,
1588 2953 1666 3003 Τὰ
1701 2957 1792 3024 μέν

179 3045 280 3116 γὰρ
304 3051 485 3116 πρῶτα
508 3044 640 3114 μετὰ
663 3041 856 3103 πολλῆς
898 3043 980 3093 ὅτι
1039 3043 1334 3115 πραότητος
1392 3042 1458 3091 τὰ
1513 3048 1610 3101 τῆς
1663 3047 1793 3112 γνώ-

178 3151 277 3203 μης
308 3130 598 3204 ἐξήγγελλε,
625 3135 715 3184 καὶ
747 3134 796 3183 οί
825 3133 1124 3205 σύμφρονας
1181 3136 1331 3201 σχεῖν
1381 3128 1557 3187 ἤθελεν
1592 3149 1604 3162 ο
1647 3133 1712 3190 ὡς
1742 3126 1797 3182 δ’

179 3219 489 3292 ἐλέγχοντας
543 3215 676 3273 εἶδεν
725 3219 884 3272 αὐτοῦ
912 3223 1017 3279 ,τὴν
1065 3217 1330 3289 ἀπόνοιαν,
1383 3223 1472 3271 καὶ
1525 3214 1654 3290 μηδ’
1710 3218 1790 3286 ἂν,

180 3313 223 3363 ιῖ
263 3329 314 3362 τι
367 3315 457 3363 xui
511 3314 732 3382 γένοιτο,
779 3313 873 3367 τὴν
902 3317 1001 3360 τῶν
1057 3307 1216 3380 ἁγίων
1258 3307 1464 3360 εἰκόνων
1516 3303 1793 3382 διισχυρι-

176 3400 426 3473 ζομένους
480 3396 734 3458 ἀθετῆσαι
801 3400 1184 3471 προσκύνησιν,
1238 3399 1370 3471 πρὸς
1431 3394 1639 3456 ἀπειλὰς
1698 3401 1792 3450 καὶ

173 3487 349 3562 ὕϐρεις
388 3487 682 3563 ἰχώρησεν.

1971 1528 2060 1584 11.
2102 1531 2220 1584 Hac
2277 1527 2474 1599 igitur,
2535 1545 2723 1601 quam
2778 1528 2919 1598 dixi,
2981 1529 3210 1586 ratione
3269 1546 3364 1586 res
3426 1546 3555 1587 sese

1899 1615 2208 1672 habebant
2227 1618 2572 1689 antiquitus.
2618 1617 2834 1674 Iisdem
2860 1633 3001 1674 vero
3041 1619 3416 1691 temporibus
3448 1619 3556 1676 viri

1899 1705 2162 1775 insignes
2184 1722 2431 1779 prorsus
2452 1712 2631 1780 atque
2651 1707 2922 1780 praeclari
2944 1724 3046 1764 eas
3068 1726 3204 1781 quae
3235 1725 3340 1782 per
3361 1709 3559 1767 studia

1898 1793 2142 1850 honoris
2188 1811 2376 1850 causa
2417 1795 2762 1852 obtinentur
2791 1795 2963 1852 sedes
2995 1796 3056 1852 in
3095 1799 3434 1854 maximum
3465 1797 3561 1854 sui.

1899 1882 2276 1956 accipiebant
2322 1889 2764 1950 ornamentum,
2825 1885 3207 1957 potissimum
3262 1891 3465 1942 autem
3501 1887 3556 1942 is

1899 1972 2003 2044 qui
2049 1971 2292 2044 reliquis
2347 1973 2632 2028 omnibus
2664 1979 2721 2028 et
2767 1977 2892 2028 erat
2920 1977 2976 2030 et
3020 1973 3362 2030 habebatur
3398 1989 3554 2046 prae-

1901 2062 2170 2128 stantior,
2218 2061 2440 2134 quique
2471 2061 2770 2118 consulari
2808 2061 3204 2134 praefulgebat
3241 2062 3555 2134 dignitate.

1899 2151 2028 2204 Non
2073 2150 2234 2204 enim
2265 2154 2570 2205 externam
2601 2149 2800 2205 solum
2831 2154 2885 2206 et
2916 2149 3267 2206 saecularem
3297 2149 3560 2222 philoso-

1898 2237 2105 2310 phiam
2149 2237 2253 2309 illi,
2305 2238 2411 2294 sed
2453 2237 2797 2294 interiorem
2847 2254 3090 2309 quoque
3118 2239 3430 2309 religionis
3453 2254 3558 2296 no-

1901 2331 2036 2381 strae
2059 2327 2414 2393 tractabant,
2438 2342 2619 2399 seque
2641 2342 2780 2382 cum
2798 2327 2917 2382 otio
2934 2326 3152 2382 divinis
3170 2326 3559 2398 dogmatibus

1901 2415 2274 2484 exercebant,
2326 2419 2383 2472 et
2437 2431 2662 2486 magna
2681 2431 2820 2472 cum
2851 2415 3158 2485 diligentia
3212 2415 3560 2473 traditiones

1901 2504 2324 2560 scrutabantur
2354 2503 2804 2560 ecclesiasticas.
2857 2505 2958 2560 His
3001 2504 3116 2576 ipsi
3143 2503 3559 2574 intendebant,

1900 2593 2117 2650 harum
2169 2593 2370 2650 studio
2397 2594 2501 2649 toti
2531 2593 3008 2666 occupabantur,
3035 2594 3323 2668 nullaque
3349 2609 3562 2652 earum

1900 2688 1963 2739 ut
2003 2683 2398 2756 negligeretur
2445 2683 2570 2739 suis
2609 2684 2766 2740 curis
2820 2699 3052 2758 suaque
3090 2683 3396 2755 vigilantia
3435 2683 3560 2740 efﬁ-

1903 2772 2140 2828 ciebant
2164 2788 2178 2839 ;
2202 2771 2362 2827 unde
2385 2777 2438 2828 et
2458 2771 2607 2827 illud
2628 2771 3127 2845 consequebatur,
3143 2772 3558 2829 utsecundum

1901 2877 2114 2917 omnes
2145 2861 2474 2917 honestatis
2510 2877 2578 2916 ac
2626 2860 2931 2931 religionis
2960 2861 3122 2931 leges
3161 2861 3350 2916 vitam
3377 2861 3560 2916 duce-

1903 2956 2051 3006 rent.
2069 2950 2237 3007 Tales
2261 2966 2399 3006 cum
2422 2954 2637 3016 essent,
2661 2950 2806 3005 nihil
2825 2949 2992 3022 prius
3008 2949 3561 3022 habuitimperator

1905 3056 2092 3114 quam
2135 3045 2200 3096 ut
2229 3055 2332 3096 eos
2359 3040 2418 3094 in
2450 3055 2625 3095 suam
2657 3039 3010 3094 sententiam
3039 3038 3406 3111 pertraheret
3434 3055 3447 3106 ;
3475 3037 3561 3094 ita

1907 3129 2018 3184 sibi
2050 3127 2271 3184 scilicet
2299 3127 2424 3184 fore
2445 3125 2837 3198 persuadens,
2861 3130 2926 3181 ut
2966 3125 3016 3180 si
3057 3125 3218 3182 viros
3268 3125 3402 3182 illos
3445 3125 3557 3182 im-

1904 3216 2106 3289 pietati
2133 3232 2256 3271 suae
2285 3215 2531 3272 haberet
2554 3214 3010 3284 consentientes,
3038 3214 3291 3270 aliorum
3312 3229 3558 3288 quoque

1905 3306 2142 3362 animos
2171 3304 2328 3361 facili
2353 3305 2591 3374 negotio
2631 3307 3020 3376 expugnaret.
3061 3307 3132 3360 At
3160 3319 3298 3360 vero
3346 3318 3558 3360 eorum

1902 3394 2158 3460 nullum,
2181 3409 2305 3449 non
2334 3393 2621 3466 primum,
2651 3407 2775 3448 non
2802 3391 3103 3463 intimum,
3134 3408 3258 3450 non
3286 3392 3558 3450 medium

1903 3501 1939 3542 a
1986 3499 2136 3541 sana
2185 3483 2454 3540 doctrina
2481 3487 2762 3554 rectoque
2799 3482 3040 3538 vivendi
3070 3483 3336 3540 instituto
3373 3482 3562 3541 dedu-

173 3593 312 3636 cere
339 3577 526 3634 valuit
557 3581 653 3646 ;et
683 3576 965 3650 quamvis
1015 3574 1232 3632 modos
1288 3589 1499 3632 omnes
1546 3575 1795 3648 viasque
1849 3577 2156 3640 tentasset,
2211 3571 2359 3628 nihil
2404 3577 2603 3628 tamen
2658 3571 2908 3628 omnino
2969 3571 3180 3630 effecit.
3256 3571 3558 3646 Principio

169 3667 408 3742 quippe
438 3683 577 3724 cum
603 3665 768 3724 omni
798 3665 1262 3723 mansuetudine
1293 3669 1350 3721 et
1378 3665 1678 3722 modestia
1704 3682 1878 3722 suam
1915 3663 2026 3719 illis
2053 3667 2317 3718 mentem
2341 3659 2672 3717 renuntiari
2697 3659 2850 3727 fecit,
2883 3661 3050 3734 quod
3078 3660 3212 3718 illos
3257 3661 3558 3736 opinionis

168 3773 302 3814 suae
334 3756 533 3814 socios
558 3772 630 3814 ac
667 3754 1096 3826 suffragatores
1121 3753 1344 3812 habere
1379 3752 1706 3825 plurimum
1737 3754 2118 3811 desideraret.
2143 3754 2360 3807 Verum
2401 3754 2462 3806 ut
2488 3749 2566 3806 ab
2621 3749 2705 3806 eis
2760 3765 2935 3807 suam
2963 3751 3290 3807 amentiam
3348 3751 3560 3808 acriter

164 3846 440 3906 incusari
481 3845 800 3920 perspexit,
830 3860 1046 3918 neque,
1101 3857 1466 3917 quacunque
1513 3843 1762 3900 demum
1821 3843 2064 3901 fortuna
2117 3839 2458 3914 periculove
2505 3839 2832 3912 proposito,
2891 3838 3110 3895 adduci
3170 3840 3335 3895 viros
3377 3853 3559 3911 posse

163 3941 234 3995 ut
274 3939 629 3994 sanctarum
656 3935 886 3992 cultum
907 3934 1224 4006 imaginum
1253 3949 1323 3990 ac
1353 3933 1800 3992 venerationem
1836 3929 2227 4004 rejiciendam
2292 3928 2576 3997 dicerent,
2639 3927 2719 3985 ad
2781 3927 2981 3984 minas
3036 3931 3093 3983 et
3156 3927 3555 3986 contumelias

164 4040 509 4086 conversus
548 4028 654 4081 est.

239 4131 346 4206 ιβ’.
379 4131 462 4192 Ὧς
509 4127 560 4184 δ’
587 4127 712 4184 οὐδὲ
740 4131 878 4184 οὕτω
923 4131 1209 4203 μετέπειθε,
1258 4130 1466 4183 πάττων
1521 4127 1780 4202 ἀπογνοὺς
1821 4117 1863 4171 D

163 4222 366 4290 ἄλλων,
407 4220 520 4284 ὅλος
573 4229 666 4282 τῆς
722 4222 971 4282 άπηνείας
1023 4218 1206 4272 ἑαυτοῦ
1236 4223 1478 4290 γίνεται·

1971 4133 2054 4184 t2.
2091 4129 2359 4198 Cumque
2374 4125 2490 4182 hoc
2525 4123 2704 4182 etiam
2731 4123 2914 4180 modo
2942 4123 3107 4196 apud
3157 4123 3321 4180 viros
3375 4122 3556 4180 fortes

1533 4220 1644 4272 ὅθεν
1691 4223 1782 4271 καὶ
1895 4216 2043 4272 nihil
2096 4215 2431 4288 proﬁceret,
2477 4218 2532 4270 et
2579 4213 2743 4270 aliud
2800 4212 2947 4268 nihil
2999 4229 3122 4284 quo
3165 4228 3268 4268 eos
3321 4216 3559 4283 cogeret

163 4318 363 4384 χώραν
388 4307 516 4371 δοὺς
543 4310 720 4371 αὐτοῖς
759 4309 1010 4380 σκέψεως,
1050 4313 1241 4380 πέμπει
1270 4311 1389 4370 τοὺς
1421 4307 1590 4369 αὐτοῖς
1635 4309 1783 4366 οἰκή-

163 4419 314 4474 μασι
362 4402 748 4460 καταύσαντας.
826 4400 927 4452 Κάὶ
985 4397 1032 4449 οἳ
1087 4401 1181 4455 τὴν
1265 4400 1400 4472 ὥραν
1461 4402 1784 4472 τηρήσαντες

162 4495 256 4544 ὅτε
288 4495 382 4542 καὶ
421 4491 470 4541 οἱ
497 4493 627 4562 πρὸς
664 4493 752 4540 τὸν
790 4491 959 4540 κοινὸν
1018 4485 1254 4538 ἁπάντων
1322 4481 1588 4544 δυνάστην
1646 4485 1784 4538 ἀντι-

162 4579 441 4640 ϐαίνοντες
493 4579 667 4646 ὕπνον,
731 4579 991 4634 ἡττῶνται
1040 4577 1226 4628 τούτου
1262 4579 1353 4626 καὶ
1406 4573 1781 4640 ἀνακλίνονται,

159 4670 332 4728 ἄλλος
381 4667 589 4721 οὒιλοθεν
639 4667 1010 4741 περιελθόντες,
1041 4673 1144 4738 πῦρ
1186 4666 1572 4734 ὑπανάπτουσι,
1614 4667 1785 4716 καὶτὸ

158 4769 268 4820 τῆς
302 4761 484 4828 σοφίας
513 4757 580 4818 ὡς
602 4755 805 4816 ἀληθῶς
844 4750 1161 4825 ἐνδιαίτημα
1188 4759 1250 4825 τῇ
1316 4751 1468 4824 φλογὶ
1519 4756 1786 4824 πανταχό-

161 4851 253 4902 θεν
299 4843 770 4918 περιλαμϐάνουσι,
802 4847 892 4895 καὶ
920 4849 1094 4896 πᾶσαν
1124 4849 1229 4902 τοῖς
1287 4837 1438 4894 ἔνδον
1490 4839 1789 4894 ἀποκλείον-

159 4957 254 4991 σιν
295 4929 497 4998 ἔξοδον.
531 4934 614 4987 Ἐν
644 4931 731 4986 οὖν
760 4935 896 4986 πάνυ
933 4929 1132 5007 βραχεῖ
1169 4950 1240 5001 τῳ
1297 4932 1564 5004 παμφάγῳ
1609 4932 1790 4990 πάντες

155 5029 306 5101 πυρὶ
335 5023 520 5085 αὐταῖς
550 5021 773 5096 βίϐλοις,
808 5022 990 5082 αὐταῖς
1019 5020 1214 5083 οἰκίαις
1247 5041 1260 5054 ο
1293 5019 1696 5074 κατανάλωνται.
1724 5018 1793 5071 Ὠ

153 5116 395 5179 πάθους,
436 5113 476 5163 ὦ
503 5112 695 5186 ζημίας
720 5111 731 5166 l
768 5112 830 5171 ἢν
859 5113 1123 5168 ὑποσταίη
1151 5112 1240 5183 μὲν
1267 5112 1324 5161 τὸ
1373 5105 1560 5161 δοκοῦν
1591 5111 1620 5166 ἡ
1657 5115 1794 5173 Κων-

160 5207 478 5270 σταντίνου,
523 5209 634 5262 ταῖς
683 5197 735 5255 δ’
790 5199 1059 5261 ἀληθείαις
1125 5203 1270 5271 γένος
1317 5197 1452 5250 ἅπαν
1507 5197 1791 5276 Ῥωμαίων,

161 5297 270 5346 καὶ
353 5293 404 5344 oi
484 5295 580 5350 τὴν
665 5294 847 5364 σοφίαν
903 5290 1177 5351 ζητοῡντες
1243 5287 1482 5341 ἀνέκαθεν
1536 5284 1794 5352 Ἕλληνες,

168 5382 365 5454 ὥσπερ
422 5384 514 5433 καὶ
561 5381 586 5433 ό
634 5381 766 5442 θεῖος
837 5377 1040 5439 Παῦλος
1088 5375 1494 5452 δίεμαρτύρατο.
1538 5375 1612 5428 Οὐ
1693 5378 1796 5448 γὰρ

172 5472 270 5524 ὅτι
287 5489 349 5542 γε
395 5473 641 5523 τοιούτων
694 5465 898 5544 ἀνδρῶν
955 5467 1248 5543 ἐστέρηται,
1289 5465 1419 5519 ἀλλὰ
1473 5471 1562 5518 καὶ
1629 5472 1799 5536 σοφῶν

175 5556 400 5634 ἀνδρῶν
446 5562 868 5635 συγγραμμάτων
923 5559 1178 5612 πλείστων
1239 5575 1296 5611 τε
1355 5561 1445 5610 καὶ
1507 5554 1800 5608 καλλίστων

413 5647 664 5708 Ρλτιιοι..
699 5651 799 5708 Gn.
823 5648 972 5710 CXL.

1896 4321 2210 4377 superesse
2254 4303 2754 4359 animadverteret
2784 4319 2797 4356 :
2829 4318 2951 4357 sua:
2984 4318 3046 4358 se
3079 4301 3371 4358 ferocitati
3403 4302 3559 4358 abri-

1894 4395 2185 4464 piendum
2208 4397 2396 4449 totum
2422 4391 2660 4448 tradidit
2688 4409 2700 4460 ;
2727 4407 3138 4464 concessoque
3165 4391 3310 4463 ipsis
3340 4389 3560 4448 delibe-

1895 4483 2070 4540 randi
2097 4482 2310 4554 spatio,
2344 4481 2621 4537 submisit
2645 4481 2746 4554 qui
2772 4481 3004 4538 aedibus
3035 4496 3246 4538 eorum
3275 4473 3560 4538 ﬂammas

1895 4573 2220 4644 injicerent.
2273 4572 2338 4627 Hi
2387 4575 2792 4644 opportunum
2847 4571 3112 4627 maxime
3165 4570 3557 4627 observantes

1897 4667 2152 4734 tempus,
2169 4678 2303 4716 cum
2320 4659 2747 4732 sapientissimi
2769 4661 3047 4716 homines
3070 4659 3175 4732 qui
3196 4659 3276 4714 ad
3298 4659 3557 4714 multum

1899 4751 2088 4807 noctis
2105 4749 2392 4805 adversus
2415 4748 2689 4804 omnium
2711 4747 3072 4804 domitorem
3095 4763 3376 4804 somnum
3396 4746 3557 4802 forti-

1899 4845 1986 4896 ter
2013 4853 2277 4911 pugnare
2318 4837 2470 4893 soliti
2500 4843 2692 4900 erant,
2725 4837 2920 4892 eidem
2942 4837 3123 4892 etiam
3163 4835 3558 4892 succumbere

1901 4933 2100 4986 essent
2124 4928 2334 4996 coacti,
2357 4933 2412 4983 et
2437 4927 2705 4983 cubitum
2731 4927 3019 4998 tantisper
3043 4941 3104 4981 se
3131 4923 3558 4996 contulissent;

1903 5018 2000 5076 alii
2024 5017 2172 5074 alias
2198 5017 2422 5072 aedium
2449 5019 2650 5088 partes
2682 5015 3123 5071 circumeuntes
3154 5013 3359 5084 ignem
3391 5030 3565 5088 spar-

1903 5124 2061 5178 gere,
2106 5106 2609 5177 verissimumque
2636 5104 2944 5176 sapientiae
2983 5103 3174 5176 ipsius
3231 5102 3562 5177 hospitium

1902 5196 2164 5253 ﬂammis
2196 5194 2459 5268 undique
2497 5193 2800 5250 involvere
2841 5197 3168 5266 coeperunt;
3195 5208 3442 5250 omnem
3468 5193 3562 5248 in-

1906 5289 1999 5342 tus
2029 5284 2415 5342 manentibus
2447 5284 2672 5340 exitum
2702 5283 3158 5356 praecludentes.
3191 5283 3418 5340 Modico
3447 5281 3565 5354 igi-

1908 5379 2002 5430 tur
2048 5374 2244 5446 spatio
2289 5373 2571 5445 temporis
2615 5388 2828 5430 omnes
2877 5371 3308 5430 devorantibus
3351 5375 3570 5428 cuncta

1909 5463 2172 5520 ﬂammis
2187 5461 2575 5535 haustiatque
2597 5461 2903 5534 absumpti
2922 5465 3084 5529 sunt,
3097 5476 3222 5520 una
3239 5476 3378 5517 cum
3397 5459 3567 5516 libris

1911 5557 2090 5625 atque
2144 5551 2290 5625 ipsis
2329 5551 2586 5608 aedibus.
2649 5553 2694 5609 Ο
2739 5549 2997 5619 cladem,
3045 5566 3082 5607 ο
3129 5546 3564 5608 aﬂlictionem!

3215 5641 3284 5696 29
