4084 6206
199 227 299 283 909

1528 226 1593 281 IN
1637 225 1693 283 S.
1731 225 2199 284 THEODOSIAM.

3435 237 3541 290 910

197 352 332 423 ἡμᾶς
360 351 449 401 καί
476 352 853 422 προνοουμένου
900 356 999 401 τῶν
1054 349 1172 401 καθ’
1202 350 1363 422 ἡμᾶς,
1420 353 1509 401 καί
1559 351 1647 409 τὰς
1684 357 1783 400 τῶν

1926 366 2167 422 empore
2185 350 2432 407 insidias
2446 350 2621 407 nobis
2636 355 2888 423 struens,
2908 352 3228 409 Ecclesiam
3251 352 3352 409 Dei
3370 356 3549 426 coepit

195 441 459 514 πρακτέων
540 436 617 490 ἐπ’
676 437 913 510 ἐσχάτων
965 436 1186 509 ἀμοιϐὰς
1259 440 1380 510 ἡμῖν
1440 441 1787 509 ταμιεύοντος.

1899 438 2268 510 perturbare,
2297 444 2352 494 et
2383 454 2627 508 gravem
2668 440 2820 496 adeo
2849 444 3057 497 contra
3111 458 3244 497 eam
3294 443 3547 500 excitare

196 532 632 600 tempestatem,
674 532 803 583 tum
824 544 968 584 sane
996 526 1421 599 prodeundum
1448 528 1626 584 etiam
1666 526 1863 594 nobis,
1888 527 2089 597 quieta
2116 530 2402 600 tantisper
2432 529 2554 584 vita
2583 528 2916 585 deserenda
2944 547 2955 584 :
2988 546 3113 586 non
3142 530 3271 587 vite
3302 548 3551 602 parcen-

197 616 364 683 dum,
398 621 521 673 non
552 617 823 689 corpori;
874 616 1031 673 illius
1063 616 1445 689 potissimum
1484 616 1694 687 gratia,
1737 615 1839 687 qui
1862 615 2183 686 pulchrum
2225 616 2339 672 hac
2368 617 2430 672 in
2474 621 2640 689 parte
2673 618 3018 690 exemplum
3063 619 3239 676 nobis
3270 621 3546 693 prebuit,

195 706 419 779 quique
447 721 561 763 nos
601 710 661 763 et
687 710 898 763 nostra
938 721 1061 762 non
1104 706 1305 762 minus
1351 706 1505 762 bene
1548 720 1737 778 quam
1784 705 2032 777 provide
2079 705 2391 778 gubernat,
2434 713 2491 763 et
2532 723 2787 780 operum
2817 712 3161 766 nostrorum
3206 710 3544 768 mercedem

194 793 371 852 nobis
391 794 471 852 ad
491 799 826 852 extremum
846 799 1044 851 servat
1071 796 1417 868 repositam.

267 883 349 939 ιε’.
389 890 474 955 Τῷ
517 878 578 937 δέ
603 893 664 956 γε
721 892 923 959 σωτῆρι
975 892 1089 956 Θεῷ
1142 886 1309 937 ἐκεῖνοί
1350 904 1457 945 πως
1514 892 1614 937 τῶν
1662 882 1798 937 Ψαλ-

193 980 302 1045 μῶν
356 971 700 1041 ἀναλεξαμένη
789 977 880 1026 καί
944 973 1305 1041 ὑπαλλάξασα,
1386 972 1796 1046 ἀνθωμολογεῖτο

194 1066 281 1114 καί
314 1057 574 1135 διελέγετο
603 1084 615 1096 ·
645 1066 891 1133 Δίκασον,
942 1066 1118 1139 Κύριε,
1175 1068 1297 1126 τοὺς
1355 1060 1669 1125 ἀδικοῦντάς
1718 1082 1795 1131 σε,

192 1150 490 1224 πολέμησον
565 1156 684 1213 τοὺς
741 1152 1092 1226 πολεμοῦντάς
1152 1172 1233 1211 σε.
1297 1152 1575 1207 Ἐπιλαϐοῦ
1638 1152 1797 1205 ὅπλου

191 1245 281 1293 καί
316 1242 525 1317 θυρεοῦ,
554 1246 645 1295 καί
672 1240 932 1301 ἀνάστηθι
956 1242 1024 1304 εἰς
1048 1246 1141 1302 τὴν
1173 1241 1421 1315 βοήθειαν
1440 1252 1534 1304 τῆς
1566 1251 1657 1303 τῆς
1677 1242 1801 1300 κλη-

188 1335 433 1404 ρονομίας
482 1350 597 1387 σου.
676 1327 817 1384 Ἰδοὺ
870 1334 973 1405 γὰρ
1025 1328 1155 1406 ἦραν
1204 1334 1253 1385 οἱ
1323 1330 1625 1405 ἀνομοῦντες
1681 1325 1798 1384 κατ’

190 1420 358 1484 αὐτῆς
415 1420 657 1493 κεφαλὴν,
707 1426 796 1475 καί
848 1430 948 1475 τῶν
1000 1430 1103 1474 σῶν
1162 1424 1559 1494 θυσιαστηρίων
1615 1441 1797 1496 κατορ-

190 1530 422 1583 χουνται
464 1512 514 1563 οἱ
565 1506 818 1577 ἀναιδεῖς,
867 1514 957 1563 καί
984 1513 1050 1563 τὰ
1076 1511 1205 1583 ἅγιά
1248 1530 1343 1564 σου
1388 1510 1702 1584 βεϐηλοῦσιν
1748 1513 1799 1564 οἱ

192 1602 605 1671 παναγέστατοι.
639 1598 777 1653 Ἀλλ’
806 1597 1085 1671 ἐπίσκεψαι
1138 1602 1279 1672 ἡμᾶς
1330 1598 1379 1651 ἕν
1430 1608 1502 1671 τῷ
1555 1604 1795 1674 σωτηρίῳ

197 1709 320 1759 σου,
345 1696 439 1742 τοῦ
495 1685 622 1742 ἰδεῖν
652 1688 702 1741 ἒν
731 1696 792 1762 τῇ
846 1694 1181 1765 χρηστότητι
1226 1698 1323 1743 τῶν
1380 1688 1626 1742 ἐκλεκτῶν
1681 1709 1798 1758 σου,

197 1786 295 1831 τοῦ
354 1777 699 1853 εὐφρανθῆναι
756 1778 803 1831 ἓν
854 1786 913 1852 τῇ
972 1778 1256 1854 εὐφροσύνῃ
1317 1786 1410 1832 τοῦ
1442 1780 1620 1840 ἔθνους
1683 1791 1803 1831 σου.

197 1867 511 1941 Εὗφροσύνη
564 1863 625 1921 δέ
653 1886 749 1921 σου
796 1876 869 1940 τῷ
911 1868 1069 1942 λάχει
1117 1871 1147 1928 ἡ
1192 1878 1291 1921 τῶν
1350 1878 1453 1923 σῶν
1508 1869 1806 1944 σεϐασμίων

205 1956 416 2010 εἰκόνων
490 1960 864 2032 προσκύνησις,
930 1960 960 2017 ἠ
1016 1961 1146 2032 πρὸς
1197 1963 1291 2017 τὴν
1363 1957 1596 2034 ἀρχαίαν
1656 1960 1807 2023 αὖθις

203 2054 308 2098 τῶν
373 2047 519 2100 θείων
561 2054 694 2099 ναῶν
777 2046 1082 2122 εὐπρέπειαν
1170 2046 1552 2124 ἀναμόρφωσις.
1638 2049 1807 2123 Κάμοί

200 2142 297 2187 νῦν
323 2140 414 2187 καί
461 2141 578 2198 ταῖς
650 2136 985 2209 ὁμογνώμοσι
1059 2139 1273 2198 ταύταις
1343 2140 1458 2211 ἐμοί
1526 2142 1617 2190 καί
1687 2140 1808 2211 ὀμό-

200 2243 390 2299 φροσι,
431 2227 557 2299 πρὸς
586 2228 672 2277 τόν
726 2226 854 2296 ὑπὲρ
898 2233 998 2278 τῶν
1047 2234 1150 2278 σῶν
1200 2227 1347 2280 θείων
1397 2226 1601 2280 εἰκόνων
1655 2222 1807 2281 ἆθλον

198 2315 514 2388 χωρούσαις
564 2318 655 2367 καί
684 2322 776 2375 τῆς
830 2322 924 2375 σῆς
969 2320 1293 2388 παναμώμου
1336 2320 1554 2391 μητρὸς,
1610 2324 1712 2370 τῶν
1757 2337 1810 2371 τε

197 2403 335 2474 ὑπὲρ
395 2410 489 2455 σοῦ
550 2405 685 2457 κὰτὰ
737 2399 1020 2478 διαφόρους
1088 2409 1306 2479 καιροὺς
1383 2412 1809 2481 καταπροεμένων

197 2495 261 2545 τὸ
321 2496 435 2565 ζῇν,
466 2497 557 2545 καί
602 2501 702 2546 τῶν
760 2492 924 2546 ἄλλων
981 2513 1066 2547 σοι
1123 2494 1601 2568 εὖαρεστησάντων,
1650 2503 1812 2572 χεῖρα

201 2580 463 2656 βοηθείας
508 2582 563 2645 ἐξ
592 2581 745 2654 ἁγίου
798 2601 891 2636 σου
943 2589 1353 2661 κατοικητηρίου
1410 2586 1750 2658 κατάπεμψον
1793 2608 1805 2620 ·

199 2673 518 2745 ἑνίσχυσον,
575 2676 699 2745 μόνε
780 2669 990 2742 δυνατε,
1063 2679 1157 2733 τὴν
1211 2677 1463 2751 ἡμετέραν
1520 2676 1809 2750 ἀσθένειαν,

204 2758 302 2824 δὸς
331 2764 458 2835 ἡμῖν
480 2757 705 2835 δύναμιν
730 2766 819 2816 καί
838 2768 1180 2838 κραταίωσιν.

1835 1574 1883 1629 Β

1981 889 2065 939 15.
2094 884 2191 940 His
2224 884 2413 956 dictis,
2450 885 2697 943 selectas
2737 886 3044 959 quasdam
3091 904 3121 945 e
3171 889 3551 947 Psalmorum

1904 971 2056 1028 libro
2088 975 2410 1030 sententias
2436 976 2764 1046 proferens,
2799 975 3028 1033 alterno
3067 982 3244 1034 cantu
3272 981 3392 1036 Deo
3433 978 3553 1036 Sal-

1906 1062 2095 1117 vatori
2124 1064 2207 1119 ita
2231 1063 2589 1120 concinebat
2620 1080 2690 1121 ac
2738 1064 3138 1130 conﬁtebatur
3159 1067 3424 1135 :Judica,
3444 1070 3556 1123 Do-

1907 1152 2068 1208 mine
2088 1195 2101 1219 ,
2134 1158 2418 1210 nocentes
2436 1170 2552 1222 me,
2570 1170 2637 1210 ex
2647 1156 3289 1228 pugnaimpugnantes
3302 1174 3398 1214 me
3420 1173 3556 1231 :ap-

1907 1242 2209 1315 prehende
2235 1260 2408 1299 arma
2432 1249 2489 1299 et
2521 1248 2779 1313 scutum,
2812 1250 2869 1301 et
2898 1260 3151 1317 exsurge
3201 1246 3263 1302 in
3318 1247 3555 1319 adjuto-

1907 1329 2061 1386 rium
2086 1330 2447 1387 hereditatis
2471 1336 2605 1388 tue.
2640 1336 2781 1389 Ecce
2811 1334 2970 1389 enim
2993 1334 3137 1405 legis
3190 1339 3303 1391 tne
3326 1352 3556 1407 preva-

1908 1421 2197 1478 ricatores
2226 1426 2433 1477 contra
2462 1427 2516 1477 te
2547 1422 2891 1479 levaverunt
2912 1432 3116 1495 caput,
3164 1426 3559 1497 profanarunt

1910 1510 2110 1582 impiis
2138 1510 2409 1581 tripudiis
2437 1510 2643 1566 altaria
2677 1515 2798 1580 tua,
2839 1514 2895 1567 et
2935 1517 3098 1569 sacta
3132 1516 3235 1569 tua
3280 1514 3557 1571 homines

1910 1599 2133 1671 impuri
2164 1615 2233 1655 ac
2263 1599 2529 1655 scelerati
2562 1599 2920 1671 polluerunt.
2949 1601 3062 1657 Sed
3106 1602 3334 1675 respice
3355 1619 3467 1658 nos
3495 1603 3558 1659 in

1913 1688 2157 1745 salutari
2210 1693 2311 1744 tuo
2337 1692 2402 1745 ut
2447 1688 2759 1746 videamus
2813 1689 2875 1745 in
2926 1689 3193 1748 bonitate
3238 1691 3563 1749 electorum

1915 1782 2176 1850 tuorum,
2197 1782 2263 1834 ut
2275 1776 2712 1834 exsultemusin
2732 1778 2937 1835 letitia
2961 1780 3152 1849 gentis
3178 1784 3313 1837 tue.
3343 1782 3565 1839 Letitia

1911 1882 2095 1941 porro
2125 1870 2227 1923 tua
2254 1867 2316 1923 in
2342 1883 2413 1923 eo
2443 1868 2642 1939 posita
2672 1872 2782 1935 est,
2813 1872 2878 1926 ut
2902 1868 3067 1925 cultu
3096 1873 3152 1926 et
3179 1871 3565 1927 veneratione

1915 1956 2081 2013 omni
2102 1956 2495 2027 dignissime,
2513 1972 2697 2013 sacre
2713 1960 2827 2013 tue
2848 1961 3208 2031 tuorumque
3222 1964 3566 2016 sanctorum

1915 2046 2243 2104 adorentur
2268 2046 2581 2117 imagines,
2613 2052 2796 2119 utque
2866 2047 3202 2104 secundum
3253 2065 3386 2105 eam
3427 2065 3566 2122 que

1917 2136 2247 2209 antiquitus
2268 2141 2395 2192 erat
2428 2136 2764 2193 decentiam
2792 2135 3018 2209 templa
3044 2137 3259 2194 iisdem
3280 2154 3570 2195 exornen-

1916 2224 2032 2279 tur.
2064 2225 2234 2278 Nunc
2265 2223 2442 2294 igitur
2468 2224 2633 2291 mihi,
2666 2226 2723 2279 et
2748 2225 2977 2281 cunctis
3026 2225 3175 2281 meis
3234 2226 3569 2298 sodalibus,

1917 2328 2109 2369 unum
2134 2328 2374 2368 mecum
2398 2311 2681 2385 idemque
2713 2314 3125 2385 sentientibus,
3177 2330 3436 2388 queque
3462 2330 3573 2387 pro

1920 2417 2233 2459 sacrarum
2264 2401 2624 2471 imaginum,
2644 2418 2756 2474 pro
2778 2403 2986 2459 matris
3038 2407 3152 2459 tue
3209 2404 3568 2476 purissime,

1918 2506 2028 2564 pro
2059 2506 2267 2546 eorum
2295 2491 2399 2562 qui
2420 2490 2595 2546 variis
2626 2491 2998 2563 temporibus
3023 2492 3213 2549 vitam
3268 2492 3356 2549 tui
3389 2507 3575 2549 causa

1919 2584 1975 2637 et
2004 2580 2362 2649 sanguinem
2388 2578 2746 2651 effuderunt,
2768 2595 2877 2652 pro
2908 2578 3166 2637 aliorum
3195 2581 3455 2655 denique
3467 2581 3574 2654 qui

1919 2683 2166 2742 quoquo
2194 2667 2378 2723 modo
2409 2669 2560 2739 grati
2581 2668 2687 2725 tibi
2712 2669 3059 2725 exstiterunt
3101 2670 3352 2735 honore,
3390 2676 3573 2729 certa-

1922 2774 2061 2815 men
2084 2773 2323 2814 mecum
2341 2758 2541 2814 subire
2564 2758 2812 2815 minime
2855 2758 3186 2816 detrectant
3216 2778 3230 2828 ;
3261 2760 3457 2829 nobis,
3481 2762 3571 2817 in-

200 2867 417 2926 quam,
446 2850 745 2909 universis
773 2852 976 2909 auxilii
1006 2853 1093 2909 tui
1140 2852 1451 2912 dexteram
1490 2871 1564 2912 ex
1610 2854 1958 2914 habitaculo
1988 2852 2091 2905 tuo
2121 2851 2327 2904 sancto
2371 2847 2647 2919 porrige;
2680 2846 3091 2905 inﬁrmitatem
3136 2854 3427 2917 nostram,
3467 2850 3575 2922 qui

206 2940 379 2999 solus
408 2944 601 3013 potes,
624 2940 955 3011 conﬁrma;
988 2942 1206 3014 largire
1234 2943 1390 3001 vires
1412 2948 1469 3001 et
1504 2943 1933 3003 fortitudinem.

284 3030 369 3094 ιζ’.
398 3037 521 3091 Ταῖς
548 3027 609 3085 δέ
630 3050 687 3103 γε
732 3034 825 3085 σὺν
883 3031 1014 3106 αὐτῇ
1072 3037 1160 3086 καί
1209 3037 1330 3107 περί
1377 3033 1540 3093 αὐτὴν
1589 3043 1811 3089 τοιαῦτα
1850 3038 1891 3093 C

205 3119 476 3180 δήπουθεν
544 3125 864 3195 προηγόρευε
928 3163 943 3179 .
998 3128 1105 3175 Νῦν
1179 3126 1358 3198 καιρός
1408 3121 1810 3198 εὐπρόσδεκτος,

205 3218 301 3264 νῦν
339 3211 510 3284 ἠμίρα
545 3214 826 3285 σωτηρίας.
879 3207 1254 3284 Ἐνδυσὼμεθα
1305 3213 1439 3267 ὅπλα
1476 3221 1568 3266 τοῦ
1599 3218 1766 3281 φωτός
1797 3235 1810 3247 ο

205 3301 349 3354 κατὰ
398 3306 500 3351 τῶν
526 3299 731 3373 ἕχθρῶν
761 3307 853 3360 τῆς
894 3297 1135 3362 ἀληθείας
1183 3307 1534 3376 χωρήσωμεν.
1582 3305 1818 3363 Θάνατος

205 3392 340 3463 ἡμῖν
401 3392 668 3462 πρόκειται
713 3409 727 3422 ·
776 3392 849 3461 μὴ
904 3388 1371 3464 φιλοψυχήσωμεν.
1446 3393 1671 3445 Βάσανοι
1715 3394 1816 3467 πρὸ

209 3479 440 3533 θανάτου
474 3482 563 3530 καί
597 3476 926 3551 κολαστήρια
952 3500 965 3512 ·
994 3483 1066 3551 μὴ
1129 3475 1471 3554 δειλιάσωμεν
1516 3477 1655 3555 μηδὲ
1722 3500 1818 3553 φο-

208 3566 455 3641 ϐηθῶμεν
496 3570 619 3629 τοὺς
657 3569 716 3621 τὸ
766 3575 920 3640 σῶμα
965 3570 1054 3641 μὲν
1096 3567 1419 3641 ἀποκτεῖναι,
1471 3574 1563 3630 τὴν
1617 3566 1677 3623 δε
1718 3569 1821 3641 ψυ-

205 3660 323 3732 χὴν
371 3660 446 3729 μή
526 3653 872 3730 παραϐλάψαι
930 3653 1261 3731 δυναμένους,
1331 3659 1395 3720 ὥς
1445 3661 1820 3734 προσετάχθη-

206 3762 327 3822 pl».
352 3742 425 3800 Ἦ
452 3747 556 3820 γὰρ
580 3744 641 3799 οὗ
665 3753 756 3807 τῆς
772 3747 1023 3820 ἡμετέρας
1054 3749 1250 3820 φύσεως
1281 3747 1503 3809 ἐτύσεως
1532 3748 1821 3822 ἕτύγχανον

210 3830 377 3890 οὖσαι
401 3835 456 3887 αἱ
483 3835 675 3888 ἄνωθεν
704 3839 795 3888 καί
851 3834 939 3888 ἀπ’
993 3835 1157 3898 αὐτῆς
1204 3844 1295 3899 τῆς
1339 3841 1465 3913 πρὸς
1522 3836 1822 3911 ἀνθρώπους

210 3920 504 3997 ἓπεδημίας
556 3931 689 3979 Θεοῦ
737 3926 864 4001 ὑπερ
920 3932 1053 3979 Θεοῦ
1122 3930 1214 3978 καί
1266 3934 1367 3979 τῶν
1414 3928 1561 3981 θείων
1619 3928 1820 4000 θεσμῶν

213 4010 583 4071 διαολήσασαι
634 4030 648 4081 ;
695 4011 873 4087 Ἰσμεν
934 4017 1053 4075 τοὺς
1107 4023 1202 4077 τῆς
1249 4018 1689 4091 πρωτομάρτυρος
1728 4020 1823 4069 Θί-

213 4101 344 4164 κλης
393 4100 597 4174 ἀγῶνας
647 4107 737 4155 καί
792 4103 860 4154 τὰ
925 4102 1274 4176 παλαίσματα
1350 4122 1362 4135 ·
1397 4104 1493 4157 οὐκ
1542 4103 1822 4177 ἀγνοοῦμεν

214 4194 343 4254 τοὺς
400 4199 498 4253 τῆς
542 4196 806 4267 μακαρίας
857 4191 1045 4254 ἄθλους
1098 4191 1390 4267 Βαρϐάρας,
1436 4198 1557 4256 τοὺς
1593 4202 1685 4255 τῆς
1712 4213 1824 4266 γεν-

216 4287 371 4344 ναίας
426 4281 666 4356 Εἰρήνης,
719 4286 842 4344 τοὺς
887 4287 978 4344 της
1034 4283 1414 4357 μεγαλόφρονος
1462 4284 1655 4348 ἐκείνης
1708 4292 1823 4338 Μα-

1995 3026 2079 3082 l6.
2104 3024 2326 3081 Exinde
2357 3023 2436 3079 ad
2465 3023 2724 3080 soldales
2750 3030 2907 3094 Lsuas
2933 3040 3244 3097 conversa,
3278 3025 3440 3082 hisce
3469 3041 3573 3084 eas

1919 3116 2173 3174 vocibus
2196 3119 2283 3171 est
2304 3114 2602 3171 allocuta:
2639 3116 2805 3170 Nunc
2840 3119 3096 3187 tempus,
3130 3131 3575 3183 sorores,acce-

1921 3204 2169 3278 ptabile,
2205 3219 2367 3259 nunc
2420 3218 2557 3259 vere
2596 3202 2722 3259 dies
2769 3208 2910 3259 sunt
2964 3202 3191 3260 salutis.
3245 3204 3577 3265 Induamur

1926 3309 2097 3351 arma
2120 3292 2289 3360 lucis,
2322 3297 2377 3348 et
2397 3292 2689 3348 adversus
2716 3292 3208 3364 hosteslveritatis
3230 3295 3575 3367 progredia-

1923 3398 2081 3442 mur.
2120 3385 2269 3440 Mors
2306 3381 2482 3438 nobis
2499 3386 2586 3437 est
2605 3382 2917 3455 proposita
2941 3382 3096 3439 :vite
3116 3384 3577 3454 igituramorem

1923 3472 2157 3529 nullum
2188 3470 2603 3543 preferamus.
2628 3471 2935 3528 Cruciatus
2954 3476 3210 3529 mortem
3237 3473 3579 3546 precedent

1924 3577 1995 3618 ac
2009 3560 2321 3634 supplicia,
2339 3560 2444 3616 sed
2461 3576 2583 3617 non
2596 3565 2847 3617 terream
2858 3577 2941 3633 ur,
2965 3577 3161 3636 neque
3184 3563 3577 3622 formidemus

1926 3666 2029 3708 eos
2054 3651 2159 3723 qui
2190 3650 2424 3723 corpori
2452 3650 2701 3722 quidem
2742 3656 2992 3707 mortem
3014 3650 3243 3721 afferre,
3276 3652 3383 3709 sed
3450 3655 3577 3712 ani-

1927 3755 2092 3795 mam
2121 3743 2395 3795 nostram
2415 3737 2633 3796 ledere
2645 3738 3049 3797 nullaratione
3075 3746 3579 3815 possunt;quem~

1928 3827 2262 3884 admodum
2288 3828 2631 3900 precipitur
2677 3829 2873 3885 nobis.
2937 3830 3220 3902 Nunquid
3264 3832 3424 3886 enim
3465 3848 3576 3890 na-

1929 3921 2076 3974 ture
2108 3921 2328 3973 nostre
2344 3922 2650 3973 consortes
2676 3933 2798 3973 non
2836 3920 3077 3974 fuerunt
3121 3919 3407 3977 sublimes
3445 3921 3576 3978 iste

1931 4006 2171 4076 anime,
2185 4022 2321 4079 que
2336 4007 2500 4078 apud
2514 4022 2762 4079 superos
2776 4007 2957 4063 modo
2970 4014 3302 4078 versantur,
3320 4025 3580 4083 queque

1932 4095 2009 4152 ab
2042 4095 2172 4167 ipso
2203 4095 2299 4151 Dei
2322 4096 2382 4150 in
2413 4099 2601 4151 terras
2633 4095 2896 4152 adventu
2918 4112 3026 4168 pro
3073 4100 3189 4153 Deo
3242 4098 3582 4171 divinisque

1932 4183 2169 4254 legibus
2199 4183 2618 4240 decertarunt?
2630 4184 2876 4251 Thecle,
2896 4185 3048 4241 inter
3062 4191 3356 4259 martyres
3374 4189 3584 4261 prime

1935 4289 2161 4344 agones
2183 4279 2239 4329 et
2291 4274 2619 4331 certamina
2645 4275 2978 4331 novimus:
3038 4291 3161 4332 non
3219 4278 3583 4335 beatissime

214 4376 390 4447 ρίνης,
427 4371 459 4429 ἣ
507 4376 597 4423 καί
647 4374 917 4447 τυράννοις
963 4370 1204 4444 ἀντέστη,
1262 4377 1350 4425 καί
1389 4371 1612 4447 δαίμοσι
1658 4392 1815 4449 προσ-

1938 4363 2234 4432 Barbare,
2262 4380 2385 4419 non
2416 4379 2721 4433 generose
2750 4366 2966 4433 Irenes,
3025 4382 3148 4423 non
3180 4369 3589 4437 magnanime

220 4460 492 4531 επάλαισε,
545 4464 633 4515 καί
667 4460 884 4536 λαμπρὰ
937 4461 1054 4515 καθ’
1115 4462 1364 4537 ἑκατέρων
1447 4466 1637 4522 ἔστησε
1707 4467 1826 4537 τρό-

224 4570 379 4609 παια.

298 4727 385 4792 ιζ.
438 4732 639 4805 Μικρὸν
684 4734 774 4798 μεν
802 4732 933 4792 ἴσως
959 4726 1106 4784 δοκεί
1158 4750 1272 4784 τισι
1320 4733 1379 4783 τό
1433 4731 1757 4805 τολμώμενον
1811 4752 1824 4766 ο

222 4819 333 4874 ἀλλ’
359 4822 476 4873 ἴστε
504 4823 641 4893 μέγα
662 4824 823 4873 κακόν
873 4823 933 4874 τό
986 4823 1131 4894 παρά
1180 4823 1300 4882 τούς
1360 4828 1459 4884 τῆς
1516 4821 1831 4885 Ἐκκλησίας

223 4912 451 4983 θεσμοὺς
506 4910 787 4983 ἅπανταχῆ
856 4916 945 4962 νῦν
998 4908 1380 4985 ἐνεργούμενον.
1433 4914 1504 4964 Τὸ
1570 4913 1673 4987 γάρ
1750 4930 1832 4965 τοι

222 5000 321 5063 τὰς
377 5000 517 5061 θείας
554 4996 851 5072 ἀπαλείφειν
894 4998 1115 5064 εἰκόνας,
1160 5004 1250 5053 καί
1312 5002 1433 5063 τούς
1498 5002 1665 5073 ἱεροὺς
1708 5004 1833 5063 νεὼς

224 5086 500 5162 διχρειοῦν,
523 5088 644 5147 ὅλην
692 5087 865 5151 ἁπλῶς
913 5095 1196 5163 παραποιεῖ
1242 5094 1337 5148 τήν
1384 5087 1667 5155 εὐσέϐειαν,
1718 5089 1831 5143 ὅλον

226 5176 401 5230 ἀθετεί
454 5180 513 5231 τὸ
564 5185 656 5238 τῆς
692 5176 1128 5254 ἕνανθρωπήσεως
1169 5185 1262 5231 τοῦ
1303 5184 1438 5231 Θεοῦ
1457 5183 1549 5231 καί
1602 5186 1834 5253 Σωτῆρος

227 5271 544 5342 μυστήριον.
592 5266 734 5322 Ἀλλ’
773 5266 817 5320 εἰ
866 5270 956 5322 καί
988 5270 1175 5343 μικρὸν
1228 5264 1309 5334 ἦν,
1356 5268 1548 5320 ὁπόσον
1600 5269 1731 5336 ἑστί,
1776 5270 1835 5321 τό

306 5465 384 5536 (5)
409 5463 718 5536 Coluntur,
749 5464 811 5536 VS.
832 5462 1099 5521 Barbara
1121 5467 1156 5520 4
1182 5462 1544 5536 Decembris,
1588 5466 1642 5521 S.
1672 5464 1838 5536 Irene

148 5550 151 5555 λ
237 5544 269 5595 5
309 5535 464 5607 Maii,
501 5536 557 5593 S.
620 5535 862 5606 Marine,
907 5536 1128 5594 Latinis
1174 5535 1508 5608 Margarita,
1554 5539 1625 5593 20
1654 5535 1834 5593 Julii:

1936 4452 2094 4508 illius
2119 4453 2353 4509 Marine
2378 4454 2453 4524 (5)
2482 4454 2834 4523 ignoramus
2872 4455 3098 4525 prelia,
3131 4473 3268 4529 que
3318 4458 3591 4529 tyrannis

1935 4542 2158 4615 pariter
2187 4547 2244 4597 et
2263 4542 2416 4597 dem
2425 4543 2642 4599 onibus
2659 4543 2961 4617 opposita,
2993 4544 3322 4615 gloriosum
3334 4546 3410 4603 de
3424 4547 3589 4604 utris-

1935 4647 2055 4704 que
2086 4634 2377 4703 tropeum
2416 4633 2641 4705 posuit.

2010 4725 2094 4775 17.
2127 4720 2334 4791 Exigui
2358 4720 2627 4778 fortassis
2655 4722 2945 4778 momenti
2976 4722 3346 4795 quibusdam
3382 4722 3589 4780 videa-

1937 4811 2036 4864 tur
2083 4807 2198 4864 ista
2241 4807 2610 4865 nefariorum
2667 4809 2983 4865 hominum
3028 4811 3394 4867 machinatio
3428 4828 3441 4866 :
3480 4811 3589 4868 sed

1936 4912 2046 4953 vos
2090 4896 2269 4966 longe
2318 4897 2533 4954 melius
2575 4898 2879 4967 institute,
2938 4898 3085 4954 illud
3122 4899 3350 4971 optime
3403 4900 3588 4969 scitis,

1937 5002 2061 5044 non
2094 4988 2392 5045 mediocre
2422 5004 2551 5044 esse
2600 4988 2853 5059 malum,
2894 4989 3058 5061 quod
3101 4993 3311 5047 contra
3362 4996 3592 5049 veteres

1940 5075 2208 5132 Ecclesie
2221 5077 2558 5135 sanctiones
2571 5076 2729 5149 impii
2742 5078 2963 5151 ubique
2977 5094 3138 5135 nunc
3152 5083 3289 5137 sunt
3300 5081 3590 5152 aggressi.

1942 5165 2182 5222 Divinas
2213 5165 2373 5222 enim
2406 5166 2723 5236 imagines,
2774 5167 2936 5224 calce
2992 5167 3231 5241 oblitas,
3290 5185 3363 5226 ex
3404 5170 3593 5227 oculis

1946 5253 2167 5322 tollere,
2191 5258 2246 5311 et
2267 5270 2437 5312 sacra
2464 5255 2980 5328 templainformia
3003 5274 3075 5315 ac
3096 5256 3328 5316 inutilia
3348 5258 3599 5316 reddere

1946 5452 2232 5595 guaspP.
2255 5450 2629 5526 precipuam
2652 5455 3100 5514 venerationem
3111 5454 3417 5526 habuisse,
3457 5453 3602 5514 alibi

1990 5554 2287 5595 ocmmus.

1990 5554 2287 5597 οοωωιιε.
