4084 6206
647 296 747 350 911

1831 292 2289 348 CONSTANTINI
2327 290 2812 349 ACBOPOLITE.
3852 313 3941 365 912

647 417 796 490 quid
822 415 986 473 aliud
1016 418 1107 471 est
1156 429 1340 487 quam
1367 414 1668 486 pietatem,
1719 432 1904 487 quam
1937 417 2256 487 religionen

2403 423 2493 468 καί
2530 423 2714 492 μικρόν
2744 437 2794 469 τι
2841 422 3000 490 νόμου
3053 419 3348 492 παραϐῆναι
3387 428 3476 474 καί
3523 424 3726 497 ἐντολῆς,
3781 431 3803 480 ὁ
3855 439 3939 484 Σω-

646 521 889 562 omnem
904 508 1160 561 evertere
1175 503 1461 570 funditus,
1483 509 1538 559 et
1564 505 1910 560 universum
1927 507 2288 562 lncarnatio-

644 595 738 650 nis
756 595 970 650 divinae
987 593 1336 665 mysterium
1352 593 1530 649 inane
1547 594 1792 649 reddere
1809 600 1988 666 atque
2009 595 2239 650 nullum
2261 596 2288 650 ?

640 687 711 740 At
737 684 1027 740 faciamus
1058 683 1229 755 parvi
1259 682 1425 754 quod
1484 689 1796 738 conantur.
1849 685 2063 749 Quanti
2088 690 2287 740 tamen

639 772 785 828 illud
809 772 1152 829 faciendum
1179 772 1253 828 sit
1283 772 1448 844 quod
1470 772 1862 828 velmediocre
1889 774 2190 846 quidpiam
2213 773 2288 830 de

636 861 765 932 lege
780 862 984 918 divina
1001 862 1370 918 etmandatis
1385 861 1762 932 infringatur,
1789 863 2060 919 Salvator
2085 868 2288 918 noster

637 966 708 1007 ac
727 951 1083 1007 Dominusin
1097 951 1490 1007 sacrosanctis
1517 951 1848 1021 Evangeliis
1871 952 2093 1021 docuit,
2126 951 2286 1007 viam

634 1041 1013 1114 prefectionis
1039 1042 1219 1096 unius
1242 1041 1362 1097 iota
1400 1040 1698 1112 uniusque
1729 1041 1916 1113 apicis
1947 1041 2141 1110 rigore
2174 1042 2284 1096 cir-

639 1131 1049 1186 cumscribens
1063 1173 1073 1184 .
1086 1132 1114 1184 J
1122 1147 1217 1186 am
1234 1146 1374 1186 vero
1387 1146 1570 1202 quam
1589 1129 1918 1199 gloriosum
1933 1130 2057 1194 erit,
2076 1131 2122 1184 si
2136 1129 2282 1185 divi-

633 1220 1044 1291 narumlegum
1059 1236 1133 1276 ne
1149 1219 1442 1276 minimam
1457 1219 1702 1293 quidem
1717 1225 1947 1291 partem
1961 1220 2282 1290 infringere

633 1311 1054 1366 sustineamus.
1075 1309 1137 1364 Ill
1150 1314 1337 1365 ustres
1353 1308 1658 1380 quondam
1675 1308 2015 1372 Machabzei,
2036 1324 2145 1364 nec
2159 1325 2281 1364 non

631 1400 985 1458 beatissima
1025 1399 1260 1454 illorum
1309 1403 1519 1465 mater,
1571 1403 1894 1469 praesentes
1951 1397 2276 1453 assistunt:

629 1489 809 1562 quale
837 1488 917 1544 illi
962 1488 1306 1559 exemplum
1360 1487 1748 1542 observandas
1807 1487 1952 1557 legis
2012 1487 2280 1543 similiter

631 1579 938 1634 certaturis
959 1577 1328 1648 reliquerunt
1363 1576 1390 1630 ‘I
1414 1577 1693 1632 Porcinas
1724 1592 1932 1631 carnes
1983 1577 2180 1632 solum
2215 1582 2278 1632 ut

626 1671 958 1739 gustarent,
991 1683 1028 1724 a
1057 1671 1315 1740 tyranno
1358 1665 1677 1737 compulsi,
1703 1681 1824 1721 non
1858 1666 2042 1721 modo
2074 1668 2124 1721 ei
2155 1683 2276 1724 non

2402 512 2497 581 τηρ
2559 510 2701 579 ἡμῶν
2750 512 2838 558 καί
2892 513 3155 571 Δεσπότης
3214 509 3260 561 ἐν
3301 520 3406 573 τοίς
3451 514 3940 585 Εὖαγγελίοιςέδιδα-

2401 595 2497 661 ξεν,
2538 597 2604 656 εἰς
2648 596 2695 648 ἓν
2725 596 2849 647 ἰῶτα
2879 603 2967 649 καί
3026 603 3149 669 μίαν
3213 606 3420 674 κεραίαν
3453 605 3506 653 τό
3558 603 3731 656 τέλειον
3772 627 3938 680 περιγε·

2397 692 2602 757 γραφώς
2638 707 2650 718 ·
2710 685 2894 744 ἡλίκην
2942 706 2994 738 τε
3049 692 3183 762 φέρει
3231 695 3322 747 τὴν
3368 691 3590 742 εὔκλειαν
3646 698 3698 745 τό
3743 702 3806 766 μὴ
3847 696 3937 750 ἀθε-

2395 781 2558 832 τῆσαι
2595 783 2694 826 τῶν
2759 777 3172 848 τεθεσπισμένων
3235 777 3419 854 βραχὺ
3466 783 3514 831 οἱ
3555 790 3762 851 γενναῖοι
3806 785 3934 837 πάλαι

2395 862 2748 930 Μακκαϐαἰοι,
2798 869 2887 915 καί
2929 870 3058 938 πρός
3104 885 3163 937 γε
3195 868 3220 924 ἡ
3256 873 3490 942 μακαρία
3544 873 3724 922 τούτων
3771 879 3932 946 μήτηρ,

2394 958 2753 1026 παρέστησαν,
2800 958 2885 1005 καί
2907 973 3016 1016 πως
3060 951 3357 1028 ὑπόδειγμα
3411 966 3517 1019 τοῖς
3574 958 3771 1022 ἐσαῦθις
3817 962 3932 1035 ἀκρι-

2394 1039 2514 1103 ϐοῦς
2570 1042 2797 1114 φυλακῆς
2850 1051 2949 1094 τῶν
3023 1049 3251 1116 νομίμων
3297 1045 3722 1100 καταλελοίπεσαν
3767 1072 3778 1082 ·
3821 1053 3930 1104 ὑείου

2391 1136 2546 1206 κρέως
2587 1129 2875 1203 ἀπογεῡσαι
2923 1136 3076 1204 μόνον
3142 1133 3570 1206 ἀναγκαζόμενοι,
3625 1141 3841 1209 οὖμενουν
3885 1141 3929 1191 οὗ

2390 1225 2718 1289 κατένευσαν,
2784 1220 2909 1273 ἀλλὰ
2965 1227 3054 1274 καί
3097 1229 3288 1296 μυρίας
3341 1225 3469 1295 ὑπὲρ
3523 1223 3672 1278 τοῦδε
3718 1226 3928 1299 βασάνους

2389 1313 2691 1369 ὑπέστησαν
2727 1333 2738 1344 ·
2771 1316 2863 1363 καί
2900 1318 3027 1387 πυρί
3056 1315 3155 1386 γὰρ
3193 1318 3284 1365 καί
3323 1311 3530 1388 σιδήρῳ
3583 1313 3926 1389 παραδοθέντες,

2388 1404 2477 1452 καί
2538 1407 2637 1452 πᾶν
2711 1402 3072 1472 ὑπενεγκόντες
3164 1399 3353 1469 δεινόν,
3413 1399 3666 1476 διέμειναν
3715 1404 3928 1480 ἀπερίτρε-

2387 1509 2526 1543 πτοι.
2580 1496 2744 1542 Τοῦτο
2803 1487 2870 1549 δὴ
2942 1489 2989 1541 ἐν
3032 1499 3100 1562 νῷ
3151 1489 3467 1564 βαλλόμεναι
3522 1499 3610 1544 καί
3655 1495 3802 1565 ἡμεῖς,
3856 1496 3925 1565 ἆγε

2387 1585 2513 1656 πρὸς
2571 1583 2653 1632 τόν
2715 1579 2841 1654 ὑπὲρ
2900 1590 2996 1644 τῆς
3049 1580 3308 1643 εὐσεϐείας
3363 1576 3517 1634 ἆθλον
3576 1586 3700 1655 μετὰ
3750 1585 3925 1659 θάρσους

2389 1665 2799 1740 ἀποδυσώμεθα,
2862 1673 3166 1742 σπεύσωμεν
3221 1672 3424 1742 φθάσαι
3479 1675 3564 1725 τὸν
3617 1682 3924 1746 κατεπιχειρῆ-

627 1757 1038 1824 obediverunt,
1097 1756 1202 1811 sed
1256 1756 1608 1811 innumeros
1674 1771 1917 1827 quoque
1960 1762 2256 1828 propterea

2390 1779 2479 1811 σαι
2520 1757 2831 1830 βουλόμενον
2888 1767 2978 1820 τῆς
3033 1761 3174 1821 θείας
3215 1767 3309 1813 τοῦ
3351 1768 3586 1836 Σωτῆρος
3609 1761 3781 1825 εἰκόνος
3830 1782 3924 1814 σπα-

625 1847 924 1904 cruciatus
952 1846 1405 1904 sustinuerunt:
1448 1845 1690 1916 ignique
1749 1861 1817 1899 ac
1872 1845 2026 1901 ferro
2081 1847 2276 1903 traditi
2389 1850 2594 1921 θάριον.

624 1941 679 1994 et
706 1940 1243 2010 quantumcunque
1275 1935 1483 2005 gravia
1511 1933 1830 1990 tolerantes
1871 1939 2184 2006 tormenta,
2220 1937 2558 1994 inconcussi
2578 1943 3052 2009 perseverarunt.
3081 1941 3246 1994 Nunc
3268 1938 3455 2010 igitur
3481 1944 3535 1997 et
3580 1956 3705 2008 nos,
3751 1941 3924 1997 illustre

621 2025 774 2084 adeo
795 2024 1138 2097 exemplum
1157 2028 1352 2080 mente
1380 2024 1704 2095 animoque
1732 2028 2058 2091 versantes,
2096 2024 2175 2080 ad
2207 2026 2522 2097 pulchrum
2555 2022 2662 2098 pro
2690 2026 2972 2098 religione
2995 2033 3295 2083 certamen
3326 2029 3705 2086 subeundum
3723 2029 3923 2086 ﬁdenter

620 2114 899 2172 accinctus
929 2130 1041 2171 nos
1071 2113 1474 2182 conferamus,
1508 2118 1563 2168 et
1608 2111 1954 2168 festinemus
2002 2113 2381 2184 spatharium
2430 2116 2631 2183 istum,
2681 2116 2786 2188 qui
2831 2115 3104 2188 impuras
3154 2132 3376 2173 manus
3441 2118 3500 2174 in
3549 2118 3794 2175 divinam
3837 2117 3924 2174 Sal-

619 2205 842 2263 vatoris
875 2203 1062 2261 nostri
1086 2203 1414 2271 imaginem
1443 2205 1618 2274 parat
1655 2201 1917 2272 injicere,
1951 2202 2229 2260 cohibere
2272 2221 2308 2261 a
2340 2204 2575 2261 scelere.

693 2295 777 2350 18.
812 2297 944 2350 Haec
973 2293 1090 2364 illa,
1119 2297 1177 2349 et
1225 2291 1537 2348 confestim
1560 2291 1637 2346 ad
1695 2290 1947 2346 Chalcen
1999 2291 2228 2348 accedit
2271 2315 2284 2348 :

618 2387 675 2440 et
695 2383 1060 2455 (oinsignem
1076 2380 1562 2438 animiﬁduciam
1596 2380 1635 2450 !)
1668 2395 1808 2435 mox
1837 2379 2093 2435 utfuitin
2124 2380 2279 2437 loco,

622 2471 920 2528 anemine
953 2470 1298 2526 mortalium
1329 2468 1633 2542 prohiberi
1666 2484 1726 2523 se
1775 2485 1978 2540 passa,
2033 2470 2179 2541 quin
2223 2474 2279 2526 et

615 2559 826 2615 ﬁdenti
855 2558 1018 2614 vultu
1050 2562 1295 2613 cunctos
1326 2561 1648 2628 praesentes
1670 2556 1900 2620 intuita,
1934 2557 2126 2612 scalas
2144 2573 2274 2629 ipsa

619 2647 895 2703 omnium
925 2647 1126 2719 prima
1151 2646 1462 2718 arripit,ac
1490 2643 1817 2712 sodalibus,
1866 2645 2023 2700 idem
2039 2651 2101 2700 ut
2126 2647 2269 2718 ipsa:

616 2737 860 2803 faciant,
903 2737 1128 2793 fortiter
1157 2737 1427 2808 imperat.
1475 2735 1584 2801 Qui
1637 2735 1814 2804 igitur
1865 2735 1924 2789 in
1970 2735 2267 2791 scalarum

616 2828 955 2883 summitate
973 2827 1102 2897 jam
1142 2825 1261 2880 fere
1320 2824 1681 2881 consistebat
1736 2824 1982 2896 impius,
2033 2840 2265 2880 sacram

620 2915 877 2987 effigiem
937 2920 1265 2988 antequam
1322 2914 1663 2986 corriperet,
1696 2913 1765 2968 iis
1815 2930 2120 2984 excussus,
2202 2915 2263 2968 in

613 3004 987 3077 profundum
1017 3003 1234 3060 inferni
1261 3002 1529 3071 corruit;
1582 3002 1848 3072 dejectus
1905 3008 1991 3057 est
2057 3002 2258 3057 enim:

611 3098 668 3149 et
694 3094 799 3166 qui
826 3093 1008 3166 paulo
1039 3099 1175 3150 ante
1205 3092 1526 3148 insolenter
1557 3107 1619 3146 se
1655 3092 1911 3163 jactans,
1963 3108 2029 3147 os
2082 3109 2258 3147 suum

610 3183 671 3239 in
701 3183 915 3240 caelum
938 3184 1190 3255 aperire,
1223 3186 1281 3238 et
1324 3180 1487 3238 caelis
1534 3180 1816 3237 omnibus
1865 3180 2257 3238 Excelsiorem

608 3271 893 3345 impetere
917 3272 1277 3345 blasphema
1332 3270 1539 3342 lingua
1588 3270 1778 3325 fuerat
1827 3287 2024 3336 ausus,
2085 3271 2257 3325 mise-

606 3364 868 3420 randum
899 3367 1037 3419 ante
1068 3361 1276 3418 oculos
1327 3360 1600 3416 omnium
1639 3359 1897 3415 cadaver
1931 3359 2139 3430 jacuit,
2161 3375 2257 3414 se-

606 3452 860 3526 pultura:
890 3452 1069 3508 etiam
1093 3452 1321 3508 honore
1338 3452 1633 3524 privatus.
1674 3449 2000 3521 Repentina
2031 3450 2255 3522 quippe

2469 2294 2558 2351 ιη’.
2624 2294 2781 2346 Ταῦτ’
2845 2296 2960 2366 ἔφη,
3017 2296 3167 2367 καίῇ
3226 2297 3397 2367 τάχος
3434 2299 3576 2369 παρὰ
3623 2301 3710 2354 τὴν
3756 2295 3915 2353 Χαλκῆν

2389 2387 2610 2454 γέγονεν.
2686 2381 2819 2435 Ἀλλ’
2867 2383 2906 2432 ὦ
2972 2387 3203 2453 γενναίου
3259 2383 3453 2455 ψυχῆς
3522 2384 3911 2458 παραστήματοςέ

2387 2471 2574 2523 αὐτίκα
2631 2478 2702 2541 τῷ
2749 2473 3152 2544 παραγενέσθαι,
3234 2470 3372 2544 μηδ’
3430 2474 3536 2534 ἑνός
3581 2473 3909 2548 ἐπιστραφεῐσα,

2382 2563 2580 2622 πάντας
2645 2562 2774 2632 ὁμοῦ
2830 2560 3230 2634 παραϐλέψασα,
3308 2571 3406 2625 τῆς
3462 2563 3701 2635 κλίμακος
3752 2560 3910 2636 δράττε-

2380 2667 2484 2718 ται,
2520 2654 2610 2700 καί
2636 2656 2746 2709 ταῖς
2796 2653 2888 2700 σὺν
2947 2649 3076 2722 αὐτῇ
3117 2649 3552 2704 συνεπιλαϐέσθαι
3583 2655 3628 2704 οἱ
3673 2649 3907 2703 διακελεύε-

2378 2757 2485 2794 ται.
2529 2743 2628 2790 Καὶ
2685 2746 2809 2808 γοῦν
2858 2740 2882 2788 ό
2923 2742 3173 2812 μετέωρος
3227 2739 3514 2813 τολμητὴς,
3544 2744 3709 2814 πρίνῆ
3759 2759 3800 2792 τι
3842 2747 3906 2798 τῆς

2378 2828 2517 2887 θείας
2547 2827 2733 2887 εἰκόνος
2798 2827 3162 2897 λωϐήσασθαι,
3224 2829 3290 2889 εἰς
3347 2827 3481 2900 ᾆδον
3535 2829 3776 2903 βάραθρον
3819 2847 3904 2879 κατ-

2373 2920 2629 2973 ενήνεκται
2686 2937 2698 2949 ·
2751 2921 2928 2968 πίπτει
2997 2922 3087 2968 καί
3141 2920 3262 2989 γὰρ,
3318 2924 3409 2970 καί
3457 2920 3482 2970 ὁ
3551 2923 3668 2979 τέως
3743 2925 3903 2990 αυριών,

2371 3010 2460 3055 καί
2491 3009 2548 3056 τό
2608 3010 2778 3077 στόμα
2807 3006 2880 3067 εἰς
2943 3005 3157 3080 οὐρανόν
3213 3008 3437 3079 θέμενος,
3469 3013 3556 3060 καί
3605 3012 3683 3060 τόν
3741 3009 3904 3078 ὑπερθν-

2313 3148 2328 3164 η
2368 3096 2543 3164 ράνιον
2595 3096 2835 3168 ἄντικρυς
2902 3093 3252 3167 βλασφημῶν,
3322 3105 3512 3170 πτῶμα
3561 3093 3791 3152 δύστηνον
3845 3096 3902 3162 γέ·

2367 3202 2502 3254 γονε,
2574 3180 2704 3255 μηδ’
2766 3185 2979 3256 ἐκφορᾶς
3049 3183 3352 3256 ἀξιούμενος
3406 3229 3418 3242 ,
3467 3188 3492 3238 ό
3537 3189 3633 3261 γὰρ
3677 3185 3901 3256 ἀπρόοπτος

2370 3273 2588 3333 θάνατος
2615 3275 2737 3333 τοὺς
2775 3277 2891 3346 περί
2937 3272 3092 3324 αὐτὸν
3124 3269 3428 3348 διεθρόησε,
3485 3279 3571 3326 καί
3621 3273 3752 3326 ἀλλον
3791 3269 3898 3321 ἀλλα-

2364 3368 2469 3433 χοῦ
2498 3357 2831 3426 διεσκέδασε,
2873 3367 2966 3419 τήν
3003 3380 3056 3414 τε
3110 3363 3378 3435 μακαρίαν
3426 3368 3513 3416 καί
3542 3365 3631 3424 τὰς
3679 3367 3759 3414 σὺν

2365 3452 2535 3510 πάσας
2565 3449 2832 3526 ἐλευθέρως
2852 3450 3008 3509 ἀνῆκε
3036 3455 3129 3509 τὴν
3264 3451 3412 3504 οἰκου
3444 3453 3755 3528 πορεύεσθαι.

603 3540 868 3598 hominis
927 3541 1138 3596 nefarii
1193 3541 1425 3612 punitio
1483 3555 1692 3595 omnes
1755 3539 1857 3610 qui
1910 3539 2250 3610 spectaculo
2306 3538 2641 3608 interfuere,
2697 3539 2977 3595 attonitos
3029 3538 3312 3606 reddidit,
3366 3546 3543 3614 atque
3605 3539 3766 3596 alium
3812 3534 3891 3590 alio

602 3629 739 3686 fecit
761 3629 1083 3687 abscedere
1109 3647 1121 3697 ;
1153 3629 1235 3686 ita
1266 3632 1324 3684 Β.
1347 3627 1696 3685 Theodosiae
1729 3632 1784 3684 et
1810 3627 2038 3684 cunctis
2061 3644 2196 3700 quae
2235 3643 2374 3684 cum
2402 3627 2536 3700 ipsa
2565 3632 2734 3684 erant
2769 3627 3140 3699 viriginibus,
3172 3629 3430 3688 domum
3476 3646 3536 3687 se
3565 3629 3695 3686 tutis
3728 3624 3888 3684 referre

602 3717 784 3775 licuit.

678 3812 762 3865 l9.
789 3810 1002 3865 Verum
1036 3807 1200 3881 quod
1232 3807 1453 3864 factum
1505 3807 1715 3875 fuerat,
1764 3805 1945 3863 latere
2002 3806 2248 3862 minime

600 3897 792 3970 potuit
817 3897 1252 3953 ferocissimum
1282 3911 1504 3966 regem,
1533 3895 1636 3967 qui
1663 3910 1889 3965 magna
1919 3911 2060 3952 mox
2081 3896 2246 3951 rabie

597 3986 658 4043 in
681 4003 883 4044 sacras
905 3989 1024 4044 Deo
1045 3986 1327 4057 virigines
1349 3984 2046 4049 concitatus,infrenduit.
2072 3985 2246 4050 Quid-

595 4077 744 4150 quid
773 4077 953 4147 igitur
996 4076 1260 4132 habebat
1311 4074 1629 4147 supercilii,
1699 4075 1760 4128 ni
1792 4075 1872 4130 ita
1918 4073 2138 4141 dicam,
2183 4075 2244 4128 in

595 4181 785 4222 unum
808 4181 1180 4236 congregans
1210 4182 1222 4221 :
1257 4168 1362 4220 Per
1391 4169 1592 4237 caput,
1640 4164 1849 4235 inquit,
1897 4181 2096 4219 meum
2126 4163 2243 4233 (hic

595 4255 815 4311 scilicet
835 4255 1076 4325 regibus
1108 4254 1340 4327 pridem
1372 4255 1623 4310 usitatus
1648 4253 1893 4324 jurandi
1951 4270 2084 4307 mos
2130 4252 2242 4324 est)

591 4342 757 4400 haud
779 4345 1057 4417 equidem
1074 4344 1315 4400 credam
1340 4361 1411 4400 ex
1431 4344 1599 4400 vobis
1614 4342 1875 4414 aliquem
1903 4357 2107 4396 amare
2122 4358 2238 4411 me,

2430 3805 2511 3860 ιθ’.
2540 3804 2676 3859 Ἀλλ’
2706 3808 2893 3878 ᾔσθετο
2946 3814 3036 3860 τοῦ
3073 3812 3348 3880 γενομένου
3390 3811 3417 3861 ό
3456 3811 3753 3882 θηριώνυμος
3774 3802 3890 3875 βασι-

2354 3893 2484 3965 λεὺς,
2518 3900 2609 3948 καί
2639 3900 2774 3968 μέγα
2798 3916 2847 3948 τι
2874 3901 2964 3948 καί
3011 3899 3192 3972 ἄγριον
3233 3898 3354 3950 κατ’
3396 3897 3563 3950 αὐτῶν
3609 3897 3740 3955 εὐθὺς
3783 3891 3883 3963 ἔϐρυ-

2352 3990 2580 4055 χήσατο.
2624 3990 2972 4057 Συναγηοχὼς
3012 3989 3132 4058 γὰρ,
3197 3985 3256 4037 ἶν’
3311 3987 3447 4039 οὕτω
3513 3991 3676 4059 φαίην,
3718 3986 3767 4034 τὸ
3811 3980 3885 4030 ἔπι-

2354 4076 2583 4141 σκύνιον,
2657 4075 2730 4125 Οὐ
2787 4078 2859 4146 μὰ
2912 4079 3005 4132 τὴν
3060 4073 3204 4146 ἐμὴν,
3253 4078 3446 4150 εἴρηκε,
3506 4073 3708 4147 κεφαλὴν
3757 4072 3881 4140 (τοῦτο

2353 4157 2421 4219 δὴ
2452 4166 2510 4214 τό
2537 4163 2608 4224 εἰς
2638 4165 2787 4236 όρκον
2828 4170 2933 4224 τοῖς
2982 4162 3293 4236 βασιλεῦσιν
3340 4166 3405 4225 ὡς
3452 4163 3534 4217 ἰπὶ
3585 4162 3700 4216 πολὺ
3746 4173 3878 4231 προφι-

2349 4251 2604 4323 ρόμενον),
2647 4256 2708 4304 οὗ
2746 4255 2860 4304 τινά
2891 4271 2954 4324 με
3006 4251 3164 4324 φιλεῖν
3214 4253 3356 4325 ὑμῶν
3408 4255 3687 4325 ἡγήσομαι,
3734 4247 3769 4300 εἰ
3810 4251 3876 4294 τῶν

2349 4359 2424 4400 τις
2481 4344 2782 4415 κακούργων
2836 4348 3053 4394 τουτωνὶ
3113 4346 3338 4413 γυναίων
3399 4350 3583 4417 χεῖρας
3645 4341 3722 4400 τὰς
3787 4333 3875 4404 illi;

593 4433 641 4487 si
656 4431 749 4488 vel
773 4449 894 4489 una
925 4433 1228 4505 quaepiam
1260 4449 1290 4488 e
1318 4432 1668 4488 facinorosis
1718 4431 1845 4486 istis
1890 4430 2238 4485 mulieribus

2383 4433 2617 4502 εαφύγοι,
2649 4434 2830 4502 καὶμὴ
2873 4428 2965 4483 διὰ
3028 4432 3228 4502 τάχους
3279 4431 3334 4483 ἐκ
3391 4441 3490 4484 τῶν
3529 4434 3727 4483 σκοτίων
3774 4428 3872 4492 σφῶν

588 4537 807 4577 manus
833 4538 999 4578 meas
1029 4521 1291 4592 effugiat,
1325 4527 1426 4578 aut
1446 4537 1568 4576 non
1582 4537 1793 4575 omnes
1812 4521 2116 4589 continuo,
2166 4536 2238 4576 ex

587 4611 806 4668 abditis
833 4629 1079 4669 suarum
1103 4611 1326 4668 mdium
1356 4612 1416 4666 in
1434 4611 1740 4683 publicum
1784 4614 2233 4680 protractze,au-

585 4701 770 4759 daciae
792 4707 969 4760 tanta:
1001 4719 1214 4775 poenas
1241 4700 1606 4773 persolvant.
1637 4699 1771 4754 Haec
1817 4698 1912 4754 vix
1968 4699 2235 4755 edixerat

581 4791 927 4865 imperator,
952 4808 1090 4847 cum
1119 4807 1149 4846 e
1180 4788 1464 4844 ministris
1519 4788 1646 4858 ejus
1679 4787 1939 4859 plurimi,
1993 4804 2100 4860 per
2116 4788 2233 4844 alia

581 4882 680 4938 alii
730 4882 895 4939 urbis
941 4881 1078 4938 loca
1124 4878 1402 4952 dispersi,
1457 4877 1867 4946 religiosarum
1927 4878 2227 4947 virginum

578 4971 794 5028 domos
821 4977 876 5028 et
913 4972 1078 5027 urbis
1104 4969 1283 5026 totius
1310 4967 1674 5024 monasteria
1706 4969 2063 5039 perscrutari
2089 4973 2230 5025 sunt

577 5062 843 5130 aggressi
872 5080 889 5132 ,'
914 5061 1215 5132 requirent
1253 5059 1497 5132 quidem
1515 5063 1570 5114 et
1598 5057 1746 5112 alias
1786 5073 2016 5125 omnes,
2069 5075 2227 5130 quae-

577 5165 815 5222 cunque
883 5151 1120 5221 injicere
1178 5150 1236 5204 in
1289 5148 1665 5220 spatharium
1699 5163 1958 5202 manuus
1989 5148 2224 5203 fuerant

575 5255 769 5308 ausae,
804 5239 913 5293 sed
937 5239 1177 5293 beatam
1207 5238 1601 5293 Theodosiam
1643 5237 1992 5307 cumprimis
2051 5254 2220 5292 com-

573 5328 944 5401 prehendere
982 5328 1307 5399 cupientes.
1346 5329 1473 5382 Non
1512 5326 1668 5381 enim
1699 5325 2024 5382 mediocria
2055 5343 2217 5398 quaa-

570 5433 712 5473 nam
730 5416 1113 5486 autvulgaria
1126 5415 1592 5471 adversusillam
1618 5415 1890 5470 meditari
1919 5416 2216 5470 suisvisus

569 5505 763 5562 fuerat
782 5523 904 5573 rex,
937 5520 1123 5578 quam
1151 5503 1422 5559 omnium
1454 5506 1713 5576 primam
1748 5504 1979 5558 facinus
2033 5503 2214 5559 fuisse

570 5612 914 5670 aggressam
929 5594 1235 5661 didicerat,
1251 5599 1307 5652 et
1319 5594 1398 5651 rei
1416 5594 1591 5651 totius
1605 5593 1896 5649 exstitisse
1928 5605 2201 5648 causam.

2346 4519 2641 4590 οἰκημάτων
2710 4522 3192 4594 συναθροισθεῖσαι,
3246 4517 3401 4583 δίκας
3467 4529 3556 4574 τοῦ
3609 4517 3872 4589 τολμήματος

2344 4612 2561 4662 τίσειαν.
2630 4608 2785 4661 Ταῦτ’
2843 4611 2957 4680 ἔφη,
3001 4614 3088 4661 καί
3145 4610 3192 4661 οἱ
3238 4612 3517 4685 παρευθὺς,
3581 4607 3714 4665 ἄλλος
3760 4598 3867 4652 ἀλλα·

2345 4705 2451 4769 χοῖ
2514 4694 2953 4772 διαμερισθέντες,
3021 4700 3088 4750 τὰ
3142 4706 3236 4760 τῆς
3262 4699 3453 4759 πόλεως
3510 4698 3698 4769 σεμνεῖσί
3733 4709 3775 4741 ἐ
3807 4688 3866 4736 καί

2340 4793 2712 4860 φροντιστήρια
2798 4784 3155 4860 διειληφεσᾶν,
3235 4787 3605 4848 ἀναζητοῦντες
3674 4784 3748 4855 μὲν
3804 4774 3863 4825 καί

2337 4878 2430 4937 τὰς
2486 4876 2660 4947 ἄλλας,
2705 4878 2827 4928 ὅσαι
2879 4895 2936 4948 γε
2980 4885 3073 4929 τοῦ
3125 4879 3419 4952 σπαθαρίου
3465 4876 3859 4944 κατεπεχείρησανι

2337 4968 2435 5037 πρό
2469 4961 2710 5018 δ’ἄλλων
2763 4965 2979 5018 ἁπασῶν
3038 4970 3132 5025 τὴν
3183 4966 3446 5039 μακαρίῶ
3497 4967 3678 5019 ταύτην
3725 4947 3861 5010 θεοδν

2337 5054 2455 5106 σίᾶν
2506 5075 2518 5087 ·
2577 5055 2671 5106 οὐκ
2718 5054 2869 5126 ὀλίγα
2927 5060 3016 5107 καί
3084 5058 3184 5129 γὰρ
3237 5053 3505 5108 ἰδιαίτατα
3569 5053 3710 5125 φθαίη
3754 5044 3857 5112 σφίσι

2332 5149 2448 5218 περί
2495 5144 2656 5204 αὐτῆς
2735 5143 3036 5215 ἕπισκήψας
3083 5148 3109 5198 ὁ
3163 5144 3428 5218 βασιλεὺς,
3480 5139 3771 5219 πρωτουργόν
3790 5128 3848 5180 ἀτί

2330 5235 2641 5305 μεμαθηκὼς
2662 5239 2749 5285 καί
2795 5237 2852 5285 τὸ
2882 5241 2980 5286 πᾶν
3013 5230 3084 5286 δι’
3111 5234 3277 5295 αὐτῆς
3329 5234 3568 5305 γονέσθαι
3605 5226 3637 5281 δ
3642 5222 3848 5297 ιεγνωκώς-

2333 5327 2433 5375 Καί
2463 5319 2530 5380 δὴ
2573 5327 2771 5385 ταύτας
2829 5323 3173 5393 συλλέξαντες,
3202 5325 3273 5386 εἰς
3303 5324 3348 5376 ἓν
3395 5324 3590 5380 ἁπάσας
3635 5312 3848 5393 συνήθροι-

3159 5390 3167 5393 -
3803 5390 3816 5406 I

2329 5431 2424 5464 σαν
2455 5433 2468 5445 ·
2507 5416 2600 5463 σὺν
2628 5408 2679 5464 δ’
2719 5412 2952 5474 ἁπάσαις
2977 5419 3071 5471 τὴν
3102 5416 3227 5488 ὑπὲρ
3255 5413 3460 5471 ἁπάσας
3497 5414 3581 5462 καί
3623 5405 3745 5464 ἡλίου
3793 5407 3845 5494 οἰ·

2325 5522 2420 5560 κην
2466 5500 2687 5577 ἀστέρας
2757 5504 2846 5564 τὰς
2876 5502 3034 5564 ἄλλας
3110 5504 3567 5576 ὑπεραυγάζουσαν
3614 5498 3747 5567 μέσον
3774 5503 3842 5535 αν

2322 5600 2422 5643 τῶν
2457 5594 2580 5651 ἔστη
2591 5610 2685 5645 σαν
2711 5598 2798 5646 καί
2820 5601 2892 5665 τῷ
2923 5591 3133 5666 βασιλεί
3161 5595 3608 5666 συμπαρέστησαν.
