4084 6206
180 313 282 372 913
1517 313 1764 373 ΙΝ8.Τ]

1872 312 2183 373 )DOSIAM.
3441 305 3546 362 914

176 435 656 511 Comprehensas
678 450 823 509 ergo
847 452 1060 494 omnes
1081 436 1144 495 in
1173 436 1482 511 publicum
1507 438 1729 511 pariter
1747 439 2105 514 protrahunt
2131 456 2145 491 :
2193 435 2301 494 sed
2330 439 2387 493 et
2430 450 2570 492 cum
2600 432 2886 492 omnibus
2917 446 3054 489 eam
3097 445 3364 505 quoque,
3405 444 3547 504 qua

171 525 523 601 pracellens
574 526 884 595 omnibus,
915 526 1000 585 uti
1038 527 1129 584 sol
1164 543 1287 601 pra
1343 527 1546 597 stellis,
1592 527 1741 588 alias
1792 528 2119 603 superabat
2154 526 2409 599 fulgore,
2464 526 2734 597 ipsarum
2772 523 2835 580 in
2868 521 3089 593 medio,
3120 535 3326 579 coram
3354 519 3544 594 impe-

171 620 374 675 ratore
398 614 787 674 constituunt.

241 704 313 764 κ’.
364 704 426 760 Ὀ
507 702 568 760 δε
611 709 703 759 καὶ
765 709 898 781 πρὸς
958 708 1050 780 μεν
1124 708 1221 770 τὰς
1298 706 1452 770 ἄλλας
1517 707 1764 784 βλοσυρὲη

1963 709 2054 764 20.
2086 705 2187 763 Ille
2232 720 2395 777 vero,
2441 704 2504 761 in
2550 702 2702 760 alias
2748 700 2998 775 quidem
3053 714 3266 758 omnes
3304 701 3544 758 torvum

170 793 375 866 ἔϐλεψε,
440 799 553 864 καὶ,
618 792 729 849 Ἰνα
794 799 868 866 τί,
932 799 1084 868 φησὶ,
1148 792 1388 855 δύστηνα
1440 799 1650 871 γύναια,
1714 798 1781 859 εἰς

172 890 427 937 τοσοῦτον
497 884 646 943 ἣκετε
714 882 925 957 τόλμης,
993 887 1061 947 ὡς
1134 890 1226 939 καὶ
1288 893 1593 959 προπαγῆς
1653 884 1779 959 ἐμῆς

175 971 461 1042 ἆλογῆσαι,
501 976 592 1026 καὶ
629 974 717 1026 τὸν
782 971 901 1047 έμόν
964 975 1255 1049 σπαθάριον
1302 975 1408 1048 οὐχ
1458 976 1537 1029 ότι
1589 995 1649 1047 γε
1686 983 1777 1029 τοῦ

168 1063 326 1135 ἔργου
363 1058 753 1134 παραποδίσαι,
814 1060 943 1116 ἀλλὰ
996 1067 1086 1116 καὶ
1145 1062 1308 1136 βιαίῳ
1363 1065 1562 1137 θανάτῳ
1602 1083 1777 1138 παρα-

168 1150 378 1224 πέμψαι
430 1168 445 1219 ;
506 1155 645 1226 Πρὸς
696 1148 756 1206 δι
785 1155 878 1211 τήν
934 1157 1196 1228 μακαρίαν
1248 1156 1443 1213 ταύτην
1484 1151 1777 1209 Θεοδοσίαν

169 1237 528 1315 έπεστραφεὶς,
583 1239 694 1294 Οὐκ
761 1240 936 1304 ἔλαθές
1000 1261 1111 1314 μοι,
1158 1250 1466 1318 κακοῦργον,
1514 1244 1628 1315 ἔφη,
1686 1246 1776 1295 καὶ

166 1334 496 1405 μιαρώτατον
532 1331 746 1401 γύναιον
776 1351 789 1363 ·
822 1329 916 1383 οὐκ
968 1331 1206 1402 ἠγνοήσά
1262 1351 1356 1384 σου
1413 1335 1471 1384 τό
1499 1330 1774 1403 ἀλόγιστον

170 1419 384 1491 θράσος,
418 1418 476 1470 οὐ
511 1422 603 1477 τήν
650 1417 950 1494 παράϐαλον
996 1419 1211 1493 τόλμαν,
1265 1420 1371 1492 οὐχ
1427 1421 1453 1472 ὃ
1513 1426 1629 1494 περὶ
1686 1424 1773 1473 τὸν

168 1508 465 1581 σπαθάριον
518 1504 769 1583 ἔδρασας,
820 1513 911 1562 καὶ
972 1511 1042 1570 ὡς
1099 1508 1287 1571 ἀνεῖλες
1334 1518 1406 1582 τῷ
1462 1509 1565 1583 ἕμῷ
1610 1530 1773 1583 προσ-

163 1599 402 1669 τάγματι
444 1598 874 1671 ὑπηρετούμενον.
923 1597 1139 1671 Ἔμοιγε
1169 1598 1415 1675 ἀντήρας,
1475 1598 1590 1652 κατ’
1649 1598 1773 1672 ἐμοῦ

165 1686 259 1745 τὰς
311 1692 496 1758 χεῖρας
546 1685 793 1750 έκίνησας
847 1707 862 1723 ο
918 1689 1186 1763 τοιγάρτοι
1237 1685 1523 1750 διαναστὰς
1587 1690 1768 1760 ἔγωγε,

164 1777 263 1836 τὰς
292 1776 419 1850 ὑπὲρ
460 1774 686 1848 ἐμαυτοῦ
739 1773 892 1840 δικας
928 1775 1224 1847 ἀπαιτήσω,
1276 1783 1363 1830 καὶ
1421 1775 1642 1841 δικαίως
1691 1780 1771 1830 ὅτι

162 1859 424 1935 λήψομαι,
471 1869 561 1917 καὶ
609 1868 671 1923 τὴ
732 1864 905 1918 εἰκότα
953 1884 1010 1918 σε
1074 1870 1169 1924 τὴν
1235 1864 1498 1940 ἀλάστορα
1533 1885 1766 1938 τισομαι,

164 1952 238 2013 ὣς
261 1956 335 2025 μή
393 1956 477 2005 τόν
529 1951 839 2027 βουλόμενον
895 1962 996 2006 τῶν
1048 1953 1429 2028 βασιλευόντων
1483 1954 1555 2016 εἰς
1609 1959 1772 2007 νέωτα

164 2043 592 2115 κατεπαίρεσθαι,
630 2038 922 2116 μηδόὔτω
950 2046 1089 2096 κατὰ
1143 2052 1239 2106 τῆς
1291 2041 1468 2120 ἀρχῆς
1515 2040 1771 2097 αὑθαδιά-
1802 2078 1842 2132 Β

166 2131 372 2192 ζεσθαι.
416 2129 550 2183 Ἀλλ’
586 2134 753 2185 ἔνεστι
809 2131 1319 2207 μεταϐουλευσαμένῃ
1367 2138 1456 2185 καὶ
1497 2135 1767 2207 πεισθείσῃ

162 2218 567 2291 συμϐουλεύοντι
596 2220 765 2284 πλέον,
806 2222 836 2280 ἡ
870 2223 938 2284 ὠς
977 2218 1189 2295 βασιλεί
1219 2241 1302 2274 σοι
1353 2224 1768 2295 προστάσσοντι,

159 2310 519 2381 περισωθῆναι
685 2306 815 2383 τῇδε
844 2315 933 2363 καὶ
973 2307 1263 2363 διαϐιῶσαι
1330 2314 1767 2386 περιφανέστατα,

160 2394 269 2449 ἐκεῖ
298 2392 359 2449 δὲ
382 2402 619 2473 γενομένῃ
647 2408 740 2461 τῆς
769 2403 1032 2474 μακαρίας
1070 2398 1264 2463 ἐκείνης
1318 2408 1502 2473 τυχεῖν
1556 2400 1768 2463 λήξεως.

1890 797 2151 863 intuens,
2183 798 2253 853 Ut
2281 792 2452 867 quid,
2478 792 2578 860 ait,
2602 790 2865 848 infelices
2891 789 3277 857 muliercula,
3301 804 3372 846 eo
3397 802 3541 862 pro-

1890 886 2148 944 cessistis
2168 884 2459 951 audacia,
2487 887 2550 940 ut
2582 898 2704 939 non
2726 897 2862 940 mea
2878 880 3063 938 modo
3092 879 3381 937 mandata
3399 893 3542 936 con-

1888 978 2177 1044 temnere,
2224 974 2328 1032 sed
2377 988 2583 1030 meum
2632 985 2875 1045 quoque
2914 970 3287 1043 spatharium
3325 968 3404 1026 ab
3438 984 3539 1026 eo-

1885 1066 2158 1122 rumdem
2173 1064 2585 1122 mandatorum
2600 1059 3335 1133 exsecutione‘prohibere,
3349 1073 3541 1132 neque

1884 1154 1949 1211 id
1976 1154 2191 1222 solum,
2216 1169 2426 1210 verum
2457 1151 2694 1209 funesta
2720 1150 2897 1207 etiam
2927 1152 3117 1206 morte
3162 1148 3364 1205 delere
3413 1163 3540 1205 non

1884 1244 2009 1300 sitis
2036 1243 2236 1300 verita
2264 1243 2293 1297 ?
2316 1242 2410 1298 Ad
2437 1242 2681 1298 beatam
2710 1238 2927 1296 deinde
2955 1237 3355 1295 Theodosiam
3392 1253 3537 1295 con-

1881 1348 2088 1389 versus
2113 1351 2125 1388 :
2161 1336 2309 1400 Non,
2333 1330 2663 1404 inquiebat,
2691 1331 2873 1386 latere
2902 1344 2998 1384 me
3026 1326 3292 1400 potuisti,
3316 1326 3538 1385 facino-

1878 1436 2020 1478 rosa
2039 1425 2095 1478 et
2123 1420 2443 1478 mulierum
2474 1420 2743 1475 omnium
2766 1416 3032 1490 pessima
3063 1431 3223 1472 :non
3253 1415 3401 1473 mihi
3429 1415 3541 1473 fuit

1881 1509 2088 1580 ignota
2114 1515 2216 1566 tua
2232 1509 2332 1565 illa
2356 1509 2671 1564 infranata
2688 1505 2995 1577 jactantia,
3021 1519 3143 1561 non
3165 1503 3426 1561 audacia
3449 1504 3539 1561 in-

1882 1598 2084 1670 signis.
2119 1598 2264 1655 Novi
2296 1597 2562 1670 profecto
2584 1593 2880 1668 quidquid
2903 1593 3191 1649 adversus
3220 1592 3535 1649 satellitem

1880 1704 2105 1755 meum,
2136 1691 2191 1744 te
2219 1685 2539 1743 hortatrice
2564 1700 2634 1742 ac
2663 1684 2838 1748 duce,
2858 1687 3095 1754 gestum
3115 1681 3309 1753 fuerit,
3335 1685 3393 1738 et
3411 1696 3537 1755 qua

1878 1776 2108 1832 ratione
2138 1775 2480 1831 ministrum
2491 1772 2669 1844 regiis
2693 1770 3210 1843 obtemperantem
3230 1769 3534 1828 mandatis

1877 1864 2212 1921 interimere
2241 1863 2489 1920 minime
2512 1861 2899 1918 dubitaveris.
2923 1859 3057 1916 Mihi
3088 1874 3226 1915 cum
3248 1874 3318 1916 eo
3348 1859 3534 1917 modo

1878 1970 2029 2011 ausa
2058 1970 2121 2009 es
2152 1951 2479 2018 adversari,
2504 1955 2639 2007 tuas
2671 1951 2880 2006 contra
2908 1948 3208 2020 meipsum
3246 1963 3465 2004 manus
3496 1964 3533 2006 a

1878 2046 1933 2099 te
1951 2041 2296 2114 compulsas
2315 2040 2495 2096 fuisse
2509 2040 2786 2109 ignorare
2806 2052 2928 2093 non
2954 2041 3144 2109 potes.
3163 2038 3329 2092 Nunc
3352 2036 3533 2108 igitur

1877 2131 2043 2188 haud
2073 2147 2218 2187 sane
2235 2130 2459 2202 injusto
2490 2129 2809 2185 adversum
2832 2130 2884 2183 te
2913 2126 3110 2182 furore
3137 2140 3530 2197 consurgens,

1878 2235 1989 2292 pro
2021 2219 2257 2277 sceleris
2270 2217 2687 2287 magnitudine
2708 2231 2920 2289 panas
2931 2229 3246 2288 reposcam
3262 2232 3276 2283 ;
3291 2230 3401 2271 nec
3420 2214 3531 2271 mi-

1878 2327 1993 2367 nus
2016 2312 2175 2383 juste
2203 2310 2403 2383 reipsa
2431 2324 2670 2364 sumam
2692 2305 3052 2380 supplicium
3071 2304 3249 2361 simul
3266 2307 3323 2361 et
3340 2304 3530 2362 vindi-

1881 2404 2060 2469 ctam,
2084 2404 2148 2456 ut
2165 2415 2343 2456 nemo
2363 2398 2541 2469 regiis
2568 2413 2700 2453 sese
2706 2396 2891 2469 jussis
2922 2395 3315 2467 imposterum
3343 2409 3529 2467 oppo-

160 2498 327 2555 nere,
367 2485 556 2542 aliave
585 2487 814 2544 ratione
849 2487 1070 2544 audeat
1124 2492 1333 2545 contra
1362 2488 1695 2562 principem
1752 2487 1980 2544 efferre.
2031 2490 2198 2544 Potes
2246 2492 2447 2543 tamen
2480 2486 2552 2556 (si
2581 2484 2669 2540 vis
2693 2488 2928 2540 mutare
2955 2486 3241 2549 mentem,
3296 2484 3354 2538 et
3391 2497 3532 2539 sua-

158 2569 343 2642 denti,
371 2580 476 2632 aut
498 2577 714 2649 potius,
750 2580 814 2633 ut
851 2592 1056 2648 regem
1086 2577 1275 2645 decet,
1328 2577 1649 2651 imperanti
1701 2577 1939 2651 parere)
1986 2576 2082 2633 hic
2134 2576 2380 2650 quidem
2426 2573 2646 2631 salvari
2684 2578 2742 2630 et
2793 2570 3278 2646 splendidissime
3306 2570 3529 2642 vivere,

157 2663 221 2719 in
249 2662 436 2721 altero
465 2668 665 2722 autem
695 2664 912 2723 saculo
945 2666 1124 2723 beata
1152 2666 1374 2734 perfrui
1405 2666 1630 2739 requie.

230 2752 331 2810 κα’.
395 2753 554 2807 Ἀλλὰ
630 2764 734 2816 πῶς
800 2754 860 2808 ἂν
945 2754 1103 2819 ἀξίως
1161 2761 1571 2830 παραστήσαιμι
1626 2755 1762 2829 λόγῳ

158 2847 251 2900 τήν
296 2845 431 2916 μετὰ
476 2843 673 2906 παλλής
722 2846 800 2897 ὄτι
854 2849 1103 2907 συνέσεως
1149 2854 1242 2908 τῆς
1301 2846 1576 2921 Μάρτυρος
1633 2845 1763 2899 ἁπό-

157 2951 334 3007 κρισιν
391 2936 522 3008 πρὸς
583 2937 671 2987 τόν
710 2936 955 3009 τύραννον
1016 2939 1223 3002 ;ποίαν
1261 2934 1416 3007 λόγου
1473 2934 1763 2993 πεπλουτη-

157 3026 261 3082 κὼς
308 3018 533 3095 δύναμιν
593 3038 607 3090 ;
659 3023 690 3082 ἣ
738 3022 928 3095 μᾶλλον
983 3026 1138 3076 ποίαν
1208 3022 1436 3096 εἰληχὼς
1495 3022 1762 3077 ἐπίπνοιαν

156 3111 369 3180 ἄνωθεν,
400 3106 473 3163 δι’
512 3111 570 3172 ἧς
609 3111 740 3169 αὕτη
768 3116 859 3164 καὶ
893 3120 1058 3185 σοφῶς
1113 3111 1443 3189 ἀπεκρίνατο,
1500 3118 1590 3166 καὶ
1648 3132 1762 3165 νου-

156 3208 324 3272 νεχῶς
364 3198 674 3274 ἐπεστόμισε
712 3202 798 3253 τὸν
834 3199 1095 3278 βλοσυρὸν
1154 3205 1246 3261 τὴν
1315 3201 1493 3289 ὀφρὺν,
1540 3205 1627 3254 τὸν
1665 3206 1760 3261 τὴν

154 3288 385 3361 γλῶτταν
414 3288 593 3359 πολὺν,
642 3294 728 3342 τόν
771 3291 1013 3366 ἄντικρυς
1069 3298 1337 3343 καταπιεῖν
1398 3290 1558 3349 αὐτὴν
1615 3289 1761 3364 βρεν-

158 3380 400 3452 θυόμενον
444 3382 577 3432 κατὰ
612 3382 698 3433 τόν
747 3378 1041 3433 ένοικοῡντά
1096 3381 1165 3451 οἱ,
1220 3383 1307 3432 τόν
1373 3384 1466 3439 τήν
1518 3388 1618 3452 γῆν
1670 3386 1759 3433 καὶ

155 3467 424 3567 θάλασσαν
454 3467 728 3542 ἐξαλείφειν
785 3468 1139 3545 ἐπαιρόμενον,
1188 3472 1251 3531 ὡς
1306 3468 1413 3522 ένόν
1462 3489 1551 3540 μοι
1593 3478 1760 3522 ταῦτα
1800 3511 1839 3567 C

153 3552 525 3630 διεννοήσομαι
614 3574 628 3625 ;
714 3562 804 3611 καὶ
848 3561 917 3619 ὡς
974 3557 1027 3622 ἐξ
1082 3559 1288 3611 εἰκότων
1347 3557 1463 3634 ἐρῶ.
1536 3557 1757 3631 Ἔγωγε,

150 3653 301 3719 φησὶ,
359 3645 599 3719 βασιλεῦ,
644 3646 698 3699 έκ
749 3642 944 3710 παιδός
990 3648 1136 3709 εὐθὺς
1181 3652 1273 3707 τήν
1337 3650 1579 3719 ἡσυχίαν
1644 3646 1758 3701 ἐπό-

153 3737 316 3805 θησα,
381 3741 472 3788 καὶ
521 3740 581 3794 τὴ
656 3734 784 3809 ἐμὴν
842 3741 1100 3810 σωτηρίαν
1153 3734 1409 3804 ἐζήτησα,
1456 3741 1545 3789 καὶ
1607 3734 1757 3789 οὐδέν

147 3844 210 3897 με
256 3834 361 3877 τῶν
418 3825 510 3878 τοῦ
566 3830 766 3900 κόσμου
850 3835 1095 3902 τερπνῶν,
1172 3831 1299 3880 Θεοῦ
1378 3831 1754 3900 συναραμένου,

150 3922 241 3977 τῆς
267 3917 560 3990 προθέσεως
602 3923 936 3988 μεταστῆσαι
993 3920 1295 3988 κατίσχυσε
1328 3937 1340 3948 ·
1382 3919 1472 3968 καὶ
1510 3922 1597 3966 νῦν
1644 3917 1758 3968 ἴσθι

147 4010 243 4066 τῆς
284 4008 414 4078 πρὸς
440 4007 568 4058 Θεὸν
599 4003 805 4076 ἀγάπης
859 4014 957 4057 τῶν
1023 4004 1262 4058 ἁπάντων
1315 4000 1466 4058 οὐδὲν
1521 4003 1756 4063 ἀποστή-

148 4099 371 4148 σειν.⁴Ὸ
395 4100 521 4165 γοῦν
550 4091 609 4145 ἃν
650 4097 725 4152 εἴη
784 4113 868 4148 σοι
922 4092 1241 4168 βουλομένῳ,
1300 4099 1369 4168 μή
1425 4098 1756 4154 κατοκνήσας

145 4182 242 4254 ἄγε
309 4177 378 4240 δὴ
418 4186 678 4258 πέρανον·
714 4185 902 4259 σάρκες
959 4181 1077 4236 ἰδοὺ
1132 4182 1319 4247 ξαίνειν
1378 4182 1539 4246 αὐτὰς
1592 4187 1753 4256 πρόσ-

142 4290 319 4340 ταττε,
366 4270 613 4346 ἁρμονίας
667 4271 826 4345 μελῶν
895 4268 1148 4344 διασπᾷν,
1207 4271 1339 4325 ὀστᾶ
1402 4271 1753 4338 συνθλάττειν,

141 4359 339 4433 κεφαλῇ
388 4365 483 4418 την
535 4365 697 4434 τομήν
735 4360 1013 4432 ἐπενεγκεῖν
1050 4382 1061 4395 ·
1095 4359 1143 4413 ἕν
1203 4360 1403 4435 βραχεῖ
1446 4381 1599 4435 φημι,
1664 4370 1755 4422 τῆς

142 4445 331 4502 ἐνθάδε
359 4452 497 4512 ζωῆς
528 4455 800 4525 στέρησον,
861 4450 925 4512 ὡς
964 4453 1025 4503 ἄν
1082 4470 1145 4524 με
1200 4453 1383 4504 θᾶττον
1437 4459 1499 4510 τῆ
1565 4451 1753 4523 αἰωνίῳ

139 4545 234 4592 καὶ
273 4544 530 4614 κρείττονι
570 4540 993 4615 παραπέμψειας.

1942 2757 2037 2813 21.
2069 2757 2201 2823 Qua
2232 2771 2393 2812 nunc
2415 2769 2529 2827 ego
2552 2751 2791 2810 dicendi
2827 2750 3109 2809 facultate
3161 2749 3532 2825 sapientissi-

1870 2862 2039 2903 mam
2072 2846 2351 2918 martyris
2384 2844 2463 2901 ad
2494 2849 2822 2917 tyrannum
2847 2840 3528 2915 responsioneminme-

1869 2935 2039 2992 dium
2065 2935 2370 3009 proferam
2394 2934 2423 2988 Ἰ
2460 2949 2586 3006 qua
2611 2931 2937 2988 verborum
2976 2946 3047 2987 ac
3096 2928 3531 2986 sententiarum

1870 3024 2047 3097 copia
2077 3026 2421 3090 instructus,
2453 3022 2548 3079 vel
2578 3022 2778 3095 potius
2803 3036 2928 3093 qua
2958 3019 3032 3076 de
3059 3019 3215 3077 calo
3272 3017 3530 3092 inspira-

1869 3114 2030 3171 tione
2056 3117 2397 3170 commotus
2419 3112 2447 3167 ?
2473 3126 2579 3184 per
2615 3109 2860 3183 qualem
2890 3108 3112 3164 scilicet
3134 3108 3270 3180 ipsa
3305 3111 3364 3163 et
3392 3122 3530 3179 pru-

1869 3204 2077 3260 denter
2141 3199 2470 3275 respondit,
2531 3202 2588 3256 et
2639 3199 3053 3255 obmutescere
3128 3195 3265 3253 fecit
3334 3195 3525 3269 illum,

1870 3290 2184 3365 supercilio
2216 3289 2473 3347 ferocem
2503 3292 2559 3345 et
2589 3303 2690 3345 ore
2714 3286 3020 3356 turgidum
3063 3303 3078 3355 ;
3118 3284 3307 3356 illum,
3339 3284 3530 3343 instar

1868 3382 2165 3439 damonis
2180 3377 2666 3447 seinhabitantis,
2681 3376 3055 3433 frendentem
3078 3391 3149 3433 ex
3171 3374 3426 3433 adverso
3448 3375 3528 3433 ad

1866 3469 2320 3541 deglutiendam
2351 3468 2565 3541 ipsam,
2589 3470 2933 3539 terramque
2956 3469 3013 3521 et
3040 3480 3207 3521 mare
3258 3480 3323 3521 se
3347 3480 3526 3538 posse

1867 3560 2107 3617 abolere
2121 3562 2612 3632 praesumentem;
2632 3555 2944 3631 quomodo
2957 3554 3102 3612 talia
3122 3553 3269 3611 mihi
3281 3555 3524 3612 credam

1866 3647 2433 3721 comprehensibilia
2453 3663 2606 3710 esse,
2631 3650 2735 3703 aut
2762 3662 2834 3702 ea
2850 3643 3274 3701 convenienter
3305 3643 3524 3701 valebo

1866 3738 2104 3811 eloqui?
2126 3741 2269 3809 Ego,
2290 3734 2959 3811 respondit'l‘heodosia,
2970 3737 3100 3807 jam
3121 3734 3525 3808 indeaprima

1864 3832 2034 3884 atate
2053 3827 2367 3900 quietioris
2400 3826 2553 3883 etab
2584 3825 2752 3883 omni
2780 3824 3099 3881 hominum
3138 3824 3384 3896 strepitu
3423 3839 3522 3880 re-

1862 3918 2135 3975 motioris
2175 3918 2309 3974 vita
2337 3916 2634 3973 desiderio
2665 3930 2922 3973 accensa
2942 3913 3048 3984 fui,
3101 3930 3137 3971 ο
3168 3914 3518 3986 imperator,

1862 4024 1973 4064 nec
1987 4008 2190 4063 minus
2218 4006 2654 4079 consequenda
2678 4004 2882 4063 salutis
2911 4020 3062 4061 mea
3095 4002 3365 4060 studiosa
3377 4001 3520 4076 ,sed

1863 4113 1973 4154 nec
2003 4096 2165 4153 exiis
2192 4096 2548 4169 quidquam,
2571 4111 2709 4168 qua
2753 4093 3019 4150 mundus
3053 4093 3115 4149 in
3170 4090 3348 4148 bonis
3396 4090 3519 4148 suis

1863 4185 2221 4259 gaudiisque
2246 4185 2446 4255 habet,
2465 4201 2501 4241 a
2523 4188 2799 4257 suscepto
2824 4182 3074 4240 consilio
3100 4195 3382 4239 revocare
3396 4198 3514 4252 me,

1862 4278 1982 4331 Deo
2029 4275 2181 4332 bene
2220 4274 2499 4347 propitio,
2539 4273 2744 4330 valuit.
2784 4275 2949 4329 Nunc
2987 4286 3233 4345 quoque
3269 4270 3386 4327 hoc
3411 4269 3518 4329 tibi

1862 4370 1951 4422 est
1980 4364 2312 4436 sciendum,
2339 4381 2369 4420 e
2400 4363 2584 4420 rebus
2632 4362 2912 4420 omnibus
2970 4362 3200 4419 nullam
3244 4361 3513 4434 reperiri,

1861 4472 1996 4529 qua
2028 4471 2063 4511 a
2079 4455 2180 4511 Dei
2202 4454 2485 4511 charitate
2499 4452 2691 4526 possit
2709 4468 2805 4509 me
2826 4452 3010 4509 modo
3035 4452 3157 4509 ullo
3190 4450 3513 4519 abducere,

1862 4543 1918 4599 Si
1948 4544 2125 4617 igitur
2180 4544 2262 4600 ita
2302 4543 2410 4599 tibi
2452 4543 2707 4613 videtur,
2756 4558 2889 4614 age,
2943 4536 3110 4598 nulla
3158 4541 3515 4615 interposita

139 4644 340 4699 mora,
362 4644 573 4685 necem
596 4629 743 4686 aﬂer
767 4648 779 4686 :
804 4629 1059 4686 exhibeo
1090 4645 1309 4703 corpus
1341 4646 1545 4686 meum
1577 4630 1653 4687 ad
1683 4631 1977 4705 supplicia
2006 4651 2017 4688 :
2051 4632 2401 4690 verberibus
2426 4632 2573 4689 illud
2611 4632 2757 4704 jube
2784 4632 3064 4703 discerpi,
3088 4631 3504 4688 membrorum

139 4732 391 4790 quoque
419 4718 693 4773 omnium
719 4732 1076 4791 compagem
1105 4718 1374 4791 dissolvi,
1412 4718 1703 4791 confringi
1730 4735 1868 4778 ossa
1902 4739 1915 4789 ;
1948 4722 2158 4795 capitis
2197 4722 2632 4778 abscissionem
2659 4722 2908 4795 impera,
2931 4727 3131 4793 atque,
3164 4725 3229 4777 ut
3256 4719 3512 4776 breviter

137 4807 367 4876 dicam,
400 4807 532 4863 vita
548 4806 728 4879 hujus
753 4823 938 4864 usura
967 4807 1189 4881 privari
1215 4824 1309 4865 me
1334 4808 1501 4880 jube,
1534 4813 1600 4865 ut
1628 4809 1798 4867 citius
1836 4811 1915 4868 ad
1957 4811 2357 4868 immortalem
2396 4810 2827 4884 melioremque
2878 4810 3065 4867 vitam
3095 4824 3203 4882 per
3240 4812 3293 4866 te
3316 4811 3508 4865 trans-

139 4898 371 4955 mittar.
1716 4952 1719 4955 ,

213 4985 322 5059 κβ.
375 4989 588 5047 Τούτοις
644 4987 670 5039 ό
723 4989 963 5060 τύραννος
1029 4985 1382 5062 έξαπορηθεὶς,
1455 4994 1544 5041 καὶ
1614 4991 1743 5064 πρὸς
1777 4991 1820 5045 D

138 5079 231 5137 τὰς
282 5075 467 5137 λοιπὰς
504 5079 591 5128 τόν
639 5075 790 5148 λόγον
834 5075 1165 5151 τρεψάμενος,
1232 5076 1367 5131 Ἀλλ’
1436 5080 1582 5151 ὑμεῖς
1661 5097 1740 5150 γε,

137 5169 296 5238 φησί,
339 5170 411 5238 μὴ
451 5173 515 5239 τῇ
588 5170 932 5241 ματαιόφρονι
988 5169 1152 5239 ταύτῃ
1226 5166 1742 5237 κατακολουθήσητε,

134 5251 271 5329 μηδ’
304 5253 355 5316 ές
383 5263 630 5307 τοσοῦτον
667 5260 857 5327 μανίας
910 5254 1108 5323 ἔλθητε,
1163 5254 1229 5315 ὡς
1270 5260 1359 5307 καὶ
1419 5264 1518 5307 τῶν
1571 5254 1744 5308 ἐνταῦ-

136 5347 205 5397 θα
236 5340 408 5403 ἡδέων
449 5345 763 5419 στερηθῆναι
815 5349 906 5397 καὶ
956 5352 1056 5397 τῶν
1113 5341 1277 5396 έκεῖσε
1328 5342 1433 5416 οὐχ
1476 5345 1651 5411 ἧττον,
1699 5344 1743 5396 εἰ

131 5438 209 5506 μὴ
258 5431 471 5507 μᾶλλον,
522 5432 813 5507 ἀμοιρήσαι
857 5440 1101 5506 τερπνῶν,
1160 5436 1250 5484 καὶ
1294 5436 1419 5508 πρός
1468 5453 1527 5504 γε
1574 5452 1741 5486 κατα-

131 5520 464 5581 δικασθῆναι
503 5524 719 5575 θάνατον
757 5525 844 5574 τὸν
890 5520 1163 5575 ἀθάνατον.
1219 5522 1283 5573 Αἱ
1324 5516 1404 5585 δε,
1459 5522 1527 5585 ὡς
1579 5521 1741 5585 καλῆς

133 5608 475 5666 διδασκάλου
523 5612 678 5666 καλαὶ
738 5620 809 5686 τῷ
865 5616 973 5665 ὄντι
1018 5613 1329 5686 μαθήτριαι,
1387 5616 1473 5672 Μή
1540 5615 1739 5687 γένοιτο

1923 4994 2012 5045 22.
2045 4992 2164 5045 Hoc
2192 5004 2485 5062 responso
2515 4988 2593 5046 ad
2621 5003 2921 5045 summam
2969 4985 3198 5044 consilii
3232 4984 3507 5059 inopiam

1854 5078 2150 5134 adductus
2214 5084 2529 5151 tyrannus,
2582 5077 2845 5148 virgines
2904 5076 3055 5133 alias
3118 5075 3235 5133 hoc
3290 5074 3509 5134 iterum

1854 5184 2129 5225 sermone
2160 5168 2517 5240 compellat:
2551 5170 2663 5224 Vos
2694 5171 2848 5224 certe
2874 5166 3056 5223 nolite
3085 5167 3316 5223 insana
3365 5164 3508 5223 huic

1851 5256 2084 5312 mulieri
2130 5257 2506 5330 pertinaciter
2549 5256 2875 5324 adharere,
2940 5272 3131 5330 eoque
3187 5255 3507 5313 dementia

1849 5346 2151 5418 progredi,
2178 5351 2243 5403 ut
2272 5363 2378 5402 vos
2409 5351 2466 5402 et
2494 5347 2565 5402 iis
2617 5363 2754 5421 qua
2800 5346 2897 5404 hic
2928 5350 3065 5403 sunt
3099 5344 3278 5403 bonis
3320 5345 3505 5403 orbas

1849 5450 2001 5499 esse,
2030 5441 2087 5492 et
2116 5436 2338 5509 quain
2392 5436 2579 5495 altera
2625 5437 2743 5494 vita
2795 5437 3192 5510 reperiuntur,
3257 5434 3506 5509 paribus

1849 5529 2021 5592 certe,
2083 5526 2131 5581 si
2178 5542 2301 5583 non
2376 5526 2728 5599 majoribus,
2798 5525 3201 5599 voluptatibus
3256 5523 3501 5597 privari,

1847 5614 1995 5686 quin
2024 5615 2206 5673 etiam
2245 5616 2323 5672 ad
2348 5621 2603 5674 mortem
2636 5615 3026 5674 condemnari
3055 5619 3362 5684 aternam,
3395 5627 3504 5686 pa-
