4084 6206
598 336 703 391 915

1844 330 2301 389 CONSTANTINI
2324 332 2790 389 ACROPOLITE

3807 343 3894 397 M6

594 458 850 527 tiamini,
880 459 998 517 Illae
1036 462 1257 526 autem,
1321 459 1775 531 quemadmodo
1841 460 2094 531 egregias
2124 476 2251 517 ma-

2380 462 2534 534 ἣμᾶς,
2562 465 2712 534 φασὶ,
2765 467 2829 533 τῇ
2892 461 3214 533 θεοπνεύστῳ
3268 462 3413 535 ἡμῶν
3458 462 3647 516 ὶναντία
3686 474 3897 540 φρονῆσαι

602 552 798 623 gistraa
838 550 1163 622 discipulas
1194 548 1446 606 decebat
1502 565 1624 606 non
1682 550 1882 606 minus
1938 551 2248 622 egregias:

604 640 790 710 Absit,
814 639 1111 712 inquiunt,
1155 643 1221 694 ut
1245 655 1383 694 cum
1424 639 1707 695 divinitus
1732 640 2025 713 inspirata
2068 646 2257 698 matre

606 744 677 784 ac
708 729 996 798 magistra
1026 733 1236 783 nostra
1265 744 1388 784 non
1421 728 1633 785 eadem
1668 729 2018 801 sentiamus,
2050 735 2114 786 ut
2144 731 2259 787 tuis

606 833 837 873 morem
866 832 1149 889 geramus
1202 817 1525 884 blanditiis,
1566 823 1632 874 ut
1686 819 1864 875 minis
1909 822 2256 876 terreamur.

607 907 798 977 Hujus
826 921 939 963 nos
970 906 1236 964 instituta
1258 923 1327 963 ac
1356 924 1555 963 mores
1575 909 1901 981 sequimur,
1931 908 2009 964 ab
2046 910 2162 966 hac
2186 925 2261 966 ne

607 1012 978 1067 separemur,
993 1013 1131 1052 cum
1146 997 1557 1053 obsecratione
1572 998 1850 1070 petimus.
1878 1000 2261 1071 Quaecunque

606 1084 786 1156 igitur
814 1086 891 1142 ab
917 1101 988 1143 ea
1018 1086 1122 1142 tibi
1153 1086 1312 1142 dicta
1342 1091 1500 1153 sunt,
1552 1087 1766 1143 eadem
1793 1103 1829 1143 a
1883 1087 2059 1145 nobis
2103 1087 2264 1145 dicta

606 1172 713 1230 tibi
738 1179 971 1246 putato.
1014 1176 1244 1245 Ingenti
1275 1176 1354 1231 ad
1384 1176 1513 1233 haec
1534 1176 1719 1233 verba
1747 1176 1944 1233 furore
1984 1176 2263 1249 impletus

606 1267 931 1336 tyrannus:
955 1265 1226 1331 Insanas,
1248 1265 1558 1333 exclamat,
1578 1266 1857 1322 mulieres
1880 1283 1910 1322 e
1941 1270 2264 1338 conspectu

2364 556 2721 625 μυσταγωγῷ,
2778 554 2849 623 μὴ
2928 557 3042 613 ταῖς
3116 558 3235 613 σαῖς
3319 550 3498 615 ὑπεξαι
3561 554 3795 626 θωπείαις,
3838 563 3894 629 μὴ

2368 642 2652 715 θροηθῆναι
2728 645 2839 701 ταῖς
2919 638 3171 703 ἀπειλαῖς.
3267 642 3469 703 Ταύτης
3534 641 3674 716 ὶσμὶν
3724 643 3896 719 ὀπαδοὶ,

2365 732 2529 803 ταύτῃ
2562 733 2651 782 καὶ
2708 738 3029 801 συνταγῆναι
3082 732 3373 804 ποιούμεθα
3421 727 3494 783 δι’
3532 731 3687 803 εὐχῆς
3716 754 3728 766 ο
3751 732 3895 807 ἆγοῦν

2366 820 2511 893 παρὰ
2539 821 2730 880 ταύτης
2760 817 3014 889 ἀκήκοας,
3044 818 3189 873 ταῦτ’
3240 821 3485 896 ἄντικρυς
3530 824 3614 873 καὶ
3639 822 3749 895 παρ’
3784 824 3896 896 ἡμῶν

2369 907 2609 969 ἀκηκοὼς
2627 912 2869 979 γίνωσκε.
2905 916 3094 981 Θυμοῦ
3123 908 3339 971 πληθεὶς
3358 907 3441 962 ἐπὶ
3487 911 3726 972 τοὺτοιςό
3755 914 3897 985 τύραν-

2366 1017 2472 1065 νος,
2498 1002 2897 1064 Μεταστήσατε,
2939 1002 3088 1071 φησὶ,
3155 1001 3243 1060 τὰς
3289 997 3682 1072 ἀπονενοημένοις
3722 998 3768 1063 ἐξ
3802 999 3896 1072 iam}

2370 1084 2464 1141 διὰ
2492 1092 2701 1160 ταχίος,
2734 1088 2766 1148 ἦ
2798 1086 2987 1161 μᾶλλον
3008 1086 3063 1140 ἐκ
3092 1094 3183 1141 τοῦ
3206 1086 3330 1161 βίου
3368 1091 3434 1141 τὰ
3457 1089 3674 1142 κάκιστα
3697 1094 3898 1148 ποιήσατε

2367 1179 2577 1249 γύναια,
2626 1175 2787 1249 βιαίῳ
2845 1178 3046 1248 θανάτῳ
3079 1174 3348 1252 παράδοτε
3392 1178 3462 1239 ὧς
3485 1177 3545 1230 ἄν
3574 1179 3625 1230 αἱ
3657 1186 3737 1239 τῆς
3776 1178 3899 1241 αὐτῆς

2372 1266 2618 1329 ἀπονοίας
2641 1270 2712 1339 μη
2744 1273 2837 1319 τοῦ
2883 1266 3065 1319 λοιποῦ
3093 1267 3458 1340 κατατολμῷεν
3488 1270 3552 1320 τὰ
3594 1268 3896 1341 παραπλήσια.

604 1367 741 1409 meo
758 1355 1115 1426 quantocius
1136 1355 1405 1427 abripite,
1438 1359 1542 1412 aut
1570 1356 1785 1427 potius,
1812 1361 1876 1412 ut
1934 1360 2237 1412 merentur
2287 1354 2511 1411 crudeli
2559 1359 2749 1412 morte
2795 1355 3086 1428 perimite,
3138 1360 3204 1412 ut
3249 1356 3297 1412 si
3344 1371 3483 1429 quas
3535 1356 3693 1414 istius
3745 1356 3898 1415 adhuc

604 1441 872 1499 fortassis
900 1446 1038 1501 sunt
1068 1443 1404 1515 dementiae,
1441 1444 1658 1501 similia
1686 1449 2029 1518 perpetrare
2060 1444 2501 1502 exhorrescant.

2101 1571 2324 1627 CAPUT
2377 1569 2468 1624 IV.

1111 1694 1176 1751 S.
1212 1693 1552 1752 Theodosia:
1568 1700 1703 1765 post
1723 1695 2022 1753 sociarum
2051 1709 2251 1752 necem
2281 1694 2525 1751 crudele
2551 1695 2917 1767 martyrium
2951 1699 3010 1752 et
3037 1695 3237 1765 gloria
3264 1693 3331 1751 in
3362 1695 3544 1753 catis.

681 1823 770 1876 23.
797 1815 957 1873 Talia
986 1832 1124 1873 cum
1167 1817 1413 1875 dixisset
1469 1823 1786 1891 tyrannus,
1833 1818 2118 1875 continuo
2151 1818 2261 1874 mi-
2304 1819 2344 1873 Β

609 1909 777 1968 nistri
800 1908 947 1978 ejus,
965 1909 1253 1979 tanquam
1268 1907 1419 1977 ignis
1435 1907 1599 1978 ligna
1620 1908 1965 1981 corripiens,
1995 1912 2266 1964 sanctam

612 1997 889 2057 auferunt
917 2011 952 2052 a
983 2000 1308 2068 conspectu
1362 1997 1547 2069 ipsius
1596 2017 1609 2067 ;
1655 2002 1711 2054 et
1758 2003 2000 2054 caeteras
2049 1997 2267 2071 pariter

611 2104 751 2146 cum
791 2103 862 2144 ea
904 2084 1235 2151 abducunt,
1292 2086 1535 2143 trahunt
1581 2104 1687 2159 per
1727 2087 1937 2152 crines,
1992 2085 2267 2143 maxillas

609 2177 969 2253 percutiunt,
1003 2191 1109 2247 per
1145 2174 1377 2248 plateas
1424 2181 1665 2249 raptant
1691 2176 2031 2233 insolenter.
2076 2180 2267 2249 Atque

609 2268 722 2325 has
764 2265 1010 2339 quidem
1068 2264 1303 2337 absque
1354 2282 1527 2322 mora
1583 2266 1897 2322 crudeliter
1947 2265 2264 2333 trucidant,

608 2355 1109 2427 venerandasque
1139 2370 1347 2411 revera
1396 2356 1691 2424 victimas,
1742 2356 2047 2425 religionis
2078 2370 2266 2411 causa

610 2448 922 2514 mactatas,
956 2443 1193 2499 Numini
1223 2460 1505 2515 supremo
1538 2446 1753 2500 sistunt
1797 2444 2075 2501 homines
2103 2444 2267 2501 nefa-

609 2532 702 2590 rii.
733 2537 1051 2606 postremae
1100 2532 1620 2588 condcmnationis
1677 2533 1738 2588 in
1794 2532 2006 2588 ultimo
2058 2533 2269 2589 mundi

609 2628 904 2694 tempore,
935 2636 1058 2677 non
1081 2620 1207 2676 sine
1237 2621 1455 2691 insigni
1481 2638 1591 2678 suo
1622 2622 1872 2694 pudore,
1909 2621 2087 2677 futuri
2138 2623 2222 2678 rei
2253 2639 2267 2679 :

612 2712 856 2770 beatam
901 2725 1041 2767 vero
1090 2710 1509 2780 Theodosiam,
1541 2711 1616 2767 de
1667 2728 1788 2784 qua
1824 2711 2119 2785 plurimus
2147 2711 2272 2783 regi

615 2801 807 2858 fuerat
835 2815 1051 2867 sermo,
1085 2799 1163 2856 ad
1194 2799 1440 2856 alteram
1498 2805 1803 2857 servantes
1853 2802 2268 2873 quaestionem,

615 2893 833 2949 iterum
875 2904 1014 2944 cum
1054 2904 1126 2944 ea
1169 2887 1336 2961 loqui
1389 2894 1718 2961 coeperunt,
1768 2894 1825 2946 et
1870 2890 2272 2962 quamobrem

618 2979 1002 3054 pertinaciter
1030 2979 1183 3035 adeo
1218 2977 1291 3034 iis
1319 2994 1455 3052 quae
1486 2978 1944 3053 imperabantur
1974 2979 2273 3036 contradi-

626 3072 805 3138 ceret,
842 3068 1207 3141 pecunctari.

689 3161 776 3215 24.
830 3161 902 3216 At
947 3173 1091 3214 vero
1154 3157 1336 3215 beata
1393 3161 1635 3231 martyr,
1695 3175 1936 3217 summa
1982 3160 2275 3232 sapientia
2310 3180 2351 3235 ρ

618 3262 984 3321 summaque
1013 3246 1199 3304 animi
1220 3246 1560 3304 fortitudine
1591 3249 1673 3305 ita
1697 3265 1801 3305 eos
1832 3253 1922 3305 est
1966 3249 2227 3306 allocuta
2256 3267 2269 3305 :

615 3340 736 3409 Ego
774 3352 1017 3410 quoque
1061 3336 1145 3405 id,
1197 3352 1234 3395 ο
1287 3336 1452 3403 boni,
1503 3353 1576 3394 ex
1610 3337 1783 3394 vobis
1848 3355 2073 3411 quaero,
2125 3338 2274 3411 quid

614 3427 857 3485 tandem
890 3442 1024 3482 esse
1053 3426 1245 3499 possit
1274 3426 1335 3482 in
1374 3442 1582 3493 causa,
1624 3443 1731 3482 cur
1769 3426 1847 3483 ad
1891 3429 2187 3484 cruciatus
2218 3433 2274 3485 et

612 3520 868 3572 mortem
897 3530 994 3571 me
1014 3514 1455 3584 designetis?An
1478 3516 1971 3588 proptereajquod
1998 3516 2273 3587 religiose

615 3604 885 3660 venerari
908 3603 1241 3661 staduerim
1269 3604 1397 3675 ejus
1423 3604 1773 3674 imaginem,
1803 3606 1905 3677 qui
1936 3622 2074 3661 cum
2121 3609 2273 3662 Deus

618 3696 775 3748 esset
804 3695 1048 3763 propter
1086 3707 1182 3747 me
1220 3696 1398 3747 natus
1456 3697 1545 3748 est
1589 3693 1795 3762 homo,
1853 3693 2061 3749 similis
2109 3695 2272 3751 mei?

620 3785 724 3836 aut
756 3779 885 3850 ejus
906 3780 1010 3851 qui
1031 3781 1218 3835 Deum
1247 3784 1303 3834 et
1329 3780 1637 3836 hominem
1668 3780 1898 3854 absque
1955 3782 2072 3839 ulla
2098 3783 2273 3853 virgi-

623 3868 823 3926 nitatis
850 3884 975 3924 suae
1005 3867 1143 3924 labe
1168 3870 1393 3942 peperit
1414 3869 1559 3925 ?aut
1588 3886 1796 3926 eorum
1826 3872 1929 3945 qui
1955 3871 2273 3929 Salvatoris

624 3957 952 4015 adventum
1006 3957 1236 4013 mundo
1301 3958 1579 4015 universo
1638 3960 2070 4016 annuntiarunt
2106 3961 2134 4016 ?
2172 3965 2276 4017 aut

625 4048 885 4121 denique
937 4063 1146 4106 eorum
1198 4047 1301 4120 qui
1357 4064 1534 4105 suum
1575 4065 1686 4122 pro
1743 4049 1957 4106 Christi
2003 4052 2276 4110 doctrina

618 4135 905 4195 fuderunt
950 4137 1329 4209 sanguinem,
1384 4137 1610 4211 quique
1675 4138 1793 4195 alia
1821 4140 2000 4197 etiam
2047 4142 2273 4199 ratione

629 4226 900 4283 divinam
932 4228 1044 4283 sibi
1098 4227 1425 4283 amicitiam
1466 4227 1782 4284 conciliare
1822 4234 1960 4285 sunt
2003 4231 2200 4286 conati
2245 4231 2275 4287 ?

630 4316 947 4381 Quomodo
974 4331 1117 4373 vero
1138 4331 1261 4372 non
1310 4315 1542 4388 optima
1571 4332 1706 4372 cum
1751 4317 1980 4373 ratione
2033 4318 2273 4375 stultam

630 4421 728 4462 me
755 4407 1019 4463 dicerent
1047 4412 1103 4463 et
1122 4407 1423 4474 insanam,
1451 4407 1500 4462 si
1528 4412 1725 4463 vestra
1753 4408 2019 4478 profecto
2066 4408 2273 4465 deliria

2443 1817 2540 1890 κγ’.
2592 1823 2692 1872 Καὶ
2720 1820 2745 1870 ὀ
2922 1820 3071 1872 ταῦτ’
3116 1821 3230 1893 ἔφη,
3266 1820 3334 1872 Οἱ
3374 1814 3425 1872 δ’
3482 1819 3645 1887 εὐθὺς,
3700 1827 3787 1893 πῦρ
3810 1819 3901 1881 ὕλης

2372 1910 2544 1983 ὥσπερ
2574 1904 2915 1982 δραξάμενον,
2946 1913 3039 1968 τήν
3086 1928 3140 1961 τε
3187 1898 3347 1981 ἁγίαν
3396 1910 3672 1981 μεθιστᾶσι
3719 1914 3794 1961 καὶ
3837 1912 3902 1969 τὰς

2375 2002 2468 2050 σὺν
2500 1998 2629 2071 αὐτῇ
2683 1999 3071 2070 συναπάγουσι,
3130 2007 3230 2051 τῶν
3284 2006 3487 2071 τριχῶν
3543 1997 3763 2065 ἕλκοντες,
3805 2001 3903 2049 κατὰ

2372 2096 2594 2160 παρειῶν
2654 2090 2946 2156 τύπτοντες,
3010 2084 3104 2141 διὰ
3177 2087 3429 2140 πλατειῶν
3503 2090 3746 2161 σύροντες.
3791 2086 3902 2139 Ἀλλὰ

2372 2178 2467 2237 τὰς
2489 2179 2579 2249 μεν
2615 2175 2773 2239 ἄλλας
2811 2176 2957 2237 εὐθὺς
3012 2178 3324 2249 σφάττουσι,
3383 2181 3474 2229 καὶ
3527 2178 3719 2251 θύματα
3762 2178 3903 2236 ταύτης

2371 2272 2521 2339 τίμια
2545 2274 2617 2337 τῷ
2650 2268 2757 2318 όντι
2780 2285 2840 2338 γε
2868 2271 2958 2318 καὶ
3004 2265 3270 2340 σεϐάσμιοι
3326 2271 3678 2340 προσήνεγκαν
3728 2274 3787 2335 τῷ
3823 2272 3901 2333 Θιῷ

2375 2355 2423 2407 oi
2496 2363 2590 2415 τῆς
2643 2353 2878 2427 ἐσχάτης
2928 2358 3058 2431 πρὸς
3134 2363 3196 2428 τῇ
3288 2352 3648 2431 ἀνυπερϐλήτῳ
3725 2354 3898 2426 αἰσχύνῃ

2374 2440 2669 2505 καταδίκης
2716 2443 2793 2496 ἔπ’
2864 2442 3079 2516 ἇσχάτῳ
3138 2447 3227 2497 καὶ
3275 2445 3554 2497 ὑπεύθυνοι
3602 2465 3614 2478 ·
3660 2448 3741 2503 τὴν
3781 2439 3829 2495 δί
3863 2460 3901 2512 γε

2375 2535 2637 2605 μακαρίαν
2667 2533 2860 2590 ταύτην
2927 2528 3239 2599 Θεοδοσίαν,
3286 2533 3348 2593 ἧς
3389 2536 3507 2607 πίρι
3543 2534 3624 2584 καὶ
3658 2538 3722 2601 τῷ
3749 2527 3903 2602 βασιλεὶ

2374 2619 2521 2691 λόγος
2570 2622 2648 2673 ὅτι
2696 2619 2855 2684 πολὺς
2910 2622 3002 2691 ἦν,
3061 2621 3132 2683 είς
3202 2617 3453 2695 δευτέραν
3505 2620 3785 2693 ἐταμίευσαν
3839 2621 3902 2673 τὸν

2378 2708 2633 2776 ἕξέτασιν,
2661 2714 2750 2762 καὶ
2785 2709 2857 2773 εἰς
2882 2709 3071 2782 λόγους
3099 2705 3251 2773 αὖθις
3290 2707 3447 2770 ἦλθον
3502 2710 3647 2783 αὐτῇ,
3693 2712 3770 2760 καὶ
3815 2706 3901 2778 ὑπὲρ

2378 2800 2499 2851 ὅτου
2547 2801 2806 2858 τοσαύτην
2869 2807 3091 2853 ποιεῖται
3165 2803 3260 2858 τὴν
3329 2802 3569 2853 ἔνστασιν
3626 2795 3904 2852 πυνθάνεσθαι

2379 2890 2409 2946 ἦ
2420 2886 2582 2945 θελον,

2451 3152 2553 3210 κδ’.
2610 3159 2712 3209 Καὶ
2766 3155 2797 3213 ἣ
2876 3154 3019 3228 μάλα
3084 3162 3326 3224 συνετῶς,
3380 3158 3522 3229 μάλα
3562 3156 3776 3227 γενναίως
3816 3150 3905 3222 πρὸς

2380 3244 2565 3307 αὐτοὺς
2619 3248 2801 3317 ἔφησεν
2836 3265 2849 3278 -
2890 3244 3027 3297 Ἀλλ’
3080 3245 3228 3318 ὑμεῖς
3280 3264 3363 3317 γε,
3416 3241 3456 3296 ὦ
3510 3244 3708 3316 λῷστοι,
3757 3238 3904 3291 πυνθά-

2378 3354 2554 3407 νομαι,
2605 3338 2743 3395 τίνος
2785 3353 2848 3407 με
2895 3332 3061 3387 εἲνεκα
3133 3330 3517 3396 καταδικάζετε
3581 3335 3772 3387 θάνατον
3811 3326 3905 3395 ςὸτι

2376 3430 2685 3498 προσκυνεῖν
2740 3422 2891 3476 ίθίλω
2944 3426 3037 3481 τὴν
3096 3421 3268 3475 εἰκόνα
3306 3431 3401 3476 τοῦ
3457 3419 3530 3477 δι’
3596 3420 3677 3494 ἔμε
3716 3417 3811 3471 κατ’
3849 3413 3905 3485 ἐμὲ

2377 3516 2644 3583 γεγονότος
2696 3518 2829 3564 Θεοῦ
2894 3528 2908 3577 ;
2962 3513 3089 3584 πρὸς
3140 3508 3200 3563 δε
3244 3531 3307 3583 γε
3350 3521 3446 3574 τῆς
3489 3510 3742 3586 ἁχράντως
3779 3512 3905 3558 τοῦτον

2379 3602 2680 3667 τεκούσης;
2731 3609 2830 3652 τῶν
2882 3600 3214 3672 κηρυξάντων
3267 3600 3429 3653 αὐτόν
3475 3600 3523 3653 ἐν
3573 3606 3682 3659 ταῖς
3727 3599 3905 3669 πήρωσις

2378 3698 2479 3742 τῶν
2531 3689 2998 3764 ὑπεραθλησάντων
3029 3688 3187 3742 αὐτοῦ
3240 3706 3253 3756 ;
3310 3698 3412 3743 τῶν
3472 3688 3631 3751 ἄλλως
3700 3684 3907 3757 εὐαρεστη-

2382 3783 2579 3833 σάντων
2628 3781 2764 3850 αὐτῷ
2804 3796 2817 3847 ;
2865 3784 2966 3833 Καὶ
3010 3787 3120 3841 πῶς
3176 3778 3263 3841 οῦς
3314 3780 3413 3843 ἔξω
3460 3783 3689 3853 γενοίμην
3729 3779 3801 3826 νοῦ
3848 3772 3906 3819 καὶ

2381 3878 2588 3945 φρενῶν,
2644 3876 2752 3930 τοῖς
2805 3868 3128 3942 αὐτόχρημα
3180 3868 3519 3944 παραπλῆξιν
3602 3868 3713 3939 ὑμῖν
3745 3875 3909 3932 σνμφρθο

2379 3963 2608 4025 νησασα,
2661 3959 2690 4017 ἡ
2740 3963 2829 4010 καὶ
2880 3957 3126 4021 καθάπαξ
3177 3960 3464 4011 πεισθεῖσα
3531 3962 3729 4010 τοιαῦτα
3794 3964 3906 4001 κατασ

2378 4050 2705 4123 ναγκάζουσι
2766 4068 2780 4116 ;
2851 4056 2962 4109 Πῶς
3010 4044 3061 4102 δ’
3137 4047 3499 4123 ἀνασχοίμην,
3564 4048 3652 4107 τάς
3694 4046 3806 4100 θείας
3845 4038 3905 4086 καί

2382 4143 2574 4203 σεπτὰς
2632 4139 2832 4201 εἰκόνας
2885 4138 3249 4212 χλευαζόντων
3330 4141 3496 4211 ὑμῶν,
3559 4142 3643 4189 καὶ
3684 4132 3905 4186 καλούντων

2380 4232 2538 4293 αὐτὰς
2597 4224 2788 4281 εἴδωλα
2833 4244 2847 4296 ;
2906 4231 2984 4281 Τὰ
3049 4229 3148 4303 γὰρ
3230 4223 3423 4280 εἴδωλα
3486 4224 3812 4279 ἂνυποστάτων
3844 4214 3903 4303 "fi

2380 4320 2505 4393 ψιλῇ
2564 4313 2985 4390 διατυπουμένων
3056 4315 3255 4389 ἐπινοίᾳ
3305 4316 3589 4389 πλάσματά
3653 4331 3701 4365 τε
3756 4309 3903 4359 καίει·
3994 4350 3995 4353 η

2381 4412 2629 4483 κάσματα
2686 4404 3055 4480 διεγνώκαμεν,
3128 4402 3243 4459 οὐδ’
3326 4404 3492 4465 ἀληθῆ
3544 4407 3606 4457 τὰ
3660 4399 3904 4483 πρωτότνπέ

629 4511 743 4567 ego
770 4496 948 4551 etiam
969 4495 1219 4552 delirare
1248 4496 1309 4552 in
1338 4496 1609 4552 animum
1642 4496 1989 4553 inducerem
2010 4498 2037 4553 ?
2078 4497 2273 4554 autab

2383 4504 2473 4551 καί
2528 4503 2682 4570 τίμια
2731 4496 2848 4549 καθ’
2901 4496 3037 4548 αὗτὰ
3088 4500 3179 4548 καί
3238 4494 3521 4568 σεϐάσμια,
3560 4501 3643 4552 τῆς
3677 4489 3808 4544 αὐτῆς
3843 4495 3903 4529 καί

626 4587 698 4644 iis
726 4585 1076 4660 persuaderi
1106 4586 1251 4642 mihi
1277 4587 1556 4651 sinerem,
1586 4585 1691 4658 qui
1720 4588 1797 4641 ad
1827 4586 2094 4643 absurda
2122 4587 2273 4643 adeo

2388 4590 2443 4639 αἱ
2519 4586 2699 4646 εἰκόνες
2772 4583 2827 4636 ἐκ
2898 4590 2989 4637 τοῦ
3073 4584 3265 4645 εἰκότος

627 4675 969 4750 pertrahere
986 4690 1082 4730 me
1119 4680 1413 4732 conantur
1450 4675 1477 4731 ?
1517 4673 1586 4729 Id
1632 4678 1831 4730 autem
1880 4690 2002 4748 qua
2032 4678 2275 4731 tandem
2386 4677 2530 4739 ἄξιοι.
3784 4746 3821 4751 Α
3855 4742 3880 4751 _.

626 4746 858 4825 ratione
882 4764 1120 4823 valeam
1152 4765 1421 4833 tolerare,
1454 4762 1622 4836 quod
1652 4779 1834 4819 sacras
1866 4746 1922 4820 et
1946 4765 2305 4822 venerandae
2335 4765 2629 4836 imagines
2658 4762 2799 4820 odio
2829 4760 3000 4818 vobis
3041 4761 3161 4817 sint
3189 4765 3246 4819 et
3273 4760 3555 4825 ludibrio,
3587 4764 3640 4815 et
3662 4768 3755 4829 pro
3777 4746 3902 4805 idolis

626 4857 966 4915 habeantur
994 4856 1017 4910 ’ἒ
1047 4854 1209 4912 ldola
1236 4858 1393 4911 certe
1440 4854 1720 4910 novimus
1748 4869 1884 4910 esse
1942 4854 2261 4911 simulacra
2311 4871 2511 4911 rerum
2543 4869 2665 4910 non
2719 4851 3193 4922 subsistentium,
3223 4855 3281 4907 et
3308 4850 3503 4907 solerti
3548 4842 3900 4930 industria“?

624 4950 1125 5018 praesentatarum
1164 4945 1450 5014 ﬁgmenta
1479 4960 1491 4998 :
1520 4958 1781 5015 quorum
1826 4948 2143 5017 prototypa
2188 4960 2327 5001 cum
2346 4959 2490 5001 vera
2514 4958 2637 4999 non
2663 4941 2798 5012 sint,
2826 4956 3023 5013 neque
3052 4956 3158 5013 per
3177 4921 3320 4996 sese
3358 4932 3747 4996 mstimationis
3774 4921 3899 4981 ullius

628 5038 732 5091 aut
757 5034 950 5105 pretii,
980 5047 1355 5105 consequens
1376 5036 1483 5103 est,
1511 5036 1571 5088 ut
1595 5031 1744 5103 ipsae
1776 5031 2067 5103 imagines
2102 5033 2285 5090 nihilo
2312 5032 2527 5105 majori
2556 5030 2933 5087 veneratione
2965 5028 3081 5085 sint
3107 5027 3325 5100 dignas.

699 5125 788 5177 25.
831 5124 901 5177 Ut
930 5122 1106 5192 igitur
1131 5121 1329 5178 verbis
1359 5121 1505 5177 nihil
1529 5127 1736 5178 contra
1763 5137 1898 5178 eam
1925 5122 2076 5179 efﬁci
2095 5139 2274 5196 posse

629 5214 1058 5282 cognoverunt,
1088 5226 1275 5282 quam
1301 5215 1469 5265 tanta
1495 5210 1681 5266 animi
1705 5209 1982 5268 ﬁrmitate
2028 5228 2276 5285 respon-

629 5300 893 5370 dentem,
928 5298 1192 5373 'tamque
1253 5300 1553 5373 sapienter
1604 5316 1833 5356 errores
1873 5301 2280 5358 confutantem

629 5389 1003 5461 audiverant,
1049 5388 1390 5445 immaniter
1444 5404 1578 5445 eam
1620 5389 1845 5445 caedere
1907 5396 2214 5463 cceperunt
2266 5410 2279 5459 ;

626 5479 913 5552 quodque
940 5479 1205 5535 oratione
1237 5478 1598 5551 persuadere
1620 5495 1740 5534 non
1772 5481 2103 5549 valuerant,
2150 5497 2279 5537 ver-

626 5570 840 5626 herum
886 5570 1191 5626 atrocitate
1246 5573 1596 5643 extorquere
1638 5575 1774 5625 sunt
1826 5571 2118 5641 aggressi.
2167 5572 2280 5629 Sed

626 5660 792 5734 quod
817 5659 1193 5718 intenderant
1224 5675 1343 5717 non
1370 5659 1555 5717 modo
1591 5675 1710 5716 non
1761 5664 1901 5717 sunt
1955 5662 2279 5733 consecuti,

2454 5121 2541 5176 κε’.
2594 5120 2677 5181 Ὠς
2729 5116 2816 5172 οὖν
2883 5120 3111 5190 ἔγνωσαν
3183 5118 3241 5171 οὐ
3313 5116 3485 5189 λόγοις
3532 5121 3697 5167 πεῖσαι
3760 5101 3898 5155 ταύτην

2390 5208 2686 5285 δυνάμενοι,
2738 5210 2872 5262 οὕτω
2928 5228 3010 5261 τοι
3088 5207 3309 5283 στερρῶς
3374 5204 3757 5285 ἀποκριναμένη

2388 5321 2471 5365 τες
2539 5305 2626 5353 καί
2713 5307 2937 5361 συνετῶς
3019 5297 3181 5357 αὐτὴν
3261 5300 3675 5374 περιτρέπουσαν,
3739 5283 3900 5374 avsum;
3988 5290 3989 5299 η

2389 5391 2664 5462 μαστίζειν
2718 5390 3093 5466 προήχθησαν,
3149 5392 3238 5439 καί
3293 5370 3333 5439 ὃν
3369 5370 3440 5460 μη
3492 5385 3657 5457 φθαῖεν
3701 5370 3900 5466 δνηθέντις

2389 5483 2578 5547 πειθοῖ,
2612 5478 2707 5553 βίᾳ
2758 5462 3103 5551 ⁷κατισχύσαι
3152 5473 3188 5530 δ
3194 5478 3513 5536 ιενοήθησαν.
3552 5466 3676 5525 Ἀλλ’
3700 5462 3898 5553 ἆπξτδκέν

2389 5580 2480 5625 τοῦ
2531 5577 2750 5638 σκοποῦ,
2818 5566 2946 5621 ἀλλὰ
2998 5564 3290 5641 διήμαρτον
3332 5574 3422 5627 τῆς
3470 5555 3666 5617 nm?"
3703 5552 3803 5641 πρ
3837 5556 3898 5612 'w

2387 5663 2488 5735 γὰρ
2538 5634 2743 5736 μικρὸν⁷
2785 5658 2913 5718 αὕτη
2970 5634 3215 5726 θελξασα,
3279 5655 3483 5732 βρατῶν
3539 5634 3894 5723 ἀφρονεστάτονςι
3984 5670 3985 5735 φ

3958 6024 3983 6163 ί

3352 4591 3506 4656 τιμῆς
3592 4579 3904 4632 καθεστήκασιν
3992 4594 3993 4603 ‘

3976 5808 3985 6015 ὁ
