4084 6206
219 325 326 382 917

1566 319 1637 375 ΙΝ
1682 319 1737 378 8.
1779 317 2250 376 THEODOSIAM.

3481 319 3585 378 918

215 450 352 502 κατὰ
383 451 472 501 τὸν
531 447 763 517 εἰπόντα,
820 442 1102 518 διήλεγξεν.
1153 447 1218 498 Οἱ
1270 447 1360 518 μὲν
1404 447 1503 518 γὰρ
1568 446 1682 505 τούς
1733 446 1804 497 τύ

1929 459 2139 500 verum
2167 443 2346 500 etiam
2375 443 2542 500 omni
2575 457 2824 517 prorsus
2883 441 3230 499 exciderunt
3290 457 3418 516 spe,
3450 459 3586 517 qua

214 557 438 598 πτοντας
469 535 763 594 ἐπέστησαν
810 540 900 588 καὶ
955 537 1050 597 τὰς
1100 536 1362 608 μάστιγας
1415 530 1814 608 διηυτρέπισαψ

215 629 246 686 ἠ
281 624 336 680 δ’
362 622 554 680 οὐδένα
596 626 746 697 λόγον
797 633 937 695 σφῶν
997 628 1348 697 ποιησαμένη,
1397 625 1466 685 ὡς
1519 623 1592 685 εἰς
1637 623 1820 695 λόγους

216 717 373 777 αὖθις
405 718 534 788 ἔγνω
587 722 782 790 χωρεῖν
839 714 1132 787 μέλλοντας,
1191 712 1257 766 Ὀ
1322 713 1592 781 βούλεσθε,
1639 717 1815 785 φησίν,

215 809 290 877 μὴ
355 805 560 877 μέλλετε
646 801 1086 878 διαπράττεσθαι,
1148 802 1288 856 Ἰστε
1329 811 1444 874 τῆς,
1507 802 1572 863 ἧς
1627 804 1821 874 ἔχομαι

212 899 452 966 γνώμης,
505 892 892 966 ἑκστησομένην
961 889 1227 945 οὐδέποτε·
1313 892 1373 944 ού
1447 893 1546 964 γάρ
1625 895 1686 955 μέ
1741 911 1822 952 τις

213 987 442 1041 πτοήσει
501 991 601 1035 τῶν
659 980 960 1035 ἀποκτεῖναι
1033 986 1123 1055 μέν
1180 985 1240 1034 τὸ
1299 989 1451 1054 σῶμα
1497 978 1818 1053 δυναμένων,

211 1071 554 1145 λυμήνασθαι
607 1069 666 1125 δὲ
685 1069 1042 1145 μηδοπωσοῦν
1104 1071 1396 1144 ἰσχυόντων
1445 1091 1544 1144 μου
1602 1079 1664 1130 τῆ
1718 1069 1821 1140 ψυ-

209 1169 316 1234 χῆ,
367 1162 433 1222 ὦς
485 1163 512 1214 ό
559 1167 649 1214 καὶ
700 1161 886 1234 ψυχὴν
945 1165 1075 1236 πρὸς
1140 1169 1213 1231 τῷ
1269 1167 1476 1233 σώματι
1537 1156 1820 1232 δυνάμενος

209 1249 489 1318 ἀπολέσαι,
535 1251 624 1304 ἅτε
683 1248 1009 1326 δημιουργὸς
1063 1251 1132 1302 ὠν
1188 1249 1377 1323 ἀμφοῖν
1421 1253 1510 1302 καὶ
1562 1245 1821 1310 δεσπότης

207 1341 454 1396 ὑπέθετο.

281 1607 364 1670 κζ’
371 1650 388 1665 .
446 1613 564 1668 Πῶς
632 1607 801 1659 οἴεσθε
877 1604 1018 1658 ταῦτ’
1087 1603 1400 1665 ἀκούσαντες
1476 1601 1820 1669 διετέθησαν;

209 1702 331 1758 Πῶς
365 1698 416 1748 οἱ
442 1701 538 1755 τὴν
569 1695 726 1770 ὀφρὺν
759 1694 814 1747 ἐκ
842 1703 935 1748 τοῦ
969 1693 1251 1768 βασιλείου
1309 1696 1533 1767 κρά-ους
1587 1693 1821 1765 αὐχοῦν-

207 1804 292 1848 τες
356 1790 451 1844 τὴν
533 1788 792 1844 τοσαύτην

207 1874 348 1928 Βέλιι
383 1877 522 1927 καθά
545 1895 649 1927 τινι
704 1880 798 1934 τὴν
851 1871 1076 1950 καρδίαν
1146 1873 1459 1932 ἐϐλήθησαν·
1503 1874 1670 1926 τοίνυν
1726 1878 1817 1925 καὶ

213 1967 585 2036 συνεχύθησαν
638 1973 710 2036 τῷ
761 1966 931 2037 θυμῷ,
995 1970 1084 2017 καὶ
1152 1964 1390 2037 ἐκμανεῐς
1473 1963 1813 2036 ἐγεγόνεισαν,

209 2051 311 2106 κάκ
337 2062 429 2106 τοῦ
459 2056 612 2129 ἔργου
643 2062 796 2106 τοῦτο
855 2058 1213 2128 παρέστησαν·
1270 2053 1328 2106 ού
1371 2056 1472 2126 γὰρ
1522 2053 1602 2104 ὁτι
1657 2056 1812 2124 γυνὴ,

209 2139 434 2196 οὐδ’ὃτι
455 2147 544 2196 τὸν
575 2141 690 2215 βίον
731 2145 889 2205 ὁσίως
939 2163 992 2195 τε
1059 2149 1148 2196 καὶ
1214 2142 1494 2216 ἀμέμπτως
1545 2138 1810 2205 διήνυσεν,

210 2232 285 2294 εἰς
314 2240 434 2285 νοῦν
485 2231 614 2295 ὅλως
673 2231 870 2302 ἔϐαλον,
921 2231 1024 2285 ἀλλ“
1072 2233 1195 2285 ὡσεί
1254 2252 1370 2284 τινα
1417 2231 1635 2298 ληστην,
1690 2231 1815 2284 ὡσεί

207 2341 331 2374 τινα
374 2328 683 2396 κακοῦργον,
746 2325 776 2380 ἤ
829 2327 918 2374 καὶ
970 2341 1022 2374 τι
1074 2330 1172 2373 τῶν
1240 2321 1596 2384 ἐξωλεστάτων
1653 2319 1813 2381 άλλως

204 2415 434 2482 γυναίων
470 2413 719 2488 ῥιπτοῦσι
774 2415 910 2464 κατὰ
965 2420 1078 2484 γῆς,
1161 2413 1509 2484 μαστίζουσιν
1586 2409 1807 2472 ἀπηνῶς.

207 2501 345 2556 ’Δλλ’
373 2505 422 2555 οἱ
458 2506 549 2575 μὲν
579 2505 810 2572 ἔτυπτον,
843 2508 934 2555 καὶ
963 2505 1060 2561 ὅση
1091 2521 1150 2574 γε
1191 2502 1352 2574 ἰσχύς
1377 2505 1613 2570 ἔτυπτον,
1662 2503 1692 2559 η
1759 2497 1810 2553 δ’

213 2591 286 2653 εἰς
335 2591 553 2667 οὐρανὸν
591 2595 678 2644 τὸν
719 2599 836 2644 νοῦν
889 2591 1215 2657 ἁνατείνασα,
1265 2596 1353 2643 καὶ
1418 2591 1507 2649 ὅλη
1566 2609 1807 2663 γενομενη

206 2687 298 2733 τοῦ
328 2686 635 2756 κρείττονος,
665 2678 778 2754 εὖγε
814 2689 908 2735 τοῦ
938 2681 1205 2755 θάρσουςῐ
1262 2689 1378 2752 εὖγε
1428 2689 1523 2740 τῆς
1570 2680 1636 2740 εἰς
1681 2683 1808 2732 Θεὸν

207 2771 867 2847 πεποιθήσεωςξύπέρευγε
932 2774 1096 2828 ταύτη
1211 2780 1301 2831 τῆς
1414 2769 1804 2841 γενναιότητοςῐ

207 2859 466 2931 ῦπίψαλλε
519 2865 746 2933 κειμένη·
879 2862 1064 2934 Κύριος
1173 2862 1438 2934 στερέωμά
1529 2879 1628 2932 μου
1718 2863 1808 2911 καὶ

205 2955 481 3024 καταφυγή
510 2970 630 3024 μου,
663 2956 752 3003 καὶ
780 2951 975 3026 ῥύστης
1020 2969 1140 3021 μου·
1201 2951 1226 3001 ὁ
1276 2953 1404 3011 Θεὸς
1468 2968 1568 3022 μου
1614 2947 1807 3021 βοηθός

205 3058 324 3112 μου,
383 3043 536 3114 κέρας
582 3045 847 3114 σωτηρίας
931 3059 1051 3112 μου,
1142 3044 1233 3091 καὶ
1301 3037 1624 3112 ἀντιληπτωρ
1682 3057 1804 3109 μου,

1928 533 2242 605 paululum
2269 549 2370 589 eos
2395 533 2720 606 decipiens,
2754 533 3035 606 probavit
3072 548 3221 600 esse,
3255 536 3321 590 ut
3357 532 3439 590 ait
3467 531 3585 605 ille,

1931 623 2312 679 stultissimos
2334 621 2620 678 virorum.
2641 622 2726 678 Illi
2750 623 2910 679 enim
2934 623 3318 680 verberantes
3338 622 3588 679 instrue-

1927 711 2720 782 bantetdirigebantictus:
2755 712 2887 784 ipsa
2909 727 3049 768 vero
3096 711 3265 769 nihili
3329 727 3434 768 eos
3491 711 3584 770 fa-

1930 801 2114 869 ciens,
2133 805 2198 857 ut
2226 800 2368 857 vidit
2392 817 2429 857 a
2453 801 2803 857 verberibus
2820 802 2898 858 ad
2926 801 3112 858 verba
3131 817 3372 858 rursum
3397 801 3579 860 deve-

1926 889 2056 946 nire
2083 893 2368 962 paratos:
2399 889 2591 959 Quod,
2634 889 2850 962 inquit,
2901 889 3095 946 facere
3136 889 3309 946 vultis
3374 890 3584 948 incun-

1928 983 2156 1036 ctanter
2168 979 2449 1052 peragite.
2466 978 2659 1035 Nostis
2683 979 2868 1035 meab
2892 993 2962 1035 ea
2983 995 3174 1053 quam
3203 993 3365 1036 nunc
3381 979 3580 1038 habeo

1928 1073 2125 1124 mente
2146 1068 2550 1124 discessuram
2567 1084 2903 1142 nunquam.
2937 1071 3050 1125 Nec
3075 1084 3219 1125 sane
3252 1069 3580 1142 quisquam

1927 1173 2026 1213 me
2055 1157 2324 1213 terruerit
2354 1173 2584 1227 eorum,
2615 1157 2720 1228 qui
2759 1173 2978 1231 corpus
3007 1158 3256 1230 quidem
3280 1157 3446 1214 istud
3482 1173 3582 1216 oc-

1927 1246 2122 1303 cidere
2133 1246 2634 1319 possunt,anim£e
2657 1251 2858 1302 autem
2877 1247 3378 1320 memjmolestiam
3399 1247 3585 1304 ullam

1927 1335 2138 1392 afferre
2167 1351 2290 1392 non
2319 1341 2594 1408 possunt,
2627 1335 3148 1408 quemadmodum
3179 1339 3374 1409 potest
3401 1336 3451 1392 is
3479 1336 3586 1410 qui

1929 1425 2196 1481 animam
2223 1441 2345 1481 una
2364 1425 2612 1496 perdere
2639 1424 2793 1481 valet
2810 1441 2948 1481 cum
2973 1440 3244 1497 corpore,
3267 1425 3413 1498 quia
3459 1431 3585 1483 tam

1928 1514 2111 1584 hujus
2140 1530 2326 1586 quam
2351 1513 2508 1570 illius
2542 1515 2735 1570 factor
2760 1517 2849 1570 est
2877 1519 2934 1570 et
2983 1518 3235 1570 creator.

1999 1607 2088 1658 26.
2117 1605 2244 1669 Qua
2271 1602 2502 1660 ratione
2532 1603 2776 1660 affectos
2805 1603 2985 1659 fuisse
3011 1604 3233 1676 putatis
3272 1604 3403 1661 haec
3467 1621 3582 1662 au-

1928 1691 2156 1748 dientes
2175 1693 2202 1746 ?
2227 1708 2349 1764 quo
2380 1691 2564 1748 modo
2597 1695 2832 1748 tantum
2859 1693 2951 1748 sui
2990 1691 3261 1763 ipsorum
3317 1697 3583 1750 contem-

892 1794 1030 1858 σφῶν
1100 1789 1472 1859 περιφρόνησιν
1562 1785 1780 1856 ἣνεγκαν

1925 1785 2097 1851 ptum
2123 1781 2428 1854 excepisse
2454 1797 2581 1849 eos,
2601 1779 2706 1853 qui
2735 1779 2816 1838 ob
2844 1780 3052 1838 datam
3099 1779 3213 1837 sibi
3269 1796 3308 1837 a
3352 1781 3581 1838 crudeli

1899 1873 2281 1944 “imperatore
2334 1874 2712 1943 potestatem,
2783 1867 3071 1927 tollebant
3142 1870 3575 1944 supercilium?

1923 1961 2405 2030 Transﬁgebatur
2434 1975 2537 2016 cor
2565 1974 2776 2016 eorum
2801 1959 2959 2016 velut
2972 1959 3175 2032 jaculo
3196 1959 3488 2032 quodam,
3516 1964 3574 2018 et

1921 2050 2028 2106 toti
2047 2048 2573 2105 confundebantur
2592 2063 2716 2121 pra:
2770 2047 2991 2116 furore,
3041 2047 3572 2121 emciebanturque

1922 2139 2137 2209 rabidi,
2177 2144 2234 2195 et
2275 2154 2381 2212 per
2422 2137 2800 2195 iracundiam
2856 2137 3121 2210 agebant
3170 2139 3394 2195 omnia.
3441 2141 3572 2196 Non

1922 2228 2082 2284 enim
2107 2227 2355 2284 omnino
2375 2227 2436 2282 in
2463 2230 2724 2283 mentem
2755 2225 2870 2284 sibi
2918 2225 3118 2283 venire
3166 2225 3569 2299 patiebantur,

1923 2323 2023 2374 aut
2050 2316 2216 2390 quod
2240 2316 2451 2372 mulier
2471 2319 2643 2383 esset,
2676 2319 2781 2372 aut
2799 2314 2967 2388 quod
2989 2314 3143 2372 adeo
3172 2314 3450 2387 religiose
3487 2315 3574 2372 in-

1919 2407 2274 2480 culpateque
2304 2405 2578 2469 vixisset;
2608 2405 2735 2474 sed,
2757 2405 2936 2462 veluti
2958 2404 3299 2462 maleﬁcam
3324 2409 3382 2462 et
3405 2404 3575 2461 femi-

1919 2513 2137 2552 narum
2167 2495 2440 2552 omnium
2489 2494 2761 2551 ultimam
2807 2494 3385 2567 nequissimamque,
3445 2493 3575 2552 solo

1918 2586 2258 2644 afﬂixerunt
2277 2585 2731 2644 etinclementer
2750 2585 3152 2655 ﬂagellarunt.
3168 2583 3576 2642 Verberabant

1915 2676 2019 2745 illi,
2043 2680 2099 2732 et
2126 2675 2526 2732 verberabant
2546 2674 2772 2730 viribus
2801 2673 2960 2743 totis,
2985 2673 3125 2747 ipsa
3174 2689 3316 2732 vero
3368 2677 3571 2732 mente

1913 2777 1978 2833 in
2003 2765 2219 2823 ccelum
2250 2764 2469 2830 deﬁxa,
2501 2765 2798 2835 etmajora
2833 2763 3201 2836 melioraque
3221 2763 3429 2822 omnia
3479 2779 3576 2821 co-

1915 2857 2111 2926 gitans
2135 2855 2194 2927 (o
2231 2855 2528 2924 insignem
2558 2853 2744 2910 animi
2773 2853 3180 2910 fortitudinem
3207 2854 3220 2909 l
3259 2869 3296 2910 ο
3326 2854 3573 2926 pracla-

1915 2961 2045 3000 ram
2069 2944 2131 2999 in
2162 2947 2348 2999 Deum
2373 2943 2692 2999 ﬁduciam!
2722 2958 2758 2998 ο
2782 2957 3100 3015 nunquam
3128 2943 3273 2998 satis
3315 2943 3571 3001 laudan-

1915 3033 2056 3089 dam
2089 3032 2542 3102 generositatem
2597 3031 2742 3101 l):in
2795 3035 3018 3087 terram
3073 3031 3209 3086 licet
3265 3036 3570 3103 prostrata

205 3130 256 3180 ὃν
310 3127 686 3201 ἐπικαλουμένη
779 3130 1109 3201 σωθήσομαι.
1190 3133 1290 3181 Καὶ
1340 3136 1516 3198 τεῖχος
1559 3126 1608 3178 ἐν
1667 3126 1804 3197 αύτῷ

1918 3123 2046 3179 haec
2066 3138 2096 3177 e
2115 3121 2366 3176 Psalmis
2417 3121 2679 3177 suaviter
2705 3119 3093 3176 concinebat:
3125 3119 3412 3176 Dominus
3467 3121 3568 3178 ﬁr-

205 3216 586 3290 ὑπερϐήσομαι,
620 3222 678 3270 τό
742 3226 836 3280 τῆς
890 3213 1206 3280 κακοδοξίας
1267 3224 1418 3269 τοῦτο
1472 3212 1803 3289 διάφραγμα,

203 3306 228 3358 ὃ
255 3303 577 3379 διατειχίζει
607 3311 696 3380 μεν
719 3315 874 3378 Θεοῦ,
909 3303 943 3360 δ
949 3307 1232 3379 ιατειχίζεῐ
1263 3303 1322 3359 δὲ
1350 3311 1439 3358 καὶ
1480 3314 1574 3367 τῆς
1636 3304 1805 3377 ἀφρά-

205 3413 329 3448 στου
362 3393 552 3457 ἐκείνης
569 3402 659 3448 καὶ
689 3395 914 3455 ἀλήκτου
944 3401 1414 3471 μακαταριότητος.

1918 3215 2291 3268 mamentum
2314 3225 2519 3265 meum
2545 3214 2602 3265 et
2630 3209 2928 3280 refugium
2949 3224 3174 3275 meum,
3207 3212 3264 3264 et
3285 3208 3570 3268 liberator

1915 3317 2109 3357 meus.
2142 3302 2294 3354 Deus
2321 3314 2515 3365 meus,
2548 3296 2867 3354 auxiliator
2891 3313 3082 3362 meus,
3116 3312 3305 3354 cornu
3361 3297 3570 3357 salutis

1917 3406 2088 3459 meae,
2103 3394 2161 3444 et
2181 3391 2493 3460 susceptor
2515 3403 2710 3457 meus,
2727 3401 2910 3459 quem
2939 3387 3230 3443 invocans
3254 3386 3423 3444 salva
3442 3404 3567 3456 ero,

200 3485 260 3540 in
285 3484 420 3558 ipso
446 3485 851 3556 transgrediar
878 3501 1159 3553 murum;
1207 3501 1470 3553 murum,
1515 3485 1788 3556 inquam,
1846 3478 2253 3555 perversitatis
2306 3478 2505 3549 hujus,
2557 3476 2663 3550 qui
2711 3481 2953 3549 separat
3007 3492 3044 3533 a
3096 3475 3219 3534 Deo
3257 3482 3440 3552 atque
3488 3477 3570 3536 ab

203 3578 428 3629 aeterna
451 3573 863 3647 ineffabilique
887 3573 947 3630 in
975 3573 1142 3630 caelis
1168 3573 1514 3630 beatudine.

274 3661 504 3722 κζ.Ἥν
547 3663 636 3714 οὖν
678 3659 808 3716 ίδείν
859 3665 1087 3735 αἱμάτων
1140 3661 1194 3714 ἐκ
1253 3659 1514 3736 διαφόρων
1562 3666 1651 3713 τοῦ
1709 3665 1808 3712 σῶ-

206 3771 368 3824 ματος
433 3760 600 3826 μερῶν
670 3751 1055 3827 προχεομένους
1125 3756 1387 3826 κρουνοὺς,
1482 3748 1808 3822 εδαφος,φοι-

203 3846 532 3914 νισσόμενον,
586 3844 819 3916 κέρματα
891 3851 1096 3916 σαρκῶν
1159 3839 1364 3894 ἂλλοθεν
1422 3839 1552 3892 ἄλλα
1595 3836 1629 3891 δ
1636 3857 1806 3890 ιασκι-

204 3927 454 4002 δνάμενα,
516 3939 668 4004 σῶμα
720 3931 965 3994 καθάπαξ
1029 3931 1361 3998 καταξανθὲν,
1427 3938 1581 4002 σῶμα
1645 3947 1802 3980 κατα-

197 4017 403 4085 ϐληθὲν,
437 4025 526 4072 καὶ
581 4023 682 4093 πρό
730 4028 824 4082 τῆς
874 4021 1067 4094 φθορᾶς
1120 4039 1310 4094 μικρου
1369 4021 1524 4091 φάναι
1581 4014 1799 4089 διαφθαο

199 4110 302 4180 ρέν,
330 4107 542 4180 ψυχὴν,
571 4105 621 4160 δ’
648 4107 849 4178 ἀπαθῆ,
902 4113 992 4161 καὶ
1038 4114 1190 4169 ὅντως
1243 4106 1652 4182 ούρανοϐάμονα·
1706 4111 1800 4164 τὴν

195 4197 300 4268 γάρ
351 4216 434 4248 τοι
493 4197 714 4269 κεφαλὴν
784 4199 814 4256 ἡ
875 4203 1111 4270 μακαρία
1167 4194 1679 4270 διάρασα,Τύπτετε
1732 4195 1798 4256 ὠς

198 4284 366 4356 ἰσχύς
411 4287 534 4358 ὑμῖν
609 4288 726 4358 ἔφη,
800 4289 1038 4339 τύπτετε·
1117 4286 1205 4359 ἐμὲ
1248 4290 1372 4359 γὰρ,
1425 4282 1480 4338 εὖ
1534 4285 1658 4352 ὶστε,
1703 4292 1799 4345 τῆς

194 4375 490 4444 προθέσεως
544 4372 768 4436 ούδολως
838 4374 1139 4443 ἐκστήσετε,
1210 4372 1332 4427 οὐδὲ
1378 4381 1485 4436 τοῖς
1537 4374 1796 4446 ὑμετέροις

194 4461 483 4535 θελήμασιν
506 4463 774 4516 ύποκλῐναι
817 4461 1127 4523 δὺνήσεσθε.
1160 4464 1293 4536 Ἀρ’
1353 4464 1446 4516 οὐκ
1509 4462 1790 4535 ἐμφιλόσο-

197 4559 413 4625 φὼτατα
449 4555 507 4604 τὸ
537 4559 625 4605 τοῦ
663 4553 990 4626 ’Δναξάρχου
1036 4549 1381 4620 διενοήσατο;
1415 4547 1498 4625 ἆρ’
1550 4553 1608 4604 οὐ
1629 4559 1792 4624 κρεῖτ-

192 4661 280 4695 τον
305 4641 637 4712 ἓκείνου,τοῡ
663 4642 746 4694 ἐπὶ
800 4647 1124 4713 γενναιότητι
1183 4639 1494 4710 διαϐοήτου,
1560 4649 1649 4693 τοῦ
1699 4646 1791 4700 τὴν

195 4733 386 4802 σοφίαν
462 4729 883 4806 πολυθρυλλήτου
962 4734 1019 4782 τὸ
1103 4739 1256 4803 σῶμα
1319 4735 1748 4806 περιπεφρόνηκεν
1773 4749 1788 4801 ;

191 4820 255 4874 Εἰ
283 4821 388 4894 γὰρ
420 4825 510 4871 καὶ
539 4824 608 4892 μὴ
645 4819 864 4872 θύλακον
895 4822 1098 4893 ἔφησεν,
1142 4820 1245 4872 ἀλλ(
1310 4819 1515 4892 ἐνόμισε
1566 4825 1654 4872 καὶ
1702 4827 1792 4871 τοῦ

191 4906 424 4982 μηδενός
449 4911 688 4980 ἓτίμησε,
748 4916 979 4982 κρεῖττον
1030 4911 1182 4971 ὅντως
1229 4908 1419 4962 ἐκείνου
1484 4915 1573 4961 καὶ
1626 4908 1792 4981 ἐφιλο-

192 5002 398 5070 σόφησε
425 5002 515 5050 καὶ
564 4995 875 5070 ἠνδρίσατο.
921 4997 980 5050 Ὀ
1025 5001 1115 5070 μὲν
1171 5001 1272 5072 γὰρ
1326 4997 1405 5050 ἐπ’
1448 4997 1618 5069 ὀλίγον
1677 4996 1795 5069 ἐμα·

189 5087 419 5157 στίχθη,
450 5091 539 5138 καὶ
570 5086 634 5147 ὡς
659 5085 708 5140 ἐν
743 5089 936 5161 θεάτρῳ
975 5094 1080 5146 τοῖς
1131 5093 1531 5159 παρατυχοῦσιν
1582 5085 1792 5157 ἐμφανί-

188 5175 571 5243 ζεσθαιῆθελε,
622 5182 711 5229 καὶ
764 5181 856 5234 τὴν
911 5176 1035 5251 παρ’
1099 5175 1375 5250 ἀνθρώπων
1431 5173 1587 5237 δόξαν
1647 5173 1792 5249 ἐκαρ-

185 5267 325 5337 τέρει
383 5265 698 5339 θηρώμενος,
771 5269 820 5318 οἳ
893 5285 946 5318 τε
1027 5269 1128 5338 γὰρ
1179 5267 1388 5338 ὁρῶντες
1465 5263 1788 5336 στιζόμενον,

185 5359 280 5406 καὶ
345 5361 456 5415 ταῖς
511 5355 740 5418 στίξεσιν
792 5355 850 5408 ού
903 5359 1397 5428 κατακαμπτόμενον
1452 5353 1788 5424 ἐτεθήπεσαν,

260 5516 340 5587 (6)
357 5521 536 5589 Anax
546 5517 709 5573 archi
724 5516 1181 5585 Abderitte,cum
1196 5518 1367 5589 jussu
1390 5517 1787 5574 Nicocreontis

185 5588 390 5660 Cyprii
413 5589 676 5661 tyrranni
712 5589 773 5645 in
795 5605 978 5645 saxeo
995 5588 1280 5646 mortario
1300 5589 1780 5661 contunderetur,

185 5675 260 5718 ea
281 5659 403 5716 vox
436 5659 725 5717 laudatur
764 5676 802 5717 a
853 5661 1098 5728 Laertio,
1154 5662 1453 5728 Cicerone,
1512 5659 1780 5718 Valerio:

1989 3661 2075 3713 27.
2102 3659 2352 3714 Cernere
2381 3656 2558 3727 igitur
2588 3658 2716 3712 erat
2741 3655 2903 3712 rivos
2952 3656 3128 3729 quasi
3180 3657 3494 3729 sanguinis
3535 3674 3568 3717 e

1915 3748 2095 3804 variis
2120 3747 2372 3817 virginei
2397 3745 2734 3818 corpusculi
2758 3746 3031 3819 partibus
3062 3747 3446 3820 proﬂuentes,
3476 3764 3569 3808 so-

1912 3837 2040 3894 lum
2070 3841 2492 3910 purpuratum,
2539 3836 2813 3892 carnium
2861 3835 3053 3893 frusta
3099 3837 3216 3894 alio
3263 3837 3381 3895 alia
3430 3839 3565 3896 loco

1913 3944 2144 4000 sparsa,
2158 3943 2374 4000 corpus
2389 3942 2634 3997 prorsus
2645 3926 2928 3996 lacerum,
2945 3942 3165 3998 corpus
3181 3927 3559 4001 dissolutum,

1912 4023 1968 4074 et
1989 4022 2125 4073 ante
2148 4020 2403 4073 mortem
2426 4015 2602 4088 quasi
2649 4021 3103 4087 praemortuum,
3163 4032 3302 4072 cum
3358 4016 3564 4075 anima

1909 4107 2143 4162 interim
2166 4103 2630 4179 perturbationis
2642 4119 2854 4176 expers
2871 4105 2929 4158 in
2942 4103 3076 4176 ipso
3101 4103 3561 4176 quodammodo

1909 4195 2064 4252 coelo
2077 4195 2294 4250 versari
2333 4193 2652 4249 videretur.
2685 4192 2912 4248 Etenim
2942 4191 3178 4249 sublato
3202 4192 3560 4266 aliquantis-

1909 4299 2014 4356 per
2029 4283 2220 4355 capite
2243 4302 2255 4350 ;
2275 4282 2609 4348 Verberate,
2629 4281 2957 4354 inquiebat,
2971 4286 3265 4354 quantum
3287 4283 3556 4356 potestis,

1908 4372 2054 4444 quin
2085 4372 2264 4426 etiam
2289 4375 2536 4426 cunctas
2563 4370 2624 4425 in
2643 4369 2894 4425 verbera
2920 4368 3124 4426 afferte
3145 4369 3298 4427 vires
3321 4387 3335 4439 ;
3367 4373 3556 4430 nostis

1907 4462 2088 4525 enim,
2122 4477 2158 4516 a
2183 4460 2434 4534 pristina
2453 4459 2667 4516 mentis
2698 4459 2988 4516 sententia
3016 4459 3180 4516 nullo
3223 4476 3320 4517 me
3371 4463 3558 4521 modo

1907 4549 2372 4616 dimovendam;
2405 4565 2512 4606 nec
2540 4548 2749 4605 vestris
2779 4563 3052 4621 unquam
3095 4550 3404 4608 desideriis
3461 4569 3558 4610 me

1907 4640 2198 4711 subjicere
2216 4639 2502 4712 poteritis.
2525 4641 2730 4695 Nonne
2743 4653 2884 4708 ergo
2924 4639 3091 4711 quod
3114 4639 3176 4695 in
3199 4643 3556 4700 Anaxarcho

1903 4732 1981 4804 (6)
2012 4729 2376 4803 philosopho
2405 4729 2514 4784 fuit
2543 4728 3072 4801 praeclarissimum
3119 4729 3426 4800 insigniter
3475 4737 3554 4788 te-

1901 4821 2078 4878 nuit?
2104 4835 2304 4876 nonne
2337 4819 2547 4875 melius
2566 4835 2753 4890 quam
2789 4817 2904 4886 ille,
2939 4818 3018 4874 ob
3040 4818 3412 4876 nobilitatem
3461 4836 3553 4878 ce-

1903 4909 2107 4978 lebris,
2135 4915 2190 4966 et
2217 4909 2296 4965 ob
2324 4908 2681 4980 sapientiam
2703 4906 3096 4972 clarissimus,
3126 4923 3343 4980 corpus
3369 4925 3552 4967 suum

1903 4999 2302 5070 contempsit?
2317 4998 2372 5054 Si
2400 4997 2577 5067 enim,
2603 4995 2828 5051 femina
2847 4996 3156 5064 exsistens,
3177 4996 3355 5055 molle
3377 4999 3548 5070 nihil,

1900 5088 2049 5144 nihil
2075 5089 2255 5144 sensit
2284 5091 2387 5143 aut
2416 5085 2564 5142 dixit
2601 5083 2948 5153 femineum,
2996 5099 3107 5141 nec
3158 5087 3411 5146 reverita
3461 5095 3553 5149 est

1901 5193 2270 5250 quemquam
2296 5196 2308 5244 ;
2343 5174 2658 5232 sublimius
2674 5173 2940 5246 profecto
2955 5190 3139 5248 quam
3165 5175 3260 5232 ille
3280 5178 3550 5251 philoso-

1900 5267 2085 5338 phata
2110 5271 2217 5332 est,
2244 5271 2300 5321 et
2327 5264 2676 5337 generosius
2707 5262 2844 5335 egit.
2877 5262 2980 5320 Hic
3015 5264 3290 5323 videlicet
3331 5269 3550 5342 exiguo

1901 5354 2098 5410 solum
2117 5359 2383 5427 tempore
2401 5351 2750 5409 verberibus
2781 5357 3093 5422 contusus,
3115 5357 3549 5427 spectatoribus

1898 5542 1926 5570 «
1955 5518 2178 5585 Tunde,
2211 5517 2395 5574 tunde
2439 5518 2777 5576 Anaxarchi
2848 5519 3067 5586 follem,
3123 5521 3547 5578 Anaxarchum

1895 5591 2056 5646 enim
2087 5607 2209 5646 non
2239 5589 2462 5646 tundis.
2493 5610 2521 5637 »
