4084 6206
554 293 657 349 919

1756 288 2210 344 CONSTANTINI
2246 287 2731 345 ACROPOLITE.
3769 296 3857 352 920

557 416 752 489 gestiit
770 413 1289 488 quemadmodum
1310 413 1371 469 in
1389 413 1619 470 theatro
1632 414 1993 487 conspicuus
2021 419 2175 471 esset
2196 434 2208 484 ;

2321 436 2410 467 και
2467 418 2516 467 οὶ
2591 415 2934 487 μαστίζοντες
2998 414 3245 487 παραυτὰ
3293 410 3675 486 μεταδληθέντες
3724 417 3855 471 ἕθαυο

557 507 940 564 ethominum
959 503 1379 560 tantummodo
1398 504 1641 559 laudem
1663 508 2060 571 consectatus,
2096 505 2209 561 for-

556 595 689 652 titer
716 595 889 665 fecit;
927 609 1064 649 cum
1097 592 1320 648 scilicet
1348 598 1672 665 praesentes
1722 593 2213 666 obstupescerent

556 684 887 751 hominem,
911 682 1169 754 subipsa
1191 682 1544 739 contusione
1583 698 1657 738 ne
1676 682 1925 755 quidem
1951 699 2081 739 sese
2101 689 2213 739 tor-

555 776 839 845 quentem
865 770 926 827 in
951 771 1129 837 latus,
1156 771 1393 843 ipsique
1418 773 1524 844 qui
1571 789 1711 828 eum
1764 772 2213 828 contundebant

2319 505 2505 577 μαζονο
2590 505 2684 563 τῆν
2762 500 2821 556 δέ
2896 522 2955 575 γε
3002 508 3263 576 μακαρίαν
3306 506 3495 561 ταύτην
3534 507 3581 557 οἱ
3629 506 3858 570 τύπτοντες

2322 596 2527 665 σύναιμα
2554 612 2637 645 κοι
2664 596 2713 645 οἱ
2748 596 3067 664 τυπτομένην
3127 593 3363 664 θεώμενοι
3419 592 3521 664 οὐχ
3581 595 3654 646 ὅτι
3695 616 3747 665 γε
3785 598 3859 649 οὐκ

2320 682 2497 741 ἠλέουν
2559 682 2686 735 αλλὰ
2710 702 2798 734 και
2820 681 3032 755 ἐμίσουν
3086 681 3140 733 ἐκ
3194 681 3393 753 ψυχῆς,
3452 702 3537 734 και
3589 681 3858 758 ἐλοιδοροῦν-

2319 793 2377 826 το
2407 776 2572 832 ταύτη
2603 782 2692 834 τῆς
2718 771 2983 841 ἀπονοίας,
3015 792 3105 825 και
3134 770 3452 832 ἑταλοίνιξον.

554 860 879 917 commotis
921 860 1141 916 animis
1186 860 1469 916 eumdem
1508 860 1962 918 demirarentur.
1995 865 2232 918 Beatam
2276 878 2413 919 vero
2455 863 2633 931 hanc,
2676 868 2800 919 tam
2830 862 2933 935 qui
2977 861 3307 932 caedebant,
3339 877 3526 934 quam
3565 863 3662 935 qui
3685 879 3859 921 cesam

555 949 931 1023 spectabant,
960 966 1083 1006 non
1105 950 1309 1019 modo,
1350 965 1473 1006 non
1504 951 1964 1019 miserebantur,
2002 951 2108 1006 sed
2129 952 2534 1010 infensissimo
2558 969 2802 1027 quoque
2840 952 3359 1025 prosequebantur
3387 952 3546 1023 odio,
3577 958 3630 1009 et
3663 953 3860 1011 demen-

558 1039 704 1097 tiam
728 1039 780 1095 ei
811 1039 1220 1111 objectabant,
1252 1044 1497 1112 propter
1521 1056 1708 1113 quam
1746 1056 1881 1096 eam
1909 1040 2204 1113 putabant
2235 1041 2551 1098 infelicem.

627 1132 715 1184 28.
738 1131 958 1184 Revera
985 1133 1127 1200 post
1142 1127 1302 1183 illam
1326 1129 1427 1184 Dei
1444 1145 1629 1201 supra
1648 1134 1928 1185 naturam
1972 1145 2215 1186 omnem

556 1217 739 1290 positi
766 1217 1264 1283 incarnationem,
1296 1217 1366 1272 iis
1397 1234 1641 1290 quoque
1684 1218 1789 1291 qui
1837 1218 1951 1274 sub
2000 1222 2216 1275 natura

556 1310 698 1362 sunt
720 1322 906 1379 supra
925 1310 1202 1363 naturam
1227 1321 1403 1377 agere
1424 1307 1615 1363 multa
1626 1308 1814 1379 etpati
1855 1323 2212 1364 concessum

555 1395 687 1453 fuit.
716 1399 917 1469 Neque
982 1396 1045 1451 id
1108 1396 1405 1453 immerito
1439 1414 1452 1464 ;
1484 1398 1708 1469 quippe
1757 1402 1974 1453 natura
2046 1398 2212 1453 omni

559 1484 850 1558 superior,
866 1488 1214 1557 naturaeque
1227 1484 1468 1541 effector
1481 1488 1656 1554 Deus,
1669 1490 1726 1541 et
1741 1502 1863 1559 prie
1871 1490 1957 1541 ter
1982 1491 2211 1542 naturae

558 1577 724 1648 leges
754 1580 931 1631 natus
951 1576 1136 1631 homo
1161 1575 1472 1648 multaque
1512 1592 1698 1647 supra
1718 1576 1847 1647 ejus
1901 1576 2056 1632 vires
2089 1575 2209 1632 efﬁ-

560 1682 693 1722 cere
718 1664 945 1735 valens,
972 1669 1203 1721 naturae
1237 1680 1480 1737 quoque
1510 1665 1673 1721 dedit
1709 1666 1999 1722 nonnulla
2028 1682 2210 1738 supra

560 1755 716 1811 vires
746 1755 993 1827 perpeti,
1026 1754 1547 1826 quemadmodum
1577 1756 1637 1809 in
1664 1755 1777 1810 hac
1829 1755 2004 1812 beata
2054 1755 2206 1811 fecit.

562 1846 692 1911 Quo
718 1844 876 1900 enim
898 1843 1084 1899 modo
1108 1843 1328 1899 valeret
1368 1843 1611 1910 femina,
1658 1844 1967 1900 imbecillis
2042 1861 2209 1900 sexu,

560 1934 921 2009 poenitentiis
954 1934 1262 2004 exhausta,
1288 1949 1534 2006 corpore
1564 1934 1912 1990 verberibus
1946 1935 2028 1991 sic
2048 1935 2208 1991 lace-

558 2030 709 2092 rato,
735 2027 935 2096 atque,
983 2027 1048 2079 ut
1098 2024 1181 2079 ita
1236 2022 1458 2093 dicam,
1490 2023 1812 2096 discerpto,
1864 2024 2007 2080 talia
2062 2025 2213 2081 inter

558 2113 793 2171 medios
815 2112 1112 2169 cruciatus
1146 2112 1363 2168 sentire
1407 2118 1464 2169 et
1516 2114 1786 2184 profari?
1813 2113 2098 2186 Equidem
2126 2113 2211 2169 sic

560 2203 851 2273 existimo,
918 2203 1189 2259 divinam
1265 2202 1680 2272 Theodosiam,
1731 2203 2210 2260 Machabaeorum

557 2292 854 2366 exemplo,
870 2307 1296 2364 corporearum
1310 2292 1583 2348 omnium
1605 2292 1990 2348 aﬂ‘ectionum
2016 2292 2211 2348 domi-

557 2397 700 2438 nam
732 2381 1107 2437 constituisse
1175 2381 1491 2449 rationem,
1551 2397 1684 2437 vere
1722 2382 2027 2451 invictam,
2076 2397 2211 2437 vere

556 2468 1053 2541 insuperabilem.
1087 2471 1489 2536 Cmterum,ut
1527 2474 1652 2524 tam
1700 2469 1926 2525 fortiter
1971 2475 2211 2541 tamque

558 2561 898 2615 constanter
914 2556 1213 2611 cruciatus
1240 2557 1601 2629 peracerbos
1623 2557 1701 2613 ab
1721 2574 1792 2614 ea
1819 2557 2093 2613 sustineri
2124 2558 2210 2613 vi-

557 2644 889 2718 deruntqui
904 2644 1372 2713 eosinferebant,
1386 2646 1602 2718 partim
1614 2646 1861 2719 quidem
1890 2647 2057 2719 quod
2083 2647 2210 2703 afe-

536 2766 539 2767 ν
557 2736 727 2792 mina
737 2734 924 2789 victos
938 2734 1165 2806 seipsos
1178 2733 1845 2808 erubescerent,partim
1868 2741 2075 2791 contra
2104 2752 2211 2791 su-

558 2823 942 2895 amipsorum
957 2822 1313 2893 pravitatem
1326 2828 1666 2893 agentes,et
1693 2824 1753 2879 in
1791 2823 2020 2880 rabiem
2051 2840 2209 2896 quo-

555 2912 888 2969 dammodo
916 2912 1230 2984 acti,quod
1254 2916 1392 2968 tunc
1415 2928 1605 2969 unum
1639 2918 1968 2985 supererat,
2000 2914 2058 2969 in
2086 2929 2210 2969 car-

2251 1838 2292 1891 B
2323 1857 2421 1903 σει,
2473 1837 2678 1889 ἐκτακεν

2397 1132 2502 1189 κη’.
2564 1131 2759 1192 ’Ὁντως
2816 1133 2947 1204 μετὰ
3001 1135 3095 1188 τὴν
3150 1138 3241 1183 τοῦ
3297 1131 3555 1202 ὑπεφυοῦς
3589 1137 3709 1183 Θεοῦ
3756 1131 3860 1184 έναι·

2326 1214 2593 1284 θρὼπησιν
2649 1218 2909 1287 καρτερεῖν
2995 1215 3058 1263 τὰ
3104 1213 3231 1287 ὑπὲρ
3307 1214 3462 1283 φύσιν
3528 1218 3625 1271 τοῖς
3675 1212 3760 1264 ὑπὸ
3794 1218 3861 1283 φύ-

2326 1321 2406 1352 σιν
2473 1304 2812 1373 κεχάρισται,
2912 1320 3001 1352 και
3053 1302 3189 1352 κατὰ
3278 1299 3430 1371 λόγον
3486 1301 3652 1359 ὄντως.
3700 1299 3750 1351 ’0
3783 1303 3858 1373 γὰρ

2321 1393 2446 1462 ὑπὲρ
2474 1395 2626 1463 φύσιν
2673 1396 2808 1460 Θεὸς,
2864 1411 2954 1443 και
3009 1399 3099 1451 τῆς
3143 1393 3340 1462 φύσεως
3410 1386 3715 1462 δημιουργὸς
3764 1392 3858 1463 ὑπερ

2322 1483 2475 1552 φύσιν
2524 1500 2576 1533 τε
2645 1485 2888 1553 γεγονὼς,

2318 1574 2443 1637 κὼς,
2501 1574 2663 1643 φέρειν
2729 1577 2790 1628 τῆ
2867 1571 3019 1641 φύσει
3074 1571 3140 1620 τὰ
3211 1570 3339 1642 ὑπὲρ
3398 1567 3557 1625 αὐτὴν
3608 1567 3857 1640 ἐχαρίσατο,

2320 1660 2472 1711 ὁποῖοί
2523 1678 2582 1731 γε
2632 1659 2726 1711 κᾶν
2805 1666 2863 1717 τῆ
2948 1662 3184 1731 μακαρίᾳ
3250 1660 3413 1714 ταύτη
3470 1656 3753 1709 τετέλεσται·
3795 1676 3862 1707 και

2318 1756 2428 1808 πῶς
2473 1750 2574 1822 γὰρ
2642 1747 2805 1809 ἄλλως
2848 1750 3072 1819 ἴσχυσεν
3118 1745 3178 1798 ἂν
3233 1748 3450 1817 γύναιον
3492 1744 3674 1797 ἁπαλὸν
3711 1752 3761 1802 τῆ
3796 1748 3862 1815 οὐ-

2977 1500 3067 1531 και
3148 1482 3213 1531 τὰ
3281 1481 3408 1553 ὑπὲρ
3482 1482 3625 1551 φύσιν
3688 1480 3859 1552 ἐνηργη-

2759 1846 2819 1896 τῆ
2876 1835 3123 1901 ἀσκήσει,
3178 1838 3273 1897 τὰς
3328 1838 3529 1909 σάρκας
3564 1834 3687 1887 οὑτω
3743 1852 3862 1884 κατα-

2325 1929 2676 1998 στιχθὲν,και
2703 1928 2767 1988 ὡς
2826 1927 2983 1979 εἰπεῖν
3046 1923 3479 2000 διασπαραχθὲν,
3524 1931 3725 1976 τοιαῦτα
3760 1922 3863 1995 φιλο·

2323 2015 2494 2089 σοφεῖν
2518 2017 2565 2069 ἐν
2592 2025 2701 2079 τοῖς
2721 2018 2940 2070 πάθεσιν
2966 2035 2979 2084 ;
3002 2015 3201 2077 ’Όντως
3250 2015 3609 2090 αὐτοκράτορα
3656 2022 3738 2065 τῶν
3790 2032 3863 2063 πα-

2324 2108 2423 2159 Θών
2465 2109 2551 2158 τὸν
2618 2105 2869 2178 λογισμὸν
2934 2109 3069 2158 κατὰ
3148 2109 3263 2166 τοὺς
3339 2104 3503 2157 πάλαι
3548 2101 3864 2161 Μακκαϐαίους

2319 2199 2667 2268 παρέστησεν,
2769 2198 2922 2256 ὄντως
2983 2192 3260 2259 ἀήττητον,
3380 2192 3535 2253 ὄντως
3603 2189 3863 2260 ἁκαταγώνιο

2323 2303 2464 2340 στον,
2490 2283 2628 2342 Πλὴν
2669 2282 2773 2335 ἀλλ’
2837 2284 2906 2345 ὡς
2940 2279 3077 2335 εἶδον
3132 2283 3266 2335 οὕτω
3315 2300 3559 2353 γενναιως
3604 2282 3690 2339 τὰς
3732 2276 3863 2351 βασάο

2320 2392 2458 2440 νους,
2520 2372 2654 2425 οὕτω
2708 2380 2969 2448 καρτερῶς
3020 2377 3296 2445 φέρουσαν,
3347 2378 3501 2423 τοῦτο
3669 2370 3861 2440 γυναικὸς

2320 2463 2607 2535 ἡττώμενοι
2636 2483 2726 2514 και
2772 2466 2865 2520 τὴν
2925 2459 3083 2519 ἧτταν
3141 2459 3603 2532 ἑπαισχυνὸμενοι,
3654 2464 3783 2510 τοῦτο
3821 2450 3862 2507 δι

2319 2558 2411 2612 τῆς
2498 2560 2638 2624 σφῶν
2709 2548 3027 2614 κακοδοξίας
3116 2550 3533 2623 ἀντιποιούμενοι
3573 2568 3657 2601 και
3703 2548 3787 2600 οἷον
3824 2545 3863 2598 ἐκ

2323 2644 2673 2717 Θηριούμενοι,
2745 2646 2801 2695 τό
2885 2661 2944 2712 γε
2980 2649 3068 2693 νῦν
3127 2642 3257 2693 εἶναι
3305 2645 3511 2715 φρουρᾷ
3550 2641 3864 2712 παραπέμπου-

2323 2750 2399 2801 σι,
2428 2752 2519 2784 και
2547 2740 2657 2794 τοῖς
2680 2739 2773 2793 τῆς
2797 2737 3020 2804 φρουρᾶς
3078 2726 3472 2805 παραδιδοῦσι,
3536 2724 3729 2791 δεινοῖς,
3768 2727 3865 2795 ιαμ·

2319 2820 2417 2892 ψαι
2456 2824 2646 2879 ταυτην
2692 2823 2824 2874 οὕτω
2868 2819 3193 2893 βουλόμενοι,
3249 2839 3340 2872 και
3392 2826 3464 2890 τῷ
3519 2816 3748 2891 βασιλείῳ
3790 2812 3863 2863 καθ

2321 2912 2577 2974 υποτάξαι
2608 2910 2926 2984 βουλήματι.

553 3017 750 3059 cerem
775 3003 1166 3058 amandatam
1194 3002 1595 3059 carceralibus
1620 3002 1864 3060 tradunt
1893 3002 2200 3069 aerumnis,
2226 3001 2311 3058 ita
2338 3016 2474 3057 eam
2494 2999 2743 3071 fatigare
2772 3000 3055 3066 volentes,
3088 3003 3146 3056 et
3173 2998 3352 3070 regiae
3374 2997 3613 3056 tandem
3626 2993 3864 3064 subjicere

552 3090 867 3149 voluntati.

624 3185 715 3238 29.
747 3182 877 3236 Non
906 3179 1116 3252 paucis
1136 3179 1353 3236 deinde
1382 3179 1604 3253 elapsis
1649 3180 1884 3248 diebus,
1940 3197 2079 3237 cum
2132 3180 2207 3236 de
2246 3179 2285 3237 C

554 3284 627 3327 ea
656 3270 874 3325 iterum
920 3269 1245 3342 periculum
1289 3269 1571 3337 facerent,
1607 3271 2008 3343 eamdemque
2057 3271 2208 3327 sicut

553 3362 691 3416 ante
717 3359 1033 3431 persistere
1061 3358 1414 3425 invenirent,
1446 3375 1517 3415 ac
1549 3359 1821 3431 ejusdem
1874 3374 2206 3428 cognosce-

551 3453 955 3507 rentmanere
1011 3449 1338 3519 sententiae,
1382 3453 1632 3505 mortem
1684 3450 1814 3519 ejus
1856 3449 2202 3505 decernunt.

552 3539 682 3595 Mox
700 3536 799 3593 alii
830 3536 1114 3591 manibus
1140 3552 1277 3593 eam
1316 3538 1696 3609 accipientes,
1720 3537 1817 3594 alii
1839 3554 1946 3609 per
1998 3538 2205 3609 capitis

552 3626 757 3682 velum
790 3624 1110 3692 trahentes,
1133 3624 1265 3681 aliis
1296 3625 1394 3681 alii
1443 3627 1710 3698 corporis
1750 3627 2038 3682 membris
2070 3642 2203 3682 eam

553 3717 881 3786 raptantes,
924 3713 1087 3769 velut
1110 3729 1293 3786 pecus
1319 3715 1650 3787 quoddam,
1684 3716 1986 3772 ducebant
2025 3716 2103 3771 ad
2123 3715 2203 3772 la-

555 3804 804 3859 nienam
829 3802 1206 3859 innocentem
1234 3804 1333 3859 Dei
1356 3803 1661 3873 buculam,
1693 3805 1961 3876 ejusdem
1986 3804 2206 3861 stabuli

557 3896 614 3948 et
636 3892 845 3965 pascui
864 3896 1227 3959 consortem,
1250 3907 1446 3965 neque
1469 3893 1547 3950 ab
1567 3894 1651 3949 eis
1690 3894 1888 3951 divelli
1931 3910 2204 3967 unquam

557 3997 619 4037 se
645 3996 912 4054 passam.
945 3983 1074 4038 Non
1100 3980 1346 4037 deerant
1377 3982 1612 4038 interim
1638 3985 1740 4055 qui
1771 3999 1905 4039 eam
1938 3987 2206 4054 percute-

554 4078 704 4138 rent,
734 4075 790 4128 et
816 4071 1203 4128 inclementer
1220 4070 1601 4129 verberarent
1628 4092 1640 4142 ;
1666 4089 1809 4130 nam
1830 4079 2073 4130 caeteros
2103 4072 2207 4145 qui

556 4176 692 4217 eam
721 4160 1013 4227 convitiis,
1038 4176 1070 4216 e
1095 4160 1271 4233 pleno
1301 4162 1389 4232 (ut
1413 4160 1653 4233 dicitur)
1678 4162 1946 4234 plaustro
1986 4164 2208 4233 petitis,

558 4249 892 4305 onerabant
951 4249 1160 4305 omitto
1211 4249 1431 4306 dicere.
1502 4254 1823 4324 Postquam
1881 4255 2080 4307 autem
2138 4266 2209 4305 eo

558 4342 867 4399 venerunt,
900 4337 1003 4392 ubi
1029 4337 1412 4395 decreverant
1440 4338 1626 4395 ﬁnem
1700 4339 1892 4395 facere
1953 4340 2022 4393 iis
2077 4356 2208 4410 quae

559 4425 953 4483 intendebant
983 4426 1387 4497 (decreverant
1418 4433 1618 4484 autem
1649 4428 1707 4483 id
1743 4429 1935 4484 facere
1987 4429 2045 4482 in
2088 4444 2210 4483 ma-

2387 3180 2485 3237 κθ’.
2571 3180 2631 3232 Ὠ
2708 3177 2766 3233 δε
2835 3188 2934 3232 τῶν
3010 3182 3214 3253 ἡμερῶν
3280 3176 3464 3249 ὀλίγαι
3482 3173 3862 3251 παρεληλύθεσαν,

2316 3289 2407 3321 και
2436 3277 2617 3342 πεῖραν
2658 3269 2816 3329 αὐτῆς
2853 3271 3197 3341 ποιησάμενοι
3273 3267 3385 3320 ἐπει
3426 3271 3512 3324 τὴν
3569 3264 3716 3322 αὐτὴν
3750 3256 3865 3316 αὖθις

2317 3358 2485 3431 εὗρον,
2543 3363 2636 3416 τὴν
2685 3358 2845 3416 αὐτὴν
2890 3354 3042 3420 αὖθις
3090 3357 3416 3429 ἀνέγνωσαν,
3471 3350 3865 3411 καταδικάζουσιν

2319 3448 2482 3509 αὑτῆς
2513 3450 2751 3501 θάνατον.
2798 3446 2973 3501 Ἔνθεν
3030 3467 3112 3500 τοι
3164 3467 3253 3499 και
3310 3448 3361 3499 οἱ
3420 3448 3510 3518 μὲν
3576 3451 3668 3496 τῶν
3716 3445 3866 3511 χειρῶν

2314 3538 2508 3598 ταύτης
2555 3534 2844 3609 λαϐόμενοι,
2923 3537 2971 3588 οἱ
3029 3532 3089 3588 δε
3154 3544 3249 3597 τῆς
3333 3533 3559 3607 κεφαλῆς
3621 3529 3867 3599 καλύπτρας

2315 3621 2820 3699 δραξάμενοι,οἷλλοι
2853 3621 2902 3678 δ’
2952 3624 3106 3678 ἄλλου
3162 3625 3347 3697 μέρους
3407 3631 3499 3676 τοῦ
3550 3628 3764 3693 σώματος
3794 3612 3867 3667 εἷλ’

2312 3733 2421 3783 κον,
2453 3734 2543 3766 και
2570 3716 2639 3776 ὠς
2672 3714 2926 3787 βόσκημα
2978 3711 3103 3786 ἦγον
3183 3714 3266 3767 ἐπι
3317 3718 3526 3786 σφαγὴν
3577 3716 3665 3769 τὴν
3705 3706 3868 3775 ἀπειρό·

2313 3822 2470 3855 κακον
2502 3804 2566 3863 ὠς
2597 3802 2798 3866 ἀληθῶς
2854 3811 2987 3857 Θεοῦ
3048 3800 3293 3876 δάμαλιν,
3348 3822 3442 3855 και
3497 3809 3586 3862 τῆς
3632 3799 3770 3855 αὐτῆς
3809 3810 3869 3843 νο·

2314 3900 2419 3964 μῆς
2441 3910 2493 3943 τε
2550 3911 2640 3943 και
2696 3888 2934 3964 μάνδρας
2974 3890 3342 3964 ἁντεχομίνην,
3396 3911 3489 3943 και
3545 3893 3615 3962 μὴ
3656 3888 3868 3959 μεταστὲ-

2314 4002 2398 4033 ναι
2440 3985 2498 4032 τὸ
2545 3983 2790 4053 παράπαν
2846 3981 3004 4042 αὐτῆς
3063 3980 3401 4053 ἀνεχομένην.
3450 3980 3566 4034 Εἰσι
3616 3974 3659 4030 δ’
3706 3973 3747 4027 οἳ
3788 3973 3866 4023 Enr

2316 4090 2441 4123 πτον
2473 4070 2618 4140 ἐντῷ
2650 4070 2865 4143 μεταξὺ,
2919 4090 3007 4122 και
3066 4069 3288 4131 ἀνηλεῶς
3343 4072 3580 4123 ἔτυπτονι
3636 4066 3745 4124 τοὺς
3788 4060 3864 4129 γὰρ

2317 4159 2499 4229 ὕϐρεσι
2522 4159 2798 4220 πλύνοντας
2819 4180 2907 4212 και
2946 4160 3014 4221 ὡς
3072 4160 3123 4223 ἐξ
3172 4159 3393 4232 ἁμάξης,
3436 4162 3462 4212 ὅ
3520 4176 3662 4231 φασι,
3711 4148 3865 4205 διαλοι·

2322 4247 2667 4324 δορουμένους
2737 4255 2985 4323 παρίημι.
3064 4249 3199 4303 Ἀλλ’
3267 4249 3476 4323 ἐπείπερ
3526 4248 3736 4319 ἐφθασαν
3776 4240 3863 4290 ὅποι

2323 4337 2389 4397 δὴ
2419 4340 2560 4401 τέλος
2581 4335 2764 4391 δοῦναι
2793 4342 3090 4412 προῦκειτο,
3116 4347 3220 4399 τοῖς
3268 4342 3407 4391 κατὰ
3454 4341 3641 4390 σκοπὸν
3693 4332 3751 4401 (ἐν
3793 4345 3865 4398 μα’

2322 4428 2478 4499 κε’λλῳ
2509 4424 2559 4480 δ’
2591 4428 2769 4490 αὐτοῖς
2815 4433 3107 4504 προῦκειτο,
3165 4428 3229 4480 ἶν’
3278 4434 3346 4489 ὡς
3386 4424 3596 4501 ἀμνάδα
3634 4414 3865 4495 παραδῶσι

562 4515 709 4573 cello
738 4517 834 4588 (7),
858 4519 923 4571 ut
943 4519 1231 4588 tanquam
1257 4516 1384 4572 ovis
1396 4517 1770 4588 jugularetur
1790 4521 1892 4573 aut
1921 4516 2097 4573 veluti
2115 4518 2209 4588 ju-

2328 4526 2630 4589 σφαγῆ.και
2661 4517 2729 4579 ὠς
2750 4519 2798 4570 ἓν
2818 4538 2868 4569 τι
2913 4526 3009 4569 τῶν
3062 4527 3259 4575 κτηνῶν
3317 4523 3604 4580 κτείνωσιν,
3659 4514 3756 4583 ἅμα
3799 4506 3865 4575 μὶν

562 4610 834 4662 mentum
864 4609 1225 4663 mactaretur
1262 4611 1386 4664 tam
1407 4606 1486 4663 ad
1533 4606 1957 4662 contumeliam
2000 4607 2210 4679 ipsius,

563 4711 751 4769 quam
778 4694 857 4752 ad
916 4694 1173 4752 aliorum
1228 4696 1390 4752 idem
1470 4712 1611 4752 cum
1654 4696 1789 4768 ipsa
1837 4696 2214 4752 sentientium

562 4784 921 4857 irrisionem)
952 4800 965 4852 ;
997 4789 1341 4859 postquam,
1394 4789 1459 4841 ut
1515 4785 1657 4851 dixi,
1723 4800 2047 4857 pervenere
2094 4801 2217 4857 quo

563 4874 870 4943 volebant,
940 4874 1293 4931 carniﬁcum
1368 4889 1674 4930 nonnemo
1730 4889 1957 4929 novum
2041 4874 2219 4946 quid-

566 4963 712 5019 dam
752 4968 808 5019 et
874 4962 1183 5019 insolitum
1237 4962 1593 5032 excogitavit
1626 4979 1638 5018 :
1672 4961 1833 5018 illam
1874 4962 2033 5018 enim
2081 4978 2218 5034 quae

567 5052 777 5124 capitis
790 5052 1155 5109 abscissione
1168 5056 1269 5110 aut
1281 5052 1595 5109 machaerae
1608 5052 1873 5124 impulsu
1894 5053 2217 5125 peragitur,

567 5147 826 5199 mortem
869 5141 1153 5198 acerbam
1186 5142 1435 5215 quidem
1462 5142 1753 5211 accidere,
1781 5146 2043 5198 attamen
2074 5141 2217 5197 tole-

568 5230 821 5289 rabilem
852 5229 1271 5287 arbitrabatur.
1304 5236 1551 5303 Arrepto
1578 5231 1779 5303 itaque
1800 5231 1967 5303 quod
2012 5232 2075 5287 in
2123 5231 2220 5287 via

572 5319 817 5394 publica
830 5319 976 5376 forte
989 5318 1349 5375 offerebatur
1360 5335 1545 5376 cornu
1558 5322 1634 5391 (8)
1665 5320 1943 5391 virginem
1960 5336 2022 5375 sa
2033 5325 2220 5376 notam

643 5469 722 5540 (7)
756 5469 834 5524 De
858 5467 991 5540 loco
1039 5482 1220 5540 supra
1267 5468 1393 5540 jam
1424 5470 1625 5540 actum
1660 5472 1768 5525 est.
1821 5467 2083 5540 Μάκελλον
2122 5484 2222 5524 au-

575 5545 716 5609 tem,
756 5539 1126 5595 Latinalicet’
1161 5555 1277 5595 vox
1329 5539 1421 5609 sit,
1481 5539 1661 5595 etiam
1714 5540 1934 5596 Paulus
1982 5539 2144 5602 dixit.
2202 5541 2222 5595 Ι

575 5614 707 5685 Cor,
739 5628 792 5679 Χ,
826 5614 913 5668 25.
946 5610 1251 5666 Μακελλεῖον
1296 5611 1435 5678 alii;
1487 5611 1626 5668 hinc
1674 5611 2060 5683 λεωμακελλιον,
2110 5614 2222 5669 Ma-

2327 4608 2398 4669 εὶς
2426 4607 2619 4679 χλεύην
2671 4615 2768 4668 τῆς
2816 4612 3096 4680 μακαρίας,
3150 4609 3258 4678 ἅμα
3305 4604 3362 4661 δε
3410 4626 3500 4658 και
3553 4612 3647 4656 τῶν
3691 4590 3866 4669 ὁμοφρδ⁴

2324 4718 2420 4748 νων
2444 4698 2605 4754 ταύτη
2668 4696 3005 4767 κατάγελων),
3068 4694 3174 4748 ἀλλ’
3226 4697 3292 4758 ὡς
3347 4695 3465 4749 ὁποι
3527 4690 3594 4751 δὴ
3648 4708 3727 4741 και
3772 4681 3865 4754 βθῷ

2325 4786 2491 4839 λοιντο
2543 4790 2910 4858 παραγένοιντο
2948 4794 3046 4837 τῶν
3094 4805 3175 4847 τις
3243 4782 3447 4858 δημίων
3526 4780 3785 4849 καινότερόν
3828 4786 3866 4818 τι

2329 4872 2658 4933 διενοήσατοθ
2692 4876 2786 4933 τῆν
2809 4877 2897 4947 μεν
2925 4877 3026 4948 γὰρ
3087 4871 3178 4927 διὰ
3233 4882 3322 4927 τοῦ
3373 4874 3545 4946 ξίφους
3594 4871 3756 4941 τομήν.
3803 4877 3862 4911 πθ

2327 4967 2453 5041 κρὰν
2505 4967 2594 5037 μὲν
2652 4984 2740 5016 και
2821 4964 2979 5025 ἄλλως
3041 4961 3320 5038 ὀδυνηρὰν,
3394 4962 3500 5016 ἀλλ’
3556 4958 3639 5013 οὖν
3686 4950 3863 5027 φορητὸν

2330 5051 2397 5113 δή
2450 5074 2557 5116 πως
2609 5056 2869 5125 ἡγήσατο,
2900 5074 2989 5106 και
3044 5060 3136 5113 τὴν
3192 5051 3284 5106 διὰ
3324 5056 3605 5126 μαχαίρας
3648 5044 3860 5098 aiio-aufer;-

2332 5148 2492 5217 Κέρας
2562 5141 2648 5196 οὖν
2704 5154 2803 5196 τῶν
2850 5146 3253 5217 παρευρεθέντων
3305 5143 3494 5205 λαϐὼν,
3549 5140 3615 5198 εἰς
3683 5139 3864 5217 γῆνλτί

2328 5241 2421 5295 τὴν
2474 5237 2655 5306 Ἀγίαν
2732 5233 3057 5305 καταϐακὼν,
3128 5255 3219 5287 και
3270 5243 3361 5295 τῆς
3409 5240 3573 5305 κόμης
3620 5228 3733 5300 πρὸς
3776 5215 3864 5306 ίανξ

2328 5329 2414 5378 τὸν
2463 5324 2751 5385 ἀνακλάσας
2832 5321 2926 5377 διὰ
2992 5331 3083 5376 τοῦ
3157 5332 3513 5397 γαργαρεὼνος
3612 5317 3736 5379 ὠθεῖ,
3798 5318 3863 5353 και

2330 5467 2545 5523 cellum
2576 5466 2888 5539 publicum
2918 5465 3469 5539 apudCedrenum.
3573 5534 3582 5539 _
3688 5510 3856 5539 vim“

2401 5513 2478 5607 ξεῖ
2489 5513 3449 5595 λ’νίὲὖῖιὶ]Ε’ὧῖηἵῐὶιίξξεῖὶῶἰξὲἷ
3457 5513 3651 5589 auctor
3671 5513 3858 5580 distichi

2333 5611 2395 5666 in
2420 5610 2779 5683 Synaxariis.
