4084 6206
243 329 341 384 921
1580 328 1652 385 ΙΝ
1691 330 1748 385 S.
1787 330 1856 385 ’Π

1989 328 2258 385 JOSIAM.
3496 329 3602 383 922

241 449 573 514 σπονδύλους
620 455 783 525 τούτῳ
838 449 1117 526 διατεμὼν,
1202 457 1491 529 πικρότατα
1570 462 1659 515 τῆς
1722 456 1835 514 τοὺς

1991 452 2267 509 rosternit
2295 451 2424 508 solo
2456 468 2470 518 ;
2507 454 2561 508 et
2586 450 2851 508 crinibus
2866 465 3000 507 eam
3012 448 3360 521 oorripiens’
3374 463 3604 519 magna

238 552 399 604 πνοῆς
419 543 581 601 αὐτὴν
614 541 908 617 ἀφαιρεῖται
928 545 1132 616 σύναμα
1161 548 1249 595 καὶ
1279 551 1373 606 τῆς
1396 543 1551 604 ζωῆς.

1989 543 2006 598 i
2036 543 2097 598 in
2122 542 2403 613 jugulum
2437 544 2514 613 (9)
2542 557 2731 599 cornu
2767 540 3036 614 impellit,
3069 544 3127 595 et
3151 538 3437 596 diffractis
3467 551 3600 611 quas

240 630 456 687 deinde
478 635 799 687 occurrunt
824 630 1131 697 vertebris,
1160 630 1550 687 acerbissimo
1578 647 1716 687 cum
1747 630 1970 687 doloris
2000 646 2180 686 sensu
2205 630 2480 703 spiritum
2510 630 2758 702 martyri
2792 629 3097 701 vitamque
3127 627 3370 683 ademit.

310 720 369 774 λ’.
405 724 507 773 Καί
534 722 583 773 οἱ
619 720 707 792 μὲν
735 719 867 772 οὓτω
895 721 961 772 τὰ
985 722 1120 772 κατὰ
1150 721 1311 792 θυμόν
1358 719 1587 779 ἔπλησαν
1621 741 1634 753 ·
1692 722 1723 778 ἠ
1785 716 1846 772 δέ

2023 722 2110 775 30.
2145 723 2338 792 Atque
2358 719 2418 775 hi
2448 718 2693 791 quidem
2720 732 2795 775 ea
2818 733 2943 790 qua
2972 717 3196 773 dictum
3238 720 3328 772 est
3371 714 3600 772 ratione

235 810 391 872 εὐθὺς
465 817 565 862 τῶν
613 810 727 861 κατ’
789 812 959 881 ἔφεσιν
1011 812 1169 881 ἔτυχε
1228 830 1241 842 ·
1292 813 1678 884 παραπομποὺς
1739 812 1841 884 γὰρ

1988 825 2216 873 arerem
2238 826 2413 866 suum
2436 810 2825 882 expleverunt
2856 826 2868 876 ;
2919 807 3217 865 Thodosia
3262 822 3403 863 vero
3449 807 3601 863 votis

236 898 495 971 ἀγγέλους
547 900 754 973 εὑρήκει
800 905 891 951 xui
946 901 1309 973 προπομπούς,
1383 902 1432 952 οἰ
1508 903 1598 951 καὶ
1677 918 1837 972 προη-

1986 914 2023 954 ,c
2053 898 2363 954 desideriis
2396 898 2518 954 suis
2564 896 2812 954 omnino
2864 897 3051 970 potita
3100 901 3209 952 est.
3261 895 3599 952 Ccelestium

231 996 424 1060 γοῦντο
474 990 688 1052 ταύτης,
715 992 806 1040 xui
849 987 961 1060 μετ’
1007 988 1283 1060 εὐφημίας,
1339 992 1693 1063 παρέπεμπον,
1749 992 1840 1041 xui

1986 986 2172 1059 juippe
2187 987 2498 1057 geniorum
2520 987 2970 1059 prtecedentium
2984 985 3599 1058 subsequentiumque

231 1077 302 1137 εὶς
326 1076 545 1152 οὐρανὸν
574 1075 629 1128 ἐκ
663 1085 760 1148 γῆς
806 1075 1163 1149 μετεϐίϐαςον.
1217 1080 1375 1149 Τάχα
1427 1074 1479 1131 δ’
1538 1077 1598 1130 ἂν
1648 1076 1839 1150 ἀναγο-

1985 1076 2232 1132 omitatu
2265 1077 2502 1147 stipata,
2535 1091 2658 1131 non
2685 1077 2811 1131 sine
2836 1075 3059 1145 insigni
3077 1073 3330 1133 laudum
3377 1089 3598 1145 praeco-

227 1170 357 1238 μένη
389 1173 611 1219 τοιαῦτα
634 1168 701 1218 τὰ
722 1169 849 1239 πρὸς
878 1168 968 1227 τὰς
1018 1165 1211 1239 ἀρχὰς,
1264 1171 1396 1239 πρὸς
1454 1170 1548 1228 τὰς
1599 1167 1840 1230 ἐξουσίας

1983 1166 2119 1233 .io,e
2145 1166 2314 1222 terris
2352 1167 2414 1223 in
2442 1165 2662 1222 castum
2714 1165 2973 1222 deducta
3012 1165 3141 1221 fuit.
3197 1165 3349 1219 Dum
3396 1166 3596 1220 autem

226 1258 363 1329 μετὰ
422 1254 725 1329 παρῥησίας
788 1253 1081 1327 ἐφθέγγετο,
1146 1254 1353 1326 Ὑψώθη
1412 1260 1566 1329 κέρας
1625 1276 1724 1328 μου
1788 1254 1836 1307 ἐν

1983 1255 2314 1324 scenderet,
2346 1258 2577 1328 poterat
2624 1255 2703 1311 ad
2748 1254 3117 1327 principatus
3169 1258 3227 1309 et
3275 1257 3596 1326 potestates

226 1352 345 1399 Θεῶ
377 1364 499 1417 μου.
531 1344 613 1397 Ἐν
662 1346 761 1416 γὰρ
820 1343 954 1414 οῦτῷ
1006 1347 1123 1405 τούς
1176 1342 1326 1416 ἐμοὺς
1384 1344 1608 1418 ἐχθροὺς
1655 1344 1835 1420 ἐκερά-

1981 1343 2030 1399 ic
2058 1343 2311 1401 ﬁdenter
2336 1344 2502 1417 loqui
2535 1362 2548 1411 ;
2583 1343 2915 1401 Exaltatum
2959 1348 3052 1401 est
3084 1358 3271 1399 cornu
3300 1358 3505 1398 meum
3534 1342 3594 1398 in

225 1453 379 1499 τισα,
412 1438 502 1486 καὶ
532 1440 619 1484 νῦν
649 1428 766 1486 ἰδοὺ
790 1436 919 1505 πρὸς
960 1432 1116 1485 αὐτόν
1154 1434 1358 1506 ἄπειμι,
1417 1433 1571 1486 αὐτόν
1629 1439 1837 1507 ἀμέσως

1984 1439 2071 1489 leo
2110 1448 2286 1499 meo;
2346 1433 2447 1488 illo
2498 1432 2722 1505 quippe
2779 1433 3056 1505 propitio,
3099 1432 3375 1487 inimicos
3428 1446 3597 1487 meos

223 1525 319 1575 τὸν
358 1518 431 1574 δι’
468 1521 556 1594 ἐμέ
615 1523 864 1594 γεγονότα
909 1522 1024 1574 κατ’
1081 1521 1169 1594 ἐμὲ
1222 1527 1687 1595 προσκυνήσουσα,
1743 1532 1836 1587 τῆς

1980 1522 2227 1579 οηιὶιανὶ
2259 1538 2448 1579 cornu
2480 1540 2493 1589 ;
2530 1528 2587 1579 et
2607 1538 2743 1578 ecce
2772 1538 2933 1578 nunc
2949 1522 3027 1578 ad
3057 1537 3197 1577 eum
3227 1520 3593 1592 proﬁciscor,

227 1616 567 1686 Θεομητορος
635 1613 775 1674 θείας
837 1610 1304 1673 ἀπαπολαύσουσα,
1371 1614 1459 1671 τὰς
1535 1608 1630 1664 διὰ
1698 1620 1833 1686 Χρι-

1981 1618 2269 1684 psummet
2300 1614 2404 1685 qui
2442 1628 2550 1684 pro
2581 1629 2677 1668 me
2710 1613 2899 1668 factus
2925 1616 3013 1668 est
3057 1611 3262 1667 homo.
3302 1610 3594 1665 velamine

225 1704 354 1754 στὸν
378 1699 705 1767 ἀθλησὰσας,
736 1700 827 1761 τὰς
876 1698 1157 1773 βιωσάσας
1200 1700 1365 1763 ἄλλως
1415 1703 1551 1753 κατὰ
1604 1706 1833 1773 Χριστόν

1983 1707 2148 1758 moto
2179 1702 2524 1771 adoratura,
2557 1705 2613 1757 et
2637 1701 2832 1758 Matris
2861 1701 2991 1772 ejus
3052 1699 3443 1756 sanctissimae
3461 1698 3596 1754 frui-

221 1788 594 1862 ἁσπασομένη,
626 1794 716 1841 καὶ
743 1798 838 1852 τῆς
886 1798 1024 1860 σφῶν
1073 1788 1278 1861 ὁμιλίας
1329 1794 1830 1864 κατατρυφήσουσα,

1984 1807 2075 1847 ira
2124 1795 2471 1863 conspectu,
2522 1806 2591 1846 ac
2642 1789 2973 1847 salutatura
3025 1793 3272 1845 caeteras
3319 1804 3455 1860 quae
3501 1785 3597 1842 vel

222 1882 356 1931 εἴπω
417 1878 726 1948 συνελοῦσα,
754 1887 855 1931 τῶν
911 1883 1038 1941 τέως
1081 1898 1172 1953 μοι
1234 1887 1609 1951 προσκυνητῶν
1657 1882 1829 1932 τύπων

1986 1894 2053 1934 ro
2074 1879 2304 1937 Christo
2351 1894 2553 1951 passae
2603 1883 2743 1933 sunt
2778 1878 2872 1934 vel
2920 1877 3254 1932 secundum
3298 1877 3427 1946 ejus
3452 1890 3597 1947 prte-

227 1967 462 2039 ὁψομένη
493 1975 582 2019 νῦν
636 1966 938 2042 ἀπέρχομαι
1001 1970 1066 2019 τὰ
1120 1972 1438 2041 πρωτότυπα
1466 1989 1479 2002 ο
1550 1967 1650 2021 ἀπό
1703 1975 1829 2037 γοῦν

1979 1973 2113 2039 cpta
2144 1968 2363 2031 vixere,
2391 1971 2449 2023 et
2485 1982 2557 2022 ex
2583 1982 2792 2023 earum
2824 1966 3277 2021 conversatione
3319 1979 3442 2020 non
3473 1964 3592 2019 exi—

222 2054 352 2128 ἑμοῦ
391 2059 442 2108 οἱ
471 2060 870 2129 πονηρεῦόμενοι
902 2058 1091 2118 πὰντες
1145 2054 1428 2114 ἀπόστητε.
1481 2056 1614 2108 Ἀλλ’
1654 2059 1684 2115 ἡ
1737 2062 1828 2129 μέν

1978 2073 2130 2112 υυιη
2152 2062 2404 2129 captura
2435 2056 2747 2127 gaudium.
2771 2054 2956 2124 Abeo,
3005 2053 3335 2126 inquiebat,
3381 2068 3591 2108 earum

225 2147 396 2207 οὕτως
450 2142 609 2216 εἶχεν,
670 2146 834 2206 οὕτως
887 2143 1150 2219 ἀνήρχετο
1181 2166 1194 2177 θ
1227 2146 1275 2196 οἱ
1343 2141 1402 2197 δέ
1448 2147 1639 2204 ταύτης
1702 2163 1826 2219 προ·

1978 2145 2293 2215 naginum,
2323 2160 2480 2216 quas
2509 2143 2791 2215 religioso
2830 2158 3066 2215 semper
3090 2143 3251 2197 cultu
3308 2144 3591 2198 venerata

216 2237 577 2306 πορευόμενοι,
610 2237 958 2305 παρεπόμενοί
1009 2252 1064 2286 τε
1124 2236 1214 2284 xui
1268 2237 1602 2304 συνεπόμενοι
1657 2237 1709 2284 τί
1766 2232 1826 2285 ἂν

1978 2250 2096 2300 um,
2128 2234 2389 2305 ipsamet
2407 2239 2805 2305 conspectura
2838 2236 3176 2304 prototypa.
3224 2229 3514 2285 Discedite
3554 2244 3591 2285 a

216 2321 448 2389 ἕποίουν,
481 2327 569 2374 xui
606 2323 740 2382 ὅπως
797 2319 1091 2387 διέκειντο;
1141 2322 1202 2373 Εἰ
1252 2324 1353 2394 γὰρ
1403 2320 1487 2374 ἐπὶ
1526 2322 1598 2375 ἐνὶ
1650 2322 1825 2396 ἀμαρ-

1976 2338 2034 2379 16
2066 2321 2246 2392 igitur
2281 2336 2495 2377 omnes
2524 2322 2629 2393 qui
2668 2319 3000 2393 operamini
3038 2319 3435 2390 iniquitatem.
3474 2320 3589 2374 Hoc

213 2410 369 2482 τωλῷ
406 2418 759 2483 μετανοοῦντι,
813 2412 884 2473 ὠς
930 2412 956 2463 ό
1014 2413 1197 2484 Κύριος
1246 2411 1403 2471 αὐτὸς
1455 2429 1645 2484 ειρηκε,
1702 2430 1826 2482 χαι-

1979 2426 2134 2483 aque
2172 2410 2356 2467 modo
2388 2409 2733 2467 Theodosias
2794 2425 2888 2465 res
2941 2423 3073 2465 sese
3128 2408 3415 2473 habuere,
3474 2405 3590 2461 hac

210 2520 417 2577 ροντες,
464 2506 637 2564 πόσης
680 2501 742 2553 ἂν
773 2500 858 2553 ἐπί
902 2508 963 2573 τῇ
997 2500 1052 2553 ἐκ
1098 2497 1291 2562 παιδός
1339 2500 1486 2561 εὐθὺς
1540 2500 1823 2575 εὐαρεστη-

1977 2500 2165 2556 stione
2202 2500 2264 2555 in
2300 2498 2484 2555 cmlos
2522 2499 2733 2556 evasit.
2775 2501 2942 2554 Nunc
2980 2501 3202 2562 autem,
3256 2493 3362 2566 qui
3424 2493 3590 2550 illam

215 2593 363 2664 σάσῃ
421 2598 519 2644 τῶν
573 2591 760 2643 τούτου
816 2591 1016 2661 θεσμῶν
1069 2596 1242 2661 χαρᾶς
1296 2609 1349 2642 τε
1405 2595 1494 2642 xui
1549 2586 1824 2662 χυμηδίας

1979 2587 2498 2660 raacedebant,qui
2527 2587 2971 2644 comitabantur
2999 2585 3225 2657 quique
3260 2582 3590 2655 subseque-

212 2679 451 2738 ἐπλήσαν
486 2698 499 2748 ;
1937 2678 2159 2736 bantur
2179 2677 2397 2748 angeli,
2420 2676 2570 2749 quid
2612 2676 2821 2732 fecisse
2846 2679 2951 2732 aut
3000 2673 3226 2747 quibus
3269 2671 3589 2728 incessisse

209 2768 416 2826 modis
448 2768 855 2826 arbitramur?
886 2768 1113 2825 Etenim
1142 2768 1192 2825 si
1221 2783 1401 2842 super
1428 2784 1549 2825 uno
1577 2772 1887 2841 peccatore
1919 2766 2332 2841 paenitentiam
2364 2772 2597 2837 agente,
2639 2762 3159 2838 quemadmodum
3197 2762 3451 2835 ipsemet
3480 2763 3589 2817 Do-

209 2858 414 2915 minus
460 2862 711 2915 testatus
764 2862 874 2924 est,
916 2861 1151 2915 tantum
1177 2858 1325 2931 ipsis
1376 2857 1452 2914 sit
1494 2857 1810 2928 gaudium,
1860 2862 2090 2930 quanta
2139 2871 2241 2913 eos
2288 2855 2489 2912 laetitia
2525 2859 2753 2928 quanto
2809 2853 3033 2925 gaudio
3083 2851 3356 2907 dicemus
3403 2850 3590 2906 fuisse

207 2946 493 3021 repletos,
526 2946 607 3004 ob
644 2962 801 3013 eam,
833 2962 971 3019 quas
997 2962 1034 3003 a
1065 2946 1274 3019 primis
1302 2947 1439 3004 vita:
1461 2962 1587 3004 sum
1611 2947 1786 3002 annis
1818 2944 1871 3002 ei
1897 2945 2119 3017 placuit
2151 2961 2257 3018 per
2283 2944 2710 3001 mandatorum
2747 2942 2877 3014 ejus
2904 2940 3387 2998 observationem
3410 2938 3439 2993 ‘I

286 3035 386 3093 λα’.
412 3035 611 3107 Ἐγωγε
635 3035 812 3108 οἱομοιι
844 3036 913 3097 ὡς
966 3035 1073 3107 οὐχ
1141 3036 1291 3094 ἧττον
1348 3036 1378 3095 ἦ
1443 3037 1527 3088 ὅτε
1581 3041 1673 3095 τὴν
1730 3043 1821 3096 τῆς
1862 3034 1899 3091 C

2000 3039 2087 3091 31.
2113 3034 2204 3091 Ad
2228 3050 2326 3090 me
2351 3033 2518 3105 quod
2542 3032 2766 3095 attinei,
2789 3046 2912 3087 non
2937 3029 3155 3085 minori
3180 3027 3343 3083 illam
3369 3025 3588 3098 plausu

114 3186 121 3193 ο
209 3127 653 3200 πρωτομὰρτυρος
744 3128 1079 3198 παρέπεμπον
1163 3125 1363 3186 Θέκλης
1436 3125 1644 3197 ψυχὴν,

1972 3122 2249 3194 etitiaque
2307 3126 2641 3194 exceptam.
2691 3136 2803 3176 nec
2854 3119 3171 3191 pauciores
3222 3114 3475 3172 laudum
3513 3129 3585 3170 ac

212 3214 459 3289 ὶκρότουν
487 3219 577 3267 xui
639 3216 872 3286 ἔχαιρον,
941 3219 1031 3267 xui
1085 3217 1172 3266 τὸν
1224 3216 1493 3289 ἄνθρωπον
1556 3216 1682 3288 ὑπερ
1737 3212 1820 3264 ἀν-

1970 3213 2255 3268 ratiarum
2270 3211 2532 3283 hymnos
2547 3213 2664 3267 Deo
2677 3214 2917 3282 propter
2927 3208 3236 3264 hominem
3248 3206 3582 3261 humanato

216 3305 437 3376 θρὼπων
500 3308 765 3375 γενόμενον
830 3304 1021 3375 ὕμνουν
1074 3322 1130 3356 τε
1154 3308 1244 3355 xui
1301 3300 1569 3365 ἐδόξαζον
1630 3309 1687 3355 Ἠ
1728 3305 1818 3374 μὲν

1973 3304 2274 3357 ecantatos
2294 3300 2475 3356 fuisse
2502 3298 2842 3363 arbibitror,
2862 3312 3049 3371 quam
3070 3300 3211 3352 tunc
3234 3311 3372 3351 cum
3394 3298 3586 3366 proto-

211 3395 318 3467 γὰρ
349 3400 423 3462 τῷ
453 3392 521 3453 εἰς
549 3396 723 3467 τρίτον
775 3391 987 3467 οὐρανὸν
1053 3390 1313 3445 ἀνελθόντι
1358 3395 1565 3463 Παύλῳ,
1615 3396 1701 3443 xui
1752 3395 1819 3443 τὰ

1974 3390 2205 3463 iartyris
2229 3389 2454 3446 Theclas
2480 3390 2592 3462 (10)
2622 3389 2888 3445 animam
2909 3386 3211 3443 deduxere
3241 3384 3458 3455 angeli.
3480 3383 3587 3443 111a

209 3480 422 3557 ἄρρητα
448 3483 699 3554 μυηθέντι
747 3481 1190 3548 κατηκολούθησε,
1243 3478 1336 3534 διά
1381 3501 1436 3534 τε
1487 3481 1681 3543 πολλῆς
1735 3483 1818 3534 ὅτε

1971 3478 2163 3535 uidem
2212 3478 2391 3536 Paulo
2440 3479 2498 3534 in
2548 3478 2785 3534 tertium
2819 3492 3006 3550 usque
3054 3474 3272 3533 caelum
3303 3478 3493 3547 rapto,
3527 3476 3584 3530 et

206 3574 594 3644 μυσταγωγίας
627 3573 757 3646 πρὸς
810 3572 867 3623 τὸ
923 3577 1014 3623 τοῦ
1067 3575 1358 3645 μαρτυρίου
1417 3566 1635 3623 στάδιον
1690 3568 1815 3623 ἀπε-

1972 3583 2149 3624 rcana
2178 3584 2300 3625 non
2326 3568 2646 3625 revelanda
2671 3567 2901 3637 edocto,
2934 3563 3230 3637 discipula
3253 3562 3525 3631 adhaesit,
3546 3576 3585 3619 a

210 3656 461 3713 δύσατο·
514 3660 544 3717 ἡ
599 3655 649 3710 δ’
709 3658 814 3731 οὐχ
868 3660 1007 3720 ὅπως
1064 3654 1375 3730 διδασκάλῳ
1428 3662 1562 3711 κατὰ
1615 3658 1816 3712 Παῦλον

1970 3673 2047 3713 uo
2074 3673 2212 3713 cum
2234 3672 2356 3713 non
2378 3672 2574 3729 pauca
2597 3657 2671 3712 de
2692 3655 2872 3712 rebus
2893 3653 3232 3711 caelestibus
3258 3651 3580 3718 didicisset,

208 3746 505 3823 ἐχρήσατο,
544 3745 672 3799 ἀλλά
709 3743 833 3800 οῦδέ
870 3756 966 3799 τῶν
1016 3746 1144 3800 πολὺ
1210 3748 1320 3820 μετ’
1375 3747 1559 3801 ἐκεῖνον
1590 3769 1602 3782 -
1631 3751 1689 3800 τό
1757 3745 1817 3802 δέ

1970 3748 2003 3801 d
2018 3746 2287 3819 martyrii
2310 3746 2570 3803 stadium
2593 3744 2865 3803 alacriter
2884 3743 3327 3800 decurrendum
3348 3738 3583 3811 egregie

205 3856 269 3909 γε
292 3836 494 3909 μεῖζον,
528 3837 608 3889 ὅτι
665 3841 754 3888 xui
823 3844 1039 3909 συχνοῖς
1086 3836 1215 3908 οἶγαν
1274 3844 1374 3889 τῶν
1443 3839 1816 3910 όμογνωμόνων

1969 3836 2189 3892 refecto
2241 3835 2348 3891 fuit
2392 3835 2698 3891 instructa.
2753 3832 2906 3899 Ouid
2953 3837 3147 3889 autem
3195 3829 3525 3888 Theodosia
3553 3828 3581 3883 ?

208 3922 371 3985 δῆθεν
399 3928 529 3999 πρὸς
563 3924 857 3978 τούναντίον
907 3924 1271 3997 μεθελκομένῆ,
1324 3934 1414 3978 τοῦ
1472 3928 1628 4001 ὀρθοῦ
1676 3946 1817 4001 περι-

1974 3941 2053 3981 on
2084 3925 2356 3991 Paulum,
2398 3925 2634 3980 Paulive
2678 3923 2956 3993 similem,
2998 3927 3102 3979 aut
3139 3922 3318 3977 etiam
3372 3933 3582 3974 eorum

208 4019 423 4087 ἔσχετο,
450 4019 540 4067 καὶ
572 4016 872 4089 ὑπερθανεῖν
933 4014 1093 4067 αὐτοῦ
1146 4014 1323 4071 εἵλετο.
1383 4021 1483 4069 Καὶ
1542 4018 1571 4074 ἡ
1610 4020 1700 4089 μέν
1730 4014 1815 4069 ἐπὶ

1971 4030 2114 4069 num
2166 4014 2271 4085 qui
2318 4013 2422 4069 diu
2453 4029 2596 4069 sane
2628 4021 2766 4084 post
2791 4011 2956 4068 Pauli
2986 4015 3258 4081 tempora
3286 4008 3579 4073 vixerunt,

205 4106 482 4180 πράγματι
536 4109 629 4163 τὴν
703 4104 946 4157 ἔνστασιν
1046 4100 1351 4171 ἐνεδείξατο,
1431 4107 1551 4179 παρ’
1628 4106 1818 4158 ἅπαντι

1965 4108 2353 4175 rteceptorem
2374 4106 2550 4158 nacta
2566 4107 2681 4157 est:
2699 4100 2804 4156 sed
2819 4100 2985 4172 quod
3007 4098 3193 4171 pluris
3213 4095 3578 4164 faciendum,

209 4194 588 4267 ὡμολογημένῳ
644 4192 813 4265 τελείῳ
869 4212 923 4246 τε
982 4192 1094 4266 οἶμα
1148 4199 1238 4246 καὶ
1283 4192 1448 4247 ἀτελεῖ
1473 4216 1485 4228 ·
1537 4197 1566 4253 ἠ
1628 4192 1677 4247 δ’
1738 4187 1817 4247 ἐπ’

1968 4208 2062 4247 um
2101 4190 2341 4263 plurimi
2380 4190 2845 4245 Christianorum
2880 4190 2993 4258 (H)
3024 4186 3227 4259 palam
3258 4186 3320 4241 in
3350 4187 3581 4240 contra-

210 4274 635 4355 ἀμφιϐοιλλομένῳ
713 4286 954 4354 συχνόῖς,
1050 4280 1272 4348 ἀτελέσι,
1376 4282 1535 4354 λέγω,
1609 4284 1659 4335 οἰ
1728 4286 1815 4335 xui

1963 4281 2074 4337 iam
2104 4284 2338 4353 partem
2366 4280 2681 4346 traherent,
2707 4283 2931 4334 rectam
2958 4282 3161 4333 tamen
3183 4276 3344 4331 viam
3368 4273 3576 4339 tenuit,

209 4372 440 4437 πλείους,
515 4373 583 4434 ὦς
644 4390 796 4443 φασι,
855 4375 943 4424 xui
998 4370 1187 4433 πολλὰς
1240 4374 1317 4424 ὅτι
1372 4374 1467 4434 τὰς
1518 4371 1812 4443 ἀντιλογίας

1969 4375 1979 4425 t
2008 4385 2117 4442 pro
2146 4368 2390 4424 veritate
2419 4368 2574 4424 mori
2604 4367 2794 4438 elegit.
2827 4366 2929 4422 llla
2961 4364 3364 4421 constantiam
3395 4360 3582 4417 tenuit

209 4458 568 4531 εὑρίσκουσιν,
620 4461 765 4531 ὤφθη
814 4477 868 4510 τε
924 4457 1335 4533 ἀπειρίτρεπτος,
1394 4464 1482 4511 καὶ
1533 4463 1599 4511 τὰ
1648 4478 1813 4532 παρα-

1968 4475 2106 4532 uper
2134 4475 2217 4527 re,
2256 4458 2618 4523 imperfectis
2647 4473 2819 4528 teque
2849 4472 2919 4512 ac
2950 4453 3222 4527 perfectis
3242 4450 3581 4508 indubitata

208 4547 415 4606 πλήσια
439 4546 669 4600 ἀνστᾶσα
712 4554 772 4619 τῇ
822 4549 1225 4622 πρωτομάρτυρι
1284 4551 1350 4600 τὰ
1391 4547 1484 4600 ἶσα
1545 4544 1810 4621 διεκαρτέ-

1967 4549 2272 4618 heodosia,
2296 4564 2404 4621 pro
2425 4563 2497 4605 ea
2526 4564 2662 4619 qua:
2692 4563 2727 4603 a
2748 4546 2951 4602 multis
2984 4544 3313 4601 vocabatur
3342 4542 3403 4597 in
3439 4555 3580 4596 con-

208 4655 364 4710 ρησε.
397 4640 566 4689 Πόσον
603 4632 654 4689 δ’
687 4634 748 4687 ἂν
779 4639 1044 4708 ἡγήσαντο
1076 4635 1156 4688 ὃτι
1199 4642 1288 4688 xui
1345 4636 1626 4697 συνάθλους
1679 4636 1813 4689 πλεῖ-

1968 4639 2293 4703 oversiam,
2348 4636 2426 4693 ab
2471 4635 2830 4705 imperfectis
2870 4635 3108 4701 scilicet,
3140 4632 3246 4705 qui
3275 4630 3494 4687 multas
3524 4632 3581 4685 et

213 4745 343 4787 στας
368 4730 639 4792 πεποίηκε,
687 4730 778 4778 xui
836 4730 966 4799 πρός
1010 4728 1095 4777 τὸν
1153 4726 1305 4779 αὐτόν
1355 4727 1481 4798 ὑπὲρ
1534 4734 1666 4781 Θεοῦ
1720 4730 1814 4790 ζῆ-

1964 4742 2177 4796 iagnas
2200 4726 2262 4782 in
2293 4725 2659 4783 contrarium
2690 4725 2951 4781 rationes
2974 4724 3343 4789 invenerant,
3368 4723 3430 4774 ut
3459 4718 3577 4773 aie-

210 4813 297 4867 λον
356 4813 534 4888 ἐπῆρε,
610 4821 699 4868 xui
771 4823 865 4877 τῆς
939 4813 1043 4866 ἂνω
1117 4813 1393 4887 βασιλείας
1463 4814 1815 4888 κληρονόμους

1966 4819 2086 4880 ant,
2114 4815 2333 4871 mansit
2351 4815 2713 4870 inconcussa
2740 4829 2753 4877 ;
2781 4813 2842 4867 in
2868 4810 3093 4867 cateris
3118 4822 3259 4864 vero
3279 4806 3409 4877 pari
3438 4820 3579 4861 cum

212 4906 536 4962 xur'mrnaw
588 4920 600 4969 ;
650 4902 784 4956 Ἀλλ’
836 4900 1045 4975 ἄγγελοι
1100 4907 1189 4976 μέν
1241 4905 1436 4957 οὗτωσί
1500 4925 1603 4966 πως
1655 4907 1813 4976 ἔχαι-

1966 4908 2360 4975 rotomartyre
2385 4900 2828 4975 perseverantia
2855 4898 3000 4954 nihil
3029 4912 3214 4969 quam
3243 4894 3343 4950 illa
3372 4892 3576 4951 minus

212 5013 325 5066 ρον,
374 4993 533 5046 ὁσίων
581 5012 635 5046 τε
692 4989 856 5066 δῆμοι
901 4997 992 5044 καὶ
1060 4995 1335 5066 μαρτύρων
1402 4992 1610 5046 οὓιλοθεν
1670 4992 1814 5047 ἄλλοι

1967 4993 2041 5063 git
2057 4992 2297 5049 fortiter.
2318 4991 2465 5048 Illud
2483 5006 2662 5063 porro
2682 4988 2892 5061 quanti
2913 4984 3255 5042 faciendum
3280 4986 3390 5052 est,
3408 4982 3580 5056 quod

212 5091 701 5156 προσυπαντὼντες,
737 5082 805 5143 ὠς
856 5084 913 5134 τὸ
965 5081 1121 5148 εἰκός,
1167 5078 1455 5145 ἐδεξιοῦντο
1513 5086 1607 5140 τὴν
1664 5083 1812 5135 ὁσίαν

1966 5081 2122 5138 lures
2142 5082 2192 5153 ej
2205 5080 2417 5137 usdcm
2439 5078 2780 5136 certaminis
2801 5075 3058 5133 effecerit
3078 5076 3290 5139 socias,
3318 5088 3475 5146 quas
3499 5072 3579 5130 ad

212 5170 327 5245 ἁμα
351 5176 441 5223 xui
469 5174 730 5246 μάρτυρα,
792 5175 882 5222 xui
937 5178 1033 5232 τῆς
1104 5175 1349 5244 σφετέρας
1401 5175 1586 5245 μοίρας
1642 5172 1811 5224 ἑκάτε-

1964 5170 2177 5229 imilem
2199 5170 2389 5227 zelum
2417 5185 2526 5242 pro
2558 5170 2675 5224 Deo
2697 5165 2990 5223 excitavit.
3039 5180 3271 5237 suoque
3302 5161 3577 5236 exemplo

212 5280 299 5333 ροι
328 5268 545 5318 ποιῆσοι
615 5262 807 5317 ταύτην
855 5258 1073 5312 ἐπόθουν
1114 5264 1204 5312 καὶ
1254 5255 1579 5311 ἰδιώσασθαι
1613 5280 1625 5293 ·
1683 5264 1813 5322 Θεὸς

1966 5276 1985 5317 ι
2015 5260 2270 5318 cmlestis
2297 5260 2465 5330 regni
2501 5256 2911 5315 hereditatem
2940 5255 3235 5313 immisit?
3274 5254 3399 5310 Hoc
3437 5267 3579 5325 ergo

287 5439 366 5509 (9)
384 5438 582 5494 Melius
598 5437 748 5494 forte
764 5436 1228 5509 Ambrosianum
1259 5436 1656 5509 Synaxarium
1680 5439 1815 5509 κατά
1926 5436 2310 5509 Septembris.

214 5501 417 5583 αὐχένα
445 5509 505 5564 in
527 5511 753 5583 cervice
784 5525 795 5562 :
821 5508 957 5580 quis
992 5501 1373 5583 enim_nescit
1408 5508 1709 5563 vertebrae
1750 5508 1811 5563 in

2162 5508 2311 5583 Quia
2348 5516 2447 5583 τῷν
2496 5507 2897 5583 όμογυωμόνων,

213 5570 464 5645 cervice,
493 5596 616 5636 non
642 5580 703 5635 in
729 5570 968 5650 gutture
997 5593 1125 5650 esse
1147 5579 1175 5633 ‘2
1362 5648 1370 5650 ᾗ
1924 5570 2013 5635 ἀεί
2039 5570 2159 5635 ﬁde
2184 5570 2357 5634 circa
2386 5570 2688 5634 Christum
2708 5570 2731 5650 '_
2744 5570 3042 5634 duntaxat
3079 5572 3325 5643 intelligi
3352 5571 3450 5627 hic
3481 5570 3579 5626 de-

287 5652 404 5723 (10)
435 5654 493 5710 S.
529 5647 769 5720 Thecla]
800 5648 1097 5724 discipula
1118 5652 1173 5707 S.
1235 5648 1418 5720 Pauli,
1480 5650 1711 5720 colitur,
1743 5653 1812 5708 23
1922 5649 2042 5717 bet,
2078 5650 2555 5708 Christianorum
2593 5647 2756 5705 verti.
