4084 6206
564 310 666 367 923

1758 303 2211 364 CONSTANTINI
2251 303 2726 363 ACROPOLITE.
3780 312 3867 365 924

564 432 751 491 modo
769 430 1126 489 latabantur
1161 430 1376 502 angeli,
1406 435 1749 488 sanctorum
1788 445 1930 487 vero
1959 435 2016 487 et
2053 445 2205 486 mar-

2329 425 2377 482 δ’
2427 428 2553 502 ὑπέρ
2608 427 2668 481 οὗ
2724 447 2814 481 και
2871 424 2945 482 δι’
2976 429 3030 481 ὃν
3068 428 3363 501 ἠγωνίσατο
3421 424 3666 491 ὄιατήσας
3693 429 3868 502 ἀμφοῖν,

566 524 763 593 tyrum
782 526 1011 587 turma,
1047 519 1176 575 alia
1206 518 1447 575 aliunde
1467 519 1913 593 progredientes
1942 518 2206 588 obviam,

568 614 787 666 sancta
817 608 993 663 simul
1014 622 1084 664 ac
1112 608 1362 681 martyri
1380 608 1791 673 occurrebant,
1826 612 1892 664 ut
1928 623 2040 680 par
2066 610 2213 675 erat,

2328 527 2427 570 τῶν
2474 517 2693 573 αἰωνίων
2769 516 2977 591 ἀγαθῶν
3033 517 3219 592 ἀμφοῖν
3274 517 3636 572 συναπολαύειν
3689 516 3873 572 ἐνδίδω-

2325 626 2409 661 κεν
2417 649 2429 662 .

566 701 623 754 et
649 712 772 753 sua
793 697 1017 769 quique
1035 696 1192 769 parti
1214 697 1539 769 cupiebant
1562 697 1873 770 propriam
1915 696 2235 752 vindicare.
2275 696 2431 752 Deus
2457 698 2680 760 autem,
2709 697 2880 769 cujus
2908 698 3124 770 ope'et
3154 697 3327 769 cujus
3354 711 3537 753 causa
3571 699 3869 761 certaverat,

565 802 703 842 cum
742 786 1009 860 utrisque
1047 802 1413 844 conversans
1451 787 1586 843 fecit
1624 792 1689 845 ut
1725 803 1866 843 cum
1905 786 2175 859 utrisque
2204 787 2457 858 pramio
2482 785 2885 858 perfrueretur
2912 791 3155 844 aeterno.

2124 886 2300 940 APUT
2337 885 2399 940 V.

2080 886 2220 941 CAP]

1004 975 1310 1033 Mz'racula
1338 975 1421 1032 ad
1456 977 1519 1033 S.
1561 976 1898 1033 Theodosia
1924 975 2218 1031 invocatio

2337 886 2399 940 V.

2329 991 2355 1030 νι
2383 979 2657 1043 patrata,
2678 975 2785 1032 ubi
2809 974 3035 1031 Auctor
3059 974 3134 1031 de
3159 989 3222 1031 se
3247 974 3470 1031 etsuis.

636 1068 724 1121 32.
751 1067 939 1136 Atque
961 1064 1315 1136 hujusmodi
1332 1064 1517 1121 ferme
1543 1066 1705 1121 fuere
1725 1080 1796 1121 ea
1816 1080 1953 1137 qua
1990 1065 2219 1121 Sancta

564 1154 624 1209 in
657 1153 808 1209 coelo
836 1154 1242 1224 contigerunt,
1273 1160 1451 1227 prout
1480 1169 1745 1225 congrue
1785 1154 2120 1224 conjectare
2157 1151 2220 1206 li-

564 1248 691 1311 cet;
719 1258 831 1299 nos
877 1259 1021 1300 vero
1073 1244 1250 1315 quiin
1289 1248 1443 1300 terra
1491 1245 1667 1317 positi
1716 1260 1919 1300 sacras
1958 1244 2088 1313 ejus
2133 1255 2221 1297 re-

563 1332 782 1405 liquias
804 1333 1049 1389 feliciter
1081 1333 1489 1405 possidemus,
1531 1334 1677 1405 quid
1718 1333 1962 1389 tandem
2004 1331 2218 1395 facere,

564 1425 669 1478 aut
702 1438 828 1494 qua
856 1422 1084 1478 ratione
1123 1422 1367 1478 affectos
1407 1438 1541 1478 esse
1579 1418 2222 1495 oporteat,considere-

564 1526 721 1581 mus,
766 1510 1095 1583 prasertim
1147 1526 1286 1566 cum
1326 1516 1410 1567 tot
1448 1512 1580 1582 ejus
1627 1509 1990 1567 admiranda
2038 1525 2222 1581 opera

565 1598 730 1653 nullo
769 1614 891 1654 non
913 1599 1008 1655 die
1039 1600 1443 1671 experiamur,
1470 1599 1901 1672 videamusque
1922 1598 2221 1669 homines,

566 1686 834 1758 corporis
862 1703 974 1743 usu
998 1686 1341 1760 viribusque
1368 1688 2000 1754 destitutos,hactenus
2038 1702 2222 1743 mem-

567 1773 820 1832 brorum
844 1792 1087 1833 suorum
1109 1783 1332 1833 rectam
1355 1778 1642 1851 consequi
1664 1776 2220 1845 conformationem;

569 1864 785 1920 surdos
840 1881 912 1923 ac
954 1871 1175 1932 mutos,
1216 1872 1570 1940 recuperato
1609 1867 1849 1924 aurium
1903 1870 1961 1922 et
2000 1866 2222 1936 lingua

565 1969 708 2018 usu,
742 1954 822 2011 ob
856 1956 1115 2026 insignia
1140 1955 1291 2012 adeo
1321 1957 1609 2013 miracula
1640 1956 1860 2027 gaudio
1890 1956 2222 2023 exsultare;

567 2047 622 2097 et
647 2042 792 2111 Deo,
822 2045 927 2118 qui
952 2050 1123 2101 tanta
1160 2060 1303 2116 erga
1340 2046 1617 2102 homines
1657 2051 1960 2118 operatur,
2000 2045 2224 2115 gratias

563 2130 842 2189 exhibere
874 2152 889 2202 ;
929 2141 986 2191 et
1013 2137 1177 2193 illam
1232 2140 1477 2213 propter
1507 2135 1679 2208 cujus
1742 2134 1951 2191 merita
1988 2138 2222 2191 tantum

562 2217 995 2281 beneﬁciorum
1034 2227 1673 2300 accipimus,quaque
1731 2228 1892 2279 tanta
1946 2223 2007 2278 in
2070 2222 2220 2279 calo

569 2308 782 2379 gloria,
807 2316 973 2371 tanta
994 2316 1055 2371 in
1088 2317 1257 2373 terris
1295 2320 1587 2390 potestate
1630 2313 1833 2386 pollet,
1873 2311 2087 2368 debitis
2117 2313 2222 2368 ho-

566 2414 785 2459 norum
824 2409 882 2460 et
919 2404 1175 2461 laudum
1231 2405 1431 2474 titulis,
1474 2407 1538 2459 ut
1582 2419 1693 2476 par
1742 2407 1848 2468 est,
1901 2402 2210 2475 prosequi.

2397 1061 2503 1136 λβ“.
2560 1064 2643 1117 Ἐν
2830 1064 3030 1139 οὐρανῷ
3108 1065 3328 1116 τοιαῦτα
3388 1082 3469 1115 τοι
3535 1069 3595 1135 τῇ
3670 1067 3874 1137 Μακαρία

2327 1148 2455 1226 τῇδε
2482 1157 2782 1221 συνήτηκεν,
2814 1155 2915 1206 ὅσα
2941 1173 2998 1225 γε
3048 1151 3105 1205 ἐκ
3157 1161 3255 1205 τῶν
3307 1152 3515 1206 εἰκότων
3563 1154 3668 1204 ἔστι
3715 1154 3872 1223 στοχά-

2330 1242 2529 1294 σασθαι
2557 1263 2569 1274 ·
2601 1244 2722 1304 τοὺς
2761 1237 2811 1294 δ’
2842 1241 2927 1294 ἔπι
2953 1250 3056 1313 γῆς
3102 1243 3502 1315 εὑρισκομένους
3547 1242 3675 1313 ἡμᾶς
3716 1261 3791 1293 και
3828 1244 3871 1292 τὸ

2332 1332 2464 1405 ἱερὸν
2494 1330 2655 1393 αὐτῆς
2681 1335 2997 1403 κατέχοντας
3025 1330 3264 1402 λείψανον
3313 1336 3368 1383 τί
3414 1338 3577 1384 ποιεῖν
3631 1330 3723 1402 ἆρα
3768 1335 3871 1404 χρὴ,

2329 1439 2419 1471 και
2489 1420 2628 1482 ὅπως
2691 1416 2773 1473 δεῖ
2822 1416 3143 1492 διακεῖσθαι,
3208 1425 3577 1493 σκοπήσωμεν,
3635 1438 3716 1471 και
3760 1420 3873 1471 ταῦθ’

2330 1509 2589 1584 ὁσημέραι
2646 1516 2745 1561 τῶν
2803 1511 3079 1582 θαυμάτων
3136 1509 3298 1570 αὐτῆς
3355 1507 3714 1573 ἀπολαϐόντας,
3783 1511 3876 1568 τοὺς

2329 1600 2455 1658 τέως
2474 1602 2813 1671 παρειμένους
2845 1604 2940 1657 τὴν
2983 1598 3274 1672 όλομέλειαν
3341 1598 3438 1661 τῆς
3498 1606 3632 1671 σφῶν
3678 1593 3873 1669 διαρτίας

2264 1704 2304 1761 C
2332 1687 2555 1761 ὁρῶντας
2602 1682 2754 1748 αὖθις
2809 1683 2874 1740 αὖ
2952 1687 3323 1759 ἀπολαϐόντας,
3393 1690 3592 1759 κωφοὺς
3646 1706 3726 1738 και
3781 1684 3874 1736 ἁλὰ-

2330 1775 2464 1842 λους,
2542 1779 2830 1849 φωνοῦντὸκ
2899 1797 2952 1831 τε
3019 1798 3109 1831 και
3179 1777 3464 1838 ἀκούοντας
3558 1772 3872 1849 ἑφηδὺνεσθαι,

2330 1867 2530 1927 πὰντως
2584 1874 2696 1927 ταῖς
2754 1869 3201 1945 θαυματουργίαις
3276 1867 3610 1941 εὐχαριστεῖν
3684 1874 3748 1935 τῷ
3820 1865 3872 1935 ἐφ’

2330 1956 2476 2027 ἡμῶν
2530 1963 2753 2009 τοιαῦτα
2816 1954 3166 2032 διενεργοῦντι
3218 1965 3358 2029 Θεῷ,
3424 1976 3517 2009 και
3566 1960 3654 2013 τὴν
3703 1952 3769 2007 δι’
3828 1954 3876 2014 ἧς

2330 2045 2475 2097 ταῦτ’
2533 2044 2875 2121 ἐνεργούμεθα
2925 2052 3020 2107 τὴν
3077 2044 3474 2121 δεδοξασμένον
3516 2049 3698 2104 ταὺτην
3746 2044 3787 2097 ἐν
3814 2044 3875 2098 οὒς

2328 2142 2524 2209 ρανοῖς,
2576 2155 2668 2187 και
2722 2136 2856 2189 οὕτω
2908 2136 3112 2210 μεγὰλα
3164 2137 3466 2210 ἰσχύουσαν
3522 2134 3601 2189 ἐπί
3657 2141 3741 2196 τῆς
3785 2140 3873 2205 γῆς,

2328 2225 2393 2274 τὰ
2423 2224 2596 2276 εἰκότα
2636 2244 2726 2277 και
2771 2231 3029 2301 γεραίρειν
3082 2246 3169 2279 και
3221 2226 3491 2300 εὐφημεῖν.
3557 2224 3764 2279 Πλεῖστα

2328 2316 2471 2372 οὖνὴ
2513 2319 2667 2387 Ἀγία
2713 2316 2971 2390 ὁσημέραι
3018 2324 3351 2390 τερατουργεῖ
3378 2337 3390 2350 ·
3449 2314 3558 2368 ἀλλ’
3603 2315 3742 2387 οὗπερ
3786 2312 3876 2364 αὖτε

2328 2405 2489 2465 όπτης
2507 2402 2749 2477 ἐγενόμην
2770 2406 2864 2457 οὐκ
2886 2404 3064 2463 ἀνήσω
3084 2409 3155 2477 μη
3188 2402 3576 2478 διηγήσασθαι.

565 2490 744 2546 Multa
790 2497 929 2548 sunt
959 2493 1207 2565 quidem
1247 2510 1383 2566 qua
1421 2495 1634 2550 Sancta
1663 2491 1928 2564 quotidie
1962 2490 2103 2546 facit
2140 2489 2520 2561 admiranda,
2552 2493 2658 2549 sed
2699 2509 2835 2565 qua
2882 2494 3029 2567 ipsis
3081 2494 3245 2550 hisce
3275 2494 3468 2550 oculis
3491 2493 3683 2550 videre
3708 2488 3874 2557 merui,

564 2593 687 2635 non
713 2595 961 2652 possum
1001 2596 1124 2637 BOD
1147 2597 1445 2637 enarrare.

638 2671 728 2724 33.
761 2670 908 2725 Puer
934 2669 1186 2742 quidam
1211 2674 1339 2726 erat
1364 2674 1535 2726 atate
1566 2669 1643 2725 ad
1659 2668 1990 2741 pubertatis
2031 2682 2223 2723 annos

565 2756 695 2828 jam
719 2772 1093 2829 progressus,
1116 2774 1189 2815 ex
1240 2775 1449 2815 eorum
1504 2774 1800 2831 pagorum
1858 2774 1979 2814 uno
2000 2758 2221 2830 aliquo,

565 2846 670 2917 qui
694 2847 754 2902 in
786 2847 1041 2919 Phrygia
1061 2848 1140 2905 ad
1172 2848 1424 2905 ﬂuvium
1475 2848 1869 2921 Bhyndacum
1904 2846 2017 2920 (l2)
2065 2850 2222 2915 sunt,

2401 2668 2498 2741 λ’)ί·
2530 2667 2751 2725 Παιδίον
2806 2676 2898 2731 τὴν
2946 2672 3151 2731 ἠλικίαν
3206 2667 3317 2731 ἤδη
3382 2670 3640 2748 πρόσηϐον
3688 2673 3752 2737 ὅν,
3799 2686 3875 2718 πα-

2331 2762 2444 2830 τρίς
2462 2756 2598 2832 τῷδε
2626 2769 2726 2813 τῶν
2755 2766 2874 2837 περί
2920 2764 3008 2813 τὸν
3061 2756 3345 2814 Ῥυνδακὸν
3396 2763 3625 2833 ποταμόν
3671 2762 3756 2831 μία
3796 2776 3875 2807 κω-

2332 2856 2461 2921 μῶν,
2527 2857 2618 2910 τῆς
2692 2852 3103 2924 προενεγκούσης
3172 2853 3502 2924 μεταναστὰν
3553 2852 3609 2903 τὸ
3665 2844 3713 2900 δ’
3773 2848 3876 2902 ὅπως

570 2909 882 3004 oriundus,
901 2909 1027 2993 scd
1056 2953 1093 2993 a
1121 2938 1317 3010 patrio
1348 2936 1475 2993 solo
1503 2909 1878 3010 peregrinus.
2059 2909 2220 3007 quod

2331 2909 2494 3011 λέγειν
2558 2909 2617 2991 οῦ
2671 2909 2913 3014 φορητὸν,
2973 2909 3183 2994 ἀσεϐῶν.
3234 2943 3296 2994 τό
3351 2939 3523 3013 κύκλῳ
3568 2933 3876 3012 καταδραμόν-

566 3022 731 3080 dictu
762 3024 1487 3096 abominabile,vagorum
1519 3029 1930 3095 Agarenorum
1954 3023 2225 3095 impieta-

564 3114 684 3167 tem
732 3112 1094 3182 sectabatur,
1147 3117 1204 3168 et
1243 3111 1820 3184 Constantinopolim
1870 3110 2223 3179 adveniens,

566 3197 682 3255 hac
714 3199 851 3255 illac
890 3216 998 3273 per
1026 3201 1323 3257 civitatem
1362 3200 1705 3257 oberrabat.
1746 3203 1890 3256 Ecce
1932 3204 2156 3268 autem,
2188 3214 2225 3255 ο

564 3288 794 3345 rabiem
842 3290 1155 3360 damonis,
1199 3290 1472 3347 omnium
1517 3295 1726 3347 contra
1757 3306 1868 3346 nos
1921 3291 2221 3347 malorum

566 3379 825 3434 auctoris
859 3378 871 3433 l
920 3379 1015 3436 die
1038 3379 1307 3453 quadam
1357 3378 1636 3453 impletur
1687 3379 1945 3436 tenebris
1974 3384 2031 3436 et
2055 3380 2227 3435 verti-

566 3467 721 3537 gine.
772 3468 1161 3525 Meridianum
1215 3468 1437 3525 scilicet
1492 3474 1617 3526 erat
1664 3473 1923 3542 tempus,
1977 3469 2225 3542 quando

565 3556 746 3612 etiam
795 3557 980 3613 David
1015 3558 1097 3613 ait
1126 3573 1248 3613 non
1273 3558 1685 3614 habitantibus
1712 3557 1774 3613 in
1803 3558 2101 3629 adjutorio
2130 3556 2226 3613 Al-

565 3643 798 3710 tissimi,
818 3648 874 3700 et
897 3645 959 3699 in
982 3644 1085 3700 Dei
1119 3645 1507 3702 tabernaculo
1537 3661 1660 3702 non
1686 3646 2221 3718 commorantibus,

566 3730 973 3789 damoniacas
1018 3734 1479 3805 imaginationes
1529 3736 1823 3806 ingruere.
1873 3740 2009 3793 Cum
2049 3736 2228 3808 igitur

568 3820 650 3875 sic
701 3820 1044 3891 agitaretur,
1100 3828 1156 3879 et
1204 3824 1356 3879 ratio
1379 3825 1431 3880 ei
1458 3840 1582 3881 non
1628 3840 1845 3897 parum
1885 3831 2039 3881 esset
2086 3842 2226 3882 con-

564 3909 826 3977 turbata,
846 3911 1165 3985 derepente
1195 3914 1374 3971 etiam
1407 3915 1693 3971 contortis
1720 3916 1801 3973 ita
1826 3921 2096 3988 repertus
2119 3916 2228 3973 fuit

564 3999 838 4068 genibus,
871 4006 936 4057 ut
972 4002 1133 4059 tibia
1175 4002 1499 4060 femoribus
1543 4004 1937 4073 adharerent,
1971 4010 2027 4061 et
2056 4004 2224 4061 abor-

564 4085 697 4142 tivis
734 4086 847 4143 illis
885 4088 1050 4146 haud
1088 4089 1392 4147 dissimilis
1421 4099 1755 4164 appareret,
1774 4109 1928 4166 quos
1967 4093 2045 4149 ad
2083 4109 2229 4166 pra.

564 4176 921 4233 tereuntium
953 4180 1374 4237 consitandam
1401 4182 1985 4239 commiserationem
2015 4183 2228 4256 plateis

565 4266 870 4336 expositos
904 4267 1241 4341 frequenter
1264 4271 1687 4343 conspicimus:
1714 4274 1859 4345 quin
1885 4273 2063 4329 etiam
2087 4288 2228 4344 apo-
2264 4260 2308 4314 Π

564 4351 850 4423 plecticus
904 4359 1065 4412 totus
1097 4364 1242 4428 erat,
1295 4376 1407 4415 nec
1432 4360 1610 4432 plane
1640 4361 1964 4431 intelligere
1995 4366 2228 4433 poterat

565 4441 710 4513 quid
737 4448 1055 4515 pateretur.
1110 4449 1256 4503 Cum
1287 4454 1487 4505 autem
1536 4455 1752 4505 natura
1784 4456 2019 4521 cogeret
2047 4451 2124 4506 ad
2158 4467 2229 4507 ea

564 4530 788 4602 quibus
820 4534 1100 4601 assuevit,
1153 4541 1293 4593 tunc
1327 4539 1471 4593 satis
1501 4553 1877 4609 cognoscens
1906 4538 2053 4611 quid
2083 4539 2227 4613 mali

564 4625 719 4676 esset
744 4622 990 4693 (reptilis
1017 4623 1178 4681 enim
1198 4624 1391 4681 factus
1414 4630 1560 4692 erat,
1592 4627 1696 4700 qui
1723 4631 1969 4683 eatenus
1996 4627 2228 4688 solebat

562 4709 822 4782 pedibus
842 4711 1138 4784 incedere)
1164 4714 1443 4771 manibus
1465 4730 1636 4787 aque
1658 4731 1728 4771 ac
1750 4715 2007 4788 pedidus
2032 4721 2221 4784 utens,

564 4816 747 4874 supra
763 4817 875 4859 sua
887 4817 948 4858 se
960 4817 1159 4873 genua
1168 4819 1290 4859 non
1307 4803 1825 4876 promovebat,sed
1840 4804 2226 4877 protrahebat

563 4895 809 4946 eatenus
825 4891 1029 4948 saltem
1047 4892 1293 4949 rationis
1311 4907 1584 4964 compos,
1605 4897 1669 4949 ut
1688 4893 1910 4950 victum
1932 4898 2224 4967 quareret

563 4979 921 5037 mendicato.
941 4981 1032 5037 Sic
1046 4982 1161 5038 hac
1172 4981 1347 5054 illacq
1356 4998 1425 5038 ue
1438 4990 1744 5054 repentem
1758 4999 1939 5056 seque
1952 4984 2222 5040 volutan-

567 5068 682 5119 tem
709 5074 839 5136 (nec
865 5069 1026 5124 enim
1046 5070 1216 5127 aliter
1236 5075 1492 5142 poterat)
1518 5071 1595 5127 ad
1622 5087 2046 5145 measquoque
2062 5072 2222 5129 ades

565 5166 705 5208 eum
733 5156 981 5225 contigit
999 5157 1295 5227 devenire,
1330 5160 1595 5231 mihique
1619 5162 1679 5215 in
1708 5166 2097 5233 conspectum
2122 5177 2222 5217 ve-

562 5240 837 5312 nire,non
858 5258 1068 5313 gressu
1082 5247 1490 5314 debilem,non
1505 5249 1956 5317 claudicantem,
1974 5251 2078 5307 sed
2100 5268 2225 5308 ma-

566 5330 779 5388 nifeste
800 5348 935 5406 repe
945 5338 1107 5390 ntem
1128 5343 1185 5393 et
1205 5338 1573 5408 gradientem
1598 5355 1780 5413 supra
1795 5346 1999 5412 pectus
2012 5358 2081 5399 ac
2094 5357 2226 5400 ven.

564 5422 1074 5494 trem,secundum
1106 5432 1365 5482 veterem
1395 5427 1878 5487 maledictionem
1907 5430 2220 5504 serpentis.

2331 3047 2428 3079 των
2488 3027 2806 3101 Ἀγαρηνῶν,
2862 3049 2951 3082 και
3007 3031 3153 3104 παρὰ
3201 3033 3299 3088 τὴν
3347 3032 3722 3084 Κωνσταντίνου
3772 3026 3876 3095 γινό-

2332 3135 2501 3188 μενον,
2528 3113 2659 3189 τῇδε
2702 3116 2909 3171 κάκεῖσε
2961 3128 3057 3180 τῆς
3108 3118 3301 3180 πόλεως
3357 3118 3606 3192 ἀλώμενον
3660 3113 3730 3175 ἦν.
3772 3110 3875 3166 Ἀλλ’

2333 3207 2372 3257 ὦ
2426 3214 2522 3269 τῆς
2580 3206 2819 3261 ἀνεκαθεν
2873 3216 2963 3261 τοῦ
3005 3208 3308 3282 ἀρχεκάκου
3364 3210 3494 3284 πρὸς
3544 3209 3677 3279 ἠμῶς
3716 3200 3876 3273 δυσμι-

2332 3299 2469 3358 νείας
2502 3295 2514 3349 l
2551 3301 2738 3348 σκότου
2791 3316 2880 3349 και
2937 3294 3088 3359 δίνης
3143 3303 3264 3369 μιᾶς
3314 3296 3603 3370 πληροῦται
3654 3302 3742 3345 τῶν
3780 3292 3875 3362 iniu.

2332 3393 2456 3457 ρῶν,
2483 3385 2828 3459 Μεσημϐρίας
2857 3394 2919 3445 ῆν
2966 3387 2992 3438 ό
3039 3390 3234 3459 καιρός,
3290 3388 3376 3439 ὅτε
3437 3382 3505 3444 δὴ
3558 3404 3643 3436 και
3692 3384 3715 3434 ό
3777 3382 3874 3437 θεῖος

2334 3476 2425 3545 ἔφη
2496 3471 2669 3527 Ααυὶδ
2731 3484 2835 3536 τοῖς
2894 3480 2964 3548 μὴ
3022 3483 3362 3528 κατοικοῦσιν
3424 3474 3474 3527 ἐν
3549 3471 3754 3547 βοηθείᾳ
3807 3473 3873 3518 τοῦ

2336 3562 2610 3634 Ὑψίστου,
2641 3560 2774 3636 μηδ’
2818 3563 2866 3616 ἐν
2917 3572 2979 3637 τῇ
3043 3568 3207 3637 σκέπῃ
3267 3572 3363 3617 τοῦ
3394 3571 3525 3618 Θεοῦ
3553 3562 3870 3632 αὐλιζομένοις,

2334 3657 2401 3707 τὰ
2430 3649 2759 3725 δαιμονιὼδη
2817 3657 3131 3726 συμπίπτειν
3182 3657 3566 3726 φαντάσματα·
3623 3650 3766 3703 παθόν
3807 3640 3870 3695 οὖν

2333 3744 2468 3796 οὕτω
2497 3762 2587 3794 και
2614 3761 2700 3794 τον
2729 3742 2977 3815 λογισμὸν
3034 3743 3128 3794 οὐκ
3179 3742 3256 3795 ἐπ’
3316 3743 3484 3815 ὀλίγον
3546 3736 3867 3812 συνταραχθέν,

2334 3836 2430 3895 τὰς
2495 3832 2672 3904 ἰγνύας
2758 3835 3212 3905 συνεστραμμένας
3287 3835 3476 3905 αἴφνης
3550 3833 3664 3901 ἔχον
3711 3824 3868 3898 εὑρέθη,

2333 3930 2444 3984 τοῖς
2504 3928 2693 3994 μηροῖς
2747 3923 2842 3982 τὰς
2890 3925 3091 3993 κνήμας
3146 3926 3559 3993 συμπεφυκυίας,
3612 3919 3749 3970 ὁποῖα
3798 3917 3869 3962 τῶν

2336 4011 2391 4064 ἔκ
2444 4018 2651 4082 γενετῆς
2708 4009 3059 4083 ἀμϐλωμάτων
3135 4013 3285 4082 συχὰ
3334 4013 3479 4086 παρὰ
3531 4010 3620 4069 τὰς
3681 4004 3870 4057 πλατείας

2336 4109 2427 4161 τῆς
2478 4099 2670 4161 πόλεως
2725 4098 2949 4174 ἔρριπτε,
3008 4102 3094 4151 τόν
3155 4107 3254 4151 τῶν
3323 4103 3609 4174 παριόντων
3658 4094 3773 4147 ἕλεον
3812 4087 3871 4139 ἐκ·

2339 4186 2607 4262 δεχόμεθα
2630 4209 2643 4223 ο
2674 4187 2780 4240 ἀλλ’
2813 4189 2874 4247 ἧν
2904 4189 2974 4250 ὡς
3026 4187 3212 4240 ἐπίπαν
3252 4187 3581 4246 ἀπόπληκτον
3631 4187 3681 4236 τὸ
3716 4174 3869 4233 παιδὰ·

2337 4298 2468 4353 ριον,
2501 4297 2589 4330 και
2636 4273 2765 4350 μηδ’
2794 4279 2819 4329 ὃ
2876 4296 2928 4329 τι
2982 4278 3242 4347 πεπόνθει,
3305 4282 3532 4331 συνιέναι
3573 4278 3627 4327 τό
3677 4270 3868 4342 παράπαν

2339 4365 2641 4441 δυνὰμενον.
2680 4367 2825 4419 Ἐπεί
2859 4362 2909 4417 δ’
2941 4367 2970 4423 ἡ
3004 4369 3160 4438 φύσις
3203 4370 3334 4442 πρὸς
3388 4367 3514 4441 ἅπερ
3568 4364 3700 4416 εῖωθε
3746 4372 3868 4408 κατησ

2335 4458 2583 4526 νὰγκασε,
2637 4456 2740 4507 τότ’
2793 4455 3005 4524 ἔγνωκεν
3063 4452 3290 4527 ἀκριϐῶς
3363 4454 3424 4507 οὗ
3482 4457 3639 4505 κακοῦ
3711 4450 3866 4517 γέγωνεν

2336 4544 2672 4617 (ἑρπυστικόν
2745 4544 2847 4616 γὰρ
2921 4547 3144 4601 κατέστη
3250 4547 3308 4595 τό
3369 4549 3493 4605 τέως
3587 4527 3867 4613 βαδιπικόν)

2335 4637 2497 4707 χερσὶ
2525 4634 2615 4705 μεν
2646 4632 2731 4685 οἶα
2785 4652 2875 4683 και
2930 4636 3062 4685 ποσί
3110 4638 3401 4707 χρώμενον,
3450 4638 3556 4692 τοῖς
3597 4624 3652 4681 δε
3699 4626 3865 4695 γόνασιν

2336 4721 2439 4793 οὐχ
2497 4722 2629 4781 ὅπως
2683 4720 2737 4773 λε
2794 4719 3088 4793 προϐαῖνον,
3144 4721 3273 4773 ἀλλὰ
3318 4724 3609 4794 συρόμενον,
3661 4720 3761 4765 νοῦν
3801 4704 3864 4757 οὗ-

2334 4830 2429 4871 τως
2453 4813 2588 4882 ἔχων
2620 4809 2857 4875 ἐπιπολὺ,
2898 4814 2963 4862 τὰ
3017 4814 3149 4884 πρὸς
3204 4816 3391 4883 χρείας
3442 4808 3494 4871 ἓξ
3534 4807 3761 4863 αἰτήσεως
3799 4811 3863 4846 π⁰’

2331 4899 2622 4973 ριζόμενον,
2684 4899 2834 4972 ἕρπον
2891 4917 2944 4951 τε
2995 4896 3124 4971 τῇδε
3178 4897 3387 4952 κάκεῖσε
3438 4917 3524 4949 και
3573 4885 3859 4955 κυλινδούμε-

2332 5007 2435 5045 νον.
2490 4987 2769 5045 Ἠτοιαύτη
2825 5006 2885 5058 γε
2934 4991 3037 5060 μὴν
3099 4987 3196 5046 ἄλη
3247 4990 3427 5041 τούτου
3481 5004 3567 5037 και
3624 4979 3748 5053 παρὰ

2334 5075 2458 5149 ἐμὴν
2513 5076 2678 5128 οἰκίαν
2734 5078 2975 5148 γενέσθαι
3024 5081 3293 5143 πεποίηκε,
3347 5096 3434 5128 και
3488 5093 3574 5148 μοι
3628 5072 3735 5144 πρὸς
3773 5059 3859 5129 ὄψίν

2334 5163 2503 5233 ἦλθεν,
2538 5166 2596 5218 οῦ
2618 5164 2867 5237 χωλεῦον,
2911 5166 3005 5218 οὐκ
3053 5165 3294 5236 όκλὰζον,
3365 5165 3490 5217 ἀλλὰ
3545 5154 3856 5232 σαφῶςὲρπονι

2332 5253 2463 5307 κὰπί
2505 5263 2577 5325 τῷ
2627 5256 2809 5314 mea
2870 5274 2961 5307 και
3009 5263 3071 5314 τῆ
3136 5255 3310 5328 κοιλιᾳ
3369 5256 3499 5305 κατὰ
3550 5254 3637 5309 τὴν
3684 5241 3857 5297 παλαιαν

2335 5343 2527 5402 ἐκείνην
2566 5346 2796 5417 κατὰραν
2835 5351 2931 5396 τοῦ
2966 5347 3123 5417 ὄφεως
3144 5348 3494 5418 πορευόμενον.

635 5566 749 5637 (t2)
771 5564 1134 5639 Rhymlacus
1163 5567 1382 5625 ﬂuvius
1404 5570 1598 5644 Mysia
1623 5571 1919 5644 (Phrygia
1941 5573 2187 5643 majoris
2199 5588 2271 5632 ea
2291 5589 2434 5648 pars
2465 5578 2572 5642 est)
2606 5575 2667 5632 in
2692 5575 3110 5650 Propontidem
3142 5575 3337 5634 inﬂuit
3356 5575 3431 5632 ad
3454 5561 3847 5642 congnominem

564 5653 676 5712 sibi
697 5669 930 5729 urpem.
949 5655 1098 5715 Sunt
1114 5656 1220 5732 qui
1240 5659 1487 5719 credant
1514 5659 1699 5719 Plinio
1733 5662 1957 5736 Lycum
1974 5661 2113 5719 dici.
