4084 6206
270 338 382 395 925

344 459 452 519 λδ’.
482 460 619 517 Ἀλλ’
658 461 718 516 οὐ
748 462 882 515 πάνυ
911 480 971 533 γε
1015 464 1214 533 συχναὶ
1272 458 1537 534 παρῆλθον
1591 466 1689 511 τῶν
1745 460 1874 531 ἠμε-
1902 460 1945 515 Α

265 559 396 626 ρῶν,
438 557 530 605 καὶ
584 548 826 625 βαδίζων
880 547 1027 612 αὖθις
1062 552 1188 624 πρὸς
1234 551 1374 622 ἡμᾶς
1429 550 1456 600 6
1507 554 1627 608 παῖς
1676 551 1873 619 γέγονε,

267 639 443 713 βαίων
492 644 857 715 ἀπρόσκοπτα,
905 638 990 693 έπί
1037 658 1092 693 τε
1126 647 1225 691 τῶν
1282 634 1467 691 ποδοῖν
1507 636 1694 710 ἀμφοῖν
1749 656 1877 695 σκη-

262 735 597 804 ριπτόμενος,
655 735 747 783 καὶ
777 731 1049 803 ἱστάμενος
1099 731 1289 804 ὄρθιος.
1341 730 1410 789 ὥς
1454 746 1514 799 γε
1570 723 1637 785 δὴ
1692 728 1877 788 πάντες

264 822 320 873 οἱ
346 816 443 873 διὰ
501 820 740 883 πλάσεως
771 816 825 873 εὖ
879 822 1108 892 ἔχοντες,
1164 821 1315 893 τέρας
1371 824 1524 870 τοῦτο
1558 823 1668 878 τοῖς
1718 823 1874 891 προί-

266 906 461 963 δοῦσιν
492 908 689 963 ἅπασιν
739 906 903 979 ἔδοξε,
958 912 1044 961 καὶ
1072 907 1223 970 ἄλλος
1260 906 1411 960 ἄλλον
1457 906 1609 969 εὐθὺς
1654 924 1874 978 μετεκα-

261 998 426 1068 λεῖτο,
487 1004 578 1052 καὶ
638 998 809 1075 ἕτερος
882 998 1054 1072 ἑτέρου
1136 1001 1255 1073 περὶ
1321 996 1462 1067 αὐτῷ
1546 994 1870 1061 ἐπυνθάνετο,

263 1088 394 1161 Οὐχ
435 1088 587 1148 οὗτος
638 1087 845 1154 ἐκεῖνος,
898 1086 1079 1161 λέγων,
1130 1088 1157 1139 ό
1190 1089 1289 1162 πρὸ
1345 1092 1537 1161 μικροῦ
1587 1085 1876 1159 μετάφορη-

259 1182 350 1238 τός
383 1196 398 1246 ;
433 1176 556 1250 Οὐχ
584 1177 731 1239 οὗτος
780 1178 807 1229 ὁ
862 1179 995 1249 χθὶς
1054 1178 1191 1249 ἔχων
1239 1180 1328 1229 καὶ
1374 1179 1631 1250 πρότριτα
1682 1192 1871 1245 συγκε-

259 1269 507 1340 καμμένα
545 1268 611 1320 τά
666 1271 860 1339 γόνατα
900 1283 915 1334 ;
959 1271 1059 1320 Καὶ
1125 1264 1209 1318 έπὶ
1240 1265 1369 1319 πολύ
1420 1284 1531 1327 πως
1589 1259 1871 1337 διηπορού-

260 1358 427 1429 μεθα,
472 1355 516 1409 εἰ
582 1354 969 1415 έπαληθεύοντά
1025 1355 1156 1408 εἰσιν
1221 1356 1347 1427 ἡμῖν
1403 1356 1470 1405 τὰ
1533 1361 1629 1415 τῆς
1684 1351 1867 1425 ὅψεως,

262 1446 365 1508 ἕως
427 1444 583 1508 αὐτὸς
657 1446 818 1517 ἔγωγε
858 1443 1128 1519 έγγύτερον
1181 1442 1390 1516 ἀγαγὼν
1446 1444 1585 1503 ὅπως
1644 1460 1698 1494 τε
1752 1443 1872 1515 ἠρό-

260 1554 394 1607 μην,
420 1539 511 1587 καὶ
537 1537 663 1588 πότε
688 1535 853 1606 ὑγιεῖς
907 1535 1043 1587 οὕτω
1107 1536 1224 1594 τοὺς
1277 1528 1450 1595 πόδας
1499 1530 1715 1603 ἐγένετο.
1771 1536 1872 1585 Καὶ

260 1623 343 1693 ὃς,
371 1622 637 1693 Ἐξῆλθον,
687 1625 804 1697 ἔφη,
836 1632 936 1676 τῶν
993 1622 1249 1690 ὶνταυθοῖ,
1304 1624 1450 1697 παρὰ
1504 1625 1591 1674 τόν
1635 1619 1871 1693 αἰγιαλόν

258 1717 479 1785 γέγονα,
505 1712 576 1776 ὡς
602 1720 703 1765 τῶν
731 1716 1023 1789 παριόντων
1075 1712 1317 1784 αἰτοίμην
1364 1712 1432 1773 ὠς
1487 1717 1579 1763 τοῦ
1606 1709 1730 1786 παρ’
1782 1709 1872 1763 αὖ·

1613 330 1689 387 ΙΝ
1729 332 1784 391 S.
1824 334 2299 394 THEODOSIAM.

3527 345 3635 401 926

2063 464 2150 520 34.
2181 464 2307 519 Non
2330 463 2500 520 multi
2534 463 2673 521 inde
2696 463 3054 522 effluxerant
3078 465 3227 534 dies,
3261 482 3399 523 cum
3427 483 3634 525 rursus

1986 551 2065 607 ad
2096 552 2257 608 mdes
2288 557 2527 609 nostras
2553 554 2713 611 idem
2747 571 2808 611 se
2832 554 3183 611 adolescens
3210 556 3477 627 contulit,
3500 558 3638 614 abs-

1984 654 2103 711 que
2130 640 2294 696 omni
2316 641 2749 713 impedimento
2770 644 3057 716 omnique
3083 643 3472 701 incommodo
3502 660 3639 718 pro-

1984 728 2280 800 grediens,
2312 735 2566 803 utroque
2597 731 2844 788 ﬁrmiter
2870 732 3198 789 consistens
3229 734 3401 807 pede,
3431 738 3487 790 et
3506 752 3635 792 cor-

1984 833 2130 891 pore
2160 818 2219 875 in
2237 819 2425 876 altum
2451 826 2665 892 erecto,
2691 821 3213 893 quemadmodum
3232 823 3421 879 solent
3448 823 3485 879 ii
3507 825 3635 897 qui-

1982 906 2097 962 bus
2123 908 2287 963 omni
2318 924 2392 965 ex
2421 914 2589 981 parte
2612 909 2894 966 absoluta
2916 911 3327 968 membrorum
3359 913 3632 970 omnium

1983 995 2379 1053 conformatio
2407 997 2639 1069 obtigit.
2686 1000 3028 1070 Prodigium
3067 1000 3182 1056 hoc
3215 1001 3497 1058 omnibus
3526 1003 3632 1075 qui

1981 1100 2017 1139 a
2046 1084 2237 1142 lerant
2264 1102 2386 1143 non
2416 1088 2719 1144 mediocre
2738 1088 2927 1144 visum
2952 1093 3044 1146 est
3073 1106 3085 1143 :
3113 1105 3182 1145 ac
3199 1089 3295 1146 alii
3318 1090 3631 1147 confestim

1980 1172 2149 1243 alios,
2180 1179 2243 1231 ut
2314 1175 2398 1247 ﬁt,
2458 1176 2839 1247 advocantes,
2884 1194 3065 1251 super
3109 1179 3486 1235 adolescente
3530 1180 3631 1236 illo

1980 1263 2169 1319 multa
2182 1264 2321 1320 exin
2331 1264 2520 1321 vicem
2540 1266 3629 1340 sciscitabantur.Nonne,inquiebant,

1979 1348 2073 1406 ille
2102 1352 2198 1407 hic
2227 1358 2336 1419 est,
2378 1354 2481 1425 qui
2506 1370 2629 1410 non
2656 1371 2692 1411 a
2723 1356 2915 1411 multo
2947 1360 3213 1429 tempore
3242 1357 3360 1413 huc
3402 1357 3480 1412 ad
3518 1372 3629 1413 nos

1980 1438 2090 1496 fuit
2120 1439 2352 1497 delatus
2374 1445 2402 1497 ?
2430 1445 2638 1499 Nonne
2669 1443 2829 1500 idem
2857 1445 2987 1517 ipse
3022 1445 3100 1501 ab
3134 1445 3261 1501 heri
3290 1449 3348 1500 et
3374 1444 3630 1501 nudius-

1980 1529 2187 1585 tertius
2237 1536 2544 1589 contracta
2580 1532 2847 1590 habebat
2899 1534 3139 1604 genua?
3186 1534 3428 1591 Multum
3454 1535 3632 1606 igitur

1980 1618 2431 1692 dubitabamus,
2479 1637 2625 1677 nam
2668 1638 2811 1678 vera
2858 1626 3056 1679 essent
3102 1638 3239 1695 qua:
3270 1622 3630 1680 videbamus

1980 1708 2204 1777 oculis;
2231 1709 2425 1766 donec
2453 1726 2563 1781 ego
2595 1710 2722 1783 ipse
2753 1711 3001 1783 propius
3033 1712 3111 1767 ad
3140 1727 3281 1767 eum
3312 1712 3627 1784 accedens,

258 1810 365 1855 τῶν
392 1801 555 1862 ἑλέους
582 1804 905 1875 τυγχάνοιμι
935 1819 947 1832 ·
984 1800 1110 1854 ἄλλά
1166 1821 1243 1862 τις
1271 1808 1369 1853 τῶν
1395 1796 1587 1853 όδιτῶν
1619 1799 1733 1865 (οὐκ
1764 1796 1864 1852 οἷδ’³

1979 1800 2353 1871 percunctari
2376 1801 2549 1872 ccepi,
2573 1816 2698 1874 qua
2720 1802 2967 1858 tandem
2989 1802 3241 1869 ratione,
3265 1818 3461 1876 quove
3485 1807 3629 1858 tem-

258 1893 403 1953 ὅπως
432 1909 533 1960 τις,
565 1890 624 1943 οὐ
681 1893 784 1967 γὰρ
833 1890 1035 1965 ἑώρακα
1090 1895 1360 1966 πρότερον,
1414 1888 1472 1942 οὗ
1522 1891 1652 1961 μετὰ
1702 1896 1871 1942 ταῦτα

875 1985 1166 2053 καινότερον
1259 1978 1337 2032 ἔπ’
1395 1977 1508 2050 έμοὶ
1590 1982 1866 2036 πεποίηκεν

902 2073 992 2122 καὶ
1046 2072 1149 2142 γὰρ
1224 2064 1521 2140 έπωμάδιον
1574 2069 1718 2140 παρὰ
1772 2071 1866 2125 τήν

1101 2159 1237 2212 οὕτω
1290 2156 1392 2230 γὰρ
1449 2155 1721 2209 καλεῖσθαι
1772 2161 1866 2215 τὴν

256 1988 446 2051 τοῦτον
505 1981 773 2054 τεθέαμαι)

254 2070 420 2138 ἵλεον,
496 2071 630 2145 ἄρας
711 2089 774 2143 με
827 2084 840 2098 ’

269 2164 442 2232 Αγίαν
509 2163 671 2233 φέρων
745 2161 989 2212 κατέθετο
1038 2176 1048 2187 ·

252 2252 528 2324 μακαρίαν
566 2250 761 2307 ταύτην
814 2244 1106 2302 Θεοδοσίαν
1163 2250 1194 2306 ἠ
1251 2255 1350 2299 τῶν
1408 2247 1686 2319 θαυμάτων
1744 2265 1866 2299 συν-

255 2340 417 2409 έχεια
485 2340 628 2410 παρά
681 2356 741 2409 γε
784 2344 847 2409 τῇ
930 2335 1264 2409 μεγαλοπόλει
1341 2338 1502 2408 ταύτῃ
1564 2339 1862 2402 πεποίηκεν,

254 2423 412 2499 οἶμαι
462 2422 522 2479 δε
577 2430 666 2479 καὶ
715 2434 813 2479 τῶν
870 2426 1066 2479 πόλεων
1107 2432 1354 2497 πανταχῆ
1390 2446 1402 2459 ο
1461 2433 1708 2496 πανταχῆ
1763 2412 1861 2499 γὰρ

253 2514 478 2578 ἑξαπλοί
519 2519 607 2574 τὴν
645 2517 808 2591 χάριν
864 2536 876 2549 ο
932 2518 1012 2568 ὅτι
1056 2519 1147 2567 καὶ
1190 2514 1518 2586 πανταχόθεν
1573 2512 1864 2588 ξυῤῥέοντες

252 2608 312 2659 οἱ
339 2613 511 2667 κακῶς
536 2608 748 2678 ἔχοντες
793 2614 894 2659 τῶν
955 2606 1138 2659 ἰάσεων
1189 2602 1459 2657 έπανίασιν
1504 2602 1860 2664 ἀπολαϐόντες.

1978 1904 2122 1961 pore
2151 1888 2375 1960 pedum
2432 1889 2747 1946 sanitatem
2791 1896 3149 1946 consecutus
3189 1895 3361 1947 esset.
3397 1892 3469 1947 At
3511 1891 3623 1959 ille,

1977 1978 2103 2032 Non
2156 1976 2236 2032 ita
2292 1977 2548 2049 pridem,
2580 1978 2791 2050 inquit,
2837 1978 2977 2034 hinc
3025 1979 3103 2033 ad
3147 1978 3306 2035 littus
3346 1994 3626 2049 egressus

1978 2081 2134 2131 sum,
2168 2070 2289 2121 uta
2319 2066 2796 2138 pretereuntibus
2825 2066 3225 2139 eleemosynm
3273 2068 3500 2140 aliquid
3529 2084 3625 2124 ro-

1974 2154 2179 2224 gando
2227 2169 2625 2228 consequerer
2665 2172 2677 2221 ;

1974 2258 2131 2299 unus
2161 2244 2484 2317 quisquam
2503 2246 2630 2316 (nec
2652 2245 2813 2301 enim
2834 2245 2970 2318 quis
2992 2245 3168 2301 fuerit
3188 2246 3332 2315 scio,
3362 2247 3465 2318 qui
3487 2251 3625 2304 ante

1972 2348 2290 2405 nunquam
2320 2334 2629 2390 hominem
2658 2334 2947 2404 videram,
2980 2339 3037 2391 et
3073 2335 3290 2391 deinde
3324 2351 3447 2391 non
3479 2352 3624 2392 con-

1974 2423 2140 2495 spexi
2161 2423 2442 2495 amplius)
2461 2424 2762 2480 insolitam
2780 2425 2926 2481 mihi
2947 2424 3397 2497 eleemosynam
3420 2429 3625 2482 contu-

1972 2512 2055 2583 lit,
2083 2512 2231 2568 dum
2259 2518 2563 2585 arreptum
2587 2529 2681 2569 me
2711 2518 2889 2587 atque
2911 2514 2970 2569 in
3002 2514 3288 2569 humeros
3321 2530 3461 2569 suos
3487 2514 3626 2570 sub-

1971 2601 2183 2671 latum,
2217 2600 2498 2675 deposuit
2545 2602 2710 2676 apud
2747 2604 3025 2660 Sanctam
3061 2620 3075 2659 :
3108 2602 3224 2659 hoc
3262 2603 3489 2676 quippe
3514 2619 3623 2660 no-

2738 2172 2876 2212 cum
2924 2172 3059 2212 ecce
3092 2173 3122 2212 e
3173 2157 3624 2214 transeuntibus

258 2693 429 2751 mine
459 2693 702 2750 beatam
734 2694 1134 2751 Theodosiam
1164 2691 1479 2766 appellari,
1508 2692 1569 2748 in
1610 2691 1725 2748 hac
1770 2706 1994 2762 magna
2036 2690 2266 2747 civitate
2300 2692 2438 2748 fecit
2483 2692 2915 2749 miraculorum
2945 2692 3267 2749 multitudo
3301 2710 3313 2748 :
3346 2693 3625 2750 existimo

249 2788 464 2840 autem
492 2783 577 2841 sic
605 2783 785 2840 etiam
814 2784 876 2839 in
903 2783 1035 2840 aliis
1056 2782 1279 2857 ubique
1303 2780 1559 2838 urbibus
1580 2780 1915 2850 nominari,
1947 2779 2167 2853 ubique
2194 2780 2353 2836 enim
2384 2781 2641 2852 gratiam
2671 2781 2956 2839 divinitus
2984 2781 3097 2838 sibi
3128 2780 3405 2838 collatam
3435 2782 3627 2855 expli-

251 2876 395 2941 cat;
425 2886 614 2945 quare
643 2871 824 2929 etiam
852 2872 1122 2946 undique
1151 2870 1465 2928 conﬂuunt
1491 2869 1650 2926 male
1679 2868 1972 2927 habentes
2002 2874 2058 2925 et
2084 2869 2404 2926 discedunt
2432 2870 2705 2927 sanitatis
2733 2870 3163 2927 restitutionem
3192 2871 3516 2926 consecuti.

329 2961 400 3015 λε’
410 3003 423 3017 ,
450 2965 635 3015 Τοίνυν
672 2965 763 3015 καὶ
793 2960 1070 3036 ἀνωνύμως
1128 2960 1263 3015 οὕτω
1318 2963 1378 3013 τό
1430 2955 1714 3032 παιδάριον
1767 2958 1866 3011 ἁπ-

251 3049 517 3105 ικάλεσεν.
552 3054 654 3105 Καὶ
681 3047 747 3109 δή
779 3070 843 3124 με
871 3052 1100 3118 ὑποθεὶς,
1158 3053 1272 3123 ἔφη,
1330 3056 1393 3122 τῇ
1448 3050 1644 3109 ταύτης
1702 3054 1863 3123 σορῷ,

254 3138 411 3212 έλαίῳ
481 3158 536 3192 τε
626 3158 825 3214 χρισας
905 3148 996 3201 τῆς
1088 3138 1459 3214 έπῃωρημένης
1547 3144 1866 3210 φωταγωγοῦ

254 3226 404 3291 ἐξιὼν
475 3228 680 3301 εὔχετο.
756 3229 894 3301 Ἐγὼ
948 3225 1001 3281 δ’
1078 3226 1454 3301 ἕναπολειφθεὶς
1506 3225 1554 3278 έν
1602 3224 1865 3299 ἀμηχάνῳ

248 3322 537 3391 γεγένημαι
591 3333 609 3351 ⁸
670 3316 729 3370 οὗ
782 3317 884 3393 γὰρ
978 3315 1273 3391 προϐαίνειν
1328 3316 1474 3382 ὅλως,
1521 3315 1579 3369 οὗ
1623 3313 1866 3388 μεταϐαί-

252 3424 358 3458 νειν
414 3401 714 3478 ἠδυνάμην,
772 3403 881 3457 ἀλλ’
930 3406 1000 3467 ὧς
1046 3424 1098 3457 τι
1143 3405 1506 3480 παρερῥίμμην
1554 3405 1725 3475 ἄχθος
1774 3406 1864 3455 καὶ

249 3503 356 3548 τῶν
403 3514 529 3571 προς
580 3498 768 3570 χρείαν
812 3492 1131 3571 ἕστερούμην
1179 3496 1204 3546 ό
1264 3491 1509 3555 δείλαιος.
1567 3500 1717 3565 Τρεῖς
1765 3501 1862 3544 τῶν

246 3586 460 3657 ἡμερῶν
516 3583 907 3658 παρεῤῥύησαν,
969 3588 1059 3636 καὶ
1125 3603 1215 3657 μοι
1264 3582 1396 3645 ζάλη
1457 3602 1538 3643 τις
1598 3586 1717 3654 περὶ
1774 3583 1862 3633 τόν

246 3672 510 3746 λογισμόν
553 3676 779 3745 γέγονεν,
837 3672 943 3746 οὐχ
990 3674 1170 3748 οἵαπερ
1220 3671 1382 3731 έκείνη
1439 3674 1465 3730 ἠ
1516 3674 1618 3746 πρὸ
1668 3676 1859 3743 μικροῦ

248 3762 620 3835 ξυμπεσοῦσα,
660 3765 750 3814 καὶ
801 3765 868 3815 τὰ
916 3767 1107 3835 γόνατα
1156 3764 1611 3837 παραρθρώσασα,
1669 3764 1857 3834 γρὶκην

246 3870 348 3924 μοι
393 3854 484 3904 καὶ
533 3870 696 3924 μονης
759 3849 860 3905 ἀπὸ
912 3856 1120 3926 μνήμης
1172 3850 1362 3912 ἐκείνης
1414 3857 1570 3915 ποιεῖ,
1626 3847 1858 3922 γαλήνης

252 3936 317 3992 δε
378 3942 470 3996 τὴν
528 3937 754 4014 καρδίαν
823 3940 1119 4015 πληροῦσα,
1187 3944 1277 3991 καὶ
1338 3941 1468 4014 πρὸς
1522 3941 1580 3990 τό
1636 3938 1855 4009 εὔθυμον

250 4027 652 4101 μεταϐάλλουσα
727 4047 740 4059 ·
796 4031 909 4082 ὅθεν
986 4034 1076 4082 καὶ
1132 4029 1199 4091 ὠς
1255 4030 1304 4081 ἓν
1356 4027 1499 4099 ὕπνῳ
1553 4023 1853 4098 πεπεδημέ-

250 4135 343 4178 νος
412 4112 541 4169 εἶναι
630 4112 809 4185 δόξας,
905 4118 1058 4190 ὑγιὴς
1136 4118 1400 4190 ἀναθορῶν
1480 4116 1723 4191 εὖρημαι,
1810 4117 1854 4166 ἴ-

254 4223 388 4263 στον
438 4223 494 4257 τε
549 4203 632 4257 ἐπὶ
690 4202 882 4272 πόδας,
936 4210 1028 4258 καὶ
1080 4205 1303 4281 προέϐην
1379 4204 1463 4258 ἐπὶ
1531 4208 1749 4278 μακρὸν,
1804 4203 1852 4255 ἐν

252 4293 421 4365 ἑαυτῷ
490 4312 544 4346 τε
594 4297 882 4366 γενόμένος,
946 4300 1036 4347 καὶ
1085 4296 1197 4348 ὅθεν
1263 4296 1358 4354 ἧκέ
1402 4313 1492 4367 μοι
1542 4290 1767 4346 συνιδὼν
1818 4294 1848 4352 ἠ

251 4380 497 4455 βοήθεια,
551 4389 612 4454 τῇ
663 4391 754 4445 τῆς
793 4383 979 4455 Ἀγίας
1034 4380 1524 4459 προσδεδραμήκειν
1555 4390 1713 4456 σορῷ,
1761 4385 1851 4434 καὶ
1884 4371 1925 4425 D

248 4478 317 4544 τῇ
367 4474 562 4534 ταύτης
613 4475 831 4548 περιφὺς
891 4472 1068 4545 εἰκόνι,
1118 4478 1209 4525 καὶ
1246 4475 1423 4544 συχνὰ
1464 4474 1659 4530 ταύτην
1709 4490 1851 4545 περι-

250 4559 573 4632 πτυξάμενος
640 4558 872 4629 ίξῆλθον,
922 4561 991 4623 ὡς
1042 4563 1213 4635 ὁρᾶτε,
1271 4569 1362 4613 τοῦ
1391 4561 1473 4613 ἐπ’
1525 4560 1639 4633 έμοὶ
1696 4556 1848 4622 δοξά-

249 4649 356 4711 ζων
437 4651 979 4723 θαυματουργήματος
1040 4667 1053 4681 ·
1105 4655 1194 4703 καὶ
1236 4657 1324 4701 νῦν
1380 4651 1569 4724 ἡμέραι
1616 4653 1849 4722 τέτταρες

248 4734 361 4796 ἤδη
395 4735 449 4801 ἕξ
473 4738 534 4790 οὖ
564 4742 659 4797 τὴν
706 4737 853 4791 πόλιν
909 4748 1213 4813 περινοστῶ,
1274 4737 1548 4813 έλευθέρως
1588 4740 1708 4791 ὅποι
1758 4743 1848 4791 καὶ

251 4826 514 4902 βούλομαι
542 4832 897 4901 πορευόμενος.

322 5113 426 5177 λς’.
461 5112 618 5168 Ἀλλὰ
663 5110 802 5187 μηδε
844 5116 910 5167 τὰ
940 5112 1039 5187 ἓμὰ
1087 5115 1263 5187 ὅτιπερ
1324 5113 1424 5185 έμὰ
1475 5110 1847 5184 παραλειπτέον

250 5201 388 5275 ἐμοὶ,
434 5202 501 5265 ὠς
531 5205 603 5276 μή
673 5208 763 5257 καὶ
820 5204 954 5258 αὐτὰ
1013 5203 1174 5264 λήθης
1234 5202 1648 5275 παραπεμφθεῖεν
1676 5199 1845 5275 βυθῷ,

249 5290 397 5363 κάγὼ
454 5291 649 5365 μέμψει
720 5289 908 5365 δικαίᾳ
979 5290 1427 5349 καθυποϐληθείην
1500 5288 1846 5364 ἀχαριστίας,

251 5376 391 5452 μηδὶ
427 5379 563 5452 λόγῳ
600 5379 737 5453 ψιλῷ
772 5377 1104 5458 παραδοῦναι
1162 5382 1537 5456 προθυμηθεὶς,
1605 5380 1735 5453 άπερ
1795 5377 1847 5433 εὖ

251 5476 357 5531 τοῖς
396 5472 562 5545 ἔργοις
599 5472 756 5543 ἔφθην
795 5472 971 5524 παθών
1019 5492 1031 5504 ·
1071 5474 1189 5544 περὶ
1229 5466 1287 5523 δε
1350 5478 1440 5523 τοῦ
1480 5466 1727 5544 δευτέρου
1765 5473 1849 5522 τόν

252 5557 402 5631 λόγον
440 5565 733 5631 ποιήσομαι
770 5564 1037 5636 πρότερον.
1076 5558 1314 5636 Γαμϐρὸς
1385 5562 1507 5632 ἓμός
1546 5559 1631 5612 ἐπὶ
1694 5560 1850 5631 θυγα-

253 5651 340 5722 τρί
412 5658 513 5702 τῶν
588 5649 799 5721 εὐγενῶν
872 5649 1018 5711 οὗτος
1077 5654 1166 5702 καὶ
1202 5648 1569 5723 περιϐλέπτων,
1632 5644 1849 5721 ἀδελφι-

1903 3018 1944 3073 C

2041 2958 2132 3015 35.
2174 2960 2379 3031 Itaque
2412 2960 2697 3016 Sanctam
2740 2975 2983 3031 quoque
3035 2973 3185 3030 puer
3235 2959 3342 3013 iste
3394 2972 3623 3014 vocans

1975 3046 2209 3120 absque
2238 3048 2484 3121 proprio
2515 3047 2780 3105 nomine.
2816 3049 3005 3120 Super
3039 3047 3241 3119 hujus.
3274 3046 3486 3118 inquit,
3531 3050 3623 3102 tu-

1973 3137 2204 3194 mulum
2235 3154 2332 3195 me
2352 3154 2583 3211 ponens
2605 3137 2719 3205 ille,
2736 3141 2793 3194 et
2811 3137 3069 3208 desuper
3088 3151 3371 3209 appensa:
3390 3135 3622 3208 lampa-

1971 3226 2064 3282 dis
2083 3226 2214 3282 oleo
2240 3227 2559 3297 inungens,
2592 3226 2783 3282 oravit
2810 3230 2867 3281 et
2906 3226 3068 3282 abiit.
3095 3228 3214 3296 Ego
3240 3240 3384 3281 vero
3408 3223 3620 3280 dereli-

1972 3319 2125 3383 ctus,
2146 3315 2293 3389 quid
2324 3330 2565 3385 agerem
2586 3314 2928 3370 nesciebam
2952 3332 2965 3370 :
2990 3330 3135 3370 nam
3160 3329 3356 3386 neque
3382 3328 3621 3386 progre-

1970 3402 2031 3458 di
2051 3418 2242 3475 neque
2283 3402 2514 3473 digredi
2552 3402 2690 3458 inde
2716 3407 3011 3475 poteram,
3044 3402 3150 3459 sed
3179 3401 3401 3458 inutilis
3432 3401 3621 3459 instar

1969 3493 2255 3566 ponderis
2285 3492 2699 3563 remanebam,
2725 3492 3007 3549 omnibus
3028 3493 3108 3549 ad
3135 3491 3319 3548 vitam
3345 3507 3621 3549 necessa-

1969 3581 2069 3637 riis
2118 3581 2297 3638 rebus
2344 3581 2661 3638 destitutus
2708 3582 2909 3637 miser.
2964 3584 3101 3637 Tres
3149 3580 3421 3637 abierant
3466 3580 3614 3649 dies,

1968 3687 2106 3727 cum
2130 3671 2275 3727 mihi
2322 3671 2604 3743 quaedam
2635 3671 2849 3729 mentis
2878 3670 3192 3728 concussio
3229 3670 3463 3735 accidit,
3492 3685 3615 3725 non

1966 3760 2165 3833 qualis
2202 3765 2338 3817 ante
2383 3761 2664 3832 exiguum
2712 3766 2951 3833 tempus
2999 3761 3421 3834 superveniens
3467 3758 3615 3815 mihi

1966 3865 2164 3921 genua
2194 3850 2506 3916 contraxit,
2550 3855 2605 3905 et
2633 3848 2728 3905 vel
2758 3848 2887 3905 sola
2916 3849 3324 3906 recordatione
3359 3848 3449 3905 sui
3477 3848 3615 3904 hor-

1963 3933 2160 3995 rorem
2184 3938 2328 3994 mth
2358 3938 2592 4005 incutit;
2626 3937 2731 3994 sed
2753 3938 3020 3993 animum
3045 3937 3302 4009 implens
3331 3936 3612 4009 tranquil-

1962 4027 2142 4091 litate,
2171 4027 2515 4100 optimeque
2535 4041 2936 4098 componens;
2961 4026 3143 4090 unde,
3171 4024 3351 4080 veluti
3374 4024 3421 4079 si
3445 4040 3609 4080 som-

1962 4116 2151 4173 nianti
2181 4118 2412 4171 tantum
2444 4114 2715 4170 oblatum
2737 4114 2947 4169 fuisset
2965 4114 3188 4186 pedum
3210 4111 3608 4184 impedimen-

1962 4208 2113 4270 tum,
2152 4205 2234 4260 ita
2264 4220 2361 4260 me
2410 4218 2629 4260 sanum
2677 4202 2952 4259 exsiliens
2998 4202 3211 4275 reperi,
3254 4202 3504 4273 stetique
3547 4201 3609 4258 in

1960 4293 2143 4367 pedes
2174 4298 2407 4350 erectus
2452 4298 2509 4349 et
2536 4292 2841 4349 modicum
2872 4292 3229 4364 prbgressus
3258 4308 3413 4346 sum.
3458 4293 3608 4347 Tum

1959 4399 2100 4439 vero
2129 4383 2190 4439 in
2221 4382 2523 4455 meipsum
2543 4396 2874 4452 regressus,
2892 4386 2948 4437 et
2967 4380 3129 4436 unde
3150 4379 3433 4436 auxilium
3460 4379 3608 4435 mihi

1958 4472 2242 4541 venisset,
2291 4470 2648 4542 intelligens,
2700 4469 2780 4525 ad
2811 4472 3038 4527 Sanctae
3069 4469 3452 4543 sepulchrum
3511 4486 3613 4524 cu-

1958 4562 2151 4630 curri;
2193 4567 2250 4617 et
2278 4577 2463 4617 sacrae
2514 4561 2644 4632 ejus
2687 4560 2937 4631 imagini
2978 4559 3229 4629 aﬂusus,
3275 4575 3413 4615 cum
3442 4558 3607 4615 illam

1958 4652 2278 4724 complexu
2320 4650 2614 4724 frequenti
2641 4648 3031 4722 strinxissem,
3078 4650 3251 4716 exivi,
3302 4654 3368 4704 ut
3395 4648 3607 4705 videtis

1957 4740 2317 4797 miraculum
2343 4741 2405 4796 in
2434 4756 2529 4795 me
2554 4739 2780 4795 factum
2812 4738 3143 4795 celebrans.
3188 4740 3441 4803 Quartus
3466 4753 3606 4793 vero

1956 4844 2120 4885 nunc
2153 4828 2280 4884 dies
2309 4833 2416 4899 est,
2445 4845 2517 4884 ex
2545 4843 2668 4900 quo
2700 4827 2911 4883 urbem
2954 4828 3113 4883 hanc
3142 4842 3385 4882 omnem
3418 4841 3604 4881 sanus

1957 4917 2309 4986 obambulo,
2366 4923 2421 4974 et
2449 4932 2814 4990 quocunque
2861 4916 3131 4972 locorum
3170 4914 3344 4970 fuerit
3370 4914 3606 4971 libitum

1957 5007 2188 5080 absque
2218 5007 2649 5080 impedimento
2677 5020 2886 5078 pergo.

2028 5120 2116 5172 36.
2158 5114 2271 5171 Sed
2300 5130 2436 5187 quae
2490 5128 2627 5169 mea
2670 5116 2828 5179 sunt,
2857 5115 3152 5184 tanquam
3202 5110 3250 5166 si
3296 5127 3433 5168 mea
3483 5126 3607 5167 non

1958 5208 2181 5275 essent,
2212 5203 2512 5277 praeterire
2557 5217 2679 5258 non
2724 5200 2949 5267 debeo;
2981 5215 3058 5257 ne
3102 5199 3150 5256 si
3179 5200 3481 5273 profundo
3536 5214 3607 5256 eo

1960 5293 2194 5349 silentio
2255 5292 2530 5359 obruam,
2592 5289 3033 5362 ingratitudinis
3088 5296 3245 5346 notae
3299 5289 3603 5360 subjiciar,

1958 5381 2127 5455 quod
2151 5397 2262 5437 nec
2291 5396 2567 5438 sermone
2605 5380 2851 5453 quidem
2896 5379 3033 5435 exili
3064 5379 3345 5451 dignatus
3376 5393 3448 5433 ea
3480 5378 3606 5433 fue-

1957 5473 2091 5539 rim,
2122 5471 2184 5527 in
2213 5470 2436 5543 quibus
2456 5485 2635 5542 opere
2657 5469 2927 5526 beneﬁco
2953 5473 3294 5541 prmventus
3313 5483 3446 5522 sum
3469 5481 3608 5521 cum

1960 5577 2153 5617 essem
2184 5559 2481 5616 inﬁrmus.
2520 5559 2693 5625 Quod
2722 5562 2923 5615 autem
2949 5558 3244 5631 posterius
3273 5555 3505 5624 accidit,
3532 5554 3607 5609 de

1960 5664 2033 5706 eo
2084 5648 2250 5721 prius
2305 5662 2643 5704 sermonem
2691 5646 3018 5703 instituam.
3071 5647 3258 5702 Gener
3309 5642 3455 5699 mihi
3502 5655 3608 5713 per
