4084 6206
518 293 620 348 927

1703 286 2162 347 CONSTANTINI
2198 285 2677 346 ACROPOLITIE.
3736 294 3825 348 923

516 415 705 473 ﬁliam
735 417 824 473 est
844 412 1061 471 nobilis
1091 415 1269 484 atque
1295 411 1555 480 illustris,
1588 417 1790 485 utpote
1810 428 2002 485 nepos
2032 413 2162 484 ejus

2277 407 2396 472 δούς
2432 412 2533 484 γὰρ
2569 416 2661 463 τοῦ
2689 415 2777 461 νῦν
2834 406 3053 469 εὐσεϐῶς
3101 408 3245 481 ἡμῶν
3304 407 3678 481 βασιλεύοντος,
3725 421 3827 474 παῖς

517 505 625 578 qui
672 504 855 560 modo
888 518 994 574 per
1038 501 1362 573 imperium
1396 502 1780 571 moderatur;
1816 502 1972 558 illius
2023 517 2163 558 vero

518 593 695 660 ﬁlius,
727 592 830 664 qui
858 606 928 646 ex
956 589 1220 658 legitima
1240 593 1581 662 parentum,
1608 606 1878 659 avorum,
1906 595 1963 647 et
1991 606 2165 663 proa-

518 697 732 737 vorum
765 678 1143 735 successione
1174 679 1467 738 Colchidis
1490 680 1892 753 principatum
1918 678 2156 736 heredi-

518 775 635 827 tate
662 770 887 835 tenuit;
928 784 1116 841 quam
1164 769 1325 825 enim
1365 769 1463 825 hic
1494 770 1870 842 imperatoris
1900 768 2164 826 defuncti

516 859 703 915 ﬁliam
750 857 1114 915 matrimonii
1143 858 1273 929 lege
1305 858 1417 914 sibi
1464 859 1793 931 conjunxit,
1833 859 2013 929 hujus
2043 874 2165 932 quo

517 948 591 1003 de
620 947 836 1019 loquor
862 952 1053 1003 mater
1082 946 1318 1003 exstitit.
1351 950 1517 1003 Hunc
1543 964 1680 1003 cum
1707 947 1819 1003 sub
1848 963 2165 1020 vesperam

517 1053 590 1094 ex
618 1037 758 1093 aula
787 1036 1174 1107 imperatoria
1203 1036 1456 1093 domum
1484 1053 1547 1092 se
1580 1052 1717 1093 cum
1750 1036 1873 1092 suis
1903 1036 2162 1109 referret,

518 1127 735 1198 cupido
765 1126 946 1182 subiit
972 1142 1129 1199 equo
1182 1142 1245 1182 se
1295 1126 1630 1193 exercendi,
1681 1125 1741 1181 in
1781 1142 1974 1198 eoque
2012 1143 2164 1184 non-

517 1216 663 1272 nihil
685 1232 746 1271 se
763 1215 1156 1285 exhilarandi,
1174 1214 1696 1287 quemadmodum
1714 1215 2051 1289 frequenter
2075 1234 2165 1274 so-

517 1304 641 1361 lent
668 1304 850 1361 aetatis
878 1304 1048 1360 istius
1069 1304 1343 1375 juvenes,
1369 1304 1430 1359 in
1463 1304 1658 1376 prima
1686 1305 2017 1376 praesertim
2048 1322 2164 1377 pu-

516 1393 764 1464 bertate,
819 1393 1017 1465 qualis
1066 1393 1193 1466 ipse
1243 1397 1385 1448 erat.
1420 1396 1534 1449 Eos
1593 1399 1793 1449 autem
1845 1394 1949 1466 qui
2006 1396 2165 1453 circa

516 1482 716 1555 ipsum
734 1486 922 1549 erant,
937 1486 994 1537 et
1014 1480 1200 1537 multo
1216 1497 1561 1554 magnoque
1577 1486 1796 1537 conatu
1816 1482 2165 1540 dissuadere

517 1571 581 1628 id
629 1570 1023 1636 conabantur,
1078 1569 1567 1641 intempestivum
1598 1586 1727 1625 esse
1757 1575 2164 1641 suggerenms,

519 1662 929 1726 contemnens,
961 1659 1021 1714 in
1063 1659 1351 1714 sententia
1378 1658 1626 1713 omnino
1656 1659 2023 1730 permansit;
2053 1660 2166 1716 hoc

2274 496 2333 553 δε
2386 508 2478 552 τοῦ
2544 506 2635 558 τήν
2702 506 2797 561 τῆς
2864 492 3125 570 Κολχίδος
3181 494 3354 573 ἀρχὴν
3393 498 3449 550 ἔκ
3484 517 3538 551 τε
3601 506 3827 575 πατέρων,

2272 594 2518 661 πάππων,
2557 594 2646 642 καὶ
2676 588 2985 642 έπιποίππων
3024 587 3423 664 κληρωσαμένου
3481 609 3495 621 ·
3544 592 3698 662 τούτῳ
3741 596 3827 667 γὰρ

2272 681 2302 739 ἡ
2372 687 2463 732 τοῦ
2538 676 3063 753 προϐεϐασιλευκότος
3147 678 3382 751 θυγάτηρ
3478 679 3645 750 γάμου
3710 684 3828 753 νόμῳ

2276 771 2617 842 συναφθεῖσα,
2658 772 2833 841 μήτηρ
2868 764 3024 821 τοῦδε
3078 770 3345 839 γεγένηται
3374 787 3387 800 ο
3448 766 3591 828 οὗτος
3626 763 3688 826 δὴ
3724 773 3830 842 πρὸς

2274 860 2493 933 ἑσπέραν
2518 866 2619 911 τῶν
2666 856 2959 930 ἀνακτόρων
3006 854 3166 929 ἐξῄει,
3195 860 3285 909 καὶ
3315 859 3411 915 τήν
3465 854 3539 908 ἐπ’
3571 859 3705 908 οἶκον
3753 862 3829 910 σὺν

2272 956 2379 1011 τοίς
2409 953 2523 1023 περί
2562 948 2715 1000 αὐτὸν
2772 944 3037 1021 ἐπορεύετο
3071 966 3084 978 ο
3117 946 3204 997 οἷα
3246 941 3307 998 δε
3361 947 3429 997 τὰ
3476 952 3572 996 τῶν
3621 948 3729 998 νέων
3769 949 3829 999 ἔτι

2272 1043 2366 1097 την
2395 1038 2621 1103 ἡλικίαν,
2675 1040 2766 1089 καὶ
2802 1034 3035 1108 μάλιστα
3075 1042 3173 1087 τῶν
3226 1031 3452 1107 ἐφήϐων,
3500 1036 3665 1095 ὁποῖος
3706 1035 3829 1098 οὗτος

2274 1127 2555 1200 ἐτύγχανεν
2620 1127 2711 1196 ὧν,
2775 1122 3138 1182 ἱππηλατῆσαί
3192 1125 3242 1175 οἱ
3297 1119 3534 1190 ἐπῆλθεν,
3594 1121 3663 1195 ἐφ’
3783 1143 3830 1196 γε

2275 1214 2603 1289 διαχυθῆναι
2641 1218 2851 1287 μικρόν.
2884 1216 3015 1275 Τοὺς
3044 1208 3131 1264 οὖν
3159 1210 3284 1285 ἀμφ’
3338 1211 3495 1264 αὐτὸν
3549 1214 3713 1284 συχνὰ
3758 1218 3830 1267 καὶ

2272 1314 2440 1359 ταῦτα
2482 1305 2797 1366 κωλύοντας,
2880 1307 2970 1355 καὶ
3047 1306 3141 1361 τὴν
3191 1300 3389 1375 ἀωρίαν
3450 1305 3831 1375 προϊσχομένους

2271 1391 2543 1468 περιιδὼν,
2584 1393 2709 1456 ὅλως
2740 1400 2830 1445 τοῦ
2890 1394 3022 1465 πρὸς
3071 1390 3278 1448 θέλησιν
3329 1393 3527 1463 γέγονε,
3560 1398 3702 1444 τοῦτο
3753 1396 3830 1463 μό-

2271 1503 2356 1537 νον
2396 1488 2576 1557 σφίσιν
2628 1481 3074 1554 ἐγκελευσάμενος,
3107 1480 3313 1545 ’Δπιτε,
3374 1482 3493 1539 τούς
3542 1486 3667 1540 σύας
3720 1478 3832 1531 ὰπώς

2277 1592 2401 1626 σατε
2433 1594 2445 1605 ο
2479 1579 2572 1634 τῆς
2609 1574 2711 1646 γάρ
2754 1569 3009 1643 λεωφόρου
3061 1567 3283 1627 πλησίον
3340 1564 3478 1627 ἦσαν
3530 1568 3665 1621 οὗτοι
3713 1574 3831 1641 νεμό·

2274 1681 2434 1735 μενοι.
2485 1663 2585 1715 Καὶ
2628 1662 2677 1712 οἱ
2732 1662 2822 1733 μεν
2866 1660 2929 1719 ὠς
2994 1659 3403 1732 προσετάγησαν
3464 1662 3785 1715 πεποιήκεσαν
3817 1679 3827 1691 ε

520 1752 756 1805 tantum
782 1747 895 1803 illis
941 1748 1265 1820 imperans,
1300 1751 1363 1803 ut
1404 1763 1560 1813 sues,
1610 1748 1716 1819 qui
1744 1753 1981 1820 propter
2009 1748 2165 1805 viam

2277 1753 2302 1803 6
2334 1748 2383 1804 δ’
2424 1749 2578 1813 εὐθὺς
2642 1751 2819 1821 συχνὰ
2882 1748 3162 1821 μυωπίξων
3227 1749 3454 1820 ἐφέρετο,
3516 1745 3622 1798 ἀλλ’
3665 1744 3830 1819 ἐφέρετο

520 1836 827 1910 publicam
858 1836 1284 1908 pascebantur,
1323 1836 1650 1906 abigerent.
1683 1839 1966 1892 Fecerunt
1993 1836 2073 1893 illi
2104 1841 2169 1894 ut

515 1926 667 1997 jussi
697 1930 865 1981 erant
897 1944 908 1979 :
938 1926 1066 1998 ipse
1108 1942 1250 1981 vero
1280 1925 1649 1981 multimodis
1683 1942 1905 1998 equum
1933 1930 2167 1983 tentans

518 2014 839 2084 ferebatur,
859 2014 1053 2071 donec
1087 2014 1307 2071 scilicet
1330 2030 1468 2070 sues
1500 2015 1752 2083 abactae,
1779 2020 1863 2071 ter
1883 2021 2168 2089 quaterve

517 2104 659 2162 rede
679 2112 876 2172 nntes,
912 2104 1027 2159 sub
1052 2103 1200 2176 ipsis
1230 2104 1368 2176 equi
1392 2104 1649 2177 pedibus
1676 2104 1929 2161 volutari
1966 2122 2167 2180 coepe-

517 2197 676 2259 runt,
709 2208 970 2265 eumque
1000 2193 1311 2265 impedire.
1355 2195 1557 2266 Equus
1586 2193 1769 2260 enim,
1796 2194 2031 2267 quoties
2052 2195 2168 2251 sub

518 2283 773 2356 pedibus
803 2284 933 2353 ejus
958 2283 1355 2340 versabantur
1385 2300 1520 2339 sues
1550 2284 1731 2340 veluti
1760 2285 1835 2341 de
1872 2284 2169 2342 industria

519 2372 581 2428 id
612 2377 874 2443 agentes,
923 2372 1143 2428 cadens
1174 2372 1353 2427 simul
1404 2388 1873 2446 assurgensque,
1925 2374 2168 2430 tandem

519 2461 601 2518 ita
626 2460 906 2527 concidit,
952 2465 1015 2515 ut
1044 2475 1356 2532 resurgere
1384 2460 1656 2533 nequiret
1694 2480 1706 2530 ;
1738 2478 1939 2519 sessor
1966 2467 2167 2520 autem

522 2564 812 2604 excussus
863 2553 1154 2620 tanquam
1184 2564 1214 2605 e
1252 2548 1464 2619 funda,
1520 2551 1717 2606 statim
1766 2550 1936 2607 humi
1981 2552 2171 2622 jacuit

520 2652 749 2710 pronus
769 2636 941 2708 juxta
978 2652 1227 2709 equum,
1268 2637 1823 2709 parumadmodum
1874 2640 2106 2697 distans
2135 2657 2171 2697 a

521 2732 781 2798 mortuo,
806 2726 921 2782 nisi
945 2726 1112 2799 quod
1142 2726 1336 2783 tenuis
1356 2726 1604 2799 quidem
1621 2730 1854 2785 artoriae
1877 2729 2106 2802 pulsus,
2134 2747 2172 2786 a

521 2816 760 2872 medicis
793 2816 1223 2888 deprehensus,
1264 2832 1403 2873 cum
1442 2817 1643 2874 adhuc
1678 2818 1741 2875 in
1782 2820 1935 2876 vivis
1964 2836 2171 2877 nume-

519 2906 783 2964 randum
841 2905 1219 2976 suggerebat.

590 3000 679 3052 37.
708 2999 835 3053 Non
854 2996 1076 3066 longue
1101 3012 1139 3051 a
1158 2995 1383 3069 palatio
1402 2996 1532 3053 haec
1554 2997 1918 3066 acciderunt,
1957 3015 2028 3057 eo
2064 3000 2171 3056 sci-

2275 1843 2363 1902 ἕως
2392 1842 2441 1894 οἱ
2469 1837 2764 1899 ἀπελθόντες
2792 1834 2871 1900 δίς
2901 1857 2956 1890 τε
3018 1840 3397 1910 συστραφέντες
3423 1839 3510 1888 καὶ
3570 1840 3697 1910 τρὶς,
3744 1844 3833 1898 τοῖς

2274 1936 2367 1983 τοῦ
2402 1930 2561 1983 ἵππου
2591 1932 2745 1981 ποσὶν
2784 1929 3032 2001 ὤφθησαν
3060 1921 3460 1997 κυλινδούμενοί
3506 1944 3559 1978 τε
3604 1929 3686 1977 καὶ
3722 1943 3830 1997 συμ-

2274 2016 2599 2080 ποδίζοντες.
2650 2017 2716 2070 Ὀ
2766 2036 2822 2069 τε
2866 2018 2968 2090 γὰρ
3020 2017 3174 2079 ἵππος
3231 2016 3417 2076 όσοὶκις
3442 2016 3490 2067 οἱ
3556 2021 3664 2075 σύες
3715 2032 3831 2089 περι-

2277 2108 2559 2175 εσκελιξον,
2626 2110 2770 2181 ἔργον
2824 2108 2998 2181 ὧσπερ
3055 2112 3211 2157 τοῦτο
3270 2107 3592 2176 ποιούμενοι,
3663 2106 3829 2156 πίπτων

2276 2198 2388 2271 ἅμα
2467 2203 2558 2250 καὶ
2622 2195 2957 2269 ἐγειρόμενος,
3043 2192 3186 2256 τέλος
3240 2193 3425 2261 εἰπεῖν,
3491 2192 3731 2266 ἁνήγρετα
3761 2196 3829 2244 πέ-

2275 2306 2443 2340 πτωκε
2496 2303 2509 2315 ⁸
2577 2291 2668 2338 καὶ
2739 2287 2766 2337 6
2818 2283 3080 2346 ἀναϐάτης
3139 2282 3491 2356 έκτιναχθεὶς,
3556 2287 3642 2335 καὶ
3688 2282 3827 2353 ὥσπερ

2278 2369 2742 2447 ἁποσφενδονηθεὶς
2822 2372 3037 2447 εὓρηται
3096 2376 3327 2445 κείμενος
3378 2372 3650 2444 παρευθύς,
3698 2370 3829 2440 ἄγχι-

2278 2466 2378 2517 στά
2406 2483 2506 2516 που
2564 2470 2654 2515 τοῦ
2686 2464 2845 2515 ἵππου
2883 2465 3102 2538 πρηνὴς,
3154 2457 3323 2533 μηδὲν
3368 2460 3497 2523 ὅλως
3535 2464 3703 2533 νεκροῦ
3740 2455 3832 2510 διε-

2275 2558 2532 2626 νηνοχώς,
2584 2550 2709 2610 πλὴν
2762 2553 2882 2604 ὅσον
2934 2554 3173 2623 σφυγμὸς
3217 2547 3477 2624 ἀμυδρός,
3533 2553 3619 2603 και
3667 2554 3832 2619 πνεῦμα

2274 2650 2380 2705 τοῖς
2445 2640 2927 2715 περιεργαζομένοις
3007 2638 3213 2709 λεπτὸν,
3289 2647 3409 2703 τοῖς
3466 2644 3712 2715 περιοῦσιν
3774 2637 3831 2688 ἔτι

2279 2730 2679 2803 συγκαταλέγειν
2708 2736 2888 2783 τοῦτον
2917 2727 3183 2786 ὑπέϐαλεν.

2348 2997 2447 3062 λζ’.
2513 2997 2623 3051 Ούκ
2654 2998 2758 3050 οῖπο
2820 3003 2985 3050 ταῦτα
3038 3002 3139 3048 τῶν
3182 2994 3485 3070 ἀνακτόρων
3531 2990 3787 3067 ξυμϐέϐηκε
3816 3009 3826 3020 ·

519 3084 656 3149 licet
699 3084 855 3151 loco,
899 3084 1003 3158 qui
1060 3086 1349 3158 Stagnum
1391 3087 1721 3143 rotundum
1765 3088 1999 3145 dicitur.
2034 3089 2167 3156 Sed,

2277 3094 2427 3150 τόπος
2454 3090 2552 3163 γὰρ
2585 3086 2632 3140 ἐν
2742 3087 2768 3138 ό
2799 3087 2994 3139 ούτωσί
3043 3105 3153 3147 πως
3208 3085 3502 3160 Γυρολίμνη
3546 3082 3828 3153 καλούμενος.

520 3174 1040 3247 quemadmodum
1068 3190 1140 3231 ea
1169 3174 1361 3231 solent
1389 3192 1523 3247 quae
1552 3176 1717 3233 fama
1760 3176 2051 3247 feruntur,
2083 3195 2166 3235 re-

520 3267 697 3336 pente
749 3263 974 3335 ubique
1021 3262 1335 3333 vulgatum
1379 3263 1510 3332 fuit,
1565 3266 1785 3321 obiisse
1836 3282 1907 3321 ex
1951 3266 2170 3323 infelici

522 3352 886 3425 equitatione
906 3352 1214 3423 juvenem.
1244 3355 1391 3408 Tum
1417 3369 1559 3409 vero
1592 3354 1709 3423 alii,
1764 3357 1807 3412 Ο
1853 3355 2167 3425 infelicem,

523 3442 886 3511 exclamant,
918 3458 1129 3497 casum
1184 3442 1198 3498 l
1231 3458 1267 3498 ο
1297 3442 1690 3500 infortunium
1723 3446 1735 3500 !
1778 3445 1896 3517 alii,
1953 3448 2168 3515 Quam,

520 3530 819 3602 inquiunt,
866 3529 1061 3585 subito
1101 3529 1162 3584 id
1199 3530 1413 3586 accidit
1448 3531 1460 3585 ἔ
1516 3546 1703 3603 quam
1764 3532 2171 3606 inexspectato

524 3619 746 3675 corruit
767 3619 779 3673 Ι
803 3618 894 3672 Ad
914 3634 1009 3673 me
1030 3634 1273 3691 quoque
1292 3635 1323 3675 e
1344 3620 1597 3689 vestigio
1617 3620 1868 3692 quidam
1896 3625 2167 3692 accurrit,

521 3707 931 3778 lacrymarum
976 3705 1209 3779 plenus,
1251 3711 1307 3762 et
1347 3708 1594 3780 cupiens
1623 3708 1869 3781 quidem
1898 3711 1958 3766 id
2005 3713 2172 3784 quod

522 3794 820 3852 acciderat
838 3794 1198 3863 renuntiare,
1222 3795 1328 3850 sed
1348 3811 1493 3851 voce
1508 3812 1631 3852 non
1648 3798 1942 3855 continuis
1974 3801 2173 3857 minus

526 3883 886 3953 singultibus
913 3900 1100 3958 quam
1123 3884 1312 3941 multo
1329 3884 1594 3941 anhelitu
1624 3886 1929 3960 impedita,
1952 3905 2025 3945 ex
2047 3890 2175 3948 sola

523 3974 771 4030 demissi
827 3973 888 4029 in
949 3978 1167 4031 terram
1218 3973 1416 4031 vultus
1464 3976 1764 4044 maestitia,
1822 3981 1878 4033 et
1929 3980 2174 4035 commi-

526 4063 840 4121 serationis
867 4077 1048 4135 quem
1074 4062 1529 4119 demonstrabat
1565 4064 1803 4134 affectu,
1836 4067 1998 4123 triste
2025 4068 2174 4125 mihi

524 4154 837 4227 quidpiam
875 4152 1195 4209 videbatur
1242 4153 1595 4223 significare.
1650 4160 1840 4228 Atque
1892 4172 2003 4227 ego
2050 4174 2173 4215 non

521 4258 737 4315 parum
765 4242 968 4298 animo
991 4246 1348 4298 commotus.
1375 4245 1500 4310 Cui,
1525 4244 1798 4317 inquam,
1820 4262 2093 4303 meorum
2114 4253 2172 4303 et

523 4330 671 4405 quid
698 4331 943 4387 tandem
990 4330 1297 4386 infortunii
1335 4332 1604 4389 accidit?
1638 4336 1819 4402 Tunc,
1865 4335 2171 4408 respondit

2282 3179 2416 3234 Ἀλλ’
2465 3178 2550 3231 οἶα
2599 3174 2667 3237 δὴ
2727 3179 2792 3229 τὰ
2830 3183 2926 3237 τῆς
2970 3180 3165 3249 φήμης,
3214 3174 3261 3226 ἐν
3315 3173 3507 3249 ἀκαρεῖ
3550 3169 3832 3243 διαπεφήμι-

2281 3289 2405 3322 σται
2451 3274 2722 3339 πανταχῇ,
2759 3265 2827 3328 ὠς
2877 3266 3114 3324 τέθνηκεν
3145 3266 3171 3317 ό
3203 3261 3355 3317 δεῖνα
3408 3262 3709 3321 ἱππηλατῶν.
3754 3259 3831 3311 Καὶ

2279 3360 2329 3411 οἱ
2352 3360 2463 3431 μὲν,
2494 3357 2562 3409 Ὤ.
2616 3363 2705 3407 τοῦ
2767 3352 3104 3426 συμϐάματος
3137 3352 3149 3406 l
3182 3353 3221 3404 ὡ
3274 3360 3378 3416 τῆς
3434 3348 3603 3413 δεινῆς
3652 3349 3829 3407 ταύτης.

2279 3448 2465 3518 ελεγον,
2514 3449 2783 3517 συμφορᾶς
2826 3441 2838 3495 l
2871 3444 2920 3494 οἱ
2950 3439 3024 3508 δ’,
3072 3441 3141 3494 Ὠ
3176 3443 3281 3494 οἷον
3337 3445 3529 3514 αἴφνης
3557 3443 3739 3510 γέγονεν
3767 3432 3777 3488 !
3802 3432 3831 3483 ὦ

2280 3538 2385 3591 οἷον
2445 3530 2854 3608 ἀπροσδοκήτως
2920 3535 3165 3585 συνέπεσε
3207 3530 3218 3584 ι
3256 3535 3361 3584 Καὶ
3393 3534 3482 3603 μοί
3531 3548 3607 3589 τις
3655 3524 3832 3598 ἐφίστα-

2280 3646 2369 3678 ται
2419 3620 2659 3697 δακρύων
2706 3620 2979 3688 ὑπόπλεος,
3033 3618 3183 3672 θέλων
3248 3622 3338 3693 μεν
3402 3616 3631 3691 ἀγγεῖλαι
3681 3617 3732 3666 τό
3764 3628 3831 3682 γε·

2279 3717 2448 3786 γονὸς,
2504 3715 2596 3768 τὴν
2646 3706 2705 3762 δε
2760 3713 2929 3778 φωνήν
2986 3708 3092 3781 οὐχ
3140 3708 3293 3767 ἧττον
3348 3714 3466 3769 τοῖς
3512 3699 3826 3775 στεναγμοίςῆ

2280 3811 2388 3864 τοῖς
2462 3802 2730 3872 ἄσθμασιν
2801 3801 3194 3871 ἑγκοπτόμενος,
3276 3799 3333 3849 ἐκ
3408 3801 3561 3870 μόνης
3619 3801 3704 3851 τῆς
3759 3794 3828 3840 τοῦ

2279 3896 2562 3964 προσώπου
2611 3892 2913 3961 κατηφείας,
2953 3890 3040 3940 καὶ
3103 3894 3194 3947 τῆς
3241 3890 3376 3959 πρός
3426 3905 3489 3960 με
3526 3881 3826 3949 συμπαθείας,

2282 3983 2342 4042 ἦν
2399 3982 2718 4050 ύπενέφαινεν
2786 3975 2913 4045 ἐμὴν
2964 3976 3233 4051 γνωρίζων
3283 3979 3382 4033 τὴν
3418 3973 3673 4047 συμφορὰν
3717 3970 3828 4039 ἔμοι-

2279 4090 2358 4143 γε.
2394 4070 2548 4140 Κάγὼ
2602 4063 3001 4139 διαταραχθεὶς,
3035 4069 3150 4118 Τίνι
3200 4072 3299 4117 τῶν
3329 4066 3466 4137 ἐμῶν
3519 4064 3739 4115 συνέπεσε
3782 4056 3825 4105 τὸ

2283 4156 2470 4226 δεινόν,
2501 4161 2591 4209 καὶ
2618 4160 2669 4207 τί
2719 4174 2812 4228 περ
2874 4154 2898 4205 ὃ
2953 4155 3171 4207 πέπονθε
3195 4171 3209 4221 ;
3234 4149 3268 4205 δ
3275 4154 3641 4224 ιεπυνθανόμην
3689 4145 3825 4202 εὐθύςο

2283 4252 2386 4303 Καὶ
2440 4246 2512 4312 ὃς,
2558 4244 2618 4298 Ὀ
2669 4247 2755 4304 σός
2808 4242 3085 4301 ἱππηλάτει
3138 4240 3397 4317 γαμϐρὸς,
3450 4260 3536 4293 και
3599 4239 3643 4291 οἱ
3670 4234 3825 4304 συμπέ-

2282 4355 2478 4389 πτωκεν
2513 4336 2538 4386 ό
2571 4334 2748 4401 ἵππος,
2773 4337 2863 4385 καὶ
2899 4331 2967 4393 εἰς
3021 4334 3095 4384 ἔτι
3149 4338 3337 4397 κεῖται,
3392 4325 3553 4404 μηδεν
3582 4346 3627 4379 τι
3678 4323 3822 4393 λέγων,

524 4435 707 4491 gener
734 4435 890 4491 equo
916 4418 1236 4487 ferebatur,
1279 4436 1415 4475 cum
1447 4436 1569 4492 quo
1592 4422 1811 4492 pariter
1859 4423 1919 4478 in
1954 4430 2167 4480 terram

2282 4421 2509 4499 μηδενὸς
2582 4422 2969 4493 αἰσθανόμενος.
3040 4420 3235 4493 Ἐξῄειν
3294 4418 3485 4473 αὐτίκα
3526 4422 3611 4469 τοῦ
3651 4409 3826 4480 διηγού-

524 4509 745 4565 corruit
775 4528 788 4577 ;
822 4525 890 4564 ac
921 4508 1251 4564 etiamnum
1266 4509 1468 4565 infelix
1479 4511 1637 4581 jacet
1664 4510 1893 4584 absque
1930 4511 2171 4584 loquela

524 4602 579 4654 et
602 4614 804 4654 sensu.
826 4597 921 4653 His
952 4598 1207 4653 narratis
1230 4598 1502 4668 egredior
1526 4598 1709 4655 domo
1743 4616 1762 4655 :
1789 4615 1985 4671 neque
2010 4600 2173 4658 aliud

524 4688 732 4746 audire
764 4704 870 4761 per
901 4687 1056 4744 viam
1087 4688 1233 4744 mihi
1263 4689 1530 4759 contigit,
1552 4705 1758 4761 quam,
1797 4691 1840 4746 Ο
1861 4690 2171 4762 quomodo

525 4778 585 4835 id
618 4778 921 4850 intelliget,
942 4777 1244 4851 quomodo
1273 4777 1500 4834 videbit
1521 4793 1689 4834 socer
1704 4778 1832 4849 ejus
1858 4779 1870 4835 !
1898 4779 2018 4835 Hac
2034 4779 2173 4837 illac

524 4868 779 4938 gemitus
817 4872 876 4925 et
905 4883 1199 4924 manuum
1233 4866 1679 4939 complosiones
1721 4867 2122 4925 audiebantur
2154 4888 2166 4937 ;

525 4972 663 5012 cum
684 4973 797 5025 ego
818 4958 894 5014 ad
912 4957 1111 5014 locum
1132 4957 1236 5013 ubi
1246 4956 1485 5029 jacebat
1501 4956 1875 5029 perveniens,
1892 4974 2171 5016 manum-

524 5060 643 5116 que
681 5046 1141 5117 apprehendens
1179 5053 1237 5103 et
1288 5046 1535 5102 brachia
1574 5046 1979 5113 circumdans,
2021 5048 2173 5113 Quid

523 5132 763 5206 pateris,
811 5133 1068 5201 aiebam,
1119 5136 1266 5207 quid
1294 5135 1481 5201 doles,
1526 5135 1871 5191 charissima
1901 5135 1982 5191 ﬁli
2013 5136 2040 5191 ?
2061 5152 2172 5207 age

2280 4520 2454 4588 μένου,
2503 4517 2592 4566 καί
2649 4532 2739 4585 μοι
2777 4513 2919 4584 παρὰ
2950 4514 3043 4568 τὴν
3102 4506 3225 4562 όδόν
3283 4506 3454 4576 οὐδὲν,
3496 4504 3596 4559 ἀλλ’
3624 4504 3656 4563 ἦ
3703 4504 3822 4588 τούτο

2279 4608 2432 4677 μόνον
2462 4604 2695 4672 ἠκούετο,
2729 4599 2797 4653 Ὠ
2826 4600 2929 4652 οἷον
2984 4597 3264 4651 ἀκούσεται
3318 4615 3333 4666 ;
3388 4599 3427 4650 ὦ
3480 4598 3581 4650 οἷον
3632 4593 3655 4644 6
3701 4580 3824 4644 κήδε’

2282 4697 2408 4753 στης
2457 4688 2612 4746 τοῦδε
2666 4692 2905 4744 θεάσεται
2963 4705 2976 4755 ;
3038 4693 3316 4760 Στεναγμοί
3368 4706 3421 4741 τε
3471 4680 3594 4758 τῇδε
3632 4677 3820 4733 κάκεῖσε,

2279 4787 2369 4835 καὶ
2394 4788 2586 4854 χειρῶν
2612 4782 2859 4849 πάταγοι.
2905 4777 3042 4832 ’Δλλ’
3098 4775 3317 4834 ἐπέστην
3380 4772 3531 4849 οὗπερ
3585 4767 3639 4829 ἦν
3685 4767 3821 4854 κείμε.

2278 4851 2537 4938 νος,ήήκαὶ
2593 4867 2868 4941 λαϐόμενος
2924 4875 3020 4928 τῆς
3065 4868 3243 4940 χειρός
3294 4870 3383 4919 καὶ
3446 4862 3655 4938 περιθεὶς
3696 4851 3819 4941 αὐτόν

2278 4934 2391 5021 ταῖς
2446 4934 2809 5030 ἁγχάλαιςίΤί
2869 4934 3106 5027 πάσχεις
3214 4957 3356 5027 ἔφην,
3412 4956 3462 5005 τί
3508 4934 3663 5015 όδυνᾷ

2278 5052 2444 5104 λωσόν
2473 5066 2582 5119 μοι,
2614 5052 2713 5098 παῖ
2754 5043 2983 5117 φίλτατε.
3008 5042 3066 5097 Ὀ
3097 5039 3148 5096 δ’
3193 5041 3342 5095 ούδεν
3388 5061 3437 5094 τι
3480 5042 3692 5114 κρεῖττον
3718 5025 3822 5097 ἅλμ’

2280 5160 2388 5213 χου
2426 5145 2527 5190 τῶν
2555 5135 2836 5207 λεγομένων
2866 5130 2926 5191 ἧν
2956 5132 3168 5189 έπαῖων.

523 5221 725 5279 indica
758 5236 770 5275 :
803 5220 931 5292 ipse
957 5238 1099 5279 vero
1127 5223 1293 5280 mihil
1316 5223 1509 5296 magis
1559 5223 1843 5281 audiebat
1889 5242 2024 5298 qua
2072 5225 2350 5290 dicebam
2388 5241 2576 5300 quam
2615 5224 2662 5279 si
2688 5221 2983 5279 exanimis
3009 5220 3260 5277 omnino
3299 5218 3518 5275 fuisset.

595 5314 683 5367 38.
704 5312 955 5383 Jamque
994 5326 1115 5367 nox
1148 5312 1246 5368 illa
1287 5312 1669 5385 praeterierat,
1714 5314 1861 5371 nihil
1898 5317 2169 5373 omitten-

523 5398 683 5456 tibus
705 5398 952 5454 medicis
980 5414 1188 5455 eorum
1218 5417 1355 5474 quae
1386 5401 1499 5458 hac
1529 5402 1869 5472 occasione,
1907 5411 1971 5462 ut
1999 5406 2165 5476 ﬁant,

527 5504 624 5545 ars
654 5486 891 5545 medica
918 5488 1277 5560 praescribit:
1320 5490 1633 5565 utriusque
1678 5509 1894 5551 manus
1950 5501 2168 5569 apertae

526 5582 667 5635 sunt
719 5592 911 5648 vente,
958 5578 1075 5637 alia
1110 5582 1336 5639 tentata
1390 5581 1659 5641 remedia
1695 5584 1915 5653 omnia,
1964 5584 2169 5644 omnia

2349 5288 2452 5374 7m:-
2508 5313 2773 5388 Παρῆλθεν
2830 5313 2860 5370 ἡ
2934 5309 3025 5373 νὺξ
3076 5308 3243 5367 ἐκείνη
3319 5315 3416 5360 τῶν
3467 5288 3816 5388 Ἀσκληπιαδῶν

2279 5403 2429 5461 οὐδὲν
2460 5401 2704 5476 οὐδαμῶς
2760 5405 3060 5475 παριέντων,
3116 5401 3310 5473 ὅσαπερ
3361 5397 3443 5449 ἐπὶ
3479 5386 3646 5446 τοῖσδε
3681 5382 3815 5456 πράτ-

2276 5516 2381 5549 τειν
2439 5496 2467 5553 ἡ
2528 5497 2687 5566 τέχνη
2738 5495 3033 5568 παρεγγυᾷ,
3100 5488 3285 5562 φλέϐας
3335 5480 3533 5545 δηλαδὴ
3579 5486 3811 5568 rativaer

2277 5559 2836 5659 épporipwvnxupabv',
2876 5559 3364 5653 ⁷κναὶνβοηθούντιιιν
3419 5571 3609 5628 ἄλλοθεν
3660 5559 3808 5621 ἄλλωςι
