4084 6206
259 274 361 328 929

1572 295 1643 349 IN
1672 295 1727 351 S.
1769 296 2246 362 THEODOSIAM.

3506 328 3611 381 930

255 399 489 451 κάτωτά
525 400 631 452 ἄνω
691 403 988 473 κινούντων,
1034 408 1060 459 ὃ
1109 429 1265 481 φασιν
1318 408 1480 481 οὗτοι,
1539 423 1628 470 καὶ
1683 420 1841 475 πάντα

1960 433 2124 485 mota
2153 446 2255 485 sus
2283 430 2498 504 deque,
2531 438 2594 490 ut
2622 435 2844 507 dicunt,
2870 442 2925 495 et
2952 440 3099 496 nihil
3129 451 3249 499 non
3274 444 3610 503 adhibitum

254 489 444 560 τρόπον
491 495 883 563 μηχανωμένων
938 496 1006 556 ὡς
1055 497 1123 557 εἰς
1174 502 1421 558 αἴσθησιν
1456 503 1725 579 ,ἀγαγεῖν
1792 511 1851 563 Ὀ

255 570 485 629 δὀὐδεν
522 576 727 650 ἀμεινον
768 577 927 654 εἶχεν,
978 582 1086 637 ἀλλ’
1135 588 1324 660 ὁμοίως
1381 591 1709 654 ἀναισθητῶν
1768 596 1845 660 ἦν.

254 664 646 757 Παρεῤῥύηῌκαὶ
683 672 742 721 τό
794 679 885 733 τῆς
942 669 1322 750 διαδεξαμένης
1374 683 1565 757 ἡμέρας
1619 682 1851 747 διάστη-

250 773 345 826 μα,
380 760 471 807 καὶ
500 751 646 817 οὗτος
680 758 705 810 6
738 758 889 821 αὐτὸς
914 758 996 820 ἧν.
1028 763 1155 836 Ὀψὲ
1187 763 1245 820 δὲ
1296 774 1386 823 καὶ
1438 777 1563 845 πρὸς
1630 775 1851 851 ἑσπέραν

250 840 715 918 έφθέγξατοβιαιόν
737 868 789 901 τι
822 855 913 904 καὶ
942 848 1321 929 ἀδιάρθρωτον,
1370 859 1401 919 ἣ
1455 840 1646 934 μᾶλλον
1694 840 1851 919 εἰπεῖν

249 932 662 1025 παρεφθέγξατο.
717 944 818 990 Καὶ
868 948 960 993 τοῦ
1012 946 1193 997 λόιποῦ
1273 932 1709 1025 παρακεκομμένα
1764 954 1849 1008 λα-

248 1019 349 1072 λῶν
376 1021 464 1117 ἦν,
514 1022 644 1117 ἄλλα
814 1026 1151 1104 ἐρωτώμενος,
1204 1019 1358 1088 ἄλλα-
1404 1035 1454 1090 δ’
1515 1019 1852 1117 ἀποκρινόμε-

247 1127 349 1207 νος,
408 1109 713 1176 πλειστάκις
769 1125 860 1178 τῆς
916 1120 1109 1193 ἡμέρας
1178 1136 1543 1202 παραφρονῶν,
1599 1109 1688 1185 καὶ
1745 1109 1851 1207 οὐχ

249 1197 451 1257 ἣκιστα
497 1209 593 1265 τῆς
646 1208 851 1276 νυκτὸς,
905 1217 992 1261 νῦν
1042 1214 1134 1283 μεν
1188 1222 1361 1283 τοῦτο,
1423 1225 1510 1270 νῦν
1578 1217 1629 1273 δ’
1692 1220 1850 1277 ἐκεῖνο

249 1287 612 1383 φθεγγόμενος,
646 1290 815 1365 μηδὲν
866 1291 915 1348 δ’
973 1299 1000 1349 ὃ
1052 1320 1103 1351 τι
1153 1306 1239 1354 καὶ
1295 1309 1649 1380 παριστάνων,
1710 1309 1851 1383 μηδὲ

251 1370 568 1447 δηλοποιῶν,
598 1381 792 1453 μεταξύ
834 1403 891 1437 τε
919 1384 1057 1459 βοῶν
1103 1395 1345 1463 γεγονὼς,
1368 1370 1380 1380 ’
1404 1399 1494 1448 καὶ
1540 1400 1605 1458 ὡς
1656 1370 1849 1454 πέπον-

252 1464 352 1559 θῶς
406 1484 459 1518 τι
511 1475 610 1520 τῶν
659 1467 976 1545 ἀνηκέστων,
1020 1481 1154 1552 μέγα
1216 1482 1424 1555 κράζων
1500 1488 1680 1559 αἴφνης
1758 1494 1847 1543 καὶ⁵

249 1548 582 1629 ὀδυρόμενος.

314 1892 807 1988 λθᾌῙΗσχάλλομεν
833 1896 940 1973 οὖν,
990 1905 1054 1965 ὥς
1117 1907 1176 1958 τὸ
1233 1906 1391 1981 εἰκὸς,
1455 1906 1842 1988 ἐδυσφόροῦμεν
1871 1858 1913 1915 Β

240 1982 293 2035 οἰ
346 1979 789 2050 κηδεσται·δέος
838 2010 938 2066 γαρ
994 1993 1119 2065 ἡμῖν
1177 1995 1322 2055 έπήει
1374 1979 1452 2071 μὴ
1527 1979 1673 2075 μείνῇ
1751 1979 1843 2057 διὰ

238 2075 432 2160 παντὸς
495 2075 633 2128 οὕτω
675 2078 1009 2155 παραληρῶν,
1058 2088 1147 2136 καὶ
1199 2087 1293 2149 τὰς
1346 2092 1531 2160 φρένας
1606 2092 1682 2149 εἰη
1749 2088 1844 2146 διὰ

240 2156 368 2234 βίου
394 2166 720 2239 παράκοποςο
756 2167 833 2220 Οὐ
861 2172 963 2244 γὰρ
996 2166 1064 2230 δή
1088 2192 1199 2236 πως
1246 2175 1318 2237 εἰς
1352 2156 1573 2249 -ἀγαθόν
1629 2186 1719 2233 καὶ
1782 2185 1841 2234 τό

236 2256 343 2342 τῶν
412 2256 613 2342 χοίρων
659 2252 1112 2342 ἡέξελαμϐάνομεν,
1194 2267 1316 2326 τοὺς
1406 2263 1841 2342 ἐξαιτησαμένους

236 2338 331 2389 τὸν
358 2342 549 2414 Κύριον
578 2340 898 2415 ἐμϐληθῆναι
952 2352 1164 2423 χοὶροις
1219 2338 1669 2429 διενθυμούμενοι,
1724 2363 1841 2420 τοὺς

237 2426 371 2498 ἡμῖν
421 2426 654 2501 ἀρχῆθεν
710 2428 1129 2499 ἐπιϐουλεύοντας
1175 2426 1451 2514 δαίμονα-ς,
1503 2426 1607 2501 ’καὶ
1651 2426 1841 2520 νμάλι-

242 2532 350 2567 στα
369 2518 623 2610 μαθόντες
668 2522 737 2610 ῶς
780 2519 1110 2610 ,διωχθέντες
1163 2530 1494 2605 ὑπέστρεψαν
1547 2534 1596 2587 οἳ
1633 2518 1836 2610 χοῖροι,

228 2610 335 2658 καὶ
383 2607 454 2669 ὡς
503 2607 611 2681 οὐχ
665 2608 803 2674 ἃπαξ
846 2617 1091 2677 εἰσιόντες
1146 2637 1200 2670 τε
1261 2625 1350 2673 καὶ
1409 2621 1647 2688 ἐξιόντες,
1680 2645 1842 2700 προσ-

237 2692 509 2757 ϐάλλοντες
564 2699 787 2773 ὥσπερεὶ
843 2706 934 2754 καὶ
993 2706 1295 2780 ἡττώμενοι,
1356 2709 1640 2766 τελευταῖον
1716 2692 1840 2788 θρα-

242 2785 459 2859 σύτερον
498 2784 812 2851 ἐπιτιθέντες
858 2791 1160 2851 κατέϐαλον.
1227 2795 1291 2849 Ὃ
1337 2818 1389 2851 τι
1449 2797 1503 2853 δ’
1547 2804 1606 2855 οὗ
1665 2784 1840 2882 πόρρω

234 2878 332 2934 τῆς
379 2872 626 2937 ἀληθείας
682 2875 1097 2954 ἐστοχαζόμεθα,
1159 2885 1309 2947 αὐτὸς
1359 2890 1384 2941 ό
1432 2898 1599 2945 ταῦτα
1661 2872 1839 2949 παθὼν

231 2964 369 3052 μετά
400 2968 492 3022 τὴν
529 2972 620 3016 τοῦ
648 2967 849 3028 πάθους
887 2968 1191 3045 ἀπαλλαγὴν
1252 2984 1428 3048 σαφῶς
1476 2981 1599 3052 ἡμῖν
1651 2978 1838 3043 διεδή-

230 3048 418 3145 λωσεν.
452 3055 640 3127 Εἷρηκε
668 3059 757 3107 καὶ
802 3058 904 3131 γὰρ
960 3060 1024 3119 ὡς
1090 3057 1261 3125 ἔδοξεν
1319 3048 1686 3143 ἀνδρα-ὀροῖν,
1740 3076 1838 3145 μέ-

226 3137 365 3245 λανα
414 3143 509 3199 την
584 3145 800 3248 χροιὰν,
853 3145 1035 3220 ἄγριον
1087 3153 1181 3209 τὴν
1233 3151 1373 3224 ὄψιν,
1415 3137 1835 3230 ῦπερμεγέθητὸ
1868 3204 1909 3260 C

234 3236 410 3300 σῶμα,
465 3235 703 3302 σχοίνοις
761 3241 1205 3310 περιισχημένους
1268 3245 1388 3306 τοὺς
1445 3251 1571 3306 σῦας
1609 3246 1835 3320 ἰφέλκον-

227 3335 302 3371 τα
323 3325 430 3379 τοῖς
472 3326 564 3371 τοῦ
604 3320 764 3373 ἰππου
818 3328 973 3377 ποσίν
999 3347 1011 3359 ·
1045 3325 1303 3400 ἐκφεύγειν
1341 3349 1396 3385 τε
1449 3336 1660 3397 τούτους
1714 3336 1837 3411 βια-

230 3407 504 3500 ςομένους,
549 3412 680 3483 πρὸς
732 3407 792 3464 δὲ
848 3411 972 3486 βίαν
1038 3414 1411 3492 ἀπαγομένους,
1474 3423 1568 3486 ἕως
1627 3407 1838 3500 συμπο-

232 3491 504 3559 δισθέντος
533 3504 723 3571 πεσὼν,
754 3500 812 3552 οὗ
834 3506 1092 3576 μέμνηται
1116 3507 1144 3559 ὅ
1173 3526 1225 3560 τι
1254 3514 1343 3563 καὶ
1367 3514 1634 3569 πέπονθεν.

1960 531 2182 587 operm,
2233 523 2298 574 ut
2345 522 2622 577 sensibus
2680 525 3025 582 redderetur
3074 530 3426 589 adolescens
3460 552 3473 589 :
3507 535 3611 608 qui

1960 606 2147 662 nihilo
2181 612 2379 664 tamen
2410 610 2621 666 melius
2650 612 2787 668 inde
2808 614 3042 686 habuit,
3075 620 3181 675 sed
3208 622 3421 678 eadem
3445 606 3608 695 pror-

1962 710 2064 748 sus
2090 695 2319 751 ratione
2346 698 2589 768 jacebat
2614 718 2824 757 sensus
2849 706 3045 760 omnis
3077 723 3313 780 expers.
3372 714 3611 769 Praeter—

1960 782 2026 838 iit
2054 799 2296 857 quoque
2326 802 2395 842 ea
2418 803 2553 860 qua;
2584 796 2818 846 noctem
2837 793 2964 862 jam
3014 795 3235 853 dictam
3288 799 3610 859 subsecuta

1962 878 2087 928 erat
2116 872 2263 945 dies,
2288 881 2467 949 atque
2495 878 2591 935 ille
2619 880 2680 935 in
2711 882 2923 938 eodem
2955 900 3148 957 usque
3176 890 3332 944 statu
3364 904 3603 960 perma-

1962 976 2101 1017 nere
2140 963 2331 1020 visus:
2388 982 2527 1022 cum
2572 984 2709 1024 ecce
2756 970 2868 1026 sub
2928 989 3242 1045 vesperam
3304 978 3606 1049 quasdam

1960 1052 2135 1122 quasi
2161 1059 2399 1110 coactas
2416 1071 2523 1112 nec
2553 1057 2865 1116 distinctas
2895 1063 3037 1118 satis
3071 1080 3385 1134 voces,seu
3405 1070 3606 1139 potius

1960 1138 2374 1213 deliramenta,
2396 1145 2660 1216 proferre
2678 1149 2874 1220 cmpit;
2890 1150 3171 1225 deinceps
3188 1170 3327 1210 vero
3364 1138 3607 1214 concisa

1958 1230 2242 1301 quaedam
2270 1230 2645 1304 loquebatur,
2696 1236 2860 1293 aliud
2873 1255 3059 1311 quam
3085 1242 3250 1313 quod
3275 1242 3606 1317 interroga-

1957 1317 2136 1373 batur
2187 1322 2578 1393 respondcns.
2645 1326 2879 1383 Diurnis
2965 1334 3029 1385 ut
3061 1329 3392 1402 plurimum
3436 1333 3603 1391 horis

1958 1408 2222 1465 maxime
2250 1427 2392 1467 vero
2431 1415 2760 1483 nocturnis,
2816 1418 3000 1475 modo
3043 1420 3180 1488 hoc,
3222 1423 3405 1479 modo
3458 1425 3606 1480 illud

1957 1495 2183 1568 dicens,
2197 1499 2343 1555 nihil
2364 1502 2504 1557 certi
2523 1502 2791 1561 indicare
2810 1512 2914 1563 aut
2935 1510 3267 1580 exprimere
3292 1512 3605 1569 manifeste

1954 1584 2211 1642 valebat-
2242 1587 2546 1646 Clamores
2580 1592 2839 1649 subinde
2870 1595 3086 1653 edebat
3112 1597 3407 1668 ingentes,
3431 1602 3604 1672 quasi

1954 1672 2323 1732 intolerabile
2345 1678 2640 1751 quiddam
2674 1688 2986 1752 cogeretur
3017 1685 3300 1759 perferre,
3341 1704 3411 1745 ac
3430 1689 3606 1745 vehe-

1953 1767 2185 1819 menter
2234 1780 2380 1823 sane
2434 1766 2901 1828 lamentabatur.

2021 1903 2109 1959 39.
2169 1907 2290 1962 Nos
2328 1907 2586 1978 interim,
2627 1913 2733 1983 qui
2773 1928 2982 1970 curam
3031 1914 3160 1985 ejus
3216 1918 3598 1989 gerebamus,

1950 1992 2228 2061 graviter,
2258 2000 2319 2052 ut
2348 2012 2459 2070 par
2478 2004 2621 2065 erat,
2679 2002 3059 2071 angebamur
3088 2021 3101 2059 :
3150 2010 3343 2061 metus
3373 2007 3601 2079 quippe

1947 2080 2124 2136 nobis
2156 2083 2572 2157 incutiebatur,
2604 2103 2680 2144 ne
2709 2095 2996 2162 perpetuo
3026 2092 3273 2160 delirus,
3319 2098 3422 2150 aut
3473 2099 3601 2153 tota

1946 2170 2068 2227 vita
2108 2173 2307 2247 impos
2365 2178 2580 2234 mentis
2643 2186 3069 2251 perseveraret.
3126 2183 3240 2240 Sed
3274 2200 3384 2241 nec
3445 2184 3595 2242 boni

1946 2259 2283 2334 quidquam
2342 2266 2768 2325 ominabamur
2848 2286 2915 2327 ex
2969 2272 3190 2344 porcis:
3242 2272 3374 2329 illos
3434 2274 3598 2331 enim

1947 2349 2366 2419 cogitabamus
2399 2354 2727 2427 daemones,
2750 2359 2855 2430 qui
2880 2366 2937 2415 et
2966 2360 3110 2417 olim
3141 2378 3179 2418 a
3232 2360 3486 2418 Domino
3534 2361 3597 2418 id

1946 2439 2263 2511 petierunt,
2288 2448 2351 2499 ut
2370 2444 2431 2500 in
2444 2461 2661 2517 porcos
2674 2446 3152 2520 immitterentur,
3177 2455 3235 2506 et
3255 2466 3290 2506 a
3308 2450 3601 2523 principio

1945 2532 2218 2590 insidiari
2246 2533 2424 2589 nobis
2455 2550 2576 2592 non
2610 2542 2864 2607 cessant;
2890 2538 3152 2594 maxime
3183 2554 3323 2595 cum
3367 2538 3598 2595 audire-

1947 2638 2104 2690 mus,
2120 2623 2429 2695 quomodo
2443 2622 2677 2697 depulsi
2704 2640 2741 2681 a
2760 2625 2957 2693 via,in
2979 2627 3258 2684 eamdem
3281 2627 3600 2685 rediissent

1946 2712 2128 2786 idque
2158 2728 2280 2768 non
2295 2713 2638 2785 simpliciter
2650 2716 3014 2786 egrediendo
3029 2718 3168 2774 rede
3177 2718 3596 2791 undoque,sed

1950 2806 2215 2875 tanquan
2234 2803 2565 2860 assilientes
2587 2804 3012 2878 cedentesque,
3034 2823 3104 2863 ac
3125 2807 3383 2879 denique
3414 2807 3603 2864 auda-

1947 2892 2075 2947 cius
2115 2892 2507 2957 incurrentes,
2562 2894 2849 2964 juvenem
2909 2895 3366 2951 sudverlissent.
3428 2895 3602 2961 Quod

1945 2995 2089 3036 vero
2118 2979 2282 3035 haud
2310 2979 2489 3049 longe
2520 2997 2555 3037 a
2584 2981 2668 3036 rei
2707 2982 2951 3037 veritate
2991 2982 3337 3053 conjectura
3392 2986 3601 3040 nostra

1948 3068 2204 3136 abesset,
2228 3069 2478 3140 ipsemet
2504 3070 2609 3141 qui
2633 3070 2762 3126 haec
2788 3070 3143 3142 patiebatur,
3197 3075 3526 3143 postquam
3564 3086 3602 3128 a

1949 3158 2111 3214 malo
2142 3173 2252 3213 suo
2274 3156 2557 3214 liberatus
2583 3158 2798 3214 deinde
2820 3158 2950 3228 fuit,
2969 3158 3315 3231 planissime
3338 3158 3602 3215 declara-

1946 3247 2048 3303 vit.
2076 3246 2343 3302 Asseruit
2374 3245 2599 3319 quippe
2626 3246 2823 3303 visum
2850 3247 2964 3304 sibi
2997 3247 3177 3303 fuisse
3211 3247 3429 3315 virum,
3470 3252 3599 3306 atro

1946 3335 2163 3399 colore,
2196 3351 2401 3392 severo
2428 3334 2616 3405 vultu,
2656 3336 2922 3408 corporis
2953 3335 3369 3407 magnitudine
3413 3336 3599 3392 inusi-

1945 3430 2083 3490 tata,
2100 3425 2204 3499 qui
2221 3424 2463 3481 funibus
2481 3424 2839 3482 constrictos
2866 3441 3081 3499 porcos
3116 3425 3229 3482 sub
3266 3426 3430 3498 ipsos
3460 3426 3599 3497 equi

1943 3515 2129 3589 pedes
2157 3514 2456 3585 adigebat.
2474 3517 2686 3571 Porcos
2702 3519 2901 3572 autem
2922 3515 3124 3587 fugere
3145 3514 3411 3589 primum
3430 3530 3599 3572 com-

224 3585 462 3681 pulsos,
482 3587 603 3645 alia
625 3588 842 3646 deinde
860 3593 931 3681 rvi
957 3593 1019 3650 in
1041 3611 1267 3670 equum
1291 3598 1491 3659 denuo
1520 3602 1849 3681 immissos,
1904 3585 2099 3665 donec
2129 3606 2213 3663 sic
2237 3603 2527 3678 impedito
2554 3603 2875 3678 collapsus,
2908 3585 3211 3679 pateretur
3240 3621 3311 3664 ea
3334 3619 3597 3679 quorum

224 3674 499 3748 amplius
536 3692 661 3735 non
686 3680 980 3739 meminit.

302 3846 379 3920 μ’.
453 3848 558 3925 Ἐφ’
619 3853 821 3917 ἱκαναῖς
878 3850 966 3908 οὖν
1030 3851 1157 3929 ἦμεν
1220 3858 1353 3915 οὕτω
1408 3856 1831 3940 διαπορούμενοι,

226 3938 371 4000 ὅπως
423 3946 516 3992 τοῦ
570 3938 886 3996 ἀνυποίστου
943 3945 1147 4008 πάθους
1201 3947 1356 4001 αὐτόν
1424 3938 1831 4028 ἀπαλλάξαιμεν,

156 4060 165 4067 ο
224 4027 370 4088 ὅπως
393 4027 608 4092 ἑαυτοὺς
650 4038 741 4093 τῆς
778 4030 863 4085 ἐπὶ
899 4029 1036 4105 τῷδε
1092 4034 1366 4109 φροντίδος
1403 4058 1458 4093 τε
1518 4046 1608 4095 καὶ
1663 4027 1832 4106 λύπης

223 4114 679 4204 ἔλευθερώσαιμεν.
739 4119 875 4175 Ἀλλ’
942 4123 1011 4185 εἰς
1077 4133 1195 4178 νοῦν
1246 4131 1403 4199 μόγις
1443 4127 1687 4204 ἐϐάλομεν
1763 4134 1831 4187 τὰ

222 4214 290 4279 τῇ
365 4203 520 4280 Ἀγίᾳ
602 4210 931 4269 καθεκάστην
1016 4219 1515 4291 τερατουργούμενα,
1594 4203 1685 4273 καὶ
1763 4225 1831 4285 ὡς

227 4293 286 4347 ἐκ
331 4294 493 4358 ζάλης
567 4298 635 4358 εἰς
679 4297 860 4371 λιμένα
936 4305 1179 4375 παραυτὰ
1237 4307 1701 4382 καθωρμίσθημεν,
1742 4316 1832 4365 καὶ

226 4388 362 4459 πρὸς
397 4387 457 4436 τό
516 4384 853 4461 εὐθυμότερον
920 4387 1072 4450 εὐθὺς
1125 4390 1447 4466 ἕπανιρειμεν,
1506 4402 1597 4449 καὶ
1656 4399 1830 4473 ὥσπερ

231 4471 423 4524 ἑαυτῶν
494 4471 831 4547 ἐγεγόνειμεν,
884 4478 932 4528 οἱ
986 4481 1086 4552 πρό
1132 4488 1322 4555 μικροῦ
1373 4481 1570 4555 σχεδόν
1624 4471 1833 4548 ἐξεστη-

230 4564 400 4631 κότες,
457 4566 546 4614 καὶ
605 4581 719 4616 τινα
788 4568 976 4639 τρόπον
1028 4575 1099 4639 τῷ
1147 4572 1426 4624 πεπονθότι
1485 4577 1833 4648 συμπάσχον-

231 4669 330 4711 τες.
360 4652 572 4704 Πάντων
615 4648 702 4705 οὖν
754 4652 917 4706 ἄλλων
984 4656 1174 4710 αὐτίκα
1220 4658 1533 4732 ὴλογηκότες
1580 4666 1723 4738 παρά
1776 4686 1830 4738 γε

230 4746 295 4825 τῇ
360 4747 498 4813 σορῷ
559 4748 654 4803 τῆς
708 4740 890 4814 Ἀγίας
954 4748 1221 4820 γινόμεθα,
1276 4754 1366 4802 καὶ
1424 4751 1706 4825 ῥιπτοῦμεν
1754 4752 1834 4806 ἐπ’

231 4824 454 4900 ὶδάφους
506 4829 662 4883 αὐτόν
692 4851 705 4865 ο
740 4837 831 4884 καὶ
882 4833 909 4885 6
947 4840 1193 4909 νεωκόρος
1248 4846 1344 4901 τῆς
1393 4838 1618 4893 κιϐωτοῦ
1647 4844 1734 4893 τὸν
1767 4844 1834 4895 ἱε-

227 4920 323 4992 ρὸν
368 4915 639 4991 έξενεγκὼν
679 4922 964 4997 θησαυρόν,
1021 4927 1109 4977 τὸν
1163 4926 1333 4988 ζῶντα
1379 4935 1496 4990 ταῖς
1555 4927 1833 5004 ἐνεργείαις

230 5010 387 5067 ὅντως
445 5011 643 5083 νεκρόν,
691 5008 789 5081 ὅλῳ
837 5009 1167 5089 ἐπιστηρίζει
1212 5024 1285 5087 τῷ
1335 5024 1557 5091 σώματι,
1612 5020 1833 5092 κεφαλῆς

228 5094 396 5158 αὐτῆς
430 5094 806 5172 ἀπαρξάμενος,
857 5106 1003 5176 χρίει
1026 5122 1080 5157 τε
1160 5104 1327 5159 λαϐὼν
1371 5107 1539 5162 ἔλαιον
1583 5116 1672 5171 τῆς
1727 5131 1832 5182 φω-

226 5194 472 5258 ταγωγοῦ
527 5185 881 5264 σταυροειδῶς
926 5189 1063 5263 τῷδε
1113 5196 1171 5247 τό
1214 5200 1514 5268 πρόσωπον,
1573 5202 1662 5253 καὶ
1703 5202 1833 5273 πρός

227 5292 286 5347 γε
343 5279 528 5350 στέρνα
577 5296 631 5331 τε
685 5283 774 5331 καὶ
845 5282 1154 5355 μετάφρενα.
1219 5289 1319 5339 Καὶ
1377 5286 1465 5357 (ὢν
1526 5286 1830 5359 θαυμασίων

231 5370 367 5418 Θεοῦ
397 5363 409 5418 !
439 5366 479 5416 ὢ
501 5361 680 5435 δόξης,
708 5367 768 5429 ἧς
818 5366 1125 5429 ἀπήλαυσαν
1170 5371 1351 5445 ψυχαὶ
1404 5376 1537 5447 μετά
1576 5378 1831 5448 σωμάτων

230 5452 663 5526 ὑπεραθλήσασαι
702 5464 794 5510 τοῦ
824 5465 977 5529 Θεοῦ,
1008 5459 1187 5533 ψυχαὶ
1214 5464 1349 5515 κατά
1398 5467 1528 5516 Θεὸν
1556 5470 1661 5525 τοῖς
1725 5470 1830 5518 σώ-

212 5562 368 5618 -μασι
436 5543 833 5619 συμϐιώσασαι)
883 5551 951 5611 ὡς
1007 5546 1158 5605 οὐδὲν
1193 5553 1479 5620 πεπονθὼς,
1530 5554 1595 5614 ὡς
1624 5556 1833 5608 οὔποτέ

231 5649 286 5684 τι
348 5634 855 5713 παραφθεγξάμενος,
902 5635 1037 5713 ἐξῄει
1092 5641 1271 5716 ῥώμης
1319 5636 1374 5695 εὖ
1414 5643 1552 5715 ἔχων
1590 5648 1680 5697 καὶ
1728 5652 1832 5695 τῶν

1867 4616 1911 4670 D

2014 3869 2101 3922 40.
2145 3867 2274 3922 Non
2302 3864 2482 3935 igitur
2508 3864 2738 3939 absque
2757 3864 2990 3922 ratione
3014 3865 3412 3937 angebamur,
3444 3882 3597 3940 quo-

1941 3954 2128 4012 modo
2166 3970 2197 4010 e
2230 3958 2350 4011 tam
2383 3954 2599 4025 grandi
2630 3954 2791 4011 malo
2821 3954 3221 4011 eximeremus
3248 3954 3596 4011 adolescen-

1943 4049 2084 4114 tem,
2120 4046 2177 4099 et
2201 4058 2314 4099 nos
2333 4042 2499 4114 ipsos
2528 4057 2783 4099 maerore
2813 4046 2869 4098 et
2904 4042 3296 4098 sollicitudine
3318 4042 3596 4099 liberare-

1940 4149 2099 4189 mus.
2115 4132 2217 4188 Vix
2244 4136 2445 4188 autem
2468 4147 2539 4188 ea
2550 4147 2686 4204 quae
2701 4134 2756 4188 S.
2779 4131 3111 4187 Theodosia
3122 4130 3385 4204 quotidie
3398 4134 3597 4203 patrat

1942 4220 2321 4287 admiranda,
2344 4235 2722 4293 cceperamus
2743 4226 2940 4276 mente
2965 4220 3285 4287 revolvere,
3308 4235 3446 4276 cum
3459 4235 3597 4276 ecce

1940 4309 2117 4382 quasi
2136 4326 2210 4366 ex
2231 4312 2587 4381 tempestate
2609 4307 2787 4364 delati
2808 4308 2870 4364 in
2893 4314 3156 4380 portum,
3184 4308 3421 4364 animos
3457 4324 3599 4364 con-

1942 4400 2109 4455 tinuo
2125 4400 2387 4468 majores
2401 4398 2789 4471 sumpsimus,
2810 4403 2865 4453 et
2884 4398 3062 4454 nobis
3084 4397 3261 4453 veluti
3278 4398 3597 4471 derepente

1946 4504 2160 4545 sumus
2190 4488 2424 4560 redditi,
2440 4488 2545 4560 qui
2571 4488 2753 4559 paulo
2776 4492 2913 4543 ante
2945 4487 3175 4543 consilii
3195 4487 3406 4559 inopes
3430 4492 3597 4543 extra

1941 4593 2055 4633 nos
2101 4578 2268 4650 ipsos
2307 4577 2721 4643 versabamur,
2772 4580 2828 4632 et
2860 4576 3074 4632 iisdem
3113 4576 3592 4649 quodammodo,

1943 4666 2165 4739 quibus
2185 4665 2558 4729 adolescens,
2586 4665 3086 4722 excruciabamur
3102 4664 3433 4721 doloribus.
3458 4666 3595 4720 0m-

1941 4755 2042 4811 nia
2079 4754 2257 4825 igitur
2288 4753 2407 4811 alia
2436 4762 2812 4827 seponentes,
2849 4754 2929 4809 ad
2967 4755 3198 4809 Sanctae
3244 4752 3593 4825 sepulcrum

1942 4844 2270 4916 pergimus,
2298 4844 2621 4916 ipsumque
2650 4844 2713 4899 in
2736 4842 2939 4915 templi
2968 4842 3311 4914 pavimento
3342 4840 3597 4897 colloca-

1941 4948 2096 4989 mus.
2140 4934 2288 4989 Tum
2324 4932 2580 4989 aedituus
2602 4947 2841 4988 sacrum
2872 4946 2903 4986 e
2927 4929 3594 5003 lipsanothecathesau-

1942 5036 2079 5077 rum
2103 5036 2400 5094 promere,
2431 5020 2623 5092 iisque
2651 5019 2943 5089 hominia,
2993 5018 3275 5091 spirantis
3320 5018 3594 5092 quidem,

1944 5109 2050 5166 sed
2094 5125 2276 5183 quem
2319 5108 2399 5165 ob
2440 5109 2638 5165 virum
2671 5107 3037 5164 naturalium
3078 5106 3378 5164 defectum
3414 5108 3595 5165 inter-

1942 5203 2251 5255 mortuum
2280 5197 2659 5267 testimasses,
2700 5201 2893 5254 totum
2923 5211 3143 5270 corpus
3184 5196 3441 5268 signare,
3482 5198 3596 5255 ini-

1942 5287 2091 5344 tium
2120 5304 2157 5344 a
2185 5287 2378 5360 capite
2397 5286 2643 5353 ducens,
2677 5286 2931 5359 oleoque
2966 5304 2997 5341 e
3019 5285 3304 5359 lampade
3347 5290 3596 5359 accepto

1942 5376 2003 5432 in
2024 5377 2274 5433 modum
2293 5377 2486 5433 crucis
2502 5375 3001 5449 vultum,pectus,
3026 5392 3098 5433 ac
3117 5375 3367 5432 dorsum
3388 5375 3595 5448 jacen-

1942 5466 2016 5522 tis
2040 5465 2324 5524 oblinere.
2359 5468 2504 5523 Ecce
2536 5470 2737 5523 autem
2764 5476 2823 5533 (ο
2849 5465 3209 5523 admiranda
3233 5466 3330 5522 Dei
3365 5480 3548 5537 opera
3577 5464 3591 5519 ε

1943 5571 1977 5612 o
2010 5554 2212 5626 gloriaa
2242 5555 2496 5626 insignis
2518 5555 3015 5627 magnitudinem,
3050 5572 3174 5629 qua
3201 5555 3264 5611 in
3289 5554 3438 5611 coelo
3459 5568 3592 5626 per-

1942 5643 2222 5703 fruuntur
2245 5645 2486 5715 animae,
2510 5661 2648 5718 qua
2674 5645 2774 5702 Dei
2804 5660 2989 5703 causa
3010 5644 3074 5701 in
3098 5643 3452 5717 corporibus
3471 5656 3594 5699 cer-

4069 972 4071 1019 1

4070 1072 4071 1105 1

4070 1236 4071 1261 1

4070 1410 4071 1443 1

4070 1546 4071 1589 1

4070 1652 4071 1683 1

4070 1788 4071 1823 1

4070 1940 4071 1991 1

4070 2114 4071 2143 1
