4084 6206
563 226 658 279 931
1775 216 1910 272 CON
1920 212 2234 271 STANTlNl
2281 214 2739 271 ACROPOLIT/E
3764 224 3848 278 932

563 324 1226 398 taverunt,anima3quaa
1247 322 1576 378 secundum
1598 324 1782 378 Deum
1798 321 2197 376 vixeruntcun

2303 330 2523 393 ,φρενῶν
2570 319 2913 391 ἀπρόσκοπτα
2977 319 3186 391 ὁμιλῶν,
3245 327 3330 374 καὶ
3385 329 3477 373 τῶν
3523 322 3766 394 λεγομένων
3813 326 3850 377 ἐν

564 414 937 488 corporibus)
976 411 1147 483 quasi
1188 410 1331 464 nihil
1379 427 1648 483 unquam
1689 410 1829 466 mali
1871 425 2215 481 perpessus.

565 520 762 576 neque
811 500 1035 572 aliquid
1080 504 1293 570 praeter
1329 500 1621 554 rationem
1661 499 1914 558 locutus,
1969 497 2216 566 integris

566 591 833 663 corporis
884 606 952 644 ac
999 588 1213 642 mentis
1269 587 1654 643 facultatibus
1697 587 1893 650 exivit,
1947 585 2214 657 expedite

561 681 832 750 loquens,
866 682 922 732 et
943 693 1014 732 ea
1040 693 1175 748 quae
1205 676 1564 748 loquebatur
1604 675 1956 745 intelligens.
1997 674 2212 729 Omitto

2335 414 2535 461 συνέσει
2588 412 2869 479 γινόμενος.
2942 407 3039 459 Ἐῶ
3095 412 3195 481 γὰρ
3253 413 3316 470 ὡς
3365 417 3450 462 καὶ
3499 418 3745 486 προκόπτει
3807 421 3852 466 τό

2331 496 2430 549 ἀπὸ
2461 493 2615 549 τοῦδε
2647 497 2750 567 οὐχ
2790 497 2942 553 ἧττον
2995 497 3026 554 ἣ
3085 505 3146 568 τῇ
3196 498 3371 570 ἡλικία
3421 499 3652 570 ψυχικοῖς
3695 521 3739 553 τε
3785 509 3855 554 καὶ

2330 594 2644 657 σωματικοῖς
2703 591 3108 660 προτερήμασιν
3166 588 3191 638 ὅ
3246 589 3382 649 θείας
3451 597 3612 660 σαφῶς
3683 592 3856 643 ἐπισκοο

2321 683 2421 734 πῆς
2473 679 2696 746 ἥγημαι,
2763 675 2788 725 ὃ
2841 675 3079 745 μείζονος
3144 677 3555 751 θαυματουργίας
3601 677 3852 750 λογίζομαι,

561 769 754 824 dicere
780 771 1074 838 quantum
1108 781 1179 820 ex
1205 781 1275 820 eo
1303 769 1571 836 tempore
1602 764 1935 836 profecerit,
1969 778 2090 818 non
2122 763 2320 819 minus
2349 780 2533 835 quam
2563 768 2755 833 aetate,
2803 763 3046 836 spiritus
3088 768 3144 820 et
3174 766 3438 837 corporis
3466 767 3854 838 praerogativis;

561 857 727 930 quod
754 872 864 927 ego
885 855 1149 926 profecto
1173 855 1458 923 singulari
1489 855 1748 926 cuipiam
1781 853 1880 910 Dei
1906 867 2048 923 erga
2080 852 2266 919 illum,
2299 851 2687 924 providentiae
2709 852 3051 923 attribuere,
3073 853 3188 910 hoc
3218 855 3462 912 minoris
3489 854 3732 912 miraculi
3755 854 3856 912 loco

559 947 780 1004 habere
805 943 946 1000 mihi
985 959 1163 1015 posse
1195 943 1422 999 videor.

632 1122 720 1173 41.
749 1117 862 1172 Sed
892 1131 1088 1187 neque
1121 1114 1303 1184 aliud,
1329 1115 1494 1187 quod
1527 1115 1738 1170 eadem
1772 1113 1994 1169 Sancta
2033 1111 2222 1169 admi-

559 1207 821 1264 randum
854 1206 1000 1260 mihi
1031 1205 1392 1260 beneﬁcium
1443 1204 1732 1276 praastitit,
1786 1202 2022 1258 silentio
2073 1202 2217 1261 duxi

558 1294 1154 1368 praetermittendum.
1189 1298 1333 1348 Ante
1360 1309 1480 1348 non
1503 1293 1787 1362 exiguum
1818 1298 2057 1364 tempus
2079 1307 2214 1345 crus

560 1387 705 1442 mihi
735 1385 843 1440 fuit
871 1384 1040 1439 valde
1073 1384 1348 1438 affectum
1411 1399 1483 1439 ex
1513 1383 1756 1438 vulnere
1786 1383 1946 1455 quod
1972 1383 2214 1437 recalci-

561 1480 723 1530 trans
751 1490 942 1544 equus
971 1473 1318 1543 impegerat,
1347 1487 1453 1526 nec
1469 1471 1672 1541 magni
1695 1472 1806 1526 sub
1828 1472 2061 1526 initium
2085 1487 2212 1527 esse

560 1563 877 1618 videbatur
895 1562 1201 1616 momenti.
1229 1561 1552 1632 Postquam
1579 1566 1777 1615 autem
1801 1565 2060 1633 quatuor
2079 1577 2209 1615 om-

2399 1111 2505 1183 μαὀ
2548 1111 2685 1167 Ἀλλ’
2728 1107 2852 1164 ούδε
2901 1115 2960 1164 τὸ
3013 1111 3094 1165 ἔπ’
3150 1111 3262 1185 ἇμοὶ
3329 1109 3748 1187 παραδραμοῦμαι
3785 1124 3856 1175 τῆς

2325 1200 2506 1271 ’Λγίας
2553 1204 2841 1276 τεράστιόν.
2905 1201 3168 1273 Ἐπλὴγην
3219 1198 3365 1255 πόδα
3408 1205 3492 1254 τὸν
3576 1198 3724 1264 δεξιὸν
3783 1209 3855 1277 πρὸ

2325 1293 2528 1360 χρόνων
2555 1291 2886 1360 ὅτισυχνῶν“
2917 1292 2946 1348 ἡ
3003 1287 3060 1342 δὲ
3109 1290 3310 1362 πληγή,
3367 1294 3522 1353 ἵππος
3575 1289 3652 1342 ἐπὶ
3706 1296 3856 1363 κνήμης

2322 1377 2417 1440 λὰξ
2446 1378 2650 1449 ἔτυψεν,
2683 1378 2708 1430 ὃ
2748 1383 2878 1449 πρός
2921 1382 2979 1430 τό
3036 1383 3200 1455 παρὸν
3250 1380 3662 1455 εύπεριφρόνητον
3708 1377 3854 1445 ἔδοξεν,

2322 1465 2447 1519 ἀλλά
2494 1487 2583 1539 μοι
2633 1468 2762 1540 μετὰ
2814 1473 2906 1525 τὴν
2954 1471 3200 1541 τετάρτην
3255 1465 3440 1521 ὀδύναι
3507 1474 3772 1539 γεγόνεισαν
3794 1469 3852 1520 ού·

2321 1552 2593 1608 δοπωσοῦν
2618 1561 2858 1630 φορηταὶ,
2918 1558 3011 1609 οὐκ
3068 1556 3140 1629 ἐφ’
3295 1578 3355 1628 γε
3410 1557 3686 1629 ἕπεπλήγην
3727 1561 3850 1631 μέρει,

561 1651 707 1706 nino
739 1650 924 1722 elapsi
947 1654 1115 1705 erant
1167 1649 1314 1715 dies,
1363 1649 1671 1704 doloribus
1701 1664 2030 1720 oppressus
2073 1665 2197 1704 sum

2319 1641 2427 1694 ἀλλ’
2458 1643 2540 1696 ἐπὶ
2574 1651 2809 1716 σφυροῖς,
2845 1643 2927 1697 ἐπὶ
2960 1641 3259 1711 δακτύλοις,
3295 1644 3368 1717 ἐφ’
3422 1645 3518 1717 ὅλῳ
3572 1654 3638 1715 τῷ
3719 1653 3854 1717 ταρσῷ

514 1774 520 1780 -
560 1755 682 1795 non
697 1739 973 1805 ferendis,
989 1754 1110 1793 non
1126 1753 1194 1794 ea
1207 1737 1399 1793 solum
1414 1753 1533 1809 qua
1556 1737 1732 1792 laesus
1754 1754 1917 1793 eram
1941 1739 2204 1809 corporis

559 1833 746 1900 parte,
782 1829 885 1884 sed
931 1828 1055 1883 ima
1093 1828 1274 1882 etiam
1310 1827 1481 1898 pedis
1547 1825 1754 1898 planta
1802 1826 2024 1896 digitis,
2061 1827 2204 1884 talo.

560 1918 819 1972 Pessime
865 1916 1044 1986 igitur
1072 1916 1218 1970 mihi
1259 1915 1361 1970 diu
1411 1919 1571 1970 erat:
1627 1931 1886 1987 cumque
1913 1915 2086 1971 dolor
2110 1915 2204 1970 ille

557 2005 829 2062 nonnihil
846 2005 1127 2060 leniretur
1163 2003 1572 2058 claudicabam
1586 2009 1786 2060 tamen
1801 2004 2200 2070 vehementer,

555 2110 664 2150 nec
696 2095 823 2149 sine
849 2109 1071 2163 magna
1095 2093 1369 2148 molestia
1385 2092 1599 2148 affecto
1621 2107 1789 2148 crure
1806 2093 1909 2148 niti
1930 2097 2202 2165 poteram

557 2185 716 2239 Duos
746 2183 804 2238 in
838 2183 948 2238 isto
979 2183 1244 2238 cruciatu
1273 2197 1434 2237 anno
1483 2197 1822 2251 exegeram,
1865 2181 2028 2237 nullo
2058 2181 2202 2237 mali

555 2272 720 2344 quod
734 2271 1623 2344 patiebarlevamine,annisque
1636 2270 1917 2342 deinceps
1930 2270 2198 2340 singulis,

556 2359 1078 2431 quemadmodum
1111 2360 1515 2431 certiquidem
1555 2360 1752 2414 morbi
1793 2362 1966 2414 certis
1999 2375 2200 2414 recur-

556 2463 684 2503 rere
703 2449 892 2504 solent
911 2447 1304 2519 temporibus,
1323 2448 1546 2520 pedum
1561 2464 1802 2520 quoque
1815 2464 2087 2504 meorum
2102 2449 2203 2504 do-

555 2535 646 2591 lor
664 2536 1056 2592 increscebat.
1088 2540 1168 2590 Ac
1202 2552 1440 2591 rursum
1472 2535 1637 2592 haud
1666 2537 1748 2591 ita
1776 2536 2032 2592 multum
2067 2540 2205 2609 post

554 2624 866 2696 temporis,
889 2624 1032 2680 anni
1060 2624 1238 2678 unius
1266 2624 1456 2694 spatio
1491 2623 1584 2680 bis
1609 2629 1765 2680 terve
1794 2624 1955 2680 idem
1985 2641 2079 2680 me
2116 2630 2202 2681 te-

554 2715 735 2769 nebat
777 2712 1026 2768 malum.
1060 2715 1241 2768 Metus
1271 2716 1415 2781 erat,
1469 2727 1544 2768 ne
1593 2717 1893 2768 crescente
1925 2717 2094 2770 (etate
2119 2713 2204 2770 in-

554 2804 923 2856 crementum
946 2800 1169 2871 pariter
1185 2799 1422 2855 dolores
1442 2800 1796 2873 acciperent.
1821 2802 1930 2870 (Fit
1949 2801 2108 2857 enim
2131 2818 2202 2859 ex

551 2889 952 2946 immoderato
973 2889 1240 2962 quadam
1262 2890 1396 2946 vitae
1421 2905 1647 2953 amore,
1669 2895 1731 2946 ut
1751 2907 1961 2946 omnes
1973 2892 2202 2964 passim

2315 1737 2404 1784 xui
2441 1741 2514 1803 τῷ
2550 1733 2792 1802 πέλματι·
2825 1732 2922 1786 Ἢν
2952 1730 3039 1785 οὖν
3086 1739 3322 1808 πονήρως
3379 1737 3513 1806 ἔχων
3564 1732 3633 1806 ἐφ’
3683 1736 3852 1804 ἰκᾶναῖς,

2313 1826 2402 1872 καὶ
2462 1828 2554 1872 τοῦ
2602 1823 2800 1882 πάθους
2857 1821 3210 1894 λωφήσαντος,
3283 1822 3528 1894 χωλεύων
3606 1819 3734 1882 αὖθις
3796 1823 3855 1874 ἐπὶ

2313 1909 2465 1974 πολύ,
2523 1915 2612 1962 καὶ
2661 1911 2754 1962 οὐκ
2810 1911 2865 1962 εὖ
2953 1909 3419 1986 ἐπιστηριζόμενος
3501 1919 3569 1982 τῷ
3635 1912 3854 1963 πεπονθότι

2311 1994 2458 2050 ποδί.
2490 2001 2588 2051 Δύο
2618 2008 2717 2050 τῶν
2741 1998 2982 2051 ἐνιαυτῶν
3036 2000 3429 2075 παρεῤῥύὴσοιν,
3485 2006 3570 2053 xui
3617 1997 3740 2052 πόδα
3792 2004 3854 2056 τὸν

2311 2086 2466 2139 αὐτόν
2492 2086 2725 2159 ἣλγησα,
2771 2093 2861 2140 καὶ
2905 2096 2996 2140 τοῦ
3043 2089 3226 2141 λοιποῦ
3285 2109 3376 2162 μοι
3432 2089 3543 2141 κατ’
3589 2092 3684 2149 ἔτος
3725 2091 3777 2149 ὥς
3818 2105 3853 2140 τι

2311 2184 2408 2227 τῶν
2455 2174 2508 2226 ἐκ
2555 2173 2804 2251 περιόδου
2865 2177 3111 2239 ξυναντᾶν
3177 2178 3432 2230 εἰωθότων
3495 2181 3769 2250 νοσημάτων
3814 2180 3854 2228 τό

2312 2275 2411 2318 τῶν
2437 2263 2613 2319 ποδῶν
2663 2267 2822 2339 ἄλγος
2868 2266 3172 2327 ἁνέσκηπτε.
3237 2273 3386 2322 Μετὰ
3447 2266 3504 2322 δὲ
3562 2275 3760 2342 χρόνους
3812 2267 3853 2319 οὗ

2310 2357 2445 2408 πάνυ
2467 2355 2686 2418 πολλοὺς
2718 2353 2801 2419 δις
2832 2365 2923 2410 τοῦ
2981 2360 3126 2419 ἔτους
3193 2358 3458 2421 ξυνέϐαινέ
3503 2379 3589 2432 μοι
3636 2362 3686 2410 τὸ
3724 2359 3850 2414 πάθος

2311 2450 2399 2497 καὶ
2428 2450 2558 2520 τρίς.
2593 2451 2692 2497 Καὶ
2725 2465 2814 2518 μοι
2838 2443 2953 2508 δέος
3025 2447 3190 2505 εἰσήει
3239 2450 3399 2517 ἔνθεν,
3442 2454 3510 2520 μη
3556 2468 3658 2508 πως
3697 2447 3857 2519 προίόν-

2310 2552 2399 2595 τος
2435 2542 2528 2586 τοῦ
2568 2539 2764 2608 χρόνον
2821 2541 2911 2588 καὶ
2957 2543 3050 2588 τοῦ
3102 2544 3266 2590 κακοῦ
3327 2537 3406 2608 (ἐκ
3455 2541 3552 2614 γὰρ
3613 2535 3855 2609 φιλοζωίας,

2311 2617 2481 2693 οἶμαι,
2533 2628 2635 2685 πᾶς
2691 2643 2773 2685 τις
2825 2627 2894 2684 ὡς
2944 2626 3088 2696 κάγὼ
3149 2626 3471 2696 φαντάζεται
3533 2629 3584 2677 τό
3631 2621 3857 2697 μακρόϐιον

2310 2717 2399 2763 καὶ
2431 2710 2619 2783 μᾶλλον
2651 2713 2692 2764 εἰ
2722 2713 2833 2765 κατ’
2879 2711 2964 2786 ἐμὲ
3011 2719 3392 2788 προστετηκὼς
3445 2717 3520 2773 εἴη
3559 2721 3656 2775 τοῖς
3704 2714 3855 2784 γηίνοις

2309 2796 2493 2852 τοισδε
2521 2805 2610 2853 καὶ
2659 2801 2881 2858 κηλουσι
2933 2806 3022 2860 τὴν
3080 2804 3362 2874 αισθησιν)
3411 2824 3425 2837 ο
3482 2801 3626 2875 φόϐος
3674 2805 3747 2854 οὑν
3792 2817 3857 2871 μοι

2309 2894 2507 2961 γεγόνει
2569 2895 2640 2962 μὴ
2723 2892 2912 2965 χεῖράς
2973 2910 3026 2944 τε
3090 2891 3451 2967 παραλυθείην
3503 2898 3588 2945 καὶ
3636 2887 3854 2958 πόδας,ἦ

550 2979 848 3046 homines,
872 2994 942 3035 ac
975 2993 1086 3049 ego
1117 2978 1432 3050 imprimis,
1457 2979 1679 3034 multos
1701 2977 1799 3034 hic
1834 2980 2010 3035 nobis
2033 2980 2197 3052 polli-

2310 2984 2400 3030 xui
2449 2982 2508 3030 τὸ
2573 2982 2782 3051 σύμπαν
2833 2979 3235 3055 ἐξαρθρωθείην,
3311 2988 3402 3036 καὶ
3472 2981 3698 3043 καθάπαξ
3738 2997 3856 3030 κατα·

550 3079 794 3120 ceamur
818 3079 1030 3129 annos,
1069 3063 1250 3134 idque
1281 3065 1631 3136 praasertim,
1667 3064 1714 3119 si
1744 3064 1862 3119 mei
1899 3063 1976 3120 ad
2013 3065 2204 3122 instar

549 3152 718 3209 vanis
738 3153 950 3208 mundi
968 3153 1153 3222 hujus
1171 3152 1371 3219 rebus,
1393 3157 1675 3208 etsensus
1691 3159 1927 3209 nostros
1946 3154 2200 3211 nimium

550 3243 626 3299 ad
649 3259 710 3299 se
731 3243 1128 3316 rapientibus,
1157 3242 1431 3299 addictus
1463 3243 1582 3314 sit.)
1611 3246 1792 3299 Metus
1833 3244 2010 3313 igitur
2053 3245 2200 3300 mihi

549 3336 696 3401 erat,
711 3348 784 3388 ne
798 3332 1083 3388 manibus
1118 3332 1499 3404 pedibusque
1530 3348 1599 3388 ac
1615 3333 1927 3388 totoetiam
1951 3349 2198 3405 corpore

2314 3072 2499 3126 σταίην
2539 3068 2854 3129 κλινοπετής.
2909 3069 3024 3122 Ἐπὶ
3081 3065 3140 3122 δε
3180 3069 3379 3142 μᾶλλον
3437 3070 3640 3143 ἐφόϐουν
3696 3070 3737 3121 οἱ
3782 3073 3856 3118 τῶν

2313 3156 2500 3232 ἰατρων
2541 3153 2906 3231 δοκιμώτεροι,
2958 3159 3190 3220 ξυνήθεις
3243 3164 3388 3222 ὄντες
3427 3160 3537 3233 ἐμοὶ
3565 3165 3648 3213 καὶ
3696 3158 3859 3216 ἡλικιῶ-

2307 3266 2414 3313 ται,
2448 3243 2613 3319 μηδέν
2651 3268 2760 3310 πως
2803 3247 3010 3321 ἰσχύειν
3037 3254 3169 3325 πρὸς
3207 3253 3302 3308 τὴν
3363 3256 3512 3304 νόσον
3569 3253 3654 3309 τὴν
3710 3252 3856 3318 τέχνη

2307 3335 2734 3411 ἰσχυριζόμενοι.

546 3420 808 3493 paralysi
841 3421 1168 3486 dissolutis,
1214 3420 1432 3476 afﬁxus
1461 3422 1708 3477 omnino
1740 3422 1890 3478 lecto
1921 3422 2234 3478 haererem.
2257 3425 2376 3496 Ipsi
2396 3426 2641 3497 insuper
2665 3427 3036 3483 medicorum
3062 3427 3570 3500 praestantissimi,
3599 3427 3693 3500 qui
3720 3422 3855 3481 mori-

545 3508 660 3566 bus
689 3515 930 3565 etaetate
954 3514 1008 3564 et
1047 3509 1477 3565 consuetudine
1509 3511 1817 3582 propiores
1840 3510 1984 3566 mihi
2002 3517 2189 3580 erant,
2222 3528 2344 3568 non
2375 3514 2590 3585 exiguo
2620 3514 2976 3572 tenebantur
3000 3521 3183 3584 metu,
3213 3532 3362 3574 cum
3391 3517 3588 3575 nullus
3620 3515 3745 3573 artis
3769 3527 3858 3569 me-

546 3596 695 3654 dicae
726 3603 976 3654 conatus
1009 3601 1330 3653 adversum
1360 3598 1508 3655 mala
1530 3615 1666 3655 mea
1695 3599 2023 3672 quidquam
2055 3601 2275 3657 valeret
2299 3601 2550 3658 efﬁcere.

544 3743 632 3797 43.
667 3739 878 3806 Qualia
902 3739 1080 3810 igitur
1109 3756 1356 3812 passum
1388 3756 1486 3795 me
1527 3741 1895 3806 credis,cum
1924 3742 2059 3798 inde
2099 3759 2194 3799 ve-

545 3833 702 3887 tarer
727 3835 1072 3903 exspectare
1107 3829 1375 3898 meliora,
1426 3829 1587 3886 unde
1617 3837 1776 3886 certo
1826 3832 1972 3888 mihi
2019 3833 2193 3903 adju-

541 3921 653 3976 turi
685 3919 885 3976 auxilii
914 3935 1052 3992 spes
1080 3919 1278 3975 omnis
1304 3919 1496 3975 fuerat
1524 3920 1551 3975 7
1609 3923 1738 3976 1am
1763 3922 2000 3977 animos
2033 3922 2195 3993 abje-

539 4026 761 4078 ceram,
777 4015 832 4066 et
848 4009 1014 4082 quod
1027 4024 1403 4080 consequens
1423 4013 1529 4079 est,
1547 4009 1763 4066 inerter
1785 4011 2151 4081 languebam
2177 4029 2190 4079 ;

537 4099 804 4171 quando,
842 4098 1175 4154 secundum
1204 4099 1545 4156 Davidicam
1572 4099 1930 4169 doctrinam,
1961 4116 2193 4157 memor

540 4187 624 4241 fui
651 4187 770 4256 Dei,
797 4192 1105 4259 etrepente
1127 4187 1457 4243 delectatus
1472 4205 1604 4243 sum
1634 4207 1650 4258 ;
1701 4192 1762 4244 In
1784 4190 1918 4260 ipso
1943 4191 2187 4262 quippe,

2371 3743 2489 3817 μβ’.
2529 3751 2592 3799 Τί
2615 3752 2740 3817 γοῦν
2797 3745 3108 3819 ἐπεπόνθειν,
3146 3749 3258 3801 ὅθεν
3285 3769 3385 3822 μοι
3443 3747 3516 3803 δι’
3547 3745 3738 3807 ἐλπίδος
3764 3743 3852 3802 ivi:

2303 3831 2545 3905 βοήθεια,
2588 3834 2753 3887 λαϐὼν
2793 3834 2980 3888 ἐκεῖθεν
3037 3841 3131 3896 τὴν
3190 3835 3551 3914 ἀπαγόρευσιν
3600 3855 3614 3906 ;
3678 3837 3855 3906 ’Λουμίᾳ

2301 3925 2651 3995 κατεσχέθην,
2685 3929 2775 3977 xui
2815 3928 2884 3988 ὡς
2929 3929 2988 3977 τὸ
3019 3925 3150 3987 εἰκός
3213 3925 3499 3985 ἠκηδίασα
3539 3950 3552 3962 ·
3610 3925 3706 3979 ἀλλ’
3740 3924 3855 3996 Epant-

2303 4013 2434 4069 σθην
2461 4013 2596 4064 κατὰ
2634 4017 2722 4070 τὴν
2769 4011 3057 4073 Δαυῑδικὴν
3112 4015 3398 4088 εἰσήγησιν
3454 4024 3546 4070 τοῦ
3604 4022 3740 4080 Θεοῦ,
3790 4012 3854 4062 καὶ

2304 4098 2566 4173 θυμηδίας
2595 4102 2859 4160 ἐπλήσθην
2893 4103 3063 4164 εὐθύς.
3114 4104 3194 4158 Ἐν
3247 4108 3355 4181 γάρ
3426 4107 3583 4178 αύτῷ,
3655 4109 3731 4157 καὶ
3777 4103 3850 4171 γὰρ

2302 4191 2442 4261 ἔφην,
2480 4191 2524 4241 εἰ
2560 4195 2649 4242 καὶ
2712 4193 2741 4249 ἡ
2777 4198 2931 4254 νόσος
2997 4193 3200 4265 ἰσχυρὰ
3238 4200 3332 4246 xui
3373 4202 3468 4254 τὴν
3525 4199 3702 4267 τέχνην
3748 4192 3851 4257 νικᾷ,

540 4274 799 4342 aiebam,
825 4277 931 4330 etsi
969 4276 1375 4331 validissimus
1427 4277 1500 4332 sit
1546 4293 1667 4349 quo
1699 4278 1907 4332 laboro
1937 4279 2186 4334 morbus

2303 4276 2409 4329 ἀλλ’
2458 4281 2744 4337 ἡττήσεται
2797 4289 2894 4343 τῆς
2943 4288 3197 4354 κραταιᾶς
3255 4283 3448 4355 ἰσχύος
3478 4288 3601 4338 Θεοῦ
3635 4305 3646 4317 ο
3676 4284 3731 4341 ὡς
3778 4280 3852 4348 γὰρ

539 4368 592 4420 et
619 4364 784 4419 omni
805 4365 1171 4420 medentium
1204 4371 1326 4421 arte
1358 4367 1927 4438 superior,attamen
1956 4368 2181 4439 potenti

535 4452 693 4508 illius
724 4453 934 4508 virtute
960 4454 1323 4510 domabitur.
1352 4455 1537 4512 Simul
1556 4456 1713 4510 enim
1745 4461 1923 4528 atque
1945 4457 2191 4514 ﬁrmiter

533 4543 772 4598 credere
807 4546 864 4598 et
905 4558 1145 4614 sperare
1183 4544 1240 4600 in
1289 4544 1492 4612 ipsum
1535 4545 1871 4612 statuimus,
1906 4547 2187 4605 continuo

532 4647 668 4703 quae
700 4630 827 4686 fieri
858 4646 1033 4704 posse
1056 4647 1175 4687 non
1214 4631 1592 4701 videbantur,
1637 4633 1754 4686 Deo
1804 4631 1955 4687 fiunt
1998 4632 2189 4704 possi-

531 4719 694 4787 bilia,
731 4737 840 4778 nec
874 4721 1306 4794 estquidquam
1338 4721 1504 4793 quod
1525 4721 1792 4776 divinam
1819 4721 1949 4792 ejus
1978 4726 2185 4794 poten-

531 4809 678 4866 tiam
703 4815 964 4884 superet.
996 4813 1059 4866 In
1079 4811 1438 4866 memoriam
1459 4825 1701 4881 quoque
1716 4825 1995 4866 revocare
2009 4813 2186 4883 coapi,

530 4900 843 4968 quomodo
875 4900 1202 4971 purissima
1251 4900 1350 4955 Dei
1386 4901 1584 4964 Mater,
1616 4914 1813 4953 rerum
1846 4905 2185 4956 nostrarum

529 4986 794 5053 quotidie
823 4988 986 5043 haud
1008 5005 1222 5060 parum
1253 4993 1557 5057 satagens.
1573 4985 1838 5043 divinam
1862 5004 1970 5060 pro
1991 4989 2184 5044 omni-

528 5070 646 5128 bus
686 5076 1159 5133 misericordiam
1187 5078 1510 5150 implorare
1535 5092 1656 5133 non
1693 5082 1900 5133 cesset.
1935 5081 2182 5134 Sanctos

529 5177 774 5234 quoque
803 5164 935 5220 illos
960 5168 1216 5235 cogitavi
1243 5183 1311 5222 ac
1340 5172 1600 5232 sanctas,
1648 5166 1869 5237 quibus
1913 5167 1990 5223 ab
2029 5167 2183 5224 altis-

528 5250 681 5306 simo
713 5251 774 5307 in
805 5253 969 5309 ccelis
1004 5257 1120 5311 Deo
1148 5259 1380 5311 tantum
1411 5255 1508 5310 hic
1544 5255 1745 5324 gratiae
1795 5258 1902 5312 fuit
1942 5273 2182 5313 conces-

529 5346 767 5408 sum,ut
787 5341 1154 5399 insanabiles
1179 5359 1389 5399 curare
1411 5342 1657 5399 morbos
1671 5349 1727 5401 et
1765 5347 1936 5402 malis
1966 5347 2180 5403 imme-

527 5429 887 5488 dicabilibus
940 5431 1164 5488 mederi
1220 5437 1503 5504 possent:
1576 5434 1940 5492 Demetrium
2019 5436 2177 5507 dico,

526 5518 685 5580 illum
697 5522 848 5580 inter
861 5527 1142 5596 martyres
1155 5521 1614 5596 celeberrimum,
1627 5539 1735 5582 nec
1749 5541 1872 5583 non
1898 5541 2178 5597 magnum

2297 4372 2732 4440 πεπιστεύκαμεν,
2812 4375 2900 4422 xui
2951 4373 3017 4422 τὰ
3064 4367 3298 4424 ἀδύνατα
3371 4381 3486 4444 Θεῷ
3541 4371 3736 4435 δυνατὰ,
3788 4367 3851 4416 καὶ

2297 4454 2446 4509 οὐδὲν
2477 4459 2503 4509 ὃ
2533 4478 2583 4509 τι
2606 4467 2695 4518 τῆς
2726 4459 2885 4511 αὐτοῦ
2925 4455 3195 4532 δυνάμεως
3259 4462 3639 4536 ὑπερκείσεται.
3692 4460 3773 4512 Καὶ
3809 4469 3852 4523 γε

2297 4544 2663 4619 ἐνενοησάμην,
2721 4549 2858 4609 ὅπως
2923 4567 2976 4600 τε
3047 4551 3077 4606 ἡ
3157 4551 3421 4622 πάναγνος
3501 4551 3652 4604 αὐτοῦ
3701 4550 3847 4613 Μήτηρ

2295 4643 2438 4707 κοινῇ
2498 4655 2552 4688 τε
2624 4640 2714 4688 καὶ
2781 4638 3078 4690 καθέκαστα
3133 4639 3280 4710 ἡμῶν
3347 4636 3632 4713 κηδομένη,
3692 4636 3849 4688 πάντων

2295 4725 2733 4798 ὑπερεντυγχάνει
2828 4723 3100 4788 διηνεκῶς.
3189 4726 3401 4800 Ἀγίους
3488 4748 3541 4782 τε
3594 4731 3675 4780 καὶ
3733 4723 3850 4792 ἁγίας

2297 4810 2694 4886 ἀνελογισάμην,
2725 4816 2798 4875 οἷς
2827 4819 2916 4867 xui
2968 4812 3100 4887 τῇδε
3149 4818 3316 4891 χάρις
3369 4819 3451 4870 ὅτι
3507 4821 3711 4890 μεγίστη
3756 4810 3850 4883 πρὸς

2292 4909 2380 4954 τοῦ
2434 4901 2482 4953 ἄν
2540 4903 2776 4977 οὐρανοῖς
2817 4901 3140 4967 δοξάσαντος
3200 4901 3442 4978 δίδοται,
3509 4909 3574 4966 ὡς
3621 4909 3702 4956 xui
3741 4902 3849 4971 θερα-

2291 4993 2459 5043 πεύειν
2514 4990 2770 5051 ἀνήκεστα
2821 4998 2910 5046 καὶ
2977 4993 3159 5046 ἰᾶσθαι
3199 4993 3393 5048 ἀνίατα
3458 4992 3706 5048 δύνασθαι
3743 4991 3850 5041 ’Δη-

2828 4722 3100 4788 διηνεκῶς,

2290 5085 2508 5152 μητριόν
2555 5085 2801 5154 φημιτόν
2843 5083 2892 5134 ἐν
2949 5085 3184 5158 μάρτυσι
3242 5079 3548 5147 διαϐόητον,
3605 5086 3683 5134 τὸν
3720 5077 3850 5149 ἱεράρ-

2290 5189 2397 5241 xm
2423 5174 2586 5242 μέγαν
2624 5171 2897 5235 Νικόλαον,
2955 5168 3152 5225 Εὖπλον
3221 5175 3305 5224 τόν
3357 5171 3615 5225 πολύτλαν
3661 5171 3739 5220 καὶ
3780 5165 3848 5213 τοῦ

2289 5258 2606 5331 Εύαγγελίου
2632 5269 2703 5332 τῷ
2755 5264 2864 5314 ὄντι
2919 5257 3158 5314 διάκονον
3218 5281 3231 5296 ·
3291 5261 3375 5314 ἰπὶ
3433 5258 3492 5315 δε
3556 5262 3738 5316 τούτοις
3784 5253 3848 5302 καὶ

2287 5351 2417 5421 μετὰ
2453 5352 2649 5402 τούτων
2694 5355 2789 5409 τὴν
2820 5352 2969 5403 όσίαν
3007 5354 3202 5409 ταύτην
3259 5355 3347 5403 xui
3414 5353 3668 5425 μάρτυρα,
3721 5341 3770 5402 ἧς
3809 5337 3845 5389 έν

2285 5441 2522 5509 γειτόνων
2550 5440 2618 5490 ὢν
2663 5447 2724 5512 τῇ
2780 5447 2940 5517 σορῷ,
2999 5442 3092 5501 τὰς
3131 5441 3390 5516 ὁσημέραι
3456 5459 3511 5492 τε
3550 5442 3636 5490 xui
3685 5435 3843 5502 όσῶραι

2289 5529 2705 5606 θαυματουργίας
2763 5533 2846 5585 ἐπὶ
2913 5527 3149 5587 τοιοῖσδέ
3207 5550 3350 5586 τισιν
3409 5531 3745 5599 ἕπυνθανόμην
3788 5533 3845 5570 τε·
