4084 6206
229 286 329 340 933
1567 289 1635 345 IN
1678 291 1734 347 S.
1774 290 2248 349 THEODOSIAM.
3489 301 3602 357 934

226 407 475 478 λουμίνας
497 412 587 459 καί
625 412 858 481 χείροσι.
912 415 1034 471 Τοῖς
1085 410 1171 462 οὖν
1229 410 1425 485 ἰατροις
1473 413 1667 466 αὐτίκα
1707 420 1832 487 χαί.

1958 416 2292 489 episcopum
2320 417 2648 474 Nicolaum.
2681 423 2740 475 et
2768 419 3021 492 Euplum
3060 418 3175 491 (13)
3224 423 3306 477 tot
3353 425 3604 495 tamque

226 515 332 570 ρειν
390 501 482 548 καί
545 496 724 559 αὐτοῖς
778 499 1065 572 φαρμάκοις
1131 499 1283 551 εἰπὼν
1359 505 1574 563 τούτους
1645 508 1834 576 μόνους

1958 505 2169 560 acerba
2188 506 2502 577 quondam
2537 506 2639 562 Dei
2671 524 2853 563 causa
2886 524 3262 580 perpessum,
3315 525 3386 566 ac
3453 511 3606 567 sacri

226 585 622 659 πρύστῆσάμην
651 594 740 646 τῆς
763 590 918 638 νόσου
952 589 1287 662 θεραπευτάς.

1958 595 2242 665 Evangelii
2289 596 2669 653 verissimum
2724 598 3071 655 diaconum.
3128 599 3346 655 Praeter
3391 600 3503 657 hos
3548 605 3606 659 et

226 688 370 729 cum
398 674 562 730 hisce
589 679 856 731 sanctam
889 675 1053 732 illam
1069 683 1417 750 martyrem,
1444 695 1481 735 a
1506 680 1678 751 cujus
1708 681 1938 739 tumulo
1962 682 2128 739 haud
2148 682 2326 754 longe
2347 686 3075 759 commorabar,quaeque
3095 688 3400 760 perpetuis
3416 705 3486 745 ac
3498 689 3604 746 ad-

227 763 525 820 mirandis
554 778 678 820 non
700 764 884 820 modo
912 764 972 820 in
1003 765 1151 833 dies,
1182 782 1390 823 verum
1424 769 1603 825 etiam
1630 770 1691 825 in
1720 770 1901 827 horas
1926 771 2230 843 operibus,
2292 788 2417 829 non
2460 774 2580 830 mei
2624 780 2862 831 tantum
2912 777 3133 833 similes
3179 777 3447 845 morbos,
3499 778 3607 835 sed

226 851 410 941 longe
440 852 621 909 etiam
652 852 961 922 graviores
988 853 1285 927 depellere
1315 861 1530 929 potest,
1564 858 1623 914 in
1652 859 1941 917 auxilium
1969 861 2197 919 vocavi.
2240 862 2605 920 Medicorum
2661 865 2863 938 itaque
2907 870 2965 922 et
2987 866 3457 939 pharmacorum
3490 883 3605 941 ope

226 940 436 997 valere
460 941 654 1013 jussa,
675 941 860 998 hosce
891 941 1091 999 solum
1120 945 1336 1002 morbo
1358 952 1660 1004 curatores
1681 949 2119 1022 proponebam.

303 1029 413 1103 μγ’·
474 1036 588 1092 Πῶς
634 1034 811 1084 τοίνυν
865 1038 1220 1108 παραστήσω,
1266 1044 1374 1097 πῶς
1434 1039 1521 1090 τὸν
1580 1037 1734 1106 ἔλεον,
1789 1038 1843 1091 ὃν

229 1115 525 1183 ἕνεδείξατό
556 1139 647 1193 μοι
674 1128 748 1191 τῷ
779 1119 979 1196 ἀχρείῳ
999 1125 1187 1176 τούτου
1222 1121 1394 1197 δούλῳ
1425 1129 1556 1189 Θεὸς
1594 1123 1689 1180 διὰ
1742 1136 1842 1181 τῶν

233 1207 661 1281 εύηρεστηκὸτῶν
691 1208 851 1281 αύτῷ,
900 1206 995 1263 διὰ
1050 1210 1280 1285 βραχέος
1336 1212 1453 1288 ἇρῶε
1518 1220 1738 1291 Χρόνοις
1795 1216 1843 1269 ἰν

234 1296 432 1368 ὄλίγοις
494 1296 882 1373 ἇξαρθρωθῆναι
952 1298 1316 1375 προσδόκιμος
1395 1303 1484 1373 ὢν,
1566 1305 1843 1369 πλείστους

236 1383 348 1446 ἤδη
393 1386 721 1462 παρήμειψα,
780 1393 870 1441 καί
926 1385 1173 1465 διαρτίας
1219 1391 1274 1445 εὖ
1327 1395 1463 1465 ἔχων
1517 1393 1699 1467 μελῶν,
1753 1400 1844 1448 καί

236 1472 459 1548 βαδίζω
514 1476 583 1538 ὡς
635 1478 718 1529 ὅτε
777 1472 838 1535 ἦν
894 1477 1186 1541 εἰκοσιέτης
1261 1478 1530 1552 ίϐάδιζον,
1583 1488 1674 1536 καί
1754 1504 1844 1557 μοι

234 1565 515 1638 ἑλευθίρως
541 1568 596 1618 αἱ
625 1573 816 1641 χεῖρες,
861 1569 980 1640 ὅμοι
1037 1588 1091 1623 τε
1142 1568 1401 1643 βουλητὸν
1456 1572 1587 1645 ἐμοί,
1639 1579 1729 1627 καί
1784 1578 1842 1628 τὸ

232 1652 478 1726 ψυχικὸν
525 1660 727 1727 πνεῦμα
780 1662 929 1723 κινεῖ,
986 1660 1221 1730 φέρονταί
1272 1678 1326 1713 τε
1376 1665 1467 1713 καὶ
1535 1666 1841 1737 μεταφέρον-

231 1762 344 1797 ται.
401 1744 617 1797 Τοιαῦθ⁹
671 1744 866 1817 ὁρῶμεν
926 1753 989 1818 τῇ
1050 1751 1200 1821 Ἀγίᾳ
1265 1748 1560 1822 τελούμενα,
1638 1753 1841 1805 τοιαῦθ’

2018 1044 2108 1097 43.
2136 1043 2306 1098 Nunc
2336 1058 2476 1099 vero
2500 1058 2626 1116 qua
2651 1043 2881 1101 ratione
2912 1044 3239 1102 edisseram
3292 1061 3427 1117 qua:
3473 1050 3607 1104 acta

1951 1130 2141 1188 sunt?
2168 1147 2292 1204 quo
2318 1132 2503 1189 modo
2529 1132 3025 1203 misericordiam,
3047 1150 3235 1207 quam
3259 1135 3409 1192 mihi
3432 1151 3606 1194 servo

1950 1237 2058 1277 suo
2085 1222 2297 1289 inutili,
2312 1238 2421 1295 per
2436 1228 2678 1279 sanctos
2700 1239 2842 1280 suos
2865 1224 3019 1281 Deus
3034 1225 3329 1297 prmstitit,
3350 1224 3608 1283 breviter

1951 1314 2158 1382 potero
2170 1311 2467 1384 explicare
2484 1313 2512 1369 ‘I
2539 1312 2635 1368 Ille
2657 1328 2791 1384 ego,
2807 1315 2912 1386 qui
2936 1314 3121 1386 paulo
3144 1320 3283 1370 ante
3316 1316 3604 1373 membris

1949 1398 2234 1455 omnibus
2264 1416 2371 1472 per
2394 1400 2704 1473 paralysin
2731 1402 2983 1459 videbar
3003 1401 3452 1474 dissolvendus,
3475 1405 3606 1476 jam

1949 1486 2150 1559 plures
2180 1488 2443 1557 transegi
2464 1503 2675 1555 annos,
2710 1493 2767 1545 et
2799 1493 2923 1545 toto
2944 1506 3196 1562 corpore
3223 1490 3402 1548 ﬁrma
3446 1508 3605 1549 com-

1950 1590 2105 1647 page
2126 1580 2300 1632 utens
2331 1577 2415 1632 sic
2444 1576 2660 1633 incedo
2690 1582 2754 1632 ut
2786 1577 3144 1634 incedebam
3202 1594 3342 1635 cum
3397 1580 3607 1651 viginti

1949 1663 2245 1721 duntaxat
2286 1680 2586 1721 annorum
2631 1681 2849 1722 essem:
2902 1682 3123 1723 manus
3173 1683 3419 1739 quoque
3459 1668 3608 1724 mihi

1950 1752 2220 1809 feruntur
2239 1753 2422 1809 libere
2457 1753 2986 1823 ettransferuntur,
3010 1756 3607 1829 quocunqueanimo

233 1834 497 1906 ὁσημέραι
562 1836 1056 1908 τερατουργούμενα.
1111 1842 1174 1889 Τί
1218 1846 1344 1910 γοῦν
1394 1836 1461 1897 δὴ
1527 1842 1593 1893 τὰ
1680 1841 1840 1894 πάλαι

1958 1842 2280 1899 collibitum
2311 1848 2417 1914 est,
2452 1848 2554 1899 aut
2582 1843 2779 1900 vitalis
2807 1844 3061 1933 spiritus
3082 1844 3367 1933 impellit.
3426 1848 3610 1905 Tanta

234 1922 618 1995 καταλίγειν,ἣ
666 1920 1025 1999 παραδιδόναι
1082 1930 1147 1979 τά
1203 1927 1279 1999 ἐφ’
1328 1931 1473 2000 ἡμῶν
1528 1939 1839 2007 σμγγραγῇς

234 2007 506 2085 μηδεμίαν
564 2021 667 2065 σῶν
727 2012 1089 2087 λαμϐανόντων
1161 2013 1418 2089 διίχειαν,
1473 2021 1717 2092 κυμάτων
1790 2041 1847 2077 τε

238 2097 400 2159 δίκην
430 2103 595 2177 ἕτερον
640 2101 814 2178 ἑτέρου
866 2104 1370 2178 καταλαμϐάνοντοςο
1439 2112 1530 2159 καί
1582 2111 1684 2183 γάρ
1735 2129 1847 2172 πως

234 2188 610 2264 παραπλήσιον
639 2189 701 2243 ἂν
760 2194 944 2246 παθεῖν
998 2190 1193 2258 δόξειεν
1258 2196 1284 2247 ό
1313 2202 1477 2249 ταῦτα
1529 2198 1844 2269 συγγράφειν

238 2285 554 2355 πειρώμενος
602 2287 713 2343 τοῖς
776 2280 857 2335 ἐπ’
914 2280 1179 2358 ἀφροσύνῃ
1240 2280 1543 2346 διαϐοήτοις
1606 2286 1840 2355 ἐκείνοις,

238 2368 311 2420 ὧν
341 2369 390 2421 οἱ
416 2370 504 2441 μὶν
538 2367 772 2443 ἀριθμεῖν
799 2372 1155 2446 προήχθησαν
1198 2375 1427 2446 κύματα,
1490 2376 1538 2426 οἱ
1586 2370 1635 2427 δ’
1693 2373 1843 2427 ἀστέ-

236 2477 356 2533 ρας,
388 2455 516 2511 οἶδ’
570 2458 704 2512 ἄλλω
759 2464 863 2514 τινί
909 2468 1009 2513 τῶν
1064 2458 1335 2514 ἀδυνάτων
1389 2462 1841 2538 ἐπιχειρήσαντες,

239 2546 528 2619 ἐνεπαίχθη
538 2567 652 2600 σαν·

1951 1930 2228 1986 videmus
2248 1929 2373 1986 ﬁeri
2398 1947 2435 1987 a
2477 1931 2693 1987 Sancta
2751 1937 2808 1988 et
2861 1932 3128 2004 quotidie
3179 1933 3609 1990 admirabiliter

1951 2017 2173 2091 perﬁci-
2205 2020 2317 2075 Sed
2339 2019 2487 2091 quid
2507 2019 2716 2076 attinet
2742 2025 2941 2077 vetera
2971 2036 3472 2088 commemorare,
3505 2026 3609 2079 aut

1952 2121 2026 2163 ea
2053 2123 2189 2179 quas
2210 2107 2270 2163 in
2300 2106 2476 2163 nobis
2496 2123 2659 2164 nunc
2708 2109 3063 2178 contingunt
3112 2110 3332 2182 scripto
3373 2112 3606 2167 tradere

1953 2212 2083 2251 cum
2117 2195 2343 2253 nullam
2375 2196 2508 2269 ipsa
2533 2196 2649 2252 sibi
2673 2198 3069 2253 cessationem
3096 2197 3467 2268 indulgeant.
3500 2198 3606 2255 sed

1952 2284 2037 2340 uti
2066 2283 2283 2340 ﬂuctus
2308 2283 2579 2352 ﬂuctum,
2612 2285 2695 2341 sic
2713 2284 2877 2342 aliud
2898 2286 3151 2343 alterum
3173 2287 3606 2359 consequendo

1953 2374 2263 2446 excipiat?
2296 2374 2520 2430 Etenim
2552 2376 2657 2447 qui
2685 2374 2783 2431 illa
2813 2376 3019 2431 omnia
3062 2375 3381 2447 seriptione
3432 2375 3611 2432 vellet

1953 2462 2288 2535 complecti,
2313 2463 2384 2518 iis
2413 2463 2558 2518 mihi
2592 2479 2716 2520 non
2746 2463 2981 2520 videtur
3010 2463 3245 2520 futurus
3288 2464 3608 2530 absimilis,

1952 2567 2214 2625 quorum
2242 2551 2342 2608 alii
2382 2552 2602 2608 ﬂuctus
2634 2553 2837 2620 maris,
2871 2552 3070 2609 stellas
3124 2552 3224 2608 alii
3266 2568 3605 2625 numerare,

238 2636 519 2693 nonnulli
540 2638 704 2695 aliud
732 2640 934 2696 nescio
971 2640 1118 2712 quid
1147 2656 1221 2698 ex
1245 2641 1315 2698 iis
1344 2657 1481 2715 quas
1505 2642 1634 2699 ﬁeri
1666 2645 1973 2715 nequeunt
2008 2656 2134 2698 non
2186 2640 2316 2697 sine
2365 2639 2607 2697 stultitia
2658 2640 2944 2714 perﬁcere
2992 2640 3281 2713 aggressi,
3322 2641 3609 2699 omnibus

247 2742 315 2783 se
345 2725 631 2784 ridendos
659 2728 1064 2801 praebuerunt.

1725 2906 2014 2965 EPILOG
2025 2878 2128 2965 US.

320 3079 429 3156 μδ“.
490 3081 630 3135 Ἀλλ’
684 3083 807 3159 ὅπερ
860 3085 1002 3157 ἔφην,
1060 3088 1113 3137 τί
1162 3104 1222 3157 γε
1281 3081 1397 3139 δίον
1464 3086 1605 3157 ἡμᾶς
1680 3093 1845 3139 ποιεῖν

2028 3088 2116 3141 44.
2135 3085 2363 3154 Verum,
2378 3082 2543 3156 quod
2560 3082 2691 3154 jam
2714 3086 2851 3139 ante
2872 3096 3116 3155 quoque
3138 3079 3438 3148 dicebam,
3461 3078 3610 3151 quid

245 3169 450 3225 τοιαῦθ’
489 3172 737 3247 ὁρῶντας,
791 3176 1036 3225 τοιούτων
1083 3176 1210 3247 παρ’
1260 3173 1417 3234 αὐτῆς
1471 3172 1844 3241 ἀπολαύοντας

246 3264 461 3334 Χαίρειν
520 3263 611 3333 μὶν
660 3262 837 3334 χαρὰν
907 3263 1092 3329 ἔνθεον,
1151 3261 1369 3337 πρέσϐιν
1448 3258 1508 3315 δε
1581 3264 1849 3316 ποιεῖσθαι

243 3351 378 3423 πρὸς
423 3352 630 3422 Κύριον,
662 3354 753 3402 καί
811 3345 1116 3414 δεξιοῦσθαι
1178 3354 1268 3424 μὶν
1324 3351 1392 3412 εἰς
1457 3347 1678 3424 δύναμιν
1736 3352 1850 3404 ἕκα-

247 3455 393 3507 στον,
436 3440 725 3523 προστάτεν
788 3435 839 3491 δ’
900 3437 1228 3511 ἀφιλονείκως
1326 3437 1593 3493 ἰδιοῡσθαι
1682 3442 1852 3494 πάντα

243 3530 337 3578 καί
366 3527 781 3600 σφετερίζεσθαιο
818 3532 919 3580 Καί
949 3527 1090 3600 μάλα
1146 3531 1246 3603 γὰρ
1310 3528 1537 3591 εἰκότως·
1596 3536 1682 3582 ἵνα
1742 3531 1846 3603 γὰρ

247 3614 386 3666 ἐάσω
423 3616 490 3667 τὰ
527 3620 741 3688 κρείττω
789 3620 881 3668 καί
938 3616 1252 3691 ὑψηλότερα,
1305 3618 1373 3668 ὧν
1421 3620 1548 3693 παρ’
1601 3618 1765 3679 αὐτῆς
1815 3619 1845 3677 ἣ

249 3699 324 3755 δι’
355 3704 517 3764 αὐτῆς
546 3703 882 3778 ἀπελαύομεν.
914 3706 1039 3780 ὑπὲρ
1082 3706 1227 3777 ἡμῶν
1285 3705 1355 3767 εἰς
1409 3702 1580 3759 ἀίδιον
1639 3725 1849 3779 τυγχα-

245 3794 437 3853 νούσης
491 3800 625 3864 Θεῷ,
679 3798 770 3846 καί
816 3793 1166 3867 ἐξιλεουμίνης
1230 3796 1406 3867 συχνὰ
1485 3794 1850 3868 πλημμελοῦσι

247 3886 340 3934 καί
370 3883 807 3957 παροργίζουσιν.
852 3882 986 3936 Ἀλλ’
1055 3882 1192 3958 εἰπερ
1251 3883 1425 3956 ἰατρόν
1482 3882 1722 3952 ἀνιάτων,
1773 3905 1851 3938 νο-

252 3973 499 4041 σημάτων
555 3974 707 4043 μόνον
774 3971 1043 4044 ηύχουμεν
1132 3971 1315 4042 αὐτὴν,
1404 3977 1605 4035 πόσους
1685 3973 1850 4048 ἐχρῆν

251 4060 382 4117 αύτῆ
416 4058 830 4113 καταϐάλλεσθαι
879 4065 1000 4123 τοὺς
1045 4063 1283 4135 μισθούς
1356 4066 1527 4123 πόσης
1585 4082 1645 4134 γε
1693 4071 1850 4136 τιμῆς

249 4148 427 4212 ἀξιοῦν
482 4149 620 4202 Ἐπεί
679 4145 739 4203 δι
792 4155 882 4202 καί
938 4153 1191 4223 σωμάτων
1258 4155 1443 4214 νόσους
1526 4152 1690 4224 ἰᾶται,
1760 4157 1851 4205 καί

244 4238 438 4309 ψυχῶν
472 4239 739 4313 θεραπεύει
767 4244 1065 4312 νοσήματα,
1121 4239 1210 4312 ἆγε
1270 4236 1337 4299 δὴ
1397 4241 1466 4303 ὠς
1521 4241 1683 4314 ἰσχύς
1734 4243 1852 4295 ἔκα-

246 4346 370 4389 στος
397 4325 714 4381 ἀποτιννύτω
756 4328 866 4401 μετ’
915 4329 1309 4402 εὐγνωμοσύνης
1361 4334 1420 4382 τὸ
1473 4330 1699 4405 ὄφλημα,
1761 4330 1851 4385 καί

242 4418 372 4489 πρὸς
402 4416 537 4468 άπαν
576 4419 741 4479 πάθος
772 4418 1131 4476 ἐπικεκλῆσθω
1157 4423 1246 4471 καί
1286 4438 1514 4492 νόσημα,

1956 3190 2068 3231 nos
2103 3173 2351 3231 tandem
2396 3188 2507 3245 par
2551 3176 2639 3228 est
2679 3171 2898 3242 facere,
2953 3170 3057 3243 qui
3100 3172 3265 3226 tanta
3309 3169 3608 3238 videmus,

1957 3268 2125 3321 tanta
2169 3261 2516 3334 accepimus
2552 3276 2659 3333 per
2699 3262 2980 3317 Sanctam
3011 3257 3307 3315 beneﬁcia
3334 3259 3363 3315 ‘I
3406 3258 3613 3316 laetitia

1957 3352 2165 3425 utique
2194 3350 2464 3408 maxima
2497 3350 2818 3417 exsultare,
2867 3347 3278 3404 mediatricem
3323 3347 3611 3405 adhibere

1958 3440 2125 3514 apud
2161 3440 2503 3507 Dominum,
2530 3454 2668 3494 cum
2701 3437 3031 3509 gratiarum
3062 3436 3296 3493 actione
3341 3436 3611 3510 excipere

1959 3528 2215 3600 singula,
2260 3534 2580 3601 patronam
2627 3526 2687 3582 in
2737 3524 3023 3582 omnibus
3067 3525 3193 3580 sine
3236 3525 3613 3582 cunctatione

1959 3635 2260 3677 accersere
2289 3623 2345 3675 et
2366 3617 2542 3673 nobis
2564 3615 2870 3673 vindicare
2896 3615 3211 3684 debemus;
3252 3615 3435 3688 idque
3483 3631 3611 3672 ma-

1960 3724 2080 3779 gna
2109 3724 2246 3764 cum
2269 3708 2520 3764 ratione.
2554 3706 2706 3761 Nam
2732 3708 2797 3760 ut
2825 3704 3057 3776 optima
3075 3719 3333 3777 quaeque
3368 3709 3424 3761 et
3465 3719 3614 3776 prte-

1960 3798 2349 3863 stantissima,
2384 3812 2523 3869 quae
2554 3794 2633 3852 ab
2683 3811 2754 3851 ea
2799 3798 2856 3850 et
2906 3808 3014 3866 per
3063 3810 3198 3851 eam
3244 3794 3611 3867 accepimus,

1959 3887 2231 3944 omittam
2250 3885 2534 3958 proferre;
2550 3882 2811 3940 assiduis
2824 3882 2922 3939 illa
2936 3885 3124 3939 Deum
3170 3882 3617 3954 supplicationi-

1956 3976 2072 4033 bus
2101 3975 2311 4045 fatigat
2337 3983 2544 4030 nostra
2563 3988 2769 4038 causa,
2786 3971 3093 4043 nostrique
3114 3986 3249 4027 eam
3272 3986 3497 4040 magna
3521 3986 3615 4026 ca-

1958 4065 2043 4138 pit
2066 4063 2387 4132 miseratio,
2409 4062 2513 4135 qui
2540 4060 2740 4117 multis
2783 4059 2935 4116 adeo
2954 4058 3182 4116 delictis
3194 4058 3461 4114 divinam
3487 4074 3613 4115 ma-

1954 4154 2227 4226 jestatem
2253 4151 2333 4208 ad
2369 4149 2754 4207 irascendum
2782 4147 2958 4204 nobis
2998 4162 3419 4219 provocamus.
3442 4146 3614 4211 Quod

1960 4242 2008 4297 si
2033 4240 2331 4297 medicam
2355 4239 2483 4309 ejus
2517 4238 2700 4294 solius
2725 4252 2978 4293 manum
3001 4237 3062 4293 in
3090 4235 3320 4292 morbis
3342 4233 3618 4307 gravissi-

1958 4330 2073 4387 mis
2102 4334 2156 4386 et
2178 4327 2574 4401 imploremus
2600 4332 2657 4383 et
2687 4327 3041 4391 sentiamus,
3073 4329 3366 4398 quantam
3392 4323 3475 4379 illi
3511 4339 3618 4395 pu-

1957 4420 2093 4477 tatis
2131 4418 2473 4476 mercedem
2488 4433 2620 4473 esse
2655 4415 3031 4473 reddendam
3048 4415 3075 4470 ?
3093 4417 3243 4471 Cum
3265 4419 3466 4471 autem
3496 4428 3619 4471 non

244 4521 569 4578 corporum
598 4511 832 4563 tantum
865 4506 1174 4563 medeatur
1196 4508 1673 4580 inﬁrmitatibus,
1703 4511 1811 4567 sed
1839 4510 2181 4567 animorum
2212 4523 2456 4580 quoque
2479 4505 2726 4562 morbos
2760 4503 2962 4561 tollere
2981 4519 3104 4560 non
3136 4507 3348 4567 cesset,
3371 4503 3483 4572 eia,
3509 4517 3619 4575 pro

245 4611 273 4648 s
283 4593 374 4650 uis
387 4594 642 4667 quisque
658 4594 882 4651 viribus
896 4594 1158 4651 debitum
1172 4612 1300 4652 cum
1315 4596 1674 4666 gratitudine
1687 4598 2074 4672 persolvat,et
2085 4598 2276 4670 ipsam
2292 4596 2586 4652 adversus
2598 4594 2759 4651 mala
2771 4593 2977 4650 omnia
2988 4592 3347 4665 morbosque
3360 4592 3617 4658 invocet,

316 4681 410 4755 με’.
463 4689 529 4735 Ὀ
584 4680 652 4742 δὴ
707 4682 851 4755 κάγὼ
907 4692 1071 4737 ποιεῖν
1121 4684 1331 4751 εἰωθώς,
1400 4685 1493 4737 ούκ
1551 4685 1687 4739 ἐάσω
1769 4692 1840 4761 μὴ
1883 4689 1927 4743 D

242 4778 469 4829 ποιῆσαι
507 4776 596 4824 καί
651 4780 739 4824 νῦν
788 4772 860 4835 εἰς
906 4772 1145 4832 ἐπήκοον·
1205 4772 1311 4826 ἀλλ’
1366 4774 1492 4849 ύπὶρ
1583 4775 1706 4849 ἐμοῦ
1792 4796 1847 4830 τε

244 4865 340 4919 τὴν
373 4862 637 4934 ἱκετηρίαν
686 4866 777 4913 καί
802 4870 902 4913 τῶν
951 4861 1087 4935 ἐμῶν
1142 4864 1367 4935 θέμενος,
1433 4866 1593 4917 τύπον
1649 4865 1848 4940 ὠσπερ-

246 4955 288 5002 εί
338 4946 494 5002 δώσω
550 4953 616 5003 τὰ
672 4951 1018 5024 παραπλήσια
1061 4950 1319 5028 λιπαρεῖν,
1397 4957 1486 5005 καί
1569 4955 1636 5006 τὰ
1718 4954 1848 5008 αύτὰ

246 5035 511 5098 δήπουθεν
572 5046 666 5099 τὴν
728 5040 903 5112 Ἀγίαν
948 5037 1231 5094 δυσωπειν·
1295 5042 1355 5096 Ἠ
1409 5048 1499 5095 καί
1558 5051 1712 5116 σῶμα
1759 5051 1851 5101 καί

243 5125 434 5200 ψυχὴν
486 5129 541 5181 ἐκ
594 5125 790 5192 παιδός
854 5132 1183 5202 παραθεμίνη
1244 5137 1357 5202 Θεῷ
1414 5137 1503 5184 καί
1563 5140 1717 5205 σῶμα
1760 5137 1850 5206 μέν

246 5216 478 5275 ἀσκήσει
525 5223 720 5292 χρονίᾳ
770 5219 999 5289 τηξὰσα,
1048 5218 1235 5292 ψυχὴν
1329 5216 1389 5271 δε
1453 5228 1553 5272 τῶν
1632 5221 1853 5275 ἐνταῦθα

243 5311 337 5359 καί
387 5310 488 5380 πρὸ
542 5303 836 5370 διαλύσεως
899 5313 1302 5380 μεταστήσασα,
1361 5313 1452 5360 καί
1504 5308 1643 5371 τέλος
1699 5310 1853 5385 ἀμφω

244 5400 524 5469 προεμένη,
556 5401 647 5449 καί
675 5405 767 5449 τοῦ
815 5392 1038 5470 μηδενός
1092 5395 1216 5461 ἀξια
1262 5401 1507 5473 κρίνασα,
1566 5398 1693 5471 ύπὶρ
1761 5405 1854 5451 τοῦ

2029 4692 2117 4743 45.
2142 4684 2315 4752 Quod
2335 4684 2485 4741 dum
2508 4699 2619 4755 ego
2649 4698 2965 4755 nunquam
3000 4697 3124 4738 non
3154 4680 3345 4739 facere
3380 4680 3495 4735 sim
3527 4694 3617 4735 so-

1956 4775 2113 4841 litus,
2146 4789 2309 4830 nunc
2331 4788 2576 4846 quoque
2599 4788 2722 4829 non
2744 4771 3019 4828 omittam
3052 4769 3114 4825 id
3164 4770 3366 4840 ipsum
3418 4780 3615 4836 agere:

1959 4864 2064 4921 sed
2088 4879 2202 4937 pro
2238 4879 2334 4921 me
2362 4864 2633 4936 meisque
2649 4860 3114 4934 supplicationes
3132 4858 3465 4922 instituens,
3488 4856 3620 4912 aliis

1957 4969 2204 5027 quoque
2230 4954 2493 5010 formam
2524 4950 2919 5025 praescribam
2950 4945 3166 5003 similia
3190 4962 3301 5017 pro
3336 4961 3397 5001 se
3444 4944 3621 5002 obse-

1968 5041 2202 5112 crandi,
2235 5041 2571 5113 eademque
2602 5037 2916 5109 ﬂagitandi
2946 5052 2983 5093 a
3022 5036 3272 5104 Sancta;
3322 5037 3366 5091 Ο
3415 5050 3551 5108 quae
3585 5050 3622 5091 a

1960 5131 2177 5205 primis
2204 5131 2397 5187 aetatis
2428 5135 2543 5185 tuae
2581 5127 2760 5185 annis
2789 5122 3221 5198 corpusculum
3275 5127 3447 5180 tuum
3501 5125 3620 5179 Deo

1958 5220 2195 5279 voluisti
2221 5236 2351 5277 esse
2377 5234 2636 5285 sacrum,
2666 5221 2724 5273 et
2765 5216 2881 5271 hoc
2927 5213 3173 5287 quidem
3229 5211 3622 5271 extenuavisti

1962 5309 2383 5366 exercitatione
2400 5308 2712 5374 diuturna;
2738 5305 3012 5362 animum
3040 5308 3262 5371 autem,
3286 5307 3423 5360 ante
3443 5302 3622 5357 etiam

1965 5414 2153 5472 quam
2179 5413 2253 5454 ex
2281 5397 2395 5454 hac
2419 5396 2541 5453 vita
2555 5396 2858 5468 migraret,
2882 5408 2919 5449 a
2939 5392 3121 5451 rebus
3148 5392 3433 5449 omnibus
3461 5404 3625 5447 crea-

318 5608 433 5680 (13)
463 5609 748 5668 Coluntur
774 5611 829 5668 S.
864 5611 1193 5670 Demetrius
1213 5614 1246 5669 8
1276 5611 1569 5682 Octobris,
1594 5613 1651 5671 S.
1676 5612 1951 5676 Nicolaus
1983 5618 2045 5675 11
2070 5612 2453 5680 Novembris,
2481 5612 2541 5670 S.
2569 5609 2792 5684 Euplus
2820 5610 2887 5666 12
2909 5606 3190 5678 Augusti.

4071 806 4073 957 Ψ
