4084 6206
143 95 222 198 4r-

127 195 130 198 ’
167 195 179 222 ἶ

75 253 92 286 κ.

225 294 322 348 94(
1085 289 1530 344 PRIVILEGIUM
1569 289 1704 344 PRO
1744 277 2186 346 MONASTERIO
2229 286 2732 344 MACRINITISSO.
3480 293 3584 345 942

230 422 391 487 σοφοῦ
425 422 524 467 τῶν
572 415 804 468 παλαιῶν
866 413 1233 486 γνωματευμα.
1295 413 1353 466 Εἰ
1405 409 1462 465 δε
1532 417 1621 464 καὶ
1676 431 1832 464 σπου-

1969 412 2073 476 ari,
2109 411 2319 466 veteris
2349 411 2630 482 sapientis
2660 409 2950 466 sententia
2979 413 3084 466 est.
3119 412 3268 466 Nam
3291 409 3340 464 si
3367 412 3423 465 et
3441 425 3591 482 prae-

229 501 332 565 δῆς
385 506 678 578 παρούσης,
759 507 848 555 καὶ
938 501 1154 574 μελέτης
1202 500 1512 575 ἐμμερίμνου
1545 506 1634 552 καὶ
1695 520 1838 554 συνε-

227 600 366 666 χοῦς
420 593 545 665 ὑπὲρ
596 598 689 643 τοῦ
757 593 1152 664 κατορθωθῆναί
1185 609 1236 641 τι
1278 599 1375 641 τῶν
1436 589 1730 659 ἐπαινετῶν,
1779 594 1836 642 τό

231 677 286 733 δ’
310 677 428 733 οὐδ’
474 678 633 740 οὓτως
681 679 910 754 εὐχερῶς
965 680 1038 740 εἰς
1087 682 1235 754 ἔργον
1289 678 1578 754 προϐαίνει,
1657 685 1746 730 καὶ
1797 682 1840 730 εἰ

229 773 330 823 πού
376 789 430 821 τι
479 774 568 821 καὶ
617 767 905 822 ἀντιϐαῑνον
989 771 1090 838 εἴη,
1157 767 1352 820 πολλῶν
1433 774 1523 821 καὶ
1581 771 1838 843 σθεναρῶν

234 857 584 933 συμπράξεως
631 853 798 910 δεῖται
877 860 1009 931 πρὸς
1092 856 1483 931 τελεσφόρησιν·
1539 856 1708 910 πολλῶ
1783 852 1841 908 δὲ

232 946 426 1020 μᾶλλον
492 941 780 1013 κάντεῦθεν,

232 1035 507 1102 ἀναϐολῆς,
563 1031 962 1109 διαδραμεῐται.
1045 1033 1199 1089 Ἀλλά
1274 1042 1335 1092 τῆ
1415 1038 1504 1108 μὲν
1566 1037 1710 1107 ἡμῶν
1757 1052 1842 1106 με·

229 1129 475 1202 τριότητι
502 1128 621 1198 περὶ
675 1125 867 1176 τούτων
924 1123 1060 1176 οὕτω
1107 1119 1374 1176 διαλαϐεῖν
1425 1124 1695 1196 εὐστόχως
1735 1121 1844 1192 ἐγέ-

232 1234 371 1268 νετο·
421 1215 700 1289 πράγμασι
759 1209 810 1264 δ’
851 1212 1028 1274 αὐτοῖς
1077 1215 1206 1284 ἔγνω
1255 1220 1424 1265 ταῦτα
1469 1220 1712 1266 τοιαῦτα.
1781 1210 1845 1264 Ἡ

233 1306 376 1358 κατὰ
418 1306 513 1362 τὴν
565 1301 760 1375 ἐνορίαν
840 1297 1209 1374 Δημητριάδος
1257 1303 1286 1360 ἠ
1330 1301 1416 1354 ἐπὶ
1471 1303 1844 1374 σταυροπηγίῳ

236 1397 330 1467 μὲν
391 1388 765 1466 πατριαρχικῷ
833 1392 1247 1462 καταπηχθεῑσα
1303 1394 1456 1463 μονὴ,
1506 1389 1583 1442 ἐπ’
1634 1389 1847 1462 ὀνόματι

239 1480 302 1537 δε
361 1479 658 1556 δομηθεῐσα
728 1488 824 1544 τῆς
897 1482 1162 1552 πανάγνου
1233 1485 1563 1554 Θεομήτορος
1606 1484 1697 1532 καὶ
1758 1487 1849 1539 τῆς

237 1573 668 1645 Μακρινιτίσσης
733 1566 1086 1640 ἐπιλεγομένη,
1173 1569 1356 1639 ἔμαθεν
1456 1568 1609 1634 αὕτη,
1693 1562 1845 1627 ἐδάη,

239 1659 316 1721 εἰς
345 1658 641 1731 ἐπιστήμην
672 1653 821 1715 ἦλθεν
867 1655 1078 1732 ἀκριϐῆ.
1132 1654 1235 1724 Ὦς,
1295 1655 1338 1708 εἰ
1383 1660 1567 1730 μικρόν
1634 1675 1686 1707 τι
1743 1653 1848 1706 ἐνέ-

240 1745 456 1810 δωκενς,
491 1745 535 1799 εἰ
565 1744 750 1820 βραχύ
798 1764 851 1797 τι
900 1743 1160 1812 ἀνέπεσεν,
1213 1744 1257 1797 εἰ
1303 1748 1434 1820 πρός
1465 1745 1636 1816 ὀλίγον
1705 1748 1848 1803 ὄκνος

240 1837 408 1896 αὐτὴν
435 1830 718 1908 ὑπέδραμε,
776 1829 1016 1896 κίνδυνος
1067 1837 1157 1886 καὶ
1211 1841 1409 1894 πτῶσις
1481 1838 1599 1909 περὶ
1665 1832 1843 1891 αὐτήν.

242 1931 349 1981 Καὶ
383 1925 439 1978 ἐκ
497 1931 590 1977 τοῦ
635 1927 1036 1999 πατριαρχικὴν
1105 1922 1436 1995 ἀνυψοῦσθαι
1482 1925 1702 1987 ταύτην,
1779 1923 1847 1984 ὡς

237 2017 356 2069 ἔστι
396 2019 486 2067 καὶ
564 2012 991 2087 ἀναγορεύεσθαι,
1047 2011 1347 2084 μεταλλαγὴ
1401 2016 1494 2072 τὴν
1571 2012 1849 2064 ἐπισκοπε-

235 2110 339 2164 χὴν
387 2110 479 2157 τοῦ
549 2097 918 2175 Δημητριάδος
993 2099 1178 2160 κλῆσιν
1240 2100 1646 2174 όνοματίζουσα.
1725 2104 1854 2152 Τίνα

238 2196 347 2270 γὰρ
388 2196 479 2244 καὶ
505 2191 606 2244 ὅσα
665 2193 714 2243 οἱ
761 2191 898 2242 κατά
953 2193 1164 2265 καιροὺς
1221 2188 1489 2265 ἀρχιερεῖς
1547 2189 1851 2263 Δημητριά-

243 2279 343 2344 δος
389 2283 515 2356 ὑπὲρ
583 2287 675 2332 τοῦ
745 2281 938 2336 ταύτην
1014 2283 1106 2338 τὴν
1208 2283 1368 2352 μονὴν
1451 2279 1857 2353 σφετερίσασθαι

243 2370 597 2444 ἠγωνίσαντο,
656 2367 901 2431 καθάπαξ
977 2366 1156 2440 λίχνον
1257 2367 1518 2442 ὀφθαλμόν
1614 2366 1856 2420 ἐπέϐαλον

245 2461 331 2515 ἐπ’
414 2459 728 2528 αὐτὴν;καὶ
795 2460 1040 2530 οὗμενουν
1123 2453 1367 2530 οὐδαμῶς
1446 2457 1741 2529 ἠνείχοντο,
1783 2461 1853 2530 μὴ

251 2547 572 2622 περιϐοήτου
618 2548 856 2599 τοιούτου
932 2544 1092 2598 καλοῦ
1159 2545 1433 2598 καλεῖσθαι
1498 2547 1739 2617 μέτοχοι·
1793 2540 1860 2594 εἶ-

249 2635 348 2692 δον
378 2637 508 2710 ὕψος
555 2640 644 2688 καὶ
710 2640 1047 2708 σεμνώματος
1101 2635 1336 2707 μέγεθος,
1386 2635 1695 2694 ἡττηθέντες
1731 2652 1858 2685 παν-

247 2730 408 2782 τοίων
437 2730 630 2789 οῖησιν,
658 2725 831 2778 πάντα
875 2731 1135 2784 κινοῦντες
1195 2727 1384 2797 τρόπον
1437 2725 1481 2775 εἶ
1531 2742 1636 2784 πως
1666 2721 1856 2796 εὕροιεν

254 2820 319 2871 τό
377 2817 712 2888 ποθούμενον.
791 2812 926 2865 Ἀλλ’
979 2813 1046 2874 εἰς
1099 2815 1270 2886 μάτην
1312 2812 1490 2873 αὐτοῖς
1570 2813 1595 2863 6
1678 2814 1852 2881 πόνος,

248 2908 400 2982 παρά
427 2903 614 2979 φαῦλον
644 2905 712 2956 τὰ
769 2898 1068 2970 διαϐούλια,
1127 2898 1278 2954 οὐδὲν
1343 2910 1439 2963 τῆς
1480 2897 1857 2960 κενοσπουδίας

876 944 936 997 οὗ
981 953 1080 997 τῶν
1124 953 1296 996 κακῶν
1345 945 1570 999 ἐκχυλίει
1634 949 1699 998 τὰ
1746 952 1843 1004 τῆς

1173 1569 1356 1639 ἔμαθεν

247 2996 425 3049 αὐτῶν
453 2993 743 3058 ἀπώναντο,
775 2991 818 3044 εἰ
869 2996 942 3064 μὴ
1005 2996 1094 3044 καὶ
1141 2990 1330 3064 μᾶλλον
1381 2989 1740 3064 ἀσφαλέστερα
1791 2989 1857 3040 τὰ

244 3093 346 3147 τῆς
378 3091 539 3157 μονῆς
576 3085 764 3136 ἔθεντο.
795 3087 889 3144 Οις
924 3083 1024 3156 γὰρ
1061 3082 1092 3138 ἡ
1153 3084 1281 3153 μονὴ
1361 3077 1600 3142 διενέξεις
1647 3077 1704 3130 ἐκ
1764 3083 1855 3129 τοῦ

307 3177 319 3190 Ι
496 3179 517 3190 ~

1875 1789 1920 1843 Β

1946 517 2081 556 sens
2113 500 2398 567 studium,
2426 504 2479 556 et
2519 500 2768 556 sollicita
2809 515 2951 554 cura
2999 503 3177 571 atque
3225 498 3471 555 assidua
3511 499 3590 556 ad

1945 589 2255 661 quidpiam
2275 587 2576 644 laudabile
2591 587 2831 643 feliciter
2844 587 3174 655 gerendum
3201 587 3589 656 adhibeatur;

1945 681 2059 736 hoc
2085 695 2281 752 neque
2306 684 2429 736 tam
2458 679 2627 735 facile
2655 679 2718 734 in
2747 695 2899 751 opus
2937 679 3269 748 deducitur,
3311 683 3368 734 et
3397 677 3593 735 sicubi

1947 769 2173 840 aliquid
2198 768 2565 837 adversetur,
2598 768 2924 824 multorum
2951 784 3020 825 ac
3050 768 3293 824 fortium
3326 768 3591 825 virorum

1947 857 2272 914 ministerio
2284 873 2438 930 opus
2461 861 2568 923 est,
2589 861 2654 913 ut
2674 857 3037 929 perducatur
3066 858 3144 914 ad
3168 858 3374 925 ﬁnem,
3401 858 3590 916 multo

1950 953 2150 1004 autem
2173 947 2388 1016 magis,
2422 946 2471 1000 si
2510 947 2756 1014 caeteris,
2789 946 3012 1019 quibus
3049 962 3143 1002 res
3180 947 3447 1004 involuta
3485 949 3591 1013 est,

1949 1035 2124 1091 malis
2153 1036 2450 1091 cunctatio
2468 1035 2742 1092 addatur.
2771 1036 2884 1092 Sed
2899 1039 3117 1092 nostrae
3129 1036 3377 1109 quidem
3391 1035 3594 1092 mode-

1949 1125 2166 1182 rationi
2204 1125 2380 1181 dehis
2397 1125 2510 1181 ista
2535 1125 2824 1182 disserere
2836 1126 3034 1182 visum
3051 1129 3140 1182 est
3162 1129 3594 1198 opportunum,

1949 1229 2133 1286 reque
2160 1213 2293 1286 ipsa
2321 1213 2604 1269 novimus
2633 1214 2764 1270 haec
2800 1213 2942 1270 talia
2985 1230 3139 1270 esse.
3175 1213 3598 1271 Monasterium

1951 1318 2138 1376 prope
2169 1304 2521 1359 territorium
2542 1303 2932 1360 Demetriadis
2979 1304 3324 1360 subditione
3349 1303 3600 1376 patriar-

1953 1391 2105 1447 chali
2125 1392 2327 1460 situm,
2361 1393 2476 1448 sub
2504 1394 2748 1450 nomine
2777 1393 3130 1450 castissimae
3172 1394 3272 1448 Dei
3299 1393 3512 1462 Matris,
3545 1395 3604 1449 et

1954 1481 2406 1538 Macrinitissum
2437 1481 2683 1550 dictum,
2716 1483 2846 1537 haec
2877 1498 3020 1538 sane
3050 1482 3278 1550 didicit,
3316 1481 3603 1553 novitque

1955 1576 2134 1644 atque
2166 1575 2449 1627 accurata
2469 1571 2681 1643 peritia
2709 1572 2989 1644 percepit.
3027 1574 3174 1628 Cum
3215 1571 3376 1627 enim
3405 1569 3602 1626 modi-

1955 1677 2094 1716 cum
2117 1660 2464 1726 remisisset,
2498 1665 2554 1716 et
2583 1661 2898 1732 paululum
2928 1661 3163 1718 desidia
3200 1664 3475 1732 torperet,
3519 1661 3604 1714 at-

1955 1766 2073 1822 que
2097 1750 2308 1806 inertia
2327 1749 2528 1821 ipsum
2549 1751 3130 1822 comprehendisset,
3143 1750 3354 1822 lapsus
3370 1748 3602 1822 pericu-

1954 1838 2081 1894 lum
2112 1837 2312 1894 statim
2351 1837 2433 1892 illi
2457 1837 2776 1904 imminuit,
2823 1843 3002 1911 atque
3051 1837 3474 1896 transmutatio
3527 1852 3601 1892 ex

1953 1927 2338 2000 patriarchali
2369 1927 2612 1996 ditione,
2665 1927 2780 1983 sub
2805 1944 2928 2000 qua
2957 1929 3399 2001 proclamatum
3452 1929 3598 1994 erat,

1955 2016 2018 2072 in
2030 2015 2433 2088 episcopalem
2451 2016 2840 2072 Demetriadis
2855 2017 3426 2074 denominationem.
3447 2015 3603 2080 Quot

1957 2104 2139 2170 enim,
2173 2109 2231 2160 et
2249 2104 2468 2176 quibus
2495 2104 2692 2160 modis
2723 2106 3108 2162 Demetriadis
3155 2105 3446 2178 episcopi,
3479 2103 3602 2160 suis

1959 2195 2216 2266 quisque
2239 2193 2627 2266 temporibus,
2669 2194 3103 2251 monasterium
3145 2195 3261 2252 hoc
3307 2207 3603 2266 usurpare

1960 2285 2281 2348 tentarunt,
2310 2282 2645 2354 avidosque
2673 2282 2734 2338 in
2755 2283 2958 2355 ipsum
2980 2283 3186 2340 oculos
3215 2283 3549 2354 injecerunt
3576 2281 3606 2339 ‘i’

1963 2371 2087 2427 imo
2104 2387 2245 2428 vero
2265 2387 2422 2441 aegre
2443 2371 2732 2441 ferebant,
2748 2387 2808 2428 se
2829 2388 2954 2428 non
2965 2388 3092 2428 esse
3130 2371 3400 2445 prteclari
3425 2370 3608 2441 hujus

1963 2460 2108 2517 boni
2121 2461 2464 2533 participes;
2489 2466 2780 2518 noverant
2807 2461 3199 2530 altitudinem,
3241 2465 3612 2534 atquevene-

1964 2550 2209 2606 rationis
2237 2549 2740 2618 magnitudinem,
2769 2551 3106 2607 minuentes
3128 2550 3401 2607 omnium
3421 2547 3613 2605 existi-

1964 2640 2302 2708 mationem,
2320 2653 2680 2711 omnemque
2699 2640 3303 2712 moventeslapidem,
3323 2643 3387 2695 ut
3407 2638 3611 2711 aliquo

1941 2729 2148 2794 ,modo
2177 2728 2299 2784 voti
2329 2733 2640 2800 compotes
2670 2729 2896 2786 ﬁerent.
2933 2729 3047 2787 Sed
3072 2729 3135 2786 in
3183 2745 3412 2786 vanum
3466 2726 3613 2801 ipsis

1963 2817 2174 2874 cecidit
2194 2817 2385 2883 labor,
2408 2823 2590 2890 atque
2621 2817 2682 2872 in
2710 2819 2882 2890 pejus
2933 2834 3104 2875 versa
3155 2822 3294 2874 sunt
3335 2815 3606 2887 consilia,

1962 2906 2229 2979 nihilque
2243 2906 2419 2961 inane
2449 2905 2717 2962 studium
2745 2906 2889 2978 ipsis
2915 2905 3158 2978 profuit,
3180 2911 3614 2977 praeterquam-

1962 2995 2126 3068 quod
2147 3010 2242 3050 res
2257 2993 2608 3050 monasterii
2639 2998 2830 3050 certas
2854 2996 3048 3064 magis
3089 2997 3146 3050 et
3183 2993 3426 3050 stabiles
3467 2992 3608 3048 eﬂ‘e-

1964 3087 2187 3140 cerunt.
2209 3082 2437 3148 Quibus
2457 3083 2608 3138 enim
2620 3082 2817 3138 modis
2831 3082 3275 3148 monasterium,
3298 3080 3610 3138 facultates

247 3149 440 3249 μέρους
459 3179 552 3233 τῆς
600 3170 890 3231 ἐπισκοπῆς
931 3149 1313 3243 ’Δημητρ-ιάδος
1360 3170 1490 3240 ἔσχε
1547 3172 1638 3219 καὶ
1685 3167 1856 3239 πράγ-

1967 3176 2021 3228 et
2053 3172 2219 3227 bona
2243 3187 2317 3226 ex
2347 3175 2512 3242 parte
2543 3170 2922 3242 episcopatus
2953 3171 3364 3227 Demetriados
3377 3169 3611 3238 habuit,

243 3280 416 3337 ματα,
445 3263 651 3322 τούτοις
703 3259 956 3332 λαμπρῶς
1020 3263 1112 3310 καὶ
1164 3256 1543 3333 ἀναντῖῤῥὴτως
1601 3273 1856 3329 πατριάρ-

245 3354 392 3426 χικὴ
452 3347 692 3422 ἀνεφάνη.
751 3353 853 3402 Καὶ
892 3351 952 3401 τὸ
1006 3345 1228 3400 ἐντεῦθεν
1323 3343 1678 3415 διαναστᾶσα,
1757 3362 1860 3396 πα·-

245 3446 588 3514 τριαρχικοίς
629 3455 686 3490 τε
743 3439 1106 3512 κατωχυρώθη
1161 3437 1504 3509 ὑπομνήμασι
1550 3443 1650 3486 τῶν
1705 3432 1864 3505 ἁγιω-

251 3531 430 3582 τάτων
458 3534 800 3601 πατριαρχῶν
851 3533 944 3579 τοῦ
1001 3545 1055 3579 τε
1105 3532 1266 3600 κυροῦ
1301 3530 1581 3598 Γερμανοῦ,
1628 3527 1718 3575 καὶ
1772 3528 1864 3573 τοῦ

252 3623 426 3695 κυροῡ
461 3615 728 3673 Μανουὴλ.
764 3618 863 3669 Καὶ
899 3617 999 3689 πρὸ
1055 3623 1154 3666 τῶν
1212 3614 1596 3686 ὑπομνημάτων
1645 3608 1704 3664 δὲ
1748 3611 1866 3662 τού-

255 3728 366 3763 των
420 3705 751 3769 κατεξέτασιν
833 3703 1101 3776 ἀπειλήφει
1155 3711 1247 3756 τοῦ
1322 3706 1614 3778 μακαρίτου
1671 3699 1862 3753 ἐκείνου

258 3794 529 3852 δεσπότου
577 3802 738 3871 χυροῦ
802 3793 1068 3861 Μανουηλ,
1125 3797 1377 3867 φέρουσαν
1435 3791 1715 3866 ἐπιγραφὰς
1774 3791 1863 3840 καὶ

258 3886 432 3940 ἄλ)ων
461 3889 551 3959 μὶν
594 3887 902 3958 ἀρχιερέων,
955 3887 1046 3935 καὶ
1098 3882 1258 3935 αὐτοῦ
1322 3877 1380 3934 δὲ
1428 3888 1518 3933 τοῦ
1568 3878 1864 3952 Δημητριά-

264 3973 366 4038 δος
413 3973 672 4028 Νικολάου
715 3980 807 4025 τοῦ
853 3971 1075 4041 Βλαττῆ,
1139 3979 1231 4024 του
1289 3975 1500 4044 πρώτως
1577 3970 1703 4041 ὑπερ
1775 3973 1864 4026 τῆς

261 4072 434 4139 μονῆς
523 4061 922 4136 ἀμφιϐαλόντος.
980 4064 1080 4115 Καὶ
1193 4064 1516 4134 παρίστησιν
1602 4054 1865 4132 ἀριδὴλως

261 4153 406 4210 αὓτη
436 4154 468 4210 ἡ
499 4151 833 4214 κατεξέτασις
884 4153 953 4211 ὡς
1003 4152 1033 4208 ἡ
1093 4154 1221 4222 μονὴ
1289 4157 1386 4210 τῆς
1443 4150 1866 4221 Μακρινιτίσσης

264 4245 634 4316 πατριάρχικὴ
713 4243 805 4292 καὶ
858 4241 883 4291 ό
957 4234 1327 4312 Δημητριάδος
1400 4235 1670 4310 ἀμετόχως
1740 4235 1866 4306 ὑπὲρ

270 4331 438 4392 αὐτῆς
465 4326 780 4382 διενίστατο.
811 4333 917 4382 Ναὶ
966 4332 1068 4401 μὴν
1119 4333 1209 4380 καὶ
1266 4329 1290 4378 ό
1340 4321 1707 4401 Δημητριάδος
1762 4323 1871 4376 ἐπι-

275 4421 578 4480 σκοπώσας
621 4421 752 4492 μετὰ
822 4420 909 4470 τόν
983 4416 1210 4476 Βλαττῆν
1303 4423 1558 4488 Νεοφυτος
1640 4411 1870 4471 δήλωσιν

1965 3260 2059 3315 his
2071 3263 2354 3332 patenter,
2371 3274 2440 3314 ac
2453 3257 2579 3314 sine
2593 3257 2714 3314 ulla
2726 3263 2893 3314 contr
2904 3258 3198 3315 adictione
3213 3257 3612 3331 patriarchale

1971 3347 2267 3421 apparuit,
2302 3351 2480 3420 atque
2490 3347 2628 3404 hinc
2641 3351 2980 3415 excitatum,
2995 3348 3493 3421 patriarchalibus
3505 3347 3617 3420 hy-

1969 3437 2371 3510 pomnematis
2401 3441 2750 3492 sanctorum
2766 3439 3006 3494 Patrum
3049 3437 3257 3494 domni
3315 3436 3613 3504 Germani,

1970 3530 2027 3581 et
2056 3524 2264 3581 domni
2285 3523 3000 3582 Manuelisconﬁrmatum
3032 3530 3144 3594 est,
3174 3529 3378 3582 etante
3407 3525 3618 3596 hujus-

1969 3613 2136 3670 modi
2165 3613 2639 3686 hypomnemata
2675 3615 3144 3685 recognitionem
3199 3615 3422 3688 recepit
3457 3614 3620 3671 beati

1971 3703 2239 3774 despotae
2265 3701 2495 3759 domini
2531 3703 2814 3759 Manuelis
2839 3703 3127 3761 ferentem
3167 3705 3619 3778 inscriptionem

1969 3792 2225 3849 aliorum
2238 3792 2681 3864 episcoporum,
2698 3793 3004 3867 ipsiusque
3022 3795 3286 3867 episcopi
3299 3793 3620 3850 Demetria-

1970 3881 2062 3937 dis
2091 3880 2312 3938 Nicolai
2340 3881 2562 3949 Blattte,
2594 3881 2698 3953 qui
2720 3883 2982 3953 primum
3005 3883 3079 3939 de
3109 3885 3222 3939 hoc
3248 3880 3617 3939 monasterio

1971 3969 2280 4026 dubitavit.
2320 3970 2574 4042 Ipsaque
2610 3971 2936 4040 recognitio
2975 3972 3255 4042 praeclare
3299 3969 3616 4043 adprobat,

1973 4058 2385 4115 monasterium
2401 4058 2847 4116 Macrinitissum
2860 4059 3252 4130 patriarchale
3262 4058 3616 4128 habendum,

1974 4152 2154 4219 atque
2190 4147 2581 4203 Demetriadis
2622 4147 2974 4219 episcopum
3004 4147 3234 4204 nullam
3271 4147 3620 4204 monasterii

1973 4236 2157 4307 hujus
2217 4235 2585 4292 Macrinitissi
2623 4236 3143 4308 participationem
3189 4236 3430 4293 habere.
3493 4239 3620 4292 Imo

1977 4341 2117 4381 vero
2147 4329 2202 4381 et
2226 4327 2352 4398 ipse
2385 4324 2582 4381 Blattae
2623 4340 2935 4381 successor
2981 4325 3044 4381 in
3086 4325 3436 4399 episcopatu
3478 4329 3622 4383 Neo-

1981 4415 2202 4487 phytus
2213 4413 2680 4470 declarationem
2699 4414 2984 4486 scriptam
3001 4414 3186 4486 dedit,
3213 4421 3392 4488 atque
3415 4417 3626 4471 Deme-

273 4513 537 4584 ἔγγραφον
566 4507 760 4571 ἐξέθετο
816 4511 906 4560 καὶ
960 4507 1134 4576 αὐτὸς,
1177 4510 1268 4559 καὶ
1322 4507 1459 4566 ὅπως
1506 4507 1532 4556 ό
1581 4503 1861 4578 Δημητριά-

1985 4503 2186 4560 triadis
2217 4504 2569 4575 episcopum
2599 4503 2829 4559 nullam
2855 4505 3197 4560 monasterii
3225 4505 3406 4576 hujus
3425 4503 3627 4562 Macri-

277 4598 378 4662 δος
428 4599 489 4651 οὐ
544 4603 755 4674 μετέχει
803 4597 868 4660 είς
921 4602 1016 4657 τὴν
1059 4601 1219 4671 μονὴν
1257 4600 1452 4656 ταύτην
1518 4605 1615 4657 τῆς
1677 4601 1877 4666 Μακρι-

273 4693 544 4756 νιτίσσης,
593 4685 862 4761 διασαφεῖ,
915 4683 1208 4761 άναφανδὸν
1281 4689 1677 4760 πατριαρχικην
1752 4681 1880 4736 εἶναι

275 4781 481 4836 ταύτην
537 4776 820 4850 ὁμολογῶν.
901 4781 1002 4830 Καὶ
1055 4776 1222 4839 ἔξεστι
1268 4784 1340 4847 τῷ
1394 4774 1689 4849 βουλομένῳ
1732 4774 1880 4826 καθέ-

276 4885 460 4922 καστα
494 4874 596 4919 τῶν
653 4862 1022 4939 δικαιωμάτων
1069 4865 1429 4937 ἀναλέγεσθαι,
1478 4869 1568 4916 καὶ
1622 4867 1716 4922 τὴν
1767 4864 1885 4914 τού-

275 4977 384 5013 των
434 4955 800 5030 ἀναγνωρίζειν
872 4951 1114 5026 δύναμιν,
1188 4957 1274 5006 καὶ
1333 4953 1606 5027 γνωρίζειν
1663 4951 1796 5012 ὃπως
1851 4951 1881 5010 ὴ

282 5050 418 5121 μονὴ
448 5049 837 5120 πατριαρχικὴ,
896 5048 986 5097 καὶ
1031 5039 1279 5116 οὐδεμίαν
1327 5046 1558 5115 μετοχὴν
1621 5043 1647 5093 6
1714 5047 1887 5112 Δημη-

279 5131 509 5214 τριάδος
535 5133 584 5187 ἐν
613 5141 740 5194 αὐτῆ
765 5137 1031 5192 κέκτηταιο
1081 5132 1139 5184 οὐ
1169 5135 1320 5205 μόνον
1365 5127 1424 5184 δὲ
1464 5130 1512 5182 ἐν
1569 5130 1724 5196 αὐτῆ,
1781 5128 1888 5181 ἀλλ’

285 5229 410 5280 οὔτε
457 5223 506 5276 ἐν
553 5231 626 5288 τῷ
675 5223 1016 5298 παραλαυρίῳ
1085 5221 1243 5281 αὐτῆς
1294 5229 1366 5292 τῷ
1404 5219 1479 5272 ἐπ’
1534 5219 1748 5292 ὀνόματι
1799 5225 1890 5271 τοῦ

287 5317 446 5368 ὁσίου
493 5311 822 5388 Ὀνουφρίου.
873 5311 995 5364 Ὅτι
1039 5313 1140 5387 γὰρ
1179 5314 1268 5362 καὶ
1325 5311 1350 5361 6
1399 5310 1541 5369 ὅσιος
1599 5309 1894 5382 Ὀνούφριος

289 5406 709 5477 πατριαρχικὸν,
763 5406 822 5454 τό
868 5403 1090 5475 γράμμα
1152 5396 1420 5474 διατρανοῐ
1494 5405 1585 5450 τοῦ
1648 5405 1719 5468 τῷ
1781 5401 1896 5449 τότε

289 5499 466 5564 καιρῷ
491 5493 556 5543 τὰ
591 5493 960 5567 πατριαρχικά
987 5493 1149 5542 ἐκεῖσε
1179 5486 1440 5549 διέποντος
1499 5483 1684 5539 δίκαια
1729 5487 1899 5539 Ἰωάν-

296 5601 391 5636 νου
423 5576 668 5638 διακόνου
705 5588 800 5634 τοῦ
845 5581 1102 5650 ’Δττικοῦ,
1152 5582 1210 5632 τό
1278 5576 1372 5632 διά
1408 5597 1524 5632 τινα
1578 5583 1671 5629 τοῦ
1726 5579 1899 5649 Δημη-

1983 4592 2173 4649 nitissi
2192 4593 2710 4665 participationem
2750 4592 2973 4649 habere
3002 4593 3392 4661 demonstrat,
3423 4593 3663 4666 palam;

1987 4686 2308 4754 aperteque
2339 4680 2735 4754 patriarchale
2764 4681 2910 4738 illud
2939 4697 3069 4738 esse
3097 4682 3515 4755 pronuntians.
3547 4680 3634 4736 Li-

1991 4775 2082 4828 cet
2100 4787 2280 4844 porro
2297 4770 2536 4826 cuilibet
2572 4769 2794 4827 volenti
2811 4771 3049 4839 singula
3076 4771 3470 4827 instrumenta
3497 4783 3633 4840 per-

1989 4860 2205 4931 legere,
2235 4874 2565 4930 eorumque
2606 4858 2731 4914 vim
2775 4858 3240 4930 deprehendere,
3301 4874 3371 4914 ac
3425 4872 3632 4928 nosse,

1993 4949 2302 5022 quomodo
2316 4947 2747 5004 monasterium
2773 4947 3167 5018 patriarchale
3181 4948 3273 5017 sit,
3284 4945 3637 5020 nullamque

1995 5039 2152 5096 illius
2178 5037 2696 5110 participationem
2723 5035 2943 5091 habeat
2993 5035 3382 5093 Demetriadis
3412 5036 3642 5109 episco-

1996 5144 2148 5202 pus:
2177 5142 2300 5182 non
2322 5126 2518 5181 solum
2535 5130 2736 5181 autem
2771 5123 2954 5191 illius,
2989 5123 3096 5180 sed
3132 5141 3328 5199 neque
3375 5125 3643 5184 mdiculaa

1999 5217 2112 5290 ipsi
2138 5217 2437 5288 adjunctae
2472 5214 2585 5270 sub
2623 5213 2865 5269 nomine
2897 5214 3088 5271 sancti
3136 5215 3443 5289 Onuphrii.
3473 5213 3649 5281 Quod

2002 5308 2164 5364 enim
2191 5311 2246 5363 et
2275 5305 2463 5363 sancti
2493 5303 2783 5376 Onuphrii
2812 5303 3068 5360 aedicula
3089 5303 3500 5377 patriarchalis
3550 5303 3647 5373 sit,

2003 5397 2315 5469 perspicue
2345 5394 2685 5451 manifestat
2713 5391 2920 5450 charta
2942 5393 3190 5450 Joannis
3209 5394 3445 5451 diaconi
3459 5392 3652 5462 Attici,

2007 5501 2078 5542 eo
2103 5490 2368 5557 tempore
2381 5483 2802 5556 patriarchalia
2813 5483 2951 5554 jura
2971 5483 3462 5549 administrantis,
3489 5478 3656 5536 facta

2010 5575 2326 5636 occasione
2353 5573 2645 5631 molestiae
2673 5571 2994 5645 cujusdam
3017 5571 3193 5629 illatae
3214 5588 3250 5630 θ.
3269 5567 3656 5648 ῡεωθιτὶᾶάἱξ

3986 0 3990 2 ’

3997 931 4034 988 ς.
