4084 6206
545 275 648 332 943

1747 274 2029 330 ARSENH
2073 274 2174 332 ΟΡ.
2215 274 2704 333 PATRIARCH/E.

3500 4 3577 59 νὀθ
3586 6 3859 99 δ’ῗῖῐῖνή
3880 40 3889 53 -

543 399 848 473 episcopo,
865 395 1237 470 quaaidcirco
1265 394 1514 451 refertur
1535 395 1595 451 in
1628 395 1799 452 dictis
1822 398 2162 470 patriarcha

2301 397 2517 473 τριάδος
2572 402 2963 476 παρενόχλησιν
3040 408 3266 476 γεγονός,
3317 412 3406 458 καὶ
3455 405 3726 482 ἐμφέρεται
3790 415 3917 484 περὶ

544 487 701 545 libus
714 484 1231 560 hypomnematis.
1269 485 1351 541 Ac
1366 484 1711 557 simpliciter
1739 488 1903 559 quod
1928 504 2060 544 vere
2090 504 2193 561 pa-

542 574 879 633 triarchalia
918 574 1036 629 sint
1064 576 1186 629 tam
1234 573 1668 631 monasterium
1714 576 2186 647 Macrinitissum,

539 680 729 737 quam
762 665 944 735 hujus
972 662 1299 736 hospitium
1319 667 1563 719 sanctus
1605 664 1972 737 Onuphrius,
2025 666 2191 725 nulla

539 757 631 810 est
656 751 972 819 dubitatio,
1002 752 1112 809 sed
1150 751 1381 808 clarum
1409 755 1501 808 est
1550 757 1731 825 atque
1771 753 1834 808 in
1891 753 2185 811 confesso.

540 841 934 915 Similiterque
994 840 1336 898 indubitata
1398 840 1722 914 multisque
1778 842 2188 901 instrumentis

539 930 898 989 conﬁrmata
908 930 1026 987 hac
1038 945 1121 999 re,
1137 945 1348 986 rursus
1360 930 1557 1000 magis
1578 929 2029 999 conﬁrmantur,
2051 948 2188 1005 qum

539 1020 621 1079 ad
648 1018 1079 1077 monasterium
1101 1021 1158 1075 et
1173 1018 1269 1089 adj
1282 1022 1525 1074 unctam
1540 1018 1857 1076 aediculam
1871 1022 2186 1093 pertinent.

536 1112 665 1167 Non
694 1108 873 1179 igitur
902 1107 1164 1180 amplius
1194 1105 1431 1164 diﬁerre
1460 1107 1664 1179 voluit,
1698 1108 2186 1166 ardentissimum

536 1214 681 1271 erga
699 1199 829 1256 haec
848 1213 1118 1255 amorem
1145 1196 1434 1264 nutriens,
1467 1198 1698 1268 animo}
1718 1200 1912 1270 magis
1964 1200 2182 1268 adhuc,

534 1304 724 1362 quam
750 1302 1019 1360 corpore,
1046 1285 1467 1343 nobilissimus
1499 1288 1844 1343 Comnenus
1902 1288 2185 1347 dominus

533 1377 812 1435 Nicolaus
840 1375 1180 1434 Maliasinus
1195 1374 1630 1431 moderationis
1684 1377 2186 1448 nostraazdilectis-

536 1467 726 1523 simus
762 1465 946 1521 ﬁlius.
978 1463 1081 1519 Hic
1141 1463 1302 1519 enim
1342 1479 1482 1519 cum
1512 1463 1878 1521 laudabilem
1916 1465 2107 1523 zelum
2147 1483 2185 1525 a

534 1559 704 1628 patre
724 1570 835 1610 suo
845 1554 1023 1609 beato
1054 1552 1361 1609 Comneno
1381 1552 1630 1608 domino
1663 1552 2051 1612 Constantino
2072 1559 2183 1614 Ma-

532 1645 750 1702 liasino
772 1642 1072 1713 derivarit,
1101 1646 1223 1698 toto
1251 1642 1455 1698 animo
1512 1646 1755 1715 totaque
1806 1650 2003 1700 mente
2050 1661 2180 1703 mo-

2299 493 2485 543 τούτου
2516 496 2604 543 καὶ
2634 491 2684 543 ἐν
2713 499 2823 554 τοῖς
2854 490 3241 566 διειλημμένοις
3314 506 3728 568 πατριαρχικαῖς
3783 500 3917 551 ὐπο-

2298 585 2557 651 μνήμασι.
2614 586 2714 634 Καὶ
2773 580 2947 644 ἀπλῶς
2999 584 3080 634 ὅτι
3134 587 3502 658 πατριαρχικά
3541 591 3629 638 καὶ
3702 589 3761 638 τὸ
3812 595 3915 648 τῆς

2298 674 2722 741 Μηκρινιτὶσσης
2759 677 3125 745 μοναστήριον,
3176 678 3261 725 xui
3307 677 3365 725 τὸ
3415 677 3599 725 τούτου
3653 682 3915 748 μετόχιον

2300 758 2326 808 6
2384 759 2529 820 ὅσιος
2576 758 2877 833 Ὀνούφριος
2935 757 3157 834 οὐδεμία
3208 760 3510 834 ἀμφιϐολία,
3571 762 3699 815 ἀλλά
3750 786 3912 837 φανε-

2296 849 2385 920 ρὸν
2432 850 2522 899 xui
2608 848 3031 922 ὁμολογούμενον.
3122 849 3296 924 Ὅμως
3381 848 3434 903 δ’
3481 852 3568 904 οὖν
3621 857 3711 905 καὶ
3741 856 3914 916 οὕτως

2298 934 2647 1007 ἀναμφιϐόλου
2694 942 2782 989 καὶ
2831 937 3035 999 πολλοῖς
3082 938 3131 991 έν
3179 935 3507 1012 δικαιώμασι
3553 939 3766 1013 βεϐαίου
3809 950 3912 995 τοῦ

2294 1025 2616 1098 πράγματος,
2647 1021 2763 1078 οὐδ’
2792 1027 2946 1089 αὖθις
2985 1032 3057 1099 μὴ
3108 1032 3199 1080 xui
3254 1028 3426 1081 πλεῖον
3475 1029 3773 1105 ἓνστηρίξαι
3844 1037 3914 1083 τά

2294 1121 2385 1173 τῆς
2409 1122 2570 1185 μονῆς
2589 1120 2679 1167 καὶ
2706 1123 2800 1167 τοῦ
2856 1116 3218 1192 παραλαυρίου
3275 1117 3441 1180 αὐτῆς
3497 1121 3701 1172 τούτου.
3760 1120 3913 1173 Οὔκ-

2294 1220 2382 1254 ουν
2445 1198 2786 1256 οὐδοπωσοῦν
2862 1200 3191 1258 διανεϐαλετο
3270 1207 3295 1258 6
3353 1206 3481 1282 ὑπερ
3533 1210 3725 1261 τούτων
3780 1206 3911 1262 διοί-

2293 1309 2457 1365 πυρον
2510 1290 2718 1367 φίλτρον
2774 1297 2989 1368 τρέφων,
3035 1296 3062 1346 6
3110 1299 3200 1347 xui
3262 1294 3449 1368 ψυχὴν
3500 1296 3604 1369 οὐχ
3657 1294 3819 1356 ἦττον
3872 1301 3903 1359 ᾖ

2292 1382 2429 1433 κατὰ
2468 1389 2621 1454 σῶμα
2674 1382 2717 1434 εἰ
2754 1386 2825 1455 μὴ
2881 1388 2971 1436 καὶ
3026 1383 3215 1457 μᾶλλον
3262 1384 3626 1457 εὐγενέστατος
3677 1388 3703 1439 6
3755 1395 3906 1462 Κομο

2290 1471 2439 1529 νηνὸς
2491 1473 2651 1545 κυρός
2698 1471 2956 1534 Νικόλαος
3004 1474 3030 1524 6
3091 1472 3448 1546 Μαλιασηνὸς,
3501 1478 3561 1527 τὸ
3613 1484 3704 1537 τῆς
3744 1478 3902 1550 ἡμῶν

2289 1562 2625 1634 μετριότητος
2678 1559 2948 1631 ἀγαπητὸν
3021 1566 3213 1617 τέκνον,
3289 1563 3452 1624 Οὗτος
3501 1568 3621 1640 γὰρ,
3696 1565 3903 1620 ἐπαινε-

2287 1649 2373 1699 τὸν
2402 1647 2557 1708 ζῆλον
2605 1648 2869 1702 ἀναλαϐὼν
2924 1657 3015 1702 τοῦ
3074 1655 3270 1725 πατρὸς
3319 1652 3479 1705 αὐτοῦ
3532 1662 3624 1707 τοῦ
3668 1664 3901 1729 μακαρίο

532 1732 776 1791 nasterii
825 1731 1008 1803 hujus
1066 1729 1456 1800 Macrinitissi,
1516 1735 1573 1787 et
1614 1731 1855 1804 hospitii
1906 1734 2166 1804 ejusdem

2289 1754 2381 1789 του
2413 1735 2604 1790 ἐκείνου
2666 1745 2934 1811 Κομνηνοῡ
2981 1748 3144 1814 κυροῡ
3194 1747 3580 1796 Κωνσταντίνου
3636 1753 3729 1797 τοῦ
3781 1753 3900 1801 Mu-

530 1823 845 1880 utilitatem
856 1819 1123 1887 anhelat;
1142 1819 1311 1876 ardet
1326 1818 1573 1876 omnino
1594 1835 1704 1892 pro
1725 1820 2178 1881 conﬁrmatione

528 1917 587 1969 et
622 1911 903 1968 beneﬁtio
945 1924 1175 1977 eorum,
1226 1909 1710 1981 tranquillitatem
1762 1914 1940 1982 atque
1983 1914 2176 1969 omni-

524 2001 777 2059 modam
791 2000 1031 2057 illorum
1075 1997 1408 2054 libertatem
1446 1997 1765 2071 desiderat,
1808 2015 2175 2075 omnemque

521 2092 796 2149 laborem
821 2090 883 2146 in
910 2089 1027 2145 hoc
1056 2103 1210 2161 opus
1223 2088 1479 2144 confert:
1503 2088 1794 2160 quoniam
1809 2098 2175 2149 memoratus

524 2182 658 2254 ejus
688 2184 858 2255 pater
885 2178 1100 2236 beatus
1137 2176 1233 2234 ille
1274 2178 1533 2234 multum
1560 2178 1875 2243 laboravit,
1903 2186 1960 2238 et
1988 2182 2172 2255 pluri-

524 2287 693 2329 mam
717 2267 992 2327 adhibuit
1012 2282 1221 2324 curam
1250 2266 1329 2323 ad
1359 2268 1793 2324 monasterium
1812 2269 2173 2327 conﬁrman-

523 2360 693 2431 dum,
725 2362 791 2415 ut
818 2355 1161 2430 simpliciter
1184 2354 1407 2421 dicam,
1439 2355 1618 2428 quale
1664 2357 1848 2414 modo
1898 2363 1988 2415 est
2043 2359 2171 2430 (sed

519 2448 657 2506 licet
680 2448 795 2505 hoc
809 2461 1011 2514 nosse,
1040 2448 1220 2517 atque
1236 2444 1573 2517 perspicere
1602 2444 1660 2500 in
1675 2446 2172 2518 patriarchalibus

519 2538 775 2596 relatum
790 2534 1277 2609 hypomnematis
1307 2536 1345 2605 ).
1378 2534 1479 2589 Hic
1517 2534 1696 2604 igitur
1751 2551 1888 2592 vere
1909 2536 2171 2607 religiosi

519 2627 707 2700 patris
734 2625 1046 2695 religiosus
1072 2622 1255 2691 ﬁlius,
1303 2621 1517 2678 divinis
1585 2625 1834 2680 omnino
1885 2624 2166 2696 intentus,

519 2721 956 2789 paternamque
987 2728 1198 2770 curam
1212 2713 1275 2768 in
1299 2712 1544 2785 iis,qua3
1573 2713 1650 2768 ad
1666 2714 2165 2787 Deum‘spectant,

519 2805 793 2863 aemulari
822 2818 1207 2876 summopere
1220 2802 1488 2871 studens,
1510 2802 1718 2874 quales
1741 2819 1863 2859 non
1894 2804 2169 2862 adhibuit

516 2911 724 2968 preces
752 2893 917 2967 apud
955 2891 1433 2949 moderationem
1462 2907 1683 2954 meam,
1711 2898 1931 2964 quotve
1962 2900 2167 2965 postu-

516 2982 841 3042 lationibus
865 2996 1110 3037 exorare
1137 2995 1259 3036 non
1281 2979 1501 3035 destitit
1522 2995 1645 3036 non
1676 2980 1893 3046 solum,
1924 2988 1990 3037 ut
2015 2998 2166 3054 prae-

516 3074 722 3133 berem
750 3070 1117 3131 monasterio
1141 3069 1280 3126 huic
1311 3084 1513 3125 meum
1534 3068 1967 3141 hypomnema,
1987 3072 2091 3127 sed
2106 3076 2163 3128 et

2287 1824 2671 1896 λιασηνοῦ,ὂλη
2721 1827 2876 1900 ψυχῆ
2930 1834 3020 1881 καὶ
3071 1835 3248 1903 γνώμη
3288 1830 3378 1889 ὅλη
3437 1837 3574 1885 πνέει
3618 1834 3746 1909 ὑπὲρ
3798 1845 3898 1899 τῆς

2285 1917 2448 1987 μονῆς
2474 1918 2665 1977 ταύτης
2711 1924 2809 1980 τῆς
2854 1924 3279 1991 Μακρινιτίσσης
3344 1926 3434 1974 καὶ
3485 1929 3577 1975 τοῦ
3631 1930 3895 1997 μετοχίου

2284 2003 2467 2066 αὐτῆς·
2530 2002 2747 2059 σπεύδει
2806 2008 2932 2081 ὑπὲρ
3002 2012 3309 2071 συστάσεως
3368 2010 3535 2062 αὐτῶν
3579 2017 3668 2065 καὶ
3714 2011 3898 2068 ἐπιδό-

2286 2111 2434 2161 σεως,
2489 2098 2579 2147 καὶ
2626 2097 2682 2147 τὸ
2732 2093 3153 2171 ἀπαρενόχλητον
3202 2103 3291 2151 καὶ
3325 2095 3663 2153 ἀδιάσειστον
3692 2104 3891 2154 τούτων

2280 2183 2448 2248 ποθεῖ,
2506 2188 2596 2235 καὶ
2660 2185 2831 2237 πάντα
2911 2189 3064 2238 πόνον
3130 2187 3257 2262 ὑπὲρ
3335 2190 3518 2241 τούτου
3578 2191 3887 2261 ὑφίσταται.

2281 2269 2425 2323 Ἐπεί
2474 2276 2556 2323 τοί
2623 2291 2682 2344 γε
2758 2278 2847 2326 καὶ
2918 2276 2943 2326 6
2998 2277 3364 2347 μνημονευθεὶς
3423 2279 3607 2330 τούτου
3656 2284 3886 2355 πατὴρό

2279 2365 2575 2436 μακαρίτης
2639 2360 2828 2423 ἐκεῖνος
2899 2363 3179 2436 πάμπολλα
3252 2369 3553 2419 κεκοπίακεν
3616 2369 3743 2442 ὑπὲρ
3794 2378 3884 2422 τοῦ

2278 2453 2373 2507 την
2410 2453 2571 2521 μόνην
2623 2461 2983 2518 καταστῆσαι,
3035 2451 3209 2514 ἁπλῶς
3269 2455 3445 2527 φάναι,
3505 2456 3575 2518 εἰς
3626 2454 3652 2507 ὃ
3720 2456 3881 2514 ἐστιν.

2276 2536 2416 2591 Ἀλλ’
2465 2538 2577 2602 ἐξὸν
2621 2547 2775 2593 τοῦτο
2831 2543 3132 2613 γνωσθῆναι
3170 2541 3219 2594 ἐν
3284 2546 3390 2605 τοῖς
3470 2557 3883 2622 πατριαρχικοῖς

2279 2625 2616 2700 ἐμφερόμενον
2656 2630 3045 2703 ὑπομνήμασιν.
3103 2628 3268 2695 Οὗτος
3316 2630 3366 2686 δ’
3419 2634 3507 2687 οὖν
3559 2638 3585 2687 6
3626 2634 3678 2687 έν
3704 2640 3874 2711 ἔργοις

2280 2716 2558 2788 θεαρέστου
2610 2721 2804 2786 πατρὸς
2890 2721 3165 2794 θεάρεστος
3204 2724 3338 2789 υίὸς,
3392 2724 3419 2774 6
3486 2725 3740 2796 θεάρεστα
3794 2733 3881 2779 καὶ

2279 2802 2646 2878 βουλευόμενος
2692 2811 2782 2859 καὶ
2855 2804 3321 2883 διαπραττόμενος,
3370 2817 3459 2863 καὶ
3510 2810 3753 2866 σπεύδων
3811 2821 3877 2887 μὲ

2278 2893 2557 2965 ἀπολεῖψαι
2591 2903 2686 2957 τῆς
2715 2905 2977 2969 πατρικῆς
3019 2896 3261 2961 σπουδῆς
3310 2898 3358 2951 έν
3406 2908 3516 2961 τοῖς
3572 2900 3688 2955 Θεῶ
3757 2900 3879 2956 δια-

2277 2986 2515 3054 φέρουσι,
2576 2991 2704 3036 ποῖα
2752 2991 2845 3043 τὴν
2904 2988 3045 3057 ἡμῶν
3102 2992 3160 3039 οὺ
3225 2989 3612 3064 παραλήτευσε
3660 2999 3876 3066 μητριό-

2273 3089 2439 3140 τητα;
2468 3078 2611 3125 πόσα
2660 3073 2719 3125 οὐ
2773 3076 3280 3146 καθικέτευσεν;ου
3356 3084 3475 3153 περὶ
3554 3089 3647 3133 τοῦ
3704 3085 3877 3157 επορε-

514 3165 779 3240 prtefecti
811 3162 1160 3220 electionem
1184 3164 1241 3217 et
1277 3160 1570 3222 ordinem,
1602 3160 1777 3217 valde
1807 3161 2163 3235 deprecatus

2275 3162 2474 3233 χθῆναι
2527 3167 2680 3234 μόνον
2731 3172 2794 3223 τῆ
2858 3171 2987 3236 μονῆ
3041 3168 3207 3225 ταύτη
3256 3171 3346 3220 καὶ
3408 3148 3684 3241 ημεδαπὸν
3758 3148 3877 3226 ὑπό·

516 3259 608 3314 est
634 3258 692 3311 et
751 3252 1019 3309 maximo
1070 3249 1303 3307 ardoris
1332 3248 1580 3305 fervoris
1601 3265 1718 3321 que
1740 3250 1967 3323 impetu
1992 3252 2166 3310 obse-

515 3343 743 3412 crabat,
776 3342 1167 3414 impenseque
1192 3338 1450 3409 rogabat
1489 3337 1942 3410 supplicationis
1980 3340 2164 3399 ﬁnem

513 3433 738 3490 videre.
766 3433 833 3487 Et
852 3429 948 3486 hic
977 3428 1224 3501 quidem
1264 3443 1575 3483 summum
1605 3442 1749 3497 erga
1780 3430 1964 3484 Deum
1995 3446 2162 3487 amo-

512 3538 644 3579 rem
663 3521 780 3577 hoc
808 3517 994 3575 modo
1015 3516 1273 3572 ostendit
1305 3514 1667 3572 :moderatio
1680 3520 1881 3571 autem
1903 3534 2040 3575 mea
2060 3535 2163 3592 op-

515 3609 663 3666 timo
689 3605 999 3679 proposito
1028 3604 1287 3673 benigne
1315 3618 1612 3671 annuens,
1643 3604 1932 3677 piumque
1983 3607 2161 3680 hujus

513 3697 623 3754 viri
649 3700 856 3753 votum
887 3692 1243 3766 adimplens,
1268 3707 1529 3764 praesens
1550 3693 1915 3750 omnimodae
1939 3695 2160 3753 immu-

512 3785 715 3844 nitatis
742 3785 1155 3857 hypomnema
1193 3780 1450 3847 exhibet,
1472 3780 1676 3838 virtute
1707 3782 1901 3854 cujus,
1948 3788 2005 3840 et
2036 3786 2160 3857 Spi-

511 3877 654 3934 ritus
676 3874 864 3933 sancti
889 3872 1099 3947 gratia,
1149 3870 1377 3937 deﬁnit,
1428 3871 1674 3927 omnino
1721 3870 1977 3928 liberum
2030 3889 2159 3931 esse

511 3966 739 4023 dictum
794 3961 1227 4020 monasterium
1288 3960 1765 4029 Macrinitissum,
1843 3962 2159 4035 ipsiusque

510 4054 840 4128 hospitium
869 4054 1143 4109 sanctum
1192 4048 1589 4121 Onuphrium,
1648 4053 1850 4121 utpote
1893 4067 2029 4124 quae
2056 4068 2160 4125 pa-

509 4142 852 4201 triarchalia
879 4141 1064 4197 modo
1087 4143 1246 4206 sunt,
1272 4154 1341 4193 ac
1358 4153 1594 4210 semper
1607 4144 1798 4205 erunt,
1814 4145 1870 4195 et
1885 4141 2157 4198 nomina-

506 4234 755 4301 buntur,
780 4230 1115 4286 secundum
1131 4244 1223 4299 ea,
1254 4227 1477 4299 quibus
1532 4228 1818 4283 instructa
1866 4235 2024 4299 sunt,
2069 4230 2158 4287 di-

507 4322 782 4395 plomata
819 4324 1001 4391 atque
1015 4316 1437 4390 patriarchalia
1469 4316 1947 4388 hypomnemata
1982 4335 2157 4376 sanc-

508 4415 707 4467 torum
729 4407 1205 4481 patriarcharum
1226 4410 1675 4461 antecessorum
1696 4420 1992 4461 meorum.
2026 4408 2135 4464 Nul

2273 3269 2471 3323 μνημα,
2519 3249 2647 3304 ἀλλά
2695 3257 2785 3305 καὶ
2828 3258 2945 3328 περὶ
2993 3261 3086 3316 τῆς
3151 3262 3241 3309 τοῦ
3319 3258 3606 3330 ἡγουμένου
3660 3258 3876 3332 ἐκλογῆς

2272 3344 2361 3391 καὶ
2414 3338 2577 3403 τάξως
2622 3340 2780 3393 πολὺν
2832 3340 3152 3417 παρεξέτεινε
3204 3348 3291 3397 τὸν
3337 3347 3530 3399 ἱκέσιον
3581 3353 3717 3421 μετά
3772 3352 3879 3423 θερ-

2270 3435 2376 3499 μῆς
2400 3432 2489 3480 καὶ
2546 3430 2770 3490 ζεούσης
2820 3432 2981 3503 ὁρμῆς
3032 3431 3308 3500 ἠντιϐόλει,
3360 3433 3666 3509 έξελιπάρει,
3729 3444 3876 3514 πέρας

2268 3524 2365 3577 τῆς
2416 3516 2612 3577 ἱκεσίας
2671 3515 2817 3572 ἰδεῖν.
2885 3517 3020 3571 Ἀλλ’
3074 3516 3226 3583 οὗτος
3275 3524 3367 3593 μὲν
3412 3531 3633 3576 τοιαῦτα
3683 3530 3782 3585 τὴν
3815 3526 3877 3586 εἰς

2269 3610 2396 3659 Θεὸν
2460 3606 2668 3678 ἀγάπην
2746 3605 2949 3671 δεικνὺς
3012 3615 3106 3669 τὴν
3160 3612 3343 3669 αὐτοῦ.
3373 3611 3430 3665 Ἡ
3485 3610 3545 3667 δὲ
3599 3622 3876 3691 μετριότης

2269 3696 2414 3767 ἡμῶν
2440 3703 2532 3757 τῆς
2574 3697 2775 3767 ἀγαθῆς
2828 3699 3120 3771 προθέσεως
3166 3697 3524 3774 ἀποδεξαμένη
3570 3708 3657 3755 τὸν
3707 3702 3878 3780 ἄνδρα

2266 3789 2357 3836 καὶ
2382 3789 2473 3843 τὴν
2501 3784 2664 3837 αὑτοῦ
2722 3788 2991 3862 θεάρεστον
3043 3792 3243 3841 ίκεσίαν
3295 3789 3590 3863 πληροῦσα,
3648 3797 3708 3846 τὸ
3756 3815 3879 3868 παρ-

2267 3875 2321 3925 ὸν
2370 3882 2459 3933 τῆς
2529 3874 2807 3936 καθολικῆς
2848 3874 3133 3950 ἐλευθερίας
3230 3876 3497 3938 ἐκτίθησιν
3568 3882 3875 3962 ὑπόμνημα⁹

2268 3956 2341 4012 δι’
2373 3958 2432 4014 οὖ
2482 3967 2570 4015 καὶ
2601 3961 2648 4014 έν
2699 3962 2834 4035 ἁγίῳ
2886 3968 3145 4037 Πνεὺματι
3196 3963 3487 4042 διορίζεται
3537 3956 3877 4026 παντάπασιν

2267 4048 2529 4126 ἐλευθέραν
2593 4071 2721 4104 ειναι
2794 4058 2882 4111 τήν
2952 4072 3005 4107 τε
3069 4055 3319 4129 ῥηθεῖσαν
3370 4064 3461 4119 τῆς
3502 4061 3875 4134 Μακρινίσσης

2265 4143 2560 4211 μονὴν,καὶ
2596 4144 2654 4192 τὸ
2701 4144 2894 4203 ταύτης
2945 4148 3190 4215 μετόχιον
3234 4148 3321 4197 τὸν
3372 4147 3518 4218 ἅγιον
3568 4149 3876 4226 Ὀνούφριον

2265 4229 2335 4289 ὡς
2365 4231 2731 4303 πατριαρχικά
2768 4236 2859 4283 καὶ
2907 4235 3029 4283 ὄντα
3066 4239 3156 4285 καὶ
3209 4233 3351 4287 ἐσαεὶ
3410 4234 3633 4309 ἐσόμενά
3668 4258 3731 4291 τε
3787 4261 3875 4294 και

2266 4315 2731 4391 ὀνομασθησόμενα
2786 4323 2922 4372 κατά
2990 4323 3055 4373 τά
3102 4328 3367 4398 προσόντα
3419 4325 3594 4387 αὐτοῖς
3656 4323 3875 4381 δικαιῶ·

2264 4425 2407 4478 ματα
2456 4412 2546 4460 καὶ
2622 4410 2691 4460 τὰ
2763 4413 3131 4485 πατριαρχικά
3200 4413 3547 4485 ὑπομνήματα
3615 4425 3719 4469 τῶν
3770 4424 3873 4492 πρὸ

506 4498 601 4555 lus
612 4497 790 4569 igitur
800 4495 1071 4553 omnium
1086 4493 1392 4564 ordinum,
1412 4495 1533 4549 sive
1548 4492 2006 4565 ecclesiasticus,
2031 4497 2157 4554 sive

2275 4495 2409 4567 ᾓμῶν
2439 4495 2739 4568 ἁγιωτάτων
2765 4509 3130 4573 πατριαρχῶν.
3168 4498 3361 4565 Οὐδεὶς
3386 4504 3496 4555 ὀὖν
3550 4513 3653 4556 τῶν
3710 4507 3876 4560 ἁπαν·

502 4587 713 4655 laicus,
739 4586 862 4643 sive
886 4588 1145 4653 senator,
1175 4583 1299 4639 sive
1350 4581 1625 4654 specialis
1678 4582 1984 4655 quaepiam
2027 4602 2159 4657 per-

502 4694 655 4737 sona
680 4675 902 4735 audeat
930 4688 1204 4745 unquam
1227 4671 1328 4742 jus
1367 4670 1613 4742 aliquod
1635 4671 1698 4726 in
1741 4670 1811 4726 iis
1837 4687 2153 4732 revocare:

504 4768 609 4826 sed
664 4780 861 4840 neque
910 4762 1017 4837 qui
1043 4776 1154 4835 pro
1204 4765 1471 4833 tempore
1520 4758 1695 4816 fuerit
1764 4763 2155 4821 Demetriadis

503 4858 844 4930 episcOpus,
868 4852 1162 4911 rationem
1191 4849 1412 4906 habeat
1450 4852 1556 4903 aut
1578 4848 1677 4919 jus
1738 4849 2072 4921 quodpiam
2093 4853 2154 4909 in

501 4945 731 5001 dictum
773 4942 1231 5008 monasterium,
1281 4937 1376 4994 vel
1422 4942 1700 4993 sanctum
1749 4939 2149 5011 Onuphrium.

501 5033 753 5105 Speciali
796 5034 956 5090 enim
1010 5030 1239 5088 ratione
1292 5026 1461 5084 illum
1516 5026 1776 5084 excludit
1818 5028 2151 5088 moderatio

500 5137 661 5192 mea,
699 5126 901 5191 utpote
930 5121 1035 5193 qui
1073 5119 1387 5176 turbarum
1426 5133 1609 5174 causa
1653 5117 1714 5173 in
1782 5120 2149 5179 monasterio

499 5226 630 5269 esse
658 5209 864 5268 soleat.
895 5213 1027 5266 Hinc
1047 5209 1129 5266 ita
1144 5207 1355 5264 deﬁnit
1408 5206 1739 5263 moderatio
1790 5223 1948 5278 mea,
1980 5214 2038 5266 et
2063 5210 2149 5268 in-

498 5304 784 5357 temerata
811 5299 871 5354 in
918 5303 1266 5371 perpetuum
1314 5311 1553 5353 servare
1590 5297 1861 5369 cupiens,
1908 5313 2147 5356 excom-

495 5388 966 5446 municationem
987 5386 1199 5457 inﬂigit
1223 5401 1260 5441 a
1278 5384 1517 5442 viviﬁca
1548 5385 1821 5443 Trinitate
1852 5386 2145 5445 adversus

496 5494 633 5550 eos,
664 5478 772 5553 qui
827 5476 1123 5548 abrogare
1171 5474 1524 5533 tentaverint
1574 5475 1891 5549 quidpiam
1934 5491 2145 5535 eorum

492 5584 632 5645 quae
660 5567 910 5628 deﬁnita
938 5570 1120 5637 sunt;
1170 5566 1786 5627 excommunicatione
1841 5565 2136 5640 damnati,

2262 4602 2362 4637 των
2390 4588 2489 4639 εἴτε
2543 4585 3001 4656 ἕκκλησιαστικός,
3058 4593 3087 4648 ἣ
3152 4587 3503 4663 δημοσιακὸς,
3548 4594 3577 4652 ἢ
3637 4597 3875 4667 συγκλη-

2262 4677 2426 4744 τικὸς,
2460 4679 2489 4733 ἥ
2531 4673 2794 4730 ἰδιωτικόν
2824 4683 3099 4753 πρόσωπον
3130 4679 3379 4753 τολμήσει
3409 4687 3614 4735 πώποτε
3653 4680 3693 4736 δ
3696 4690 3870 4739 ίκαιόν

2260 4783 2313 4816 τι
2345 4762 2767 4819 ἀνακαλέσασθαι
2805 4765 2859 4819 ἐκ
2907 4766 3103 4829 αὐτοῖς.
3133 4768 3272 4823 Ἀλλ’
3301 4767 3427 4824 οὐδὲ
3479 4771 3632 4833 αὐτὸς
3676 4774 3705 4826 6
3732 4778 3871 4829 κατὰ

2260 4857 2472 4929 καιροὺς
2501 4852 2870 4930 Δημητριάδος
2889 4855 3171 4920 ἐπίσκοπος
3219 4857 3371 4932 λόγον
3409 4860 3509 4923 ἔξει
3560 4861 3591 4919 ἦ
3653 4858 3868 4917 δικαιο-

2259 4941 2436 5014 λογίαν
2464 4946 2583 4998 τινά
2611 4945 2679 5007 εἰς
2708 4950 2801 5004 τὴν
2833 4947 3085 5021 ῥηθεῖσαν
3136 4952 3296 5020 μονὴν
3356 4950 3386 5009 ἦ
3458 4950 3526 5011 εἰς
3570 4953 3659 5003 τὸν
3714 4950 3867 5025 ἀγιον

2259 5028 2580 5109 Ὀνούφριον.
2639 5032 2949 5108 ’Ῑδικωτέρω
3005 5041 3093 5090 καὶ
3157 5039 3259 5111 γάρ
3311 5038 3446 5111 λόγῳ
3495 5039 3868 5115 ἀποπέμπεται

2257 5122 2287 5179 ἡ
2330 5127 2604 5198 μετριότης
2633 5130 2777 5196 ημῶν
2804 5131 3006 5192 τοῦτον,
3040 5129 3105 5186 ὡς
3156 5126 3310 5180 αὐτόν
3365 5148 3489 5181 ποτε
3537 5138 3636 5182 τῶν
3693 5130 3866 5204 ὀχλη-

2258 5229 2385 5263 σεων
2412 5214 2573 5265 αἴτιον
2606 5220 2668 5271 τῆ
2723 5223 2875 5285 μονὴ.
2926 5221 3106 5268 Ταῦτα
3159 5215 3292 5268 οὕτω
3343 5213 3633 5292 διορίζεται
3678 5222 3713 5278 ἠ
3774 5239 3863 5293 με-

2254 5304 2460 5373 τριότης
2516 5303 2680 5373 ἡμῶν
2748 5308 2838 5356 xui
2910 5301 3224 5378 ἀπαράϐατα
3300 5302 3672 5381 διατηρεῖσθαι
3727 5307 3859 5381 βου-

2252 5387 2435 5462 λομένη
2491 5389 2558 5451 εἰς
2612 5387 2851 5460 δινέκειν,
2883 5391 3175 5467 ἀφορισμὸν
3290 5395 3504 5451 έπισείεί
3595 5400 3685 5450 τὸν
3754 5396 3857 5451 ἀπὸ

2251 5488 2346 5542 τῆς
2394 5481 2705 5556 ζωαρχικῆς
2782 5479 3010 5556 Τριάδος
3060 5487 3197 5538 κατὰ
3244 5495 3343 5538 τῶν
3386 5489 3747 5547 ἀθετησόντων
3802 5509 3857 5544 τι

2250 5577 2349 5622 τῶν
2393 5565 2770 5646 διωρισμένων.
2822 5570 2962 5626 Ἀλλ’
3013 5576 3093 5627 ὅτι
3142 5577 3232 5645 μὲν
3281 5572 3581 5632 ἁλίσκονται
3616 5588 3689 5650 τῷ
3727 5583 3855 5653 ἀφο-
