2042 3103
92 170 151 198 945

89 234 187 268 ρισμῷ
219 232 244 258 οἱ
281 230 408 260 ἀθετῆσαί
433 240 460 257 τι
482 234 532 257 τῶν
562 231 746 268 εντεταλμένων
774 233 899 269 πειραθη-

90 279 214 312 σόμενοι,
230 277 348 302 ἴστωσαν
358 278 435 302 τοῦτο
461 275 546 302 αὐτοῦ
572 276 587 306 ἡ
613 274 642 303 δι
665 278 801 314 μετριότης
826 278 899 313 ἡμῶν

89 323 141 347 καὶ
157 322 219 358 μερὶ
228 324 274 351 τῆς
288 319 395 357 ἂκλογῆς
418 323 464 346 τοῦ
490 319 515 347 ἄν
540 324 571 357 τῇ
604 325 668 358 μονῇ
695 326 743 353 τῆς
769 325 899 358 Μακρινι-

90 366 194 395 τίσσης
216 368 379 401 προεστῶτος
405 367 489 391 ταῦτα
525 363 660 393 διατυποῖ.
686 365 797 393 Ὀπόταν
821 367 900 402 ἡγού-

90 418 172 445 μενος
200 413 250 435 τῶν
277 413 363 445 χρεῶν
392 408 581 447 λειτουργήσας
606 411 670 447 πρὸς
699 411 793 447 Κύριον
817 408 899 439 ἐκδη-

90 456 186 490 μήση,
201 454 313 489 γινέσθω
331 452 423 489 ὶκλογὴ
457 457 618 490 προεστῶτος
641 455 692 481 ὑπὸ
719 456 822 482 πάντων
849 459 899 482 τῶν

91 496 215 534 ἀδελφῶν
239 497 293 535 μετ’
332 496 458 530 εἰδήσεως
492 501 537 525 καὶ
571 503 617 525 τοῦ
647 499 777 536 θεοφιλοῦς
804 498 901 538 ἀνδρὸς

90 544 192 569 τούτου
216 546 262 569 τοῦ
287 542 471 578 εὐγενεστάτου
496 546 631 580 Κομνηνοῦ
658 548 740 580 κυροῦ
770 545 898 572 Νικολάου

91 586 280 623 Μαλιασηνοῦ,
313 590 360 614 τοῦ
394 587 514 614 πλεῖστον
552 589 612 615 ὅσον
645 591 820 625 πνευματικὸν
854 599 899 616 κε-

89 634 224 668 κτημένου
239 633 322 669 ἔρωτα
339 633 405 669 πρὸς
422 634 468 662 τὴν
491 635 571 669 μονήν
591 634 688 663 ταύτην
712 635 804 661 καὶτὰ
829 635 896 665 αὖτῆ

92 675 263 713 διαφέροντα.
281 676 356 703 Οὕτω
380 678 431 715 γὰρ
461 676 583 714 βούλεται
612 679 628 708 ἡ
657 680 791 716 μετριότης
815 680 898 715 ἡμῶν,

90 721 138 747 ἶνα
150 723 197 747 καὶ
217 721 272 757 μετ’
288 721 368 748 αὐτοῦ
382 724 487 758 γίνηται
502 723 516 751 ἡ
546 726 593 749 τοῦ
618 723 763 760 ἡγουμένου
795 723 899 760 ἐκλογὴ.

89 766 137 796 Εἰς
152 765 230 792 αὐτὸν
244 766 295 803 γὰρ
308 768 354 791 καὶ
386 766 422 797 εἰς
445 768 505 798 τοὺς
542 765 669 803 ἀδελφοὺς
697 767 813 799 ἅπαντας
839 770 900 800 τοὺς

90 809 117 836 ἄν
133 813 165 846 τῇ
196 814 261 847 μονῇ
292 809 433 840 ἀνατίθησι
460 812 494 837 τὰ
520 815 568 842 τῆς
589 811 695 848 ἒκλογής
722 816 769 839 τοῦ
788 813 901 850 ἡγουμέ-

87 864 137 881 νου
152 855 168 884 ἡ
183 857 319 892 μετριότης
329 856 411 892 ἡμῶν,
435 858 485 882 Καὶ
510 858 595 893 χωρὶς
621 854 744 888 εἰδήσεως
765 859 810 884 καὶ
841 857 899 894 ἁρε-

524 169 750 199 PRIVILEGIUM
766 169 833 199 PRO
853 169 1076 200 MONASTERIO
1095 168 1354 198 MACRINITISSO.

1733 167 1787 196 946

956 231 1009 268 qui
1024 233 1244 268 praeceptorum
1258 230 1373 268 aliquid
1387 229 1536 265 abrogare
1567 229 1711 264 auserint,
1726 237 1780 259 ma

954 278 1047 305 neant
1058 276 1090 304 in
1104 284 1140 304 eo
1156 277 1245 304 statu.
1263 275 1423 304 Moderatio
1436 277 1537 304 autem
1550 282 1619 303 mea
1641 274 1720 303 circa
1739 282 1787 303 or-

954 320 1056 349 dinem
1071 322 1163 357 atque
1175 320 1351 349 electionem
1371 319 1503 356 praefecti
1530 319 1707 347 monasterii
1730 320 1789 348 Ma-

954 365 1095 394 crinitissi
1107 366 1173 393 haec
1186 364 1360 401 praescribit.
1377 365 1450 393 Cum
1464 364 1623 401 praefectus
1647 364 1785 393 debitum

954 411 1014 438 Deo
1027 409 1156 438 reddens
1170 412 1308 438 mortuus
1323 409 1419 444 fuerit,
1448 409 1502 437 ﬁat
1522 409 1654 445 praefecti
1680 408 1785 437 electio

954 454 994 484 ab
1008 454 1150 483 omnibus
1164 454 1314 488 fratribus,
1335 454 1445 482 sciente
1473 453 1612 489 religioso
1635 453 1701 482 viro
1725 453 1786 482 hoc

953 499 1140 528 nobilissimo
1159 500 1313 527 Comneno
1328 498 1440 527 domno
1469 498 1589 526 Nicolao
1617 497 1783 532 Maliasino,

954 544 1007 580 qui
1020 544 1151 580 plurimo
1163 546 1254 580 atque
1269 543 1417 580 spirituali
1440 550 1543 571 amore
1568 543 1785 572 monasterium

954 590 983 617 et
996 596 1065 625 quae
1078 589 1118 617 ad
1132 589 1234 625 ipsum
1248 590 1394 625 spectant,
1408 587 1607 624 amplectitur.
1620 588 1676 622 :Ita
1703 586 1785 616 enim

953 633 1091 669 praecipit
1107 633 1274 662 moderatio
1298 640 1376 668 mea,
1404 635 1438 661 ut
1465 632 1532 668 ipso
1561 632 1704 668 participe
1730 632 1785 660 ﬁat

954 677 1085 713 praefecti
1099 678 1212 706 electio.
1229 679 1261 706 In
1276 678 1377 714 ipsum
1392 677 1473 705 enim
1494 679 1524 705 et
1545 676 1651 705 fratres
1678 684 1784 705 omnes

955 722 1128 750 monasterii
1142 722 1284 751 transfert
1296 723 1346 758 jus
1362 721 1490 756 eligendi
1501 721 1633 758 praefecti
1646 721 1783 750 modera-

954 766 994 794 tio
1008 774 1086 801 mea,
1100 768 1128 795 et
1139 766 1255 803 absque
1265 766 1343 794 illius
1359 766 1484 794 scientia
1510 768 1539 793 et
1563 765 1673 801 placito
1698 765 1783 794 nolu-

953 818 1022 839 mus
1047 810 1111 839 ﬁeri
1147 811 1333 839 electionem.
1364 810 1421 839 Sed
1445 809 1587 838 monachi
1614 817 1720 838 omnes
1753 812 1784 839 et

954 855 1123 884 Comnenus
1137 856 1185 884 hic
1201 855 1374 884 electionem
1387 854 1484 883 facere
1497 854 1617 883 debent.
1634 854 1707 883 Cum
1728 862 1782 883 au-

91 901 186 930 σκείας
199 902 244 926 καὶ
265 901 358 926 τούτου
383 900 412 926 οὐ
438 900 540 936 θέλομεν
563 901 683 936 γίνεσθαι
710 903 757 930 τὴν
781 901 896 938 ἐκλογήν·

953 901 1012 928 tem
1025 900 1093 936 quis
1106 900 1261 928 communi
1271 907 1421 928 consensu
1434 899 1545 928 electus
1562 899 1659 934 fuerit,
1671 899 1695 927 si
1716 899 1782 935 qui-

90 943 185 970 ὃιλλόῐ
196 946 310 980 μοναχοὶ
324 945 418 975 πάντες
437 947 480 971 καὶ
511 946 524 971 ό
553 947 686 981 Κομνηνός
711 945 790 976 οὗτος.
813 947 898 973 ποιιί-

89 998 182 1015 τωσαν
205 991 253 1018 τὴν
293 988 409 1025 ἐκλογήν.
447 989 494 1016 Ὀν
530 988 556 1016 δ’
576 990 607 1016 ἄν
635 993 725 1020 κοινῶς
748 990 898 1028 ἁρεσθὲντες

89 1032 253 1068 ἄκλεξωνται,
271 1033 293 1059 εὶ
319 1034 364 1070 μὲν
402 1035 473 1070 τύχη
507 1033 531 1060 ἰν
564 1037 618 1065 τοῖς
646 1033 729 1061 ἐκεῖσε
759 1033 858 1071 διάγων
884 1037 897 1062 ὁ

89 1082 143 1104 τῶν
167 1082 368 1116 πατριαρχικῶν
414 1076 524 1105 δικαίων
573 1078 695 1117 ἔξαρχος,
734 1080 897 1117 σφραγιζίτω

88 1123 170 1149 αὐτὸν
193 1127 346 1160 προεστῶτα
380 1124 448 1149 κατά
483 1124 513 1149 τὸ
535 1122 654 1150 ἀνέκαθεν
680 1123 897 1154 ἕκκλησιαστικὸν

89 1168 157 1198 ἔθος·
185 1167 207 1193 εἰ
243 1165 269 1193 δ’
310 1167 340 1193 οὗ
368 1168 440 1203 τύχη
463 1169 522 1194 τότε
543 1168 608 1194 εἴναι
635 1170 674 1194 τὸν
701 1171 896 1206 πατριαρχικόν

88 1211 204 1248 ἔξαρχον
226 1210 250 1238 ἐν
273 1215 327 1243 τοῖς
350 1213 463 1248 μέρισιν,
488 1212 501 1238 ὁ
522 1211 632 1248 ἐκλεγεὶς
669 1213 706 1244 εἰς
732 1216 896 1249 προστασίαν

88 1258 163 1293 παρὰ
173 1260 222 1282 τῶν
251 1260 374 1292 μοναχῶν
398 1257 500 1283 πάντων
529 1259 574 1283 καὶ
595 1261 641 1283 τοῦ
676 1260 810 1294 Κομνηνοῦ
831 1259 895 1285 τού-

88 1310 147 1333 του,
178 1301 211 1331 ὡς
235 1298 439 1333 διατετύπωται,
487 1300 656 1338 ἇπικρατείτω
710 1302 788 1332 αὐτὸς
827 1302 895 1329 οὕτω

88 1346 221 1372 πάντατὰ
244 1349 289 1375 τῆς
316 1349 397 1381 μονῆς
420 1348 466 1372 καὶ
491 1348 539 1375 τὴν
565 1348 655 1381 πονὴν,
686 1349 733 1373 καὶ
756 1345 895 1383 διεξαγίτω

88 1390 177 1416 πάντα
190 1391 224 1421 ὡς
237 1392 371 1426 προεστὼς
398 1392 479 1426 μέχρι
505 1394 597 1428 καιροῦ
624 1394 671 1421 τῆς
696 1389 821 1427 ἔνδημῑας
848 1396 895 1418 τοῦ

89 1438 288 1471 πατριαρχικοῦ
314 1433 440 1471 ἐξάρχου,
478 1434 560 1466 οὖτως
589 1436 624 1465 ὡς
647 1435 732 1472 ἴμελλε
766 1434 894 1472 διεξάγειν

89 1482 175 1504 ταῦτα
189 1481 233 1504 καὶ
250 1479 416 1515 σφραγισθεί.
452 1478 519 1505 Ἀλλ’
542 1480 584 1505 ὅτι
608 1478 753 1516 ἕνδημήσει
779 1481 793 1506 ὁ
820 1480 894 1518 ἰξαρ-

90 1532 152 1559 χος,
188 1523 371 1560 σφραγιξίσθω
409 1525 481 1561 παρὰ
533 1527 580 1550 τοῦ
628 1523 753 1561 ἕξάρχου.
797 1524 895 1555 ’Δπλῶς

90 1568 143 1604 γάρ
155 1567 198 1594 ὑπ’
224 1566 328 1598 οὐδενὸς
360 1567 445 1606 ἐτέρου
473 1569 704 1606 σφραγισθήσεται
727 1569 740 1595 ὁ
766 1573 812 1600 τῆς
838 1573 932 1614 Ma-c

91 1614 265 1648 κρινιτίσσης,
289 1612 438 1648 ἡγούμενος,
461 1612 483 1639 εἰ
507 1615 543 1649 μὴ
571 1614 643 1649 παρά
666 1617 713 1644 τῆς
745 1613 818 1649 ἡμῶν
846 1623 894 1649 με-

90 1658 234 1694 τριότητος,
258 1656 337 1693 ἦμήν
365 1660 411 1683 τοῦ
438 1656 552 1695 ἇξάρχου
574 1657 664 1688 αὐτῆς.
690 1657 835 1693 Ἀνηνίχθη
865 1655 895 1685 δι

89 1703 206 1738 καὶπερὶ
225 1705 272 1727 τοῦ
304 1702 506 1737 καταταχθῆναι
548 1701 583 1732 εἰς
624 1701 801 1739 παραλαύριον
846 1706 895 1734 τῆς

87 1748 307 1783 ιὶίοινιρινιτίσσης⁷
336 1748 383 1776 τὴν
421 1748 489 1772 κατὰ
510 1748 557 1776 τὴν
580 1746 679 1783 ἄνορίαν
706 1750 755 1777 τῆς
775 1746 894 1782 ἁγιωτά-

87 1800 135 1820 της
152 1790 300 1820 ἐπισκοπῆς
343 1790 490 1817 Βελεστίνου
530 1788 696 1827 διακειμένην
738 1793 819 1826 μονὴν
847 1795 895 1822 τῆς

87 1835 219 1871 πανάγνου
246 1836 375 1861 Θεοτόκου
407 1837 454 1864 τὴν
482 1834 524 1861 ἐπὶ
552 1837 739 1873 σταυροπηγίῳ
761 1836 806 1871 μεν
832 1836 895 1862 ταύ-

89 1890 136 1911 της
159 1884 207 1910 τῆς
239 1878 381 1910 ἐπισκοπῆς
415 1879 575 1913 Βελεστίνου,
619 1878 809 1916 δεδομημένην,
849 1883 896 1906 τοῦ

92 1928 172 1961 κυροῦ
199 1924 344 1961 Ἱλαρίωνος
378 1922 407 1951 δι
439 1924 587 1961 λεγομένην.
639 1925 708 1952 Ἐπεὶ
736 1927 821 1951 τοίνυν
844 1928 896 1955 τοῖς

94 1971 188 2006 ἔχουσι
203 1969 285 1998 αὐτὴν
305 1969 409 1998 θελητόν
424 1968 482 1995 ἔστι
495 1972 620 2005 μετόχιον
655 1970 788 1996 ὑποθεῖναι
814 1969 896 1999 αὐτὴν

95 2014 129 2044 εἰς
149 2016 196 2043 τὴν
237 2015 317 2050 μονὴν
356 2018 404 2044 τῆς
425 2016 647 2050 Μακρινιτίσσης,
680 2012 828 2050 διορίζεται
852 2015 897 2040 καὶ

95 2062 171 2085 τοῦτο
195 2059 210 2087 ἠ
249 2060 385 2095 μετριότης
411 2059 484 2094 ἡμῶν
508 2058 576 2084 οὕτω
599 2059 729 2094 γενέσθαι,
749 2060 793 2084 καὶ
818 2067 898 2085 κατα-

98 2103 231 2138 ταχθῆναι
257 2104 355 2132 ταύτην
389 2105 436 2132 τὴν
469 2105 550 2139 μονὴν
573 2106 620 2129 τοῦ
646 2106 727 2140 κυροῦ
754 2102 899 2140 Ἰλαρίωνος

98 2148 220 2183 μετόχιον
250 2152 299 2178 τῆς
337 2149 558 2184 Μακρινιτίσσης.
593 2149 731 2174 Κανονικὸν
767 2148 816 2185 γὰρ
853 2149 898 2173 καὶ

98 2195 173 2218 τοῦτο
188 2193 232 2218 καὶ
246 2190 359 2219 δίκαιον.
377 2191 446 2221 Πλὴν
460 2192 472 2217 ὁ
487 2190 627 2221 ἕπὶσκοπος
657 2190 687 2217 οὐ
721 2190 763 2218 ἐπὶ
790 2200 898 2228 σταυρο-

99 2236 213 2271 πηγίῳὴ
230 2238 306 2272 μονὴ,
329 2235 411 2271 ἰχέτω
440 2235 465 2261 ἐν
491 2235 557 2264 αύτῆ
586 2237 632 2264 τὴν
659 2234 788 2272 ἀναφορὰν
817 2235 897 2261 αὐτοῦ

99 2282 142 2306 καὶ
167 2281 197 2305 τό
227 2279 384 2316 ὀφειλόμενον
420 2280 489 2315 αὐτῷ
525 2282 668 2307 κανονικὸν.
712 2280 766 2316 Ἐφ’
799 2280 898 2306 ἅπασιν

99 2324 142 2350 οὖν
166 2326 264 2355 τούτοις
289 2324 400 2361 ἐγεγόνει
419 2328 450 2354 τῆ
491 2323 660 2361 διειλημμένη
686 2328 749 2361 μονῆ
771 2328 817 2355 τῆς
838 2328 899 2351 Μα-

98 2370 264 2406 κρινιτίσσης
277 2372 321 2395 καὶ
334 2372 401 2396 πᾶσι
415 2373 468 2400 τοῖς
488 2368 553 2398 αὐτῆ
585 2367 739 2407 διαφέρουσι
765 2370 794 2395 τὸ
817 2371 899 2408 παρὸν

952 944 1021 973 dem
1032 945 1186 981 contingat
1195 945 1237 973 ibi
1251 944 1396 972 diversari
1407 943 1654 980 patriarchalium
1665 944 1780 979 jurium

952 989 1126 1024 exarchum,
1134 988 1453 1024 cruceinsigniaturab
1459 996 1494 1017 eo
1500 988 1667 1024 praefectum
1677 997 1781 1016 secun-

951 1033 1026 1061 dum
1041 1033 1197 1069 antiquam
1208 1032 1443 1062 ecclesiasticam
1464 1032 1723 1061 consuetudinem.
1751 1033 1779 1060 Si

951 1080 1052 1106 autem
1067 1077 1201 1106 fortassis
1217 1077 1296 1106 absit
1310 1077 1349 1105 ab
1363 1076 1400 1105 iis
1415 1076 1552 1113 partibus
1563 1077 1779 1113 patriarchicus

951 1122 1110 1157 exarchus,
1120 1122 1343 1150 monachorum
1362 1121 1499 1150 omnium
1512 1123 1541 1149 et
1551 1121 1696 1150 Comneni
1709 1128 1780 1149 con-

952 1173 1043 1194 sensu
1058 1166 1169 1194 electus
1184 1166 1317 1201 antistes,
1337 1166 1414 1194 sicut
1434 1165 1617 1202 praeﬁnitum
1641 1167 1695 1197 est,
1725 1166 1779 1193 ob-

951 1210 1043 1239 tineat
1055 1210 1120 1247 ipse
1130 1210 1243 1245 omnia,
1257 1218 1326 1247 quae
1342 1210 1381 1239 ad
1395 1210 1615 1239 monasterium
1643 1212 1780 1246 spectant

950 1262 1013 1283 una
1020 1263 1087 1283 cum
1095 1255 1279 1284 monasterio
1285 1255 1362 1291 ipso,
1369 1257 1398 1283 et
1406 1255 1592 1283 administret
1597 1255 1701 1282 omnia
1714 1257 1779 1282 tan-

950 1308 1043 1336 quam
1058 1299 1215 1336 priefectus
1239 1307 1335 1336 usque
1361 1299 1401 1327 ad
1423 1299 1552 1328 reditum
1572 1298 1779 1335 patriarchalis

949 1344 1081 1378 exarchi,
1097 1352 1133 1372 eo
1148 1352 1272 1381 prorsus
1284 1343 1388 1378 modo,
1404 1351 1465 1380 quo
1488 1343 1630 1380 deinceps
1653 1343 1781 1372 admini-

950 1391 1096 1417 straturus
1112 1392 1166 1424 est,
1185 1397 1255 1417 cum
1285 1396 1373 1416 cruce
1400 1388 1560 1423 insignitus
1585 1388 1683 1417 fuerit.
1706 1389 1780 1417 Cum

949 1441 1019 1462 vero
1025 1433 1144 1462 redierit
1149 1433 1309 1466 exarchus.
1321 1435 1386 1461 tum
1395 1432 1434 1461 ab
1440 1440 1474 1461 eo
1481 1440 1569 1461 cruce
1584 1433 1777 1468 insigniatur:

950 1478 1065 1506 anullo
1079 1477 1240 1506 enim'alio
1263 1476 1449 1505 Macrinitissi
1475 1476 1632 1512 prmfectus
1659 1484 1779 1505 crucem

948 1522 1080 1558 recipere
1095 1523 1201 1559 potest,
1216 1523 1418 1558 praeterquam
1432 1529 1451 1549 a
1466 1520 1673 1549 moderatione
1698 1528 1779 1552 mea,

948 1566 997 1594 vel
1009 1566 1088 1594 illius
1099 1566 1240 1594 exareho.
1258 1565 1447 1602 Propositum
1480 1567 1525 1594 est
1551 1566 1664 1600 autem,
1689 1566 1722 1593 ut
1747 1564 1779 1593 in

949 1610 1114 1646 hospitium
1153 1609 1337 1639 Macrinitissi
1375 1609 1530 1644 redigatur
1561 1609 1779 1638 monasterium

950 1654 1145 1683 sanctissima:
1152 1654 1285 1691 Deiparaa
1297 1653 1387 1682 situm
1400 1661 1495 1690 prope
1504 1653 1683 1682 territorium
1694 1661 1778 1682 sanc-

949 1699 1055 1727 tissimi
1067 1699 1260 1736 episcopatus
1273 1698 1420 1732 Belestini,
1436 1698 1493 1726 sub
1506 1697 1617 1726 ditione
1649 1698 1776 1735 quidem

948 1743 1039 1779 hujus
1054 1743 1191 1771 Belestini
1220 1742 1355 1780 episcopi
1381 1742 1574 1776 aediﬁcatum,
1603 1742 1779 1779 dictumque

948 1788 1052 1816 domni
1068 1788 1245 1816 Hiliarionis.
1260 1788 1409 1821 Quoniam
1424 1787 1514 1823 igitur
1533 1787 1611 1816 illius
1642 1794 1779 1824 posesso—

947 1840 996 1861 res
1011 1832 1042 1860 in
1055 1832 1221 1869 hospitium
1232 1832 1417 1861 Macrinitissi
1427 1832 1562 1868 redigere
1574 1832 1676 1869 ipsum
1685 1832 1780 1860 inten-

949 1877 1034 1911 dunt,
1044 1877 1102 1905 hoc
1117 1877 1206 1906 etiam
1222 1877 1405 1906 exsecutioni
1418 1877 1558 1906 mandari
1572 1876 1703 1905 decernit
1715 1884 1778 1905 mo-

949 1921 1063 1950 deratio
1078 1929 1156 1957 mea,
1176 1924 1205 1950 et
1225 1921 1321 1958 redigi
1347 1921 1405 1950 hoc
1430 1921 1649 1950 monasterium
1674 1918 1780 1949 domni

950 1966 1108 1995 Hilarionis
1122 1966 1328 2002 inhospitium
1343 1965 1528 1994 Macrinilissi
1543 1974 1550 1993 :
1566 1965 1623 1993 hoc
1635 1965 1717 1993 enim
1737 1965 1779 1993 le-

950 2011 1061 2040 ditione
1073 2011 1290 2040 monasterium
1300 2013 1354 2046 est,
1369 2011 1497 2048 accipiat
1510 2010 1549 2038 ab
1569 2010 1636 2046 ipso
1666 2010 1779 2038 sensio—

950 2064 1021 2085 nem
1033 2056 1229 2092 debitumque
1244 2055 1401 2085 tributum.
1416 2056 1576 2092 Propterea
1588 2054 1678 2090 igitur
1699 2054 1778 2083 dicto

951 2100 1133 2129 monasterio
1165 2100 1359 2129 Macrinitisso
1393 2102 1421 2129 et
1449 2099 1590 2128 omnibus
1613 2099 1653 2128 ad
1679 2099 1779 2136 ipsum

952 2145 1156 2182 spectantibus
1176 2152 1310 2181 praesens
1336 2145 1541 2181 hypomnema
1565 2144 1780 2173 moderationis

951 2190 1182 2226 memimpertior
1188 2190 1227 2218 ad
1233 2192 1404 2226 perpetuam
1412 2190 1689 2218 ﬁrmitatem.Mense
1696 2189 1780 2218 Octo-

951 2235 997 2264 bri
1013 2234 1136 2263 decima:
1150 2235 1263 2271 quintae
1277 2235 1456 2265 indictionis,
1474 2234 1545 2262 anni
1575 2236 1643 2262 6765
1666 2234 1782 2270 (Christi

954 2281 1043 2314 1257),
1058 2279 1139 2315 quod
1153 2279 1276 2315 quidem
1302 2279 1509 2315 hypomnema
1533 2278 1656 2315 propria
1685 2286 1781 2306 manu

954 2323 1176 2352 subscribentes
1182 2323 1438 2358 subsignavimus,
1446 2324 1475 2352 et
1481 2325 1657 2352 consuetam
1663 2322 1780 2351 bullam

955 2368 1078 2397 inferius
1092 2367 1320 2404 suspendimus.

99 2415 240 2450 ὑπόμνημα
259 2417 308 2445 τῆς
340 2415 413 2450 ἡμῶν
450 2416 618 2452 μετριότητος
650 2414 688 2445 εἰς
716 2411 823 2444 διηνεκῆ
866 2413 1017 2450 ἀσφάλειαν.
1048 2413 1122 2439 Κατὰ
1148 2416 1219 2448 μῆνα
1244 2411 1400 2450 Ὀκτώϐριον
1420 2416 1469 2443 τῆς
1490 2413 1564 2439 πέντε
1595 2413 1640 2438 καὶ
1668 2408 1779 2441 δεκατης

100 2458 272 2495 ἐπινεμήσεως
307 2462 353 2485 τοῦ
374 2458 604 2495 ἕξακισχιλιοστοῦ
651 2458 858 2486 ἁπτακοσιοστοῦ

914 2458 1056 2490 ἑξηκοστοῦ
1091 2458 1209 2494 πέμπτου
1251 2458 1337 2488 ἔτους.
1392 2456 1433 2483 Ἐν
1486 2456 1506 2492 ᾧ

1552 2457 1598 2482 καὶ
1639 2458 1671 2484 τῆ
1699 2453 1778 2482 αὖτο-

100 2505 180 2539 χείρῳ
190 2504 326 2541 ὑπογραφῇ
338 2504 560 2540 ὑποσημηναμίνη
578 2504 592 2533 ἠ
607 2504 838 2541 μπριότηςήμῶν,
859 2505 904 2530 καὶ
917 2504 964 2533 τὴν
982 2502 1082 2531 συνήθη
1096 2500 1205 2538 βοῦλλαν
1221 2501 1335 2528 κάτωθεν
1347 2500 1512 2538 ἀπηὼρησεν.

203 2574 295 2611 Στίχοι
308 2576 340 2605 ὡς
349 2576 377 2601 ὲκ
391 2577 532 2612 προσώπου
547 2578 593 2601 τοῦ
618 2577 752 2613 κτήτορος.

135 2645 206 2682 Ἐμοὶ
215 2648 293 2682 μοναὶ
304 2650 373 2683 τρεῖς
383 2647 439 2682 ἅμα
459 2648 660 2682 συντεταγμέναι

136 2692 186 2716 Καὶ
201 2693 256 2720 ταῖς
266 2690 403 2726 μεγίσταις
417 2690 528 2720 κλήσεσι
540 2690 705 2727 κεκλημέναι,

134 2733 162 2760 ἐἰ
178 2736 222 2770 μὶν
236 2736 287 2772 γὰρ
301 2734 371 2761 ἐστιν
382 2735 409 2761 ἐκ
422 2738 538 2771 χριστοῦ
548 2738 594 2761 τοῦ
610 2737 740 2772 Λατόμου,

135 2778 163 2805 ’Π
183 2778 208 2805 δ’
219 2778 247 2805 ix
259 2780 390 2815 πανάγνου
400 2782 445 2806 καὶ
459 2780 576 2817 καθαρᾶς
594 2781 735 2816 Παρθένου,

136 2825 216 2853 Ταίτη
234 2822 352 2860 δ’ἑφιξῆς
365 2823 441 2856 αὖθις
456 2824 626 2860 ὠνομασμένη

1049 2573 1154 2601 Versus
1169 2575 1312 2609 tanquam
1326 2579 1364 2601 ea:
1374 2578 1502 2608 persona
1510 2570 1686 2600 conditoris.

987 2645 1054 2674 Tria
1063 2644 1138 2673 mihi
1147 2645 1331 2674 monasteria
1345 2644 1435 2673 simul
1459 2645 1640 2678 constructa,

987 2691 1084 2727 Atque
1098 2690 1249 2726 praeclaris
1261 2689 1439 2719 nominibus
1458 2691 1644 2726 nuncupata.

990 2737 1088 2763 Unum
1102 2734 1225 2771 quidem
1241 2737 1286 2763 est
1300 2735 1407 2763 Christi
1428 2734 1551 2763 Latomi.

986 2779 1119 2807 Alterum
1132 2779 1307 2808 castissima:
1322 2787 1466 2816 puraeque
1482 2779 1617 2815 Virginis,

987 2824 1116 2853 Tertium
1128 2827 1230 2853 autem
1244 2832 1349 2853 rursus
1363 2823 1538 2860 insignitum
