4084 6206
127 0 374 254 7

297 283 405 338 949
1721 273 2246 337 ΤΕ8ΤΑΜΕΝΤΗΜ.
3565 280 3670 336 950

12 265 114 366 ,ἱ

12 363 48 390 η

371 404 442 459 Β’.
475 404 569 458 Διοί
597 420 680 454 τοι
716 407 868 454 τοῦτο
897 400 1042 474 κάγὼ
1081 402 1275 478 ὀπαρά
1323 407 1416 454 τοῦ
1449 403 1658 474 πρώτου
1717 405 1900 474 ποιμέ-
1929 407 1975 457 Α

295 513 386 557 νος
423 497 675 569 κρίμασιν
736 486 880 553 ἰδίας
929 491 1316 564 εὐσπλαγχνίας
1372 489 1724 565 ἐγχειρισθεὶς
1783 494 1901 553 τοὺς

294 583 769 643 ἕκκλησιαστικούς
831 579 1012 643 οἳακας
1083 589 1174 634 τοῦ
1236 587 1627 655 πατριαρχικοῦ
1697 582 1899 653 θρόνου,
1965 607 1984 624 ο

298 673 386 726 ἵνα
415 674 474 724 1'6
502 678 598 732 τῆς
625 670 973 745 κληροτομίας
1003 669 1164 724 αὐτοῦ
1203 674 1501 743 σχοίνισμα
1544 671 1666 744 ὅπερ
1695 670 1720 721 ὁ
1778 676 1902 723 Ποι-

295 767 404 836 μήν
449 762 476 814 ό
545 759 703 821 καλος
751 768 824 831 τῷ
886 755 1006 832 ἰδίῳ
1068 760 1252 833 αἵματι
1311 758 1647 833 ἐξηγόρασεν,
1705 758 1902 830 εἰσάγω

295 855 429 928 πρὸς
454 851 618 922 νομὰς
645 869 746 902 των
799 848 960 902 αὐτοῦ
1017 847 1224 902 ἐντολῶν
1282 849 1352 910 ὡς
1417 847 1752 909 ἐνεστηκυίας
1793 844 1900 907 ἤδη

297 935 630 1003 τῆςίξοδίου
673 957 796 1011 μου,
851 942 946 997 τὴν
995 937 1288 992 τελευταίαν
1342 957 1441 1010 μου
1496 936 1754 1011 βούλησιν
1806 957 1905 990 πα-

297 1025 518 1104 ραδηλῶ
546 1034 652 1090 τοῖς
675 1034 858 1096 πᾶσιν,
891 1027 974 1080 ἵνα
1006 1036 1170 1100 γνῶσι
1190 1029 1257 1080 τὰ
1281 1027 1396 1080 κατ’
1428 1025 1516 1100 ἐμέ
1541 1029 1619 1080 ὅτι
1671 1023 1904 1088 ούδόλως

300 1121 675 1190 συνήργησαῆ
733 1113 960 1170 ίνέδωκα
1023 1121 1206 1192 μικρόν
1263 1137 1315 1170 τι
1371 1117 1444 1179 εἰς
1496 1119 1589 1178 τὰς
1645 1136 1903 1191 προγεγο-

296 1207 445 1269 νυίας
491 1205 761 1281 ἐπιορκίας
814 1211 902 1259 καὶ
967 1211 1316 1279 παραναμίας.
1373 1208 1720 1281 Μαρτὺρομαι
1751 1208 1902 1272 Θεὸν,

301 1299 638 1372 μαρτύρομαι
690 1299 811 1358 τοὺς
883 1295 1148 1356 ἐκλεκτούς
1223 1300 1313 1348 καὶ
1388 1294 1567 1367 ἁγίους
1639 1293 1902 1367 ἀγγέλους.

376 1402 446 1460 Γ.
504 1401 771 1475 Ὀμολογῶ
818 1397 926 1472 οὖν,
989 1406 1226 1475 ποίμνιον
1278 1410 1370 1454 τοῦ
1425 1408 1558 1455 Θεοῦ
1615 1406 1704 1454 καὶ
1768 1403 1906 1454 κατὰ

305 1497 694 1567 παραχώρησιν
723 1494 909 1544 τούτου
950 1491 1094 1564 ἐμὸν,
1160 1494 1424 1544 πιστεύειν
1485 1510 1549 1564 με
1601 1491 1757 1559 οὕτω,
1807 1510 1904 1542 κα-

308 1583 406 1642 θὼς
443 1583 493 1634 οἱ
521 1585 923 1656 κοσμοσώτηρες
967 1586 1057 1633 καὶ
1116 1581 1243 1633 θεῖοι
1285 1582 1520 1653 μαθηταὶ
1571 1585 1664 1632 τοῦ
1711 1585 1902 1653 Κυρίου

304 1690 407 1744 μου
431 1666 763 1744 παρέδωκαν,
815 1672 982 1729 καθὼς
1037 1668 1085 1720 οἰ
1137 1669 1278 1741 ἅγιοι
1335 1673 1556 1742 Πατέρες
1594 1673 1684 1721 καὶ
1739 1665 1903 1721 διδά-

2076 407 2140 460 II.
2167 403 2394 460 Idcirco
2434 418 2547 475 ego
2573 404 2739 477 quia
2763 405 2959 478 primo
2988 408 3246 479 pastore,
3271 403 3512 478 judiciis
3557 403 3667 460 mi-

2012 492 2349 548 sericordiae
2371 493 2520 564 ejus,
2554 493 2614 549 in
2645 510 2865 552 manus
2891 497 3095 568 accepi
3126 494 3538 569 patriarchicaa
3583 509 3670 550 se-

2011 581 2102 637 dis
2120 581 2522 638 ecclesiastica
2541 583 2970 656 gubernacula,
2995 589 3061 642 ut
3090 584 3450 642 haereditatis
3477 581 3672 655 ipsius

2011 669 2368 740 funiculum,
2398 686 2582 744 quem
2616 672 2816 728 bonus
2864 674 3070 731 Pastor
3125 673 3378 730 redemit
3425 670 3670 744 proprio

2013 760 2326 834 sanguine,
2349 761 2694 818 inducerem
2718 761 2777 817 in
2801 779 3030 835 pascua
3043 763 3469 820 mandatorum
3482 761 3665 832 illius,

2006 850 2135 921 jam
2163 849 2422 906 instante
2449 849 2544 905 die
2570 851 2760 906 exitus
2792 853 2930 921 mei,
2959 867 3305 925 supremam
3333 866 3534 908 meam
3563 865 3667 906 vo-

2010 940 2302 997 luntatem
2318 941 2544 995 cunctis
2556 939 2871 1012 patefacio,
2888 945 2954 998 ut
2970 946 3440 1012 cognoscantres
3467 955 3667 1008 meas;

2012 1027 2178 1100 quod
2209 1027 2549 1085 nullatenus
2578 1034 2933 1102 cooperatus
2962 1030 3197 1098 fuerim,
3240 1034 3344 1087 aut
3372 1029 3470 1086 vel
3497 1028 3672 1085 mini-

2012 1117 2617 1188 mum,consenserim
2639 1119 2916 1191 perjuriis
2932 1135 3002 1177 ac
3019 1119 3340 1176 sceleribus
3363 1134 3499 1192 quae
3519 1132 3672 1190 prae-

2014 1211 2333 1262 cesserunt.
2372 1208 2558 1262 Deum
2585 1210 2788 1279 testor,
2817 1212 3000 1266 testor
3028 1208 3245 1266 electos
3298 1212 3354 1265 et
3431 1210 3670 1264 sanctos

2013 1295 2282 1366 angelos.

2085 1401 2174 1456 Ill.
2211 1400 2390 1470 [gitur
2418 1401 2724 1468 conﬁteor,
2760 1417 2796 1458 o
2839 1402 2937 1458 Dei
2999 1403 3174 1470 ovile,
3239 1417 3433 1475 exque
3479 1401 3669 1475 ipsius

2013 1491 2392 1547 concessione
2408 1507 2632 1558 meum,
2648 1493 2730 1547 ita
2750 1507 2847 1548 me
2867 1492 3126 1559 credere,
3145 1493 3294 1548 sicut
3313 1493 3526 1548 mundi
3544 1507 3669 1549 ser-

2013 1585 2251 1636 vatores
2274 1595 2344 1636 ac
2370 1580 2556 1636 divini
2576 1580 2851 1653 discipuli
2871 1581 3107 1636 Domini
3129 1582 3245 1636 mei
3273 1581 3664 1649 tradiderunt,

2015 1669 2164 1724 sicut
2189 1669 2378 1724 sancti
2393 1668 2596 1724 Patres
2612 1673 2667 1725 et
2683 1669 2844 1726 orbis
2861 1670 3134 1740 magistri
3146 1671 3501 1739 docuerunt,
3515 1669 3671 1725 sicut

305 1758 491 1814 σκαλοί
553 1778 608 1811 τε
659 1765 751 1819 τῆς
802 1757 1102 1831 οἰκουμένης
1155 1755 1536 1830 ἐδογμάτισαν,
1589 1763 1677 1810 καὶ
1731 1758 1902 1820 καθὼς

2018 1774 2123 1814 con
2135 1757 2450 1814 ﬁrmarunt
2466 1761 2686 1814 sanctae
2703 1763 2759 1815 et
2771 1759 3160 1815 oecumenicaa
3181 1757 3398 1831 synodi
3413 1762 3639 1831 septem
3652 1801 3666 1828 ,

307 1852 362 1902 αἱ
396 1849 545 1921 ἅγιαι
569 1853 660 1901 καὶ
709 1848 1063 1921 οἰκουμενικαὶ
1121 1843 1335 1900 σύνοδοι
1383 1846 1511 1900 ἐπ’τά
1566 1846 1901 1903 ἐϐεϐαίωσαν.

307 1942 408 1992 Καὶ
467 1936 557 1999 οὓς
610 1940 702 2010 μὲν
757 1938 900 1990 οὗτοι
959 1935 1293 2012 ἀπεκήρυξαν
1350 1941 1440 1989 καὶ
1509 1934 1901 2009 ἀνεθεμάτισαν,

305 2033 394 2082 καὶ
460 2027 808 2102 ἀποκηρύττω
881 2030 972 2079 καὶ
1049 2025 1413 2100 ἀναθέματίζω
1446 2047 1459 2060 ο
1514 2025 1599 2087 οὓς
1651 2023 1711 2079 δέ
1753 2026 1906 2079 πάλιν

305 2113 566 2186 ἰδίξαντο,
641 2121 732 2169 καὶ
772 2113 1005 2189 δὲχομαι
1084 2121 1174 2168 καὶ
1203 2117 1675 2190 προσκυνῶ.Μετά
1729 2112 1789 2168 δέ
1845 2135 1905 2187 γε

304 2214 471 2260 ταῦτα
491 2205 752 2259 ἀκούσατέ
781 2225 901 2278 μου.
936 2205 1012 2258 Ού
1064 2208 1167 2278 γὰρ
1223 2208 1290 2268 ὡς
1337 2211 1688 2277 καυχώμενος
1742 2211 1909 2257 ταῦτα

307 2299 616 2370 φθέγγομαι,
695 2294 802 2348 ἀλλ’
858 2298 928 2357 ὡς
1004 2294 1264 2354 ἀληθεύων
1317 2297 1395 2347 ὅτι
1450 2294 1758 2355 ἐπικαθίσας
1815 2302 1907 2347 τοῦ

303 2391 668 2459 πατριαχικοῡ
735 2385 940 2458 θρόνου,
971 2384 1065 2437 ούκ
1097 2381 1324 2437 ἕνεδωκα
1380 2383 1536 2436 ὕπνον
1603 2391 1714 2444 τοῖς
1771 2381 1909 2455 ἐμοῖς

304 2473 601 2546 ὀφθαλμοῖς,
635 2469 757 2526 οὐδὲ
795 2478 906 2536 τοῖς
957 2471 1236 2546 βλεφάροις
1291 2491 1391 2545 μου
1441 2475 1778 2543 νυσταγμόν’
1835 2470 1906 2522 οὶ-

307 2563 492 2633 χὲσθω
516 2563 689 2633 φθόνος
718 2560 940 2634 ἐλέγχων
967 2565 1055 2619 τὴν
1101 2559 1316 2633 ἀνομίαν
1355 2566 1444 2613 καὶ
1509 2557 1722 2612 ἀδικίαν
1749 2577 1762 2589 '
1815 2557 1908 2611 ούκ

2016 1849 2177 1912 Quos
2203 1845 2285 1902 illi
2310 1845 2657 1917 abjecerunt
2679 1848 3344 1917 etanathematizarunt,
3361 1847 3540 1903 etiam
3568 1846 3673 1903 ab-

2010 1935 2151 2006 jicio
2165 1951 2233 1992 ac
2247 1935 2682 1992 anathematizo
2702 1956 2714 2006 ;
2731 1953 2886 2009 quos
2898 1953 3039 1994 vero
3060 1939 3432 2009 receperunt,
3447 1936 3670 2009 recipio

2015 2028 2194 2096 atque
2226 2039 2495 2080 veneror.
2519 2027 2657 2081 Post
2675 2024 2824 2094 haec,
2850 2025 3052 2082 audite
3074 2041 3193 2082 me.
3225 2027 3353 2081 Non
3370 2023 3528 2080 enim
3555 2025 3671 2082 ista

2014 2114 2251 2186 loquor,
2267 2113 2719 2184 gloriabundus,
2735 2114 2840 2171 sed
2853 2130 2997 2171 vera
3010 2114 3372 2188 praedicans.
3389 2113 3672 2180 Quandiu

2017 2202 2260 2260 consedi
2286 2203 2346 2258 in
2376 2203 2759 2275 patriarchali
2784 2203 3020 2274 throno,
3052 2218 3176 2260 non
3215 2201 3357 2259 dedi
3386 2217 3672 2259 somnum

2016 2291 2204 2350 oculis
2231 2291 2406 2357 meis,
2437 2307 2549 2348 nec
2579 2291 2884 2365 palpebris
2900 2292 3052 2349 meis
3075 2291 3587 2349 dormitatiomem
3609 2292 3671 2346 δε

2016 2379 2258 2437 recedat
2285 2380 2512 2438 invidia
2539 2381 2908 2452 redarguens
2937 2381 3386 2453 improbitatem
3416 2384 3472 2436 et
3515 2379 3673 2451 inju-

2019 2469 2240 2526 stitiam
2269 2485 2282 2524 :
2312 2485 2703 2542 nequaquam
2733 2465 2905 2536 cessi,
2959 2485 3083 2542 non
3138 2469 3372 2540 neglexi
3428 2483 3673 2538 gregem

2017 2574 2224 2614 meum
2256 2573 2376 2614 non
2415 2559 2648 2615 cassavi
2671 2563 2842 2615 nocte
2864 2574 2936 2616 ac
2965 2556 3059 2614 die
3081 2574 3190 2631 pro
3219 2557 3322 2615 illo
3343 2557 3667 2616 decertare.

307 2646 535 2704 ἕνέδωκα
572 2651 713 2720 ὅλως,
759 2651 823 2704 σύ
870 2652 1214 2723 κπημέιησα
1242 2657 1332 2702 τοῦ
1383 2646 1522 2702 ίδίου
1565 2652 1830 2722 ποιμνίου,
1862 2647 1956 2701 οὐκ
1985 2645 2294 2720 ἐπαυσάμην
2319 2651 2500 2709 νυκτὸς
2527 2653 2617 2701 καὶ
2647 2647 2831 2724 ἐμέρας
2857 2647 3350 2724 ύπεραγονιζὸμενος
3376 2649 3586 2703 τούτου.

379 2757 448 2812 Δ’.
489 2757 694 2812 Ἷσασιν
719 2761 769 2812 οἱ
797 2762 1116 2832 μεμυημένοι
1141 2759 1246 2832 (3),
1285 2760 1441 2820 ὅσους
1493 2755 1692 2828 ἀγῶνας
1753 2756 1903 2828 ἠγω-

304 2850 532 2920 νισάμην
571 2847 653 2900 ἐπὶ
681 2857 775 2910 τῆς
828 2847 1098 2920 βασιλείας
1148 2853 1240 2899 τοῦ
1276 2847 1324 2899 ἐν
1382 2845 1690 2918 βασιλεῦσιν
1737 2842 1905 2897 ἀοιδί-

305 2955 408 3008 μου
446 2941 534 2990 καὶ
565 2934 940 2990 εὐσεϐεστάτου
971 2943 1132 3011 κυροῡ
1165 2932 1444 3008 Θεοδώρου
1494 2940 1586 2986 τοῦ
1636 2935 1900 3008 Λάσκαρι.

307 3024 430 3098 Ούχ
460 3026 586 3098 ὑπὲρ
620 3024 879 3088 εὐσεϐείας
907 3022 967 3079 δέ
997 3022 1058 3084 ἧν
1088 3028 1114 3078 ό
1173 3023 1337 3098 ἀγὼν,
1393 3027 1461 3084 ὡς
1515 3021 1712 3075 ἀσεϐῶν
1769 3023 1906 3074 κατὰ

305 3113 817 3177 τὶόεύσεϐἐστατος,
859 3114 968 3167 ἀλλ’
1015 3116 1142 3188 ύπέρ
1196 3121 1401 3188 χηρῶν,
1473 3113 1599 3186 ὑπὲρ
1651 3110 1901 3183 ὀρφανῶν,

306 3203 434 3276 ύπίρ
471 3199 847 3276 ἀδικουμένων.
904 3203 1050 3259 Ἐπεί
1107 3199 1158 3256 δ’
1218 3202 1408 3263 ἐκεῖνος
1441 3200 1801 3274 ἕλειτούργησε
1847 3201 1905 3251 τὸ

302 3297 476 3367 χρεὼν
542 3290 590 3344 ἐν
652 3297 900 3366 μετανοίᾳ
972 3291 1333 3366 ύπερϐαλούσῇ
1403 3295 1494 3342 καὶ
1545 3287 1907 3360 ἐξομολογήσει

306 3381 490 3454 θερμῇ,
523 3384 610 3433 καὶ
656 3383 744 3433 τὸν
798 3381 957 3433 αύτοῦ
1012 3377 1184 3433 παῖδα
1235 3379 1554 3454 κληρονόμον
1605 3384 1698 3438 τῦς
1751 3374 1908 3449 βασι-

300 3467 442 3531 λείας
493 3474 584 3522 καὶ
636 3469 798 3523 αύτού
866 3466 1131 3542 διάδοχον
1185 3467 1446 3538 κατέλιπε,
1515 3470 1605 3518 καὶ
1688 3465 1908 3526 ἅπαντες

300 3560 469 3630 τούτῳ
495 3559 728 3632 ὤμοσαν,
768 3561 838 3620 ὡς
893 3563 981 3612 καὶ
1036 3561 1433 3632 προγενέστερον
1464 3558 1632 3626 τούτῳ
1687 3553 1907 3627 ὀμόσαν-

301 3665 398 3716 τες,
431 3651 521 3700 καὶ
553 3646 821 3721 ἀρχιερεῖς
879 3652 964 3700 καὶ
1024 3645 1310 3718 σύγκλητος
1381 3642 1610 3706 καὶᾶπας
1688 3645 1907 3715 στρατός

301 3739 390 3788 καὶ
418 3737 555 3798 ἄπας
595 3732 784 3810 δῆμος.
833 3740 1193 3812 Περιέχουσαν
1250 3731 1310 3787 δε
1365 3733 1590 3806 κεφαλὴν
1640 3731 1906 3794 λείποντος

302 3844 403 3897 μου
437 3829 526 3878 τὸν
557 3825 910 3898 Παλαιολόγον
939 3830 1289 3882 πεποίηκασιν
1320 3824 1370 3876 οἰ
1393 3842 1448 3875 τε
1499 3821 1765 3895 ἀρχιερεῖς
1815 3824 1906 3872 καὶ

303 3915 336 3972 ἠ
372 3914 660 3985 σύγκλητος
687 3911 782 3968 διὰ
809 3918 868 3967 τὸ
891 3921 984 3967 τοῦ
1015 3913 1272 3987 βασιλέως
1313 3911 1502 3970 ἄνηϐον
1534 3931 1547 3944 ο
1607 3913 1697 3962 καὶ
1756 3929 1908 3981 κεφα-

303 4000 397 4061 λὴν
425 4002 577 4055 αὐτόν
613 3999 853 4076 εύιοον,ἒκ
879 4012 974 4065 τῆς
1027 4007 1250 4064 Νικαίας
1303 4004 1429 4076 πρὸς
1482 4003 1576 4058 τὴν
1633 3997 1906 4072 βασίλειαν

307 4089 481 4147 nec».
560 4097 661 4146 Καὶ
693 4085 908 4167 ’ὅρκοις
981 4089 1422 4166 φρικωδεστάτοις
1495 4087 1650 4150 αὐτὸς
1723 4086 1904 4140 ἑαυτὸν

305 4181 685 4254 κατησφοίλισε,
737 4186 826 4234 καὶ
891 4186 1042 4254 τόμοι
1111 4183 1204 4233 σύν
1261 4187 1370 4242 τοῖς
1417 4180 1591 4252 ὅρκοις
1656 4175 1901 4248 ἐγένοντο.

308 4269 384 4322 Ού
413 4270 541 4322 πολύ
573 4267 632 4323 δε
661 4273 720 4322 1'6
752 4269 799 4322 ἓν
840 4273 982 4341 μέσῳ
1039 4273 1129 4321 καὶ
1195 4265 1456 4326 δεσπότην
1515 4266 1667 4318 αὐτὸν
1721 4267 1769 4317 οἱ
1816 4269 1901 4318 καὶ

305 4357 528 4431 κεφαλὴν
601 4361 951 4430 ποιησάμενοι
1027 4357 1448 4416 ἀποκατέσησαν.
1544 4359 1646 4408 Καὶ
1751 4352 1903 4406 πάλιν

304 4468 475 4521 τομοι,
519 4454 609 4501 καὶ
664 4449 816 4502 πάλιν
874 4450 1039 4523 ὅρκοι,
1095 4452 1185 4499 καὶ
1244 4455 1344 4498 τῶν
1393 4448 1652 4519 προτέρων
1711 4463 1902 4516 φρικω-
1938 4430 1978 4483 D

305 4533 560 4610 δίο-τεροι.
593 4541 738 4592 Μετὰ
768 4535 826 4590 δὲ
853 4557 908 4610 γε
934 4540 1128 4593 ταύτην
1156 4535 1235 4608 (4)
1289 4540 1379 4588 καὶ
1428 4540 1522 4594 τὴν
1573 4541 1673 4585 τῶν
1727 4537 1902 4585 κοκκίο

301 4647 398 4678 νων
427 4623 648 4679 ἄνδυσιν
688 4623 953 4696 ἐνέδυσαν,
990 4624 1112 4698 βίαν
1156 4629 1245 4677 καὶ
1300 4632 1398 4675 τῶν
1447 4626 1706 4698 προτέρων
1729 4619 1899 4694 βιαιο-

300 4719 450 4787 τέραν
475 4719 604 4789 πρὸς
617 4719 681 4789 μέ
712 4712 1079 4787 ἐνδειξάμενοι.

371 4827 446 4882 E’.
493 4829 840 4902 Μαρτύρομαι
893 4829 1076 4886 πάντες
1133 4829 1252 4888 τούς
1301 4821 1506 4886 είδοτας
1558 4828 1652 4882 τὴν
1702 4824 1894 4897 ύπερά-

303 4936 479 4990 πειρον
535 4916 728 4976 ἐκείνην
785 4915 927 4990 βίαν,
997 4921 1086 4968 καὶ
1145 4919 1238 4973 τὴν
1292 4923 1392 4966 τῶν
1446 4921 1670 4987 φρικτῶν
1703 4913 1896 4970 συνθη-

298 5015 400 5059 κῶν
425 5011 514 5060 καὶ
543 5008 706 5080 ὅρκων
756 5004 1036 5078 ἀσφάλειαν
1095 5004 1155 5057 Εἰ
1215 5001 1274 5058 δὲ
1330 5022 1390 5074 γε
1445 5002 1586 5056 οὗτοι
1640 4999 1893 5059 ἀναισθη-

367 5204 390 5238 ³
415 5203 569 5261 Psal.
603 5219 782 5270 cxxxr,
810 5206 864 5259 4.

365 5380 443 5452 (3)
472 5381 537 5433 ot
565 5384 902 5452 μεμυημένοι.
941 5380 1254 5452 Gregorius
1311 5381 1618 5452 Nyssenus
1683 5377 1891 5452 homil.

293 5454 326 5505 2
347 5449 409 5507 ἰὴ
431 5449 934 5524 EccleSiastem,p.
967 5455 1070 5507 389
1111 5453 1172 5524 C_,
1200 5450 1259 5502 Ὀ
1307 5449 1656 5524 ἐνίπαντίΑκαὶ
1761 5455 1893 5524 πᾶσι

295 5527 610 5596 μεμνημένος
657 5520 894 5585 Παῦλοςῖ
935 5521 1212 5596 Rescribe
1265 5537 1413 5596 cum
1451 5520 1656 5596 codice
1711 5521 1892 5596 Regio

299 5591 822 5668 17⁷97,”μεμνημένος.
859 5593 1072 5650 Penico
1102 5592 1280 5650 etiam
1304 5591 1364 5648 in
1397 5591 1754 5664 Paraphrasi
1783 5594 1885 5649 Pa-

2086 2756 2174 2813 IV.
2209 2756 2411 2812 Sciunt
2436 2771 2636 2812 rerum
2665 2755 2857 2828 periti,
2889 2759 3038 2829 quot
3065 2771 3293 2827 agones
3332 2755 3671 2813 decertave-

2010 2844 2126 2900 rim
2147 2843 2258 2900 sub
2286 2844 2540 2918 imperio
2570 2844 2821 2902 celebris
2861 2847 3011 2903 inter
3034 2845 3428 2917 imperatores
3475 2843 3670 2916 piissi-

2012 2934 2218 3005 mique
2261 2932 2492 2989 domini
2547 2933 2839 2989 Theodori
2895 2933 3180 2990 Lascaris.
3241 2935 3371 2988 Non
3433 2931 3670 3004 pietatis

2014 3038 2201 3079 causa
2228 3027 2354 3078 erat
2378 3026 2699 3088 certamen,
2729 3022 2904 3095 quasi
2940 3022 3246 3094 piissimus
3290 3021 3353 3076 in
3400 3020 3604 3094 aliquo
3633 3035 3671 3078 a

2014 3112 2232 3185 pietate
2262 3111 2616 3168 descisceret
2649 3127 2661 3176 ;
2690 3111 2796 3166 sed
2823 3126 2933 3182 pro
2964 3110 3186 3179 viduis,
3217 3109 3529 3181 orphanis,
3578 3109 3672 3166 in-

2011 3201 2234 3272 juriam
2271 3202 2495 3272 passis.
2544 3199 2874 3272 Postquam
2917 3214 3059 3254 vero
3103 3198 3199 3254 ille
3247 3197 3520 3254 debitum
3564 3212 3670 3255 na-

2016 3295 2162 3346 turas
2193 3288 2452 3345 reddidit
2481 3304 2619 3344 cum
2651 3302 2893 3344 summa
2940 3286 3293 3358 paenitentia
3335 3289 3395 3344 et
3441 3285 3670 3342 confes-

2017 3377 2182 3435 sione
2229 3376 2480 3450 fervida,
2533 3375 2847 3448 ﬁliumque
2918 3391 3096 3431 suum
3117 3374 3423 3432 haeredem
3477 3374 3668 3446 impe-

2015 3467 2086 3524 rii
2112 3483 2411 3540 suumque
2438 3481 2846 3522 successorem
2893 3465 3227 3538 dereliquit,
3269 3463 3461 3521 cuncti
3525 3463 3667 3522 huic

2015 3556 2293 3613 dixerunt
2361 3558 2828 3619 sacramentum,
2892 3553 3044 3610 sicut
3091 3558 3272 3610 antea
3315 3552 3397 3610 illi
3425 3556 3667 3625 jurave-

2013 3650 2150 3702 rant
2187 3663 2199 3700 :
2237 3660 2455 3718 nempe
2503 3643 2838 3716 pontiﬁces,
2889 3647 3151 3710 senatus,
3200 3643 3396 3700 omnis
3443 3643 3666 3698 exerci-

2016 3739 2130 3804 tus,
2162 3735 2476 3790 universus
2501 3733 2785 3806 populus.
2828 3737 3018 3805 (:aput
3043 3735 3246 3790 autem
3277 3747 3466 3806 supra
3490 3734 3662 3787 crete-

2014 3840 2138 3892 ros,
2169 3823 2414 3880 absente
2448 3839 2565 3890 me,
2599 3823 3032 3879 constituerunt
3061 3821 3490 3892 Palieologum,
3521 3837 3664 3878 cum

2015 3913 2329 3988 pontiﬁces
2353 3917 2478 3968 tum
2501 3916 2765 3979 senatus,
2787 3911 2866 3968 ob
2886 3909 3265 3983 imperatoris
3282 3913 3521 3966 tetatem
3544 3909 3664 3966 ima

2014 4003 2307 4077 puberem
2341 4019 2354 4058 :
2389 4015 2641 4074 eumque
2671 4003 2854 4072 caput
2878 3999 3103 4056 factum
3131 3998 3346 4070 reperi,
3370 3997 3664 4070 quandoe

2013 4093 2211 4150 Nicaea
2256 4091 2390 4147 veni
2437 4091 2498 4146 in
2539 4089 2791 4161 regiam.
2849 4087 2946 4143 Ille
2993 4085 3353 4159 juramentis
3398 4085 3664 4142 maxime

2013 4180 2328 4239 horrendis
2361 4179 2612 4236 munivit
2639 4194 2701 4234 se
2723 4192 2794 4234 ac
2822 4176 3006 4232 fidem
3036 4175 3218 4244 dedit,
3249 4179 3308 4231 et
3336 4173 3482 4230 tomi
3523 4189 3663 4230 cum

2015 4270 2400 4328 sacramentis
2423 4267 2625 4340 scripti
2646 4271 2805 4332 sunt,
2831 4269 2959 4322 Non
2979 4265 3169 4321 multo
3196 4264 3664 4335 interjectotem-

2012 4376 2182 4433 pore,
2213 4359 2317 4432 qui
2343 4361 2523 4430 caput
2565 4355 2975 4424 designarant,
3020 4353 3337 4410 dominum
3377 4351 3662 4408 eumdem

2013 4452 2387 4507 creaverunt.
2415 4449 2576 4503 Tunc
2605 4445 2818 4501 iterum
2844 4442 3048 4510 libelli,
3076 4442 3294 4500 iterum
3315 4441 3660 4514 juramenta

2011 4554 2203 4612 eaque
2237 4536 2538 4610 prioribus
2572 4532 2972 4592 terrribiliora.
3024 4531 3247 4588 Deinde
3286 4546 3430 4588 vero
3478 4530 3660 4587 etiam

2010 4643 2280 4702 purpura
2324 4625 2666 4694 induerunt,
2715 4639 2856 4680 cum
2898 4623 3195 4694 majorem
3243 4636 3430 4694 quam
3475 4624 3656 4678 antea

2005 4718 2130 4774 vim
2161 4713 2682 4785 mihijntulissent.

2076 4825 2142 4881 V.
2171 4824 2372 4878 Testor
2399 4823 2696 4893 quotquot
2741 4820 3036 4874 noverunt
3081 4815 3448 4871 immensam
3486 4812 3652 4870 illam

2004 4913 2147 4982 vim,
2181 4914 2238 4966 et
2265 4908 2641 4966 horribilium
2666 4913 2982 4980 pactorum
3015 4906 3650 4974 sacramentorumque

2005 4999 2370 5057 cautionem.
2401 4995 2573 5063 Quod
2595 4996 2643 5052 si
2663 4995 2742 5051 illi
2763 5009 3008 5052 sensum
3019 4991 3368 5056 amiserunt,
3399 5006 3509 5048 seu
3522 5005 3652 5048 ma-

2003 5391 2306 5480 chymerae
2327 5406 2465 5462 cap.
2497 5391 2551 5459 9,
2574 5389 2662 5444 De
2688 5385 2910 5445 cwlesti
2940 5384 3285 5443 hierarchia
3309 5397 3372 5443 n.
3393 5387 3449 5455 2,
3469 5387 3656 5457 μυοῦν-

2002 5485 2089 5516 ται
2125 5466 2188 5516 τοί
2230 5465 2358 5517 θεῖα.

2073 5538 2154 5608 (4)
2183 5538 2328 5588 Μετὰ
2359 5530 2418 5587 δὲ
2446 5551 2502 5605 γε
2518 5529 3046 5601 ταύττηνᾸΠίϐΙΙὶεο
3070 5532 3288 5603 ἡμέραν.
