  <div class='ocr_page' id='page_1' title='image "/cluster/home/n/w/nwhite01/storage/ocr_20150623/140/hvd.32044073502551/509.png"; bbox 0 0 4084 6206; ppageno 0'>
   <div class='ocr_carea' id='block_1_1' title="bbox 456 243 553 299">
    <p class='ocr_par' dir='ltr' id='par_1_1' title="bbox 456 243 553 299">
     <span class='ocr_line' id='line_1_1' title="bbox 456 243 553 299; baseline -0.021 0"><span class='ocrx_word' id='word_1_1' title='bbox 456 243 553 299; x_wconf 78' lang='grc'>951</span> 
     </span>
    </p>
   </div>
   <div class='ocr_carea' id='block_1_2' title="bbox 1664 235 2613 296">
    <p class='ocr_par' dir='ltr' id='par_1_2' title="bbox 1664 235 2613 296">
     <span class='ocr_line' id='line_1_2' title="bbox 1664 235 2613 296; baseline 0.001 -4"><span class='ocrx_word' id='word_1_2' title='bbox 1664 237 1943 295; x_wconf 82' lang='lat' dir='ltr'>ARSENII</span> <span class='ocrx_word' id='word_1_3' title='bbox 1984 240 2083 296; x_wconf 76' lang='grc' dir='ltr'>ΟΡ.</span> <span class='ocrx_word' id='word_1_4' title='bbox 2128 235 2613 293; x_wconf 48' lang='grc' dir='ltr'>ΡΑΤΗΙΑΗΟΗᾹΑ.</span> 
     </span>
    </p>
   </div>
   <div class='ocr_carea' id='block_1_3' title="bbox 462 360 2127 437">
    <p class='ocr_par' dir='ltr' id='par_1_3' title="bbox 462 361 2108 437">
     <span class='ocr_line' id='line_1_3' title="bbox 462 361 2108 437; baseline -0.001 -16"><span class='ocrx_word' id='word_1_5' title='bbox 462 365 554 437; x_wconf 87' lang='lat' dir='ltr'>gis</span> <span class='ocrx_word' id='word_1_6' title='bbox 604 362 945 421; x_wconf 84' lang='lat' dir='ltr'>voluntaria</span> <span class='ocrx_word' id='word_1_7' title='bbox 987 362 1215 418; x_wconf 86' lang='lat' dir='ltr'>malitia</span> <span class='ocrx_word' id='word_1_8' title='bbox 1263 361 1493 418; x_wconf 80' lang='lat' dir='ltr'>veritati</span> <span class='ocrx_word' id='word_1_9' title='bbox 1535 362 1941 419; x_wconf 89' lang='lat' dir='ltr'>testimonium</span> <span class='ocrx_word' id='word_1_10' title='bbox 1982 377 2108 419; x_wconf 90' lang='lat' dir='ltr'>non</span> 
     </span>
    </p>
   </div>
   <div class='ocr_carea' id='block_1_4' title="bbox 2238 360 3831 437">
    <p class='ocr_par' dir='ltr' id='par_1_4' title="bbox 2238 360 3831 434">
     <span class='ocr_line' id='line_1_4' title="bbox 2238 360 3831 434; baseline 0.003 -20"><span class='ocrx_word' id='word_1_11' title='bbox 2238 368 2413 432; x_wconf 72' lang='grc' dir='ltr'><strong>οὖσιν,</strong></span> <span class='ocrx_word' id='word_1_12' title='bbox 2476 362 2503 420; x_wconf 69' lang='grc' dir='ltr'><strong><em>ἦ</em></strong></span> <span class='ocrx_word' id='word_1_13' title='bbox 2571 360 2762 434; x_wconf 80' lang='grc' dir='ltr'>μᾶλλον</span> <span class='ocrx_word' id='word_1_14' title='bbox 2831 362 3242 425; x_wconf 80' lang='grc' dir='ltr'>ἑθελοκακοῦντες</span> <span class='ocrx_word' id='word_1_15' title='bbox 3309 368 3401 424; x_wconf 76' lang='grc' dir='ltr'><strong>τὴν</strong></span> <span class='ocrx_word' id='word_1_16' title='bbox 3477 365 3723 425; x_wconf 73' lang='grc' dir='ltr'>ἀλήθειαν</span> <span class='ocrx_word' id='word_1_17' title='bbox 3767 368 3831 421; x_wconf 71' lang='grc' dir='ltr'>οὗ</span> 
     </span>
    </p>
   </div>
   <div class='ocr_carea' id='block_1_5' title="bbox 464 450 2110 526">
    <p class='ocr_par' dir='ltr' id='par_1_5' title="bbox 464 450 2110 526">
     <span class='ocr_line' id='line_1_5' title="bbox 464 450 2110 526; baseline -0.002 -15"><span class='ocrx_word' id='word_1_18' title='bbox 464 455 692 523; x_wconf 87' lang='lat' dir='ltr'>dicunt,</span> <span class='ocrx_word' id='word_1_19' title='bbox 708 456 909 519; x_wconf 85' lang='lat' dir='ltr'>testor,</span> <span class='ocrx_word' id='word_1_20' title='bbox 931 451 1350 517; x_wconf 71' lang='lat' dir='ltr'>Isaiaainstar‘,</span> <span class='ocrx_word' id='word_1_21' title='bbox 1370 450 1588 506; x_wconf 87' lang='lat' dir='ltr'>coelum</span> <span class='ocrx_word' id='word_1_22' title='bbox 1615 455 1671 507; x_wconf 89' lang='lat' dir='ltr'>et</span> <span class='ocrx_word' id='word_1_23' title='bbox 1691 456 1931 516; x_wconf 85' lang='lat' dir='ltr'>terram,</span> <span class='ocrx_word' id='word_1_24' title='bbox 1963 469 2110 526; x_wconf 88' lang='lat' dir='ltr'>quo-</span> 
     </span>
    </p>
   </div>
   <div class='ocr_carea' id='block_1_6' title="bbox 462 539 2112 616">
    <p class='ocr_par' dir='ltr' id='par_1_6' title="bbox 462 539 2112 616">
     <span class='ocr_line' id='line_1_6' title="bbox 462 539 2112 616; baseline -0.001 -16"><span class='ocrx_word' id='word_1_25' title='bbox 462 544 640 600; x_wconf 89' lang='lat' dir='ltr'>modo</span> <span class='ocrx_word' id='word_1_26' title='bbox 670 542 1009 607; x_wconf 85' lang='lat' dir='ltr'>restiterim,</span> <span class='ocrx_word' id='word_1_27' title='bbox 1041 539 1349 612; x_wconf 89' lang='lat' dir='ltr'>quomodo</span> <span class='ocrx_word' id='word_1_28' title='bbox 1378 541 1785 597; x_wconf 86' lang='lat' dir='ltr'>contenderim</span> <span class='ocrx_word' id='word_1_29' title='bbox 1812 564 1824 606; x_wconf 84' lang='lat'><strong>;</strong></span> <span class='ocrx_word' id='word_1_30' title='bbox 1853 558 1975 614; x_wconf 91' lang='lat' dir='ltr'>quo</span> <span class='ocrx_word' id='word_1_31' title='bbox 2006 559 2112 616; x_wconf 89' lang='lat' dir='ltr'>pa-</span> 
     </span>
    </p>
   </div>
   <div class='ocr_carea' id='block_1_7' title="bbox 466 631 2112 701">
    <p class='ocr_par' dir='ltr' id='par_1_7' title="bbox 466 631 2112 701">
     <span class='ocr_line' id='line_1_7' title="bbox 466 631 2112 701; baseline -0.002 -9"><span class='ocrx_word' id='word_1_32' title='bbox 466 640 560 692; x_wconf 86' lang='lat' dir='ltr'>cto</span> <span class='ocrx_word' id='word_1_33' title='bbox 582 635 794 689; x_wconf 84' lang='lat' dir='ltr'>iterum</span> <span class='ocrx_word' id='word_1_34' title='bbox 825 631 918 686; x_wconf 88' lang='lat' dir='ltr'>ille</span> <span class='ocrx_word' id='word_1_35' title='bbox 942 632 1423 701; x_wconf 89' lang='lat' dir='ltr'>juramentorum</span> <span class='ocrx_word' id='word_1_36' title='bbox 1469 631 1982 688; x_wconf 87' lang='lat' dir='ltr'>conﬁrmationem</span> <span class='ocrx_word' id='word_1_37' title='bbox 2032 634 2112 690; x_wconf 93' lang='lat' dir='ltr'>ad</span> 
     </span>
    </p>
   </div>
   <div class='ocr_carea' id='block_1_8' title="bbox 465 718 2112 792">
    <p class='ocr_par' dir='ltr' id='par_1_8' title="bbox 465 718 2112 792">
     <span class='ocr_line' id='line_1_8' title="bbox 465 718 2112 792; baseline -0.002 -12"><span class='ocrx_word' id='word_1_38' title='bbox 465 740 561 781; x_wconf 92' lang='lat' dir='ltr'>me</span> <span class='ocrx_word' id='word_1_39' title='bbox 594 727 649 777; x_wconf 90' lang='lat' dir='ltr'>et</span> <span class='ocrx_word' id='word_1_40' title='bbox 682 722 760 777; x_wconf 89' lang='lat' dir='ltr'>ad</span> <span class='ocrx_word' id='word_1_41' title='bbox 789 718 1101 792; x_wconf 90' lang='lat' dir='ltr'>pontiﬁces</span> <span class='ocrx_word' id='word_1_42' title='bbox 1132 719 1353 777; x_wconf 86' lang='lat' dir='ltr'>fecerit.</span> <span class='ocrx_word' id='word_1_43' title='bbox 1387 724 1533 776; x_wconf 83' lang='lat' dir='ltr'>Nam</span> <span class='ocrx_word' id='word_1_44' title='bbox 1565 721 1646 777; x_wconf 85' lang='lat' dir='ltr'>ita</span> <span class='ocrx_word' id='word_1_45' title='bbox 1670 722 1890 792; x_wconf 89' lang='lat' dir='ltr'>juravit</span> <span class='ocrx_word' id='word_1_46' title='bbox 1930 739 1942 777; x_wconf 94' lang='lat'>:</span> <span class='ocrx_word' id='word_1_47' title='bbox 1976 744 2004 773; x_wconf 86' lang='grc'><strong>‹‹</strong></span> <span class='ocrx_word' id='word_1_48' title='bbox 2045 722 2112 779; x_wconf 86' lang='lat' dir='ltr'>Si</span> 
     </span>
    </p>
   </div>
   <div class='ocr_carea' id='block_1_9' title="bbox 464 810 2115 881">
    <p class='ocr_par' dir='ltr' id='par_1_9' title="bbox 464 810 2115 881">
     <span class='ocr_line' id='line_1_9' title="bbox 464 810 2115 881; baseline -0.002 -11"><span class='ocrx_word' id='word_1_49' title='bbox 464 813 707 871; x_wconf 82' lang='lat' dir='ltr'>voluero</span> <span class='ocrx_word' id='word_1_50' title='bbox 722 811 892 865; x_wconf 73' lang='lat' dir='ltr'>noxii</span> <span class='ocrx_word' id='word_1_51' title='bbox 902 810 1227 881; x_wconf 78' lang='lat' dir='ltr'>quidquam</span> <span class='ocrx_word' id='word_1_52' title='bbox 1241 810 1468 880; x_wconf 82' lang='lat' dir='ltr'>facere,</span> <span class='ocrx_word' id='word_1_53' title='bbox 1488 812 1608 867; x_wconf 86' lang='lat' dir='ltr'>sive</span> <span class='ocrx_word' id='word_1_54' title='bbox 1623 826 1852 881; x_wconf 79' lang='lat' dir='ltr'>perme,</span> <span class='ocrx_word' id='word_1_55' title='bbox 1875 813 1996 868; x_wconf 85' lang='lat' dir='ltr'>sive</span> <span class='ocrx_word' id='word_1_56' title='bbox 2008 828 2115 881; x_wconf 79' lang='lat' dir='ltr'>per</span> 
     </span>
    </p>
   </div>
   <div class='ocr_carea' id='block_1_10' title="bbox 465 899 2115 972">
    <p class='ocr_par' dir='ltr' id='par_1_10' title="bbox 465 899 2115 972">
     <span class='ocr_line' id='line_1_10' title="bbox 465 899 2115 972; baseline -0.001 -13"><span class='ocrx_word' id='word_1_57' title='bbox 465 904 676 962; x_wconf 87' lang='lat' dir='ltr'>alium,</span> <span class='ocrx_word' id='word_1_58' title='bbox 694 900 757 955; x_wconf 83' lang='lat' dir='ltr'>in</span> <span class='ocrx_word' id='word_1_59' title='bbox 778 899 1083 955; x_wconf 85' lang='lat' dir='ltr'>dominum</span> <span class='ocrx_word' id='word_1_60' title='bbox 1096 913 1285 955; x_wconf 86' lang='lat' dir='ltr'>meum</span> <span class='ocrx_word' id='word_1_61' title='bbox 1296 944 1309 966; x_wconf 93' lang='lat'>,</span> <span class='ocrx_word' id='word_1_62' title='bbox 1328 899 1595 956; x_wconf 83' lang='lat' dir='ltr'>heredem</span> <span class='ocrx_word' id='word_1_63' title='bbox 1610 915 2115 972; x_wconf 76' lang='lat' dir='ltr'>successoremque</span> 
     </span>
    </p>
   </div>
   <div class='ocr_carea' id='block_1_11' title="bbox 413 978 2117 1060">
    <p class='ocr_par' dir='ltr' id='par_1_11' title="bbox 413 978 2117 1060">
     <span class='ocr_line' id='line_1_11' title="bbox 413 978 2117 1060; baseline -0.002 -12"><span class='ocrx_word' id='word_1_64' title='bbox 413 1017 437 1025; x_wconf 84' lang='lat'><strong>-</strong></span> <span class='ocrx_word' id='word_1_65' title='bbox 464 989 721 1060; x_wconf 81' lang='lat' dir='ltr'>imperii,</span> <span class='ocrx_word' id='word_1_66' title='bbox 742 989 853 1044; x_wconf 88' lang='lat' dir='ltr'>sim</span> <span class='ocrx_word' id='word_1_67' title='bbox 874 978 1221 1059; x_wconf 69' lang='lat' dir='ltr'>segregatus</span> <span class='ocrx_word' id='word_1_68' title='bbox 1236 1004 1273 1043; x_wconf 90' lang='lat' dir='ltr'>a</span> <span class='ocrx_word' id='word_1_69' title='bbox 1297 988 1531 1057; x_wconf 74' lang='lat' dir='ltr'>vivi/ica</span> <span class='ocrx_word' id='word_1_70' title='bbox 1552 995 1604 1045; x_wconf 86' lang='lat' dir='ltr'>et</span> <span class='ocrx_word' id='word_1_71' title='bbox 1622 990 2117 1047; x_wconf 84' lang='lat' dir='ltr'>consubstantiali</span> 
     </span>
    </p>
   </div>
   <div class='ocr_carea' id='block_1_12' title="bbox 474 1078 2116 1150">
    <p class='ocr_par' dir='ltr' id='par_1_12' title="bbox 474 1078 2116 1150">
     <span class='ocr_line' id='line_1_12' title="bbox 474 1078 2116 1150; baseline 0 -15"><span class='ocrx_word' id='word_1_72' title='bbox 474 1081 789 1144; x_wconf 88' lang='lat' dir='ltr'>Trinitate,</span> <span class='ocrx_word' id='word_1_73' title='bbox 819 1083 998 1150; x_wconf 89' lang='lat' dir='ltr'>atque</span> <span class='ocrx_word' id='word_1_74' title='bbox 1024 1078 1285 1133; x_wconf 84' lang='lat' dir='ltr'>traditus</span> <span class='ocrx_word' id='word_1_75' title='bbox 1307 1078 1564 1134; x_wconf 82' lang='lat' dir='ltr'>diabolo.</span> <span class='ocrx_word' id='word_1_76' title='bbox 1597 1098 1625 1129; x_wconf 70' lang='grc' dir='ltr'><strong>ν</strong></span> <span class='ocrx_word' id='word_1_77' title='bbox 1650 1080 1794 1134; x_wconf 91' lang='lat' dir='ltr'>Cum</span> <span class='ocrx_word' id='word_1_78' title='bbox 1822 1079 1935 1135; x_wconf 89' lang='lat' dir='ltr'>hoc</span> <span class='ocrx_word' id='word_1_79' title='bbox 1959 1080 2116 1150; x_wconf 85' lang='lat' dir='ltr'>jure-</span> 
     </span>
    </p>
   </div>
   <div class='ocr_carea' id='block_1_13' title="bbox 462 1166 2115 1242">
    <p class='ocr_par' dir='ltr' id='par_1_13' title="bbox 462 1166 2115 1242">
     <span class='ocr_line' id='line_1_13' title="bbox 462 1166 2115 1242; baseline -0.001 -17"><span class='ocrx_word' id='word_1_80' title='bbox 462 1168 746 1242; x_wconf 89' lang='lat' dir='ltr'>jurando,</span> <span class='ocrx_word' id='word_1_81' title='bbox 788 1167 965 1223; x_wconf 88' lang='lat' dir='ltr'>etiam</span> <span class='ocrx_word' id='word_1_82' title='bbox 992 1166 1154 1222; x_wconf 85' lang='lat' dir='ltr'>aliud</span> <span class='ocrx_word' id='word_1_83' title='bbox 1184 1166 1410 1222; x_wconf 90' lang='lat' dir='ltr'>factum</span> <span class='ocrx_word' id='word_1_84' title='bbox 1442 1172 1531 1223; x_wconf 90' lang='lat' dir='ltr'>est</span> <span class='ocrx_word' id='word_1_85' title='bbox 1559 1182 1702 1238; x_wconf 84' lang='lat' dir='ltr'>erga</span> <span class='ocrx_word' id='word_1_86' title='bbox 1726 1184 1971 1224; x_wconf 90' lang='lat' dir='ltr'>omnem</span> <span class='ocrx_word' id='word_1_87' title='bbox 2001 1184 2115 1241; x_wconf 93' lang='lat' dir='ltr'>po-</span> 
     </span>
    </p>
   </div>
   <div class='ocr_carea' id='block_1_14' title="bbox 465 1256 2111 1332">
    <p class='ocr_par' dir='ltr' id='par_1_14' title="bbox 465 1256 2111 1332">
     <span class='ocr_line' id='line_1_14' title="bbox 465 1256 2111 1332; baseline 0 -19"><span class='ocrx_word' id='word_1_88' title='bbox 465 1259 700 1332; x_wconf 86' lang='lat' dir='ltr'>pulum,</span> <span class='ocrx_word' id='word_1_89' title='bbox 753 1256 1066 1328; x_wconf 87' lang='lat' dir='ltr'>pontiﬁces</span> <span class='ocrx_word' id='word_1_90' title='bbox 1118 1256 1476 1321; x_wconf 87' lang='lat' dir='ltr'>sacerdotes,</span> <span class='ocrx_word' id='word_1_91' title='bbox 1508 1257 1845 1329; x_wconf 84' lang='lat' dir='ltr'>Optimates,</span> <span class='ocrx_word' id='word_1_92' title='bbox 1876 1258 2111 1329; x_wconf 88' lang='lat' dir='ltr'>milites,</span> 
     </span>
    </p>
   </div>
   <div class='ocr_carea' id='block_1_15' title="bbox 468 1345 2116 1419">
    <p class='ocr_par' dir='ltr' id='par_1_15' title="bbox 468 1345 2116 1419">
     <span class='ocr_line' id='line_1_15' title="bbox 468 1345 2116 1419; baseline -0.001 -15"><span class='ocrx_word' id='word_1_93' title='bbox 468 1347 729 1419; x_wconf 90' lang='lat' dir='ltr'>denique</span> <span class='ocrx_word' id='word_1_94' title='bbox 752 1345 1030 1401; x_wconf 89' lang='lat' dir='ltr'>homines</span> <span class='ocrx_word' id='word_1_95' title='bbox 1053 1345 1341 1416; x_wconf 88' lang='lat' dir='ltr'>privatos,</span> <span class='ocrx_word' id='word_1_96' title='bbox 1365 1349 1447 1411; x_wconf 88' lang='lat' dir='ltr'>ut,</span> <span class='ocrx_word' id='word_1_97' title='bbox 1476 1361 1655 1416; x_wconf 89' lang='lat' dir='ltr'>quem</span> <span class='ocrx_word' id='word_1_98' title='bbox 1680 1362 1709 1401; x_wconf 92' lang='lat' dir='ltr'>e</span> <span class='ocrx_word' id='word_1_99' title='bbox 1739 1345 1979 1402; x_wconf 89' lang='lat' dir='ltr'>duobus</span> <span class='ocrx_word' id='word_1_100' title='bbox 2000 1347 2116 1402; x_wconf 91' lang='lat' dir='ltr'>im-</span> 
     </span>
    </p>
   </div>
   <div class='ocr_carea' id='block_1_16' title="bbox 469 1434 2118 1512">
    <p class='ocr_par' dir='ltr' id='par_1_16' title="bbox 469 1434 2118 1512">
     <span class='ocr_line' id='line_1_16' title="bbox 469 1434 2118 1512; baseline -0.002 -19"><span class='ocrx_word' id='word_1_101' title='bbox 469 1436 849 1512; x_wconf 86' lang='lat' dir='ltr'>peratoribus</span> <span class='ocrx_word' id='word_1_102' title='bbox 899 1434 1126 1490; x_wconf 83' lang='lat' dir='ltr'>videret</span> <span class='ocrx_word' id='word_1_103' title='bbox 1169 1434 1430 1507; x_wconf 88' lang='lat' dir='ltr'>populus</span> <span class='ocrx_word' id='word_1_104' title='bbox 1481 1435 1541 1490; x_wconf 89' lang='lat' dir='ltr'>in</span> <span class='ocrx_word' id='word_1_105' title='bbox 1593 1435 1831 1491; x_wconf 89' lang='lat' dir='ltr'>alterius</span> <span class='ocrx_word' id='word_1_106' title='bbox 1870 1436 2118 1491; x_wconf 87' lang='lat' dir='ltr'>insidias</span> 
     </span>
    </p>
   </div>
   <div class='ocr_carea' id='block_1_17' title="bbox 471 1522 2117 1594">
    <p class='ocr_par' dir='ltr' id='par_1_17' title="bbox 471 1522 2117 1594">
     <span class='ocr_line' id='line_1_17' title="bbox 471 1522 2117 1594; baseline -0.003 -10"><span class='ocrx_word' id='word_1_107' title='bbox 471 1526 793 1593; x_wconf 85' lang='lat' dir='ltr'>declinare,</span> <span class='ocrx_word' id='word_1_108' title='bbox 828 1523 878 1579; x_wconf 90' lang='lat' dir='ltr'>si</span> <span class='ocrx_word' id='word_1_109' title='bbox 906 1522 1217 1579; x_wconf 87' lang='lat' dir='ltr'>insidiator</span> <span class='ocrx_word' id='word_1_110' title='bbox 1245 1522 1492 1594; x_wconf 89' lang='lat' dir='ltr'>quidem</span> <span class='ocrx_word' id='word_1_111' title='bbox 1519 1524 1836 1581; x_wconf 89' lang='lat' dir='ltr'>occidisset</span> <span class='ocrx_word' id='word_1_112' title='bbox 1885 1524 2117 1580; x_wconf 87' lang='lat' dir='ltr'>insidiis</span> 
     </span>
    </p>
   </div>
   <div class='ocr_carea' id='block_1_18' title="bbox 473 1613 2119 1689">
    <p class='ocr_par' dir='ltr' id='par_1_18' title="bbox 473 1613 2119 1689">
     <span class='ocr_line' id='line_1_18' title="bbox 473 1613 2119 1689; baseline -0.003 -15"><span class='ocrx_word' id='word_1_113' title='bbox 473 1616 827 1689; x_wconf 87' lang='lat' dir='ltr'>appetitum,</span> <span class='ocrx_word' id='word_1_114' title='bbox 856 1616 922 1668; x_wconf 90' lang='lat' dir='ltr'>ut</span> <span class='ocrx_word' id='word_1_115' title='bbox 963 1613 1161 1668; x_wconf 88' lang='lat' dir='ltr'>cuncti</span> <span class='ocrx_word' id='word_1_116' title='bbox 1192 1618 1716 1683; x_wconf 78' lang='lat' dir='ltr'>congregarentur,</span> <span class='ocrx_word' id='word_1_117' title='bbox 1748 1618 1925 1686; x_wconf 87' lang='lat' dir='ltr'>atque</span> <span class='ocrx_word' id='word_1_118' title='bbox 1955 1614 2119 1669; x_wconf 91' lang='lat' dir='ltr'>illum</span> 
     </span>
    </p>
   </div>
   <div class='ocr_carea' id='block_1_19' title="bbox 2216 455 3829 527">
    <p class='ocr_par' dir='ltr' id='par_1_19' title="bbox 2216 455 3829 527">
     <span class='ocr_line' id='line_1_19' title="bbox 2216 455 3829 527; baseline 0.004 -24"><span class='ocrx_word' id='word_1_119' title='bbox 2216 459 2565 524; x_wconf 74' lang='grc' dir='ltr'>μαρτυροῦσι,</span> <span class='ocrx_word' id='word_1_120' title='bbox 2621 455 2977 527; x_wconf 81' lang='grc' dir='ltr'><strong>μαρτύρομαι,</strong></span> <span class='ocrx_word' id='word_1_121' title='bbox 3042 456 3175 507; x_wconf 83' lang='grc' dir='ltr'>κατὰ</span> <span class='ocrx_word' id='word_1_122' title='bbox 3230 458 3317 508; x_wconf 83' lang='grc' dir='ltr'>τὸν</span> <span class='ocrx_word' id='word_1_123' title='bbox 3376 455 3524 527; x_wconf 74' lang='grc' dir='ltr'><strong>ἅγιον</strong></span> <span class='ocrx_word' id='word_1_124' title='bbox 3578 457 3829 526; x_wconf 64' lang='grc' dir='ltr'>⁸Ησαίαν,</span> 
     </span>
    </p>
   </div>
   <div class='ocr_carea' id='block_1_20' title="bbox 2157 541 3832 617">
    <p class='ocr_par' dir='ltr' id='par_1_20' title="bbox 2157 541 3832 617">
     <span class='ocr_line' id='line_1_20' title="bbox 2157 541 3832 617; baseline 0.004 -25"><span class='ocrx_word' id='word_1_125' title='bbox 2157 576 2177 598; x_wconf 89' lang='grc'><strong>.</strong></span> <span class='ocrx_word' id='word_1_126' title='bbox 2217 541 2430 614; x_wconf 72' lang='grc' dir='ltr'>οὐρανὸν</span> <span class='ocrx_word' id='word_1_127' title='bbox 2487 561 2540 594; x_wconf 89' lang='grc' dir='ltr'>τε</span> <span class='ocrx_word' id='word_1_128' title='bbox 2599 546 2688 594; x_wconf 85' lang='grc' dir='ltr'>καὶ</span> <span class='ocrx_word' id='word_1_129' title='bbox 2726 550 2845 613; x_wconf 70' lang='grc' dir='ltr'>γῆν,</span> <span class='ocrx_word' id='word_1_130' title='bbox 2900 550 3005 604; x_wconf 76' lang='grc' dir='ltr'><strong>πώς</strong></span> <span class='ocrx_word' id='word_1_131' title='bbox 3058 542 3329 611; x_wconf 76' lang='grc' dir='ltr'>ἀντέστην,</span> <span class='ocrx_word' id='word_1_132' title='bbox 3384 553 3491 607; x_wconf 84' lang='grc' dir='ltr'><strong>πῶς</strong></span> <span class='ocrx_word' id='word_1_133' title='bbox 3555 547 3832 617; x_wconf 72' lang='grc' dir='ltr'>ἠγωνισά-</span> 
     </span>
    </p>
   </div>
   <div class='ocr_carea' id='block_1_21' title="bbox 2218 630 3830 708">
    <p class='ocr_par' dir='ltr' id='par_1_21' title="bbox 2218 630 3830 708">
     <span class='ocr_line' id='line_1_21' title="bbox 2218 630 3830 708; baseline 0.004 -26"><span class='ocrx_word' id='word_1_134' title='bbox 2218 650 2340 704; x_wconf 81' lang='grc' dir='ltr'>μην,</span> <span class='ocrx_word' id='word_1_135' title='bbox 2370 639 2473 691; x_wconf 86' lang='grc' dir='ltr'>πῶς</span> <span class='ocrx_word' id='word_1_136' title='bbox 2499 630 2649 694; x_wconf 76' lang='grc' dir='ltr'><strong>οὗτος</strong></span> <span class='ocrx_word' id='word_1_137' title='bbox 2683 636 2771 685; x_wconf 88' lang='lat' dir='ltr'>xui</span> <span class='ocrx_word' id='word_1_138' title='bbox 2824 632 2978 685; x_wconf 79' lang='grc' dir='ltr'><strong>πάλιν</strong></span> <span class='ocrx_word' id='word_1_139' title='bbox 3049 638 3141 692; x_wconf 79' lang='grc' dir='ltr'>τὴν</span> <span class='ocrx_word' id='word_1_140' title='bbox 3206 641 3304 685; x_wconf 85' lang='grc' dir='ltr'><strong>τῶν</strong></span> <span class='ocrx_word' id='word_1_141' title='bbox 3375 636 3540 707; x_wconf 84' lang='grc' dir='ltr'>ὅρκων</span> <span class='ocrx_word' id='word_1_142' title='bbox 3596 634 3830 708; x_wconf 74' lang='grc' dir='ltr'><strong>βεϐαίωο</strong></span> 
     </span>
    </p>
   </div>
   <div class='ocr_carea' id='block_1_22' title="bbox 2221 721 3834 797">
    <p class='ocr_par' dir='ltr' id='par_1_22' title="bbox 2221 721 3834 797">
     <span class='ocr_line' id='line_1_22' title="bbox 2221 721 3834 797; baseline 0.004 -26"><span class='ocrx_word' id='word_1_143' title='bbox 2221 739 2303 771; x_wconf 91' lang='grc' dir='ltr'><strong>σιν</strong></span> <span class='ocrx_word' id='word_1_144' title='bbox 2331 724 2460 794; x_wconf 85' lang='grc' dir='ltr'><strong>πρὸς</strong></span> <span class='ocrx_word' id='word_1_145' title='bbox 2490 724 2552 794; x_wconf 69' lang='grc' dir='ltr'><strong>μὲ</strong></span> <span class='ocrx_word' id='word_1_146' title='bbox 2609 726 2699 773; x_wconf 86' lang='grc' dir='ltr'>καὶ</span> <span class='ocrx_word' id='word_1_147' title='bbox 2754 724 2883 795; x_wconf 89' lang='grc' dir='ltr'><strong>πρὸς</strong></span> <span class='ocrx_word' id='word_1_148' title='bbox 2931 725 3048 783; x_wconf 78' lang='grc' dir='ltr'><strong>τοὺς</strong></span> <span class='ocrx_word' id='word_1_149' title='bbox 3105 721 3368 797; x_wconf 80' lang='grc' dir='ltr'>ἀρχιερεῖς</span> <span class='ocrx_word' id='word_1_150' title='bbox 3406 723 3672 783; x_wconf 65' lang='grc' dir='ltr'><strong>ἐποίησε).</strong></span> <span class='ocrx_word' id='word_1_151' title='bbox 3711 728 3834 778; x_wconf 72' lang='grc' dir='ltr'>Οὖ-</span> 
     </span>
    </p>
   </div>
   <div class='ocr_carea' id='block_1_23' title="bbox 2218 810 3833 887">
    <p class='ocr_par' dir='ltr' id='par_1_23' title="bbox 2218 810 3833 887">
     <span class='ocr_line' id='line_1_23' title="bbox 2218 810 3833 887; baseline 0.004 -27"><span class='ocrx_word' id='word_1_152' title='bbox 2218 829 2290 861; x_wconf 89' lang='grc' dir='ltr'><strong>τω</strong></span> <span class='ocrx_word' id='word_1_153' title='bbox 2318 813 2419 884; x_wconf 72' lang='grc' dir='ltr'>γὰρ</span> <span class='ocrx_word' id='word_1_154' title='bbox 2451 811 2648 882; x_wconf 82' lang='grc' dir='ltr'>ὤμοσεν</span> <span class='ocrx_word' id='word_1_155' title='bbox 2679 831 2693 844; x_wconf 92' lang='grc'><strong>·</strong></span> <span class='ocrx_word' id='word_1_156' title='bbox 2735 832 2762 860; x_wconf 85' lang='grc'><em>‹‹</em></span> <span class='ocrx_word' id='word_1_157' title='bbox 2818 812 2879 863; x_wconf 79' lang='lat' dir='ltr'>Ei</span> <span class='ocrx_word' id='word_1_158' title='bbox 2932 810 3177 885; x_wconf 81' lang='grc' dir='ltr'><strong>βουληθῶ</strong></span> <span class='ocrx_word' id='word_1_159' title='bbox 3233 833 3285 864; x_wconf 88' lang='grc' dir='ltr'>τι</span> <span class='ocrx_word' id='word_1_160' title='bbox 3337 819 3625 866; x_wconf 84' lang='grc' dir='ltr'>κακωτικὸν</span> <span class='ocrx_word' id='word_1_161' title='bbox 3675 814 3833 887; x_wconf 65' lang='grc' dir='ltr'>ἐργα-</span> 
     </span>
    </p>
   </div>
   <div class='ocr_carea' id='block_1_24' title="bbox 2224 897 3836 975">
    <p class='ocr_par' dir='ltr' id='par_1_24' title="bbox 2224 897 3836 975">
     <span class='ocr_line' id='line_1_24' title="bbox 2224 897 3836 975; baseline 0.003 -25"><span class='ocrx_word' id='word_1_162' title='bbox 2224 901 2439 966; x_wconf 86' lang='grc' dir='ltr'><strong>σασθαι,</strong></span> <span class='ocrx_word' id='word_1_163' title='bbox 2487 903 2586 952; x_wconf 81' lang='grc' dir='ltr'>εἶτε</span> <span class='ocrx_word' id='word_1_164' title='bbox 2617 897 2688 953; x_wconf 79' lang='grc' dir='ltr'>δι’</span> <span class='ocrx_word' id='word_1_165' title='bbox 2742 899 2867 973; x_wconf 78' lang='grc' dir='ltr'><strong>ἐμοῦ</strong></span> <span class='ocrx_word' id='word_1_166' title='bbox 2922 898 2993 953; x_wconf 80' lang='grc' dir='ltr'>δι’</span> <span class='ocrx_word' id='word_1_167' title='bbox 3055 901 3250 975; x_wconf 82' lang='grc' dir='ltr'><strong>ἑτέρου,</strong></span> <span class='ocrx_word' id='word_1_168' title='bbox 3305 903 3376 965; x_wconf 85' lang='grc' dir='ltr'>εὶς</span> <span class='ocrx_word' id='word_1_169' title='bbox 3438 907 3524 955; x_wconf 79' lang='grc' dir='ltr'>τὸν</span> <span class='ocrx_word' id='word_1_170' title='bbox 3577 904 3836 962; x_wconf 67' lang='grc' dir='ltr'>αὐθεντην</span> 
     </span>
    </p>
   </div>
   <div class='ocr_carea' id='block_1_25' title="bbox 2220 986 3840 1065">
    <p class='ocr_par' dir='ltr' id='par_1_25' title="bbox 2220 986 3840 1065">
     <span class='ocr_line' id='line_1_25' title="bbox 2220 986 3840 1065; baseline 0.003 -25"><span class='ocrx_word' id='word_1_171' title='bbox 2220 1008 2320 1060; x_wconf 94' lang='grc' dir='ltr'><strong>μου</strong></span> <span class='ocrx_word' id='word_1_172' title='bbox 2360 994 2450 1041; x_wconf 79' lang='grc' dir='ltr'>καὶ</span> <span class='ocrx_word' id='word_1_173' title='bbox 2487 989 2801 1065; x_wconf 76' lang='grc' dir='ltr'>κληρονόμον</span> <span class='ocrx_word' id='word_1_174' title='bbox 2831 995 2921 1042; x_wconf 87' lang='lat' dir='ltr'>xui</span> <span class='ocrx_word' id='word_1_175' title='bbox 2950 986 3212 1063; x_wconf 76' lang='grc' dir='ltr'>διάδοχον</span> <span class='ocrx_word' id='word_1_176' title='bbox 3256 999 3347 1052; x_wconf 85' lang='grc' dir='ltr'>τῆς</span> <span class='ocrx_word' id='word_1_177' title='bbox 3405 990 3693 1063; x_wconf 80' lang='grc' dir='ltr'>βασιλείας,</span> <span class='ocrx_word' id='word_1_178' title='bbox 3746 995 3840 1046; x_wconf 78' lang='grc' dir='ltr'>ἵνα</span> 
     </span>
    </p>
   </div>
   <div class='ocr_carea' id='block_1_26' title="bbox 2222 1076 3834 1155">
    <p class='ocr_par' dir='ltr' id='par_1_26' title="bbox 2222 1076 3834 1155">
     <span class='ocr_line' id='line_1_26' title="bbox 2222 1076 3834 1155; baseline 0.003 -26"><span class='ocrx_word' id='word_1_179' title='bbox 2222 1076 2703 1152; x_wconf 64' lang='grc' dir='ltr'>εὶμίάγωρισμέιος</span> <span class='ocrx_word' id='word_1_180' title='bbox 2742 1076 2842 1131; x_wconf 72' lang='grc' dir='ltr'><strong>ἀπὸ</strong></span> <span class='ocrx_word' id='word_1_181' title='bbox 2885 1088 2982 1140; x_wconf 79' lang='grc' dir='ltr'><strong>τῆς</strong></span> <span class='ocrx_word' id='word_1_182' title='bbox 3038 1079 3348 1155; x_wconf 78' lang='grc' dir='ltr'>ζωαρχικῆς</span> <span class='ocrx_word' id='word_1_183' title='bbox 3396 1084 3487 1132; x_wconf 87' lang='grc' dir='ltr'>καὶ</span> <span class='ocrx_word' id='word_1_184' title='bbox 3544 1082 3834 1153; x_wconf 77' lang='grc' dir='ltr'><strong>ὁμοουσίου</strong></span> 
     </span>
    </p>
   </div>
   <div class='ocr_carea' id='block_1_27' title="bbox 2224 1164 3839 1242">
    <p class='ocr_par' dir='ltr' id='par_1_27' title="bbox 2224 1164 3839 1242">
     <span class='ocr_line' id='line_1_27' title="bbox 2224 1164 3839 1242; baseline 0.002 -23"><span class='ocrx_word' id='word_1_185' title='bbox 2224 1165 2468 1240; x_wconf 78' lang='grc' dir='ltr'>Τριὰὸος,</span> <span class='ocrx_word' id='word_1_186' title='bbox 2531 1164 2953 1241; x_wconf 74' lang='grc' dir='ltr'>παραδεδομένος</span> <span class='ocrx_word' id='word_1_187' title='bbox 3005 1176 3076 1240; x_wconf 82' lang='grc' dir='ltr'><strong>τῷ</strong></span> <span class='ocrx_word' id='word_1_188' title='bbox 3141 1165 3391 1242; x_wconf 79' lang='grc' dir='ltr'>διαϐόλῳ,</span> <span class='ocrx_word' id='word_1_189' title='bbox 3459 1192 3488 1219; x_wconf 84' lang='grc'>››</span> <span class='ocrx_word' id='word_1_190' title='bbox 3544 1175 3639 1222; x_wconf 72' lang='grc' dir='ltr'>Σὺν</span> <span class='ocrx_word' id='word_1_191' title='bbox 3712 1175 3839 1224; x_wconf 64' lang='grc' dir='ltr'>τούς</span> 
     </span>
    </p>
   </div>
   <div class='ocr_carea' id='block_1_28' title="bbox 2224 1258 3840 1335">
    <p class='ocr_par' dir='ltr' id='par_1_28' title="bbox 2224 1258 3840 1335">
     <span class='ocr_line' id='line_1_28' title="bbox 2224 1258 3840 1335; baseline 0.002 -27"><span class='ocrx_word' id='word_1_192' title='bbox 2224 1276 2295 1328; x_wconf 81' lang='grc' dir='ltr'><strong>τῳ</strong></span> <span class='ocrx_word' id='word_1_193' title='bbox 2320 1266 2392 1328; x_wconf 84' lang='grc' dir='ltr'>τῷ</span> <span class='ocrx_word' id='word_1_194' title='bbox 2427 1259 2562 1333; x_wconf 84' lang='grc' dir='ltr'>ὅρκῳ</span> <span class='ocrx_word' id='word_1_195' title='bbox 2619 1262 2709 1309; x_wconf 88' lang='grc' dir='ltr'>καὶ</span> <span class='ocrx_word' id='word_1_196' title='bbox 2754 1258 2919 1331; x_wconf 83' lang='grc' dir='ltr'>ἔτερος</span> <span class='ocrx_word' id='word_1_197' title='bbox 2972 1263 3173 1330; x_wconf 70' lang='grc' dir='ltr'>’γέγονεν</span> <span class='ocrx_word' id='word_1_198' title='bbox 3223 1261 3381 1333; x_wconf 84' lang='grc' dir='ltr'>ὅρκος</span> <span class='ocrx_word' id='word_1_199' title='bbox 3433 1264 3565 1335; x_wconf 81' lang='grc' dir='ltr'><strong>πρὸς</strong></span> <span class='ocrx_word' id='word_1_200' title='bbox 3626 1260 3840 1313; x_wconf 79' lang='grc' dir='ltr'><strong>ἅπαντα</strong></span> 
     </span>
    </p>
   </div>
   <div class='ocr_carea' id='block_1_29' title="bbox 2224 1346 3839 1422">
    <p class='ocr_par' dir='ltr' id='par_1_29' title="bbox 2224 1346 3839 1422">
     <span class='ocr_line' id='line_1_29' title="bbox 2224 1346 3839 1422; baseline 0.002 -24"><span class='ocrx_word' id='word_1_201' title='bbox 2224 1350 2311 1399; x_wconf 87' lang='grc' dir='ltr'>τὸν</span> <span class='ocrx_word' id='word_1_202' title='bbox 2378 1347 2521 1415; x_wconf 87' lang='grc' dir='ltr'><strong>λαὸν,</strong></span> <span class='ocrx_word' id='word_1_203' title='bbox 2576 1346 2864 1421; x_wconf 78' lang='grc' dir='ltr'>ἀρχιερεῖς,</span> <span class='ocrx_word' id='word_1_204' title='bbox 2931 1349 3100 1421; x_wconf 80' lang='grc' dir='ltr'>ἱερεῖς,</span> <span class='ocrx_word' id='word_1_205' title='bbox 3156 1354 3496 1420; x_wconf 70' lang='grc' dir='ltr'>μεγιστᾶνας,</span> <span class='ocrx_word' id='word_1_206' title='bbox 3552 1369 3839 1422; x_wconf 84' lang='grc' dir='ltr'><strong>στρατευο-</strong></span> 
     </span>
    </p>
   </div>
   <div class='ocr_carea' id='block_1_30' title="bbox 2226 1432 3838 1511">
    <p class='ocr_par' dir='ltr' id='par_1_30' title="bbox 2226 1432 3838 1511">
     <span class='ocr_line' id='line_1_30' title="bbox 2226 1432 3838 1511; baseline 0.001 -23"><span class='ocrx_word' id='word_1_207' title='bbox 2226 1440 2407 1508; x_wconf 84' lang='grc' dir='ltr'>μένους</span> <span class='ocrx_word' id='word_1_208' title='bbox 2435 1440 2525 1488; x_wconf 84' lang='grc' dir='ltr'>καὶ</span> <span class='ocrx_word' id='word_1_209' title='bbox 2566 1432 2818 1498; x_wconf 72' lang='grc' dir='ltr'><strong>ἰδιώτας·</strong></span> <span class='ocrx_word' id='word_1_210' title='bbox 2872 1437 3045 1488; x_wconf 85' lang='grc' dir='ltr'><strong>ὅντινα</strong></span> <span class='ocrx_word' id='word_1_211' title='bbox 3103 1434 3203 1489; x_wconf 77' lang='grc' dir='ltr'>ἀπὸ</span> <span class='ocrx_word' id='word_1_212' title='bbox 3260 1446 3360 1489; x_wconf 82' lang='grc' dir='ltr'><strong>τῶν</strong></span> <span class='ocrx_word' id='word_1_213' title='bbox 3409 1434 3505 1490; x_wconf 78' lang='grc' dir='ltr'>δύο</span> <span class='ocrx_word' id='word_1_214' title='bbox 3572 1436 3838 1511; x_wconf 81' lang='grc' dir='ltr'><strong>βασιλέων</strong></span> 
     </span>
    </p>
   </div>
   <div class='ocr_carea' id='block_1_31' title="bbox 2227 1522 3843 1601">
    <p class='ocr_par' dir='ltr' id='par_1_31' title="bbox 2227 1522 3843 1601">
     <span class='ocr_line' id='line_1_31' title="bbox 2227 1522 3843 1601; baseline 0.002 -24"><span class='ocrx_word' id='word_1_215' title='bbox 2227 1522 2337 1578; x_wconf 78' lang='grc' dir='ltr'><strong>ἴδοι</strong></span> <span class='ocrx_word' id='word_1_216' title='bbox 2392 1526 2418 1576; x_wconf 85' lang='grc' dir='ltr'>ὁ</span> <span class='ocrx_word' id='word_1_217' title='bbox 2468 1524 2593 1586; x_wconf 82' lang='grc' dir='ltr'><strong>λαὸς</strong></span> <span class='ocrx_word' id='word_1_218' title='bbox 2645 1523 2943 1578; x_wconf 81' lang='grc' dir='ltr'><strong>ἐκκλίναντα</strong></span> <span class='ocrx_word' id='word_1_219' title='bbox 2986 1526 3052 1586; x_wconf 85' lang='grc' dir='ltr'><strong>εἰς</strong></span> <span class='ocrx_word' id='word_1_220' title='bbox 3100 1524 3367 1585; x_wconf 75' lang='grc' dir='ltr'><strong>ἐπιϐουλήν</strong></span> <span class='ocrx_word' id='word_1_221' title='bbox 3400 1534 3491 1579; x_wconf 85' lang='grc' dir='ltr'>τοῦ</span> <span class='ocrx_word' id='word_1_222' title='bbox 3542 1527 3736 1601; x_wconf 70' lang='grc' dir='ltr'>ἑτερου,</span> <span class='ocrx_word' id='word_1_223' title='bbox 3795 1527 3843 1580; x_wconf 75' lang='grc' dir='ltr'>εἰ</span> 
     </span>
    </p>
   </div>
   <div class='ocr_carea' id='block_1_32' title="bbox 2227 1614 3843 1689">
    <p class='ocr_par' dir='ltr' id='par_1_32' title="bbox 2227 1614 3843 1689">
     <span class='ocr_line' id='line_1_32' title="bbox 2227 1614 3843 1689; baseline 0 -22"><span class='ocrx_word' id='word_1_224' title='bbox 2227 1620 2317 1689; x_wconf 86' lang='grc' dir='ltr'><strong>μέν</strong></span> <span class='ocrx_word' id='word_1_225' title='bbox 2375 1617 2607 1688; x_wconf 75' lang='grc' dir='ltr'>φονεύσει</span> <span class='ocrx_word' id='word_1_226' title='bbox 2672 1618 2758 1667; x_wconf 85' lang='grc' dir='ltr'>τὸν</span> <span class='ocrx_word' id='word_1_227' title='bbox 2824 1614 3302 1667; x_wconf 75' lang='grc' dir='ltr'><strong>ἐπιϐουλευθένταὸ</strong></span> <span class='ocrx_word' id='word_1_228' title='bbox 3382 1615 3668 1687; x_wconf 78' lang='grc' dir='ltr'><strong>ἐπίϐουλος,</strong></span> <span class='ocrx_word' id='word_1_229' title='bbox 3750 1618 3843 1669; x_wconf 82' lang='grc' dir='ltr'>ἱνα</span> 
     </span>
    </p>
   </div>
   <div class='ocr_carea' id='block_1_33' title="bbox 475 1702 2127 1778">
    <p class='ocr_par' dir='ltr' id='par_1_33' title="bbox 475 1702 2123 1775">
     <span class='ocr_line' id='line_1_33' title="bbox 475 1702 2123 1775; baseline -0.002 -13"><span class='ocrx_word' id='word_1_230' title='bbox 475 1707 656 1763; x_wconf 88' lang='lat' dir='ltr'>etiam</span> <span class='ocrx_word' id='word_1_231' title='bbox 698 1702 1095 1759; x_wconf 88' lang='lat' dir='ltr'>interﬁcerent</span> <span class='ocrx_word' id='word_1_232' title='bbox 1143 1719 1157 1769; x_wconf 87' lang='lat'><strong>;</strong></span> <span class='ocrx_word' id='word_1_233' title='bbox 1189 1702 1629 1773; x_wconf 88' lang='lat' dir='ltr'>proclamarent</span> <span class='ocrx_word' id='word_1_234' title='bbox 1668 1719 1808 1759; x_wconf 86' lang='lat' dir='ltr'>vero</span> <span class='ocrx_word' id='word_1_235' title='bbox 1841 1704 1903 1758; x_wconf 90' lang='lat' dir='ltr'>in</span> <span class='ocrx_word' id='word_1_236' title='bbox 1939 1704 2123 1775; x_wconf 87' lang='lat' dir='ltr'>impe-</span> 
     </span>
    </p>
   </div>
   <div class='ocr_carea' id='block_1_34' title="bbox 2238 1702 3840 1778">
    <p class='ocr_par' dir='ltr' id='par_1_34' title="bbox 2238 1704 3840 1778">
     <span class='ocr_line' id='line_1_34' title="bbox 2238 1704 3840 1778; baseline -0.001 -21"><span class='ocrx_word' id='word_1_237' title='bbox 2238 1707 2556 1778; x_wconf 78' lang='grc' dir='ltr'>σωρεύωνται</span> <span class='ocrx_word' id='word_1_238' title='bbox 2626 1704 2867 1771; x_wconf 79' lang='grc' dir='ltr'><strong>ἅπαντες,</strong></span> <span class='ocrx_word' id='word_1_239' title='bbox 2942 1709 3032 1756; x_wconf 83' lang='grc' dir='ltr'>καὶ</span> <span class='ocrx_word' id='word_1_240' title='bbox 3108 1708 3358 1777; x_wconf 77' lang='grc' dir='ltr'>φονεύωσι</span> <span class='ocrx_word' id='word_1_241' title='bbox 3427 1711 3517 1758; x_wconf 82' lang='grc' dir='ltr'>καὶ</span> <span class='ocrx_word' id='word_1_242' title='bbox 3591 1713 3775 1758; x_wconf 77' lang='grc' dir='ltr'>τοῦτον</span> <span class='ocrx_word' id='word_1_243' title='bbox 3825 1727 3840 1739; x_wconf 79' lang='grc' dir='ltr'><strong><em>ο</em></strong></span> 
     </span>
    </p>
   </div>
   <div class='ocr_carea' id='block_1_35' title="bbox 474 1790 2122 1863">
    <p class='ocr_par' dir='ltr' id='par_1_35' title="bbox 474 1790 2122 1863">
     <span class='ocr_line' id='line_1_35' title="bbox 474 1790 2122 1863; baseline -0.002 -12"><span class='ocrx_word' id='word_1_244' title='bbox 474 1800 739 1851; x_wconf 88' lang='lat' dir='ltr'>ratorem</span> <span class='ocrx_word' id='word_1_245' title='bbox 772 1807 954 1863; x_wconf 88' lang='lat' dir='ltr'>quem</span> <span class='ocrx_word' id='word_1_246' title='bbox 976 1790 1193 1845; x_wconf 87' lang='lat' dir='ltr'>vellent</span> <span class='ocrx_word' id='word_1_247' title='bbox 1230 1805 1260 1845; x_wconf 92' lang='lat' dir='ltr'>e</span> <span class='ocrx_word' id='word_1_248' title='bbox 1302 1795 1513 1846; x_wconf 90' lang='lat' dir='ltr'>senatu</span> <span class='ocrx_word' id='word_1_249' title='bbox 1550 1809 1563 1845; x_wconf 89' lang='lat'><strong>:</strong></span> <span class='ocrx_word' id='word_1_250' title='bbox 1598 1792 1645 1846; x_wconf 90' lang='lat' dir='ltr'>si</span> <span class='ocrx_word' id='word_1_251' title='bbox 1683 1808 1821 1848; x_wconf 83' lang='lat' dir='ltr'>vero</span> <span class='ocrx_word' id='word_1_252' title='bbox 1869 1792 2122 1847; x_wconf 88' lang='lat' dir='ltr'>inaniter</span> 
     </span>
    </p>
   </div>
   <div class='ocr_carea' id='block_1_36' title="bbox 476 1878 2122 1953">
    <p class='ocr_par' dir='ltr' id='par_1_36' title="bbox 476 1878 2122 1953">
     <span class='ocr_line' id='line_1_36' title="bbox 476 1878 2122 1953; baseline -0.003 -13"><span class='ocrx_word' id='word_1_253' title='bbox 476 1884 755 1940; x_wconf 90' lang='lat' dir='ltr'>caderent</span> <span class='ocrx_word' id='word_1_254' title='bbox 780 1879 1032 1943; x_wconf 81' lang='lat' dir='ltr'>insidiae,</span> <span class='ocrx_word' id='word_1_255' title='bbox 1058 1878 1321 1951; x_wconf 87' lang='lat' dir='ltr'>populus</span> <span class='ocrx_word' id='word_1_256' title='bbox 1353 1895 1491 1935; x_wconf 89' lang='lat' dir='ltr'>eum</span> <span class='ocrx_word' id='word_1_257' title='bbox 1532 1881 1636 1953; x_wconf 88' lang='lat' dir='ltr'>qui</span> <span class='ocrx_word' id='word_1_258' title='bbox 1684 1881 1997 1937; x_wconf 88' lang='lat' dir='ltr'>insidiator</span> <span class='ocrx_word' id='word_1_259' title='bbox 2034 1882 2122 1935; x_wconf 87' lang='lat' dir='ltr'>vi-</span> 
     </span>
    </p>
   </div>
   <div class='ocr_carea' id='block_1_37' title="bbox 477 1968 2125 2041">
    <p class='ocr_par' dir='ltr' id='par_1_37' title="bbox 477 1968 2125 2041">
     <span class='ocr_line' id='line_1_37' title="bbox 477 1968 2125 2041; baseline -0.002 -13"><span class='ocrx_word' id='word_1_260' title='bbox 477 1989 581 2028; x_wconf 91' lang='lat' dir='ltr'>sus</span> <span class='ocrx_word' id='word_1_261' title='bbox 618 1970 821 2026; x_wconf 88' lang='lat' dir='ltr'>fuisset</span> <span class='ocrx_word' id='word_1_262' title='bbox 846 1968 1399 2041; x_wconf 90' lang='lat' dir='ltr'>comprehenderet,</span> <span class='ocrx_word' id='word_1_263' title='bbox 1424 1985 1494 2025; x_wconf 86' lang='lat' dir='ltr'>ac</span> <span class='ocrx_word' id='word_1_264' title='bbox 1525 1971 1699 2025; x_wconf 91' lang='lat' dir='ltr'>morti</span> <span class='ocrx_word' id='word_1_265' title='bbox 1732 1969 1991 2026; x_wconf 89' lang='lat' dir='ltr'>traderet</span> <span class='ocrx_word' id='word_1_266' title='bbox 2019 1971 2125 2025; x_wconf 91' lang='lat' dir='ltr'>ha-</span> 
     </span>
    </p>
   </div>
   <div class='ocr_carea' id='block_1_38' title="bbox 473 2056 2123 2131">
    <p class='ocr_par' dir='ltr' id='par_1_38' title="bbox 473 2056 2123 2131">
     <span class='ocr_line' id='line_1_38' title="bbox 473 2056 2123 2131; baseline -0.002 -15"><span class='ocrx_word' id='word_1_267' title='bbox 473 2060 761 2131; x_wconf 89' lang='lat' dir='ltr'>beretque</span> <span class='ocrx_word' id='word_1_268' title='bbox 803 2057 1228 2129; x_wconf 88' lang='lat' dir='ltr'>imperatorem</span> <span class='ocrx_word' id='word_1_269' title='bbox 1272 2056 1440 2112; x_wconf 89' lang='lat' dir='ltr'>illum</span> <span class='ocrx_word' id='word_1_270' title='bbox 1486 2058 1581 2113; x_wconf 91' lang='lat' dir='ltr'>cui</span> <span class='ocrx_word' id='word_1_271' title='bbox 1612 2057 1845 2113; x_wconf 66' lang='lat' dir='ltr'>insidiae</span> <span class='ocrx_word' id='word_1_272' title='bbox 1890 2061 2123 2114; x_wconf 74' lang='lat' dir='ltr'>structae</span> 
     </span>
    </p>
   </div>
   <div class='ocr_carea' id='block_1_39' title="bbox 476 2145 2125 2219">
    <p class='ocr_par' dir='ltr' id='par_1_39' title="bbox 476 2145 2125 2219">
     <span class='ocr_line' id='line_1_39' title="bbox 476 2145 2125 2219; baseline -0.002 -14"><span class='ocrx_word' id='word_1_273' title='bbox 476 2153 673 2206; x_wconf 89' lang='lat' dir='ltr'>essent</span> <span class='ocrx_word' id='word_1_274' title='bbox 704 2167 716 2204; x_wconf 94' lang='lat'>:</span> <span class='ocrx_word' id='word_1_275' title='bbox 754 2147 918 2219; x_wconf 90' lang='lat' dir='ltr'>quod</span> <span class='ocrx_word' id='word_1_276' title='bbox 951 2145 999 2199; x_wconf 90' lang='lat' dir='ltr'>si</span> <span class='ocrx_word' id='word_1_277' title='bbox 1030 2161 1152 2200; x_wconf 91' lang='lat' dir='ltr'>non</span> <span class='ocrx_word' id='word_1_278' title='bbox 1173 2146 1253 2201; x_wconf 89' lang='lat' dir='ltr'>ita</span> <span class='ocrx_word' id='word_1_279' title='bbox 1279 2150 1479 2215; x_wconf 87' lang='lat' dir='ltr'>ageret</span> <span class='ocrx_word' id='word_1_280' title='bbox 1506 2146 1784 2219; x_wconf 91' lang='lat' dir='ltr'>populus,</span> <span class='ocrx_word' id='word_1_281' title='bbox 1826 2146 1936 2202; x_wconf 92' lang='lat' dir='ltr'>idsi</span> <span class='ocrx_word' id='word_1_282' title='bbox 1981 2162 2125 2218; x_wconf 86' lang='lat' dir='ltr'>quo-</span> 
     </span>
    </p>
   </div>
   <div class='ocr_carea' id='block_1_40' title="bbox 474 2235 2122 2311">
    <p class='ocr_par' dir='ltr' id='par_1_40' title="bbox 474 2235 2122 2311">
     <span class='ocr_line' id='line_1_40' title="bbox 474 2235 2122 2311; baseline -0.001 -18"><span class='ocrx_word' id='word_1_283' title='bbox 474 2254 591 2311; x_wconf 90' lang='lat' dir='ltr'>que</span> <span class='ocrx_word' id='word_1_284' title='bbox 623 2240 822 2292; x_wconf 84' lang='lat' dir='ltr'>essent</span> <span class='ocrx_word' id='word_1_285' title='bbox 858 2235 1359 2291; x_wconf 85' lang='lat' dir='ltr'>excommunicati</span> <span class='ocrx_word' id='word_1_286' title='bbox 1397 2239 1575 2306; x_wconf 88' lang='lat' dir='ltr'>atque</span> <span class='ocrx_word' id='word_1_287' title='bbox 1624 2236 2122 2291; x_wconf 84' lang='lat' dir='ltr'>anathematizati.</span> 
     </span>
    </p>
   </div>
   <div class='ocr_carea' id='block_1_41' title="bbox 548 2322 2125 2395">
    <p class='ocr_par' dir='ltr' id='par_1_41' title="bbox 548 2322 2125 2395">
     <span class='ocr_line' id='line_1_41' title="bbox 548 2322 2125 2395; baseline -0.002 -15"><span class='ocrx_word' id='word_1_288' title='bbox 548 2328 635 2380; x_wconf 87' lang='lat' dir='ltr'>Vl.</span> <span class='ocrx_word' id='word_1_289' title='bbox 670 2324 765 2379; x_wconf 86' lang='lat' dir='ltr'>His</span> <span class='ocrx_word' id='word_1_290' title='bbox 788 2323 919 2395; x_wconf 90' lang='lat' dir='ltr'>ipse</span> <span class='ocrx_word' id='word_1_291' title='bbox 944 2322 1300 2393; x_wconf 87' lang='lat' dir='ltr'>juramentis</span> <span class='ocrx_word' id='word_1_292' title='bbox 1347 2322 1609 2393; x_wconf 81' lang='lat' dir='ltr'>alligavit</span> <span class='ocrx_word' id='word_1_293' title='bbox 1652 2340 1711 2377; x_wconf 90' lang='lat' dir='ltr'>se</span> <span class='ocrx_word' id='word_1_294' title='bbox 1761 2338 2125 2394; x_wconf 90' lang='lat' dir='ltr'>omnemque</span> 
     </span>
    </p>
   </div>
   <div class='ocr_carea' id='block_1_42' title="bbox 477 2411 2125 2490">
    <p class='ocr_par' dir='ltr' id='par_1_42' title="bbox 477 2411 2125 2490">
     <span class='ocr_line' id='line_1_42' title="bbox 477 2411 2125 2490; baseline -0.002 -19"><span class='ocrx_word' id='word_1_295' title='bbox 477 2416 736 2490; x_wconf 89' lang='lat' dir='ltr'>plebem.</span> <span class='ocrx_word' id='word_1_296' title='bbox 763 2417 877 2469; x_wconf 90' lang='lat' dir='ltr'>Nec</span> <span class='ocrx_word' id='word_1_297' title='bbox 897 2411 1086 2468; x_wconf 91' lang='lat' dir='ltr'>multo</span> <span class='ocrx_word' id='word_1_298' title='bbox 1106 2412 1312 2484; x_wconf 86' lang='lat' dir='ltr'>elapso</span> <span class='ocrx_word' id='word_1_299' title='bbox 1327 2417 1615 2484; x_wconf 90' lang='lat' dir='ltr'>tempore,</span> <span class='ocrx_word' id='word_1_300' title='bbox 1636 2413 1764 2483; x_wconf 89' lang='lat' dir='ltr'>jam</span> <span class='ocrx_word' id='word_1_301' title='bbox 1787 2414 1865 2468; x_wconf 89' lang='lat' dir='ltr'>ad</span> <span class='ocrx_word' id='word_1_302' title='bbox 1888 2428 2125 2469; x_wconf 69' lang='lat' dir='ltr'>corona:</span> 
     </span>
    </p>
   </div>
   <div class='ocr_carea' id='block_1_43' title="bbox 476 2503 2128 2578">
    <p class='ocr_par' dir='ltr' id='par_1_43' title="bbox 476 2503 2128 2578">
     <span class='ocr_line' id='line_1_43' title="bbox 476 2503 2128 2578; baseline -0.002 -15"><span class='ocrx_word' id='word_1_303' title='bbox 476 2506 923 2578; x_wconf 90' lang='lat' dir='ltr'>impositionem</span> <span class='ocrx_word' id='word_1_304' title='bbox 976 2503 1266 2575; x_wconf 89' lang='lat' dir='ltr'>compulit</span> <span class='ocrx_word' id='word_1_305' title='bbox 1299 2519 1417 2558; x_wconf 91' lang='lat' dir='ltr'>me.</span> <span class='ocrx_word' id='word_1_306' title='bbox 1443 2505 1572 2567; x_wconf 90' lang='lat' dir='ltr'>Qua</span> <span class='ocrx_word' id='word_1_307' title='bbox 1612 2504 1840 2559; x_wconf 89' lang='lat' dir='ltr'>ratione</span> <span class='ocrx_word' id='word_1_308' title='bbox 1888 2520 2128 2559; x_wconf 91' lang='lat' dir='ltr'>enume-</span> 
     </span>
    </p>
   </div>
   <div class='ocr_carea' id='block_1_44' title="bbox 477 2591 2126 2667">
    <p class='ocr_par' dir='ltr' id='par_1_44' title="bbox 477 2591 2126 2667">
     <span class='ocr_line' id='line_1_44' title="bbox 477 2591 2126 2667; baseline -0.002 -16"><span class='ocrx_word' id='word_1_309' title='bbox 477 2611 607 2652; x_wconf 90' lang='lat' dir='ltr'>rare</span> <span class='ocrx_word' id='word_1_310' title='bbox 634 2594 859 2667; x_wconf 89' lang='lat' dir='ltr'>possim</span> <span class='ocrx_word' id='word_1_311' title='bbox 895 2591 1285 2664; x_wconf 77' lang='lat' dir='ltr'>multiplicem</span> <span class='ocrx_word' id='word_1_312' title='bbox 1330 2608 1515 2663; x_wconf 88' lang='lat' dir='ltr'>quam</span> <span class='ocrx_word' id='word_1_313' title='bbox 1564 2592 1816 2647; x_wconf 89' lang='lat' dir='ltr'>sustinui</span> <span class='ocrx_word' id='word_1_314' title='bbox 1865 2593 2126 2665; x_wconf 81' lang='lat' dir='ltr'>tyranni-</span> 
     </span>
    </p>
   </div>
   <div class='ocr_carea' id='block_1_45' title="bbox 477 2680 2122 2753">
    <p class='ocr_par' dir='ltr' id='par_1_45' title="bbox 477 2680 2122 2753">
     <span class='ocr_line' id='line_1_45' title="bbox 477 2680 2122 2753; baseline -0.002 -12"><span class='ocrx_word' id='word_1_315' title='bbox 477 2686 618 2741; x_wconf 90' lang='lat' dir='ltr'>dem</span> <span class='ocrx_word' id='word_1_316' title='bbox 646 2685 674 2739; x_wconf 86' lang='lat'><strong>?</strong></span> <span class='ocrx_word' id='word_1_317' title='bbox 698 2682 961 2738; x_wconf 88' lang='lat' dir='ltr'>inﬁnitas</span> <span class='ocrx_word' id='word_1_318' title='bbox 991 2680 1121 2736; x_wconf 90' lang='lat' dir='ltr'>illas</span> <span class='ocrx_word' id='word_1_319' title='bbox 1167 2680 1500 2748; x_wconf 87' lang='lat' dir='ltr'>violentias,</span> <span class='ocrx_word' id='word_1_320' title='bbox 1542 2686 1741 2749; x_wconf 89' lang='lat' dir='ltr'>noctu,</span> <span class='ocrx_word' id='word_1_321' title='bbox 1795 2697 1900 2753; x_wconf 89' lang='lat' dir='ltr'>per</span> <span class='ocrx_word' id='word_1_322' title='bbox 1941 2682 2122 2749; x_wconf 91' lang='lat' dir='ltr'>diem,</span> 
     </span>
    </p>
   </div>
   <div class='ocr_carea' id='block_1_46' title="bbox 478 2769 2129 2847">
    <p class='ocr_par' dir='ltr' id='par_1_46' title="bbox 478 2769 2129 2847">
     <span class='ocr_line' id='line_1_46' title="bbox 478 2769 2129 2847; baseline -0.004 -14"><span class='ocrx_word' id='word_1_323' title='bbox 478 2771 938 2847; x_wconf 88' lang='lat' dir='ltr'>apontiﬁcibus,</span> <span class='ocrx_word' id='word_1_324' title='bbox 985 2769 1397 2843; x_wconf 87' lang='lat' dir='ltr'>optimatibus,</span> <span class='ocrx_word' id='word_1_325' title='bbox 1428 2770 1862 2837; x_wconf 88' lang='lat' dir='ltr'>sacerdotibus,</span> <span class='ocrx_word' id='word_1_326' title='bbox 1919 2787 2129 2827; x_wconf 87' lang='lat' dir='ltr'>mona-</span> 
     </span>
    </p>
   </div>
   <div class='ocr_carea' id='block_1_47' title="bbox 479 2858 2126 2933">
    <p class='ocr_par' dir='ltr' id='par_1_47' title="bbox 479 2858 2126 2933">
     <span class='ocr_line' id='line_1_47' title="bbox 479 2858 2126 2933; baseline -0.002 -13"><span class='ocrx_word' id='word_1_327' title='bbox 479 2864 629 2933; x_wconf 89' lang='lat' dir='ltr'>chis,</span> <span class='ocrx_word' id='word_1_328' title='bbox 662 2860 985 2933; x_wconf 89' lang='lat' dir='ltr'>hagioritis,</span> <span class='ocrx_word' id='word_1_329' title='bbox 1014 2859 1308 2926; x_wconf 89' lang='lat' dir='ltr'>solitariis,</span> <span class='ocrx_word' id='word_1_330' title='bbox 1347 2863 1402 2914; x_wconf 93' lang='lat' dir='ltr'>et</span> <span class='ocrx_word' id='word_1_331' title='bbox 1443 2862 1507 2913; x_wconf 90' lang='lat' dir='ltr'>ut</span> <span class='ocrx_word' id='word_1_332' title='bbox 1549 2858 1734 2915; x_wconf 90' lang='lat' dir='ltr'>semel</span> <span class='ocrx_word' id='word_1_333' title='bbox 1781 2859 2001 2929; x_wconf 90' lang='lat' dir='ltr'>dicam,</span> <span class='ocrx_word' id='word_1_334' title='bbox 2047 2860 2126 2916; x_wconf 87' lang='lat' dir='ltr'>ab</span> 
     </span>
    </p>
   </div>
   <div class='ocr_carea' id='block_1_48' title="bbox 478 2947 2125 3022">
    <p class='ocr_par' dir='ltr' id='par_1_48' title="bbox 478 2947 2125 3022">
     <span class='ocr_line' id='line_1_48' title="bbox 478 2947 2125 3022; baseline -0.003 -13"><span class='ocrx_word' id='word_1_335' title='bbox 478 2952 763 3009; x_wconf 92' lang='lat' dir='ltr'>omnibus</span> <span class='ocrx_word' id='word_1_336' title='bbox 794 2950 913 3005; x_wconf 87' lang='lat' dir='ltr'>fere</span> <span class='ocrx_word' id='word_1_337' title='bbox 935 2948 995 3004; x_wconf 92' lang='lat' dir='ltr'>in</span> <span class='ocrx_word' id='word_1_338' title='bbox 1026 2947 1331 3019; x_wconf 89' lang='lat' dir='ltr'>dignitate,</span> <span class='ocrx_word' id='word_1_339' title='bbox 1352 2948 1704 3015; x_wconf 91' lang='lat' dir='ltr'>sacerdotio,</span> <span class='ocrx_word' id='word_1_340' title='bbox 1728 2948 1850 3005; x_wconf 91' lang='lat' dir='ltr'>vita</span> <span class='ocrx_word' id='word_1_341' title='bbox 1890 2948 2125 3022; x_wconf 89' lang='lat' dir='ltr'>privata</span> 
     </span>
    </p>
   </div>
   <div class='ocr_carea' id='block_1_49' title="bbox 479 3037 2123 3110">
    <p class='ocr_par' dir='ltr' id='par_1_49' title="bbox 479 3037 2123 3110">
     <span class='ocr_line' id='line_1_49' title="bbox 479 3037 2123 3110; baseline -0.004 -9"><span class='ocrx_word' id='word_1_342' title='bbox 479 3040 814 3101; x_wconf 89' lang='lat' dir='ltr'>conslitutis</span> <span class='ocrx_word' id='word_1_343' title='bbox 834 3039 863 3095; x_wconf 85' lang='lat'><strong>?</strong></span> <span class='ocrx_word' id='word_1_344' title='bbox 882 3037 996 3095; x_wconf 90' lang='lat' dir='ltr'>Sed</span> <span class='ocrx_word' id='word_1_345' title='bbox 1012 3053 1120 3094; x_wconf 89' lang='lat' dir='ltr'>nec</span> <span class='ocrx_word' id='word_1_346' title='bbox 1142 3038 1421 3094; x_wconf 87' lang='lat' dir='ltr'>mulieres</span> <span class='ocrx_word' id='word_1_347' title='bbox 1445 3038 1793 3110; x_wconf 88' lang='lat' dir='ltr'>hujusmodi</span> <span class='ocrx_word' id='word_1_348' title='bbox 1836 3038 2123 3095; x_wconf 76' lang='lat' dir='ltr'>violentiae</span> 
     </span>
    </p>
   </div>
   <div class='ocr_carea' id='block_1_50' title="bbox 479 3127 2126 3204">
    <p class='ocr_par' dir='ltr' id='par_1_50' title="bbox 479 3127 2126 3204">
     <span class='ocr_line' id='line_1_50' title="bbox 479 3127 2126 3204; baseline -0.003 -16"><span class='ocrx_word' id='word_1_349' title='bbox 479 3135 753 3204; x_wconf 78' lang='lat' dir='ltr'>expertes</span> <span class='ocrx_word' id='word_1_350' title='bbox 792 3130 1228 3185; x_wconf 89' lang='lat' dir='ltr'>remanserunt.</span> <span class='ocrx_word' id='word_1_351' title='bbox 1260 3127 1686 3183; x_wconf 90' lang='lat' dir='ltr'>Testimonium</span> <span class='ocrx_word' id='word_1_352' title='bbox 1718 3128 1864 3183; x_wconf 90' lang='lat' dir='ltr'>mihi</span> <span class='ocrx_word' id='word_1_353' title='bbox 1894 3127 2126 3184; x_wconf 87' lang='lat' dir='ltr'>dabunt</span> 
     </span>
    </p>
   </div>
   <div class='ocr_carea' id='block_1_51' title="bbox 481 3215 2125 3289">
    <p class='ocr_par' dir='ltr' id='par_1_51' title="bbox 481 3215 2125 3289">
     <span class='ocr_line' id='line_1_51' title="bbox 481 3215 2125 3289; baseline -0.004 -12"><span class='ocrx_word' id='word_1_354' title='bbox 481 3235 691 3277; x_wconf 88' lang='lat' dir='ltr'>omnes</span> <span class='ocrx_word' id='word_1_355' title='bbox 722 3216 951 3274; x_wconf 87' lang='lat' dir='ltr'>veritati</span> <span class='ocrx_word' id='word_1_356' title='bbox 985 3215 1272 3283; x_wconf 86' lang='lat' dir='ltr'>innutriti,</span> <span class='ocrx_word' id='word_1_357' title='bbox 1300 3220 1529 3289; x_wconf 80' lang='lat' dir='ltr'>quanta</span> <span class='ocrx_word' id='word_1_358' title='bbox 1566 3216 1644 3272; x_wconf 89' lang='lat' dir='ltr'>ad</span> <span class='ocrx_word' id='word_1_359' title='bbox 1691 3216 1967 3287; x_wconf 88' lang='lat' dir='ltr'>Syrrhea,</span> <span class='ocrx_word' id='word_1_360' title='bbox 2012 3218 2125 3271; x_wconf 88' lang='lat' dir='ltr'>Lu-</span> 
     </span>
    </p>
   </div>
   <div class='ocr_carea' id='block_1_52' title="bbox 481 3304 2127 3381">
    <p class='ocr_par' dir='ltr' id='par_1_52' title="bbox 481 3304 2127 3381">
     <span class='ocr_line' id='line_1_52' title="bbox 481 3304 2127 3381; baseline -0.001 -18"><span class='ocrx_word' id='word_1_361' title='bbox 481 3309 754 3381; x_wconf 90' lang='lat' dir='ltr'>padium,</span> <span class='ocrx_word' id='word_1_362' title='bbox 788 3306 1041 3361; x_wconf 87' lang='lat' dir='ltr'>Prusam</span> <span class='ocrx_word' id='word_1_363' title='bbox 1072 3320 1291 3377; x_wconf 88' lang='lat' dir='ltr'>passus</span> <span class='ocrx_word' id='word_1_364' title='bbox 1324 3305 1558 3360; x_wconf 91' lang='lat' dir='ltr'>fuerim.</span> <span class='ocrx_word' id='word_1_365' title='bbox 1604 3304 1712 3360; x_wconf 91' lang='lat' dir='ltr'>Ubi</span> <span class='ocrx_word' id='word_1_366' title='bbox 1751 3311 1953 3361; x_wconf 89' lang='lat' dir='ltr'>autem</span> <span class='ocrx_word' id='word_1_367' title='bbox 2002 3320 2127 3361; x_wconf 89' lang='lat' dir='ltr'>non</span> 
     </span>
    </p>
   </div>
   <div class='ocr_carea' id='block_1_53' title="bbox 482 3393 2124 3466">
    <p class='ocr_par' dir='ltr' id='par_1_53' title="bbox 482 3393 2124 3466">
     <span class='ocr_line' id='line_1_53' title="bbox 482 3393 2124 3466; baseline -0.002 -13"><span class='ocrx_word' id='word_1_368' title='bbox 482 3399 838 3455; x_wconf 87' lang='lat' dir='ltr'>invenerunt</span> <span class='ocrx_word' id='word_1_369' title='bbox 877 3410 973 3450; x_wconf 90' lang='lat' dir='ltr'>me</span> <span class='ocrx_word' id='word_1_370' title='bbox 1026 3410 1148 3449; x_wconf 66' lang='lat' dir='ltr'>suae</span> <span class='ocrx_word' id='word_1_371' title='bbox 1196 3394 1488 3450; x_wconf 83' lang='lat' dir='ltr'>voluntati</span> <span class='ocrx_word' id='word_1_372' title='bbox 1548 3393 2062 3466; x_wconf 87' lang='lat' dir='ltr'>obtemperantem</span> <span class='ocrx_word' id='word_1_373' title='bbox 2111 3413 2124 3462; x_wconf 91' lang='lat'><strong>;</strong></span> 
     </span>
    </p>
   </div>
   <div class='ocr_carea' id='block_1_54' title="bbox 482 3482 2127 3559">
    <p class='ocr_par' dir='ltr' id='par_1_54' title="bbox 482 3482 2127 3559">
     <span class='ocr_line' id='line_1_54' title="bbox 482 3482 2127 3559; baseline -0.003 -17"><span class='ocrx_word' id='word_1_374' title='bbox 482 3484 886 3559; x_wconf 88' lang='lat' dir='ltr'>quadraginta</span> <span class='ocrx_word' id='word_1_375' title='bbox 908 3482 1243 3555; x_wconf 88' lang='lat' dir='ltr'>pontiﬁces,</span> <span class='ocrx_word' id='word_1_376' title='bbox 1270 3486 1326 3538; x_wconf 93' lang='lat' dir='ltr'>et</span> <span class='ocrx_word' id='word_1_377' title='bbox 1355 3482 1637 3553; x_wconf 89' lang='lat' dir='ltr'>amplius,</span> <span class='ocrx_word' id='word_1_378' title='bbox 1660 3498 1769 3538; x_wconf 89' lang='lat' dir='ltr'>sua</span> <span class='ocrx_word' id='word_1_379' title='bbox 1799 3483 1945 3537; x_wconf 89' lang='lat' dir='ltr'>mihi</span> <span class='ocrx_word' id='word_1_380' title='bbox 1985 3482 2127 3537; x_wconf 91' lang='lat' dir='ltr'>scri-</span> 
     </span>
    </p>
   </div>
   <div class='ocr_carea' id='block_1_55' title="bbox 483 3571 2129 3648">
    <p class='ocr_par' dir='ltr' id='par_1_55' title="bbox 483 3571 2129 3648">
     <span class='ocr_line' id='line_1_55' title="bbox 483 3571 2129 3648; baseline -0.002 -17"><span class='ocrx_word' id='word_1_381' title='bbox 483 3582 586 3648; x_wconf 88' lang='lat' dir='ltr'>pta</span> <span class='ocrx_word' id='word_1_382' title='bbox 611 3573 1006 3639; x_wconf 90' lang='lat' dir='ltr'>tradiderunt,</span> <span class='ocrx_word' id='word_1_383' title='bbox 1040 3572 1100 3626; x_wconf 92' lang='lat' dir='ltr'>in</span> <span class='ocrx_word' id='word_1_384' title='bbox 1131 3571 1376 3643; x_wconf 88' lang='lat' dir='ltr'>propria</span> <span class='ocrx_word' id='word_1_385' title='bbox 1407 3572 1606 3643; x_wconf 89' lang='lat' dir='ltr'>capita</span> <span class='ocrx_word' id='word_1_386' title='bbox 1632 3572 1855 3627; x_wconf 89' lang='lat' dir='ltr'>habere</span> <span class='ocrx_word' id='word_1_387' title='bbox 1896 3588 1957 3627; x_wconf 91' lang='lat' dir='ltr'>se</span> <span class='ocrx_word' id='word_1_388' title='bbox 1992 3588 2129 3643; x_wconf 87' lang='lat' dir='ltr'>pro-</span> 
     </span>
    </p>
   </div>
   <div class='ocr_carea' id='block_1_56' title="bbox 483 3660 2129 3730">
    <p class='ocr_par' dir='ltr' id='par_1_56' title="bbox 483 3660 2129 3730">
     <span class='ocr_line' id='line_1_56' title="bbox 483 3660 2129 3730; baseline -0.002 -10"><span class='ocrx_word' id='word_1_389' title='bbox 483 3664 625 3720; x_wconf 81' lang='lat' dir='ltr'>fessi</span> <span class='ocrx_word' id='word_1_390' title='bbox 662 3665 1176 3717; x_wconf 88' lang='lat' dir='ltr'>sacramentorum</span> <span class='ocrx_word' id='word_1_391' title='bbox 1224 3660 1629 3730; x_wconf 86' lang='lat' dir='ltr'>violationem,</span> <span class='ocrx_word' id='word_1_392' title='bbox 1677 3664 1733 3715; x_wconf 90' lang='lat' dir='ltr'>et</span> <span class='ocrx_word' id='word_1_393' title='bbox 1774 3677 2129 3717; x_wconf 88' lang='lat' dir='ltr'>coronarem</span> 
     </span>
    </p>
   </div>
   <div class='ocr_carea' id='block_1_57' title="bbox 485 3749 2129 3821">
    <p class='ocr_par' dir='ltr' id='par_1_57' title="bbox 485 3749 2129 3821">
     <span class='ocr_line' id='line_1_57' title="bbox 485 3749 2129 3821; baseline -0.001 -13"><span class='ocrx_word' id='word_1_394' title='bbox 485 3750 888 3819; x_wconf 81' lang='lat' dir='ltr'>Palaeologum</span> <span class='ocrx_word' id='word_1_395' title='bbox 912 3750 1175 3821; x_wconf 87' lang='lat' dir='ltr'>primum</span> <span class='ocrx_word' id='word_1_396' title='bbox 1204 3767 1215 3805; x_wconf 94' lang='lat'><strong>:</strong></span> <span class='ocrx_word' id='word_1_397' title='bbox 1252 3749 1417 3821; x_wconf 90' lang='lat' dir='ltr'>quod</span> <span class='ocrx_word' id='word_1_398' title='bbox 1444 3754 1570 3805; x_wconf 86' lang='lat' dir='ltr'>erat</span> <span class='ocrx_word' id='word_1_399' title='bbox 1599 3749 1793 3807; x_wconf 88' lang='lat' dir='ltr'>nefas.</span> <span class='ocrx_word' id='word_1_400' title='bbox 1833 3753 1951 3806; x_wconf 86' lang='lat' dir='ltr'>Hoc</span> <span class='ocrx_word' id='word_1_401' title='bbox 1970 3752 2129 3807; x_wconf 91' lang='lat' dir='ltr'>enim</span> 
     </span>
    </p>
   </div>
   <div class='ocr_carea' id='block_1_58' title="bbox 484 3841 2131 3909">
    <p class='ocr_par' dir='ltr' id='par_1_58' title="bbox 484 3841 2131 3909">
     <span class='ocr_line' id='line_1_58' title="bbox 484 3841 2131 3909; baseline -0.002 -11"><span class='ocrx_word' id='word_1_402' title='bbox 484 3842 595 3898; x_wconf 84' lang='lat' dir='ltr'>fuit</span> <span class='ocrx_word' id='word_1_403' title='bbox 618 3842 1059 3895; x_wconf 89' lang='lat' dir='ltr'>sacramentum</span> <span class='ocrx_word' id='word_1_404' title='bbox 1094 3842 1272 3909; x_wconf 89' lang='lat' dir='ltr'>atque</span> <span class='ocrx_word' id='word_1_405' title='bbox 1320 3843 1832 3895; x_wconf 87' lang='lat' dir='ltr'>sacramentorum</span> <span class='ocrx_word' id='word_1_406' title='bbox 1868 3841 2131 3896; x_wconf 87' lang='lat' dir='ltr'>maxime</span> 
     </span>
    </p>
   </div>
   <div class='ocr_carea' id='block_1_59' title="bbox 482 3926 2131 3993">
    <p class='ocr_par' dir='ltr' id='par_1_59' title="bbox 482 3926 2131 3993">
     <span class='ocr_line' id='line_1_59' title="bbox 482 3926 2131 3993; baseline -0.001 -5"><span class='ocrx_word' id='word_1_407' title='bbox 482 3927 854 3988; x_wconf 90' lang='lat' dir='ltr'>horrendum</span> <span class='ocrx_word' id='word_1_408' title='bbox 923 3942 996 3985; x_wconf 86' lang='lat' dir='ltr'>ac</span> <span class='ocrx_word' id='word_1_409' title='bbox 1058 3926 1458 3993; x_wconf 85' lang='lat' dir='ltr'>formidabile,</span> <span class='ocrx_word' id='word_1_410' title='bbox 1536 3932 1600 3985; x_wconf 89' lang='lat' dir='ltr'>ut</span> <span class='ocrx_word' id='word_1_411' title='bbox 1663 3928 1909 3986; x_wconf 90' lang='lat' dir='ltr'>haberet</span> <span class='ocrx_word' id='word_1_412' title='bbox 1968 3929 2131 3987; x_wconf 87' lang='lat' dir='ltr'>Calo-</span> 
     </span>
    </p>
   </div>
   <div class='ocr_carea' id='block_1_60' title="bbox 557 4039 875 4106">
    <p class='ocr_par' dir='ltr' id='par_1_60' title="bbox 557 4039 875 4106">
     <span class='ocr_line' id='line_1_60' title="bbox 557 4039 875 4106; baseline 0 -14"><span class='ocrx_word' id='word_1_413' title='bbox 557 4042 577 4075; x_wconf 61' lang='grc' dir='ltr'>θ’</span> <span class='ocrx_word' id='word_1_414' title='bbox 610 4045 725 4095; x_wconf 88' lang='lat' dir='ltr'>Isa.</span> <span class='ocrx_word' id='word_1_415' title='bbox 748 4053 789 4106; x_wconf 87' lang='lat'>1,</span> <span class='ocrx_word' id='word_1_416' title='bbox 822 4039 875 4092; x_wconf 85' lang='lat'>2.</span> 
     </span>
    </p>
   </div>
   <div class='ocr_carea' id='block_1_61' title="bbox 558 4124 2131 4201">
    <p class='ocr_par' dir='ltr' id='par_1_61' title="bbox 558 4124 2131 4201">
     <span class='ocr_line' id='line_1_61' title="bbox 558 4124 2131 4201; baseline -0.001 -17"><span class='ocrx_word' id='word_1_417' title='bbox 558 4126 982 4201; x_wconf 22' lang='grc' dir='ltr'>(5)Αᾋγιοριτῶν</span> <span class='ocrx_word' id='word_1_418' title='bbox 1051 4126 1147 4201; x_wconf 82' lang='lat' dir='ltr'>vel</span> <span class='ocrx_word' id='word_1_419' title='bbox 1198 4124 1550 4201; x_wconf 62' lang='grc' dir='ltr'>Ἀ’γιορειτῶνἶ</span> <span class='ocrx_word' id='word_1_420' title='bbox 1600 4126 1932 4197; x_wconf 76' lang='lat' dir='ltr'>Hagioritas,</span> <span class='ocrx_word' id='word_1_421' title='bbox 2002 4142 2131 4182; x_wconf 88' lang='lat' dir='ltr'>mo-</span> 
     </span>
    </p>
   </div>
   <div class='ocr_carea' id='block_1_62' title="bbox 485 4197 2131 4271">
    <p class='ocr_par' dir='ltr' id='par_1_62' title="bbox 485 4197 2131 4271">
     <span class='ocr_line' id='line_1_62' title="bbox 485 4197 2131 4271; baseline -0.002 -15"><span class='ocrx_word' id='word_1_422' title='bbox 485 4197 662 4256; x_wconf 87' lang='lat' dir='ltr'>nachi</span> <span class='ocrx_word' id='word_1_423' title='bbox 695 4197 1020 4254; x_wconf 83' lang='lat' dir='ltr'>incolentes</span> <span class='ocrx_word' id='word_1_424' title='bbox 1046 4197 1193 4268; x_wconf 75' lang='grc' dir='ltr'><strong>ἄγιον</strong></span> <span class='ocrx_word' id='word_1_425' title='bbox 1223 4197 1316 4253; x_wconf 88' lang='lat' dir='ltr'>vel</span> <span class='ocrx_word' id='word_1_426' title='bbox 1344 4197 1504 4271; x_wconf 61' lang='lat' dir='ltr'>&#39;ispbv_</span> <span class='ocrx_word' id='word_1_427' title='bbox 1525 4199 1661 4270; x_wconf 83' lang='grc' dir='ltr'><strong>ὄρος,</strong></span> <span class='ocrx_word' id='word_1_428' title='bbox 1693 4203 1960 4271; x_wconf 87' lang='lat' dir='ltr'>montem</span> <span class='ocrx_word' id='word_1_429' title='bbox 1996 4214 2131 4253; x_wconf 90' lang='lat' dir='ltr'>san-</span> 
     </span>
    </p>
   </div>
   <div class='ocr_carea' id='block_1_63' title="bbox 490 4267 2131 4340">
    <p class='ocr_par' dir='ltr' id='par_1_63' title="bbox 490 4267 2131 4340">
     <span class='ocr_line' id='line_1_63' title="bbox 490 4267 2131 4340; baseline -0.003 -16"><span class='ocrx_word' id='word_1_430' title='bbox 490 4276 653 4325; x_wconf 85' lang='lat' dir='ltr'>ctum</span> <span class='ocrx_word' id='word_1_431' title='bbox 698 4274 754 4323; x_wconf 90' lang='lat' dir='ltr'>et</span> <span class='ocrx_word' id='word_1_432' title='bbox 800 4284 1061 4335; x_wconf 88' lang='lat' dir='ltr'>sacrum,</span> <span class='ocrx_word' id='word_1_433' title='bbox 1105 4267 1642 4340; x_wconf 60' lang='lat' dir='ltr'>montem_&#39;AtbOS:</span> <span class='ocrx_word' id='word_1_434' title='bbox 1694 4268 1841 4339; x_wconf 75' lang='grc' dir='ltr'><strong>ἅγιον</strong></span> <span class='ocrx_word' id='word_1_435' title='bbox 1887 4274 2001 4340; x_wconf 84' lang='grc' dir='ltr'><strong>ἄρος</strong></span> <span class='ocrx_word' id='word_1_436' title='bbox 2041 4277 2131 4320; x_wconf 76' lang='grc' dir='ltr'>τοῦ</span> 
     </span>
    </p>
   </div>
   <div class='ocr_carea' id='block_1_64' title="bbox 488 4338 2132 4410">
    <p class='ocr_par' dir='ltr' id='par_1_64' title="bbox 488 4338 2132 4410">
     <span class='ocr_line' id='line_1_64' title="bbox 488 4338 2132 4410; baseline -0.001 -15"><span class='ocrx_word' id='word_1_437' title='bbox 488 4341 659 4395; x_wconf 73' lang='grc' dir='ltr'>Ἄθω.</span> <span class='ocrx_word' id='word_1_438' title='bbox 704 4340 904 4410; x_wconf 12' lang='lat' dir='ltr'>Victor,</span> <span class='ocrx_word' id='word_1_439' title='bbox 922 4354 1085 4410; x_wconf 89' lang='lat' dir='ltr'>papa</span> <span class='ocrx_word' id='word_1_440' title='bbox 1124 4339 1349 4405; x_wconf 90' lang='lat' dir='ltr'>tertius,</span> <span class='ocrx_word' id='word_1_441' title='bbox 1385 4338 1491 4394; x_wconf 90' lang='lat' dir='ltr'>lib.</span> <span class='ocrx_word' id='word_1_442' title='bbox 1515 4356 1549 4393; x_wconf 87' lang='grc' dir='ltr'>ιι</span> <span class='ocrx_word' id='word_1_443' title='bbox 1580 4338 1973 4409; x_wconf 80' lang='lat' dir='ltr'>DialOgorum</span> <span class='ocrx_word' id='word_1_444' title='bbox 2012 4355 2132 4394; x_wconf 88' lang='lat' dir='ltr'>non</span> 
     </span>
    </p>
   </div>
   <div class='ocr_carea' id='block_1_65' title="bbox 2232 1789 3844 1868">
    <p class='ocr_par' dir='ltr' id='par_1_65' title="bbox 2232 1789 3844 1868">
     <span class='ocr_line' id='line_1_65' title="bbox 2232 1789 3844 1868; baseline 0.001 -22"><span class='ocrx_word' id='word_1_445' title='bbox 2232 1794 2587 1868; x_wconf 73' lang='grc' dir='ltr'>ἁναγορεύωσι</span> <span class='ocrx_word' id='word_1_446' title='bbox 2641 1789 2701 1845; x_wconf 74' lang='grc' dir='ltr'>δέ</span> <span class='ocrx_word' id='word_1_447' title='bbox 2766 1791 2820 1844; x_wconf 79' lang='grc' dir='ltr'>ἐκ</span> <span class='ocrx_word' id='word_1_448' title='bbox 2874 1801 2965 1853; x_wconf 84' lang='grc' dir='ltr'><strong>τῆς</strong></span> <span class='ocrx_word' id='word_1_449' title='bbox 3015 1793 3308 1865; x_wconf 72' lang='grc' dir='ltr'>συγκλήτου</span> <span class='ocrx_word' id='word_1_450' title='bbox 3366 1792 3590 1866; x_wconf 84' lang='grc' dir='ltr'><strong>βασιλέα</strong></span> <span class='ocrx_word' id='word_1_451' title='bbox 3632 1794 3688 1847; x_wconf 86' lang='grc' dir='ltr'>ὃν</span> <span class='ocrx_word' id='word_1_452' title='bbox 3742 1800 3844 1847; x_wconf 76' lang='grc' dir='ltr'>καὶ</span> 
     </span>
    </p>
   </div>
   <div class='ocr_carea' id='block_1_66' title="bbox 2234 1878 3840 1958">
    <p class='ocr_par' dir='ltr' id='par_1_66' title="bbox 2234 1878 3840 1958">
     <span class='ocr_line' id='line_1_66' title="bbox 2234 1878 3840 1958; baseline -0.001 -22"><span class='ocrx_word' id='word_1_453' title='bbox 2234 1883 2465 1936; x_wconf 84' lang='grc' dir='ltr'><strong>Θέλουσιν</strong></span> <span class='ocrx_word' id='word_1_454' title='bbox 2500 1904 2512 1916; x_wconf 88' lang='grc'><strong>·</strong></span> <span class='ocrx_word' id='word_1_455' title='bbox 2540 1878 2673 1935; x_wconf 80' lang='grc' dir='ltr'>εἶδε</span> <span class='ocrx_word' id='word_1_456' title='bbox 2701 1887 2900 1954; x_wconf 90' lang='grc' dir='ltr'><strong>ματαία</strong></span> <span class='ocrx_word' id='word_1_457' title='bbox 2952 1890 3080 1954; x_wconf 78' lang='grc' dir='ltr'><strong>φανῇ</strong></span> <span class='ocrx_word' id='word_1_458' title='bbox 3128 1885 3157 1940; x_wconf 77' lang='grc' dir='ltr'><strong>ἡ</strong></span> <span class='ocrx_word' id='word_1_459' title='bbox 3203 1881 3469 1948; x_wconf 79' lang='grc' dir='ltr'><strong>ἐπιϐουλή,</strong></span> <span class='ocrx_word' id='word_1_460' title='bbox 3531 1884 3613 1935; x_wconf 87' lang='grc' dir='ltr'>ἶνα</span> <span class='ocrx_word' id='word_1_461' title='bbox 3666 1891 3840 1958; x_wconf 71' lang='grc' dir='ltr'>κρατῇ</span> 
     </span>
    </p>
   </div>
   <div class='ocr_carea' id='block_1_67' title="bbox 2233 1970 3847 2045">
    <p class='ocr_par' dir='ltr' id='par_1_67' title="bbox 2233 1970 3847 2045">
     <span class='ocr_line' id='line_1_67' title="bbox 2233 1970 3847 2045; baseline -0.001 -20"><span class='ocrx_word' id='word_1_462' title='bbox 2233 1974 2258 2024; x_wconf 84' lang='grc' dir='ltr'><strong><em>ὁ</em></strong></span> <span class='ocrx_word' id='word_1_463' title='bbox 2313 1972 2437 2033; x_wconf 87' lang='grc' dir='ltr'><strong>λαός</strong></span> <span class='ocrx_word' id='word_1_464' title='bbox 2489 1976 2573 2024; x_wconf 56' lang='grc' dir='ltr'>τὸν</span> <span class='ocrx_word' id='word_1_465' title='bbox 2640 1976 2858 2044; x_wconf 77' lang='grc' dir='ltr'>φανέντα</span> <span class='ocrx_word' id='word_1_466' title='bbox 2914 1970 3206 2042; x_wconf 80' lang='grc' dir='ltr'><strong>ἐπίϐουλον,</strong></span> <span class='ocrx_word' id='word_1_467' title='bbox 3264 1977 3353 2024; x_wconf 90' lang='lat' dir='ltr'>xui</span> <span class='ocrx_word' id='word_1_468' title='bbox 3402 1976 3584 2045; x_wconf 74' lang='grc' dir='ltr'>φονευῃ</span> <span class='ocrx_word' id='word_1_469' title='bbox 3633 1981 3847 2040; x_wconf 72' lang='grc' dir='ltr'><strong>τοῦτον,</strong></span> 
     </span>
    </p>
   </div>
   <div class='ocr_carea' id='block_1_68' title="bbox 2232 2059 3844 2134">
    <p class='ocr_par' dir='ltr' id='par_1_68' title="bbox 2232 2059 3844 2134">
     <span class='ocr_line' id='line_1_68' title="bbox 2232 2059 3844 2134; baseline 0.001 -22"><span class='ocrx_word' id='word_1_470' title='bbox 2232 2066 2321 2114; x_wconf 84' lang='grc' dir='ltr'>καὶ</span> <span class='ocrx_word' id='word_1_471' title='bbox 2347 2064 2446 2133; x_wconf 75' lang='grc' dir='ltr'>ἔχῃ</span> <span class='ocrx_word' id='word_1_472' title='bbox 2479 2066 2568 2113; x_wconf 85' lang='grc' dir='ltr'><strong>καὶ</strong></span> <span class='ocrx_word' id='word_1_473' title='bbox 2618 2064 2705 2112; x_wconf 89' lang='grc' dir='ltr'>τὸν</span> <span class='ocrx_word' id='word_1_474' title='bbox 2764 2059 3189 2113; x_wconf 76' lang='grc' dir='ltr'><strong>ἐπιϐουλευθέντα</strong></span> <span class='ocrx_word' id='word_1_475' title='bbox 3245 2059 3505 2134; x_wconf 70' lang='grc' dir='ltr'><strong>βασιλέα·</strong></span> <span class='ocrx_word' id='word_1_476' title='bbox 3560 2061 3605 2113; x_wconf 83' lang='grc' dir='ltr'>εἰ</span> <span class='ocrx_word' id='word_1_477' title='bbox 3656 2059 3718 2113; x_wconf 67' lang='grc' dir='ltr'>δὲ</span> <span class='ocrx_word' id='word_1_478' title='bbox 3776 2063 3844 2115; x_wconf 74' lang='grc' dir='ltr'>οὐ</span> 
     </span>
    </p>
   </div>
   <div class='ocr_carea' id='block_1_69' title="bbox 2232 2149 3846 2226">
    <p class='ocr_par' dir='ltr' id='par_1_69' title="bbox 2232 2149 3846 2226">
     <span class='ocr_line' id='line_1_69' title="bbox 2232 2149 3846 2226; baseline -0.001 -23"><span class='ocrx_word' id='word_1_479' title='bbox 2232 2155 2443 2208; x_wconf 75' lang='grc' dir='ltr'><strong>ποιήσει</strong></span> <span class='ocrx_word' id='word_1_480' title='bbox 2470 2150 2679 2212; x_wconf 68' lang='grc' dir='ltr'><strong>οὕτωςὸ</strong></span> <span class='ocrx_word' id='word_1_481' title='bbox 2708 2149 2851 2217; x_wconf 84' lang='grc' dir='ltr'><strong>λαός,</strong></span> <span class='ocrx_word' id='word_1_482' title='bbox 2901 2152 2982 2202; x_wconf 86' lang='grc' dir='ltr'>ἱνα</span> <span class='ocrx_word' id='word_1_483' title='bbox 3037 2151 3139 2203; x_wconf 86' lang='grc' dir='ltr'>ὦσι</span> <span class='ocrx_word' id='word_1_484' title='bbox 3191 2154 3280 2203; x_wconf 87' lang='grc' dir='ltr'>ααὶ</span> <span class='ocrx_word' id='word_1_485' title='bbox 3345 2150 3492 2203; x_wconf 71' lang='grc' dir='ltr'><strong>αὐτοί</strong></span> <span class='ocrx_word' id='word_1_486' title='bbox 3538 2149 3846 2226; x_wconf 78' lang='grc' dir='ltr'>ἀφωρισμέ-</span> 
     </span>
    </p>
   </div>
   <div class='ocr_carea' id='block_1_70' title="bbox 2232 2237 2976 2311">
    <p class='ocr_par' dir='ltr' id='par_1_70' title="bbox 2232 2237 2976 2311">
     <span class='ocr_line' id='line_1_70' title="bbox 2232 2237 2976 2311; baseline 0 -20"><span class='ocrx_word' id='word_1_487' title='bbox 2232 2259 2309 2291; x_wconf 91' lang='grc' dir='ltr'><strong>νοι</strong></span> <span class='ocrx_word' id='word_1_488' title='bbox 2329 2244 2418 2291; x_wconf 84' lang='grc' dir='ltr'>καὶ</span> <span class='ocrx_word' id='word_1_489' title='bbox 2434 2237 2976 2311; x_wconf 71' lang='grc' dir='ltr'><strong>ἀνατεθεματισμενοι.</strong></span> 
     </span>
    </p>
   </div>
   <div class='ocr_carea' id='block_1_71' title="bbox 2306 2323 3842 2402">
    <p class='ocr_par' dir='ltr' id='par_1_71' title="bbox 2306 2323 3842 2402">
     <span class='ocr_line' id='line_1_71' title="bbox 2306 2323 3842 2402; baseline -0.001 -22"><span class='ocrx_word' id='word_1_490' title='bbox 2306 2327 2372 2391; x_wconf 83' lang='grc' dir='ltr'>ς-”</span> <span class='ocrx_word' id='word_1_491' title='bbox 2404 2331 2615 2388; x_wconf 82' lang='grc' dir='ltr'><strong>Τούτοις</strong></span> <span class='ocrx_word' id='word_1_492' title='bbox 2639 2335 2745 2388; x_wconf 90' lang='grc' dir='ltr'><strong>τοίς</strong></span> <span class='ocrx_word' id='word_1_493' title='bbox 2796 2329 2963 2402; x_wconf 84' lang='grc' dir='ltr'><strong>ὅρκοις</strong></span> <span class='ocrx_word' id='word_1_494' title='bbox 3022 2323 3395 2399; x_wconf 77' lang='grc' dir='ltr'><strong>συνδεσμὴσας</strong></span> <span class='ocrx_word' id='word_1_495' title='bbox 3436 2328 3593 2390; x_wconf 69' lang='grc' dir='ltr'><strong>αὐτὸς</strong></span> <span class='ocrx_word' id='word_1_496' title='bbox 3630 2327 3842 2397; x_wconf 74' lang='grc' dir='ltr'><strong>ἑαυτὸν,</strong></span> 
     </span>
    </p>
   </div>
   <div class='ocr_carea' id='block_1_72' title="bbox 2233 2416 3845 2491">
    <p class='ocr_par' dir='ltr' id='par_1_72' title="bbox 2233 2416 3845 2491">
     <span class='ocr_line' id='line_1_72' title="bbox 2233 2416 3845 2491; baseline -0.001 -22"><span class='ocrx_word' id='word_1_497' title='bbox 2233 2423 2324 2469; x_wconf 85' lang='grc' dir='ltr'>καὶ</span> <span class='ocrx_word' id='word_1_498' title='bbox 2353 2420 2523 2469; x_wconf 73' lang='grc' dir='ltr'><strong>πάντα</strong></span> <span class='ocrx_word' id='word_1_499' title='bbox 2543 2420 2628 2469; x_wconf 85' lang='grc' dir='ltr'>τὸν</span> <span class='ocrx_word' id='word_1_500' title='bbox 2658 2416 2798 2470; x_wconf 81' lang='grc' dir='ltr'>λαὸν.</span> <span class='ocrx_word' id='word_1_501' title='bbox 2841 2421 2940 2468; x_wconf 83' lang='grc' dir='ltr'>Καὶ</span> <span class='ocrx_word' id='word_1_502' title='bbox 2981 2420 3163 2490; x_wconf 85' lang='grc' dir='ltr'><strong>καιρὸς</strong></span> <span class='ocrx_word' id='word_1_503' title='bbox 3213 2418 3272 2469; x_wconf 68' lang='grc' dir='ltr'>οὗ</span> <span class='ocrx_word' id='word_1_504' title='bbox 3332 2417 3491 2477; x_wconf 84' lang='grc' dir='ltr'><strong>πολύς</strong></span> <span class='ocrx_word' id='word_1_505' title='bbox 3548 2417 3845 2491; x_wconf 76' lang='grc' dir='ltr'>παρελθὼν,</span> 
     </span>
    </p>
   </div>
   <div class='ocr_carea' id='block_1_73' title="bbox 2234 2501 3845 2581">
    <p class='ocr_par' dir='ltr' id='par_1_73' title="bbox 2234 2501 3845 2581">
     <span class='ocr_line' id='line_1_73' title="bbox 2234 2501 3845 2581; baseline -0.001 -22"><span class='ocrx_word' id='word_1_506' title='bbox 2234 2512 2323 2559; x_wconf 83' lang='grc' dir='ltr'>καὶ</span> <span class='ocrx_word' id='word_1_507' title='bbox 2353 2510 2481 2581; x_wconf 88' lang='grc' dir='ltr'><strong>πρὸς</strong></span> <span class='ocrx_word' id='word_1_508' title='bbox 2511 2510 2604 2564; x_wconf 77' lang='grc' dir='ltr'><strong>τὴν</strong></span> <span class='ocrx_word' id='word_1_509' title='bbox 2639 2505 2819 2576; x_wconf 71' lang='grc' dir='ltr'><strong>στέψιν</strong></span> <span class='ocrx_word' id='word_1_510' title='bbox 2852 2501 2959 2564; x_wconf 78' lang='grc' dir='ltr'>ἢδη</span> <span class='ocrx_word' id='word_1_511' title='bbox 2992 2510 3265 2578; x_wconf 69' lang='grc' dir='ltr'>κατεπειγέ</span> <span class='ocrx_word' id='word_1_512' title='bbox 3286 2526 3366 2579; x_wconf 91' lang='grc' dir='ltr'>με.</span> <span class='ocrx_word' id='word_1_513' title='bbox 3421 2514 3533 2567; x_wconf 86' lang='grc' dir='ltr'>Πῶς</span> <span class='ocrx_word' id='word_1_514' title='bbox 3583 2508 3642 2557; x_wconf 87' lang='grc' dir='ltr'>οἷν</span> <span class='ocrx_word' id='word_1_515' title='bbox 3704 2506 3845 2559; x_wconf 80' lang='grc' dir='ltr'><strong>ἀπα-</strong></span> 
     </span>
    </p>
   </div>
   <div class='ocr_carea' id='block_1_74' title="bbox 2234 2593 3849 2670">
    <p class='ocr_par' dir='ltr' id='par_1_74' title="bbox 2234 2593 3849 2670">
     <span class='ocr_line' id='line_1_74' title="bbox 2234 2593 3849 2670; baseline -0.001 -21"><span class='ocrx_word' id='word_1_516' title='bbox 2234 2599 2577 2670; x_wconf 80' lang='grc' dir='ltr'><strong>ριθμήσωμαι</strong></span> <span class='ocrx_word' id='word_1_517' title='bbox 2611 2598 2700 2656; x_wconf 79' lang='grc' dir='ltr'><strong>τάς</strong></span> <span class='ocrx_word' id='word_1_518' title='bbox 2768 2593 3073 2667; x_wconf 78' lang='grc' dir='ltr'><strong>τυραννίδας</strong></span> <span class='ocrx_word' id='word_1_519' title='bbox 3129 2595 3189 2658; x_wconf 83' lang='grc' dir='ltr'><strong>ἃς</strong></span> <span class='ocrx_word' id='word_1_520' title='bbox 3247 2598 3516 2663; x_wconf 78' lang='grc' dir='ltr'><strong>ὑπέστηνς</strong></span> <span class='ocrx_word' id='word_1_521' title='bbox 3578 2604 3691 2658; x_wconf 80' lang='grc' dir='ltr'><strong>πῶς</strong></span> <span class='ocrx_word' id='word_1_522' title='bbox 3747 2601 3849 2659; x_wconf 78' lang='grc' dir='ltr'>τὰς</span> 
     </span>
    </p>
   </div>
   <div class='ocr_carea' id='block_1_75' title="bbox 2234 2683 3845 2759">
    <p class='ocr_par' dir='ltr' id='par_1_75' title="bbox 2234 2683 3845 2759">
     <span class='ocr_line' id='line_1_75' title="bbox 2234 2683 3845 2759; baseline -0.001 -20"><span class='ocrx_word' id='word_1_523' title='bbox 2234 2688 2611 2759; x_wconf 78' lang='grc' dir='ltr'><strong>ὑπεραπείρους</strong></span> <span class='ocrx_word' id='word_1_524' title='bbox 2660 2684 2785 2758; x_wconf 86' lang='grc' dir='ltr'><strong>βίας</strong></span> <span class='ocrx_word' id='word_1_525' title='bbox 2841 2683 3056 2749; x_wconf 83' lang='grc' dir='ltr'><strong>ἐκείνας,</strong></span> <span class='ocrx_word' id='word_1_526' title='bbox 3116 2687 3210 2746; x_wconf 82' lang='grc' dir='ltr'><strong>τὰς</strong></span> <span class='ocrx_word' id='word_1_527' title='bbox 3271 2684 3320 2737; x_wconf 83' lang='grc' dir='ltr'><strong>ἐν</strong></span> <span class='ocrx_word' id='word_1_528' title='bbox 3380 2690 3553 2754; x_wconf 87' lang='grc' dir='ltr'><strong>νυκτί,</strong></span> <span class='ocrx_word' id='word_1_529' title='bbox 3620 2687 3717 2747; x_wconf 80' lang='grc' dir='ltr'>τοὶς</span> <span class='ocrx_word' id='word_1_530' title='bbox 3792 2685 3845 2736; x_wconf 67' lang='grc' dir='ltr'>ἐν</span> 
     </span>
    </p>
   </div>
   <div class='ocr_carea' id='block_1_76' title="bbox 2234 2773 3847 2851">
    <p class='ocr_par' dir='ltr' id='par_1_76' title="bbox 2234 2773 3847 2851">
     <span class='ocr_line' id='line_1_76' title="bbox 2234 2773 3847 2851; baseline -0.002 -23"><span class='ocrx_word' id='word_1_531' title='bbox 2234 2777 2445 2851; x_wconf 78' lang='grc' dir='ltr'>ἡμέρᾳ;</span> <span class='ocrx_word' id='word_1_532' title='bbox 2485 2783 2596 2835; x_wconf 84' lang='grc' dir='ltr'><strong>πῶς</strong></span> <span class='ocrx_word' id='word_1_533' title='bbox 2624 2778 2717 2837; x_wconf 83' lang='grc' dir='ltr'><strong>τὰς</strong></span> <span class='ocrx_word' id='word_1_534' title='bbox 2763 2785 2863 2828; x_wconf 86' lang='grc' dir='ltr'><strong>τῶν</strong></span> <span class='ocrx_word' id='word_1_535' title='bbox 2925 2773 3229 2849; x_wconf 83' lang='grc' dir='ltr'>ἀρχιερέων,</span> <span class='ocrx_word' id='word_1_536' title='bbox 3280 2776 3373 2837; x_wconf 86' lang='grc' dir='ltr'>τὰς</span> <span class='ocrx_word' id='word_1_537' title='bbox 3429 2782 3527 2827; x_wconf 85' lang='grc' dir='ltr'><strong>τῶν</strong></span> <span class='ocrx_word' id='word_1_538' title='bbox 3575 2794 3847 2847; x_wconf 62' lang='grc' dir='ltr'><strong>μεγιστου-</strong></span> 
     </span>
    </p>
   </div>
   <div class='ocr_carea' id='block_1_77' title="bbox 2234 2865 3850 2939">
    <p class='ocr_par' dir='ltr' id='par_1_77' title="bbox 2234 2865 3850 2939">
     <span class='ocr_line' id='line_1_77' title="bbox 2234 2865 3850 2939; baseline -0.001 -24"><span class='ocrx_word' id='word_1_539' title='bbox 2234 2886 2351 2921; x_wconf 89' lang='grc' dir='ltr'><strong>νων.</strong></span> <span class='ocrx_word' id='word_1_540' title='bbox 2383 2868 2476 2925; x_wconf 83' lang='grc' dir='ltr'><strong>τὰς</strong></span> <span class='ocrx_word' id='word_1_541' title='bbox 2541 2873 2642 2916; x_wconf 86' lang='grc' dir='ltr'><strong>τῶν</strong></span> <span class='ocrx_word' id='word_1_542' title='bbox 2706 2865 2896 2939; x_wconf 84' lang='grc' dir='ltr'>ἱερέων,</span> <span class='ocrx_word' id='word_1_543' title='bbox 2937 2866 3028 2925; x_wconf 81' lang='grc' dir='ltr'>τὰς</span> <span class='ocrx_word' id='word_1_544' title='bbox 3086 2872 3186 2916; x_wconf 85' lang='grc' dir='ltr'>τῶν</span> <span class='ocrx_word' id='word_1_545' title='bbox 3250 2872 3519 2935; x_wconf 86' lang='grc' dir='ltr'><strong>μοναχών,</strong></span> <span class='ocrx_word' id='word_1_546' title='bbox 3577 2866 3670 2925; x_wconf 77' lang='grc' dir='ltr'><strong>τὰς</strong></span> <span class='ocrx_word' id='word_1_547' title='bbox 3743 2872 3850 2916; x_wconf 78' lang='grc' dir='ltr'>τῶν</span> 
     </span>
    </p>
   </div>
   <div class='ocr_carea' id='block_1_78' title="bbox 2232 2938 3848 3027">
    <p class='ocr_par' dir='ltr' id='par_1_78' title="bbox 2232 2938 3848 3027">
     <span class='ocr_line' id='line_1_78' title="bbox 2232 2938 3848 3027; baseline -0.001 -20"><span class='ocrx_word' id='word_1_548' title='bbox 2232 2938 2535 3027; x_wconf 70' lang='grc' dir='ltr'><strong>Ἀγιοριτῶν</strong></span> <span class='ocrx_word' id='word_1_549' title='bbox 2588 2956 2691 3027; x_wconf 83' lang='grc'>(5),</span> <span class='ocrx_word' id='word_1_550' title='bbox 2751 2938 2842 3017; x_wconf 81' lang='grc' dir='ltr'>τὰς</span> <span class='ocrx_word' id='word_1_551' title='bbox 2908 2962 3007 3006; x_wconf 85' lang='grc' dir='ltr'><strong>τῶν</strong></span> <span class='ocrx_word' id='word_1_552' title='bbox 3069 2956 3419 3025; x_wconf 78' lang='grc' dir='ltr'><strong>ἠσυχαστῶν,</strong></span> <span class='ocrx_word' id='word_1_553' title='bbox 3483 2957 3572 3006; x_wconf 88' lang='grc' dir='ltr'>καὶ</span> <span class='ocrx_word' id='word_1_554' title='bbox 3630 2952 3848 3016; x_wconf 82' lang='grc' dir='ltr'>ἁπαξα-</span> 
     </span>
    </p>
   </div>
   <div class='ocr_carea' id='block_1_79' title="bbox 2158 3041 3847 3126">
    <p class='ocr_par' dir='ltr' id='par_1_79' title="bbox 2158 3041 3847 3126">
     <span class='ocr_line' id='line_1_79' title="bbox 2158 3041 3847 3126; baseline -0.003 -28"><span class='ocrx_word' id='word_1_555' title='bbox 2158 3071 2196 3126; x_wconf 78' lang='lat' dir='ltr'>C</span> <span class='ocrx_word' id='word_1_556' title='bbox 2234 3046 2369 3105; x_wconf 88' lang='grc' dir='ltr'><strong>πλῶς</strong></span> <span class='ocrx_word' id='word_1_557' title='bbox 2391 3044 2568 3106; x_wconf 86' lang='grc' dir='ltr'>εἰπεῖν,</span> <span class='ocrx_word' id='word_1_558' title='bbox 2605 3041 2805 3117; x_wconf 75' lang='grc' dir='ltr'>σχεδὸν</span> <span class='ocrx_word' id='word_1_559' title='bbox 2862 3063 3064 3097; x_wconf 86' lang='grc' dir='ltr'><strong>παντων</strong></span> <span class='ocrx_word' id='word_1_560' title='bbox 3122 3045 3221 3095; x_wconf 81' lang='grc' dir='ltr'><strong>τῶν</strong></span> <span class='ocrx_word' id='word_1_561' title='bbox 3283 3041 3331 3095; x_wconf 84' lang='grc' dir='ltr'>ἐν</span> <span class='ocrx_word' id='word_1_562' title='bbox 3394 3042 3523 3095; x_wconf 85' lang='grc' dir='ltr'><strong>τέλει</strong></span> <span class='ocrx_word' id='word_1_563' title='bbox 3585 3046 3674 3094; x_wconf 84' lang='grc' dir='ltr'>καὶ</span> <span class='ocrx_word' id='word_1_564' title='bbox 3741 3051 3847 3094; x_wconf 75' lang='grc' dir='ltr'>τῶν</span> 
     </span>
    </p>
   </div>
   <div class='ocr_carea' id='block_1_80' title="bbox 2235 3128 3847 3209">
    <p class='ocr_par' dir='ltr' id='par_1_80' title="bbox 2235 3128 3847 3209">
     <span class='ocr_line' id='line_1_80' title="bbox 2235 3128 3847 3209; baseline -0.002 -22"><span class='ocrx_word' id='word_1_565' title='bbox 2235 3133 2282 3187; x_wconf 60' lang='grc' dir='ltr'>ἐρ</span> <span class='ocrx_word' id='word_1_566' title='bbox 2312 3137 2560 3209; x_wconf 74' lang='grc' dir='ltr'>ἱερωσύνῃ</span> <span class='ocrx_word' id='word_1_567' title='bbox 2585 3139 2673 3187; x_wconf 85' lang='lat' dir='ltr'>xui</span> <span class='ocrx_word' id='word_1_568' title='bbox 2713 3130 2985 3205; x_wconf 76' lang='grc' dir='ltr'><strong>ἰδιωτείᾳ;</strong></span> <span class='ocrx_word' id='word_1_569' title='bbox 3042 3132 3174 3184; x_wconf 84' lang='grc' dir='ltr'>Ἀλλ’</span> <span class='ocrx_word' id='word_1_570' title='bbox 3226 3128 3349 3185; x_wconf 75' lang='grc' dir='ltr'>οὐδέ</span> <span class='ocrx_word' id='word_1_571' title='bbox 3380 3139 3640 3205; x_wconf 8' lang='grc' dir='ltr'>,γυναῖκες</span> <span class='ocrx_word' id='word_1_572' title='bbox 3688 3134 3847 3204; x_wconf 78' lang='grc' dir='ltr'><strong>ἄμοι-</strong></span> 
     </span>
    </p>
   </div>
   <div class='ocr_carea' id='block_1_81' title="bbox 2233 3220 3850 3296">
    <p class='ocr_par' dir='ltr' id='par_1_81' title="bbox 2233 3220 3850 3296">
     <span class='ocr_line' id='line_1_81' title="bbox 2233 3220 3850 3296; baseline -0.002 -21"><span class='ocrx_word' id='word_1_573' title='bbox 2233 3242 2316 3296; x_wconf 91' lang='grc' dir='ltr'>ροι</span> <span class='ocrx_word' id='word_1_574' title='bbox 2372 3231 2468 3284; x_wconf 83' lang='grc' dir='ltr'><strong>τῆς</strong></span> <span class='ocrx_word' id='word_1_575' title='bbox 2526 3226 2776 3285; x_wconf 81' lang='grc' dir='ltr'><strong>τοιαύτης</strong></span> <span class='ocrx_word' id='word_1_576' title='bbox 2847 3221 2967 3295; x_wconf 88' lang='grc' dir='ltr'><strong>βίας</strong></span> <span class='ocrx_word' id='word_1_577' title='bbox 3027 3220 3478 3293; x_wconf 80' lang='grc' dir='ltr'>ἐναπελείφθησαν.</span> <span class='ocrx_word' id='word_1_578' title='bbox 3558 3226 3850 3294; x_wconf 75' lang='grc' dir='ltr'><strong>Μαρτυρὴ-</strong></span> 
     </span>
    </p>
   </div>
   <div class='ocr_carea' id='block_1_82' title="bbox 2236 3310 3846 3383">
    <p class='ocr_par' dir='ltr' id='par_1_82' title="bbox 2236 3310 3846 3383">
     <span class='ocr_line' id='line_1_82' title="bbox 2236 3310 3846 3383; baseline 0.001 -20"><span class='ocrx_word' id='word_1_579' title='bbox 2236 3316 2392 3364; x_wconf 91' lang='grc' dir='ltr'><strong>σουσί</strong></span> <span class='ocrx_word' id='word_1_580' title='bbox 2419 3331 2509 3383; x_wconf 90' lang='grc' dir='ltr'>μοι</span> <span class='ocrx_word' id='word_1_581' title='bbox 2565 3315 2613 3363; x_wconf 81' lang='grc' dir='ltr'><strong>οἱ</strong></span> <span class='ocrx_word' id='word_1_582' title='bbox 2677 3321 2773 3373; x_wconf 75' lang='grc' dir='ltr'><strong>τῆς</strong></span> <span class='ocrx_word' id='word_1_583' title='bbox 2840 3310 3078 3372; x_wconf 79' lang='grc' dir='ltr'>ἀληθείας</span> <span class='ocrx_word' id='word_1_584' title='bbox 3142 3312 3324 3370; x_wconf 72' lang='grc' dir='ltr'><strong>πάντες</strong></span> <span class='ocrx_word' id='word_1_585' title='bbox 3392 3313 3677 3383; x_wconf 73' lang='grc' dir='ltr'>σύντρσφοι</span> <span class='ocrx_word' id='word_1_586' title='bbox 3738 3310 3846 3383; x_wconf 83' lang='grc'>(6),</span> 
     </span>
    </p>
   </div>
   <div class='ocr_carea' id='block_1_83' title="bbox 2235 3395 3849 3475">
    <p class='ocr_par' dir='ltr' id='par_1_83' title="bbox 2235 3395 3849 3475">
     <span class='ocr_line' id='line_1_83' title="bbox 2235 3395 3849 3475; baseline -0.002 -22"><span class='ocrx_word' id='word_1_587' title='bbox 2235 3402 2335 3453; x_wconf 86' lang='grc' dir='ltr'>ὅσα</span> <span class='ocrx_word' id='word_1_588' title='bbox 2359 3404 2493 3452; x_wconf 83' lang='grc' dir='ltr'>κατὰ</span> <span class='ocrx_word' id='word_1_589' title='bbox 2521 3402 2587 3451; x_wconf 81' lang='grc' dir='ltr'>τὰ</span> <span class='ocrx_word' id='word_1_590' title='bbox 2615 3400 2807 3475; x_wconf 78' lang='grc' dir='ltr'>Συρρεα</span> <span class='ocrx_word' id='word_1_591' title='bbox 2838 3400 2917 3470; x_wconf 87' lang='grc'>(7)</span> <span class='ocrx_word' id='word_1_592' title='bbox 2985 3404 3072 3451; x_wconf 84' lang='grc' dir='ltr'>καὶ</span> <span class='ocrx_word' id='word_1_593' title='bbox 3137 3403 3195 3451; x_wconf 82' lang='grc' dir='ltr'>τὸ</span> <span class='ocrx_word' id='word_1_594' title='bbox 3264 3395 3554 3456; x_wconf 80' lang='grc' dir='ltr'>Λουποὶδὴν</span> <span class='ocrx_word' id='word_1_595' title='bbox 3619 3399 3701 3471; x_wconf 89' lang='grc'>(8)</span> <span class='ocrx_word' id='word_1_596' title='bbox 3755 3405 3849 3450; x_wconf 86' lang='grc' dir='ltr'>καὶ</span> 
     </span>
    </p>
   </div>
   <div class='ocr_carea' id='block_1_84' title="bbox 2235 3483 3850 3562">
    <p class='ocr_par' dir='ltr' id='par_1_84' title="bbox 2235 3483 3850 3562">
     <span class='ocr_line' id='line_1_84' title="bbox 2235 3483 3850 3562; baseline -0.001 -22"><span class='ocrx_word' id='word_1_597' title='bbox 2235 3493 2323 3547; x_wconf 77' lang='grc' dir='ltr'><strong>τὴν</strong></span> <span class='ocrx_word' id='word_1_598' title='bbox 2354 3488 2595 3562; x_wconf 77' lang='grc' dir='ltr'><strong>Προῦσαν</strong></span> <span class='ocrx_word' id='word_1_599' title='bbox 2626 3487 2985 3549; x_wconf 76' lang='grc' dir='ltr'>ὑπέστην.”Ως</span> <span class='ocrx_word' id='word_1_600' title='bbox 3044 3483 3103 3539; x_wconf 73' lang='grc' dir='ltr'>δέ</span> <span class='ocrx_word' id='word_1_601' title='bbox 3158 3486 3262 3557; x_wconf 72' lang='grc' dir='ltr'>οὐχ</span> <span class='ocrx_word' id='word_1_602' title='bbox 3321 3485 3561 3561; x_wconf 68' lang='grc' dir='ltr'>εὑρίσκον</span> <span class='ocrx_word' id='word_1_603' title='bbox 3613 3505 3677 3559; x_wconf 89' lang='grc' dir='ltr'>με</span> <span class='ocrx_word' id='word_1_604' title='bbox 3742 3495 3850 3547; x_wconf 88' lang='grc' dir='ltr'><strong>τοίς</strong></span> 
     </span>
    </p>
   </div>
   <div class='ocr_carea' id='block_1_85' title="bbox 2234 3572 3850 3649">
    <p class='ocr_par' dir='ltr' id='par_1_85' title="bbox 2234 3572 3850 3649">
     <span class='ocr_line' id='line_1_85' title="bbox 2234 3572 3850 3649; baseline -0.001 -21"><span class='ocrx_word' id='word_1_605' title='bbox 2234 3580 2425 3629; x_wconf 77' lang='grc' dir='ltr'><strong>τούτων</strong></span> <span class='ocrx_word' id='word_1_606' title='bbox 2490 3575 2745 3647; x_wconf 80' lang='grc' dir='ltr'><strong>θελήμασι</strong></span> <span class='ocrx_word' id='word_1_607' title='bbox 2807 3578 3123 3648; x_wconf 86' lang='grc' dir='ltr'>πειθόμενον,</span> <span class='ocrx_word' id='word_1_608' title='bbox 3188 3578 3582 3649; x_wconf 75' lang='grc' dir='ltr'>τεσσαράκοντα</span> <span class='ocrx_word' id='word_1_609' title='bbox 3658 3572 3850 3647; x_wconf 73' lang='grc' dir='ltr'><strong>ἀρχιεο</strong></span> 
     </span>
    </p>
   </div>
   <div class='ocr_carea' id='block_1_86' title="bbox 2236 3663 3844 3739">
    <p class='ocr_par' dir='ltr' id='par_1_86' title="bbox 2236 3663 3844 3739">
     <span class='ocr_line' id='line_1_86' title="bbox 2236 3663 3844 3739; baseline -0.001 -22"><span class='ocrx_word' id='word_1_610' title='bbox 2236 3673 2343 3739; x_wconf 83' lang='grc' dir='ltr'>ρεῐς</span> <span class='ocrx_word' id='word_1_611' title='bbox 2370 3668 2638 3739; x_wconf 86' lang='grc' dir='ltr'>καὶπρὸς,</span> <span class='ocrx_word' id='word_1_612' title='bbox 2675 3663 2767 3726; x_wconf 85' lang='grc' dir='ltr'><strong>τάς</strong></span> <span class='ocrx_word' id='word_1_613' title='bbox 2808 3664 2996 3717; x_wconf 79' lang='grc' dir='ltr'>ἑαυτῶν</span> <span class='ocrx_word' id='word_1_614' title='bbox 3061 3683 3151 3736; x_wconf 92' lang='grc' dir='ltr'><strong>μοι</strong></span> <span class='ocrx_word' id='word_1_615' title='bbox 3217 3665 3417 3738; x_wconf 77' lang='grc' dir='ltr'>γραφὰς</span> <span class='ocrx_word' id='word_1_616' title='bbox 3491 3663 3844 3737; x_wconf 79' lang='grc' dir='ltr'>ἐνεχείρισαν,</span> 
     </span>
    </p>
   </div>
   <div class='ocr_carea' id='block_1_87' title="bbox 2238 3752 3845 3826">
    <p class='ocr_par' dir='ltr' id='par_1_87' title="bbox 2238 3752 3845 3826">
     <span class='ocr_line' id='line_1_87' title="bbox 2238 3752 3845 3826; baseline -0.002 -19"><span class='ocrx_word' id='word_1_617' title='bbox 2238 3757 2378 3826; x_wconf 86' lang='grc' dir='ltr'>ἔχειν</span> <span class='ocrx_word' id='word_1_618' title='bbox 2444 3757 2726 3826; x_wconf 78' lang='grc' dir='ltr'>φάσκοντες</span> <span class='ocrx_word' id='word_1_619' title='bbox 2771 3753 2838 3814; x_wconf 86' lang='grc' dir='ltr'><strong>εἰς</strong></span> <span class='ocrx_word' id='word_1_620' title='bbox 2872 3756 2966 3815; x_wconf 85' lang='grc' dir='ltr'><strong>τὰς</strong></span> <span class='ocrx_word' id='word_1_621' title='bbox 3029 3753 3221 3805; x_wconf 84' lang='grc' dir='ltr'><strong>ἑαυτῶν</strong></span> <span class='ocrx_word' id='word_1_622' title='bbox 3291 3752 3514 3826; x_wconf 73' lang='grc' dir='ltr'>κεφαλάς</span> <span class='ocrx_word' id='word_1_623' title='bbox 3577 3757 3673 3810; x_wconf 72' lang='grc' dir='ltr'>τὴν</span> <span class='ocrx_word' id='word_1_624' title='bbox 3746 3763 3845 3805; x_wconf 77' lang='grc' dir='ltr'><strong>τῶν</strong></span> 
     </span>
    </p>
   </div>
   <div class='ocr_carea' id='block_1_88' title="bbox 2239 3840 3847 3917">
    <p class='ocr_par' dir='ltr' id='par_1_88' title="bbox 2239 3840 3847 3917">
     <span class='ocr_line' id='line_1_88' title="bbox 2239 3840 3847 3917; baseline -0.001 -22"><span class='ocrx_word' id='word_1_625' title='bbox 2239 3845 2401 3916; x_wconf 86' lang='grc' dir='ltr'>ὅρκων</span> <span class='ocrx_word' id='word_1_626' title='bbox 2470 3847 2835 3917; x_wconf 76' lang='grc' dir='ltr'>παρατροπὴν,</span> <span class='ocrx_word' id='word_1_627' title='bbox 2909 3848 2999 3895; x_wconf 82' lang='grc' dir='ltr'>καὶ</span> <span class='ocrx_word' id='word_1_628' title='bbox 3071 3841 3260 3913; x_wconf 67' lang='grc' dir='ltr'><strong>στέψαι</strong></span> <span class='ocrx_word' id='word_1_629' title='bbox 3332 3844 3416 3892; x_wconf 87' lang='grc' dir='ltr'>τὸν</span> <span class='ocrx_word' id='word_1_630' title='bbox 3486 3840 3847 3912; x_wconf 71' lang='grc' dir='ltr'>Παλαιολόγον</span> 
     </span>
    </p>
   </div>
   <div class='ocr_carea' id='block_1_89' title="bbox 2240 3926 3847 4008">
    <p class='ocr_par' dir='ltr' id='par_1_89' title="bbox 2240 3926 3847 4008">
     <span class='ocr_line' id='line_1_89' title="bbox 2240 3926 3847 4008; baseline -0.002 -23"><span class='ocrx_word' id='word_1_631' title='bbox 2240 3940 2441 4008; x_wconf 84' lang='grc' dir='ltr'>πρῶτον</span> <span class='ocrx_word' id='word_1_632' title='bbox 2487 3953 2497 3965; x_wconf 91' lang='grc'><strong>·</strong></span> <span class='ocrx_word' id='word_1_633' title='bbox 2522 3933 2643 4006; x_wconf 83' lang='grc' dir='ltr'>ὅπερ</span> <span class='ocrx_word' id='word_1_634' title='bbox 2674 3929 2733 3990; x_wconf 73' lang='grc' dir='ltr'>ἦν</span> <span class='ocrx_word' id='word_1_635' title='bbox 2762 3930 3034 4004; x_wconf 76' lang='grc' dir='ltr'><strong>ἀπώμοτον</strong></span> <span class='ocrx_word' id='word_1_636' title='bbox 3204 3931 3367 3992; x_wconf 73' lang='grc' dir='ltr'><strong>Οὗτος</strong></span> <span class='ocrx_word' id='word_1_637' title='bbox 3408 3933 3509 4004; x_wconf 77' lang='grc' dir='ltr'><em>’γὰρ</em></span> <span class='ocrx_word' id='word_1_638' title='bbox 3580 3926 3641 3988; x_wconf 70' lang='grc' dir='ltr'>ἦν</span> <span class='ocrx_word' id='word_1_639' title='bbox 3671 3931 3697 3981; x_wconf 85' lang='grc' dir='ltr'><strong><em>ὁ</em></strong></span> <span class='ocrx_word' id='word_1_640' title='bbox 3758 3932 3847 4003; x_wconf 79' lang='grc' dir='ltr'>ὁρ-</span> 
     </span>
    </p>
   </div>
   <div class='ocr_carea' id='block_1_90' title="bbox 2239 4124 3850 4200">
    <p class='ocr_par' dir='ltr' id='par_1_90' title="bbox 2239 4124 3850 4200">
     <span class='ocr_line' id='line_1_90' title="bbox 2239 4124 3850 4200; baseline -0.002 -17"><span class='ocrx_word' id='word_1_641' title='bbox 2239 4143 2519 4200; x_wconf 88' lang='lat' dir='ltr'>sequerer</span> <span class='ocrx_word' id='word_1_642' title='bbox 2540 4127 2773 4183; x_wconf 90' lang='lat' dir='ltr'>codices</span> <span class='ocrx_word' id='word_1_643' title='bbox 2790 4126 3153 4199; x_wconf 87' lang='lat' dir='ltr'>quihabent,</span> <span class='ocrx_word' id='word_1_644' title='bbox 3168 4130 3425 4200; x_wconf 71' lang='lat' dir='ltr'>stercesc,</span> <span class='ocrx_word' id='word_1_645' title='bbox 3449 4141 3488 4181; x_wconf 88' lang='lat' dir='ltr'>a</span> <span class='ocrx_word' id='word_1_646' title='bbox 3506 4131 3762 4182; x_wconf 82' lang='lat' dir='ltr'>stercus.</span> <span class='ocrx_word' id='word_1_647' title='bbox 3788 4124 3850 4180; x_wconf 91' lang='lat' dir='ltr'>id</span> 
     </span>
    </p>
   </div>
   <div class='ocr_carea' id='block_1_91' title="bbox 2239 4197 3849 4269">
    <p class='ocr_par' dir='ltr' id='par_1_91' title="bbox 2239 4197 3849 4269">
     <span class='ocr_line' id='line_1_91' title="bbox 2239 4197 3849 4269; baseline -0.001 -16"><span class='ocrx_word' id='word_1_648' title='bbox 2239 4197 2699 4267; x_wconf 52' lang='lat' dir='ltr'>est‘stercoreus.</span> <span class='ocrx_word' id='word_1_649' title='bbox 2732 4197 3109 4254; x_wconf 71' lang='lat' dir='ltr'>stercoratus.</span> <span class='ocrx_word' id='word_1_650' title='bbox 3137 4202 3323 4269; x_wconf 86' lang='lat' dir='ltr'>Atque</span> <span class='ocrx_word' id='word_1_651' title='bbox 3353 4197 3412 4252; x_wconf 93' lang='lat' dir='ltr'>in</span> <span class='ocrx_word' id='word_1_652' title='bbox 3436 4213 3573 4252; x_wconf 88' lang='lat' dir='ltr'>eam</span> <span class='ocrx_word' id='word_1_653' title='bbox 3609 4203 3849 4253; x_wconf 81' lang='lat' dir='ltr'>senten-</span> 
     </span>
    </p>
   </div>
   <div class='ocr_carea' id='block_1_92' title="bbox 2239 4269 3131 4341">
    <p class='ocr_par' dir='ltr' id='par_1_92' title="bbox 2239 4269 3131 4341">
     <span class='ocr_line' id='line_1_92' title="bbox 2239 4269 3131 4341; baseline -0.001 -16"><span class='ocrx_word' id='word_1_654' title='bbox 2239 4269 2384 4325; x_wconf 87' lang='lat' dir='ltr'>tiam</span> <span class='ocrx_word' id='word_1_655' title='bbox 2413 4285 2571 4325; x_wconf 91' lang='lat' dir='ltr'>nunc</span> <span class='ocrx_word' id='word_1_656' title='bbox 2594 4270 2848 4341; x_wconf 88' lang='lat' dir='ltr'>pedibus</span> <span class='ocrx_word' id='word_1_657' title='bbox 2868 4269 3131 4324; x_wconf 78' lang='lat' dir='ltr'>discedo.</span> 
     </span>
    </p>
   </div>
   <div class='ocr_carea' id='block_1_93' title="bbox 2313 4339 3855 4415">
    <p class='ocr_par' dir='ltr' id='par_1_93' title="bbox 2313 4339 3855 4415">
     <span class='ocr_line' id='line_1_93' title="bbox 2313 4339 3855 4415; baseline 0 -20"><span class='ocrx_word' id='word_1_658' title='bbox 2313 4341 2389 4411; x_wconf 78' lang='lat'>(7)</span> <span class='ocrx_word' id='word_1_659' title='bbox 2421 4344 2497 4394; x_wconf 74' lang='grc' dir='ltr'>Τά</span> <span class='ocrx_word' id='word_1_660' title='bbox 2527 4339 2736 4415; x_wconf 71' lang='grc' dir='ltr'>Σύρρεα.</span> <span class='ocrx_word' id='word_1_661' title='bbox 2776 4341 2835 4395; x_wconf 92' lang='lat' dir='ltr'>ld</span> <span class='ocrx_word' id='word_1_662' title='bbox 2858 4345 2967 4405; x_wconf 90' lang='lat' dir='ltr'>est,</span> <span class='ocrx_word' id='word_1_663' title='bbox 2993 4339 3494 4415; x_wconf 23' lang='lat' dir='ltr'>siﬂinterpreteris,</span> <span class='ocrx_word' id='word_1_664' title='bbox 3534 4339 3855 4415; x_wconf 67' lang='lat' dir='ltr'>con/tuen-</span> 
     </span>
    </p>
   </div>
   <div class='ocr_carea' id='block_1_94' title="bbox 489 4408 3853 4484">
    <p class='ocr_par' dir='ltr' id='par_1_94' title="bbox 489 4408 3853 4484">
     <span class='ocr_line' id='line_1_94' title="bbox 489 4408 3853 4484; baseline 0 -19"><span class='ocrx_word' id='word_1_665' title='bbox 489 4409 698 4482; x_wconf 90' lang='lat' dir='ltr'>procul</span> <span class='ocrx_word' id='word_1_666' title='bbox 728 4408 1042 4484; x_wconf 33' lang='lat' dir='ltr'>ab_initio_‘:</span> <span class='ocrx_word' id='word_1_667' title='bbox 1082 4410 1466 4484; x_wconf 75' lang='lat' dir='ltr'>Postmodum</span> <span class='ocrx_word' id='word_1_668' title='bbox 1512 4425 1645 4484; x_wconf 80' lang='lat' dir='ltr'>vero</span> <span class='ocrx_word' id='word_1_669' title='bbox 1692 4412 1756 4464; x_wconf 87' lang='lat' dir='ltr'>in</span> <span class='ocrx_word' id='word_1_670' title='bbox 1807 4410 2037 4466; x_wconf 63' lang='lat' dir='ltr'>Graecia</span> <span class='ocrx_word' id='word_1_671' title='bbox 2071 4413 2133 4466; x_wconf 86' lang='lat' dir='ltr'>in</span> <span class='ocrx_word' id='word_1_672' title='bbox 2164 4425 2209 4481; x_wconf 75' lang='grc' dir='ltr'><strong>ι)</strong></span> <span class='ocrx_word' id='word_1_673' title='bbox 2245 4413 2328 4467; x_wconf 87' lang='lat' dir='ltr'>tia</span> <span class='ocrx_word' id='word_1_674' title='bbox 2358 4408 2901 4484; x_wconf 62' lang='lat' dir='ltr'>{quoex&#39;a&#39;quarum</span> <span class='ocrx_word' id='word_1_675' title='bbox 2920 4408 3853 4467; x_wconf 75' lang='lat' dir='ltr'>conﬂuxuinultalocaLatinum</span> 
     </span>
    </p>
   </div>
   <div class='ocr_carea' id='block_1_95' title="bbox 487 4480 2137 4552">
    <p class='ocr_par' dir='ltr' id='par_1_95' title="bbox 487 4480 2137 4552">
     <span class='ocr_line' id='line_1_95' title="bbox 487 4480 2137 4552; baseline 0 -15"><span class='ocrx_word' id='word_1_676' title='bbox 487 4480 684 4537; x_wconf 76' lang='lat' dir='ltr'>monte</span> <span class='ocrx_word' id='word_1_677' title='bbox 710 4481 1215 4552; x_wconf 23' lang='lat' dir='ltr'>quiﬂHagionoros</span> <span class='ocrx_word' id='word_1_678' title='bbox 1248 4480 1491 4548; x_wconf 82' lang='lat' dir='ltr'>dicitur,</span> <span class='ocrx_word' id='word_1_679' title='bbox 1521 4482 1832 4552; x_wconf 87' lang='lat' dir='ltr'>aliquanto</span> <span class='ocrx_word' id='word_1_680' title='bbox 1878 4488 2137 4549; x_wconf 82' lang='lat' dir='ltr'>tempore</span> 
     </span>
    </p>
   </div>
   <div class='ocr_carea' id='block_1_96' title="bbox 488 4549 2137 4624">
    <p class='ocr_par' dir='ltr' id='par_1_96' title="bbox 488 4549 2137 4624">
     <span class='ocr_line' id='line_1_96' title="bbox 488 4549 2137 4624; baseline -0.001 -16"><span class='ocrx_word' id='word_1_681' title='bbox 488 4549 735 4624; x_wconf 46' lang='lat' dir='ltr'>mansit;</span> <span class='ocrx_word' id='word_1_682' title='bbox 783 4551 931 4605; x_wconf 88' lang='lat' dir='ltr'>Hinc</span> <span class='ocrx_word' id='word_1_683' title='bbox 986 4556 1139 4622; x_wconf 84' lang='grc' dir='ltr'><strong>τόμος</strong></span> <span class='ocrx_word' id='word_1_684' title='bbox 1179 4549 1690 4624; x_wconf 15' lang='grc' dir='ltr'>’Ἅγιορῖειτικόςλῖλη</span> <span class='ocrx_word' id='word_1_685' title='bbox 1740 4552 1860 4607; x_wconf 87' lang='lat' dir='ltr'>ﬁne</span> <span class='ocrx_word' id='word_1_686' title='bbox 1920 4552 2137 4622; x_wconf 82' lang='lat' dir='ltr'>synodi</span> 
     </span>
    </p>
   </div>
   <div class='ocr_carea' id='block_1_97' title="bbox 491 4621 1804 4683">
    <p class='ocr_par' dir='ltr' id='par_1_97' title="bbox 491 4621 1804 4683">
     <span class='ocr_line' id='line_1_97' title="bbox 491 4621 1804 4683; baseline -0.001 -4"><span class='ocrx_word' id='word_1_687' title='bbox 491 4623 929 4683; x_wconf 87' lang='lat' dir='ltr'>Palamitarum,</span> <span class='ocrx_word' id='word_1_688' title='bbox 954 4621 1226 4676; x_wconf 82' lang='lat' dir='ltr'>Auctario</span> <span class='ocrx_word' id='word_1_689' title='bbox 1254 4637 1312 4676; x_wconf 88' lang='lat' dir='ltr'>Ill</span> <span class='ocrx_word' id='word_1_690' title='bbox 1337 4621 1804 4679; x_wconf 50' lang='lat' dir='ltr'>&#39;Combeﬁsiano.</span> 
     </span>
    </p>
   </div>
   <div class='ocr_carea' id='block_1_98' title="bbox 559 4692 2141 4767">
    <p class='ocr_par' dir='ltr' id='par_1_98' title="bbox 559 4692 2141 4767">
     <span class='ocr_line' id='line_1_98' title="bbox 559 4692 2141 4767; baseline -0.002 -16"><span class='ocrx_word' id='word_1_691' title='bbox 559 4696 639 4767; x_wconf 85' lang='grc'>(6)</span> <span class='ocrx_word' id='word_1_692' title='bbox 690 4696 986 4767; x_wconf 81' lang='grc' dir='ltr'>Σύντροφοι.</span> <span class='ocrx_word' id='word_1_693' title='bbox 1041 4692 1378 4767; x_wconf 70' lang='lat' dir='ltr'>Djptionem</span> <span class='ocrx_word' id='word_1_694' title='bbox 1418 4693 1684 4748; x_wconf 83' lang='lat' dir='ltr'>Latinam</span> <span class='ocrx_word' id='word_1_695' title='bbox 1734 4693 1868 4749; x_wconf 87' lang='lat' dir='ltr'>fecit</span> <span class='ocrx_word' id='word_1_696' title='bbox 1916 4694 2141 4749; x_wconf 82' lang='lat' dir='ltr'>Tertul-</span> 
     </span>
    </p>
   </div>
   <div class='ocr_carea' id='block_1_99' title="bbox 485 4764 2140 4836">
    <p class='ocr_par' dir='ltr' id='par_1_99' title="bbox 485 4764 2140 4836">
     <span class='ocr_line' id='line_1_99' title="bbox 485 4764 2140 4836; baseline -0.001 -14"><span class='ocrx_word' id='word_1_697' title='bbox 485 4764 729 4836; x_wconf 85' lang='lat' dir='ltr'>liamus,</span> <span class='ocrx_word' id='word_1_698' title='bbox 750 4764 1052 4821; x_wconf 84' lang='lat' dir='ltr'>Adversus</span> <span class='ocrx_word' id='word_1_699' title='bbox 1074 4764 1543 4820; x_wconf 86' lang='lat' dir='ltr'>Valentinianos.</span> <span class='ocrx_word' id='word_1_700' title='bbox 1559 4780 1670 4835; x_wconf 89' lang='lat' dir='ltr'>cap</span> <span class='ocrx_word' id='word_1_701' title='bbox 1698 4768 1729 4819; x_wconf 90' lang='lat'><strong>8</strong></span> <span class='ocrx_word' id='word_1_702' title='bbox 1756 4782 1767 4819; x_wconf 91' lang='lat'>:</span> <span class='ocrx_word' id='word_1_703' title='bbox 1802 4766 2049 4821; x_wconf 84' lang='lat' dir='ltr'>Interim</span> <span class='ocrx_word' id='word_1_704' title='bbox 2077 4767 2140 4821; x_wconf 87' lang='lat' dir='ltr'>in</span> 
     </span>
    </p>
   </div>
   <div class='ocr_carea' id='block_1_100' title="bbox 489 4835 2137 4908">
    <p class='ocr_par' dir='ltr' id='par_1_100' title="bbox 489 4835 2137 4908">
     <span class='ocr_line' id='line_1_100' title="bbox 489 4835 2137 4908; baseline -0.001 -14"><span class='ocrx_word' id='word_1_705' title='bbox 489 4835 811 4895; x_wconf 84' lang='lat' dir='ltr'>tricenario</span> <span class='ocrx_word' id='word_1_706' title='bbox 833 4836 1173 4908; x_wconf 84' lang='lat' dir='ltr'>fecunditas</span> <span class='ocrx_word' id='word_1_707' title='bbox 1195 4841 1319 4891; x_wconf 86' lang='lat' dir='ltr'>tota</span> <span class='ocrx_word' id='word_1_708' title='bbox 1340 4835 1567 4904; x_wconf 76' lang='lat' dir='ltr'>deﬁcit:</span> <span class='ocrx_word' id='word_1_709' title='bbox 1589 4841 1856 4892; x_wconf 88' lang='lat' dir='ltr'>castrata</span> <span class='ocrx_word' id='word_1_710' title='bbox 1885 4843 1965 4892; x_wconf 89' lang='lat' dir='ltr'>est</span> <span class='ocrx_word' id='word_1_711' title='bbox 1984 4839 2067 4892; x_wconf 86' lang='lat' dir='ltr'>vis</span> <span class='ocrx_word' id='word_1_712' title='bbox 2086 4843 2137 4892; x_wconf 90' lang='lat' dir='ltr'>et</span> 
     </span>
    </p>
   </div>
   <div class='ocr_carea' id='block_1_101' title="bbox 481 4908 2141 4979">
    <p class='ocr_par' dir='ltr' id='par_1_101' title="bbox 481 4908 2141 4979">
     <span class='ocr_line' id='line_1_101' title="bbox 481 4908 2141 4979; baseline -0.001 -15"><span class='ocrx_word' id='word_1_713' title='bbox 481 4918 747 4979; x_wconf 74' lang='lat' dir='ltr'>potestas</span> <span class='ocrx_word' id='word_1_714' title='bbox 778 4917 831 4967; x_wconf 89' lang='lat' dir='ltr'>et</span> <span class='ocrx_word' id='word_1_715' title='bbox 855 4910 1038 4965; x_wconf 84' lang='lat' dir='ltr'>libido</span> <span class='ocrx_word' id='word_1_716' title='bbox 1067 4908 1350 4978; x_wconf 79' lang='lat' dir='ltr'>genitalis</span> <span class='ocrx_word' id='word_1_717' title='bbox 1385 4908 1678 4962; x_wconf 58' lang='lat' dir='ltr'>Eanum.</span> <span class='ocrx_word' id='word_1_718' title='bbox 1716 4909 1898 4974; x_wconf 82' lang='lat' dir='ltr'>Quasi</span> <span class='ocrx_word' id='word_1_719' title='bbox 1934 4924 2053 4963; x_wconf 86' lang='lat' dir='ltr'>non</span> <span class='ocrx_word' id='word_1_720' title='bbox 2085 4914 2141 4963; x_wconf 90' lang='lat' dir='ltr'>et</span> 
     </span>
    </p>
   </div>
   <div class='ocr_carea' id='block_1_102' title="bbox 485 4979 2141 5049">
    <p class='ocr_par' dir='ltr' id='par_1_102' title="bbox 485 4979 2141 5049">
     <span class='ocr_line' id='line_1_102' title="bbox 485 4979 2141 5049; baseline 0.001 -16"><span class='ocrx_word' id='word_1_721' title='bbox 485 4997 867 5037; x_wconf 83' lang='lat' dir='ltr'>numerorum</span> <span class='ocrx_word' id='word_1_722' title='bbox 896 4986 1069 5037; x_wconf 86' lang='lat' dir='ltr'>tanta</span> <span class='ocrx_word' id='word_1_723' title='bbox 1102 4979 1301 5035; x_wconf 81' lang='lat' dir='ltr'>adhuc</span> <span class='ocrx_word' id='word_1_724' title='bbox 1358 4980 1615 5049; x_wconf 87' lang='lat' dir='ltr'>coagula</span> <span class='ocrx_word' id='word_1_725' title='bbox 1655 4985 2045 5048; x_wconf 79' lang='lat' dir='ltr'>superessent.</span> <span class='ocrx_word' id='word_1_726' title='bbox 2086 4986 2141 5035; x_wconf 88' lang='lat' dir='ltr'>et</span> 
     </span>
    </p>
   </div>
   <div class='ocr_carea' id='block_1_103' title="bbox 1569 5050 2144 5117">
    <p class='ocr_par' dir='ltr' id='par_1_103' title="bbox 1569 5050 2144 5117">
     <span class='ocr_line' id='line_1_103' title="bbox 1569 5050 2144 5117; baseline -0.003 -11"><span class='ocrx_word' id='word_1_727' title='bbox 1569 5050 1765 5117; x_wconf 81' lang='lat' dir='ltr'>Quare</span> <span class='ocrx_word' id='word_1_728' title='bbox 1781 5053 1933 5106; x_wconf 87' lang='lat' dir='ltr'>enim</span> <span class='ocrx_word' id='word_1_729' title='bbox 1964 5066 2078 5105; x_wconf 86' lang='lat' dir='ltr'>non</span> <span class='ocrx_word' id='word_1_730' title='bbox 2092 5055 2144 5106; x_wconf 91' lang='lat' dir='ltr'>et</span> 
     </span>
    </p>
   </div>
   <div class='ocr_carea' id='block_1_104' title="bbox 488 5122 2142 5192">
    <p class='ocr_par' dir='ltr' id='par_1_104' title="bbox 488 5122 2142 5192">
     <span class='ocr_line' id='line_1_104' title="bbox 488 5122 2142 5192; baseline 0 -18"><span class='ocrx_word' id='word_1_731' title='bbox 488 5122 921 5192; x_wconf 83' lang='lat' dir='ltr'>quinquaginta</span> <span class='ocrx_word' id='word_1_732' title='bbox 943 5130 997 5179; x_wconf 89' lang='lat' dir='ltr'>et</span> <span class='ocrx_word' id='word_1_733' title='bbox 1020 5129 1252 5178; x_wconf 85' lang='lat' dir='ltr'>centum</span> <span class='ocrx_word' id='word_1_734' title='bbox 1265 5126 1665 5191; x_wconf 76' lang='lat' dir='ltr'>procreantur</span> <span class='ocrx_word' id='word_1_735' title='bbox 1686 5126 1710 5175; x_wconf 76' lang='lat'>.9</span> <span class='ocrx_word' id='word_1_736' title='bbox 1730 5137 1914 5192; x_wconf 87' lang='lat' dir='ltr'>quare</span> <span class='ocrx_word' id='word_1_737' title='bbox 1926 5127 1979 5178; x_wconf 89' lang='lat' dir='ltr'>et</span> <span class='ocrx_word' id='word_1_738' title='bbox 2000 5128 2142 5176; x_wconf 88' lang='lat' dir='ltr'>ster-</span> 
     </span>
    </p>
   </div>
   <div class='ocr_carea' id='block_1_105' title="bbox 487 5052 1547 5122">
    <p class='ocr_par' dir='ltr' id='par_1_105' title="bbox 487 5052 1547 5122">
     <span class='ocr_line' id='line_1_105' title="bbox 487 5052 1547 5122; baseline 0.002 -17"><span class='ocrx_word' id='word_1_739' title='bbox 487 5053 663 5105; x_wconf 87' lang='lat' dir='ltr'>nulla</span> <span class='ocrx_word' id='word_1_740' title='bbox 685 5055 810 5107; x_wconf 76' lang='lat' dir='ltr'>alia</span> <span class='ocrx_word' id='word_1_741' title='bbox 827 5053 899 5107; x_wconf 91' lang='lat' dir='ltr'>de</span> <span class='ocrx_word' id='word_1_742' title='bbox 916 5052 1262 5122; x_wconf 70' lang='lat' dir='ltr'>paedagogio</span> <span class='ocrx_word' id='word_1_743' title='bbox 1280 5054 1547 5107; x_wconf 79' lang='lat' dir='ltr'>nomina.</span> 
     </span>
    </p>
   </div>
   <div class='ocr_carea' id='block_1_106' title="bbox 487 5193 2140 5261">
    <p class='ocr_par' dir='ltr' id='par_1_106' title="bbox 487 5193 2140 5261">
     <span class='ocr_line' id='line_1_106' title="bbox 487 5193 2140 5261; baseline 0 -14"><span class='ocrx_word' id='word_1_744' title='bbox 487 5194 623 5247; x_wconf 70' lang='lat' dir='ltr'>ceiaz</span> <span class='ocrx_word' id='word_1_745' title='bbox 641 5193 1029 5261; x_wconf 73' lang='lat' dir='ltr'>etsyntrophi</span> <span class='ocrx_word' id='word_1_746' title='bbox 1041 5195 1435 5249; x_wconf 80' lang='lat' dir='ltr'>nominantur</span> <span class='ocrx_word' id='word_1_747' title='bbox 1452 5197 1479 5247; x_wconf 87' lang='lat'><strong><em>?</em></strong></span> <span class='ocrx_word' id='word_1_748' title='bbox 1499 5194 1685 5258; x_wconf 87' lang='lat' dir='ltr'>Quem</span> <span class='ocrx_word' id='word_1_749' title='bbox 1705 5193 1901 5247; x_wconf 91' lang='lat' dir='ltr'>locum</span> <span class='ocrx_word' id='word_1_750' title='bbox 1924 5194 2140 5248; x_wconf 85' lang='lat' dir='ltr'>frustra</span> 
     </span>
    </p>
   </div>
   <div class='ocr_carea' id='block_1_107' title="bbox 487 5263 2139 5334">
    <p class='ocr_par' dir='ltr' id='par_1_107' title="bbox 487 5263 2139 5334">
     <span class='ocr_line' id='line_1_107' title="bbox 487 5263 2139 5334; baseline 0.001 -17"><span class='ocrx_word' id='word_1_751' title='bbox 487 5263 802 5318; x_wconf 83' lang='lat' dir='ltr'>sollicitant</span> <span class='ocrx_word' id='word_1_752' title='bbox 828 5263 937 5334; x_wconf 78' lang='lat' dir='ltr'>viri</span> <span class='ocrx_word' id='word_1_753' title='bbox 963 5264 1144 5331; x_wconf 88' lang='lat' dir='ltr'>docti,</span> <span class='ocrx_word' id='word_1_754' title='bbox 1178 5265 1235 5317; x_wconf 88' lang='lat' dir='ltr'>in</span> <span class='ocrx_word' id='word_1_755' title='bbox 1259 5280 1403 5319; x_wconf 91' lang='lat' dir='ltr'>voce</span> <span class='ocrx_word' id='word_1_756' title='bbox 1434 5265 1713 5333; x_wconf 65' lang='lat' dir='ltr'>sterceim,</span> <span class='ocrx_word' id='word_1_757' title='bbox 1743 5280 1873 5334; x_wconf 78' lang='lat' dir='ltr'>quae</span> <span class='ocrx_word' id='word_1_758' title='bbox 1903 5279 2009 5334; x_wconf 87' lang='lat' dir='ltr'>per</span> <span class='ocrx_word' id='word_1_759' title='bbox 2042 5263 2139 5318; x_wconf 90' lang='lat' dir='ltr'>de-</span> 
     </span>
    </p>
   </div>
   <div class='ocr_carea' id='block_1_108' title="bbox 484 5333 2142 5406">
    <p class='ocr_par' dir='ltr' id='par_1_108' title="bbox 484 5333 2142 5406">
     <span class='ocr_line' id='line_1_108' title="bbox 484 5333 2142 5406; baseline 0 -17"><span class='ocrx_word' id='word_1_760' title='bbox 484 5334 804 5406; x_wconf 83' lang='lat' dir='ltr'>ridiculum</span> <span class='ocrx_word' id='word_1_761' title='bbox 828 5333 984 5389; x_wconf 85' lang='lat' dir='ltr'>facta</span> <span class='ocrx_word' id='word_1_762' title='bbox 1010 5340 1115 5400; x_wconf 89' lang='lat' dir='ltr'>est,</span> <span class='ocrx_word' id='word_1_763' title='bbox 1143 5335 1221 5406; x_wconf 80' lang='lat' dir='ltr'>ad</span> <span class='ocrx_word' id='word_1_764' title='bbox 1248 5334 1660 5403; x_wconf 80' lang='lat' dir='ltr'>designandos</span> <span class='ocrx_word' id='word_1_765' title='bbox 1685 5333 1967 5406; x_wconf 76' lang='lat' dir='ltr'>puerulos</span> <span class='ocrx_word' id='word_1_766' title='bbox 1993 5341 2142 5389; x_wconf 90' lang='lat' dir='ltr'>ster-</span> 
     </span>
    </p>
   </div>
   <div class='ocr_carea' id='block_1_109' title="bbox 485 5404 2139 5529">
    <p class='ocr_par' dir='ltr' id='par_1_109' title="bbox 485 5404 2139 5529">
     <span class='ocr_line' id='line_1_109' title="bbox 485 5404 2139 5529; baseline 0.001 -69"><span class='ocrx_word' id='word_1_767' title='bbox 485 5420 619 5460; x_wconf 89' lang='lat' dir='ltr'>core</span> <span class='ocrx_word' id='word_1_768' title='bbox 651 5404 965 5529; x_wconf 74' lang='lat' dir='ltr'>inquinare</span> <span class='ocrx_word' id='word_1_769' title='bbox 998 5420 1062 5459; x_wconf 90' lang='lat' dir='ltr'>se</span> <span class='ocrx_word' id='word_1_770' title='bbox 1094 5405 1316 5471; x_wconf 90' lang='lat' dir='ltr'>solitos,</span> <span class='ocrx_word' id='word_1_771' title='bbox 1342 5411 1599 5477; x_wconf 88' lang='lat' dir='ltr'>apteque</span> <span class='ocrx_word' id='word_1_772' title='bbox 1622 5404 1758 5460; x_wconf 71' lang='lat' dir='ltr'>cum</span> <span class='ocrx_word' id='word_1_773' title='bbox 1792 5406 2139 5478; x_wconf 80' lang='lat' dir='ltr'>syntrophis</span> 
     </span>
     <span class='ocr_line' id='line_1_110' title="bbox 485 5475 2139 5529; baseline 0 0"><span class='ocrx_word' id='word_1_774' title='bbox 485 5493 589 5529; x_wconf 85' lang='lat' dir='ltr'>seu</span> <span class='ocrx_word' id='word_1_775' title='bbox 620 5492 729 5529; x_wconf 86' lang='lat' dir='ltr'>eoa</span> <span class='ocrx_word' id='word_1_776' title='bbox 758 5475 953 5529; x_wconf 86' lang='lat' dir='ltr'>umnis</span> <span class='ocrx_word' id='word_1_777' title='bbox 985 5475 1385 5529; x_wconf 69' lang='lat' dir='ltr'>coniungitur.</span> <span class='ocrx_word' id='word_1_778' title='bbox 1434 5476 1659 5529; x_wconf 71' lang='lat' dir='ltr'>Biaaltii</span> <span class='ocrx_word' id='word_1_779' title='bbox 1700 5494 1840 5529; x_wconf 85' lang='lat' dir='ltr'>vero</span> <span class='ocrx_word' id='word_1_780' title='bbox 1871 5478 2139 5529; x_wconf 69' lang='lat' dir='ltr'>stercolae</span> 
     </span>
    </p>
   </div>
   <div class='ocr_carea' id='block_1_110' title="bbox 485 5475 2139 5543">
    <p class='ocr_par' dir='ltr' id='par_1_110' title="bbox 485 5475 2139 5543">
     <span class='ocr_line' id='line_1_111' title="bbox 485 5475 2139 5543; baseline 0.002 -13"><span class='ocrx_word' id='word_1_781' title='bbox 485 5493 589 5530; x_wconf 86' lang='lat' dir='ltr'>seu</span> <span class='ocrx_word' id='word_1_782' title='bbox 620 5475 953 5531; x_wconf 88' lang='lat' dir='ltr'>coalumnis</span> <span class='ocrx_word' id='word_1_783' title='bbox 985 5475 1400 5543; x_wconf 32' lang='lat' dir='ltr'>conjungitur.’</span> <span class='ocrx_word' id='word_1_784' title='bbox 1434 5475 1659 5543; x_wconf 69' lang='lat' dir='ltr'>Rigaltii</span> <span class='ocrx_word' id='word_1_785' title='bbox 1700 5475 1840 5533; x_wconf 85' lang='lat' dir='ltr'>vero</span> <span class='ocrx_word' id='word_1_786' title='bbox 1871 5475 2139 5533; x_wconf 67' lang='lat' dir='ltr'>stercola?</span> 
     </span>
    </p>
   </div>
   <div class='ocr_carea' id='block_1_111' title="bbox 482 5546 2139 5619">
    <p class='ocr_par' dir='ltr' id='par_1_111' title="bbox 482 5546 2139 5619">
     <span class='ocr_line' id='line_1_112' title="bbox 482 5546 2139 5619; baseline 0.001 -17"><span class='ocrx_word' id='word_1_787' title='bbox 482 5550 765 5611; x_wconf 83' lang='lat' dir='ltr'>nutrices,</span> <span class='ocrx_word' id='word_1_788' title='bbox 799 5546 1363 5619; x_wconf 4' lang='lat' dir='ltr'>quidqaquonum</span> <span class='ocrx_word' id='word_1_789' title='bbox 1408 5547 1638 5619; x_wconf 91' lang='lat' dir='ltr'>prolem</span> <span class='ocrx_word' id='word_1_790' title='bbox 1683 5548 2024 5615; x_wconf 80' lang='lat' dir='ltr'>augendam</span> <span class='ocrx_word' id='word_1_791' title='bbox 2052 5549 2139 5604; x_wconf 84' lang='lat' dir='ltr'>fa-</span> 
     </span>
    </p>
   </div>
   <div class='ocr_carea' id='block_1_112' title="bbox 484 5617 2137 5691">
    <p class='ocr_par' dir='ltr' id='par_1_112' title="bbox 484 5617 2137 5691">
     <span class='ocr_line' id='line_1_113' title="bbox 484 5617 2137 5691; baseline 0.001 -16"><span class='ocrx_word' id='word_1_792' title='bbox 484 5621 648 5676; x_wconf 90' lang='lat' dir='ltr'>ciunt</span> <span class='ocrx_word' id='word_1_793' title='bbox 677 5619 704 5675; x_wconf 82' lang='lat'><strong><em>?</em></strong></span> <span class='ocrx_word' id='word_1_794' title='bbox 732 5617 904 5685; x_wconf 85' lang='lat' dir='ltr'>Quod</span> <span class='ocrx_word' id='word_1_795' title='bbox 926 5618 973 5675; x_wconf 88' lang='lat' dir='ltr'>si</span> <span class='ocrx_word' id='word_1_796' title='bbox 1002 5617 1150 5691; x_wconf 89' lang='lat' dir='ltr'>quid</span> <span class='ocrx_word' id='word_1_797' title='bbox 1167 5617 1527 5675; x_wconf 88' lang='lat' dir='ltr'>mutandum</span> <span class='ocrx_word' id='word_1_798' title='bbox 1554 5624 1729 5688; x_wconf 89' lang='lat' dir='ltr'>esset,</span> <span class='ocrx_word' id='word_1_799' title='bbox 1762 5620 2013 5677; x_wconf 87' lang='lat' dir='ltr'>libenter</span> <span class='ocrx_word' id='word_1_800' title='bbox 2033 5636 2137 5677; x_wconf 89' lang='lat' dir='ltr'>eos</span> 
     </span>
    </p>
   </div>
   <div class='ocr_carea' id='block_1_113' title="bbox 2244 4488 2738 4553">
    <p class='ocr_par' dir='ltr' id='par_1_113' title="bbox 2244 4488 2738 4553">
     <span class='ocr_line' id='line_1_114' title="bbox 2244 4488 2738 4553; baseline 0 -16"><span class='ocrx_word' id='word_1_801' title='bbox 2244 4499 2464 4538; x_wconf 91' lang='lat' dir='ltr'>nomen</span> <span class='ocrx_word' id='word_1_802' title='bbox 2509 4488 2738 4553; x_wconf 72' lang='lat' dir='ltr'>gerunt.</span> 
     </span>
    </p>
   </div>
   <div class='ocr_carea' id='block_1_114' title="bbox 2318 4549 3855 4624">
    <p class='ocr_par' dir='ltr' id='par_1_114' title="bbox 2318 4549 3855 4624">
     <span class='ocr_line' id='line_1_115' title="bbox 2318 4549 3855 4624; baseline -0.003 -17"><span class='ocrx_word' id='word_1_803' title='bbox 2318 4554 2393 4624; x_wconf 74' lang='grc'>(8)</span> <span class='ocrx_word' id='word_1_804' title='bbox 2424 4559 2493 4607; x_wconf 85' lang='grc' dir='ltr'>Τὸ</span> <span class='ocrx_word' id='word_1_805' title='bbox 2513 4549 2813 4611; x_wconf 70' lang='grc' dir='ltr'><strong>Ἇουπάδην</strong></span> <span class='ocrx_word' id='word_1_806' title='bbox 2866 4557 3030 4608; x_wconf 84' lang='lat' dir='ltr'>Forte</span> <span class='ocrx_word' id='word_1_807' title='bbox 3082 4549 3658 4624; x_wconf 13' lang='lat' dir='ltr'>rbngunaEciwLpro</span> <span class='ocrx_word' id='word_1_808' title='bbox 3716 4560 3855 4605; x_wconf 86' lang='grc' dir='ltr'><strong>Λου-</strong></span> 
     </span>
    </p>
   </div>
   <div class='ocr_carea' id='block_1_115' title="bbox 2245 4620 3859 4696">
    <p class='ocr_par' dir='ltr' id='par_1_115' title="bbox 2245 4620 3859 4696">
     <span class='ocr_line' id='line_1_116' title="bbox 2245 4620 3859 4696; baseline 0.001 -19"><span class='ocrx_word' id='word_1_809' title='bbox 2245 4620 2457 4680; x_wconf 76' lang='grc' dir='ltr'><strong>πάὸίον.</strong></span> <span class='ocrx_word' id='word_1_810' title='bbox 2484 4625 2631 4681; x_wconf 81' lang='lat' dir='ltr'>Urbs</span> <span class='ocrx_word' id='word_1_811' title='bbox 2650 4631 2810 4689; x_wconf 90' lang='lat' dir='ltr'>nota,</span> <span class='ocrx_word' id='word_1_812' title='bbox 2839 4641 2976 4696; x_wconf 62' lang='lat' dir='ltr'>qua:</span> <span class='ocrx_word' id='word_1_813' title='bbox 3000 4620 3672 4696; x_wconf 49' lang='lat' dir='ltr'>AonudiovLLOpadiﬁm,</span> <span class='ocrx_word' id='word_1_814' title='bbox 3711 4626 3859 4696; x_wconf 13' lang='lat' dir='ltr'>L780-</span> 
     </span>
    </p>
   </div>
   <div class='ocr_carea' id='block_1_116' title="bbox 2292 4694 3860 4769">
    <p class='ocr_par' dir='ltr' id='par_1_116' title="bbox 2292 4694 3860 4769">
     <span class='ocr_line' id='line_1_117' title="bbox 2292 4694 3860 4769; baseline 0 -18"><span class='ocrx_word' id='word_1_815' title='bbox 2292 4696 2521 4769; x_wconf 80' lang='lat' dir='ltr'>adium,</span> <span class='ocrx_word' id='word_1_816' title='bbox 2538 4694 2890 4769; x_wconf 16' lang='lat' dir='ltr'>Lupadiumﬁ,</span> <span class='ocrx_word' id='word_1_817' title='bbox 2909 4696 3277 4768; x_wconf 87' lang='lat' dir='ltr'>Lupardum,</span> <span class='ocrx_word' id='word_1_818' title='bbox 3294 4694 3510 4766; x_wconf 85' lang='lat' dir='ltr'>Lupar,</span> <span class='ocrx_word' id='word_1_819' title='bbox 3526 4695 3784 4767; x_wconf 88' lang='lat' dir='ltr'>Lupadi,</span> <span class='ocrx_word' id='word_1_820' title='bbox 3802 4700 3860 4751; x_wconf 88' lang='lat' dir='ltr'>et</span> 
     </span>
    </p>
   </div>
   <div class='ocr_carea' id='block_1_117' title="bbox 2297 4767 2991 4840">
    <p class='ocr_par' dir='ltr' id='par_1_117' title="bbox 2297 4767 2991 4840">
     <span class='ocr_line' id='line_1_118' title="bbox 2297 4767 2991 4840; baseline 0 -19"><span class='ocrx_word' id='word_1_821' title='bbox 2297 4767 2465 4822; x_wconf 85' lang='lat' dir='ltr'>luhat</span> <span class='ocrx_word' id='word_1_822' title='bbox 2491 4767 2651 4823; x_wconf 78' lang='lat' dir='ltr'>dicta</span> <span class='ocrx_word' id='word_1_823' title='bbox 2684 4767 2991 4840; x_wconf 82' lang='lat' dir='ltr'>reperitur.</span> 
     </span>
    </p>
   </div>
   <div class='ocr_carea' id='block_1_118' title="bbox 2321 4835 3859 4911">
    <p class='ocr_par' dir='ltr' id='par_1_118' title="bbox 2321 4835 3859 4911">
     <span class='ocr_line' id='line_1_119' title="bbox 2321 4835 3859 4911; baseline -0.005 -17"><span class='ocrx_word' id='word_1_824' title='bbox 2321 4841 2397 4907; x_wconf 84' lang='grc'>(9)</span> <span class='ocrx_word' id='word_1_825' title='bbox 2424 4835 2928 4911; x_wconf 73' lang='grc' dir='ltr'>Ἀπὼμοτον.Ὀυὶ(1</span> <span class='ocrx_word' id='word_1_826' title='bbox 2979 4838 3053 4911; x_wconf 65' lang='lat' dir='ltr'>sit</span> <span class='ocrx_word' id='word_1_827' title='bbox 3102 4835 3395 4911; x_wconf 77' lang='grc' dir='ltr'><strong>ἀπώμοτος,</strong></span> <span class='ocrx_word' id='word_1_828' title='bbox 3451 4835 3859 4911; x_wconf 42' lang='grc' dir='ltr'>(Ῑιιὶά-ἁνώμοτ</span> 
     </span>
    </p>
   </div>
   <div class='ocr_carea' id='block_1_119' title="bbox 2248 4907 3861 4981">
    <p class='ocr_par' dir='ltr' id='par_1_119' title="bbox 2248 4907 3861 4981">
     <span class='ocr_line' id='line_1_120' title="bbox 2248 4907 3861 4981; baseline 0.001 -20"><span class='ocrx_word' id='word_1_829' title='bbox 2248 4928 2327 4981; x_wconf 84' lang='grc' dir='ltr'>τος</span> <span class='ocrx_word' id='word_1_830' title='bbox 2355 4915 2412 4965; x_wconf 91' lang='lat' dir='ltr'>et</span> <span class='ocrx_word' id='word_1_831' title='bbox 2440 4907 2711 4981; x_wconf 78' lang='grc' dir='ltr'>ἐνώμοτος,</span> <span class='ocrx_word' id='word_1_832' title='bbox 2746 4909 2925 4965; x_wconf 87' lang='lat' dir='ltr'>etiam</span> <span class='ocrx_word' id='word_1_833' title='bbox 2978 4907 3489 4981; x_wconf 27' lang='lat' dir='ltr'>tirones&#39;sciuntt’</span> <span class='ocrx_word' id='word_1_834' title='bbox 3515 4907 3635 4981; x_wconf 81' lang='lat' dir='ltr'>Sed</span> <span class='ocrx_word' id='word_1_835' title='bbox 3674 4907 3861 4980; x_wconf 82' lang='lat' dir='ltr'>pauci</span> 
     </span>
    </p>
   </div>
   <div class='ocr_carea' id='block_1_120' title="bbox 2250 4978 3863 5036">
    <p class='ocr_par' dir='ltr' id='par_1_120' title="bbox 2250 4978 3863 5036">
     <span class='ocr_line' id='line_1_121' title="bbox 2250 4978 3863 5036; baseline -0.001 0"><span class='ocrx_word' id='word_1_836' title='bbox 2250 4980 2395 5036; x_wconf 89' lang='lat' dir='ltr'>forte</span> <span class='ocrx_word' id='word_1_837' title='bbox 2424 4978 2799 5036; x_wconf 81' lang='lat' dir='ltr'>extricabunt</span> <span class='ocrx_word' id='word_1_838' title='bbox 2820 4996 2881 5035; x_wconf 90' lang='lat' dir='ltr'>se</span> <span class='ocrx_word' id='word_1_839' title='bbox 2913 4996 2984 5035; x_wconf 83' lang='lat' dir='ltr'>ex</span> <span class='ocrx_word' id='word_1_840' title='bbox 3006 4980 3134 5034; x_wconf 89' lang='lat' dir='ltr'>istis</span> <span class='ocrx_word' id='word_1_841' title='bbox 3156 4979 3412 5034; x_wconf 86' lang='lat' dir='ltr'>Philonis</span> <span class='ocrx_word' id='word_1_842' title='bbox 3431 4978 3584 5034; x_wconf 92' lang='lat' dir='ltr'>libro</span> <span class='ocrx_word' id='word_1_843' title='bbox 3608 4978 3695 5034; x_wconf 77' lang='lat' dir='ltr'>De</span> <span class='ocrx_word' id='word_1_844' title='bbox 3710 4994 3863 5034; x_wconf 84' lang='lat' dir='ltr'>som-</span> 
     </span>
    </p>
   </div>
   <div class='ocr_carea' id='block_1_121' title="bbox 2250 5047 3857 5124">
    <p class='ocr_par' dir='ltr' id='par_1_121' title="bbox 2250 5047 3857 5124">
     <span class='ocr_line' id='line_1_122' title="bbox 2250 5047 3857 5124; baseline -0.004 -17"><span class='ocrx_word' id='word_1_845' title='bbox 2250 5054 2382 5122; x_wconf 86' lang='lat' dir='ltr'>niis,</span> <span class='ocrx_word' id='word_1_846' title='bbox 2412 5053 2634 5124; x_wconf 46' lang='lat'>13.1149</span> <span class='ocrx_word' id='word_1_847' title='bbox 2669 5069 2681 5107; x_wconf 75' lang='grc' dir='ltr'>ε</span> <span class='ocrx_word' id='word_1_848' title='bbox 2713 5052 2891 5112; x_wconf 73' lang='grc' dir='ltr'><strong>Οὕτως</strong></span> <span class='ocrx_word' id='word_1_849' title='bbox 2916 5054 2945 5108; x_wconf 76' lang='grc' dir='ltr'>ἡ</span> <span class='ocrx_word' id='word_1_850' title='bbox 2978 5047 3261 5121; x_wconf 71' lang='grc' dir='ltr'><strong>δυστυχὴς</strong></span> <span class='ocrx_word' id='word_1_851' title='bbox 3294 5050 3492 5124; x_wconf 65' lang='grc' dir='ltr'>(ψυχὴ)</span> <span class='ocrx_word' id='word_1_852' title='bbox 3532 5047 3857 5120; x_wconf 66' lang='grc' dir='ltr'>ἐξηνεμώθῃ,</span> 
     </span>
    </p>
   </div>
   <div class='ocr_carea' id='block_1_122' title="bbox 2250 5119 3863 5195">
    <p class='ocr_par' dir='ltr' id='par_1_122' title="bbox 2250 5119 3863 5195">
     <span class='ocr_line' id='line_1_123' title="bbox 2250 5119 3863 5195; baseline -0.001 -22"><span class='ocrx_word' id='word_1_853' title='bbox 2250 5125 2317 5184; x_wconf 82' lang='grc' dir='ltr'><strong>ὡς</strong></span> <span class='ocrx_word' id='word_1_854' title='bbox 2343 5119 2432 5174; x_wconf 82' lang='lat' dir='ltr'>xui</span> <span class='ocrx_word' id='word_1_855' title='bbox 2472 5122 2703 5195; x_wconf 80' lang='grc' dir='ltr'>ἐνὸμοτον</span> <span class='ocrx_word' id='word_1_856' title='bbox 2733 5126 2983 5195; x_wconf 58' lang='grc' dir='ltr'>’γενέσθαιᾷ</span> <span class='ocrx_word' id='word_1_857' title='bbox 3011 5127 3128 5195; x_wconf 83' lang='grc' dir='ltr'>περί</span> <span class='ocrx_word' id='word_1_858' title='bbox 3153 5119 3160 5121; x_wconf 39' lang='grc'><strong>-</strong></span> <span class='ocrx_word' id='word_1_859' title='bbox 3181 5119 3279 5172; x_wconf 77' lang='grc' dir='ltr'>τοῦ</span> <span class='ocrx_word' id='word_1_860' title='bbox 3327 5119 3572 5193; x_wconf 74' lang='grc' dir='ltr'><strong>βεϐαίως</strong></span> <span class='ocrx_word' id='word_1_861' title='bbox 3615 5119 3708 5173; x_wconf 84' lang='grc' dir='ltr'><strong>καὶ</strong></span> <span class='ocrx_word' id='word_1_862' title='bbox 3763 5141 3863 5172; x_wconf 83' lang='grc' dir='ltr'><strong>πα-</strong></span> 
     </span>
    </p>
   </div>
   <div class='ocr_carea' id='block_1_123' title="bbox 2248 5190 3863 5276">
    <p class='ocr_par' dir='ltr' id='par_1_123' title="bbox 2248 5190 3863 5276">
     <span class='ocr_line' id='line_1_124' title="bbox 2248 5190 3863 5276; baseline 0.001 -32"><span class='ocrx_word' id='word_1_863' title='bbox 2248 5199 2376 5275; x_wconf 67' lang='grc' dir='ltr'><strong>γίως</strong></span> <span class='ocrx_word' id='word_1_864' title='bbox 2406 5190 2780 5275; x_wconf 57' lang='grc' dir='ltr'>ταῦθ’ἐστάναι</span> <span class='ocrx_word' id='word_1_865' title='bbox 2818 5190 3055 5276; x_wconf 43' lang='lat' dir='ltr'>uin-addi;</span> <span class='ocrx_word' id='word_1_866' title='bbox 3075 5190 3356 5276; x_wconf 60' lang='grc' dir='ltr'>ὐπέλαςενί</span> <span class='ocrx_word' id='word_1_867' title='bbox 3386 5191 3676 5276; x_wconf 63' lang='lat' dir='ltr'>Equidem</span> <span class='ocrx_word' id='word_1_868' title='bbox 3712 5207 3863 5272; x_wconf 69' lang='lat' dir='ltr'>ergo</span> 
     </span>
    </p>
   </div>
   <div class='ocr_carea' id='block_1_124' title="bbox 2252 5263 3861 5332">
    <p class='ocr_par' dir='ltr' id='par_1_124' title="bbox 2252 5263 3861 5332">
     <span class='ocr_line' id='line_1_125' title="bbox 2252 5263 3861 5332; baseline -0.002 -13"><span class='ocrx_word' id='word_1_869' title='bbox 2252 5263 2335 5320; x_wconf 73' lang='lat' dir='ltr'>Sic</span> <span class='ocrx_word' id='word_1_870' title='bbox 2353 5266 2691 5327; x_wconf 82' lang='lat' dir='ltr'>existimo,a</span> <span class='ocrx_word' id='word_1_871' title='bbox 2715 5266 2839 5320; x_wconf 86' lang='lat' dir='ltr'>viro</span> <span class='ocrx_word' id='word_1_872' title='bbox 2862 5263 3318 5332; x_wconf 87' lang='lat' dir='ltr'>incomparabili</span> <span class='ocrx_word' id='word_1_873' title='bbox 3335 5263 3621 5332; x_wconf 87' lang='lat' dir='ltr'>scrlptum</span> <span class='ocrx_word' id='word_1_874' title='bbox 3648 5263 3861 5328; x_wconf 82' lang='lat' dir='ltr'>fuisse,</span> 
     </span>
    </p>
   </div>
   <div class='ocr_carea' id='block_1_125' title="bbox 2250 5280 3861 5408">
    <p class='ocr_par' dir='ltr' id='par_1_125' title="bbox 2250 5280 3861 5408">
     <span class='ocr_line' id='line_1_126' title="bbox 2252 5280 3861 5332; baseline -0.002 -13"><span class='ocrx_word' id='word_1_875' title='bbox 2252 5282 2335 5320; x_wconf 76' lang='lat' dir='ltr'>SIC</span> <span class='ocrx_word' id='word_1_876' title='bbox 2353 5280 2691 5327; x_wconf 80' lang='lat' dir='ltr'>eXlSIlmO,a</span> <span class='ocrx_word' id='word_1_877' title='bbox 2715 5282 2839 5320; x_wconf 69' lang='lat' dir='ltr'>Vlro</span> <span class='ocrx_word' id='word_1_878' title='bbox 2862 5281 3058 5320; x_wconf 76' lang='grc' dir='ltr'>ῘΠΟΟΙΠ</span> <span class='ocrx_word' id='word_1_879' title='bbox 3109 5280 3318 5319; x_wconf 69' lang='lat' dir='ltr'>aranlll</span> <span class='ocrx_word' id='word_1_880' title='bbox 3335 5280 3621 5332; x_wconf 73' lang='lat' dir='ltr'>scriptum</span> <span class='ocrx_word' id='word_1_881' title='bbox 3648 5280 3861 5328; x_wconf 63' lang='lat' dir='ltr'>“lisse,</span> 
     </span>
     <span class='ocr_line' id='line_1_127' title="bbox 2250 5280 3861 5408; baseline 0 -20"><span class='ocrx_word' id='word_1_882' title='bbox 2250 5336 2523 5408; x_wconf 77' lang='grc' dir='ltr'>ἐνώμοτον,</span> <span class='ocrx_word' id='word_1_883' title='bbox 2548 5342 2602 5391; x_wconf 85' lang='lat' dir='ltr'>et</span> <span class='ocrx_word' id='word_1_884' title='bbox 2632 5340 2667 5388; x_wconf 79' lang='grc' dir='ltr'><strong>οἱ</strong></span> <span class='ocrx_word' id='word_1_885' title='bbox 2695 5333 2926 5407; x_wconf 75' lang='grc' dir='ltr'>χευὸὠς,</span> <span class='ocrx_word' id='word_1_886' title='bbox 2958 5338 3035 5390; x_wconf 82' lang='lat' dir='ltr'>ad</span> <span class='ocrx_word' id='word_1_887' title='bbox 3062 5280 3220 5389; x_wconf 57' lang='lat' dir='ltr'>guno</span> <span class='ocrx_word' id='word_1_888' title='bbox 3249 5349 3495 5408; x_wconf 79' lang='lat' dir='ltr'>sensum</span> <span class='ocrx_word' id='word_1_889' title='bbox 3529 5352 3542 5399; x_wconf 84' lang='grc'>;</span> <span class='ocrx_word' id='word_1_890' title='bbox 3571 5335 3675 5390; x_wconf 87' lang='lat' dir='ltr'>Sic</span> <span class='ocrx_word' id='word_1_891' title='bbox 3698 5335 3861 5408; x_wconf 57' lang='lat' dir='ltr'>tan-</span> 
     </span>
    </p>
   </div>
   <div class='ocr_carea' id='block_1_126' title="bbox 2252 5406 3863 5473">
    <p class='ocr_par' dir='ltr' id='par_1_126' title="bbox 2252 5406 3863 5473">
     <span class='ocr_line' id='line_1_128' title="bbox 2252 5406 3863 5473; baseline -0.001 -10"><span class='ocrx_word' id='word_1_892' title='bbox 2252 5406 2563 5464; x_wconf 51' lang='lat' dir='ltr'>liar&#39;anima</span> <span class='ocrx_word' id='word_1_893' title='bbox 2588 5406 2911 5464; x_wconf 78' lang='lat' dir='ltr'>eventilata</span> <span class='ocrx_word' id='word_1_894' title='bbox 2937 5414 3040 5468; x_wconf 88' lang='lat' dir='ltr'>est.</span> <span class='ocrx_word' id='word_1_895' title='bbox 3065 5407 3323 5462; x_wconf 78' lang='lat' dir='ltr'>utetiam</span> <span class='ocrx_word' id='word_1_896' title='bbox 3326 5406 3744 5473; x_wconf 83' lang='lat' dir='ltr'>jurejurando</span> <span class='ocrx_word' id='word_1_897' title='bbox 3767 5406 3863 5461; x_wconf 75' lang='grc' dir='ltr'>οὺ-</span> 
     </span>
    </p>
   </div>
   <div class='ocr_carea' id='block_1_127' title="bbox 2249 5476 3859 5549">
    <p class='ocr_par' dir='ltr' id='par_1_127' title="bbox 2249 5476 3859 5549">
     <span class='ocr_line' id='line_1_129' title="bbox 2249 5476 3859 5549; baseline -0.002 -16"><span class='ocrx_word' id='word_1_898' title='bbox 2249 5482 2565 5535; x_wconf 70' lang='lat' dir='ltr'>strinxerit</span> <span class='ocrx_word' id='word_1_899' title='bbox 2586 5479 2829 5549; x_wconf 87' lang='lat' dir='ltr'>se,quod</span> <span class='ocrx_word' id='word_1_900' title='bbox 2846 5480 3156 5547; x_wconf 81' lang='lat' dir='ltr'>firmiteret</span> <span class='ocrx_word' id='word_1_901' title='bbox 3173 5478 3358 5533; x_wconf 85' lang='lat' dir='ltr'>solide</span> <span class='ocrx_word' id='word_1_902' title='bbox 3371 5476 3482 5532; x_wconf 87' lang='lat' dir='ltr'>illa</span> <span class='ocrx_word' id='word_1_903' title='bbox 3503 5479 3859 5543; x_wconf 84' lang='lat' dir='ltr'>consistant,</span> 
     </span>
    </p>
   </div>
   <div class='ocr_carea' id='block_1_128' title="bbox 2248 5552 2961 5623">
    <p class='ocr_par' dir='ltr' id='par_1_128' title="bbox 2248 5552 2961 5623">
     <span class='ocr_line' id='line_1_130' title="bbox 2248 5552 2961 5623; baseline -0.003 -17"><span class='ocrx_word' id='word_1_904' title='bbox 2248 5566 2379 5623; x_wconf 69' lang='lat' dir='ltr'>quae</span> <span class='ocrx_word' id='word_1_905' title='bbox 2396 5552 2558 5620; x_wconf 87' lang='lat' dir='ltr'>falso</span> <span class='ocrx_word' id='word_1_906' title='bbox 2575 5552 2961 5606; x_wconf 68' lang='lat' dir='ltr'>existimavit.</span> 
     </span>
    </p>
   </div>
  </div>
