2042 3103
125 150 177 177 953

835 148 878 176 TE
882 148 1097 179 STAMENTUM.

1753 158 1805 186 954

123 221 170 241 κος
191 213 236 238 καὶ
263 210 346 248 ὅρκων
377 211 390 236 ὁ
414 208 623 247 φρικωδέστατος
647 212 692 238 καὶ
726 210 921 248 φοϐερώτατος⁸

978 213 1108 241 Joannes
1124 213 1155 242 in
1170 213 1313 242 omnibus
1345 215 1520 251 primatum,
1542 216 1573 245 in
1601 217 1804 254 coronatione,

121 256 196 291 ἔχειν
220 256 263 281 τὸν
293 254 471 284 Καλοῑωάννην
510 256 553 281 τὸν
589 254 700 291 βασιλέα
724 255 757 286 εἰς
780 257 865 282 πάντα
892 258 925 283 τὰ

122 303 248 338 πρωτεῖα,
291 301 336 326 καὶ
377 299 411 329 εἰς
438 301 484 329 τὴν
509 299 610 336 στέψιν,
634 302 679 326 καὶ
703 300 739 330 εἰς
766 302 813 330 τὴν
843 300 923 337 εὗφὴ-

123 354 177 381 [uno
206 344 273 380 (10),
294 346 340 371 καὶ
373 344 406 375 εἰς
431 346 478 373 τήν
509 347 676 382 προπομπὴν,
705 347 750 371 καὶ
773 345 810 376 εἰς
837 349 923 372 πᾶσαν

122 388 203 418 ἄλλην
218 391 296 425 τιμήν
313 399 319 406 ·
333 390 377 415 τόν
396 387 426 415 δὴ
447 388 621 424 Παλαιολόγον
644 390 677 415 τὰ
693 387 825 427 δευτερεῖα
846 401 852 407 ·
879 393 924 418 καὶ

123 435 196 469 ἔχειν
222 434 317 464 αὐτοὺς
344 435 406 464 τοὺς
431 432 563 471 ἁρχιιρεῖς
591 433 690 470 ὶνοχιῑν
718 437 762 461 καὶ
789 439 924 473 συντηρεῖν

122 480 169 504 καὶ
205 477 346 514 φυλάσσειν
369 479 412 504 τόν
449 478 607 515 κληρονόμον
645 482 693 509 τῆς
714 477 861 515 βασιλείας,
879 482 924 506 καὶ

122 524 190 559 μετὰ
226 523 333 549 θάνατον
368 526 415 549 τοῦ
441 522 619 559 Ποίλαιολόγου
654 522 811 561 ἄγχειρίζιιν
840 525 924 560 τούτῳ

122 570 168 593 καὶ
181 569 229 597 τὴν
241 567 321 594 αὐτοῦ
334 566 478 604 βασιλιίαν.

157 611 194 639 Ζ’.
210 612 254 644 Ὠς
265 610 294 639 δὲ
308 616 355 643 τῆς
371 611 509 648 βασιλείας
533 611 621 646 ἐπέϐη,
650 615 696 639 καὶ
725 613 841 644 πλείονας
868 612 924 640 ἂνοο

122 659 203 693 μαίας
226 661 276 683 τῶν
300 658 429 693 προτέρων
458 654 528 683 εἶδον
550 660 640 683 τοῦτον
668 657 850 695 ἂργαζόμενον,
879 660 925 684 καὶ

122 703 161 729 ἔτι
189 701 353 739 ἐργάσασθαι
386 701 416 728 ἔκ
440 705 490 727 τῶν
505 703 661 738 φαινομένων
676 703 835 740 πραγμάτων
856 704 925 729 61m-

121 748 239 779 πτεύιτο,
273 745 459 782 ἀγανακτήσας
493 747 668 783 ὑπεχώρησα.
717 750 767 774 Καὶ
796 749 838 774 τὸν
871 748 923 774 ἀπὸ

121 790 232 827 Ἐφέσου
257 790 349 817 ἐκεῖνον
373 790 409 822 εἰς
436 793 479 817 τὸν
500 793 694 829 πατριαρχικὸν
721 791 797 823 ἀνῆξε
823 793 922 829 θρόνονι

120 835 164 866 Ὠς
177 834 207 862 δί
221 836 236 864 ἠ
252 839 298 862 τοῦ
327 836 438 861 θανάτου
459 834 574 872 δριπάνη
605 840 697 863 τοῦτον
720 836 856 873 ὶξεθέρισε,
877 839 923 863 καὶ

121 882 185 916 πρὸς
209 882 238 906 τὸ
264 879 358 906 ἕκεῖθεν
387 882 522 918 κριτήριον
559 881 724 918 παρέπεμρεν
757 881 922 917 ἁπολογησό-
941 889 961 916 Β

121 934 197 961 μενον
224 927 284 961 περὶ
317 928 367 951 τῶν
390 927 534 961 πρακτέων,
564 925 641 952 πάλιν
664 926 708 962 ἐμὲ
739 925 920 954 ἀνεκαλέσατο,

119 969 165 1000 Ὠς
193 967 223 995 δὲ
246 972 293 995 τοῦ
338 969 433 996 οἰκείου
462 969 555 999 ἐπέϐην
585 971 685 1006 θρόνου,
717 972 780 997 ποία
804 973 920 1008 ’γραφικὴ

121 1013 248 1049 ἄξὴνησις
260 1016 427 1051 παραστήσει
445 1015 493 1045 τὰς
518 1013 545 1046 ἔξ
565 1014 645 1041 αὐτοῦ
668 1024 714 1051 μοι
736 1016 922 1051 συμπεσούσας

122 1056 183 1094 βιας
197 1067 204 1092 ;
220 1058 305 1085 Θιλων
326 1060 377 1096 γὰρ
394 1059 436 1085 ἳνα
456 1060 500 1085 τὸν
515 1059 695 1088 Καλοῐωάννην
715 1059 826 1096 βασιλέα
849 1058 909 1086 ἰδιω

120 1104 195 1138 τίσῃ,
234 1106 278 1129 καὶ
308 1106 374 1139 μήτε
395 1103 509 1140 εὐφήμην
531 1105 611 1140 ἔχειν,
650 1106 716 1140 μήτε
744 1106 919 1141 μνημόσυνον,

120 1149 187 1183 μήτε
212 1146 348 1183 βασιλείας
376 1157 402 1174 τι
431 1151 548 1184 σημεῖον,
581 1150 641 1179 τοὺς
674 1150 768 1179 κακοὺς
799 1151 920 1185 ποιμένας

120 1201 166 1217 και
189 1194 249 1222 τοὺς
267 1196 312 1222 τῆς
327 1192 481 1223 Ἐκκλησίας
504 1193 617 1229 ἐχθροὺς
643 1193 737 1229 μᾶλλον
758 1194 774 1223 ἦ
804 1194 920 1231 προστά-

120 1246 166 1267 τας
182 1239 322 1273 συνιργούς
335 1237 368 1268 ιίς
382 1241 458 1264 τοῦτο
475 1237 612 1275 ἕχρὴσατο
642 1248 649 1255 ·
678 1238 771 1270 ἤλπιζε
800 1237 830 1265 δὲ
854 1238 921 1275 κάμέ

120 1280 191 1311 ἐντὸς
211 1285 261 1307 τῶν
276 1282 375 1308 οἰκείων
399 1282 478 1309 αὐτοῦ
503 1282 604 1319 ἀρκύων
628 1282 699 1316 ἄξαι,
720 1282 767 1309 διὰ
785 1285 815 1310 τὸ
833 1292 920 1321 προσ-

121 1325 322 1362 ταλαιπωρῆσαι
334 1336 366 1363 με
378 1331 409 1363 τῇ
433 1326 529 1365 ὶξορίᾳ.
558 1327 600 1358 Ὡς
622 1326 652 1354 δὴ
679 1329 694 1357 ἠ
722 1332 768 1354 τοῦ
796 1330 860 1355 eam}
881 1328 920 1354 εὐ-

121 1369 276 1406 πλαγχνίᾶ
300 1375 350 1397 τῶν
382 1371 463 1398 αὐτοῦ
501 1370 622 1407 παγίδων
649 1371 776 1410 ἓῤῥύσατό
802 1383 845 1410 μα,
876 1378 921 1403 καὶ

120 1412 183 1441 οὐδε
205 1414 253 1441 κᾶν
273 1416 317 1441 τόν
354 1418 432 1453 τόμον
460 1416 488 1442 ὃν
521 1418 597 1443 κακοὶ
622 1419 667 1443 καὶ
695 1419 785 1454 πικροὶ
805 1420 921 1455 ποιμένες

121 1459 247 1489 ἐποίησαν
263 1459 376 1487 ἀκοῦσαι
402 1461 529 1495 ἠθΐλησα,
557 1464 641 1492 πόσας
659 1465 789 1493 κακώσοις
804 1461 848 1499 ἰμξ
863 1462 921 1490 ἐκοί-

120 1514 198 1541 κωσε,
224 1507 270 1532 καὶ
299 1507 384 1537 πόσας
410 1515 442 1542 μι
468 1505 567 1542 θλίψεις
589 1506 700 1543 ἰθλιψεν,
727 1506 785 1533 οἶδε
810 1508 921 1534 ταῦταὸ

121 1548 344 1587 πωδιρκέστατος
372 1549 512 1587 ὀφθαλμός.
540 1552 605 1577 Ποτὶς
635 1551 757 1587 μὶνίλεγὲ
781 1561 837 1588 μοι,
866 1552 921 1578 Οὐκ

121 1593 233 1631 ἀπέλθῃς
263 1594 300 1625 εἰς
323 1596 370 1624 τὴν
397 1597 520 1630 Νίκαιαν,
548 1595 603 1622 ἐπεὶ
628 1596 922 1628 Κωνσταντινουπόλιως

121 1638 268 1676 ἰχειροτονὴ
273 1640 319 1670 θης
346 1649 352 1656 ·

120 1683 192 1715 ἄξια.

156 1728 195 1758 Η’.
220 1728 265 1760 Ὠς
293 1727 324 1756 δί
348 1730 364 1758 ἡ
402 1729 673 1761 Κωνσταντινούπολις
703 1729 843 1767 ἕκρατὴθη,
875 1733 920 1757 καὶ

118 1775 185 1811 πρὸς
209 1773 290 1802 αὐτὴν
319 1773 505 1810 ὼηρχόμεθα,
533 1778 587 1804 πῶς
612 1774 672 1811 ὑμῖν
695 1777 861 1811 παραστήσω
877 1776 922 1805 τὰς

119 1819 188 1844 κατὰ
215 1820 245 1844 τὸ
271 1819 410 1855 Σκουτάριν
440 1819 497 1854 (Η)
532 1818 560 1849 ἐξ
587 1818 667 1845 αὐτοῦ
692 1818 852 1850 ἐπελθούσας
876 1829 921 1856 μοι

121 1862 237 1898 θλίψεις
258 1867 310 1893 πῶς
329 1865 375 1894 τὰς
390 1862 452 1899 βίας
466 1872 473 1897 ;
490 1862 591 1899 βιάζων
606 1873 638 1900 με
653 1863 783 1900 ὀνομάσαι
794 1865 922 1902 πατριάρ-

119 1917 174 1944 χην
189 1909 234 1933 τὸν
246 1907 314 1941 ,ιάπὸ
329 1908 440 1944 Ἐφέσου
468 1908 572 1941 ἀκιίνον,
602 1910 648 1934 καὶ
674 1910 734 1940 τοὺς
748 1909 809 1945 παρ’
842 1909 921 1935 αὐτοῦ

119 1954 334 1989 χειροτονηέντας
359 1951 493 1990 ἆρχειρεῖς
531 1955 576 1979 καὶ
609 1953 683 1990 ἱερεῖς
709 1955 755 1979 καὶ
784 1951 922 1985 διακόνους

121 1994 250 2027 δέξασθαι
264 2007 270 2013 ·
287 1996 309 2022 εἰ
328 1995 358 2023 δε
373 1999 408 2033 μή
424 2006 464 2032 γε,
477 1996 593 2023 κωλυτέα
615 2007 660 2033 μοι
675 1995 705 2026 ἦν
724 1998 739 2026 ἡ
760 2000 922 2024 Κωνσταντι-

119 2040 263 2073 νουπόλεως
282 2040 394 2071 εἴσοδος.
420 2040 464 2073 Ὠς
493 2039 522 2068 δὲ
550 2042 681 2071 πειθήνιον
709 2041 761 2078 οὐχ
776 2041 843 2078 ἐώρα
865 2051 896 2078 με
913 2052 920 2058 ·

121 2083 210 2116 οὐδεὶς
235 2086 285 2123 γὰρ
315 2089 365 2112 τῶν
398 2086 461 2122 παρ’
492 2085 589 2112 ἐκείνου
604 2087 835 2123 χειροτονηθέντων
862 2095 920 2112 συν»

385 1641 446 1666 ποτε
474 1638 503 1666 δᾶ
532 1639 597 1666 om“
628 1644 675 1671 τῆς
705 1641 786 1667 αὐτοῦ
812 1639 922 1672 διπλόης

121 2129 303 2166 ιλεπούργησί
340 2139 395 2166 μοι,
435 2129 488 2155 ἀλλ’
529 2129 719 2166 ἀποτροπαίους
754 2132 799 2156 καὶ
828 2127 922 2166 βδελυ-

120 2176 205 2207 κτοὺς,
222 2175 257 2205 ὡς
283 2176 328 2200 καὶ
358 2174 440 2210 θέμις,
465 2175 575 2205 τούτους
607 2173 678 2210 εἶχον
703 2185 709 2191 ·
739 2174 921 2210 ἀγανακτήσας

119 2220 296 2256 παρεχώρησε
323 2228 369 2255 μοι
393 2221 441 2248 τὴν
479 2216 594 2247 εἴσοδον.
618 2219 697 2245 Πάλιν
725 2217 754 2245 δι
781 2221 920 2256 σκαιωρίαι

119 2265 164 2289 καὶ
178 2262 255 2289 πάλιν
275 2263 378 2299 ἄπειροι
406 2264 535 2293 κακώσεις
553 2262 611 2288 κατ’
639 2262 702 2299 ἆμοῡ
734 2262 758 2289 ἐν
789 2267 820 2299 τῇ
847 2266 920 2290 Κων-

120 2306 333 2333 σταντινουπόλει
348 2306 408 2343 παρ’
422 2306 502 2333 αὐτοῦ
517 2305 643 2342 ἐγένοντο.

156 2351 195 2379 ϐ’.
212 2351 255 2382 Ὠς
270 2352 321 2387 γὰρ
335 2353 380 2377 τὸν
406 2351 486 2378 αὐτοῦ
526 2351 651 2380 αὐθέντην
678 2350 790 2388 βασιλέα
810 2350 921 2381 ἠθέλησε

120 2400 253 2433 φονεῦσαι,
287 2397 320 2426 ὡς
342 2399 378 2433 μή
408 2406 434 2422 τι
468 2395 575 2432 κώλυμα
605 2398 693 2432 φανείη
729 2395 757 2428 ἕξ
793 2395 866 2432 ἐμοῦ,
893 2398 920 2423 αἱ

121 2443 263 2477 σκαιωρίαι
283 2441 339 2468 κατ’
367 2441 430 2477 ἐμοῦ
464 2440 672 2470 σὺνεπλοὶκησαν.
701 2441 742 2471 Ὡς
772 2439 801 2468 δὲ
821 2442 921 2478 μάταια

936 2243 958 2270 D

156 2529 215 2573 (10]
243 2529 378 2573 Ῑξξύφὴμην.
418 2531 466 2573 ξεί
494 2530 607 2573 εὐφήμη,
624 2530 826 2573 ,εὐφημισμόςκ
844 2531 920 2573 εὑρη-

121 2567 169 2601 μία
184 2569 233 2602 τῶν
249 2564 390 2602 ὀνομὰτων,
407 2564 532 2602 ώφημίαξ
547 2564 576 2594 et
598 2564 682 2602 φήμη’,
700 2564 800 2602 Latine
815 2564 918 2595 lauda-

121 2601 173 2637 tio,
181 2603 210 2628 et
218 2601 331 2637 laudes,
339 2601 437 2629 fausta
442 2601 614 2629 acclamatio
624 2601 850 2637 imperatoribus
857 2602 920 2630 ﬁeri

121 2636 218 2678 solita.
252 2636 508 2678 υςιάθωιῦφημξξν,
530 2636 695 2678 ἐπευῗημεῗν,
727 2637 917 2678 ἐπευφῃμίζιιν,

121 2672 260 2704 laudare,
275 2672 414 2700 laudibus
421 2672 588 2708 iii/famam,
596 2672 678 2700 bene
685 2681 719 2700 ac
726 2672 846 2700 feliciter
852 2681 918 2708 pre-

120 2708 192 2744 cari,
204 2708 310 2735 faustis
321 2708 583 2736 acclamationibus
593 2708 745 2744 prosequi.
758 2708 919 2736 acclamare

120 2743 151 2784 in
166 2743 271 2784 laudes
282 2744 479 2784 imperatoris,
486 2743 639 2784 [αιηξίαὶ-ε.
651 2743 725 2784 Ιίιξιιι¹
735 2743 918 2784 ιύφηῌζσθαι,

121 2779 321 2820 ιιξφημηθῆναιζ
352 2779 619 2820 acclamationibus
649 2779 796 2820 salutari._
810 2779 919 2820 Dicitur

121 2814 212 2843 etiam
234 2816 263 2841 τό
279 2815 464 2851 πολυχρόνιον,
482 2816 515 2841 τὰ
537 2815 710 2851 πολυχρόνια,
721 2816 736 2845 ἡ
753 2814 918 2852 πολυχρόνη-

978 257 1162 292 laudatione,
1187 266 1343 295 processu,
1371 262 1401 288 et
1425 260 1457 288 in
1484 260 1568 289 omni
1597 261 1655 290 alio
1679 262 1805 298 honore,

978 301 1166 337 Palaeologus
1201 311 1271 331 vero
1303 304 1469 333 secundum
1505 305 1730 344 locum;utque
1748 307 1806 345 ipsi

979 346 1134 382 pontiﬁces
1149 347 1292 382 foverent,
1320 350 1482 385 tuerentur,
1508 354 1728 388 conservarent,
1758 361 1806 380 cu-

979 391 1124 419 stodirent
1137 392 1287 421 heredem
1308 393 1434 430 imperii,
1463 402 1519 423 nec
1543 403 1605 424 non
1635 398 1703 432 post
1725 405 1806 425 mor-

979 436 1039 484 tem
1052 435 1211 485 Palaeologi
1223 437 1375 467 traderent
1397 439 1424 467 ei
1449 439 1549 476 ipsum
1578 448 1700 477 quoque
1728 441 1805 470 illius

978 487 1148 516 imperium.

1015 615 1070 642 νη.
1097 616 1257 652 Postquam
1295 618 1396 645 autem
1436 617 1601 654 assumpsit
1636 617 1805 654 imperium,

980 659 1241 697 animadvertique
1247 659 1330 689 illum
1338 661 1426 697 plura
1435 661 1534 698 inique
1540 670 1633 699 quam
1640 666 1729 692 antea
1737 671 1806 700 ope-

978 704 1047 737 rari,
1064 706 1092 732 et
1106 704 1265 733 verisimile
1278 712 1314 733 ex
1329 705 1420 733 rebus
1436 705 1510 741 ipsis
1524 706 1587 734 ﬁeri
1607 707 1706 735 adhuc
1731 716 1805 744 ope-

977 750 1124 782 raturum,
1139 756 1201 785 prie
1221 749 1429 785 indignatione
1454 751 1574 779 recessi.
1600 752 1682 779 Tunc
1707 752 1806 788 Ephe-

979 793 1078 821 sinum
1099 793 1183 821 illum
1212 794 1252 822 ad
1275 795 1506 830 patriarchalem
1530 796 1624 824 evexit
1651 796 1804 824 thronum.

979 837 1073 870 Quem
1089 845 1158 865 cum
1178 838 1283 866 mortis
1311 838 1370 866 falx
1396 838 1619 873 demessuisset,
1655 842 1743 875 atque
1767 840 1806 868 ad

977 881 1108 909 tribunal
1120 881 1242 910 alterius
1258 881 1325 910 vitae
1353 883 1577 919 transmisisset,
1608 883 1754 912 rationem
1768 884 1806 912 de

977 925 1329 961 operibusredditurum,
1355 926 1462 955 iterum
1481 928 1633 956 revocavit
1656 936 1714 956 me.
1752 928 1807 956 Ubi

975 977 1046 998 vero
1062 970 1217 1006 proprium
1230 971 1372 999 thronum
1389 972 1560 1006 conscendi,
1576 980 1716 1009 quasnam
1733 973 1806 1001 scri-

976 1017 1028 1050 pta
1044 1015 1176 1042 narratio
1197 1014 1349 1043 exhibebit
1368 1015 1399 1043 in
1420 1024 1497 1052 quas
1516 1024 1570 1053 per
1582 1024 1651 1044 eum
1676 1017 1805 1045 incurre-

974 1058 1031 1086 rim
1047 1058 1236 1087 difficultates
1250 1059 1264 1088 ‘I
1280 1060 1387 1087 Volens
1402 1060 1482 1088 enim
1497 1061 1709 1097 imperatorem
1724 1061 1803 1089 Calo-

974 1103 1121 1131 Joannem
1135 1103 1174 1131 ad
1188 1103 1338 1139 privatum
1358 1106 1468 1132 statum
1483 1105 1629 1141 redigere,
1645 1107 1673 1133 et
1688 1105 1804 1141 privare

974 1147 1155 1181 laudatione,
1176 1150 1383 1182 monumento,
1404 1149 1547 1186 omnique
1566 1149 1683 1186 imperii
1702 1151 1774 1178 nota
1796 1158 1804 1183 ;

974 1192 1062 1221 malis
1074 1192 1245 1229 pastoribus
1260 1195 1289 1221 et
1300 1193 1435 1222 Ecclesiae
1447 1194 1587 1222 hostibus
1599 1194 1695 1229 magis
1709 1202 1804 1230 quam

975 1237 1153 1274 prmsuﬁbus
1176 1239 1205 1266 et
1233 1238 1366 1274 patronis
1391 1238 1422 1266 in
1445 1238 1503 1266 hoc
1527 1238 1716 1274 adjutoribus
1730 1246 1804 1266 usus

975 1284 1019 1310 est
1037 1290 1043 1309 :
1065 1282 1206 1318 sperabat
1221 1284 1321 1310 autem
1342 1282 1431 1311 etiam
1448 1291 1496 1311 me
1515 1283 1594 1311 intra
1613 1290 1684 1311 suos
1703 1291 1803 1311 casses

975 1327 1125 1360 inducere,
1141 1327 1225 1363 quod
1237 1327 1267 1355 in
1289 1326 1392 1355 exsilio
1408 1327 1517 1355 multas
1531 1335 1681 1356 aerumnas
1704 1329 1805 1364 pertu-

974 1371 1085 1400 lissem.
1105 1376 1180 1400 Lum
1201 1379 1270 1399 vero
1290 1372 1340 1400 Dei
1359 1371 1563 1401 misericordia
1582 1380 1630 1400 me
1650 1380 1668 1400 a
1686 1372 1802 1410 laqueis

976 1417 1040 1452 ejus
1068 1415 1214 1452 liberavit,
1243 1419 1271 1445 et
1287 1424 1385 1454 neque
1414 1416 1461 1444 vel
1485 1420 1600 1445 tomum
1619 1424 1710 1453 quem
1721 1417 1805 1454 pravi

976 1461 1107 1497 sasvique
1126 1463 1261 1497 pastores
1286 1461 1477 1489 confecerant
1495 1461 1599 1489 audire
1613 1460 1704 1494 volui,
1731 1464 1805 1497 quot

976 1505 1062 1533 malis
1078 1513 1126 1533 me
1141 1505 1297 1539 vexaverit,
1318 1505 1438 1541 quantis
1454 1504 1675 1533 calamitatibus
1688 1505 1803 1534 afﬂixe-

975 1550 1024 1583 rit,
1040 1550 1124 1578 novit
1137 1550 1189 1586 qui
1205 1549 1308 1577 omnia
1332 1551 1489 1578 contuetur
1504 1548 1618 1577 oculus.
1634 1548 1803 1585 Aliquando

975 1594 1098 1630 quidem
1126 1594 1226 1622 aiebat
1248 1593 1321 1622 mihi
1348 1596 1355 1621 ξ
1387 1595 1452 1622 Non
1477 1593 1570 1622 abeas
1604 1593 1732 1622 Nicaeam
1752 1594 1803 1630 qui

976 1638 1274 1675 Constantinopoleos
1295 1638 1453 1666 ordinatus
1477 1646 1509 1666 es
1525 1648 1532 1673 ;
1549 1638 1713 1675 aliquando
1733 1646 1803 1667 vero

976 1683 1044 1717 alia,
1061 1683 1154 1718 digna
1166 1683 1259 1720 ipsius
1269 1683 1409 1712 versutia.

1011 1727 1071 1755 VII.
1091 1729 1235 1756 Caeterum
1257 1730 1433 1764 recuperata
1453 1727 1721 1764 Constantinopoli,
1747 1735 1802 1756 no-

974 1772 1083 1808 bisque
1109 1780 1143 1800 eo
1170 1771 1318 1808 profectis,
1347 1772 1502 1808 quomodo
1528 1772 1615 1801 vobis
1641 1780 1803 1809 repraesen-

974 1817 1047 1845 tabo
1073 1816 1226 1852 angustias
1248 1824 1316 1853 quae
1341 1816 1413 1845 mihi
1440 1825 1477 1845 ex
1502 1825 1538 1846 eo
1567 1817 1607 1846 ad
1635 1817 1802 1845 Scutarium

976 1861 1239 1897 supervenerunt?
1252 1862 1407 1898 quomodo
1421 1862 1483 1890 vim
1496 1862 1510 1890 ‘I
1527 1862 1655 1897 Urgebat
1666 1864 1700 1890 ut
1710 1862 1802 1898 Ephe-

975 1906 1074 1933 sinum
1093 1905 1177 1934 illum
1199 1906 1387 1935 nominarem
1402 1907 1614 1943 patriarcham,
1630 1909 1721 1943 atque
1737 1914 1802 1934 sus-

974 1950 1104 1987 ciperem
1128 1950 1283 1979 ordinatos
1306 1951 1346 1979 ab
1367 1958 1402 1979 eo
1427 1951 1591 1987 pontiﬁces,
1619 1951 1801 1985 sacerdotes,

974 1995 1118 2024 diaconos
1135 2004 1142 2029 ;
1159 1996 1204 2023 sin
1232 1996 1343 2029 minus,
1359 1995 1566 2032 prohibendus
1591 1995 1664 2023 mihi
1680 1998 1742 2023 erat
1755 1996 1801 2024 in-

974 2048 1096 2075 gressus
1123 2039 1405 2077 Constantinopolis.
1431 2040 1539 2068 Videns
1553 2042 1654 2068 autem
1680 2047 1728 2068 me
1747 2047 1801 2068 ne-

974 2092 1130 2121 quaquam
1147 2084 1330 2120 morigerum
1347 2094 1353 2119 ;
1370 2084 1470 2112 nullus
1485 2084 1566 2112 enim
1578 2091 1681 2113 eorum
1695 2084 1747 2121 qui
1762 2083 1802 2112 ab

975 2129 1024 2158 illo
1039 2129 1168 2158 ordinati
1183 2129 1311 2162 fuerant.
1331 2129 1405 2158 mihi
1413 2129 1670 2164 comministravit,
1684 2129 1736 2157 sed
1746 2137 1801 2166 pro

975 2175 1149 2203 aversandis
1169 2174 1451 2210 abominandisque,
1467 2176 1557 2210 prout
1575 2182 1630 2210 par
1646 2177 1719 2209 erat,
1735 2175 1801 2203 illos

974 2219 1068 2248 habui
1084 2229 1091 2253 ;
1108 2219 1282 2254 indignatus
1312 2219 1460 2247 concessit
1474 2219 1548 2247 mihi
1561 2219 1741 2255 ingressum,
1766 2222 1802 2248 At

975 2264 1232 2300 Constantinopoli
1266 2264 1372 2292 iterum
1400 2263 1471 2295 doli,
1500 2263 1607 2292 iterum
1636 2264 1801 2292 innumerae

974 2308 1150 2336 vexationes
1161 2308 1305 2336 adversus
1315 2316 1362 2336 me
1372 2315 1425 2344 per
1435 2315 1504 2335 eum
1516 2311 1737 2344 processerunt.

1010 2355 1052 2382 IX.
1073 2353 1201 2386 Quando
1227 2353 1307 2380 enim
1336 2352 1493 2380 dominum
1521 2360 1609 2381 suum
1625 2361 1660 2381 ac
1674 2353 1801 2388 impera-

973 2399 1070 2426 torem
1093 2397 1185 2425 voluit
1207 2397 1381 2430 interﬁcere,
1397 2405 1434 2425 ne
1454 2397 1537 2434 quod
1551 2397 1799 2432 impedimentum

973 2450 1009 2470 ex
1025 2450 1072 2470 me
1087 2442 1222 2476 oriretur,
1238 2441 1359 2470 fraudes
1387 2441 1531 2470 adversus
1551 2449 1599 2469 me
1614 2441 1800 2469 concinnatus

975 2540 1027 2570 σις,
1051 2530 1276 2570 πολυχρονᾶσθαι,
1300 2531 1336 2570 ,ει
1360 2529 1607 2570 πολυχρονεῖσθςαι,
1642 2528 1801 2570 πολυχρονιτ

975 2567 1039 2601 ξειν,
1056 2565 1167 2602 posit-6
1186 2565 1372 2602 πολυχρόνιον’
1398 2565 1474 2598 Quia
1496 2565 1608 2602 Μᾳιιοε
1628 2565 1737 2601 annos,
1752 2566 1801 2594 Ad

972 2600 1081 2630 multos
1099 2600 1211 2630 annos.
1237 2600 1281 2632 εἰς’
1298 2600 1381 2627 πολλὰ
1406 2602 1461 2635 ἔτη,
1486 2600 1568 2627 πολλὰ
1589 2603 1618 2630 τὴ
1645 2602 1700 2634 ἔτη,
1726 2602 1801 2630 inter

971 2637 1076 2665 laudes
1082 2640 1110 2665 et
1116 2637 1347 2665 acclamationes
1353 2639 1475 2673 cretei-as
1485 2636 1640 2665 vociferari
1650 2637 1799 2673 praecipue

972 2681 1040 2701 mos
1051 2675 1125 2701 erat.
1134 2675 1229 2709 Atque
1242 2673 1306 2700 haec
1317 2672 1503 2709 pervulgata.

1008 2708 1065 2745 (Η)
1087 2710 1121 2745 Te
1141 2707 1290 2745 Σχὸυτάριν.
1308 2707 1491 2745 AScutarium.
1517 2707 1588 2735 Vide
1611 2715 1671 2745 prae
1687 2707 1798 2745 cgteris

971 2743 1095 2772 inﬁnitae
1107 2743 1244 2772 lectionis
1255 2747 1284 2772 et
1298 2743 1442 2772 doctrinae
1451 2743 1547 2771 virum
1561 2743 1699 2771 Carolum
1716 2743 1798 2770 Fres—

971 2780 1055 2816 uium
1068 2780 1113 2816 Ad
1127 2779 1363 2816 Yillharduinum
1375 2787 1409 2816 p,
1416 2781 1478 2807 286.
1492 2779 1655 2807 Dorotheus
1670 2780 1798 2806 Monam-

971 2815 1117 2844 basiensis
1127 2815 1157 2843 in
1169 2815 1298 2852 Synopsi
1309 2815 1459 2850 historica,
1471 2816 1608 2852 Σκοὺταρι.
