4084 6206
24 906 47 1031 ἱ

24 1032 59 1163 ξ.

22 1304 73 1453 E;

20 1450 57 1693 ξ

26 1714 55 1747 ,

12 2510 83 2705 Ξῖ

58 2702 85 2715 LO

12 2730 45 2789 Γέ

10 2804 45 2849 ἢ

10 2788 65 2857 ei

10 2944 49 3023 πῖ

8 3374 33 3435 ξ’,

3372 11 3847 270 ’.Ι
3968 15 4075 286 ’ξε

3448 268 3455 269 7
3732 276 3850 286 Α--Α

476 287 577 342 955
1396 279 1677 337 ABSENII
1716 277 1819 334 ΟΡ.
1862 277 2089 335 ΡΑἸἮΠ

2240 274 2337 335 us
2373 274 2905 333 TESTAMENTUM.
3448 258 3545 270 “
3630 258 3687 269 ³·
3726 276 3853 333 956

475 413 631 467 sunt.
670 408 786 466 Sed
836 411 979 465 tunc
1008 406 1216 464 omnia
1242 405 1302 463 in
1327 420 1552 462 vanum
1580 403 1937 461 reciderunt.
1967 405 2088 460 Post

2238 420 2408 474 πάντα
2443 427 2513 490 τῷ
2570 421 2686 471 τότε
2717 416 3108 491 ἀπεφάνθησαν,
3196 421 3285 470 καὶ
3346 417 3476 489 μετὰ
3504 422 3674 470 ταῦτα
3720 420 3851 477 τοὺς

473 514 547 556 ea
603 499 811 556 oculos
858 496 1086 553 domini
1131 511 1202 551 ac
1248 493 1625 567 imperatoris
1671 493 1761 549 sui
1808 509 1946 550 cum
1990 492 2086 551 em

2240 509 2533 582 ὀφθαλμοὺς
2565 514 2658 561 τοῦ
2699 508 2945 561 αὐθέντου
2979 512 3070 560 καὶ
3133 505 3387 580 βασιλέως
3441 505 3603 558 αὐτοῦ
3652 506 3852 578 ἐξώρυ-

476 588 679 656 disset,
710 602 924 659 resque
961 585 1103 641 mihi
1134 590 1276 641 nota
1308 584 1464 641 facta
1511 587 1688 650 esset,
1725 598 2088 639 excommun

2241 599 2312 667 ξε,
2371 601 2458 650 καὶ
2520 601 2751 669 γνωστόν
2840 617 2930 670 μοι
2978 603 3127 650 τοῦτο
3183 595 3395 668 ὶγένετο,
3441 603 3513 665 τῷ
3564 593 3847 670 ἁφορισμῷ

477 675 695 733 cationi
729 691 866 730 eum
909 674 1157 745 subjeci.
1202 675 1562 745 Optaveram
1602 676 1804 729 autem
1842 677 1907 728 ut
1946 686 2087 745 pmn

2241 688 2391 740 αὐτόν
2452 685 2828 741 καθυπέϐαλον.
2868 685 3083 740 Ἦθελον
3124 682 3184 739 δε
3229 687 3311 737 ἱνα
3361 686 3634 757 μετάνοιαν
3683 681 3848 738 ἐνδεί-

476 764 722 821 tentiam
802 768 1023 833 ageret,
1094 762 1473 836 multumque
1523 778 1677 818 onus
1750 760 2089 817 tributorum

2241 776 2415 845 ξηται,
2465 780 2554 828 καὶ
2603 779 2696 835 τήν
2779 774 2970 834 πολλὴν
3053 772 3330 848 βαρύτητα
3384 781 3482 826 τῶν
3528 777 3697 848 φόρων
3756 779 3848 827 καὶ

474 854 854 926 vectigalium
903 870 934 909 e
979 853 1361 920 commercio,
1417 852 1673 908 aliarum
1725 850 2087 924 iniquitatun

2240 867 2559 937 κουμερκίων
2611 868 2701 916 καὶ
2781 863 2961 939 ἐτέρων
3034 860 3254 916 ἀδικιῶν
3318 858 3413 914 διὰ
3461 866 3549 919 τὴν
3597 864 3848 921 τοιαύτην

474 948 714 1016 propter
769 942 1122 1014 hujusmodi
1177 948 1492 1014 peccatum
1555 941 1865 1005 minueret,
1930 938 2087 1011 sicqu

2241 953 2499 1027 ἁμαρτίαν
2543 938 2865 1023 ἐκκόψηται,
2912 957 3001 1004 καὶ
3053 952 3187 1004 οὕτω
3248 951 3649 1024 συγχωρηθείη.
3678 949 3766 1011 Ὠς
3791 946 3850 1002 δὲ

472 1030 650 1087 venia
694 1031 1041 1088 donaretur.
1091 1032 1305 1086 Verum
1355 1030 1501 1103 quia
1553 1028 1969 1101 paenitentiam
2011 1042 2085 1083 no

2241 1044 2513 1116 μετὰνοιαν
2550 1041 2642 1094 οὐκ
2674 1037 2951 1108 ἐδείκνυεν,
3007 1036 3133 1093 οὐδέ
3182 1059 3299 1091 τινα
3326 1038 3551 1097 ἐκκοπὴν
3592 1046 3694 1091 τῶν
3744 1058 3846 1091 κα-

475 1120 755 1186 ostendit,
777 1136 888 1176 nec
911 1120 1177 1193 aliquam
1198 1120 1497 1176 malorum
1519 1118 1938 1183 minutionem,
1961 1118 2088 1188 qui:

2241 1139 2364 1201 κῶν,
2418 1128 2545 1182 ἀλλὰ
2589 1133 2679 1181 καὶ
2727 1128 2916 1202 μᾶλλον
2982 1130 3311 1203 προσθήκην,
3380 1127 3438 1179 οὐ
3494 1132 3850 1199 συνεχώρησα

476 1210 600 1265 imo
622 1208 1123 1275 additamentum,
1155 1209 1204 1265 ei
1232 1223 1353 1265 non
1384 1207 1585 1281 ignovi
1616 1224 1627 1272 ;
1659 1206 1763 1262 sed
1793 1210 1931 1279 post
1960 1204 2089 1261 trier

2240 1219 2379 1289 αὐτῷ
2412 1240 2425 1253 ·
2450 1218 2578 1272 ἀλλὰ
2606 1220 2736 1291 μετὰ
2780 1222 3006 1293 τριετίαν
3063 1216 3273 1271 ἐνώπιον
3332 1224 3432 1268 τῶν
3488 1224 3843 1291 πατριαρχῶν

475 1298 646 1355 nium
693 1314 897 1355 coram
937 1298 1311 1371 patriarchis,
1357 1297 1771 1370 metropolitis,
1818 1298 2031 1351 senatu
2076 1311 2088 1348 ι

2240 1312 2330 1361 καὶ
2372 1316 2470 1360 τῶν
2518 1306 2913 1381 μητροπολιτῶν
2966 1310 3055 1358 καὶ
3106 1313 3202 1367 τῆς
3263 1305 3563 1377 συγκλήτου
3616 1311 3708 1357 καὶ
3757 1311 3848 1357 τοῦ

475 1387 643 1444 omni
702 1387 879 1454 clero,
936 1387 1103 1443 illum
1164 1403 1237 1443 ex
1296 1386 1545 1444 ecclesia
1605 1385 1770 1458 ejeci,
1839 1388 2088 1457 tanquar

2239 1395 2400 1449 αὐτοῦ
2430 1394 2647 1467 κλήρου,
2698 1393 2753 1447 ἐκ
2808 1401 2906 1457 τῆς
2954 1393 3237 1456 ἐκκλησίας
3283 1400 3467 1446 τοῦτον
3506 1392 3742 1456 ἐξέϐαλον
3786 1395 3849 1453 ὡς

478 1476 798 1547 indignum
836 1477 942 1548 qui
978 1477 1039 1533 in
1082 1492 1219 1533 eam
1256 1476 1683 1546 ingrederetur,
1732 1477 1815 1531 Ex
1862 1488 1934 1529 eo
1979 1477 2091 1529 tem

2240 1484 2457 1549 ἀπάξιον
2485 1493 2578 1547 τῆς
2630 1486 2760 1558 πρὸς
2804 1484 2966 1543 αὑτήν
2998 1479 3228 1538 εἰσόδου.
3263 1482 3477 1536 ’Ἑκτοτε
3535 1484 3592 1534 αἱ
3651 1501 3848 1534 σκαιω-

476 1580 623 1638 pore
684 1570 1025 1621 commenta
1071 1565 1363 1621 adversus
1405 1580 1523 1632 me,
1572 1580 1707 1636 quas
1753 1566 2089 1619 commentu

2235 1579 2348 1650 ρίαι
2402 1574 2517 1626 κατ’
2570 1572 2715 1645 ἐμοῦ,
2763 1570 2820 1633 ἂς
2881 1569 2949 1631 δή
2990 1577 3080 1624 καὶ
3122 1570 3480 1645 ίσκαιώρησεν
3526 1572 3649 1623 ἄνευ
3693 1590 3848 1628 κατη-

480 1658 569 1711 est
623 1654 748 1709 sine
796 1654 1264 1720 accusatoribus,
1325 1654 1449 1711 sine
1504 1653 1771 1720 testibus,
1832 1668 1904 1709 ex
1962 1651 2093 1707 nudi

2240 1668 2403 1737 γόρων
2448 1667 2539 1715 καὶ
2572 1665 2869 1737 μαρτύρων,
2928 1660 3029 1713 ἀπὸ
3086 1660 3244 1732 ψιλοῦ
3293 1665 3452 1733 μόνου
3502 1659 3684 1732 λόγου.
3731 1667 3853 1712 Του-

479 1742 773 1799 duntaxat
800 1758 1095 1799 sermone.
1144 1745 1261 1799 Hoc
1299 1747 1403 1810 est,
1436 1743 1667 1799 decrevi
1703 1740 2091 1797 communion

2237 1756 2409 1805 τίστιν
2440 1754 2610 1828 ὥρισα
2638 1758 2954 1810 κοινωνῆσαι
2991 1757 3114 1812 τοῦς
3153 1757 3245 1803 τοῦ
3279 1749 3563 1803 σουλτάνου
3603 1746 3806 1810 παῖδας
3839 1754 3850 1768 '

478 1831 766 1904 impertiri
815 1831 1030 1888 sultani
1087 1848 1322 1905 pueros.
1384 1831 1646 1888 Ecclesia
1696 1846 1792 1887 me
1826 1829 2051 1903 expulit

2238 1850 2333 1904 τῆς
2359 1840 2677 1903 Ἐκκλησίας
2701 1859 2764 1914 με
2793 1839 3021 1903 ίξὼθησε
3063 1860 3076 1873 ο
3122 1844 3211 1892 καὶ
3266 1847 3435 1892 ταῦτα
3455 1846 3546 1891 τοῦ
3600 1858 3851 1913 πανιερω-

477 1919 660 1993 idque
690 1936 828 1977 cum
860 1921 1293 1978 sacratissimus
1323 1920 1557 1977 Pisidiae
1586 1919 1963 1992 metropolita
1988 1934 2090 1974 scr:

2238 1932 2398 1983 τάτου
2458 1930 2842 2004 μητροπολίτου
2913 1924 3204 1991 Πισσιδίας
3261 1927 3531 2001 ἕγγράφως
3597 1927 3851 2000 ὁμολογή-

476 2014 580 2080 pto
618 2009 928 2066 confessus
963 2010 1193 2081 fuisset,
1235 2010 1401 2083 quod
1426 2010 1556 2084 ipse
1599 2010 1730 2067 illos
1772 2009 2089 2081 baptizasst

2244 2038 2430 2082 σαντος
2464 2022 2528 2081 ὡς
2558 2018 2745 2080 ἐκεῖνος
2792 2022 2883 2070 καὶ
2922 2016 3171 2071 ἕϐάπτισε
3230 2020 3449 2078 τούτους
3494 2021 3586 2070 καὶ
3644 2016 3846 2069 ἐκοινώ-

476 2101 534 2154 et
564 2100 990 2155 communione
1019 2100 1307 2157 donasset
1344 2116 1360 2166 ;
1393 2114 1505 2170 ego
1534 2115 1676 2156 vero
1705 2115 1813 2172 per
1846 2099 2089 2171 scriptu]

2242 2127 2369 2168 νησε
2406 2129 2419 2142 ο
2452 2107 2623 2180 κάμοῦ
2667 2126 2723 2160 τε
2775 2106 3047 2181 ἐγγράφως
3095 2105 3515 2179 ὁμολογήσαντος
3552 2110 3624 2177 μή
3662 2102 3851 2158 εἰδέναι

475 2188 781 2261 professus
813 2204 1030 2257 essem,
1052 2205 1149 2245 me
1180 2189 1523 2246 nullatenus
1553 2188 1615 2245 id
1643 2189 1811 2245 scire.

1239 2189 1523 2246 illatenus
1553 2188 1615 2245 id
1643 2189 1811 2245 scire.
2245 2218 2308 2271 με
2334 2201 2393 2249 τὸ
2426 2196 2637 2249 σύνολον
2676 2203 2852 2253 τοῦτο.

550 2280 609 2333 Χ.
652 2280 830 2334 Porro
868 2282 1008 2350 post
1044 2278 1343 2348 exsilium,
1380 2277 1541 2335 mille
1580 2277 1947 2334 mihirursus
1979 2277 2134 2333 intu-

2318 2284 2372 2343 l'.
2404 2288 2548 2340 Μετὰ
2580 2283 2639 2339 δε
2683 2289 2777 2343 τὴν
2832 2283 3031 2358 ἐξορίαν
3080 2288 3273 2360 μυρίοις
3317 2287 3407 2337 καὶ
3472 2283 3625 2337 πάλιν
3674 2302 3854 2335 σκαιω-

475 2366 541 2423 lit
559 2366 893 2423 calumnias
912 2371 970 2424 et
988 2384 1311 2425 aerumnas.
1337 2367 1640 2424 Interdum
1666 2366 1930 2440 quidem,
1960 2382 2088 2438 qua:

2245 2379 2359 2449 ρίας
2399 2380 2487 2429 καὶ
2545 2374 2745 2446 θλίψεις
2800 2357 3175 2447 μοινέπήνεγκε
3228 2416 3240 2428 .
3289 2376 3413 2426 ποτε
3452 2376 3563 2445 μὲν,
3619 2376 3692 2435 ὡς
3748 2373 3851 2426 ἐπι-

474 2454 849 2512 insidiatores
894 2456 1248 2513 excitassem
1278 2456 1383 2530 qui
1414 2472 1554 2513 eum
1584 2455 1947 2513 occiderent.
1980 2456 2087 2520 Qu<

2246 2464 2457 2526 ϐούλους
2521 2461 2556 2517 δ
2561 2468 2837 2536 ιεγείραντι
2875 2470 2966 2516 τοῦ
3024 2463 3180 2516 αὐτόν
3236 2470 3480 2535 φονεῦσαι
3508 2484 3521 2497 σ
3556 2462 3670 2515 ὃθεν
3700 2467 3793 2515 καὶ
3822 2465 3846 2521 ἡ

474 2545 631 2602 circa
668 2545 907 2603 moecha
956 2546 1226 2619 synodus
1252 2544 1890 2603 excommunicationis
1920 2560 2087 2601 censt

2245 2550 2636 2627 μοιχοσύνοδος
2682 2552 2971 2628 ἀφορισμόν
3058 2572 3145 2626 μοι
3234 2550 3559 2616 ἐξαπέστειλε
3618 2573 3632 2584 -
3710 2551 3851 2624 κάγὼ

475 2649 609 2691 ram
640 2634 701 2691 in
739 2650 837 2691 me
867 2635 1062 2692 emisit
1091 2654 1105 2703 ;
1138 2651 1207 2691 ac
1236 2651 1348 2706 ego
1377 2636 1579 2707 ipsum
1609 2650 1706 2690 me
1730 2635 2088 2704 segregatim

2245 2642 2494 2696 ὑπέϐαλον
2574 2641 2797 2715 ἐμαυτὸν
2874 2641 2942 2702 εἰς
3024 2640 3314 2715 ἀφορισμόν
3397 2640 3439 2693 εἰ
3506 2645 3742 2693 τοιοῦτόν
3806 2660 3853 2692 τι

477 2723 742 2794 subdidi,
768 2723 817 2779 si
837 2722 912 2780 de
931 2739 1245 2797 quoquam
1267 2723 1565 2797 ejusmodi
1592 2739 1786 2779 essem
1808 2724 2088 2780 conscius

2247 2728 2469 2785 σύνοιδα
2497 2747 2509 2761 ·
2546 2730 2589 2783 εἰ
2620 2727 2680 2784 δε
2710 2735 2806 2803 μή,
2856 2733 2977 2791 τοὺς
3030 2735 3464 2805 σκαιωρήσαντας
3492 2735 3583 2783 καὶ
3642 2728 3853 2782 ἐπιϐου-

478 2812 570 2868 sin
600 2812 824 2884 minus,
854 2812 1170 2869 calumnias
1197 2817 1470 2869 auctores
1499 2812 1995 2885 insidiarumque,
2035 2812 2091 2868 iis

2245 2820 2589 2894 λευσαμίνους
2665 2825 2755 2873 καὶ
2844 2823 3231 2883 πιστεύσαντας
3301 2824 3389 2873 καὶ
3469 2818 3714 2895 ἀφώρισα
3765 2808 3858 2872 κιιιἱ

476 2916 595 2975 que
632 2901 908 2959 credulos
937 2902 1454 2960 excommunicavi
1516 2907 1574 2959 et
1608 2902 2089 2960 anathematizav

2245 2908 2593 2982 ἁνεθεμάτισα
2622 2930 2634 2943 ·
2668 2908 2845 2962 ἄλλοτε
2890 2905 2949 2962 δε
2978 2910 3284 2984 Βαράγγους
3312 2908 3422 2979 (t2)
3462 2908 3532 2970 εἰς
3571 2912 3658 2961 τόν
3718 2916 3856 2981 Ναρ-

475 2992 603 3049 Alio
662 3007 800 3049 vero
846 2996 1112 3066 tempore
1160 2995 1465 3063 Barangos
1508 2996 1879 3061 Narmaram,
1930 2992 2088 3049 locui

2244 3003 2415 3073 μαραν
2464 2999 2517 3051 ὃν
2567 2997 2877 3073 ἑξωρίσθην,
2938 2996 3205 3051 ἀπέστειλε
3243 2997 3586 3069 φυλάττοντάς
3628 3017 3716 3071 με,
3764 3001 3855 3050 καὶ

476 3080 666 3138 exsilii
711 3081 848 3149 mei,
878 3082 1054 3155 misit,
1098 3082 1501 3138 custodituros
1531 3098 1626 3137 me
1660 3098 1673 3149 ;
1703 3086 1832 3138 tum
1859 3082 2089 3138 innumc

2245 3093 2433 3163 μυρίας
2488 3087 2685 3159 θλίψεις
2759 3106 2851 3160 μοι
2903 3087 3268 3161 προύξένησεν.
3325 3087 3421 3141 Ἐῶ
3488 3089 3591 3162 γὰρ
3642 3090 3711 3138 τὰ
3756 3094 3852 3149 τῆς

473 3170 691 3227 rabilia
726 3171 874 3227 mihi
900 3170 1287 3229 incommoda
1331 3171 1688 3227 conciliavit.
1735 3171 1955 3228 Omitto
1998 3187 2086 3243 qui

2247 3181 2559 3250 Τρικοκκίας
2603 3178 2738 3247 (13),
2765 3184 2872 3236 πῶς
2929 3176 3001 3238 εἰς
3053 3175 3137 3249 ἐμὲ
3195 3180 3285 3229 καὶ
3335 3181 3427 3235 τήν
3480 3175 3683 3229 ἕκιίνων
3738 3176 3860 3229 ἑπα-

475 3259 555 3316 ad
596 3260 955 3318 Tricocciam
1001 3261 1318 3333 pertinent,
1377 3277 1561 3334 quem
1594 3260 1672 3317 ad
1703 3260 1956 3316 modum
1989 3260 2088 3315 mil

2245 3267 2498 3324 νάστασιν
2577 3264 2902 3320 ἐπιτέθεικεν.
2954 3264 3016 3317 Εἰ
3084 3267 3185 3338 γὰρ
3244 3267 3415 3317 πάντα
3467 3267 3569 3318 ὅσα
3622 3284 3716 3337 μοι
3763 3284 3858 3318 πε-

476 3364 686 3406 eorum
734 3349 989 3406 insultus
1033 3350 1410 3423 imposuerit.
1468 3353 1617 3406 Nam
1662 3349 1710 3405 si
1758 3364 2089 3421 quaecuan

2248 3359 2462 3424 ποίηκε,
2515 3356 2605 3405 καὶ
2634 3353 2735 3405 ὅσα
2785 3355 2920 3405 κατὰ
2967 3361 3062 3415 τῆς
3090 3360 3182 3405 τοῦ
3222 3360 3355 3406 Θεοῦ
3396 3352 3713 3416 Ἐκκλησίας
3737 3352 3861 3425 ἐμη-

473 3438 535 3495 in
566 3453 663 3494 me
693 3438 939 3510 peregit,
971 3444 1029 3495 et
1062 3438 1354 3496 adversus
1396 3438 1718 3494 Ecclesiam
1759 3436 1862 3493 Dei
1896 3437 2086 3494 moliti

2250 3447 2545 3515 χανήσατο,
2604 3440 2944 3515 ἀγωνίσωμαι
3029 3440 3432 3513 ἀφηγήσασθαι,
3506 3441 3761 3513 ἐπιλείψει
3800 3461 3863 3515 με

476 3530 585 3591 est,
633 3527 850 3583 referre
879 3528 1263 3599 contendero,
1298 3531 1677 3584 enarrantem
1726 3525 1960 3583 deﬁciet
1990 3532 2089 3583 ten

2252 3530 2595 3605 διηγούμενον
2651 3532 2677 3583 ό
2754 3536 2969 3604 χρόνος.
3044 3532 3133 3585 Ἐκ
3193 3540 3292 3584 τῶν
3367 3531 3564 3584 πολλῶν
3611 3529 3671 3584 δὲ
3712 3532 3863 3603 ὀλίγα

474 3632 616 3688 pus.
648 3615 728 3671 De
770 3615 972 3671 multis
1014 3631 1157 3671 vero
1185 3632 1383 3687 pauca
1410 3615 1853 3688 repraesentavi,
1894 3619 2087 3688 propt4

2248 3618 2608 3696 παρεδήλωσα
2641 3618 2735 3674 διὰ
2788 3624 2875 3673 τὸν
2919 3628 3012 3673 τοῦ
3061 3620 3218 3693 λόγου
3264 3624 3415 3695 κόρον
3447 3642 3459 3654 ο
3494 3617 3677 3679 ἐπειδὴ
3710 3626 3861 3695 κόρος

479 3702 777 3758 sermonis
810 3702 1141 3759 satietatem
1175 3707 1231 3761 et
1259 3703 1645 3760 nimietatem.
1683 3719 1820 3776 quas
1852 3703 2092 3759 nimirui

2250 3709 2403 3782 λόγου
2444 3709 2689 3783 πολέμιος
2748 3716 2946 3770 ἀκοαῖς.
3002 3709 3211 3781 Ἔλεγον
3271 3706 3351 3777 δὲ,
3417 3708 3517 3762 ἀπό
3564 3728 3623 3780 γε
3651 3718 3745 3762 τοῦ
3774 3716 3863 3761 νῦν

478 3788 724 3846 inimica
747 3794 839 3847 est
861 3791 1133 3849 auribus.
1161 3790 1441 3848 Dicebam
1471 3796 1691 3859 tamen,
1726 3792 1817 3847 Ab
1847 3792 1961 3848 hoc
1988 3796 2091 3848 ten:

2251 3801 2515 3874 κορεσθεὶς
2537 3807 2627 3859 τῆς
2659 3797 2903 3861 ἀπονοίας
2952 3802 3042 3851 καὶ
3096 3795 3410 3871 τυραννίδος
3446 3805 3544 3860 τῆς
3594 3801 3729 3871 πρὸς
3779 3797 3864 3871 ἐμὲ

478 3895 623 3953 pore
677 3881 925 3938 satiatus
966 3882 1230 3938 amentia
1259 3886 1316 3937 et
1344 3880 1663 3954 tyrannide
1695 3896 1836 3954 erga
1882 3896 1979 3938 me
2018 3899 2091 3939 se]

2247 3893 2336 3941 καὶ
2362 3896 2461 3940 τῶν
2491 3895 2583 3940 τοῦ
2624 3895 2759 3942 Θεοῦ
2809 3884 3034 3958 δούλων,
3102 3891 3191 3940 καὶ
3244 3890 3498 3941 παύσεται
3547 3892 3639 3940 καὶ
3703 3907 3858 3960 μετα-

479 3986 709 4044 vosque
753 3971 873 4041 Dei,
912 3971 1164 4042 desinet,
1220 3977 1356 4042 aget
1392 3970 1827 4045 paenitentiam,
1864 3976 1929 4027 ut
1964 3971 2092 4027 veni

1594 3970 1827 4038 entiam,
1864 3976 1929 4027 ut
1964 3971 2140 4027 venia
2246 3982 2445 4044 νοήσει,
2479 3980 2568 4030 καὶ
2592 3983 2909 4049 συγγνώμης
2941 3975 3207 4039 ἀξιωθείη.

478 4060 690 4118 donari
717 4061 928 4135 possit.

551 4153 636 4207 XI.
673 4151 787 4209 Sed
831 4152 1123 4225 quoniam
1178 4151 1504 4209 Ecclesiam
1532 4152 1631 4208 Dei
1688 4153 1859 4208 vertit
1888 4151 1949 4207 in
1980 4165 2085 4223 spe
2108 4180 2136 4193 -

2318 4153 2417 4209 IA'.
2461 4154 2602 4208 Ἐπεὶ
2655 4151 2714 4207 δε
2772 4158 2867 4213 τὴν
2922 4160 3014 4207 τοῦ
3064 4153 3198 4208 Θεοῦ
3247 4152 3555 4212 Ἐκκλησίαν
3597 4155 3852 4212 σπήλαιον

478 4241 720 4296 luncam
770 4240 1092 4311 latronum,
1136 4245 1195 4296 et
1221 4240 1481 4314 lupanar
1515 4242 1697 4307 gitem
1754 4256 1935 4312 quem
1967 4240 2091 4311 priu

2247 4242 2601 4318 ἀπειργάσατο
2652 4242 2882 4316 λῃστῶν,
2961 4247 3050 4295 καὶ
3098 4250 3330 4317 πορνεῖον
3391 4264 3404 4275 -
3462 4247 3547 4294 καὶ
3603 4243 3655 4293 ὃν
3707 4239 3853 4315 εἶχον

480 4329 1145 4398 excommunicaveram,
1162 4329 1220 4384 in
1238 4330 1380 4386 sede
1392 4345 1529 4385 mea
1549 4328 1878 4397 collocavit,
1901 4344 2092 4383 necno

2244 4335 2729 4406 προαφωρισμένον,
2800 4332 2873 4393 εἰς
2917 4335 3003 4383 τὸν
3058 4334 3233 4406 θρόνον
3279 4351 3379 4404 μου
3436 4330 3645 4384 ἐκάθισε
3703 4354 3715 4364 ·
3766 4339 3854 4386 καὶ

482 4415 562 4472 ad
573 4415 733 4471 illam
747 4416 1113 4486 impietatem
1128 4417 1665 4488 omnimodamque
1687 4414 2002 4487 perﬁdiam
2013 4431 2095 4487 qu

2245 4422 2312 4483 εἰς
2354 4426 2548 4479 ταύτην
2600 4426 2693 4479 τήν
2751 4419 2989 4474 ἀσέϐειαν
3031 4426 3120 4473 καὶ
3176 4421 3395 4479 παντελῆ
3460 4418 3711 4473 ἀπιστιαν
3764 4426 3854 4479 τὴν

481 4504 667 4561 Latini
710 4509 987 4560 tenentur
1033 4510 1285 4561 conatus
1335 4510 1422 4561 est
1465 4504 1763 4561 adducere
1815 4503 2094 4559 Ecclesia:

2243 4520 2343 4563 τῶν
2386 4515 2617 4564 Λατίνων
2694 4514 2990 4581 ήγωνίσατο
3052 4514 3145 4568 τήν
3196 4517 3286 4562 τοῦ
3347 4516 3480 4563 Θεοῦ
3529 4509 3851 4567 Ἐκκλησίαν

482 4594 603 4661 Dei,
627 4608 764 4667 quas
790 4594 1088 4650 immenso
1111 4594 1405 4664 sanguine
1432 4598 1569 4651 ante
1591 4599 1648 4650 et
1664 4598 1801 4668 post
1831 4592 2095 4651 Christus

2244 4600 2385 4669 ἄξαι,
2436 4604 2528 4658 τήν
2580 4598 2970 4672 συνειλεγμένην
3026 4603 3235 4673 μυρίοις
3281 4601 3464 4670 οἰμασι
3522 4605 3637 4660 τοῖς
3663 4604 3766 4673 πρό
3794 4619 3853 4671 γε

482 4699 553 4740 ac
590 4700 697 4757 per
743 4683 1038 4740 Christum
1078 4697 1367 4753 magnam
1406 4681 1663 4740 hostiam
1710 4682 1847 4740 fuso
1889 4682 2095 4741 collect

2244 4696 2479 4762 Χριστοῦ
2518 4692 2607 4740 καὶ
2664 4690 2794 4761 μετὰ
2869 4692 3099 4761 Χριστόν
3143 4692 3233 4740 καὶ
3277 4687 3436 4740 αὐτοῦ
3492 4694 3584 4740 τοῦ
3622 4688 3851 4760 μεγάλου

480 4774 590 4831 fuit
648 4792 661 4830 :
715 4774 963 4831 demum
1019 4773 1322 4845 ingentem
1383 4773 1857 4846 persecutionem
1926 4779 2093 4830 contr

2248 4780 2469 4851 θύματος
2502 4799 2516 4811 ·
2544 4781 2630 4829 καὶ
2690 4780 2848 4849 μέγαν
2904 4773 3139 4849 διωγμόν
3202 4777 3317 4829 κατ’
3374 4776 3537 4838 αὐτῆς
3588 4781 3848 4845 κεκίνηκε,

481 4865 759 4922 eamdem
782 4863 1108 4921 Ecclesiam
1138 4863 1427 4927 excitavit,
1459 4867 1598 4936 post
1619 4868 1703 4921 tot
1729 4878 1922 4919 annos
1950 4881 1983 4920 a
2008 4880 2094 4936 pet

2244 4869 2537 4920 παυθίντων
2605 4874 2697 4918 τῶν
2736 4863 2981 4938 διωγμῶν
3026 4870 3128 4940 πρό
3184 4870 3387 4938 χρόνων
3439 4865 3637 4918 πολλῶν
3687 4886 3700 4898 ο
3761 4872 3851 4921 καὶ

482 4954 885 5011 secutionibus
915 4972 927 5009 :
952 4958 1270 5028 eapropter
1289 4952 1972 5010 excommunicationem
2003 4969 2095 5026 pr:

2247 4956 2477 5010 ἕπιτείνω
2528 4959 2611 5008 τὸν
2687 4955 2996 5030 ἀφορισμὸν,
3048 4956 3101 5007 ὃν
3188 4958 3343 5016 αὐτὸς
3408 4964 3572 5025 εαυτῷ
3631 4956 3851 5008 ὑπέϐαλε

480 5043 681 5115 tendo,
713 5044 807 5099 cui
845 5044 973 5116 ipse
1003 5042 1257 5115 subjecit
1287 5058 1349 5098 se
1377 5041 1622 5116 propria
1651 5041 1971 5105 voluntate,
2004 5058 2093 5116 ρι’(

2248 5044 2320 5099 δι’
2344 5046 2533 5099 οἰκείαν
2564 5044 2753 5118 ὄρεξιν,
2797 5042 2871 5097 δι’
2919 5044 3110 5098 οἰκείαν
3162 5044 3471 5114 ἀπόλαυσιν,
3523 5040 3599 5096 δι’
3656 5044 3847 5098 οἰκείαν

554 5185 668 5261 (1-2)
708 5188 1050 5261 ’Βαράγγουᾳ
1114 5191 1291 5244 Erant
1335 5187 1586 5257 Barangi
1632 5202 1739 5261 seu
1778 5188 2037 5257 Varangi
2081 5192 2140 5246 et
2248 5186 3847 5261 montesincolentibus.lipostexcagcationemJoannis

482 5257 1202 5338 Varingihimperatorum
1233 5261 1589 5338 Graecoru_m_
1611 5259 1923 5338 stipatores
1948 5266 2005 5315 et
2038 5276 2138 5316 sa-
2250 5259 2539 5338 Lascaris,
2561 5259 2849 5338 adversus
2876 5257 3215 5338 Micbaelem
3246 5257 3849 5338 Balaaologumarma

483 5327 707 5403 tellites.
745 5327 923 5403 D_e__i_is
952 5334 1089 5401 post
1117 5330 1458 5403 Meursium,
1485 5327 1813 5403 _Fabrotum
1845 5329 2134 5403 aliosque,
2247 5336 2552 5402 ceperunt,
2570 5329 2897 5403 utrefertur
2918 5345 2954 5385 a
2984 5329 3231 5400 Georgio
3258 5327 3845 5403 Pacbym'eredian,

482 5399 654 5474 docte
668 5414 737 5474 ac
753 5398 1106 5474 dilligenter,
1121 5400 1421 5474 utomnia,
1441 5398 1600 5456 idem
1622 5401 1892 5474 Fresnius
1911 5398 2095 5459 nos-tet

2248 5398 2380 5474 Gai).
2441 5406 2521 5471 13,
2572 5401 2685 5474 pubi
2733 5398 3470 5474 Τρικοκκιώταςξῃρωίηάι.
3530 5398 3846 5474 Τρικοκκίας

485 5471 741 5545 historias
766 5469 1098 5545 Byzantina;
1120 5469 1443 5527 illustrator
1462 5472 1821 5545 praecipuus.
2086 5544 2093 5545 ί
2119 5469 2128 5473 ’
2248 5469 2449 5545 autem
2466 5469 2617 5545 arcis
2640 5469 3001 5545 mentionem
3022 5471 3159 5527 facit
3178 5471 3284 5545 lib.
3307 5487 3423 5545 xui,
3442 5469 3581 5543 cap."
3597 5477 3666 5528 33
3684 5491 3697 5539 ;
3712 5489 3845 5545 quas

557 5542 674 5617 (t3)
706 5542 820 5617 fra’
848 5550 952 5617 vi);
1015 5546 1347 5617 rpmozxiag,
1389 5542 1661 5617 Eipono—
1705 5543 1811 5617 de,
1844 5544 2140 5601 Tricoccia

2247 5544 2369 5617 duo
2398 5543 2529 5599 loca
2553 5543 2721 5617 inter
2742 5559 2810 5617 se
2854 5542 3073 5617 collata
3099 5542 3598 5617 Tricocciotarum
3620 5542 3842 5602 nomen

486 5613 619 5672 ares
657 5613 826 5672 circa
889 5613 1166 5680 Nicaeam,
1209 5619 1265 5671 et
1311 5613 1701 5686 Tricocciotis,
1749 5614 2137 5688 Nicaanosque
2246 5615 2559 5685 illustrant,
2573 5613 3230 5684 hominibusinsigniter
3249 5614 3845 5672 litteratisobscurum
