2042 3103
135 156 188 184 957

135 216 218 250 δόξαν
237 219 327 245 καὶτὸ
349 218 465 256 ἀνάθεμα.

133 266 247 299 σατανᾷ,
271 265 358 295 καθὼς
390 266 434 291 καὶ
467 265 495 291 τὸ
523 266 648 302 πρότερον
681 264 757 296 αὐτὸς
779 265 861 301 ἑαυτῷ
894 264 940 292 διὰ

134 312 186 335 τῶν
224 309 363 346 επιορκιῶν
394 307 577 347 παραδέδωκε,
616 311 661 335 καὶ
690 312 734 335 νῦν
758 308 805 336 διὰ
823 314 869 337 τοῦ
895 314 941 341 τῆς

134 353 295 384 Ἐχχλησίας
321 351 441 390 διωγμοῦ
457 364 464 371 ·
486 355 527 380 καὶ
561 355 620 384 τοὺς
649 356 684 390 μὴ
716 353 849 392 ἀρχιερεῖς
880 356 940 386 τοὺς

134 399 374 434 συγκατατίθεντας
403 401 448 425 καὶ
496 398 701 435 ὑπογράψαντας
738 399 773 430 εὶς
798 401 842 429 τὴν
878 399 939 426 ἀσέ-

135 442 217 477 ϐειαν,
252 445 296 470 καὶ
311 444 373 474 τοὺς
391 444 531 480 ἄρχοντας,
560 445 622 474 τοὺς
646 447 865 481 συνιργήσαντας,
894 447 940 472 χαὶ

129 489 189 518 τοὺς
223 488 308 525 ἱερεῖς,
354 490 399 514 καὶ
440 490 498 519 τοὺς
526 488 708 527 εὔμοιροῦντας
744 492 863 525 γνώσεως
894 492 939 517 καὶ

130 532 379 567 συγκατατιθεντας.
406 534 456 559 Τὸν
486 530 516 559 δὲ
536 532 659 570 ἀγοραῖον
673 533 734 559 λαὸν
753 536 798 560 καὶ
829 535 937 571 ἄμοιρον

128 579 259 612 γνώσεως,
276 578 322 603 καὶ
353 578 388 613 μὴ
423 575 514 603 εἰδότα
531 575 616 609 δεξιὸν
648 578 663 608 ἣ
680 578 825 615 ἀριστερὸν,
842 580 874 609 ὡς
888 589 938 616 μα-

134 620 217 651 θητὴς
237 623 283 646 τοῦ
299 622 398 658 Κυρίου
413 630 464 657 μου
478 624 526 647 τοῦ
543 622 640 659 πράου,
660 622 726 658 λέγω
746 622 816 658 αὐτῷ
833 633 840 640 ο
856 633 869 648 ι(
886 624 937 650 Κύ-

129 674 182 702 ριε,
195 666 231 701 μὴ
248 667 349 701 στήσῃς
362 665 448 696 αὐτοῖς
466 667 514 696 τὴν
533 665 663 703 ἁμαρτίαν
677 668 784 696 ταύτην.
802 678 816 692 ››

172 752 222 781 lB’.
237 752 347 790 Ἀφιημι
357 755 401 780 καὶ
420 756 474 785 τοῖς
494 752 612 790 ἀδελφοῖς
649 764 699 791 μου
718 758 774 786 τοῖς
802 754 936 793 συνιξορι-

134 798 223 825 σθεῖσί
256 807 302 834 μοι
334 799 379 824 καὶ
407 801 638 835 συμπαραμιίνασι
657 799 713 836 μετ’
742 798 804 832 ἐμοῦ
829 799 866 831 εἰς
891 801 936 831 τὰς

135 841 234 878 θλίψεις
252 852 313 879 μου,
330 843 390 869 εἴτι
408 843 461 880 ἄρα
478 845 616 880 κέκτημαι.
632 846 682 871 Καὶ
695 845 708 870 ὁ
736 844 832 881 μέλλων
852 844 935 881 ὅχλῆ-

651 157 823 187 GEORGIUS
842 158 1075 187 ACROPOLITA.
1099 175 1133 181 —
1151 160 1301 189 NOTlTIA.

1763 162 1815 190 958

494 229 501 236 ·
529 220 575 245 καὶ
599 218 774 257 παραδίδωμι
796 223 887 247 τοῦτον
913 221 949 256 τῷ

995 222 1061 258 prio
1068 222 1188 259 placito,
1195 222 1319 259 propria
1326 222 1471 251 sententia
1479 232 1486 258 ;
1493 230 1548 259 pro
1553 222 1639 251 tendo
1646 222 1818 259 anathema,

994 268 1022 294 et
1034 265 1119 294 illum
1132 267 1218 295 trado
1238 267 1367 303 Satanae,
1394 267 1470 295 sicut
1492 269 1581 295 antea
1606 266 1706 302 ipsum
1720 275 1752 295 se
1766 275 1820 304 per

993 310 1126 347 perjuria
1152 311 1282 346 tradidit,
1313 319 1454 348 nuncque
1487 311 1575 339 tradit
1601 319 1655 347 per
1682 312 1819 341 Ecclesiae

993 355 1240 391 persecutionem.
1258 356 1352 384 Etiam
1367 356 1484 384 Satanae
1499 355 1586 384 trado
1600 355 1739 384 homines
1763 364 1819 385 ne—

992 407 1148 436 quaquam
1167 400 1323 436 pontiﬂces
1347 400 1515 433 habendos,
1530 400 1582 436 qui
1605 403 1819 429 consenserunt

992 444 1293 481 subscripseruntque
1306 444 1450 481 impietati
1462 454 1469 479 ;
1483 445 1548 481 pari
1562 445 1655 472 modo
1668 453 1817 481 proceres,

991 489 1044 526 qui
1058 489 1168 517 dedere
1182 489 1421 524 adminiculum;
1438 490 1507 518 item
1523 489 1704 525 sacerdotes,
1728 497 1818 518 cunc-

991 535 1098 570 tosque
1112 533 1250 562 conscios
1265 542 1300 562 ac
1315 542 1501 563 assensores.
1515 534 1598 567 Quod
1614 541 1685 562 vero
1703 536 1819 570 spectat

992 578 1032 606 ad
1046 578 1201 613 vulgarem
1216 578 1374 615 populum,
1395 579 1572 614 cognitionis
1588 580 1750 614 expertem,
1766 586 1818 607 ne-

990 622 1129 651 scientem
1138 623 1213 659 quid
1226 622 1364 651 dextrum
1376 623 1413 652 sit
1423 623 1470 651 vel
1479 623 1632 651 sinistrum
1647 631 1653 650 :
1670 625 1817 659 tanquam

989 666 1155 704 discipulus
1167 667 1317 696 mansueti
1326 668 1444 696 Domini
1459 668 1528 701 mei,
1539 667 1608 695 dico
1622 667 1692 695 huic
1704 677 1711 696 :
1728 678 1743 692 σι
1758 668 1816 696 Do-

989 711 1081 745 mine,
1099 719 1136 740 ne
1153 714 1267 740 statuas
1282 712 1338 740 illis
1353 712 1411 740 hoc
1429 713 1586 748 peccatum
1603 712 1624 739 ι,
1640 722 1655 737 η

1024 756 1081 784 XII.
1098 756 1250 793 Quidquid
1263 756 1417 792 possideo,
1432 756 1569 792 relinquo
1580 755 1722 784 fratribus
1740 755 1816 785 meis

988 800 1041 837 qui
1056 808 1176 828 mecum
1194 800 1317 836 relegati
1331 800 1459 835 fuerunt,
1480 808 1660 836 mecumque
1674 808 1816 836 perman-

988 847 1090 873 serunt
1104 845 1135 873 in
1150 845 1370 874 calamitatibus
1380 845 1466 873 meis.
1480 846 1513 873 Et
1522 844 1575 881 qui
1590 852 1694 873 eorum
1706 852 1816 881 quem-

135 888 182 913 σαί
195 897 254 913 τινα
278 888 386 921 τούτων,
407 888 480 919 ὅστις
506 888 558 925 ἄρα
575 891 620 915 καὶ
635 890 685 922 εἴη,
703 889 744 916 ἶνα
762 890 798 916 ἔνι
810 890 860 916 ὑπὸ
876 889 935 916 ἀνα-

988 897 1077 926 quam
1084 897 1192 918 vexare
1198 890 1229 918 in
1235 889 1365 918 animum
1371 889 1706 926 induxerit,quicunque
1712 888 1759 917 ille
1766 889 1813 924 sit,

135 933 238 968 θέματι,
261 934 305 958 καὶ
333 933 399 968 μετὰ
412 936 458 959 τοῦ
471 932 562 960 Ἰούδα
588 934 602 963 ἠ
629 936 705 970 μερὶς
737 933 827 962 αὑτοῦ.
859 934 935 961 Ἀ)λὰ

133 978 179 1002 καὶ
207 977 220 1002 ὁ
253 975 392 1013 βουληθεὶς
420 978 587 1014 μεταγράψαι
627 988 677 1015 μου
700 980 748 1008 τὴν
787 978 934 1005 τιλευταίαν

134 1019 273 1057 βούλησιν,
294 1022 339 1047 καὶ
359 1019 406 1047 διὰ
424 1021 512 1053 λέξεων
540 1021 631 1060 ἐτέρων
645 1024 689 1049 τὸν
712 1026 771 1049 νοῦν
790 1024 833 1049 τὸν
848 1023 934 1059 ἐγχεί-

133 1074 210 1101 μενον
224 1066 335 1103 τηιραθῇ
352 1065 519 1102 μεταλλάξαι,
550 1067 624 1098 ὅστις
652 1068 705 1104 ἄρα
728 1070 773 1094 χαὶ
801 1069 850 1101 εἴη,
884 1069 934 1095 εἴτε

133 1109 363 1144 ἕκκλησιαστικὸς,
379 1111 429 1137 εἴτε
448 1111 549 1148 ἄρχων,
572 1112 622 1138 αἵτε
652 1115 700 1143 τῆς
732 1112 811 1143 ἄλλης
828 1115 931 1150 μοίρας,

133 1155 202 1181 ἔστω
220 1156 265 1181 καὶ
279 1154 352 1185 οὗτος
366 1155 417 1181 ὑπὸ
429 1156 459 1182 τὸ
475 1155 598 1192 ἀνάθεμα.

170 1217 181 1234 ‘
195 1218 258 1245 Act.
274 1225 322 1253 vu,
338 1217 382 1246 60.

987 934 1171 963 anathemati
1181 934 1365 969 subjiciatur,
1379 934 1476 970 sitque
1491 942 1561 970 pars
1571 934 1636 970 ejus
1649 942 1717 962 cum
1727 935 1741 962 J
1744 933 1812 961 uda.

987 978 1045 1007 Sed
1061 981 1091 1007 et
1105 979 1129 1007 si
1138 979 1206 1015 quis
1214 986 1387 1015 supremam
1396 986 1495 1007 meam
1509 978 1693 1006 voluntatem
1705 978 1814 1006 descri-

985 1022 1086 1051 bendo
1099 1022 1225 1051 voluerit
1237 1030 1438 1059 corrumpere,
1450 1030 1485 1050 ac
1500 1030 1553 1059 per
1567 1022 1626 1050 alia
1636 1022 1729 1050 verba
1743 1022 1811 1049 insi-

986 1070 1050 1096 tum
1065 1075 1189 1095 sensum
1199 1069 1385 1096 commutare
1399 1066 1565 1101 tentavem't,
1587 1066 1613 1095 is
1626 1066 1750 1104 quilibet
1764 1068 1811 1099 sit,

986 1120 1040 1140 seu
1063 1112 1289 1147 ecclesiasticus,
1308 1120 1362 1140 seu
1385 1111 1588 1147 magistratus,
1603 1111 1666 1139 sive
1691 1111 1812 1140 alterius

986 1156 1175 1191 conditionis,
1195 1157 1233 1185 sit
1246 1157 1356 1194 pariter
1374 1157 1431 1185 sub
1450 1157 1651 1185 anathemate.

132 1304 1805 1325 mm

700 1384 787 1409 ANNO
809 1384 924 1410 DOMINI
945 1386 1240 1410 MGCXV-MCCLXXXII.

371 1481 884 1560 GEORGIUS
937 1484 1590 1561 AGROPOLITA

848 1700 1086 1749 NOTITIA,

576 1800 706 1836 (Fabric.
727 1800 937 1830 Bibliothecra
951 1801 1052 1830 Greca
1065 1801 1113 1829 ed.
1130 1800 1241 1837 Harios,
1258 1803 1278 1830 t.
1294 1800 1363 1838 VII).

165 1963 307 2001 Georgius
319 1965 490 2001 Acropolita
503 1965 671 2002 (proprium
681 1965 739 1994 hoc
750 1965 871 1994 familia
883 1966 932 1999 (ιι),
947 1972 1010 1993 non
1025 1965 1128 2002 patrias
1142 1965 1278 2001 nomen),
1302 1967 1386 2002 pater
1399 1965 1454 1994 fuit
1479 1964 1664 1994 Constantini
1679 1965 1811 2000 Acropo-

129 2007 189 2036 litm
200 2008 252 2045 (b),
266 2010 319 2045 qui
330 2010 462 2046 parentis
477 2010 616 2047 exemplo
631 2018 760 2046 magnus
774 2010 928 2046 logotheta
941 2011 977 2046 (c)
990 2010 1020 2038 in
1035 2009 1106 2038 aula
1119 2010 1285 2045 CPolitana,
1309 2010 1362 2038 sed
1376 2009 1460 2038 Mich.
1476 2008 1633 2044 Palmologi
1648 2008 1743 2044 gratia
1769 2007 1810 2036 ob

128 2052 319 2089 repudiatam
329 2055 372 2082 ιο.
389 2054 485 2089 Becci,
500 2055 691 2092 patriarchas,
707 2063 775 2083 cum
794 2054 902 2083 Latinis
913 2054 1107 2083 concordiam
1118 2054 1235 2087 excidit,
1251 2054 1367 2091 scriptis
1381 2054 1525 2082 adversus
1541 2053 1671 2087 Latinos,
1682 2052 1809 2088 aliisque

128 2099 344 2133 monumentis,
351 2099 464 2135 quibus
471 2102 644 2129 sanctorum
651 2100 828 2128 memoriam
836 2100 877 2135 (ά)
884 2099 1053 2130 celebravit.
1060 2100 1187 2135 novique
1192 2099 1407 2134 Metaphrastae
1413 2106 1522 2127 nomen
1530 2098 1642 2131 meruit,
1653 2097 1752 2125 clarus
1759 2098 1810 2132 (1)·

129 2141 257 2174 Quando
271 2144 373 2171 autem
393 2151 411 2172 a
424 2143 621 2172 Volaterrano
634 2147 661 2173 et
673 2145 716 2172 Jo.
733 2144 917 2180 Cuspiniauo
931 2144 1101 2180 Acropolita
1117 2144 1234 2179 citatur,
1250 2145 1337 2180 pater
1352 2143 1493 2178 Georgius
1508 2142 1689 2177 intelligitur,
1718 2149 1808 2178 quem

128 2186 266 2214 Labbeus
278 2187 309 2215 in
323 2189 509 2224 Protreptico
523 2189 564 2217 ad
575 2189 750 2225 Hist.Byz.,
767 2197 797 2225 p.
819 2190 863 2222 49,
878 2191 957 2216 recte
971 2189 1098 2223 monuit,
1113 2188 1196 2217 illum
1211 2189 1311 2225 ipsum
1327 2196 1390 2216 esse
1401 2189 1563 2216 Prwlorem
1575 2187 1706 2220 Gracia,
1721 2186 1808 2215 Chro-

127 2230 188 2258 nici
203 2238 223 2259 a.
232 2231 392 2261 Theodoro
408 2233 526 2261 Lascari
535 2233 634 2261 exorsi
645 2235 674 2261 et
684 2233 714 2261 in
724 2235 844 2269 recepta
859 2240 877 2261 a
887 2233 972 2261 Mich.
985 2232 1148 2268 Palaeologo
1160 2233 1241 2262 CPoli
1250 2232 1412 2261 desinentis
1423 2235 1587 2266 auctorem,
1598 2240 1690 2268 quem
1702 2233 1809 2260 testem

128 2275 256 2305 subinde
267 2277 337 2305 citat
347 2278 393 2306 Jo.
410 2277 611 2307 Leunclavius
625 2278 655 2306 in
663 2278 820 2306 Pandectis
833 2278 976 2306 Historia
987 2278 1119 2306 Turcicz
1133 2286 1139 2312 ;
1153 2285 1224 2306 nam
1235 2280 1263 2306 et
1279 2277 1479 2314 Acropolitam
1491 2277 1664 2313 Ephremus
1673 2276 1704 2304 in
1720 2275 1808 2304 Chro-

162 2356 202 2394 (a)
218 2356 288 2394 Vide
303 2357 439 2394 Allatium
450 2358 494 2386 De
509 2358 652 2394 Georgiis,
667 2365 697 2394 p.
714 2358 782 2394 78755.
793 2359 822 2386 et
847 2357 930 2386 Han-

127 2390 240 2429 gnum,
252 2393 295 2429 De
304 2393 378 2429 Byz.
391 2401 492 2421 rerum
498 2390 702 2429 scriptoribus,
712 2393 765 2422 lib.
775 2402 793 2421 ι.
805 2401 872 2429 cap.
884 2396 928 2426 33,

126 2427 322 2461 (FABR.)Add.
333 2427 367 2457 G.
388 2430 463 2457 Cave
474 2427 795 2463 Hist.rlitt.SS.'ErcL,
810 2427 882 2457 tom.
895 2430 929 2463 ll,

126 2469 156 2498 p.
169 2464 220 2490 312
234 2472 240 2497 ;
254 2464 283 2492 C.
294 2464 428 2492 Oudinus
436 2465 466 2492 in
475 2465 584 2493 Comm.
596 2465 690 2493 deSS.
700 2465 783 2498 ϐοείη
795 2467 867 2492 tom.
882 2464 927 2497 III,

124 2505 156 2537 ρ.
172 2499 234 2533 465,
248 2498 472 2537 Hambergerz.
487 2502 532 2537 N.,
549 2501 593 2533 ιν,
605 2508 634 2536 ρ.
650 2502 701 2528 835
712 2508 791 2537 sqq.,
806 2503 834 2528 et
850 2500 928 2528 Saxii

126 2532 230 2576 Ditem“.
248 2542 276 2576 ιιζ
289 2542 319 2570 p.
336 2532 399 2563 διά
415 2535 528 2576 (Hasta)

159 2568 199 2604 (b)
211 2568 407 2606 Paehjrmeres
417 2568 447 2599 in
458 2568 550 2599 Mich.
561 2571 729 2606 Palaologo
739 2572 783 2600 Vl.
793 2572 836 2598 26.
852 2572 927 2599 Con-

124 2603 449 2667 gerssPapehrochium,
481 2609 555 2635 tom.
585 2607 641 2639 Vll,
674 2603 742 2635 A'ct.
770 2606 817 2634 SS.
850 2606 925 2640 Maii,

124 2647 444 2713 ?.(:?'Constantinum
457 2677 669 2713 Acropolitam,
685 2677 808 2713 perinde
827 2679 861 2713 ut
875 2684 927 2713 pa-

124 2711 199 2738 trem
207 2712 377 2747 Georgium,
384 2713 503 2741 codices
511 2711 579 2740 mss.
586 2711 733 2747 maguum
741 2711 926 2747 logothetam

123 2749 240 2780 vocant,
254 2750 283 2775 et
294 2755 330 2776 ex
344 2748 402 2776 illis
414 2748 548 2784 Allatius,
565 2748 741 2777 Lambecius
751 2748 791 2784 [ν.
805 2748 845 2776 ad
861 2751 923 2777 not.

985 2358 1038 2393 d.],
1053 2358 1176 2394 cavens,
1191 2359 1246 2385 etc.
1259 2358 1316 2386 Sed
1331 2359 1360 2386 et
1369 2357 1554 2394 Pachymeri,
1569 2357 1678 2394 Vill,_8,
1695 2363 1808 2394 memo-

983 2392 1066 2431 ratur
1078 2392 1209 2431 ﬂammis
1222 2393 1368 2431 traditum
1376 2392 1539 2431 ώγγραμμα
1552 2396 1598 2431 rei?
1608 2392 1719 2431 παλαιοιξ
1728 2392 1805 2431 μεγά-

983 2428 1028 2468 λρυ
1043 2428 1179 2468 λογοθίτᾳιί
1188 2433 1234 2468 rex)
1249 2428 1590 2468 ’ztxpovro).ireu,'8éi_tiorfis
1606 2428 1714 2468 _magm'
1728 2428 1805 2468 logo-

985 2462 1081 2499 lhetw,
1095 2464 1133 2492 ad
1149 2462 1370 2492 distinctionem
1381 2472 1491 2495 nempe
1500 2463 1628 2492 Junioris
1644 2463 1745 2496 magni
1764 2462 1805 2499 lo-

983 2498 1121 2539 gotbetas,
1138 2500 1323 2528 Constantini
1336 2499 1584 2539 Acropolitte‘iilii.
1595 2499 1632 2526 de
1639 2505 1703 2539 quo
1714 2498 1807 2526 verba

983 2535 1173 2571 Pachymerue.
1186 2542 1343 2571 perperam
1367 2534 1472 2571 accipit
1486 2534 1620 2571 Allatius,
1631 2534 1676 2571 De
1690 2541 1807 2571 consep-

981 2578 1026 2603 εει,
1043 2569 1072 2606 p'.
1089 2572 1151 2598 780.
1168 2569 1317 2606 Q’uee'ipse
1328 2569 1483 2598 rectius'de
1496 2572 1578 2606 patre
1592 2569 1742 2606 intellegit,
1754 2569 1804 2596 lib.

982 2607 1024 2634 De
1035 2604 1222 2642 Georgiimp.
1243 2604 1304 2634 338.
1320 2604 1528 2642 Pachymere‘s,
1548 2608 1622 2642 tom.
1646 2605 1669 2642 Ir,
1766 2613 1803 2642 iv,

982 2650 1006 2669 c.
1018 2643 1062 2677 28,
1084 2640 1243 2678 p.72l3,‘de
1259 2641 1382 2676 Georgio
1397 2640 1551 2678 logotheta
1565 2649 1572 2668 :
1591 2640 1628 2678 _'0
1643 2641 1680 2671 εἰς
1706 2640 1806 2676 λογοθέ-

980 2687 1028 2708 τας
1055 2676 1137 2713 μέῖγας
1161 2679 1206 2703 καὶ
1248 2678 1326 2713 σρφὸς
1352 2678 1386 2703 τὰ
1409 2677 1534 2713 μάλιστα,
1571 2676 1637 2706 πλὴν
1660 2680 1806 2712 κατημελη-

980 2711 1061 2749 μένωξ
1072 2711 1122 2749 τῶν
1137 2712 1171 2743 εἰς
1187 2711 1340 2741 πνείδήσιν
1354 2711 1432 2749 ἔχων.

1016 2749 1057 2785 (αθ
1072 2748 1196 2776 Allatius
1210 2749 1252 2777 De
1263 2749 1430 2777 Simeonum
1445 2748 1574 2783 scriptis,
1590 2755 1620 2784 p.
1640 2748 1697 2775 t09.

160 2818 199 2853 (ί)
215 2817 286 2847 Vide
301 2826 394 2855 supra
409 2819 465 2848 col.
482 2821 544 2855 809,
561 2819 614 2848 ubi
626 2820 744 2849 exstant
763 2819 949 2849 Constantini
964 2819 1141 2857 Acropolitae
1157 2819 1268 2856 scripta
1282 2827 1351 2856 quae
1364 2821 1534 2856 supersunt.
1550 2820 1626 2847 Emr.
