4084 6206
172 0 453 73 ἒῗεῗεῖὶεῖρςδὲ

202 82 209 91 ν
232 78 257 101 ,β
320 78 331 83 τ
390 88 393 91 .
418 76 453 97 γι

176 112 249 155 τιέξ.

162 170 209 223 ..Αἱ
246 170 251 175 ι
270 164 291 207 ⁵.
442 164 447 167 1

148 228 211 271 ’,ξι

166 294 187 307 ..

154 326 205 347 ot

144 360 235 397 βξ..

196 480 213 505 ε.

142 522 177 565 .1,
216 548 223 553 .
288 516 291 517 ν

126 592 165 637 κῖ-

154 820 175 845 Δ.

156 862 185 873 σ
212 870 215 875 Ι

134 912 139 915 “
170 924 189 957 -⁴
226 922 233 939 ι

136 1026 187 1055 ,Τ-
222 1034 235 1055 ε.

130 1064 171 1087 \U
208 1058 235 1099 .,
298 1094 301 1095 ν

132 1106 153 1127 ν
196 1120 219 1135 η.

138 1144 169 1163 ,ι

254 1264 263 1279 Ι

120 1334 123 1339 .
150 1306 187 1349 Ι,

168 1370 197 1397 ᾖ

108 1420 121 1435 Ῥ
158 1420 159 1423 “
190 1436 197 1439 .

110 1424 169 1473 αξη
188 1448 199 1469 τ

124 1504 139 1533 \f
184 1490 201 1511 θ

96 1588 157 1609 ..Α

604 234 709 293 963
1862 228 2211 288 GEORGIUS
2250 229 2706 287 ACROPOLlTA.
3779 242 3861 293 964

591 358 976 416 Precationes
1012 356 1143 424 XIII,
1186 368 1339 425 quas
1385 352 1647 409 Michaeli
1687 352 2041 423 Palaeologo,
2086 353 2298 409 urbem
2348 353 2554 425 Cpolin
2616 352 2879 418 intranti,
2922 366 2985 407 se
3050 353 3457 424 composuisse
3506 360 3701 427 narrat,
3750 363 3859 416 c.87

592 448 876 504 Historiae
901 450 955 500 et
986 445 1187 499 Oratio
1208 444 1281 499 de
1309 448 1541 511 recepta
1570 442 1745 512 Cpoli
1774 443 1946 512 cujus
1979 446 2403 513 argumentum
2434 458 2565 514 cap.
2599 444 2667 497 89
2700 442 2897 511 refert,
2935 441 3376 500 interciderunt.
3410 443 3689 500 Addantur
3716 465 3727 501 :

668 536 871 592 Oratio
891 536 953 588 in
977 533 1261 602 templum
1292 532 1619 587 Dominicarz
1656 532 2109 587 resurrectionis
2140 531 2631 598 mstauratum,in
2672 532 2973 601 cod.3088,
3014 531 3378 603 publ.Paris.
3417 533 3719 603 Logotheta'
3740 537 3859 595 dom.

594 625 831 694 Georgii
844 622 1202 690 Acropolitw
1221 620 1464 677 iambici
1494 636 1697 677 versus
1729 620 1900 688 LXlll,
1924 621 2026 692 qui
2076 625 2214 677 sunt
2257 620 2624 676 Praefationis
2686 620 2821 676 loco
2874 620 2936 675 in
2983 619 3275 676 Theodori
3331 621 3580 676 Lascaris
3614 624 3859 693 Epistolas.

589 714 736 770 Tum
773 710 1040 767 Lascaris
1069 710 1332 782 epistolae
1361 713 1450 778 38,
1484 709 1561 765 ad
1594 724 1885 779 magnum
1912 707 2343 781 philosophum
2379 711 2541 765 Dom'
2577 710 2791 779 Georg.
2832 710 3246 779 Acropolitam
3287 713 3419 764 ante
3442 710 3721 767 Marcionis
3744 711 3861 785 lega-

590 802 817 859 tionem
849 800 926 857 ad
955 800 1250 855 Joannem
1282 799 1533 865 Ducam,
1574 797 1902 869 Florentiae,
1924 796 1986 853 in
2016 798 2147 854 cod.
2182 799 2456 866 Laurent,
2480 797 2686 854 Medic.
2719 803 2807 866 35,
2843 797 2990 870 plut.
3026 800 3091 853 59
3135 812 3321 870 quem
3367 798 3598 869 copiose
3650 808 3860 859 recenset

590 889 846 946 Bandin.
880 890 941 944 in
972 893 1068 944 cat
1101 930 1113 943 .
1146 888 1325 944 codd.
1350 890 1449 943 Gr.
1487 888 1551 942 Η.
1581 902 1642 959 p.
1680 892 1782 942 555
1816 902 1907 958 sq.

664 979 967 1051 Ἐπιτάφιος
1003 985 1077 1048 τῷ
1112 974 1340 1050 ἀοιδίμῳ
1382 974 1599 1049 βασιλεί
1620 983 1761 1047 κυρῷ
1805 975 2012 1047 Ἰωάννῃ
2089 983 2161 1047 τῷ
2225 981 2277 1028 Δ(

2245 978 2395 1049 1ούκᾳ
2456 977 2519 1032 in
2582 976 2720 1033 cod.
2788 977 3059 1034 Naniano
3123 976 3249 1044 281,
3312 990 3374 1032 n.
3439 978 3552 1033 109.
3612 978 3669 1036 γ.
3720 980 3858 1046 Catal,

591 1068 769 1126 codd.
791 1069 883 1124 Gr.
918 1071 1089 1138 Nan.,
1122 1082 1262 1139 pag.
1302 1069 1425 1122 474.

658 1155 1159 1231 Ερισηροσκώληκος
1201 1156 1437 1227 Georgii
1490 1155 1823 1225 Logothetae
1885 1153 2271 1226 interpolator

2246 1169 2274 1209 r
2330 1154 2405 1210 de
2459 1170 2521 1211 se
2577 1156 2756 1228 ipso:
2822 1154 3125 1231 Παραϐολαὶ
3189 1157 3326 1208 κατὰ
3384 1156 3603 1231 Μάρκον,
3634 1155 3859 1224 ιθίᾱεε,ἱη

586 1246 735 1314 bibl,
778 1245 950 1319 publ.
981 1246 1131 1301 inter
1159 1244 1338 1300 codd.
1372 1243 1643 1300 Vossian.
1678 1242 1822 1298 Vide
1845 1241 2025 1298 Catal.
2080 1242 2238 1298 illius
2262 1242 2431 1309 bibl.,
2466 1260 2526 1316 p.
2561 1248 2684 1311 402,
2712 1261 2774 1302 n.
2828 1251 2918 1305 17.

658 1335 920 1406 Gregorii
941 1334 1291 1390 Nazianzeni
1318 1334 1615 1390 orationes
1645 1336 1730 1399 16,
1764 1347 1903 1387 cum
1929 1330 2231 1404 perpetuis
2270 1331 2531 1405 scholiis,
2561 1333 2623 1389 in
2654 1339 2879 1391 catenae
2906 1334 3159 1391 modum
3188 1332 3712 1405 contextis,Georgii
3732 1336 3863 1392 Acro-

580 1425 814 1496 politae,
840 1423 1096 1480 Maximi
1124 1423 1479 1492 confessoris
1502 1428 1556 1479 et
1605 1420 1827 1477 Basilii
1875 1421 2125 1487 minimi,
2169 1422 2451 1477 Caesarea:
2505 1422 2791 1496 episcopi,
2841 1423 2977 1479 cod.
3026 1422 3318 1487 Naniano,
3368 1423 3500 1477 cod.
3527 1425 3611 1478 64.
3652 1422 3763 1478 Vid.
3790 1426 3859 1479 Cas

586 1514 687 1572 tal.
717 1513 894 1571 codd.
929 1515 1022 1570 Gr.
1054 1516 1200 1569 Nan.
1244 1527 1385 1584 pag.
1424 1514 1541 1567 H4.
1573 1509 1724 1566 Add.
1753 1507 1909 1565 infra
1937 1509 2011 1565 de
2065 1508 2344 1579 Gregorio
2372 1510 2643 1568 Nazianz.
2701 1512 2805 1570 lib.
2862 1530 2916 1580 v,
2952 1528 3086 1586 cap.
3140 1515 3225 1581 13,
3255 1509 3373 1566 vol.
3424 1509 3526 1579 Vll,
3557 1525 3612 1583 p.
3635 1511 3721 1567 540
3761 1511 3860 1569 edit.

586 1605 703 1660 vet.
772 1608 945 1658 HARL.

939 1691 1123 1748 Iedezc
1146 1692 1555 1761 episcoporum
1584 1694 1639 1746 et
1665 1689 1924 1746 aliorum
1947 1688 2365 1759 quorumdam,
2397 1688 2462 1745 in
2494 1689 2863 1760 Acropolitw
2880 1690 3156 1748 Historia
3192 1692 3659 1746 memoratarum.

1582 1777 1872 1850 (Numeris
1887 1776 2103 1848 capita,
2136 1792 2259 1833 non
2288 1779 2525 1849 pagina:
2557 1779 2994 1854 designantur.)

654 1868 995 1943 Acropolita
1023 1869 1098 1926 de
1130 1885 1191 1924 se
1221 1883 1352 1940 cap.
1384 1868 1475 1939 27,
1508 1869 1599 1935 29,
1629 1868 1717 1937 32,
1772 1869 1860 1934 39,
1912 1868 1982 1919 Τὸ
2006 1869 2149 1937 ’γένος
2191 1885 2267 1938 ne;

2246 1868 2482 1938 ιριφανές,
2531 1884 2721 1940 genus
2771 1870 2901 1942 ejus
2942 1870 3170 1930 illustre
3194 1878 3287 1933 32.
3322 1870 3659 1947 Imperatori
3680 1868 3859 1941 iunctus

583 1958 890 2027 affinitate,
922 1963 1009 2015 70.
1034 1956 1432 2030 Imperatoris,
1464 1955 1712 2012 Joannis
1766 1957 2047 2017 Vatatzaa,
2082 1956 2326 2010 nomine
2353 1955 2633 2027 epistolas
2680 1959 2916 2033 scripsit
2940 1965 2999 2017 et
3050 1961 3505 2035 imperatorium
3552 1958 3773 2030 sigillum
3788 1955 3860 2010 im-

578 2049 816 2123 pressit,
847 2050 934 2115 44,
966 2050 1053 2103 49.
1082 2045 1271 2102 Judex
1286 2046 1360 2101 de
1390 2044 1557 2101 Mich.
1588 2045 1914 2110 Comneno,
1939 2046 2026 2098 50.
2056 2046 2119 2098 In
2144 2043 2434 2101 Theodori
2461 2046 2741 2113 Junioris,
2769 2064 2953 2121 quem
2974 2050 3035 2106 in
3058 2050 3259 2124 logica
3302 2051 3609 2125 disciplina
3663 2046 3862 2103 institue-

578 2142 689 2209 rat,
713 2136 1189 2207 indignationem
1219 2133 1443 2201 incidit,
1478 2136 1567 2189 63.
1601 2132 1662 2187 Ei
1687 2131 2123 2199 reconciliatur,
2164 2132 2307 2188 ibid.
2371 2136 2582 2192 Praetor
2639 2137 2971 2195 Occidentis
3016 2142 3401 2213 constitutus,
3435 2144 3519 2213 66,
3565 2143 3647 2207 67,
3673 2140 3745 2202 68,
3793 2135 3854 2188 70.

546 2226 917 2295 ;AMichaele
942 2223 1226 2298 perduelli
1261 2226 1491 2296 captus,
1522 2226 1611 2288 72,
1650 2224 1718 2276 79
1743 2225 1829 2278 83.
1858 2220 2112 2291 Legatus
2138 2220 2217 2277 ad
2247 2222 2686 2295 Constantium,
2712 2226 3105 2297 Bulgarorum
3126 2230 3485 2303 principem,
3535 2230 3615 2284 84.
3662 2218 3858 2279 Michaeli

582 2317 889 2372 Comneno
910 2314 1268 2371 solemnium
1292 2327 1539 2386 precum
1562 2309 2151 2367 tredecimformulas
2185 2312 2639 2385 componitpost
2660 2320 2902 2388 captam
2927 2318 3157 2390 Cpolin,
3181 2323 3271 2375 87.
3290 2318 3577 2377 Orationis
3602 2315 3668 2372 de
3684 2314 3859 2383 recepta

583 2404 788 2477 Copoli
816 2407 1258 2474 argumentum,
1283 2402 1370 2456 89.
1396 2403 1585 2456 Duces
1618 2399 1993 2455 exercituum
2022 2415 2133 2455 nec
2159 2400 2407 2458 omnino
2454 2401 2795 2463 laudandos
2836 2407 3088 2481 judicat,
3163 2424 3278 2466 nec
3329 2404 3744 2484 vituperandos,
3788 2395 3857 2454 sed

582 2493 789 2550 omnia
812 2492 911 2547 Dei
931 2496 1079 2547 nutu
1100 2492 1247 2553 ﬁeri,
1281 2492 1370 2557 44,
1394 2492 1485 2545 46.

650 2581 1025 2637 Andronicus
1053 2581 1415 2647 Comnenus,
1457 2576 1754 2633 Michaelis
1789 2576 1938 2647 imp.
1966 2574 2143 2647 ﬁlius,
2172 2578 2262 2632 89.

650 2669 1032 2726 Andronicus
1055 2667 1299 2734 Muzalo,
1331 2680 1592 2736 magnus
1613 2665 2001 2732 domesticus,
2035 2668 2121 2721 63.

651 2759 1047 2827 Andronicus,
1080 2757 1394 2815 Sardensis
1423 2755 1762 2828 episcopus,
1792 2759 1884 2813 84.

650 2850 952 2917 Arsenius,
984 2865 1015 2905 e
1036 2848 1341 2905 monacho
1368 2862 1490 2902 una
1518 2844 1902 2902 hebdomade
1932 2844 2247 2917 diaconus,
2273 2846 2554 2904 sacerdos
2602 2852 2659 2905 et
2714 2851 3077 2923 patriarcha,
3121 2858 3207 2911 53.
3232 2854 3605 2912 Theodorum
3626 2846 3859 2921 iuniorem

577 2940 747 3007 ibid.,
779 2944 837 2995 et
862 2938 1030 2996 Mich.
1054 2939 1427 2995 Comnenum
1456 2938 1723 3007 coronat,
1756 2940 1847 2991 77.
1872 2934 2207 3007 Depositus,
2238 2936 2325 2990 84.
2353 2934 2683 3009 Nicephoro
2713 2940 3003 2998 exstincto
3028 2941 3246 3001 iterum
3277 2943 3596 3006 restitutus,
3617 2935 3742 2994 ibid.
3780 2927 3860 2987 Sed

577 3029 742 3103 Cpoli
757 3034 998 3101 recepta
1017 3028 1259 3098 absens,
1285 3030 1372 3083 88.

646 3122 845 3176 Aurea
883 3118 1065 3188 Bulla,
1107 3132 1144 3174 a
1165 3119 1395 3174 Joanne
1421 3118 1584 3173 Duca
1611 3115 1761 3187 imp.
1788 3112 2274 3171 Melenicensibus
2304 3113 2469 3185 data,
2496 3118 2589 3174 44.
2620 3116 2748 3175 Alia
2767 3117 3083 3177 ﬁrmandis
3109 3116 3705 3181 Thessalonicensium
3722 3107 3853 3186 privi-

580 3207 771 3280 legiis,
802 3211 892 3264 45.

650 3297 919 3355 Balduini
938 3296 1085 3369 imp.
1140 3294 1429 3353 interfecti
1498 3296 1681 3366 caput
1729 3291 1945 3349 Joanni
1988 3291 2133 3363 regi,
2172 3308 2282 3365 pro
2342 3291 2583 3367 poculo,
2647 3299 2731 3352 13.
2788 3297 2970 3369 Regia
3032 3299 3295 3371 insignia
3355 3299 3517 3375 Cpoli
3562 3296 3737 3368 capta,
3795 3288 3855 3342 86-

648 3386 1067 3445 Constantinus
1097 3384 1419 3451 Cabasilas,
1442 3383 1714 3440 Achridis
1744 3381 2031 3451 Bulgariaa
2054 3382 2567 3457 archiepiscopus,
2590 3388 2679 3442 80.

646 3478 903 3534 Joannes
928 3477 1294 3541 Camaterus,
1312 3472 1657 3546 patriarcha
1677 3470 1870 3542 Cpol.,
1892 3485 2026 3543 cap.
2057 3474 2110 3527 6.

646 3565 988 3636 Canipanus
1018 3559 1408 3625 δυσνούστατος
1438 3565 1574 3615 κατὰ
1597 3564 1685 3614 τὸν
1710 3561 1938 3631 κωμικὸν
1963 3559 2259 3632 (Aristoph

1554 3564 1685 3614 Ξιτὸν
1710 3561 1938 3631 κωμικὸν
1963 3559 2307 3633 (Aristoph)
2336 3560 2381 3614 si
2415 3582 2503 3616 και
2552 3568 2624 3637 μὴ
2650 3565 3047 3640 κλεπτίστατος,
3079 3570 3167 3625 45.

650 3653 1011 3726 Chrysopus,
1032 3654 1171 3724 equi
1190 3667 1433 3718 nomen,
1460 3656 1548 3707 61.

649 3742 1047 3812 Constantius,
1064 3743 1534 3814 Mesopotamita,
1557 3737 1937 3812 metropolita
1964 3737 2527 3811 Thessalonicensis,
2558 3745 2647 3800 21.

647 3832 931 3892 Cosmidii
959 3832 1391 3890 monasterium
1411 3848 1597 3905 prope
1618 3831 2019 3895 Blachermas,
2062 3828 2149 3882 88.

647 3925 800 3981 Crux
824 3922 1210 3997 imperatoria
1248 3937 1285 3979 a
1311 3922 1578 3993 Bulgaris
1618 3927 1813 3995 capta,
1847 3924 1937 3980 11.

647 4016 804 4091 Κύριε
833 4013 1061 4078 ἐλέησον,
1095 4011 1316 4068 centies
1336 4011 1674 4085 repetitum,
1710 4015 1799 4068 88.

646 4089 997 4174 Demetrius,
1030 4102 1320 4173 Bulgaria:
1339 4102 1855 4176 archiepiscopus,
1885 4104 1976 4160 2t.
1996 4103 2312 4177 Αὐτόνομος,
2346 4099 2488 4157 ibid.
2520 4098 2719 4172 [Alius
2740 4100 3093 4175 Demetrius,
3119 4101 3414 4161 Theodori
3439 4099 3612 4167 ﬁlius,
3639 4089 3853 4164 despota,

576 4207 710 4265 cap.
748 4191 866 4263 45.]

644 4283 750 4336 Per
774 4278 1043 4335 dulleum
1076 4282 1131 4335 et
1160 4278 1386 4334 ferrum
1416 4278 1685 4336 candens
1716 4280 2019 4351 purgatio,
2064 4285 2151 4337 50.
2192 4286 2257 4335 At.

2240 4282 2289 4333 ιὰ
2319 4280 2535 4333 θανάτου
2589 4278 2838 4353 ἔγγελχος
2861 4296 2971 4353 per
2998 4280 3208 4338 mortis
3235 4282 3539 4340 intentatee
3563 4270 3853 4351 prasente!!!

572 4374 847 4428 mentum
870 4366 1146 4440 quaestio,
1180 4367 1323 4423 ibid.

644 4438 945 4531 ’nybxho;
967 4452 1270 4526 παίδευσις,
1295 4458 1385 4511 29.
1409 4457 1771 4530 Μαθημάτιων
1802 4462 1894 4511 καί
1918 4457 2215 4535 ὑψηλοτέρα
2233 4466 2332 4513 τῶν
2369 4457 2533 4532 λόγων
2566 4438 2863 4529 παίδευσιξ,
2911 4460 2999 4515 32.

644 4550 883 4605 Festum
908 4542 1468 4615 Transﬁgurationis
1503 4546 1735 4618 Christi,
1774 4550 1862 4604 63.

640 4637 926 4709 Georgius
937 4634 1118 4705 Clida,
1144 4633 1327 4706 Cyzici
1352 4635 1752 4708 metropolita,
1800 4639 1890 4693 88.

642 4729 976 4786 Germanus
1002 4722 1365 4798 patriarcha,
1388 4726 1475 4795 33,
1498 4727 1586 4781 42.

641 4818 936 4877 Gradibus
964 4814 1044 4873 ad
1074 4812 1336 4871 Ecclesia
1357 4813 1671 4886 prohibitis
1702 4813 2009 4873 connubia
2030 4814 2489 4888 imperatoribus
2512 4814 2959 4889 permittuntur,
2983 4819 3070 4874 50.

642 4910 935 4983 Γραμματα
972 4904 1215 4980 ἐρωτικά,
1248 4907 1337 4960 68.

640 4996 958 5068 Hyacinthi
991 4992 1421 5051 monasterium
1441 4996 1525 5062 10,
1563 4997 1645 5066 18,
1666 4995 1755 5050 42.

641 5063 1045 5157 Imperatoriae
1084 5083 1312 5150 litterae,
1340 5082 1525 5139 rubro
1564 5063 1951 5154 consignatae,
1982 5081 2072 5150 26,
2142 5086 2230 5140 38.
2297 5086 2647 5157 Imperator,
2680 5087 2850 5141 scuto
2879 5082 3171 5154 insidens,
3205 5080 3621 5156 proclamatur.
3670 5071 3745 5136 53,
3783 5063 3849 5117 77-

642 5174 830 5243 Irene,
852 5173 1230 5247 imperatoris
1255 5188 1445 5244 soror,
1476 5188 1537 5229 in
1564 5173 1900 5230 monastico
1922 5171 2132 5229 habitu
2158 5172 2423 5245 Eulogia,
2450 5178 2538 5231 86.

637 5265 918 5329 Joannes,
941 5262 1492 5334 Hierosolymorum
1518 5279 1640 5331 rex,
1655 5266 1917 5321 27.Hunc
1936 5262 2239 5333 octoginta
2258 5279 2452 5322 annos
2466 5267 2678 5321 natum
2698 5266 2754 5320 et
2774 5262 2934 5321 mole
2950 5262 3217 5336 corporis
3230 5260 3571 5331 viribusque
3582 5249 3846 5319 ίηείεηθων

569 5351 713 5409 vidit
742 5358 797 5407 et
825 5353 1078 5408 miratus
1103 5355 1193 5406 est
1215 5350 1571 5423 AcrOpolita,
1612 5352 1758 5409 ibid.

638 5441 1006 5512 Joannicius,
1040 5439 1360 5512 episcopus
1388 5440 1943 5515 Philadelphiensis,
1987 5446 2076 5501 84.

636 5533 893 5591 Joannes
929 5506 1386 5602 Macrotes,—quo
1415 5529 1495 5587 ad
1523 5506 1803 5604 epistolas
1831 5506 2038 5606 magni
2062 5532 2353 5591 momenti
2378 5532 2728 5592 scribendas
2767 5547 2911 5591 usus
2934 5533 3193 5591 Joannes
3258 5531 3519 5589 Vatatzes
3564 5522 3726 5591 imp”
3767 5506 3837 5561 43-

566 5624 756 5684 Judex
792 5621 868 5683 de
897 5619 1066 5680 Mich.
1100 5620 1448 5691 Commeno,
1483 5624 1570 5680 50.
