2042 3103
143 168 195 195 965
909 167 949 195 NC

1014 169 1057 196 ιΑ.
1768 173 1816 198 965

177 227 328 263 Josephus
344 226 580 263 Mesopotamita,
595 228 822 262 grammaticus.
836 228 881 256 49.

175 271 376 306 Jurisjurandi
391 271 531 305 formula,
552 273 590 307 μὰ
603 274 662 303 τοὺς
674 273 776 308 λόγους,
792 275 835 301 65.

175 316 291 345 Manuel
303 315 447 351 Lascaris,
459 316 535 344 inter
550 317 717 345 monachos
732 317 850 346 Maximi
865 325 977 346 nomen
992 317 1128 352 adscivit,
1143 319 1185 346 59.
1203 318 1444 354 Protosebastus,
1459 321 1504 349 60.

176 360 302 395 Manuel,
317 360 595 389 Thessalonicensis
615 361 716 398 episc.,
735 363 779 390 84.

175 404 300 440 Manuel,
312 404 494 441 patriarcha,
513 407 555 434 i8.
572 405 690 434 Maximi
703 413 869 442 successor,
893 408 936 435 t9.
964 407 1035 434 Vere
1059 406 1102 434 vir
1127 406 1335 443 philosophus,
1357 408 1429 436 ibid.
1457 408 1565 437 Pietate
1600 410 1734 444 insignis,
1760 410 1823 449 lice_

136 449 252 478 litteras
267 456 377 485 parum
391 449 497 477 doctus
509 452 537 478 et
551 450 638 479 uxori
649 451 785 486 junctus,
801 451 845 481 51.
861 452 991 479 Mortuus
1007 450 1098 487 paulo
1116 453 1183 479 ante
1198 451 1410 488 imperatorem
1421 453 1566 481 Joannem
1594 455 1752 487 Vataztem,
1779 457 1810 482 53

176 493 351 527 Methodius,
364 494 540 522 monasterii
550 494 708 530 Hyacinthi
724 494 832 529 abbas,
854 495 1024 531 patriarcha
1038 503 1092 532 per
1102 497 1160 524 tres
1171 503 1292 524 menses
1304 496 1398 533 Cpol.,
1413 498 1458 526 42.

175 537 272 566 Mariae
287 538 473 573 Hodegetriae
488 538 603 574 imago,
616 541 662 567 88.

175 581 322 610 Michaelis
337 582 511 618 archangeli
530 583 691 619 templum,
702 585 748 617 2'2,
764 585 808 612 85.

173 625 503 655 MichaelAuctorianus
517 627 696 663 patriarcha.
726 628 767 655 19.
796 629 894 664 Λόγοις
921 638 979 665 τυοη

1014 640 1069 665 νων,
1099 631 1142 656 καὶ
1170 631 1258 661 πάσης
1285 635 1389 668 γραφῆς
1414 632 1536 669 ἔμπειρος
1562 637 1610 663 τῆς
1638 643 1664 658 τε
1694 634 1820 669 ἡμετέροις

140 672 191 696 καὶ
205 674 252 702 τῆς
269 671 388 708 θύραθεν,
401 672 428 699 ϐ.

1802 694 1804 696 τ
1817 688 1820 695 ι

175 714 297 743 Michael
323 715 495 744 Comnenus
520 715 706 751 Palaeologus
720 716 931 753 purgationem
945 725 999 754 per
1010 718 1122 747 ferrum
1134 719 1269 747 candens
1279 720 1443 756 prudenter
1458 720 1597 754 declinat,
1618 724 1660 749 50.
1677 722 1746 757 Ejus
1757 730 1792 758 ep
1802 723 1822 749 i-

134 759 227 795 stola,
242 760 286 789 64.
303 759 419 796 Scripto
437 761 519 789 tomo
534 768 553 789 a
566 761 737 797 patriarcha
751 763 779 790 et
790 761 855 789 aliis
869 762 1018 799 episcopis
1033 763 1073 791 ad
1085 763 1244 800 imperium
1255 765 1481 802 suscipiendum
1495 765 1645 800 invitatur,
1669 769 1712 794 75.
1746 767 1824 802 (:poli

133 806 260 839 recepta
273 804 479 840 patriarcham
489 805 521 833 in
536 806 658 833 tronum
672 805 809 841 restituit,
824 806 870 835 89.

176 847 430 883 Morotheodorus,
442 851 471 877 7.

176 893 262 921 Joan.
273 893 396 928 Muzalo,
410 901 425 921 e
436 894 564 930 mystico
580 894 760 930 monachus,
775 896 820 923 40.

179 938 321 973 Georgius
333 937 457 973 Muzalo,
470 938 516 968 75.

178 982 366 1010 Andronicus
380 982 507 1018 Muzalo,
521 985 568 1011 63.

180 1026 379 1063 Mitylenensis
392 1027 648 1064 archiepiscopus,
666 1028 710 1055 74.

180 1071 321 1106 Nazareni,
337 1079 393 1108 pro
408 1072 577 1107 monachis,
593 1073 637 1100 42.

181 1120 366 1157 Nicephorus
378 1120 743 1157 Alyates,grammaticus,
757 1122 802 1149 49.
815 1120 974 1149 Praefectus
993 1119 1126 1155 caniclei,
1141 1120 1187 1155 75,
1199 1121 1244 1148 79.

179 1164 363 1201 Nicephorus
375 1164 562 1199 Blemmides,
573 1165 772 1201 philosophus
791 1165 1066 1198 excellentissimus,
1083 1164 1114 1192 in
1127 1163 1231 1199 logicis
1245 1163 1421 1200 Acropolitaa
1431 1167 1607 1201 praeceptor,
1640 1169 1681 1194 32.
1710 1169 1821 1195 Praece-

142 1210 214 1245 ptor
226 1208 315 1237 etiam
324 1208 471 1238 Theodori
480 1209 609 1237 Junioris
624 1209 710 1245 imp.,
721 1209 957 1245 patriarchatum
973 1208 1054 1238 CPol.
1070 1208 1191 1245 respuit,
1204 1210 1246 1236 53.
1262 1208 1372 1244 Ephesi
1385 1212 1534 1243 versatus,
1551 1211 1594 1237 87.

178 1252 363 1289 Nicephorus
378 1260 414 1281 ex
429 1253 617 1290 metropolita
632 1253 782 1290 Ephesino
792 1253 973 1290 patriarcha,
989 1255 1033 1282 84.
1049 1255 1113 1282 Non
1127 1260 1181 1290 per
1190 1260 1306 1281 annum
1325 1253 1484 1289 integrum,
1501 1253 1573 1282 ibid.

182 1297 376 1333 Nicephorus,
393 1298 603 1333 Tarchoniata,
618 1305 749 1333 magnus
761 1298 954 1332 domesticus,
966 1301 1010 1330 36,
1029 1300 1074 1326 40.

182 1342 329 1377 Nicolaus,
345 1342 481 1371 medicus
494 1343 603 1376 bonus,
618 1342 818 1379 philosophas,
830 1343 924 1378 rudis,
940 1345 983 1372 39.
998 1343 1143 1378 Dignitate
1156 1342 1316 1376 actuarius,
1329 1342 1531 1372 sivemedicus
1541 1343 1819 1380 imperatoris,ibz’d.

180 1387 351 1415 Palmarum
366 1387 414 1415 die
427 1387 638 1425 triumphantis
657 1396 741 1417 more
755 1388 863 1417 urbem
872 1388 991 1424 ingredi
1005 1387 1107 1417 solitus
1121 1387 1294 1424 imperator,
1308 1389 1351 1415 52.

181 1432 274 1467 Papa,
284 1433 312 1466 2,
326 1432 370 1464 14,
385 1432 426 1460 i7.

182 1476 359 1505 Patriarchae
371 1476 409 1505 ab
422 1477 655 1514 imperatoribus
667 1477 794 1507 libenter
804 1478 1001 1512 asciscuntur,
1013 1477 1065 1514 qui
1079 1475 1234 1505 desideriis
1258 1483 1363 1504 eorum
1388 1483 1449 1505 non
1471 1476 1667 1512 refragentur,
1696 1480 1738 1505 42.
1766 1480 1821 1506 Nec

139 1520 236 1549 nimis
249 1521 380 1557 sapiant,
396 1524 440 1550 53.

181 1565 327 1601 Pelagius,
342 1565 470 1601 legatus,
486 1567 549 1595 sive
565 1567 688 1596 nuntius
702 1567 852 1604 pontiﬁcis
867 1569 964 1603 Rom.,
977 1569 1019 1596 l7.

181 1611 266 1638 Joan.
281 1610 475 1646 Petraliphas,
490 1618 620 1646 magnus
632 1611 841 1645 chartularius,
852 1611 914 1640 sive
928 1611 1136 1646 cancellarius,
1147 1610 1192 1646 37,
1207 1612 1252 1639 4ο.

180 1654 301 1683 Phidias
317 1656 489 1690 statuarius,
505 1657 550 1690 50,

181 1699 305 1733 Phocas,
317 1699 507 1736 metropolita
524 1699 803 1736 Philadelphiensis,
819 1702 864 1729 50.

181 1743 274 1772 Poeta
284 1743 464 1780 (Homerus),
476 1747 521 1779 55,
532 1746 577 1779 63,
594 1747 640 1773 69.

179 1788 340 1817 Praxiteles
353 1789 522 1824 statuarius,
543 1789 588 1818 50.

183 1833 351 1861 Proverbia:
368 1833 427 1860 Ἐπὶ
442 1833 521 1871 ξυροῦ
534 1836 566 1862 in
595 1835 659 1863 acie
685 1834 851 1869 novacula,
878 1836 905 1870 9,
933 1836 978 1863 65.

1017 1837 1050 1861 Εν
1081 1837 1161 1870 στενῷ
1185 1841 1233 1862 res
1251 1833 1283 1861 in
1307 1833 1453 1868 angustiis
1480 1834 1657 1868 constitutae,
1688 1837 1730 1862 ἥς).
1765 1837 1823 1867 ,Επὶ

139 1877 239 1913 κύϐου,
255 1885 377 1912 securae,
396 1878 467 1906 ibid.
482 1878 604 1916 Στριϐλὸν
624 1878 710 1912 ξύλον,
740 1878 829 1906 οὓποτ¹
854 1878 940 1916 ὀρθὸν,
965 1881 1009 1906 καὶ
1034 1880 1047 1906 ὁ
1073 1878 1178 1914 Αἰθίωψ
1200 1878 1247 1905 οὐκ
1279 1876 1347 1905 οἶδεν
1375 1877 1566 1912 λευκαίνεσοαι,
1596 1881 1639 1906 49”
1668 1882 1750 1909 Σκηνὴ
1780 1884 1824 1906 τοῦ

141 1920 281 1959 δράματος
303 1922 337 1953 εἰς
362 1921 512 1960 τραγῳδίαν
538 1924 737 1960 μιμοκφωμένη,
771 1924 817 1952 63.
858 1923 936 1961 Ἐρὼν
960 1922 1039 1960 ἄκων,
1081 1924 1127 1958 84,
1152 1925 1276 1960 Φρόνημα.
1314 1924 1359 1949 καὶ
1394 1920 1461 1953 εἶδος
1501 1923 1654 1961 τυραννίδος
1690 1924 1769 1956 ἄξων,
1813 1924 1825 1949 ὁ

142 1969 214 2003 φησι
228 1976 268 1998 τις
283 1970 334 1993 τῶν
351 1967 479 2001 παλαιῶν,
493 1969 526 1995 65
553 1969 702 2000 Φυζακινῆς
729 1967 822 2004 ἰλάφου
855 1966 968 2005 κραδίην
996 1968 1076 2005 ἔχων,
1105 1969 1146 1996 59.
1175 1968 1222 1994 Διὰ
1249 1968 1342 2004 μικρὸν
1371 1976 1398 1993 τι
1424 1965 1515 2004 κέρδος
1536 1969 1566 1994 τὸ
1596 1968 1678 2003 φιλίας
1701 1968 1825 2005 meam.

140 2021 197 2039 των
212 2014 258 2039 καὶ
276 2014 431 2038 καταπᾶτῶν
446 2011 579 2047 κύπιλλον,
593 2014 742 2042 70.Πᾶσαν
756 2014 882 2049 μηχανὴν
897 2015 943 2040 καὶ
965 2014 1051 2041 πάντα
1076 2012 1160 2040 κάλων
1191 2015 1280 2047 κινεῖν,
1303 2012 1348 2039 81.
1374 2012 1423 2039 Τὸν
1443 2014 1503 2050 πιρὶ
1528 2012 1621 2048 ψυχῆς
1648 2015 1761 2048 τρέχειν,
1778 2014 1823 2040 81.

180 2055 342 2094 Σωσάνδρων
356 2057 584 2094 monasterium,
598 2057 644 2085 88.

182 2101 277 2130 Studii
294 2101 521 2135 monasterium,
537 2103 581 2130 88.

181 2146 354 2175 Theodorus
365 2146 467 2175 Junior
482 2147 568 2183 imp.,
579 2145 653 2178 ἀετὸς
668 2148 754 2184 ταχὺς
769 2147 940 2176 amilitibus
952 2147 1132 2185 appellatus,
1147 2149 1190 2176 58.
1206 2146 1291 2175 Morti
1315 2145 1434 2174 vicinus
1463 2146 1495 2175 in
1518 2147 1701 2183 poenitentiae
1733 2146 1825 2174 fidem

142 2191 289 2220 monachi
307 2190 405 2219 induit
413 2191 562 2226 habitum,
579 2193 624 2220 74.

177 2235 349 2265 Theodorus
358 2237 573 2272 Exapterygus,
578 2236 754 2273 Acropolitae
760 2238 936 2274 praeceptor,
941 2236 974 2266 in
996 2236 1216 2267 mathematicis
1222 2243 1284 2266 non
1290 2235 1457 2266 admodum
1464 2237 1620 2273 prastans,
1633 2236 1663 2263 in
1670 2236 1825 2264 rhetoricis

145 2280 297 2317 egregius,
310 2282 354 2309 32.

182 2325 358 2355 Theodorus
376 2325 516 2361 Irenicus,
537 2326 717 2362 cognomine
730 2327 838 2363 Copas,
853 2326 1033 2364 patriarcha,
1049 2327 1081 2354 l9

182 2369 228 2399 Ad
242 2370 432 2399 Theodorum
444 2370 720 2407 Contostephanum
734 2371 890 2400 instructio
904 2371 978 2408 imp.
994 2371 1117 2400 Joannis
1123 2371 1259 2406 Vatatzze,
1273 2370 1383 2407 scripto
1390 2370 1510 2405 tradita,
1521 2369 1674 2407 quomodo
1682 2369 1777 2397 aciem
1785 2369 1824 2396 ad

144 2423 251 2444 versus
262 2414 379 2443 Latinos
391 2422 583 2451 componere,
603 2415 727 2452 quando
744 2417 773 2444 et
787 2415 840 2444 ubi
859 2415 1021 2450 conﬂigere
1035 2415 1167 2450 deberet,
1176 2417 1223 2444 48.

181 2459 303 2488 Trinobi
316 2459 478 2496 epiacopus
486 2459 642 2496 αὐτονομίας
658 2460 710 2496 jus
717 2461 746 2488 et
760 2460 940 2497 patriarcha
954 2467 1067 2489 nomen
1082 2459 1139 2488 sibi
1150 2459 1294 2494 vindicat,
1305 2461 1350 2488 33.

181 2504 351 2541 szritbon,
367 2511 497 2540 magnus
509 2504 727 2540 charitularius,
738 2505 785 2532 45.

183 2550 274 2577 Xerus
287 2548 475 2584 metropolita
489 2548 643 2585 Naupacti,
659 2550 704 2583 49,

179 2593 356 2629 Acropolitm
371 2593 410 2621 ab
424 2593 529 2621 Allatio
543 2592 707 2629 subjicitur,
722 2601 751 2630 p.
770 2594 820 2622 146
829 2607 865 2615 -
874 2593 937 2624 186:
951 2595 1083 2621 ΙΩΗΛΟΥ
1097 2592 1231 2621 JOELIS
1240 2592 1491 2628 Chronographia
1519 2593 1745 2626 compendiaria
1770 2593 1822 2629 (1),

144 2645 193 2666 res
204 2637 380 2666 brevissime
393 2637 596 2674 perstringens
606 2640 634 2666 et
654 2638 861 2667 successiones
876 2638 1047 2675 principum
1062 2638 1101 2666 ab
1112 2637 1183 2667 orbe
1208 2636 1328 2666 condito
1350 2645 1448 2673 usque
1477 2636 1517 2665 ad
1539 2641 1659 2673 captam
1685 2646 1702 2665 ἃ
1728 2638 1827 2665 latinis

146 2683 308 2711 ³411101204
323 2681 436 2718 CPolin,
450 2682 620 2719 circaquod
633 2685 751 2719 tempus
766 2683 879 2711 vixisse
903 2686 1008 2712 auctor
1029 2683 1092 2719 ipse
1102 2682 1230 2717 videtur,
1251 2683 1328 2710 certe
1356 2689 1418 2709 non
1438 2681 1491 2709 diu
1518 2685 1585 2719 post
1605 2682 1756 2717 scripsisse
1774 2682 1823 2716 (α),

148 2730 215 2763 post
233 2727 313 2755 hanc
333 2727 607 2762 chronographiam
620 2727 753 2763 sequitur
767 2728 797 2755 in
812 2727 920 2755 eodem
933 2727 1087 2756 volumine
1107 2734 1177 2763 pag.
1195 2728 1309 2755 187199
1319 2725 1442 2755 Joannis
1460 2726 1571 2755 Canani
1583 2728 1622 2760 (ὸ)
1642 2727 1759 2752 Ἰωάννου
1781 2730 1826 2751 τοῦ

183 2772 224 2812 (Λα)
237 2771 321 2812 gonf.
334 2772 410 2812 Cave
423 2771 501 2799 Hist.
519 2771 576 2799 litt.
591 2771 646 2799 SS.
662 2771 745 2805 βοείη
770 2773 842 2800 tom.
854 2771 886 2808 II,
909 2779 941 2808 p.
1085 2771 1216 2812 (QVixit
1226 2771 1327 2812 circaa
1346 2771 1509 2812 φιλλ-1424.
1523 2772 1553 2812 V_.
1576 2772 1652 2812 Sasii
1679 2772 1779 2812 03mm.
1791 2770 1826 2805 II,

151 2808 211 2835 281.
233 2806 346 2871 1(Ξιέυῑῐι.)
877 2806 883 2808 ⁷
910 2806 921 2808 “

186 2843 223 2880 tt)
278 2844 337 2873 stat
348 2845 421 2872 tom.
436 2843 593 2873 CXXXVIII.
608 2844 687 2873 Enn.

910 2806 921 2808 “
1040 2815 1071 2844 p.
1083 2806 1135 2836 407
1156 2814 1200 2843 sq.
1213 2809 1242 2835 et
1252 2807 1306 2843 qui
1321 2807 1361 2835 ad
1371 2815 1407 2835 eo
1420 2806 1584 2836 laudantur
1601 2807 1712 2842 (ΝΛΜ.)
