4084 6212
214 290 323 347 νοτ

1765 290 2112 351 ΑΝΝΑιΕε.

3528 301 3639 363 ns

210 414 369 464 τιανὰ
420 415 552 485 μέχι
601 420 685 466 rei
738 408 1012 466 Λοπαδίου
1060 414 1219 466 αὐτοῦ
1277 412 1534 476 δεσπότας
1589 414 1873 488 ἐγίνωσκον

1996 420 2145 473 runt.
2161 417 2354 485 Quare
2366 416 3045 490 imperator'l‘heodorus
3064 419 3129 476 in
3150 436 3423 480 summas
3441 438 3638 495 angu-

216 500 467 567 Ἰταλοὺς,
525 499 653 553 ἀλλά
689 520 747 573 γε
800 498 868 561 δὴ
926 507 1016 554 καὶ
1070 511 1168 564 τῆς
1216 505 1453 565 Βιθυνίας
1506 506 1675 557 πάντα
1711 508 1875 578 μέχρι

210 596 304 643 καὶ
360 587 725 663 Νικομηδείας
794 591 978 653 αὐτῆς.
1043 592 1293 645 Ἐντεῦθεν
1343 592 1611 647 ἐστενοιπο
1662 593 1792 647 πολύ
1846 596 1874 646 ὀ

215 678 471 751 βασιλεὺς
540 676 834 752 Θεόδωρος.
892 676 1060 734 Οὐδέν
1119 678 1178 735 δὲ
1230 683 1381 740 ἧττον
1432 703 1522 737 και
1578 686 1704 758 πρός
1776 692 1873 735 τῶν

213 774 466 840 Ρωμαίων
488 768 848 830 κατεϐιάζετο.
881 771 965 822 Ἐν
984 772 1083 844 γὰρ
1114 778 1175 843 τῇ
1225 774 1495 843 συγχύσει
1550 780 1641 832 τῆς
1694 779 1869 825 Κωνσι

213 861 458 910 τουτίνου
478 856 717 919 ἁλώσεως
738 857 945 911 ἄλλοθεν
967 858 1118 921 ἀλλος
1161 862 1402 933 ἡγεμόνες
1452 858 1581 913 εἶναι
1624 866 1875 932 τυχόντες

214 947 245 1006 ἦ
308 952 399 999 καὶ
440 948 488 999 οἱ
530 955 629 999 τῶν
669 945 833 999 ἄλλων
877 947 1194 1020 προῦχοιτες
1232 952 1301 1011 ὡς
1338 950 1530 1002 οἰκείαν
1574 948 1749 1023 ἀρχὴν
1778 954 1873 1008 τὴν

213 1035 304 1108 ὑφ’
358 1034 571 1099 ἑαυτοὺς
622 1034 887 1089 ἐποιοῦντο
952 1044 1158 1111 χώραν,
1190 1041 1218 1097 ἣ
1279 1038 1332 1102 ἐξ
1378 1039 1543 1091 αὐτῶν
1596 1039 1666 1101 εἰς
1721 1047 1875 1092 τοῦτο

214 1124 547 1199 ὁρμήσαντες
603 1125 630 1183 ἦ
679 1130 770 1177 καὶ
813 1128 957 1198 παρὰ
1002 1134 1099 1178 τῶν
1142 1127 1425 1197 οἰκητόρων
1474 1127 1875 1200 μετακληθέντες

213 1213 292 1275 εἰς
312 1218 402 1271 τὴν
424 1221 514 1274 τῆς
546 1220 725 1285 χώρας
777 1211 1133 1287 δεφένδευσιν,
1190 1216 1391 1268 Αὐτίκα
1452 1213 1726 1289 Θεόδωρός
1759 1220 1874 1287 (54)

211 1320 296 1367 τε,
348 1300 401 1354 ὃν
464 1307 554 1355 καὶ
618 1300 1035 1378 Μωροθεόὸωρον
1088 1303 1387 1371 ἐπεκάλουν,
1444 1305 1625 1378 ἅρχων
1674 1302 1734 1365 ἦν
1780 1313 1875 1368 τῆς

215 1384 541 1463 Φιλαδέλφου
586 1391 800 1453 πόλεως,
857 1393 1026 1465 ἔτερος
1081 1389 1141 1446 δὲ
1197 1393 1399 1448 Σάϐϐας
1444 1393 1724 1452 τούπίκλην
1781 1402 1873 1446 τοῦ

212 1476 416 1538 ἄστεως
452 1475 707 1539 ἓδέσποζε
744 1488 834 1531 τοῦ
910 1480 1134 1552 Σαμψὼν
1173 1484 1304 1554 μετά
1340 1486 1430 1534 καὶ
1494 1491 1593 1534 τῶν
1649 1481 1873 1539 πλησιον

212 1572 586 1640 τυγχανόντων
614 1568 777 1639 αὐτῷ.
808 1569 1172 1641 Παφλαγονίας
1199 1567 1257 1622 δὲ
1278 1573 1451 1631 πάσης
1472 1571 1585 1640 (55)
1620 1569 1874 1644 ἐγκρατὴς

214 1658 281 1715 ἦν
326 1654 514 1721 Δαϐίδ,
567 1655 781 1731 ἀδελφός
835 1659 902 1710 ὥν
945 1659 1172 1722 Ἀλεξίου
1219 1669 1310 1713 τοῦ
1348 1669 1439 1721 τῆς
1488 1663 1874 1734 Τραπεζοῦντος

1988 506 2129 560 stias
2155 504 2456 561 adductus
2474 511 2586 563 est.
2626 510 2742 563 Nec
2778 508 2981 565 minus
3003 523 3041 565 a
3060 509 3276 566 Graecis
3294 510 3442 584 ipsis
3467 527 3640 583 urge-

1984 592 2181 648 batur.
2233 595 2545 650 Enimvero
2575 597 2634 650 in
2686 597 3131 667 perturbatione
3168 598 3281 672 14
3320 616 3392 658 ac
3421 601 3641 658 confu-

1985 682 2151 737 sione
2179 682 2496 755 Cpolitanae
2540 684 2891 756 direptionis
2918 686 3061 742 hinc
3100 688 3239 745 inde
3268 688 3422 745 alius
3458 695 3639 764 atque

1983 769 2136 826 alius
2162 786 2299 826 cum
2330 771 2622 828 exercitus
2653 772 2959 835 ducerent,
2992 775 3115 830 sive
3145 777 3324 833 etiam
3352 778 3457 849 qui
3505 778 3638 835 aliis

1981 863 2352 929 praestarent,
2380 866 2612 932 partem
2641 876 2826 931 quam
2849 861 2964 933 ipsi
2988 863 3483 935 moderabantur,
3516 867 3639 925 sive

1983 945 2044 1003 id
2082 963 2155 1002 ex
2187 948 2522 1020 semetipsis
2555 953 2869 1016 tentantes,
2909 952 3032 1007 sive
3063 952 3142 1009 ab
3194 954 3415 1011 accolis
3456 955 3517 1012 in
3551 957 3637 1013 lo-

1983 1051 2192 1093 corum
2208 1037 2750 1110 propugnationem
2766 1041 3052 1105 accersiti,
3072 1042 3247 1099 veluti
3260 1043 3637 1101 dominatum

1983 1124 2293 1196 proprium
2323 1125 2723 1197 occupabant.
2744 1127 2837 1183 Sic
2862 1127 3209 1185 Theodorus
3238 1137 3639 1199 cognomento

1982 1212 2473 1269 Morotheodorus
2502 1214 2971 1287 Philadelphiam
2997 1216 3335 1275 dominatui
3365 1236 3475 1276 suo
3501 1222 3640 1277 sub-

1977 1301 2137 1373 jecit.
2168 1301 2330 1357 Alius
2372 1303 2509 1359 item
2561 1310 2965 1372 cognomento
3012 1306 3245 1363 Sabbas
3290 1307 3640 1381 Sampsonis

1984 1390 2193 1445 urbem
2221 1406 2357 1445 cum
2390 1391 2482 1445 his
2506 1409 2642 1464 quae
2672 1393 3037 1464 adjacebant
3070 1397 3277 1452 tenuit.
3310 1397 3642 1469 Paphlago-

1985 1479 2147 1535 niam
2183 1478 2522 1537 universam
2555 1480 2740 1536 David
2771 1482 2953 1537 Alexii
2985 1485 3367 1555 Trapezuntis
3408 1480 3640 1543 domini

1982 1568 2182 1634 frater,
2206 1569 2310 1640 qui
2339 1574 2398 1624 et
2424 1585 2684 1638 magnus
2717 1571 3057 1627 Comnenus
3084 1574 3432 1645 vocabatur,
3454 1576 3640 1648 impe-

1981 1657 2200 1714 ratoris
2230 1656 2552 1713 Andronici
2576 1673 2767 1730 nepos
2800 1664 3049 1733 uterque
3069 1660 3148 1716 ab
3176 1662 3333 1717 illius
3356 1662 3479 1720 ﬁlio
3510 1679 3644 1735 pro-

212 1751 597 1819 κρατήσαντος,
644 1746 697 1809 ὃς
747 1752 835 1800 καὶ
882 1751 1045 1820 μέγας
1115 1749 1405 1820 ὠνομάζετο
1476 1752 1759 1820 Κομνηνός,
1824 1748 1874 1801 οἱ

1996 1751 2225 1816 gnatus,
2257 1744 2534 1801 obtinuit.
2566 1747 2884 1818 Propterea
2905 1747 2964 1803 in
2992 1749 3275 1805 maximis
3303 1751 3642 1809 turbinibus

213 1842 312 1889 τοῦ
350 1832 609 1906 βασίλεως
660 1831 994 1909 Ἀνδρονίκου
1047 1836 1290 1909 ὑπῆρχον
1344 1839 1564 1907 ἔγγονοι,
1625 1836 1875 1895 Μανουὴλ

214 1932 293 1993 τῷ
319 1924 506 1974 τούτου
539 1925 805 1994 τεχθέντες
839 1926 958 1993 υἱῲ.
986 1927 1081 1976 Διά
1110 1925 1279 1976 ταδτα
1316 1922 1365 1975 ἐν
1396 1924 1554 1996 πολλῇ
1613 1944 1873 1997 στενοχω-

213 2016 310 2108 ρία
339 2014 407 2063 τὰ
447 2014 734 2086 πράγματα
785 2013 984 2087 ὑπῆρξε
1035 2021 1105 2083 τῷ
1156 2012 1367 2086 βασιλεί
1417 2010 1674 2086 Θεοδώρῳ
1728 2012 1873 2087 [ΡΠ]

235 2100 377 2154 Αλλὰ
431 2103 518 2152 τὸν
563 2105 652 2173 μέν
706 2098 1122 2176 Μωροθεόδωρον
1177 2107 1266 2155 καὶ
1329 2105 1417 2155 τὸν
1472 2100 1673 2154 Σάϐϐαν
1730 2102 1877 2174 εὐχε-

216 2197 323 2261 ρῶς
397 2188 659 2262 μετῆλθεν,
737 2192 1008 2243 κάντεῦθεν
1048 2187 1321 2253 ἐδέσποξέν
1392 2186 1560 2252 ἀδεῶς
1600 2189 1877 2243 Κιλϐιανοῦ

217 2295 279 2330 τε
345 2281 538 2338 παντὸς
608 2275 936 2351 Μαιάνδρου,
1015 2275 1379 2351 Φιλαδελφείας

297 2364 363 2423 η’.
422 2365 559 2420 Ἀλλ’
620 2370 840 2419 ενταϋθά
892 2387 983 2440 μοι
1025 2367 1052 2419 ὀ
1096 2367 1249 2439 λόγος
1306 2366 1664 2441 ἀναμεινάτωσ
1724 2369 1874 2420 ἰστωο

218 2462 391 2529 ρῆσαι
449 2457 547 2529 γὰρ
606 2452 851 2528 βούλεται
894 2458 959 2507 τὰ
1028 2464 1100 2527 τῷ
1177 2452 1391 2527 βασιλεῖ
1456 2453 1666 2526 Ἀλεξίῳ
1745 2474 1876 2527 συρι-

222 2541 413 2611 ϐοἱντα,
441 2540 549 2603 ἤδη
587 2539 645 2597 δε
683 2550 773 2597 καὶ
818 2538 980 2597 τᾶλλα
1033 2548 1101 2597 τὰ
1158 2544 1243 2597 ἐπὶ
1292 2553 1353 2617 τῇ
1401 2548 1596 2619 ἕσπερα
1639 2546 1880 2616 γινέσθαι

225 2633 523 2702 φθάσαντα.
581 2633 819 2704 ’Δφίκετο
875 2636 989 2705 μὲν,
1032 2635 1102 2695 ὣς
1160 2633 1404 2708 εἰρήκειν,
1462 2634 1528 2693 εἰς
1612 2633 1878 2687 Θεσσαλο-

224 2726 379 2778 νίκην
431 2723 458 2772 ό
513 2719 775 2794 εἰρημένος
829 2720 1079 2795 βασιλεύς
1141 2721 1380 2786 Ἀλέξιος,
1445 2728 1535 2774 καὶ
1604 2719 1876 2794 ὑπεδέχθη

223 2813 372 2883 παρὰ
408 2816 504 2871 τῆς
533 2810 692 2863 αὑτοῦ
721 2814 943 2884 νύμφης,
1000 2810 1032 2870 ἣ
1086 2810 1142 2874 ἐξ
1196 2812 1449 2885 Οὓγγρων
1506 2814 1596 2883 μὲν
1645 2812 1876 2885 ὥρμητο,

1478 2284 1567 2331 καὶ
1630 2282 1969 2354 Νεοκάστρων

1986 1850 2056 1891 ac
2100 1833 2378 1889 ﬂuctibus
2428 1849 2524 1889 res
2572 1835 2952 1906 imperatoris
2993 1836 3285 1894 Theodori
3322 1840 3639 1906 nutabant,

1985 1925 2088 1997 qui
2133 1922 2395 1995 primum
2426 1922 2673 1994 quidem
2722 1925 3244 1981 Morotheodorum
3273 1933 3331 1983 et
3376 1928 3639 1984 Sabbam

1987 2011 2159 2067 facile
2187 2010 2504 2083 oppressit,
2546 2011 2800 2083 ideoque
2832 2015 2956 2067 tuto
3008 2019 3065 2068 et
3112 2014 3236 2069 sine
3266 2020 3429 2070 metu
3460 2017 3641 2072 totius

1989 2097 2230 2155 Celtiani
2285 2097 2555 2153 Maaandri
2604 2097 3029 2170 Philadelphia:
3081 2106 3137 2156 et
3182 2103 3643 2160 Neocastrorum

1989 2186 2465 2243 dominationem
2494 2184 2752 2242 tenebat.

2058 2368 2109 2420 8.
2146 2364 2259 2420 Sed
2285 2364 2381 2420 hic
2405 2363 2718 2437 paululum
2745 2364 3078 2423 coercenda
3106 2368 3299 2425 oratio
3325 2373 3448 2427 est:
3474 2386 3644 2428 nam-

1987 2469 2107 2527 que
2155 2453 2299 2509 mihi
2343 2453 2403 2509 in
2443 2454 2647 2509 animo
2700 2462 2811 2525 est,
2865 2472 3002 2527 quae
3046 2456 3389 2528 imperatori
3440 2459 3642 2517 Alexio

1988 2544 2310 2613 contigere,
2324 2559 2558 2599 necnon
2576 2550 2747 2614 gesta
2766 2546 2824 2600 in
2848 2546 3164 2602 Occidente
3194 2546 3424 2620 reliqua
3444 2564 3643 2605 recen-

1989 2647 2139 2687 cere.
2190 2631 2514 2705 Appulerat
2554 2633 2881 2706 imperator
2908 2633 3145 2690 Alexius
3178 2636 3261 2691 uti
3296 2651 3483 2709 supra
3512 2653 3641 2693 me-

1991 2722 2242 2789 moravi,
2292 2721 2798 2790 Thessalonicam,
2833 2728 3237 2797 exceptusque
3267 2730 3355 2782 est
3399 2743 3436 2784 a
3464 2743 3643 2794 nuru,

1991 2826 2206 2882 genere
2250 2813 2498 2883 quidem
2546 2813 2800 2881 Ungara,
2859 2814 2969 2868 sed
3018 2813 3363 2886 imperatori
3414 2818 3643 2875 Isaacio

226 2897 621 2974 ἐπεγαμϐρευθη
679 2896 740 2954 δὲ
794 2910 864 2970 τῷ
920 2900 1132 2973 βασιλεῖ
1179 2901 1427 2972 Ἰσαακίῳ
1471 2903 1602 2973 μετὰ
1657 2905 1753 2958 τὴν
1789 2909 1881 2960 τῆς

1996 2904 2129 2973 post
2156 2900 2358 2955 uxoris
2386 2900 2617 2957 obitum
2648 2901 3032 2973 desponsata,
3063 2902 3309 2961 muliere
3336 2907 3532 2978 specie
3562 2907 3645 2962 ni-

225 2992 475 3060 γυναικός
528 2989 690 3041 αὐτοῦ
740 2989 999 3058 τελευτὴν,
1059 2989 1120 3047 ἣν
1194 2994 1283 3041 καὶ
1340 2992 1531 3063 ὡραίαν
1598 2991 1733 3041 πάνυ
1808 2997 1880 3059 τῷ

230 3073 359 3129 εῖδει
396 3076 446 3129 οἱ
510 3074 811 3139 κατιδόντες
878 3080 1098 3150 ἔφασκον
1160 3076 1313 3133 εἶναι.
1381 3084 1492 3131 Tw
1557 3084 1683 3150 γοῦν
1746 3077 1879 3130 Ἰτα-

228 3164 329 3217 λῶν
399 3164 472 3227 εἰς
538 3165 879 3239 πολυμέρειαν
951 3170 1015 3219 τὰ
1074 3175 1170 3228 τῆς
1241 3163 1532 3239 Ῥωμαίδος
1606 3166 1880 3241 κληρωσαο

1990 2991 2179 3044 mium
2203 2990 2443 3059 egregia
2469 3006 2539 3045 ac
2561 2992 2801 3060 decora,
2826 2996 2889 3046 ut
2925 2990 3034 3064 15
3062 2994 3166 3064 qui
3188 2991 3351 3049 illam
3376 2994 3645 3051 viderant

1993 3077 2133 3134 fassi
2163 3084 2321 3135 sunt.
2353 3078 2440 3133 Ab
2472 3076 2630 3134 Italis
2657 3079 2857 3152 itaque
2881 3082 3152 3137 Romana
3180 3080 3404 3139 ditione
3427 3083 3487 3139 in
3517 3083 3645 3156 plu-

1990 3166 2177 3222 rimas
2199 3172 2398 3238 partes
2421 3181 2492 3222 ac
2512 3167 2786 3223 homines
2806 3168 3019 3235 divisa,
3052 3169 3373 3227 Balduinus
3393 3172 3645 3230 Flander

1149 3317 1489 3385 Theodori
1540 3317 1792 3384 Dousaa
1841 3326 1907 3384 et
1958 3314 2204 3384 Leonis
2251 3314 2487 3382 Allatii
2534 3327 2738 3384 notae.

230 3484 689 3560 emendandum
710 3487 867 3560 Βάρις
907 3502 1012 3560 τις-
1055 3486 1133 3560 ad
1172 3502 1358 3560 quam
1398 3486 1882 3560 emendationem

231 3556 379 3629 mihi
410 3559 641 3629 Nicetes
666 3556 856 3613 facem
873 3556 1225 3629 praeluxitin
1257 3558 1520 3613 Manuale
1557 3560 1885 3625 Comneno,

231 3627 333 3683 lib.
358 3644 440 3703 lt:
474 3627 628 3688 Πόλις
662 3632 811 3703 Δδιοιτιίι
868 3627 961 3687 τὴν
1014 3637 1113 3703 τῷν
1166 3629 1643 3701 Αἱγαιοπελαγιτών
1699 3634 1887 3703 χώραν

229 3700 548 3775 τειχίζεται.
600 3700 769 3775 ΒειὶρηΔ
821 3704 911 3751 καὶ
990 3699 1197 3775 Adicitur
1241 3699 1601 3775 ⁷παρωνύμως
1690 3699 1740 3760 ἇς
1792 3699 1889 3775 ξὲτι

236 3770 576 3841 ὠνομασμενη
626 3769 794 3825 Raris
827 3785 969 3839 ergo
991 3770 1069 3842 ad
1113 3769 1379 3835 Egseum
1421 3769 1673 3842 pelagus
1725 3769 1886 3835 urbs,

233 3854 372 3914 quae
400 3844 458 3914 et
484 3841 937 3914 Aulpnia,circa
954 3841 1139 3914 Helles
1155 3848 1409 3914 pontum
1423 3841 1660 3897 alicubi.
1681 3844 1885 3896 Dousa.

312 3911 425 3981 (54)
491 3908 785 3981 Θεόδωρος.
829 3908 1176 3968 Theodorus
1221 3918 1621 3981 cognomento
1657 3914 1890 3981 Manga-

236 3981 416 4053 pbas,
448 3982 639 4053 patria
672 3981 1223 4053 Philadelphiensis.
1254 3988 1425 4039 {etate
1459 3982 1662 4038 lsaacii
1684 3982 1888 4053 Angeli

239 4051 533 4125 Gomneni
567 4066 821 4125 regnum
867 4051 1176 4125 affectans.
1222 4054 1487 4125 primum
1533 4053 1663 4125 ejus
1725 4052 1892 4125 urbis

248 4121 491 4195 plebem
520 4124 985 4195 audacissimam
1006 4124 1119 4195 sibi
1142 4121 1417 4180 conciliat
1432 4132 1487 4180 et
1499 4121 1650 4194 jurej
1664 4123 1893 4180 urando

249 4194 542 4275 astringit,
575 4194 881 4275 Lydisque
918 4194 1204 4250 omnibus
1242 4196 1319 4275 ad
1344 4195 1758 4275 deiectionem
1789 4195 1893 4250 im-

249 4264 439 4341 pulsis
464 4264 695 4341 regium
726 4264 948 4341 nomen
975 4267 1283 4337 usurpavit
1302 4272 1357 4321 et
1375 4272 1744 4341 argenteam
1769 4280 1895 4341 mo-
1928 4287 1970 4341 ι)

247 4336 454 4408 netam
484 4351 623 4408 cum
676 4336 939 4405 imagine
973 4352 1083 4391 sua
1124 4336 1429 4408 percussit.
1482 4337 1684 4393 Uerisa
1730 4336 1895 4408 initio

247 4405 501 4462 defectio
538 4406 672 4479 fuit.
720 4410 871 4463 Cum
912 4405 1302 4479 postmodum
1339 4416 1725 4479 augesceret,
1748 4407 1895 4462 nihil

248 4477 658 4550 cunctandum
680 4485 846 4550 ratus
866 4477 1127 4550 [saacius
1150 4479 1455 4534 hominem
1474 4478 1894 4550 Philadelphia:

244 4547 505 4604 obsidet.
532 4548 678 4604 Cum
700 4548 983 4605 diuturna
1012 4549 1326 4605 obsidione
1360 4549 1571 4604 urbem
1606 4549 1684 4605 ad
1728 4547 1894 4604 dedi-

248 4620 474 4692 tionem
502 4619 863 4692 compellere
890 4634 1011 4675 non
1042 4626 1261 4692 posset,
1289 4621 1608 4692 paciscitur
1634 4620 1709 4692 iis
1756 4635 1893 4692 con-

244 4690 577 4745 ditionibus
592 4690 657 4746 ut
669 4690 1015 4746 Theodorus
1037 4690 1325 4762 depositis
1342 4692 1509 4760 regni
1530 4691 1890 4762 insignibus,

245 4761 525 4834 privatim
557 4768 698 4834 agat
726 4761 1003 4834 civesque
1024 4762 1076 4816 ei
1106 4761 1358 4834 pareant
1378 4769 1441 4817 ut
1471 4763 1721 4834 prius,et
1739 4761 1895 4834 obsi-

243 4832 425 4888 dibus
456 4832 716 4904 acceptis
754 4832 1485 4904 Byza’ntium’revertiturf
1514 4834 1654 4904 Non
1702 4832 1893 4904 multo

245 4908 383 4975 post
398 4902 647 4975 Basilius
663 4902 928 4959 Batatzes
940 4903 1230 4975 plurimos
1250 4903 1601 4975 Mangaphas
1621 4918 1729 4975 con
1734 4903 1886 4975 jura-

242 4972 338 5029 tos
369 4973 786 5044 largitionibus
806 4972 1086 5045 corrupit,
1124 4972 1447 5046 effecitque
1464 4972 1525 5029 ut
1549 4973 1693 5029 urbe
1712 4972 1892 5046 pelle-

243 5050 406 5100 retur
435 5063 448 5113 ;
477 5045 579 5116 qui
603 5046 679 5100 ad
713 5044 1129 5101 Chaicosrbem
1162 5044 1894 5116 lconii‘sultanumprofu-

244 5129 356 5182 gus
370 5115 588 5173 auxilia
600 5123 807 5172 contra
822 5119 1120 5172 Romanos
1139 5131 1259 5171 non
1272 5115 1803 5187 impetravit.obtin
1812 5116 1893 5170 uit

244 5194 446 5242 tamen
494 5194 555 5243 ut
602 5187 769 5259 Turci
800 5187 989 5259 liberi,
1022 5187 1126 5258 qui
1159 5202 1303 5259 arcu
1333 5186 1388 5242 et
1438 5187 1718 5259 pharetra
1764 5186 1891 5241 freti

244 5259 550 5314 Romanos
597 5257 1069 5329 praedabantur,
1103 5257 1558 5325 asciscerentur,
1623 5257 1713 5313 Sic
1770 5272 1891 5312 non

240 5329 443 5399 parvis
468 5328 624 5400 copii
649 5329 966 5385 contractis
1012 5328 1301 5400 Phryges.
1346 5329 1735 5400 Laodicenses
1782 5343 1893 5383 nec

238 5396 363 5455 non
392 5396 772 5456 Colossenses
795 5396 1430 5456 innumeris'cladibus
1459 5398 1676 5465 affecit,
1721 5414 1890 5454 mau-

239 5470 410 5541 cipiis
437 5471 655 5526 civium
708 5486 956 5527 suorum
988 5476 1043 5526 et
1078 5471 1367 5541 jumentis
1414 5470 1893 5541 abductis,tareis

236 5539 446 5613 §£§tiV0
466 5548 731 5613 tempore
751 5541 1030 5611 incensis,
1049 5539 1105 5597 et
1125 5541 1318 5613 obviis
1337 5541 1442 5613 qui
1458 5540 1696 5613 busque
1710 5539 1893 5613 hosti-

235 5612 359 5669 lem
386 5612 451 5670 in
474 5612 729 5671 modum
752 5612 1036 5671 tractatis.
1072 5612 1377 5671 Michaelis
1413 5612 1659 5686 quoque
1701 5612 1891 5670 archi-

1995 3484 2239 3557 strategi
2254 3482 2564 3556 templum.
2579 3499 2734 3557 opus
2746 3486 3080 3557 maximum
3097 3491 3152 3544 et
3164 3487 3640 3557 celeberrimum,

1995 3555 2234 3628 incendi
2252 3571 2470 3628 passus
2490 3561 2597 3628 est.
2618 3555 2997 3628 Postmodum
3011 3559 3088 3615 ad
3106 3558 3301 3615 sultan
3311 3577 3409 3616 um
3432 3561 3604 3618 rediit
3624 3555 3638 3616 ὲ

1998 3626 2101 3681 sed
2118 3626 2872 3700 impératorlargitionibus
2900 3629 3421 3700 impetravitutille
3448 3632 3646 3688 deser-

1998 3704 2093 3753 tus
2106 3698 2394 3771 asultano
2411 3712 2480 3771 ac
2502 3697 2772 3771 proditus
2792 3700 2871 3755 ad
2893 3715 2955 3755 se
2976 3697 3326 3771 mitteretur,
3346 3718 3417 3759 ea
3442 3708 3643 3761 tamen

1999 3768 2340 3843 conditione
2354 3773 2415 3823 ut
2427 3768 2811 3843 defectionem
2824 3784 2933 3843 nec
2946 3772 3136 3843 capite
3149 3787 3261 3829 nec
3273 3768 3646 3831 mutilatione

1999 3839 2364 3913 laesioneque
2392 3838 2566 3894 ullius
2598 3840 2853 3896 membri
2879 3838 3083 3913 lueret.
3111 3844 3241 3908 Qua
3261 3843 3336 3899 de
3357 3860 3545 3901 causa
3566 3844 3645 3900 ad

2000 3910 2361 3995 diuturnum.
2386 3925 2683 3995 carcerem
2727 3918 2818 3965 est
2861 3910 3206 3993 damnatus.
3255 3915 3401 3970 Cum
3444 3914 3649 3995 displi-

2002 3981 2221 4036 cuisset
2251 3981 2467 4052 sultani
2508 3981 2775 4051 fratibus,
2808 3983 2913 4052 qui
2936 3998 3191 4051 regnum
3221 4000 3362 4039 cum
3393 4000 3463 4039 eo
3501 3981 3643 4040 divi-

2002 4059 2221 4126 serant,
2253 4052 2415 4123 quod
2440 4051 2745 4126 hominem
2770 4051 3090 4126 profugum
3122 4059 3179 4109 et
3196 4053 3528 4126 supplicem
3543 4068 3645 4126 pe-

2002 4123 2194 4204 cuniae
2225 4137 2408 4205 causa
2437 4124 2856 4205 Romanorum.
2870 4122 3218 4205 imperatori
3255 4122 3643 4205 prodidisset,

2002 4193 2377 4268 iracundiam
2401 4208 2609 4268 eorum
2630 4192 2904 4268 placavit.
2925 4192 3194 4266 Namque
3215 4192 3415 4268 aiebat
3442 4196 3646 4268 paciﬁ-

2003 4264 2252 4339 cationis
2281 4279 2423 4335 ergo
2446 4263 2615 4339 illum
2658 4263 2976 4339 remisisse,
3008 4263 3555 4339 nonprodidis'se;
3591 4272 3649 4323 et

2004 4336 2311 4419 hominem
2333 4349 2555 4416 vagum
2579 4335 2648 4419 in_
2659 4335 2915 4417 patriam
2938 4335 3279 4419 restituisse,
3305 4344 3372 4419 ut
3383 4338 3647 4419 nec__ipse

2004 4406 2155 4463 alios
2204 4420 2314 4478 nec
2356 4406 2554 4478 ipsum
2596 4405 2692 4460 alii
2755 4405 3274 4478 prosequerentur;
3327 4408 3431 4463 Hic
3479 4405 3646 4464 Erice

2003 4480 2162 4534 circa
2192 4476 2595 4548 Adramytium
2629 4476 2829 4550 agenti
2858 4476 3028 4550 arma
3063 4478 3255 4550 infert,
3282 4483 3339 4535 et
3371 4479 3646 4550 inexspe-

2002 4553 2161 4605 ctato
2190 4546 2548 4622 superventu
2574 4554 2632 4603 et
2658 4546 3033 4622 multitudine
3079 4549 3345 4622 primum
3394 4546 3646 4622 quidem

2001 4625 2285 4675 terrorem
2317 4619 2542 4681 incutit,
2577 4619 2681 4674 sed
2708 4618 2922 4675 Errico.
2946 4618 3099 4675 cum'
3125 4620 3316 4677 Martis
3355 4618 3485 4676 alea
3528 4626 3646 4676 ten-

2002 4690 2190 4746 tanda
2223 4689 2541 4749 videretur.
2557 4696 2693 4745 ante
2708 4689 2869 4745 aleos
2890 4697 2947 4745 et
2968 4706 3070 4749 per
3093 4691 3357 4748 mediam
3378 4691 3643 4747 hostium

2002 4761 2191 4843 aciem
2205 4761 2485 4843 cum‘suis
2496 4766 2917 4843 perrumpente
2936 4761 3284 4843 dissipatur:
3299 4778 3442 4843 nam
3459 4761 3646 4843 Graeci

2001 4832 2233 4905 equites
2278 4831 2656 4905 adpriinam
2714 4832 3053 4887 Latinorum
3090 4831 3551 4905 impressionem
3592 4839 3649 4890 et

2001 4903 2313 4977 hastarum
2343 4903 2728 4977 directionem
2742 4904 3064 4977 concitatis
3107 4903 3277 4977 equis
3330 4903 3644 4977 fugientes.

2002 4920 2313 4959 hastarum
2343 4920 2726 4958 directionem
2760 4920 3064 4958 concitans
3107 4920 3277 5029 equis
3330 4920 3644 4977 rugientes.

2002 4975 2309 5048 pedestres
2322 4975 2563 5048 ordines
2577 4973 2850 5048 hostibus
2878 4976 3149 5031 trucidan
3197 4990 3267 5031 os
3282 4974 3650 5048 reliquerunt

2002 5044 2060 5100 et
2088 5044 2457 5116 spoliandos.
2486 5047 2563 5100 Ex
2596 5044 2819 5116 Niceta.
2857 5050 2989 5100 ALL.

2073 5112 2191 5191 (5:5)
2237 5112 2743 5191 l10:g;2.0z70v¢0¢;__diz
2815 5133 3036 5191 περισσῆς.-
3088 5117 3275 5191 David
3345 5117 3645 5191 siquidem

2003 5190 2060 5241 et
2092 5185 2585 5261 Alexius'iratres,
2615 5186 2883 5261 Manuele
2912 5187 3230 5261 Andronici
3254 5185 3494 5261 tyrarfni
3536 5192 3646 5246 Ro-

2003 5272 2324 5312 manorum
2355 5257 2477 5313 ﬁlio
2508 5258 2648 5327 nati,
2673 5257 2822 5313 alter
2854 5257 3024 5314 Ponti
3067 5257 3408 5316 Heracleam
3460 5265 3516 5316 et
3552 5264 3650 5316 Pa-

2000 5327 2394 5398 phlagoniam
2422 5336 2839 5400 occupaverat,
2882 5330 3029 5386 alter
3074 5331 3314 5386 Alexius
3363 5332 3647 5388 (Enmum

2002 5404 2059 5453 et
2091 5400 2372 5474 Sinopem
2405 5399 2593 5474 urbes
2615 5406 2676 5474 et
2714 5404 3136 5474 Trapezuntem
3182 5403 3295 5474 Sed
3336 5401 3647 5474 quomodo

2000 5469 2442 5551 egpedit‘ionem
2476 5470 2799 5551 Lucaris-in
2821 5469 3125 5551 Davide_m_
3164 5469 3511 5551 [tatino'r‘um‘
3546 5486 3650 5527 au-

2000 5540 2156 5616 xiliis
2182 5540 2401 5616 fultum
2417 5542 3012 5616 susceperiteumque
3031 5543 3435 5614 debellaverit,
3452 5541 3646 5596 disces

2003 5626 2036 5667 e
2060 5611 2259 5670 Niceia
2284 5612 2348 5668 in
2381 5611 2688 5671 Balduino.
2718 5620 2854 5669 Au.
