4084 6212
193 216 316 269 1001

1692 220 2034 276 ANNALES.

3407 222 3545 280 1002

189 357 336 396 ουτος
359 339 490 408 μετά
522 341 615 394 τὴν
650 347 746 400 τῆς
796 346 1184 392 Κωνσταντίνου
1234 341 1429 393 οὒιωσιν
1482 347 1790 418 νεωτερίσας

1911 345 2011 400 sibi
2060 343 2262 416 parari
2299 343 2581 414 audisset,
2633 359 2760 400 sese
2809 343 3202 412 subterduxit,
3251 347 3307 401 et
3341 361 3547 417 parvae

188 425 304 478 καθ’
351 425 550 493 ἑαυτὸν,
608 432 697 479 καὶ
751 431 1002 500 Κορίνθου
1069 433 1252 502 ἄρχων
1326 436 1414 484 καὶ
1490 439 1588 483 τῶν
1677 438 1790 505 περὶ

1453 526 1652 594 Μικρὸν
1733 519 1766 574 δ
1769 525 1790 574 ὲ

187 609 276 657 καὶ
352 611 458 666 τοῖς
541 607 706 659 ἐκεῖσε
736 605 1179 683 προσ-διατρίψας,
1234 615 1384 682 γνοὺς
1428 614 1570 684 παρά
1640 632 1789 663 τινων

189 695 256 755 ὡς
277 693 586 747 ἁλίσκεσθαι
615 696 803 768 μέλλει,
861 695 1085 772 ἀπέδρα.
1143 699 1229 752 Ἐκ
1285 697 1684 772 Λογγιϐαρδίας
1734 696 1792 753 δὲ

187 802 298 835 τισι
351 783 622 856 ξυντυχών
681 785 972 855 ἁλίσκεται,
1019 791 1151 861 πρὸς
1203 792 1288 840 τὸν
1368 786 1791 863 πρωτεξοίδελφον

188 871 348 923 αὐτοῦ
414 872 637 945 Μιχαὴλ
683 877 777 936 τὰς
831 882 1066 939 κινήσεις
1137 881 1462 950 ποιούμεννςο
1548 879 1610 936 ἧν
1691 882 1790 952 γὰρ

187 957 331 1021 οὗτος
359 965 474 1013 τότε
523 967 711 1034 μέρους
768 969 903 1026 τινὸς
958 974 1053 1027 τῆς
1106 966 1334 1030 παλαιᾶς
1381 967 1628 1040 Ἠπείρου
1675 969 1790 1040 (62)

185 1055 453 1121 κρατήσας
481 1056 570 1102 καὶ
602 1050 764 1103 πολλὰ
787 1055 895 1114 τοῖς
924 1057 1052 1128 πρὸς
1101 1057 1167 1106 τὰ
1225 1055 1391 1108 ἐκεῖσε
1450 1061 1579 1131 μέρη
1631 1055 1791 1128 ἀφιγ-

185 1141 354 1209 μένοις
411 1139 626 1202 Ἰταλοῖς
675 1145 923 1216 παρέχων
981 1146 1287 1216 πράγματα.
1343 1151 1444 1196 Και
1505 1142 1565 1202 ῆν
1644 1142 1792 1208 οὗτος

192 1224 525 1282 δυναστεύων
573 1239 665 1291 τῆς
732 1234 982 1293 τοιαύτης
1055 1239 1258 1307 χώραςο

189 1312 328 1388 ἦρχε
376 1321 465 1368 καὶ
513 1316 710 1390 Ἀρτης
751 1323 840 1372 καὶ
887 1324 1049 1394 μέχρι
1106 1324 1446 1376 Ναυπάκτου.
1512 1322 1600 1384 Ὠς
1667 1331 1792 1394 γοῦν

186 1403 316 1456 ἑάλω
375 1409 518 1481 παρά
566 1417 666 1459 τῶν
721 1405 1107 1482 Λογγιϐάρδων
1161 1411 1186 1462 ὁ
1239 1409 1486 1482 βασιλεὺς
1545 1411 1791 1478 Ἀλέξιος,

185 1497 274 1544 καὶ
331 1493 706 1568 ἀπεμπολεῖται
764 1498 889 1571 παρ’
943 1499 1110 1550 αὐτῶν
1171 1501 1378 1572 σύναμα
1429 1507 1491 1572 τῆ
1562 1504 1790 1572 γυναικί.

185 1583 396 1662 Μικρὸν
427 1583 486 1638 δὲ
528 1587 659 1658 μετὰ
709 1595 802 1638 τοῦ
863 1587 1086 1658 Μιχαὴλ
1143 1593 1612 1664 προσκαρτερῆσας
1665 1587 1794 1662 βού-

188 518 380 572 ταύτην
423 523 636 590 χωρῶν,
690 521 754 578 ὡς
796 524 885 571 καὶ
933 520 1112 593 ἐτέρων
1185 523 1365 595 ἕτεροι.

1344 1234 1638 1288 Ἰωαννίνων
1689 1238 1790 1310 γὰρ

1901 432 2437 502 Longobardorum
2468 433 2676 489 manui
2705 433 3070 506 impingens,
3106 433 3256 490 dum
3286 434 3367 490 ad
3411 449 3552 491 con-

1899 519 2208 575 sobrinum
2241 519 2584 576 Michaelem
2627 521 2955 590 contendit,
3011 521 3261 594 capitur.
3307 520 3554 578 Michael

1900 610 2123 682 Buippe
2157 610 2314 682 parti
2341 610 2551 665 veteris
2583 610 2740 680 Epiri
2769 616 2911 667 tunc
2942 610 3229 683 temporis
3270 610 3553 669 domina-

1897 697 2260 765 batur,ltalis
2276 697 2434 754 circa
2447 714 2517 754 ea
2533 698 2667 754 loca
2680 699 3128 756 excurrentibus
3140 701 3183 770 1
3193 700 3251 771 6
3265 699 3553 756 molestus

1899 802 2330 860 operosusque.
2367 788 2486 858 Hic,
2518 788 2791 860 inquam,
2821 803 3262 862 usquequaque
3305 786 3555 845 Michael

1899 875 2346 944 dominabatur,
2397 893 2536 932 cum
2579 877 2888 934 Joanninis
2929 881 2986 934 et
3021 882 3175 934 Artes
3217 892 3410 950 usque
3471 875 3552 934 ad

1899 966 3549 1040 Naupactumimperaret.CaptusitaqueaLongobardis

1899 1056 2230 1128 imperator
2257 1055 2493 1112 Alexius
2519 1056 2830 1129 pretioque
2860 1057 3228 1129 redemptus,
3259 1072 3383 1113 una
3407 1071 3550 1113 cum

1901 1145 2156 1216 conjuge
2191 1144 2269 1201 ad
2297 1145 2602 1202 sultanum
2633 1145 2812 1202 lconii
2842 1146 3201 1202 Jathatinem
3226 1145 3341 1202 sibi
3378 1145 3552 1202 fami-

1897 1233 2147 1290 liaritate
2175 1239 2384 1290 notum
2417 1234 2714 1306 proﬁcisci
2741 1234 3052 1292 deliberat:
3072 1250 3337 1308 namque
3354 1236 3551 1292 Jatha-

1901 1322 2049 1378 tines
2081 1339 2112 1378 e
2142 1322 2341 1378 fratris
2377 1327 2515 1378 tunc
2542 1323 3059 1380 Musulmanarum
3104 1339 3306 1380 rerum
3344 1324 3551 1381 mode-

1901 1412 2111 1467 ratoris
2180 1411 2464 1467 manibus
2528 1412 2762 1482 fugiens
2822 1412 3114 1485 profugus
3177 1412 3406 1486 Cpolim
3453 1428 3560 1486 ap-

1901 1501 2082 1574 pellit,
2124 1506 2528 1573 exceptusque
2596 1501 2674 1558 ab
2722 1502 3082 1574 imperatore
3131 1501 3338 1558 Alexio
3385 1516 3560 1559 sacro

1900 1591 2167 1647 initiatur
2230 1590 2472 1647 lavacro
2531 1591 2812 1664 ﬁliusque
2869 1591 3214 1664 adoptatur.
3263 1592 3367 1647 Hic
3416 1606 3556 1648 cum

183 1679 329 1731 λεται
358 1679 484 1751 πρὸς
531 1679 618 1727 τὸν
680 1681 772 1727 τοῦ
827 1675 1042 1728 Ἰκονίου
1099 1676 1376 1729 σουλτοίνον
1428 1675 1683 1746 ἀπελθεῖν,
1741 1679 1794 1731 ὃν

1911 1678 2259 1750 imperatore
2290 1678 2498 1735 Alexio
2525 1678 2690 1752 Cpoli
2713 1678 2974 1750 fugiente
3004 1694 3128 1736 una
3158 1677 3412 1750 aufugit.
3437 1681 3556 1736 Nec

189 1769 484 1824 Ἰαθατίνην
514 1765 628 1836 (63)
673 1765 959 1836 ὠνόμαζον.
1017 1764 1114 1817 Ἤν
1163 1769 1263 1840 γὰρ
1317 1770 1484 1838 τούτῳ
1541 1769 1792 1830 συνήθηςο

186 1858 212 1908 ὁ
260 1858 368 1930 γὰρ
410 1855 673 1929 εἰρημένος
720 1853 1014 1916 Ἰαθατίνης
1062 1857 1152 1914 τὰς
1207 1863 1299 1907 τοῦ
1354 1853 1576 1930 ἀδελφοῦ
1634 1857 1794 1910 αὐτοῦ

185 1953 379 2019 χεῖρας
407 1940 640 2016 ἀποδρὰς
665 1941 942 2004 ’Λςατίνου
972 1945 1332 2018 κατάρχοντος
1387 1954 1457 2016 τῷ
1517 1950 1632 1998 τότε
1693 1955 1794 1999 τῶν

185 2032 632 2106 Μουσουλμάνων,
706 2034 874 2104 φυγὰς
955 2035 1101 2106 παρὰ
1217 2038 1308 2092 τὴν
1404 2040 1792 2088 Κωνσταντίνου

187 2129 386 2197 ᾤχετο,
416 2127 505 2175 καὶ
530 2129 602 2192 τῷ
649 2120 862 2194 βασιλεῖ
907 2119 1259 2175 ὑποδέδεκται
1319 2122 1550 2196 Ἀλεξίῳ,
1606 2122 1798 2198 βαπτί-

189 2215 334 2275 ζεταί
361 2232 414 2265 τε
441 2211 562 2286 ⁴’τάφ’
619 2211 779 2263 αὐτοῦ
833 2216 922 2263 καὶ
978 2213 1289 2265 υἱοθετείται
1351 2214 1418 2247 ⁸ο·
1473 2215 1526 2275 ὃς
1583 2219 1672 2266 καὶ
1721 2221 1794 2286 τῷ

190 2303 409 2378 βασιλεῖ
469 2301 678 2372 Ἀλεξίῳ
762 2297 1067 2375 συναπέδρα
1142 2298 1435 2377 ἀποδράντι
1498 2310 1592 2362 τῆν
1661 2309 1797 2356 Κων-

193 2397 466 2446 σταντίνου
533 2392 600 2444 ¹⁸¹.
661 2389 796 2443 Ἀλλ’
843 2390 926 2460 [Ρ.
988 2390 1042 2461 8]
1091 2393 1234 2443 οὔπω
1285 2396 1483 2463 συχναὶ
1532 2391 1798 2466 παρῆλθον

1902 1767 2090 1824 multo
2117 1772 2252 1840 post
2272 1769 2359 1823 vir
2381 1767 2634 1840 quidam
2657 1767 2812 1824 clam
2840 1768 2919 1824 ad
2943 1767 3146 1841 ipsum
3166 1767 3558 1841 proﬁciscens

1902 1856 2097 1913 fratris
2155 1856 2386 1913 obitum
2459 1857 2693 1913 nuntiat
2747 1875 2760 1926 ;
2811 1857 2916 1929 qui
2995 1857 3096 1913 Vill
3151 1857 3214 1913 in
3270 1861 3433 1914 veste
3485 1872 3557 1914 ac

1903 1945 2235 2018 squallente
2299 1961 2437 2001 cum
2463 1945 2675 2002 nuntio
2705 1945 2814 2001 iter
2844 1945 3198 2016 ingreditur.
3254 1947 3330 2004 Et
3364 1963 3402 2002 a
3431 1946 3556 2003 suis

1903 2034 2177 2104 cognitus
2205 2037 2517 2090 Persarum
2549 2033 2911 2106 principatui
2957 2039 3190 2106 praeest,
3240 2033 3553 2092 Theodoro

1900 2123 2246 2195 imperatori
2300 2121 2438 2178 belli
2487 2121 2934 2179 discriminibus
2980 2139 3138 2196 saepe
3186 2122 3408 2181 afﬂicto
3447 2123 3554 2179 de-

1902 2211 2252 2284 bilitatoque
2276 2227 2399 2268 non
2430 2211 2614 2268 modo
2641 2211 3031 2269 auxiliaribus
3061 2211 3270 2285 copiis,
3305 2211 3413 2268 sed
3449 2211 3556 2268 fos-

1904 2301 2044 2356 dere
2069 2301 2249 2357 etiam
2265 2304 2443 2372 pacto
2463 2301 2723 2372 (Annam
2745 2301 2907 2356 enim
2927 2300 3370 2374 imperatricem
3391 2315 3558 2359 soro-

1905 2405 2033 2446 rem
2064 2388 2489 2460 compellabat)
2517 2388 2791 2461 apprime
2821 2387 3151 2461 proﬁcuus.

190 2483 406 2555 ἡμέραι,
450 2484 540 2531 καὶ
589 2477 879 2550 ἀφικνεῖται
913 2481 1041 2552 πρὸς
1086 2478 1241 2530 αὐτὸν
1295 2477 1422 2552 ἀνὴρ
1473 2481 1644 2554 κρύφα
1686 2481 1894 2553 μηνύων
1939 2478 2080 2548 αὐτῷ
2132 2479 2218 2529 τὸν
2267 2485 2358 2530 τοῦ
2414 2474 2639 2550 ἀδελφοῦ
2695 2477 2854 2530 αὐτοῦ
2893 2483 3051 2554 μόρον
3084 2499 3098 2512 ο
3133 2479 3188 2541 ὅς
3228 2481 3320 2531 καὶ
3372 2477 3562 2555 ῥάκεσι

189 2575 464 2641 πενιχρῶς
497 2566 798 2640 ἐσταλμένος
841 2569 956 2638 μετ’
981 2566 1139 2619 αὐτοῦ
1172 2566 1480 2640 ἀφικνεῖται,
1527 2568 1616 2620 καὶ
1661 2577 1771 2630 τοῖς
1809 2569 1968 2621 αὐτοῦ
2006 2568 2276 2628 καταστὰς
2302 2572 2562 2640 γνώριμος
2608 2568 2928 2640 Περσάρχης
2957 2567 3347 2641 ἐπιφημίζεται.
3400 2563 3562 2630 Οὗτος

191 2661 284 2710 καὶ
314 2665 390 2727 τῷ
418 2655 620 2730 βασιλει
647 2651 913 2730 Θεσδώρῳ
935 2658 983 2708 ἓν
1030 2676 1143 2708 τισι
1168 2664 1367 2732 καιροῖς
1400 2660 1846 2731 στενοχωρηθέντι
1873 2659 1920 2694 ⁸³
1949 2661 2222 2731 χρήσιμος
2254 2655 2495 2730 ἀνεφάνη,
2531 2660 2845 2730 συμμαχίαν
2883 2652 3014 2720 δοὺς
3037 2662 3128 2711 καὶ
3155 2659 3224 2710 τὰ
3253 2656 3324 2719 εἰς
3357 2659 3565 2733 εἰρήνην

191 2747 542 2819 σπεισάμενος
579 2746 626 2780 ‘3
656 2767 668 2778 -
699 2745 770 2807 ὠς
798 2741 1026 2818 ἀδελφὴν
1056 2744 1153 2819 γὰρ
1188 2749 1280 2804 τὴν
1320 2743 1580 2819 βασιλίδα
1603 2745 1796 2801 ’Ἅνναν
1836 2747 2117 2820 ὠνόμαζεν.

261 2837 308 2890 θ’
370 2839 508 2909 Πρὸς
558 2843 737 2888 τοῦτον
810 2836 840 2893 ἡ
918 2840 1069 2887 πᾶσα
1126 2832 1334 2894 σπουδὴ
1393 2843 1486 2889 τοῦ
1545 2834 1802 2909 βασιλέως
1833 2841 1872 2897 C

201 2925 415 2989 Αλεξιου
511 2926 790 2998 ἀφικέσθαι
884 2932 1089 2997 προσῆν
1141 2945 1154 2958 ο
1202 2920 1622 2998 έδυσανασχέτιι
1699 2927 1802 2998 γὰρ

194 3014 357 3068 ἐλθεῖν
413 3017 560 3089 παρὰ
604 3018 692 3066 τὸν
743 3011 970 3087 βασιλέα
1013 3019 1102 3066 καὶ
1147 3013 1381 3087 γαμϐρὸς
1425 3011 1698 3090 Θεοδωρον
1730 3016 1798 3071 ⁴¹ι.

187 3097 452 3177 Ἐφοδίοις
494 3103 620 3175 ⁹γοῦν
677 3102 884 3178 ἀπάρας
956 3111 1052 3164 τῆς
1115 3110 1207 3155 τοῦ
1268 3102 1492 3176 Μιχαὴλ
1555 3111 1651 3175 γῆς
1711 3108 1800 3155 καὶ

189 3202 331 3269 φορῷ
379 3195 720 3266 χρησάμενος
775 3195 1026 3264 πνεύματι
1076 3199 1138 3264 τῇ
1194 3200 1288 3254 τῆς
1341 3192 1591 3248 Ἀττάλου
1639 3211 1800 3264 προσ-

189 3289 440 3358 ώρμισεν.
522 3283 909 3355 Ἀσμενέστατα
981 3289 1107 3353 γοῦν
1185 3285 1327 3354 παρὰ
1407 3289 1496 3334 τοῦ
1579 3279 1800 3334 σουλτὰν

187 3369 602 3447 προσδέδεκται.
629 3371 687 3423 e0
720 3369 969 3444 βασιλεὺς
1007 3368 1066 3424 δὲ
1097 3367 1367 3445 Θεόδωρος
1416 3366 1599 3442 διῆγεν
1637 3373 1686 3423 εν
1733 3379 1796 3444 τῇ

187 3465 412 3533 Νικαίᾳ,
471 3465 560 3513 καὶ
598 3459 849 3534 πρεσϐεία
900 3462 1027 3536 πρὸς
1091 3467 1182 3512 τοῦ
1241 3459 1460 3512 σουλτὰν
1513 3461 1625 3531 (64)
1675 3459 1800 3533 παρ’

188 3551 351 3604 αὑτὸν
411 3548 700 3623 ἀφικνεῖται
770 3553 864 3608 τῆν
934 3556 1026 3601 τοῦ
1094 3548 1353 3622 βασιλέως
1408 3553 1498 3601 καὶ
1557 3550 1800 3624 πενθεροῦ

185 3639 529 3717 γνωριζουσα
576 3638 773 3712 ἄφιξιν,
820 3643 909 3690 καὶ
940 3641 1004 3698 ὡς
1053 3634 1236 3698 ἄδικος
1287 3641 1358 3689 εῖν
1419 3637 1615 3700 ξενικῆς
1663 3636 1800 3690 ἐπει-

184 3729 454 3805 λημμένος
507 3727 704 3805 ἀρχῆς.
751 3728 1060 3802 Ἐταράχθη
1251 3735 1374 3799 ’γοῦν
1431 3725 1516 3779 ἐπὶ
1568 3733 1676 3790 τοῖς
1715 3725 1800 3779 λό-

184 3841 300 3891 γοις
349 3821 376 3870 ὁ
413 3818 678 3892 βασιλεὺς,
718 3823 808 3870 καὶ
860 3815 972 3878 δέος
1026 3817 1163 3887 αὐτῷ
1214 3819 1443 3888 ἐπεισῄει
1499 3815 1626 3888 οὒχὶ
1672 3835 1801 3888 σμι-

184 3913 311 3983 κρὸν
361 3931 373 3941 ι
405 3910 430 3960 ὁ
460 3910 550 3981 μεν
579 3909 680 3980 γὰρ
716 3906 935 3959 σουλτὰν
966 3910 1230 3979 πρόφασιν
1283 3901 1396 3976 εἶχε
1446 3908 1532 3957 τὸν
1576 3903 1801 3976 βασιλέα

183 3999 444 4068 Ἀλέξων,
475 4005 536 4070 τῆ
591 3994 650 4050 δὲ
693 3995 910 4067 ἀλῃθείᾳ
950 3997 1145 4055 σκοπὸς
1193 3990 1252 4051 ἧν
1303 3993 1442 4064 αὐτῷ
1485 3999 1659 4045 πᾶσαν
1708 3998 1801 4052 τὴν

191 4091 466 4162 Ῥωμαίων
528 4081 883 4160 καταδραμεῖν
951 4089 1039 4136 καὶ
1117 4082 1546 4140 καταληῖσασθαι
1613 4087 1642 4141 ἧ
1710 4088 1800 4135 καὶ

1983 2840 2034 2893 9.
2067 2836 2156 2892 Ad
2183 2836 2346 2892 hunc
2390 2838 2459 2892 ut
2503 2835 2814 2892 accederet
2865 2851 2978 2892 sua
3031 2835 3229 2893 studia
3275 2835 3566 2894 convertit

1909 2926 2117 2982 omnia
2145 2925 2382 2981 Alexius
2411 2925 2777 2998 imperator:
2809 2924 2888 2981 ad
2926 2925 3352 2997 imperatorem
3400 2924 3563 2981 enim

1911 3019 1966 3071 et
1978 3014 2646 3085 generumTheodorum
2669 3014 2916 3071 moleste
2936 3013 3560 3072 accedebat.Comme-

1910 3107 2042 3160 atus
2069 3103 2272 3176 itaque
2298 3102 2642 3158 subvehens
2673 3118 2705 3158 e
2735 3102 2958 3158 ditione
3019 3101 3316 3159 Michaelis
3361 3100 3558 3168 solvit,

1908 3199 1963 3247 et
1996 3191 2100 3262 1'7
2140 3191 2330 3247 ventis
2379 3207 2631 3264 operam
2674 3190 2961 3246 dantibus
3009 3190 3088 3247 ad
3132 3186 3306 3247 Attali
3343 3189 3561 3247 urbem

1908 3279 2236 3346 descendit,
2260 3283 2317 3336 et
2335 3295 2524 3352 quam
2543 3278 2933 3351 cupidissime
2956 3295 2994 3336 a
3007 3279 3248 3336 sultano
3267 3278 3563 3351 excipitur

1907 3368 2145 3425 Interim
2204 3368 2413 3425 Nicaeae
2465 3367 2782 3426 Theodoro
2825 3367 3169 3442 imperatori
3234 3367 3477 3438 degenti
3523 3383 3564 3426 a

1909 3456 2144 3514 sultano
2159 3457 2379 3527 legatio
2403 3456 2812 3530 mittitur,quas
2825 3461 2882 3513 et
2901 3457 3279 3530 imperatoris
3295 3461 3350 3514 et
3369 3455 3564 3513 soceri

1907 3547 2207 3603 nontiaret
2237 3545 2585 3617 adventum,
2618 3551 2676 3602 et
2697 3559 2886 3616 quam
2916 3546 3176 3618 injustus
3195 3549 3358 3603 esset
3375 3545 3558 3603 alieni

1907 3635 2278 3710 principatus
2301 3639 2646 3708 occupator.
2661 3635 3064 3693 Conturbatus
3087 3635 3292 3693 animo
3306 3636 3564 3709 impera-

1911 3728 2002 3780 tor
2029 3724 2211 3779 nimis
2229 3722 2387 3779 male
2413 3723 2609 3780 timuit
2633 3727 2790 3780 totus
2810 3726 2870 3782 S.
2891 3723 3170 3782 Sultanus
3185 3725 3348 3781 enim
3368 3723 3564 3796 specie

1907 3812 2340 3886 propugnandi
2361 3813 2567 3876 Alexii,
2601 3829 2664 3869 re
2691 3819 2885 3870 autem
2906 3814 3043 3886 ipsa
3062 3817 3365 3872 Romanos
3385 3829 3562 3884 agros

1909 3919 2121 3960 omnes
2147 3918 2459 3959 excurrere
2484 3903 2961 3976 populabundus
2987 3909 3044 3960 et
3070 3904 3276 3960 ditioni
3314 3903 3559 3960 Persicae.

1911 3992 2132 4048 addere
2151 3992 2422 4048 animum
2447 3992 2784 4049 induxerat.
2809 3995 3107 4066 Erantque
3145 4009 3239 4049 res
3266 3990 3560 4048 Theodori

1909 4082 1970 4138 in
2002 4086 2263 4153 angusto
2289 4082 2511 4155 oppido
2541 4087 2778 4154 coactae,
2811 4087 2867 4138 et
2893 4087 2958 4138 ut
2981 4082 3148 4139 aiunt
3170 4082 3232 4138 in
3270 4081 3398 4138 acie
3443 4096 3559 4137 no-

185 4178 290 4231 ὐπὸ
352 4177 496 4249 ξεῖρα
547 4176 894 4240 ποιήσασθαιθ
937 4178 1025 4224 καὶ
1079 4168 1139 4231 ἦν
1189 4171 1271 4224 ἐπὶ
1321 4179 1517 4246 χυροῦ,
1577 4175 1608 4223 ὅ
1651 4191 1799 4244 φασι,

1911 4170 2360 4238 vaculae.Quare
2382 4171 2725 4228 convocatis
2749 4171 2876 4226 suis
2889 4171 3172 4228 omnibus
3188 4170 3558 4244 explorabat,

187 4275 260 4338 τῷ
299 4264 517 4340 βασιλεῖ
567 4260 819 4338 Θεοδώρῳ
877 4265 942 4314 τὰ
998 4265 1303 4338 πράγματα.
1361 4266 1666 4333 Συναγαγὼν
1714 4257 1801 4314 οὖν

188 4361 314 4418 τοὺς
378 4354 538 4407 αὐτοῦ
603 4353 842 4428 ἐπειρᾶτο
909 4353 1124 4417 τούτων,
1190 4354 1289 4404 εἴτε
1346 4354 1486 4422 αὐτῷ
1545 4355 1802 4426 προσανέ-

190 4463 386 4516 χοντες
433 4441 493 4494 ἂν
552 4444 645 4495 εἶεν
702 4446 802 4494 εἴτε
857 4449 930 4512 τῷ
982 4441 1209 4514 πενθερῷ
1249 4441 1406 4492 αὐτοῦ
1458 4448 1531 4510 τῷ
1593 4439 1805 4512 βασιλεῖ

1909 4261 1972 4316 in
2002 4276 2257 4317 suamne
2291 4277 2370 4316 an
2400 4261 2460 4316 in
2490 4260 2676 4316 soceri
2705 4260 3084 4332 imperatoris
3109 4260 3297 4317 Alexii
3324 4263 3561 4334 partem

1914 4350 2131 4408 abituri
2153 4351 2398 4406 essent?
2421 4349 2502 4405 llli
2518 4365 2865 4407 omnesuno
2887 4366 2988 4407 ore
3027 4349 3209 4407 veluti
3251 4365 3324 4407 ex
3339 4354 3563 4407 tessera

1912 4439 2260 4509 inclamare,
2279 4443 2382 4496 aut
2405 4455 2526 4496 una
2560 4455 2700 4496 cum
2725 4455 2796 4497 eo
2842 4456 2906 4497 se
2921 4441 3121 4498 vivere
3142 4444 3247 4498 aut
3265 4455 3390 4498 una
3408 4437 3566 4496 mori

265 4547 316 4581 ⁴⁰
353 4541 820 4616 quque—uiam]
855 4538 904 4602 ἐς
937 4539 1158 4602 Ἀλέξιον
1206 4539 1299 4596 ἧκε
1350 4546 1531 4591 τοῦτον
1583 4544 1672 4591 καὶ
1716 4538 1840 4612 παρ’
1888 4539 2048 4592 αὐτοῦ
2105 4540 2240 4592 υἰοθ.
2289 4539 2352 4593 D.
2412 4539 2455 4574 ¹⁵¹
2493 4535 2797 4616 -ἀποδροὶντι
2857 4548 2953 4602 τῆς
3003 4544 3389 4595 Κωνσταντὶνου
3437 4554 3563 4597 om.

195 4619 261 4673 D.
295 4606 898 4688 η’ἓνῖστενοχωρηθὲντι
925 4627 1046 4668 om.
1074 4613 1138 4667 D.
1170 4611 1217 4645 ‘3
1243 4615 1332 4663 καὶ
1356 4641 1427 4651 —
1457 4606 1802 4682 σπεισάμενος

1911 4613 2017 4666 ι.1).
2050 4611 2098 4646 ν’
2126 4613 2256 4683 πρὸς
2285 4642 2356 4650 -
2375 4606 2661 4686 Θεόδωρον’
2675 4627 2797 4668 om.
2828 4613 2892 4668 D.

1049 4707 1393 4776 Theodori
1441 4708 1691 4775 Dousae
1741 4718 1808 4776 et
1855 4708 2102 4776 Leonis
2149 4707 2386 4776 Allatii
2433 4717 2638 4777 notae.

199 4829 416 4886 cedere
431 4826 690 4896 cogitur;
715 4830 770 4882 et
792 4825 922 4882 aliis
935 4824 1114 4881 etiam
1132 4823 1406 4880 cladibus
1421 4823 1645 4880 fractus
1667 4840 1805 4880 cum

197 4906 393 4971 Argos
414 4904 471 4956 et
496 4897 750 4971 ﬁnitima
765 4896 992 4971 oppida
1014 4901 1304 4971 occupata
1319 4912 1459 4971 esse
1487 4900 1809 4971 cernereta

202 4965 576 5038 marchione,
608 4969 666 5023 in
699 4965 1123 5024 Acrocorintho
1153 4965 1332 5023 veluti
1361 4966 1423 5022 in
1452 4971 1623 5022 antro
1663 4971 1718 5038 et
1747 4965 1809 5021 in

204 5042 499 5115 spelunca
530 5037 811 5115 seabdit,
840 5039 915 5115 in_
953 5038 1144 5094 arduo
1182 5043 1384 5094 monte
1400 5038 1525 5115 gito
1571 5054 1642 5093 ac
1669 5037 1809 5115 fere

203 5108 692 5185 inexpugnabili,
712 5112 803 5165 vir
830 5109 1207 5185 inhumanus
1247 5125 1318 5165 ac
1357 5109 1594 5174 eﬂ‘erus,
1615 5108 1811 5185 _cladi—

203 5186 327 5240 bus
356 5179 628 5245 'urbium,
679 5181 995 5237 hominum
1042 5181 1306 5236 caedibus
1349 5186 1404 5237 et
1447 5179 1812 5252 populorum

205 5254 648 5327 direptionibus
684 5268 1064 5327 summopere
1095 5253 1386 5327 gaudens,
1429 5254 1533 5327 qui
1574 5267 1811 5327 nespa-

209 5322 487 5383 triaa'suee
509 5323 758 5396 Nauplio
779 5322 1061 5396 pepercit,
1081 5329 1138 5379 et
1157 5322 1468 5396 Nicolaum
1487 5323 1808 5396 Corinthio.

207 5394 754 5470 archiepiscopum,
784 5394 978 5470 οιξιι]Δ
1031 5394 1624 5470 quo__reco_nciliatus
1693 5395 1814 5449 fue-

207 5474 329 5536 rat,
359 5465 510 5525 inter
560 5465 770 5539 epulas
815 5465 1013 5539 eil‘osis
1052 5466 1238 5522 oculis
1265 5466 1550 5538 primum,
1601 5471 1812 5538 postea

210 5540 290 5597 de
322 5557 465 5613 rupe
500 5538 911 5614 praecipitavit.

718 5630 964 5684 PATROL.
1007 5629 1105 5684 Gs.
1149 5628 1292 5684 CXL.

1983 4825 2097 4900 (62)_
2137 4824 2269 4900 'Huk
2290 4825 2388 4896 γὰρ
2444 4821 2606 4900 οὗτος
2636 4828 2753 4878 τότε
2790 4826 3168 4900 μέρους-τινὸς
3195 4820 3563 4900 τῆς-παλαιᾶε.

1916 4893 2198 4964 BlOndus,
2230 4893 2316 4952 De
2342 4893 2519 4967 gestis
2557 4893 2928 4961 Venetorum,
2960 4894 3207 4951 ridicule
3227 4893 3376 4967 satis
3399 4893 3567 4967 pari-

1919 4973 2008 5024 ter
2037 4964 2360 5036 Go/Tredus'
2398 4967 2471 5024 de
2526 4967 2706 5039 Villa,
2758 4967 3047 5039 Gallicus,
3079 4967 3183 5039 qui
3211 4965 3275 5021 in
3324 4964 3569 5021 Achaiae

1913 5039 2266 5108 principatu
2300 5039 2608 5094 Dominico
2664 5037 2738 5093 de
2789 5038 2851 5095 la
2891 5039 3048 5094 Dosa
3084 5037 3465 5105 Successerat,
3511 5040 3567 5092 et

1917 5109 2179 5167 Michael
2210 5112 2538 5165 Comnenos
2565 5109 2806 5164 Graecus
2869 5109 3084 5165 nobilis
3129 5124 3265 5166 cum
3320 5108 3572 5176 Pelopo-

1919 5196 2077 5244 neso,
2110 5196 2272 5237 nunc
2310 5181 2516 5238 Morea
2539 5179 2724 5247 dicta,
2753 5195 2863 5250 per
2882 5181 3164 5250 fraudem
3199 5181 3430 5237 Venetae
3452 5179 3567 5236 rei-

1917 5252 2173 5322 publicae
2197 5252 2707 5322 obedientiamque
2729 5252 3199 5321 speponderant.
3228 5254 3376 5308 ALL.

1990 5325 2106 5396 (63)
2135 5325 2445 5396 Ἰαθατίνην.
2473 5325 2788 5396 Gregoras,
2799 5323 2901 5378 lib.
2935 5340 2978 5379 ι.
3008 5339 3067 5396 p.
3103 5330 3187 5380 Π.
3214 5329 3348 5380 ALL.

1993 5395 2104 5469 (64)
2135 5394 2396 5469 Πρεσςεία
2418 5398 2543 5469 πρὸς
2566 5401 2659 5446 τοῦ
2681 5394 2924 5450 σουλτςὲν.
2956 5394 3246 5468 Gregoras
3292 5409 3365 5452 ex
3389 5396 3570 5450 Acro-
3637 5433 3641 5437 -

1923 5466 2133 5538 polita,
2163 5465 2271 5521 sua
2301 5465 2532 5531 habuit,
2571 5480 2631 5538 p.
2677 5471 2761 5522 17.
2801 5471 2938 5522 ALL.

1995 5538 2102 5610 (65)
2127 5537 2452 5612 Ἐταράχθη,
2487 5537 2796 5609 Gregoras,
2828 5553 2888 5611 p.
2922 5542 3008 5594 17.
3039 5541 3174 5594 ALL.
