4084 6212
586 245 721 299 1007

1860 233 2145 290 GEORGII
2172 231 2635 290 ACROPOLIT/E

3755 249 3866 304 1008

574 370 797 427 tanam.
825 379 1013 420 uxore
1040 361 1375 427 demortua,
1398 373 1587 430 quam
1608 373 1790 430 supra
1810 357 2093 413 diximus.
2120 358 2230 412 Un-

2346 359 2722 434 κατάρχοντος,
2756 366 2842 413 καὶ
2884 372 2979 425 τῆς
3016 374 3245 438 γαμετῆς
3299 369 3551 429 θανούσης
3582 369 3738 436 αὐτοῦ,
3773 371 3869 441 ἠγά-

580 470 793 527 garam
827 455 1202 523 Ungarorum
1224 447 1510 521 principis
1537 447 1719 504 ﬁliam
1762 463 2011 504 uxorem
2042 446 2230 502 duxit.

579 546 727 600 Cum
762 542 1082 614 appararet
1109 536 1352 609 nuptias
1382 551 1609 608 easque
1641 535 1859 605 regias,
1902 534 2235 605 magniﬁcis

577 646 819 706 quoque
851 627 1194 700 sumptibus
1220 627 1505 683 decorare
1525 625 1806 684 decrevit.
1838 625 1982 682 Hinc
2017 640 2089 681 ex
2106 624 2236 680 uni-

577 736 751 778 versa
772 722 1179 776 Romanorum
1210 716 1431 772 ditione
1461 715 1744 789 pecudes,
1775 731 1911 771 sues
1939 730 2009 771 ac
2048 714 2235 770 boves

581 808 1128 881 congregabantur.
1161 805 1275 863 Sed
1305 822 1444 861 cum
1472 806 1692 862 harum
1734 820 1935 861 rerum
1962 802 2239 875 Bulgaria

584 900 858 959 omnium
888 896 1260 955 feracissima
1300 895 1395 964 sit,
1440 894 1704 968 plurima
1755 909 1999 967 quoque
2041 893 2120 950 ab
2166 907 2241 949 ea

585 988 1084 1064 deposcebantur.
1119 985 1356 1055 Bulgari
1403 989 1461 1041 et
1497 989 1674 1041 antea
1720 983 1966 1057 quidem
2011 976 2241 1042 inimici

585 1079 894 1148 Romanis,
924 1076 1158 1149 illisque
1188 1075 1517 1132 multorum
1572 1073 1887 1141 bellorum,
1937 1075 2241 1147 captivita-

586 1173 735 1236 tum,
768 1168 1137 1225 excidiorum
1166 1165 1408 1221 urbium
1439 1169 1495 1221 et
1520 1163 1775 1220 aliorum
1824 1169 2243 1222 sexcentorum

583 1258 1048 1315 infortuniorum
1074 1271 1177 1328 per
1198 1270 1391 1311 annos
1422 1254 1625 1326 plures
1649 1269 1852 1323 causa,
1885 1254 2129 1311 tandem
2166 1253 2245 1310 ab

581 1350 945 1421 imperatore
960 1346 1194 1415 Basilio,
1214 1362 1396 1419 quem
1409 1360 1531 1401 non
1552 1343 1730 1401 aliam
1747 1344 1825 1400 ob
1845 1360 2092 1401 causam
2116 1343 2245 1399 Bul-

584 1443 970 1511 garoctonum
1006 1435 1221 1491 dictum
1244 1434 1398 1491 fama
1426 1438 1601 1507 atque
1625 1435 1733 1504 21
1763 1434 2063 1491 auditione
2087 1450 2250 1491 acce-

581 1528 805 1600 pimus,
838 1524 1116 1581 debellati
1142 1524 1220 1580 ad
1246 1522 1625 1595 imperatoris
1657 1539 1851 1595 usque
1870 1523 2073 1580 lsaacii
2094 1527 2249 1580 tem-

581 1631 734 1688 pora
756 1613 1043 1671 Romanis
1074 1613 1294 1669 tributa
1322 1611 1689 1685 pendebant.
1721 1615 1868 1668 Tum
1895 1612 1973 1668 ob
2005 1628 2076 1670 ea
2110 1629 2245 1686 quae

2340 467 2459 519 γετο
2513 450 2580 511 εἰς
2657 460 2882 522 γυναῖκα
2935 459 3026 512 τὴν
3072 455 3133 514 ἣν
3177 463 3519 531 προειρήκειν,
3568 456 3615 520 ἓξ
3660 460 3871 530 Ούγγρίας

2342 537 2670 612 ὡρμημένην,
2729 542 2987 619 θυγατέρα
3042 540 3203 598 οὖσαν
3249 554 3343 598 τοῦ
3393 555 3490 598 τῶν
3546 548 3762 621 Οὔγγρων
3800 550 3871 621 ἀρ-

2342 645 2550 698 χοντος.
2576 627 2714 683 Ἐπεὶ
2759 628 2818 683 δὲ
2875 633 3044 706 ἔμελλε
3083 638 3168 687 τὸν
3214 638 3382 707 γάμον
3438 643 3592 688 ποιεῖν
3635 641 3711 687 xui
3743 637 3871 707 ὑπῆρα

2342 735 2443 787 χον
2474 717 2625 781 οὗτος
2684 718 2983 792 βασιλικὸς,
3031 722 3279 796 ἀξιόλογα
3317 720 3426 777 ἔδει
3475 726 3689 796 γενέσθαι
3734 728 3873 776 τούτου

2344 806 2411 857 τὰ
2468 805 2796 882 ἀναλώματα.
2862 810 3120 866 Ἐντεῦθεν
3176 812 3229 877 ἐξ
3280 813 3494 876 ἀπάσης
3549 822 3631 875 τῆς
3665 813 3873 885 Ῥωμαίων

2346 892 2608 971 ἐπαρχίας
2638 898 2877 972 πρόϐατά
2899 920 2952 954 τε
2981 906 3070 954 καὶ
3099 909 3284 978 χοῖροι
3332 908 3422 956 καὶ
3469 901 3580 975 βόες
3633 908 3874 973 συνήγοντοο

2343 990 2485 1040 Ἐπεὶ
2516 982 2575 1040 δὲ
2598 986 2756 1041 πλείω
2803 998 2902 1041 τῶν
2946 990 3108 1043 ἄλλων
3143 993 3173 1051 ἡ
3211 991 3515 1065 Βουλγάρων
3560 996 3709 1067 τρέφει
3734 1000 3877 1060 ταῦτα,

2348 1081 2438 1129 καὶ
2484 1076 2640 1130 πλείω
2687 1082 2831 1154 παρά
2887 1084 3081 1144 ταύτης
3133 1079 3449 1155 ἀπητοῦντο.
3498 1086 3564 1134 Τὸ
3615 1078 3667 1134 δε
3703 1080 3877 1152 Bouh-1-

2350 1186 2451 1241 ρων
2499 1166 2650 1240 φῦλον
2699 1168 2814 1240 (80)
2866 1166 3151 1223 ἔκσπονδον
3206 1174 3297 1244 μεν
3346 1174 3414 1223 τά
3450 1178 3623 1244 πρῶτα
3667 1168 3878 1241 Ῥωμαίοις

2352 1254 2525 1308 τελοῦν
2573 1261 2662 1309 καὶ
2732 1258 2960 1331 πολέμων
3020 1259 3215 1312 πολλῶν
3261 1260 3507 1335 πρόξενον
3573 1262 3757 1331 γεγονὸς
3816 1259 3880 1309 αὖ·

2354 1352 2464 1408 τοῖς
2511 1343 2958 1422 ἀνδραποδισμῶν
3015 1368 3068 1402 τε
3126 1354 3215 1402 καὶ
3269 1348 3509 1402 ἀλώσεων
3581 1349 3684 1419 (81)
3737 1346 3879 1399 πολεων

2353 1441 2443 1488 xui
2467 1441 2665 1509 μυρίων
2706 1437 2868 1489 ἄλλων
2906 1435 3106 1509 δεινῶν,
3136 1443 3223 1491 καὶ
3280 1446 3448 1492 ταῦτα
3493 1441 3539 1491 ἓν
3592 1437 3766 1497 πολλοῖς
3805 1443 3882 1497 τοῖς

2354 1527 2534 1593 ἔτεσιν,
2594 1525 2798 1580 ὕστατα
2866 1531 3010 1603 παρὰ
3048 1536 3139 1581 τοῦ
3193 1527 3455 1602 βασιλέως
3513 1526 3755 1581 Βασιλείου

2355 1621 2649 1688 χειροῦται,
2710 1615 2763 1667 ὃν
2814 1612 2908 1669 διὰ
2986 1624 3151 1670 ταῦτα
3216 1616 3653 1692 Βουλγαροκτὸνον
3707 1615 3732 1671 ἡ
3775 1617 3879 1684 φήμη

584 1703 1059 1761 memoravimus
1085 1701 1471 1759 rebellionem
1492 1701 1836 1771 moliantur,
1864 1705 1921 1758 et
1947 1701 2025 1757 ab
2046 1707 2243 1759 Asano

2354 1700 2578 1758 ἐκάλεσε.
2628 1708 2804 1779 Μέχρι
2832 1713 2958 1777 γοῦν
2996 1713 3086 1759 τοῦ
3137 1704 3396 1780 βασιλέως
3453 1705 3703 1759 Ἰσαακίου
3744 1703 3883 1772 ύπόοοι

587 1793 791 1849 nescio
812 1808 935 1865 quo
959 1807 1205 1848 suasore
1225 1796 1403 1864 atque
1424 1790 1773 1864 impulsore,
1801 1790 2085 1847 omnibus
2106 1807 2242 1864 qua:

588 1883 744 1940 intra
774 1886 1045 1938 Haemum
1076 1881 1155 1938 ad
1186 1881 1447 1937 Histrum
1476 1897 1672 1952 usque
1697 1885 2017 1938 excurrunt
2051 1880 2112 1937 in
2139 1896 2241 1953 po-

586 1974 863 2029 testatem
891 1970 1166 2040 redactis,
1194 1970 1357 2040 regio
1383 1974 1729 2042 occupatur.
1754 1972 1832 2026 Eo
1858 1985 1952 2026 res
1971 1972 2241 2027 Romana

591 2077 780 2137 quam
809 2061 1074 2117 maxime
1105 2059 1325 2117 afﬂicta
1353 2064 1481 2117 est:
1518 2058 1748 2130 Bulgari
1788 2074 2053 2132 namque
2100 2076 2239 2115 cum

590 2153 824 2226 Scytha:
868 2154 1109 2208 mutuas
1155 2166 1369 2223 operas
1431 2149 1834 2217 tradidissent,
1867 2149 2038 2206 multi
2064 2149 2238 2206 malis

590 2248 893 2302 Romanos
905 2244 1217 2297 vexarunt.
1232 2242 1547 2312 Propterea
1558 2238 1905 2309 indignatus
1918 2240 2242 2313 imperator

590 2331 925 2391 Isaaciusin
936 2346 1124 2386 unum
1143 2328 1399 2385 collectis
1416 2329 1602 2402 copiis
1622 2328 1909 2385 adversus
1930 2345 2034 2385 eos
2049 2330 2241 2386 aciem

590 2422 773 2491 ducit,
805 2424 861 2477 et
908 2418 1207 2475 maritima
1259 2422 1717 2491 praatergressus
1757 2424 1937 2491 atque
1976 2435 2083 2491 per
2134 2421 2241 2477 Me-

589 2511 919 2569 sembriam
932 2506 1583 2565 civitatemiterfaciens
1607 2508 2236 2578 Haemumingreditur.

584 2607 818 2659 Asanus
852 2615 990 2656 cum
1020 2598 1280 2654 exercitu
1302 2598 1362 2652 in
1392 2596 1681 2670 oppidulo
1712 2598 1806 2653 cui
1845 2614 2066 2654 nomen
2109 2598 2245 2654 Stri-

585 2692 749 2751 nabo
792 2691 1147 2747 immoratur
1179 2705 1193 2756 ;
1223 2692 1279 2743 et
1325 2687 1650 2760 imperator
1697 2687 1934 2744 Alexius
1980 2689 2245 2746 tentoriis

590 2781 726 2838 ﬁxis
756 2780 1041 2852 Bulgaros
1070 2776 1330 2833 obsidet.
1368 2776 1481 2833 Sed
1512 2776 1589 2833 ab
1613 2776 1726 2832 illis
1756 2777 2032 2833 eluditur.
2085 2780 2246 2834 Unus

590 2871 751 2927 enim
805 2886 876 2926 ex
943 2868 1055 2924 illis
1114 2864 1486 2936 transfugam
1556 2865 1845 2922 simulans
1901 2863 2248 2939 imperatori

592 2959 951 3032 Scytharum
980 2956 1368 3029 irruptionem
1397 2954 1728 3011 denuntiat.
1762 2958 2090 3028 Imperator
2110 2972 2249 3014 con-

2350 1796 2522 1865 ροντὸ
2576 1798 2717 1865 γένος
2756 1794 2911 1847 ἐτέλει
2961 1792 3255 1869 Ῥωμαίοις,
3313 1791 3409 1847 διὰ
3457 1791 3517 1847 δὲ
3563 1799 3648 1853 τὴν
3696 1793 3883 1846 τοιαύτην

2348 1886 2609 1957 πρόφασιν
2664 1883 2999 1957 μεμελέτηκεν
3044 1883 3353 1960 ἀνταρσίαν,
3407 1889 3497 1937 xui
3549 1882 3793 1935 ἀνίσταταί
3831 1897 3883 1937 τις

2344 1974 2508 2024 Ἀσάν
2535 1974 2651 2043 (83)
2682 1976 2908 2046 τοῦνομα
2931 1979 3019 2027 xui
3056 1973 3326 2047 βασιλεύει
3375 1983 3468 2037 τῆς
3514 1979 3703 2047 χώρας,
3730 1970 3882 2022 ἅπαντα

2346 2064 2410 2115 τά
2440 2060 2577 2125 ἐντὸς
2632 2072 2723 2116 τοῦ
2755 2065 2921 2137 Αἴμου
2976 2068 3140 2140 μέχρι
3191 2070 3282 2118 καὶ
3337 2072 3431 2118 τοῦ
3461 2063 3663 2139 Ἴστρου
3692 2061 3762 2133 ὑφ’
3804 2058 3883 2110 έαυ·

2345 2154 2430 2205 τὸν
2482 2154 2852 2226 ποιησάμενος.
2932 2153 3021 2207 Ἐκ
3065 2158 3254 2207 τούτου
3310 2154 3405 2207 οὐκ
3471 2152 3617 2225 ὀλίγα
3662 2152 3883 2225 πράγματα

2344 2247 2612 2313 Ῥωμαίοις
2672 2241 2853 2305 ξυνέϐη
2917 2264 2929 2276 ·
2989 2245 3197 2315 ἔχοντες
3256 2246 3361 2330 γὰρ
3421 2245 3470 2295 οἱ
3531 2241 3786 2313 Βούλγαροι
3843 2238 3882 2287 τὸ

2349 2333 2597 2385 Σκυθικὸν
2670 2335 2953 2406 σύμμαχον
3009 2332 3171 2386 πολλά
3262 2328 3470 2386 ἐποίουν
3684 2328 3882 2399 Ῥωμαίων

2351 2418 2514 2479 δεινά.
2543 2429 2626 2495 Τῷ
2655 2443 2736 2475 τοι
2765 2427 2854 2475 xui
2892 2424 2918 2475 6
2946 2421 3198 2497 βασιλεὺς
3242 2421 3611 2496 ἀγανακτήσας
3660 2419 3881 2479 Ἰσαάκιος,

2349 2515 2407 2565 τὸ
2476 2521 2575 2565 τῶν
2643 2512 2905 2586 Ῥωμαίων
2985 2514 3122 2566 ἅπαν
3204 2518 3519 2587 συναγαγὼν
3573 2511 3642 2573 εἰς
3683 2510 3726 2563 ἓν
3774 2505 3883 2579 στρά-

2350 2622 2535 2675 τευμα,
2567 2601 2682 2655 κατ’
2709 2602 2876 2654 αὐτῶν
2939 2605 3147 2679 ἐχώρει.
3202 2608 3313 2662 Τὴν
3373 2611 3497 2675 γοῦν
3552 2598 3777 2673 παράλιον
3820 2613 3883 2645 πα·

2351 2694 2475 2766 ριὼν
2532 2695 2621 2743 καὶ
2678 2687 2771 2743 διά
2846 2700 2937 2752 τῆς
2999 2678 3351 2766 Μεσημϐρίας
3407 2692 3593 2752 πόλεως
3643 2693 3726 2747 τὴν
3753 2678 3881 2738 δίοδον

2353 2782 2703 2853 ποιησάμενος
2757 2783 2858 2834 ἔσω
2916 2790 3008 2834 τοῦ
3070 2783 3238 2855 Αἱμου
3297 2787 3521 2854 γίνεται.
3572 2780 3628 2833 Ὀ
3674 2775 3726 2831 δε
3767 2775 3882 2826 Ἀσέο

2355 2871 2486 2943 μετά
2514 2877 2605 2922 τοῦ
2649 2869 2735 2922 ὑπ’
2767 2870 2922 2923 αὐτὸν
2958 2874 3346 2946 στρατεύματος
3378 2870 3514 2933 ἐντὸς
3556 2876 3643 2922 τοῦ
3670 2864 3883 2936 πολιχνίον

2358 2958 2416 3010 οὗ
2440 2954 2507 3017 δὴ
2537 2962 2595 3010 τὸ
2654 2962 2814 3031 ὄνομα
2868 2959 3137 3035 Στρίναϐος
3194 2960 3516 3034 εἰσέρχεται,
3555 2960 3668 3011 ἔνθα
3716 2958 3789 3007 xui
3827 2951 3885 3007 τὰς

594 3048 871 3107 turbatus
896 3045 1127 3137 nuntio,
1153 3043 1289 3101 licet
1313 3044 1407 3137 die
1435 3044 1702 3116 sequenti
1722 3045 2079 3117 oppidulum
2111 3047 2248 3103 sub-

2360 3051 2549 3109 σκηνὰς
2596 3050 2942 3121 ποιησάμενος
2980 3050 3006 3101 6
3057 3048 3310 3122 βασιλεύς
3355 3049 3613 3109 Ἰσαάκιος
3638 3049 3745 3105 τούς
3777 3038 3885 3095 Βουλ-

597 3139 838 3194 acturus
863 3137 1036 3201 esset,
1067 3132 1201 3189 loco
1250 3130 1423 3200 cedit,
1469 3147 1579 3187 nec
1625 3147 1759 3188 eam
1804 3150 1990 3206 quam
2037 3136 2250 3193 inierat

590 3225 744 3282 redit
763 3224 943 3288 viam,
992 3221 1099 3278 sed
1118 3221 1367 3277 delusus
1398 3237 1433 3277 a
1464 3220 1717 3291 Bulgaro
1769 3222 2108 3282 breviorem
2137 3243 2247 3284 nec

593 3312 971 3370 inconsultus
1015 3310 1380 3381 aggreditur.
1423 3311 1901 3380 Progredientem
1952 3313 2153 3387 itaque
2192 3316 2250 3373 et

586 3403 650 3459 in
679 3405 940 3474 angusta
969 3401 1181 3456 semita
1222 3399 1597 3456 laborantem
1632 3399 1863 3470 Bulgari
1891 3405 2246 3473 aggrediun-

585 3495 702 3561 tur,
732 3489 977 3545 militem
1000 3488 1278 3553 fundunt,
1307 3492 1788 3560 apparatumque
1814 3505 2058 3547 omnem
2083 3492 2249 3550 belli-

586 3596 728 3636 cum
757 3576 1203 3649 deprtrdantur,
1224 3576 1421 3647 ipsam
1445 3577 1625 3632 etiam
1662 3576 2037 3649 imperatoris
2057 3583 2251 3655 supel-

584 3666 839 3723 lectilem
852 3665 1163 3736 diripiunt.
1187 3667 1267 3719 Ex
1285 3664 1568 3721 Romanis
1587 3664 1789 3737 plures
1815 3669 2101 3727 caesisunt
2116 3689 2129 3737 ;
2146 3677 2252 3745 qui

588 3756 1092 3827 cumimperatore
1115 3757 1434 3810 evaserant
1456 3755 1568 3824 22
1588 3755 1766 3827 pauci
1787 3756 2102 3815 admodum
2126 3760 2249 3818 fue-

588 3862 652 3905 re
686 3850 743 3903 et
767 3861 1014 3919 prorsus
1044 3843 1213 3900 nudi.
1247 3845 1367 3899 Hac
1394 3843 1656 3913 victoria,
1688 3846 1893 3918 praeda
1923 3849 2247 3924 spoliisque

590 3940 1001 3995 Romanorum
1042 3932 1277 4007 Bulgari
1330 3934 1508 3989 nimis
1535 3938 1589 3990 et
1636 3934 1958 3994 insolenter
2011 3939 2247 3998 animos

591 4025 1230 4098 sublevaruntzquippe
1243 4040 1313 4081 ex
1330 4022 1474 4096 ipsis
1493 4023 1886 4097 imperatoriis
1908 4026 2245 4099 insignibus

591 4117 944 4189 pretiOsiora
965 4115 1430 4187 conquisierant,
1452 4118 1509 4170 et
1529 4119 1741 4187 praeter
1766 4131 1838 4173 ea
1858 4118 2054 4188 regias
2068 4135 2245 4192 pyra-

594 4204 815 4273 midas,
838 4203 1071 4276 phialas
1103 4203 1382 4268 celebres,
1415 4204 1685 4275 pecunia:
1712 4206 1830 4261 vim
1858 4207 2239 4279 immensam,

2354 3138 2551 3209 γάρους
2597 3137 2901 3212 ἐπολιόρκει.
2982 3143 3510 3212 Καταστρατηγεῑται
3569 3135 3624 3191 δε
3674 3132 3776 3208 παρ’
3821 3128 3883 3179 αὖ·

2356 3235 2493 3279 τῶν·
2547 3236 2646 3279 τῶν
2702 3247 2783 3290 τις
2834 3228 3136 3302 Βουλγάρων
3182 3231 3287 3306 γάρ
3355 3235 3670 3306 προσωπεῖον
3721 3214 3884 3275 ύπενδὺς

2358 3312 2592 3389 φυγάδος
2662 3315 2950 3388 ἀφικνεῖται
3016 3321 3161 3393 παρὰ
3215 3323 3306 3372 τὸν
3367 3319 3588 3393 βασιλέα
3630 3320 3711 3369 xui
3751 3311 3882 3385 μπγᾶει

2358 3405 2495 3476 αὐτῷ
2522 3409 2727 3459 Σκυθῶν
2751 3404 2955 3479 ἔφοδον,
3015 3410 3042 3460 6
3090 3405 3148 3461 δε
3201 3407 3459 3481 βασιλεύς
3509 3396 3585 3479 τῷΔ
3627 3406 3747 3476 λόγῳ
3776 3403 3884 3471 θροξσ

2361 3496 2479 3559 θεὶς,
2530 3500 2619 3547 καὶ
2669 3504 2837 3549 ταῦτα
2880 3501 2974 3556 τὴν
3027 3496 3276 3550 ἐπιοῦσαν
3326 3502 3386 3552 τὸ
3437 3498 3695 3569 πολίχνιον
3742 3506 3884 3562 χαράν

2362 3585 2559 3636 σασθαι
2611 3584 2823 3658 μέλλων,
2857 3584 3208 3640 ἀπανίσταται
3261 3596 3355 3641 τοῦ
3412 3592 3595 3642 τόπου.
3657 3582 3753 3637 Ούκ
3790 3572 3887 3637 ἒξέλ·

2364 3673 2443 3725 θεν
2489 3669 2577 3725 οὖν
2626 3678 2717 3733 τὴν
2749 3674 2809 3733 ἣν
2853 3674 3065 3734 ἐπῆλθεν
3122 3673 3268 3748 ὁδὸν,
3321 3676 3429 3730 ἀλλ’
3475 3674 3779 3740 ἐξαπατηθεὶς
3817 3664 3883 3716 ὑπὸ

2358 3770 2449 3815 τοῦ
2482 3763 2774 3839 Βουλγάρου
2805 3768 2899 3824 τὴν
2931 3770 3225 3840 ταχυτέραν
3276 3770 3427 3841 τάχα
3480 3763 3708 3829 διεξιέναι
3755 3754 3884 3831 $1609-

2355 3850 2550 3911 λευται,
2629 3855 3090 3926 Ἐπεισγίπτουσιν
3161 3852 3249 3909 οὖν
3333 3857 3472 3929 αὐτῷ
3536 3852 3817 3930 διερχομένφ
3852 3843 3883 3895 ολ

2358 3940 2640 4015 Βούλγαροι
2713 3942 2797 3996 ἐπί
2859 3962 2961 3996 τινι
3020 3953 3264 4017 στενωπῷ
3325 3949 3595 4019 γενομένῳ,
3647 3946 3724 3995 καὶ
3769 3952 3883 3990 κατα·

2354 4028 2540 4084 λύουσι
2563 4036 2619 4085 τὸ
2670 4033 2757 4086 ὑπ’
2805 4033 2960 4086 αὐτὸν
2989 4034 3126 4088 ἅπαν
3155 4038 3478 4109 στράτευμα,
3507 4040 3593 4088 καὶ
3640 4029 3882 4085 σκυλεύουσι

2353 4128 2529 4174 πᾶσαν
2581 4125 2676 4181 τὴν
2734 4132 2830 4185 τῆς
2891 4131 3143 4198 στρατιᾶς
3190 4124 3511 4193 ἀποσκευὴν,
3567 4124 3684 4176 ἀλλὰ
3725 4116 3780 4174 δὴ
3821 4114 3881 4165 καὶ

2351 4215 2445 4269 τὴν
2495 4219 2588 4264 τοῦ
2658 4211 2916 4286 βασιλέως
2964 4213 3144 4283 αὐτοῦ,
3201 4220 3468 4270 Πίπτουσι
3521 4210 3578 4267 δε
3627 4209 3779 4265 πολλοί
3813 4209 3881 4254 τῶν

594 4292 793 4367 ipsam
808 4292 987 4349 etiam
1002 4291 1446 4365 imperatoriam
1464 4308 1723 4364 crucem,
1744 4311 1931 4367 quam
1961 4298 2243 4356 sacerdos

2347 4302 2630 4375 Ῥωμαίων.
2704 4305 2768 4355 Οἱ
2817 4299 2876 4356 δε
2943 4299 3286 4370 διασωθέντες
3357 4308 3491 4380 μετὰ
3551 4310 3636 4358 τοῦ
3688 4294 3881 4375 βασιλέως

1454 4468 1795 4542 Theodori
1844 4474 2094 4545 Dousa:
2142 4487 2207 4545 et
2254 4480 2504 4550 Leonis
2551 4480 2786 4551 Allatii
2834 4492 3036 4553 notae.

581 4649 833 4709 vocibus
864 4646 1236 4705 clamitarent
1252 4647 1383 4720 jam
1405 4650 1590 4706 armis
1615 4651 1924 4711 Romanos
1950 4655 2242 4715 invaden-

581 4724 713 4795 dos,
754 4727 958 4794 captos
990 4736 1201 4795 omnes
1233 4719 1313 4776 ad
1343 4736 1532 4795 unum
1552 4722 1940 4783 inclementer
1968 4728 2241 4785 occiden-

580 4792 718 4861 dos,
739 4792 888 4868 pace
910 4798 967 4850 et
991 4793 1180 4865 pretio
1203 4792 1554 4868 repudiatis.
1581 4795 1684 4868 llis
1708 4800 1829 4868 tota
1859 4813 2006 4867 gens
2038 4802 2238 4857 conci-

578 4872 700 4924 tata
730 4865 810 4945 ad
838 4881 1011 4945 arma
1032 4865 1311 4945 cucurrit,
1343 4870 1399 4945 et
1420 4880 1486 4920 ex
1510 4866 1676 4945 initio
1698 4865 2066 4945 defectionis,
2099 4889 2237 4945 quae

579 4939 891 5016 auspicata
917 4937 1173 5016 fuerunt,
1193 4937 1411 5016 animis
1440 4937 1681 5007 magnis
1709 4937 2233 5016 constabiliuniur,

578 5008 764 5063 Deum
787 5008 1043 5063 libertati
1076 5024 1200 5063 suae
1236 5008 1454 5064 favere.
1498 5016 1627 5067 ALL.

647 5078 760 5204 (ἓὲ)
787 5083 901 5204 ἐξ*
943 5076 1000 5131 δὲ
1061 5079 1364 5153 Βουλγάρων
1414 5079 1589 5153 φῦλον.
1641 5083 1952 5155 Gregoras,
2013 5084 2120 5142 lib.
2176 5104 2228 5159 ιι,

626 5191 638 5203 .
670 5166 757 5204 20.
787 5166 920 5204 ALL.

576 5164 1323 5294 Alfi-:Id‘purrudmyriw
1408 5242 1461 5275 τε
1559 5230 1647 5277 καὶ
1746 5225 2005 5283 ἀλώσεων.
2091 5230 2230 5294 Quae

572 5290 734 5366 mala
764 5290 996 5366 Bulgari
1015 5292 1072 5345 in
1090 5290 1327 5366 ere'cos
1344 5298 1398 5349 ct
1420 5310 1625 5351 eorum
1640 5297 1913 5366 regiones
1929 5290 2231 5356 intulerint

566 5362 743 5418 variis
767 5362 1241 5446 eacursionibus,
1277 5364 1427 5446 aliis‘
1465 5371 1643 5446 atque
1683 5362 1813 5446 aliis
1860 5369 2136 5437 ducibus,
2173 5378 2229 5429 et

566 5450 775 5520 eorum
804 5434 1088 5520 bistoriae,
1113 5435 1303 5520 donec
1336 5452 1371 5490 a
1394 5434 1607 5520 Basilio
1630 5439 2061 5520 Bulgaroctono
2104 5434 2226 5520 tan-

564 5506 703 5562 dem
727 5506 840 5561 t'usi
874 5521 943 5562 ac
978 5505 1255 5563 debellati
1281 5513 1433 5576 sunt,
1488 5508 1646 5566 unde
1675 5505 1763 5567 illi
1808 5528 2031 5570 nomen
2092 5513 2223 5571 Bul-

559 5582 890 5650 garoctono
916 5577 1046 5635 fuit.
1088 5582 1224 5633 ALL.

2425 4662 2530 4731 (82)
2578 4664 2657 4737 De
2691 4662 2905 4737 Basilio
2936 4663 3395 4737 _Bulgaroctono
3424 4666 3647 4737 praeter
3666 4658 3877 4737 nostrum

2350 4730 2757 4806 Acropolitam
2780 4735 2901 4806 agit
2921 4730 3233 4806 Gregoras,
3255 4737 3413 4793 libro
3430 4730 3688 4806 secundo
3708 4747 3720 4797 ;
3738 4730 3878 4806 29113;

2347 4819 2468 4877 ras,
2492 4797 3090 4877 Cedrenusﬂoanne's
3106 4797 3332 4865 Tzetzes
3366 4810 3427 4864 in
3451 4803 3667 4877 Chiliad
3684 4818 3695 4867 ;
3714 4797 3875 4877 Γθυίίυξ

2347 4864 2468 4931 fere
2498 4892 2712 4950 omnes
2756 4864 3019 4934 historici
3059 4879 3257 4935 Graeci.
3286 4864 3376 4935 De
3415 4879 3551 4950 ejus
3569 4864 3875 4950 cadavere}!

2346 4946 2651 5029 sepultura
2674 4950 2981 5029 “Georgius
3036 4936 3464 5029 Pachymeres;
3497 4948 3658 5029 libtli,

2344 5004 2523 5103 gorro
2553 5004 2919 5103 Basiﬁumin
2946 5004 3870 5103 cedem—te?!)plo‘jsepulturilatfag‘“

2346 5088 2928 5166 fledrenus_:Tu?ivuc
2949 5089 3024 5166 6":
3048 5080 3364 5166 παρεκάλεσε
3383 5080 3662 5166 τὸν-ἑαυτοῦ
3682 5080 3868 5166 alii}???

2343 5159 2506 5240 ῥνέιαὶ
2529 5154 2793 5234 διάδοχον
2825 5163 3063 5218 κατελιπε
3089 5154 3189 5240 της
3224 5165 3417 5240 ἀρχῆς,
3472 5162 3546 5240 ἓν,
3572 5168 3638 5229 τῷ
3685 5154 3796 5240 κοξτέ

2339 5229 2597 5309 Ἐϐδομον
2621 5214 2736 5309 ναξ
2762 5243 2851 5287 τοῦ
2903 5214 3265 5309 εὐαγγελίστού
3290 5214 3417 5288 ’xui,
3450 5216 3689 5303 θεολόγον,
3734 5231 3785 5276 Ὀ
3817 5214 3863 5271 δὴ

2339 5307 2560 5374 γέγονεν.
2599 5308 2737 5361 ALL.
3038 5307 3045 5309 ἡ

2408 5365 2520 5451 ἰ83)
2548 5377 2728 5433 Ἀσάν.
2752 5377 3149 5451 Deiectionem
3173 5380 3574 5451 Bulgarorum,
3601 5365 3863 5451 equdiﬂg

2337 5430 2485 5502 nem,
2503 5430 2563 5502 in
2590 5464 2693 5522 e_os
2714 5430 3682 5522 ls—aaciiimperatoi'iE—ad—mOdum'
3719 5430 3861 5522 ίηῖῗξίξ

2336 5532 2488 5589 cem,
2521 5525 2577 5575 et
2604 5520 2833 5577 damna
2864 5509 3333 5580 illata‘Romanis
3362 5520 3491 5577 fuse
3537 5509 3861 5589 prosequitur

2338 5588 2645 5649 Choniata.
2678 5592 2812 5647 ALL.
