4084 6212
252 322 391 377 1025

1751 321 2089 378 ANNALES.

3469 327 3608 384 1026

247 443 429 519 Ἐῥρῆς
479 441 645 496 πολλὰ
727 449 1014 518 πράγματα
1103 447 1341 518 παρέσχε
1417 443 1686 517 Ῥωμαίοις
1759 449 1878 499 καὶη

1969 445 2218 516 militem,
2243 461 2364 517 quo
2393 445 2576 502 fultus
2603 461 2740 501 cum
2774 461 2896 500 suae
2949 445 3205 501 nationis
3262 446 3614 506 hominibus

244 533 386 604 αὐτῷ
424 540 497 604 τῷ
531 529 746 605 βασιλεῖ
778 530 1055 608 Θεοδώρῳ.
1109 529 1370 607 Ἀνδρεῖος
1425 536 1526 607 γὰρ
1582 533 1671 602 ὢν,
1729 538 1848 606 περὶ

243 623 430 696 μάχας
498 621 802 697 ὀξύῤῥοπος,
855 627 946 674 καὶ
996 626 1404 696 τεταπεινωμένα
1467 624 1533 675 τὰ
1576 631 1676 675 τῶν
1725 621 1851 676 Ῥω-

241 717 414 786 μαίων
442 712 593 787 ὁρῶν,
624 715 716 764 καὶ
740 711 972 785 μάλιστα
1000 710 1054 775 ἐξ
1079 713 1129 748 ⁸ο
1174 714 1292 764 ὅτου
1343 715 1429 764 τὸν
1489 711 1707 764 σουλτὰν
1767 731 1851 764 πε-

242 806 486 876 φόνευκεν
540 801 566 852 6
633 798 884 874 βασιλεὺς
962 798 1252 876 Θεόδωρος·
1338 805 1450 855 τότε
1517 803 1618 876 γὰρ
1683 804 1742 854 τὸ
1795 799 1852 854 ἐκ

243 893 500 966 Φράγκων
547 892 744 962 προσὸν
833 890 975 962 αὐτῷ
1046 889 1332 944 ἀπολώλεκε
1428 891 1749 966 στράτευμα,
1802 888 1851 941 ἓν

242 981 289 1052 ᾧ
318 984 412 1032 καὶ
452 981 549 1040 τὰς
604 975 737 1054 πρὸς
788 983 909 1042 τοὺς
946 981 1208 1053 ὁμογενεῖς
1257 979 1582 1054 τεθαῤῥηκὼς
1629 976 1689 1038 ἧν
1744 980 1852 1052 μά·-

240 1089 374 1141 χας.
405 1068 507 1130 Οὓς
531 1071 622 1120 καὶ
663 1070 688 1120 6
717 1066 966 1142 βασιλεὺς
1019 1068 1206 1144 Ἐῤῥῆς
1252 1065 1464 1122 ἐδεδίει·
1516 1068 1698 1122 πολλοὶ
1749 1071 1851 1143 γὰρ

243 1153 386 1217 ἦσαν
426 1156 836 1231 ὀνομαστοὶάπό
875 1177 928 1212 τε
951 1162 1129 1230 γένους
1153 1156 1254 1211 ἀπὸ
1277 1177 1330 1211 τε
1385 1162 1489 1232 μὴν
1541 1166 1635 1220 τῆς
1690 1177 1853 1227 προσ-

241 1249 412 1308 οὐσης
443 1245 654 1309 έκείνοις
716 1243 959 1321 ἀνδρίας.
1020 1251 1113 1300 Διὰ
1162 1255 1351 1316 ταῦτα,
1413 1248 1480 1309 ὧς
1524 1266 1654 1319 φασι
1699 1266 1851 1315 τινες,

241 1341 339 1390 καὶ
366 1340 460 1396 τὴν
481 1343 573 1388 τοῦ
601 1335 860 1410 βασιλέως
888 1341 1037 1396 νίκην
1068 1336 1307 1400 ἀκηκοὼς
1336 1338 1361 1389 6
1401 1335 1606 1412 Ἐῥρῆς,
1667 1340 1854 1390 (Nevi-

239 1445 427 1497 κηται,
459 1444 490 1479 ν
520 1427 634 1498 ἔφη,
668 1448 696 1477 ‹‹
731 1427 756 1478 6
779 1428 1075 1502 Λάσκαρις,
1102 1427 1162 1480 οὐ
1189 1427 1503 1485 νενίκηκεν.»
1539 1424 1618 1498 [Ρ.
1646 1425 1856 1497 15]Ἰνα

241 1523 374 1588 γοῦν
411 1519 482 1588 μὴ
506 1513 666 1568 πολὺν
728 1521 1012 1568 κατατείνω
1054 1515 1202 1588 λόγον
1257 1522 1346 1576 τῆς
1399 1516 1653 1590 ἱστορίας,
1713 1513 1856 1566 τοῦτ’

243 1605 312 1657 ἄν
372 1608 523 1677 μόνον
609 1603 764 1658 εἰπὼν
813 1608 873 1657 τὸ
917 1610 1018 1658 πᾶν
1070 1609 1496 1679 παραστήσαιμι·
1551 1606 1715 1677 μεχρι
1765 1607 1856 1656 καὶ

245 1689 414 1746 αὖτοῦ
453 1700 546 1746 τοῦ
574 1697 853 1766 Νυμφαίου
879 1693 996 1767 (16)
1027 1696 1118 1754 τὰς
1167 1695 1364 1756 σκηνὰς
1418 1694 1444 1745 6
1497 1691 1684 1767 Ἐῥρῆς
1734 1689 1856 1750 ἐπή-

1957 533 2246 590 audacter
2264 532 2489 588 bellum
2521 533 2900 602 conserebat,
2933 537 2989 590 et
3023 549 3204 606 quem
3288 534 3617 608 imperator

1957 621 2160 677 Ericus
2189 621 2494 677 metuebat
2519 621 2686 693 quod
2716 623 2778 678 in
2818 637 2888 678 eo
2919 626 2978 677 et
2998 637 3214 692 genere
3263 625 3502 682 nobiles
3561 631 3618 684 et

1956 712 2106 768 irato
2138 711 2245 767 sibi
2287 711 2529 781 ingenio
2585 712 2810 768 viribus
2872 711 3140 768 valentes
3203 715 3618 788 conspiceren-

1958 805 2070 872 tur,
2113 799 2388 874 perdidit.
2419 804 2718 868 Praeterea,
2754 805 2819 857 ut
2842 801 3087 874 quidem
3127 810 3489 871 memorant,
3541 806 3616 864 de

1957 889 2335 962 imperatoris
2360 889 2604 946 victoria
2641 889 2856 946 certior
2883 888 3096 958 factus,
3128 893 3451 962 «Lascaris,
3472 916 3501 944 »
3522 911 3620 952 ex-

1961 979 2200 1048 clamat,
2243 1001 2270 1030 ‹‹
2303 979 2493 1034 victus
2523 983 2629 1048 est,
2660 993 2786 1034 non
2814 978 2971 1035 vicit.
3022 1001 3052 1030 »
3104 980 3216 1036 Sed
3264 997 3340 1037 ne
3391 982 3616 1040 diutius

1962 1068 2294 1126 orationem
2322 1068 2690 1140 protraham,
2732 1067 2826 1124 vel
2853 1068 2970 1124 hoc
3011 1067 3138 1125 solo
3168 1085 3262 1126 res
3286 1071 3618 1144 conspicua

1963 1159 2086 1214 erit.
2128 1157 2526 1229 Nymphteum
2548 1171 2760 1230 usque,
2781 1172 2918 1213 cum
2948 1157 3148 1214 nullus
3168 1159 3610 1231 adversaretur,

1964 1249 2163 1303 castra
2175 1246 2376 1318 posuit
2390 1246 2588 1302 Ericus
2603 1265 2616 1315 ;
2633 1245 2894 1319 indeque
2905 1246 3160 1316 rediens,
3178 1250 3393 1320 partim
3410 1250 3617 1322 praeda

1963 1341 2135 1408 parta
2153 1335 2393 1408 opimus
2424 1350 2494 1390 ac
2549 1339 2809 1404 saturus,
2856 1337 3134 1407 partima
3173 1337 3481 1395 laboribus
3529 1339 3615 1396 fe-

1963 1425 2100 1481 riari
2130 1429 2346 1496 optans
2376 1427 2590 1496 {neque
2621 1424 2780 1480 enim
2806 1425 2869 1479 in
2910 1426 3270 1482 sustinendis
3317 1428 3614 1485 bellorum

1964 1513 2391 1571 certaminibus
2425 1514 2631 1570 Latina
2657 1513 2823 1569 natio
2842 1513 3166 1585 perdurat),
3191 1533 3330 1572 cum
3359 1517 3617 1590 impera-

1963 1607 2088 1660 tore
2124 1601 2434 1658 Theodoro
2487 1601 2683 1657 foedus
2728 1601 3469 1678 iniit;concordatumque
3527 1611 3618 1664 est

1965 1691 2188 1747 Cimeni
2218 1691 2328 1762 (sic
2349 1689 2511 1746 enim
2540 1705 2715 1746 mons
2744 1690 2996 1746 Achirao
3019 1691 3308 1763 adjacens
3349 1694 3615 1766 appella-

247 1781 394 1846 ξατο,
454 1781 570 1835 κατ’
623 1780 841 1856 ἐρημίαν
902 1781 1112 1849 πολλὴν,
1168 1779 1379 1844 οὐδενὸς
1443 1779 1728 1841 κωλύοντος
1784 1780 1853 1838 εί.

1969 1782 2079 1852 tur)
2105 1780 2382 1836 universa
2406 1784 2463 1836 et
2490 1779 2689 1850 ipsam
2729 1779 3056 1836 Achiraum
3091 1797 3127 1837 a
3159 1781 3374 1838 Latinis
3425 1783 3616 1856 possi-

256 1871 486 1925 Ἐκεῖθέν
511 1890 566 1924 τε
619 1870 954 1946 ὑποστρεψας
1014 1875 1074 1924 τὸ
1103 1873 1193 1945 μὲν
1257 1879 1364 1932 τοῖς
1412 1871 1723 1946 κρατηθεῖσι
1772 1889 1856 1922 κο-

251 1964 477 2038 ρεσθεὶς,
543 1963 602 2015 τὸ
655 1958 716 2015 δὲ
770 1966 860 2015 καὶ
919 1963 1208 2038 ἐκεχειρίαν
1262 1960 1505 2022 ἐθελήσας
1549 1959 1720 2013 λαϐεῖν
1775 1958 1854 2033 (οὐ

243 2053 358 2126 γὰρ
412 2051 544 2124 οἶγαν
627 2053 935 2124 καρτερικὸν
977 2054 1036 2104 τὸ
1086 2054 1366 2104 Λατινικὸν
1429 2049 1582 2123 φῦλον
1635 2049 1683 2102 ἐν
1739 2056 1855 2112 ταῖς

249 2143 464 2214 μάχαις
491 2143 810 2200 καθέστηκεν
840 2142 930 2211 ⁸³),
966 2141 1039 2202 εἰς
1067 2140 1354 2214 ξυμϐάσεις
1409 2141 1532 2200 mea
1578 2141 1709 2212 μετὰ
1763 2145 1856 2191 τοῦ

251 2228 514 2304 βασιλέως
584 2227 884 2305 Θεοδώρου,
952 2235 1052 2284 Καὶ
1111 2231 1445 2303 συνεφωνήθη
1502 2232 1568 2282 τὰ
1621 2230 1711 2302 μὶν
1763 2236 1856 2281 τοῦ

252 2326 449 2392 Κιμινᾶ
471 2321 646 2373 πάντα
677 2319 834 2390 (οὕτω
857 2321 956 2395 γὰρ
1013 2323 1072 2373 τὸ
1116 2319 1230 2396 ὃρος
1292 2319 1526 2372 καλεῖται
1579 2321 1638 2371 τὸ
1702 2317 1858 2390 ἔγγὺς

247 2418 345 2470 τῆς
377 2409 682 2483 Ἀχυράονς
715 2408 1001 2482 τυγχάνον)
1032 2411 1163 2481 μετὰ
1199 2413 1290 2462 καὶ
1327 2409 1490 2470 αὐτῆς
1547 2417 1642 2470 τῆς
1695 2407 1859 2479 Ἀχυο

247 2497 409 2572 ράους
455 2500 601 2572 παρὰ
647 2505 738 2550 τοῦ
790 2506 886 2550 τῶν
943 2500 1190 2572 Φράγιιων
1236 2500 1418 2570 γένους
1475 2493 1854 2564 δεσπὸξεσθαι,

248 2589 344 2640 τὸν
372 2583 432 2639 δέ
475 2586 712 2660 Κάλαμον
766 2588 938 2659 (κώμη
993 2583 1054 2640 δέ
1103 2585 1246 2640 ἐστιν
1297 2588 1322 2639 6
1380 2585 1640 2658 Κάλαμος,
1689 2583 1742 2646 ἐξ
1796 2580 1854 2637 οὗ

1963 1871 2108 1937 deri,
2135 1869 2447 1927 Calamum
2477 1885 2618 1926 vero
2648 1869 2736 1940 (id
2772 1870 3066 1943 oppidum
3089 1876 3194 1938 est,
3219 1888 3292 1928 ex
3321 1889 3443 1945 quo
3472 1878 3618 1931 Neo-

1964 1965 2297 2016 castrorum
2329 1959 2530 2015 thema
2571 1958 2804 2015 initium
2860 1960 3062 2030 sumit)
3122 1961 3460 2019 inhabitum
3512 1963 3615 2020 de-

1964 2049 2076 2106 seri
2099 2067 2112 2118 ;
2131 2063 2266 2120 quae
2288 2051 2678 2119 sequerentur
2695 2047 2810 2104 sub
2823 2047 3066 2104 arbitrio
3087 2065 3215 2105 esse
3235 2050 3614 2123 imperatoris

1962 2137 2254 2196 Theodori
2275 2154 2288 2193 :
2309 2152 2381 2194 ea
2403 2141 2571 2194 erant
2589 2139 2929 2208 Neocastra,
2965 2137 3334 2210 Celbianum,
3359 2141 3612 2211 Chliara,

1963 2229 2382 2297 Pergamus,et
2399 2242 2537 2299 quas
2559 2241 2594 2282 a
2613 2225 2794 2282 latere
2813 2231 2982 2283 erant
2996 2227 3252 2298 Magidia
3267 2233 3324 2284 et
3351 2229 3613 2302 Opiscia.

1964 2319 2177 2373 Praeter
2205 2317 2333 2372 haec
2374 2316 2528 2372 alius
2559 2314 2738 2371 etiam
2768 2315 3028 2386 regionis
3057 2316 3384 2388 imperator
3426 2319 3613 2375 Theo-

1963 2405 2150 2462 dorus
2176 2405 2287 2476 3],
2327 2403 2775 2471 dominabatur,
2821 2421 2957 2476 quae
3008 2420 3046 2460 a
3092 2405 3356 2478 Lopadio
3394 2406 3614 2478 princi-

1963 2494 2132 2568 pium
2154 2493 2387 2550 habens
2409 2495 2655 2557 Prusam
2683 2491 3063 2564 Nieaaamque
3085 2508 3194 2548 suo
3224 2493 3456 2550 ambitu
3477 2509 3615 2551 con-

1965 2584 2124 2640 tinet.
2152 2585 2218 2638 Et
2246 2582 2331 2638 sic
2353 2581 2661 2637 Theodoro
2690 2580 3037 2654 imperatori
3065 2597 3160 2637 res
3185 2589 3506 2638 cesserant.

251 2678 314 2728 τὸ
344 2695 445 2728 των
469 2679 804 2750 Νεοκάστρων
835 2677 951 2744 (17)
984 2677 1211 2749 ἄρχεται
1247 2677 1399 2750 θέμα)
1427 2679 1592 2748 μένειν
1621 2675 1818 2739 ἄοικον,
1845 2676 1911 2726 τὰ
1943 2670 2002 2727 δὲ
2031 2673 2252 2725 ἐντεῦθεν
2276 2673 2421 2746 παρὰ
2447 2677 2540 2722 τοῦ
2584 2669 2840 2743 βασιλέως
2898 2667 3176 2744 Θεοδώρου
3237 2667 3613 2732 δεσπόζεσθαιο

246 2777 562 2849 Νεὸκαστρα
587 2769 644 2827 δὲ
673 2781 839 2828 ταῦτα
859 2770 920 2833 ἦν
951 2779 1040 2826 καὶ
1073 2773 1346 2827 Κελϐιανὸν
1375 2773 1581 2846 Χλίαρά
1609 2791 1660 2825 τε
1685 2777 1776 2824 καὶ
1808 2775 2074 2847 Πέργαμος
2113 2775 2202 2822 καὶ
2229 2771 2296 2822 τὰ
2323 2768 2556 2841 πλαγίως
2585 2767 2866 2842 ἐγκείμενα,
2907 2765 3151 2840 Μαγίδιά
3180 2787 3233 2821 τε
3261 2774 3350 2822 καὶ
3399 2769 3619 2842 Ὀψίκια

246 2861 384 2934 (18).
415 2864 648 2937 Ὺπῆρχε
671 2859 730 2916 δε
751 2867 840 2916 καὶ
861 2861 985 2923 ἄλλη
1019 2868 1177 2936 χώρα
1200 2864 1248 2899 ³³
1277 2871 1352 2935 τῷ
1380 2861 1592 2936 βασιλεῖ
1621 2858 1930 2936 Θεοδώρῳξή
1962 2861 2062 2915 ἀπὸ
2092 2867 2181 2914 τοῦ
2210 2855 2484 2913 Λοπαδίου
2509 2857 3139 2933 ἀρχομένη,και[1ροῦσαν
3161 2857 3621 2932 περιλαμϐάνουσα

247 2956 343 3004 καὶ
368 2957 614 3006 Νίκαιαν.
641 2957 742 3006 Καὶ
771 2952 906 3006 οὕτω
935 2956 1026 3026 μὲν
1059 2951 1238 3016 ξυνέϐη
1267 2961 1340 3025 τῷ
1372 2951 1584 3026 βασιλεῖ
1608 2948 1866 3028 Θεοδώρῳ
1895 2953 1962 3004 τὰ
1990 2953 2278 3026 πράγματα
2301 2950 2370 3004 ⁸⁴.

326 3039 487 3106 ις’.”0
523 3037 583 3094 δὶ
613 3041 872 3116 εἰρημένος
936 3040 1120 3116 Ἐῥρῆς
1162 3041 1298 3113 (19),
1370 3041 1413 3094 εἰ
1474 3045 1564 3094 καὶ
1620 3043 1855 3115 Φράγκος
1892 3041 1932 3098 C

248 3132 311 3182 τὸ
354 3133 496 3202 γένος
585 3129 890 3203 ἐτύγχανεν,
971 3129 1078 3183 ἀλλ’
1133 3127 1222 3183 οὖν
1280 3127 1386 3190 τοῖς
1439 3129 1713 3202 Ῥωμαίοις
1767 3135 1856 3183 καὶ

252 3217 517 3291 ὶθαγενέσι
579 3226 676 3282 τῆς
750 3223 1140 3272 Κωνσταντίνου
1219 3217 1522 3294 ἱλαρώτερον
1609 3222 1858 3290 προσεφέ-

247 3326 390 3383 ρετο,
422 3313 513 3361 καὶ
539 3307 759 3370 πολλοὺς
800 3304 915 3381 εἶχε
948 3312 1070 3371 τοὺς
1124 3310 1214 3381 μὲν
1271 3314 1380 3369 τοῖς
1439 3305 1680 3380 μεγάλοις
1730 3309 1857 3360 τού-

247 3416 344 3449 του
380 3401 830 3471 συντεταγμένους,
861 3403 981 3460 τους
1009 3394 1068 3450 δε
1107 3404 1215 3458 τοῖς
1265 3401 1628 3470 στρατιώταις,
1682 3399 1740 3448 τὸ
1798 3391 1858 3449 δί

245 3489 424 3538 κοινὸν
467 3485 662 3548 πλῆθος
751 3487 816 3547 ὡς
877 3485 1062 3538 οἰκεῖον
1105 3487 1220 3558 (20)
1275 3493 1504 3560 περιεῖπε
1552 3484 1698 3542 λαόν.
1757 3489 1857 3538 Καὶ

246 3578 354 3648 γὰρ
423 3579 814 3650 περιγενόμενος
863 3584 962 3628 τῶν
1029 3575 1325 3648 Ῥωμαϊκῶν
1385 3575 1580 3628 ἀστέων
1643 3580 1857 3628 Λεντια-

246 3673 349 3716 νῶν
378 3683 433 3718 τε
461 3669 552 3718 καὶ
584 3671 932 3739 Ποιμανηνοῦ,
965 3669 1055 3718 καὶ
1075 3661 1271 3741 ἄνδρας
1335 3667 1422 3717 τὸν
1467 3669 1628 3738 Ἀρην
1679 3668 1856 3716 πνέον-

245 3773 341 3815 τας
389 3758 479 3806 καὶ
552 3755 680 3829 ἔργά
767 3753 944 3827 ψυχῆς
1017 3759 1252 3826 γενναίας
1323 3749 1710 3826 ἐνδειξαμένους
1790 3755 1856 3816 ὡς

251 3844 466 3918 ἕρμαιόν
503 3863 557 3896 τι
581 3840 792 3907 ἐδέξατο
831 3843 1072 3919 ἐφευρών.
1105 3843 1187 3898 Ἐν
1217 3845 1316 3920 γὰρ
1373 3847 1432 3895 τὸ
1488 3851 1588 3895 τῶν
1645 3847 1860 3896 Λεαντί-

253 3953 354 3986 νων
377 3934 511 3986 ἄστυ
555 3933 686 3986 ὥστε
736 3937 825 3986 καὶ
891 3939 1034 3993 σήτει
1098 3939 1274 4006 φαγεῖν
1337 3934 1700 4004 κατηάγκασεν
1744 3931 1858 4005 (21)

333 4057 380 4093 ⁸ο
407 4055 902 4160 βασιλέωςέῐταλῶνῗ
920 4057 1232 4160 Ῥιέμπέρτου
1264 4053 1646 4160 ελφήν.ΊΚαὶ
1682 4057 1770 4108 τὸν
1815 4056 1946 4108 θεῖον

333 4133 388 4160 ..ὦ
401 4149 561 4160 -..η-ι,
620 4150 688 4160 ..η
726 4149 844 4160 ...ιι
907 4133 929 4160 ι
960 4128 980 4160 ἐ
1045 4132 1084 4160 n
1140 4130 1185 4160 81
1216 4148 1315 4160 υκα-
1376 4159 1379 4160 ,
1441 4148 1514 4160 αι.
1548 4131 1722 4160 .“ιλιιφλρ
1749 4143 1846 4160 nm
1908 4129 1948 4160 Π

333 4079 380 4093 ’ν
407 4079 668 4130 pata-Luco;
707 4079 894 4111 ιταλων
937 4079 1000 4111 ro
1045 4079 1232 4131 περτου
1264 4079 1508 4130 ασεΑφην.
1548 4079 1646 4109 mu
1682 4079 1770 4108 τον
1815 4079 1946 4108 σειον
1970 4079 2033 4125 γα

256 4130 584 4198 ἡττήσαντα,
614 4129 845 4202 μάλιστα
869 4126 929 4182 δε
959 4079 1108 4192 ἐέιι).
1140 4130 1186 4164 ⁸1
1216 4129 1331 4181 κατ’
1369 4127 1722 4188 -κωλὺοντος
1749 4143 1869 4183 om.
2014 4127 2033 4160 ³

2039 3043 2123 3095 16.
2153 3037 2268 3095 Sed
2293 3037 2492 3093 Ericus
2517 3037 2652 3092 licet
2681 3035 2858 3092 Italus
2898 3051 3133 3106 genere,
3175 3039 3478 3092 Romanos
3529 3039 3618 3092 ta-

1965 3143 2101 3184 men
2135 3131 2192 3183 et
2217 3125 2566 3199 Byzantinos
2582 3123 2895 3194 indigenas
2908 3124 3200 3196 placidius
3226 3123 3618 3196 sedatiusque

1967 3215 2456 3288 amplectebatur,
2489 3217 2544 3270 et
2572 3229 2645 3270 ex
2667 3212 2781 3269 illis
2799 3213 2998 3286 plures
3018 3213 3170 3269 inter
3188 3213 3476 3286 primates
3499 3212 3618 3269 col-

1964 3305 2284 3376 locaverat,
2341 3303 2490 3360 alios
2547 3302 2699 3358 inter
2773 3301 3022 3358 militem
3099 3301 3619 3372 adnumeraverat,

1965 3394 2206 3468 plebem
2235 3408 2373 3448 vero
2402 3391 2585 3448 veluti
2633 3390 2945 3464 proprium
3003 3391 3299 3464 populum
3353 3390 3617 3447 fovebat.

1967 3483 2199 3540 Etenim
2228 3485 2511 3538 Romanis
2552 3479 2801 3536 urbibus
2838 3480 3132 3537 Lentianis
3158 3495 3227 3536 ac
3253 3481 3622 3537 Poemaneno

1967 3572 2390 3647 expugnantis,
2404 3571 2566 3627 viros
2579 3570 2640 3626 in
2663 3569 2777 3626 illis
2793 3572 3035 3628 Martem
3048 3570 3347 3643 spirantes
3376 3574 3434 3626 et
3451 3569 3623 3626 editis

1967 3661 2336 3719 facinoribus
2367 3660 2703 3731 singulares
2725 3664 2940 3732 praeter
2956 3675 3126 3733 spem
3142 3659 3418 3716 inventos
3441 3660 3500 3715 in
3529 3657 3626 3714 lu-

1967 3767 2069 3807 cro
2095 3749 2425 3822 deputavit.
2460 3751 2610 3804 Nam
2638 3747 2936 3804 Lentianis
2965 3764 3087 3804 non
3117 3747 3303 3805 modo
3340 3746 3623 3804 custodes

1971 3855 2266 3913 aquarum
2306 3838 2559 3911 penuria
2587 3836 2814 3907 afﬂixit,
2841 3845 3051 3894 Verum
3073 3836 3319 3895 etfamis
3346 3837 3498 3893 adeo
3530 3851 3626 3892 ex-

1970 3929 2250 3986 cruciavit
2277 3933 2340 3984 ut
2369 3932 2677 3984 scutorum
2715 3942 2826 3983 nec
2880 3942 3005 3982 non
3062 3927 3410 3997 sagulorum
3439 3924 3625 3996 pelles

2201 4051 2282 4070 ~v~
2385 4053 2397 4064 ν
2456 4049 2468 4066 f

2132 4051 2314 4128 Ἐῤῥῆν
2375 4053 2402 4102 6
2456 4049 2765 4128 :Bépnapro;
2815 4045 3290 4128 dtidégardrrel‘la‘:
3337 4047 3626 4128 Tangat-0.1);

1958 4115 1991 4180 ,⁷
2014 4115 2060 4160 εξ
2082 4115 2254 4208 τόδμὲν
2279 4154 2350 4162 —
2377 4115 2694 4208 καθέστηκεν
2719 4136 2840 4176 om.
2958 4120 3014 4208 "3
3043 4121 3108 4171 τά
3140 4117 3188 4172 δ’
3217 4115 3447 4171 ἐντεῦθεν
3474 4115 3623 4208 Ξάδε,

253 4187 584 4274 Νεὸκαστρα,
614 4187 914 4272 iidem»,
942 4187 1146 4275 Χλίαροὶ
1165 4219 1217 4254 τε
1243 4205 1332 4252 καὶ
1363 4205 1631 4274 Πέργαμος
1664 4187 1755 4251 καὶ
1786 4203 1852 4250 τὰ
1876 4197 2108 4268 πλαγίως
2140 4187 2405 4266 ἐγκείμενοι
2431 4189 2646 4246 Μαλδία
2682 4211 2736 4244 τε
2764 4195 2852 4243 καὶ
2879 4188 3098 4260 Ὀψίκια
3136 4193 3279 4318 παῦὰ
3324 4197 3418 4242 τοῦ
3467 4187 3626 4262 βασι-

255 4272 382 4318 λέως
413 4270 691 4318 Θεοδώρου
720 4269 1093 4318 δεσπόζεσθαι-
1124 4271 1358 4318 ²Υπῆονε
1388 4268 1446 4318 δὲ
1479 4273 1644 4318 τούτω
1672 4274 1762 4318 καὶ
1788 4268 1913 4318 ἃλλη
1945 4273 2098 4318 γώοα
2122 4269 2151 4318 ἡ
2287 4267 2333 4301 ³⁸
2373 4269 2464 4318 καὶ
2489 4263 2623 4316 οὕτω
2653 4295 2720 4303 -
2741 4264 3028 4318 πράγματα
3056 4277 3172 4318 em.
3252 4304 3265 4318 .

255 4272 382 4335 λέως
413 4263 691 4346 Θεοδώρου
720 4263 1094 4335 δεσπὸζεσθαιί
1124 4271 1358 4348 Ὑπῆρχε
1388 4263 1446 4324 δέ
1475 4263 1644 4344 Enim?
1672 4274 1762 4323 καὶ
1788 4268 1913 4326 ἃλλη
1941 4263 2098 4344 χώρα
2122 4269 2151 4325 ἡ
2170 4263 2252 4321 Ἰ).
2280 4263 2333 4301 ³⁸
2373 4269 2464 4318 καὶ
2489 4263 2623 4316 οὕτω
2653 4295 2720 4303 -
2741 4264 3028 4336 πράγματα
3056 4277 3172 4318 em.
3197 4263 3265 4318 D.

1142 4412 1486 4482 Theodori
1535 4413 1787 4481 Dousae
1834 4419 1901 4479 et
1945 4408 2199 4480 Leonis
2246 4406 2483 4476 Allatii
2531 4415 2734 4475 notes.

325 4577 646 4649 (16)}1619}
673 4578 782 4649 xuii
807 4573 969 4649 αὐτοῦ
1017 4579 1110 4627 τοῦ
1139 4575 1501 4649 ΔΝυμηφαίου.
1553 4569 1860 4649 Multa__de
1893 4573 1939 4626 D

249 4642 736 4720 expeditionibus
768 4645 1116 4703 Latinorum
1134 4645 1198 4702 in
1229 4642 1463 4703 Oriente
1483 4649 1690 4700 narrat
1715 4642 1863 4700 Cho-

249 4717 418 4777 niata
441 4719 505 4776 in
533 4717 847 4775 Balduino.
878 4721 1015 4774 ALL.

324 4790 440 4863 (17)
495 4791 855 4863 Νεοκάστρὼν.
941 4794 1116 4845 Anna
1202 4788 1530 4855 Comnena,
1591 4785 1696 4842 lib.
1748 4793 1858 4843 xiv.

247 4867 391 4919 ALL.

324 4934 436 5005 (18)
463 4929 693 5002 Μολδία,
734 4936 825 4984 καὶ
882 4929 1086 5005 ὸψίκια.
1112 4933 1200 5005 De
1265 4927 1862 5005 themateLObsequii

249 4995 436 5078 supra
465 4995 748 5078 quaedam
779 4995 1085 5060 attulimus
1107 5003 1167 5058 in
1196 5001 1374 5070 notis,
1403 4995 1612 5054 Μολδία
1636 4995 1862 5056 videtur

247 5077 580 5133 Moldaria.
607 5078 818 5132 Dousa.

318 5147 664 5222 (⁸19)Ἐρῥῆς.
697 5145 971 5222 Balduini
1011 5143 1193 5222 frater
1237 5148 1376 5222 post
1420 5147 1676 5222 mortem
1739 5141 1862 5198 Bal-

189 5265 198 5271 .
246 5214 420 5274 duini
448 5214 634 5275 ten'uit
663 5224 720 5274 et
745 5217 1102 5288 gubernavit
1129 5214 1452 5288 imperium
1483 5214 1860 5288 Cpolitanum

245 5305 478 5346 annum
493 5305 679 5345 unum
693 5286 998 5361 etmenses
1011 5286 1860 5361 quatuorabsqueimperato-

242 5364 334 5417 rio
365 5361 536 5418 titulo
564 5379 578 5428 ;
611 5360 837 5417 nemini
867 5358 1050 5425 enim,
1079 5359 1160 5416 ita
1201 5360 1488 5415 referente
1543 5358 1760 5428 Niceta,
1794 5370 1856 5428 p.

242 5427 790 5505 847,4popularium
823 5447 1076 5505 suorum
1121 5431 1291 5505 regni
1321 5427 1858 5505 Ainauguratione’m

245 5497 596 5560 condonare
626 5503 1079 5564 voluerunt,nisi
1129 5497 1401 5558 Balduini
1439 5497 1631 5556 morte
1657 5497 1858 5570 explo-

239 5575 571 5648 rata,quod
607 5589 991 5648 summopere
1019 5573 1280 5632 laudans
1310 5571 1602 5630 Choniata
1631 5571 1694 5628 in
1711 5585 1856 5628 suos

243 5646 481 5706 Graecos
507 5646 828 5704 invehitur.
858 5648 999 5701 ALL.

2043 4571 2166 4642 (⁸30)Δ
2211 4571 2295 4642 Τὸ-
2338 4563 2397 4621 δε
2440 4638 2450 4642 _
2487 4569 2655 4620 κοινὸν
2704 4565 2897 4628 πλῆθος
2953 4567 3023 4628 ὡς
3101 4565 3312 4621 οἰκεῖον.
3392 4562 3628 4637 Ephrae-

1969 4638 2215 4698 mi'us'in
2238 4638 2529 4696 Chronico
2557 4655 2570 4694 :

2113 4711 2242 4783 Μεθ’
2269 4713 2321 4763 ὅν
2342 4711 2612 4783 κατάρχει
2640 4713 2875 4762 Λατίνιον
2901 4717 3000 4762 τῶν
3015 4707 3078 4783 *ἐν
3112 4708 3257 4762 πόλει

2115 4777 2806 4857 ΚλῆσινλἘρρἤςησύναιμος
2845 4789 2909 4832 ῶν
2945 4777 3279 4848 Βαλδουῖνου,

2115 4854 2271 4928 Ἀνὴρ
2303 4852 2495 4928 ἱλαρὸς,
2531 4852 2741 4928 εὐμενὴς
2758 4854 3040 4928 ῥπηκὸοις,

2141 4921 2279 5034 Πρός
2309 4921 2368 4977 δε
2387 4921 2689 4998 ’στρατηγὸς
2720 4923 2930 4981 εὐσθενή
2943 4945 2983 4990 ς,
3010 4922 3312 5034 τολμητίας,

2141 5004 2176 5034 Γὶ
2210 4996 2432 5034 ηἰᾹᾹΛπΑρ
2461 5015 2514 5034 ηις
2545 4999 2674 5034 «ni-ir
2702 4997 2880 5034 ηῆνηρ
2910 4994 3096 5034 ἥντιπὴ
3130 5015 3196 5034 mu

2116 4994 2432 5072 Ὀξύρῥοπός
2460 4994 2516 5048 τε
2545 4994 2674 5071 πρὸς
2698 4997 2880 5072 μοξχας
2904 4994 3218 5072 έοτιποξλων,

2242 5063 2562 5142 στρατίώτας
2584 5063 2860 5139 γεννάδας,
2891 5065 3200 5142 ῥωμαλέους,

2109 5136 2361 5201 ’Έλληνας
2397 5136 2605 5210 ἄνδρας
2624 5136 3058 5210 συντεταγμένους
3097 5140 3254 5209 ἄγων,

2133 5158 2361 5201 bimum;
2397 5158 2591 5262 ανοςας
2624 5158 3058 5210 συντεταγμενους
3097 5158 3254 5209 αγων,

2111 5211 2404 5286 Ἐπίλεκτον
2429 5213 2508 5286 ,φὰ
2541 5228 2680 5282 αγγα
2706 5215 2796 5262 καὶ
2828 5215 3122 5286 νικηφόρον.
3153 5215 3285 5286 ᾼιι.

2042 5284 2154 5354 (21)
2221 5283 2302 5336 Ἐν
2382 5278 2481 5356 γάρ
2658 5290 2757 5333 τῶν
2809 5278 3097 5334 Λεαντίνων
3141 5282 3274 5356 ἄστυ
3343 5278 3629 5356 ὥστελκαὶ

1973 5352 2338 5427 σήτει’φαγεῑν
2388 5352 2800 5423 iuravi/mae».
2852 5356 3175 5427 corruptus
3233 5353 3425 5410 locus.
3486 5352 3630 5408 Sen-

1970 5443 2104 5498 sum
2133 5425 2617 5498 qualemcunque
2648 5425 3072 5498 expressimus.
3121 5425 3186 5479 In
3242 5439 3364 5498 quo
3426 5428 3629 5498 tamen

1968 5493 2272 5570 nobismet
2289 5499 2434 5570 ipsrs
2463 5493 2586 5554 non
2609 5493 3022 5554 satisfacimus.
3051 5493 3460 5570 Neque—etiam
3480 5493 3629 5548 ami-

1969 5569 2077 5627 cis.
2109 5563 2377 5635 Quoru’m
2403 5571 3128 5641 princeps_Dusarumque
3153 5563 3235 5641 ac
3299 5563 3627 5641 multarum

1969 5632 2162 5709 amor,
2193 5632 2424 5698 Petrus‘
2458 5632 2782 5697 Scriverius
2829 5638 2995 5697 aliud
3029 5632 3388 5710 "suspicatus
3444 5632 3628 5691 latere
