4084 6212
13 16 1074 179 W""“—
1194 11 1373 60 τῖε-τ

175 332 313 389 1033
1667 329 1809 384 ANN

1911 330 2011 386 ES.
3399 333 3537 390 1034

171 454 303 526 ὑπὲρ
335 452 568 511 ὀκταετές
607 452 669 509 ἦν
700 451 855 509 ἡνίκα
883 453 908 503 6
941 449 1191 525 βασιλεὺς
1246 457 1335 504 καὶ
1396 455 1564 526 πατὴρ
1615 452 1776 506 αὐτοῦ

1914 456 2216 526 mperator
2241 454 2588 512 Theodorus
2628 456 2894 514 Lascaris
2942 471 3136 514 annos
3183 455 3452 529 quinque
3481 457 3540 514 et

173 542 460 601 ἐτεθνήκει.
500 543 596 594 Διὰ
623 560 689 593 πο
724 539 953 614 ἀμοιρεῖν
999 550 1125 613 γοῦν
1201 542 1354 594 αὐτὸν
1407 541 1616 618 ἄρρενος
1669 542 1779 602 ἐνή-

174 631 270 687 ϐου
294 633 504 704 γονῆςό
549 630 632 683 ἐπὶ
659 639 721 690 τῆ
758 632 981 705 θυγατρὶ
1023 631 1257 706 γαμϐρὸς
1323 633 1483 684 αὑτοῦ
1531 641 1626 693 τῆς
1684 632 1779 706 βα-

175 721 376 784 σιλείας
439 721 766 795 κληρονομεῖ.
811 721 905 772 Ἦν
956 717 1013 773 δε
1067 722 1092 773 6
1159 720 1409 794 βασιλεύς
1458 718 1780 796 Θεόδωροςό

179 814 474 885 Λάσκαρις,
517 811 671 863 ὁπότε
724 813 782 861 τὸ
830 809 967 870 τέλος
1019 812 1148 881 ἔσχε
1206 818 1298 862 τοῦ
1344 809 1488 882 βίου,
1542 820 1640 864 τῶν
1693 815 1782 885 μεν

171 902 570 972 τεσσαράκοντα
627 901 775 951 πέντε
858 897 980 951 ἐτῶν
1032 901 1345 974 ὑπερέκεινα,
1427 900 1643 953 ἂλάττων
1725 897 1783 954 δὲ

172 998 280 1042 τῶν
310 993 644 1056 πεντήκοντα,
680 985 998 1060 βασιλεύσας
1027 985 1082 1040 ἐκ
1139 991 1334 1041 τούτων
1392 990 1478 1046 ἔτη
1551 987 1617 1048 ιη’
1645 990 1781 1060 (3ο).

174 1077 279 1132 Ἦν
306 1075 366 1130 δὲ
395 1081 454 1130 τὸ
518 1085 671 1149 σῶμα
720 1080 926 1149 μικρὸς,
990 1077 1084 1129 οὐκ
1123 1075 1255 1149 ἆγαν
1310 1073 1387 1149 δὲ,
1457 1077 1786 1152 μελάγχρους

175 1165 258 1239 ἔφ’
289 1168 482 1232 ἱκανόν,
539 1166 837 1237 καθειμένον
890 1166 1027 1236 ἔχων
1079 1167 1136 1218 τὸ
1188 1170 1378 1237 γένειον
1429 1172 1519 1218 καὶ
1563 1171 1676 1240 περὶ
1725 1170 1784 1219 τό

176 1257 342 1322 ἄκρον
400 1254 736 1326 σχιζόμενον,
823 1252 901 1306 ἐπ’
962 1253 1134 1326 ὀλίγον
1206 1253 1596 1328 ἑτερόφθαλμος,
1660 1259 1786 1330 πρὸς

177 1364 273 1405 τας
305 1346 489 1417 μάχας
512 1343 650 1413 ὀξὺς,
699 1344 864 1416 θυμοῦ
919 1362 974 1396 τε
1019 1343 1131 1414 (51)
1173 1348 1262 1396 καὶ
1310 1341 1632 1418 ἀφροδισίων
1697 1346 1787 1403 ἠτ-

176 1439 431 1505 τὼμενος,
503 1431 911 1507 ἐλευθεριώτερος
968 1430 1016 1483 ἐν
1088 1441 1199 1493 ταῖς
1266 1429 1507 1506 δωρεαῖςε
1555 1434 1628 1494 οἷς
1683 1436 1783 1506 γὰρ

178 1523 246 1574 οἷν
279 1519 546 1594 βούλοιτο,
576 1520 706 1574 πολὺ
737 1524 795 1573 τὸ
838 1525 1065 1595 χρυσίον
1130 1518 1361 1589 ἐδίδοτο,
1403 1525 1472 1584 ὡς
1502 1521 1551 1574 ἐν
1605 1521 1787 1595 ἀκαρεί

177 1614 401 1671 τούτους
454 1609 712 1663 πλουτεῖν.
778 1610 1210 1684 Τεταλαιπώρηκε
1287 1607 1345 1663 δὲ
1411 1610 1689 1683 πάμπολλα
1736 1610 1784 1663 ἐν

176 1706 302 1762 ταῖς
326 1701 530 1771 μάχαις
561 1706 675 1760 ταῖς
699 1717 753 1751 τε
779 1701 911 1772 πρὸς
955 1699 1180 1761 Ἰταλοὺς
1235 1704 1324 1751 καὶ
1383 1703 1501 1760 τοὺς
1561 1705 1782 1773 Πέρσας.

1886 545 2287 616 quadraginta
2308 550 2364 601 et
2379 546 2658 618 amplius,
2682 548 2877 604 minor
2899 548 3339 620 quinquaginta
3357 549 3539 603 natus

1889 635 2157 704 excessit,
2189 649 2220 690 e
2250 634 2389 703 vita,
2417 635 2626 692 decem
2648 643 2704 694 et
2733 641 2867 694 octo
2911 637 3198 708 regnavit,
3262 652 3537 710 corpore,

1891 722 1995 777 sed
2025 738 2147 778 non
2182 723 2458 791 nimium,
2506 725 2784 797 pusillus,
2851 726 3158 783 moderate
3207 725 3538 795 nigricante

1890 812 2192 884 promissa
2211 812 2424 882 barba,
2465 814 2572 870 sed
2592 831 2727 888 quas
2758 817 2819 872 in
2842 815 3122 872 extremis
3145 815 3535 886 scinderetur,

1891 901 2093 968 variis,
2124 902 2229 958 sed
2254 919 2601 976 parumper,
2641 906 2848 975 oculis,
2899 921 3167 979 praeceps
3218 906 3280 962 in
3304 904 3536 979 prmlia,

1891 991 1995 1049 irae
2028 1009 2097 1048 ac
2125 994 2363 1049 Veneris
2395 994 2734 1067 impatiens,
2782 998 2843 1052 in
2895 997 3247 1054 muneribus
3295 995 3539 1054 muniﬁ-

1895 1082 2122 1138 centior
2157 1100 2168 1139 :
2202 1083 2427 1156 quibus
2454 1086 2615 1142 enim
2651 1085 2734 1142 illi
2761 1086 3112 1144 collubitum
3141 1090 3286 1154 erat,
3323 1087 3543 1157 ingens

1895 1170 2022 1227 auri
2054 1171 2144 1226 vis
2173 1171 2534 1242 donabatur,
2562 1178 2628 1232 ut
2655 1175 2858 1233 statim
2888 1176 3154 1250 opulenti
3197 1176 3540 1234 evaderent.

1893 1259 2112 1328 Pugnis
2177 1261 2466 1318 adversus
2512 1263 2687 1321 Italos
2729 1269 2787 1322 et
2833 1264 3043 1322 Persas
3086 1265 3542 1338 quammaxime

1894 1348 2288 1418 conflictatus,
2337 1352 2536 1423 prima
2586 1357 2790 1410 tamen
2841 1355 3095 1411 Romani
3149 1354 3383 1426 imperii
3409 1355 3542 1428 ipse

1892 1435 2288 1496 fundamenta
2308 1441 2470 1511 jecit,
2519 1443 2612 1497 cui
2666 1458 2702 1499 a
2752 1444 3034 1500 Romanis
3084 1443 3541 1515 quammaxime

1895 1525 2010 1597 35
2045 1529 2246 1595 gratiae
2284 1529 2580 1586 habendae
2611 1536 2767 1587 sunt.
2818 1531 3095 1604 Sepultus
3134 1531 3244 1588 fuit
3277 1531 3339 1587 in
3389 1535 3542 1604 Hya-

1894 1615 2074 1669 cinthi
2092 1619 2474 1686 monasterio,
2497 1619 2595 1675 ubi
2617 1623 2673 1676 et
2697 1620 3276 1693 imperatorAIexius
3306 1621 3540 1693 positus

1892 1700 2086 1759 fuerat
2111 1709 2166 1760 et
2195 1705 2544 1778 imperatrix
2571 1717 2742 1765 Anna
2771 1709 3019 1766 thalami
3049 1725 3319 1766 consors.

175 1789 359 1862 Ἀρχὴ
383 1796 505 1860 γοῦν
536 1783 680 1848 οὗτος
711 1785 930 1859 ἐγεγόνει
955 1795 1049 1849 τῆς
1079 1797 1177 1840 τῶν
1201 1787 1464 1861 Ῥωμαίων
1496 1787 1691 1862 ἀρχῆς,
1805 1794 1894 1842 καὶ
1921 1791 2110 1850 πολλὴν
2140 1797 2302 1870 χάριν
2331 1795 2497 1867 ὄφλειν
2536 1804 2646 1858 τοῖς
2670 1796 2945 1870 Ῥωμαίοις
2969 1797 3103 1851 πάνυ
3136 1794 3250 1851 δέον
3275 1799 3544 1858 καθέστη-

175 1881 287 1932 κεν.
319 1879 574 1936 Κατετέθη
609 1874 669 1930 δὲ
694 1878 720 1928 6
746 1879 922 1950 νεκρὸς
955 1876 1114 1930 αὐτοῦ
1146 1875 1194 1928 ἐν
1217 1885 1278 1936 τῆ
1312 1884 1404 1930 τοῦ
1439 1879 1707 1931 Ὑακίνθου
1738 1887 1892 1952 μονῆ,
1927 1882 2048 1934 ἔνθα
2074 1887 2164 1935 καὶ
2199 1886 2224 1936 ὁ
2283 1884 2533 1958 βασιλεὺς
2597 1885 2822 1951 Ἀλέξιος
2872 1890 3127 1942 τέθαπται
3150 1891 3240 1941 καὶ
3271 1888 3302 1947 ἡ
3333 1885 3548 1962 βασιλὶς

175 1977 346 2031 Ἀννα
375 1978 404 2035 ἡ
439 1978 628 2028 τούτου
661 1975 912 2047 σύζυγος,

256 2064 341 2121 ιϐ’.
375 2067 554 2126 Καθὼς
591 2073 716 2137 γοῦν
773 2064 1011 2138 εἰρήκειν,
1065 2067 1196 2136 μετὰ
1253 2069 1348 2123 τὴν
1403 2065 1639 2124 τελευτήν
1690 2065 1782 2118 αὖ·
1814 2067 1854 2121 Β

176 2163 276 2208 τοῦ
315 2154 716 2228 ἐπιλαμϐάνεται
762 2161 861 2205 τῶν
909 2151 1206 2226 Ῥωμαϊκῶν
1264 2158 1542 2228 σκήπτρων
1608 2153 1784 2207 Ἰωάν-

179 2263 276 2306 νης
316 2245 341 2296 6
381 2247 575 2306 Δούκας
605 2245 631 2295 6
683 2241 913 2318 γαμϐρὸς
969 2242 1152 2312 αὐτοῦ,
1214 2245 1448 2315 στεφθεὶς
1499 2246 1643 2318 παρὰ
1692 2251 1784 2296 τοῦ

178 2336 522 2408 πατριάρχου
553 2332 799 2392 Μανουήλ
845 2334 980 2403 (32),
1013 2331 1068 2393 ὃς
1124 2336 1209 2385 τὸν
1258 2333 1496 2404 Μάξιμον
1548 2329 1786 2396 διεδέξα-

175 2442 258 2478 το.
292 2426 436 2476 Μετὰ
459 2425 558 2496 γὰρ
610 2427 702 2481 τὴν
740 2421 976 2480 τελευτὴν
1030 2429 1123 2474 τοῦ
1174 2423 1511 2495 πατριάρχου
1564 2421 1786 2494 Μιχαὴλ

179 2514 212 2566 ὁ
269 2512 542 2586 Εῖρηνικος
603 2507 874 2585 Θεόδωρος
949 2519 1021 2581 τῷ
1080 2519 1456 2585 πατριαρχικῷ
1521 2507 1786 2584 ἐνίδρυται

183 2604 378 2676 θρόνῳ,
410 2602 461 2661 ὃς
489 2606 578 2652 καὶ
607 2606 796 2662 Κωπᾶς
823 2600 937 2670 (33)
990 2600 1090 2652 ύπό
1141 2608 1240 2651 τῶν
1297 2599 1492 2652 πολλῶν
1536 2597 1783 2670 ἐκαλεῖτο,

183 2692 325 2764 μετὰ
355 2686 413 2743 δὲ
451 2689 710 2750 ἐνιαυτούς
747 2687 800 2751 ἐξ
826 2686 940 2760 (34)
969 2686 1160 2740 ἐκείνου
1193 2690 1278 2740 τὸν
1337 2686 1453 2761 βίον
1512 2687 1786 2740 ἀπολιπόν-

179 2800 276 2844 τος
304 2781 330 2833 ὀ
382 2783 611 2852 μοναχός
666 2778 903 2850 Μάξιμος
961 2779 1074 2849 (35)
1115 2777 1182 2838 εἰς
1237 2780 1322 2829 τὸν
1398 2780 1787 2852 πατριαρχικὸν

182 2869 433 2942 ἀνάγεται
492 2871 686 2945 θρόνον,
744 2869 1032 2943 θεραπεύων
1088 2871 1182 2926 τὴν
1236 2863 1647 2939 γυναικωνῖτιδα
1699 2871 1789 2920 καὶ

183 2962 290 3014 ύπό
320 2963 512 3020 ταύτης
539 2959 1059 3034 ἁντιθεραπευόμενος
1091 2977 1103 2990 ο
1138 2952 1288 3009 οὐδὲν
1338 2958 1439 3029 γάρ
1463 2955 1584 3008 ἄλλο
1617 2952 1678 3014 ἦν
1728 2959 1787 3008 τό

186 3054 263 3112 είς
290 3053 484 3108 ταύτην
515 3046 836 3100 άναϐιϐᾶσαν
877 3046 1031 3098 αὐτόν
1066 3049 1158 3104 τὴν
1197 3049 1482 3117 περιωπήν.
1527 3043 1789 3106 Ἐπιϐιοὺς

189 3135 254 3193 δὲ
278 3148 444 3212 μῆνας
475 3137 528 3200 ἔξ
557 3136 668 3210 (36)
699 3135 926 3206 τελευτᾷ,
969 3140 1060 3188 καὶ
1091 3136 1116 3186 6
1145 3133 1383 3192 Μανουὴλ
1418 3134 1532 3206 (37)
1586 3139 1656 3196 εἰς
1701 3137 1788 3186 τὸν

1965 2070 2054 2124 19.
2087 2071 2611 2136 Quemadmodum
2639 2089 2782 2145 ergo
2813 2074 2956 2143 dixi,
2971 2077 3108 2148 post
3131 2074 3288 2131 illius
3311 2073 3546 2132 obitum

1892 2159 2144 2215 Romani
2169 2161 2402 2234 imperii
2434 2163 2844 2232 gubernacula
2863 2167 3122 2221 Joannes
3143 2167 3336 2221 Ducas
3364 2177 3548 2234 gener

1892 2245 2048 2302 illius
2073 2250 2337 2324 suscipit,
2371 2268 2408 2308 a
2440 2252 2704 2309 Manuele
2730 2253 3092 2326 patriarcha,
3280 2253 3537 2310 Maximo

1894 2344 2281 2410 successerat,
2326 2346 2669 2400 coronatus.
2719 2346 2988 2416 Namque
3030 2347 3167 2416 post
3186 2341 3543 2415 patriarchae

1893 2427 2192 2484 Michaelis
2247 2447 2564 2487 excessum
2636 2433 2896 2488 lrenicus
2937 2431 3308 2498 Theodorus,
3360 2430 3457 2485 cui
3506 2445 3546 2488 a.

1893 2517 2192 2590 plerisque
2225 2522 2400 2593 Copae
2430 2537 2654 2577 nomen
2682 2521 2941 2578 inditum
2965 2521 3178 2591 fuerat,
3209 2521 3270 2576 in
3290 2518 3546 2593 patriar-

1895 2606 2071 2663 cham
2089 2608 2340 2678 eligitur;
2367 2615 2501 2682 post
2513 2627 2704 2666 annos
2718 2626 2820 2666 sex
2836 2627 2908 2667 eo
2925 2611 3242 2667 demortuo
3256 2609 3546 2667 Maximus

1896 2698 2232 2754 monachus
2259 2699 2657 2770 patriarchale
2680 2699 2900 2756 solium
2927 2699 3216 2767 ascendit,
3236 2698 3544 2772 gynaaceio

1896 2785 2152 2859 palpans
2175 2803 2246 2843 ac
2268 2789 2743 2860 supparasitans,
2767 2794 2825 2847 et
2841 2789 2964 2846 vice
2984 2805 3159 2846 versa
3171 2805 3244 2845 ex
3261 2804 3330 2845 eo
3346 2803 3550 2846 assen-

1897 2875 2152 2931 tationes
2179 2881 2236 2931 et
2254 2875 2578 2934 blanditias
2605 2893 2921 2950 aucupans
2957 2895 2969 2934 :
2993 2893 3190 2950 neque
3210 2877 3370 2934 enim
3386 2875 3552 2934 aliud

1898 2964 2123 3020 eumin
2153 2970 2278 3021 tam
2317 2965 2573 3022 sublime
2626 2966 2862 3022 culmen
2913 2970 3211 3023 evexerat.
3263 2965 3378 3021 Sed
3415 2968 3554 3038 post

1899 3071 2137 3112 menses
2159 3071 2264 3111 sex
2285 3056 2557 3124 moritur,
2579 3061 2635 3112 et
2655 3055 2887 3113 Manuel
2907 3056 2967 3112 in
2988 3054 3372 3128 patriarchali
3401 3054 3550 3112 solio

1900 3144 2243 3211 collocatur,
2266 3160 2404 3200 vere
2433 3145 2524 3200 vir
2542 3143 2960 3216 philosophus,
2986 3148 3050 3202 ut
3070 3143 3490 3217 apparebat,et
3513 3158 3552 3206 8.

187 3209 580 3302 πατριάρχικόν
625 3224 868 3298 ἀνάγεται
915 3226 1112 3299 θρόνον,
1159 3223 1457 3296 φιλόσοφος,
1491 3225 1556 3284 ὡς
1596 3219 1788 3290 ἐδόκει,

1910 3233 2103 3290 multis
2130 3249 2200 3290 eo
2231 3234 2474 3290 nomine
2503 3234 2872 3290 honestatus.

188 3319 262 3370 ὧν
288 3320 378 3370 καὶ
408 3317 508 3369 ύπὸ
533 3313 730 3368 πολλῶν
756 3314 1265 3386 κατονομαζόμεπος·

263 3405 308 3460 κ’
345 3406 445 3460 Ἐπ’
497 3401 556 3459 δὲ
605 3407 672 3458 τὰ
720 3403 1019 3476 Βουλγάρων
1058 3407 1148 3456 καὶ
1183 3398 1332 3464 αὖθις
1385 3405 1410 3454 ό
1461 3401 1612 3474 λόγος
1668 3400 1791 3454 ἁνα-

186 3503 381 3571 χωρεί.
412 3494 471 3548 Ὀ
497 3502 702 3571 πρῶτος
760 3491 1006 3566 βασιλεὺς
1084 3500 1182 3544 τῶν
1251 3490 1557 3566 Βουλγάρων
1632 3491 1791 3546 Ἀσὰν

186 3582 291 3640 δύο
318 3588 472 3657 ἔσχεν
493 3585 658 3650 υἱοὺς,
707 3585 794 3635 τὸν
845 3583 1089 3640 Ἰωάννην
1143 3586 1234 3634 καὶ
1288 3583 1376 3633 τὸν
1423 3577 1786 3655 Ἀλέξανδρον.

182 3681 292 3730 Τοῦ
318 3682 443 3747 γοῦν
481 3673 748 3748 εἰρημένου
782 3670 970 3746 Βορίλα
997 3671 1109 3743 (38)
1155 3669 1441 3743 βασιλικῶς
1477 3678 1575 3723 τῶν
1625 3669 1790 3723 Βουλ-

182 3766 364 3839 γάρων
392 3764 752 3838 κατάρχοντος
781 3760 915 3833 (39),
949 3761 975 3812 6
1006 3767 1098 3812 τοῦ
1156 3760 1316 3813 Ἀσαν
1375 3762 1488 3822 υἱὸς
1546 3761 1792 3822 Ἰωάννης

190 3849 458 3929 φυγαδείᾳ
507 3853 840 3926 χρησάμενος
896 3849 980 3902 ἐπὶ
1035 3851 1102 3902 τὰ
1154 3857 1254 3900 τῶν
1320 3848 1522 3902 Ῥὠσων
1601 3855 1786 3923 χωρεῖ,

189 3945 360 3997 ἐκεῖσε
387 3960 442 3994 τε
469 3946 660 4016 χρόνον
691 3939 764 4013 ἔφ’
797 3941 968 3991 ἱκανὸν
1009 3934 1308 4010 διαμείνας,
1360 3942 1449 3990 καί
1505 3957 1648 3998 τινας
1690 3946 1790 3989 τῶν

192 4027 502 4106 συγκλύδων
525 4035 726 4085 Ῥώσων
776 4032 868 4081 σὺν
921 4027 1086 4099 ἐαυτῷ
1138 4031 1488 4100 περιαγαγὼν,
1544 4030 1641 4085 τὴν
1693 4046 1789 4079 πα-

193 4125 382 4198 τρικὴν
412 4119 742 4173 ἀνακαλεῖται
798 4117 1140 4192 κληρονομίαν
1188 4121 1278 4168 καὶ
1324 4115 1536 4188 πολεμεῖ
1583 4123 1655 4186 τῷ
1704 4122 1793 4168 Bo-

193 4211 319 4285 ρίλᾳ
344 4215 433 4263 καὶ
459 4215 581 4281 νικᾷ
605 4215 808 4275 τοῦτον,
857 4211 947 4259 καὶ
999 4211 1180 4280 χώρας
1235 4204 1330 4257 ούκ
1388 4205 1563 4276 ὀλίγης
1611 4202 1793 4277 ἐγκρα-

194 4305 289 4362 τὴς
333 4305 549 4373 γίνεται.
593 4305 652 4352 Ὀ
717 4294 778 4350 δί
829 4295 1043 4369 Βορίλας
1108 4291 1253 4347 ἔνδον
1333 4294 1629 4367 εἰσέρχεται
1702 4301 1794 4346 τοῦ

193 4388 470 4465 Τρινόϐου,
495 4393 585 4442 καὶ
624 4385 706 4440 ἐπὶ
737 4386 866 4440 ἑπτὰ
913 4387 1049 4438 ἔτεσι
1105 4388 1363 4457 τειχήρης
1417 4382 1790 4458 πολιορκεῖται,

193 4481 341 4534 Ἐπεὶ
394 4475 453 4532 δὲ
506 4477 768 4550 ἀπέκαμον
823 4477 871 4528 οἱ
930 4477 1168 4534 συνόντες
1241 4471 1403 4542 αύτῷ,
1481 4479 1553 4542 τῷ
1627 4472 1793 4526 Ἀσὰν

1969 3400 2060 3454 20.
2094 3397 2208 3454 Sed
2241 3395 2321 3452 ad
2373 3411 2468 3453 res
2522 3394 2860 3466 Bulgaricas
2902 3394 3243 3453 redeamus.
3304 3394 3544 3454 Primus

1901 3489 2291 3558 Bulgarorum
2307 3503 2412 3544 rex
2428 3490 2659 3542 Asanus
2675 3485 2828 3542 duos
2843 3485 3055 3543 habuit
3070 3485 3244 3555 ﬁlios,
3257 3487 3546 3543 Joannem

1899 3582 1955 3634 et
1975 3576 2399 3633 Alexandrum.
2429 3576 2634 3648 Itaque
2661 3574 2871 3642 Borila,
2896 3574 3068 3646 cujus
3090 3590 3274 3648 supra
3290 3575 3545 3633 mentio-

1898 3684 2038 3723 nem
2060 3666 2327 3737 fecimus,
2350 3665 2508 3738 regie
2532 3664 2796 3735 Bulgaris
2811 3665 3166 3738 imperante,
3185 3665 3371 3721 Asani
3385 3664 3546 3721 ﬁlius

1899 3759 2150 3813 Ioannes
2172 3755 2315 3826 fuga
2345 3770 2406 3811 se
2428 3754 2732 3827 abripiens
2754 3754 2815 3810 in
2837 3757 3028 3811 Rusos
3047 3753 3546 3828 confugit,ibique

1898 3861 2006 3918 per
2041 3850 2280 3916 tempus
2313 3843 2559 3916 aliquod
2589 3847 3019 3911 commoratus,
3049 3846 3106 3898 et
3134 3857 3547 3900 convenarum

1900 3938 2194 3992 Rusorum
2219 3933 2524 3989 nonnullis
2545 3932 2605 3988 in
2633 3948 2823 3988 unum
2855 3931 3174 4002 congestis,
3230 3936 3548 4004 paternam

1899 4021 2306 4078 haereditatem
2335 4019 2612 4092 reposcit,
2635 4019 2750 4091 36
2779 4023 2835 4075 et
2863 4018 2924 4074 in
2948 4017 3203 4074 Borilam
3222 4033 3394 4074 arma
3422 4033 3551 4074 sus-

1900 4111 2060 4185 cipit,
2083 4115 2140 4167 et
2162 4109 2359 4178 vincit,
2379 4109 2785 4181 dominusque
2807 4107 2873 4164 ﬁt
2891 4123 3015 4163 non
3032 4106 3262 4177 exiguas
3288 4105 3554 4176 regionis

1903 4199 2126 4257 Borilas
2174 4197 2498 4254 Trinobum
2547 4197 2855 4268 ingressus
2897 4199 3128 4268 septem
3167 4211 3365 4253 annos
3397 4194 3556 4252 obsi-

1901 4289 2136 4346 dionem
2161 4286 2410 4344 sustinet
2442 4305 2455 4356 ;
2489 4291 2708 4343 etcum
2738 4285 2883 4342 socii
2921 4284 3230 4355 defatigati
3281 4300 3552 4341 succum-

1901 4380 2131 4448 berent,
2156 4376 2235 4433 ad
2268 4377 2454 4433 Asani
2478 4379 2769 4432 Joannem
2808 4374 3116 4431 deﬁciunt.
3144 4374 3369 4431 Borilas
3417 4373 3559 4432 inde

1903 4469 2055 4525 inter
2122 4465 2470 4538 fugiendum
2521 4465 2930 4539 deprehensus
2987 4464 3065 4522 ab
3105 4466 3334 4522 Joanne
3364 4463 3554 4522 oculis

198 4570 408 4642 Ἰωάννῃ
457 4570 867 4642 προσέρχονται.
931 4566 1136 4634 Φεύγων
1164 4557 1223 4614 δε
1297 4559 1614 4613 ἁλίσκεταιό
1693 4568 1794 4614 Βο-

1910 4557 2154 4624 laeditur,
2179 4535 2382 4628 sicque
2403 4535 2682 4612 universa
2700 4554 2924 4611 ditione
2947 4553 3335 4626 Bulgarorum
3365 4553 3556 4612 Joan-

195 4658 349 4735 ρίλας
385 4662 477 4711 καὶ
535 4659 680 4732 παρὰ
727 4661 822 4708 τοῦ
872 4652 1110 4709 Ἰωάννου
1157 4649 1455 4724 τυφλοῦται,
1504 4654 1593 4703 καὶ
1633 4651 1794 4713 οὕτως

1908 4665 2015 4705 nes
2041 4648 2282 4722 potitur.
2311 4648 2378 4703 Et
2406 4647 2533 4702 haec
2556 4645 2806 4719 quidem
2834 4645 2911 4703 de
2945 4644 3240 4717 Bulgaris.

1072 4791 1412 4862 Theodori
1459 4793 1710 4860 Dousae
1759 4800 1824 4860 et
1871 4791 2123 4860 Leonis
2173 4788 2409 4857 Allatii
2457 4797 2659 4856 notae.

299 4943 392 5016 30)
428 4941 555 5002 Ἐτη
588 4939 674 5001 ιη’.
709 4941 1018 5016 Gregoras,
1041 4952 1100 5016 p_,
1130 4938 1380 5016 24,4Αι.ι,τ

299 5005 390 5086 31)
429 5018 556 5089 Περὶ
585 5016 676 5075 τὰς
696 5005 875 5085 μάχᾶς
913 5005 1233 5082 ὀξὺς-θυμοῦ
1261 5025 1336 5062 τε.
1367 5008 1660 5078 Gregoras
1695 5005 1804 5063 lib.

204 5103 266 5145 ιι.
289 5102 349 5145 D.
372 5089 464 5142 24.
496 5091 632 5142 ALL.

694 5149 1693 5230 patr_iar<_3_l_1is,_Mariuele,‘Maximoz
1717 5148 1812 5205 Mi-

203 5220 431 5297 ch‘ael’e,
449 5220 781 5292 Theodoro,
805 5223 1022 5297 Cpolita
1033 5220 1142 5293 nis,
1159 5223 1367 5278 Nicaeae
1385 5225 1577 5297 tamen
1591 5220 1811 5276 seden-

203 5301 388 5368 tibus,
403 5293 664 5357 diximus
685 5293 1067 5368 nonn'ullagin
1089 5308 1269 5368 opere
1289 5293 1578 5368 nostro‘de
1606 5306 1815 5368 perpe-

205 5378 311 5430 tua
338 5362 650 5445 utriusque
663 5367 953 5445 Ecclesiae,
970 5362 1364 5445 occidentalis
1387 5369 1463 5445 et.
1475 5362 1811 5445 _Oriehtalis,

207 5434 630 5512 consensione,
663 5457 736 5498 ex
764 5454 885 5512 quo
913 5437 1098 5512 lector
1128 5439 1307 5512 petat,
1333 5434 1402 5512 _si
1429 5434 1590 5490 libet.
1621 5438 1754 5489 ALL.

279 5516 395 5586 (33)
433 5505 639 5575 Κωπᾶς.
691 5517 756 5569 In
783 5505 1019 5566 "Notitia
1074 5505 1552 5580 patriarcharum
1606 5509 1816 5565 Κουπᾶς

207 5586 449 5645 dicitur.
481 5587 702 5643 Dousx.

282 5659 401 5732 (34)
449 5664 574 5732 Μή
612 5655 874 5732 ἐνιαυτούς
939 5651 1018 5714 ἕξ.
1077 5649 1289 5732 Νοιὶιὶα
1341 5648 1822 5732 patriarcharum

206 5721 884 5790 traditvixisse-tantum
914 5726 1096 5779 ann.t
1129 5737 1322 5780 mens.
1343 5721 1378 5779 4
1397 5721 1525 5780 dies
1548 5724 1816 5780 5.Dousa.

500 5804 744 5860 PA'I‘BOL.
777 5800 879 5856 Ga.
906 5794 1060 5853 CXL.

1981 4934 2094 5004 (35)
2124 4933 2363 5006 Μάξιμος
2423 4936 2676 5004 μοναχὸς.
2739 4929 2840 5006 Hic
2886 4928 3371 5006 antea__p_raserat
3405 4940 3557 5006 _mo-

1919 4997 2180 5063 nastério
2207 4997 2304 5057 rei»
2333 4997 2678 5078 ’Ax'oiprir'm,
2712 5005 2776 5058 ut
2822 5003 2910 5058 est
2954 4999 3016 5056 in
3059 4997 3274 5056 Notitia
3315 4997 3570 5072 patriar.

1917 5079 2191 5134 charum.
2227 5079 2442 5133 Dousx.

1992 5150 2102 5222 (36)
2156 5155 2337 5210 Μῆνας
2413 5146 2486 5209 ἐξ.
2556 5143 2772 5202 Notitia
2852 5139 3335 5216 patriarcharum
3390 5139 3573 5201 tradit

1921 5237 2160 5277 menses
2202 5224 2259 5276 8.
2301 5223 2514 5276 Dousa.

1995 5295 2110 5362 (37)
2147 5291 2204 5343 '0
2251 5289 2529 5362 Matinum.
2571 5288 2672 5344 Hic
2729 5289 2819 5362 es_t
2866 5283 3099 5342 Manuel
3150 5283 3576 5360 Charitopulus

1923 5365 1986 5421 in
2006 5359 2228 5420 'Notitia
2253 5360 2748 5421 patriarcharum.
2783 5359 2992 5413 Dousx.

1995 5434 2111 5507 (38)
2141 5425 2533 5510 Bopaa._Dixit
2580 5445 2771 5510 supra
2801 5433 2870 5485 ut
2921 5428 3305 5500 occupaverit
3365 5425 3576 5499 Bulga.

1925 5503 2133 5562 rorum
2166 5503 2509 5571 imperium,
2540 5519 2591 5559 c.
2621 5503 2710 5559 13.
2743 5504 2882 5557 ALL.
2927 5569 2966 5571 ﬂ
3001 5569 3010 5571 Α
3273 5519 3276 5523 '

2023 5577 2113 5648 39)
2150 5580 2228 5633 De
2250 5569 2396 5648 fuga
2418 5569 2664 5632 Joannis
2694 5571 2882 5630 Asani
2909 5569 3017 5629 ﬁlii
3044 5585 3230 5644 supra
3251 5569 3374 5644 agit
3391 5569 3576 5627 Acro-

1927 5649 2115 5722 polita
2145 5665 2196 5707 c.
2232 5652 2297 5706 l2
2327 5652 2384 5705 et
2419 5651 2503 5703 13.
2537 5649 2675 5702 ΑΜ..

3244 5777 3311 5834 33

3993 0 4029 818 6

3993 131 4004 162 ἒ

4013 811 4031 928 ⁵]

4017 931 4031 954 ‘l

4017 1173 4026 1188 l

4013 1299 4028 1340 ξ

4013 1357 4022 1370 .

4013 1495 4032 1558 ξι

4017 1597 4026 1610 .

4013 1951 4030 1980 ᾗ

4013 2037 4026 2056 δ

4015 2073 4030 2086 4

4013 2115 4018 2134 ῐ

4017 2141 4028 2164 9

4013 2191 4036 2228 ι

4015 2253 4040 2280 ’ν

4015 2311 4038 2344 .II

4013 2345 4032 2362 ι

4013 2463 4028 2504 ⁸,

4031 2617 4042 2660 Ξ

4025 2663 4046 2704 1

4033 2819 4042 2834 ο

4021 2865 4024 2868 .
4033 2843 4038 2876 !

4031 2649 4040 2660 ο

4025 2663 4044 2682 ς

4031 2695 4046 2714 τ

4031 2721 4046 2732 ο

4033 2819 4042 2834 ο

4035 2955 4065 3050 ³1

4043 3011 4052 3028 ο

4047 3051 4067 3166 l

4033 3141 4067 3276 Tt

4041 3319 4067 3576 ἒ

4037 3609 4067 3676 si

4045 3693 4067 3830 ξ

4039 3835 4067 3918 ‘5

4039 3921 4067 3990 ’ἢ

4041 3989 4067 4038 "l

4055 4043 4067 4078 ἑ

4062 4095 4067 4112 l

4062 4135 4067 4180 ι

4035 4232 4040 4234 _
4062 4183 4067 4226 Ι

4041 4231 4067 4342 ἐ

4053 4357 4067 4396 Ξ

4033 4405 4067 4488 οἱ

4045 4507 4067 4612 ἱ

4037 4601 4067 4682 ’ὲ

4041 4695 4067 4726 ,ι

4033 4735 4067 4822 ,ιε

4053 4831 4067 4894 Ξ

4033 4913 4067 4938 σε

4021 5089 4030 5096 ο

4033 5091 4040 5098 ι

4033 5285 4040 5292 α

4053 5043 4067 5160 i

4053 5369 4067 5454 ἐ
