4084 6212
186 346 338 401 1041

1708 337 2052 396 ANNALES.

3443 341 3582 400 1042

200 467 584 528 Ελλήσποντον
613 468 805 528 ταύτας
850 468 1070 525 ἔστησεν
1117 461 1168 518 ἓν
1198 465 1338 537 τόπῳ
1384 461 1440 526 ὃς
1474 461 1656 526 Ὀλκός
1704 461 2011 536 ὀνομάζεται
2036 463 2104 532 ⁸⁵,
2137 465 2228 517 καὶ
2271 459 2331 522 ἦν
2378 461 2545 516 πολλά
2585 465 2830 536 παρέχων
2879 461 3051 524 αὐτοῖς
3097 461 3400 538 πράγματα,
3443 463 3581 518 κατὰ

182 554 359 612 δύσιν
392 559 687 632 ὁρμώμενος
715 560 806 610 καὶ
838 555 976 610 λείαν
1019 557 1088 609 τά
1132 554 1334 609 έκείνων
1363 554 1683 626 ποιούμενος,
1714 554 1920 629 πορθῶν
1948 571 2002 606 τε
2031 555 2089 606 τὸ
2119 560 2218 606 τῶν
2249 548 2502 608 Μαδύτυν
2532 553 2669 607 ἄστυ
2707 556 2796 606 καὶ
2837 556 2931 612 τὴν
2977 551 3349 608 Καλλιούπολιν
3377 556 3468 607 καὶ
3506 553 3575 608 τὰ

187 646 562 723 παραιγιάλια
589 647 754 698 τάντα
779 651 890 710 τοῖς
916 644 1132 707 Ἰταλοῖς
1159 645 1396 718 ύπόφορα
1424 645 1564 699 ὄντα.

270 734 378 808 κγ’.
411 737 497 790 Ἐν
541 739 778 788 τουτοισὶ
820 732 880 788 δε
930 737 1069 796 ὄντος
1113 741 1207 787 τοῦ
1247 731 1503 807 βασιλέως
1551 730 1800 797 Ἰωάννου,

1994 732 2081 788 23.
2128 731 2276 787 Cum
2322 729 2450 788 hinc
2491 733 2693 801 ageret
2737 731 3063 803 imperator
3113 731 3398 802 Joannes,
3428 729 3576 789 acri-

187 829 293 878 καὶ
349 823 586 901 ἀκρατῶς
640 828 945 899 μαχομένου
999 831 1105 886 τοῖς
1155 822 1371 886 Ἰταλοῖς
1407 823 1540 875 κατά
1585 839 1640 875 τε
1690 824 1813 895 χέρ-

196 933 300 968 σον
346 917 440 968 καὶ
489 913 778 981 θάλασσαν,
827 920 1165 987 σκευωρεῖται
1221 915 1383 984 τούτῳ
1439 909 1703 970 ἐπιϐουλή.
1753 909 1811 962 Ὀ

197 999 266 1058 δί
311 1005 507 1062 ταύτην
553 1004 944 1076 συστησάμενος
971 998 1394 1078 πρωτεξάδελφος
1422 997 1484 1060 ἧν
1513 1007 1607 1054 τοῦ
1645 999 1811 1073 βασι-

191 1091 330 1155 λέως
387 1095 414 1146 6
465 1097 760 1165 Νεστόγγος
811 1089 1165 1168 Ἀνδρὸνικος.
1215 1093 1414 1145 Οὑτοσὶ
1476 1087 1536 1144 δὲ
1581 1093 1671 1143 καὶ
1715 1092 1812 1148 τήν

192 1190 304 1244 τῆς
367 1186 666 1256 συγγενείας
719 1186 908 1255 σχέσιν
963 1181 1088 1258 παρ’
1140 1178 1292 1235 οὐδὲν
1338 1182 1538 1254 θέμενος
1594 1180 1810 1232 καὶτὸν

194 1279 298 1333 τῆς
351 1271 524 1345 φιλίας
582 1269 882 1347 ἀπορρήξας
941 1267 1137 1344 δεσμὸν
1191 1269 1473 1343 ἀνταρσίαν
1531 1270 1668 1322 κατὰ
1719 1274 1810 1321 τοῦ

193 1357 637 1435 πρωτεξαδέλφου
693 1359 948 1434 βασιλέως
1005 1358 1344 1433 βεϐούλευται
1384 1360 1457 1425 9⁸,
1509 1359 1646 1431 ἔχων
1693 1376 1812 1410 συν-

195 1454 352 1526 εργὸν
403 1450 474 1514 εἰς
522 1457 676 1503 τοῦτο
718 1453 806 1502 τὸν
865 1445 1084 1522 ἀδελφὸν
1137 1449 1398 1502 Ἰσαάκιον
1449 1451 1540 1500 καὶ
1608 1446 1811 1522 ἐτέρους

191 1547 304 1592 τῶν
369 1539 627 1612 ἐπιφανῶν
686 1539 780 1592 ούκ
831 1539 1058 1612 ὀλίγους,
1121 1542 1208 1591 τόν
1259 1557 1314 1590 τε
1363 1535 1700 1610 Φλαμούλιον,
1754 1535 1807 1589 ὃν

191 1631 364 1701 μέγαν
419 1628 787 1700 ίταιρειάρχην
843 1627 929 1702 [Ρ.
973 1626 1068 1701 20]
1127 1629 1153 1680 6
1211 1625 1457 1700 βασιλεὺς
1512 1629 1804 1698 τετίμηκεν,

193 1722 291 1771 τὸν
335 1722 739 1791 Ταρχανειὼτην
773 1713 1088 1787 Συναδηνὸν,
1128 1719 1216 1770 τὸν
1248 1715 1330 1769 ἐπ’
1376 1711 1570 1788 ἀδελφῇ
1622 1717 1806 1770 τούτου

193 1804 443 1880 γαμϐρὸν
504 1809 800 1876 Στασηνόν,
855 1809 942 1859 τὸν
1007 1808 1284 1880 Μακρηνὸν
1350 1809 1441 1857 καὶ⁵
1499 1804 1686 1866 ἄλλους
1741 1804 1808 1866 εἰς

194 1895 401 1956 πλῆθος
438 1898 524 1947 τὸν
577 1892 796 1969 ἀριθμόν
820 1895 968 1948 97-".
1001 1895 1230 1967 Ἐγένετο
1259 1891 1318 1947 δὲ
1363 1895 1393 1952 ἠ
1437 1891 1681 1951 ἑπιϐουλή
1714 1912 1808 1946 πο-

195 1985 483 2060 λυήμερος.
535 1984 623 2040 Ἐν
671 1991 733 2058 τῇ
791 1982 1070 2057 Λαμψάκῳ
1127 1980 1186 2037 δὲ
1233 1980 1432 2055 διάγων
1481 1983 1507 2034 6
1560 1980 1809 2055 βασιλεὺς

1917 817 2155 892 busque
2207 819 2382 878 Italos
2436 819 2656 894 praeliis
2707 823 2866 876 terra
2918 817 3190 892 marique
3247 819 3570 891 divexaret,

1917 908 2153 966 insiditn
2177 910 2312 966 vitm
2340 908 2495 966 illius
2520 911 2826 982 parantur.
2866 907 3171 964 Facinoris
3203 913 3411 966 auctor
3448 914 3576 970 erat

1918 1001 2254 1071 Nestongus
2279 997 2654 1055 Andronicus
2678 996 3056 1070 imperatoris
3077 997 3498 1057 consobrinus.
3519 1001 3574 1057 Is

1917 1088 2235 1146 artissima:
2275 1087 2580 1144 afﬁnitatis
2625 1086 3048 1158 conjunctione
3085 1087 3359 1161 neglecta
3405 1105 3571 1164 spre-

1915 1177 2110 1252 tisque
2136 1177 2409 1235 amicitia:
2431 1175 2674 1250 juribus‘
2702 1177 2764 1234 in
2794 1177 3228 1235 consobrinum
3255 1196 3436 1238 suum
3464 1181 3572 1238 im-

1915 1273 2250 1342 peratorem
2281 1268 2574 1340 conjurat,
2608 1268 3037 1340 conjurationis
3075 1274 3352 1328 consorte
3391 1271 3570 1330 fratre

1917 1357 2140 1414 Isaacio
2168 1362 2223 1414 et
2245 1373 2367 1413 non
2399 1357 2610 1430 paucis
2642 1373 2712 1414 ex
2737 1357 3105 1430 proceribus.
3140 1358 3259 1433 40
3289 1363 3403 1417 Nec
3432 1359 3569 1418 dee-

1915 1451 2052 1504 rant
2091 1445 2324 1502 sceleris
2364 1445 2682 1520 participes
2722 1446 3091 1503 Phlamulius
3129 1449 3340 1519 magni
3385 1449 3568 1508 bette-

1913 1535 2162 1592 riarchaa
2191 1534 2478 1607 dignitate
2524 1533 2819 1592 beneﬁcio
2857 1535 3236 1608 imperatoris
3275 1537 3568 1596 condeco-

1913 1629 2101 1694 ratus,
2134 1623 2491 1696 Synadenus
2520 1623 2933 1691 Tarchaniota,
2975 1623 3196 1680 sororis
3238 1623 3398 1681 illius
3432 1641 3568 1683 ma-

1912 1714 2080 1781 ritus,
2123 1714 2431 1783 Stasenus,
2481 1714 2787 1790 Macrenus
2834 1712 3056 1787 aliique
3109 1713 3566 1788 quamplurimi.

1914 1804 2060 1860 Cum
2091 1817 2232 1859 vero
2273 1817 2380 1874 per
2417 1801 2640 1859 multos
2668 1802 2797 1860 dies
2827 1803 3162 1875 conjuratio
3193 1803 3569 1878 protrahere-

1913 1895 2025 1957 tur,
2054 1890 2364 1965 Lampsaci
2398 1891 2626 1962 degens
2663 1891 2992 1964 imperator
3024 1896 3278 1950 conatus
3325 1891 3570 1968 conspi-

1912 1981 2174 2038 rantium
2199 1981 2450 2045 rescivit,
2475 1986 2534 2038 et
2559 1980 2901 2038 triremibus
2926 1997 3002 2038 ne
3022 1980 3101 2040 ab
3127 1982 3284 2040 Italis
3311 1997 3570 2056 occupa-

197 2075 453 2148 μανθάνει
508 2081 691 2129 ταῦτα.
753 2078 888 2148 Πυρὶ
945 2069 1032 2126 οὖν
1092 2075 1181 2134 τὰς
1230 2077 1461 2148 τριήρεις
1513 2070 1800 2123 καταναλώ-

1911 2075 2118 2127 rentur
2149 2070 2566 2140 concrematis,
2593 2069 2750 2128 bello
2779 2071 3108 2128 domestico
3138 2071 3333 2142 magis
3375 2087 3565 2146 quam

201 2182 326 2228 σας,
377 2165 460 2216 ἶνα
507 2166 578 2236 μή
632 2169 739 2224 τοῖς
794 2159 1008 2224 Ἰταλοῖς
1060 2163 1161 2216 ύπό
1215 2167 1375 2236 χεῖρα
1428 2164 1673 2233 γένοιντο,
1714 2164 1805 2213 καὶ

197 2258 632 2331 προύργιαίτερον
678 2256 765 2306 τὸν
821 2254 1008 2306 ἔσωθεν
1055 2252 1274 2325 πόλεμον
1321 2255 1502 2328 κρίνας
1547 2257 1640 2303 τοῦ
1688 2250 1805 2314 ἔξω-

202 2344 308 2414 θεν,
374 2342 577 2418 ἀπάρας
645 2340 832 2396 έκεῖθεν
899 2342 984 2395 ἐπὶ
1047 2346 1141 2401 τήν
1209 2341 1504 2416 ’Λχυράους
1569 2339 1802 2413 ἀφίκετο.

198 2434 436 2486 κάκεῖθεν
510 2436 604 2491 τήν
671 2431 906 2495 ἐξέτασιν
976 2439 1070 2494 τῆς
1135 2429 1415 2493 ἐπιϐουλῆς
1493 2429 1800 2489 ἐποιήσατο.

197 2525 307 2575 Καὶ
346 2521 481 2578 ἦσαν
535 2521 582 2572 οἱ
630 2523 925 2592 συνωμόται
973 2520 1158 2581 πάντες
1197 2525 1315 2581 ταῖς
1367 2514 1546 2582 δίκαις
1576 2520 1802 2574 ὑπεύθυ-

197 2628 302 2663 νοι.
345 2607 483 2661 Ἀλλ’
538 2609 562 2660 6
621 2606 870 2680 βασιλεὺς
923 2605 1398 2682 φιλανθρωπότερον
1460 2614 1570 2670 τοῖς
1631 2611 1804 2681 νόμοις

199 2695 491 2770 ὶχρήσατο,
542 2701 630 2748 καὶ
676 2700 763 2749 τὸν
803 2699 893 2769 μὲν
946 2701 1245 2768 Νεστόγγον
1299 2695 1560 2750 Ἰσαάκιον
1609 2695 1802 2768 τυφλώ-

199 2804 283 2838 σει
328 2781 674 2848 καταδικάζει
717 2789 810 2838 καὶ
865 2789 1203 2861 χειροκοπίᾳ,
1259 2787 1510 2848 ὡσαύτως
1569 2789 1660 2837 καὶ
1712 2789 1800 2837 τὸν

196 2879 475 2951 Μακρηνόν
509 2896 521 2910 ο
591 2874 918 2947 έξελήλεγκτο
983 2877 1084 2950 γὰρ
1148 2876 1214 2936 ὡς
1269 2874 1518 2938 πολλάκις
1563 2873 1800 2950 ἐφώρμη-

199 2981 280 3030 σε,
329 2966 466 3016 κατά
517 2972 674 3017 νῶτον
730 2965 1009 3036 τυγχάνων
1057 2969 1149 3016 τού
1199 2961 1480 3037 βασιλέως,
1521 2963 1800 3036 ἐφελκύσαι

200 3058 293 3112 τήν
341 3055 547 3112 σπάθην
593 3058 684 3106 καὶ
731 3053 1056 3129 καταῤῥάξαι
1107 3057 1334 3126 καιρίαν.
1377 3057 1478 3106 Καὶ
1522 3052 1700 3113 ἄλλους
1739 3047 1800 3104 δέ

197 3149 340 3203 τινᾶς
399 3151 614 3218 μικραῖς
661 3150 861 3204 ποιναῖς
912 3141 1300 3208 καθυπέϐαλεν,
1348 3145 1470 3204 τοὺς
1525 3139 1584 3196 δὲ
1647 3142 1798 3195 πλεί-

200 3251 358 3294 στους
409 3231 600 3305 ἀφῆκεν
657 3235 886 3306 εἱρκταῖς
935 3235 1101 3305 μέχρι
1144 3235 1278 3292 τινὸς
1333 3229 1678 3306 περικλείσας,
1707 3235 1797 3284 καὶ

197 3321 354 3374 αύτὸν
407 3317 475 3380 δή
522 3325 609 3374 τὸν
665 3325 1002 3398 πρωτουργόν
1054 3329 1143 3382 τῆς
1203 3319 1496 3385 ἐπιϐουλῆς,
1555 3322 1643 3372 τὸν
1706 3323 1796 3372 καὶ

1912 2164 2156 2216 externo
2198 2159 2638 2230 invigilandum
2666 2163 2856 2230 ratus,
2887 2159 3026 2216 inde
3055 2159 3362 2232 digressus
3389 2159 3566 2218 Acbio

1909 2264 2086 2306 raum
2118 2248 2527 2322 proﬁciscitur,
2560 2247 2763 2322 ibique
2791 2248 3187 2322 questionem,
3225 2252 3291 2306 ut
3318 2263 3566 2307 consor-

1911 2342 1999 2397 tes
2032 2338 2268 2395 sceleris
2299 2338 2724 2402 indicarentur,
2757 2337 2978 2395 habet:
3011 2343 3068 2396 et
3095 2337 3391 2411 conjurati
3438 2355 3566 2397 om-

1911 2443 2019 2485 nes
2041 2428 2291 2485 convicti
2311 2426 2816 2500 condemnatique
2837 2431 2994 2486 sunt.
3017 2432 3291 2486 Attamen
3309 2428 3568 2502 impera-

1910 2523 2003 2576 tor
2028 2517 2450 2574 humaniorem
2477 2532 2540 2573 se
2567 2516 2846 2590 praebens
2871 2519 3238 2590 Nestongum
3267 2517 3563 2576 lsaacium

1907 2606 2136 2664 lumine
2174 2611 2231 2663 et
2260 2621 2447 2662 manu
2477 2605 2731 2675 mutilat,
2758 2608 3100 2664 Macrenum
3142 2622 3419 2680 quoque;
3454 2621 3565 2665 sm-

1907 2696 2044 2770 pius
2091 2695 2253 2752 enim
2302 2711 2440 2751 cum
2480 2711 2517 2751 a
2546 2698 2712 2766 tergo
2744 2693 3124 2769 imperatoris
3165 2700 3321 2753 esset
3347 2700 3404 2754 et
3429 2696 3564 2769 gla-

1906 2785 2077 2842 dium
2118 2785 2408 2855 stringere
2449 2789 2506 2842 et
2535 2784 2754 2841 vulnus
2788 2784 3058 2857 inﬂigere
3103 2784 3276 2843 letale
3305 2789 3564 2845 tentasse

1905 2873 2320 2948 deprehensus
2365 2878 2477 2930 est.
2527 2873 2686 2931 Alios
2729 2873 2934 2932 itidem
2977 2875 3316 2932 mitioribus
3362 2875 3562 2948 poenis

1906 2963 2196 3031 multavit,
2220 2962 2511 3036 plurimos
2537 2962 2614 3020 ad
2636 2967 2874 3036 tempus
2899 2963 3152 3020 detrusit
3177 2963 3240 3019 in
3269 2978 3559 3030 carceres,

1906 3055 1964 3107 et
2017 3052 2218 3123 ipsum
2267 3049 2723 3122 conspirationis
2772 3055 3083 3107 auctorem
3134 3054 3190 3106 et
3239 3049 3562 3123 imperium

1905 3139 2288 3196 affectantem
2318 3142 2687 3209 Nestongum
2720 3139 3130 3196 Andronicum
3160 3139 3470 3212 Magnesia:
3498 3139 3562 3196 iu

1905 3243 2106 3285 arcem
2144 3227 2449 3299 relegavit.
2476 3227 2568 3283 Sic
2596 3227 2822 3284 amoris
2857 3226 3150 3284 illecebrae
3188 3226 3267 3284 ab
3290 3227 3404 3284 illis
3433 3243 3561 3286 ma-

1902 3317 2216 3374 leﬁciendo
2294 3317 2720 3388 imperatorem
2791 3316 3157 3374 abstraxere.
3222 3321 3558 3390 Nestongus

193 3407 468 3482 βασιλείας
522 3409 799 3484 ἕφείμενον,
855 3413 942 3463 τὸν
1003 3414 1299 3483 Νεστόγγον
1361 3405 1695 3480 Ἀνδρόνικον
1745 3410 1794 3444 99

1908 3407 2086 3480 paulo
2109 3409 2246 3480 post
2285 3405 2535 3478 aufugit,
2567 3409 2632 3462 ut
2668 3405 2918 3479 quidam
2961 3406 3223 3477 tradunt,
3255 3412 3557 3467 annuente

190 3499 240 3553 ἄν
290 3507 360 3571 τῷ
405 3505 634 3575 φρουρίῳ
690 3508 786 3562 τῆς
839 3504 1154 3572 Μαγνησίας
1209 3497 1546 3552 συνέκλεισεν.
1595 3504 1795 3550 Τοσοῦ-

191 3607 278 3641 τον
324 3589 354 3647 ἡ
405 3597 502 3650 τῆς
549 3587 752 3660 ἀγάπης
791 3593 980 3660 σχέσις
1003 3592 1089 3642 τὸν
1130 3586 1356 3662 βασιλέα
1385 3594 1477 3640 τοῦ
1507 3596 1795 3648 κακοποιήο

195 3697 288 3731 σαι
339 3685 519 3730 τοῦτον
567 3676 883 3730 έκὼλυσεν¹.
927 3677 1022 3741 Ὃς
1077 3683 1168 3730 καὶ
1214 3697 1309 3751 μετ
1357 3676 1528 3749 ὀλίγον
1567 3672 1792 3751 ἀπέδρα,

186 3768 252 3827 ὡς
303 3769 390 3838 μέν
445 3785 578 3828 τινες
634 3769 877 3839 ἔφασκον,
927 3767 1131 3825 θελήσει
1182 3773 1273 3820 τοῦ
1330 3764 1590 3839 βασιλέως
1647 3765 1792 3818 ἐλευ-

189 3856 478 3929 θεριωτερον
559 3852 758 3928 βαίνειν
843 3861 1025 3907 τοῦτον
1104 3854 1624 3928 παρακελευσαμένου
1703 3858 1792 3908 καὶ

189 3944 295 3996 οἷον
357 3941 544 4015 κλέψαι
604 3951 787 3996 τοῦτον
854 3949 950 4002 τήν
1018 3948 1281 4017 σωτηρίαν
1345 3941 1787 4016 βουλευσαμένου.

191 4030 288 4094 Ὃς
335 4036 424 4084 καὶ
481 4035 662 4094 νυκτὸς
716 4036 892 4105 φυγὼν
953 4029 1038 4085 ἐπὶ
1093 4036 1157 4085 τὰ
1218 4041 1317 4084 τῶν
1369 4031 1791 4106 Μουσουλμάνων

197 4119 486 4193 ἐφώρμησε,
537 4127 628 4174 καὶ
678 4117 861 4193 διῆγεν
906 4119 1070 4174 ἐκεῖσε
1117 4123 1327 4194 μέχρι²
1370 4129 1463 4183 τῆς
1511 4121 1673 4174 αὐτοῦ
1714 4140 1793 4175 τε-

197 4209 392 4272 λευτής.
451 4211 707 4264 Ἐντεῦθεν
765 4211 791 4262 ὀ
851 4209 1098 4284 βασιλεὺς
1162 4214 1629 4286 προσεκτικὼτερον
1700 4208 1791 4283 ἒχ-

198 4304 324 4374 ρᾶτο
373 4306 484 4360 τοῖς
534 4301 832 4374 πράγμασι,
864 4303 956 4352 καὶ
1015 4308 1103 4360 τῆς
1153 4304 1407 4374 προτέρας
1445 4298 1790 4373 ἐλευθεριότη-

198 4405 280 4448 τος
316 4387 408 4439 ούκ
465 4385 778 4441 ἀντεποιεῖτο
804 4389 849 4458 ³,
881 4387 1107 4461 φύλακας
1159 4407 1212 4440 τε
1263 4393 1376 4460 περὶ
1434 4389 1590 4440 αὑτὸν
1637 4391 1789 4448 ἔστηο

201 4495 258 4530 σε
301 4481 388 4530 καὶ
443 4481 698 4552 φρουρούς
746 4480 946 4552 νύκτωρ
1002 4496 1057 4531 τε
1113 4482 1202 4530 καὶ
1259 4477 1372 4550 μεθ’
1427 4478 1622 4551 ἡμέραν
1678 4486 1784 4540 τοῖς

1902 3495 2281 3570 imperatore,
2314 3495 2417 3568 qui
2453 3494 2624 3551 illum
2656 3495 2900 3552 liberius
2943 3494 3153 3569 vagari
3192 3512 3372 3570 posse
3400 3512 3554 3572 prae-

1901 3590 2158 3658 ceperat,
2184 3589 2247 3641 ut
2274 3583 2544 3658 quodam
2573 3584 2759 3642 modo
2792 3585 3046 3642 salutem
3078 3585 3406 3644 suﬁ'uratus
3423 3602 3554 3646 esse

1900 3675 2214 3732 videretur.
2239 3677 2426 3731 Noctu
2453 3672 2550 3732 ille
2578 3673 2640 3730 in
2661 3674 2869 3745 fugam
2895 3675 3200 3748 conjectus
3231 3675 3552 3736 Musulma-

1899 3780 2012 3823 nos
2057 3763 2354 3829 convenit,
2383 3763 2536 3820 inter
2572 3763 2683 3837 41
2729 3763 3001 3838 quos-ad
3039 3769 3375 3824 extremum
3415 3767 3553 3824 vita

1898 3855 2124 3912 exitum
2168 3856 2404 3909 aetatem
2450 3851 2641 3908 duxit.
2693 3853 2838 3909 Hinc
2891 3853 3216 3926 imperator
3272 3855 3553 3912 attentius

1897 3943 2078 4000 rebus
2099 3941 2446 4008 advertere;
2479 3941 2763 3997 omnibus
2800 3941 2881 3998 ad
2910 3958 2973 3998 se
3011 3941 3279 3999 adeundi
3307 3942 3553 4000 faculta-

1900 4035 2038 4101 tem,
2069 4047 2194 4104 qua
2236 4029 2404 4103 prius
2437 4028 2758 4086 utebantur
2786 4029 3083 4098 liberiore,
3112 4045 3422 4097 coercere;
3453 4045 3556 4088 cu-

1901 4121 2103 4179 stodes
2124 4135 2195 4177 ac
2215 4119 2444 4190 vigiles,
2458 4117 2562 4192 qui
2584 4122 2765 4176 noctu
2787 4117 3168 4192 interdiuque
3189 4135 3252 4176 se
3276 4134 3348 4177 ac
3371 4119 3553 4178 ratio.

1897 4227 2004 4269 nes
2020 4227 2161 4266 suas
2177 4209 2585 4279 defenderent,
2598 4207 2838 4265 addere.
2858 4207 2971 4265 Sed
2988 4208 3262 4270 omnium
3289 4209 3553 4269 maxime

1897 4299 2246 4373 imperatrix
2275 4301 2460 4368 lrene,
2492 4295 2765 4353 moribus
2791 4313 2862 4354 ac
2885 4297 3128 4369 ingenio
3167 4297 3462 4372 mascula,
3495 4301 3554 4357 et

1897 4406 2038 4448 cum
2062 4387 2346 4445 omnibus
2384 4386 2577 4458 magis
2612 4387 2772 4458 regie
2798 4402 2984 4460 quam
3009 4403 3120 4462 par
3144 4391 3272 4445 erat
3306 4402 3551 4446 conver-

1895 4495 2056 4546 sans,
2083 4477 2162 4534 ad
2187 4476 2668 4534 conservandum
2695 4492 2838 4544 eum
2866 4477 3235 4534 incumbere.

199 4563 386 4618 ἕκιίνου
417 4570 779 4641 προσέχοντας
809 4567 851 4622 ⁸.
892 4565 1140 4620 Μάλιστα
1167 4562 1226 4619 δέ
1265 4570 1381 4639 περὶ
1418 4573 1587 4619 ταῦτα
1629 4571 1906 4623 συνέτεινεν
1935 4571 1966 4628 ἡ
2001 4566 2213 4642 βασιλὶς
2240 4566 2456 4640 Εἰρήνη,
2489 4563 2896 4642 ἀρῥενωπότερον
2941 4569 3001 4620 τὸ
3042 4563 3164 4628 ἦθος
3205 4568 3411 4640 ἔχουσα
3454 4569 3550 4621 καὶ

198 4645 301 4716 τοῖς
327 4661 462 4708 πᾶσι
491 4654 901 4731 βασιλικώτερον
931 4654 1344 4727 ἒντυγχάνουσα.

269 4745 347 4807 Εἰς
396 4747 660 4808 συνθήκας
701 4742 760 4800 δε
817 4745 1122 4807 θελήσαντες
1153 4743 1311 4798 ἂθεῖν
1343 4745 1392 4797 οἱ
1431 4743 1617 4798 Ἰταλοὶ
1669 4745 1790 4800 ἀπέ-
1826 4750 1870 4804 D

198 4833 353 4888 λυσαν
379 4835 401 4870 ⁵
446 4839 572 4909 πρὸς
607 4837 694 4889 τὸν
734 4833 959 4908 βασιλέα
1001 4838 1091 4887 καὶ
1137 4837 1196 4887 τὸ
1241 4842 1340 4886 τῶν
1390 4840 1577 4906 Πηγῶν
1627 4835 1785 4891 ἄστυ.

204 4927 296 4978 Καὶ
339 4922 471 4976 οὕτω
526 4919 594 4983 δὴ
647 4923 756 4997 μετ’
796 4923 964 4976 αὐτῶν
1003 4924 1030 4976 6
1086 4921 1332 4996 βασιλεὺς
1383 4923 1624 4984 Ἰωάννης
1658 4923 1790 4998 εἰρή-

201 5029 386 5080 νενσιν,
412 5015 617 5065 πάντων
675 5021 772 5066 τῶν
819 5016 947 5086 πρὸς
1001 5016 1145 5065 νότον
1193 5013 1654 5085 ὑποχωρήσαντων
1703 5015 1792 5064 αὺο

202 5109 269 5172 τῷ
295 5105 546 5167 Λατίνων,
579 5104 655 5154 ἑτι
685 5098 746 5156 δε
789 5103 1112 5177 κρατούντων
1154 5105 1282 5177 πρὸς
1325 5099 1519 5176 Βορῥᾶν
1559 5102 1626 5153 τὰ
1654 5099 1790 5158 πλη-

203 5193 308 5242 σίον
348 5195 472 5243 ὄντα
517 5199 608 5252 τῆς
667 5189 1256 5253 Κωνσταντινουπὸλεως
1305 5194 1394 5242 καὶ
1443 5196 1506 5262 τῇ
1557 5195 1649 5242 τοῦ
1699 5195 1793 5244 Νι-

199 5275 368 5351 κομήδ
370 5298 456 5341 ους
479 5279 625 5333 πόλει
653 5278 951 5352 ἐγγίζοντα.

269 5421 314 5456 ⁸⁵
342 5417 391 5472 ἐν
419 5451 488 5460 —
537 5420 620 5474 ὀνο
665 5421 845 5482 άξεται
892 5435 1013 5477 om.
1068 5421 1133 5475 Β.

273 5496 488 5546 στόσγσγον
518 5440 849 5546 ’Δνθιοὸνικον
887 5508 1010 5546 om.
1049 5494 1108 5546 D.

1970 4745 2099 4802 Itali
2136 4744 2372 4802 interim
2413 4760 2553 4801 cum
2591 4744 2950 4818 imperatore
2975 4743 3360 4802 concordiam
3402 4757 3546 4802 con-

1896 4834 2140 4891 ﬁrmare
2177 4833 2445 4891 volentes
2485 4838 2680 4891 castro
2728 4837 3020 4906 Pegarum
3051 4849 3312 4906 cessere;
3342 4833 3547 4907 sicque

1898 4939 2037 4980 cum
2059 4923 2143 4978 eis
2165 4924 2426 4978 Joannes
2448 4923 2774 4995 imperator
2791 4938 3006 4996 pacem
3031 4921 3389 4995 composuit,
3405 4937 3549 4981 cum

1899 5010 1978 5068 ad
2019 5015 2302 5067 Austrum
2345 5009 2629 5066 omnibus
2677 5009 3144 5081 renuntiassent,
3173 5007 3284 5066 sed
3325 5008 3549 5084 adhuc,

1897 5115 2034 5172 quae
2088 5099 2248 5156 circa
2302 5101 2548 5156 Boream
2599 5097 2805 5156 afﬁnia
2852 5097 3017 5172 Cpoli
3071 5101 3244 5157 erant
3295 5098 3551 5176 urbique

1898 5188 2339 5246 Nicomediensi
2368 5188 2666 5262 proxima,
2693 5187 3031 5246 retinerent.

1212 5420 1260 5502 9f
1291 5418 1472 5502 οὑτοσὶ
1515 5448 1582 5458 -
1628 5416 1965 5502 βεϐούλευται
2012 5435 2141 5502 οτι),⁸
2173 5421 2271 5502 1).Δ
2306 5421 2572 5502 ,θ’τ-πλτρν
2614 5439 2670 5476 τε
2713 5453 2782 5502 -τ-
2814 5421 3203 5502 ἀριθμὸνᾼρφ.
3235 5423 3338 5502 Ι).⁵
3379 5422 3427 5502 ”_
3457 5422 3547 5475 τὸν

200 5496 488 5579 Neci-6770‘s
518 5490 849 5579 Ἀνὸςρὸνικ-ον
887 5508 1010 5579 ομι.
1143 5521 1212 5575 —’
1244 5491 1257 5526 ί
1290 5499 1538 5578 τοσούτον
1575 5490 1637 5530 -έ
1667 5490 1924 5579 ὶκπωλυσεν
1953 5508 2074 5579 om.
2109 5496 2174 5549 D.
2251 5495 2272 5528 ²
2301 5491 2356 5554 ὃς
2385 5498 2475 5579 καὶ
2503 5495 2694 5568 ύστρον
2725 5490 3075 5579 ἁπέρᾢαίπερξ
3105 5493 3544 5579 φρυσουλμάνους

201 5569 287 5640 και
439 5563 550 5640 έκιῖ.
576 5559 742 5640 μέχρι
779 5568 846 5622 D.
923 5565 946 5600 ³
975 5568 1065 5616 καὶ
1093 5593 1164 5604 -—
1190 5559 1504 5616 ἀντεποιεῖτο
1553 5577 1676 5620 om.
1707 5565 1772 5619 D.

203 5633 380 5690 Ἰταλοὶ
419 5633 770 5693 συνελθεῖνύ.

1852 5564 1874 5600 ⁸
1917 5567 2117 5638 νύκτωρ
2156 5595 2229 5607 -—
2261 5564 2620 5639 προσέχοντας
2649 5583 2773 5626 om.
2805 5564 2870 5622 DL

2948 5567 2970 5603 ⁵
3020 5564 3073 5620 δ’
3116 5564 3448 5628 ἐθελήσαντες
3493 5566 3545 5618 οἱ
