4084 6212
189 302 227 354 ί
240 301 362 354 045
1741 298 1806 353 AI

1915 299 2059 356 LLES
2073 341 2086 355 .
3454 299 3592 358 1046

181 425 298 478 θεν
342 429 435 476 τοῦ
465 419 656 496 Ἕϐρου
711 416 1062 494 κατέδραμον,
1099 423 1256 474 ἄνετα
1309 422 1465 495 εὑρὼν
1508 423 1675 474 πάντα
1728 427 1806 474 καὶ

1930 423 2254 494 decipiens,
2309 423 2525 496 opibus
2583 439 2828 498 nempe,
2881 425 3156 493 fortunis,
3196 423 3592 496 dignitatibus

179 509 409 585 μηδενὶ
468 515 696 586 φρουρίῳ
761 513 1233 584 περιφραγνύμενα.
1287 510 1463 565 Ἔνθεν
1520 531 1600 563 τοι
1641 514 1684 546 τί
1749 533 1806 564 κο

1942 512 2194 584 aliisque
2215 517 2518 570 Romanos
2538 520 2783 571 caeteros
2800 532 2982 589 quam
3008 516 3268 573 maxime
3291 515 3382 571 sui
3403 530 3592 572 causa

175 607 341 678 περὶ
375 599 769 674 Διδυμότοιχον
826 605 1046 671 γεγονὼς
1085 599 1134 652 ἐν
1175 600 1232 652 00’
1289 600 1458 671 πολλῷ
1514 607 1690 675 χρόνῳ
1726 599 1832 673 βα-

181 691 396 752 σιλεὺς
453 689 799 762 ἔπεφημίζετο
860 691 1073 741 τούτων.
1137 689 1467 762 Ἀφικόμενος
1523 685 1582 742 δὲ
1619 689 1828 742 καὶέπὶ

173 784 315 840 τὴν
362 776 795 854 Ἀδριανούπολιν
831 778 970 854 εὗρεν
1019 777 1155 838 ἐντὸς
1211 781 1298 830 τόν
1353 775 1647 836 δηλωθέντα
1685 778 1827 836 Ἰσῆν

170 872 303 922 -ι-ὀν
369 870 821 942 πρωτοστράτορα
885 873 975 920 καὶ
1037 870 1126 919 τὸν
1203 868 1486 941 Καμύτζην
1542 888 1673 941 μετα
1737 875 1826 920 τοῦ

209 961 617 1032 στρατεύματος
652 965 745 1010 τοῦ
802 955 1060 1029 βασιλέως
1099 957 1354 1010 Ἰωάννου.
1413 957 1706 1018 Απατηλοίς
1764 953 1823 1009 δὲ

179 1045 387 1119 λόγοις
429 1049 474 1084 ¹²
541 1050 659 1108 τοὺς
722 1046 998 1120 οἰκήτορας
1073 1045 1324 1112 ὑπελθών,
1394 1049 1462 1109 ὡς
1528 1047 1822 1100 πλουτίσειε

185 1140 436 1198 τούτους
490 1138 667 1211 ἄκρως
727 1140 817 1187 καὶ
866 1144 966 1187 τῶν
1014 1134 1176 1186 ἄλλων
1229 1134 1490 1207 Ῥωμαίων
1538 1136 1818 1208 ῦπερυψώ-

195 1243 368 1292 σειεν,
414 1227 579 1278 πείθει
624 1228 684 1276 τὸ
739 1229 829 1297 μὲν
881 1233 974 1276 τοῦ
1031 1223 1290 1296 βασιλέως
1346 1223 1610 1296 ἐξαγαγεῖν
1663 1227 1818 1299 στρά-

193 1334 386 1387 τευμα
441 1315 556 1382 ἔξω,
618 1314 772 1366 αὐτόν
836 1310 896 1366 δέ
959 1313 1275 1384 εἰσαγαγεῖν,
1317 1313 1586 1384 Ἐξάγεται
1638 1310 1724 1366 οὖν
1792 1316 1817 1366 6

189 1407 628 1478 πρωτοστράτωρ
667 1403 807 1464 Ἰσῆς
841 1408 932 1455 καὶ
961 1405 986 1454 6
1039 1404 1323 1475 Καμύτζης
1374 1406 1502 1476 μετά
1557 1412 1648 1456 τοῦ
1689 1423 1816 1456 συν-

195 1497 357 1554 όντος
394 1495 594 1552 τούτοις
645 1495 1050 1566 στρατεύματος,
1093 1491 1176 1544 ἐπὶ
1206 1494 1377 1564 ὅρκοις
1429 1512 1519 1544 του
1577 1499 1646 1565 μή
1702 1513 1817 1544 τινα

197 1580 398 1635 παθεῖν
437 1585 631 1634 τούτων
687 1578 852 1634 δεινόν
905 1602 977 1634 τι.
1011 1580 1325 1644 Ἐξελθόντες
1363 1577 1449 1635 οὖν
1481 1584 1506 1634 6
1544 1585 1633 1654 μὲν
1678 1602 1817 1654 πρω-

203 1673 524 1746 τοστράτωρ
565 1667 688 1724 οὐδὲ
717 1670 841 1731 ὅλως
880 1674 964 1723 τὸν
1012 1675 1274 1742 Κομνηνὸν
1315 1668 1586 1745 Θεόδωρον
1640 1674 1813 1724 τεθέα-

1941 603 2677 675 superaturos,persuadet
2701 605 3076 678 imperatoris
3093 604 3337 661 militem
3353 603 3585 675 ejicere,

1937 705 2115 746 suum
2172 691 2501 749 admittere.
2557 694 2749 758 Quare
2805 698 3197 766 protostrator
3245 697 3363 749 lses
3401 695 3585 765 atque

1936 781 2244 852 Camytzes
2291 797 2430 836 cum
2462 783 2718 838 exercitu
2765 783 3085 854 pelluntur,
3126 800 3266 839 cum
3312 782 3473 838 cives
3519 796 3582 837 se

1932 867 2100 940 prius
2118 869 2513 940 jurejurando
2534 871 2877 941 alligassent
2891 872 3115 928 nemini
3131 872 3430 928 damnum
3454 869 3580 927 illa-

1932 961 2116 1012 turos.
2150 957 2328 1029 Pulsi,
2361 964 2755 1031 protostrator
2784 963 3157 1017 Comnenum
3197 960 3578 1016 Theodorum

1927 1061 2003 1101 ne
2017 1047 2705 1122 viditquidem(namque
2718 1050 2799 1106 ita
2809 1051 3575 1123 convenerunt),Camytzes

1929 1150 2066 1190 cum
2096 1135 2176 1190 illi
2207 1137 2584 1204 occurrisset,
2617 1153 2814 1211 neque
2844 1155 3002 1210 equo
3040 1138 3352 1194 descendit
3378 1152 3577 1210 neque

1928 1224 2009 1278 uti
2034 1224 2204 1280 decet
2220 1225 2644 1297 imperatorem
2667 1227 2960 1285 adoravit.
2977 1229 3169 1294 Quare
3193 1227 3281 1284 ira
3299 1227 3577 1284 incitatus

1923 1314 2268 1371 Theodorus
2297 1316 2561 1385 (volebat
2585 1318 2744 1374 enim
2775 1334 2838 1374 se
2868 1319 2946 1374 ab
2979 1318 3265 1375 omnibus
3291 1319 3574 1375 Romanis

1922 1401 2345 1474 imperatorem
2369 1406 2634 1474 agnosci,
2659 1422 2799 1462 cum
2824 1410 2882 1461 et
2910 1407 3235 1478 imperator
3255 1406 3571 1480 diceretur)

1924 1491 2292 1560 gravissimis
2317 1493 2547 1564 injuriis
2579 1494 2770 1549 virum
2803 1494 3088 1561 cumulat,
3104 1511 3442 1567 parumque
3471 1494 3577 1552 ab-

1920 1579 2030 1634 fuit
2046 1581 2194 1652 quin
2211 1581 2390 1638 etiam
2411 1582 2624 1653 plagas
2641 1582 3080 1652 inﬂigeret.Hoc
3101 1585 3477 1654 Camytzmmt
3493 1583 3573 1640 ab

1919 1670 2279 1740 imperatore
2310 1671 2569 1727 honores
2602 1677 3088 1744 consequeretur,
3119 1671 3180 1727 in
3203 1688 3390 1728 causa
3417 1671 3527 1728 fuit
3554 1687 3570 1728 :

192 1781 298 1814 ται
326 1763 502 1832 (τοῦτο
553 1763 654 1833 γὰρ
691 1756 760 1818 δὴ
807 1760 982 1822 αὐτοῖς
1035 1765 1486 1831 συμπεφώνηται),
1537 1762 1562 1812 0
1604 1758 1662 1814 δὲ
1704 1768 1805 1814 Κα-

1918 1774 2060 1814 nam
2089 1764 2153 1815 ut
2172 1775 2414 1816 rursum
2447 1760 2824 1833 Hellesponto
2853 1760 3248 1833 praeterlapso
3271 1760 3351 1816 ad
3376 1759 3570 1833 impe-

195 1851 418 1922 μύτζης
473 1853 747 1920 συντυχὼν
779 1848 919 1920 αὐτῷ
971 1848 1064 1901 οῦκ
1113 1847 1277 1906 ἀπέϐη
1328 1857 1418 1901 τοῦ
1473 1850 1630 1902 ἵππου
1689 1848 1813 1903 οὐδὲ

196 1941 276 2000 ὡς
349 1937 560 2010 βασιλεί
615 1939 1024 2010 προσεκύνησεν.
1101 1937 1188 1999 Εἰς
1243 1937 1268 1989 ὃ
1335 1935 1724 2013 βαρυθυμὴσας
1781 1940 1807 1990 6

200 2029 483 2099 Κομνηνὸς
521 2021 790 2100 Θεόδωρος
831 2025 1085 2092 (ἐϐούλετο
1139 2029 1237 2100 γὰρ
1283 2029 1351 2087 ὡς
1401 2025 1626 2099 βασιλέα
1679 2027 1808 2080 ἐκεῖ·

195 2135 293 2168 νον
348 2118 541 2176 πάντας
588 2117 728 2186 ἔχειν
766 2114 1069 2187 Ῥωμαίους,
1129 2113 1332 2189 ἐπείπερ
1386 2121 1475 2168 καὶ
1533 2119 1602 2177 ὡς
1652 2115 1808 2188 βασι-

191 2203 319 2266 λεὺς
366 2204 668 2276 ἐφημίζετο)
713 2202 881 2279 ὕϐρεις
917 2223 970 2256 τε
1003 2208 1217 2276 κατέχεε
1271 2212 1362 2256 τοῦ
1413 2201 1603 2278 ἀνδρὸς
1640 2211 1729 2258 καὶ
1762 2209 1807 2240 ¹³

196 2301 401 2368 μικροῦ
449 2292 510 2345 ἂν
565 2297 654 2345 καὶ
699 2292 901 2364 πληγὰς
941 2291 1164 2345 ἐπέθετο.
1214 2301 1376 2345 Τοῦτο
1423 2303 1496 2364 τῷ
1552 2295 1804 2366 Καμύτζῄ

199 2379 416 2457 ἀφορμή
476 2379 697 2453 ἐγεγόνει
755 2385 881 2454 πρὸς
942 2384 1027 2433 τόν
1074 2379 1298 2454 βασιλέα
1334 2391 1528 2454 τιμῆς·
1589 2386 1657 2443 ὡς
1703 2386 1805 2457 γὰρ

190 2467 351 2531 αὖθις
420 2474 508 2523 τόν
562 2470 932 2529 Ἑλλήσποντον
991 2467 1303 2544 διεπέρασαν
1374 2477 1463 2523 καὶ
1521 2476 1646 2545 πρὸς
1719 2476 1806 2524 τόν

202 2559 440 2633 βασιλέα
491 2558 748 2632 ἀφίκοντο,
781 2565 938 2634 μέγας
980 2560 1346 2635 ἑταιρειάρχης
1376 2563 1488 2626 (52)
1520 2557 1612 2613 διὰ
1640 2569 1808 2613 ταῦτα

198 2650 229 2701 ὁ
270 2649 551 2721 Καμύτζης
582 2652 624 2684 ³³
674 2654 968 2722 τετίμηται.
1001 2649 1059 2701 Ὀ
1118 2654 1382 2722 Κομνηνὸς
1439 2647 1526 2702 οὖν
1582 2647 1800 2703 Θεόδω-

189 2757 294 2812 ρος
351 2736 604 2810 ἐγκρατὴς
647 2739 690 2773 ¹⁵
748 2743 838 2790 καὶ
901 2746 993 2799 τῆς
1053 2735 1528 2813 Ἀδρεανουπόλεως
1584 2744 1807 2810 γεγονώς

190 2825 364 2879 πολλὰ
392 2831 630 2900 παρέσχε
659 2827 740 2897 [Ρ.
783 2828 876 2897 22]
911 2835 1017 2888 τοῖς
1067 2827 1281 2888 Ἰταλοῖς
1319 2830 1626 2902 πράγματα.
1673 2836 1806 2880 Κατ-

193 2911 396 2988 έδραμε
415 2918 515 2987 γὰρ
548 2918 718 2968 πάντα
745 2919 812 2968 τὰ
831 2917 919 2968 ὑπ’
944 2915 1141 2968 ἐκείνων
1168 2923 1616 2991 κρατοῦμενα,καὶ
1642 2922 1806 2992 μέχρι

1920 1853 2179 1904 ratorem
2202 1865 2800 1920 accessere,magnus
2820 1851 3213 1907 hetaeriarcha
3237 1866 3360 1907 non
3384 1849 3568 1907 aliam

1917 1937 1996 1992 ob
2031 1955 2278 1995 causam
2311 1942 2620 2011 Camytzes
2649 1939 2925 1996 efﬁcitur.
2971 1942 3314 1997 Comnenus
3363 1940 3566 2013 itaque

1915 2027 2261 2082 Theodorus
2273 2027 2657 2100 Adrianopoli
2673 2035 2968 2101 occupata
2984 2045 3106 2085 non
3127 2028 3446 2085 minimum
3466 2043 3566 2086 res

1915 2115 2093 2172 Italas
2125 2116 2412 2172 turbavit:
2445 2133 2581 2185 qua:
2613 2117 2730 2190 44
2753 2118 2911 2173 enim
2929 2117 3010 2173 illi
3039 2117 3567 2186 tenebant,omnia

1916 2204 2159 2260 adortus
2191 2210 2247 2261 et
2267 2205 2614 2276 Byzantium
2633 2206 2830 2278 ipsam
2854 2221 3046 2279 usque
3067 2205 3565 2279 profectus,quid-

1915 2293 2062 2366 quid
2088 2299 2255 2351 extra
2276 2294 2484 2351 urbem
2514 2300 2776 2367 erat,pro
2796 2294 3042 2352 arbitrio
3063 2295 3250 2366 duxit,
3275 2299 3333 2351 et
3361 2295 3570 2368 opima

1916 2381 2122 2453 praeda
2144 2388 2356 2439 auctus
2371 2383 2451 2438 ad
2467 2383 2622 2439 fores
2645 2383 3098 2456 Byziae,ingente
3121 2383 3338 2440 Latinis
3358 2384 3570 2440 timore

1915 2471 2155 2541 injecto,
2217 2474 2502 2544 pervenit.
2563 2476 2725 2529 Tunc
2780 2473 3060 2546 temporis
3117 2477 3175 2528 et
3223 2472 3569 2540 Aseldecae,

1914 2559 2052 2615 tilia:
2081 2561 2459 2633 imperatoris
2480 2561 2768 2617 Theodori
2793 2561 3064 2617 Lascaris
3090 2562 3364 2631 maritus,
3398 2561 3477 2618 ab
3496 2561 3571 2617 iis

1913 2649 2019 2720 qui
2049 2665 2187 2705 cum
2221 2654 2526 2707 Comneno
2551 2650 2863 2706 Theodoro
2894 2655 3064 2706 erant
3095 2650 3270 2706 hasta
3287 2650 3571 2721 jugulum

1915 2737 2136 2808 feritur,
2167 2739 2506 2813 vulnusque
2529 2739 2744 2798 lethale
2782 2739 3112 2797 indicatum
3143 2756 3180 2796 a
3211 2741 3400 2813 perito
3430 2745 3570 2798 tan-

1914 2829 2054 2885 dem
2077 2830 2313 2886 medico
2341 2835 2605 2887 sanatur.
2632 2831 2856 2887 Exhinc
2874 2835 3084 2902 postea
3107 2835 3232 2886 erat
3256 2846 3372 2886 vox
3398 2846 3568 2903 aspe-

1913 2921 2052 2988 rior,
2085 2936 2192 2976 nec
2223 2920 2359 2976 colli
2387 2921 2694 2987 vertebrae,
2721 2925 2783 2976 ut
2804 2924 2999 2984 antea,
3031 2919 3194 2976 ﬂexu
3230 2918 3455 2976 faciles.

191 3010 288 3056 καὶ
330 3004 493 3066 αὐτῆς
523 3012 617 3067 τῆς
639 3005 834 3067 Βιζύης
861 3009 1127 3077 γενόμενος
1156 3010 1215 3058 τό
1247 3006 1342 3068 ἔξω
1377 3011 1607 3078 κατέσχε
1635 3015 1726 3059 τοῦ
1756 3010 1969 3078 ἄστεως,
2003 3013 2092 3059 καὶ
2134 3008 2271 3060 λείαν
2301 3008 2492 3066 πολλὴν
2527 3006 2712 3060 ἐκεῖθεν
2752 3007 3035 3065 ἄποιήσατο
3061 3009 3135 3076 ιδ,
3161 3010 3251 3058 καὶ
3278 3009 3443 3079 μέχρι
3476 3009 3566 3060 καὶ

192 3100 300 3143 τῶν
349 3093 521 3144 πυλῶν
572 3102 663 3154 τῆς
718 3100 1105 3147 Κωνσταντίνου
1139 3097 1246 3164 (53)
1301 3101 1614 3162 κατήντησε,
1651 3101 1740 3148 καὶ
1768 3101 1950 3149 πτοίαν
1981 3097 2171 3154 πολλὴν
2201 3105 2312 3158 τοῖς
2351 3101 2595 3158 Λατίνοις
2643 3095 2838 3148 ἐνέϐαλε
2873 3097 2936 3146 ⁸⁷.
2969 3100 3095 3148 Τότε
3131 3091 3197 3152 δὴ
3239 3099 3328 3146 καὶ
3357 3096 3383 3146 6
3418 3094 3568 3148 Ἀσελ

193 3185 374 3250 Δεκαε,
414 3181 472 3244 ὃς
499 3191 560 3255 τῇ
597 3185 820 3256 Θυγατρὶ
847 3192 936 3236 τοῦ
981 3183 1241 3256 βασιλέως
1271 3182 1548 3256 Θεοδώρου
1579 3194 1668 3236 τοῦ
1699 3190 2002 3260 Λασκάριος
2033 3189 2290 3258 συνεζύγη
2319 3187 2383 3252 ¹⁸,
2415 3187 2515 3238 ὑπὸ
2555 3205 2693 3246 τινος
2722 3193 2819 3237 τῶν
2850 3192 2941 3237 τοῦ
2983 3190 3250 3256 Κομνηνοῦ
3290 3179 3568 3258 Θεοδώρου

194 3267 385 3344 δόρατι
411 3271 610 3344 ἐπλήγη
661 3276 748 3324 τόν
775 3273 1063 3346 τράχηλον.
1099 3279 1197 3325 Καὶ
1233 3275 1293 3346 ᾖν
1321 3277 1386 3334 ως
1416 3271 1559 3336 ἔὸοξε
1597 3277 1662 3325 1'01
1692 3283 1784 3335 τῆς
1825 3273 1988 3347 βολῆς
2027 3273 2197 3346 ἐκείνῳ
2232 3277 2516 3347 θανάσιμα,
2575 3273 2680 3326 ἀλλ’
2721 3275 2821 3325 ὑπὸ
2849 3293 2937 3325 του
2982 3282 3082 3325 τῶν
3139 3273 3326 3346 ἰατρῶν
3355 3274 3571 3348 τεθερά-

191 3378 399 3412 πευται.
429 3360 525 3412 Ἠν
549 3357 607 3413 δὲ
633 3365 690 3413 1'0
719 3359 820 3413 ἀπὸ
851 3359 1006 3415 τοῦδε
1036 3367 1340 3436 τραχυτέρα
1379 3363 1538 3414 αὐτοῦ
1566 3365 1595 3420 ἡ
1627 3369 1762 3433 φωνὴ
1792 3369 1881 3416 καὶ
1913 3365 2005 3416 οὐκ
2035 3364 2262 3437 εὐχερῶς
2300 3367 2349 3416 οἱ
2374 3371 2466 3414 τοῦ
2495 3362 2766 3438 τραχήλου
2798 3367 3129 3434 στρεφόμενοι
3159 3358 3466 3415 σπονὸυλοι.

267 3447 352 3503 κε’.
417 3450 598 3511 Οὕτως
677 3447 763 3502 οὖν
833 3450 1134 3515 ἐπαυξῆσας
1209 3459 1312 3512 τοῖς
1385 3454 1691 3524 πράγμασιν
1766 3457 1791 3504 0
1833 3453 1872 3508 C

195 3543 462 3610 Κομνηνὸς
527 3535 801 3611 Θεόδωρος
871 3538 1052 3598 ἐπειδὴ
1131 3543 1330 3615 όμορών
1397 3539 1616 3612 ἐγεγόνει
1688 3549 1798 3602 τοῖς

197 3626 510 3701 Βουλγάροις
538 3630 606 3694 ‘9,
660 3628 731 3689 εἰς
776 3625 1006 3689 σπονδάς
1035 3648 1088 3681 τε
1134 3629 1353 3687 συνῆλθε
1382 3639 1454 3699 τῷ
1511 3639 1611 3681 τῶν
1645 3630 1798 3681 Βουλ-

191 3718 367 3788 γοὲρων
405 3715 615 3789 βασιλεί
650 3716 854 3790 Ἰωάννη
890 3727 962 3788 τῷ
993 3719 1179 3787 Ἀσόιν⁹
1223 3719 1276 3770 ὃν
1320 3721 1523 3791 φθάσας
1573 3721 1598 3771 6
1651 3719 1798 3788 λόγος

195 3808 367 3877 εἴρηκε
396 3808 530 3878 μετὰ
569 3809 655 3859 τὸν
697 3807 909 3881 Βορίλαν
974 3806 1292 3880 βασιλεῦσαι
1347 3816 1442 3870 τῆς
1492 3817 1588 3859 τών
1647 3808 1796 3860 Βουλ-

193 3898 388 3967 γάρων,
456 3901 545 3948 καὶ
623 3901 920 3967 συγγένειαν
987 3900 1118 3969 μετὰ
1189 3899 1376 3949 τούτου
1451 3903 1697 3956 πεποίηκε
1746 3898 1794 3932 ²⁰

195 3983 608 4056 προσλαϐόμενος
663 3984 747 4037 ἐπὶ
802 3993 872 4055 τῷ
926 3982 1129 4059 ἀδελφῴ
1176 3989 1360 4038 τούτου
1419 3986 1664 4044 Μανουὴλ
1701 3992 1793 4045 την

203 4075 461 4147 θυγατέρα
519 4073 679 4126 αὐτοῦ
736 4079 965 4148 Μαρίαν,
1024 4079 1140 4136 ἣτις
1195 4075 1252 4127 ἐκ
1307 4074 1575 4137 παλλακῆς
1622 4075 1791 4147 ἐκείνῳ

198 4167 491 4234 γενέννηται
532 4165 597 4216 ²¹.
637 4162 695 4214 Ὀ
752 4165 842 4234 μὲν
891 4159 978 4215 οὖν
1037 4162 1285 4235 Ἀγγελος
1345 4165 1458 4234 (54)
1521 4162 1792 4238 Θεόδωρος

194 4255 287 4314 τὰς
313 4254 439 4324 μετὰ
494 4259 586 4304 τοῦ
623 4251 781 4303 Ἀσὰν
815 4253 1050 4304 Ἰωάννου
1111 4249 1338 4314 σπονδὰς
1385 4250 1662 4321 διαλύσας,
1703 4256 1790 4306 οἶα

196 4340 378 4402 ἐκεῖνος
433 4339 559 4412 ἀνὴρ
618 4342 931 4414 θρασύτερος
976 4347 1066 4393 καὶ
1120 4342 1458 4415 ἀτακτότερον
1517 4350 1789 4418 φερόμενος

198 4429 252 4483 οὗ
282 4434 430 4503 μόνον
471 4428 518 4482 ἐν
560 4428 868 4503 βασιλείοις,
919 4430 1046 4483 ἀλλὰ
1075 4438 1164 4484 καὶ
1200 4431 1247 4484 ἐν
1273 4440 1434 4485 πσάιν
1470 4433 1640 4494 ἁπλῶς
1682 4441 1786 4494 τοῖς

196 4517 488 4588 πολιτικοῖς,
551 4523 640 4571 καὶ
690 4520 833 4591 θαμὰ
893 4519 1224 4594 παραϐαίνων
1275 4525 1393 4582 τοὺς
1454 4523 1634 4595 ὅρκους
1695 4529 1785 4574 καὶ

195 4604 576 4682 παρασπονδῶν
639 4615 745 4668 τοῖς
819 4607 866 4659 ἐν
939 4615 1199 4680 γειτόνων,
1279 4614 1412 4662 κατὰ
1480 4611 1782 4686 Βουλγάρων

197 4704 374 4770 χωρεῖ,
415 4696 598 4755 πολλὴν
637 4699 984 4769 συναθροίσας
1013 4703 1106 4756 τὴν
1160 4701 1408 4772 στρατιὰν
1447 4702 1501 4752 ἔκ
1556 4719 1609 4753 τε
1655 4699 1781 4754 Ῥω-

1980 3457 2074 3509 25.
2121 3455 2214 3510 Sic
2255 3469 2397 3523 ergo
2435 3453 2615 3509 rebus
2652 3468 2942 3524 prospere
3001 3453 3181 3521 gestis
3218 3451 3565 3509 Theodorus

1907 3545 2272 3608 Gomnenus,
2302 3559 2440 3598 cum
2481 3558 2590 3597 suo
2635 3541 2886 3612 imperio
2943 3541 3096 3596 ﬁnes
3149 3541 3331 3598 iidem
3361 3545 3562 3599 essent

1909 3646 1979 3686 ac
2022 3631 2320 3703 Bulgaris,
2344 3631 2540 3686 foedus
2570 3646 2707 3686 cum
2741 3629 3137 3700 Bulgarorum
3164 3647 3301 3702 rege
3330 3633 3565 3688 Joanne

1908 3725 2126 3784 Asano,
2157 3721 2362 3792 qui,ut
2387 3721 2527 3786 dixi,
2548 3725 2683 3792 post
2714 3719 2970 3776 Borilam
3005 3719 3270 3790 Bulgaris
3289 3725 3566 3793 praeerat,

1905 3809 2052 3877 init;
2080 3809 2362 3882 illiusque
2390 3809 2515 3866 ﬁlia
2543 3809 2722 3866 Maria
2743 3825 2814 3864 ex
2844 3808 3052 3880 pellice
3082 3815 3366 3881 suscepta
3388 3809 3569 3867 fratri

1907 3915 2019 3954 suo
2045 3899 2298 3954 Manueli
2317 3899 2686 3972 desponsata
2716 3897 3004 3954 afﬁnitate
3023 3898 3427 3969 conjungitur.
3444 3898 3561 3955 Sed

1903 3989 2064 4045 enim
2083 3989 2346 4060 Angelus
2367 3988 2710 4044 Theodorus
2727 4003 2866 4043 cum
2887 3991 3088 4042 Asano
3103 3990 3330 4043 Joanne
3351 3987 3555 4044 condi-

1903 4077 2166 4134 tionibus
2203 4094 2274 4134 ac
2301 4077 2682 4150 pactionibus
2704 4075 3082 4148 perturbatis,
3102 4091 3241 4130 cum
3262 4075 3553 4133 audacior

1900 4171 2075 4236 esset,
2111 4171 2292 4239 atque
2314 4166 2710 4222 inordinatius
2738 4180 2860 4220 non
2883 4163 3080 4220 solum
3121 4163 3182 4220 in
3209 4163 3394 4234 regia,
3440 4165 3550 4223 sed

1898 4255 1959 4310 in
1989 4255 2119 4312 aliis
2141 4257 2394 4326 negotiis
2415 4255 2690 4312 civilibus
2714 4270 2845 4310 sese
2871 4253 3248 4320 immisceret,
3265 4270 3549 4328 saepeque

1892 4344 2320 4416 jusjurandum
2354 4345 2470 4418 45
2502 4344 2828 4415 negligeret
2850 4343 3155 4416 ﬁdemque
3181 4342 3446 4407 violaret.
3484 4345 3549 4402 in

1895 4435 2109 4490 afﬁnes
2132 4436 2415 4505 Bulgaros
2436 4434 2653 4507 pedem
2675 4439 2961 4504 movet,et
2976 4449 3048 4490 ex
3070 4433 3350 4490 Romanis
3367 4435 3566 4508 atque'

1895 4524 2056 4578 Italis
2073 4523 2376 4592 ingentem
2395 4523 2647 4579 militem
2671 4525 3076 4592 exaggerat,et
3093 4521 3547 4596 Adrianopolim

1893 4619 2348 4684 praetergressus
2366 4613 2427 4668 in
2451 4612 2817 4685 superiorem
2841 4616 3076 4684 partem
3103 4610 3277 4668 Hebri
3303 4612 3546 4683 agmine

1891 4701 2072 4759 ducto
2115 4719 2253 4758 cum
2306 4703 2579 4773 Bulgaris
2622 4703 2931 4774 poscebat,
2973 4701 3079 4757 sed
3134 4702 3382 4760 exitium
3429 4703 3544 4761 sibi

265 4875 302 4909 ¹¹
339 4877 428 4951 καὶ
458 4906 526 4914 -
550 4893 630 4926 τοι
670 4889 798 4951 _0r_n.
830 4877 892 4929 D.
974 4876 1018 4910 ¹²
1053 4871 1348 4948 Ἀδριανοῦ,
1376 4881 1472 4951 ’καὶ
1503 4877 1660 4950 εὑρὼν
1691 4879 1748 4928 τὸ
1781 4880 2080 4951 στράτευμα
2108 4887 2198 4931 τοῦ
2229 4879 2486 4951 βασιλέως
2517 4879 2774 4944 Ἰωάννου,
2815 4882 2904 4931 καὶ
2946 4875 3232 4951 ἀπατηλοῖς
3259 4877 3434 4950 λόγοίς
3469 4881 3540 4937 D.

199 4946 240 4981 ¹³
264 4942 531 5018 Θεόδωρος
559 4976 628 4986 -
660 4943 849 5018 ἀνδρός
872 4951 961 4999 καὶ
986 4962 1107 5001 om.
1151 4942 1214 5002 Ι).

194 5017 400 5088 μύτζης.
439 5017 497 5088 D.

198 5085 236 5123 Π
258 5093 338 5139 καὶ
368 5119 435 5127 —
477 5085 673 5140 ἐνέϐαλε
699 5104 826 5144 om.
869 5089 932 5143 Ι).

195 5175 308 5216 om.
349 5161 413 5214 Ι).
491 5160 538 5195 ³ο
568 5160 620 5211 ὃν
646 5191 714 5201 —
747 5165 994 5218 πεποίηκε
1023 5177 1144 5216 om.
1179 5165 1242 5216 D.

606 5018 649 5095 ‘_5
681 5019 706 5068 6
751 5007 838 5070 οὖν
895 5021 1157 5090 Κομνηνὸς
1185 5024 1404 5090 γεγονὼς
1434 5025 1522 5070 καὶ
1551 5029 1640 5080 τῆς
1671 5007 1957 5092 Ἀδριανοῦ
2015 5007 2290 5095 ἕγκρατὴξ
2321 5026 2390 5080 D.

1015 5091 1058 5124 ¹⁸
1089 5094 1241 5142 Δεκαε
1271 5099 1365 5150 τῆς
1398 5092 1648 5164 θυθατρὸς
1677 5091 2117 5167 τοῦΛασκάρενος
2135 5091 2412 5169 Θεοδώρου
2452 5095 2680 5164 σύζυγος
2704 5095 2769 5149 D.

1321 5164 1362 5197 ²¹
1404 5164 1514 5222 ἣτις
1543 5195 1608 5204 -—
1633 5169 1935 5234 γεγέννηται
1965 5164 2085 5221 σω.
2127 5169 2189 5221 ι).

1295 4950 1339 4983 ¹⁸
1368 4946 1570 5000 ἐπέθετο
1602 4951 1788 5025 τοῦτ-ω.
1820 4946 1906 5000 .510
1936 4946 2158 5022 ἐτίμηθη
2205 4946 2348 5025 παρὰ
2372 4959 2463 5003 τοῦ
2493 4949 2752 5023 βασιλέως
2794 4954 2952 5022 μέγας
2983 4946 3349 5025 έταιρειάρχης
3378 4952 3404 5002 6
3435 4957 3539 5005 K01-

2504 5023 2548 5058 ¹⁶
2578 5026 2666 5073 καὶ
2719 5019 2951 5074 λείαν-
2982 5019 3263 5078 ἐποιήσατο
3309 5036 3431 5078 om.
3466 5023 3536 5079 D.

2851 5094 2894 5128 ¹⁹
2923 5089 3102 5150 ἐπειδὴ
3127 5123 3196 5132 -—
3227 5092 3542 5169 Βουλγάροις

1156 5285 1476 5347 Theodori
1510 5289 1743 5350 Dousa:
1775 5293 1838 5351 et
1866 5289 2098 5351 Leonis
2127 5290 2345 5352 Allatii
2373 5293 2563 5352 nota).

261 5417 363 5489 (52)
401 5420 577 5492 Μέγας
635 5417 1022 5492 ἑταιρειὰρχηςῄ.
1062 5418 1139 5473 De
1177 5418 1291 5474 hac
1320 5419 1606 5486 dignitate
1646 5420 1776 5477 vide

199 5488 546 5615 glossarium
598 5488 827 5546 Meursii
861 5488 938 5544 in
992 5490 1218 5564 ἑταιρεία
1269 5496 1357 5543 καὶ
1389 5492 1776 5564 ἐταιρειάρχης,

245 5575 390 5615 OUSA.

245 5575 390 5616 OUSA.

260 5631 364 5704 (53)
396 5635 572 5706 Μέχρι
610 5637 698 5687 καὶ
726 5639 828 5686 τῶν
857 5631 1030 5687 πυλῶν
1056 5642 1156 5708 τῆφ
1185 5639 1249 5689 Κ.
1283 5635 1593 5707 Gregoras,
1622 5650 1683 5708 p.
1715 5641 1780 5691 27

1970 5427 2000 5460 θ

1970 5427 2000 5460 ς)

2091 5426 2278 5568 Ῑῑιιεν
2319 5490 2405 5548 οὖν
2435 5492 2703 5566 Ἄγγελος.
2737 5494 2977 5550 Brevius
3003 5495 3312 5566 Gregoras,
3339 5510 3401 5569 ρ.
3427 5498 3528 5557 28.

1948 5582 2031 5618 LL.

1948 5582 2031 5620 LL.
