4084 6212
573 279 708 337 1047

1875 274 2154 333 GEORGII
2193 274 2647 333 ACROPOLITAE

3778 268 3893 340 ίδῑδ

572 417 872 478 quaerens,
939 399 1065 458 acie
1117 397 1462 469 conﬂigere.
1506 397 1830 456 Videbatur
1888 400 2049 456 enim
2103 400 2217 456 sibi

2347 404 2496 453 ιαίων
2558 406 3038 476 συγκεκροτημένην
3097 407 3186 457 καὶ
3233 401 3454 457 Ἰταλῶν
3485 402 3556 457 ³³.
3596 408 3891 478 Παραμείίθας

575 492 869 564 Bulgaros
900 490 1113 547 timore
1153 488 1411 561 percitos
1464 503 1858 561 nequaquam
1911 490 2002 546 vel
2032 490 2228 547 solum

579 583 673 640 sui
695 579 987 638 exercitus
1009 579 1300 650 impetum
1324 577 1630 633 sustinere.
1647 583 1716 633 At
1731 594 1853 634 non
1874 579 1957 634 sic
1975 581 2230 651 Bulgari,

579 669 688 727 sed
715 674 949 725 Asanus
973 666 1237 722 Joannes
1262 664 1516 737 perﬁdia
1550 681 1621 722 ac
1651 666 1872 722 fcedere
1902 669 1980 723 ab
2004 668 2229 738 Angelo

578 757 891 817 Theodoro
902 756 1091 813 fracto
1103 755 1303 828 potius
1320 770 1504 827 quam
1518 756 1776 828 propriis
1786 756 2013 813 viribus
2027 756 2228 829 fretus,

578 861 768 922 parva
798 845 911 901 sibi
940 843 1217 901 auxiliari
1246 859 1435 899 manu
1463 860 1495 900 e
1528 845 1758 917 Scythis
1798 846 2115 914 conducta,
2156 860 2231 901 ne

578 951 834 998 numero
855 935 1103 1009 quidem
1150 933 1428 1002 millenis,
1462 935 1863 991 conﬁdentius
1893 937 1954 992 in
1997 936 2233 992 conﬂic-

579 1031 710 1085 tum
735 1025 1045 1096 agebatur,
1080 1024 1254 1094 signo
1284 1024 1465 1080 etiam
1491 1023 1753 1093 militari,
1778 1029 1899 1082 uta
1922 1026 2230 1081 nonnullis

580 1115 887 1174 memoriae
944 1114 1253 1189 proditum
1314 1116 1420 1184 est,
1481 1113 1878 1185 jurejurando
1943 1115 2233 1172 Theodori

581 1206 803 1279 scripto
833 1219 1131 1278 appenso.
1171 1206 1237 1260 Et
1266 1202 1415 1260 forte
1442 1203 1598 1259 circa
1634 1203 1835 1260 locum
1868 1205 2061 1261 Hebro
2090 1221 2234 1278 pro—

582 1297 840 1366 ximum,
899 1310 1082 1368 quem
1140 1293 1581 1351 Clocotinitzam
1638 1296 1965 1367 appellant,
2020 1295 2235 1352 milites

586 1385 855 1443 adversis
883 1383 1069 1455 signis
1094 1383 1345 1450 irruunt,
1375 1386 1430 1439 et
1461 1386 1525 1439 ut
1551 1383 1736 1440 verbo
1776 1385 2014 1454 singula
2044 1385 2235 1457 expri-

588 1491 778 1544 mam,
810 1472 1146 1529 debellatur
1170 1488 1207 1528 a
1237 1471 1504 1543 Bulgaris
1533 1477 1588 1528 et
1615 1474 1849 1546 Scythis
1870 1475 2235 1543 Theodorus,

590 1569 649 1622 et
671 1564 751 1621 ab
775 1562 1049 1619 hostibus
1080 1577 1201 1617 una
1232 1577 1371 1617 cum
1399 1578 1470 1618 eo
1496 1578 1619 1618 non
1636 1564 1815 1634 pauci
1841 1563 1995 1619 illius
2026 1564 2238 1620 afﬁnes

588 1658 649 1710 et
707 1652 996 1723 dignitate
1048 1650 1360 1722 conspicui
1426 1655 1482 1706 et
1533 1651 1787 1707 illustres
1836 1653 1969 1723 viri,
2028 1669 2237 1709 eorum

2338 486 2425 543 οὖν
2478 495 2570 550 τὴν
2611 489 2890 566 Ἀδριανοῦ
2944 494 3029 547 ἐπὶ
3082 496 3147 546 τὰ
3197 494 3307 547 ἅνω
3347 499 3443 544 τοῦ
3478 490 3659 566 Ἕϐρου
3696 499 3778 551 τὴν
3817 514 3891 549 πο.

2336 584 2477 654 ρείαν
2553 579 2790 649 ἐποιεῖτο,
2861 583 3032 644 ζητῶν
3107 586 3237 656 μετὰ
3316 581 3623 655 Βουλγάρων
3684 582 3891 658 συῤῥῆξαι

2338 669 2576 742 πόλεμον,
2624 670 2823 731 Ἐζήτει
2882 668 2940 725 δὲ
2970 674 3075 744 ἄρα
3102 674 3186 725 τὸν
3240 671 3414 724 αὐτοῦ
3468 670 3666 744 ὄλεθρον
3692 669 3889 725 “HI-10‘6-

2339 778 2417 811 κει
2456 763 2545 811 καὶ
2574 762 2675 833 γὰρ
2707 763 2773 821 ὡς
2804 758 2921 814 οὐδ’
2964 761 3087 821 ὅλως
3138 763 3186 814 οἱ
3237 759 3541 834 Βούλγαροι
3571 760 3891 823 ὑποπτήξαντα

2341 852 2433 907 τὴν
2500 849 2666 923 ὁρμὴν
2722 855 2812 902 καὶ
2864 856 3024 923 μόνην
3075 860 3165 912 τῆς
3194 852 3239 886 ²⁴
3311 854 3568 924 στρατιᾶς
3614 849 3759 901 αὐτοῦ
3802 852 3891 902 ὁποι

2343 943 2536 993 σταῖεν.
2596 938 2717 1011 Οὐχ
2765 940 2899 991 οὕτω
2954 936 3014 993 δε
3068 944 3158 994 καὶ
3218 942 3270 993 οἰ
3336 938 3717 1011 Βούλγαροιπ,
3763 936 3890 991 ἂλΥό

2344 1027 2503 1080 Ἀσὰν
2549 1026 2783 1089 Ἰωάννης
2831 1037 2944 1091 ταῖς
3001 1028 3288 1104 ἐπιορκίαίς
3339 1032 3436 1081 καὶ
3484 1034 3600 1089 ταῖς
3652 1046 3893 1099 παρασπον-

2343 1116 2538 1178 δήσεσι
2588 1128 2682 1174 τοῦ
2732 1121 2977 1194 Ἀγγελου
3027 1120 3300 1198 Θεοδώρου
3370 1120 3569 1194 μᾶλλον
3627 1120 3892 1196 τεθαρρηκὼς

2343 1210 2372 1267 ἡ
2432 1216 2543 1271 ταῖς
2580 1215 2844 1285 σφετέραις
2902 1208 3206 1285 δυνάμεσιν,
3258 1210 3449 1283 ὀϐίγον
3507 1230 3560 1263 τι
3613 1215 3891 1282 συμμαχικὸν

2344 1298 2446 1351 ἀπὸ
2488 1301 2693 1351 Σκυθῶν
2764 1300 2996 1373 εἰληφὼς,
3037 1302 3132 1353 οὐκ
3190 1308 3262 1364 εἰς
3315 1300 3542 1373 χιλίους
3598 1301 3892 1371 μετρούμενον,

2348 1386 2751 1462 θαρραλεώτερον
2808 1389 2876 1449 εἰς
2927 1394 3022 1447 τὴν
3083 1390 3266 1462 μάχην
3338 1388 3570 1462 ἐφέρετο,
3612 1389 3673 1447 ὧς
3708 1393 3893 1458 φασίτι-

2344 1495 2441 1537 νες,
2499 1482 2587 1529 καὶ
2642 1485 2704 1549 τῇ
2769 1483 2973 1551 σημαία
3036 1482 3123 1531 τὸν
3161 1481 3430 1552 ἔγγραφον
3490 1479 3643 1552 ὅρκον
3694 1479 3790 1545 (55)
3834 1484 3894 1527 τοῦ

2347 1561 2622 1638 Θεοδώρου
2686 1564 3049 1640 ἀπαιωρὴσας.
3116 1573 3216 1621 Καὶ
3255 1566 3328 1627 δὴ
3397 1571 3521 1641 περὶ
3558 1586 3654 1618 που
3695 1569 3772 1617 τὸν
3802 1584 3893 1636 παρ-

2347 1653 2513 1728 έϐριον
2569 1659 2722 1707 τόπον
2773 1656 3194 1726 (Κλοκοτινίτζαν
3224 1658 3388 1710 αὐτὸν
3425 1655 3759 1726 ὀνομάζουσι)
3804 1654 3894 1725 ξυμ.

588 1739 950 1815 supellectile
977 1756 1014 1797 a
1042 1739 1310 1809 Bulgaris
1332 1739 1723 1811 depopulata,
1741 1742 2238 1814 capiuntur,Asa-

2350 1743 2599 1796 ϐάλλουσι
2646 1747 2712 1797 τὰ
2745 1749 3128 1819 στρατεύματα,
3171 1752 3260 1799 καὶ
3310 1750 3387 1809 ὡς
3441 1744 3490 1797 ἒν
3545 1751 3711 1819 μικρῷ
3744 1746 3792 1795 τὸ
3824 1749 3892 1794 πᾶν

586 1845 704 1887 nus
734 1844 873 1886 cum
923 1828 1304 1885 multitudine
1337 1833 1513 1900 capta
1557 1829 1884 1886 humanius
1924 1847 1989 1887 se
2028 1846 2239 1901 gerens

583 1920 882 1995 potiorem
911 1919 1227 1992 copiarum
1265 1922 1521 1990 partem,
1565 1924 1621 1975 et
1650 1935 1752 1975 eos
1778 1919 1895 1992 46
1940 1921 2241 1993 praecipue

584 2010 691 2083 qui
719 2008 935 2065 humili
977 2009 1113 2065 loco
1145 2007 1271 2065 nati
1327 2014 1750 2075 convenerant,
1791 2009 2006 2066 liberat
2059 2011 2240 2084 inque

584 2115 792 2157 eorum
825 2098 1052 2172 oppida
1075 2114 1145 2154 ac
1171 2097 1353 2154 urbes
1381 2098 1756 2168 dimittit,seu
1781 2115 1851 2156 ex
1868 2100 2241 2158 humanitate

584 2189 647 2247 id
675 2192 922 2259 gereret,
956 2204 1061 2244 seu
1090 2192 1154 2243 ut
1190 2187 1304 2244 hac
1346 2188 1577 2244 ratione
1634 2188 1780 2245 utila
1826 2189 1939 2246 sibi
1995 2206 2242 2263 compa-

587 2294 731 2337 rans
765 2282 822 2334 et
866 2277 1204 2334 commodis
1235 2278 1357 2332 suis
1415 2282 1558 2350 apta
1604 2278 1992 2351 disponeret:
2033 2296 2242 2337 eorum

590 2382 858 2440 namque
879 2366 1217 2423 dominium
1245 2366 1358 2421 sibi
1373 2366 1720 2423 defectionis
1742 2373 1976 2441 tempus
1993 2370 2244 2425 circum-

594 2460 876 2530 spectans
940 2455 1324 2511 moliebatur.
1371 2456 1621 2527 Votique
1683 2472 1934 2529 compos
1999 2460 2245 2515 effectus

593 2549 739 2603 est:
808 2543 1033 2616 quippe
1089 2559 1244 2615 quos
1312 2543 1440 2615 ipse
1508 2546 2002 2617 persequebatur,
2070 2551 2245 2604 Marte

592 2635 909 2692 incruento
961 2631 1116 2688 colla
1167 2648 1379 2687 omnes
1412 2632 1771 2690 subdebant.
1821 2636 1905 2691 Illi
1961 2638 2138 2693 etiam
2184 2654 2245 2694 se

594 2722 877 2781 submisit
898 2720 1344 2794 Adrianopolis,
1367 2738 1492 2778 non
1511 2723 1700 2779 multo
1729 2730 1864 2796 post
1886 2726 2248 2799 Didymotoe-

592 2813 797 2880 chum,
820 2810 1100 2868 Bolerum
1126 2814 1341 2881 totum,
1368 2811 1653 2885 deinceps
1676 2815 1880 2884 Serrae,
1900 2815 2243 2885 Pelagonia,

588 2901 857 2974 Prilapus
870 2904 928 2957 et
942 2900 1075 2956 loca
1087 2900 1769 2973 contermina.Magnam
1789 2905 1930 2959 item
1944 2902 2136 2960 Blachi
2147 2921 2244 2962 am

589 2990 851 3049 excurrit
898 2988 1316 3062 Elbanumque
1356 2996 1617 3063 occupat
1654 2996 1709 3047 et
1747 3009 1939 3065 usque
1979 2993 2242 3066 Illyrium

2349 1841 2712 1902 παραστῆσαι,
2745 1838 2880 1888 κατὰ
2909 1838 3099 1909 κράτος
3123 1838 3172 1872 ²⁶
3225 1842 3443 1888 νικᾶται
3498 1836 3641 1906 παρὰ
3672 1840 3760 1883 τῶν
3787 1829 3895 1883 Bavi-

2347 1923 2520 1993 γάρων
2545 1928 2635 1975 καὶ
2672 1931 2772 1975 τῶν
2829 1927 3036 1978 Σκυθῶν
3067 1927 3092 1977 ὁ
3119 1927 3163 1960 ³⁸⁷
3197 1922 3507 1999 Θεόδωρος,
3543 1926 3629 1974 καὶ
3661 1918 3893 1990 mmet.

2348 2030 2489 2063 νεται
2543 2015 2633 2084 μὲν
2681 2015 2823 2086 παρὰ
2878 2022 2977 2065 τῶν
3014 2014 3270 2087 πολεμίων
3319 2014 3497 2081 οὗτος,
3548 2011 3641 2064 οὐκ
3691 2009 3827 2080 ὀλίγοι
3855 2004 3894 2059 δὲ

2349 2104 2439 2152 καὶ
2463 2108 2561 2152 τῶν
2604 2110 2899 2174 προσγενῶν
2927 2102 2974 2137 ²⁸
3005 2102 3164 2155 αὐτοῦ
3201 2107 3293 2155 καὶ
3334 2111 3439 2154 τῶν
3489 2100 3539 2153 ἓν
3589 2099 3710 2152 τέλει
3753 2115 3798 2148 τε
3834 2098 3892 2145 καὶ

2348 2185 2605 2260 λόγάδων,
2662 2194 2751 2242 καὶ
2812 2193 2877 2242 τὰ
2934 2189 3133 2243 ἐκείνων
3186 2194 3360 2244 πάντα
3414 2190 3532 2243 λεία
3567 2195 3673 2249 τοῖς
3721 2184 3892 2252 Bouhi-

2350 2297 2461 2351 ροις
2515 2277 2727 2349 ἐγένετο.
2786 2278 3281 2355 Φιλανθρωποτέρως
3357 2276 3422 2332 δὲ
3475 2282 3595 2352 περὶ
3655 2279 3709 2327 τὸ
3755 2273 3892 2325 glutto

2353 2366 2549 2429 πλῆθος
2580 2368 2627 2401 29
2660 2369 2686 2419 ὁ
2727 2368 2892 2420 Ἀσὰν
2935 2365 3185 2429 διατεθεὶς
3214 2372 3338 2430 τοὺς
3394 2366 3608 2427 πλείους
3655 2373 3745 2416 τῶν
3783 2379 3892 2433 crth-

2352 2458 2611 2527 τευμάτων
2641 2498 2654 2523 ,
2748 2461 2838 2509 καὶ
2914 2457 3145 2529 μάλιστα
3214 2461 3335 2519 τοὺς
3410 2453 3781 2531 χυδαιοτέρους
3836 2451 3892 2499 κειὶ

2356 2542 2651 2617 σύγκλυδας
2691 2546 2759 2612 ³ο,
2811 2545 3063 2619 ἐλευθεροῖ
3111 2551 3201 2599 καὶ
3238 2550 3375 2622 πρὸς
3431 2549 3529 2606 τὰς
3591 2544 3765 2597 ἑαυτῶν
3807 2538 3889 2589 ἀπο-
3974 2536 3975 2549 ¹

2354 2639 2542 2705 πέμπει
2572 2639 2751 2697 κώμας
2801 2654 2854 2687 τε
2903 2640 2992 2688 καὶ
3042 2635 3211 2697 πόλεις
3236 2637 3304 2706 ⁸¹,
3360 2638 3512 2708 τάχα
3565 2637 3652 2706 μὲν
3687 2634 3737 2683 τὸ
3771 2626 3893 2701 W15"

2356 2726 2556 2797 θρωπον
2623 2720 3016 2797 ἐνδεικνύμενος,
3078 2728 3224 2797 τάχα
3298 2721 3361 2778 δὲ
3438 2728 3531 2777 καὶ
3591 2724 3647 2774 τό
3694 2720 3889 2791 συμφέρει

2355 2814 2438 2885 [Ρ.
2479 2814 2568 2885 23]
2607 2817 2772 2885 τούτῳ
2829 2820 3316 2889 πραγματευόμενος
3349 2837 3365 2850 ο
3425 2812 3656 2868 ἐϐούλετο
3705 2814 3781 2861 καὶ
3822 2808 3888 2877 γὰρ

2356 2900 2617 2957 δεσπόσαι
2677 2912 2777 2957 τῶν
2815 2909 3081 2973 τοιούτων,
3136 2915 3224 2967 τῆς
3275 2906 3578 2979 Ῥωμαῑκης
3618 2901 3775 2976 ἀρχῆς
3805 2894 3887 2946 ἀπο⁴
3974 2928 3975 2943 ι

2356 2995 2565 3055 σπάσας
2602 2994 2671 3048 ³³.
2732 2994 2810 3046 Οὔ
2873 3000 2962 3047 καὶ
3022 2997 3308 3068 τετύχηκεν
3343 3017 3357 3029 ·
3418 2994 3529 3047 ἐπεὶ
3578 2995 3662 3045 καὶ
3696 2990 3781 3061 γὰρ
3812 2982 3887 3035 κατ’

585 3081 819 3155 rapinis
848 3079 1056 3137 omnia
1082 3084 1298 3137 vastat.
1353 3083 1501 3137 Cum
1538 3097 1682 3137 vero
1721 3098 1857 3155 quae
1889 3083 2001 3139 sibi
2041 3085 2243 3142 animo

2353 3083 2521 3135 αὐτῶν
2575 3087 2791 3135 κατόπιν
2848 3082 3056 3158 ἐχώρει,
3107 3088 3275 3137 πάντα
3326 3084 3584 3157 ἀναιμωτὶ
3637 3081 3780 3146 τούτῳ
3806 3074 3885 3124 ὑπέ·

586 3172 989 3247 proposuerat
1025 3169 1242 3243 majori
1281 3185 1354 3225 ex
1408 3174 1575 3243 parte
1624 3172 1981 3244 complesset
2033 3174 2241 3246 dispo-

589 3260 927 3332 suissetque
966 3273 1077 3331 pro
1116 3257 1383 3325 arbitrio,
1424 3260 1649 3331 patrias
1688 3260 1920 3332 repetiit
1950 3262 2146 3332 sedes,
2188 3267 2246 3319 et

590 3347 848 3407 castellis
905 3346 1209 3404 nonnullis
1266 3347 1329 3403 in
1384 3348 1724 3404 custodiam
1781 3365 1850 3405 ac
1907 3349 2245 3407 dominium

588 3442 1004 3498 Romanorum
1069 3436 1307 3508 relictis,
1369 3437 1669 3512 plerisque
1734 3439 1846 3495 sibi
1904 3441 2243 3508 reservatis,

592 3529 813 3587 milites
843 3527 906 3583 in
941 3525 1057 3582 illis
1088 3542 1159 3582 ac
1199 3526 1384 3581 duces
1415 3533 1882 3600 quaestoresque,
1928 3530 2032 3601 qui
2070 3531 2247 3586 vecti-

596 3617 758 3689 galia
778 3620 835 3672 et
861 3615 1083 3671 tributa
1114 3615 1433 3685 exigerent,
1458 3618 1798 3686 constituit;
1830 3618 2249 3692 indicatusque

596 3709 687 3762 est
709 3703 788 3761 ab
821 3702 1105 3759 omnibus
1134 3706 1277 3758 tunc
1319 3704 1607 3775 temporis
1636 3705 2007 3763 admirabilis
2038 3714 2094 3763 et
2124 3712 2249 3764 tuto

594 3795 973 3865 fortunatus;
1001 3807 1197 3865 neque
1224 3796 1383 3848 enim
1406 3792 1469 3849 in
1502 3794 1865 3852 domesticos
1905 3796 2106 3866 gladio
2139 3814 2248 3853 sae-

597 3885 723 3953 viit,
760 3898 958 3956 neque
988 3884 1399 3938 Romanorum
1426 3898 1487 3938 se
1514 3872 1778 3941 caedibus
1804 3886 2031 3958 polluit,
2066 3890 2130 3943 ut
2149 3886 2251 3959 qui

597 3980 736 4034 ante
766 3990 907 4031 eum
939 3972 1206 4045 Bulgaris
1239 3973 1707 4031 dominabantur
1737 3982 2077 4033 sueverant.
2110 3979 2253 4035 Hinc

594 4081 721 4123 non
750 4082 787 4123 a
817 4064 1087 4136 Bulgaris
1117 4064 1302 4120 modo
1328 4064 1433 4120 sed
1460 4066 1747 4121 Romanis
1776 4065 2031 4140 aliisque
2072 4069 2230 4138 genti

594 4155 712 4213 bus
742 4155 961 4211 charus
989 4170 1060 4211 ac
1090 4154 1329 4209 intimus
1358 4154 1713 4212 habebatur.

2351 3192 2563 3243 πιπτον,
2619 3178 2709 3225 καὶ
2754 3177 2953 3244 γίνεται
2998 3175 3088 3246 μεν
3144 3172 3231 3225 ὑπ’
3286 3173 3446 3226 αὐτὸν
3495 3174 3526 3231 ἠ
3561 3158 3886 3243 Ἀδριανοῡ,έκ

2354 3270 2445 3314 τοῦ
2481 3258 2679 3334 σχεδὸν
2706 3258 2741 3314 δ
2744 3265 2765 3314 ἒ
2790 3266 2879 3314 καὶ
2909 3265 2964 3314 τὸ
2986 3259 3399 3335 Διδυμότοιχον,
3430 3260 3543 3314 εἶτα
3566 3257 3752 3330 Βολερὸν
3774 3250 3883 3308 ἅπτει,

2356 3350 2560 3427 Σέρραι,
2620 3351 2907 3422 Πελαγονία
2943 3356 3033 3403 καί
3090 3351 3356 3426 Πρίλαπος
3397 3354 3485 3404 καὶ
3538 3345 3680 3421 πέριξ
3726 3342 3883 3394 τούτων.

2358 3423 2664 3514 Κατέδραμε
2722 3436 2780 3492 δε
2837 3445 2924 3491 καὶ
2960 3448 3053 3499 τῆς
3109 3423 3338 3513 μεγάλης
3380 3439 3614 3511 Βλαχίας
3649 3434 3767 3504 (56),
3800 3423 3884 3514 ἀλλὰ

2356 3534 2445 3582 καὶ
2498 3537 2589 3581 τοῦ
2630 3528 2873 3582 Ἐλϐάνου
2929 3531 3313 3604 κατακυριεύει,
3363 3534 3456 3582 καὶ
3513 3529 3668 3600 μέχρι
3712 3525 3787 3572 τοῦ
3823 3512 3883 3565 Ἰλ-

2355 3618 2571 3693 λυρικοῦ
2616 3620 2707 3679 τὰς
2754 3618 2892 3680 λείας
2943 3626 3100 3672 ποιεῖ.
3146 3619 3278 3671 Ἐπεὶ
3338 3615 3402 3671 δὲ
3440 3621 3499 3671 τὸ
3529 3614 3652 3667 πολὺ
3688 3614 3764 3661 τοῦ
3794 3602 3881 3675 βου·

2358 3707 2605 3780 λεύματος
2630 3709 3013 3781 κατειργάσατο
3066 3712 3153 3759 καὶ
3199 3710 3263 3768 ὡς
3316 3708 3502 3779 ἠγάπα
3540 3705 3601 3755 τὰ
3639 3697 3741 3752 καθ’
3772 3691 3879 3745 αὐτὸν

2361 3794 2581 3864 διέθετο,
2650 3796 2723 3858 εἰς
2786 3800 2907 3856 τοὺς
2969 3796 3185 3858 οἰκείους
3248 3795 3550 3858 ἐπανέζευξε
3592 3795 3772 3851 τόπους,
3803 3796 3880 3864 τινα

2360 3889 2448 3959 μὲν
2496 3894 2595 3937 τῶν
2662 3889 2915 3961 φρουρίων
2980 3885 3355 3946 καταλελοιπὼς
3410 3887 3510 3938 ὑπὸ
3556 3879 3783 3951 Ῥωμαίων
3825 3863 3879 3917 δε-

2366 3976 2677 4040 σπόςεσθαι,
2744 3977 2809 4027 τὰ
2871 3973 3028 4026 πλείω
3096 3971 3155 4027 δὲ
3217 3974 3301 4046 ὑφ’
3341 3973 3524 4027 ἑαυτὸν
3582 3963 3877 4046 ποιησλμθθέν

2366 4070 2687 4139 στρατιώτας
2718 4062 2766 4115 ἐν
2796 4066 2997 4124 τούτοις
3034 4062 3193 4126 τάξας
3231 4068 3320 4115 καὶ
3348 4060 3668 4139 στρατηγοὺς
3692 4054 3763 4104 καὶ

2364 4130 2826 4228 εἰσπραττομένους
2864 4155 2930 4205 τὰ
2986 4149 3226 4225 δημόσια
3256 4130 3645 4225 φορολογήματα
3668 4143 3726 4194 ³³.
3749 4130 3877 4225 Ἔδοξε

597 4251 724 4317 γοῦν
752 4250 863 4305 τοῖς
909 4248 1043 4296 πᾶσι
1076 4246 1192 4296 τότε
1221 4248 1310 4296 καὶ
1352 4245 1655 4316 θαυμαστὸς
1681 4250 1765 4297 καὶ
1807 4247 2066 4319 μακάριος
2097 4267 2110 4280 -
2152 4246 2209 4299 οὐ
2238 4249 2339 4320 γὰρ
2368 4245 2566 4321 ἐχρᾶτο
2593 4246 2891 4316 μαχαίραις
2933 4240 2981 4293 ἐν
3021 4250 3127 4303 τοῖς
3158 4241 3382 4310 οἰκείοις,
3425 4236 3536 4294 οὐδ’
3560 4236 3789 4309 ἐχραίνετο
3818 4236 3877 4317 9ος

599 4354 711 4397 νοις
737 4332 1066 4405 Ῥωμαϊκοῖς,
1094 4335 1159 4393 ὡς
1188 4336 1238 4386 οἱ
1261 4337 1361 4407 πρό
1402 4334 1557 4388 αὐτοῦ
1591 4344 1691 4387 τῶν
1725 4336 2025 4410 Βουλγάρων
2052 4338 2119 4393 ³⁸.
2153 4337 2331 4391 Ἔνθεν
2382 4355 2464 4388 τοι
2491 4338 2581 4387 καὶ
2610 4332 2667 4384 οὐ
2708 4337 2861 4404 μόνον
2899 4333 3044 4407 παρὰ
3088 4330 3411 4406 Βουλγάρων,
3457 4328 3581 4382 ἀλλὰ
3612 4328 3690 4376 καὶ

592 4407 871 4498 Ῥωμαίων
899 4420 1115 4495 ἐφιλεῖτο
1137 4426 1250 4489 (57)
1277 4442 1367 4474 και
1389 4422 1571 4497 ἐτέρων
1602 4422 1753 4476 ἐθνῶν
1774 4424 1842 4479 δε,

3676 4326 3690 4373 ἱ
3712 4319 3750 4352 85
3780 4306 3875 4378 παρὰ

682 4545 956 4628 ²²,π⁰λλάν
982 4544 1283 4628 -ξῙταξτξλν
1313 4561 1433 4628 ραι.
1469 4548 1535 4603 D-
1612 4548 1661 4628 ξ⁸
1701 4547 1869 4608 ἐζήτει
1897 4579 1967 4588 -
1992 4547 2195 4622 ὄλεθρον
2224 4562 2345 4605 om.
2387 4549 2452 4603 D.
2530 4547 2579 4582 ³⁸
2603 4549 2693 4597 καί
2718 4540 2887 4597 ἐδόκει
2912 4547 2980 4606 ὡς
3005 4546 3053 4597 οἱ
3090 4544 3372 4628 Βουλγαροι
3426 4513 3872 4628 ὑετοπτρξαντεᾷξξί

607 4623 701 4681 τὴν
732 4619 1021 4693 ὁρμὴν-τῆς
1054 4617 1121 4673 D.
1199 4618 1247 4653 ³⁵
1273 4617 1474 4693 οὐχςτ
1513 4617 1797 4693 Βουλγαροι
1844 4635 1964 4675 om.
2000 4622 2061 4675 D.

2142 4621 2187 4655 ²⁶
2403 4620 2592 4693 κράτος
2635 4632 2757 4673 om.

607 4693 657 4731 ³⁸
696 4688 962 4745 κάισυλλ.
994 4719 1065 4730 --
1096 4688 1417 4763 προσγενᾶη]
1445 4690 1500 4752 ὃς
1532 4688 1941 4763 συλλαμϐάνεται
1967 4696 2056 4743 καὶ
2076 4690 2180 4763 οὐκ
2210 4690 2375 4763 ὀλίγοι
2399 4688 2499 4763 τῶν
2535 4697 2796 4763 συγγενῶν
2826 4690 2889 4742 Ι).

2954 4592 2997 4652 ίγ
3010 4592 3183 4689 ea}:
3195 4592 3371 4689 1'21
3401 4592 3683 4689 mea
3810 4592 3866 4689 2;

2968 4668 3613 4762 vna—sagacis
3641 4680 3692 4762 ρ·
3755 4668 3869 4762 Ἢ

650 4764 843 4820 άλιστα
866 4794 935 4805 -—
960 4748 1417 4836 συγκλυδας-οωί
1434 4748 1497 4817 D.
1567 4762 1611 4797 ³¹
1644 4748 1733 4815 καὶ
1757 4766 1883 4836 πρὸς
1907 4794 1975 4803 -—
2003 4762 2175 4825 πόλεις
2204 4779 2240 4819 0

2349 4765 2411 4817 D.
2434 4833 2444 4836 Α
2484 4762 2530 4796 ³³
2679 4791 2750 4799 —
2776 4748 3241 4836 ἀπρσπάσαςόῑζὶ.
3272 4761 3336 4815 D.
3398 4761 3448 4836 ξε
3476 4761 3561 4810 καὶ
3580 4748 3870 4836 τοὺςςῗοΡθ

650 4786 843 4820 αΑιστα
866 4794 935 4805 ’⁸-
960 4786 1263 4834 συγκΛυοας
1280 4786 1401 4817 υω.
1434 4786 1497 4817 υ·
1567 4786 1611 4797 ⁷³
1644 4786 1733 4815 και
1757 4786 1883 4836 προς
1907 4794 1975 4803 ‘—
2003 4786 2175 4825 ποΛεις
2204 4786 2240 4819 υ

604 4786 885 4914 λιογήματα
902 4851 1024 4894 om.
1052 4834 1120 4894 D.
1195 4834 1244 4869 ³⁸
1267 4833 1569 4907 Ῥωμαϊκοῖς
1588 4866 1657 4875 —
1681 4835 1983 4909 Βουλγάρων
2015 4851 2135 4892 om.
2172 4837 2237 4892 D.

2349 4786 2411 4817 υ.
2484 4786 2530 4796 ν·
2561 4786 2655 4822 της
2679 4791 2750 4799 —
2776 4786 3089 4820 απυσπασας
3119 4786 3241 4813 υω.
3272 4786 3336 4815 υ.
3398 4786 3447 4795 *ν
3477 4786 3561 4810 χαι
3587 4786 3682 4807 συντ

2347 4835 2359 4870 ⁵
2391 4833 2449 4886 οὗ
2477 4863 2547 4873 -
2572 4837 2661 4884 καὶ
2686 4846 2809 4887 om.
2841 4832 2907 4885 D.
2985 4831 3033 4866 ³⁸³
3062 4835 3152 4883 καὶ
3182 4830 3362 4905 ἐτέρων
3391 4830 3541 4884 ἐθνῶν
3567 4837 3676 4882 om.
3700 4816 3750 4870 θ’

1581 4933 1901 4995 Theodori
1933 4935 2167 4996 Dousa;
2199 4936 2262 4993 et
2286 4931 2519 4994 Leonis
2544 4929 2759 4992 Allatii
2786 4935 2975 4990 notaa.

684 5044 795 5171 $5)
828 5050 903 5118 Τῇ
948 5044 1154 5118 σημαία
1202 5042 1290 5096 τὸν
1342 5042 1594 5116 ἔγγραφον
1634 5042 1802 5115 ὅρκον.
1853 5040 2144 5113 Pleraque
2181 5040 2256 5095 Si-
2287 5045 2332 5099 D

610 5116 695 5173 mi
721 5116 777 5172 'a
803 5121 1085 5173 exempla
1114 5114 1280 5173 apud
1304 5113 1455 5170 alios
1487 5113 1805 5169 historicos
1834 5112 2269 5173 invenies,qui-

740 5132 777 5172 a
803 5113 1085 5186 exempla
1114 5113 1280 5187 apud
1304 5113 1455 5187 alios
1487 5113 1805 5187 historicos
1834 5113 2269 5187 invenies,qui-

610 5186 729 5244 bus
759 5184 1140 5257 cognoscitur
1155 5184 1288 5241 rem
1314 5186 1470 5242 male
1492 5185 1744 5257 cessisse
1762 5184 2043 5257 perjuris:
2071 5198 2267 5257 neque

616 5259 777 5315 enim
796 5254 980 5313 ﬁdem
1007 5256 1503 5328 frangithomini,
1528 5256 1632 5325 qui
1648 5254 2044 5328 jurejurando
2072 5254 2268 5328 foedus

617 5333 697 5401 et,
726 5333 907 5401 pacta
954 5326 1980 5401 constabilitaamelitur‘tsedDeo,
2016 5327 2120 5397 qui
2158 5327 2269 5380 has

619 5396 872 5483 injurias
930 5397 1210 5483 pulchre
1236 5396 1560 5483 ulciscitur.
1596 5398 1711 5479 .Cf.
1762 5396 2125 5483 Nipepliorus
2164 5412 2268 5483 pa-

621 5468 902 5537 triarcha,
934 5468 994 5525 in
1024 5468 1340 5540 Breviario
1391 5470 1692 5535 historico,
1724 5486 1784 5540 p.
1818 5468 1972 5525 2470
2026 5468 2120 5540 ed,
2165 5468 2272 5524 Lu-

624 5559 781 5619 par.,
813 5543 887 5599 de
916 5540 1250 5599 Justiniano
1276 5538 1397 5595 tilio
1424 5537 1813 5597 Constantini.
1846 5546 1983 5596 ALL.
2096 5537 2107 5548 ’

2443 5036 2556 5109 (ενδ)
2606 5042 2711 5097 Τῆς
2737 5036 2965 5107 μεγάλης
2996 5034 3225 5109 Βλαχίοςς
3255 5033 3359 5109 (ιι)-
3391 5014 3866 5109 Τὴθεβωίφέκέῗξῖῗ

2372 5114 2686 5195 ειλοιξεειρδς
2706 5122 2851 5195 ,ειμεε
2883 5121 3110 5195 massae
3142 5099 3735 5195 ﬁtechieﬁicelzﬁf‘ft’f;
3756 5084 3866 5195 Ξέξὲῖ

2374 5162 2555 5235 asin
2585 5162 2889 5250 Barlduino,
2913 5162 3130 5250 p.U8H.
3166 5177 3309 5232 Hinc
3338 5176 3495 5250 illius
3516 5162 3735 5250 regioqls
3757 5162 3827 5250 ᾖξε

2374 5252 2479 5307 clue
2493 5218 2971 5321 ⁸Μεγοιλοϐλοιχέτξιι
3004 5253 3293 5304 vocantur
3311 5264 3348 5304 θ,
3369 5218 3733 5317 Ριιοὴγῶθεὶο,
3752 5218 3860 5278 libJ.

2497 5362 2507 5374 .
2537 5328 2625 5375 30.
2650 5327 2783 5375 ALL.
3791 5360 3798 5369 -

2375 5339 2444 5378 ca
2497 5328 2783 5377 .30.ALL.
3791 5360 3798 5369 .

2394 5464 2409 5481 .
2446 5340 2565 5481 επὶ
2586 5394 2756 5481 θυείξά
2792 5368 3865 5481 ’ξ’ξυίέεὲφγηέῖξλὶῖῑιςλιὲἐξλεέἒυξῗιῖιὲἰῗοῗ

2376 5440 2524 5521 de};
2545 5440 2762 5519 suae;
2804 5440 3201 5535 eversionis
3228 5440 3630 5533 spumeas
3655 5440 3805 5518 ροείθΓ

2374 5552 2488 5592 res.
2530 5541 2667 5591 ALL.

682 5651 758 5717 (α)
783 5648 857 5705 Cf.
889 5647 1107 5702 Bandur.
1136 5646 1469 5700 animadvers.
1498 5647 1550 5698 in
1575 5646 1883 5699 Constantini
1907 5647 2211 5713 Porphyrog.
2238 5648 2312 5698 De
2351 5645 2521 5697 Them.
2557 5644 2594 5696 l.
2622 5659 2653 5704 I,
2684 5658 2733 5707 p.
2765 5642 2823 5694 10
2850 5642 2901 5693 in
2929 5650 3059 5692 torno
3087 5648 3253 5693 nostro
3286 5639 3436 5694 CXll.
