4084 6212
225 73 232 84 ε
244 55 270 66 ‘
402 55 424 108 ΖΙ
435 65 464 88 ‘7

155 103 168 112 θ
283 105 290 112 .
359 107 378 112 _

329 121 396 142 θ’,

413 237 450 264 ,κ

1745 288 2088 349 ANNALES.
3289 309 3300 316 ·
3449 305 3591 365 1050

301 429 387 471 κς.
438 407 580 462 Ἐπεὶ
628 415 777 481 γοῦν,
833 412 904 474 ὡς
948 411 976 464 6
1018 410 1169 484 λόγος
1219 411 1517 488 ἱστόρησεν,
1564 413 1591 466 ὁ
1633 412 1825 487 Ἀγγε-
1855 415 1903 472 Α

2005 414 2116 489 47
2144 417 2596 478 26.Theodorus
2627 421 2980 496 Angelus,ut
2999 423 3271 493 dixi,una
3301 441 3439 485 cum
3461 429 3591 486 aliis

201 496 311 559 λος
385 493 654 574 Θεόδωρος
708 498 932 575 λάφυρον
1002 499 1226 574 ἐγεγόνει
1292 503 1424 574 μετὰ
1482 507 1572 555 καὶ
1637 503 1814 557 λοιπῶι

1978 503 2224 561 ﬂinibus
2249 509 2306 562 et
2337 507 2477 563 viris
2507 493 2835 566 illustribus
2865 493 2944 567 ab
2970 515 3170 569 Asano
3209 514 3471 587 spolium
3504 516 3591 574 fa-

203 593 602 664 προσηκόντων
653 597 727 661 τῷ
777 609 911 662 γενει
957 589 1204 666 ἐκκρίτων
1262 588 1464 666 ἀνδρῶν
1514 600 1587 664 τῷ
1645 592 1816 662 Ἀσόιν1

1977 597 2070 649 tus
2097 593 2158 650 in
2183 595 2520 653 custodiam
2541 599 2852 670 conjicitur
2867 616 2881 667 ;
2896 601 2993 657 cui
3009 606 3247 658 Asanus
3271 604 3498 676 prolixe
3519 621 3590 664 ac

207 675 529 752 ἐφρουρεῖτο
555 681 645 751 μεν
682 679 807 754 παρ’
851 679 1032 745 αὐτοῦ,
1061 679 1434 756 έφιλοφρονεῐτο
1464 679 1524 736 δε
1552 687 1620 735 τα
1643 682 1820 740 πολλά.

1974 682 2198 754 enigne
2227 688 2283 740 et
2326 684 2406 740 ad
2451 687 2696 743 multum
2747 693 2984 762 tempus
3014 675 3287 748 favebat.
3309 694 3424 751 Sed
3449 710 3587 751 cum

211 771 333 820 Καὶ
361 774 516 820 τοῦτο
547 764 610 826 ἦν
639 765 724 820 έπὶ
765 767 891 821 πολύ
912 790 926 802 ·
957 768 1067 823 ἐπεὶ
1100 766 1160 824 δε
1202 770 1274 832 εἰς
1301 773 1369 824 τὰ
1405 773 1540 825 οἶκοι
1562 791 1824 848 νεωτερισ-

1975 770 2104 828 .omi
2123 774 2291 828 novis
2337 773 2519 830 rebus
2547 776 2778 833 inhiare
2816 778 3330 850 deprehendisset,
3362 781 3588 840 lumine

207 863 350 929 μοῖς
365 858 610 930 χρᾶσθαι
626 857 671 892 ³⁷
687 863 988 933 πεφώραται
1008 858 1140 930 (58),
1159 858 1401 933 έκτυφλοί
1426 860 1581 914 αὐτὸν
1603 862 1628 914 ὁ
1648 861 1701 914 Ἀ
1711 864 1820 918 σὰν.

1979 859 2150 915 rivat.
2183 858 2385 916 Frater
2413 861 2570 918 illius
2613 865 2843 921 Manuel
2872 866 3152 940 Angelus,
3203 869 3468 943 despotaa
3504 870 3592 926 di~

206 944 281 999 ’0
336 945 428 1020 μέν
485 942 572 999 οὖν
625 943 845 1020 ἁδελφὸς
898 948 1057 1002 αὐτοῦ
1095 949 1343 1009 Μανουηλ
1387 951 1414 1002 6
1451 949 1724 1023 Ἄγγελος,
1773 951 1819 1014 ὃς

1972 948 2159 1008 rnitate
2202 964 2236 1006 a
2275 949 2453 1007 fratre
2505 951 2953 1022 cohonestatus,
2997 955 3205 1028 fugam
3244 942 3585 1027 meditatus,

211 1031 256 1088 δ
260 1043 530 1106 εσποτικῷ
591 1034 847 1108 ἀξιώματι
905 1039 1048 1113 παρὰ
1103 1045 1195 1092 τοῦ
1251 1035 1476 1112 ἀδελφοῦ
1535 1038 1824 1113 ἐτετίμητο,

1974 1053 2074 1092 um
2107 1040 2414 1095 Romanus
2432 1040 2602 1097 miles
2628 1047 2794 1113 terga
2809 1049 3081 1113 verteret,
3103 1047 3586 1105 Thessalonicam

209 1131 367 1196 φυγῇ
423 1125 758 1199 χρησάμενος
835 1126 993 1184 ἡνίκα
1055 1129 1114 1179 τὸ
1172 1127 1458 1200 Ῥωμαῖκὸν
1529 1126 1822 1203 έπετρέπετο

1974 1141 2209 1183 eversus
2224 1127 2477 1201 despota
2501 1131 2853 1202 vocabatur,
2880 1134 3035 1190 illius
3056 1139 3113 1192 et
3131 1134 3399 1193 locorum
3425 1137 3587 1208 adja-

210 1214 530 1286 στράτευμα
593 1214 662 1281 ³³,
729 1213 817 1267 έπὶ
890 1218 985 1273 τήν
1052 1215 1442 1275 Θεσσαλονικην
1518 1215 1674 1290 ἀπῄει
1737 1225 1823 1274 καὶ

1972 1215 2197 1272 entium
2228 1215 2527 1286 dominus,
2568 1221 3040 1296 scriptionesque
3093 1240 3234 1281 suas
3270 1225 3585 1298 purpureis

212 1297 497 1366 δεσπότης
545 1303 860 1377 ὠνομάζετο,
917 1308 1111 1368 ταύτης
1168 1325 1222 1360 τε
1278 1311 1528 1382 κυριεύων
1584 1313 1669 1361 καὶ
1726 1317 1825 1363 τῶν

1971 1304 2381 1363 haracteribus
2437 1309 2854 1380 consignabat.
2908 1316 2972 1367 ln
3001 1328 3174 1384 quem
3224 1297 3287 1369 et
3331 1314 3583 1371 Joannis

211 1395 346 1466 περὶ
376 1391 560 1462 αὐτὴν,
597 1391 833 1468 ἓρυθροῖς
883 1391 942 1448 δε
982 1397 1263 1470 γράμμασι
1305 1394 1398 1459 τὰς
1441 1396 1601 1450 αὐτοῦ
1629 1399 1824 1474 γραφὰς

1972 1395 2312 1465 mperatoris
2340 1395 2577 1466 legatus
2603 1413 2726 1454 non
2749 1399 3052 1457 inurbana
3075 1401 3384 1458 dicacitate
3395 1403 3585 1474 jacta-

211 1477 478 1556 ἕπεκύρου
507 1482 576 1537 ³⁹.
614 1485 746 1556 Πρός
776 1485 830 1536 ὃν
877 1487 966 1537 καὶ
997 1481 1276 1555 ἀπὶσκωψέ
1319 1504 1396 1546 τις
1437 1494 1536 1538 τῶν
1564 1487 1824 1562 πρέσϐεων

1976 1481 2039 1550 il,
2068 1481 2130 1537 in
2160 1498 2298 1540 eum
2329 1484 2550 1541 scilicet
2590 1487 2788 1557 magis
2837 1490 3028 1560 aptari
3075 1505 3255 1562 posse
3304 1492 3472 1563 quod
3510 1492 3585 1547 de

209 1572 373 1642 παρά
422 1578 514 1623 τοῦ
568 1569 828 1644 βασιλέως
869 1570 1101 1626 Ἰωάννου
1155 1571 1485 1644 ἀποσταλεὶς,
1534 1576 1604 1638 ὡς
1641 1576 1730 1639 Εἰς
1769 1580 1822 1631 qi

1972 1569 2166 1627 :hristo
2195 1571 2257 1627 in
2310 1572 2557 1630 Psalmis
2601 1574 2834 1645 legitur,
2869 1595 2900 1629 ‹
2938 1582 2996 1633 te
3024 1592 3228 1647 regem
3283 1584 3342 1635 et
3369 1579 3585 1652 despo-

209 1657 417 1732 μᾶλλον
469 1659 690 1733 ἁρμόσει
736 1662 794 1714 τό
850 1661 923 1725 εἰς
985 1669 1215 1736 Χριστον
1258 1660 1715 1738 ψαλτῳδούμενον,
1769 1669 1822 1721 ai

1975 1675 2081 1716 Lm.
2115 1679 2144 1710 »
2169 1663 2238 1717 Et
2281 1676 2352 1716 ex
2383 1676 2454 1717 eo
2481 1667 2745 1735 tempore
2775 1664 3036 1734 Angelus
3077 1665 3308 1723 Manuel
3333 1666 3588 1740 reliquo-

210 1751 309 1802 τὸν
361 1746 584 1822 βασιλέα
625 1754 713 1802 καὶ
744 1746 1026 1810 δεσπότην.
1063 1755 1160 1806 Καὶ
1216 1753 1279 1811 ἦν
1310 1755 1401 1825 μεν
1451 1757 1510 1806 τὸ
1541 1753 1642 1808 ἀπὸ
1669 1752 1823 1810 τοῦδε

1972 1763 2071 1804 um
2117 1747 2180 1805 in
2218 1748 2568 1806 occidentali
2601 1751 2782 1824 plaga
2811 1753 3175 1826 oppidorum
3225 1770 3296 1810 ac
3343 1755 3585 1811 urbium

212 1838 244 1890 6
308 1836 560 1910 Ἀγγελος
610 1839 857 1898 Μανουὴλ
911 1848 1011 1892 τῶν
1062 1840 1519 1914 εναπολειφθεισῶν
1571 1848 1702 1918 πρὸς
1759 1847 1825 1898 τὰ

1973 1837 2217 1893 ominus
2245 1836 2604 1910 habebatur,
2635 1857 2672 1897 a
2709 1841 2974 1913 Bulgaris
2998 1843 3164 1901 nulla
3199 1843 3478 1901 molestia
3502 1844 3586 1902 la-

212 1923 422 1980 δυτικὰ
470 1932 600 2002 μέρη
639 1936 828 2001 χωρῶν
872 1933 962 1981 καὶ
1004 1929 1197 1983 πόλεων
1240 1929 1520 2004 ἐγκρατὴς,
1578 1938 1650 2006 μὴ
1683 1937 1825 2010 παρὰ

1974 1927 2210 1995 essitus,
2245 1926 2394 1986 dum
2429 1929 2560 2000 ejus
2587 1931 3039 1988 matrimonium
3068 1948 3209 1989 cum
3239 1934 3419 1990 Asani
3463 1932 3587 1990 ﬁlia

212 2024 324 2069 τῶν
369 2016 671 2090 Βουλγάρων
709 2020 768 2070 τὸ
801 2017 1010 2072 σύνολον
1063 2017 1451 2092 ένοχλούμενος,
1497 2020 1606 2076 ἐπεὶ
1649 2031 1712 2097 τῇ
1770 2023 1826 2076 έκ
1933 2015 2176 2087 vigeret.

212 2102 547 2168 παλλακίδος
567 2113 662 2159 τοῦ
691 2105 850 2163 Ἀσὰν
883 2109 1278 2169 συνεκοιτάζετο
1309 2110 1550 2184 θυγατρί.

293 2193 394 2256 κζ’.
430 2193 587 2251 Ἀλλά
633 2193 718 2249 ἐπὶ
753 2199 876 2259 τοὺς
930 2195 979 2249 έν
1025 2204 1088 2270 τῇ
1141 2203 1523 2252 Κῶνσταντίνου
1571 2204 1826 2263 Λατίνους

2005 2199 2094 2250 27.
2129 2196 2342 2250 Verum
2371 2195 2434 2251 in
2468 2197 2820 2269 Byzantinos
2849 2197 3025 2254 Italos
3048 2213 3257 2255 rursus
3296 2199 3584 2256 orationis

215 2281 410 2336 έλθέτω
461 2288 551 2336 καὶ
595 2281 742 2346 αὖθις
791 2287 817 2338 ὁ
862 2293 957 2347 τῆς
1016 2289 1254 2361 ἱστορίας
1300 2290 1488 2361 εἱρμός.
1547 2292 1615 2342 Οἱ
1664 2289 1712 2342 έν
1767 2297 1822 2362 τῇ

1974 2283 2146 2340 eriem
2174 2289 2616 2341 convertamus.
2651 2285 2965 2358 Cpolitani,
2998 2303 3156 2359 cum,
3194 2293 3254 2345 ut
3283 2292 3420 2344 ante
3447 2303 3587 2344 nar-

218 2373 766 2428 Κωνσταντινουπόλει
851 2371 1032 2434 ἐπειδὴ
1064 2419 1079 2445 ,
1152 2379 1223 2438 ὡς
1313 2384 1724 2453 προειρήκαμεν,
1799 2381 1825 2431 6

1976 2373 2224 2438 avimus,
2245 2372 2555 2441 Robertus,
2579 2390 2762 2447 quem
2781 2374 2960 2432 veluti
2975 2377 3399 2448 imperatorem
3417 2393 3589 2433 vene—

219 2463 558 2538 Ῥομπέρτος,
618 2462 672 2516 ὃν
723 2466 792 2524 ὡς
853 2461 1079 2537 βασιλέα
1130 2466 1156 2518 6
1212 2465 1364 2538 λόγος
1417 2469 1558 2539 ἔχειν
1614 2471 1826 2531 τούτους

1976 2461 2242 2532 abantur,
2275 2461 2559 2534 Euripum
2588 2462 2895 2536 profectus
2942 2465 3299 2538 exspirasset
3318 2470 3377 2522 et
3410 2465 3589 2523 frater

222 2551 480 2624 ἱστόρησε
531 2553 600 2622 ⁸ο,
652 2556 739 2606 τὸν
803 2554 1029 2628 Εὔριπον
1084 2554 1389 2608 καταλαϐὼν
1451 2556 1823 2629 τετελεύτηκεν,

1975 2551 2063 2622 ius
2086 2551 2412 2607 Balduinus
2431 2567 2580 2624 puer
2596 2550 2715 2625 48
2737 2551 2936 2610 adhuc
2958 2570 3028 2610 ac
3049 2554 3330 2627 impubes
3351 2570 3588 2611 reman-

222 2639 560 2713 ἐναπελείφθη
593 2639 650 2696 δε
678 2644 704 2695 6
749 2639 968 2717 ἀδελφὸς
1165 2644 1324 2698 αὐτοῦ
1382 2642 1695 2709 Βαλδουῖνος
1749 2650 1827 2700 ἔτι

1975 2639 2127 2704 isset,
2156 2639 2234 2697 ad
2248 2640 2544 2698 Joannem
2562 2642 3108 2715 Hierosolymorum
3126 2659 3328 2714 regem
3349 2643 3588 2700 militari

221 2727 421 2802 ἀφῆλιξ
469 2731 556 2801 ὧν,
611 2731 882 2786 στέλλουσι
935 2732 1214 2806 πρεσϐείαν
1266 2737 1398 2811 πρὸς
1451 2736 1690 2795 Ἱωὰννὴν
1737 2739 1825 2789 τὸν

1976 2729 2275 2800 rudentia,
2291 2734 2354 2785 ut
2374 2733 2515 2786 tunc
2536 2729 2702 2787 fama
2722 2731 2972 2800 ferebat,
2996 2731 3387 2804 singularem,
3401 2749 3589 2791 manu

217 2818 599 2893 ὀνομαζόμενον
656 2822 1024 2896 Ἰεροσολύμων
1075 2823 1216 2899 ῥῆγα
1272 2825 1338 2896 ⁴¹,
1385 2829 1560 2898 φήμην
1599 2844 1654 2878 τε
1704 2825 1824 2879 πολ·

1976 2818 2204 2876 alidum
2253 2818 2634 2894 multumque
2685 2820 2839 2877 inter
2891 2837 3032 2878 suos
3078 2823 3278 2894 specie
3322 2823 3589 2896 corporis

213 2907 309 2968 λὴν
365 2909 637 2982 αύχουντα
677 2911 796 2986 περί
839 2913 929 2972 τὰς
962 2931 1343 2986 στρατιωτικας
1378 2911 1639 2987 μεθόδους
1670 2913 1826 2990 βρια-

1974 2909 2318 2976 minentem,
2349 2907 2581 2979 legatos
2612 2909 2931 2975 destinant,
2951 2915 3016 2966 ut
3039 2910 3119 2967 ad
3149 2911 3280 2967 illos
3303 2911 3587 2967 concede-

215 3001 308 3073 ρόν
336 2998 418 3070 (Ρ.
470 3000 562 3069 24)
612 3018 665 3052 τε
693 3007 853 3074 χεῖρα
903 3005 992 3054 καὶ
1039 3009 1112 3073 τῷ
1150 3003 1355 3074 μεγέθει
1408 3005 1532 3065 τοὺς
1578 3003 1693 3056 κατ’
1737 3003 1827 3056 αύ-

1975 3002 2025 3054 et
2047 3004 2102 3054 et
2127 2997 2323 3070 Cpolis
2343 2997 2664 3072 imperator
2693 2999 3144 3067 acclamaretur,
3175 3015 3269 3055 res
3300 2999 3362 3054 in
3391 3014 3466 3055 ea
3503 3000 3588 3054 uti

215 3090 308 3141 τὸν
360 3087 758 3162 ύπερϐἀλλοντα,
808 3091 877 3150 ὡς
927 3091 989 3141 ἄν
1045 3108 1104 3162 γε
1159 3087 1394 3163 ἀφίκοιτο
1451 3093 1584 3166 πρὸς
1639 3091 1828 3164 αύτούς

1975 3089 2260 3158 nperator
2311 3085 2624 3153 obtineret,
2657 3103 2766 3144 nec
2813 3103 2936 3144 non
2975 3086 3181 3158 filiam,
3233 3102 3415 3158 quam
3459 3087 3588 3159 ipse

217 3181 310 3230 καὶ
340 3175 584 3250 βασιλεύς
614 3179 1197 3240 Κωνσταντινουπόλεως
1223 3181 1511 3252 φημισθείη
1553 3184 1644 3232 καὶ
1679 3180 1829 3256 ἄρξοι

1974 3182 2300 3250 nsceperat,
2332 3177 2644 3245 Balduino,
2678 3178 2850 3235 sicuti
2873 3178 2986 3250 ipsi
3016 3177 3458 3244 existimabant,
3480 3177 3587 3234 im-

219 3269 293 3330 ὡς
328 3269 662 3344 αὐτοκράτωρ
704 3276 802 3320 τῶν
841 3269 908 3331 εἰς
955 3269 1116 3327 αὐτὴν
1165 3271 1233 3338 ⁵³,
1291 3267 1702 3342 ἔπιγαμϐρεύσοι
1770 3266 1830 3324 δε

1974 3266 2084 3324 μετίὶ
2100 3266 2342 3332 heredi,
2365 3266 2471 3339 qui
2486 3272 2691 3324 tamen
2707 3271 2842 3339 post
2859 3283 2998 3323 eum
3019 3271 3190 3323 aetate
3201 3267 3331 3339 jam
3349 3272 3587 3324 matura

218 3355 388 3429 ἑαυτῷ
428 3361 512 3410 καὶ
539 3359 628 3410 τὸν
655 3360 708 3410 ὅν
739 3354 880 3430 εἶχεν
912 3358 985 3421 εἰς
1009 3362 1104 3416 τὴν
1147 3357 1516 3431 κληρονομίαν,
1549 3359 1620 3420 ὡς
1649 3358 1824 3430 ᾠοντο,

1971 3373 2007 3412 c
2035 3355 2267 3426 integra
2293 3357 2635 3428 imperaret,
2669 3356 2730 3413 in
2767 3355 3220 3412 matrimonium
3246 3355 3584 3412 collocaret.

219 3443 532 3500 Βαλδουῐνον
564 3448 803 3522 (ὑπῆρχε
831 3449 930 3520 γὰρ
965 3456 1039 3519 τῷ
1061 3447 1192 3523 ῥήγὶ
1222 3453 1312 3501 καὶ
1346 3450 1666 3524 θυγατριον),
1699 3451 1828 3522 μετὰ

1973 3446 2102 3502 Etas
2132 3444 2290 3518 regis
2317 3445 2570 3501 nimium
2599 3448 2966 3517 processerat
2993 3444 3153 3501 circa
3190 3460 3387 3501 annos
3422 3451 3586 3502 octo-

221 3532 284 3589 δε
327 3540 420 3595 τὴν
465 3543 559 3589 τοῦ
618 3535 778 3611 ῥηγός
834 3535 1124 3590 ἁποϐίωσιν
1175 3535 1489 3610 βασιλεύσοι
1547 3540 1743 3591 τούτων
1801 3538 1826 3590 6

1972 3535 2100 3591 'inta
2115 3533 2206 3590 vel
2226 3533 2374 3590 ultra
2385 3533 2532 3601 nati,
2545 3533 3067 3606 quemadmodum
3078 3538 3135 3590 et
3149 3534 3276 3607 ipse
3286 3550 3426 3590 eum
3442 3533 3585 3604 vidi,

220 3621 554 3694 Βαλδουῖνος,
582 3625 744 3689 αὔξην
803 3622 1256 3700 προσδεδεγμένος
1305 3635 1398 3688 τῆς
1433 3626 1662 3696 ἡλικίας,
1718 3625 1822 3680 έπεὶ

1971 3623 2329 3680 tadmiratus
2346 3639 2482 3680 sum
2497 3623 2604 3679 viri
2621 3623 3028 3696 undequaque
3045 3628 3314 3681 exactam
3330 3623 3553 3680 molem
3570 3639 3582 3679 :

221 3719 312 3768 καὶ
339 3717 365 3768 6
388 3715 489 3790 ῥὴξ
535 3714 722 3790 ἔξωρος
750 3716 880 3787 ἄγαν
909 3715 992 3782 ἧν,
1023 3720 1142 3789 περί
1165 3735 1266 3768 που
1293 3718 1359 3769 τὰ
1387 3713 1714 3789 ὀγδοήκοντα
1737 3717 1823 3775 ἓτη

1980 3728 2216 3768 umanae
2231 3713 2392 3768 enim
2414 3711 2845 3782 magnitudinis
2857 3711 3109 3768 modum
3125 3712 3497 3783 longitudine
3517 3728 3587 3770 ac

222 3805 255 3863 ἢ
283 3809 370 3857 καὶ
397 3803 554 3856 πλείω
583 3807 774 3856 τούτων
807 3801 1101 3866 διαϐιὼσας
1127 3805 1195 3862 ⁸⁸.
1215 3805 1302 3868 Ὠς
1333 3810 1422 3858 καὶ
1453 3805 1611 3868 αὐτὸς
1634 3813 1826 3858 τούτων

1974 3801 2244 3858 ιιὶῑιιάίηθ
2269 3801 2404 3874 plus
2435 3802 2621 3858 nimio
2674 3807 3031 3860 excesserat.
3072 3804 3192 3858 Rex
3221 3801 3430 3873 legatis
3459 3803 3587 3858 ani-

227 3889 383 3963 ιῖδον,
419 3893 829 3967 ύπερεξεπλάγην
859 3897 918 3946 τὸ
955 3901 1048 3947 τοῦ
1078 3891 1264 3968 ἀνδρὸς
1295 3893 1342 3947 έν
1367 3896 1511 3968 πάσῃ
1545 3891 1828 3948 διαπλάσει

1971 3907 2102 3947 num
2134 3890 2406 3960 advertit,
2436 3891 2664 3964 iterque
2690 3906 2798 3963 per
2824 3907 2992 3948 mare
3021 3892 3333 3962 ingressus
3358 3890 3584 3962 Cpolim

227 3986 345 4044 τοὺς
397 3981 582 4044 ἄλλους
630 3982 1030 4056 ὑπερϐάλλοντος
1065 3982 1194 4036 πολύ
1241 3984 1374 4036 κατά
1424 4002 1485 4055 γε
1528 3991 1696 4057 μῆκος
1738 3975 1828 4034 καἱ

1975 3981 2130 4036 enit:
2159 3995 2354 4052 neque
2384 3979 2544 4036 enim
2586 3979 2926 4046 multitudo,
2957 3996 3079 4052 qua
3110 3979 3226 4035 sibi
3253 3983 3448 4035 tutum
3477 3978 3587 4034 iter

229 4071 443 4135 πλάτος.
480 4073 722 4126 Ξυνέθετο
749 4072 874 4146 γοῦν
902 4073 928 4125 6
964 4072 1066 4148 ρἠ
1095 4072 1213 4145 (60)
1255 4080 1318 4146 τῇ
1352 4071 1620 4147 πρεσϐείᾳ,
1661 4077 1750 4125 καὶ
1781 4072 1828 4107 ⁸⁸

1970 4072 2203 4126 errestre
2231 4070 2468 4140 faceret,
2484 4069 2858 4143 suppetebat.
2878 4072 3024 4126 Cum
3048 4067 3258 4142 Cpolim
3281 4073 3583 4142 penetras-

229 4161 602 4234 καταλαμϐάνει
672 4165 767 4221 τὴν
830 4166 1243 4230 Κωνσταντίνου,
1309 4167 1403 4222 τὴν
1466 4165 1674 4235 πορείαν
1737 4156 1830 4214 δια

1969 4164 2040 4229 et,
2072 4175 2269 4232 neque
2308 4159 2508 4232 egredi
2541 4173 2736 4233 neque
2779 4159 3009 4232 primus
3045 4173 3318 4232 pugnam
3359 4162 3582 4215 tentare

296 4339 338 4375 ⁸⁷
371 4339 511 4422 ’ἐπεὶ
549 4369 618 4422 .—
645 4337 935 4422 χρᾶσθαι.]
963 4339 1324 4422 Ἐφρουρείτζ
1337 4333 1424 4392 οὖν
1451 4333 2224 4422 όίᾌγγελοξιθεόδωροςῆπαρὰ
2265 4345 2356 4422 τού
2395 4299 2955 4422 Ἀσὰννιφιλογὲὁγως..
2988 4341 3090 4391 Καὶ
3119 4335 3240 4422 ἐπεὶ.
3262 4340 3577 4422 νεωτερίζοιεν

234 4413 297 4484 D.
389 4411 437 4446 ⁸⁸
471 4405 742 4464 Ἠνίκοῖὲ
789 4405 1090 4484 στράτευμα
1119 4405 1240 4484 θ’ῑῃ.
1454 4411 1502 4446 ⁸9
1546 4405 1920 4484 ὀνομαζόμενος
1962 4405 2198 4484 ἐρυθροῗς
2234 4412 2516 4484 γράμμασι
2557 4405 2622 4465 Πί
2672 4480 2683 4484 _
2729 4405 2777 4484 ul
2813 4409 2969 4462 Ἀλλὰ
3014 4440 3082 4452 -
3133 4405 3424 4484 ἱστόρηεΐεῙ
3455 4410 3481 4461 ὁ
3524 4405 3585 4462 δὲ

234 4483 529 4568 ξΡομπέρτος
556 4484 582 4568 6
611 4491 707 4544 τῆς
747 4480 1138 4568 Κωνῖτανέξνου
1175 4480 1422 4568 βασιλεύς
1475 4484 1572 4568 D.'h
1630 4480 1673 4517 “
1710 4480 1847 4556 ῥῆγα

1966 4480 2009 4532 ὢν
2033 4480 2431 4568 νἸεροξτολιύμοέιν
2468 4484 2532 4547 D,
2564 4480 2806 4568 omissis
2846 4487 3022 4568 φήμην
3069 4480 3579 4568 --ιὺπίιρϐοέλὶοντα⁸

235 4556 278 4598 ις
307 4549 394 4606 καὶ
413 4549 489 4594 ’-
513 4553 674 4612 αὐτὴν
705 4569 830 4611 om.
865 4555 928 4610 D.
1007 4554 1051 4589 ⁸⁸
1079 4549 1504 4627 ἐπιγαμϐρεύσας
1526 4549 1586 4606 δὲ
1603 4549 1973 4624 τοῦὲονάὑτῷ,
2007 4549 2244 4627 εἶχε’γάρ
2279 4549 2552 4626 θυγάτρια,
2583 4559 2672 4627 καὶ
2696 4555 2782 4606 ἵνα
2807 4549 2939 4625 μετᾶ
2957 4557 3048 4612 τὴν
3079 4549 3582 4627 τοὺζούάποϐίωσιν

235 4573 278 4598 ’³
307 4574 394 4606 και
419 4584 489 4594 —
513 4573 674 4612 αυτην
705 4573 830 4611 οω,
865 4573 928 4610 υ.
1007 4573 1051 4589 ’⁰
1079 4573 1504 4626 επιγαμορευσας
1526 4573 1586 4606 σε
1603 4573 1782 4606 τουτον
1810 4573 1973 4624 αυτῳ,
2007 4573 2120 4678 εεᾷε
2143 4573 2244 4627 γαρ
2279 4573 2552 4626 υυγατρια,
2583 4573 2672 4606 και
2700 4573 2782 4606 ινα
2807 4573 2939 4625 μετα
2957 4573 3048 4612 την
3079 4573 3266 4606 τουτου
3294 4573 3582 4606 αποοιωσιν

235 4624 519 4700 βασιλεύσῃ
550 4625 702 4700 πάλιν
731 4625 904 4687 αύτὸς.
950 4623 1046 4678 Ἦν
1073 4627 1172 4700 γὰρ
1200 4623 1226 4678 6
1270 4623 1372 4700 ῥὴξ
1401 4629 1549 4686 οὗτος
1591 4629 1708 4694 περί
1750 4643 1850 4678 που
1902 4626 1969 4678 τὰ
1994 4623 2053 4696 ὀγ
2096 4629 2318 4682 οήκοντα
2344 4629 2434 4677 καὶ
2462 4628 2592 4699 πρὸς
2641 4626 2728 4683 ἔτη
2760 4630 2850 4678 καὶ
2878 4627 3151 4699 ύπερόριος
3182 4625 3248 4680 D.
3327 4625 3374 4660 “
3414 4627 3484 4686 ὡς
3513 4653 3582 4667 —

232 4696 476 4771 πρεσϐείᾳ
498 4696 592 4749 καὶ
619 4713 745 4754 om.
779 4700 845 4754 D.

1207 4821 1520 4883 Theodori
1542 4822 1767 4884 Dousa:
1797 4825 1861 4884 et
1889 4820 2114 4883 Leonis
2143 4821 2358 4883 Allatii
2391 4827 2578 4882 notae.

300 4973 408 5045 (58)
437 4977 821 5048 Νεωτερισμοίς
849 4973 1092 5046 χρᾶσθαι
1131 4975 1451 5048 πεφώραται.
1483 4969 1825 5048 Acropolita
1855 4971 1899 5026 D

2008 4969 2121 5048 (ξς)
2167 4971 2231 5022 ’0
2296 4967 2538 5048 (26:1?65:
2577 4968 2992 5048 “Balduinum
3048 4967 3583 5048 fratremﬁoberti

235 5039 349 5102 non
383 5039 769 5116 statim'po'st
820 5039 1093 5116 pugnam
1132 5039 1504 5116 excaecatum
1553 5039 1736 5116 fuisse
1787 5057 1825 5097 a
1935 5039 2452 5116 facitAcropolita',
2480 5039 3070 5116 Mattheusl’arisius
3097 5039 3158 5116 in
3180 5041 3414 5116 Hister.
3457 5041 3581 5096 An-

239 5116 482 5188 Bulgaro
512 5111 937 5188 Theodorum;
958 5115 1066 5171 sed
1112 5113 1278 5170 domi
1293 5117 1625 5188 postquam
1654 5111 1823 5168 illum
1933 5113 2099 5188 ῃιίιι.Ξ
2130 5111 2343 5188 ἣιὶιιίω.
2375 5113 2439 5168 In
2469 5128 2540 5188 e_o
2563 5112 2932 5188 concordant
2951 5126 3092 5167 eum
3111 5111 3296 5188 fuisse
3325 5127 3581 5188 puerum

237 5183 556 5259 excepisset
607 5185 1062 5259 humanissime,
1103 5201 1243 5259 eum
1291 5183 1635 5259 Theodorus
1688 5188 1826 5256 post
1934 5183 2043 5259 nec
2073 5183 2317 5240 ferendo
2343 5183 2509 5240 oneri
2533 5198 2762 5256 parem.
2796 5183 2888 5240 Sic
2917 5197 3161 5255 quoque
3181 5183 3443 5240 historici
3475 5186 3581 5239 La-

238 5254 408 5315 etiam
425 5262 672 5331 accepta
687 5256 980 5331 beneﬁcia
998 5273 1092 5313 res
1107 5254 1823 5331 innovaredeprehensus
1932 5254 2080 5331 tini.’
2095 5259 2236 5331 ALL.

239 5335 411 5387 esset.
452 5323 764 5400 Gregoras,
793 5328 834 5386 l.
862 5345 902 5394 ι,
931 5343 1056 5383 rem
1089 5327 1323 5400 videtur
1352 5323 1520 5400 aliter
1557 5341 1820 5400 narrare.

2003 5327 2116 5400 (ορ)
2145 5327 2387 5400 Ξύνέθετο
2425 5332 2549 5397 γοῦν
2579 5324 2605 5377 ὀ
2632 5323 2754 5400 ῥήξ.
2782 5325 3115 5400 Richardus
3142 5341 3180 5382 a
3207 5327 3579 5400 S;Germano

243 5403 304 5456 Et
331 5394 657 5457 Richardus
681 5417 712 5456 e
736 5394 943 5456 sancto
967 5403 1260 5454 Germano
1283 5397 1344 5453 in
1367 5398 1652 5470 Chronico
1677 5419 1690 5453 :
1717 5397 1826 5452 Eo-
1931 5394 1994 5451 in
2008 5396 2304 5470 Chronico
2327 5415 2340 5464 ;
2385 5394 2556 5470 Anno
2598 5394 2881 5470 1‘2314rex
2903 5397 3205 5470 quondam
3243 5398 3580 5470 Hierosoly-

242 5474 362 5552 de_m
389 5488 584 5552 megse
610 5473 809 5552 Aprili
831 5471 894 5552 ἐρ
939 5473 1280 5552 Graecorum
1320 5470 1568 5552 imperio
1589 5469 1821 5539 fartum
1934 5468 2196 5524 mitanus
2242 5468 2629 5552 apyd‘Reate
2673 5468 3017 5552 adnpaphm
3061 5469 3244 5552 vadit,
3281 5469 3364 5552 ge
3409 5471 3579 5552 cuius.

243 5550 320 5602 est
342 5545 622 5614 praelium
650 5539 808 5600 inter
837 5543 1093 5610 Graecos,
1115 5543 1176 5614 ιη
1195 5557 1311 5612 quo
1330 5540 1663 5598 Comnenus
1679 5555 1824 5610 ϐαρ-ο
1933 5553 2177 5614 assensu
2207 5539 2430 5596 obtinet
2465 5547 2530 5595 ut
2555 5555 2687 5614 cum
2715 5540 2845 5614 ﬁlio
2872 5540 3243 5614 imperatoris
3274 5539 3582 5614 Cpotitam‘

245 5609 442 5674 tus—est
463 5621 520 5672 et
549 5623 802 5689 utroque
817 5615 1042 5672 lumine
1076 5609 1341 5671 Orbdtus.
1375 5617 1510 5670 ALL.
1750 5609 1763 5610 “
1934 5609 2007 5666 de
2031 5610 2166 5680 ﬁlia
2206 5626 2315 5668 sua
2355 5612 2696 5678 contrahat,
2730 5616 2785 5668 et
2822 5609 2959 5683 ipse
2986 5612 3060 5669 sit
3109 5616 3357 5669 curator
3395 5611 3576 5679 impe-
