4084 6212
515 279 653 333 1051

1818 275 2101 334 GEORGII
2133 275 2592 334 ACBOPOLITE

3742 282 3898 349 vim,
4000 0 4048 358 !

513 400 806 460 audebat:
835 404 927 458 sat
947 401 1104 458 enim
1132 401 1213 457 illi
1238 404 1544 475 comperta
1562 404 1688 458 erat
1706 401 1954 458 Joannis
1974 401 2151 474 impe-

2273 398 2528 461 θαλὰττης
2554 403 2854 459 πεποιηκώς
2876 419 2888 432 ·
2914 394 3038 451 οὐδὲ
3062 399 3163 471 γὰρ
3189 395 3303 470 εἶχε
3327 398 3448 451 λαὸν
3470 397 3786 470 ἀξιόχρεων,
3811 419 3879 460 ως

512 490 727 547 ratoris
756 490 839 545 rei
885 490 1153 546 militaris
1182 506 1424 547 summa
1467 490 1783 564 prudentia
1829 497 1885 547 et
1922 490 1983 546 in
2013 506 2159 546 con-

513 580 677 636 ﬂictu
702 595 839 634 cum
870 579 1141 635 hostibus
1170 578 1477 650 ingenium
1502 596 1684 652 supra
1709 584 1953 636 caeteros
1983 579 2161 636 soler-

512 668 838 725 tissimum.
888 668 1077 733 Quare
1116 673 1301 724 semet
1331 668 1531 741 ipsum
1573 669 1974 740 aggressionis
2002 667 2160 723 illius

511 756 847 822 incusabat,
875 756 993 829 49
1021 762 1076 813 et
1105 758 1270 830 quod
1301 774 1522 814 manus
1553 759 1718 831 operi
1747 758 2043 828 injecisset
2066 772 2081 823 ;
2103 759 2162 813 et

512 845 670 901 male
700 861 802 901 eos
841 862 1107 903 asserere
1147 847 1563 913 contendebat,
1610 848 1658 903 si
1707 847 1818 921 ipsi
1849 852 2050 903 tamen
2080 846 2162 902 ita

514 939 795 991 sentirent
823 950 1019 1008 neque
1062 936 1259 1009 ipsum
1285 942 1528 1010 propter
1555 938 1799 1009 propria
1837 935 2163 993 commoda

512 1025 887 1097 proritarent,
920 1042 1059 1082 eum
1103 1026 1181 1082 ad
1209 1026 1343 1082 loca
1370 1042 1753 1082 accessurum
1792 1026 1994 1095 fuisse,
2023 1041 2159 1098 quae

512 1113 796 1170 dominus
834 1113 1073 1171 illorum
1120 1131 1190 1171 ac
1226 1116 1550 1188 imperator
1596 1115 2017 1171 administrare
2063 1129 2162 1170 ne-

513 1202 715 1259 sciret:
750 1218 1013 1276 namque
1046 1204 1320 1277 apprime
1351 1204 1624 1269 callebat,
1657 1206 1934 1277 dictoque
1962 1204 2161 1259 ﬁrma-

510 1290 635 1361 bat,
666 1292 901 1349 etiamsi
931 1294 1128 1363 decies
1160 1299 1242 1350 tot
1286 1294 1418 1350 loca
1452 1294 1531 1350 ad
1570 1294 1901 1364 regendum
1947 1292 2161 1349 Joanni

509 1380 842 1452 imperatori
872 1388 1271 1455 suppeterent,
1302 1384 1525 1456 optime
1555 1399 1693 1439 eum
1714 1382 1815 1438 illa
1839 1398 2014 1453 agere
2036 1397 2159 1438 mo-

510 1468 706 1526 derari
747 1471 1014 1543 tuerique
1069 1471 1148 1526 ab
1201 1472 1474 1527 hostibus
1524 1472 1697 1527 scire.
1755 1471 1885 1527 Sive
1942 1471 2159 1527 etenim

508 1556 727 1614 horum
750 1574 955 1624 causa,
987 1558 1112 1613 sive
1142 1559 1321 1615 etiam
1347 1559 1510 1631 quod
1538 1559 2161 1632 Cpolitanisluxuriari

512 1646 738 1701 deliciis
767 1663 837 1701 ac
861 1647 1039 1702 bonis
1064 1648 1335 1703 animum
1362 1648 1608 1721 implere
1625 1648 1817 1715 vellet,
1837 1648 1989 1704 duos
2008 1648 2067 1704 in
2089 1664 2160 1705 ea

2268 489 2330 540 οἶν
2357 507 2415 560 γε
2439 489 2862 563 πεζοπορήσειεν.
2887 488 3027 541 Ἐπεὶ
3061 484 3119 541 δὲ
3159 487 3443 540 καταλάϐοι
3471 492 3565 546 τήν
3606 494 3877 540 Κωνστανο

2267 582 2436 644 τίνου,
2463 576 2558 630 οὐκ
2589 576 2820 649 εὐχερῶς
2849 573 2991 648 εἶχεν
3030 576 3216 639 ἔξιέναι
3245 582 3335 629 καὶ
3364 580 3553 650 μάχης
3579 576 3843 650 κατάρξαι
3863 598 3877 609 ·

2267 670 2356 718 καὶ
2384 668 2485 741 γὰρ
2513 664 2703 737 ἐπέγνω
2734 669 2821 718 τὸν
2849 667 2894 702 ⁸³
2925 664 3152 739 βασιλέα
3182 665 3404 724 Ἰοάννην
3444 684 3879 739 στρατήγικωτα-

2265 758 2353 808 τὸν
2383 774 2437 807 τε
2474 759 2593 807 ὄντα
2621 759 2710 807 καὶ
2738 751 2855 817 ταῖς
2883 754 3087 828 ἐχθρῶν
3117 757 3326 827 μάχαις
3353 751 3780 827 εὖμεθοδὼτατον
3808 756 3878 811 ⁸⁸,

2268 842 2547 917 Ἐμὸμφετο
2575 850 2700 916 γοῦν
2722 844 2902 897 ἑαυτὸν
2922 852 3017 907 τῆς
3048 843 3415 920 ἐγχειρήσεως,
3435 849 3527 896 καὶ
3556 847 3638 896 ὅτι
3659 849 3879 915 πρώτως

2266 941 2358 985 τοῦ
2383 935 2532 1005 ἔργον
2572 932 2861 1000 ἐπεϐάλετο,
2903 939 2993 987 καὶ
3027 941 3199 993 κακῶς
3229 936 3419 1006 ἔφασκε
3456 937 3576 995 τοὺς
3606 932 3877 1003 λέγοντας,

2267 1022 2373 1093 εἰγε
2421 1027 2510 1075 καὶ
2550 1022 2711 1083 οὕτως
2748 1021 3104 1095 ὑπελάμϐανον
3150 1028 3240 1075 καὶ
3290 1023 3383 1075 οὐκ
3437 1024 3681 1095 ἠρέθιζον
3722 1022 3878 1075 αὐτὸν

2268 1106 2362 1163 διὰ
2389 1114 2448 1164 τὸ
2477 1116 2630 1184 σφίσι
2661 1115 2941 1185 συμφέρον,
2969 1115 3034 1173 ὡς
3063 1111 3347 1165 καταλάϐοι
3375 1112 3436 1163 ἂν
3468 1112 3539 1174 εἰς
3567 1116 3786 1185 χώρους
3812 1109 3878 1164 ὧν

2266 1199 2360 1251 οὐκ
2391 1200 2670 1253 ἐπίσταται
2698 1203 2884 1273 ἄρχειν
2914 1202 2941 1253 ὁ
2980 1200 3059 1253 ἐπ’
3106 1200 3283 1262 αὐτοῖς
3333 1198 3661 1273 βοισιλεύῶν⁸
3708 1200 3880 1261 καλῶς

2265 1290 2366 1362 γὰρ
2399 1288 2610 1360 ἐγνώκει
2635 1295 2724 1342 καὶ
2752 1290 2917 1361 ἔλεγεν
2962 1293 3028 1350 ὡς
3053 1289 3096 1341 εἰ
3127 1286 3260 1342 δέκα
3300 1297 3548 1342 τοσοῦτοι
3582 1298 3755 1363 χῶροι
3806 1298 3879 1360 τῷ

2269 1375 2482 1449 βασιλεῖ
2508 1378 2718 1451 Ἰωάννῃ
2743 1382 2871 1453 πρὸς
2897 1375 3207 1431 δεσποτείαν
3234 1379 3499 1452 ὑπῆρχον,
3525 1378 3701 1438 καλῶς
3720 1379 3881 1436 ἠπίσ-

2265 1484 2387 1518 τατο
2409 1469 2601 1519 τούτων
2629 1470 2917 1543 κατάρχειν
2947 1472 3034 1519 καὶ
3064 1466 3359 1539 βασιλεύειν
3386 1472 3476 1519 καὶ
3508 1466 3804 1530 διασώζειν
3828 1471 3883 1519 ὲκ

2266 1563 2365 1607 τῶν
2396 1555 2618 1629 ἐχθρῶν.
2672 1559 2786 1609 Εἴτε
2833 1563 2959 1628 γοῦν
2991 1553 3027 1608 δ
3033 1559 3085 1608 ιὰ
3140 1564 3308 1609 ταῦτα
3358 1559 3457 1610 εἶτε
3486 1562 3577 1608 καὶ
3608 1564 3880 1631 τρυφῆσαι

2269 1644 2341 1720 εἰς
2396 1647 2554 1718 ἄκρον
2618 1645 2665 1697 ἐν
2721 1652 2829 1707 τοῖς
2884 1654 2983 1706 τῆς
3034 1650 3426 1699 Κωνσταντίνου
3485 1644 3881 1718 βεϐουλημένος

511 1751 705 1792 annos
735 1737 948 1809 exegit.
978 1737 1242 1794 Tandem
1269 1738 1609 1795 triremibus
1636 1738 1942 1811 apparatis
1964 1744 2021 1795 et
2044 1739 2151 1794 col-

2267 1733 2464 1800 καλοῖς,
2520 1731 2617 1787 δύο
2664 1734 2928 1795 ἐνιαυτοὺς
2966 1736 3009 1771 ⁴⁷
3059 1736 3169 1805 (ὀί)
3228 1736 3370 1797 εντός
3422 1737 3582 1796 αὐτῆς
3629 1731 3876 1793 διήνυσε.

506 1823 693 1889 lectis,
722 1825 804 1880 uti
832 1829 1082 1897 poterat,
1114 1827 1325 1898 copiis,
1380 1827 1438 1883 in
1471 1827 1758 1884 orientem
1784 1828 2160 1898 progreditur

511 1917 566 1970 et
587 1913 750 1985 apud
778 1916 1175 1987 Lampsacum
1198 1920 1438 1989 portum
1461 1918 1635 1989 capit;
1658 1920 1887 1974 Joanne
1906 1918 2159 1989 impera-

509 2006 635 2059 tore
676 2002 893 2059 abello
938 2021 1075 2060 cum
1122 2004 1351 2062 Caesare
1391 2005 1638 2075 Gabala,
1686 2022 1866 2079 quem
1916 2011 2162 2079 propter

509 2095 738 2147 motam
770 2092 1121 2150 seditionem
1150 2094 1571 2162 debellaverat,
1603 2100 1771 2167 gesto
1793 2096 2162 2153 continenter

507 2196 807 2252 regresso.

524 2390 529 2393 ‘
578 2380 669 2434 28.
699 2381 1026 2449 Imperator
1077 2379 1138 2435 in
1180 2379 1393 2436 Stadiae
1438 2379 1710 2453 partibus
1760 2379 2159 2437 tabernaculis

506 2467 735 2539 positis,
769 2467 1175 2523 Andronicum
1209 2468 1607 2539 Palaeologum
1638 2484 1929 2538 magnum
1956 2469 2159 2525 dome-

506 2555 742 2620 sticum,
775 2555 850 2611 de
892 2572 1014 2628 quo
1046 2573 1229 2628 supra
1258 2557 1544 2625 diximus,
1578 2558 1765 2629 COpiis
1792 2574 1861 2614 ac
1898 2558 2156 2613 ducibus

505 2645 740 2701 traditis
773 2645 833 2702 in
858 2646 1117 2702 insulam
1149 2646 1424 2703 Rhodum
1456 2664 1595 2703 cum
1628 2648 1987 2703 triremibus.
2021 2664 2157 2721 qua:

508 2733 653 2790 satis
694 2738 912 2802 essent,
941 2740 996 2791 et
1028 2735 1159 2791 aliis
1198 2735 1452 2791 navibus
1483 2736 1744 2806 dimittit,
1795 2742 1858 2791 ut
1901 2736 2159 2792 validius

506 2821 784 2879 rebellem
814 2822 1122 2879 invaderet
1151 2829 1208 2879 et
1235 2824 1456 2880 militiae
1478 2841 1633 2897 quos
1660 2829 1910 2881 noverat
1931 2824 2159 2880 artibus

505 2912 891 2983 opprimeret.
924 2914 1057 2968 Herc
1089 2928 1226 2969 cum
1266 2914 1347 2969 ita
1391 2914 1651 2986 perfecta
1680 2918 1894 2981 essent,
1944 2929 2158 2986 resque

506 3003 715 3055 contra
742 3002 1034 3057 Ctesarem
1061 3018 1170 3074 pro
1198 3003 1487 3058 sententia
1514 3003 1887 3075 imperatoris
1916 3003 2159 3059 Joannis

2268 1830 2437 1894 Μογις
2459 1832 2584 1895 γοῦν
2614 1829 2843 1899 τριήρεις
2870 1824 3224 1897 οἰκονομήσας
3251 1829 3341 1877 καὶ
3373 1828 3678 1896 στράτευμα
3710 1845 3879 1877 συνα-

2270 1914 2502 1985 θροίσας,
2547 1914 2666 1965 ὅσον
2710 1915 2824 1985 εἶχε
2866 1916 2992 1986 πρὸς
3033 1909 3258 1985 δύναμιν
3293 1914 3364 1981 ⁸⁸,
3402 1916 3541 1966 κατὰ
3580 1914 3651 1948 ⁸⁸⁸
3682 1922 3773 1974 τῆς
3813 1915 3875 1966 ἕω

2267 2001 2527 2074 ἐχώρησε,
2556 2006 2646 2053 καὶ
2672 2006 2789 2077 περί
2805 2006 2862 2054 τὸ
2883 2012 2979 2063 τῆς
3000 2001 3292 2073 Λαυψὰκου
3312 2001 3614 2076 ἐλλιμενίζει
3637 2008 3872 2076 νεώριον,

2265 2099 2547 2166 προσεχῶς
2571 2099 2643 2161 τῷ
2669 2096 2785 2143 τότε
2813 2098 2905 2144 τοῦ
2934 2090 3196 2165 βασιλέως
3238 2092 3476 2145 Ἰωάννου
3512 2090 3582 2144 ax
3610 2101 3714 2153 τῆς
3739 2095 3877 2144 κατὰ

2264 2187 2354 2232 τοῦ
2388 2184 2652 2254 Καίσαρος
2702 2178 2909 2233 Γαϐαλᾶ
2963 2200 3149 2253 μαχης
3192 2180 3644 2257 ὑποστρέψαντος,
3700 2184 3754 2233 ὄν
3786 2178 3878 2233 διὰ

2264 2273 2603 2341 νεωτερισμὸν
2638 2268 2940 2341 ίμαχίσατο
2953 2312 2966 2324 .

2337 2374 2440 2433 κη’.
2472 2376 2533 2427 Ὀ
2555 2378 2645 2448 μὶν
2677 2372 2763 2427 οὖν
2785 2374 3036 2449 βασιλεὺς
3058 2379 3255 2447 περὶτὰ
3271 2383 3363 2437 τῆς
3385 2372 3613 2437 Σταδίας
3632 2380 3761 2449 κέρη
3790 2380 3879 2436 τὰς

2267 2470 2552 2524 σκηνώσεις
2591 2467 2896 2537 ποιούμενος
2942 2472 3015 2535 τῷ
3056 2464 3390 2536 Παλαιολόγῳ
3447 2462 3795 2540 Ἀνδρονίκῳ,
3828 2466 3878 2518 ὃν

2265 2552 2427 2625 μέγαν
2484 2550 2795 2626 δομέστικον
2836 2550 2967 2625 εἶχε,
3015 2554 3136 2627 ωερὶ
3175 2554 3236 2606 οὗ
3283 2559 3374 2606 καὶ
3413 2554 3601 2629 μικρόν
3650 2557 3875 2628 προσθῡ

2267 2642 2486 2717 εἰρήκειν
2519 2644 2587 2710 ",
2625 2645 2689 2694 τὰ
2742 2646 3111 2715 στρατεύματα
3158 2648 3247 2696 καὶ
3296 2647 3413 2704 ὀὺς
3467 2649 3803 2717 στρατήγονῖ
3832 2646 3878 2682 ⁸⁸

2265 2728 2551 2806 παραδοὺς,
2580 2736 2669 2783 καὶ
2706 2730 2791 2784 ἐπὶ
2827 2736 2922 2790 τὴν
2945 2741 3104 2792 νῆσον
3146 2728 3325 2785 Ῥόδον
3355 2738 3622 2807 τριήρεσιν
3676 2736 3877 2795 ἱκαναῖς

2264 2825 2353 2872 καὶ
2389 2819 2597 2883 λοιπαῖς
2618 2820 2985 2883 ἐξαποστείλας
3005 2822 3049 2857 ⁵¹
3078 2826 3283 2883 ναυσίν,
3314 2824 3361 2874 εἰ
3380 2841 3486 2883 πως
3514 2821 3874 2897 βριαρὼτερον

2268 2908 2522 2966 ἐπιτεθείή
2568 2917 2640 2980 τῷ
2696 2907 2967 2982 ἀποστάτῃ
3000 2914 3089 2961 καὶ
3138 2909 3511 2981 καταϐλάψειιν
3533 2912 3606 2946 δί’
3637 2912 3717 2972 οἷς
3764 2909 3874 2963 οἶδε

2265 2997 2435 3069 λόγοις
2488 3005 2581 3059 τῆς
2609 3004 2946 3072 στρατηγίας,
3005 2995 3185 3058 ἐπειδὴ
3242 3007 3410 3052 ταῦτα
3453 3001 3589 3052 οὕτω
3635 3000 3869 3073 συμϐαίη

506 3090 913 3160 successisset,
956 3105 1067 3145 nec
1110 3106 1231 3146 non
1286 3092 1539 3147 relatum
1579 3092 1660 3147 illi
1704 3092 1913 3147 fuisset
1957 3108 2151 3162 regem

2266 3092 2355 3139 καὶ
2411 3091 2546 3139 κατὰ
2604 3090 2799 3140 σκοπὸν
2855 3088 3060 3161 Ἰωὰννή
3121 3096 3193 3159 τῷ
3245 3086 3456 3161 βασιλεῖ
3505 3093 3571 3141 τὰ
3610 3094 3733 3163 περί
3786 3093 3870 3141 τὸν

512 3177 626 3249 50
659 3178 820 3249 Cpoli
846 3178 1048 3250 egredi
1074 3195 1144 3236 eo
1171 3180 1373 3237 animo
1397 3186 1459 3237 ut
1480 3181 1879 3254 Lampsacum
1903 3180 2159 3254 appelle-

504 3272 591 3321 ret
622 3267 823 3340 ibique
854 3269 1147 3325 aduersus
1172 3269 1479 3325 Romanos
1506 3269 1869 3340 confligeret,
1903 3285 2038 3325 cum
2066 3270 2158 3325 his

504 3370 659 3427 quos
689 3372 891 3412 secum
913 3357 1179 3414 habebat
1209 3359 1534 3431 imperator
1564 3358 2157 3431 admodumlpaucos

506 3445 842 3515 (potissima
872 3461 1138 3518 namque
1164 3447 1455 3502 exercitus
1482 3463 1624 3519 pars
1656 3446 1865 3519 proelio
1896 3463 1966 3502 ac
2004 3452 2157 3502 tem-

504 3538 735 3606 pestate
746 3535 998 3591 hiberna
1015 3535 1235 3592 afﬂicta
1250 3536 1503 3591 domum
1516 3538 1931 3606 remeaverat),
1948 3539 2156 3608 Lamp-

507 3638 713 3678 sacum
752 3624 897 3696 petit
926 3628 980 3680 et
1010 3624 1174 3696 apud
1210 3625 1514 3697 Sigrenem
1545 3630 1740 3682 castra
1768 3631 2043 3682 metatur.

576 3926 663 3981 29.
696 3926 851 3981 Tunc
883 3925 1165 3998 temporis
1197 3931 1255 3983 et
1282 3926 1409 4000 ipse
1439 3944 1475 3986 a
1512 3928 1862 4001 parentibus
1891 3926 2153 3984 sedecim

504 4029 697 4071 annos
722 4019 900 4072 natus
930 4020 985 4071 et
1008 4031 1080 4072 ex
1101 4016 1388 4088 encyclia,
1411 4033 1596 4090 quam
1616 4017 1829 4088 vulgus
1852 4031 2155 4088 gramma-

502 4103 683 4160 ticam
715 4110 887 4162 vocat
909 4105 1237 4165 litteratura
1279 4106 1600 4163 instructus
1626 4106 1705 4163 ad
1730 4109 2152 4179 imperatorem

504 4193 722 4249 mittor.
758 4196 924 4250 Pater
953 4197 1134 4251 etiam
1164 4212 1195 4251 e
1225 4195 1569 4252 Latinorum
1599 4195 1879 4252 manibus
1923 4212 1987 4251 se
2018 4211 2151 4250 sur-

502 4280 694 4352 ripere
746 4281 1100 4354 decreverat,
1158 4283 1291 4341 licet
1348 4285 1427 4340 ab
1489 4285 1606 4340 illis
1660 4290 1716 4341 et
1782 4285 2150 4357 sumptuosis

503 4366 791 4437 impensis
813 4374 869 4425 et
884 4369 1092 4426 ofﬁciis
1109 4375 1165 4427 et
1182 4371 1508 4443 beneﬁciis,
1527 4374 1750 4446 quibus
1769 4389 1908 4431 eum
1924 4373 2152 4445 prolixe

2268 3180 2512 3248 Καίσαρα
2562 3180 2780 3247 γένοιτο,
2813 3175 3040 3236 ἀκούσας
3083 3171 3143 3228 δὲ
3171 3180 3261 3228 καὶ
3306 3179 3370 3236 ὡς
3401 3178 3426 3229 ὁ
3465 3176 3567 3251 ῥήξ
3597 3177 3738 3239 ἐξὴει
3783 3186 3873 3237 τες

2267 3270 2657 3318 Κωνσταντίνου
2675 3271 2764 3317 καὶ
2793 3263 2987 3338 βουλήν
3005 3268 3123 3337 ἔχοι
3146 3262 3562 3338 προσοκεῖλαιτῆ
3589 3266 3873 3339 Λαμψάκῳ

2264 3353 2415 3407 κάκεῖ
2439 3353 2651 3417 ἐξελθεῖν
2698 3360 2785 3406 καὶ
2809 3354 3078 3426 Ῥωμαίοίς
3126 3355 3423 3427 πολεμῆσαι
3453 3356 3572 3427 μεθ’
3600 3354 3668 3407 ὧν
3716 3360 3874 3428 ἔτυχε

2266 3440 2469 3515 διάγειν
2501 3445 2526 3495 ὁ
2559 3442 2803 3516 βασιλεὺς
2831 3444 2918 3516 [Ρ.
2951 3443 3044 3517 25]
3074 3444 3264 3515 (ὀλίγοι
3303 3441 3363 3498 δε
3393 3446 3529 3503 ἦσαν
3558 3441 3729 3511 οὗτοι,
3763 3446 3870 3498 ἐπεὶ

2263 3536 2322 3584 τὸ
2344 3532 2472 3584 πολὺ
2493 3541 2587 3595 τῆς
2619 3530 2868 3607 πρατῖᾱς
2891 3540 2953 3605 τῇ
2977 3535 3130 3605 μάχῃ
3154 3538 3243 3585 καὶ
3271 3530 3334 3606 τῇ
3358 3533 3468 3607 ὥρᾳ
3497 3542 3591 3586 τοῦ
3606 3543 3873 3607 χειμῶνος

2263 3622 2717 3697 τεταλαιπωρηκὸς
2758 3622 2841 3675 ἐπὶ
2876 3624 2944 3673 τὰ
2987 3623 3121 3674 οἶκοι
3153 3622 3352 3697 ἐφέρετο
3386 3625 3480 3693 ⁵³),
3526 3631 3699 3696 χωρεῖ
3744 3630 3873 3699 πρὸς

2262 3716 2356 3769 τὴν
2420 3710 2734 3784 Λάμψακον,
2780 3716 2870 3763 καὶ
2923 3719 3032 3773 τοῖς
3090 3719 3182 3772 τῆς
3237 3719 3493 3785 Σιγρηνῆς
3549 3718 3738 3785 μέρεσι
3780 3718 3872 3776 τὰς

2266 3803 2456 3861 σκηνὰς
2482 3807 2733 3872 πήγνυσι.

2332 3926 2440 3982 κθ’.
2479 3930 2602 3980 Τότε
2632 3930 2719 3978 καὶ
2748 3925 2899 3987 αὐτὸς
2937 3929 3066 4000 πρὸς
3098 3935 3197 3979 τῶν
3237 3930 3424 3999 γονέων
3473 3926 3528 3980 ἐκ
3581 3936 3681 3990 τῆς
3732 3936 3863 3981 Κωνυ

2263 4020 2533 4069 σταντίνου
2585 4014 2881 4073 ἀπεστάλην
2936 4024 3007 4087 τῷ
3068 4014 3279 4088 βασιλεί
3343 4012 3746 4079 εκκαιδεκαέτης
3799 4020 3865 4069 ὧν

2260 4110 2350 4159 καί
2406 4114 2493 4158 νῦν
2558 4114 2654 4167 τῆς
2707 4104 2981 4177 ἐγκυκλίου
3032 4105 3146 4179 (62)
3200 4104 3593 4179 ἀπηλλαγμένος
3640 4104 3865 4160 παιδεύ-

2264 4215 2407 4268 σεως,
2472 4196 2533 4254 ἣν
2594 4199 2966 4267 γραμματικήν
3042 4196 3491 4267 κατονομαζουσιν
3558 4197 3609 4248 οἰ
3664 4196 3859 4251 πολλοί.

2262 4283 2530 4339 Ἐϐούλετο
2581 4281 2639 4337 δε
2680 4303 2771 4357 μοι
2801 4289 2887 4335 καί
2925 4285 2951 4336 ὁ
2988 4289 3163 4358 πατὴρ
3204 4284 3372 4359 λὰθρα
3408 4294 3505 4347 τῆς
3552 4294 3653 4337 τῶν
3700 4293 3862 4339 Λατι-

2260 4395 2355 4427 νων
2414 4373 2771 4433 ἀπολισθῆσαι
2813 4378 3031 4449 χειρός·
3090 4371 3325 4449 ἰσχυρῶς
3370 4376 3472 4447 γὰρ
3524 4376 3650 4451 παρ’
3700 4376 3861 4428 αὐτῶν

576 4548 623 4582 ⁴⁶
654 4566 769 4603 κατ.
812 4544 899 4600 οὖν
928 4552 1023 4606 τήν
1064 4551 1600 4609 Κωνσταντινούπολιν
1632 4552 1656 4603 ὁ
1685 4551 1787 4626 ρήξ
1806 4555 1895 4604 καὶ
1907 4556 1995 4657 ’μή
2038 4554 2174 4625 ἔχων
2198 4551 2322 4604 λαὸν
2356 4550 2650 4625 ἀξιόμαχον
2671 4551 2765 4604 οὐκ
2796 4552 3025 4627 εὐχερῶς
3063 4550 3205 4624 εἶχεν
3246 4552 3452 4619 ἐξιέναι,
3496 4553 3737 4624 ἐπιγνοὺς
3776 4558 3857 4605 τὸν

651 4620 697 4655 ⁸⁸
724 4639 778 4672 τε
816 4625 872 4675 et
900 4625 989 4671 καὶ
1014 4651 1081 4662 --
1111 4616 1527 4676 εὐμεθοδώτατον
1566 4638 1686 4676 om.
1724 4625 1786 4676 D.
1884 4624 1903 4658 "
1962 4620 2021 4676 δὲ
2050 4632 2145 4676 τῆς
2175 4624 2527 4676 hyaenam:
2559 4624 2735 4675 ἑαυτὸν
2774 4628 2862 4675 καὶ
2892 4632 3061 4676 κακῶς
3091 4627 3281 4676 ἔφασκε
3309 4631 3439 4676 νοεῖν
3469 4629 3584 4676 τοὺς
3622 4625 3857 4676 λέγοντας

2001 4642 2021 4675 ε

502 4618 571 4693 D.
651 4620 697 4655 ⁵⁸
724 4639 778 4672 τε
798 4625 872 4693 Δεἰ
900 4625 989 4693 καὶ
1014 4651 1081 4693 τ-
1111 4616 1527 4693 εὐμεθοδώτατον
1566 4616 1695 4693 om:
1724 4625 1786 4677 Ι).
1884 4624 1903 4658 ’⁸

503 4690 659 4743 αὐτὸν
693 4700 761 4763 τῷ
784 4690 997 4765 βασιλεί
1024 4690 1402 4800 antiqua-0m.
1438 4697 1546 4747 Λυο
1577 4690 1664 4746 οὖν
1695 4694 1956 4755 ἐνιαυτοὺς
1982 4697 2046 4751 D.

503 4795 570 4800 ..-
602 4764 823 4800 ρῖηῆνηυ
850 4780 948 4800 nm
1009 4766 1050 4800 Π
1175 4764 1197 4798 0
1225 4769 1311 4800 vn}
1344 4768 1461 4800 φαιὸν
1493 4769 1816 4800 κλίνη-ψωλὸν
1844 4781 1941 4800 nm
2009 4769 2046 4800 n

502 4795 570 4804 —-
600 4764 823 4838 εἰρήκειν
850 4780 971 4838 om_.
1008 4766 1070 4820 D-

502 4855 615 4892 κατ.
646 4836 726 4892 VD.

2127 4697 2173 4730 ⁸⁸
2206 4691 2551 4769 συναθροίσας
2591 4727 2657 4734 -
2690 4691 2911 4767 δύναμιν
2937 4711 3063 4769 om.
3109 4691 3177 4751 Ι).

1175 4764 1461 4841 (λκαὶετοὺς
1493 4769 1816 4841 στρατηγοὺς
1844 4781 1970 4823 om.
2009 4769 2073 4821 D.
2142 4767 2194 4841 75'
2237 4764 2475 4841 τριήρεσι
2502 4771 2589 4841 καὶ
2632 4770 2801 4841 ναυσί
2826 4764 3030 4828 στείλας
3066 4768 3129 4822 D.
3208 4768 3277 4803 ⁸¹’
3305 4764 3396 4840 βρ.
3430 4771 3518 4819 τὸν
3556 4764 3855 4826 ἁποστάτῆν

828 4837 878 4872 ⁵²
908 4832 985 4898 οἷς
1011 4867 1064 4877 -
1113 4835 1340 4913 ἐφέρετο]
1367 4841 1454 4890 καὶ
1496 4832 1603 4890 ἐπεὶ
1632 4832 1799 4890 ταῦτα
1822 4844 1963 4890 κατώ
1994 4840 2187 4891 σκοπὸν
2219 4832 2406 4896 συνέϐη
2429 4846 2500 4908 τῷ
2529 4836 2740 4911 βασιλεῖ
2774 4839 2835 4893 D.

2050 4632 2145 4685 τῆς
2175 4625 2527 4696 ἐγχειρήσεως
2559 4625 2735 4697 ἑαυτὸν
2774 4628 2862 4675 καὶ
2892 4625 3061 4684 κακῶς
3091 4627 3281 4696 ἔφασκε
3304 4631 3439 4697 ,νοεῖν
3469 4629 3584 4685 τοὺς
3622 4625 3859 4697 λέγοντας

3273 4696 3343 4731 ιε·
3376 4700 3469 4754 τὴν
3514 4699 3576 4752 ι).

3660 4698 3707 4731 δ’
3740 4704 3855 4769 περὶ

1487 4963 1798 5025 Theodori
1830 4966 2055 5025 Dousa:
2087 4970 2146 5026 et
2176 4965 2401 5024 Leonis
2430 4963 2639 5024 Allatii
2672 4968 2860 5024 notae.

502 5111 819 5185 rii,qdonec
842 5114 906 5169 in
930 5116 1152 5185 majori
1168 5116 1523 5172 constitutus
1549 5120 1719 5171 ¢:vtate
1740 5115 2050 5185 perveniat
2072 5115 2154 5171 ad
2192 5114 2237 5169 D
2275 5114 2554 5184 Regestis.
2599 5116 2739 5185 ALL.

505 5182 853 5251 legitimam.
877 5182 1045 5241 Mare
1074 5188 1238 5255 apud
1274 5189 1544 5244 Venetias
1575 5182 1809 5243 intrahs
1834 5186 2001 5243 vadit
2026 5188 2148 5243 col-

504 5255 627 5325 lato
648 5257 915 5325 exercitu
942 5257 1183 5325 Cpolim.
1216 5264 1345 5314 ALL.

572 5324 688 5451 (61)
719 5328 815 5377 Δύο
851 5324 1129 5387 ἐνιαυτούς.
1174 5330 1295 5384 Hoc
1336 5329 1597 5384 duorum
1638 5343 1934 5384 annorum
1967 5329 2147 5385 inter-

572 5394 660 5451 .lo
687 5396 979 5451 Joannem
1034 5413 1237 5451 regem
1292 5398 1353 5451 in
1399 5398 1598 5451 Galliis
1630 5400 1951 5451 exercitum
1984 5416 2144 5451 com-

502 5394 979 5453 vallo'Joannem
1034 5413 1237 5467 regem
1292 5398 1353 5455 in
1399 5398 1598 5455 Galliis
1630 5400 1951 5455 exercitum
1984 5416 2144 5455 com-

499 5482 746 5596 ﬁarasse
776 5474 833 5525 et
859 5470 918 5524 in
967 5468 1193 5525 Italiam
1236 5486 1299 5527 se
1326 5471 1404 5526 ad
1444 5471 1785 5543 pontificem
1828 5471 2147 5527 contulisse

549 5544 696 5596 eate.
726 5540 969 5596 tandem
1001 5541 1246 5596 Venetiis
1267 5542 1473 5596 conias
1502 5543 1861 5596 imposuisse
1891 5542 2147 5596 navibus

549 5540 1246 5616 eate,_tandem__Venetiis
1267 5540 1473 5616 copias
1502 5543 1861 5616 imposuisse
1891 5542 2147 5616 navibus

500 5616 558 5669 et
586 5612 813 5685 Cpolim
844 5612 1223 5687 applicuisse,
1256 5612 1458 5672 scribit
1486 5612 1816 5688 Gregorius.
1852 5617 2055 5672 Nonus
2084 5613 2147 5671 in

2325 5187 2440 5258 (62)
2471 5192 2576 5247 Τῆς
2606 5184 2907 5256 ἐγκυκλίου.
2942 5188 3110 5241 Anna
3151 5186 3474 5258 Gomnena,
3518 5184 3718 5258 lib._V.
3746 5187 3845 5242 Hi-

2255 5255 2399 5332 sto);
2444 5263 2563 5319 Τοῖς
2613 5255 3013 5332 προϊσταμένοις
3058 5261 3152 5332 τήν
3185 5255 3453 5332 ξγκυκλὶον
3481 5255 3844 5332 ,παιδεύεσθαι

2254 5324 2517 5400 παιδείαν,
2552 5332 2607 5384 et
2648 5324 2814 5380 ταῦτα
2841 5324 2903 5381 δὲ
2931 5328 3062 5400 λέγω
3091 5324 3362 5400 ἀχθομένη
3409 5324 3502 5380 διὰ
3540 5333 3633 5387 τήν
3672 5348 3840 5381 παντε-

2253 5398 2315 5459 λῆ
2357 5408 2447 5472 τῆς
2498 5398 2771 5471 ἐγκυκλίου
2820 5396 3167 5472 παιδώσεως*
3198 5396 3454 5471 ἀμελειαν.
3505 5401 3838 5472 Encycliam

2255 5471 2646 5552 eruditionem
2675 5471 3135 5552 improprie_hic_
3156 5472 3615 5552 Grammaticam
3643 5471 3837 5552 intelli-

2255 5544 2339 5616 git
2364 5548 2565 5598 noster
2615 5541 2972 5616 Acropolita,
3008 5541 3142 5598 licet
3187 5542 3285 5598 alii
3324 5542 3493 5599 aliter
3520 5544 3830 5615 exponant.

2256 5613 2341 5669 Cf.
2369 5616 2597 5672 Tzetzes
2622 5613 2869 5672 Chiliad.
2895 5618 2949 5687 2,
2982 5629 3041 5672 v.
3063 5617 3183 5671 522.
3215 5618 3350 5670 ALL.
