4084 6212
113 301 140 310 Α

159 111 194 120 u—

171 302 226 314 '-

125 39 146 46 ”
159 0 366 146 κῇ(
371 0 454 114 ,1δὲ

271 147 282 158 ο
297 153 310 184 1
319 129 338 148 ⁵)

353 69 394 114 r'.

271 129 338 158 οἵ)

249 305 398 400 i‘os'

1820 301 2165 361 ANNALES°

3473 317 3612 374 1054

243 429 560 504 ικεκράτητο
619 431 737 487 ταῖς
797 432 898 478 τῶν
968 423 1310 499 ἀναλωμάτων
1381 422 1678 499 δαψιλείαις
1755 430 1833 481 καῖ

1957 429 2289 486 admodum
2316 430 2856 503 prosequebantur,
2889 432 3267 507 detineretur,
3318 452 3430 493 nec
3481 437 3608 497 leve

239 527 358 579 ταῖς
388 525 528 590 σφῶν
563 511 861 581 δεξιώσεσι,
902 518 993 567 καί
1038 518 1094 568 τό
1151 515 1343 574 πολλὴν
1391 519 1532 589 ἔχειν
1584 522 1701 594 περί
1757 518 1847 570 αύ-

239 611 334 660 τόν
393 609 682 680 ὑπηρεσίαν
740 609 894 658 τέκνα
943 623 998 657 τε
1050 606 1366 679 θεράποντάς
1413 625 1469 659 τε
1531 611 1621 660 καὶ
1691 609 1846 682 θερα-

239 693 496 758 παινίδας
519 696 611 749 οὐκ
641 694 814 768 ὀλίγον
871 693 1031 748 ἐποίει
1072 697 1240 767 τούτῳ
1290 697 1350 748 τό
1403 693 1663 769 ἓμποδών.
1709 696 1847 751 Ἀλλ’

213 788 308 846 αῆν
340 786 482 858 αύτῷ
513 787 650 838 κατὰ
675 791 793 837 νοῦν
818 791 890 856 τῷ
917 791 1054 851 τότε,
1086 786 1254 846 καθὼς
1312 784 1372 837 ἂν
1418 787 1522 860 ἄρα
1579 783 1846 860 δυνάμεως

242 880 441 950 σχοίη,
469 875 512 928 εἰ
548 871 752 940 δεήσει,
795 871 1278 950 παρακινδυνεῦσαι
1328 877 1460 948 πρὸς
1511 880 1604 935 τὴν
1662 876 1848 941 έξέλευ-

241 985 331 1020 σιν
358 970 450 1018 καὶ
477 963 864 1022 ἀποπλῆσαιτὸ
912 960 1359 1036 σπουδαζόμενον.
1423 966 1518 1018 Διά
1561 984 1644 1018 τοι
1694 974 1846 1020 τοῦτο

237 1054 378 1130 κάμὲ
420 1056 548 1128 πρὸς
607 1057 695 1105 τόν
773 1059 1063 1126 κρατοῦντα
1140 1057 1496 1128 προπέπομφε.
1581 1055 1846 1109 Κεκώλυκε

240 1141 304 1198 δὲ
334 1151 517 1197 τοῦτον
568 1146 720 1203 νόσος
770 1139 979 1215 βαρεῖᾶ·
1031 1143 1257 1215 ἡμιθνὴς
1319 1145 1421 1216 γὰρ
1492 1139 1690 1216 σχεδόν
1754 1149 1844 1198 καὶ

237 1233 498 1309 ἠμίξηρος
559 1235 799 1304 γεγονὼς,
868 1237 985 1306 περὶ
1052 1228 1148 1285 δύο
1213 1251 1314 1285 που
1378 1235 1466 1290 ἔτη
1539 1241 1601 1306 τῇ
1695 1233 1838 1308 κλίνῃ

233 1321 881 1398 προσπεπατταλευμένος,
936 1319 1148 1374 ἀπέλιπε
1188 1329 1281 1374 τοῦ
1341 1321 1487 1395 βίου,
1547 1322 1703 1384 αύτός
1783 1319 1843 1376 δὲ

232 1411 604 1484 ἱναπελείφθην
647 1417 758 1474 τοῖς
804 1409 1110 1484 ἀνακτόροις
1173 1413 1493 1484 προμηθείας
1561 1410 1842 1484 βασιλικῆς

232 1501 560 1575 ἀξιούμενος.

309 1591 371 1646 λ’.
402 1590 488 1653 Ὡς
537 1596 664 1662 γοῦν
722 1591 930 1662 ἔφημεν,
987 1587 1290 1641 καταλαϐὼν
1338 1589 1364 1640 6
1415 1589 1517 1664 ρὴξ
1577 1588 1838 1658 Ἰωάννης,

233 1683 263 1735 ό
328 1687 420 1734 καὶ
495 1679 744 1753 βασιλεὺς
813 1679 1400 1740 Κωνσταντινουπόλεως
1472 1679 1838 1754 φημιζόμενος,

231 1776 335 1830 τὴν
383 1769 677 1843 Λάμψακον
731 1772 848 1842 περὶ
909 1771 996 1820 τὸν
1072 1768 1208 1820 οὕτω
1288 1788 1393 1829 πως
1466 1768 1839 1843 ὀνομαζόμενον
1871 1785 1910 1840 Β

229 1864 394 1914 τόπον
436 1859 615 1913 Ὀλκόν
670 1860 765 1920 τὰς
816 1865 940 1919 νῆας
987 1860 1172 1911 τούτου
1225 1859 1576 1932 καθώρμισεν.
1636 1857 1695 1911 Ὀ
1778 1856 1838 1912 δε

232 1948 491 2024 βασιλεὺς
533 1948 775 2010 Ἰωάννης
822 1945 930 2000 ἐπεὶ
977 1951 1048 2020 μὴ
1103 1945 1216 2020 εἶχε
1266 1947 1378 2020 μεθ’
1439 1947 1624 2002 ἑαυτοῦ
1674 1969 1836 2024 στρα-

227 2043 322 2092 τὸν
351 2037 642 2111 ἀξιόμαχον
672 2037 906 2089 κωλῦσαι
934 2039 1102 2107 τούτῷ
1131 2041 1226 2094 τὴν
1255 2033 1432 2100 ἔξοδον
1459 2033 1533 2090 δι’
1573 2037 1635 2100 ἃς
1691 2038 1836 2112 εἰρή-

228 2147 342 2181 κειν
372 2128 544 2189 αἰτίας
573 2128 643 2193 ⁶²,
683 2123 928 2198 μεθόδοις
983 2132 1362 2200 στρατηγικαῖς
1410 2127 1522 2200 μεθ’
1571 2126 1640 2178 ὧν
1696 2127 1836 2200 εἶχεν

231 2217 424 2290 ὀλίγων
465 2219 556 2280 τὰς
610 2224 709 2269 τῶν
757 2215 1014 2288 πολεμίων
1061 2219 1290 2277 κινήσεις
1350 2215 1588 2274 ἒκώλυεν.
1650 2216 1835 2281 Ἐξῆλ-

234 2309 326 2360 θον
350 2315 475 2379 γοῦν
505 2309 555 2359 οἱ
576 2312 792 2360 Λατῖνοι
837 2309 926 2357 καὶ
971 2307 998 2358 6
1048 2307 1242 2358 τούτων
1289 2305 1391 2380 ῥὴξ
1429 2305 1686 2372 Ἰωάννης,
1744 2312 1835 2360 καὶ

232 2393 493 2450 ἑϐάδισαν
522 2398 612 2469 μεν
640 2397 833 2455 τόπους
875 2397 1020 2457 τινὰς
1059 2394 1484 2470 παραιγιαλίους.
1543 2392 1684 2450 Ούδε
1732 2398 1832 2472 γὰρ

233 2483 498 2546 ἠδύναντο
563 2487 880 2560 μακρότερον
942 2490 1041 2536 τῶν
1100 2491 1237 2542 νηῶν
1290 2483 1458 2537 αὐτῶν
1516 2483 1829 2546 ἀποστῆναι·

235 2577 266 2628 ό
310 2577 412 2648 γὰρ
461 2576 886 2647 ἁντιστρατηγῶν
939 2573 1115 2635 αὐτοῖς
1177 2571 1426 2646 βασιλεὺς
1499 2572 1833 2632 ἐπηκολούθει

237 2669 334 2718 καὶ
386 2665 596 2738 ὑπῆρχε
663 2660 830 2726 δεινός
901 2665 1031 2736 μετὰ
1093 2669 1282 2738 μικρᾶς
1348 2683 1482 2716 πανυ
1567 2660 1833 2738 δυνάμεως

233 2755 587 2826 ἀναχαιτίσαι
610 2756 724 2814 τοὺς
760 2751 1019 2815 ἐναντίους
1077 2753 1147 2811 ⁵³.
1193 2751 1252 2806 Ὀ
1299 2755 1388 2826 μεν
1437 2749 1524 2806 οὖν
1584 2751 1831 2826 βασιλεὺς

229 2848 352 2918 περὶ
384 2845 474 2902 τὰς
500 2850 600 2895 τῶν
632 2840 831 2916 βουνῶν
876 2842 1131 2915 ὑπωρείας
1175 2841 1394 2896 ἐποιεῖτο
1449 2845 1543 2906 τὰς
1593 2847 1828 2918 πορείας,

227 2936 352 3007 περὶ
406 2927 467 2985 δε
511 2933 599 2992 τὰς
654 2931 831 2994 ἠῑόνας
869 2933 919 2984 οἱ
973 2930 1189 2988 Ἰταλοί.
1242 2931 1446 3004 Ὀλίγον
1493 2931 1580 2985 ούν
1638 2937 1829 3007 χρόνον

230 3017 635 3083 διαϐιϐάσαντες
665 3019 712 3072 ἐν
739 3028 799 3092 τῇ
833 3027 924 3073 τοῦ
967 3019 1227 3094 βασιλέως
1261 3021 1614 3094 παραιγιαλίῳ
1674 3027 1830 3098 χώρᾳ

228 3110 402 3181 (οὔπω
444 3111 547 3184 γὰρ
595 3105 932 3182 παρέδραμον
987 3113 1222 3184 τέτταρες
1273 3109 1448 3191 μῆνες)
1519 3114 1610 3162 καὶ
1659 3109 1827 3182 ὀλίγον
1857 3137 1898 3192 C

225 3202 388 3252 τόπον
436 3201 762 3258 πατήσαντες
787 3195 912 3268 (ἀπὸ
963 3199 1065 3273 γὰρ
1123 3207 1216 3260 τῆς
1279 3187 1577 3271 Λαμψάκου
1663 3202 1828 3271 μέχρι

226 3291 322 3341 καὶ
373 3295 472 3339 τῶν
526 3293 802 3362 Κεγχρεῶν
858 3287 906 3321 ⁵⁸
961 3285 1248 3359 ἀφίκοντο),
1300 3289 1486 3360 μικρόν
1552 3287 1581 3346 ἢ
1661 3283 1827 3360 μηδὲν

224 3376 548 3450 λυμήναντες
583 3377 909 3449 (προύφθασε
935 3378 1036 3449 γὰρ
1093 3377 1119 3428 6
1160 3374 1410 3448 βασιλεὺς
1459 3377 1524 3428 τὰ
1585 3371 1824 3450 χρειώδη

225 3468 401 3520 πάντα
460 3471 570 3527 τοῖς
637 3464 980 3541 ὑψηλοτέροις
1033 3469 1209 3526 τόποις
1264 3462 1660 3536 διασώσασθαι)
1743 3464 1827 3518 ἐπὶ

226 3559 289 3608 τό
331 3561 430 3608 τῶν
478 3560 670 3626 Πηγῶν
723 3553 1004 3630 ἐχώρησαν
1061 3555 1218 3622 ἄστυ,
1274 3557 1322 3607 ἓν
1375 3559 1528 3627 μόνον
1583 3557 1824 3630 φρούριον

227 3645 634 3718 χειρωσάμενοι,
687 3643 713 3696 6
773 3639 1076 3718 Κεραμιδᾶς
1133 3643 1464 3716 ὀνομάζεται,
1535 3648 1656 3717 περί
1723 3662 1822 3696 που

224 3736 348 3795 τοὺς
370 3731 592 3805 βουνοὺς
621 3729 941 3806 διακείμενον
968 3741 1059 3794 τῆς
1106 3735 1363 3796 Κυζίκου.
1425 3729 1584 3804 Εἶχον
1634 3728 1693 3786 δε
1733 3737 1824 3786 καὶ

223 3825 316 3884 τὰς
342 3830 468 3884 ναῦς
501 3821 673 3875 αὐτῶν
727 3821 965 3896 ἑτοίμους
1013 3823 1079 3884 είς
1125 3827 1220 3882 τὴν
1282 3826 1670 3876 Κωνσταντίνου
1720 3842 1822 3875 πα-

223 3911 558 3980 λινοστῆσαι,
616 3916 716 3965 Καὶ
765 3913 966 3985 ᾤχοντο
1011 3911 1072 3964 ἂν
1131 3914 1390 3990 αἰσχύνη-ς
1457 3916 1548 3964 καὶ
1630 3915 1822 3985 ζημίας

224 4001 636 4075 πεπληρωμένοι,
671 4000 815 4074 εἰμὴ
865 4008 959 4055 τοῦ
1007 4009 1106 4055 τῶν
1160 4009 1350 4074 Πηγῶν
1401 4003 1593 4064 ἄστεως
1651 4021 1821 4076 περιε-

222 4095 427 4164 γένοντο
455 4098 519 4163 τῇ
552 4089 740 4163 κλοπῇ·
772 4091 900 4165 ἀνὴρ
921 4092 1022 4164 γάρ
1081 4110 1158 4153 τις
1215 4087 1382 4153 δεινός
1429 4090 1821 4167 ἁναρῥιχᾶσθαι

222 4200 352 4253 προς
394 4179 733 4255 ἀκρωνυχίας
783 4187 976 4253 πετρῶν
1033 4181 1110 4252 [Ρο
1169 4179 1262 4253 26]
1316 4176 1439 4234 ὀδόν
1490 4179 1685 4256 ἐφεῦρε,
1745 4177 1819 4234 δι’

224 4265 285 4332 ἧς
315 4269 670 4342 ὡπλισμένους
691 4273 946 4329 Λατίνους
977 4270 1024 4304 ⁵⁵
1051 4269 1121 4330 εἰς
1151 4273 1244 4328 τὴν
1299 4267 1576 4345 ἀκρόπολιν
1633 4273 1820 4334 νυκτός

223 4356 544 4424 ἀνεϐίϐασεν,
579 4358 629 4410 οἱ
666 4362 753 4411 καὶ
814 4365 924 4418 τοῖς
974 4356 1186 4430 φύλαξιν
1243 4361 1426 4430 αἴφνης
1478 4357 1819 4412 ἐπεισπεσόν-

222 4467 304 4510 τες
331 4448 524 4510 αύτούς
558 4467 610 4501 τε
663 4445 938 4520 ἐφόνευσαν
994 4451 1084 4499 καὶ
1140 4445 1270 4499 εἷλον
1328 4451 1386 4500 τό
1437 4449 1594 4504 οἰστυ,
1651 4456 1816 4503 Τοῦτο

221 4541 353 4610 πρὸς
409 4537 596 4610 βραχὺ
647 4540 738 4610 μὲν
794 4537 866 4598 εἰς
947 4533 1145 4590 δειλίαν
1227 4535 1511 4610 Ῥωμαίους
1598 4537 1812 4592 ἐνέϐαλε-

221 4625 422 4700 πλὴρης
445 4628 546 4700 γὰρ
583 4626 645 4684 ἦν
688 4627 719 4683 ἡ
775 4625 922 4688 πόλις
977 4621 1178 4699 ἀνδρῶν
1246 4625 1412 4677 καλῶν
1472 4645 1526 4678 τε
1577 4625 1820 4699 κάγαθῶν

221 4713 323 4766 κάκ
367 4723 465 4768 τῶν
508 4719 948 4788 περιφανεστέρων
1001 4711 1050 4765 ἓν
1124 4719 1472 4788 στρατιώταις
1531 4715 1600 4772 ⁸⁸.
1677 4716 1822 4771 Ἀλλ’

221 4806 250 4864 ἠ
311 4811 404 4857 τοῦ
454 4802 717 4878 βασιλέως
781 4808 900 4877 περὶ
948 4805 1014 4856 τὰ
1076 4811 1295 4856 τοιαῦτα
1379 4803 1650 4876 οἰκονομία
1731 4811 1821 4860 καὶ

223 4895 686 4976 στρατηγικωτρίτη
721 4889 951 4954 δεινότης
1004 4897 1098 4951 τὴν
1152 4900 1249 4945 τῶν
1295 4891 1558 4965 Ῥωμαίων
1619 4890 1820 4962 ’δειλίαν

217 5001 332 5035 τοτε
363 4982 726 5047 άπετινάξατο,
763 4985 850 5034 καὶ
880 4980 952 5042 εἰς
999 4984 1183 5034 πτοίαν
1242 4980 1432 5054 μᾶλλον
1479 4985 1598 5044 τοὺς
1657 4988 1820 5036 Λατί-

1855 4491 1904 4549 D

1956 523 2111 576 esset
2123 519 2468 576 domesticae
2483 521 2861 593 supellectilis
2873 523 3361 596 amplitudo,ﬁlii,
3375 524 3606 595 famuli,

1955 607 2319 680 famulaeque
2335 609 2834 682 impedimentum
2861 629 2874 667 :
2897 611 2960 668 in
2983 628 3053 669 ea
3069 613 3457 672 nihilominus
3477 632 3609 689 per-

1955 695 2154 754 stabat
2181 697 2493 766 sententia,
2535 699 2858 772 siquando
2889 699 3140 759 facultas
3188 708 3369 774 esset,
3423 705 3607 764 etiam

1953 786 2110 842 vires
2137 791 2509 843 exserturum
2525 792 2582 844 et
2593 789 2816 846 exitum
2841 794 3205 848 tentaturum
3233 796 3289 850 et
3316 800 3607 867 concepta

1952 880 2096 932 vota
2109 875 2438 944 obiturum,
2451 876 2708 950 ideoque
2720 895 2816 935 me
2830 880 2908 935 ad
2929 880 3348 953 imperatorem
3372 884 3605 956 praemio

1955 970 2128 1023 serat.
2165 965 2278 1023 Sed
2305 965 2557 1022 morbus
2574 967 2777 1038 gravis
2799 975 3051 1026 conatus
3070 970 3380 1044 intercepit
3400 990 3413 1028 :
3437 989 3606 1031 nam-

1952 1070 2073 1127 que
2099 1071 2254 1128 pene
2267 1057 2589 1114 semivivus
2606 1061 2664 1114 et
2692 1059 2894 1116 media
2916 1059 3008 1116 sui
3025 1064 3192 1132 parte
3215 1060 3331 1117 fere
3348 1062 3606 1120 exsicca-

1955 1147 2072 1214 tus,
2103 1160 2416 1219 annosque
2438 1146 2669 1203 circiter
2691 1147 2847 1204 duos
2867 1148 3020 1206 lecto
3040 1148 3333 1220 detentus,
3354 1151 3602 1209 tandem

1950 1232 2137 1290 vitam
2156 1235 2376 1293 amisit.
2401 1238 2530 1308 Ipse
2547 1252 2686 1294 vero
2711 1237 2771 1294 in
2795 1238 2935 1295 aula
2952 1238 3337 1312 imperatorio
3359 1245 3603 1315 sumptu

1949 1324 2305 1382 necessariis
2343 1325 2723 1398 providebar.

2017 1590 2106 1647 30.
2142 1593 2263 1646 Rex
2287 1591 2446 1647 enim
2472 1594 2755 1660 Joannes,
2783 1596 2849 1650 ut
2877 1593 3103 1651 dictum
3143 1599 3250 1665 est,
3303 1597 3409 1668 qui
3459 1597 3600 1654 item

1949 1678 2297 1752 Cpolitanus
2324 1680 2650 1752 imperator
2699 1681 3167 1751 acclamabatur,
3198 1686 3601 1757 Lampsacum

1948 1769 2240 1841 appulsus
2270 1769 2331 1824 in
2352 1768 2552 1826 locum
2580 1770 2826 1827 Holcum
2849 1771 3077 1828 dictum
3095 1788 3279 1829 naves
3311 1790 3450 1830 suas
3483 1775 3592 1847 51

1947 1857 2252 1915 subduxit.
2283 1860 2550 1956 Joannes
2575 1866 2777 1916 autem
2816 1861 3161 1934 imperator,
3213 1879 3350 1918 cum
3403 1864 3483 1921 ad
3511 1881 3602 1922 re-

1947 1948 2281 2004 sistendum
2313 1964 2384 2004 ac
2437 1948 2795 2006 descensum
2842 1951 3297 2022 impediendum
3340 1953 3420 2009 ob
3467 1957 3599 2025 jam

1944 2035 2135 2093 dictas
2184 2053 2399 2096 causas
2451 2039 2658 2112 copias
2717 2055 2841 2096 non
2897 2041 3168 2111 haberet,
3241 2041 3598 2100 militaribus

1943 2127 2175 2184 artibus
2205 2144 2346 2185 cum
2384 2129 2601 2200 exiguo
2632 2130 2821 2188 milite
2872 2131 3134 2188 hostium
3183 2137 3382 2189 motus
3411 2134 3596 2206 repri-

1943 2215 2167 2273 mebat.
2192 2217 2542 2274 Descenderi
2553 2223 2636 2275 int
2659 2219 2843 2276 Latini
2855 2224 2920 2276 et
2939 2235 3149 2278 eorum
3168 2237 3272 2278 rex
3309 2223 3592 2296 Joannes,

1943 2321 2169 2379 perque
2197 2304 2332 2363 loca
2369 2306 2653 2379 quaedam
2691 2308 2992 2366 maritima
3019 2307 3130 2366 iter
3183 2310 3595 2382 intendebant,

1943 2411 2082 2451 cum
2113 2410 2150 2450 a
2186 2394 2443 2465 navigiis
2493 2394 2799 2452 discedere
2828 2396 3036 2468 procul
3083 2412 3207 2453 non
3260 2397 3592 2455 auderent:

1939 2499 2088 2540 nam
2113 2498 2218 2540 eos
2269 2482 2536 2540 adversis
2583 2484 2771 2556 copiis
2827 2485 3154 2557 imperator
3210 2485 3592 2558 sequebatur,

1940 2572 2184 2646 ingenio
2212 2577 2528 2646 promptus
2555 2577 2613 2628 et
2637 2589 2791 2641 acer,
2823 2573 2930 2646 qui
2977 2591 3117 2632 cum
3173 2591 3361 2647 parva
3416 2575 3595 2632 etiam

1940 2678 2128 2719 manu
2139 2661 2400 2719 hostium
2422 2661 2686 2734 impetus
2708 2663 3112 2736 propulsaret.
3129 2666 3460 2737 Imperator
3489 2681 3594 2737 per

1939 2750 2172 2808 radices
2203 2750 2522 2820 montium,
2549 2751 2676 2807 Itali
2702 2766 2809 2824 per
2851 2751 3049 2809 littora
3096 2752 3206 2809 iter
3263 2753 3592 2812 habebant.

1938 2841 2155 2896 Parum
2184 2839 2387 2914 itaque
2408 2839 2468 2896 in
2495 2856 2602 2897 ora
2618 2840 2920 2897 maritima
2944 2841 3291 2914 imperatori
3322 2842 3594 2914 subjecta

1937 2928 2295 2986 commorati
2305 2930 2526 3001 (neque
2537 2929 2688 2985 enim
2705 2935 2986 3002 quattuor
2998 2945 3227 2986 menses
3249 2933 3591 3003 exegerant)

1937 3033 2048 3074 nec
2069 3017 2256 3074 multo
2278 3017 2506 3074 calcato
2528 3017 2678 3087 solo,
2702 3033 2842 3074 cum
2863 3033 2899 3073 a
2923 3019 3257 3090 Lampsaco
3273 3018 3592 3076 Cenchrias

1937 3121 2129 3179 usque
2143 3121 2220 3162 ne
2245 3105 2496 3162 minimo
2516 3105 2762 3178 quidem
2801 3107 3027 3162 damno
3049 3105 3231 3162 illlato
3265 3107 3590 3178 processis-

1938 3199 2070 3252 sent
2101 3196 2388 3267 (namque
2426 3194 2752 3268 imperator
2803 3194 3292 3250 eminentioribus
3311 3193 3458 3250 locis
3485 3210 3590 3252 ne-

1935 3283 2199 3341 cessaria
2247 3299 2504 3358 quaeque
2559 3287 2736 3340 antea
2790 3283 3088 3340 conducta
3139 3283 3199 3339 in
3251 3283 3590 3342 custodiam

1937 3373 2305 3445 tradiderat),
2327 3372 2407 3430 ad
2429 3375 2717 3443 Pegarum
2747 3372 3040 3446 oppidum
3060 3372 3373 3446 deﬂexere,
3409 3375 3588 3432 unico

1935 3465 2172 3520 tantum
2203 3461 2466 3534 castello,
2501 3461 2596 3518 cui
2623 3461 2948 3518 Ceramidae
2975 3477 3201 3519 nomen
3265 3466 3370 3531 est,
3430 3463 3590 3520 circa

1936 3552 2124 3625 Cyzici
2145 3552 2303 3609 coles
2326 3553 2463 3619 sito,
2505 3551 2762 3609 devicto.
2821 3555 3012 3608 Naves
3054 3567 3194 3608 vero
3248 3557 3586 3626 promptas,

1933 3643 2157 3716 quibus
2183 3659 2246 3699 se
2289 3642 2517 3716 Cpolim
2581 3642 2954 3711 reducerent,
3001 3643 3330 3710 habebant,
3390 3647 3448 3700 et
3501 3658 3588 3700 re-

1933 3736 2238 3789 meassent
2267 3732 2471 3806 utique
2509 3732 2746 3806 probris
2766 3748 2837 3790 ac
2866 3732 3106 3789 damnis
3136 3731 3314 3805 pleni,
3340 3732 3401 3788 ni
3427 3731 3586 3790 furto

1931 3824 2226 3893 Pegarum
2246 3822 2539 3896 oppidum
2555 3823 3138 3895 expugnassent.Vir
3156 3823 3316 3878 enim
3334 3821 3587 3894 quidam

1932 3925 2216 3966 saxorum
2246 3915 2550 3985 praerupta
2570 3911 2856 3968 scandere
2873 3911 3077 3967 dexter
3101 3926 3173 3967 ac
3196 3910 3381 3967 solers
3419 3911 3583 3967 viam

1929 4000 2172 4073 invenit,
2203 4017 2311 4074 per
2354 4017 2542 4074 quam
2593 4005 2776 4057 noctu
2817 4001 2928 4074 52
2977 4001 3038 4056 in
3077 4015 3276 4056 arcem
3316 4002 3582 4056 armatos

1931 4089 2107 4146 Italos
2127 4089 2476 4158 introduxit,
2498 4088 2603 4162 qui
2643 4090 2974 4162 improvisa
3010 4088 3341 4161 irruptione
3387 4092 3580 4144 custo-

1928 4178 2108 4235 dibus
2153 4178 2576 4236 contrucidatis
2643 4177 2937 4251 oppidum
3017 4181 3408 4250 occuparunt.
3460 4179 3581 4233 Hoc

1927 4267 2211 4326 Romanis
2231 4283 2356 4324 non
2384 4284 2600 4341 parum
2629 4268 2858 4324 timoris
2882 4267 3131 4324 incussit
3160 4284 3174 4322 :
3226 4266 3372 4323 urbs
3417 4265 3581 4324 enim

1929 4373 2001 4414 ea
2028 4357 2170 4412 viris
2205 4357 2408 4429 probis
2439 4373 2510 4413 ac
2534 4356 2710 4413 bonis
2743 4361 2799 4413 et
2822 4357 2972 4413 inter
3001 4355 3218 4414 milites
3247 4355 3578 4413 celebriori-

1929 4446 2046 4502 bus
2103 4445 2476 4503 abundabat.
2539 4448 2754 4502 Verum
2809 4446 3186 4518 imperatoris
3240 4446 3398 4501 circa
3451 4446 3581 4502 haec

1932 4536 2251 4608 prudentia
2276 4540 2334 4592 et
2379 4535 2705 4608 plusquam
2748 4536 3024 4592 militaris
3052 4534 3342 4592 calliditas
3369 4538 3581 4594 Roma-

1929 4641 2148 4681 norum
2225 4625 2472 4699 quidem
2527 4629 2754 4680 metum
2811 4625 3089 4696 excussit,
3169 4623 3388 4680 Latinis
3437 4640 3579 4681 vero

1930 4716 2224 4787 majorem
2246 4714 2629 4772 formidinem
2658 4714 2876 4786 injecit,
2899 4719 2955 4771 et
2983 4730 3138 4788 quos
3174 4714 3289 4786 ipsi
3322 4715 3578 4786 impetus

1931 4820 2001 4859 ex
2027 4804 2234 4877 praeda
2257 4804 2414 4860 facta
2441 4819 2753 4876 sumpsere
2781 4802 3056 4860 inhibuit.
3089 4802 3278 4872 Quare
3306 4818 3444 4858 cum
3472 4818 3576 4875 pa-

1927 4909 2064 4951 rum
2103 4899 2207 4949 aut
2235 4893 2404 4962 nihil,
2426 4898 2491 4949 ut
2518 4892 2747 4950 dictum
2772 4896 2882 4964 est,
2903 4891 3312 4966 profecissent,
3344 4891 3576 4964 Cpolim

1927 4987 2314 5040 reverterunt.

220 5091 332 5132 νους
376 5069 592 5139 ἐνέϐαλε,
627 5076 718 5124 καὶ
745 5079 838 5132 τῆς
863 5089 917 5123 τε
949 5080 1178 5143 φυσικῆς
1214 5071 1376 5145 ῥοπῆς
1407 5075 1496 5124 καὶ
1529 5079 1621 5133 τῆς
1648 5071 1888 5136 ἁλώσεως
1915 5082 2015 5127 τῶν
2040 5074 2468 5144 κατασχεθέντων
2487 5075 2823 5144 γεγενημένης
2855 5073 3032 5144 σφίσιν
3075 5070 3243 5143 όρμῆς
3294 5067 3572 5129 ἀνέστειλε.

222 5165 320 5214 Καὶ
361 5159 688 5236 ὑπέστρεψαν
741 5160 809 5220 εἰς
836 5163 930 5217 τὴν
964 5165 1373 5225 Κωνσταντίνου,
1405 5163 1610 5233 μικρὸν,
1633 5164 1702 5222 ὡς
1723 5163 1911 5235 ἔφημεν
1937 5161 1968 5221 ἣ
1995 5158 2146 5215 οὐδὲν
2173 5162 2505 5235 εἰργασμένοι
2535 5161 2578 5194 ⁸⁷
2595 5201 2609 5216 .

287 5249 385 5308 λα’,
445 5249 504 5302 Ὀ
561 5252 652 5323 μὲν
710 5249 797 5301 όύν
850 5246 1103 5322 βασιλεὺς
1168 5247 1427 5310 Ἰωάννης.
1477 5247 1563 5302 οἶα
1632 5249 1820 5313 ἐκεῖνος

221 5334 389 5402 δεινός
437 5337 663 5415 ἐφευρείν
710 5334 967 5412 μεθόδους
1025 5336 1074 5390 έν
1129 5340 1474 5414 περιστάσεσι
1541 5344 1714 5392 σῶσαί
1764 5359 1819 5393 τε

287 5562 360 5596 δι’
389 5561 627 5615 κωλῦσαι
653 5593 724 5603 --
749 5566 916 5624 αίτίας
970 5576 1092 5618 om.
1135 5563 1198 5618 D.

221 5634 458 5708 θρώπους
487 5640 618 5690 Κατ.
653 5636 718 5690 D.

1276 5561 1324 5597 ⁵³
1354 5565 1444 5615 καὶ
1472 5593 1542 5602 -
1571 5561 1830 5626 ἐναντίους
1883 5579 2006 5620 om.
2058 5565 2124 5619 D.

795 5634 844 5670 ⁵⁸
881 5635 984 5686 κοξκ
1006 5665 1078 5674 -
1113 5637 1460 5710 στρατιώταις
1487 5649 1608 5692 om.
1643 5635 1710 5693 D.
1742 5635 1786 5670 ⁵⁷
1821 5656 1833 5687 2

1942 5639 2007 5696 είς
2030 5666 2100 5676 -
2124 5634 2454 5708 εἰργασμένοι
2484 5650 2606 5693 om.
2641 5637 2706 5692 D.

1997 5255 2083 5309 31.
2119 5255 2449 5324 Imperator
2474 5251 2732 5306 Joannes
2765 5247 3254 5322 impendentibus
3298 5247 3575 5323 periculis

1925 5345 1982 5399 et
2010 5340 2192 5398 rebus
2223 5340 2286 5398 in
2315 5344 2650 5397 extremum
2671 5338 2944 5398 adductis
2973 5338 3294 5396 discrimen
3339 5355 3576 5396 succur-

2229 5563 2277 5598 ⁵⁸
2308 5563 2471 5635 ἄχρις
2514 5567 2604 5616 καὶ
2644 5571 2746 5638 τῶν
2797 5565 3072 5638 Κεγχρέων
3097 5563 3166 5620 D.
3246 5562 3294 5598 ⁵⁵
3325 5561 3453 5616 ὠπλ.
3487 5560 3571 5614 ἁν-
