4084 6212
604 309 740 368 1055

1879 294 2161 353 GEORGII
2192 291 2668 352 ACROPOI‘ITE.

3740 300 3855 366 m3

598 449 728 491 rere
758 430 1072 507 perspicax
1094 431 1149 486 et
1173 430 1405 497 acutus,
1435 427 1500 483 ut
1538 438 1679 480 suos
1718 422 1866 479 tueri
1912 437 1982 478 ac
2014 434 2249 477 servare

2360 420 2421 470 τὸ
2484 417 2691 484 οἰκεῖον,
2751 418 2877 493 ὑπὲρ
2931 414 2991 470 οὖ
3048 421 3137 471 καὶ
3188 416 3413 481 πλείονος
3464 415 3612 473 ἐδεῖτο
3657 422 3849 498 167w“;
3906 414 3923 477 ἶ

601 528 824 596 posset,
845 520 1009 594 quod
1031 524 1085 575 et
1105 517 1298 587 magis
1321 516 1572 586 dignum
1594 512 2070 569 consideratione
2101 514 2249 578 erat,

601 617 659 669 et
683 614 886 668 hostes
916 609 1241 677 inﬁrmare,
1263 611 1319 663 et
1345 621 1453 678 per
1471 604 1599 661 haec
1619 602 1740 659 duo
1753 601 1998 674 propria
2018 605 2251 657 consta-

599 701 811 766 biliret,
846 703 908 755 ut
956 698 1138 754 ambo
1198 696 1526 769 perﬁceret,
1574 693 1825 748 modum
1863 691 2109 747 invenit.
2170 692 2251 745 Ex

598 788 971 862 imperatrice
994 790 1156 842 [rene
1176 785 1366 841 ﬁlium
1394 786 1757 854 susceperat,
1790 780 1886 837 cui
1933 780 2011 836 ab
2059 779 2249 851 impe-

598 882 794 934 ratore
823 878 1133 933 Theodoro
1162 874 1399 930 Lascari
1446 878 1662 945 patruo
1713 885 1934 929 nomen
1981 869 2247 933 dederat,

598 967 879 1024 undecim
907 967 1036 1037 jam
1058 980 1251 1021 annos
1298 979 1368 1020 eo
1400 962 1684 1034 temporis
1734 964 1964 1017 natum.
2015 960 2250 1014 Asanus

598 1057 740 1114 item
770 1056 1017 1113 ﬁliolam
1041 1053 1251 1111 habuit
1280 1052 1560 1108 Helenam
1592 1050 1856 1115 nomine,
1887 1048 1965 1104 ab
2016 1050 2252 1117 Ungara

600 1152 819 1213 ortam,
849 1161 1211 1202 novennem.
1245 1144 1576 1215 Imperator
1598 1140 1676 1197 ad
1731 1144 1997 1196 Asanum
2034 1137 2248 1208 Bulga-

596 1253 802 1294 rorum
829 1235 1149 1307 principem
1181 1238 1446 1289 oratores
1477 1230 1669 1298 mittit,
1725 1234 1789 1285 ut
1814 1228 2251 1301 sponsaliorum

597 1325 752 1381 inter
788 1324 897 1397 53
933 1338 1153 1396 pueros
1180 1326 1236 1377 et
1282 1321 1434 1376 inter
1485 1336 1547 1375 se
1600 1317 1901 1375 afﬁnitatis
1948 1316 2249 1372 mentione

598 1412 843 1469 inducta
868 1412 941 1467 de
962 1418 1169 1466 mutuo
1199 1409 1419 1466 auxilio
1450 1408 1791 1479 mutuisque
1834 1406 1984 1461 inter
2023 1420 2085 1460 se
2129 1408 2249 1461 tra-

598 1502 813 1557 dendis
832 1501 1029 1573 operis
1053 1514 1396 1555 sermonem
1419 1500 1820 1553 consererent.
1842 1500 2077 1550 Asanus
2094 1492 2251 1561 lega-

597 1591 825 1647 tionem
855 1588 1154 1661 approbat
1184 1606 1197 1656 ;
1231 1592 1409 1659 pacta
1438 1591 1731 1643 conventa
1756 1583 2154 1640 conﬁciuntur
2196 1585 2251 1638 et

594 1677 987 1750 jurejurando
1018 1677 1468 1733 conﬁrmantur.

672 1861 757 1914 32.
805 1859 966 1913 Tunc
1042 1855 1187 1912 mihi
1272 1855 1710 1913 mathematum
1776 1859 1834 1911 et
1889 1853 2250 1911 sublimioris

600 1947 927 2020 disciplina;
944 1961 1147 2003 amore
1159 1947 1371 2014 excito,
1385 1945 1667 2001 omnibus
1682 1946 1874 2002 valere
1882 1946 1902 2017 j
1915 1945 2086 2011 ussis,
2130 1959 2252 1999 una

599 2052 741 2093 cum
772 2036 899 2092 aliis
928 2035 1430 2102 adolescentibus,
1455 2035 1538 2091 ita
1558 2041 1859 2091 annuente
1894 2036 2251 2107 imperatore

600 2129 778 2199 atque
810 2128 1182 2198 Exapterygo
1234 2124 1546 2181 Theodoro
1604 2124 1985 2192 informante,
2044 2124 2251 2195 logicte

600 2214 859 2270 scientiae
911 2213 1109 2270 aditus
1146 2214 1420 2286 foresque
1469 2215 1835 2286 aperiuntur.
1919 2215 2063 2269 Cum
2116 2218 2252 2270 ante

601 2303 1024 2376 imperatorem
1057 2304 1572 2369 convenissemus,
1596 2305 1655 2358 in
1688 2319 1783 2358 me
1823 2304 2090 2359 oratione
2112 2317 2252 2357 con-

600 2407 776 2447 versa
812 2392 1139 2463 imperator
1176 2392 1323 2447 dixit
1361 2410 1373 2447 :
1410 2413 1459 2445 ››.
1486 2395 1602 2447 Hos
1654 2392 1846 2448 Nicaea
1902 2392 2253 2464 desumptos

601 2480 951 2551 praeceptori
982 2478 1195 2535 tradidi
1230 2497 1243 2535 :
1273 2480 1375 2535 tibi
1405 2495 1435 2535 e
1462 2480 1649 2536 domu
1693 2496 1828 2536 mea
1876 2485 2140 2552 accepto,
2191 2484 2257 2536 ut

602 2583 724 2624 una
755 2583 891 2623 cum
917 2567 1013 2623 his
1044 2568 1439 2637 instruereris,
1467 2568 1807 2624 facultatem
1834 2568 1965 2625 feci.
2000 2569 2253 2625 Ostende

603 2656 805 2728 itaque
837 2661 891 2713 te
920 2672 1058 2712 vere
1083 2672 1113 2712 e
1136 2672 1270 2712 mea
1290 2657 1798 2727 domuegressum
1822 2657 2026 2724 fuisse,
2051 2659 2253 2730 sicque

602 2744 987 2802 mathematis
1011 2744 1293 2802 incumbe
1314 2744 1658 2801 :militarem
1678 2746 1838 2801 enim
1859 2747 2035 2803 vitam
2053 2752 2254 2802 secuto

602 2838 751 2907 quot
777 2850 849 2890 ex
878 2833 1228 2891 liberalitate
1251 2834 1630 2906 imperatoris
1657 2835 1957 2907 stipendia
1974 2835 2253 2891 constitui

601 2927 901 2997 poterunt,
936 2928 1021 2979 tot
1053 2923 1159 2979 tibi
1207 2927 1311 2978 aut
1361 2939 1483 2979 non
1542 2923 1731 2980 multo
1784 2924 1957 2997 plura
2013 2928 2256 2996 propter

602 3012 842 3068 familiae
868 3011 1286 3069 claritudinem
1312 3019 1687 3085 supererunt.
1731 3018 1802 3069 At
1847 3013 1949 3069 ubi
1987 3013 2254 3086 philoso-

2358 506 2707 579 ἀναχαιτίσαι
2734 526 2789 559 τε
2818 510 2908 559 καὶ
2938 510 2997 559 τὸ
3026 508 3340 574 ὑπεναντίον,
3399 511 3464 569 ὡς
3509 508 3564 560 ἂν
3612 507 3673 563 δι’
3714 511 3851 587 ἀμφοῖν

2358 599 2425 649 τὰ
2479 597 2647 649 οἰκεῖα
2688 599 3014 670 κρατύνοιτο,
3083 599 3312 671 εὑρίσκει
3385 602 3558 672 τρόπον
3621 598 3855 679 ἀποπληρω.

2357 688 2501 739 τικόν
2540 693 2647 738 τοῖν
2688 681 2855 738 δυοῖν.
2903 687 3178 758 Ἐγεννήθη
3231 690 3332 760 γὰρ
3384 687 3515 758 αύτῷ
3567 688 3664 759 (63)
3703 693 3786 752 υἱὸς
3818 694 3855 745 ἐκ

2358 783 2456 835 τῆς
2495 770 2780 848 βασιλίδος
2834 774 3074 848 Εἰρήνης,
3130 773 3171 847 ᾧ
3214 781 3304 829 καὶ
3352 775 3525 836 κλῆσις
3571 783 3651 829 τοῦ
3696 779 3853 831 πάππον

2359 867 2449 916 καὶ
2502 861 2761 936 βασιλέως
2806 860 3047 939 Θεδὼρου
3090 872 3181 918 τού
3230 867 3522 939 Λασκοίριος
3577 864 3853 918 ἑπετίθειτο⁵ὀ

2360 950 2631 1007 ἑνδέκατον
2657 949 2718 1005 δέ
2771 956 2821 1005 οἱ
2881 956 2993 1015 ἔτος
3033 958 3149 1007 τότε
3197 955 3399 1013 ἠνύετο.
3453 959 3547 1007 Καὶ
3592 955 3615 1006 ὀ
3655 956 3781 1007 Ἀσὰν
3816 952 3855 1008 δέ

2362 1044 2639 1116 θυγάτριον
2700 1044 2878 1116 ἔσχεν,
2941 1042 3108 1103 Ἐλένη
3168 1044 3298 1101 αύτῆ
3354 1046 3589 1116 τοῦνομα,
3638 1047 3754 1115 παρὰ
3793 1053 3857 1105 τῆς

2358 1130 2413 1194 ἐξ
2464 1132 2716 1206 Ούγγρων
2768 1133 3104 1203 γαμηθείσης
3150 1131 3313 1202 αὐτῷ’
3367 1134 3561 1184 ἔννατον
3607 1136 3685 1183 καὶ
3742 1133 3856 1204 mir;

2358 1224 2472 1281 ἔτος
2520 1229 2603 1279 ῆν.
2666 1220 2945 1294 Πρεσϐείαν
2995 1228 3119 1293 γοῦν
3173 1220 3367 1274 στέλλει
3418 1223 3444 1274 ό
3497 1219 3718 1294 βασιλέὺς
3769 1225 3857 1293 πρὸς

2357 1312 2442 1362 τὸν
2489 1309 2788 1385 Βουλγάρων
2845 1312 3083 1384 ἄρχοντα
3124 1311 3308 1379 Ἀσὰν,
3365 1315 3455 1362 καὶ
3508 1313 3753 1382 μνηστείας
3796 1316 3862 1359 τῶν
3956 1306 3957 1317 ¹

2358 1395 2562 1452 παίδων
2626 1402 2933 1471 μνημονεύει
2985 1404 3075 1451 καί
3119 1407 3215 1462 τῆς
3253 1398 3439 1472 ἀμφοῖν
3506 1402 3775 1471 ἀγχιστείας
3805 1404 3864 1449 καὶ

2359 1495 2451 1540 τοῦ
2503 1485 2575 1540 δι’
2630 1488 2875 1550 ἀλλήλους
2927 1497 3299 1562 συνασπισμοῦ
3368 1508 3421 1541 τε
3498 1493 3582 1540 καὶ
3647 1491 3864 1561 συγκροτή-

2362 1596 2486 1638 σεως
2523 1578 2590 1613 ⁶⁰·
2651 1583 2750 1632 Καὶ
2803 1575 3021 1650 δέχεται
3066 1580 3092 1631 ὁ
3148 1577 3311 1632 Ἀσὰν
3369 1582 3460 1636 τὴν
3506 1573 3764 1652 πρεσϐείαν,
3808 1580 3865 1626 καὶ

2358 1665 2677 1740 πληροῦνται
2717 1669 2772 1719 αἱ
2799 1672 3112 1740 συμφωνίαι.
3138 1673 3239 1721 Καὶ
3279 1669 3363 1720 ἐπὶ
3410 1669 3605 1728 τούτοις
3647 1668 3723 1716 καὶ
3768 1664 3867 1737 ὅριοι

2288 1748 2329 1804 Β
2358 1755 2559 1829 προύϐη
2569 1775 2664 1808 σαν
2684 1758 2753 1813 ⁶¹.

2429 1844 2531 1918 λβ·
2581 1850 2708 1899 Τότε
2757 1854 2881 1918 γοῦν
2923 1851 3013 1898 καὶ
3062 1845 3218 1906 αὐτὸς
3267 1848 3421 1919 ἔρωτι
3461 1851 3554 1897 τῶν
3621 1842 3866 1915 μαθημάτων

2361 1936 2515 1997 ἁλοὺς
2560 1941 2650 1989 καὶ
2704 1945 2798 1997 τῆς
2858 1935 3184 2011 ἁψηλοτέρας
3239 1943 3339 1987 τῶν
3383 1935 3543 2007 λόγων
3600 1928 3864 1993 πιλιίδεύοίιιοςν

2358 2033 2468 2089 τοῖς
2516 2032 2651 2079 πᾶσι
2707 2030 2914 2101 χαίρειν
2959 2025 3131 2091 εἰπὼν,
3176 2025 3429 2098 θελήματι
3482 2031 3569 2076 τοῦ
3633 2028 3867 2096 κρατοῦντος

2361 2118 2492 2188 μετὰ
2541 2120 2631 2167 καί
2688 2114 2866 2188 ἐτέρων
2923 2117 3179 2189 μειράκων
3247 2115 3316 2175 εἰς
3392 2112 3485 2175 τὰς
3571 2120 3661 2164 τῶν
3710 2110 3867 2180 λογικῶν

2360 2199 2732 2276 παιδευμάτων
2777 2205 2931 2277 θύρας
2990 2208 3319 2278 παρήγγισα,
3394 2198 3672 2260 Παιδωτὴς
3733 2195 3779 2249 δέ
3830 2197 3867 2252 ἐν

2362 2296 2487 2365 ἡμῖν
2523 2294 2549 2345 ό
2603 2292 2981 2368 Ἐξαπτέρυγος
3030 2289 3304 2366 Θεόδωρος
3365 2293 3500 2365 (64)·
3561 2289 3688 2344 Ἐπεὶ
3732 2283 3779 2339 δι
3816 2288 3869 2357 ἔμ-

2363 2384 2585 2456 προσθεν
2641 2391 2734 2435 τοῦ
2783 2381 3046 2455 βασίλέως
3094 2381 3435 2455 συνήλθομεν,
3491 2384 3612 2455 πρός
3659 2398 3713 2451 με
3759 2381 3868 2434 τείνας

2362 2475 2449 2524 τὸν
2478 2471 2628 2543 λόγον
2658 2473 2683 2524 ό
2711 2471 2962 2545 βασιλεὺς
2991 2471 3205 2544 εἰρήκει,
3229 2474 3300 2534 ὡς
3337 2473 3562 2532 Τούτους
3606 2471 3686 2541 μὶν
3728 2467 3773 2518 ἐκ
3812 2468 3871 2517 Sto

2362 2565 2514 2622 καίας
2550 2560 2717 2613 λαϐὼν
2760 2569 2833 2632 τῷ
2889 2557 3248 2633 διδασκαλείῳ
3296 2557 3591 2635 παρέδωκα,
3643 2560 3693 2609 σε
3732 2551 3780 2607 δε
3813 2560 3871 2603 τοῦ

2363 2651 2488 2724 ίμοῦ
2510 2650 2733 2703 ἐκϐαλὼν
2769 2654 2913 2704 οίκου
2959 2655 3195 2703 τουτοισί
3256 2658 3532 2723 συναφῆκα
3576 2642 3883 2707 διδάσκεσθαι,”
3968 2642 3969 2697 Ῑ

2364 2741 2534 2803 Δεῖξον
2573 2737 2662 2793 οὖν
2713 2744 2781 2803 ὡς
2838 2739 3041 2803 ἀληθῶς
3091 2747 3183 2801 τῆς
3229 2738 3357 2812 ἐμῆς
3408 2739 3572 2799 οἰκίας
3623 2736 3774 2809 ὶξῄεις,
3815 2736 3871 2781 καὶ

2364 2831 2559 2884 οὑτωσί
2605 2839 2705 2883 τῶν
2775 2832 3097 2903 μαθημάτων
3172 2828 3555 2901 ἀντιποιηθητυ
3629 2828 3872 2897 Στρατιώτδς

2367 2924 2456 2993 μὲν
2476 2923 2578 2994 γὰρ
2609 2924 2666 2972 τὸ
2711 2916 3038 2992 έπιτήδευμα
3080 2924 3301 2991 γεγονὼς
3355 2921 3525 2972 ὁπόσα
3575 2916 3631 2970 ἂν
3678 2918 3801 2985 ἔσχες
3832 2910 3872 2959 τά

2363 3018 2454 3063 τοῦ
2510 3014 2814 3084 σιτηρεσίου
2864 3013 3008 3084 παρὰ
3097 3018 3189 3069 τῆς
3275 3007 3558 3082 βασιλικῆς
3638 3002 3871 3067 δεξιὼσιως,

600 3101 758 3175 phiae
803 3101 1143 3158 insinuatus
1196 3102 1493 3172 frugiferis
1537 3102 1754 3174 opibus
1797 3106 1850 3159 te
1888 3102 2249 3176 impleveris,

2362 3108 2596 3153 τοσαῦτα
2624 3098 2683 3151 ἃν
2714 3104 2845 3160 ἴσως
2864 3106 3013 3171 ῆΙκαὶ
3062 3099 3233 3171 ὀλίγον
3286 3099 3445 3152 πλείω
3490 3117 3570 3151 σοι
3612 3092 3694 3148 διὰ
3731 3100 3776 3144 τὸ
3812 3094 3872 3140 τοῦ

601 3205 858 3262 magnos
886 3191 1146 3247 honores
1198 3206 1267 3247 ac
1315 3190 1633 3261 dignitates
1684 3191 1787 3247 tibi
1847 3191 2251 3264 comparabis.

600 3281 870 3351 Namque
892 3279 1329 3336 inter-homines
1356 3281 1621 3337 maxime
1642 3280 1920 3336 omnium
1942 3281 2252 3352 conspicui

600 3369 949 3442 praecellunt
994 3370 1315 3442 imperator
1381 3374 1561 3443 atque
1632 3370 2050 3443 philosophus.
2078 3393 2105 3420 «
2134 3373 2253 3427 Hac

600 3459 829 3515 ratione
852 3459 992 3515 aula
1017 3475 1292 3530 egressus
1316 3460 1672 3532 praeceptori
1699 3475 1796 3514 me
1821 3459 2021 3515 dedidi
2059 3475 2253 3516 annos

601 3552 828 3619 septem
844 3548 1117 3604 etdecem
1133 3553 1341 3603 natum
1370 3552 1811 3604 .Verumtamen
1840 3551 2249 3621 Exapterygus

600 3637 662 3692 in
688 3636 1069 3693 mathematis
1091 3654 1213 3693 non
1236 3638 1566 3693 admodum
1599 3638 1943 3710 praestabat,
1977 3639 2081 3694 sed
2104 3638 2254 3695 mul-

601 3727 728 3781 tum
746 3725 1003 3781 dicendo
1026 3726 1232 3789 valuit,
1249 3733 1454 3799 utpote
1468 3727 1775 3783 rhetoricis
1795 3729 2002 3785 studiis
2037 3730 2253 3789 eximie

599 3812 902 3869 institutus
924 3818 979 3869 et
1009 3814 1087 3870 ad
1113 3814 1519 3887 eloquendum
1547 3816 1876 3888 composite
1928 3834 2044 3873 usu
2074 3825 2252 3892 atque

598 3902 842 3972 ingenio
869 3908 1276 3975 comparatus,
1301 3903 1557 3977 ideoque
1572 3905 1967 3961 nomenillius
1991 3907 2251 3964 celeber-

598 3991 821 4048 rimum
864 3991 978 4066 54
1021 3992 1147 4049 fuit.
1198 3995 1276 4050 Eo
1317 3993 1653 4063 demortuo,
1704 4000 2024 4069 postquam
2072 3998 2249 4054 nobis

599 4088 947 4154 poematum
972 4084 1262 4155 ambages
1292 4084 1651 4157 explicasset
1678 4090 1733 4141 et
1762 4086 2048 4142 orationis
2070 4088 2252 4144 conﬁ-

600 4172 827 4227 ciendae
844 4178 1033 4228 artem
1054 4174 1413 4239 tradidisset,
1440 4174 1518 4230 ad
1544 4174 1936 4231 Blemmidem
1963 4176 2251 4249 Nicepho-

599 4275 757 4327 rum,
788 4277 911 4331 quo
961 4262 1265 4317 neminem
1320 4264 1383 4317 in
1436 4263 1865 4335 phi1030phicis
1921 4263 2251 4336 disciplinis

2359 3194 2534 3261 γένους
2587 3192 2858 3263 περιφανὴς
2924 3192 3091 3242 ἔσται.
3160 3187 3424 3260 Ἕμπλεως
3508 3184 3564 3239 δε
3644 3182 3873 3257 φιλοσοφίας

2361 3284 2533 3352 φανεὶς
2586 3279 2817 3352 μεγάλων
2886 3277 3154 3351 ἁξιωθὴση
3212 3286 3315 3330 τῶν
3370 3285 3529 3351 τιμῶν
3589 3293 3640 3327 τε
3680 3276 3755 3324 καὶ
3808 3274 3873 3319 τῶν

2357 3376 2541 3444 γερῶν.
2592 3372 2738 3440 μόνοι
2789 3371 2890 3440 γὰρ
2948 3368 3184 3420 ἁπάντων
3240 3366 3523 3441 ἀνθρώπων
3547 3364 3872 3436 ὀνομαστότατοι

2362 3456 2613 3532 βασιλεὺς
2660 3462 2750 3510 καὶ
2799 3457 3090 3530 φιλόσοφος.
3142 3456 3295 3509 Οὕτω
3345 3460 3436 3530 μὶν
3489 3462 3581 3507 τῶν
3652 3450 3873 3519 ἀνακτόρων

2360 3551 2716 3622 ὑποχωρήσας
2765 3551 2828 3608 ὡς
2877 3543 3208 3600 διδασκάλου
3264 3551 3428 3621 φέρων
3477 3543 3689 3598 ἐνέϐαλον
3728 3538 3869 3599 ἑαυτὸν,

2361 3634 2800 3691 ἐπτακαιδεκατον
2845 3636 2949 3697 ἔτος
2999 3638 3158 3707 οἶγων.
3215 3635 3313 3688 Ἦν
3365 3633 3425 3688 δε
3470 3634 3629 3699 οὗτος,
3674 3632 3731 3690 ὡς
3775 3629 3871 3696 ἔφη,

2361 3728 2386 3780 ό
2437 3727 2826 3801 Ἐξαπτέρυγος,
2873 3725 3002 3801 ἀνὴρ
3058 3725 3116 3777 ού
3170 3726 3306 3777 πάνυ
3364 3728 3454 3798 μὲν
3530 3725 3786 3791 ἐπιστήμων

2359 3824 2462 3878 τοῖς
2518 3800 2847 3888 μαθημασιν,
2905 3800 2980 3885 [Ρέ
3038 3813 3131 3884 27]
3188 3812 3387 3884 ἀγαθὸς
3418 3810 3476 3866 δὲ
3546 3810 3749 3883 φράζειν,
3816 3800 3871 3851 οἷά

2356 3907 2637 3983 ῥητορικῆς
2722 3907 2993 3977 κατάκρως
3067 3900 3412 3978 ἐνδιατρίψας
3485 3902 3649 3973 λόγοις
3704 3900 3775 3948 καὶ

2358 3976 2644 4067 ὲξοῑῪζῙέλειν
2715 3976 2907 4067 εὐφυῶς
2970 3976 3325 4066 μεμελετηκὼς
3417 3997 3505 4045 καὶ
3593 3987 3754 4043 πολλοῦ
3809 3976 3870 4032 διὰ

2357 4094 2507 4140 τοῦτο
2560 4085 2840 4157 ἠξιωμένος
2900 4083 3172 4156 ὀνόματος.
3224 4084 3447 4138 Ἐκείνου
3505 4078 3561 4134 δε
3605 4077 3867 4131 τελευτήσασα

2357 4196 2446 4238 τος
2496 4176 2627 4248 μετὰ
2677 4179 2770 4232 τὴν
2828 4173 2897 4235 εἰς
2951 4175 3090 4245 ἡμᾶς
3140 4181 3237 4226 τῶν
3298 4173 3597 4245 ποιημάτων
3654 4168 3866 4236 σαφήνειαν

2358 4270 2447 4318 καί
2478 4268 2569 4323 τὴν
2618 4270 2713 4323 τῆς
2770 4272 2867 4315 τῶν
2922 4262 3085 4333 λόγων
3134 4266 3323 4333 τέχνης
3384 4256 3726 4322 διδασκαλίαν,
3768 4248 3866 4320 παρὰ

601 4349 1075 4418 Ρτωειᾶηῐὶοτοω
1115 4350 1417 4416 novimus,
1448 4367 1542 4407 me
1572 4353 1769 4423 ipsum
1799 4353 2251 4426 contuli,etqui-

2360 4358 2448 4408 τὸν
2498 4348 2795 4424 Βλεμμίδην
2843 4355 3140 4425 Νικηφόρον
3193 4353 3332 4422 (65),
3383 4351 3436 4403 ὃν
3485 4354 3592 4402 τότε
3643 4345 3791 4400 πάντες
3820 4336 3866 4388 οῖι

674 4444 721 4478 ³⁸
762 4444 887 4527 ὑπὲρ
913 4475 983 4527 -ῗ
1010 4443 1180 4527 λογουλ
1194 4462 1316 4527 our.
1488 4450 1546 4527 _59
1577 4447 1762 4505 κλῆσιν
1792 4456 1882 4499 τοῦ
1913 4450 2129 4527 πάππου
2163 4449 2437 4527 Θεοδώρου
2469 4449 2727 4527 ἐμεθέτετο
2756 4449 2821 4505 D.

2917 4450 2964 4523 ἐξ
2994 4449 3195 4501 ἔννατον
3222 4479 3305 4523 -ἒ
3325 4450 3703 4523 συγκροτήσεως
3728 4432 3865 4491 στελλει

601 4513 690 4567 οὖν
717 4513 1053 4589 πρὸςτούτον
1077 4513 1104 4568 ό
1146 4515 1392 4589 βασιλεύς
1422 4519 1540 4593 ύρὲρ
1572 4524 1847 4590 μνηστείας
1872 4528 1970 4572 τῶν
1995 4518 2200 4574 παίδων
2228 4526 2293 4579 D.
2345 4513 2412 4560 ’⁸⁸
2448 4513 2537 4575 καὶ
2574 4522 2659 4576 πλ.
2699 4552 2772 4562 -—-
2798 4519 3101 4594 προύϐησαν
3132 4536 3252 4577 om.
3280 4520 3343 4575 D.

1487 4667 1829 4737 Theodori
1879 4670 2128 4740 Dousae
2176 4682 2243 4741 et
2288 4673 2541 4743 Leonis
2589 4672 2825 4742 Allatii
2874 4680 3076 4740 notae.

669 4830 785 4903 (63)
817 4830 1095 4903 Ἐγεννήθη
1143 4829 1245 4905 γιὶρ
1304 4828 1465 4902 αὐτῷ.
1575 4828 1795 4905 Eadem
1874 4834 2256 4905 prosequitur

601 4902 892 4972 Gregoras
932 4918 989 4974 p.
1024 4905 1113 4969 29,
1161 4902 1384 4959 Céetera
1431 4902 1808 4958 conveniunt.
1844 4902 2140 4961 intersunt
2171 4910 2256 4961 ta—

600 4990 741 5046 men
772 4975 920 5029 inter
940 4975 1259 5043 Gregoram
1275 4979 1330 5029 et
1343 4974 1740 5046 Acropolitam
1760 4990 1771 5027 :
1792 4989 1937 5046 nam
1954 4976 2011 5046 in
2041 4978 2253 5046 Grego-

600 5059 684 5120 ra
699 5044 874 5113 legati
888 5061 959 5120 ex
974 5045 1242 5120 Bulgarirs
1255 5044 1517 5120 veniuni,
1536 5044 1944 5120 ingloropolita
1961 5045 2039 5120 ab
2068 5044 2253 5120 impe-

600 5119 795 5194 ratore
823 5116 1170 5194 mittuntur;
1203 5119 1264 5171 in
1295 5119 1553 5194 Gregora
1591 5117 1713 5171 ﬁlia
1753 5116 1986 5194 Bulgari
2035 5116 2254 5175 Helena

602 5186 886 5259 decennis
918 5191 1023 5259 est,
1051 5188 1111 5241 in
1141 5186 1477 5259 Acropolita
1506 5187 1817 5259 novennis,
1849 5194 1983 5245 ALL.

674 5256 790 5335 (64)
820 5252 1107 5335 Θεόδωρος.
1143 5258 1275 5327 Legi
1298 5252 1498 5335 nescio
1528 5259 1671 5335 quid
1703 5258 1917 5335 hujus__
1938 5259 2247 5335 Theodori,

604 5327 709 5384 sed
741 5327 1034 5381 memoria
1062 5344 1183 5383 non
1215 5331 1476 5402 suggerit
1502 5327 1817 5402 quodnam
1862 5329 2007 5385 illud
2043 5327 2248 5386 fueriti

604 5402 682 5455 ad
712 5414 807 5453 res
838 5402 1041 5453 tamen
1084 5399 1543 5456 mathematicas
1598 5407 1901 5472 spectasse
1959 5403 2247 5474 suspicor.

604 5476 738 5527 ALL.

672 5542 901 5622 (6529c
933 5539 1259 5622 Blemmide
1288 5539 1559 5622 pluribus
1587 5540 1729 5622 alibi
1761 5542 2027 5622 egimus.
2082 5543 2252 5622 Edita

606 5611 747 5671 sunt
773 5611 931 5669 illius
964 5611 1377 5686 Phil050phica
1398 5614 1700 5686 etLogica,
1719 5617 1774 5671 et
1798 5611 2100 5673 orationes
2114 5615 2250 5673 dum

2361 4833 2437 4890 de
2466 4834 2846 4906 processione
2872 4832 3120 4905 Spiritus
3133 4831 3329 4906 sancti
3341 4846 3459 4906 per
3486 4844 3576 4906 me
3588 4823 3865 4906 in_Latin1_1_n}

2363 4896 2749 4978 verémﬂulto
2770 4896 2940 4978 plura
2956 4909 3099 4978 sunt
3128 4905 3187 4959 in
3210 4896 3592 4978 bibliothecis.
3609 4896 3866 4978 P6965339

2362 4958 2797 5047 magna};
2814 4958 3265 5047 signasses;
3284 4958 3381 5028 διῖ
3403 4958 3532 5047 εῖνςι
3541 5042 3551 5047 _
3568 4973 3668 5047 τὸν⁸
3683 4958 3865 5047 Qui???

2360 5030 3082 5104 eihiﬁdriide"séhbio
3127 5046 3309 5103 Paulo
3355 5051 3413 5102 et
3462 5042 3583 5099 aliis
3638 5030 3864 5104 Patribqs,

2359 5097 2979 5191 ᾇὶιῗίᾘῖἔῦοᾘιοῖᾗὲ
2992 5097 3330 5191 ξᾷιίῐδῖἷεῐιὶι
3356 5097 3867 5191 ξγίιείῶθεετυηξξὲῗ

2361 5174 2711 5267 gantissime
2742 5195 2798 5267 et
2832 5188 2912 5267 ad
2937 5190 3252 5267 antiquum
3295 5201 3534 5267 succum}
3580 5174 3866 5267 ξοηείῖξίξξῆζ

2362 5255 2423 5331 ῖῐι
2452 5262 2729 5331 Vaticana
2749 5260 2963 5331 legitur
2991 5255 3286 5331 ejusdem:
3317 5265 3482 5331 ᾼόγος
3511 5256 3563 5331 ὃς
3587 5255 3865 5331 έπεστὲληγῖξῖ

2362 5313 2952 5405 ῥὰάιῑέὲξᾟᾶᾱιλῖέὲῖ
2994 5313 3480 5405 ὲᾶἧοέιξξᾶνδριξίςῖ
3540 5313 3642 5405 iga
3702 5313 3865 5405 ξιξμξσξξ

2359 5390 2662 5475 μονασταῐξ
2704 5408 2791 5455 καὶ
2840 5390 2995 5475 παντὶ
3062 5390 3350 5475 σπουδαίῳΙ
3399 5390 3667 5455 λυσιτελής.

2361 5465 2548 5550 pium:
2610 5478 2783 5546 Νόμος
2814 5474 3066 5550 ’ἀρχῆθεν
3122 5465 3443 5550 01196033va
3482 5476 3584 5529 τοῖς
3650 5465 3863 5535 πράγμασι

2358 5545 2478 5608 τούς
2503 5545 2761 5607 ὑπηκόους
2783 5545 3031 5620 εἰσφέρειν
3061 5554 3132 5617 τῷ
3159 5545 3389 5620 βασιλεῖ.
3423 5549 3550 5598 ALL'
