4084 6212
101 323 368 398 “nos:

1734 337 2058 394 ANNALES
3434 336 3572 392 1058

197 462 381 539 δαμεν
436 464 732 538 τελεώτερον
784 469 883 515 τῶν
946 461 1108 516 ἄλλων
1170 462 1220 516 ἰν
1277 469 1394 524 ταῖς
1440 465 1575 516 κατά
1609 462 1810 536 φιλοσο-

1963 479 2164 536 unque
2193 479 2315 519 una
2340 479 2580 520 mecum
2608 462 2817 534 logicis
2847 461 3358 536 speculationibus
3387 464 3576 518 atten-

197 559 336 628 φίαν
385 558 722 625 ἐπιστήμαις,
798 550 1052 624 ἐφοίτησά
1102 571 1156 604 τε
1199 551 1356 614 αὐτὸς
1405 558 1496 605 καὶ
1550 555 1664 606 ὅσοι
1721 555 1810 605 σὺν

1968 553 2169 609 ebant.
2203 555 2268 608 Et
2296 553 2370 608 de
2404 569 2500 608 me
2531 553 2664 625 ipso
2688 553 2817 608 haec
2846 552 2908 608 in
2939 552 3216 625 praesenti
3241 553 3384 608 satis
3417 550 3578 607 dicta

197 642 330 718 ἐμοὶ
373 643 626 697 ἐτελοῦντο
684 643 752 694 τὰ
799 641 1002 713 λογικά.
1060 646 1159 695 Καὶ
1208 643 1234 694 6
1283 647 1399 716 περὶ
1461 643 1606 715 ἡμῶν
1665 641 1810 714 λόγος

1966 644 2078 698 int:
2104 643 2164 698 in
2213 649 2520 713 posterum
2561 659 2702 698 vero
2747 642 2996 715 reliqua,
3055 643 3160 698 ubi
3202 658 3330 698 sese
3383 641 3579 698 tulerit

197 738 381 807 μέχρι
410 735 663 786 τοσούτου
715 735 868 783 νυνί·
939 729 1153 794 ἐσαῦθις
1205 727 1264 785 δε
1313 733 1413 790 ὅπη
1461 736 1699 808 παρείκοι
1749 738 1810 804 τῇ

1251 750 1264 784 ι
1313 733 1413 790 ὅπη
1461 736 1699 808 παρείκοι
1749 738 1810 804 τῇ
1924 733 2184 804 occasio,
2219 733 2477 789 historias
2509 732 2864 790 inserantur.

202 823 428 896 ἱστορίᾳ
451 819 944 896 παρεμϐληθήσεται
963 820 1032 874 ⁸³.

278 911 386 983 17’.
445 911 587 964 Ἐπεὶ
627 906 709 977 δε,
761 912 831 972 ὡς
917 914 1262 985 προειρήκειν,
1319 913 1410 963 καὶ
1465 908 1652 984 ἀμφοῖν
1706 915 1816 962 τοῖν

1997 915 2084 969 33.
2117 911 2264 967 Cum
2292 911 2517 984 itaque,
2547 915 2614 968 ut
2650 910 3072 983 praedixeram,
3104 910 3286 966 ambo
3315 911 3578 966 Joannes

202 1000 486 1075 βασιλέοιν
525 1001 582 1052 αἱ
621 995 850 1052 σπονδαὶ
898 1006 990 1060 τῆς
1023 998 1386 1072 συμϐιϐάσεως
1433 1003 1683 1072 γένοιντο,
1743 1005 1814 1070 τῷ

1966 1013 2118 1058 ιιιοᾶε
2151 1001 2478 1073 imperator
2522 1005 2577 1056 et
2605 1005 2840 1057 Asanus
2881 1003 3138 1056 Joannes
3186 998 3579 1068 Bulgarorum

197 1110 262 1145 τε
297 1085 518 1144 Βασιλεῖ
539 1109 673 1162 φημι
695 1087 903 1162 Ἰωάννῃ
933 1097 1006 1160 τῷ
1054 1091 1223 1162 Δούκᾳ
1275 1095 1366 1142 καὶ
1415 1097 1488 1160 τῷ
1539 1095 1810 1164 κρατοῦντι

1968 1107 2028 1148 ex
2057 1090 2118 1146 in
2152 1105 2340 1146 unum
2368 1089 2588 1146 foedere
2625 1089 2744 1146 icto
2773 1089 3215 1158 convenissent,
3259 1088 3581 1160 imperator

197 1187 312 1233 τῶν
371 1177 674 1253 Βουλγάρων
732 1179 892 1231 Ἀσόιν
949 1179 1182 1252 Ἰωάννη,
1241 1178 1591 1255 προκατίλαϐε
1645 1181 1734 1251 μὲν
1787 1177 1810 1228 ὁ

1970 1195 2326 1252 ampsacum
2380 1183 2786 1251 praeoccupat,
2832 1183 2889 1234 et
2933 1177 3121 1250 copiis
3202 1175 3583 1248 Calliupolim

201 1267 470 1344 βασιλεὺς
499 1267 550 1304 ⁸⁸
583 1271 678 1325 τήν
708 1265 1024 1340 Λάμψακον,
1078 1271 1170 1320 καὶ
1235 1264 1636 1341 διαπεραιοῦται
1684 1271 1814 1342 μετὰ

1972 1269 2162 1340 ’δῇἱοίμ
2194 1269 2542 1342 adactisque
2576 1267 2874 1323 machinis
2906 1266 3216 1324 castellum
3249 1265 3494 1334 invadit,
3526 1268 3585 1322 et

195 1365 307 1412 τῶν
342 1357 540 1410 οἰκείων
571 1351 841 1429 δυνάμεων
893 1356 964 1418 εἰς
1023 1356 1414 1426 Καλλιούπολιν,
1465 1361 1556 1410 καὶ
1607 1357 1808 1431 πολεμεῖ

1967 1374 2046 1414 on
2077 1357 2266 1414 multo
2305 1362 2441 1431 post
2484 1373 2516 1413 e
2546 1356 2908 1412 Venetorum
2940 1355 3222 1412 manibus
3246 1356 3580 1427 recuperat.

198 1449 262 1499 τὸ
306 1447 466 1512 ἄστυ,
528 1445 776 1507 ἑλεπόλεις
827 1449 1049 1516 στήσας,
1104 1451 1195 1499 καὶ
1237 1445 1285 1498 ἐν
1341 1445 1402 1499 ού
1433 1445 1601 1518 πολλῷ
1637 1451 1811 1520 χρόνῳ

1972 1453 2061 1504 ost
2085 1448 2214 1504 haec
2240 1451 2476 1504 Asanus
2516 1462 2655 1502 cum
2686 1462 2871 1503 uxore
2900 1445 3080 1503 Maria
3113 1447 3352 1514 Ungara
3381 1448 3438 1499 et
3460 1443 3585 1500 ﬁlia

201 1543 493 1610 χειροῦται
519 1541 694 1606 τοῦτο,
735 1541 832 1596 τῆς
857 1542 958 1586 τῶν
1013 1539 1285 1588 Βενετίκων
1351 1531 1622 1597 διασώσας
1663 1544 1814 1588 τοῦτο

1975 1537 2146 1594 elena
2212 1535 2588 1609 Calliupolim
2639 1536 2821 1606 venit,
2877 1535 2980 1591 ubi
3033 1551 3172 1590 cum
3225 1534 3583 1606 imperatore

203 1628 396 1700 χειρός
434 1625 502 1680 ⁸⁸.
562 1625 709 1676 Μετὰ
765 1629 920 1675 τοῦτο
973 1622 1358 1696 καταλαμϐάνει
1415 1629 1508 1683 τὴν
1563 1623 1816 1677 Καλλιού-

1973 1641 2271 1683 ermonem
2295 1627 2554 1682 conserit
2578 1645 2590 1682 :
2616 1625 2962 1699 ibidemque
2990 1625 3312 1682 amicitiam
3339 1628 3586 1696 uterque

206 1714 364 1768 πολιν
394 1718 481 1766 καὶ
519 1714 546 1765 6
577 1713 736 1766 Ἀσὰν
766 1716 860 1764 σὺν
887 1720 948 1786 τῇ
984 1712 1149 1786 οἰκείᾳ
1201 1721 1401 1786 γαμετῇ
1461 1721 1524 1788 τῇ
1579 1713 1634 1777 ἐξ
1685 1716 1819 1786 Οὔγ-

1973 1717 2310 1774 onﬁrmant.
2354 1717 2454 1772 llic
2483 1715 2930 1789 Hellespontum
2960 1731 3084 1772 non
3116 1714 3360 1785 trajecit,
3386 1714 3493 1769 sed
3525 1713 3586 1769 in

209 1823 355 1879 γρων
385 1807 568 1878 Μαρίᾳ
593 1803 638 1839 ⁸⁵
668 1806 759 1854 καὶ
785 1809 848 1868 τῇ
885 1804 1103 1876 θυγατρὶ
1157 1802 1323 1877 Ἑλένη
1379 1805 1448 1870 ⁸⁸,
1506 1809 1596 1857 καὶ
1647 1808 1822 1879 συνέρ-

1976 1805 2273 1878 alliupolis
2313 1805 2586 1877 partibus
2618 1804 2926 1861 remansit.
2958 1806 3221 1860 Joannes
3264 1803 3589 1874 imperator

213 1912 378 1965 χεται
438 1892 506 1953 εἰς
559 1890 934 1945 Καλλιούπολιν
994 1893 1038 1928 ⁸⁷
1090 1901 1161 1964 τῷ
1215 1891 1442 1965 βασιλεῖ,
1504 1897 1594 1946 καὶ
1644 1895 1710 1946 τὰ
1753 1893 1824 1954 εἰς

1977 1911 2071 1950 um
2097 1909 2282 1950 uxore
2321 1898 2379 1949 et
2422 1893 2548 1949 ﬁlia
2596 1892 2816 1950 Helena
2848 1895 3269 1963 Lampsacum,
3322 1891 3426 1947 ubi
3464 1893 3590 1946 erat

217 1981 394 2054 φιλίαν
433 1979 718 2055 ἀμφότεροι
781 1976 1215 2054 διαπράττονται,
1275 1981 1442 2044 Οὗτος
1495 1985 1582 2044 μεν
1625 1977 1712 2034 οὖν
1763 1981 1823 2034 ού

1974 1999 2099 2040 rene
2129 1983 2495 2055 imperatrix,
2553 1987 2800 2038 remeat.
2857 1985 2923 2038 Et
2965 1995 3292 2052 puerorum
3346 1980 3587 2050 nuptias

219 2067 500 2144 διεπέρασε
583 2073 670 2122 τόν
728 2069 1122 2140 Ἑλλήσποντον,
1201 2069 1308 2123 ἀλλ’
1363 2073 1550 2144 ἔμεινεν
1616 2069 1664 2123 ἒν
1716 2076 1824 2133 τοῖς

1974 2075 2256 2144 pparant,
2281 2087 2418 2126 cum
2437 2072 2767 2126 Germanus
2786 2069 3127 2143 patriarcha
3147 2069 3259 2140 55
3288 2069 3440 2124 inter
3457 2082 3587 2123 rem

221 2167 314 2220 τῆς
359 2158 775 2220 Καλλιουπόλεως
804 2162 1012 2233 μέρεσιν
1044 2160 1113 2196 “-
1174 2161 1200 2211 6
1249 2155 1308 2212 δὲ
1358 2158 1603 2233 βασιλεὺς
1651 2160 1826 2212 Ἰωάν-

2010 2161 2204 2216 vinam
2243 2160 2594 2233 nuptiarum
2626 2159 3012 2215 caeremonias
3030 2157 3401 2214 absolvisset.
3427 2159 3590 2213 Tunc
3621 2223 3623 2225 ι

225 2267 316 2308 νης
339 2253 433 2307 τήν
463 2248 618 2302 αὐτοῦ
646 2249 875 2321 σύζυγον
901 2253 993 2302 σὺν
1015 2257 1077 2322 τῇ
1115 2251 1334 2324 θυγατρὶ
1356 2248 1524 2323 Ἑλένη
1564 2248 1731 2301 λαϐὼν
1776 2250 1823 2286 ⁸³

1976 2255 1996 2306 t
2024 2250 2262 2307 Trinobi
2289 2250 2511 2324 praesul
2540 2249 2847 2322 Cpolitano
2876 2248 3175 2305 obnoxius
3204 2247 3589 2320 imperatorio

231 2333 628 2413 διαπεραιοῦται
687 2338 758 2398 εἰς
815 2337 1129 2411 Λάμψακον,
1218 2340 1338 2391 ἔνθα
1395 2335 1456 2397 ἧν
1513 2340 1542 2396 ἠ
1613 2337 1827 2412 βασιλὶς

1977 2355 2006 2396 c
2038 2339 2329 2412 synodico
2360 2339 2621 2405 decreto,
2652 2343 2717 2394 ut
2744 2343 2945 2394 Asano
2983 2338 3375 2410 Bulgarorum
3426 2336 3590 2408 prin-

226 2426 445 2500 Εἰρήνη,
477 2432 563 2480 καὶ
591 2427 853 2500 πληροῦσι
880 2431 974 2486 τὴν
1008 2435 1108 2480 τῶν
1158 2423 1363 2480 παίδων
1417 2428 1468 2462 7°
1526 2429 1824 2500 συνάφειαν,

1976 2428 2052 2502 ipi
2083 2427 2390 2484 afﬁnitatis
2429 2431 2488 2484 et
2527 2427 2806 2484 amicitiae
2855 2441 3044 2483 causa
3100 2426 3589 2497 gratiﬁcarentur,

225 2523 328 2569 τοῦ
356 2519 684 2589 πατριάρχου
720 2523 978 2592 Γερμανοῦ
1015 2519 1084 2569 τὰ
1133 2524 1224 2577 τῆς
1281 2515 1562 2592 ἱερολογίας
1589 2518 1635 2553 ⁷¹
1691 2517 1826 2570 τελέ-

1982 2533 2050 2573 uo
2073 2517 2206 2588 jure
2231 2517 2432 2572 vivere
2459 2521 2516 2572 et
2543 2515 2895 2588 patriarchae
2933 2515 3178 2570 nomine
3208 2513 3595 2570 condecorari

230 2625 434 2667 σαντος.
462 2611 586 2660 Τότε
609 2609 698 2659 καὶ
743 2608 769 2658 6
799 2605 1048 2682 Τρινόϐου
1110 2604 1386 2680 ἀρχιερεὺς
1440 2606 1556 2679 (66)
1586 2608 1685 2660 ὑπὸ
1739 2610 1826 2659 τὸν

1981 2606 2210 2662 btinuit.
2243 2606 2343 2662 His
2375 2620 2516 2676 ergo
2543 2620 2614 2661 ac
2640 2603 2935 2660 similibus
2963 2603 3211 2676 expletis
3247 2601 3594 2676 imperatrix

224 2703 326 2757 τῆς
385 2695 965 2757 Κωνσταντινουπόλεως
1010 2695 1164 2749 τελῶν
1217 2695 1503 2769 αὐτονομίᾳ
1556 2699 1828 2769 τετίμηται

1980 2710 2102 2751 ’θηθ
2133 2711 2273 2751 cum
2323 2693 2448 2750 ﬁlio
2501 2709 2572 2750 ac
2622 2709 2850 2766 sponsa
2893 2692 2956 2748 in
3005 2691 3396 2750 orientalibus
3447 2690 3593 2748 locis

219 2789 314 2838 καὶ
368 2787 712 2860 πατριάρχης
780 2783 1187 2858 ἀναγορεύεσθαι
1246 2789 1482 2861 κέκριται
1565 2784 1826 2858 βασιλικῷ

1980 2783 2311 2853 ersabatur,
2342 2782 2522 2840 Asani
2551 2797 2704 2838 uxor
2732 2783 2792 2838 in
2841 2781 3012 2838 sedes
3040 2797 3182 2838 suas
3214 2797 3453 2837 reversa
3480 2784 3593 2836 est.

217 2879 313 2928 καὶ
345 2871 612 2946 συνοδικῷ
639 2881 710 2946 τῷ
745 2877 1068 2948 θεσπίσματι
1117 2875 1188 2942 ⁷³,
1237 2877 1465 2950 χάριτας
1515 2882 1616 2927 τῶν
1665 2875 1826 2950 προῦ-

1981 2887 2193 2930 )ιιῐιηθε
2233 2873 2517 2944 deinceps
2556 2873 2882 2944 imperator
2921 2875 2976 2926 et
3015 2876 3248 2926 Asanus
3284 2869 3594 2926 conductis

219 2968 425 3037 χόντων
484 2963 832 3016 ἀποτινύντων
891 2971 964 3034 τῷ
1022 2962 1326 3036 Βουλγάρων
1386 2965 1610 3040 ἄρχοντι
1667 2964 1827 3017 Ἀσὰν

1980 2962 2127 3035 opiis
2157 2965 2408 3034 uterque
2430 2960 2744 3017 occiduam
2772 2959 3040 3032 plagam,
3068 2975 3204 3031 quae
3227 2957 3445 3014 Latinis
3473 2973 3593 3013 ser-

217 3060 317 3107 τοῦ
347 3049 544 3114 κήδους
572 3052 718 3106 ἕνεκα
745 3058 835 3106 καὶ
875 3061 964 3114 τῆς
1012 3051 1178 3125 φιλίας
1215 3053 1304 3107 ,⁷³.
1362 3052 1502 3106 Ἐπεὶ
1552 3060 1675 3125 γοῦν
1729 3055 1830 3106 ὅσα

1979 3052 2155 3118 iebat,
2186 3053 2592 3114 excurrerunt,
2617 3047 2962 3120 ingentique
2989 3047 3128 3102 inde
3149 3047 3356 3118 praeda
3378 3045 3592 3117 depor-

221 3141 275 3204 ὶς
330 3145 395 3195 τὰ
449 3150 669 3195 τοιαῦτα
723 3145 861 3216 φέρει
942 3109 1294 3216 πεπλήρωται,
1353 3143 1382 3200 ἡ
1460 3109 1573 3214 μὲν.
1615 3140 1828 3214 βασιλὶς

1979 3147 2062 3197 ita
2099 3109 2438 3212 Scythicam
2509 3109 2914 3204 solitudinem,
2955 3141 3020 3192 ut
3068 3109 3388 3209 proverbio
3438 3109 3592 3204 utar,

221 3231 420 3306 Εἰρήνη
451 3234 538 3284 τόν
581 3233 693 3284 υἱόν
727 3233 857 3302 μετὰ
881 3239 977 3290 τῆς
1007 3233 1212 3303 νύμφης
1249 3229 1484 3283 λαϐοῦσα
1532 3238 1641 3292 τοῖς
1685 3231 1830 3304 ἑῴοις

2025 3229 2287 3284 iversam
2351 3225 2694 3295 eﬂ‘ecerunt,
2780 3224 3036 3281 urbibus
3089 3239 3160 3280 ac
3218 3223 3480 3294 regione,
3530 3226 3632 3279 ut-

225 3317 550 3395 συνδιῃτᾶτο
578 3325 800 3394 χώροις,
834 3321 1081 3382 ᾧσαύτως
1113 3316 1172 3372 δὲ
1229 3325 1318 3373 καὶ
1371 3321 1402 3378 ἡ
1434 3327 1526 3372 τοῦ
1579 3321 1629 3357 ⁷⁸
1664 3321 1829 3374 Ἀσὰν

1978 3317 2330 3391 1rejurando
2370 3319 2792 3385 convenerant,
2821 3315 2934 3370 sibi
2963 3314 3190 3371 divisis.
3247 3313 3591 3388 Calliupolis

227 3413 460 3484 σύζυγος
506 3407 555 3462 ἓν
610 3417 722 3472 τοῖς
783 3408 990 3471 οἰκείοις
1047 3413 1223 3469 τόποις
1298 3408 1635 3484 ὑπέστρεψεν,
1691 3410 1716 3460 ό
1771 3407 1831 3463 δὲ

1980 3425 2076 3464 um
2101 3411 2238 3464 ante
2268 3405 2596 3462 adventum
2640 3404 2825 3461 Asani
2853 3408 3201 3476 expugnata
3229 3403 3448 3468 fuisset,
3481 3403 3593 3459 sub

227 3499 482 3574 βασιλεὺς
523 3498 762 3562 Ἰωάννης
813 3502 902 3552 καὶ
956 3499 982 3551 6
1025 3498 1183 3552 Ἀσὰν
1231 3499 1326 3560 τὰς
1355 3497 1546 3560 οἰκείας
1583 3494 1830 3571 δυνάμεις

1982 3495 2322 3569 nperatoris
2382 3497 2675 3568 potestate
2758 3493 2939 3550 venit.
3011 3492 3197 3550 Simili
3260 3493 3492 3549 ratione
3539 3495 3595 3548 et

224 3589 634 3663 προσειληφότες
652 3593 742 3641 καὶ
797 3587 949 3662 ἄμφω
1005 3591 1100 3646 τὴν
1145 3583 1364 3646 δυτικὴν
1420 3587 1532 3658 (6⁸7)
1573 3584 1831 3664 κατέδραο

1978 3586 2197 3659 [adyta,
2251 3589 2306 3641 et
2379 3583 2577 3640 omnis
2627 3583 2720 3639 cui
2777 3583 3148 3640 Chersoneso
3203 3597 3428 3639 nomen
3484 3585 3591 3638 est.

227 3699 327 3754 μον
355 3685 559 3754 χώραν,
591 3680 760 3736 ὁπόση
787 3675 848 3736 ἧν
885 3684 994 3739 τοῖς
1039 3681 1286 3738 Λατίνοις
1325 3673 1667 3733 δουλεύουσα.
1733 3681 1833 3730 Καὶ

1982 3675 2214 3732 [abebat
2241 3679 2530 3747 praeterea
2545 3673 2871 3745 imperator
2887 3676 2943 3728 et
2962 3672 3107 3729 Cissi
3137 3676 3420 3743 castrum,
3441 3675 3498 3728 et
3517 3670 3595 3728 ad

227 3769 369 3823 λείαν
407 3771 496 3842 μεν
540 3768 728 3826 πολλὴν
785 3770 1096 3825 ἐποιήσαντο
1144 3767 1192 3801 ⁷⁵
1223 3770 1309 3819 καὶ
1357 3766 1565 3818 Σκυθῶν
1613 3765 1833 3840 ἄρημίαν

1981 3764 2190 3819 Luvium
2207 3763 2310 3835 qui
2326 3762 2559 3820 Maritza
2580 3777 2616 3818 a
2645 3761 2847 3818 multis
2868 3767 3118 3818 vocatur
3141 3761 3292 3816 ﬁnes
3312 3760 3594 3817 extendit.

229 3862 317 3928 (τό
361 3867 453 3919 τῆς
488 3862 773 3932 παροιμίας
826 3858 876 3892 ⁷⁵
923 3855 1100 3926 εἰπεῖν)
1161 3858 1256 3913 τὴν
1304 3854 1512 3908 ἅπασαν
1579 3853 1835 3930 ἀπειργά-

1982 3853 2170 3908 'otitus
2193 3851 2385 3926 estad
2416 3852 2544 3907 hinc
2567 3855 2624 3907 et
2656 3855 2860 3907 monte
2888 3853 3072 3921 Gano,
3098 3850 3159 3907 in
3188 3866 3312 3922 quo
3342 3849 3595 3922 oppidu-

234 3967 415 4012 σαντο,
449 3951 598 4020 σφίσι
627 3943 688 4000 δὲ
718 3946 890 4006 αὐτοῖς
935 3946 1072 3996 κατὰ
1122 3946 1238 4004 τοὺς
1283 3945 1468 4018 ὅρκους
1495 3945 1540 3979 ⁷⁷
1575 3947 1643 3997 τὰ
1696 3945 1833 4002 ἄστη

1982 3957 2068 3997 1m
2105 3940 2411 4008 exstruxit,
2441 3940 2612 4012 cujus
2641 3940 2703 3995 in
2735 3939 3069 3995 custodiam
3102 3939 3263 3994 misit
3286 3939 3595 3994 Nicolaum

232 4043 327 4091 καὶ
353 4042 448 4096 τὴν
485 4043 667 4112 χώραν
703 4033 1086 4108 διεμερίσαντο.
1120 4037 1222 4086 Καὶ
1284 4032 1660 4094 Καλλιούπολις
1723 4036 1833 4106 μὲν,

1982 4033 2289 4096 Lotertzem,
2333 4029 2528 4086 virum
2583 4028 2853 4101 plurimis
2909 4027 3133 4100 proeliis
3160 4027 3503 4092 exercitum,
3534 4027 3595 4083 in

235 4125 346 4180 ἅπιὶ
373 4130 464 4178 καὶ
517 4127 620 4200 πρὸ
673 4133 764 4186 τῆς
822 4123 1164 4185 συνελεύσεως
1219 4129 1312 4175 τοῦ
1343 4122 1506 4178 Ἀσὰν
1549 4121 1695 4197 παρᾶ
1744 4128 1837 4175 τοῦ

1990 4119 2167 4176 uibus
2199 4119 2354 4175 adeo
2383 4119 2738 4191 praestiterat
2765 4121 2831 4172 ut
2873 4115 2986 4188 56
3021 4115 3184 4188 apud
3209 4131 3420 4172 omnes
3449 4115 3597 4172 illud

241 4213 565 4288 βασιλέως⁷⁸
595 4212 744 4283 ἑάλω,
785 4213 884 4265 ὑπὸ
939 4216 1027 4264 τὸν
1100 4210 1326 4284 βασιλέα
1372 4209 1586 4284 ἐγένετο,
1653 4212 1839 4284 ὁμοίως

1987 4209 2258 4280 ulgatum
2283 4207 2459 4264 fuerit
2488 4205 2794 4262 neminem
2831 4221 3028 4278 neque
3053 4210 3189 4262 ante
3232 4221 3372 4261 eum
3402 4220 3597 4278 neque

237 4310 330 4358 καὶ
375 4301 608 4358 Μάδυτα
634 4308 724 4356 καὶ
783 4308 930 4356 πᾶσα
993 4303 1024 4361 ἡ
1086 4300 1438 4374 ὀνομαζομένη
1489 4300 1835 4377 Χερρόνησος.

1989 4303 2084 4355 ost
2106 4313 2245 4354 eum
2275 4295 2457 4353 fuisse
2485 4295 2590 4368 qui
2612 4299 2696 4352 tot
2715 4310 2786 4351 ac
2811 4299 2978 4350 tanta
3005 4293 3271 4350 facinora
3294 4293 3389 4349 vel
3418 4299 3602 4351 atten-

311 4395 359 4430 ⁶²
383 4399 582 4447 Τότε-
599 4391 1095 4464 παρεμθηθὴσεται
1147 4406 1270 4464 om.
1313 4393 1394 4464 _D.
1506 4391 1554 4429 ⁸³
1611 4387 1841 4464 δε-εἰς]
1902 4385 1954 4442 δ’
1985 4390 2038 4464 αἰ
2069 4383 2266 4464 modsz
2297 4381 3008 4464 ἐγὲνοντο,ήδιαπεραιοῦται
3042 4381 3436 4464 ἐκυᾼαμψάκου
3467 4385 3602 4464 μετὰ

311 4412 359 4430 ’⁸
384 4412 582 4447 ἰὀτι-
599 4413 674 4446 πα
711 4412 1095 4464 εμοΛησησεται
1147 4412 1270 4447 om.
1328 4412 1394 4446 υ.
1507 4412 1554 4429 ’ν
1611 4412 1816 4453 οε-εις
1902 4412 1930 4442 σ
1985 4412 2038 4440 αι
2069 4412 2266 4440 meum
2297 4412 2542 4458 E'revmn’a,
2606 4412 3008 4458 υιαπιῑρυιιυυται
3042 4412 3097 4436 ιιι
3137 4412 3220 4436 ιιυι
3262 4412 3436 4453 Ψακυυ
3467 4412 3599 4456 μδ-ιυι

239 4475 340 4519 τῶν
377 4466 576 4537 οἰκείων
602 4465 629 4517 6
665 4412 915 4537 βασιλεὺς
943 4462 1113 4537 εἰςῖΙ).
1187 4461 1273 4537 ﬂ“
1303 4460 1576 4537 ξινασώσας
1605 4467 1782 4537 χειρός
1807 4412 1920 4537 ό.-
1989 4461 2036 4496 ⁸⁵
2070 4466 2133 4537 τῇ
2155 4457 2514 4537 ⁸ἰξτοῦγγρων
2543 4461 2724 4537 Μαρίᾳ
2753 4471 2873 4537 om.
2917 4458 2981 4510 Ι).
3020 4531 3030 4537 _
3095 4455 3142 4491 ⁸⁸
3169 4412 3347 4537 Ἑλένῃ.
3368 4471 3494 4537 oni.
3534 4457 3599 4511 D.

241 4541 288 4576 ⁵⁷
327 4537 399 4600 εἰς
425 4525 797 4606 Καλλιούπολιν
835 4549 958 4590 om.
1001 4535 1064 4606 Ι),
1183 4532 1230 4568 ⁸³
1267 4525 1706 4606 ούτος-μέρέσῖιί
1730 4549 1852 4606 om.
1886 4533 1952 4587 D.
1980 4604 2021 4606 _7
2065 4525 2118 4606 ἦέ
2144 4532 2170 4582 ὁ
2201 4525 2288 4606 οῦν
2317 4525 2596 4606 ’Ᾱσδωᾼτηυ
2633 4525 2795 4606 αὐτοῦ
2833 4531 3072 4606 ,γαμετὴν
3099 4529 3188 4606 καί
3211 4529 3268 4578 τό
3315 4525 3602 4600 ’θυγάτριον

240 4596 412 4663 λαϐὼν
441 4609 507 4662 1).
613 4607 663 4643 ⁷ο
687 4605 978 4675 πληροῦται
1006 4605 1074 4655 τὰ
1099 4609 1190 4655 τοῦ
1217 4599 1415 4664 κήδους
1437 4596 1770 4656 τῶν’παίδων
1803 4605 1866 4658 D.
1919 4674 1928 4675 ί
1978 4604 2025 4675 7f
2071 4600 2434 4675 ἱεροτελεστίας
2467 4600 2536 4675 D.
2594 4666 2613 4675 Α
2642 4600 2691 4637 ’⁸⁸
2733 4596 3006 4675 τετίμητο-
3037 4596 3300 4675 βασιλικῷ
3348 4596 3439 4650 καί
3477 4596 3604 4675 ῥυν-

161 4711 182 4717 -
241 4678 412 4751 οδιχῷ
440 4677 746 4751 ψηφίσματι
784 4666 880 4751 Ι),-
954 4675 1011 4751 73
1040 4675 1360 4751 χάριτας-έ-
1384 4675 1556 4751 φ-ιλίας
1582 4691 1704 4751 ρω.
1990 4666 2211 4751 διητᾷτο
2241 4676 2477 4751 χωρίοις,
2515 4672 2545 4729 ἡ
2581 4666 2641 4723 δὲ
2679 4678 2770 4724 τοῦ
2987 4666 3156 4751 καὶ
3206 4666 3344 4751 λείαν
3374 4667 3606 4751 -Λέποι-

242 4736 463 4813 accuro.
494 4736 628 4806 0⁸111.⁸
658 4751 724 4806 D.
833 4748 882 4783 ’³⁸
912 4749 972 4799 τό
1121 4736 1428 4820 παροιμίας]
1459 4749 1527 4807 ὡς
1576 4747 1694 4809 ἔπος
1727 4749 1793 4802 D.
1906 4747 1952 4782 ⁷⁷
2012 4736 2148 4798 κατὰ
2204 4736 2339 4805 τούς¹
2387 4736 2568 4817 ὅρκους
2624 4757 2748 4800 om.
2803 4743 2873 4797 D.
2992 4743 3041 4778 ⁷⁸
3097 4743 3240 4817 παρὰ
3289 4748 3382 4794 τοῦ
3441 4738 3605 4813 βασι-

241 4825 367 4888 λέως
399 4837 521 4880 om.
557 4823 627 4878 Ι).

1128 4937 1470 5008 Theodori
1516 4939 1764 5008 Dousa:
1814 4948 1882 5007 et
1925 4938 2177 5009 Leonis
2224 4936 2459 5006 Allatii
2509 4943 2710 5005 notae.

321 5091 438 5161 (66)
481 5087 541 5140 '0
612 5083 864 5161 Τρινόϐόυ
894 5081 1186 5161 ἀρχιερεύς.
1235 5081 1574 5154 Acropolita
1625 5082 1728 5161 ύπό
1765 5084 1854 5161 τόν
2039 5077 2244 5161 Κήδους
2272 5084 2509 5161 τινόντων
2532 5079 2974 5161 τῶν-κρατούντων
3001 5077 3050 5161 of
3066 5076 3250 5150 χάριν.
3273 5077 3610 5161 ῥοιδρρφῇία

254 5147 842 5219 κωνσταντινουπόλεως
891 5147 1066 5219 τὲλῶνξ
1127 5147 1414 5223 Gregoras
1459 5161 1530 5224 τῷ
1577 5157 1700 5214 τέως
1755 5154 1854 5206 ύπὸ

1996 5169 2060 5209 ne
2074 5152 2295 5224 morite
2325 5152 2501 5224 lapsu
2552 5150 2646 5224 vel
2683 5147 2912 5224 parum
2962 5147 3157 5224 rebus
3193 5147 3609 5224 ecclesiasticis

250 5240 342 5289 τόν
389 5232 809 5306 ἀρχιεπίσκοπον
864 5234 958 5289 τῆς
1019 5219 1426 5298 πρώτηξτελῶν
1455 5219 1854 5287 Ἰουστινιανῆς.

254 5308 320 5347 In
353 5303 644 5347 nnnmntit
679 5297 1050 5347 Enhrmmius
1079 5297 1137 5347 in
1169 5296 1495 5347 Chronico:

1998 5229 2226 5280 ntentus
2279 5219 2410 5278 haec
2455 5221 2529 5277 de
2575 5219 2826 5276 Ternobi
2881 5219 3170 5347 episcoplo
3218 5221 3471 5293 scripsit.
3532 5222 3611 5277 De

1998 5294 2216 5347 'ernobi
2267 5292 2621 5347 autonomia
2667 5307 2778 5347 nos
2825 5291 3006 5347 etiam
3062 5291 3222 5347 a'bi.
3273 5292 3611 5347 Ternobum

254 5308 324 5363 Et
353 5291 644 5359 con'lentit
677 5291 1137 5372 Ephraemius'in
1169 5296 1495 5372 Chronico:
1964 5294 2216 5351 Ternobi
2267 5292 2621 5372 antonomia
2667 5307 2778 5372 nos
2817 5291 3006 5372 etiam
3062 5291 3242 5372 alibi,_
3273 5291 3612 5372 Ternobum

326 5382 412 5446 Τῷ
450 5362 742 5446 τηνικαῦτά
763 5370 1123 5446 ποιμενειρχης
1147 5364 1417 5446 Τρινόϐου,

2000 5381 2144 5446 .orro
2194 5365 2466 5446 omnium
2515 5362 2980 5446 Hiemihurbium
3031 5363 3613 5446 munitissimam-et

329 5433 415 5516 Τῷ
449 5445 766 5517 Βουλγαρίας
791 5433 1116 5517 ὑποκείμενος
1139 5433 1348 5517 θρόνῳ,
1404 5433 1412 5437 ⁷

1998 5436 2516 5517 [restantissimam
2541 5433 3040 5517 dicit_Choniata,__
3058 5435 3120 5490 in
3148 5436 3370 5517 montis
3397 5433 3611 5490 vertice

333 5505 446 5572 Ούκ
478 5513 564 5570 οἶδ
583 5505 734 5576 ’ὅπως
754 5505 1224 5587 κέκριτασυνόδου
1261 5505 1432 5587 κρίσει

1967 5505 2354 5587 sitamLtimis
2379 5506 2812 5587 circumdatam
2841 5505 3162 5587 moenibus,
3191 5510 3325 5562 ALL.

335 5591 673 5660 Θεσπίσματί
701 5574 755 5638 τε
784 5574 875 5637 τοῦ
903 5589 1209 5660 κρατοῦντος
1245 5574 1486 5660 Αὖσόνων

2038 5579 2261 5654 (67)Τὴν
2290 5574 2533 5637 δυτικὴν.
2567 5579 2875 5648 Gregoras,
2897 5591 2956 5649 p.
2985 5580 3071 5633 30.
3098 5581 3234 5634 ALL.

337 5664 517 5734 Τιμὴν
544 5652 883 5735 πατριάρχου
908 5652 969 5728 γε
991 5658 1082 5709 καὶ
1107 5652 1292 5714 κλῆσιν
1322 5654 1483 5726 ἔχειν,
