4084 6212
1876 311 2160 369 GEORGII
2195 310 2671 369 ACROPOUTE.

587 444 726 501 tarit
744 443 970 500 felicius
996 442 1091 499 vel
1108 442 1455 516 prosperius
1472 438 1738 511 gesserit,
1764 442 1828 494 ut
1847 436 1987 494 inde
2018 436 2234 493 Latinis

2308 478 2319 499 ι
2348 433 2478 508 Εἶχε
2499 433 2559 489 δὲ
2587 438 2613 489 6
2653 436 2903 509 βασιλεὺς
2926 442 3016 492 καὶ
3065 442 3124 492 τὸ
3167 448 3257 493 τοῦ
3300 447 3501 495 Κισσοῦ
3533 448 3763 521 φρούριον,
3804 459 3872 505 καὶ

592 372 726 430 1059

587 535 692 606 qui
738 534 801 589 in
839 532 1086 589 Tzurulo
1118 538 1288 589 erant
1336 530 1577 601 negotia
1622 529 1958 585 facesseret.
2004 532 2238 583 Asanus

586 622 882 678 dictorum
898 621 1168 677 locorum
1186 626 1389 693 partes
1413 618 1753 691 superiores
1775 616 1852 673 ad
1882 615 2237 687 Aquilonem

588 710 788 767 tenuit.
824 709 1164 782 Etadipsos
1183 723 1376 781 usque
1404 706 1596 779 Cpolis
1628 720 1833 761 muros
1847 706 2076 760 Joanne
2101 717 2238 771 rege

584 798 646 854 in
672 797 784 854 illis
817 798 1125 854 adsidente
1156 803 1213 853 et
1261 798 1523 853 intuente
1577 799 1827 866 uterque
1884 792 2239 864 perveniens

584 887 889 958 ingentem
914 887 1187 943 timorem
1226 886 1442 942 Latinis
1468 885 1744 956 injecere,
1770 898 1987 954 resque
2030 897 2239 937 eorum

584 977 645 1033 in
700 983 1035 1034 extremum
1094 976 1414 1032 discrimen
1481 973 1802 1030 deduxere.
1865 974 2044 1027 Porro
2101 987 2238 1026 cum

584 1072 914 1125 autumnus
941 1066 1323 1139 praeteriisset
1354 1080 1425 1120 ac
1461 1063 1654 1120 hiems
1684 1063 1947 1125 instaret,
1981 1063 2240 1117 Joannes

580 1158 908 1229 imperator
959 1160 1139 1227 atque
1176 1160 1410 1211 Asanus
1467 1157 1794 1226 postquam
1849 1151 2002 1207 inter
2068 1165 2129 1205 se
2166 1149 2241 1205 de

583 1245 861 1316 gerendis
902 1243 1355 1309 deliberassent,
1396 1247 1633 1298 Asanus
1692 1240 1935 1313 quidem
1988 1238 2242 1295 domum

580 1335 913 1401 revertitur,
948 1334 1276 1405 imperator
1302 1333 1362 1388 in
1395 1332 1692 1389 Orientem
1731 1328 2097 1387 transfertur.

3768 330 3870 384 l060

2346 530 2511 600 μέχρι
2563 535 2799 599 ποταμοῦ
2849 528 2903 579 ὃν
2966 530 3238 603 Μαρίτζαν
3306 532 3333 581 ὅ
3401 532 3552 593 πολὺὶ
3600 543 3874 609 μετονομάζει

2344 614 2469 676 λαός
2497 618 2562 667 τὰ
2593 617 2639 650 ’⁷9
2675 618 2869 692 σύνορα
2924 620 3084 672 ἔθετο.
3132 620 3425 691 Ἐκράτησε
3456 618 3513 674 δὲ
3541 630 3623 677 καὶ
3646 634 3724 677 τοῦ
3765 633 3874 701 ὄρους

2346 712 2438 757 τοῦ
2473 706 2659 772 Γάνον,
2691 711 2782 759 καὶ
2809 705 2858 758 ἐν
2889 708 3031 778 αὐτῷ
3069 705 3310 781 ἐδείματο
3342 716 3433 764 καὶ
3483 713 3745 784 πολίχνιον,
3788 721 3877 769 ἔνθα

2348 796 2542 846 καὶτὸν
2608 797 2899 869 Κοτέρτζην
2951 798 3206 850 Νικόλαον
3262 799 3534 872 φυλάττειν
3582 802 3659 873 [Ρ.
3690 806 3763 876 28]
3804 806 3876 869 ἐξέ-

2347 882 2517 956 πεμψι
2553 889 2643 936 καὶ
2680 887 2967 957 πράγματα
3008 892 3258 962 παρέχειν
3327 894 3568 952 Λατίνοις
3609 900 3706 953 τοῖς
3751 893 3789 945 ἑν
3831 905 3873 967 τῇ

2345 972 2676 1045 Τζουρουλῷ,
2708 970 2878 1045 ἄνδρα
2926 976 3133 1037 πολλοῖς
3178 978 3617 1052 κατεξητασμὲνον
3672 980 3874 1055 mltum,

2347 1066 2438 1113 καὶ
2478 1059 2523 1122 ἐς
2561 1069 2809 1115 τοσοῦτον
2848 1061 3273 1138 εὐδοκιμήσαντα
3338 1071 3411 1130 ὡς
3447 1070 3639 1130 πάντας
3688 1074 3875 1130 τοιαύτῃ

2351 1146 2506 1213 δόξαν
2546 1156 2664 1225 περὶ
2693 1155 2877 1205 τούτου
2910 1162 3083 1225 σχεῖν,
3137 1160 3263 1228 μήτε
3330 1160 3433 1230 πρὸ
3466 1157 3620 1209 αὐτοῦ
3655 1140 3767 1230 prin
3804 1168 3876 1232 μὴν

2348 1240 2457 1310 μετ’
2490 1239 2645 1292 αὐτὸν
2675 1240 2825 1294 ἄλλον
2861 1251 3082 1314 φανῆναι
3109 1247 3365 1306 τοιούτοις
3426 1250 3590 1319 ἔργοις
3636 1247 3876 1321 ἐγκεχείρη-

2347 1332 2478 1379 κότα
2513 1329 2543 1386 ἦ
2600 1337 2831 1383 τοσαῦτα
2893 1334 3277 1405 κατωρθωκότα
3326 1335 3397 1389 ⁸ο.
3452 1334 3511 1387 Ὀ
3563 1332 3620 1388 δὲ
3657 1335 3790 1389 ’Δσὰν
3832 1342 3877 1389 τὰ

579 1426 815 1499 ὑπεράνω
865 1431 965 1475 τῶν
1018 1422 1293 1496 εἰρημένων
1348 1426 1538 1494 χώρων
1605 1424 1695 1471 καὶ
1747 1422 1875 1491 πρὸς
1928 1416 2122 1492 Βορρᾶν
2181 1417 2391 1469 νεύοντα
2460 1417 2545 1488 ὑφ’
2604 1417 2782 1471 ἑαυτον
2859 1423 3035 1492 ἔσχεν.
3094 1426 3273 1494 Μέχρι
3481 1421 3568 1476 οὖν
3609 1430 3690 1476 καὶ
3753 1426 3875 1477 αὐτῶν

579 1522 680 1566 τῶν
733 1521 925 1584 τειχῶν
972 1519 1068 1572 τῆς
1116 1515 1506 1563 Κωνσταντίνου
1564 1512 1653 1560 καὶ
1705 1507 1986 1581 ἀμφότεροι
2037 1510 2449 1577 κατηντήκεσαν,
2525 1514 2617 1559 τοῦ
2693 1510 2855 1583 ῥηγός
2904 1511 3140 1564 Ἰωάννου
3186 1512 3262 1565 ἐπ’
3330 1513 3501 1565 αὐτῶν
3567 1516 3876 1587 καθερζομίνιυ

576 1608 664 1654 καὶ
716 1604 1060 1676 καθορῶντος,
1113 1605 1201 1652 καὶ
1256 1604 1441 1652 πτοίαν
1478 1597 1663 1656 πολλὴν
1718 1603 1824 1657 τοῖς
1890 1600 2129 1656 Λατίνοις
2186 1593 2437 1662 ἐνέϐαλον,
2501 1602 2591 1649 καὶ
2646 1596 2694 1649 ἐν
2735 1608 2892 1671 στενῷ
2942 1598 3136 1673 κομιδῆ
3196 1605 3263 1654 τὰ
3335 1605 3454 1655 κατ’
3509 1604 3685 1665 αὐτοὺς
3735 1607 3875 1658 ἔθεντο.

582 1691 723 1743 Ἐπεὶ
749 1687 808 1743 δι
857 1692 883 1741 6
939 1696 1030 1742 τοῦ
1086 1694 1386 1764 μετοπώρου
1437 1686 1700 1762 πάρερῥύη
1753 1689 1934 1761 καιρὸς
1990 1690 2080 1737 καὶ
2120 1685 2161 1719 ⁸¹
2220 1685 2247 1736 6
2303 1689 2503 1757 χειμὼν
2560 1688 2797 1758 ἤγγιζεν,
2859 1688 3094 1750 ἀλλήλοις
3152 1692 3533 1765 συνταξάμενοι
3588 1694 3613 1745 6
3659 1712 3705 1745 τε
3756 1692 3878 1764 βασι-

576 1779 693 1841 λεὺς
722 1780 961 1839 Ἰωάννης
997 1779 1143 1830 καὶό
1199 1778 1411 1833 Ἀσὰνό
1449 1779 1540 1849 μὲν
1598 1775 1667 1836 εἰς
1709 1779 1803 1834 τὴν
1861 1779 2053 1828 οἰκείαν
2091 1778 2273 1848 χώραν
2333 1782 2433 1825 τῶν
2494 1774 2793 1849 Βουλγάρων
2854 1786 3043 1852 χωρεῖ,
3098 1780 3125 1832 6
3188 1776 3249 1833 δε
3319 1781 3567 1842 Βασιλεὺς
3622 1781 3671 1843 ἐς
3718 1785 3794 1839 τὴν
3834 1783 3877 1834 ἓν

580 1865 808 1942 διαπερᾷ
836 1869 904 1924 ⁸³.

649 1961 738 2015 34.
771 1957 954 2029 Cujus
985 1956 1142 2012 ﬁlius
1163 1955 1511 2012 Theodorus
1530 1970 1668 2010 cum
1687 1953 1887 2010 adhuc
1908 1952 2232 2009 immatura
2261 1949 2309 2006 Β

582 2052 740 2103 esset
765 2051 956 2113 aetate,
977 2050 1180 2118 utpote
1199 2045 1302 2117 qui
1320 2060 1548 2101 annum
1568 2043 1974 2113 undecimum,
2000 2046 2064 2098 ut
2082 2041 2231 2097 dixi-

576 2152 737 2203 mus,
757 2151 877 2191 non
896 2135 1208 2191 excederet
1224 2149 1363 2189 cum
1382 2134 1649 2204 reginam
1667 2132 1946 2189 Helenam
1968 2130 2228 2196 duceret,

577 2224 806 2296 integer
824 2224 902 2281 ab
917 2223 1285 2297 imperatrice
1304 2227 1465 2279 lrene
1482 2238 1605 2299 una
1624 2239 1761 2278 cum
1784 2220 1983 2293 puella
1998 2235 2231 2277 conser-

580 2314 841 2371 vabatur
866 2331 879 2369 :
909 2313 1259 2370 colebantur
1279 2312 1437 2368 enim
1461 2312 1539 2368 ab
1560 2328 1632 2368 ea
1652 2311 1821 2384 pueri
1843 2314 2021 2382 atque
2044 2310 2101 2365 in
2111 2309 2229 2365 for-

576 2404 925 2472 mabantur,
974 2407 1267 2474 tanquam
1315 2417 1451 2473 quas
1486 2400 1793 2472 ingenium
1840 2416 1911 2455 ac
1950 2403 2228 2455 naturam

576 2492 869 2564 optimam
895 2495 1069 2546 nacta
1086 2490 1146 2546 in
1163 2505 1343 2545 omne
1362 2489 1594 2545 bonum
1611 2489 1880 2544 animum
1896 2487 2225 2544 inclinaret.

574 2580 756 2652 Igitur
774 2580 1116 2636 Latinorum
1134 2594 1228 2634 res
1247 2578 1501 2634 nimium
1521 2579 1581 2634 in
1604 2583 1925 2647 angustum
1946 2577 2223 2649 deducta,

573 2669 834 2726 duorum
857 2668 1035 2724 etiam
1056 2667 1486 2739 imperatorum
1509 2666 1793 2723 afﬁnitate
1810 2666 1869 2721 in
1892 2670 2224 2723 extremum

574 2756 767 2814 fastus
788 2756 883 2812 ille
905 2756 1222 2828 depressus
1243 2760 1351 2811 est.
1379 2758 1498 2811 Rex
1517 2755 1792 2811 interium
1813 2755 2071 2812 Joannes
2093 2772 2223 2811 cum

574 2862 697 2903 non
718 2846 823 2902 diu
839 2845 1103 2913 vixisset,
1130 2844 1237 2916 57
1263 2860 1334 2900 ex
1355 2844 1699 2900 hominibus
1716 2843 1985 2901 sublatus
2005 2860 2223 2914 genero

575 2952 685 2992 suo
710 2934 1003 2992 Balduino
1035 2933 1408 3006 Cpolitanum
1434 2934 1751 3005 imperium
1782 2934 2223 2991 hazreditarium

571 3024 829 3097 reliquit.
850 3028 1088 3081 Asanus
1119 3029 1433 3096 pactorum
1459 3039 1595 3095 quae
1621 3039 1759 3079 cum
1784 3023 2015 3080 Joanne
2038 3023 2222 3097 impe-

570 3117 765 3170 ratore
788 3117 1067 3169 sanxerat
1089 3116 1398 3183 pertaesus,
1427 3126 1697 3183 quanam
1719 3111 1948 3168 ratione
1970 3112 2155 3169 ﬁliam
2185 3129 2222 3170 ο.

569 3203 787 3260 marito
806 3202 1116 3259 Theodoro
1143 3202 1501 3274 imperatore
1529 3200 1807 3258 avelleret
1823 3205 1879 3257 et
1907 3201 2005 3257 alii
2034 3202 2220 3258 collo-

2414 1949 2520 2008 λδ’.
2554 1952 2697 2008 Ἐπεὶ
2725 1951 2785 2009 δέ
2810 1957 2836 2009 6
2865 1960 2979 2020 υἱὸς
3004 1958 3166 2011 αὑτοῦ
3212 1956 3493 2034 Θεόδωρος
3546 1958 3721 2032 ἀφῆλιξ
3772 1958 3879 2029 ίτλγ·

2341 2061 2500 2112 χανεν
2538 2044 2627 2110 ὧν,
2668 2042 2938 2099 ἑνδέκατον
2991 2050 3092 2119 γὰρ
3143 2044 3355 2106 διήνυεν
3409 2052 3541 2119 ἔτος,
3603 2051 3755 2122 ὥσπερ
3796 2051 3875 2118 ἔφη·

2340 2151 2430 2205 μεν
2490 2136 2620 2205 (68),
2691 2136 2847 2193 ἡνίκα
2904 2144 2967 2209 τῇ
3045 2135 3293 2210 βασιλίδι
3343 2138 3515 2212 Ἑλένῃ
3559 2137 3603 2199 ἒς
3658 2142 3875 2191 συνουσίαν

2340 2222 2511 2292 ἔμενον
2546 2220 2719 2281 ἀτελῆ.
2762 2224 3042 2295 ’Δνηγοντο
3074 2222 3133 2279 δὲ
3186 2230 3329 2301 παρὰ
3385 2236 3482 2288 τῆς
3537 2222 3783 2300 βασιλίδος
3819 2226 3873 2276 Ei-

2336 2316 2500 2385 ρήνης
2536 2316 2627 2363 καὶ
2694 2310 3047 2383 ἐπαιδεύοντο,
3101 2316 3187 2368 οἷα
3260 2314 3429 2375 ἐκείνη
3481 2320 3670 2389 φύσεως
3724 2314 3873 2386 ἀγαθῆς

2336 2406 2583 2471 τυχοῦσα
2618 2407 2708 2454 καὶ
2754 2406 2885 2475 πρὸς
2943 2404 3079 2456 ἅπαν
3135 2404 3289 2457 καλὸν
3341 2405 3661 2461 ἐπινεύουσα.
3704 2406 3769 2457 Τὰ
3810 2408 3870 2474 μὲν

2336 2488 2424 2541 οὖν
2453 2497 2552 2541 τῶν
2590 2496 2824 2544 Λατίνων
2862 2495 3147 2567 πράγματα
3198 2494 3489 2552 συνεστάλη
3531 2514 3583 2547 τε
3616 2498 3720 2546 τότε
3760 2491 3867 2556 πολὺ,

2334 2582 2424 2630 καὶ
2470 2586 2541 2649 τῷ
2594 2576 2751 2639 κήδει
2812 2589 2909 2632 τῶν
2971 2579 3068 2634 δύο
3125 2582 3526 2658 αὐτοκρατόρων
3583 2583 3651 2643 εἰς
3691 2583 3867 2633 ταπεινὸν

2334 2668 2466 2739 ἄγαν
2495 2675 2878 2723 κατεπεπτώκει
2909 2673 2968 2723 τὸ
3015 2676 3253 2747 φρόνημα
3290 2673 3365 2727 ⁸³,
3399 2672 3456 2725 Ὀ
3513 2669 3571 2725 δὲ
3614 2671 3705 2746 ῥὴξ
3736 2669 3867 2721 Ἰωάν-

2332 2776 2424 2818 νης
2482 2762 2668 2830 μικρὸν
2726 2758 3005 2821 ἐπιϐιώσας
3078 2760 3131 2824 ἐξ
3196 2760 3484 2836 ἀνθρώπων
3566 2761 3758 2833 ἐγένετο,
3803 2761 3865 2813 τὴν

2332 2853 2423 2906 τῆς
2491 2848 3072 2911 Κωνσταντινουπόλεως
3150 2849 3396 2913 ἐξουσίαν
3453 2859 3525 2921 τῷ
3588 2850 3730 2903 αὐτοῦ
3772 2865 3866 2917 γαμ-

2333 2933 2439 3009 ϐρῷ
2486 2944 2559 3008 τῷ
2591 2934 2885 3011 Βαλδουῖνῳ
2935 2941 3000 3000 ὡς
3048 2938 3236 3015 κλῆρον
3287 2939 3603 2995 καταλιπών.
3650 2938 3700 2991 Ὁ
3743 2932 3792 2989 δέ
3826 2951 3865 3003 γε

2331 3022 2492 3076 Ἀσάν
2570 3025 2849 3097 μετάμελος
2932 3026 3015 3079 ἐπὶ
3063 3035 3173 3088 ταῖς
3222 3035 3314 3080 τοῦ
3378 3027 3632 3101 βασιλέως
3685 3024 3862 3079 Ἰωάννου

2333 3116 2631 3186 συνθηκαις,
2666 3118 2734 3176 ὡς
2784 3115 2963 3188 ἰφάνη,
3010 3121 3275 3190 γενόμενος
3330 3123 3525 3195 τρόπον
3570 3117 3726 3178 ἐζήτει
3765 3116 3862 3173 ὅπως

2329 3200 2389 3253 ἂν
2427 3207 2521 3262 τὴν
2574 3205 2834 3278 θυγατέρα
2879 3205 3162 3280 ἀποσπάσῃ
3221 3215 3313 3260 τοῦ
3387 3208 3617 3279 συζύγου
3664 3204 3861 3278 βασιλέως

571 3296 732 3349 caret
760 3291 1070 3365 quaerebat
1096 3308 1111 3347 :
1144 3293 1551 3347 Romanorum
1591 3306 1855 3363 namque
1884 3291 1945 3347 in
1972 3291 2220 3348 meliora

2329 3299 2420 3343 τοῦ
2448 3289 2724 3367 Θεοδώρου
2771 3300 2859 3347 καὶ
2898 3293 3050 3371 ἑτέρῳ
3101 3298 3297 3355 ταύτην
3344 3294 3581 3369 κηδεύση
3628 3316 3640 3328 ·
3668 3302 3751 3346 τῶν
3789 3292 3858 3362 γὰρ

568 3395 954 3454 progressum
1019 3378 1407 3445 formidabat,
1509 3378 1700 3450 gentis
1756 3379 1883 3451 ipse
1936 3380 2219 3436 Romanis

569 3472 847 3529 obnoxias
902 3475 1247 3542 occupator.
1335 3469 1641 3526 Meditatur
1696 3470 1900 3541 itaque
1948 3486 2216 3541 causam,

564 3562 789 3634 justam
810 3559 974 3615 illam
992 3558 1237 3632 quidem
1259 3563 1440 3629 atque
1462 3558 1866 3629 conspicuam,
1894 3564 1957 3615 ut
1978 3560 2217 3617 videba-

568 3654 686 3716 tur,
740 3648 878 3703 licet
937 3651 1213 3718 eXpertos
1264 3661 1586 3718 rerumque
1643 3660 1863 3716 gnaros
1901 3647 2218 3703 consilium

566 3735 832 3794 hominis
884 3750 1006 3791 non
1064 3734 1407 3806 praeteriret.
1466 3734 1629 3791 Mittit
1682 3734 1758 3791 ad
1798 3736 2219 3807 imperatorem

567 3830 748 3899 atque
776 3822 1207 3897 imperatricem
1260 3822 1507 3893 legatos,
1541 3822 1644 3895 qui
1673 3823 1957 3880 referrent
1983 3841 2045 3880 se
2080 3841 2218 3881 cum

566 3930 770 3980 uxore,
800 3913 947 3971 dum
970 3911 1421 3985 Adrianopolim
1445 3911 1718 3980 venisset,
1741 3912 1978 3970 ﬁliolam
2003 3915 2219 3971 intueri

562 4005 713 4063 velle
734 4008 791 4062 et
809 4008 1060 4078 paterna
1084 4001 1525 4059 necessitudine
1553 4002 1831 4075 amplecti
1857 4004 2218 4061 exosculari-

562 4110 699 4168 que,
758 4094 1015 4167 aliaque,
1068 4091 1153 4148 uti
1209 4106 1319 4165 par
1394 4108 1527 4149 esse
1610 4092 1861 4160 videtur,
1953 4093 2214 4165 explere,

561 4200 921 4256 rursumque
944 4198 1005 4237 se
1021 4197 1154 4238 eam
1172 4181 1252 4237 ad
1269 4197 1507 4238 socrum
1527 4186 1584 4238 et
1604 4186 1945 4238 consortem
1962 4182 2213 4240 thalami

561 4273 973 4328 remissurum.
1032 4273 1293 4326 Joannes
1344 4270 1672 4342 imperator
1741 4276 1799 4327 et
1866 4272 2215 4343 imperatrix

560 4359 746 4426 Irene,
770 4360 875 4416 etsi
915 4359 1183 4415 fabulam
1212 4359 1291 4415 ad
1315 4360 1605 4416 amussim
1636 4360 1921 4417 callerent
1951 4366 2006 4416 et
2035 4360 2213 4433 plane

561 4449 807 4506 technas
836 4463 907 4504 ac
938 4447 1247 4504 machinas
1276 4454 1691 4520 cognocerent,
1733 4451 1973 4507 mittunt
1995 4451 2209 4507 ninilo-

558 4537 761 4595 minus
791 4536 867 4593 ad
894 4538 1167 4592 Asanum
1193 4536 1380 4592 ﬁliam
1426 4538 1541 4593 hoc
1571 4539 1899 4605 enuntiato,
1935 4562 1961 4589 ι(
2012 4539 2059 4594 si
2113 4540 2207 4596 ille

2327 3379 2589 3453 Ῥωμαίων
2620 3379 2813 3437 ἐδεδίει
2867 3386 3002 3436 πάνυ
3065 3389 3153 3443 τὴν
3209 3383 3255 3446 ἐς
3291 3390 3363 3438 τὰ
3408 3384 3591 3459 βελτίω
3636 3385 3678 3419 ⁸⁸
3724 3397 3857 3455 προκο·

2327 3474 2451 3538 πὴν,
2494 3474 2669 3534 ἔθνους
2706 3474 2889 3545 ἄρχων
2920 3475 3335 3546 ὑποτεταγμένον
3371 3476 3530 3528 πάλαι
3557 3474 3791 3545 Ῥωμαίοις
3810 3468 3859 3504 ιτ,

2329 3567 2360 3575 -
2415 3565 2426 3575 ι
2718 3570 2737 3575 ..
2838 3562 2850 3573 ς
2897 3567 2906 3575 .
3045 3564 3057 3575 ς
3163 3559 3216 3575 τι
3432 3567 3440 3575 .
3584 3562 3619 3575 ..ς
3821 3554 3833 3571 .

2328 3565 2615 3619 Σκήπτεται
2642 3570 2767 3633 γοῦν
2797 3562 2990 3632 αἰτίαν,
3030 3564 3099 3625 ὡς
3155 3559 3324 3615 ἐδόκει
3390 3567 3501 3637 μὲν,
3551 3562 3749 3632 εὔλογον,
3793 3554 3857 3608 κᾶν
3982 3554 3983 3631 ἦ

2325 3649 2419 3703 οὐκ
2473 3649 2710 3703 ἐλάνθανε
2772 3655 2895 3712 τοὺς
2945 3651 3316 3724 ἐπισταμένους
3393 3656 3460 3705 τὰ
3512 3653 3768 3728 πράγματα
3809 3645 3855 3707 ⁸⁸,

2323 3744 2412 3792 καὶ
2440 3737 2737 3793 ἀποστέλλει
2766 3739 3008 3815 πρέσϐεις
3033 3745 3164 3817 πρὸς
3208 3745 3290 3794 τὸν
3320 3739 3549 3815 βασιλέα
3594 3746 3676 3793 καὶ
3722 3741 3794 3795 τήν
3822 3733 3853 3767 ⁸⁹

2326 3826 2604 3902 βασιλίδα,
2656 3831 2723 3891 ὡς
2774 3828 2883 3883 ἐπεὶ
2932 3830 3241 3889 πλησιάσειε
3296 3839 3361 3905 τῇ
3408 3828 3673 3905 Ἀδριανοῦ
3698 3822 3855 3897 “.3013-

2322 3918 2464 3971 λεται
2494 3919 2649 3981 αὐτός
2676 3938 2730 3971 τε
2758 3924 2848 3972 καὶ
2887 3922 2915 3979 ἡ
2965 3922 3195 3992 σύζυγος
3232 3924 3291 3975 τὸ
3341 3922 3615 3995 θυγάτριον
3663 3912 3769 3969 ἰδεῖν
3789 3912 3851 3963 καὶ

2322 4015 2588 4083 πατρικῶς
2668 4006 3088 4080 περιπτύξασθαι
3141 4014 3233 4061 καὶ
3295 4011 3363 4061 τὰ
3428 4009 3595 4061 εἰκότα
3636 4004 3851 4077 πληρῶσαι

2322 4100 2412 4148 καὶ
2469 4093 2614 4157 αὖθις
2661 4094 2968 4168 ἀποπέμψαι
3014 4101 3145 4171 πρὸς
3196 4101 3282 4150 τὸν
3339 4100 3575 4173 πενθερὸν
3614 4098 3693 4147 καὶ
3734 4090 3850 4148 σύξῖν

2321 4205 2412 4257 γον
2446 4188 2515 4241 θί.
2554 4184 2612 4238 Ὀ
2664 4189 2753 4259 μὲν
2800 4182 2888 4239 οὖν
2938 4185 3188 4260 βασιλεὺς
3226 4188 3441 4250 Ἰωάνης
3495 4191 3580 4239 καὶ
3623 4188 3650 4242 ἡ
3692 4177 3849 4255 βασιλὶς

2322 4276 2538 4348 Εἰρήνη,
2590 4281 2763 4330 καίτοι
2816 4296 2876 4349 γε
2955 4275 3181 4351 ἀκριϐῶς
3234 4275 3429 4339 εἰδότες
3491 4281 3546 4330 τό
3603 4272 3755 4347 δρᾶμα
3785 4269 3847 4319 καὶ

2320 4366 2561 4437 καθαρῶς
2633 4367 2922 4435 ἑπιγνόντες
2989 4367 3036 4401 9⁸
3089 4371 3183 4424 τὴν
3238 4371 3543 4439 σκευωρίαν,
3601 4364 3717 4435 ὅμως
3755 4360 3845 4425 πέμ·

2320 4472 2481 4505 πουσι
2519 4456 2648 4528 πρὸς
2685 4456 2771 4506 τὸν
2834 4453 2996 4506 Ἀσὰν
3050 4458 3145 4513 τὴν
3188 4457 3466 4530 θυγατέρα,
3511 4452 3647 4506 ταῦτ’
3693 4448 3845 4520 εἰρηκό·

2317 4561 2394 4603 τες
2422 4546 2487 4604 ὡς
2542 4543 2585 4595 εἰ
2610 4547 2701 4601 τὴν
2761 4545 3022 4617 θυγατέρα
3062 4547 3329 4617 κατάσχοι
3394 4549 3483 4597 καὶ
3536 4549 3621 4595 τοῦ
3668 4539 3843 4609 νομίμως

556 4628 744 4685 ﬁliam
765 4624 1102 4683 retinuisset
1125 4630 1181 4682 et
1205 4642 1241 4681 a
1265 4624 1529 4696 legitimo
1559 4627 1813 4699 conjuge
1845 4634 2203 4700 separasset,
2230 4653 2246 4712 1

2319 4631 2701 4705 συζευχθέντος
2728 4632 3130 4703 ἀποστερήσειεν
3161 4634 3230 4700 ’³,
3264 4636 3376 4686 ἔστι
3425 4636 3543 4694 Θεὸς
3577 4633 3600 4682 6
3642 4629 3697 4679 τὰ
3719 4626 3841 4677 πάντα

556 4732 685 4774 esse
750 4718 961 4783 Deum,
1032 4714 1138 4789 qui
1212 4715 1418 4772 omnia
1476 4716 1786 4790 conspicit,
1846 4733 2203 4792 poenamque

625 4882 673 4916 πει
706 4884 869 4956 μέχρι
902 4885 999 4956 τοῦ
1052 4885 1291 4956 ποτᾳμοῦ
1355 4878 1627 4956 Μαρίῖξρις
1674 4881 1737 4956 ἱά
1796 4883 1857 4956 D-

553 4950 641 5002 λὺν
671 4947 860 5023 χρόνον
891 4953 1130 5024 ῥπὸᾼτῶν
1167 4947 1463 5024 Ῥωμαϊκῶν
1481 4950 1633 5024 Δἑάλω
1682 4947 1974 5024 δυνάμενων
2008 4955 2071 5009 D.

553 5025 621 5073 τὰ
649 5018 800 5084 οἶκοι,
843 5025 868 5074 6
896 5019 954 5075 δὲ
985 5020 1233 5109 βασιλεὺς
1253 5018 1336 5109 nsi;
1364 5022 1428 5074 ἕω
1468 5018 1772 5091 διεπέρασεν
1816 5018 1891 5079 Ὀ.

556 5097 669 5144 Κων
678 5098 945 5145 σταντίνου
976 5097 1046 5155 ὡς
1078 5097 1140 5149 D.

554 5160 865 5237 ᾆιποσπάση.
896 5170 1005 5216 Τῶν
1032 5167 1094 5220 D.
1136 5235 1163 5237 Α
1209 5166 1256 5201 ⁸⁸
1283 5164 1331 5227 ἐς
1356 5167 1422 5217 τὰ
1453 5163 1641 5237 βελτίω
1678 5181 1799 5222 om.
1853 5160 1915 5222 D,

549 5234 597 5311 eo
627 5233 826 5311 στέλλῃ
850 5238 981 5311 πρὸς
1008 5239 1100 5311 τῆξ
1135 5235 1199 5289 D.
1314 5237 1371 5311 °°_
1402 5233 1828 5311 ’Ᾱδριανουπόλει
1878 5240 1941 5303 D,

552 5253 597 5269 υ·
627 5253 821 5286 arma
850 5253 981 5363 πιςος
1008 5253 1100 5293 την
1135 5253 1199 5289 υ.
1315 5253 1362 5271 ’ν
1404 5253 1828 5311 Ἀοριανουπολει
1878 5253 1941 5303 υ,

552 5303 843 5377 ἕπιγνόντες
926 5346 941 5361 .
1053 5306 1101 5341 ⁸³
1136 5311 1225 5360 καὶ
1250 5337 1319 5347 -
1350 5305 1751 5383 ἀποστερήσειε-ι
1776 5325 1897 5365 om.
1923 5312 1987 5366 D.

1971 4881 2039 4960 δῖ
2072 4882 2475 4960 κατωρθωκότα]
2524 4893 2677 4938 τοῦτο
2757 4882 2816 4938 δὲ
2855 4888 2927 4960 τό,
2969 4892 3066 4946 τῆς
3128 4884 3435 4960 Ἰξζουρουλὼ
3500 4885 3555 4937 οὐ

2185 4955 2227 4992 ⁸³
2258 4957 2283 5007 ό
2312 4955 2494 5008 -κοῐὶ
2543 4973 2663 5012 om.
2709 4960 2773 5013 Β.

2006 5024 2058 5103 εξ
2091 5025 2236 5103 Ἐπεὶ
2261 5058 2333 5067 -
2358 5032 2596 5103 φρόνημα
2625 5044 2746 5103 qm.
2781 5030 2843 5083 D.

1253 5094 1303 5173 '5‘
1326 5101 1441 5173 ταξς
1462 5090 1758 5173 ξ’ξινθήκαις
1786 5102 1883 5173 τ’οῇ
1910 5093 2168 5173 βασιλέως
2207 5090 2594 5173 φανεὶς’τρόπον
2646 5098 2812 5160 ἐζήτει
2858 5095 2931 5151 δι’
2988 5098 3049 5151 οὔ
3083 5090 3141 5152 τὸ
3187 5090 3471 5173 ’θυγάτριον
3519 5104 3605 5150 τοῦ
3653 5090 3829 5173 σύζύγξυ

2029 5168 2285 5244 ⁸’ξίῖθνόυς
2314 5201 2385 5211 —
2410 5168 2682 5244 Ῥωμαίοις
2707 5187 2826 5227 om.
2872 5174 2935 5226 D.

2055 5240 2101 5274 ⁹¹
2134 5245 2223 5294 καὶ
2279 5244 2344 5294 τὰ
2370 5273 2440 5284 —
2472 5240 2701 5315 σῦζυγον
2740 5258 2861 5299 om.
2913 5244 2979 5298 D.

2316 4721 2505 4798 ἐφορῶν
2535 4727 2625 4775 καὶ
2655 4728 2908 4797 τιμωρίαν
2954 4721 3156 4795 ἐπάγων
3188 4724 3273 4795 [p.
3331 4725 3446 4795 92.]
3491 4729 3595 4783 τοῖς
3638 4722 3739 4775 τοὺς
3780 4713 3838 4780 69·

3652 4880 3725 4934 ετὰ
3762 4890 3833 4925 πο·

2886 4906 2911 4937 ο
2969 4903 3066 4946 της
3128 4903 3435 4960 ἰ’ςουρουλω
3500 4904 3555 4937 ου
3608 4903 3725 4980 μετα
3763 4903 3833 4953 τιν.-

2886 4958 2933 4991 ⁸²
2995 4956 3364 5029 συνταξάμενοι
3420 4959 3445 5010 ὁ
3482 4959 3591 5029 μὶῖνΔ
3628 4952 3745 5029 Αῄσὰν
3788 4959 3834 5025 εις

2959 5029 3129 5102 διμτῷ
3179 5022 3399 5102 γαμϐρῷ
3465 5022 3833 5102 Μλὸουίνῳωτηῗ

3047 5171 3107 5246 ⁸⁸ξ
3125 5173 3215 5246 ,ὡς
3234 5157 3305 5213 -'-
3328 5157 3764 5246 armaarma
3781 5157 3828 5246 9:

3092 5244 3141 5277 ⁹²
3194 5246 3242 5296 οἱ
3301 5239 3387 5296 οὖν
3436 5239 3652 5315 βασιλεῖς
3698 5239 3829 5285 καίτοι

1441 5466 1780 5537 Theodori
1831 5471 2081 5541 Dousa
2130 5480 2195 5539 et
2240 5471 2493 5541 Leonis
2542 5473 2775 5542 Allatii
2822 5483 3025 5544 notae.

622 5631 729 5706 (68)
759 5627 1014 5706 Ἐφημεν.
1054 5629 1195 5703 Cap.
1222 5629 1283 5687 3t
1304 5674 1316 5687 .
1354 5633 1485 5687 ALL.
