4084 6212
190 324 350 381 1061

1725 323 2069 381 ANNALES.

3449 326 3585 384 1062

188 467 341 511 κους
396 448 787 523 παραϐαίνουσι
857 451 947 500 καὶ
993 449 1084 508 τὰς
1135 449 1413 512 συνθήκας,
1458 447 1520 510 οἷς
1569 446 1653 500 ἐπὶ
1707 456 1873 519 Θεῷλ

1943 447 2323 519 iurisiurandi
2352 452 2407 504 et
2430 447 2727 505 fmderum
2785 452 2898 503 sub
2932 451 3076 503 teste
3124 448 3245 504 Deo
3302 448 3585 505 initorum

193 541 449 613 μάρτυρι
504 543 913 603 συνεστήσαντο,
965 534 1297 595 διαλύουσιν,
1333 537 1391 589 Ὀ
1439 539 1528 609 μεν
1552 534 1639 589 οὑν
1666 537 1821 590 Βούλ-

192 647 380 702 γαρος
412 629 460 663 9‘
497 632 590 686 τὴν
623 630 883 700 θυγατέρα
936 625 1102 679 λαϐὼν
1154 631 1344 697 ᾤχετο,
1401 630 1522 687 τοὺς
1551 626 1824 699 ἑπομένους

197 716 350 790 αὐτῇ
407 719 598 777 πάντας
636 716 1064 790 όπισθορμήτους
1101 720 1347 780 ποιήσας,
1386 720 1475 768 xui
1520 718 1607 768 τόν
1656 716 1824 787 Αἷμον

201 801 243 858 δ
250 804 409 866 ιαϐἁς
437 804 631 879 ἐχώρει
683 803 769 857 ἐπὶ
819 808 908 856 τὸν
957 803 1223 877 Τρίνοϐον,
1283 803 1569 864 κλαιούσης
1610 806 1700 876 μὶν
1730 810 1826 865 τῆς

200 894 380 947 αὐτοῦ
458 896 717 967 θυγατρὸς
780 897 871 945 καὶ
940 892 1339 967 ὀλοφυρομένης,
1422 897 1510 945 xui
1580 895 1827 966 πενθερᾶς

197 989 304 1036 καὶ
335 979 616 1056 βασιλίδος
654 982 879 1058 Εἰρήνης
903 1002 993 1035 και
1046 989 1136 1035 τοῦ
1182 982 1418 1053 συζύγου
1472 981 1585 1035 λίαν
1634 979 1826 1036 ἄποδυ-

199 1076 434 1147 ρομένης
464 1074 550 1124 τὸν
580 1074 858 1145 χωρισμὸν
885 1072 955 1139 9⁵,
983 1071 1066 1123 ὅτε
1097 1075 1225 1143 φασὶ
1273 1074 1361 1123 τὸν
1407 1070 1567 1124 Ἀσὰν
1596 1072 1827 1147 προσλα-

203 1160 430 1233 ϐόμενον
508 1159 672 1218 αὐτὴν
736 1168 831 1221 τῆς
884 1160 1044 1212 αὑτοῦ
1136 1155 1439 1235 ἑφεστρίδος
1537 1162 1829 1236 ἔμπροσθεν

201 1248 527 1302 ἐπικαθίσαι
560 1253 652 1301 xui
686 1248 736 1284 ³⁸
764 1247 931 1320 τύψαι
967 1251 1102 1301 κατὰ
1131 1248 1324 1323 κόῤῥης
1376 1255 1488 1310 τοῖς
1544 1246 1829 1314 δακτύλοις

202 1344 306 1392 καὶ
364 1337 712 1398 ἐπαπειλῖωαι
768 1334 965 1407 δεινῶς,
1043 1337 1086 1391 εἰ
1141 1342 1211 1408 μὴ
1253 1346 1377 1411 σιγῇ
1432 1343 1570 1412 φέρει
1627 1340 1727 1392 ὅσα
1777 1342 1827 1393 οἱ

211 1423 318 1481 διὰ
345 1426 541 1500 βουλῆς
570 1426 710 1480 ἐστιν
732 1424 809 1479 ἐπ’
845 1426 974 1486 αύτῆ
1011 1423 1411 1503 διαπράξασθαι
1450 1429 1522 1485 ³⁷.

285 1515 373 1573 λε’.
435 1516 561 1570 Κατ’
613 1514 772 1568 ἐκεῖνο
832 1522 1020 1589 καιροῦ
1054 1520 1232 1568 καὶτὸ
1283 1525 1383 1569 τῶν
1438 1518 1643 1570 Σκυθῶν
1710 1519 1821 1588 (69)

205 1610 386 1677 γένος,
459 1613 556 1658 τῶν
614 1607 894 1680 Ταρτάρων
960 1603 1080 1676 (70)
1134 1601 1579 1677 καταδραμόντων
1633 1606 1820 1671 αὑτῶν,

204 1696 405 1748 ὁπόσοι
433 1697 490 1746 τό
522 1693 661 1766 ξίφος
717 1696 917 1746 ἐκείνων
950 1692 1211 1767 ἐξέφυγον,
1262 1692 1441 1755 ἀσκοῖς
1485 1698 1573 1747 τόν
1618 1694 1823 1771 Ἵστρον

1933 536 2329 592 violatoribus
2368 536 2600 606 inﬂigit.
2640 559 2669 586 »
2703 536 2819 593 Sed
2873 535 3169 607 Bulgarus
3196 542 3435 608 recepta
3462 536 3589 594 ﬁlia

1934 624 2385 690 abiit,omnibus
2398 641 2532 680 eam
2545 625 2931 697 sequentibus
2944 625 3221 681 recessim
3251 626 3364 697 58
3379 626 3587 683 cedere

1933 714 2172 783 coactis,
2233 729 2303 769 ac
2390 716 2662 769 Haemum
2735 718 3195 785 praetergressus
3261 715 3587 772 Trinobum

1934 802 2352 860 contendebat.
2388 805 2534 859 Cum
2558 802 3032 875 illacrymaretur
3050 803 3173 860 ﬁlia
3195 805 3244 875 ej
3254 804 3583 877 ularetque,

1935 907 2118 964 seque
2143 908 2179 948 a
2231 907 2425 959 socro,
2472 892 2847 964 imperatrice
2902 893 3088 960 Irene,
3121 898 3300 965 atque
3330 894 3587 965 conjuge

1936 986 2277 1054 separatam
2298 998 2426 1037 esse
2460 982 2639 1037 anxie
2700 997 2770 1037 ac
2796 981 3051 1037 nimium
3080 982 3389 1047 indoleret,
3422 982 3588 1041 fama

1934 1077 2022 1128 est
2047 1075 2315 1128 Asanum
2345 1085 2482 1126 eam
2504 1074 2639 1127 ante
2666 1070 2906 1143 suiequi
2930 1071 3207 1141 sagulum
3237 1071 3582 1138 collocasse,

1934 1159 2257 1232 digitisque
2287 1159 2349 1215 in
2374 1159 2587 1215 faciem
2610 1159 2996 1231 percussisse,
3028 1159 3322 1216 minatum
3353 1161 3584 1230 acriter,

1930 1248 1996 1307 ni
2025 1248 2259 1305 silentio
2279 1253 2519 1321 raptum
2545 1248 2742 1318 ferret,
2772 1264 2835 1304 se
2858 1248 2921 1304 in
2947 1264 3083 1306 eam
3108 1249 3316 1308 omnia
3335 1265 3473 1323 quae
3503 1249 3587 1307 illi

1933 1337 2155 1412 probro
2193 1343 2394 1394 essent
2430 1341 2872 1394 exsecuturum.

2004 1521 2091 1574 35.
2128 1516 2238 1573 Per
2268 1515 2429 1572 idem
2450 1520 2690 1589 tempus
2718 1517 3076 1590 Scytharum
3104 1533 3250 1588 gens
3282 1519 3360 1575 ab
3376 1534 3584 1575 excur-

1934 1605 2227 1672 sionibus,
2244 1604 2571 1661 latrociniis
2585 1622 2654 1661 ac
2666 1609 3045 1662 Tartarorum
3059 1606 3248 1662 caadib
3257 1624 3324 1661 us
3336 1607 3582 1679 reliqua,

1932 1713 2071 1752 cum
2087 1694 2220 1752 ﬁliis
2243 1699 2300 1751 et
2321 1695 2636 1768 uxoribus,
2661 1696 2927 1766 Bulgaris
2948 1696 3581 1768 licetreclamantibus,

208 1780 604 1859 διαπεράσατες
629 1786 824 1845 τέκνοις
876 1783 924 1818 ⁹⁸
973 1782 1084 1856 ἅμα
1134 1787 1225 1836 xui
1276 1782 1503 1855 γυναιξὶ,
1551 1789 1639 1837 xui
1677 1784 1873 1859 eixo'v-l

1943 1801 2074 1843 cum
2146 1785 2465 1841 innumera
2550 1788 2705 1841 esset
2753 1784 3096 1852 multitudo,
3160 1784 3394 1841 utribus
3444 1788 3585 1843 Istro

205 1892 316 1925 των
369 1872 670 1946 Βουλγάρων
743 1871 950 1945 (πολλαὶ
1019 1875 1117 1949 γὰρ
1202 1874 1444 1947 ὑπῆρχον
1508 1873 1825 1946 χιλιοστύες)

207 1964 337 2023 τοὺς
387 1970 478 2022 τῆς
526 1957 850 2023 Μακεδονίας
903 1967 1111 2037 χώρους
1163 1960 1460 2026 κατελαϐον,
1520 1964 1569 2014 οἱ
1597 1965 1687 2035 μὲν
1707 1968 1825 2035 περὶ

209 2053 303 2103 τόν
332 2048 516 2125 Ἕϐρον
556 2055 645 2103 καὶ
688 2052 755 2102 τὰ
797 2048 962 2102 ἐκεῖσε
1016 2047 1180 2103 πεδία
1228 2053 1324 2111 τὰς
1374 2054 1530 2124 νομὰς
1581 2055 1824 2124 ποιούμε⁶

210 2160 318 2209 νοι,
345 2142 395 2192 οἱ
426 2136 485 2193 δὲ
515 2144 633 2214 περὶ
670 2141 737 2191 τὰ
784 2144 1057 2213 κατωτέρω
1115 2144 1246 2213 μέρη
1300 2145 1391 2193 καὶ
1446 2144 1533 2193 τὸν
1589 2144 1823 2213 ποταμόν

212 2228 272 2282 ὃν
317 2231 348 2287 ἠ
403 2225 582 2301 χύδην
641 2229 837 2303 ῥέουσα
884 2228 1108 2300 γλῶττα,
1164 2231 1398 2303 καθάπερ
1452 2231 1662 2302 ἔφημεν,
1716 2237 1826 2282 Μα-

214 2318 406 2392 ρίτζαν
429 2318 794 2390 κατονομάζει.
829 2322 933 2371 Καὶ
976 2320 1077 2393 γὰρ
1110 2321 1249 2371 ἔστιν
1305 2320 1373 2380 ὡς
1404 2316 1603 2379 ἀληθῶς
1638 2317 1825 2394 Ἕϐρος

216 2412 388 2481 μέχρι
434 2412 523 2460 καὶ
572 2415 663 2467 τῆς
720 2408 889 2480 Αἴμου
938 2409 1023 2479 (a)
1054 2410 1149 2468 τὰς
1202 2403 1469 2481 ἐκδρομὰς
1499 2410 1823 2480 ποιούμενος,

215 2498 457 2549 κάκεῖθεν
538 2494 622 2548 ἰπὶ
692 2499 751 2548 τό
804 2496 1021 2567 Αἰγαῖον
1077 2496 1261 2571 ἐκρέων
1320 2497 1561 2569 πέλαγος.
1619 2497 1700 2549 ὃτι
1767 2493 1826 2551 δε

225 2582 590 2656 συμϐάλλουσι
645 2587 810 2656 τούτῳ
864 2591 953 2638 καὶ
1004 2586 1167 2659 ἕτεροι
1231 2591 1457 2659 ποταμοὶ
1516 2590 1606 2639 καὶ
1663 2590 1827 2659 μείζω

222 2680 492 2739 ποιοῦσιν,
523 2672 805 2727 ἐναλλάττει
839 2682 949 2736 τοῖς
998 2682 1318 2747 παροικοῦσι
1363 2680 1453 2727 καὶ
1503 2676 1731 2749 τοῦνομα
1753 2678 1822 2731 99.

223 2760 465 2822 Ἐλήῐζον
491 2757 576 2813 οὑν
606 2764 671 2815 τὰ
695 2762 744 2814 ἐν
770 2758 1072 2835 Μακεδονίᾳ
1098 2765 1288 2831 πάντα,
1338 2768 1427 2816 καὶ
1480 2766 1544 2824 ὡς
1578 2762 1626 2816 ἐν
1672 2764 1828 2837 ὀλίγῳ

222 2852 397 2925 ἔρημα
448 2852 616 2903 πάντα
666 2859 767 2903 τῶν
831 2851 1116 2925 οἰκητόρων
1172 2851 1446 2921 ἐποίησαν,
1500 2857 1591 2905 καὶ
1623 2855 1828 2906 Σκυθῶν

223 2938 447 3013 ἐρημίαν
497 2942 576 3011 (τὸ
630 2949 725 3002 τῆς
782 2947 1068 3013 παροιμίας
1130 2942 1280 3016 ἐρεῖν)
1347 2942 1736 3016 ἀπειργάσαντο
1785 2944 1828 3012 ¹,

223 3033 317 3080 καὶ
364 3028 649 3100 πολιχνίων
700 3025 758 3081 δὲ
789 3031 959 3083 ὁπόσα
995 3032 1239 3105 ὑπῆρχον
1286 3030 1575 3103 εύχείρωτα
1625 3031 1830 3104 πολέμῳ

1933 1878 2233 1947 superato,
2271 1873 2626 1931 Macedoniae
2650 1872 2785 1930 loca
2830 1878 3237 1947 occuparunt:
3295 1874 3395 1930 alii
3431 1875 3587 1932 circa

1933 1964 2189 2021 Hebrum
2211 1968 2268 2020 et
2289 1969 2556 2037 eaquatas
2574 1963 2701 2033 agri
2725 1962 2999 2036 planities
3020 1962 3208 2020 victus
3230 1963 3345 2020 sibi
3364 1980 3585 2036 suppe-

1931 2053 2143 2122 ditant,
2202 2052 2301 2109 alii
2349 2053 2411 2108 in
2461 2052 2595 2109 loca
2641 2051 2939 2122 inferiora,
2991 2057 3047 2109 et
3102 2054 3356 2109 ﬂuvium
3402 2056 3589 2125 quem

1932 2143 2274 2209 communis
2320 2142 2548 2212 lingua,
2598 2146 2665 2197 ut
2693 2140 2978 2211 diximus,
3022 2143 3321 2199 Maritzam
3370 2158 3586 2199 vocare

1933 2231 2098 2303 solet,
2126 2231 2494 2300 deferuntur,
2528 2230 2756 2286 Hebrus
2803 2246 3069 2303 namque
3106 2248 3170 2287 re
3230 2236 3288 2288 et
3344 2232 3587 2289 nomine

1931 2336 2124 2393 usque
2148 2320 2425 2376 Haemum
2442 2320 2713 2385 excurrit,
2753 2319 3012 2391 indeque
3034 2320 3094 2376 in
3125 2321 3399 2390 IEgaeum
3428 2320 3586 2394 pela-

1933 2426 2044 2480 gus
2068 2408 2472 2475 inﬂuit.Quod
2501 2425 2642 2464 vero
2673 2408 2731 2463 in
2761 2424 2899 2464 eum
2939 2408 3037 2465 alii
3062 2410 3229 2465 ﬂuvii
3248 2410 3589 2481 ingrediun-

1935 2504 2028 2554 tur
2072 2503 2128 2554 et
2164 2498 2492 2554 auctiorem
2529 2496 2810 2563 reddunt,
2840 2497 3089 2553 nomina
3116 2497 3479 2565 accolarum,
3506 2496 3590 2553 uti

1937 2602 2067 2643 sese
2094 2586 2368 2651 oﬂerunt,
2392 2584 2604 2641 induit.
2632 2584 2934 2657 Diripuere
2972 2586 3173 2659 itaque
3222 2586 3428 2642 omnia
3452 2601 3589 2658 quae

1934 2675 1998 2732 in
2049 2674 2397 2732 Macedonia
2471 2679 2660 2742 erant,
2721 2673 2876 2731 adeo
2924 2678 2985 2731 ut
3027 2674 3280 2731 minimo
3326 2681 3591 2748 tempore

1936 2765 2218 2821 universa
2237 2763 2564 2821 cultoribus
2590 2763 2845 2836 spoliata
2857 2763 3246 2837 desolaretur,
3276 2770 3333 2821 et
3348 2766 3592 2837 Scytha-

1935 2871 2071 2911 rum
2106 2853 2220 2926 59
2253 2852 2531 2920 solitudo,
2559 2858 2623 2909 ut
2641 2853 2960 2925 proverbio
2982 2854 3215 2922 dicitur,
3238 2853 3589 2910 efﬁceretur.

1939 2942 2250 3016 Oppidulis
2314 2942 2454 2998 item
2499 2948 2678 3014 captu
2745 2942 3018 2999 facilibus
3069 2942 3227 2998 bello
3290 2958 3413 2999 non
3461 2943 3590 2999 sine

1939 3030 2268 3087 multorum
2314 3035 2509 3101 strage
2558 3031 2724 3103 potiti
2773 3035 2910 3087 sunt
2939 3049 2951 3087 :
2982 3031 3205 3102 rapinis
3241 3046 3310 3086 ac
3340 3030 3592 3103 popula-

224 3121 594 3189 περιεγένοντο.
690 3123 790 3171 Καὶ
870 3117 1157 3191 ἐφονεύοντο
1234 3121 1323 3191 μὲν
1400 3118 1598 3187 πολλοὶ,
1671 3118 1873 3215 ἐσκυ-⁴

224 3203 244 3218 .
296 3208 307 3218 ,
478 3202 511 3218 τ.
639 3207 650 3218 ,
889 3213 896 3218 .
968 3208 980 3218 .
1116 3206 1132 3218 .
1229 3207 1274 3218 ,μ
1512 3213 1520 3218 .
1588 3206 1600 3218 .

1943 3119 2203 3176 tionibus
2232 3119 2442 3175 omnia
2468 3123 2701 3175 vastata
2743 3119 2887 3188 ;viri
2918 3119 2979 3174 in
3019 3118 3362 3174 servitutem
3399 3118 3592 3175 abacti

224 3203 431 3258 λεύοντο
466 3202 525 3260 δὲ
576 3207 762 3268 πάντες
815 3213 905 3260 καὶ
960 3206 1388 3281 ᾐχμαλωτίζοντο
1441 3213 1530 3261 καὶ
1579 3206 1830 3281 ἀπημπο-

224 3293 407 3347 λοῠντο
456 3293 505 3346 ἂν
552 3302 662 3356 τοῖς
712 3296 950 3368 μείζοσιν
996 3298 1233 3363 ἄστεσιν,
1285 3297 1390 3349 οἷον
1437 3305 1499 3369 τῇ
1556 3299 1578 3331 ²
1619 3293 1828 3371 Ἀδρια-

303 3385 351 3419 ⁹¹⁸
372 3386 521 3459 ἔσται
553 3386 681 3459 Θεὸς
710 3389 1093 3459 τιμωρόςχΚαὶ
1122 3386 1150 3459 ό
1178 3384 1467 3459 Ιξούλγαρος
1498 3388 1565 3441 D.

230 3556 303 3568 —
330 3525 581 3600 τοῦνομα]
613 3532 731 3601 περι
761 3531 855 3586 τὴν
884 3527 1157 3603 Μαρίτζαν
1186 3527 1251 3583 Ι).

1644 3387 1692 3420 9⁵
1739 3389 1828 3437 καὶ
1856 3386 2106 3459 πενθερᾶς
2126 3416 2197 3425 -
2228 3388 2505 3459 χωρισμόν
2537 3399 2658 3439 om.
2692 3384 2753 3439 D.

231 3453 369 3507 εἰ-
400 3451 934 3530 διαπράξασθάιόω.
967 3458 1030 3513 Ι).
1068 3527 1075 3530 _
1107 3457 1155 3492 9⁸
1183 3451 1592 3530 διαπεράσαντες
1621 3460 1714 3530 xui
1758 3459 1847 3509 τόν
1888 3451 2054 3530 ᾼῖμόν
2084 3451 2547 3530 ὑπερπηδήσαντες
2602 3458 2795 3516 τέκνοις
2852 3457 2915 3511 D.

1937 3209 2002 3287 in
2027 3206 2360 3278 majoribus
2391 3207 2666 3275 urbibus,
2688 3206 3093 3279 Adrianopoli,
3119 3206 3590 3279 Didymotcecho,

1942 3297 2136 3369 Bizya,
2186 3295 2521 3368 Calliupoli,
2574 3300 2631 3351 et
2680 3295 2730 3350 si
2758 3310 2895 3368 qua:
2936 3295 3055 3352 alia
3103 3300 3228 3351 erat
3278 3311 3593 3351 murorum

2833 3385 2880 3419 ⁸⁸
2905 3390 2999 3446 τῆς
3028 3414 3099 3424 --
3127 3388 3214 3435 xui
3243 3399 3366 3440 om.
3401 3386 3465 3439 Ι).
3542 3383 3588 3418 ⁹⁷

2994 3457 3041 3492 9°
3094 3461 3212 3529 περὶ
3260 3458 3346 3507 τὸν
3410 3453 3594 3529 Ἕϐρον

1331 3526 1351 3563 ί
1380 3532 1471 3581 καὶ
1499 3530 1569 3590 ὡς
1593 3559 1664 3569 -
1693 3526 2077 3601 ἀπειργάσαντο
2107 3526 2232 3585 om.
2272 3530 2340 3583 D.
2414 3528 2436 3562 ³
2465 3534 2575 3587 τοῖς
2604 3557 2676 3568 -
2702 3534 2764 3599 τῇ
2797 3542 2919 3583 om.
2949 3529 3017 3583 D.

1129 3704 1471 3772 Theodori
1519 3704 1772 3773 Dousaa
1820 3713 1886 3772 et
1934 3704 2179 3773 Leonis
2225 3702 2465 3772 Allatii
2514 3711 2716 3771 notae.

308 3899 422 3971 (69)
440 3898 665 3972 Σκυθῶν.
691 3897 851 3972 Cum
880 3900 1143 3955 Joannes
1175 3901 1369 3972 Ducas
1394 3914 1593 3972 rerum
1622 3899 1812 3972 potire

237 3974 351 4043 tur,
378 3969 1036 4043 maximatScytharum
1067 3970 1390 4043 multitudo
1421 3970 1498 4043 ab
1531 3969 1835 4043 Hyperbo-

238 4042 352 4098 reis
382 4040 578 4097 eﬂusa
602 4040 681 4098 ad
700 4040 982 4112 Caspium
1002 4056 1167 4097 mare
1192 4041 1521 4112 descendit,
1546 4040 1604 4097 et
1622 4040 1835 4097 eorum

241 4112 390 4169 duce
409 4113 723 4168 Sitziscane
744 4111 1026 4169 defuncto
1042 4112 1147 4167 ﬁlii
1169 4113 1300 4181 ejus
1332 4111 1588 4169 Chalaus
1604 4118 1661 4168 et
1675 4112 1834 4168 Tele-

240 4198 430 4256 puges
456 4184 745 4256 exercitus
766 4182 1320 4256 dividunt.Chalaus
1346 4182 1629 4256 Caspium
1661 4189 1717 4239 et
1747 4187 1834 4239 la-

240 4253 468 4327 xartem
483 4253 733 4327 ﬂuvium
750 4254 825 4309 ad
849 4254 1342 4327 Septemtrionem
1364 4253 1706 4327 relinquens
1726 4270 1836 4327 per

240 4325 592 4398 inferiorem
611 4326 808 4398 Asiam
834 4325 1142 4398 descendit
1164 4325 1835 4398 gtTelepugeslimitibus

242 4380 473 4468 imperii
504 4396 597 4451 sui
628 4396 959 4468 constitutis
992 4380 1561 4453 meridiemiver‘sus
1589 4380 1835 4453 Caucasi
1867 4380 1910 4433 Ῑ)

244 4467 656 4523 cacuminibus
683 4473 738 4522 et
756 4467 1039 4539 deinceps
1055 4469 1223 4540 mari
1241 4468 1474 4539 Caspio,
1497 4483 1602 4540 per
1622 4471 1837 4523 Massa-

244 4544 512 4609 getarum
531 4537 1092 4595 rtSauromatarum
1104 4537 1411 4608 regionem
1427 4537 1835 4609 proﬁciscitur,

245 4608 581 4691 subigitque
596 4613 801 4691 gentes
817 4624 1028 4691 omnes
1046 4626 1181 4691 quae
1210 4608 1538 4691 iiawtidem
1553 4609 1838 4691 paludem

245 4685 297 4736 et
314 4679 560 4736 Tanaim
582 4679 952 4737 accolebant.
981 4679 1201 4736 Deinde
1225 4679 1404 4736 Tanai
1428 4679 1714 4751 superato
1737 4679 1841 4735 ad-

245 4767 454 4823 versus
468 4754 787 4823 Europmas
804 4756 1010 4823 gentes
1025 4751 1247 4823 multas
1262 4766 1344 4823 ac
1366 4751 1562 4823 varias
1580 4757 1637 4807 et
1653 4767 1726 4807 ex
1736 4751 1841 4823 iis—

247 4822 391 4895 demt
404 4821 642 4895 Scythis
663 4821 824 4895 ortas
846 4821 1139 4895 impetum
1160 4822 1484 4895 facit,_qua§,
1506 4822 1843 4894 impressio-

248 4909 321 4949 ne
356 4893 459 4949 illa
486 4892 1180 4966 perterrittemutandas
1226 4892 1339 4966 sibi
1366 4892 1554 4966 wsedes
1592 4892 1842 4966 censue-

250 4971 413 5020 runt:
431 4963 625 5020 neque
641 4965 800 5020 enim
817 4964 931 5019 illis
943 4965 1083 5020 satis
1095 4964 1329 5019 ﬁducia;
1342 4964 1421 5019 ad
1446 4963 1843 5019 resistendum

252 5040 412 5107 erat,_
439 5034 547 5090 sed
578 5051 788 5107 omnes
829 5041 885 5091 et
915 5040 1119 5107 gentes
1156 5039 1214 5089 et
1243 5034 1420 5090 urbes
1464 5034 1845 5107 trepidabant

252 5105 688 5179 etvelutspicaa
711 5107 772 5161 in
796 5122 937 5162 area
954 5106 1314 5179 terebantur,
1360 5106 1525 5179 Unde
1545 5105 1603 5179 et
1618 5106 1679 5162 hi
1700 5108 1841 5179 Scy-

252 5177 405 5249 thico
422 5175 578 5232 bello
599 5177 919 5249 desperato
943 5176 1196 5249 pelhbus
1214 5176 1388 5249 palea
1408 5175 1598 5248 plenis
1620 5193 1728 5247 pro
1753 5175 1844 5249 ra-

254 5248 409 5304 tibus
441 5250 531 5303 usi
568 5264 704 5304 cum
716 5247 1021 5304 uxoribus
1048 5254 1103 5304 et
1127 5247 1327 5303 liberis
1358 5247 1568 5303 Istrum
1600 5248 1845 5305 transie-

250 5323 406 5386 runt,
430 5335 540 5376 nec
576 5320 741 5376 brevi
770 5324 1037 5392 tempore
1070 5320 1130 5375 in
1172 5318 1420 5375 Thracia
1465 5318 1844 5392 oberrarunt,

1945 3898 2226 3955 idoneam
2258 3897 2369 3955 sibi
2394 3898 2692 3970 coloniam
2709 3900 3068 3970 quaerentes,
3093 3897 3301 3953 decem
3328 3899 3593 3956 millibus

1943 3970 2107 4026 haud
2130 3970 2461 4041 pauciores.
2496 3969 2579 4024 Ex
2609 3969 2887 4041 Gregora.
2920 3974 3057 4023 ALL.

2018 4037 2146 4112 (70)'
2184 4043 2262 4095 De
2309 4037 2986 4112 Tartarorum_colluvie
3029 4043 3086 4094 et
3120 4037 3401 4112 barbarie
3445 4040 3595 4096 varii

1944 4108 2121 4167 varia
2147 4112 2530 4183 scripserunt,
2571 4108 3283 4183 HaithonustArmenius,
3300 4110 3361 4183 in
3395 4112 3597 4166 Orien—

1948 4184 2063 4239 tali
2075 4180 2348 4239 Historia
2364 4202 2378 4251 ;
2394 4182 2669 4237 Marcusi’
2683 4181 2857 4236 auius
2869 4180 3148 4245 Venetus,
3173 4180 3235 4235 in
3251 4181 3593 4250 Itinerario;

1949 4253 2279 4309 Alexander
2291 4253 2617 4324 Gagninus,
2636 4253 2696 4307 in
2709 4253 3017 4324 Sqrmtatia
3027 4252 3349 4324 Europae,
3365 4257 3597 4324 etcom-

1947 4325 2148 4396 plures
2170 4324 2287 4381 alii.
2321 4322 2601 4380 omnium
2619 4322 3085 4396 luculentissime
3106 4322 3452 4378 Vincentius
3482 4323 3597 4379 Bel-

1948 4394 2246 4460 vacensis,
2304 4396 2365 4451 in
2423 4395 2585 4465 Spec.
2637 4397 2863 4451 Hister.
2904 4394 3008 4449 lib.
3054 4410 3195 4449 xxxx
3255 4399 3314 4465 et
3342 4410 3494 4450 xxxu
3527 4411 3601 4451 ex

1953 4468 2191 4538 Simone
2208 4465 2282 4522 de
2299 4464 2514 4522 Sancto
2533 4465 2814 4531 Quintino
2831 4472 2887 4521 et
2900 4467 3127 4521 Joanne
3138 4466 3212 4520 de
3224 4464 3597 4538 Planocarpi;

1950 4537 2230 4610 quaedam
2262 4539 2441 4594 etiam
2472 4553 2545 4593 ex
2575 4538 2836 4610 Historia
2874 4539 3274 4610 Tartarorum.
3316 4539 3433 4610 _Hos
3463 4537 3600 4610 Yin—

1949 4607 2124 4664 centii
2145 4614 2419 4664 auctores
2443 4614 2713 4664 secutum
2743 4608 2918 4664 video
2935 4612 3068 4663 Ant.
3101 4607 3436 4663 Bonﬁnium
3461 4609 3598 4663 Rer.

1954 4680 2177 4749 Ungar.
2212 4678 2424 4736 decad.
2459 4698 2515 4746 ιι,
2549 4680 2655 4738 lib.
2686 4696 2803 4740 vm.
2848 4679 2953 4734 ubi
2985 4679 3207 4749 statim,
3233 4678 3294 4733 in
3331 4678 3498 4734 initio
3522 4678 3597 4733 de

1948 4748 2245 4806 mirandis
2275 4753 2654 4806 Tartarorum
2670 4750 2941 4807 moribus
2962 4748 3254 4804 nonnulla
3275 4749 3597 4820 praemittit,

1951 4822 2330 4892 Ungarorum
2359 4825 2526 4892 gesta
2554 4837 2692 4892 cum
2721 4820 2865 4892 ipsis
2904 4819 3059 4892 bella
3081 4823 3215 4892 post
3229 4819 3600 4892 commemo-

1950 4888 2209 4948 raturus.
2240 4888 2544 4957 lllic'vide,
2580 4891 2627 4946 si
2653 4888 2902 4946 foriasse
2951 4888 3208 4945 ulla'tibi
3265 4888 3454 4944 libido
3514 4894 3603 4947 est

1952 4961 2355 5034 cognoscendi
2374 4961 2623 5034 bipedes
2651 4961 3071 5034 nequissimos,
3110 4960 3403 5019 homines.
3436 4964 3500 5034 ut
3521 4961 3605 5018 ita

1951 5031 2172 5100 dicam,
2201 5048 2323 5089 non
2344 5031 2639 5103 homines,
2683 5031 2787 5104 aut
2806 5032 3003 5104 potius
3032 5045 3257 5104 magna
3280 5035 3449 5104 parte
3474 5031 3605 5089 bel-

1950 5104 2102 5171 luas,
2129 5106 2176 5160 si
2213 5119 2357 5161 vera
2388 5108 2526 5159 sunt
2566 5119 2702 5175 quae
2731 5102 2899 5175 defiis
2951 5102 3132 5173 vulgo
3176 5102 3494 5175 traduntur
3525 5104 3605 5160 ab

1952 5176 2067 5231 illis
2095 5176 2197 5248 qui
2229 5180 2332 5248 aut
2354 5175 2468 5248 ipsi
2490 5172 2727 5245 gentem
2758 5172 3180 5248 viderunt,aut
3202 5190 3238 5230 a
3265 5173 3384 5232 ﬁde
3406 5175 3605 5247 dignis

1952 5263 2026 5305 ea
2053 5246 2188 5320 quae
2218 5246 2482 5303 referunt
2512 5260 2816 5319 accepere.
2846 5246 3060 5303 Dousa.

320 5491 402 5561 (a)
434 5490 778 5560 Legendum
810 5496 897 5557 est
919 5500 1010 5553 τῆς
1033 5494 1207 5547 Αἴνου.
1227 5489 1454 5547 Hebrus
1475 5490 1635 5547 enim
1654 5506 1779 5548 non
1800 5490 1877 5548 ad
1903 5490 2177 5547 Haemum
2206 5490 2355 5559 ﬂuit,
2392 5489 2499 5547 sed
2519 5490 2597 5547 ab
2617 5506 2689 5547 eo
2709 5487 3035 5555 descendit,
3048 5488 3389 5562 labiturque
3410 5504 3605 5562 usque

256 5563 332 5621 ad
350 5565 561 5635 Enum
594 5562 805 5619 urbem
838 5563 991 5619 mari
1018 5566 1201 5632 zEgeo
1235 5563 1598 5635 appositam,
1623 5568 1679 5619 et
1702 5563 1874 5633 juxta
1896 5577 2037 5635 eam
2060 5562 2123 5617 in
2156 5578 2325 5620 mare
2352 5564 2490 5620 exit.
2548 5562 2631 5619 Cf.
2694 5562 2845 5619 Frid.
2903 5560 3066 5619 Tafel
3086 5561 3149 5617 in
3178 5560 3608 5619 Dissertatione

258 5635 328 5692 de
362 5633 779 5693 Thessalonica
796 5636 1039 5707 ejusque
1066 5649 1237 5706 agro,

1316 5633 1544 5705 erolini,
1573 5638 1729 5701 1839,
1768 5649 1833 5708 p.
1851 5634 1978 5692 301.
2016 5635 2167 5690 Εοιτ.

4052 22 4053 107 ι

4052 1476 4053 1541 ι

4048 1670 4053 1759 i
