4084 6212
534 312 668 367 1063

1804 301 2085 357 GEORGII
2114 300 2390 357 ACROPO
2399 298 2579 356 LITJE

3416 10 4048 219 ῥῖψ’-

3758 312 3897 366 1064

532 434 820 490 tutiorum
846 433 999 487 strue
1032 426 1399 484 circumdata
1428 429 1529 482 aut
1552 424 1955 481 habitantium
1986 424 2180 482 multi-

2295 423 2549 492 νουπόλει,
2606 431 2677 494 τῷ
2724 421 3111 501 Λιδυμοτοίχῳ
3180 432 3222 499 ³,
3278 441 3343 505 τῇ
3407 433 3595 507 Βιζῦη,
3636 440 3703 506 τῇ
3770 433 3902 486 Καλ-

533 522 738 579 tudine
777 521 1192 590 circumsepta,
1218 515 1504 572 divenditi
1536 519 1693 572 sunt.

604 799 691 853 36.
721 799 867 853 Cum
887 794 1017 851 btec
1046 795 1125 851 ita
1153 794 1557 859 succederent,
1583 792 1769 849 Latini
1790 806 2034 866 quoque
2055 806 2183 864 per-

531 890 710 959 petuo
766 884 827 939 in
856 901 967 940 nos
998 884 1136 939 odio
1153 900 1223 940 ac
1247 884 1441 940 furore
1471 882 1847 949 inﬂammati,
1866 886 1920 938 et
1942 886 2185 954 propter

532 991 717 1047 quam
735 974 795 1029 in
820 989 923 1030 eos
945 976 1203 1030 Joannes
1224 973 1546 1045 imperator
1564 977 1621 1028 et
1646 977 1881 1028 Asanus
1906 971 2184 1043 irruptio-

530 1080 671 1120 nem
688 1064 968 1132 fecerant,
987 1069 1043 1119 et
1059 1062 1299 1118 urbium
1322 1078 1392 1119 ac
1412 1062 1774 1134 Oppidorum
1785 1060 2184 1134 privationem

532 1153 724 1223 magis
751 1169 819 1209 ac
843 1152 1035 1222 magis
1055 1151 1287 1219 infensi,
1321 1156 1527 1207 nostra
1545 1149 1931 1220 aggrediendi
1952 1163 2186 1221 nosque

530 1242 911 1315 opprimendi
924 1243 1298 1299 occasionem
1312 1240 1744 1313 quaerebantet
1753 1240 1831 1296 ad
1846 1240 1999 1296 vires
2011 1237 2190 1296 amis-

534 1348 633 1389 sas
659 1331 1082 1389 iustaurandas
1107 1332 1251 1387 satis
1269 1330 1415 1387 illud
1445 1334 1962 1403 peropportunum
1988 1329 2187 1387 visum

532 1426 642 1477 est.
675 1421 935 1476 Primum
969 1420 1081 1476 sibi
1112 1425 1378 1476 Asanum
1405 1419 1743 1487 conciliant,
1770 1435 1907 1475 cum
1932 1434 2054 1491 quo
2084 1433 2187 1490 pa-

534 1527 663 1567 cem
688 1515 1060 1583 componunt
1085 1527 1097 1576 ;
1118 1510 1401 1582 deinceps
1422 1510 1672 1582 Scythas
1697 1508 2013 1577 barbaros,
2033 1524 2189 1565 erro-

532 1616 659 1669 nes,
680 1600 1027 1671 peregrinos
1041 1604 1098 1655 et
1119 1599 1384 1654 advenas
1404 1598 1785 1654 munusculis
1808 1597 2061 1667 exiguis,
2083 1599 2188 1653 sed

534 1688 915 1745 uberioribus
929 1687 1430 1760 promissionibus
1444 1687 1669 1743 illectos
1694 1686 1809 1742 sibi
1825 1686 2184 1753 adsciscunt,

2295 512 2555 567 λιουπὸλει
2619 520 2708 567 καὶ
2765 518 2809 567 εἴ
2866 535 2917 568 τι
2975 517 3096 570 ἄλλο
3163 516 3223 579 ἦν
3274 526 3504 594 τείχεσιν
3536 524 3903 595 ἐρυμνοτέρως

2295 602 2641 677 ὠχυρωμενον
2694 609 2785 659 καὶ
2842 615 2915 678 τῷ
2982 607 3167 667 πλήθει
3244 619 3343 663 τῶν
3393 612 3673 664 οἰκούντων
3731 612 3904 683 5:69:2-

2292 689 2531 764 λισμένον
2562 694 2604 746 ⁸.

2364 779 2471 835 13’.
2517 781 2656 835 Ἐπεὶ
2698 788 2825 855 γοῦν
2873 784 3010 837 οὕτω
3034 794 3201 839 ταῦτα
3259 787 3471 856 συνέϐη,
3506 792 3563 841 τὸ
3604 797 3709 841 τῶν
3744 794 3905 843 Λατί-

2292 888 2388 921 νων
2413 875 2555 941 γένος
2597 870 2676 924 ἀεὶ
2717 873 2838 925 καθ’
2868 876 3013 946 ἡμῶν
3062 881 3250 949 μανίαν
3294 882 3579 953 τρέφοντες,
3640 884 3732 931 καὶ
3789 886 3906 950 χεῖ·

2292 978 2382 1031 ρον
2447 957 2507 1013 δὲ
2558 957 2872 1023 διατεθέντες
2952 960 3047 1017 διὰ
3091 970 3186 1024 τὴν
3230 971 3332 1043 πρὸ
3382 975 3576 1043 μικροῦ
3623 973 3905 1039 γενομένην

2295 1054 2449 1120 σφίσι
2477 1052 2621 1124 παρά
2650 1070 2705 1103 τε
2734 1059 2826 1105 τοῦ
2865 1051 3128 1125 βασιλέως
3167 1055 3405 1109 Ἰωάννου
3456 1062 3546 1109 καὶ
3597 1063 3694 1109 τοῦ
3736 1058 3902 1111 ’Δσὰν

2295 1135 2477 1211 ἔφοδον
2507 1146 2595 1193 καὶ
2620 1149 2716 1194 τῶν
2745 1150 2936 1217 χωρῶν
2960 1149 3049 1197 καὶ
3078 1152 3179 1197 τῶν
3223 1146 3505 1219 πολιχνίων
3558 1146 3730 1199 αὐτῶν
3792 1152 3903 1200 σ’τὲ

2295 1247 2474 1301 ρησιν,
2523 1235 2705 1304 καιρὸν
2757 1232 2975 1293 ἐζήτουν
3034 1233 3490 1308 ἐπιχειρήσασθαι
3546 1238 3667 1290 καθ’
3730 1239 3895 1309 ἡμῶν,

2296 1319 2526 1392 εὑρόντες
2577 1328 2650 1391 τῷ
2703 1325 2816 1375 τότε
2870 1319 3172 1395 δυνάμενον,
3224 1328 3296 1387 ὡς
3354 1330 3533 1397 ᾤοντο,
3590 1330 3683 1385 τὴν
3738 1327 3896 1384 ἧτταν

2296 1410 2501 1470 τούτοις
2553 1407 2993 1468 ἀνακαλέσασθαι.
3039 1419 3141 1467 Καὶ
3222 1423 3405 1490 πρῶτα
3455 1419 3547 1489 μὲν
3594 1419 3683 1469 τὸν
3736 1416 3899 1469 ’Δσὰν

2297 1497 2689 1567 ὑποποιοῦνται,
2721 1505 2810 1553 καὶ
2831 1504 2997 1574 τούτῳ
3037 1504 3103 1555 τὰ
3152 1508 3285 1579 πρὸς
3340 1504 3593 1579 εἰρήνηνδ
3651 1502 3899 1558 σπένδον-

2297 1605 2384 1637 ται
2421 1607 2434 1620 ο
2460 1590 2635 1640 ἔπειτα
2665 1585 2725 1641 δὲ
2756 1593 2850 1642 σὺν
2876 1590 3016 1662 αὐτῷ
3045 1595 3136 1644 καὶ
3164 1596 3283 1655 τοὺς
3323 1596 3539 1661 Σκύθας,
3594 1592 3905 1670 βαρϐάρους

2296 1671 2490 1749 ἄνδρας
2547 1676 2742 1740 ἀλήτας
2791 1698 2845 1732 τε
2897 1685 2986 1733 καὶ
3041 1677 3328 1749 ἐπήλυδας,
3386 1690 3594 1757 μικροῖς
3641 1703 3757 1735 τισι
3798 1689 3909 1745 τοῖς

536 1778 1035 1850 agendorumque
1059 1777 1173 1832 sibi
1199 1777 1393 1833 socios
1411 1776 1694 1847 allegant.
1713 1777 1854 1833 Hinc
1866 1777 2103 1847 magnis
2115 1793 2188 1833 ex

2296 1771 2628 1841 χαρίσμασι,
2686 1774 3026 1845 μακροτέραις
3083 1768 3145 1824 δέ
3192 1792 3251 1843 γε
3307 1780 3419 1833 ταῖς
3466 1775 3831 1846 ὑποσχέσεσιν
3885 1775 3910 1809 ⁸

537 1867 771 1940 Scythis
803 1872 859 1923 et
905 1866 1175 1936 Bulgaris
1212 1865 1605 1922 auxiliaribus
1639 1866 1825 1938 copiis
1861 1865 2187 1923 recollectis

535 1956 662 2013 Itali
678 1971 798 2011 una
820 1972 1031 2012 omnes
1048 1954 1224 2011 simul
1247 1955 1539 2012 adversus
1559 1957 1847 2012 Joannem
1870 1955 2190 2027 imperato-

533 2061 664 2102 rem
696 2046 885 2102 aciem
938 2046 1256 2101 instruunt.
1316 2048 1381 2101 Et
1428 2061 1565 2101 cum
1609 2060 1795 2117 prope
1833 2044 2189 2101 Tzurulense

2298 1856 2366 1916 εἰς
2422 1856 2632 1919 ἑαυτοὺς
2676 1859 2885 1912 ἕλκουσι
2928 1866 3018 1913 καὶ
3089 1864 3498 1935 συμπράκτορας
3572 1871 3675 1915 τῶν
3742 1866 3911 1934 ξογων

2295 1953 2528 2002 ποιοῦσι.
2587 1952 2687 2001 Καὶ
2732 1944 2801 2007 δὴ
2850 1954 3165 2022 συμμαχίαν
3193 1954 3453 2009 τοσαύτην
3490 1954 3547 2004 ἔκ
3615 1971 3669 2004 τε
3694 1955 3910 2005 Σκυθῶν

2296 2040 2388 2088 καὶ
2444 2035 2748 2111 Βουλγάρων
2777 2040 2798 2072 ⁷
2830 2040 3228 2114 συνηθροικότες
3253 2043 3301 2093 οἱ
3333 2040 3519 2094 Ἰταλοὶ
3558 2043 3719 2112 ὁμόσε
3769 2045 3913 2094 κατὰ

2299 2132 2389 2177 τοῦ
2421 2124 2682 2198 βασιλέως
2711 2128 2949 2181 Ἰωάννου
3005 2136 3297 2201 χωροῦσιν,
3351 2127 3429 2202 [Ρ.
3489 2132 3583 2204 30]
3651 2131 3797 2183 Ἐπεὶ
3849 2128 3911 2183 δὲ

2302 2220 2480 2286 σφίσιν
2528 2217 2583 2268 ἑκ
2639 2224 2731 2269 τοῦ
2802 2214 3001 2289 σχεδόν
3042 2221 3102 2271 τό
3148 2226 3246 2281 τῆς
3298 2218 3629 2294 Τζουρουλοῦ
3681 2220 3704 2255 ⁸
3766 2222 3910 2272 ἄστυ

2299 2304 2573 2377 ἐτύγχανε,
2615 2306 2729 2358 κατ’
2775 2304 2967 2359 ἐκείνου
3015 2312 3110 2365 τὴν
3156 2310 3340 2380 μὰχην
3390 2310 3597 2377 ἑστῶσι,
3649 2313 3909 2381 παρόντος

2299 2394 2721 2467 αῦτοπροσώπως
2758 2397 2778 2430 ⁹
2817 2400 2907 2449 καὶ
2954 2403 3045 2448 τοῦ
3092 2397 3256 2450 Ἀσὰν
3319 2400 3449 2469 μετὰ
3487 2401 3755 2451 τοσούτων
3817 2419 3905 2470 χιι

534 2136 653 2207 60
667 2140 931 2192 castrum
945 2135 1280 2205 esset,vires
1294 2134 1369 2190 ad
1384 2135 1443 2190 id
1456 2135 1933 2207 oppugnandum
1949 2150 2193 2191 conver-

535 2231 684 2295 tunt,
708 2226 921 2281 eodem
945 2230 1147 2280 Asano
1177 2229 1468 2297 praesente
1491 2241 1629 2280 cum
1651 2228 1738 2280 tot
1758 2223 2013 2280 millenis
2048 2226 2188 2297 Scy-

534 2316 776 2371 tharum
802 2319 858 2369 et
886 2314 1276 2384 Bulgarorum
1302 2318 1356 2368 et
1376 2313 1589 2369 Italicis
1616 2313 1929 2369 machinis.
1957 2312 2189 2369 Tzuruli

536 2402 808 2458 custodia
825 2402 1157 2473 Nicephoro
1180 2401 1609 2471 Tarchaniota,
1631 2401 1735 2473 qui
1756 2418 1788 2457 e
1808 2416 2021 2457 mensa
2050 2407 2189 2457 tunc

537 2496 664 2547 erat
695 2490 1089 2562 imperatoris,
1114 2490 1505 2562 postmodum
1534 2505 1794 2560 magnus
1824 2490 2190 2547 domesticus

538 2584 772 2635 creatus
791 2584 901 2647 est,
926 2579 1131 2648 magni
1148 2578 1461 2652 domestici
1488 2578 1810 2651 Palmologi
1829 2594 2030 2649 gener,
2050 2595 2189 2636 cum

537 2669 800 2741 primum
824 2667 978 2723 illius
1006 2668 1192 2723 ﬁliam
1233 2667 1473 2724 Mariam
1499 2667 1612 2723 sibi
1641 2668 1862 2739 nuptiis
1884 2668 2189 2739 adjunxis-

538 2760 643 2828 set,
678 2757 757 2812 ab
786 2756 1144 2828 imperatore
1174 2758 1401 2812 Joanne
1421 2755 1789 2812 demandata
1811 2756 2019 2813 fuerat.
2057 2760 2191 2816 Erat

535 2845 929 2903 Tarchaniota
969 2845 1140 2901 miles
1178 2849 1469 2917 praestans
1526 2850 1582 2901 et
1624 2846 1887 2917 optimus
1943 2846 2086 2914 dux,
2134 2850 2191 2906 et

535 2935 721 2991 divini
738 2934 995 3007 prmsidii
1020 2935 1344 3007 saepissime
1357 2934 1670 3006 particeps,
1700 2938 1760 2990 ut
1778 2935 2190 3009 exituﬁneque

2298 2937 2431 2997 τότε,
2493 2936 2654 3005 μέγας
2713 2928 2773 2984 δι
2831 2927 3142 3004 δομέστικος
3193 2938 3466 3000 τετίμηται
3535 2936 3758 3007 ὕστερον
3838 2937 3899 2999 ³³,

534 3039 736 3081 rerum
774 3027 1045 3097 patenter
1072 3023 1329 3079 innotuit
1370 3040 1382 3077 :
1416 3038 1681 3095 namque
1729 3039 1869 3079 eum
1920 3023 2188 3098 plerique

2296 3021 2527 3095 γαμϐρός
2558 3020 2617 3074 δὲ
2639 3018 2699 3079 ἧν
2728 3028 2819 3073 τοῦ
2866 3021 3090 3094 μεγάλου
3151 3018 3467 3095 δομεστίκου
3524 3030 3619 3075 τοῦ
3675 3023 3903 3076 Παλαιοο

535 3114 835 3186 aspirante
857 3113 1049 3183 magis
1071 3111 1307 3168 fortuna
1322 3127 1415 3167 res
1438 3111 1746 3168 absolvere
1766 3128 1950 3185 quam
1971 3113 2188 3171 robore

2296 3110 2451 3182 λόγου
2482 3110 2566 3164 ἐπὶ
2691 3115 2868 3186 πρώτῃ
2919 3110 3077 3163 αὑτοῦ
3136 3113 3357 3188 θυγατρὶ
3404 3118 3605 3189 Μαρίᾳ.
3635 3112 3738 3167 Ἠν
3766 3110 3831 3166 δέ
3876 3114 3900 3165 ὁ

535 3177 860 3258 θίωίὶὶῐεεί
889 3177 1098 3274 peritia
1136 3200 1341 3257 hostes
1395 3216 1682 3273 superare
1731 3177 2185 3262 eiistimabant.

2295 3177 2695 3274 Ταρχανειὼτής
2731 3177 2740 3186 ’
2772 3177 2862 3252 καί
2943 3177 3270 3273 στρατιώτης
3302 3177 3312 3188 “
3348 3177 3504 3264 καλὸς
3554 3177 3643 3254 καὶ
3701 3201 3900 3274 ἀγαθός

2298 3292 2586 3365 στρατηγὸς
2670 3289 2737 3357 η,
2792 3293 2882 3341 καὶ
2932 3288 3121 3351 πολλῆς
3192 3288 3527 3343 έπαπολαύων
3607 3299 3705 3353 τῆς
3757 3296 3902 3367 παρὰ

2298 3384 2431 3433 Θεοῦ
2486 3376 2821 3449 ἀντιληψεως,
2883 3380 3055 3442 καθὼς
3092 3383 3182 3432 καὶ
3232 3384 3397 3455 μέχρι
3443 3380 3620 3443 τέλους
3677 3380 3900 3453 ἐπέγνω-

2300 3488 2422 3521 σται
2449 3466 2682 3540 μαλιστα
2740 3488 2753 3501 ·
2807 3473 2896 3520 καὶ
2943 3470 3046 3544 γὰρ
3091 3464 3263 3522 ἐδόκει
3301 3476 3410 3531 τοῖς
3438 3469 3638 3532 πολλοῖς
3670 3470 3899 3543 εὐτυχίᾳ

2296 3560 2703 3632 κατορθούμενος
2748 3561 2816 3610 τὰ
2860 3558 3023 3611 πολλὰ
3068 3559 3097 3618 ἦ
3149 3556 3403 3633 εὐανδρίᾳ
3459 3564 3546 3613 καὶ
3596 3568 3901 3637 στρατηγίᾳ

2296 3656 2393 3699 τῶν
2447 3646 2682 3700 ἐναντίων
2761 3652 3149 3722 περιγενόμενος
3200 3650 3264 3702 ¹⁸.
3316 3650 3461 3702 Ἐπεὶ
3505 3647 3566 3702 δε
3617 3658 3694 3722 τῷ
3749 3652 3899 3703 ἄστει

2298 2483 2572 2554 λιοστύων,
2608 2492 2707 2536 τῶν
2747 2486 3010 2537 Σκυθικῶν
3050 2490 3139 2538 καὶ
3177 2495 3275 2538 τῶν
3329 2486 3693 2562 Βουλγαρικῶν
3738 2506 3905 2561 στραο

2296 2576 2579 2645 τευμάτων,
2617 2579 2707 2626 καὶ
2759 2582 2859 2626 τῶν
2918 2574 3181 2628 Ἰταλικῶν
3244 2579 3665 2650 μηχανημάτων.
3702 2577 3808 2630 Ἦν
3849 2574 3906 2630 6":

2296 2671 2387 2723 τῆς
2423 2663 2751 2739 Τζουρουλοῦ
2807 2665 2853 2699 ¹⁰
2901 2667 2995 2722 την
3038 2667 3266 2739 φρουρὰν
3310 2668 3455 2740 παρὰ
3494 2673 3588 2718 τοῦ
3638 2665 3905 2736 βασιλέως

2296 2751 2535 2805 Ἰωάννου
2578 2747 3026 2825 προσδεδεγμένος
3061 2755 3087 2805 6
3116 2760 3519 2827 Ταρχανειώτης
3573 2759 3902 2831 Νικηφόρος,

2299 2843 2354 2905 ὃς
2392 2845 2430 2879 ¹¹
2491 2841 2575 2895 ἐπὶ
2631 2850 2726 2905 τῆς
2774 2846 3036 2916 τραπέζης
3090 2845 3203 2911 (71)
3246 2852 3339 2896 τοῦ
3390 2842 3649 2916 βασιλέως
3688 2847 3904 2920 ὑπῆρχε

534 3293 858 3364 Postquam
890 3295 1151 3347 castrum
1175 3289 1892 3362 amilitecircumseptum
1903 3295 2008 3362 est,
2031 3292 2186 3349 arie-

534 3385 621 3436 tes
655 3385 1070 3453 tormentaque
1114 3379 1271 3435 ltalis
1325 3378 1571 3435 adfuere
1610 3379 1801 3436 multa
1856 3384 1913 3437 et
1963 3380 2183 3451 valida,

532 3468 755 3542 quibus
775 3484 898 3523 non
924 3469 1037 3524 hoc
1060 3467 1255 3523 solum
1279 3467 1384 3523 sed
1409 3467 1646 3524 altiores
1684 3468 1865 3525 etiam
1897 3486 2101 3526 muros
2132 3473 2190 3526 et

531 3558 894 3629 ingentiores
919 3557 1098 3614 urbes
1123 3561 1439 3630 quassatas
1461 3558 1808 3617 diruissent.
1839 3561 2000 3616 Tunc
2030 3561 2188 3630 cogi-

531 3648 786 3704 tationes
798 3662 1052 3717 magnas
1063 3647 1189 3702 etin
1204 3644 1427 3702 bellicis
1441 3646 1829 3719 disponendis
1840 3648 2189 3706 industriam

534 3750 658 3791 una
696 3751 834 3790 cum
866 3735 1062 3801 sociis,
1095 3735 1200 3807 qui
1238 3751 1270 3790 e
1310 3750 1521 3790 mensa
1560 3740 1703 3801 erat,
1765 3735 2023 3792 dilucide
2046 3739 2188 3794 satis

532 3824 985 3881 demonstravit.
1011 3826 1225 3879 Verum
1252 3827 1441 3879 totum
1468 3822 1530 3878 id
1560 3822 1777 3880 divinae
1798 3825 1898 3897 opi
1929 3825 2186 3883 tribuen-

530 3913 679 3971 dum
705 3918 814 3971 est.
848 3916 997 3971 Nam
1038 3913 1433 3969 Tarchaniota
1459 3912 1520 3968 in
1550 3917 1826 3971 externas
1868 3915 2181 3974 machinas

531 4005 678 4063 alias
708 4005 834 4079 ipse
864 4003 1346 4070 machinabatur,
1372 4008 1426 4059 et
1448 4007 1624 4059 tantas
1644 4004 1956 4076 copiarum
1977 4005 2181 4062 multi-

527 4096 720 4152 tudini
736 4095 921 4152 robur
942 4111 1012 4151 ac
1031 4095 1303 4151 animum
1349 4109 1486 4166 quae
1511 4093 1571 4149 in
1603 4094 1905 4151 immensa
1925 4094 2180 4152 militum

528 4185 904 4242 multitudine
917 4184 1159 4256 reperiri
1175 4188 1444 4256 possent,
1464 4184 1765 4256 opposuit.
1780 4186 1914 4241 Haec
1932 4185 2179 4241 anxium

529 4290 601 4331 ac
631 4274 949 4329 sollicitum
961 4273 1270 4329 habebant
1284 4276 1574 4329 Joannem
1588 4274 2031 4346 imperatorem,
2056 4290 2179 4330 non

528 4366 764 4420 tantum
801 4362 876 4418 de
909 4367 1107 4418 castro
1146 4363 1681 4434 pertimescentem,
1714 4362 1819 4417 sed
1885 4366 2178 4434 tanquam

529 4465 770 4508 summo
791 4450 1032 4519 ingenio
1052 4453 1106 4505 et
1128 4449 1448 4521 prudentia
1466 4449 1681 4505 bellica
1710 4449 2031 4522 praeditum
2057 4451 2169 4521 ει

2294 3738 2732 3809 παρεκαθίσαντο,
2782 3738 3149 3809 μηχανήματά
3198 3756 3253 3790 τε
3323 3742 3413 3790 καὶ
3488 3738 3748 3801 ἑλεπόλεις
3794 3747 3899 3800 tot;

2295 3823 2510 3886 Ἰταλοῖς
2563 3824 2885 3897 ἐγεγόνεισαν
2937 3824 3123 3877 πολλαί
3179 3845 3233 3879 τε
3270 3832 3360 3879 καὶ
3415 3826 3663 3901 ἰσχυραὶ,
3710 3832 3781 3891 ὡς
3825 3833 3893 3902 μή

2290 3919 2443 3987 μόνον
2473 3910 2753 3973 τηλικοῦδε
2782 3915 2982 3978 οἶστεως
3010 3916 3371 3989 περιγενέσθαι
3405 3915 3725 3988 ἰσχύουσαι,
3772 3917 3897 3970 ἀλλὰ

2289 4010 2379 4057 καὶ
2429 4002 2756 4077 ὑψηλοτέρων
2806 4012 2998 4077 τειχῶν
3048 4009 3138 4057 καὶ
3190 4005 3630 4081 εὐμέγεθεστέρων
3676 4007 3894 4077 πόλεων,

2286 4098 2403 4146 τότε
2431 4097 2489 4145 τὸ
2509 4100 2739 4166 γενναῖον
2788 4097 3027 4168 φρόνημα
3076 4097 3163 4146 καὶ
3220 4098 3313 4153 τὴν
3364 4100 3722 4171 στρατηγικὴν
3774 4098 3896 4167 μεθ.

2286 4178 2460 4235 οδείαν
2512 4185 2641 4256 μετὰ
2668 4190 2769 4235 τῶν
2811 4185 2905 4234 σὺν
2936 4182 3074 4254 αὐτῷ
3114 4183 3139 4234 6
3196 4181 3279 4236 ἐπὶ
3334 4190 3425 4245 τῆς
3471 4188 3745 4258 τραπέζης
3768 4184 3896 4257 λαμο

2284 4281 2427 4344 πρῶς
2456 4268 2763 4335 ἐνεδείξατο.
2803 4270 2899 4324 Ἦν
2948 4268 3007 4324 δι
3037 4274 3095 4325 τό
3126 4272 3238 4325 ὅλον
3268 4280 3362 4334 τῆς
3411 4280 3502 4326 τοῦ
3561 4282 3700 4327 Θεοῦ
3762 4273 3897 4327 ἀντι-

2285 4359 2493 4432 λήψεως
2526 4360 2640 4432 (72)
2670 4381 2683 4394 ο
2717 4359 3116 4432 ἀντεμηχανᾶτο
3162 4363 3263 4434 γὰρ
3305 4358 3451 4415 ἔνδον
3502 4363 3529 4414 6
3554 4368 3900 4436 Ταρχανειὼ-

2287 4470 2384 4513 της
2407 4457 2515 4511 τοῖς
2547 4450 2726 4513 ἔξωθεν
2756 4454 3163 4523 μηχανήμασιν,
3195 4456 3285 4504 καὶ
3315 4459 3377 4524 τῇ
3436 4455 3669 4527 τοσαύτη
3702 4454 3898 4511 πληθῦί

528 4540 954 4613 suspicantem,
990 4537 1037 4593 si
1067 4541 1329 4594 castrum
1378 4537 1455 4593 ab
1508 4537 1787 4593 hostibus
1843 4543 2174 4610 caperetur,

2295 4547 2381 4602 τῆς
2422 4545 2670 4613 στρατιᾶς
2725 4536 3029 4612 ἀντεπεξῆγε
3086 4542 3141 4591 τὸ
3188 4536 3435 4614 ἀνδρικὸν
3483 4539 3532 4593 ἐν
3587 4526 3898 4605 πολλοστοες

526 4643 905 4703 quaecunque
934 4627 1061 4700 ipse
1091 4626 1153 4682 in
1184 4625 1491 4682 occidente
1524 4625 1877 4699 possideret,
1925 4642 2176 4698 pessum

2288 4630 2421 4702 ἄγαν
2458 4635 2570 4690 τοῖς
2609 4633 2955 4701 στρατιώταις
2996 4629 3062 4685 ¹⁵.
3118 4627 3200 4682 Ἐν
3253 4627 3537 4703 ἀμηχανίᾳ
3565 4626 3626 4684 δε
3648 4628 3710 4691 ἦν
3743 4633 3770 4684 6
3803 4631 3898 4705 βα-

597 4721 620 4755 ³
657 4728 731 4806 τῶ
771 4714 1307 4806 Διδυμοτοίχοένρω.
1350 4716 1416 4802 Β..
1493 4716 1515 4750 ‘
1544 4720 1636 4806 καί
1687 4716 1838 4806 εἰη-ς
1885 4716 2301 4806 ἠσφαλισμέμον]
2332 4722 2423 4771 καὶ
2469 4724 2578 4806 τοὲ
2631 4717 2867 4806 μείζοσιν
2917 4718 3134 4806 ἄστεσιν
3178 4719 3256 4806 DL
3322 4720 3453 4805 δ’τὰ
3512 4723 3642 4806 πρός
3682 4720 3893 4794 εἰρήνην

526 4808 648 4850 om.
839 4775 1165 4877 ⁶ριείέῑοσῖἶδ
1197 4788 1555 4858 ὑποσχέσεσιν
1595 4790 1660 4844 D.
1737 4788 1757 4823 ⁷
1796 4787 1852 4840 έκ
1888 4775 2197 4915 -Ἔσυλῖά

527 4866 591 4915 Ι).
675 4865 718 4901 ¹⁰
744 4863 977 4915 ἓωοουοει
1011 4858 1070 4915 δε
1090 4864 1185 4915 τὴν
1220 4858 1529 4915 Τζουοουλὼ
1583 4860 1609 4911 6
1651 4862 1715 4914 D.
1795 4861 1835 4895 ¹¹
1904 4859 1977 4915 ὃς]
2035 4879 2062 4911 ο
2175 4902 2189 4915 .

2295 4775 2301 4835 ἶ
2355 4805 2479 4871 om.

2295 4877 2479 4915 1111881!

2254 4867 2497 4916 omissis
2548 4867 2640 4913 τοῦ

527 4866 591 4920 Ι).
675 4865 718 4901 ¹⁰
744 4858 977 4939 ἐφρούρει
1011 4858 1070 4915 δὲ
1090 4864 1185 4919 τὴν
1220 4858 1529 4939 ξΓζουρουλὼ
1558 4860 1609 4939 “6
1651 4862 1750 4939 D._
1795 4861 1860 4939 “A
1904 4859 1977 4939 6;]
2011 4861 2062 4939 A6

2175 4902 2189 4928 9

2530 4792 2593 4846 D.
2670 4788 3052 4876 'nTCeupouldi
3234 4790 3256 4825 ’
3301 4788 3739 4876 αῦτοπροσὼπως
3767 4808 3892 4876 om.

2695 4857 2955 4934 βασιλέως
3009 4861 3243 4934 ὑπῆρχε.
3321 4863 3367 4897 ¹²
3419 4857 3577 4933 μέγας
3638 4894 3712 4905 -
3759 4863 3894 4916 ὗστε

525 4940 633 5019 ρον]
663 4942 752 5019 καὶ
776 4927 994 5012 ῦστῲον
1016 4952 1179 5019 μεγας
1209 4927 1521 5019 δομὶστικος
1558 4931 1625 4986 D.
1705 4931 1750 4966 ¹³
1779 4935 1869 4983 καὶ
1896 4927 2091 5004 ἁγαθός
2119 4927 2409 5007 στρατηγὸς
2433 4947 2555 4989 om.
2588 4932 2659 4988 D.
2695 4927 2705 4931 ’
2738 4933 2783 4968 ¹δ
2812 4933 2987 4994 καθὼς
3038 4927 3530 5007 -’περιγενόμενος
3567 4949 3692 4992 om.
3722 4937 3769 4992 D
3846 4936 3891 4971 ³⁸

528 5006 835 5079 ἀντεπεξῆγε
857 5006 928 5050 -ὲ
953 5010 1296 5080 στρατιώταις
1321 5020 1442 5061 om.
1478 5006 1541 5058 D.

1417 5090 1758 5159 Theodori
1807 5091 2057 5160 Dousae
2107 5101 2172 5161 et
2218 5091 2471 5162 Leonis
2520 5091 2755 5161 Allatii
2803 5100 3004 5161 notae.

600 5218 796 5292 (71)Ὀ
822 5220 907 5272 ἐπὶ
944 5226 1033 5279 τῆς
1058 5218 1347 5292 τραπέζης.
1398 5217 1662 5287 Dignitas
1714 5216 1776 5272 in
1822 5217 2181 5292 By_zantipo~

527 5288 662 5363 rum
695 5288 1126 5363 imperatorum
1179 5290 1323 5363 aula
1373 5304 1495 5345 non
1515 5288 2051 5363 _postremo_:_loc_o_
2080 5289 2187 5363 ha-

526 5362 652 5420 bita
681 5358 1051 5433 est,'utapud
1075 5358 1488 5433 Curopalatem
1514 5359 1793 5433 legimus.
1831 5359 2183 5433 Witichindo

528 5440 620 5491 est
640 5428 854 5491 mensae
874 5428 1275 5501 m’inislratoi,
1295 5428 1424 5503 aliis
1445 5430 1712 5500 dapifer.
1744 5431 1931 5503 Quem
1949 5430 2182 5503 dapife;

526 5512 692 5582 ratus
723 5506 1016 5582 honorem
1046 5518 1154 5582 _s_eu
1182 5501 1596 5582 prtefect‘uram
1632 5517 1856 5582 mensa}
1898 5501 2180 5582 jam’tum

527 5580 641 5637 sub
660 5576 1016 5635 Contantino
1045 5571 1259 5643 Magno
1284 5573 1368 5630 ita
1396 5571 1729 5629 distributis
1752 5571 1966 5629 ofﬁciis
2006 5574 2178 5631 insti-

525 5656 718 5713 tutam
747 5654 803 5709 et
831 5647 1061 5708 Russiea
1084 5645 1339 5721 principi
1363 5644 1763 5717 assignatam,
1793 5648 1860 5703 ut
1884 5643 2003 5703 alia
2026 5645 2179 5717 aliis,

2290 5221 2537 5274 testatur
2548 5217 3254 5291 Nicephorus_Gregoras,
3267 5216 3383 5291 lib,
3397 5234 3491 5290 vn,
3516 5234 3653 5291 cap.
3670 5220 3723 5274 8.
3750 5220 3890 5276 Vide

2290 5291 2359 5347 V.
2377 5291 2437 5345 C.
2460 5289 2795 5371 Marquardi
2813 5289 3694 5371 Freheri‘Qriginesfalatyﬁgg,
3720 5296 3888 5371 parte

2291 5375 2330 5427 ι,
2354 5376 2486 5432 cap.
2522 5361 2583 5415 15
2600 5359 2922 5416 ⁷ῑθῑιονοῑιθ
2953 5359 3316 5430 editionis,et
3340 5362 3573 5419 Meursii
3600 5359 3800 5421 Gloss.
3828 5363 3888 5418 in

2293 5436 2631 5506 Λομέστικος.
2667 5435 2882 5488 DOUSA.

2365 5501 2474 5576 (72)
2507 5574 2515 5576 _
2543 5509 2805 5576 Tios-60
2882 5509 3014 5556 Θεοῦ
3077 5501 3417 5576 ἀντιλήψεως.
3490 5507 3618 5561 Non
3693 5520 3880 5576 arma,

2292 5574 2397 5656 sed
2415 5574 2731 5656 Qeigratia
2754 5578 2844 5656 est
2869 5590 3006 5656 quas
3044 5574 3295 5656 pugnat,
3336 5579 3641 5650 Gregoras,
3691 5594 3755 5651 p.
3796 5574 3878 5639 83,

2292 5646 2367 5702 de
2398 5645 2600 5703 Alexio
2622 5645 3065 5719 Strategobulo.‘
3081 5645 3220 5704 Δία..
