4084 6212
149 291 272 344 1065

144 411 306 474 σιλεύς
336 411 591 480 Ἰωάννης,
638 411 698 464 ού
756 418 1005 462 τοσοῦτον
1036 417 1137 462 τῶν
1191 408 1240 460 ἐν
1278 417 1349 480 τῷ
1403 411 1551 460 ἄστει
1581 409 1733 482 ύπερ-
1766 411 1812 463 Α

143 509 389 574 αγωνιῶν,
431 500 536 553 ἀλλ’
599 502 642 536 ¹⁶
675 497 846 570 εἰδὼς,
881 501 966 552 οἵα
1007 501 1238 571 ἐχέφρων
1274 505 1362 552 καὶ
1420 504 1626 560 συνετός
1669 501 1736 551 τὰ

141 593 355 664 πολέμια
396 594 460 658 ³⁷,
516 594 580 652 ὡς
625 591 668 644 εἰ
737 595 794 644 τό
844 593 982 642 ἄστυ
1061 592 1203 663 παρά
1249 599 1348 642 τῶν
1401 589 1636 642 ἐναντίων
1694 592 1734 625 1⁸

141 681 299 751 ἁλῴη,
332 677 537 754 φροῦδα
573 682 742 733 πάντα
769 683 832 731 τὰ
863 679 912 730 ἐν
933 687 995 752 τῇ
1026 675 1179 731 δύσει
1207 683 1372 750 τούτῳ
1403 681 1738 751 τυγχάνοντα

139 774 386 842 γένοιντο,
415 775 552 831 Τέως
601 767 689 822 οὖν
741 770 924 841 ἠγάπα
979 768 1168 841 μᾶλλον
1226 767 1273 820 ἐν
1323 772 1487 841 τούτῳ
1545 769 1737 829 ἐπτοῆ-

144 862 268 912 σθαι
293 864 411 922 τούς
435 859 711 932 πολεμίους
763 864 852 911 καὶ
911 861 968 910 τό
1020 857 1149 910 πολὺ
1188 866 1279 919 τῆς
1318 860 1488 932 ῥύμης
1557 865 1737 931 σφίσιν

140 947 582 1002 ἐναποκόπτεσθαι
631 969 644 982 ο
701 947 843 1021 ἔμελε
879 950 981 1021 γὰρ
1039 947 1180 1018 αύτῷ
1234 947 1424 1019 μάλλον
1454 951 1520 1000 τὰ
1567 947 1616 1000 ἐν
1672 954 1734 1020 τῇ

139 1039 224 1110 ἕῳ,
303 1040 369 1090 ὧν
447 1039 717 1113 ἐλευθέρων
790 1039 1131 1112 ὑπαρχόντων
1191 1045 1282 1098 τῆς
1343 1041 1526 1110 μάχης
1569 1038 1738 1090 πλεῖον

137 1128 284 1199 αύτῴ
309 1131 484 1190 τὸτῆς
535 1128 855 1201 εὐφροσύνης
892 1127 1054 1186 ύπῆν.
1123 1126 1562 1200 Πολιορκουμένου
1616 1134 1740 1200 γοῦν

135 1225 232 1270 τοῦ
318 1219 513 1278 ἄστεως
590 1215 920 1290 Τζουρουλοῦ
977 1219 1161 1289 αἴφνης
1206 1215 1349 1274 ἐπήει
1402 1222 1616 1289 μήνυμα
1667 1224 1739 1288 τῷ

139 1307 310 1359 ’Δσάν
331 1309 396 1366 ὡς
425 1307 454 1364 ἡ
509 1308 738 1377 σύζυγος
791 1306 949 1358 αὐτοῦ
987 1307 1017 1364 ἡ
1061 1305 1116 1368 ἐξ
1173 1309 1424 1380 Οὗγγρων
1455 1305 1506 1368 ἐξ
1537 1305 1740 1381 ἀνθρώ-

137 1416 256 1448 πων
301 1393 514 1467 ἰγένετο,
555 1395 874 1452 τετελεύτηκε
924 1392 983 1447 δὲ
1026 1396 1159 1447 κατά
1201 1399 1358 1447 ταυτό
1398 1399 1486 1448 καὶ
1525 1393 1660 1448 παιδ
1668 1415 1740 1448 ιον

137 1485 309 1536 αὐτοῦ
357 1489 449 1536 καί
515 1486 542 1536 ό
590 1484 838 1553 Τρινόϐου
898 1482 1206 1546 ἐπίσκοπος.
1272 1489 1564 1558 Θεομηνίαν
1621 1492 1744 1558 γοῦν

138 1575 476 1645 ἡγησάμενος
522 1581 689 1625 ταῦτα
725 1579 852 1647 πυρὶ
890 1572 1128 1645 ἀφανίζει
1183 1576 1275 1635 τὰς
1329 1573 1598 1644 ὓιεπόλεις,
1656 1580 1745 1628 καὶ

141 1664 212 1723 ὡς
240 1658 354 1734 εἶχε
384 1659 584 1735 δρόμου
640 1660 722 1714 ἐπὶ
761 1666 848 1715 τὸν
902 1663 1147 1736 Τρίνοϐον
1192 1665 1349 1718 ἵκετο.
1409 1669 1576 1717 Μόνοι
1619 1672 1744 1736 γοῦν

142 1750 564 1824 ἀπολελειμμένοι
586 1754 636 1804 οἱ
667 1751 873 1818 Ἰταλοὶ,
907 1750 1015 1805 ἐπεὶ
1064 1757 1134 1825 μη
1194 1751 1548 1825 ἀποχρώντως
1601 1752 1746 1826 εἶχον

146 1840 219 1902 εἰς
267 1845 362 1900 τὴν
409 1848 502 1893 τοῦ
549 1842 748 1904 ἄστεως
803 1841 1166 1914 πολιόρκησιν,
1221 1841 1446 1894 κάκεῖνοι
1483 1847 1576 1902 τὴν
1633 1844 1746 1895 κατ’

147 1931 317 1984 αὐτῶν
346 1934 529 2004 μάχην
559 1931 846 1992 λελοιπότες
874 1931 925 1994 ἐς
974 1937 1069 1990 τὴν
1124 1938 1514 1985 Κωνσταντίνου
1573 1937 1748 2005 ᾤχον-

146 2039 224 2074 το.

1778 1783 1817 1836 Β

289 2019 636 2094 Ἠλευθέρωτο
707 2027 833 2092 γοῦν
876 2023 934 2073 τό
1010 2023 1146 2073 ἄστυ
1200 2029 1296 2082 τῆς
1354 2029 1454 2074 τῶν
1513 2021 1750 2074 ἐναντίων

147 2108 472 2184 πολιορκίας,
502 2114 592 2162 καὶ
632 2109 1045 2184 συνηλευθέρωτο
1093 2115 1183 2164 καὶ
1231 2113 1255 2162 ό
1299 2109 1378 2164 ἐπὶ
1436 2119 1526 2173 τῆς
1567 2115 1753 2184 τραπέ-

150 2202 250 2261 ζης
308 2205 734 2272 Ταρχανειώτης,
773 2204 1070 2275 Νικηφόρος
1127 2199 1175 2252 ἐν
1233 2203 1438 2262 τούτοις
1499 2204 1634 2253 κατά
1658 2205 1752 2260 τὴν

145 2287 341 2348 κλῆσιν
367 2286 640 2361 ἀναφανείς
671 2291 738 2342 ³9.
796 2287 853 2340 ’0
903 2290 992 2361 μεν
1023 2285 1110 2341 οὖν
1142 2289 1323 2352 Ἀσὰν,
1357 2286 1538 2348 ἐπειδὴ
1589 2293 1752 2362 τούτῳ

143 2379 210 2430 τὰ
235 2376 600 2452 προρρηθέντα
654 2376 945 2450 ξυμϐέϐηκε
1003 2380 1211 2451 λυπηρὰ
1265 2379 1336 2447 ²⁰,
1395 2377 1618 2441 εὐσεϐῶς
1664 2384 1753 2431 καὶ

141 2465 296 2538 μάλα
345 2466 540 2528 οἰηθεὶς
595 2469 664 2528 ὡς
691 2464 784 2519 διὰ
829 2470 896 2519 τά
932 2466 1271 2543 παραϐασίας
1323 2477 1423 2520 τῶν
1475 2469 1638 2542 ὅρκων
1687 2466 1753 2519 ὧν

143 2557 289 2628 μετά
317 2563 407 2608 τοῦ
451 2553 705 2628 βασιλέως
746 2557 980 2610 Ἰωάννου
1035 2557 1266 2620 ξυνέθετο
1317 2555 1396 2629 [Ρ.
1453 2556 1543 2630 31]
1576 2561 1752 2610 καὶτὸ

147 2642 469 2698 ἀποσπάσαι
524 2651 618 2705 τὴν
695 2647 952 2721 θυγατέρα
1002 2655 1094 2700 τοῦ
1173 2647 1408 2718 συζύγου
1476 2643 1753 2720 Θεοδώρου

144 2738 315 2787 ταυτὶ
374 2739 620 2806 γένοιντο,
680 2735 962 2809 μετάμελος
1041 2735 1124 2789 ἐπὶ
1205 2739 1410 2798 τούτοις
1487 2741 1756 2809 γενόμενος

144 2822 397 2898 πρέσϐεις
447 2824 815 2888 ἐξαπεστάλκει
865 2828 991 2898 πρὸς
1037 2827 1124 2878 τὸν
1195 2823 1436 2898 βασιλέα,
1487 2824 1664 2878 ἒαῦτόν
1704 2845 1758 2878 τε

1643 285 1966 340 ANNALES

3370 293 3505 346 l066

1841 409 2013 464 itura.
2045 407 2460 464 Delectabatur
2491 409 2726 465 interim
2758 409 2819 464 in
2853 425 2923 465 co
2957 411 3368 482 expugnando
3399 413 3506 469 ad-

1842 499 2139 554 versarios
2168 499 2476 569 retardari,
2498 516 2828 572 eorumque
2848 500 3225 573 potissimam
3247 503 3507 575 impetus

1844 592 2071 660 partem
2103 588 2395 657 confringi
2428 605 2608 646 :nam
2647 589 3035 646 orientalibus
3093 591 3274 647 rebus
3306 593 3506 664 potius

1844 676 2114 733 animum
2151 677 2516 745 advertebat,
2547 694 2700 750 quas
2735 695 2874 735 cum
2913 695 2948 735 a
2987 679 3144 736 bello
3199 681 3504 738 immunes

1845 758 2234 838 conspiceret,
2261 767 2452 836 magis
2476 769 2680 823 animo
2693 769 3002 837 gestiebat.
3029 772 3177 826 Dum
3192 770 3505 827 obsidetur

1846 855 2080 910 Tzuruli
2110 860 2392 922 castrum,
2425 857 2626 912 Asano
2665 857 2984 930 derepente
3019 860 3326 917 nuntiatur
3355 875 3504 916 uxo—

1847 961 1973 1001 rem
1989 947 2289 1014 Ungaram
2303 945 2363 1000 in
2377 945 2524 1001 vivis
2539 962 2667 1002 esse
2681 946 2954 1014 desiisse,
2965 947 3178 1004 eodem
3193 953 3500 1006 momento

1849 1033 2173 1089 etfiliolum
2220 1033 2408 1106 ipsius
2460 1039 2516 1089 et
2573 1035 2810 1091 Trinobi
2861 1037 3216 1110 episcopum
3246 1038 3502 1097 obiisse.

1849 1123 1987 1179 ldeo
2010 1123 2276 1178 Numinis
2302 1122 2454 1179 iram
2477 1128 2640 1180 ratus
2669 1130 2967 1182 tormenta
2983 1127 3120 1197 igne
3137 1132 3502 1197 concremat,

1849 1217 1906 1268 et
1925 1229 2109 1285 quam
2132 1212 2416 1269 citissime
2448 1214 2774 1270 Trinobum
2822 1216 2992 1272 redit.
3028 1217 3209 1286 Igitur
3237 1217 3346 1274 soli
3380 1217 3508 1275 Itali

1850 1319 1986 1359 cum
2017 1301 2092 1357 ad
2110 1301 2515 1359 obsidendum
2530 1309 2791 1360 castrum
2811 1321 2884 1360 ex
2916 1321 2977 1361 se
2999 1321 3121 1362 non
3143 1306 3504 1378 sufﬁcerent,

1850 1408 2030 1466 quam
2046 1392 2104 1446 in
2119 1394 2414 1448 Romanos
2427 1395 2855 1450 constituerant
2869 1410 3130 1466 pugnam
3143 1397 3502 1465 dirimentes,

1852 1480 2081 1552 Cpolim
2108 1485 2562 1547 revertuntur,et
2575 1499 2679 1538 arx
2699 1482 2798 1538 illa
2816 1483 2894 1539 ab
2908 1484 3168 1540 hostium
3187 1486 3502 1542 obsidione

1852 1570 2156 1626 liberatur.
2174 1570 2283 1635 Qui
2301 1587 2330 1625 e
2349 1586 2557 1627 mensa
2578 1576 2705 1627 erat
2728 1573 3122 1629 Tarchaniota
3139 1573 3509 1647 Nicephorus

1855 1660 1915 1715 in
1945 1658 2038 1714 his
2065 1658 2403 1727 victoriam,
2427 1660 2592 1732 quod
2624 1661 2828 1734 utique
2860 1678 3038 1719 suum
3067 1679 3291 1721 nomen
3313 1664 3508 1734 infert,

1857 1748 2132 1821 adeptus.
2159 1754 2390 1805 Asanus
2413 1766 2556 1822 ergo
2570 1751 2878 1823 postdicta
2899 1753 3155 1811 adversa
3176 1771 3247 1811 ac
3268 1755 3516 1812 infortu-

1857 1843 1999 1895 nata
2011 1840 2106 1910 pie
2120 1839 2453 1896 admodum
2471 1841 2816 1912 concipiens
2831 1847 3076 1915 propter
3087 1843 3374 1900 violatum
3388 1845 3408 1916 j
3422 1861 3517 1900 us-

1853 1930 2376 2003 jurandum,quod
2390 1929 2734 2001 imperatori
2749 1932 2966 1988 Joanni
2990 1932 3318 2003 dederat,et
3329 1933 3516 1990 ﬁliam

1863 2037 1899 2077 a
1919 2022 2170 2078 thalami
2195 2024 2468 2076 consorte
2498 2019 2808 2077 Theodoro
2821 2024 3058 2093 raptam
3078 2021 3207 2079 haec
3236 2023 3519 2096 ﬁeri,pce-

1861 2111 2108 2167 nitentia
2121 2111 2335 2166 ductus
2354 2109 2780 2165 caduceatores
2795 2110 3058 2166 mittitad
3069 2111 3518 2184 imperatorem,

1863 2201 2270 2272 semetipsum
2299 2199 2534 2255 sceleris
2581 2214 2875 2254 accusans
2930 2205 3185 2272 etpacta
3214 2206 3513 2260 conventa

1860 2288 2666 2363 reposcens,deprecansque
2695 2288 2812 2358 62
2849 2287 2963 2344 sibi
2991 2290 3234 2347 veniam
3267 2290 3520 2364 ﬂagitio-

1861 2395 1994 2436 rum
2017 2382 2277 2435 Joannes
2310 2377 2636 2448 imperator
2691 2380 2977 2449 lreneque
3018 2378 3520 2452 imperatrix,tan-

1863 2485 2047 2542 quam
2061 2468 2164 2541 qui
2182 2468 2241 2522 in
2257 2467 2449 2534 magis
2462 2465 2560 2537 pia
2575 2481 2643 2520 ac
2659 2465 2854 2534 magis
2870 2466 3074 2522 divina
3089 2469 3519 2542 prospicerent,

1862 2560 2089 2629 legatos
2102 2556 2424 2628 excipiunt,
2441 2570 2550 2610 nec
2566 2553 2764 2610 verbis
2782 2571 2908 2610 rem
2922 2556 3276 2628 prolatando
3289 2575 3520 2616 rursum

1860 2645 2284 2720 jusjurandum
2297 2643 3128 2718 comprobant,sponsamque
3143 2647 3412 2705 Helenam
3424 2665 3523 2704 re-

1864 2740 2093 2810 petunt,
2118 2750 2254 2806 quin
2283 2733 2361 2789 ad
2383 2749 2622 2789 socrum
2663 2737 2719 2790 et
2748 2733 3068 2806 conjugem
3109 2736 3278 2807 redit,
3311 2741 3368 2794 et
3406 2754 3528 2811 pax

1867 2825 2078 2880 iterum
2115 2824 2268 2878 inter
2295 2825 2595 2878 Romanos
2627 2827 2682 2878 et
2705 2822 2993 2892 Bulgaros
3021 2825 3345 2897 peragitur-

145 2914 432 2977 έξουθενῶν
460 2923 521 2974 τῆ
533 2935 556 2977 ς
573 2919 827 2975 κακίστης
846 2914 1075 2988 πράξεως
1099 2917 1304 2975 καὶτὰς
1335 2917 1593 2975 συνθήκας
1635 2913 2042 2986 ἀνακαλούμενος
2068 2915 2110 2947 ²¹
2139 2915 2228 2963 καὶ
2262 2915 2576 2982 συγγνώμην
2599 2920 2696 2962 τῶν
2724 2917 3086 2985 πεπραγμένον
3118 2916 3420 2985 αἰτούμενος
3448 2915 3518 2969 ²².

145 3001 214 3056 Ὀ
259 3007 354 3077 μὲν
393 3007 480 3056 οὖν
510 3003 751 3066 ϐασιλεὺς
779 3005 1014 3064 Ἰωάννης
1042 3009 1132 3057 καὶ
1161 3005 1190 3062 ἡ
1240 3002 1450 3076 βασιλὶς
1478 3009 1692 3079 Εἰρηνη,
1736 3011 1822 3056 οἰα
1849 3007 2030 3056 ἐκεῖνοι
2058 3003 2183 3076 πρὸς
2225 3001 2292 3052 τὰ
2331 2997 2668 3071 εύσεϐεστερα
2706 3005 2796 3052 καὶ
2831 3002 3063 3074 θειότερα
3095 3002 3142 3036 ³⁸
3175 3001 3530 3066 ἀπονεύοντες,

146 3097 410 3165 υέχονταί
461 3112 514 3146 τε
555 3098 650 3152 τὴν
696 3093 998 3167 πρεσϐείαν,
1045 3098 1135 3145 καὶ
1177 3089 1303 3145 οὐδὲ
1332 3097 1399 3153 εἰς
1430 3091 1662 3166 μακροὺς
1693 3091 1913 3145 ἐλθόντεὶ
1942 3092 2123 3162 λόγους
2167 3091 2287 3151 τούς
2331 3107 2386 3141 τε
2416 3087 2598 3164 ὅρκους
2644 3092 2731 3139 καὶ
2775 3085 2928 3150 αὖθις
2969 3086 3195 3142 πεὸούσι
3227 3091 3274 3126 ²⁴
3303 3095 3394 3142 καὶ
3439 3096 3533 3151 τὴν

139 3185 360 3255 νύμφην
393 3181 594 3240 Ἐλένην
635 3181 1038 3237 ἀνακαλοῦνται.
1081 3181 1478 3235 Ἀποστὲλλεται
1524 3190 1650 3254 γοῦν
1677 3181 1808 3240 αὕτη
1842 3184 1972 3256 πρὸς
2009 3199 2064 3232 τε
2102 3183 2188 3232 τὸν
2219 3182 2457 3250 πεντερὸν
2509 3181 2598 3230 καὶ
2627 3179 2714 3229 τὸν
2757 3178 3006 3251 σύζυγον,
3038 3183 3128 3232 καὶ
3161 3185 3335 3254 ειρὴνη
3369 3180 3532 3245 πάλιν

145 3276 321 3345 μέσον
346 3270 602 3344 Ῥωμαίων
631 3292 683 3326 τε
705 3277 795 3325 καὶ
825 3271 1128 3348 Βουλγάρων
1150 3273 1220 3324 ³⁵.

223 3359 330 3422 λζ.
393 3359 451 3414 Ὀ
498 3364 588 3435 μὲν
644 3362 732 3414 οὖν
787 3371 885 3424 τῆς
925 3364 1158 3436 ἱστορίας
1213 3357 1406 3434 δρόμος
1453 3359 1525 3434 ἐφ’
1589 3360 1760 3436 ἑτέραν
1792 3359 1831 3414 C

142 3454 401 3525 τρέπεται
423 3456 518 3510 τὴν
539 3447 662 3504 ὁδὸν
686 3456 776 3504 καὶ
804 3455 870 3504 1'61
916 3456 1034 3526 περὶ
1087 3457 1182 3502 τῶν
1222 3449 1270 3502 ἐν
1323 3458 1385 3524 τῇ
1441 3454 1763 3503 Κωνσταντί-

145 3560 248 3593 νον
283 3536 1013 3613 διασαφὴσειοπολυσχιδῶς
1063 3543 1164 3615 γὰρ
1212 3545 1328 3592 τότε
1375 3549 1474 3592 τῶν
1523 3541 1764 3612 πραγμά-

147 3650 261 3683 των
295 3633 632 3702 κεκινημένων
665 3627 700 3682 δ
707 3632 761 3682 161
793 3634 852 3682 1'6
877 3629 1214 3704 πολυαρχίαν
1265 3628 1313 3680 ἐν
1343 3635 1476 3682 πᾶσι
1501 3630 1759 3700 γενέσθαι,

150 3718 413 3782 ποικίλως
445 3715 528 3772 δεῖ
554 3724 644 3772 καὶ
670 3722 738 3772 1'61
781 3726 872 3772 τοῦ
915 3717 1072 3790 λόγου
1124 3719 1527 3793 στστρέφεσθαι.
1564 3719 1622 3770 Ὀ
1674 3720 1764 3789 μὲν

152 3807 254 3863 οὖν
305 3805 632 3877 Βαλδουῖνος,
664 3809 718 3860 ὃν
749 3809 774 3860 ὁ
802 3809 955 3880 λόγος
985 3805 1302 3880 βασιλεῦσαι
1346 3815 1438 3868 τῆς
1495 3813 1764 3860 Κώνσταν-

150 3904 310 3953 τίνου
367 3903 672 3973 προείρηκεν
709 3900 779 3968 ³⁸,
825 3897 1118 3972 ἀπειρηκών
1172 3895 1222 3948 ἐν
1281 3903 1392 3956 ταῖς
1447 3899 1574 3968 πρὸς
1638 3893 1764 3947 Ῥω-

151 3993 358 4062 μαίους
388 3990 612 4060 μάχαις,
639 3987 828 4061 μᾶλλον
868 3983 927 4040 δε
947 3994 1008 4060 τῇ
1039 3989 1170 4061 πρὸς
1218 3988 1304 4037 τόν
1346 3983 1568 4058 βασιλέα
1595 3985 1766 4038 Ἰωάν-

154 4098 260 4137 νην
336 4075 654 4135 ἐναντιότητι
711 4075 785 4145 (ἐς
851 4079 1037 4149 μικρὸν
1097 4077 1198 4150 γὰρ
1256 4078 1321 4126 1'0‘1
1377 4074 1567 4126 ἐκείνου
1623 4076 1768 4148 παρὰ

153 4165 730 4221 τούτου⁶συνέσταλται
759 4164 853 4237 ’7),
903 4168 1028 4238 πρὸς
1077 4167 1161 4217 τὸν
1203 4171 1303 4214 τῶν
1357 4166 1604 4238 Φράγχων
1638 4163 1766 4216 ἀπο..

157 4246 466 4322 δεδημήκει
514 4248 672 4321 ῥῆγα,
741 4249 1194 4320 προσῳκειωμένον
1256 4247 1423 4315 τούτῳ
1469 4245 1586 4297 καθ’
1637 4245 1768 4317 αἷμα

157 4340 226 4393 ού
261 4343 366 4412 μὴν
406 4337 534 4391 ἀλλά
587 4342 676 4390 καὶ
723 4339 788 4397 ὡς
840 4334 1162 4408 ξυμφυλέτην
1217 4335 1348 4406 ἄγαν
1387 4353 1442 4386 τε
1496 4333 1770 4406 Ῥωμαίοις

159 4428 366 4504 ἐχθρὸν
396 4448 485 4480 και
525 4427 736 4502 βοηθεῖν
777 4423 871 4478 διὰ
906 4433 1072 4477 ταῦτα
1104 4425 1304 4496 ἕτοιμον
1331 4425 1396 4494 ³⁸,
1433 4429 1522 4476 καὶ
1557 4443 1767 4496 συμμα-

157 4522 301 4591 χίαν
333 4518 482 4579 ζητεῖ
509 4517 793 4589 ἀξιόλογον,
825 4520 916 4568 καὶ
945 4513 1284 4586 ἐπιτυγχάνει
1315 4521 1404 4565 τοῦ
1444 4514 1492 4548 ³⁸
1527 4520 1724 4580 σκοποῦ
1752 4533 1766 4546 ο

159 4613 262 4660 καὶ
293 4605 421 4660 ἐνού
450 4607 620 4679 πολλῳ
664 4610 840 4681 χρόνῳ
897 4604 1143 4667 ἑξήκοντα
1193 4598 1441 4675 χιλιάδες
1494 4603 1770 4676 συνηθροί-

165 4700 382 4756 σθησαν
440 4700 707 4772 Φράγκων,
767 4695 828 4748 ἵν’
895 4696 1033 4755 ὅπως
1071 4695 1206 4746 κατά
1258 4692 1520 4765 Ῥωμαίων
1585 4698 1770 4767 χωρή-

169 4807 341 4841 σωσιν
371 4789 440 4842 ⁸ο.
481 4787 627 4846 Ἐπεὶ
666 4785 727 4840 δὲ
760 4785 853 4840 ούκ
883 4783 944 4845 ἧν
975 4785 1153 4845 αὐτοῖς
1201 4780 1454 4859 εὕδρομος
1503 4779 1598 4843 διὰ
1639 4790 1772 4840 νηῶν

165 4879 206 4936 ἡ
248 4874 397 4948 ὁδὸς,
422 4886 518 4942 τῆς
549 4877 824 4952 ἀναγωγῆς
848 4876 1319 4951 προσαπαιτούσης
1368 4872 1525 4926 πλείω
1581 4874 1612 4930 ἤ
1641 4874 1776 4924 κατά

161 4961 402 5041 δύναμιν
463 4971 552 5021 τὸν
618 4969 807 5040 μισθὸν
854 4967 924 5030 ⁸1,
983 4973 1076 5027 τῆς
1145 4967 1345 5036 χέρσου
1416 4966 1510 5020 τὴν
1565 4967 1775 5036 πορείαν

163 5066 466 5114 ποιοῦνται.
515 5061 612 5111 Καὶ
667 5053 735 5116 δὴ
786 5057 882 5117 τὰς
937 5055 1042 5107 οἶνω
1092 5051 1512 5128 παραμείψαντες
1564 5051 1778 5112 Γαλλίας

247 5238 295 5274 ιε
324 5239 385 5289 οὺ
416 5267 483 5278 _
514 5233 620 5287 ἀλλ’
652 5249 772 5290 om,
803 5235 870 5290 ι),
949 5231 994 5267 ¹¹¹
1021 5226 1106 5284 οἶα
1133 5258 1198 5271 -
1233 5229 1458 5303 πολέμια
1483 5244 1606 5286 om.
1645 5231 1710 5283 D.
1790 5229 1834 5264 ³⁸

156 5328 295 5369 om.
329 5311 390 5365 E.
468 5309 516 5344 ¹⁰
545 5303 724 5364 ἐπειδὴ
756 5337 824 5346 -
847 5304 1056 5378 λυπηρά
1077 5319 1199 5359 om.
1230 5301 1308 5378 ΔΙ).

153 5416 235 5425 ——
267 5384 563 5454 αἰτούμενος
592 5395 714 5434 οω.
769 5379 832 5454 Ι)Σ

167 5524 381 5586 δουίνος
412 5527 474 5580 D.
551 5518 595 5558 ’⁷
632 5519 820 5594 μᾶλλον
850 5550 919 5559 —-
958 5518 1299 5594 συνέσταλται
1337 5518 1458 5574 om.
1497 5520 1564 5575 D.

174 5600 228 5635 ³ο
256 5597 327 5651 ἶν’
360 5625 428 5641 σ-
459 5592 783 5670 χωρὴσωσιν
812 5606 933 5657 om,
969 5592 1036 5649 D.

402 5701 654 5759 Puncta
689 5699 790 5756 Gn.
811 5697 962 5755 CXL.

1388 5304 1429 5336 ²¹
1464 5305 1546 5352 καὶ
1576 5305 1673 5362 τὴς
1701 5298 1958 5362 κακίστηέ
1984 5302 2216 5376 πράξεως
2245 5305 2338 5359 τὴν
2367 5298 2525 5359 ἧτταν
2556 5298 2982 5376 ἀνακαλούμενος,
3011 5298 3081 5358 ’οξ

935 5370 997 5412 ’δ’
1026 5379 1074 5428 οἱ
1103 5381 1190 5427 οῦν
1219 5370 1455 5447 βασιλεῖς
1483 5377 1612 5448 πρὸς
1661 5375 1726 5424 τά
1767 5374 1998 5445 θειότερα
2023 5370 2096 5431 Ὀ.

153 5448 566 5521 ἆνακαλούνται,
608 5448 986 5521 καὶγστέλλεται
1033 5450 1228 5521 αὐτοῖς,
1261 5451 1349 5498 καὶ
1379 5449 1554 5521 εἰρήνη
1588 5449 1782 5521 νίνεται
1835 5448 1994 5521 μέσον
2035 5448 2198 5497 αύτῶν
2233 5449 2295 5501 D.

1642 5518 1688 5552 ²⁸
1724 5517 1788 5570 ού
1829 5517 1884 5557 έ-
1932 5519 2134 5590 ἕτοιμον
2162 5533 2285 5574 om.
2319 5517 2385 5576 Β.

1943 3359 2034 3412 37.
2079 3356 2191 3412 Sed
2231 3354 2491 3412 historiae
2545 3354 2726 3410 series
2784 3354 2902 3411 alio
2941 3353 3218 3424 deﬂectit,
3279 3359 3335 3413 et
3389 3373 3526 3431 quae

1873 3444 2635 3516 Cpoliagebanturnarrare
2667 3445 2873 3513 gestit:
2911 3460 3176 3518 namque
3207 3462 3347 3502 cum
3381 3450 3526 3504 tunc

1872 3534 2158 3607 temporis
2185 3533 2264 3589 ob
2292 3533 2492 3589 varios
2523 3533 2748 3606 ubique
2788 3533 3160 3606 principatus
3204 3536 3264 3591 in
3306 3535 3526 3593 multas

1873 3623 2051 3679 etiam
2083 3628 2282 3695 partes
2304 3638 2398 3677 res
2436 3622 2641 3678 divisae
2686 3625 3075 3692 agitarentur,
3128 3625 3288 3682 varie
3347 3625 3528 3682 etiam

1874 3712 2159 3768 orationis
2220 3727 2438 3782 corpus
2471 3711 2978 3768 conformandum
3027 3716 3133 3769 est.
3201 3713 3525 3770 Balduinus

1873 3816 2056 3874 quem
2090 3817 2272 3874 supra
2292 3800 2482 3856 oratio
2504 3808 2708 3856 nostra
2729 3801 2895 3873 Cpoli
2926 3802 3254 3873 imperasse
3275 3803 3530 3860 demon-

1876 3896 2187 3960 straverat,
2215 3890 2294 3946 ob
2326 3888 2638 3946 conﬂictus
2669 3907 2814 3961 erga
2856 3893 3161 3948 Romanos
3217 3897 3273 3948 et
3300 3892 3537 3964 potissi-

1877 3996 2046 4036 mum
2067 3985 2310 4052 propter
2339 3978 2431 4034 sui
2461 3979 2877 4034 adversarium
2901 3982 3193 4035 Joannem
3214 3980 3535 4053 imperato-

1876 4069 2134 4141 rem,qui
2149 4069 2208 4122 in
2224 4072 2548 4136 angustum
2566 4067 2944 4123 dominatum
2960 4068 3114 4124 illius
3133 4071 3533 4136 contraxerat,

1877 4157 2154 4213 difﬁdens
2185 4172 2254 4212 ac
2267 4156 2443 4228 plane
2466 4156 2818 4228 desperans,
2838 4157 2917 4213 ad
2943 4160 3309 4215 Francorum
3333 4174 3538 4230 regem

1878 4247 1990 4302 sibi
2018 4245 2305 4301 afﬁnitate
2343 4246 2733 4316 conjunctum
2778 4250 2834 4301 et
2883 4247 3156 4317 ejusdem
3197 4248 3430 4317 generis
3480 4251 3537 4304 et

1877 4335 2162 4392 Romanis
2205 4335 2700 4404 infensissimum,
2749 4335 3008 4409 ideoque
3047 4338 3354 4411 suppetias
3385 4338 3537 4394 ferre

1878 4428 2179 4497 paratum,
2214 4423 2628 4496 proficiscitur,
2665 4439 3038 4498 operamque
3067 4427 3224 4483 illius
3255 4443 3365 4483 nec
3397 4443 3538 4483 con-

1878 4513 2267 4571 temnendam
2297 4513 2507 4585 poscit.
2535 4514 2618 4569 Fit
2638 4515 2760 4570 voti
2783 4530 3054 4586 compos,
3089 4521 3148 4572 et
3171 4517 3326 4574 intra
3354 4517 3539 4573 breve

1878 4608 2117 4677 tempus
2137 4607 2499 4659 Francorum
2515 4604 2826 4674 sexaginta
2844 4604 3051 4672 millia,
3077 4607 3213 4661 utin
3235 4609 3539 4662 Romanos

1879 4709 2048 4749 arma
2073 4697 2374 4764 caperent,
2396 4692 2548 4748 lecta
2575 4697 2734 4748 sunt.
2769 4695 2834 4747 Et
2865 4709 3003 4748 cum
3022 4694 3274 4764 navigiis
3295 4694 3394 4750 via
3425 4692 3540 4748 dif-

1880 4783 2052 4839 ﬁcilis
2077 4783 2583 4855 esset(largiorem
2615 4783 2774 4838 enim
2791 4783 2908 4854 63
2939 4800 3125 4856 quam
3155 4784 3272 4856 ipsi
3293 4798 3542 4856 possent

1894 4871 2078 4930 facere
2121 4872 2466 4944 impensam
2541 4871 2752 4927 similis
2810 4873 3111 4943 navigatio
3151 4871 3540 4946 postulabat),

1883 4962 2146 5020 terrestri
2172 4961 2376 5018 itinere
2429 4962 2586 5017 viam
2650 4961 2880 5032 ineunt,
2939 4962 3276 5034 superiores
3331 4962 3546 5020 Callias

1888 5051 2247 5124 trajicientes
2268 5064 2675 5124 percursaque
2708 5049 2877 5106 Italia
2896 5066 3002 5124 per
3021 5051 3253 5110 radices
3305 5052 3549 5127 Alpium

1865 5230 2008 5302 παρά
2037 5238 2135 5281 τῶν
2176 5228 2412 5306 ἐναντίῳ
2461 5244 2582 5306 0111ἔ
2614 5230 2678 5282 Ι).
2721 5298 2737 5306 _
2788 5229 2833 5263 ‘9
2864 5234 3160 5306 Νικηφόρος
3185 5263 3253 5270 -
3284 5230 3552 5305 ἀναφανείς

3161 5305 3208 5338 ²²
3239 5308 3327 5356 καὶ
3360 5322 3523 5374 συγγν
3536 5342 3550 5358 .

3082 5375 3130 5408 ’⁵
3159 5377 3363 5448 vitam
3397 5376 3551 5448 «9954

2407 5402 2478 5415 —
2506 5396 2730 5424 πεσουσι
2765 5396 2886 5428 um.
2941 5396 3003 5428 υ,
3083 5396 3130 5408 ⁴“’
3159 5396 3238 5426 νυν
3267 5396 3363 5448 φην
3397 5396 3551 5434 αυυις

2401 5446 2449 5480 ²⁶
2567 5448 2657 5516 μεν
2684 5440 2770 5496 οὖν
2792 5476 2864 5486 ——-
2901 5396 3300 5521 nposipnxwfé
3332 5443 3390 5498 δὲ
3424 5443 3551 5521 Βαλ-

2477 5517 2526 5551 ²⁹
2557 5521 2868 5590 συμμαχίας
2901 5516 3142 5580 ζητήσας
3171 5516 3329 5593 ἐὶυχε
3358 5523 3448 5569 τοῦ
3482 5516 3549 5571 Ι).

2201 5375 2247 5408 ³4
2295 5378 2478 5425 καὶ-
2506 5368 2730 5424 πεδοῦσι
2765 5368 2886 5428 oin.
2941 5368 3003 5428 Ι).

3204 5697 3272 5754 34
