4084 6212
560 289 696 343 4057
1872 274 2156 333 GEORGII
2174 278 2229 331 Αλ

2319 273 2457 332 0Ρο
2466 274 2634 330 [ιΙΤᾸΞ
3784 281 3925 335 1068

460 410 465 415 ’
558 409 872 467 Ostricium
890 408 1367 482 proﬁciscuntur,
1400 408 1456 460 et
1474 419 1581 477 per
1612 401 1933 471 Ungariam
1959 398 2207 455 commi-

2319 403 2407 450 καὶ
2440 395 2729 461 διελθόντες
2768 403 2861 457 τὴν
2925 398 3143 453 Ἰταλίαν
3203 396 3297 453 διὰ
3346 408 3447 453 τῶν
3497 402 3770 475 ὑπωρειῶν
3828 410 3931 454 τῶν

555 503 796 570 grantes
824 500 1037 553 Istrum
1086 500 1344 564 tranant,
1384 498 1441 550 et
1481 491 1746 561 Bulgaris
1772 489 2203 556 immiscentur,

2319 486 2547 541 Ἀλπεων
2580 487 2649 550 εἰς
2688 491 2747 540 τὸ
2806 487 3103 562 Ὀστρίκιον
3161 487 3421 561 ἀφίκοντο,
3476 496 3566 542 καὶ
3620 496 3717 548 τὴν
3752 491 3931 560 .0237-

555 587 840 644 omnibus
873 592 1164 659 tanquam
1192 584 1401 643 amicis
1432 587 1490 640 et
1546 580 1829 639 afﬁnibus
1869 578 1997 647 usi;
2024 577 2208 649 quiet

2319 582 2467 649 γρίαν
2498 578 2935 652 παραγγείλαντες
2981 575 3278 652 διαπερῶσι
3333 584 3419 631 τόν
3466 578 3699 654 Ἴστρον,
3743 584 3837 631 καί

550 681 795 749 propter
823 678 1199 749 semetipsos,
1223 692 1332 732 nec
1363 674 1563 730 minus
1585 672 1644 728 in
1684 686 1795 726 nos
1826 668 2034 724 odium
2061 665 2207 722 ami-

2319 667 2618 742 Βουλγάρων
2666 673 2990 743 προσέσχον,
3026 674 3161 721 πᾶσι
3191 670 3281 741 μὲν
3337 670 3406 729 ὡς
3451 668 3623 741 φᾶοις
3668 675 3765 721 καὶ
3803 689 3939 739 συγο

550 766 788 821 cissime
816 782 852 822 a
879 765 1149 822 locorum
1189 764 1450 821 dominis
1489 760 1939 833 excipiebantur
1971 755 2206 826 Bulgari

2319 760 2483 828 γενέσι
2511 756 2628 809 καθ’
2659 753 2783 810 ὁδὸν
2808 763 3083 832 γρώμενοι,
3108 762 3200 809 καὶ⁹
3252 753 3347 809 διὰ
3399 765 3526 829 σφᾶς
3563 762 3659 830 μὲν
3716 759 3937 825 αὐτοὺς,

545 853 873 912 foederibus
899 872 1037 912 cum
1060 854 1341 912 Romanis
1360 852 1572 926 spretis
1596 850 1935 907 facultatem
1966 844 2204 903 Francis

547 943 738 1000 fecere
766 960 873 1016 per
900 949 1191 1001 montana
1212 960 1323 1000 sua
1341 939 1712 1006 transeundi,
1740 936 1914 1010 quasi
1940 936 1993 991 vi
2025 938 2204 1006 atque

547 1032 804 1090 factione
835 1033 1027 1090 coacti
1051 1033 1380 1089 dedissent.
1414 1031 1506 1088 Sic
1536 1028 1767 1086 Tzuruli
1798 1042 1957 1082 arxa
1987 1023 2204 1081 Latinis

546 1122 1040 1195 oppugnantibus
1053 1139 1191 1179 cum
1212 1123 1571 1193 Scytharum
1591 1115 1983 1175 auxiliaribus
2015 1111 2204 1185 copiis

543 1226 785 1268 rursum
809 1216 1205 1284 expugnatur.
1223 1214 1385 1267 Tunc
1399 1226 1535 1266 eam
1557 1205 2204 1265 custodiebatloannes

546 1300 912 1373 Petraliphas
947 1301 1157 1372 magni
1197 1298 1537 1357 cancellarii
1580 1296 1867 1367 dignitate
1914 1310 1950 1350 a
1976 1295 2203 1349 Joanne

547 1390 905 1462 imperatore
918 1390 1253 1457 decoratus,
1280 1389 1365 1445 vir
1383 1388 1663 1445 maximis
1686 1383 1951 1457 corporis
1975 1382 2201 1438 viribus

549 1484 607 1535 et
636 1495 672 1535 a
696 1494 884 1550 puero
932 1479 1287 1535 militaribus
1329 1477 1580 1548 negotiis
1608 1475 1898 1532 exercitus
1935 1488 1956 1529 :
1993 1488 2202 1528 verum

547 1568 889 1624 Latinarum
918 1567 1228 1639 copiarum
1259 1566 1628 1623 abundantia
1645 1570 1702 1620 et
1720 1565 2037 1620 innumera
2068 1562 2205 1632 Scy-

2319 1564 2403 1612 καὶ
2433 1568 2531 1613 τῶν
2557 1563 2762 1613 Σκυθῶν
2802 1563 2871 1629 ³⁸,
2907 1562 2978 1624 εἰς
3026 1563 3258 1635 φυλακὴν
3312 1561 3370 1617 δι
3419 1562 3479 1624 ἦν
3509 1570 3629 1618 τότε
3658 1567 3685 1617 ὁ
3744 1572 3941 1639 [Inpa-

549 1655 787 1712 tharum
827 1656 913 1711 vis
954 1661 1510 1727 tormentorumque
1539 1654 1799 1726 spissum
1839 1667 1910 1707 ac
1934 1648 2204 1705 validum

2319 1650 2460 1722 λίφας
2517 1650 2781 1715 Ἰωάννης,
2812 1650 2867 1703 ὃν
2919 1652 2966 1688 ³⁵
3015 1657 3172 1725 μέγας
3217 1653 3603 1729 χαρτουλάριος
3640 1657 3773 1727 (73)
3820 1660 3939 1730 πρὸς

548 1745 708 1803 Italis
745 1744 1110 1801 deditionem
1149 1745 1401 1818 paravit.
1443 1743 1704 1800 Tradunt
1735 1739 2007 1797 nonnulli
2048 1738 2203 1794 clam

2319 1742 2400 1792 τὸν
2459 1737 2684 1812 βασιλέα
2730 1742 2949 1799 Ιωάννην
3007 1746 3273 1815 τετίμητο,
3325 1742 3452 1815 ἀνὴρ
3519 1751 3775 1814 γενναῖος
3852 1751 3942 1806 vi;

547 1834 781 1907 aliquos
802 1834 1191 1891 defectionem
1208 1835 1521 1891 meditatos
1535 1833 1789 1904 ideoque
1810 1829 2203 1902 improvisum

2319 1836 2474 1904 χεῖρα
2524 1836 2614 1883 καὶ
2655 1830 2954 1904 πολεμικοῖς
3000 1834 3281 1906 πράγμασι
3318 1833 3787 1905 κατεξητασμένος
3826 1855 3939 1886 παι-

548 1924 1011 1996 expugnationis
1032 1925 1438 1997 pertimuisse.
1465 1923 1650 1979 Latini
1670 1923 1869 1993 itaque
1889 1917 2205 1975 Tzurulum

2319 1915 2467 1972 δόθεν
2494 1920 2581 1955 ³⁸·
2610 1923 2669 1973 τό
2720 1917 2779 1973 δὲ
2824 1930 2914 1981 τῆς
2954 1927 3243 1984 Λατινικῆς
3289 1918 3553 1995 δυνάμεως
3611 1927 3809 1996 περιὸν
3858 1932 3939 1976 καὶ

546 2029 778 2086 cepere,
796 2014 921 2071 etin
934 2031 1007 2071 ea
1024 2018 1326 2072 Romanos
1364 2014 1836 2087 comprehensos
1853 2028 1990 2067 cum
2014 2013 2205 2065 Petra-

2319 2012 2375 2061 τό
2426 2007 2802 2084 ἀπειροπληθες
2843 2018 2943 2063 τῶν
3000 2013 3207 2065 Σκυθῶν
3264 2016 3447 2065 καὶτὸ
3493 2020 3596 2064 τῶν
3654 2013 3937 2067 ἑλεπόλει-σν

543 2103 711 2177 lipha
737 2102 857 2175 64
876 2104 1127 2160 vinculis
1167 2104 1439 2175 alligatos
1466 2110 1523 2159 et
1551 2102 1780 2175 Cpolim
1810 2097 2208 2156 deductosfa-

2321 2104 2519 2171 συχνόν
2558 2119 2612 2153 τε
2656 2105 2748 2152 καὶ
2805 2105 3054 2176 καρτερὸν
3095 2099 3177 2173 [Ρ.
3217 2100 3310 2175 32]
3363 2098 3707 2175 παραδοῦναι
3760 2114 3935 2156 τοῦτον

546 2192 881 2249 miliaribus
911 2193 1325 2250 vendiderunt.
1360 2194 1512 2248 Dum
1530 2191 1903 2248 obsideretur
1940 2188 2018 2245 ab
2050 2187 2207 2243 Italis

2319 2191 2373 2240 τὸ
2400 2190 2536 2241 ἄστυ
2566 2196 2675 2250 τοῖς
2704 2189 2918 2251 Ἰταλοῖς
2951 2194 3321 2249 πεποιήκεσαν.
3368 2196 3504 2246 Φασὶ
3556 2188 3622 2245 δέ
3667 2192 3818 2255 τινες
3852 2200 3933 2245 καὶ

547 2279 857 2349 Tzurulus,
876 2283 1141 2339 Joannes
1161 2283 1490 2355 imperator
1520 2281 1719 2338 multis
1749 2278 2094 2336 triremibus
2122 2276 2206 2332 fa-

2319 2274 2609 2350 προδοσίαν
2668 2278 2943 2351 μελετῆσοέ
2989 2299 3130 2341 τινας
3194 2284 3385 2355 κρύφα,
3428 2279 3715 2335 κάντεῦθεν
3781 2302 3931 2340 irrct-

2314 845 2419 917 οὐχ
2449 845 2603 903 ἦττον
2656 842 2715 899 δε
2770 851 2860 899 καὶ
2891 843 2986 899 διὰ
3013 851 3107 905 τὴν
3154 849 3287 920 πρός
3333 848 3474 918 ἡμᾶς
3512 850 3717 922 ἔχθραν
3771 846 3940 919 ἐφιλο-

2315 941 2591 1009 φρονοῦντο
2641 937 2782 1008 παρὰ
2840 944 2941 987 τῶν
3006 939 3143 988 κατὰ
3193 940 3383 997 τόπους
3447 940 3815 1009 κροτονύντων
3874 942 3938 989 τὰ

2313 1022 2560 1095 μάλιστα.
2595 1025 2663 1080 Οἱ
2710 1028 2801 1098 μὲν
2860 1025 2948 1077 οὖν
3002 1026 3285 1100 Βούλγαροι
3334 1028 3429 1088 τὰς
3472 1029 3607 1099 μετά
3659 1024 3935 1098 Ῥωμαίων

2316 1109 2545 1173 σπονδὰς
2611 1118 2962 1189 πρεωρακότες
2999 1111 3182 1168 ἄδειαν
3236 1124 3346 1179 τοῖς
3419 1120 3686 1192 Φράγκοις
3772 1113 3937 1169 δεδώ-

2312 1221 2440 1254 κασι
2493 1198 2588 1254 διὰ
2617 1211 2715 1254 τῶν
2746 1205 2875 1277 ὅρων
2915 1204 3084 1257 αὐτῶν
3124 1206 3172 1241 ³³
3201 1203 3441 1273 διελθεῖν,
3490 1214 3570 1259 τῶ
3618 1203 3809 1258 δοκεῖν
3855 1206 3937 1258 ὑπ’

2313 1292 2480 1345 αὐτῶν
2526 1291 2827 1365 βιασθέντες
2882 1298 2978 1354 τὴν
3023 1294 3235 1355 έκϐολήν
3275 1298 3343 1352 ³³.
3392 1300 3462 1351 Τὸ
3643 1292 3742 1349 οὖν
3803 1300 3937 1349 uim

2311 1389 2401 1442 τῆς
2449 1381 2776 1457 Τζουρουλοῦ
2854 1388 2944 1436 καί
3005 1381 3156 1447 αὖθις
3213 1385 3341 1439 έάλω
3430 1386 3939 1461 ἐκστρατευσάντων

2313 1471 2428 1522 κατ’
2457 1471 2622 1523 αὐτῶν
2682 1481 2780 1523 τῶν
2820 1477 3055 1525 Λατίνων
3095 1480 3184 1527 καὶ
3227 1478 3654 1548 συμμαχούντων
3718 1479 3937 1536 ταύτοις

551 2367 796 2424 bricatis
821 2373 876 2424 et
897 2371 1155 2426 exercitu
1193 2386 1316 2426 non
1361 2370 1578 2440 exiguo
1635 2384 1840 2424 secum
1907 2365 2206 2423 conducto

554 2454 732 2511 Italos
783 2457 1262 2526 aggrediebatur.
1327 2461 1373 2512 Α
1418 2456 1764 2513 Nicomedia
1806 2454 2121 2510 discedens
2151 2458 2209 2510 et

558 2544 1352 2617 Characem’praztergressus
1374 2546 1736 2617 Dacibyzam
1764 2550 1978 2616 praeter
2003 2558 2208 2615 exspe-

558 2633 881 2689 ctationem
910 2640 1329 2706 oppugnatam
1354 2637 1687 2706 occupavit.
1739 2637 2023 2689 Praeterea
2044 2638 2099 2687 et
2120 2631 2209 2687 Ni-

557 2723 753 2779 cetiati
774 2722 1080 2779 castellum
1096 2724 1156 2779 in
1179 2740 1349 2780 suam
1364 2728 1719 2795 potestatem
1745 2722 1989 2793 redegit.
2026 2720 2207 2776 Infor-

555 2815 801 2867 tunatus
829 2812 1217 2868 nihilominus
1239 2813 1298 2868 in
1323 2812 1661 2868 triremibus
1692 2811 1822 2880 fuit,
1850 2828 1985 2866 cum
2014 2826 2118 2879 qm
2148 2810 2209 2865 in

554 2899 665 2957 illis
679 2900 1763 2973 conﬂigebantbelloessentinexperti
1777 2900 2207 2972 atqueinsueti,

555 2994 612 3047 et
660 2990 936 3062 Isphreus
999 2990 1314 3047 Armenius
1371 2990 1548 3047 classi
1594 2995 1893 3063 praeesset,
1960 2990 2083 3045 cira
2112 3006 2209 3045 res

2319 2368 2472 2426 θῆναι
2522 2371 2580 2420 τὸ
2613 2366 2906 2443 ἀπρόοπτον
2944 2377 3039 2430 τῆς
3077 2368 3317 2431 ἁλώσεως
3363 2371 3431 2425 ⁸⁷.
3466 2373 3532 2423 Οἱ
3703 2369 3805 2424 οὖν
3834 2380 3931 2427 Ax.

2316 2460 2563 2514 τῖνοιτην
2601 2457 2923 2531 Τζουρουλὸν
2970 2456 3345 2532 έχειρώσαντο,
3374 2464 3465 2512 καὶ
3513 2460 3608 2512 τοῦ
3662 2459 3716 2513 ἓν
3770 2466 3925 2533 ταύτῃ

2314 2544 2595 2618 Ῥωμαίους
2644 2548 2851 2619 σὺναμα
2904 2554 2976 2617 τῷ
3028 2547 3321 2622 Πετραλίφᾳ
3391 2545 3675 2621 δεσμώτας
3732 2555 3928 2622 ἢγαγεν

2317 2634 2388 2694 εἰς
2416 2639 2511 2692 τὴν
2545 2640 2958 2705 Κωνσταντίνου,
2993 2641 3083 2688 καὶ
3120 2640 3253 2710 πρὸς
3304 2639 3422 2698 τούς
3477 2636 3706 2699 οἰκείους
3740 2640 3929 2699 αὐτοῦς

2318 2722 2730 2795 ἀπημπόλησαν.
2794 2727 2897 2780 Τοῦ
2959 2720 3018 2778 δι
3060 2726 3260 2789 ἄστεως
3334 2734 3429 2788 τῆς
3491 2728 3805 2803 Τζορουλοῦ
3847 2750 3927 2781 re-

2317 2812 2680 2887 λιορκουμενου
2752 2815 2878 2887 παρ’
2966 2814 3193 2885 Ἰταλων,
3264 2820 3296 2869 ό⁹
3365 2815 3618 2889 βασιλεὺς
3686 2820 3929 2881 Ἰωάννης

2320 2908 2549 2978 τριήρεις
2596 2906 2770 2965 ἱκανὰς
2818 2907 3275 2979 συσκευασάμενος
3324 2911 3415 2959 καί
3468 2909 3784 2981 στράτευμα
3840 2912 3929 2963 οἱα

2322 2991 2493 3063 ολίγον
2540 2993 2652 3065 μεθ’
2707 2993 2888 3046 ἑαυτοῦ
2947 2993 3254 3068 προσλαϐὼν
3319 2998 3455 3048 κατὰ
3532 3006 3637 3049 τῶν
3722 3000 3929 3053 Ἰταλῶν

554 3078 840 3136 militares
870 3080 1023 3136 ultra
1043 3096 1231 3152 quam
1260 3096 1370 3153 par
1414 3085 1539 3137 erat
1586 3080 1843 3150 segnior.
1892 3084 2038 3135 Ante
2070 3095 2208 3135 eum

2322 3083 2598 3154 έπεχείρει.
2657 3082 2788 3136 Ἀπὸ
2980 3079 3067 3136 οὖν
3132 3092 3227 3146 τῆς
3298 3082 3664 3158 Νικομηδείας
3722 3086 3931 3163 ἀπάρας

556 3167 790 3225 Manuel
808 3169 1237 3241 Contophreus,
1262 3170 1349 3225 vir
1375 3185 1556 3225 manu
1589 3174 1825 3242 potens,
1859 3174 2010 3225 terra
2036 3168 2213 3224 mari-

558 3272 677 3330 que
701 3258 944 3315 Martem
974 3258 1228 3331 spirans,
1250 3258 1579 3314 triremium
1620 3263 1745 3314 erat
1786 3258 2152 3329 gubernator
2194 3275 2207 3313 :

561 3345 670 3402 sed
700 3362 838 3402 cum
857 3352 996 3403 ante
1025 3362 1254 3418 paucos
1275 3347 1403 3404 dies
1428 3347 1503 3403 de
1525 3347 1715 3403 classe
1738 3346 2027 3403 audacior
2056 3346 2213 3401 illius

562 3452 700 3493 cum
725 3436 1085 3508 imperatore
1107 3437 1450 3507 congressio
1499 3436 1701 3493 fuisset
1743 3444 2031 3509 (namque
2053 3438 2213 3492 dixe-

562 3529 654 3582 rat
674 3524 885 3581 Italicis
913 3525 1255 3582 triremibus
1280 3542 1594 3599 nunquam
1623 3526 1994 3593 nostra,licet
2022 3526 2212 3582 multo

562 3613 765 3686 plures
778 3612 1043 3681 fuissent,
1068 3615 1348 3687 cumipse
1376 3615 1696 3671 ambarum
1718 3615 2032 3670 facultates
2057 3615 2209 3687 opti-

563 3718 661 3758 me
682 3709 969 3765 nosceret,
1003 3703 1248 3760 obviare
1266 3704 1358 3760 vel
1396 3704 1684 3761 obsistere
1736 3706 1956 3777 posse),
2005 3703 2212 3777 praefe-

563 3795 732 3849 ctura
752 3791 1039 3864 spoliatus
1070 3796 1174 3859 est,
1199 3808 1385 3865 quam
1411 3793 1471 3849 in
1489 3809 1551 3849 se
1575 3793 1853 3865 Isphreus
1884 3798 2207 3864 receperat,

560 3881 737 3939 valde
760 3882 1105 3939 miseranda
1131 3884 1375 3940 victoria
1391 3889 1705 3956 superatus
1732 3900 1744 3939 :
1772 3899 1909 3939 cum
1931 3883 2091 3938 enim
2118 3882 2214 3938 tri-

561 3972 728 4043 ginta
751 3973 1018 4030 triremes
1056 3973 1495 4042 conduceret,a
1547 3972 1835 4029 tredecim
1877 3972 2213 4028 debellatus

562 4066 668 4128 est,
706 4068 909 4136 totque
939 4062 1013 4119 de
1037 4063 1159 4118 suis
1172 4069 1320 4136 quot
1342 4068 1511 4119 erant
1535 4062 1799 4119 hostium
1822 4061 2021 4118 amisit
2046 4078 2059 4116 :
2096 4061 2211 4117 sin-

562 4150 717 4219 gulas
758 4151 917 4206 enim
949 4152 1214 4222 singulas
1234 4170 1373 4209 cum
1394 4152 1538 4225 ipsis
1567 4151 1914 4207 hominibus
1943 4157 2000 4207 et
2026 4150 2213 4206 armis

564 4237 820 4309 spolium
834 4240 951 4311 65
968 4241 1309 4298 retulerunt.
1330 4242 1531 4298 Ethaac
1545 4241 1789 4313 quidem
1815 4242 1894 4296 ita
1908 4256 1968 4294 se
1985 4239 2215 4296 habue-

561 4340 647 4382 re.
663 4326 990 4396 Imperator
1002 4343 1140 4383 vero
1152 4330 1407 4385 Joannes
1423 4346 1631 4384 rursus
1646 4345 1783 4383 cum
1798 4334 1993 4383 Asano
2009 4342 2212 4398 pacem

565 4413 1145 4485 sanxit,etaﬂlnitate
1159 4416 1334 4472 ambo
1349 4416 2023 4472 vinciebantur.Asanus
2036 4431 2213 4486 quam

2323 4423 2587 4494 ἡμέτεραι,
2688 4419 2783 4473 κᾶν

562 4503 653 4561 vis
665 4504 821 4576 cumj
834 4504 956 4575 urej
968 4505 1197 4561 urando
1209 4506 1436 4561 foedera
1452 4506 1778 4578 composita
1793 4521 1913 4561 non
1928 4504 2096 4559 nimis
2110 4521 2214 4560 an-

561 4594 657 4652 xie
669 4594 1323 4667 observaret,tanquam
1341 4596 1444 4667 qui
1459 4594 1549 4650 vel
1570 4596 1807 4651 minimo
1821 4594 2215 4652 emolumento

562 4684 674 4742 sibi
706 4683 1013 4758 proposito
1047 4683 1185 4755 jura
1216 4683 1482 4751 violaret,
1516 4685 1575 4739 in
1605 4690 1813 4756 aperto
1840 4689 1896 4739 et
1934 4683 2215 4740 simulate

560 4775 888 4834 amicitiam
904 4774 1159 4846 colebat,
1175 4777 1232 4831 et
1255 4791 1392 4850 quae
1404 4774 1738 4832 amicorum
1751 4779 2214 4849 erantexseque-

558 4865 760 4923 batur.

2321 3175 2410 3222 καί
2463 3170 2798 3246 παραμείψας
2850 3175 2938 3224 τὸν
2984 3176 3203 3248 χάρακα
3241 3173 3502 3248 ἐπόρθησε
3552 3181 3652 3234 τὴν
3704 3177 3931 3231 Δακέενο

2323 3260 2417 3320 ζαν
2442 3263 2542 3335 πρὸ
2582 3269 2787 3335 καιροῦ,
2818 3266 2907 3313 καὶ
2954 3266 3184 3335 κατέσχε
3213 3266 3433 3330 ταύτην,
3488 3270 3714 3339 προσέτι
3760 3264 3824 3321 δε
3848 3274 3927 3321 καὶ

3440 3356 3452 3371 Q
3503 3353 3516 3372 ἶ
3608 3355 3622 3367 ο
3673 3364 3692 3372 ς
3742 3361 3753 3372 ι

2321 3445 2474 3490 τοῦτο
2529 3443 2836 3498 πεποίηκον.
2915 3437 3290 3513 Ἐδυστύχησε
3330 3439 3389 3496 δε
3438 3451 3507 3514 τῷ
3560 3446 3685 3498 τότε
3724 3444 3778 3498 έν

2323 3533 2587 3603 τριήρεσιν
2628 3527 3041 3603 ἀπειροπολέμων
3068 3534 3222 3583 ὄντων
3250 3540 3349 3584 τῶν
3404 3530 3452 3584 έν
3519 3533 3712 3595 αὐταῖς
3763 3556 3931 3609 μαχο-

2323 3621 2505 3690 μένων,
2532 3622 2622 3671 καὶ
2647 3627 2739 3671 τοῦ
2781 3619 2951 3693 Ίσφρε
3000 3628 3089 3672 τοῦ
3144 3622 3419 3695 Ἀρμενίου
3476 3622 3545 3684 εἰς
3592 3624 3750 3687 τάξιν
3814 3628 3930 3698 ἂγε-

2322 3712 2476 3778 μόνος
2548 3707 2598 3759 έν
2663 3710 2868 3770 τούτοις
2918 3711 3268 3781 τυγχάνοντος
3314 3716 3404 3763 καὶ
3450 3710 3807 3786 ὀκνηροτέρου
3862 3735 3928 3769 τεο

2322 3796 2525 3856 λοῦντος
2573 3801 2692 3869 περὶ
2739 3800 2805 3849 τὰ
2841 3800 3078 3871 μάχιμα.
3146 3806 3470 3874 Προῦπῆρχε
3528 3796 3589 3853 δε
3658 3807 3759 3861 τὴν
3838 3813 3930 3856 τῶν

2324 3891 2571 3960 τριὴρεων
2638 3892 2958 3962 στρατηγίαν
3004 3889 3031 3940 ό
3070 3892 3321 3963 Κοντοφρε
3374 3889 3627 3948 Μανουὴλ
3684 3898 3928 3967 περιεζω-

2326 3979 2527 4047 σμένος,
2583 3973 2707 4048 ἀνὴρ
2756 3983 2983 4047 γενναῖος
3027 3980 3122 4036 τὴν
3171 3985 3332 4051 χεῖρα
3383 3998 3475 4031 και
3540 3979 3712 4053 Ἀρην
3773 3988 3929 4035 πνέων

2322 4066 2457 4117 κατά
2482 4083 2536 4118 τε
2564 4063 2820 4116 θάλατταν
2863 4070 2951 4119 καὶ
2994 4065 3176 4138 ξηράν.
3230 4066 3383 4119 Ἀλλὰ
3437 4073 3540 4141 πρό
3592 4088 3751 4122 τινων
3813 4075 3930 4144 £51.:-

2321 4162 2423 4228 ρῶν
2497 4155 2817 4228 θρασυτέρας
2896 4158 2985 4216 τὰς
3049 4150 3297 4219 διαλέξεις
3360 4162 3477 4231 περὶ
3530 4165 3626 4211 τοῦ
3680 4170 3929 4213 ναυτικοῦ

2324 4246 2451 4316 πρὸς
2496 4247 2580 4295 τόν
2620 4242 2845 4316 βασιλέα
2893 4247 3242 4318 ποιησάμενος
3296 4246 3513 4319 (εἰρηκει
3571 4254 3661 4300 καὶ
3710 4253 3819 4325 γὰρ
3870 4254 3931 4312 ὡς

2323 4331 2416 4384 οὐκ
2473 4330 2533 4384 ἂν
2578 4330 2938 4390 ἁντωπήσειαν
3022 4341 3140 4396 ταῖς
3212 4334 3484 4396 Ἰταλικαῖς
3539 4342 3821 4409 τριήρεσιν
3884 4342 3932 4391 αἱ

2910 4421 3214 4484 πολλαπταζ
3216 4442 3241 4475 ο
3248 4442 3352 4476 ιντο
3474 4429 3605 4498 πρὸς
3722 4428 3931 4493 αὐτοκ,

2323 4507 2550 4583 ἀκριϐῶς
2594 4512 2659 4562 τὰ
2707 4513 2822 4584 περὶ
2867 4508 3055 4583 ἀμφοῖν
3099 4509 3439 4584 έπιστάμενος
3494 4511 3567 4583 ³⁸)
3618 4515 3931 4589 Rapta—ala

2320 4606 2413 4659 τῆς
2442 4600 2737 4671 ἡγεμονίας,
2789 4603 2879 4651 καὶ
2931 4599 3105 4673 Ἰσφρε
3151 4599 3311 4658 αὐτὴν
3362 4597 3661 4671 διεδέξατο,
3711 4609 3805 4656 καὶ
3852 4607 3935 4662 ἠτ-

2321 4688 2456 4746 τηθη
2492 4683 2650 4745 ἧτταν
2679 4684 2886 4761 σφόδρα
2934 4684 3109 4748 δεινήν
3166 4690 3237 4747 ³⁸.
3283 4692 3576 4764 Τριάκοντα
3626 4695 3733 4764 γὰρ
3790 4693 3937 4768 ἐξέρα

2320 4797 2435 4849 χων
2482 4781 2733 4852 τριηρέων
2804 4779 2903 4830 ὑπὸ
2994 4775 3344 4851 τρισκαίδεκα
3418 4778 3762 4848 ἐκνενίκηται,
3850 4788 3935 4835 καὶ

2320 4869 2582 4929 τοσαύτας
2613 4865 2871 4920 ἀπώλεσεν
2921 4869 3113 4921 ὁπόσαι
3167 4864 3304 4927 ἦσαν
3358 4875 3459 4920 τῶν
3490 4867 3734 4922 ἐναντίων
3766 4892 3783 4905 ο
3822 4873 3933 4925 ἐν.εό

560 4962 657 5013 στῆ
686 4957 787 5028 γὰρ
817 4958 1011 5009 τούτων
1049 4960 1172 5029 μίαν
1201 4950 1449 5029 ἐκέρδησε
1490 4952 1715 5027 λάφυρον
1747 4957 1918 5015 αὐτοῖς
1944 4950 2169 5029 άνδράσι
2198 4962 2288 5012 καὶ
2332 4957 2530 5019 ὅπλοις.
2577 4962 2676 5012 Καὶ
2714 4965 2878 5011 ταῦτα
2910 4961 3013 5031 μὴν
3044 4960 3200 5031 ἔσχεν
3230 4962 3391 5021 οὕτως
3424 4959 3493 5014 ‘°.
3518 4960 3545 5011 ὀ
3579 4956 3639 5012 δέ
3672 4958 3938 5033 βασιλεὺς

632 5126 680 5162 ³³
708 5123 802 5180 διὰ
844 5161 914 5169 —
954 5134 1119 5183 αὐτῶν
1149 5147 1269 5187 om.
1320 5134 1381 5187 D.

560 5258 790 5342 ὑποψίαν
813 5258 1111 5345 πρόὸόσεως
1139 5258 1235 5330 1.).Ι
1281 5276 1327 5309 ³⁸
1350 5277 1443 5326 κάν
1467 5307 1537 5315 -
1557 5275 1915 5348 ἐπιστάμενος]
1936 5258 2024 5328 και
2042 5279 2108 5333 Ι).

1487 5133 1535 5167 33
1566 5139 1636 5201 τῷ
1662 5163 1733 5172 ——
1763 5130 1968 5190 ἐκκολην
2001 5149 2120 5189 om.
2155 5136 2220 5191 Ι).

558 5200 1056 5275 πρόςμ-τετίαητο,
1092 5210 1193 5256 Τοῦ
1226 5203 1484 5275 βασιλέως
1507 5200 1741 5255 Ἰωάννου
1762 5206 1789 5258 ?
1863 5205 1910 5238 ³⁸
1938 5213 2160 5275 γενναῖος
2183 5237 2255 5249 -
2276 5200 2553 5275 παιὸοθεν]
2588 5203 2821 5275 ἀνδρεῖος
2875 5210 2939 5264 D.

2184 5237 2255 5249 —-
2281 5225 2553 5271 παιοουεν]
2588 5225 2679 5259 ανο
2725 5227 2821 5269 ειος
2875 5225 2939 5264 U.
3016 5225 3057 5242 "‘

2184 5280 2232 5315 39
2266 5274 2426 5339 ἧτταν
2449 5276 2649 5353 φοόδρα
2675 5225 2848 5338 σεμνὴν
2870 5295 2994 5335 om.
3018 5281 3080 5335 D.

2299 5137 2347 5171 ³³
2392 5133 2723 5207 ξκστρατ.έ
2749 5137 2955 5189 Σκυθῶν
2985 5151 3106 5193 om.
3152 5139 3214 5193 D.

3292 5136 3359 5210 '5_
3390 5135 3469 5210 ὃς]
3528 5137 3647 5210 6-1),
3692 5139 3931 5210 omisssi

3016 5209 3061 5242 ³⁷
3093 5227 3183 5259 και
3219 5238 3289 5281 -τ-
3313 5207 3573 5281 άλώοῖεως]
3598 5214 3664 5270 ὡς
3702 5215 3795 5262 καὶ
3841 5208 3931 5262 διὰ

3161 5280 3209 5315 ⁸ο
3235 5278 3429 5338 έκαστη
3452 5311 3524 5320 -
3542 5278 3707 5342 ὁῦτως
3727 5298 3839 5337 om.
3866 5284 3927 5337 Ι).

1451 5451 1791 5521 Theodori
1841 5454 2090 5522 Dousee
2140 5466 2205 5524 et
2252 5456 2493 5526 Leonis
2542 5456 2778 5526 Allatii
2826 5467 3029 5526 notae.

556 5582 561 5587 θ
633 5592 746 5668 (73)
788 5591 847 5647 Ὀ
875 5597 1035 5669 μέγας
1062 5592 1463 5673 χαρτουλάριος.
1498 5595 1581 5655 De
1606 5596 1720 5656 hac
1748 5597 2036 5671 dignitate
2062 5614 2229 5659 001151

2319 5604 2411 5659 tur
2446 5598 2811 5659 Glossarium
2848 5600 3100 5659 Meursii.
3136 5603 3348 5660 DOUSA.
