4084 6212
155 343 174 393 1
187 338 292 396 069
1687 338 1812 392 ΛΝΒ

1898 334 2030 391 LES.
3383 343 3518 399 1070

155 455 392 524 Ἰωάννης
421 467 511 514 καὶ
547 462 693 522 αὖθις
733 464 865 535 μετά
894 469 983 514 τοῦ
1030 459 1290 532 βασιλέως
1325 459 1485 512 Ἀσάν
1517 463 1724 532 εἰρήνην
1757 457 1889 530 εἶχε,
1923 465 2010 511 καί
2042 467 2102 531 τῇ
2139 466 2413 532 συγγενεία
2451 468 2550 514 καὶ
2572 461 2724 534 ἄμφω
2759 460 3115 532 συνεδέδεντο,
3169 463 3261 516 οὑκ
3295 463 3524 539 ἀκριϐῶς

158 558 248 626 μεν
274 561 365 605 τοῦ
397 552 556 605 Ἀσάν
580 555 672 614 τὰς
701 552 941 624 ἐνόρκους
973 551 1271 621 συμφωνίαν
1300 549 1640 620 φυλάττοντος
1667 570 1678 582 ·
1711 553 1822 601 ἔστι
1866 553 1964 622 γὰρ
2007 552 2088 600 ὅτε
2126 549 2166 583 ⁴¹
2211 545 2304 600 διά
2350 554 2535 625 μικρὸν
2586 548 2772 626 κὲρδος
2812 549 3165 627 παρεσπόνδει
3212 555 3350 625 (79).
3392 559 3525 622 Τέως

159 643 206 695 ἐν
236 651 304 712 τῷ
343 648 540 715 φανερῷ
563 646 652 692 καί
677 640 952 701 πλατυκώς
981 643 1186 712 ἔστεργε
1215 643 1301 696 τήν
1329 636 1536 708 ἀγάπην
1566 643 1655 690 καὶ
1684 640 1747 690 τά
1778 647 1874 690 τῶν
1916 638 2070 709 φίλων
2111 636 2268 690 ἐποίει
2293 641 2358 672 θ’·

229 730 410 790 λη’.Ὀ
435 733 527 801 μὲν
565 726 652 781 οὖν
705 730 863 783 Ἀσαν
919 730 1157 788 Ἰωάννης
1206 735 1301 788 τῆς
1357 727 1587 798 συζύγου
1635 747 1751 780 στε-
1792 732 1812 782 Α

1942 731 2028 782 38.
2063 727 2161 782 Hic
2193 743 2335 797 ergo
2367 744 2571 794 uxore,
2605 746 2791 802 quam
2816 732 3115 802 Ungaram
3141 732 3322 787 fuisse
3367 749 3522 804 pra-

161 823 356 895 ρηθεὶς,
398 820 458 877 ἣν
497 817 550 881 ἐξ
581 818 846 892 Οὑγγρίας
879 819 1008 870 εἶναι
1038 819 1062 868 ὁ
1102 816 1252 887 λόγος
1286 818 1486 888 φθάσας
1546 820 1755 890 ἱστόρη-

1898 816 2266 879 iarravimus,
2323 818 2588 888 privatus
2669 818 2854 875 tiliam
2941 821 3149 890 Angeli
3229 821 3523 878 Theodori

164 928 270 970 σεν,
304 909 530 979 ἠγάγετο
561 906 632 968 εἰς
651 913 876 978 γυναῖκα
917 911 1011 965 τήν
1061 907 1323 978 Θνγατέρα
1370 913 1458 956 τοῦ
1515 905 1756 977 Ἀγγῦου

1898 921 2116 970 renem,
2153 905 2348 962 forma
2368 907 2759 978 conspicuam
2790 913 2847 963 et
2877 925 3126 982 corpore
3184 926 3518 982 proceram,

165 992 439 1071 Θεοδώρου
485 999 581 1054 τήν
633 994 878 1069 Εἰρήνην,
930 993 1086 1052 καλήν
1135 1013 1192 1046 το
1249 990 1386 1054 εἶδος
1452 999 1542 1046 καὶ
1612 996 1758 1066 εὐμε-

1898 996 2061 1050 ratris
2083 994 2312 1066 paterni
2336 997 2946 1066 consanguinitatem,
2971 999 3076 1070 qui
3106 1015 3244 1055 cum
3267 1000 3388 1057 ﬁlia
3411 1017 3524 1058 sua

163 1089 286 1159 γεθη
318 1088 385 1154 ⁸³,
415 1082 555 1158 μηδέ
600 1088 660 1137 τὸ
712 1093 804 1137 τοῦ
852 1080 1178 1156 αὑταδέλφου
1210 1091 1299 1136 τοῦ
1353 1087 1550 1158 πατρὸς
1597 1084 1758 1145 αὐτῆς

1898 1083 2137 1155 pellice
2187 1090 2467 1156 suscepta
2520 1086 2804 1154 cubabat,
2837 1087 3003 1143 haud
3042 1091 3347 1154 reveritus,
3410 1089 3524 1146 sibi

163 1173 327 1237 κῆδος
353 1171 578 1242 ὑπιδὼν,
609 1175 783 1248 ὅτιπερ
807 1181 868 1246 τῇ
915 1175 969 1224 ἐκ
1016 1169 1333 1232 παλλακίδος
1385 1172 1541 1224 αὑτοῦ
1597 1175 1759 1244 Θυγα-

1898 1173 2254 1229 uatrimonio
2285 1175 2502 1244 jungit.
2555 1177 2733 1232 Erant
2789 1177 3098 1235 Theodoro
3146 1178 3372 1250 Angelo
3417 1178 3528 1235 ﬁlii

164 1270 250 1339 τρὶ
281 1264 648 1324 συνηυνάζετο,
677 1261 847 1315 Ἦσαν
872 1258 931 1314 δὲ
961 1270 1032 1332 τῷ
1064 1261 1291 1332 Ἀγγέλῳ
1333 1257 1590 1335 Θεοδώρῳ
1643 1268 1764 1312 παῖ-

1898 1261 2122 1317 nasculi
2143 1262 2286 1332 duo,
2311 1266 2570 1320 Joannes
2584 1270 2640 1322 et
2673 1267 3018 1338 Demetrius,
3045 1272 3100 1324 et
3130 1268 3264 1324 dua
3291 1267 3526 1325 femina

169 1350 257 1415 δες
275 1353 476 1428 ἄρρενες
507 1348 605 1404 δύο
638 1353 705 1418 “,
745 1352 988 1412 Ἰωάννης
1028 1355 1116 1402 καὶ
1165 1356 1484 1423 Δημήτριος,
1533 1355 1622 1402 καὶ
1675 1352 1763 1408 Θή-

1898 1367 2044 1408 lnna
2074 1359 2130 1408 et
2158 1353 2317 1409 dicta
2348 1355 2534 1422 Irene;
2568 1372 2834 1428 quacum
2864 1362 3100 1413 Asanus
3128 1359 3285 1414 ﬁlios
3318 1359 3530 1415 habuit

166 1442 298 1496 λειαι
324 1439 440 1508 δύο,
483 1443 511 1499 ἡ
547 1440 706 1492 Ἀννα
733 1445 823 1492 καὶ
851 1442 876 1498 ἡ
901 1441 1127 1514 ῥηθείσα
1165 1439 1354 1513 Εἰρήνη
1419 1441 1487 1506 ⁸⁵,
1547 1441 1658 1511 μεθ’
1705 1439 1764 1498 ἧς

1898 1458 1989 1496 res
2033 1441 2398 1511 Michaelem,
2448 1445 2844 1513 Theodoram,
2894 1446 3162 1502 Mariam.
3211 1450 3530 1518 Propterea

170 1533 196 1584 ὁ
243 1533 402 1584 Ἀσάν
457 1525 656 1591 παῖδας
701 1533 974 1600 γεγέννηκε
1025 1536 1178 1602 τρεῖς,
1234 1530 1319 1579 τὸν
1373 1528 1616 1598 Μιχαὴλ,
1672 1532 1764 1586 τήν

1898 1530 2126 1586 rinculis
2154 1529 2383 1586 solutus
2433 1532 2694 1602 Angelus
2751 1534 3110 1601 Theodorus,
3165 1536 3247 1592 ita
3309 1551 3529 1604 genero

169 1617 443 1695 Θεοδωραν
472 1622 562 1671 καὶ
596 1623 685 1676 τήν
734 1622 964 1691 Μαρίαν.
1046 1616 1303 1674 Ἀπελὺθη
1360 1625 1482 1688 γοῦν
1529 1625 1628 1668 τῶν
1685 1613 1768 1668 δε-

170 1718 313 1783 σμῶν
340 1705 431 1762 διά
454 1727 537 1761 τοι
571 1714 724 1760 τοῦτο
745 1708 771 1758 ό
795 1706 1042 1779 Ἀγγελος
1080 1701 1350 1780 Θεόδωρος
1401 1705 1478 1776 [Ρ.
1533 1705 1622 1776 33]
1678 1711 1767 1758 καὶ

171 1803 457 1854 συναινέσει
481 1804 574 1850 τοῦ
634 1795 876 1870 γαμϐροῦ
936 1796 1098 1848 αὑτοῦ
1154 1802 1246 1848 τοῦ
1299 1794 1459 1848 Ἀσὰν
1513 1794 1769 1870 ἐγκρατής

166 1890 403 1961 γενέσθαι
437 1895 528 1948 τῆς
574 1885 962 1946 Θεσσαλονίκης
1024 1889 1112 1937 καὶ
1167 1904 1345 1946 πασης
1401 1886 1463 1946 ἧς
1519 1890 1768 1959 πρότερον

170 1974 307 2051 ἦρχε
352 1982 537 2051 χώρας
593 1975 837 2033 ἡθελησε.
899 1979 1000 2027 Καὶ
1051 1970 1118 2031 δή
1169 1993 1304 2034 τινας
1368 1973 1569 2044 ὀλίγους
1628 1976 1768 2045 παρά

1876 1619 2006 1690 ejus
2035 1624 2234 1675 Asano
2274 1626 2596 1685 annuente,
2643 1621 3082 1678 Thessalonicae
3125 1629 3184 1679 et
3237 1625 3531 1680 universa

1877 1708 2155 1778 regionis,
2238 1708 2333 1764 cui
2398 1709 2525 1781 ipse
2565 1710 2730 1781 prius
2781 1711 3141 1782 imperabat,
3211 1712 3532 1785 imperium

1877 1811 2228 1867 recuperare
2259 1797 2532 1852 animum
2555 1798 2806 1868 induxit,
2841 1801 3175 1872 paucisque
3211 1800 3289 1856 ab
3333 1807 3532 1858 Asano

1879 1885 2158 1957 acceptis,
2192 1903 2330 1941 cum
2362 1886 2566 1958 palam
2593 1888 2653 1942 in
2690 1887 2931 1943 fratrem
2972 1889 3300 1945 Manuelem
3360 1906 3531 1947 arma

1879 1989 2089 2045 capere
2112 1990 2234 2030 non
2263 1980 2486 2046 posset,
2517 1976 2673 2032 clam
2699 1977 3036 2047 ingressum
3088 1978 3530 2035 Thessalonica

171 2073 268 2119 τοῦ
316 2065 472 2118 Ἀσάν
541 2062 979 2138 προσλαϐόμενος,
1056 2061 1163 2115 ἐπεὶ
1251 2071 1471 2135 φανερῶς
1555 2071 1812 2133 κινῆσαις

1898 2063 2142 2120 nolitur.
2161 2064 2252 2120 Sic
2275 2064 2530 2120 sordidis
2548 2066 2766 2136 pannis
2799 2066 3047 2122 vestitus
3079 2066 3291 2123 urbem
3315 2068 3531 2124 furtive

171 2157 355 2228 μάχην
393 2156 526 2205 κατά
555 2160 647 2204 τοῦ
679 2148 902 2224 ἀδελφοῦ
930 2151 1090 2204 αὑτοῦ
1118 2151 1362 2208 Μανουήλ
1387 2151 1481 2202 οὑκ
1517 2147 1767 2217 ἠδύνατο,

171 2247 346 2317 κρύφα
399 2247 710 2315 μηχανᾶται
775 2245 869 2299 τὴν
937 2240 1009 2302 εἰς
1088 2239 1470 2297 Θεσσαλονίκην
1546 2235 1770 2309 εἴσοδον,

174 2331 345 2391 εὐτελῆ
399 2351 514 2384 τινα
590 2328 976 2403 ἀμφιασάμενος
1023 2330 1184 2404 ῥάκια
1257 2333 1346 2380 καὶ
1396 2333 1488 2387 την
1566 2324 1774 2381 εἴσοδον

175 2420 472 2492 ὑποκλέψας
527 2427 618 2480 τῆς
679 2418 890 2479 πόλεως.
949 2419 1090 2471 Ἐπεὶ
1145 2416 1203 2470 δὲ
1257 2418 1422 2490 εἰσῄει
1475 2422 1565 2468 καὶ
1636 2437 1774 2469 τισιν

178 2509 476 2582 ἐπεγνώσθη
524 2516 632 2570 τοίς
689 2509 761 2568 οἷς
819 2505 1073 2568 ἐϐούλετο,
1131 2506 1216 2567 οὒς
1272 2509 1351 2559 ὅτε
1407 2506 1619 2576 εὐτύχει
1673 2505 1776 2577 ἐφί-

177 2600 262 2652 λει
311 2617 364 2650 τε
416 2603 506 2650 καὶ
548 2597 826 2671 εὐηργέτει,
881 2597 995 2669 μεθ’
1059 2596 1126 2647 ὢν
1186 2601 1276 2648 καὶ
1334 2594 1617 2669 τεθάρῥηκε
1682 2600 1777 2652 τήν

181 2689 319 2741 κατά
382 2695 471 2740 τοῦ
524 2683 742 2758 ἀδελφοὺ
804 2685 1021 2757 σκῆψιν,
1077 2685 1136 2737 οὑ
1190 2685 1378 2738 πολλοῦ
1433 2682 1632 2745 δεηθεὶς
1688 2692 1777 2738 τοῦ

176 2782 380 2852 χρόνου
411 2774 664 2849 έγκρατής
695 2795 749 2828 τε
791 2775 943 2837 αὖθις
992 2783 1088 2837 τῆς
1137 2774 1528 2836 Θεσσαλονίκης
1585 2773 1778 2846 ἐγένετο

174 2872 395 2920 καὶτῶν
424 2865 574 2942 πέριξ
601 2865 794 2918 πόλεων
837 2869 928 2917 καὶ
982 2873 1192 2937 χωρῶν.
1256 2864 1498 2924 Βασιλεὺς
1547 2860 1606 2916 δὲ
1663 2863 1778 2916 ὀνο-

174 2955 443 3028 μάζεσθαι
473 2954 568 3006 οὑκ
597 2953 819 3012 ήθελησε
865 2949 956 3006 διὰ
1005 2958 1062 3005 τό
1120 2961 1219 3005 τῶν
1263 2952 1538 3025 ὀφθαλμῶν
1592 2955 1778 3020 πάθος,

173 3048 269 3097 τόν
322 3039 380 3095 δε
429 3041 543 3094 υἱὸν
598 3042 759 3094 αὑτοῦ
808 3042 1046 3099 Ἰωάννην
1101 3041 1327 3114 βασιλέα
1379 3043 1635 3114 ὠνόμασε,
1694 3046 1783 3093 καὶ

183 3132 424 3208 ἐρυθροῖς
468 3127 704 3192 πεδίλοις
755 3134 868 3192 τοὺς
918 3127 1087 3193 πόδας
1139 3129 1330 3183 ἐκείνου
1392 3127 1645 3201 ὑπέδησε,
1695 3135 1786 3183 καὶ

183 3223 446 3282 τοιούτοις
500 3221 780 3293 γράμμασι
824 3221 1138 3294 ὑπογράφειν
1161 3216 1425 3294 διώρισεν,
1504 3219 1658 3271 αὐτόν
1735 3238 1788 3271 τε

189 3307 396 3364 διέπειν
427 3311 492 3362 τά
523 3312 670 3361 κοινά
699 3314 790 3360 καὶ
829 3305 1084 3380 διεξάγειν
1131 3311 1198 3360 τά
1253 3316 1344 3360 τοῦ
1390 3311 1527 3362 υἱοῦ.
1581 3312 1678 3361 Τὸν
1737 3305 1787 3360 δ’

1880 2153 2226 2222 ingreditur.
2274 2156 2420 2209 Cum
2477 2170 2618 2210 vero
2675 2155 2898 2227 quibus
2953 2157 3360 2228 concupierat,
3416 2157 3531 2213 illis

1883 2241 2271 2312 scilicetquos
2293 2248 2421 2314 ipse
2448 2243 2506 2298 in
2537 2243 2716 2298 rebus
2748 2244 3050 2317 prosperis
3080 2245 3194 2302 sibi
3236 2251 3293 2302 et
3328 2261 3534 2302 amore

1884 2336 1940 2386 et
1980 2330 2270 2385 beneficio
2321 2331 2441 2402 66
2505 2331 2874 2403 devinxerat,
2913 2334 3194 2400 innotuit,
3238 2334 3532 2390 adversus

1883 2417 2124 2475 fratrem
2170 2420 2421 2475 consilia
2469 2422 2680 2491 aperit,
2726 2436 2921 2493 neque
2973 2421 3077 2476 diu
3123 2425 3261 2494 post
3330 2437 3541 2477 rursus

1884 2507 2370 2563 Thessalonicam
2401 2512 2458 2563 et
2493 2509 2836 2580 adjacentia
2889 2509 3023 2565 loca
3080 2515 3136 2565 et
3189 2511 3368 2565 urbes
3425 2509 3541 2566 sub

1886 2595 2221 2650 dominium
2279 2595 2690 2668 ditionemque
2751 2613 2928 2652 suam
2975 2596 3133 2653 facit.
3193 2600 3245 2651 Is
3296 2600 3541 2670 propter

1887 2684 2195 2740 oculorum
2209 2685 2670 2740 imminutionem
2685 2686 3061 2758 imperatoris
3076 2702 3290 2743 nomen
3303 2689 3541 2744 recusat

1889 2791 1959 2830 eo
1990 2779 2190 2830 tamen
2217 2778 2508 2830 Joannem
2541 2775 2731 2831 tilium
2763 2777 3115 2832 cohonestat
3143 2781 3198 2832 et
3219 2777 3536 2849 purpureis

1890 2864 2103 2920 calceis
2125 2865 2473 2936 pedesillius
2487 2865 2904 2936 circumvestit,
2935 2882 3129 2938 neque
3146 2866 3539 2922 dissimilibus

1889 2953 2092 3009 litteris
2153 2953 2529 3009 subscribere
2595 2954 2790 3023 jussit;
2860 2954 2970 3009 sibi
3047 2969 3188 3009 vero
3236 2969 3542 3009 summam

1892 3044 2164 3098 omnium
2195 3057 2393 3096 rerum
2415 3059 2484 3097 ac
2505 3041 2606 3096 ﬁlii
2651 3042 3143 3113 temperationem
3195 3041 3537 3111 reservavit;

1894 3131 2137 3187 fratrem
2169 3131 2497 3187 Manuelem
2525 3131 2815 3199 abrogato
2846 3131 3097 3201 imperio
3145 3129 3208 3185 in
3239 3131 3540 3188 triremem

1896 3220 2243 3291 impositum
2314 3219 2593 3274 Attaliam
2677 3218 2992 3289 ablegavit,
3073 3219 3396 3290 conjugem
3459 3218 3540 3276 ad

1899 3314 2163 3364 Asanum
2185 3312 2416 3380 patrem
2450 3307 2697 3364 remisit.
2724 3312 2962 3363 Asanus
2991 3307 3301 3364 Theodoro
3339 3323 3548 3365 socero

187 3395 417 3470 ἀδελφόν
491 3397 740 3456 Μανουήλ
833 3405 927 3460 τῆς
1023 3395 1272 3462 ἐκϐαλὼν,
1365 3402 1453 3449 καὶ
1560 3395 1790 3469 ἐμϐαλὼν

1900 3413 2085 3468 quam
2104 3411 2322 3465 genero
2354 3395 2603 3452 Manueli
2633 3395 2926 3451 addictior
2972 3401 3137 3451 erat:
3177 3411 3298 3451 non
3347 3397 3552 3452 minus

183 3493 240 3542 ἓν
271 3509 374 3541 τινι
422 3493 648 3563 τριήρει,
697 3491 816 3560 περὶ
871 3491 964 3546 τήν
998 3487 1230 3539 Λττάλου
1289 3485 1518 3561 ἐξώρισε,
1587 3492 1674 3546 τήν
1734 3483 1793 3540 δε

185 3580 425 3649 σύζυγον
482 3577 642 3629 αὑτοῦ
703 3580 832 3650 πρὸς
885 3579 969 3629 τὸν
1024 3580 1225 3649 πατέρα
1275 3577 1435 3628 Ἀσάν
1494 3575 1790 3648 ἐξέπεμψεν.

194 3674 244 3720 Ο
281 3662 525 3720 δὲἈσάν
557 3669 642 3719 τὸν
687 3667 927 3739 πενθερὸν
978 3663 1168 3738 μᾶλλον
1217 3667 1264 3700 ⁴⁶
1308 3664 1463 3737 ἐφίλει
1521 3661 1793 3738 Θεόδωρον

181 3756 216 3815 ἣ
251 3758 342 3807 τόν
371 3753 605 3830 γαμϐρὸν
655 3753 815 3806 αὑτοῦ
873 3753 1138 3811 Μανουήλο
1195 3754 1508 3826 ὑπερηγάπα
1554 3756 1656 3828 γὰρ
1699 3758 1794 3812 τήν

183 3844 426 3915 σύζυγον
451 3844 693 3919 Εἰρήνην,
740 3843 845 3914 οὑχ
895 3843 1049 3901 ἧττον
1097 3841 1127 3900 ἣ
1188 3842 1458 3903 Ἀντώνιος
1497 3846 1590 3900 τήν
1647 3841 1796 3895 Κλεο-

178 3935 394 4008 πάτραν
429 3932 584 3990 ".'O
628 3936 718 4006 μὲν
781 3928 867 3984 οὑν
922 3930 1168 3990 Μανουήλ
1211 3940 1274 4004 τῇ
1331 3931 1580 3984 Ἀττάλου
1629 3950 1796 4006 προσ-

179 4022 398 4084 οκείλας
425 4024 568 4096 παρὰ
595 4018 919 4097 προσδοκίαν
948 4026 1066 4082 τοὺς
1124 4020 1178 4084 ἐξ
1225 4019 1392 4093 Ἀγαρ
1453 4021 1563 4093 εὗρε
1616 4020 1663 4056 ⁴⁸
1717 4040 1796 4092 φι-

176 4113 496 4185 λανθρωπίᾳ
549 4110 739 4184 μᾶλλον
788 4113 912 4183 πρὸς
989 4111 1145 4162 αὑτὸν
1215 4115 1606 4184 χρησαμένους·
1689 4109 1798 4162 ἐπεὶ

177 4203 293 4274 γὰρ
351 4200 544 4272 εἰρήκει
589 4203 715 4276 πρὸς
763 4203 848 4252 τὸν
913 4197 1138 4272 βασιλέα
1193 4199 1433 4258 Ἰωάννην
1515 4201 1798 4270 τυγχάνειν

185 4290 358 4344 αὑτοῦ
401 4295 493 4348 τὴν
547 4291 732 4363 ὁρμήν,
789 4293 1178 4364 παρεχώρησαν
1233 4292 1400 4360 τούτῳ
1429 4295 1523 4348 τήν
1597 4285 1797 4353 δίοδον,

185 4375 601 4451 ἐφοδιασάμενοι
655 4381 1037 4449 προσηκόντως.
1093 4377 1314 4429 Ἐκεῖθεν
1373 4381 1503 4450 πρὸς
1565 4381 1649 4428 τὸν
1707 4375 1803 4448 βα-

189 4467 349 4521 σιλέα
399 4466 604 4538 ἀφίκετο
655 4463 822 4536 οὗτος,
892 4471 981 4518 καὶ
1039 4467 1065 4518 ό
1120 4464 1373 4538 βασιλεὺς
1444 4464 1677 4538 ἀσμένως
1753 4483 1806 4517 τε

186 4563 384 4610 τοῦτον
439 4551 647 4619 ἐδέξατο
695 4561 785 4608 καὶ
849 4557 918 4616 ὡς
979 4560 1430 4630 προσῳκειωμένον
1517 4563 1589 4626 τῷ
1671 4558 1806 4626 γένει

185 4665 289 4697 και
320 4646 392 4706 ὡς
420 4644 581 4696 πάλαι
621 4641 883 4702 δεσπότην
920 4644 1305 4717 ὠνομασμένον,
1369 4641 1494 4706 δοὺς
1549 4640 1608 4696 δὲ
1665 4644 1805 4714 αὐτῷ

185 4742 398 4808 χρῆμα
446 4739 536 4786 καὶ
590 4738 820 4808 τριήρεις
875 4733 928 4796 ἓξ
985 4733 1068 4786 ἐπὶ
1111 4738 1203 4792 τήν
1272 4734 1498 4806 μεγάλην
1576 4732 1806 4804 Βλαχίαν

189 4823 422 4895 ἀφῆκεν,
467 4824 648 4896 ὅρκους
688 4823 812 4897 παρ’
864 4823 1024 4876 αὑτοῦ
1094 4821 1262 4875 λαϐὼν
1331 4819 1630 4897 φρικώδεις,
1705 4819 1806 4882 οἷος

187 4913 393 4974 bubo;
438 4917 685 4974 συνέσεως
727 4918 817 4965 καὶ
871 4911 1152 4984 ἀγχινοίας
1204 4911 1407 4986 πλήρης
1453 4912 1520 4963 ὢν
1577 4913 1643 4966 ⁸³.
1701 4917 1806 4964 Κα-

186 5000 442 5059 ταλαϐὼν
469 4998 664 5055 οὖντὸν
687 5010 780 5063 τῆς
826 4997 1200 5078 Δημητριάδος
1249 5009 1408 5077 νῶρον
1458 5002 1483 5052 ό
1535 4999 1802 5071 Μανουήλ,

280 5181 327 5243 δξ
363 5179 458 5233 οὑκ
481 5211 553 5222 -
580 5181 664 5233 ὅτε
688 5179 795 5232 ἀλλ’
828 5181 853 5232 ὁ
881 5179 1044 5235 Ἀσάν
1076 5181 1157 5233 ὅτε
1183 5184 1272 5233 καὶ
1301 5181 1364 5234 D.
1445 5179 1490 5214 ⁴²
1522 5182 1647 5239 τέως
1673 5209 1744 5217 —
1764 5175 1812 5229 ἐπ

1898 5196 1922 5228 ηι
1946 5190 2073 5249 om.
2109 5176 2193 5249 D_._
2251 5175 2302 5249 Ψ
2327 5172 2488 5249 καλήν
2519 5204 2589 5249 τ-
2611 5172 2858 5249 εὐμεγέθη
2893 5188 3024 5249 οιῙι,Δ
3047 5175 3109 5229 D.
3146 5173 3191 5249 ξι
3253 5172 3456 5249 ἄρρενες
3487 5170 3586 5249 duo

185 5267 328 5326 om.
377 5253 566 5326 01”“
597 5253 775 5310 Θήλεια
806 5251 964 5326 Ἀννα
991 5272 1044 5306 τε
1069 5258 1158 5326 καὶ
1185 5253 1374 5326 Εἰρήνη
1417 5253 1478 5306 D.
1559 5251 1604 5284 ⁸⁸
1638 5251 1872 5326 πενθερόν
1895 5247 2051 5300 αὐτοῦ
2079 5246 2266 5300 πάλλον
2292 5248 2354 5301 1)·

193 5324 250 5360 ⁸⁸
283 5330 402 5385 τοῖς
430 5321 485 5386 ἐξ
501 5321 670 5398 Ἀγαρ
697 5327 907 5396 ενέτυχε
934 5325 1000 5382 D.
1077 5325 1124 5360 ‘9
1151 5319 1430 5399 φρικώδεις
1462 5353 1533 5362 -
1555 5326 1621 5372 ὧν
1653 5319 1876 5378 οω.Ἰ).

1903 3485 2063 3540 enim
2094 3486 2222 3555 ipse
2251 3500 2456 3540 amore
2478 3485 2753 3555 conjugis
2783 3485 2964 3542 Irena
3019 3501 3205 3557 quam
3257 3484 3552 3542 Antonius

1904 3574 2228 3646 Cleopatra
2255 3573 2704 3645 corripiebatur.
2748 3575 2978 3631 Manuel
3020 3576 3220 3647 itaque
3272 3574 3554 3632 Attaliam

1903 3662 2210 3735 appellans
2243 3661 2319 3717 ab
2351 3662 2659 3732 Agarenis,
2693 3663 2856 3734 quod
2875 3663 3000 3736 ipse
3023 3680 3325 3736 nusquam
3351 3668 3555 3736 spera-

1904 3757 2089 3820 verat,
2135 3751 2570 3806 humanissime
2620 3751 3181 3826 oﬂiciosissimeque
3215 3753 3550 3825 excipitur:

1905 3857 2044 3897 nam
2061 3840 2275 3895 dicenti
2290 3856 2350 3894 se
2365 3839 2440 3895 ad
2453 3842 2742 3896 Joannem
2759 3842 3179 3913 imperatorem
3196 3841 3556 3898 contendere

1905 3933 2264 3998 commeatu,
2301 3928 2380 3983 uti
2409 3944 2518 4000 par
2557 3934 2704 3996 erat,
2736 3930 3186 3985 subministrato
3239 3929 3554 3984 transitum

1905 4019 2141 4074 dedere.
2185 4017 2442 4088 Indeque
2479 4017 2898 4090 imperatorem
2947 4018 3328 4086 conveniens,
3379 4023 3436 4072 et
3473 4015 3558 4072 uti

1909 4123 2122 4178 genere
2151 4109 2507 4174 conjunctus
2532 4112 2588 4162 et
2607 4107 2858 4178 despota
2884 4107 3014 4177 jam
3039 4106 3178 4162 olim
3205 4106 3426 4162 electus
3479 4104 3558 4162 ab

1909 4199 2264 4268 imperatore
2311 4194 2535 4251 lubenti
2579 4196 2781 4251 animo
2832 4196 3058 4262 visitur;
3126 4197 3220 4252 cui
3289 4212 3428 4251 cum
3506 4199 3564 4252 et

1911 4285 2195 4358 pecunias
2221 4291 2276 4340 et
2303 4285 2568 4340 triremes
2608 4302 2712 4340 sex
2753 4285 3114 4355 tradidisset,
3155 4285 3216 4340 id
3274 4301 3565 4354 magnam

1915 4375 2237 4442 Blachiam,
2267 4374 2432 4445 prius
2486 4374 2563 4429 ab
2608 4373 2708 4429 illo
2759 4373 3155 4446 jurejurando
3205 4374 3569 4430 formidabili

1915 4481 2078 4530 sane,
2111 4471 2398 4535 tanquam
2426 4463 2527 4535 qui
2560 4469 2614 4518 et
2641 4465 2958 4535 prudentia
2989 4481 3058 4519 ac
3081 4464 3324 4520 solertia
3381 4464 3571 4521 excel-

1914 4554 2076 4618 leret,
2109 4559 2375 4624 accepto,
2423 4552 2650 4607 direxit.
2701 4553 2807 4608 Ubi
2855 4553 3290 4610 Demetriadem
3343 4551 3575 4610 Manuel

1920 4642 2248 4716 appulisset
2273 4647 2329 4698 et
2357 4642 2568 4697 amicis
2595 4643 2707 4713 67
2767 4658 2837 4698 ac
2892 4642 3288 4699 familiaribus
3333 4643 3412 4697 ad
3462 4641 3574 4696 hos

1919 4733 2124 4788 litteris
2158 4731 2312 4787 datis
2345 4747 2520 4785 suum
2575 4729 2972 4800 signiﬁcasset
3019 4732 3365 4795 adventum,
3424 4727 3574 4783 alios

1925 4818 2425 4892 promissionibus
2447 4817 2850 4884 demulsisset,
2884 4819 3048 4874 nullo
3077 4817 3316 4889 negotio
3367 4815 3574 4888 copias

1926 4907 2178 4977 collegit,
2212 4906 2647 4978 Pharsalosque
2669 4912 2725 4961 et
2747 4907 3053 4962 Larissam
3079 4911 3135 4962 et
3164 4905 3577 4962 Platamonem

1927 4997 2041 5053 sibi
2123 4995 2494 5067 comparavit
2569 4994 2964 5066 convenitque
3073 5011 3212 5050 cum
3295 4993 3585 5054 fratribus

1112 5481 1453 5550 Theodori
1502 5482 1754 5549 Dousa
1803 5488 1868 5547 et
1915 5478 2165 5547 Leonis
2211 5477 2448 5546 Allatii
2498 5486 2705 5547 nota.

291 5643 419 5722 (74)
452 5640 865 5719 Παραεσπόνδειο
891 5644 974 5702 Cf.
1007 5645 1183 5703 Anna
1213 5647 1564 5710 Commena,
1594 5641 1698 5699 lib.
1732 5656 1835 5699 vn.
1866 5640 2006 5696 ALL.

2433 5247 2474 5278 ⁸⁷
2510 5245 2822 5318 ὑπερηγάπα
2850 5276 2921 5286 ——
2969 5244 3296 5322 Κλεοπάτραν
3321 5244 3462 5302 'om.
3517 5248 3584 5302 Ι).

4013 694 4015 724 Ι

4013 761 4019 972 ἒ

4013 984 4021 1084 ’ἐ

4013 1087 4023 1185 l

4023 1212 4025 1270 ε
