4084 6212
550 330 685 388 1071

1903 312 2187 371 GEORGII
2222 313 2677 369 ACROPOLlT/F.

3782 315 3947 369 1072

546 453 860 511 Theodora
906 453 962 505 et
1015 443 1419 503 Constantino.
1472 446 1621 499 Nam
1644 441 2088 506 Constantinus,
2132 446 2197 496 ut

2316 437 2538 489 ιάκεῖϐεν
2569 438 2616 471 ⁵ο
2644 443 2748 496 τοῖς
2788 440 2879 509 μὲν
2947 447 3045 490 τῶν
3099 441 3298 493 οἰκείων
3335 450 3560 515 γραφαῖς
3616 446 3711 497 τὴν
3764 440 3953 490 αὐτοῦ

547 544 828 608 diximus,
852 539 1262 610 despota,quae
1281 531 2193 597 commemoravimus,domina-

548 634 749 701 batur,
772 627 1116 685 Theodorus
1146 627 1272 681 erat
1301 623 1566 689 Joannis,
1608 622 1712 694 qui
1758 620 2195 677 Thessalonica)

549 719 1022 786 acclamabatur,
1075 719 1263 789 pater.
1322 716 1468 771 Cum
1521 713 1958 776 convenissent,
2013 712 2194 768 ambo

542 812 753 871 fratres
777 806 1028 865 Manueli
1045 804 1300 861 suadent
1321 807 1383 859 ut
1399 801 1770 858 conditiones
1789 806 1844 857 et
1867 802 2190 873 pactiones,

541 918 694 975 quas
714 916 853 957 cum
879 898 1237 969 imperatore
1270 895 1501 950 Joanne
1541 891 1767 962 inierat,
1800 892 2191 963 perturbaret.

543 992 641 1049 Ille
690 988 898 1047 volens
928 985 1166 1043 nolens.
1209 988 1273 1039 ut
1302 982 1405 1056 qui
1434 981 1825 1037 interfuerant
1890 985 1947 1037 et
1993 997 2193 1036 rerum

543 1082 761 1139 harum
777 1076 947 1152 periti
966 1073 1336 1132 asserebant.
1358 1070 1610 1127 consilio
1634 1085 1842 1126 eorum
1873 1071 2190 1142 acquievit;

542 1169 806 1242 indeque
871 1166 1022 1223 inter
1068 1179 1173 1220 eos
1224 1161 1482 1218 amicitia
1537 1176 1606 1215 ac
1652 1159 2050 1217 familiaritate
2105 1160 2193 1217 in-

545 1259 903 1321 tercedente,
948 1253 1158 1311 divisis
1212 1250 1466 1307 urbibus
1522 1251 1804 1319 contenti,
1849 1266 1988 1306 cum
2046 1251 2194 1307 Lati-

545 1349 658 1415 nis,
682 1348 787 1421 qui
815 1347 877 1402 in
908 1346 1122 1417 Euripo
1150 1346 1329 1413 atque
1351 1340 1714 1412 Peloponeso
1746 1345 1930 1411 erant,
1973 1340 2194 1398 faadere

542 1437 977 1510 jungebantur.

2304 528 2683 601 παρασημάνας
2733 523 2934 598 ἔφοδον,
2996 534 3109 589 τοὺς
3165 526 3224 582 δὲ
3282 531 3564 593 ὑποθέλξας
3618 538 3744 590 ταῖς
3800 530 3952 579 ὑπο-

2307 637 2576 704 σχέσεσιν,
2630 633 2687 685 οὗ
2733 629 2826 685 διὰ
2874 635 3069 687 πολλῶν
3139 639 3469 709 συνηθροίκει
3554 640 3675 708 περὶ
3775 635 3959 685 αὐτόν

2308 724 2628 794 στράτευμα,
2713 718 2837 795 ἦρξέ
2883 742 2937 775 τε
2992 725 3274 798 Φαρσάλων
3330 729 3417 776 καὶ
3472 728 3773 797 Λαρίσσης

2305 811 2650 883 Πλαταμώνος
2694 817 2783 863 καὶ
2837 821 2935 865 τῶν
2982 820 3100 887 περὶ
3156 822 3341 869 ταῦτα.
3391 811 3517 865 Εἶτα
3571 810 3632 865 δὲ
3691 808 3960 871 σπονδὰς

3854 728 3957 772 καὶ

2302 904 2652 972 ποιησάμενος
2680 903 2721 936 ⁵³
2763 903 2984 959 συνῆλθε
3013 906 3196 956 τούτου
3260 912 3364 965 τοῖς
3406 900 3677 975 ἀδελφοῖς,

2306 994 2677 1061 Κωνσταντίνῳ
2727 995 2818 1042 καὶ
2851 988 3130 1066 Θεοδώρῳ·
3192 994 3216 1044 6
3261 995 3351 1064 μεν
3415 995 3517 1065 γὰρ
3594 997 3955 1044 Κωνσταντῖ-

3754 909 3841 951 τῶ
3896 921 3951 952 τε

3806 958 3816 971 ⁸

2302 1098 2386 1141 νος
2417 1076 2679 1141 δεσπότης
2711 1080 2777 1145 ⁵³,
2813 1083 2881 1141 ὡς
2920 1084 3129 1153 ἔφημεν,
3196 1090 3262 1133 ὧν
3316 1078 3477 1156 ἦρχεν
3541 1081 3592 1114 ⁵⁸
3660 1080 3744 1129 ὧν
3806 1079 3955 1151 εἰρέ-

2304 1189 2472 1241 κειμεν
2502 1171 2756 1241 ἂρχειν,ό
2788 1166 2847 1222 δὲ
2877 1167 3147 1245 Θεόδωρος
3201 1167 3262 1229 ἦν
3310 1172 3335 1222 6
3393 1178 3484 1223 τοῦ
3550 1169 3947 1242 φημιζομένον

2303 1257 2351 1310 ἐν
2380 1259 2736 1332 Θεσσαλονίκῃ
2762 1258 2997 1312 Ἰωάννου
3033 1265 3229 1332 πατὴρ.
3294 1261 3433 1312 Ἐπεὶ
3486 1256 3545 1311 δὲ
3610 1263 3949 1329 συνῄεσανμ

2304 1348 2544 1399 πείθουσι
2595 1352 2684 1399 καὶ
2741 1349 2893 1419 ἄμφω
2939 1353 3011 1400 τὼ
3066 1345 3269 1421 ἀδελφὼ
3328 1353 3415 1400 τόν
3473 1346 3751 1405 Μανουὴλ
3849 1356 3947 1398 τῶν

2306 1433 2544 1487 σπονδῶν
2592 1436 2835 1494 ἐκστῆναι
2877 1446 2974 1488 τῶν
3026 1442 3150 1512 πρὸς
3217 1442 3295 1489 εόν
3350 1436 3579 1509 βασιλέα
3643 1439 3939 1492 Ἰωάννην-

540 1536 599 1581 'O
622 1525 681 1581 δὲ
712 1526 837 1580 ἐκών
862 1524 1043 1590 ἀέκων,
1083 1526 1146 1582 ὡς
1181 1524 1402 1593 ἔφασκον
1425 1522 1473 1572 οἱ
1502 1524 1893 1592 παρατυχόντες
1922 1526 2011 1573 καὶ
2036 1527 2152 1597 περὶ
2182 1532 2281 1575 τῶν
2308 1528 2551 1577 τοιούτων
2581 1523 2824 1593 εἰδόντες,
2879 1531 3154 1599 συνῄνεσεν
3181 1527 3350 1579 αὐτῶν
3399 1534 3505 1587 τοῖς
3557 1525 3944 1599 βουλεύμασι,

544 1625 599 1671 Ρ·
638 1618 729 1687 34)
760 1620 849 1667 καὶ
875 1617 932 1666 τό
966 1611 1064 1665 ἀπὸ
1095 1607 1252 1663 τοῦδε
1272 1612 1514 1682 ὑπῆρχον
1548 1605 1932 1680 συνδεδεμένοι,
1964 1620 2079 1673 ταῖς
2120 1632 2381 1687 σφετεραις
2410 1620 2617 1687 χώραις
2645 1622 2755 1675 ταῖς
2779 1634 3181 1688 μεμερισμεναις
3209 1616 3385 1676 αὐτοῖς
3442 1614 3811 1689 ἀρκούμενοι,
3869 1620 3950 1665 καὶ

544 1708 674 1779 μετά
702 1712 801 1757 τῶν
825 1702 872 1755 ἐν
913 1701 1254 1772 Πελοπονήσῳ
1276 1704 1365 1752 καὶ
1408 1699 1614 1773 Εὐρίπῳ
1647 1702 1879 1751 Λατίνων
1911 1700 2198 1771 συμϐάσεις
2229 1704 2432 1773 ἔχοντες
2467 1704 2748 1777 εἰρηνικάς·

616 1799 703 1852 39.
734 1798 849 1850 Nec
882 1793 988 1849 diu
1016 1795 1152 1864 post
1178 1788 1427 1855 Manuel,
1489 1804 1626 1843 cum
1669 1793 2005 1859 pactorum,
2061 1807 2197 1863 quae
2238 1792 2277 1845 Β

544 1901 681 1942 cum
699 1884 1060 1954 imperatore
1080 1883 1307 1936 Joanne
1320 1877 1649 1950 pepigerat,
1670 1877 2005 1933 violationis
2026 1880 2201 1951 prius

544 1990 685 2031 eum
742 1971 1139 2046 paenituisset,
1185 1986 1258 2024 ex
1316 1967 1633 2023 hominum
1706 1967 1823 2023 vita
1897 1968 2197 2037 migravit.

542 2061 893 2137 Imperatrix
923 2060 1101 2118 etiam
1135 2060 1320 2123 Irenc,
1346 2056 1558 2113 mulier
1580 2056 1843 2128 prudens
1897 2073 1966 2113 ac
2017 2058 2201 2127 digna

542 2153 818 2226 imperio,
849 2149 1228 2220 multumque
1265 2145 1567 2216 dignitatis
1617 2162 1685 2201 ac
1736 2146 2200 2215 magniﬁcantiae

543 2259 669 2317 prie
702 2258 765 2298 se
788 2241 1001 2309 ferens,
1032 2254 1106 2295 ex
1134 2237 1249 2293 hac
1268 2235 1449 2292 turba
1478 2238 1535 2290 et
1561 2233 1897 2291 colluvione
1945 2235 2205 2291 decessit

547 2335 628 2388 Ea
652 2329 1033 2388 sermonibus
1060 2325 1470 2383 delectabatur
1491 2329 1546 2380 et
1564 2324 1904 2395 sapientum
1923 2341 2201 2395 congres-

548 2420 735 2488 sibus,
780 2434 935 2491 quos
988 2416 1233 2473 maximi
1289 2413 1562 2484 faciebat,
1611 2428 1735 2468 non
1795 2414 1920 2469 sine
1977 2414 2200 2485 gaudio

550 2507 915 2577 attendebat,
944 2509 1008 2562 ut
1028 2505 1166 2561 hinc
1189 2502 1504 2559 manifeste
1522 2501 1868 2573 percipitur.
1902 2506 2051 2559 Nam
2067 2519 2205 2558 cum

553 2596 642 2653 sol
669 2611 956 2653 cancrum
979 2607 1308 2665 peragrans
1334 2591 1580 2646 meridie
1602 2591 1933 2660 defecisset,
1960 2592 2207 2664 ipseque

551 2701 697 2743 casu
732 2686 795 2741 in
864 2698 1115 2754 regnam
1190 2680 1573 2737 accessissem
1648 2680 1767 2750 63
1838 2680 1991 2751 (loca
2064 2697 2207 2738 vero

551 2775 909 2848 Periclystra
921 2772 1079 2828 dicta
1096 2771 1420 2843 imperator
1436 2785 1573 2824 cum
1595 2769 1968 2841 imperatrice
1991 2770 2210 2826 incole-

548 2864 696 2936 bat),
729 2863 1000 2920 defectus
1031 2876 1283 2918 causam
1315 2875 1351 2915 a
1398 2876 1495 2914 me
1546 2860 1841 2930 poposcit.
1898 2863 2025 2932 Ipse
2081 2865 2206 2916 tum

548 2954 813 3028 primum
843 2951 1219 3026 philosophas
1252 2949 1488 3005 arcanis
1518 2964 1554 3005 a
1585 2948 1851 3020 sapiente
1878 2949 2207 3006 Blemmida

542 3043 812 3101 imbutus
842 3046 1117 3099 accurate
1147 3055 1274 3096 rem
1304 3053 1427 3094 non
1459 3042 1729 3110 poteram
1761 3038 2079 3111 explicare,
2134 3055 2205 3095 ex

556 3134 914 3207 memetipso
938 3137 1161 3198 tamen,
1193 3130 1361 3202 quod
1387 3144 1496 3200 par
1521 3133 1663 3195 erat,
1688 3128 2016 3185 decernens
2047 3130 2205 3185 lunae

553 3222 1073 3297 interpositionem
1132 3219 1475 3276 adumbrati
1524 3217 1665 3274 solis
1746 3235 1997 3275 causam
2075 3235 2207 3275 esse

554 3313 819 3383 enuntio,
851 3312 1159 3384 viderique
1186 3310 1374 3366 solem
1400 3308 1653 3364 deficere
1692 3324 1752 3363 re
1798 3325 1936 3365 vera
1982 3309 2207 3365 lumine

556 3420 681 3461 non
694 3403 1040 3477 spoliatum,
1069 3400 1175 3457 sed
1188 3399 1385 3472 potius
1407 3399 1559 3454 luna:
1573 3397 1870 3454 defectum
1886 3415 2036 3469 esse,
2061 3399 2097 3453 d
2108 3415 2208 3454 um

556 3492 619 3550 in
658 3492 945 3548 umbram
971 3496 1139 3546 terrae
1161 3488 1385 3554 incidit,
1410 3487 1907 3559 quandoquidem
1936 3488 2035 3542 illa
2065 3487 2207 3543 solis

560 3582 875 3655 splendore
906 3580 1192 3636 renideat.
1238 3577 1350 3634 Sed
1402 3593 1539 3632 cum
1608 3576 1795 3631 oratio
1854 3577 1913 3631 in
1959 3576 2209 3645 longum

559 3670 1022 3743 protraheretur,
1047 3667 1206 3722 dicta
1240 3664 1546 3721 refellebat
1593 3665 1870 3720 Nicolaus
1918 3665 2207 3731 medicus,

558 3758 651 3816 vir
676 3757 1019 3815 nullatenus
1044 3756 1106 3811 in
1150 3754 1495 3827 philosopia
1544 3758 1838 3819 versatus,
1902 3759 2025 3810 arte
2069 3771 2209 3811 vero

557 3864 746 3921 quam
767 3847 893 3921 ipse
934 3844 1324 3919 proﬁtebatur
1348 3843 1622 3913 eximius,
1675 3849 1731 3899 et
1775 3860 1845 3899 ea
1910 3844 2209 3917 praecipue

556 3953 692 4012 quae
705 3935 1068 4010 experientia
1080 3933 1827 4007 comparetur,imperatrici
1843 3949 2209 4005 summopere

556 4028 793 4097 charus,
860 4032 918 4084 et
964 4025 1271 4083 actuarius
1321 4023 1626 4094 dignitate.
1689 4024 1834 4078 Cum
1862 4023 1955 4078 ille
2008 4024 2209 4095 itaque

554 4122 904 4191 opponeret,
933 4116 1060 4189 ipse
1109 4129 1252 4171 vero
1319 4112 1515 4182 magis
1565 4128 1635 4167 ac
1689 4112 1884 4182 magis
1934 4112 2210 4182 garrulus

555 4206 942 4272 blaterarem,
1001 4205 1151 4261 inter
1208 4202 1626 4259 disserendum
1685 4217 1781 4256 me
1861 4202 2210 4274 imperatrix

558 4299 729 4369 μωρὸν
751 4296 924 4367 quasi
955 4311 1211 4367 puerum
1248 4292 1647 4364 compellavit;
1697 4292 2090 4363 postmodum
2140 4310 2210 4350 ac

2384 1791 2475 1845 λθ’·
2512 1793 2588 1845 Οὐ
2620 1793 2777 1855 πολὺς
2808 1794 3074 1869 παρεῤῥύη
3104 1800 3315 1869 χρόνος,
3360 1800 3447 1847 καὶ
3491 1796 3516 1846 ὁ
3574 1796 3862 1853 Μανουὴλ

2314 1881 2594 1954 ἀνθρώπων
2642 1882 2854 1954 ἐγένετο,
2927 1884 3225 1956 μεταμελος,
3266 1886 3339 1945 ὡς
3386 1885 3584 1956 ὒεγον,
3649 1893 3775 1937 τῶν
3854 1905 3948 1937 παι

2311 1970 2582 2045 ραϐάσεων
2642 1981 2741 2023 τῶν
2796 1977 2925 2046 πρὸς
2974 1977 3060 2025 τὸν
3108 1971 3333 2045 βασιλέα
3402 1977 3710 2047 γενόμενος.
3808 1983 3941 2027 8w:-

2316 2061 2565 2131 σκει(7ἒ’))
2595 2057 2653 2112 δε
2678 2063 2817 2119 καὶὴ
2868 2060 3082 2133 βασιλὶς
3127 2062 3337 2135 Εἰρήνη,
3404 2067 3533 2133 γυνὴ
3596 2068 3944 2135 σωφρονικέ-

2315 2168 2365 2201 τε
2396 2154 2480 2200 καὶ
2508 2147 2705 2224 ἀρχικὴ
2740 2151 2847 2221 (76)
2879 2155 2968 2202 καὶ
3008 2150 3137 2202 πολὺ
3182 2154 3241 2203 τὸ
3292 2152 3560 2223 μεγαλεῖον
3633 2149 3943 2204 Exedunt-.9-

2314 2242 2437 2309 μένη
2465 2241 2523 2289 τό
2557 2236 2843 2310 βασίλειον.
2880 2238 3101 2313 ’Ἑχαιρε
3132 2236 3191 2292 δε
3238 2245 3327 2292 καὶ
3379 2240 3553 2311 λόγοις
3612 2248 3715 2292 καὶ
3776 2250 3937 2313 ac».st

2319 2328 2546 2399 ἠκροᾶτο
2585 2327 2697 2399 μεθ’
2756 2324 2971 2393 ἡδονῆς,
3025 2328 3211 2401 Ἐτίμα
3270 2326 3328 2381 δὲ
3382 2333 3605 2392 τούτους
3669 2330 3936 2404 ὑπερϐαλ-

2314 2416 2522 2485 λόντως,
2556 2420 2621 2477 ὡς
2651 2420 2792 2469 ἔστιν
2823 2417 2877 2469 ἐκ
2924 2421 3110 2471 τούτου
3169 2427 3380 2490 γνῶναι.
3441 2425 3540 2472 Καὶ
3601 2422 3711 2491 γὰρ
3792 2421 3937 2473 ἐκλεξν

2314 2506 2447 2577 ψεως
2475 2511 2745 2578 γενομένης
2796 2506 2943 2565 ἡλίου
3012 2512 3094 2559 τόν
3151 2513 3392 2583 καρκίνον
3450 2505 3801 2571 διοδεύοντος
3828 2531 3935 2581 περι

2317 2594 2665 2669 μεσημϐρίαν,
2722 2596 2924 2672 ἐπείπερ
2980 2597 3133 2660 αὐτὸς
3188 2598 3321 2649 οὕτω
3384 2597 3590 2671 συμϐὰν
3690 2600 3751 2651 ἐν
3837 2609 3938 2660 τοῖς

2320 2684 2604 2757 βασιλείοις
2640 2684 2867 2746 ἀπῆλθον
2938 2686 3244 2757 (ἐσκηνοῦτο
3298 2684 3355 2740 δε
3389 2694 3506 2763 περὶ
3559 2693 3683 2749 τοὺς
3741 2695 3934 2751 ron-su;

2318 2774 2406 2835 οὓς
2444 2774 2764 2845 ὀνομάζουσι
2800 2775 3159 2850 Περίκλυστρα
3186 2781 3279 2828 σὺν
3320 2784 3383 2849 τῇ
3414 2774 3669 2849 βασιλίδι
3703 2780 3731 2829 6
3783 2777 3934 2850 βασι-

2316 2862 2473 2933 λεὺς),
2517 2865 2756 2937 ἠρώτηκέ
2802 2884 2863 2937 με
2915 2870 3008 2924 τὴν
3063 2874 3160 2928 τῆς
3207 2865 3476 2937 ἐκλείψεως
3543 2868 3750 2922 αἰτίαν.
3839 2876 3929 2921 Καὶ

2319 2953 2470 3013 αὑτός
2547 2956 2636 3025 μὲν
2693 2953 2920 3029 ἀκριϐῶς
2996 2955 3089 3007 οὐκ
3184 2955 3327 3027 εἰχον
3404 2958 3549 3031 (οἰρτι
3645 2963 3743 3010 καὶ

2316 3049 2416 3093 τῶν
2440 3050 2531 3103 τῆς
2554 3042 2855 3115 φιλοσοφίας
2898 3044 3117 3117 ἡψάμην
3168 3045 3352 3118 ὀργίων
3418 3048 3563 3120 παρὰ
3618 3054 3716 3098 τοῦ
3772 3055 3930 3119 σοροῦ

2247 3144 2287 3200 C
2318 3128 2610 3203 Βλεμμίδου
2660 3129 3056 3205 διδασκόμενος)
3114 3135 3252 3206 ὅμως
3316 3138 3490 3206 μέντοι
3562 3137 3698 3210 παρ’
3775 3136 3929 3188 αὐτοῦ

2317 3230 2388 3290 τῷ
2419 3225 2533 3272 τότε
2563 3222 2682 3273 ὅσον
2710 3218 2770 3279 ἦν
2810 3222 2949 3283 εἰκός
2986 3221 3225 3293 ἐπιγνοὺς
3278 3227 3371 3281 την
3427 3228 3483 3276 τέ
3539 3232 3635 3285 τῆς
3704 3226 3927 3286 σελήνης

2319 3309 2706 3385 ἐπιπρόσθησιν
2765 3311 2937 3363 αἰτίαν
2990 3320 3088 3374 τῆς
3134 3314 3478 3373 ἐπισκιάσεως
3534 3313 3710 3385 ἔλεγον
3782 3314 3927 3379 εἶναι,

2317 3405 2407 3451 καὶ
2440 3397 2610 3452 δοκεῖν
2655 3403 2744 3473 μὲν
2813 3400 3057 3452 ἐκλείπειν
3114 3405 3200 3453 τὸν
3262 3402 3424 3470 ἥλιον,
3479 3403 3574 3454 οὐκ
3644 3402 3823 3463 ἀληθῆ
3876 3401 3929 3455 δε

2321 3490 2448 3541 εἶναι
2498 3494 2588 3547 τὴν
2610 3497 2704 3550 τῆς
2749 3491 2947 3561 φάσεως
3004 3494 3265 3563 στέρησιν,
3328 3491 3517 3564 μᾶλλον
3545 3497 3727 3565 μέντοι
3782 3494 3927 3547 τοῦτο

2319 3583 2412 3636 την
2442 3578 2657 3637 σελήνην
2687 3580 2940 3651 πάσχειν,
2985 3578 3107 3632 ἐπὰν
3148 3589 3219 3651 τῷ
3267 3583 3560 3653 σκιάσματι
3619 3582 3831 3656 ἐμπέσῃ
3862 3592 3924 3653 τῷ

2320 3676 2414 3729 τῆς
2441 3676 2557 3738 γῆς,
2590 3665 2683 3720 διὰ
2712 3671 2769 3720 τὸ
2804 3668 2856 3729 ἐξ
2882 3669 3031 3726 ἡλίου
3063 3672 3119 3720 τὸ
3155 3674 3343 3741 φέγγός
3389 3670 3597 3742 αὐχεῖν.
3668 3672 3819 3724 πεπΞὶ
3874 3670 3926 3724 δὲ

2320 3757 2521 3828 ὁλόγος
2567 3756 2648 3809 ἐπὶ
2695 3761 2952 3830 μήκιστον
3012 3763 3354 3831 παρετείνετο,
3413 3758 3649 3830 ἀντελεγε
3709 3758 3772 3813 δὲ
3832 3770 3927 3821 τοῖς

2318 3846 2608 3919 λεγομενοις
2637 3848 2662 3898 6
2702 3847 2878 3923 ἰατρός
2898 3848 3175 3917 Νικόλαος,
3201 3847 3327 3924 ἀνὴρ
3383 3853 3581 3907 ἣκιστα
3640 3852 3731 3921 μεν
3792 3852 3923 3922 prlo-

2320 3941 2500 4008 σοφίας
2539 3942 2843 4009 μετασχὼν,
2887 3940 3046 4013 ἄκρος
3077 3935 3135 3991 δὲ
3188 3944 3280 3997 τὴν
3338 3940 3530 3991 οἰκείαν
3587 3944 3787 4011 τέχνην
3846 3948 3924 3993 καὶ

2318 4026 2549 4099 μάλιστα
2603 4032 2695 4085 τὴν
2750 4024 2844 4079 διὰ
2893 4033 3071 4101 πείρας
3137 4034 3521 4101 γινωσκομένην
3608 4032 3794 4101 (πάνυ
3874 4028 3927 4083 δὲ

2319 4116 2464 4176 οὗτος
2488 4118 2727 4188 ἠγαπᾶτο
2752 4125 2813 4189 τῇ
2859 4115 3126 4189 βασιλίδι,
3190 4118 3502 4193 ἀκτουαρίου
3566 4116 3623 4171 δε
3680 4122 3798 4193 εἶχε
3840 4141 3921 4172 τι·

2329 4207 2453 4277 μὴν)
2484 4206 2684 4258 -ἐπεὶ
2735 4214 2860 4276 γοῦν
2922 4205 3177 4278 ἀντέλεγεν
3237 4207 3402 4276 οὗτος,
3456 4208 3615 4270 αὐτός
3667 4206 3729 4261 δὲ
3782 4210 3925 4261 πλέον

2329 4293 2751 4366 ἑστωμυλλόμην,
2786 4297 2835 4346 ἐν
2894 4304 2965 4365 τῷ
3012 4297 3205 4368 μεταξύ
3257 4304 3354 4348 τῶν
3401 4297 3689 4369 λεγομένων
3749 4302 3921 4351 erexi-

561 4384 610 4439 si
633 4383 911 4439 indecore
948 4383 1201 4452 fecisset,
1251 4382 1329 4437 ad
1396 4381 1819 4453 imperatorem
1896 4397 2207 4449 conversa,

2326 4384 2438 4436 λεσέ
2468 4403 2529 4456 με
2559 4387 2587 4441 ἡ
2624 4382 2833 4456 βασιλὶς
2862 4387 3053 4459 μωρόν,
3090 4383 3200 4438 εἶτα
3226 4382 3292 4444 δὴ
3328 4388 3509 4461 ὧςπέρ
3556 4406 3608 4439 τι
3656 4388 3717 4439 οὗ
3766 4408 3921 4463 προσ-

562 4494 591 4524 ‹‹
622 4471 967 4528 Indecenter
990 4471 1192 4543 itaque
1224 4470 1354 4538 feci,
1388 4490 1416 4518 »
1448 4469 1546 4537 ait,
1583 4489 1610 4518 «
1644 4468 1790 4523 dum
1829 4469 1990 4525 hunc
2041 4477 2211 4546 μωρόν

560 4559 971 4635 nuncupavi.»
995 4562 1062 4616 Et
1080 4560 1425 4630 imperator,
1451 4579 1478 4606 «
1501 4560 1628 4613 Non
1673 4573 1895 4614 novum
1912 4558 2213 4627 illudest,»

561 4649 759 4725 inquit
808 4667 821 4705 :
888 4671 908 4699 α
968 4647 1452 4707 adolescentulus
1496 4662 1760 4719 namque
1806 4653 1913 4706 est.
1966 4670 1993 4697 ››
2045 4649 2215 4706 Tunc

2055 4740 2087 4795 it
2100 4741 2215 4796 leo-

561 4848 679 4907 que
693 4830 893 4888 similis
905 4829 1228 4905 appellatio
1241 4827 1405 4885 haud
1422 4827 1773 4884 dedecebat.
1794 4831 1857 4885 Et
1873 4829 2215 4902 imperatrix

561 4741 787 4816 quippe
808 4756 973 4797 eram
1006 4754 1195 4795 unum
1216 4741 1274 4794 et
1302 4736 1507 4808 viginti
1537 4752 1731 4793 annos
1762 4743 1940 4795 natus
1992 4758 2003 4801 ;

630 4958 679 5032 tit)
715 4954 805 5032 ρῦν
835 4961 929 5017 τὴν
956 4952 1305 5032 Δημητριάδα
1333 4952 1567 5032 κάκεῖθεν
1600 4956 1666 5010 Ι).

1742 4955 1786 5029 5}
1836 4959 1925 5029 καὶ
1969 4963 2068 5029 τῷν
2125 4959 2433 5029 ποισάμενος
2482 4957 2623 5013 add.
2690 4960 2753 5013 Ι).

2326 4480 2449 4531 ἧκον
2503 4472 2851 4545 ἐργασαμένη,
2923 4477 3051 4547 πρός
3138 4477 3223 4526 τὸν
3306 4473 3529 4547 βασιλέα
3610 4479 3918 4550 στραφεῖσά,

2327 4584 2353 4612 ‹‹
2387 4562 2651 4634 ’Λπρεπώς
2680 4567 2781 4635 αρα
2814 4563 3055 4636 εἰρήκειν,
3084 4585 3113 4613 )›
3178 4566 3295 4636 ἔφη,
3346 4586 3373 4613 ((
3415 4563 3690 4617 καλέσασα
3745 4574 3919 4617 τοῦτον

2324 4656 2495 4727 μωρόν
2522 4652 2658 4723 (77).
2686 4675 2714 4702 ››
2750 4654 2897 4705 Καὶὸ
2942 4652 3212 4725 βασιλεὺς,
3281 4674 3311 4708 ‹
3352 4654 3428 4706 0'3
3476 4662 3677 4725 καινόν,
3749 4658 3918 4730 μειρά-

2324 4762 2432 4794 κιον
2454 4744 2551 4816 γὰρ
2585 4745 2741 4797 ἐστιν.
2798 4764 2825 4793 ››
2888 4745 3071 4795 Εἴκοσι
3116 4746 3217 4816 γὰρ
3261 4748 3352 4795 σὺν
3386 4744 3456 4796 ἐνὶ
3507 4748 3622 4797 τότε
3680 4746 3917 4819 ὑπῆρχον

2327 4830 2469 4898 ἐτῶν,
2502 4837 2590 4884 καὶ
2633 4832 2691 4883 οὐ
2746 4833 2961 4905 πάμπαν
3009 4829 3203 4904 ἀπᾴδει
3260 4836 3445 4885 τοὺτοῡ
3494 4837 3552 4885 τὸ
3616 4838 3916 4909 πρόσρημα.

2831 4959 2878 4993 ⁵²
2940 4964 3322 5020 Κωνσταντῖνος
3360 4959 3491 5012 ὥστε
3532 4960 3625 5031 μεν
3658 4955 3827 5015 διο-πη
3854 4958 3914 5013 Ι).

632 5029 681 5065 ⁵⁸
710 5025 881 5101 ἧπχιν
909 5061 981 5071 -
1009 5025 1201 5102 lisque
1225 5028 1302 5085 ad
1327 5026 1638 5099 καλούμενος
1668 5026 1798 5096 (col.
1832 5027 1967 5080 1074
2002 5028 2039 5079 Β
2071 5031 2131 5081 16
2162 5044 2261 5083 om
2288 5025 2354 5085 υ.

1448 5150 1787 5217 Theodori
1839 5150 2088 5217 Dousae
2138 5161 2203 5217 et
2252 5152 2504 5220 Leonis
2554 5153 2785 5220 Allatii
2836 5164 3038 5221 notae.

632 5276 745 5345 (75)
775 5279 1016 5347 Θνήσκει.
1062 5280 1257 5333 Mortis
1296 5292 1564 5342 causam,
1622 5291 1809 5347 quam
1867 5274 1962 5330 hic
2034 5276 2215 5332 tacuit

565 5346 932 5420 AcrOpolita,
955 5354 1159 5403 narrat
1183 5350 1474 5420 Gregoras
1511 5363 1572 5416 p.
1604 5346 1690 5420 Ir}.
1721 5349 1856 5400 ALL.

636 5417 1018 5492 ’ἴδ’Σῳρονικὴ
1091 5437 1155 5492 τε
1210 5424 1298 5469 καὶ
1352 5418 1574 5492 ἀρέχικῄ.
1634 5417 1796 5471 [rene
1842 5421 1898 5471 et
1968 5418 2213 5474 Joannis

564 5490 743 5568 Ducas
775 5488 1051 5568 pietatem
1081 5488 1320 5568 aliaque
1350 5488 1609 5568 ad_pios
1670 5504 1810 5568 usus
1863 5505 2046 5568 opera
2080 5507 2211 5561 pro.

567 5558 835 5636 sequitur
849 5564 1136 5636 Gregoras
1156 5558 1403 5615 ibidem.
1426 5558 1500 5616 de
1521 5560 1635 5616 hac
1658 5564 1870 5616 eadem
1890 5558 2213 5633 Pachy'me-

566 5633 693 5693 riu's
725 5635 789 5693 in
815 5633 1090 5692 Historia.
1114 5640 1246 5690 ALL.

2396 5280 2525 5353 (77).
2560 5278 2837 5353 Καλέσασα
2876 5288 3055 5331 τοῦτον
3086 5282 3301 5353 μωρόνγ
3329 5282 3503 5335 Anna
3567 5279 3901 5353 Commena,

2323 5350 2546 5405 Hister.
2580 5350 2681 5426 lib.
2714 5367 2785 5426 Ῡιῐ
2812 5355 2910 5403 Καὶ
2960 5354 2988 5409 ἡ
3024 5349 3238 5426 ραι-ερον
3278 5352 3453 5424 ἅτερον
3523 5349 3618 5400 οὐκ
3678 5349 3903 5426 ἐλάνξανε

2327 5425 2536 5491 σχέσις.
2562 5423 2661 5474 Καὶ
2683 5422 2754 5483 εἰς
2791 5425 2938 5495 ἔργον
2998 5419 3154 5474 οὖποί
3190 5426 3253 5473 τόι
3305 5419 3394 5481 τῆς
3438 5428 3654 5505 γνώμης
3704 5419 3901 5472 ἀπέϐαι·

2322 5512 2418 5559 νεν,
2467 5495 2602 5544 ἐνθεν
2642 5513 2721 5568 τοι
2769 5492 2861 5545 και
2904 5498 3075 5568 πωρον
3125 5493 3347 5555 καλέσας
3402 5492 3555 5545 αὐτόν
3607 5492 3900 5546 ἐπυνθάνετο

2320 5563 2500 5635 λέγων,
2522 5570 2585 5617 Τί
2611 5562 2714 5617 ὧδέ
2744 5562 3179 5633 ποὶήσωνήκεις,
3214 5572 3343 5620 ALL.
