4084 6212
191 313 340 368 1073

1727 306 2050 364 ANNALES

3435 317 3567 373 1074

185 435 334 489 Ἀλλ’
364 437 394 494 ἡ
427 433 660 507 βασιλίς,
689 455 718 484 ‹‹
747 433 824 487 Ού
850 436 1044 508 χρεὼν,
1076 454 1106 482 ››
1136 436 1288 505 φησί,
1315 450 1343 484 ι
1377 433 1462 483 τόν
1490 429 1800 503 φιλοσόφους

1915 453 1943 481 ‹‹
1985 434 2055 487 At
2119 430 2364 487 minime
2407 446 2564 502 opus
2605 434 2693 488 est
2745 430 3196 506 philosophicos
3261 452 3568 500 sermones

187 529 376 597 λόγους
401 528 722 599 προφέροντα
751 526 949 577 ούτωσί
1007 542 1068 595 γε
1129 523 1622 596 προσαγορευθῆναι
1667 520 1790 595 παρ’

184 616 364 688 ἡμῶν.
418 635 447 664 ››
511 615 667 667 Ταῦτ’
723 612 888 682 εἶπον,
945 615 1014 673 ὡς
1074 611 1135 663 ἄν
1196 615 1605 686 παραστήσαιμι
1667 611 1800 672 ὅπως

189 724 248 758 τε
278 705 410 763 αύτή
451 703 612 777 ἐφίλει
657 707 777 766 τούς
832 703 1018 775 λόγους
1075 706 1164 754 καὶ
1194 705 1313 763 τοὺς
1365 700 1550 772 λόγους
1593 697 1802 763 εἰδότας

188 797 414 855 τούτους
463 792 625 866 ἐτίμα.
685 798 917 852 Θνήσκει
967 795 1077 866 μεν,
1132 794 1201 854 ὡς
1257 792 1398 860 ἔφην,
1474 791 1503 848 ἡ
1591 789 1801 862 βασιλὶς

187 885 356 949 αὕτη,
387 880 532 956 οἶμαι
563 879 623 936 δε
647 887 737 935 καὶ
757 887 851 941 τήν
894 889 986 934 τοῦ
1035 881 1184 940 ἡλίου
1251 879 1478 950 ἔκλειψιν
1530 881 1616 931 τὸν
1677 882 1800 932 ταύ-

185 987 292 1036 της
329 979 666 1047 προσημᾶναι
720 974 958 1026 θάνατον.
1021 975 1121 1025 Καὶ
1175 974 1412 1042 κομήτης
1460 966 1520 1022 δὲ
1561 973 1661 1044 πρὸ
1697 989 1798 1042 μη-

185 1072 297 1116 νῶν
325 1061 378 1126 ἓξ
397 1067 512 1138 περὶ
533 1066 590 1114 τὸ
620 1065 774 1134 μέρος
805 1061 1022 1134 ἀνεφάνη
1054 1068 1145 1113 τοῦ
1186 1059 1353 1134 Bappo”:
1387 1081 1398 1092 ·
1462 1056 1524 1117 ἧν
1583 1055 1642 1111 δὲ
1690 1079 1798 1111 πω-

186 1157 408 1225 γωνίας,
461 1155 551 1203 καὶ
604 1147 851 1226 διήρκεσε
891 1159 1058 1223 μῆνας
1117 1157 1274 1221 τρεῖς,
1342 1149 1448 1218 οὐχ
1532 1148 1603 1200 ἑνὶ
1656 1152 1796 1220 τόπῳ

187 1242 304 1295 ἀλλ’
324 1242 374 1295 ἐν
403 1239 678 1316 διαφόροις
713 1245 1032 1314 φαινόμενος.
1067 1243 1212 1293 Μετὰ
1277 1238 1463 1312 βραχύ
1521 1236 1580 1291 δὲ
1633 1243 1724 1290 καὶ
1770 1240 1794 1291 ό

188 1332 505 1405 Βουλγάρων
535 1333 717 1404 ἄρχων
772 1331 931 1383 Ἀσὰν
971 1329 1026 1393 ἐξ
1054 1328 1334 1404 ἀνθρώπων
1389 1327 1602 1400 ἐγένετο,
1672 1326 1792 1402 ἁνήρ

187 1421 243 1474 ἕν
280 1419 568 1496 βαρϐάροις
597 1422 810 1495 ἄριστος
843 1419 919 1492 [Ρ.
961 1419 1047 1490 35]
1098 1418 1391 1490 ἀναφανείς,
1450 1417 1543 1469 οὐκ
1600 1415 1647 1468 ἐν
1692 1425 1795 1477 τοῖς

187 1510 402 1570 οἰκείοις
428 1515 599 1582 μόνον,
631 1509 758 1561 ἀλλὰ
781 1529 838 1581 γε
865 1506 929 1567 δή
959 1514 1048 1561 καὶ
1076 1515 1185 1569 τοῖς
1245 1506 1532 1581 ἀλλοτρίοις
1566 1527 1577 1540 ·
1636 1505 1796 1580 ἐχρή-

191 1619 326 1652 σατο
357 1604 446 1651 καὶ
495 1601 596 1673 γὰρ
655 1598 1130 1673 φιλανθρωπότερον
1189 1604 1297 1658 τοῖς
1350 1599 1793 1670 προσερχομένοις

187 1689 336 1759 αύτῷ
359 1687 597 1758 ἐπήλυσι,
649 1693 732 1740 καὶ
783 1687 1014 1761 μάλιστα
1069 1693 1180 1748 τοῖς
1228 1685 1523 1758 Ῥωμαίοις,
1578 1689 1667 1736 καὶ
1716 1704 1794 1756 φι-

185 1778 416 1850 λοτίμως
474 1779 654 1840 αύτοῖς
707 1785 928 1852 παρεῖχε
976 1779 1041 1829 τὰ
1120 1781 1417 1848 σιτηρέσια.

189 1868 352 1929 αὐτὸς
409 1866 678 1938 ἐτεθνήκει,
733 1869 759 1918 ὁ
813 1868 925 1929 υἱός
982 1866 1161 1932 αὐτοῦ,
1195 1866 1248 1918 ὃν
1304 1864 1622 1937 Καλλιμάνον
1654 1864 1790 1916 631:6-

188 1957 380 2029 μαζόν,
429 1956 485 2008 ἐκ
529 1965 624 2018 τῆς
682 1956 730 2019 ἐξ
781 1955 1033 2028 Ούγγρων
1078 1958 1245 2026 τούτῳ
1291 1957 1652 2026 γεγεννημένος
1698 1958 1791 2011 τὴν

189 2046 370 2120 ἀρχὴν
399 2043 697 2110 ἀνεδέξατο.
728 2046 825 2099 Ἦν
872 2042 930 2098 δὲ
978 2053 1050 2116 τῷ
1097 2047 1314 2116 τοιούτῳ
1368 2043 1673 2115 Καλλιμάνῳ
1703 2047 1792 2095 καὶ

185 2136 630 2210 αὐτοκασιγνήτη,
673 2137 732 2198 ἧς
765 2135 991 2207 τοῦνομα
1041 2137 1251 2208 Θάμαρ.
1312 2136 1396 2186 Ἐκ
1455 2130 1513 2185 δε
1560 2140 1654 2194 τῆς
1699 2139 1790 2184 τοῦ

185 2225 442 2298 Ἀγγελου
467 2228 725 2300 θυγατρός
771 2233 843 2296 τῷ
874 2224 1037 2278 Ἀσάν
1093 2231 1230 2299 τρεῖς
1284 2219 1473 2283 παῖδες
1527 2225 1790 2293 γεγέννην-

183 2333 292 2384 ται,
330 2314 550 2390 ἄῤῥηνό
602 2314 844 2386 Μιχαὴλ,
895 2316 951 2366 αἱ
993 2313 1214 2378 θήλειαι,
1267 2315 1330 2372 ὡς
1392 2311 1700 2385 εἰρήκειμεν,
1755 2313 1784 2369 ή

182 2410 362 2478 Μαρία
389 2410 479 2457 καὶ
517 2407 547 2463 ἠ
580 2403 838 2458 ⁴Αννα.Ὀ
881 2407 969 2475 μὲν
1019 2403 1107 2454 οὖν
1159 2401 1482 2473 Καλλιμάνος
1539 2405 1632 2459 τὴν
1689 2421 1789 2453 πα-

175 2499 365 2568 τρικὴν
393 2492 567 2566 ἀρχὴν
599 2492 990 2564 ἂναζωσάμενος
1031 2496 1121 2542 καὶ
1171 2493 1264 2550 τὰς
1302 2492 1432 2563 μετὰ
1487 2496 1575 2541 τοῦ
1631 2487 1789 2561 βασι·

177 2582 308 2645 λέως
356 2583 592 2637 Ἰωάννου
650 2579 881 2643 σπονδὰς
930 2583 1265 2646 ἀνενεώσατο,
1316 2584 1399 2631 καὶ
1452 2582 1595 2650 εἰχον
1652 2579 1790 2651 εἰρή-

179 2691 278 2730 νην
311 2670 489 2733 ἐντοὶς
512 2675 759 2732 τοιούτοις
801 2673 865 2722 τὰ
910 2671 1217 2742 πράγματα.
1276 2675 1378 2720 Τοῦ
1436 2663 1495 2720 δὲ
1541 2665 1788 2724 Μανουήλ

180 2767 280 2812 τοῦ
333 2758 557 2832 ἀδελφοῦ
600 2757 876 2834 Θεοδώρου
928 2758 1344 2817 τετελευτηκότος
1393 2760 1485 2814 τήν
1569 2774 1790 2829 κρατου-

185 2853 344 2922 μένην
392 2850 517 2924 παρ’
569 2849 728 2902 αὐτοῦ
777 2855 958 2922 χώραν
1007 2849 1032 2899 6
1090 2847 1299 2917 ἀνεψιὸς
1356 2845 1514 2898 αὑτοῦ
1565 2845 1789 2917 Μιχαὴλ

183 2942 421 3011 κατέσχε
449 2943 537 2991 καὶ
559 2947 620 3011 τῇ
654 2939 811 2991 αὐτοῦ
864 2943 1204 3012 προσήρμοσε
1260 2941 1416 3008 χώρᾳ
1440 2956 1452 2968 ·
1522 2939 1612 2986 καὶ
1654 2931 1788 2991 ἦσαν

1911 525 2373 592 pertractantem
2396 521 2479 577 sic
2508 538 2544 577 a
2568 521 2743 577 nobis
2774 522 3142 594 compellari.
3177 547 3206 575 »
3249 527 3389 584 Haec
3433 531 3571 590 ideo

1911 609 2124 666 effatus
2141 626 2273 665 sum
2285 652 2298 676 ,
2315 615 2378 666 ut
2390 615 2684 683 quantum
2699 611 2830 682 ipsa
2844 612 3222 670 sermonibus
3236 616 3572 679 afﬁceretur

1912 703 1968 754 et
1996 714 2345 755 sermonum
2378 700 2661 755 similium
2695 715 2914 770 gnaros
2943 701 3287 773 honoraret,
3317 707 3568 782 eluceat,

1909 787 2148 844 Moritur
2178 803 2341 858 ergo,
2365 793 2428 844 ut
2456 787 2601 857 dixi,
2625 789 2753 845 haec
2775 789 3142 861 imperatrix,
3173 793 3566 872 existimoque

1910 878 2028 950 96
2062 877 2200 933 solis
2229 877 2524 933 defectum
2579 877 2736 934 illius
2793 885 3050 936 mortem
3107 885 3565 952 prmnuntiasse.

1910 968 2154 1024 Cometa
2192 967 2392 1033 etiam,
2449 983 2521 1022 ex
2563 982 2772 1023 eorum
2825 968 3024 1040 specie
3074 985 3230 1042 quos
3277 971 3564 1034 barbatos

1907 1055 2182 1124 dicimus,
2214 1061 2350 1112 ante
2399 1073 2502 1113 sex
2553 1072 2790 1112 menses
2843 1057 2906 1113 in
2956 1058 3263 1120 Borealem
3316 1063 3563 1136 plagam

1907 1146 2561 1219 apparuit,sutfecitque
2591 1162 2829 1203 menses
2869 1151 2983 1204 tres
3014 1165 3136 1208 non
3165 1169 3285 1210 uno
3314 1154 3378 1211 in
3405 1154 3565 1212 loco-

1907 1235 2009 1291 sed
2044 1235 2160 1291 alio
2206 1240 2385 1308 atque
2433 1235 2548 1292 alio
2601 1236 2942 1307 divagatus.
3001 1242 3119 1297 Nec
3174 1243 3364 1300 multo
3421 1248 3559 1317 post

1907 1323 2299 1394 Bulgarorum
2329 1325 2608 1397 princeps
2672 1329 2906 1382 Asanus
2966 1329 3089 1386 vita
3141 1333 3413 1398 excessit,
3474 1332 3563 1390 vir

1904 1413 2055 1469 inter
2083 1414 2376 1471 barbaros
2406 1415 2690 1486 optimus,
2731 1431 2840 1471 nec
2891 1418 3150 1490 propriis
3211 1421 3394 1478 modo
3456 1422 3564 1478 sed

1904 1502 2114 1558 alienis
2147 1504 2324 1559 etiam
2355 1505 2580 1575 optime
2607 1520 2751 1559 usus
2793 1522 2805 1560 :
2866 1505 3286 1566 humaniorem
3343 1511 3564 1567 etenim

1904 1609 2042 1648 cum
2067 1591 2143 1648 ad
2153 1591 2314 1647 venis
2330 1591 2408 1647 ad
2426 1607 2564 1647 eum
2579 1594 3093 1667 concurrentibus,
3109 1601 3165 1652 et
3184 1597 3565 1670 potissimum

1904 1681 2207 1750 Romanis,
2225 1681 2442 1753 quibus
2459 1681 2779 1751 magniﬁce
2799 1683 3098 1755 stipendia
3111 1687 3565 1758 numerabat,se

1497 1773 1638 1827 Ἐπεί
1705 1770 1792 1826 οὖν
1827 1785 1865 1838 Β
1903 1770 2174 1842 praebuit.
2212 1773 2290 1826 Eo
2317 1770 2432 1826 vita
2460 1769 2664 1826 functo
2691 1770 3054 1829 Callimanus
3076 1774 3205 1845 ejus
3225 1791 3298 1832 ex
3325 1778 3567 1847 Ungara

1902 1858 2057 1914 ﬁlius
2087 1860 2147 1914 in
2171 1859 2486 1915 dominatu
2525 1861 2810 1918 succedit.
2845 1861 3176 1920 Callimano
3205 1880 3374 1922 soror
3409 1869 3559 1935 arat,

1902 1949 1997 2004 cui
2026 1949 2305 2004 Thamari
2348 1965 2589 2005 nomen.
2624 1952 2707 2005 Ex
2736 1949 2858 2006 ﬁlia
2883 1967 3026 2008 vero
3061 1954 3268 2024 Angeli
3317 1958 3560 2013 Asanus

1905 2029 2016 2093 tres
2062 2037 2217 2093 ﬁlios
2289 2043 2652 2110 susceperat,
2723 2039 3030 2096 Michalem
3083 2043 3440 2114 masculum,
3492 2047 3560 2104 ut

1901 2127 2186 2195 diximus,
2217 2127 2457 2184 Mariam
2504 2131 2560 2183 et
2613 2131 2853 2184 Annam
2883 2129 3158 2188 feminas.
3188 2132 3555 2193 Callimanus

1901 2221 2217 2290 paternum
2255 2231 2509 2287 regnum
2536 2233 2856 2290 capessens
2880 2217 3106 2278 foedera
3149 2238 3289 2279 cum
3327 2225 3557 2284 Joanne

1899 2307 2260 2379 imperatore
2289 2311 2553 2364 renovat.
2592 2308 2805 2382 Sicque
2837 2309 3078 2382 placida
3101 2311 3161 2368 in
3184 2329 3333 2385 pace
3349 2316 3558 2375 omnia

1899 2397 2306 2469 quiescebant.
2394 2397 2658 2452 Manuele
2753 2413 2932 2470 porro
3007 2401 3300 2458 Theodori
3375 2401 3555 2463 fratre

1901 2485 2191 2540 exstincto
2203 2485 2335 2540 loca
2349 2485 2425 2540 ab
2439 2501 2508 2540 eo
2522 2485 2767 2541 obtenta
2780 2487 3022 2543 Michael
3034 2503 3224 2561 nepos
3239 2491 3558 2563 occupavit

1899 2575 2141 2646 suisque
2155 2575 2286 2645 conj
2301 2574 2482 2630 unxit.
2500 2577 2884 2648 Rursumque
2900 2577 3250 2634 Theodorus
3267 2581 3556 2655 Angelus,

1899 2680 2039 2720 cum
2073 2663 2228 2719 ﬁlius
2281 2666 2544 2719 Joannes
2583 2663 2983 2722 Thessaloniaa
3037 2671 3093 2724 et
3143 2668 3560 2740 adiacentibus

1896 2753 2045 2809 locis
2107 2752 2432 2826 imperator
2481 2752 2930 2822 acclamaretur,
2976 2759 3034 2812 et
3084 2761 3339 2829 patruus
3400 2759 3560 2816 illius

1899 2844 2345 2913 Constantinus,
2378 2841 2627 2914 despota
2656 2848 2712 2899 et
2743 2843 2875 2916 ipse
2908 2845 3227 2914 vocitatus,
3287 2850 3344 2903 et
3368 2863 3559 2921 nepos

1897 2931 2084 3005 ipsius
2107 2931 2358 2988 Michael
2383 2932 2534 2988 inter
2554 2947 2615 2986 se
2640 2948 2854 3004 pacem
2881 2933 3162 3002 agebant.

185 3023 340 3090 αὖθις
369 3027 708 3102 εἰρηνεύοντες
735 3029 838 3080 ὅτε
858 3023 1133 3100 Θεόδωρος
1156 3024 1420 3096 Ἄγγελος,
1445 3028 1532 3076 τὸν
1579 3025 1693 3075 υἱὸν
1738 3021 1897 3074 αὐτοῦ
1938 3021 2178 3079 Ἰωάννην
2234 3025 2369 3094 ἔχων
2417 3021 2466 3074 ἐν
2511 3022 2869 3094 Θεσσαλονίκῃ
2938 3028 3028 3076 καὶ
3083 3029 3194 3085 τοῖς
3247 3025 3363 3097 περὶ
3385 3023 3552 3084 αὐτὴν

185 3116 481 3191 βασιλικῶς
497 3118 866 3190 φημιζόμενον,
889 3119 978 3169 καὶ
1003 3117 1028 3167 ὁ
1057 3117 1188 3177 θεῖος
1221 3115 1378 3166 αὐτοῦ
1439 3119 1820 3174 Κωνσταντίνος
1868 3107 2162 3172 δεσόποτης
2203 3116 2291 3163 καὶ
2331 3110 2476 3172 οὗτος
2519 3110 2850 3184 καλούμενος,
2893 3115 2983 3164 καὶ
3042 3112 3068 3163 6
3118 3111 3322 3184 ἀνεψιὸς
3383 3112 3546 3167 αὐτοῦ

183 3206 405 3278 Μιχαὴλ
444 3207 512 3262 ⁵⁸.

259 3293 413 3366 μ’.”Ο
439 3297 528 3367 μὲν
577 3293 666 3345 οὖν
713 3280 960 3365 βασιλεύς
1009 3291 1270 3357 Ἰωάννης,
1333 3286 1511 3349 ἐπειδὴ
1546 3291 1571 3341 6
1627 3288 1784 3341 Βούλ-
1829 3288 1869 3343 C

180 3404 342 3460 γαρος
393 3385 551 3436 ’ώσὰν
581 3385 629 3418 ⁵⁵
660 3379 892 3435 ἐκποδὼν
950 3381 1144 3454 ἐγένετο
1182 3386 1271 3433 καὶ
1329 3383 1596 3455 μειράκιον
1650 3377 1787 3450 ἦρχε

181 3482 282 3535 τῆς
338 3481 435 3525 τῶν
493 3473 816 3548 Βουλγάρων,
861 3468 1042 3534 ἀδείας
1091 3468 1410 3544 δραξάμενος
1478 3469 1787 3544 ἐπεχείρησε

183 3567 284 3622 τὴν
315 3561 600 3635 βασιλικήν
629 3561 924 3614 καταλῦσαι
951 3560 1140 3620 κλῆσιν
1198 3565 1290 3618 τήν
1343 3559 1785 3632 ἐπεφημιζομένην

179 3651 490 3724 τῷἹωάννῃ
555 3659 626 3722 τῷ
677 3653 774 3720 υἱῷ
812 3657 902 3702 τοῦ
955 3649 1225 3721 Ἀγγεδνουο
1283 3653 1382 3701 Καὶ
1438 3656 1638 3722 πρῶτον
1683 3666 1785 3719 μη-

177 3743 409 3813 νύμασιν
465 3741 792 3792 ύποποιείται
856 3742 944 3790 τὸν
1005 3738 1164 3790 αὐτοῦ
1238 3741 1439 3812 πατέρα
1491 3733 1783 3810 Θεόδωρον.

181 3834 287 3884 Καὶ
318 3826 457 3888 δῆτα
481 3825 582 3889 οἶος
631 3828 818 3890 ἐκεῖνος
880 3827 1183 3902 ἀπροόπτως
1241 3826 1521 3900 ἐπιχειρων
1576 3825 1622 3878 ἐν
1679 3833 1788 3886 τοῖς

177 3921 480 3993 πράγμασι,
541 3915 705 3989 μηδέν
747 3937 800 3970 τι
854 3926 952 3970 τῶν
1003 3916 1412 3989 συμϐησομένων
1482 3913 1682 3968 ύπιδὼν
1737 3917 1786 3951 ⁵⁸

179 4011 538 4083 προσέρχεται
565 4015 636 4077 τῷ
677 4005 890 4080 βασιλεῖ
914 4006 1147 4079 Ἰωάννη,
1194 4009 1284 4057 καὶ
1333 4001 1656 4076 ὑποδέχεται
1695 4003 1788 4057 αύ-

179 4101 272 4151 τόν
327 4097 472 4158 οὗτος
527 4095 762 4170 ἀσμένως
816 4101 906 4148 καὶ
955 4100 1219 4168 τετίμηκε,
1290 4097 1423 4148 θεῖόν
1488 4114 1542 4147 τε
1604 4101 1784 4147 τοῦτον

178 4185 452 4240 ἀποκαλῶν
509 4184 604 4237 κᾶν
657 4193 719 4258 τῇ
768 4185 927 4238 αὐτοῦ
980 4185 1313 4256 συγκαθίζων
1373 4185 1603 4259 τραπέζῃ
1697 4189 1786 4236 καὶ

1515 4275 1654 4328 Ἐπεὶ
1726 4270 1759 4327 δ
1763 4278 1785 4327 ε

181 4373 365 4418 τοῦτον
392 4365 440 4417 ἐν
470 4371 648 4437 χεροῖν
680 4366 881 4436 ἔσχενό
916 4362 1183 4436 βασιλεὺς,
1221 4364 1377 4434 ἔτυχε
1429 4362 1487 4416 δὲ
1534 4370 1622 4416 καὶ
1675 4371 1786 4425 ταῖς

177 4285 281 4330 τῶν
323 4276 512 4328 λοιπῶν
569 4275 1028 4348 φιλοφρονημάτων
1081 4270 1422 4347 μεταδιδούς.

181 4458 347 4509 αὐτοῦ
379 4453 635 4527 δυνάμεσι
691 4462 807 4515 ταῖς
865 4454 1180 4526 Ῥωμαικαῖς
1230 4456 1527 4526 στράτευμα
1567 4455 1786 4527 ἀξιόμα-

180 4563 284 4617 χον
327 4545 605 4619 προστεθὲν
663 4541 718 4594 ἐκ
774 4543 980 4594 Σκυθῶν
1037 4544 1270 4610 (τούτους
1329 4545 1430 4614 γὰρ
1498 4547 1594 4617 πρὸ
1657 4543 1786 4616 βρα·

1969 3290 2054 3342 40.
2081 3289 2410 3360 Imperator
2439 3303 2582 3358 ergo
2627 3289 2910 3358 Joannes,
2943 3290 3148 3344 Asano
3182 3288 3438 3361 Bulgaro
3467 3289 3545 3350 de

1898 3377 2098 3432 medio
2130 3376 2364 3433 sublato
2396 3381 2452 3433 et
2482 3393 2670 3449 puero
2701 3379 2820 3450 7o
2854 3377 3140 3448 Bulgarite
3189 3378 3546 3451 imperante,

1896 3464 2210 3520 occasione
2263 3468 2500 3537 arrepta
2549 3464 3018 3538 appellationem
3074 3465 3548 3539 imperatoriam,

1896 3569 2018 3626 qua
2047 3556 2306 3610 Joannes
2336 3553 2542 3626 Angeli
2568 3554 2722 3610 ﬁlius
2753 3553 3062 3625 gestiebat,
3091 3554 3309 3612 debere
3335 3555 3448 3613 sibi
3487 3556 3550 3614 in

1897 3643 2100 3700 animo
2112 3644 3126 3718 proponens.primumTheodorum
3145 3644 3303 3702 illius
3316 3650 3551 3720 patrem

1895 3734 2105 3790 nuntio
2137 3734 2449 3790 seductum
2477 3733 2592 3790 sibi
2617 3734 2914 3801 conciliat,
2948 3735 3053 3808 qui
3082 3739 3375 3808 tanquam
3410 3740 3552 3794 tunc

1897 3839 2103 3880 recens
2131 3839 2223 3879 res
2253 3839 2600 3894 aggressus,
2634 3824 2783 3880 nihil
2813 3840 3023 3880 eorum
3043 3840 3180 3897 quae
3206 3827 3553 3896 contingere

1897 3917 2172 3984 poterant
2200 3915 2552 3985 suspicatus,
2583 3913 2661 3969 ad
2689 3916 2980 3970 Joannem
3019 3913 3444 3986 imperatorem
3484 3929 3550 3970 se

1897 4002 2142 4058 confert.
2166 4006 2492 4075 Imperator
2508 4018 2646 4058 eum
2669 4002 2884 4075 excipit
2902 4001 3332 4069 lubentissime,
3358 4004 3550 4062 bono-

1894 4091 2062 4147 ribus
2083 4091 2284 4156 afﬁcit,
2309 4097 2712 4164 patruumque
2736 4105 2963 4146 vocans
2988 4105 3198 4146 mensa
3214 4105 3284 4147 ac
3299 4091 3544 4166 reliquis

1893 4181 2284 4237 humanitatis
2305 4180 2514 4236 oﬂiciis
2539 4178 3025 4236 communicavit.
3051 4181 3374 4254 Postquam
3402 4197 3544 4240 eum

1895 4271 1955 4326 in
1978 4274 2268 4343 potestate
2295 4269 2526 4341 habuit,
2553 4272 2610 4326 et
2647 4284 2768 4325 non
2799 4268 3276 4326 contemnendus
3306 4275 3464 4328 esset
3511 4289 3543 4329 e

1897 4361 2130 4433 Scythis
2179 4359 2488 4428 exercitus,
2556 4375 2711 4431 quos
2781 4374 2905 4414 non
2950 4357 3170 4415 multos
3218 4363 3355 4417 ante
3409 4361 3540 4420 dies

1895 4449 2246 4504 muneribus
2307 4449 2604 4521 variisque
2669 4447 2977 4504 beneﬁciis
3037 4446 3150 4504 sibi
3235 4448 3544 4508 devinctos

1896 4543 2074 4608 atque
2119 4555 2188 4593 ex
2244 4537 2701 4593 immanioribus
2749 4537 3020 4594 moribus
3080 4541 3137 4594 et
3202 4539 3548 4598 Macedonia

183 4638 308 4707 χέος
333 4634 444 4704 (78)
471 4634 514 4667 57
547 4629 734 4707 δώροις
761 4651 815 4684 τε
854 4637 942 4683 καὶ
993 4627 1268 4693 δεξιώσεσι
1318 4631 1584 4692 ποικίλαις
1610 4634 1634 4683 6
1691 4631 1786 4705 βαι

1902 4628 2209 4683 distractos
2255 4627 2314 4682 in
2377 4627 2725 4683 orientalem
2777 4643 2950 4683 oram
2991 4626 3339 4700 deduxerat,
3402 4629 3548 4686 satis

186 4723 358 4782 σιλεύς
389 4722 624 4782 Ἰωάννης
671 4722 969 4794 χειροήθεις
1024 4740 1075 4772 τε
1115 4726 1390 4778 πεποίηκεν
1431 4721 1482 4783 ἐξ
1511 4723 1558 4756 ⁵⁸
1592 4720 1788 4796 ἀγριω-

181 4818 333 4886 τέρου
359 4819 451 4864 τοῦ
491 4812 670 4878 ἤθους,
727 4816 816 4863 καὶ
866 4820 960 4872 τῆς
1011 4807 1321 4862 Μακεδόνων
1377 4809 1649 4863 ἀπέσπασε
1701 4816 1789 4863 καὶ

183 4905 311 4975 πρὸς
340 4903 407 4952 τὰ
435 4907 528 4962 τῆς
569 4901 632 4952 ἔω
683 4901 730 4934 δθ
787 4895 1063 4971 διεπέρασε
1118 4899 1294 4972 μέρη),
1341 4900 1545 4959 τούτοις
1597 4898 1787 4971 μᾶλλον

186 4991 475 5066 θαρῥήσας,
503 4994 593 5041 καὶ
631 4985 798 5061 μηδέν
853 5008 902 5040 τι
954 4984 1120 5040 δεινὸν
1167 4986 1220 5038 ἐκ
1271 4987 1572 5063 Βουλγάρων
1629 5009 1788 5062 προσ-

181 5077 373 5147 δοκῶν,
410 5083 467 5131 τὸ
497 5083 585 5151 μεν
619 5075 712 5130 διὰ
737 5081 826 5140 τὰς
854 5081 1191 5149 γεγενημένας
1211 5074 1458 5140 σπονδὰς,
1489 5081 1546 5128 τὸ
1594 5074 1652 5129 δε
1698 5083 1788 5130 καὶ

127 5171 135 5177 ’
178 5167 275 5223 δια
304 5172 362 5220 τὸ
389 5171 488 5220 ύπό
518 5173 792 5241 μειρακίου
825 5170 891 5218 τὰ
923 5176 1021 5218 τῶν
1061 5166 1366 5239 Βουλγάρων
1418 5163 1781 5238 διεξάγεσθαι,

1898 4720 2102 4774 animo
2134 4722 2291 4773 certo
2321 4723 2378 4773 et
2407 4719 2760 4774 conﬁrmato
2790 4717 2936 4773 nihil
2964 4717 3076 4772 sibi
3101 4717 3473 4774 incommodi
3511 4733 3549 4774 a

1901 4807 2168 4876 Bulgaris
2203 4806 2647 4877 pertimescens,
2679 4807 2897 4878 partim
2928 4810 3170 4878 propter
3200 4810 3376 4878 pacta
3405 4821 3546 4862 cum

1898 4898 1982 4952 eis
2014 4897 2177 4964 inita,
2211 4895 2427 4967 partim
2458 4896 2622 4966 quod
2668 4911 2762 4950 res
2811 4895 3205 4965 Bulgarorum
3270 4910 3308 4950 a
3357 4910 3547 4968 puero

1896 4990 2260 5054 regerentur,
2324 5001 2391 5040 ex
2439 4983 2670 5040 Oriente
2728 4983 2988 5050 solvens,
3042 4984 3544 5056 prmternavigato

1899 5074 2294 5146 Hellesponto,
2324 5089 2527 5128 secum
2559 5089 2680 5128 una
2705 5077 2762 5128 et
2792 5075 3198 5129 Romanarum
3229 5073 3545 5147 copiarum

1897 5171 1952 5222 et
1977 5165 2331 5237 Scytharum
2362 5161 2596 5219 auxiliis
2633 5162 2892 5219 advectis
2927 5162 3216 5220 adversus
3251 5165 3546 5222 Joannem

254 5311 303 5346 5"
335 5309 582 5368 Μανουήλ
609 5313 705 5384 Ι).⁸
748 5311 796 5344 ⁵⁵
829 5311 991 5384 ιΑσὰν
1020 5324 1146 5364 om.
1175 5312 1244 5384 _D.
1321 5310 1368 5344 ³⁸
1395 5314 1484 5361 καὶ
1525 5305 1664 5368 δῆτα
1692 5343 1758 5351 -
1788 5312 1810 5363 ό

1902 5307 2070 5384 ἳὼν]ό
2103 5306 2162 5361 δε
2207 5311 2272 5364 D.
2349 5309 2392 5342 ³⁷
2452 5309 2552 5381 πρὸ
2603 5305 2837 5383 βραχεος
2902 5323 3024 5366 om.
3091 5311 3158 5367 D.
3234 5308 3283 5345 ⁵⁸
3331 5312 3547 5384 χειροή-

183 5384 286 5444 θεις
315 5386 593 5440 πεποίηκεν
615 5383 641 5434 ό
674 5379 922 5454 βασιλεὺς
951 5379 1004 5444 ἐξ
1030 5383 1093 5436 D.

1173 5381 1219 5414 5°
1247 5383 1371 5453 πρὸς
1402 5385 1494 5440 τὴν
1520 5383 1582 5433 ἕω
1618 5384 1680 5440 D.
1721 5384 1947 5439 omisso
1994 5381 2158 5456 ”μερη.

1081 5505 1417 5572 Theodori
1468 5507 1718 5574 Dousa:
1766 5516 1832 5573 et
1877 5506 2131 5574 Leonis
2181 5504 2416 5575 Allatii
2466 5514 2670 5573 notae.

257 5651 375 5723 (78)
405 5650 628 5711 Τούτους
656 5652 757 5727 γὰρ
785 5651 884 5726 πρὸ
911 5646 1163 5725 βραχέος.
1199 5651 1507 5723 Gergoras,
1539 5665 1600 5724 p.
1630 5654 1718 5721 37,
1749 5649 1810 5707 bl

1902 5649 2120 5706 issime.
2163 5650 2299 5705 ALL.
