4084 6212
225 268 368 324 1077
454 315 459 319 .
1748 258 1841 314 ΑΝ

1928 258 2093 315 ιΙιΕΞ.
3474 264 3610 321 1078

215 395 314 445 ⁴νόν
339 383 666 460 Λιϐαδάριον
709 383 933 458 Μιχαήλ
985 387 1144 456 μέγαν
1221 383 1593 462 ἑταιρειάρχην
1670 384 1815 440 ὄντα.

1928 381 2216 453 dignitate
2247 378 2706 449 condecoratur,
2739 381 2912 454 cujus
2951 385 3007 439 et
3028 382 3353 442 amicitiam
3382 386 3592 446 coluit.

235 487 316 542 Ως
345 485 470 552 γοῦν
496 485 593 538 τῆς
621 479 795 548 φήμης
815 476 840 527 6
874 473 1120 548 βασιλεὺς
1168 474 1382 548 ᾔσθετο,
1444 493 1646 532 σιωπην
1702 491 1835 545 παρ-

1942 473 2044 530 His
2074 471 2389 544 completis
2417 472 2744 543 imperator
2765 471 2823 528 in
2857 473 3147 530 Orientem
3182 479 3430 546 remeat,
3463 493 3607 535 cum

222 568 474 642 αγγείλας
519 569 639 628 τοὺς
693 561 898 626 εἰδότας
956 565 1100 636 οἰγειν
1157 568 1248 617 καὶ
1300 561 1490 638 μηδενὶ
1531 567 1650 638 περὶ
1716 563 1833 615 τού-

1941 561 2174 618 fecisset
2201 565 2264 617 ut
2282 561 2610 633 imperator
2635 560 2886 634 despota
2907 567 3065 618 esset
3089 568 3145 618 et
3165 579 3405 638 servus;
3422 581 3606 638 quem

219 667 320 713 τοὺ
375 662 633 710 κοινωνεῖν
686 656 756 720 ⁸³,
807 653 876 714 εἰς
947 651 1234 726 συμϐάσεις
1331 655 1464 727 μετὰ
1528 660 1620 706 τοῦ
1692 650 1834 713 ἐντὸς

1935 649 2354 723 jurejurando,
2383 648 2468 704 uti
2489 648 2672 704 moris
2727 654 2873 717 erat,
2933 650 3336 709 obstrinxerat
3397 669 3606 711 mune-

219 748 466 804 ’Ῑωάννου
517 750 688 820 χωρεῖ
737 742 956 820 πρέσϐιν
995 742 1043 796 ἂν
1095 745 1299 806 τούτοις
1350 742 1520 796 λαϐὼν
1571 745 1657 795 τόν
1735 761 1832 794 πα-

1939 739 2227 812 ribusque
2271 753 2381 811 pro
2426 737 2711 808 dignitate
2742 739 2857 811 73
2897 738 3198 808 affecerat,
3248 744 3305 798 et
3357 747 3604 799 caeteros

220 842 354 912 τέρα
385 836 620 890 Ἰωάννου
659 835 747 886 τόν
799 831 1048 904 Ἄγγελον
1105 829 1400 908 Θεόδωρον.
1458 831 1831 906 Πληρουμένων

1941 827 2090 884 alios
2119 826 2203 884 illi
2261 826 2565 898 subjectos
2622 828 2879 899 pecunia
2936 828 3286 887 donaverat.
3329 833 3476 888 Cum
3531 847 3603 889 eo

218 933 354 999 γοῦν
381 927 584 998 ἡμερῶν
613 923 1008 997 τεσσαράκοντα
1055 921 1284 995 ἐγένοντο
1343 924 1399 976 αἱ
1453 918 1681 976 σπονδαὶ
1737 924 1828 973 καὶ

1941 918 2123 975 etiam
2149 922 2383 990 patrem
2399 915 2777 973 Theodorum
2800 917 3057 991 reliquit.

220 1018 282 1068 οι
327 1017 474 1090 ὅρκοι
530 1011 846 1089 προέϐησαν·
896 1014 964 1064 τὰ
1016 1014 1107 1085 μὶν
1153 1015 1256 1088 γὰρ
1312 1009 1504 1086 ἄρυθρὰ
1568 1006 1759 1064 πέδιλα
1801 1009 1919 1080 (80)
1969 1006 2281 1061 ἀπεϐάλλετο
2339 1011 2429 1059 καὶ
2480 1010 2574 1065 τήν
2638 1009 3028 1083 περιμάργαρον
3083 1006 3382 1084 πυραμίδα,
3442 1009 3512 1072 εἰς
3568 1010 3600 1071 ἣ

219 1109 322 1158 καὶ
383 1104 523 1164 λίθος
579 1103 935 1178 ὑπερκάθηται
989 1105 1247 1170 κόκκινος,
1295 1100 1550 1175 βασιλικά
1609 1107 1775 1152 ταῦτα
1818 1096 2076 1172 σύμϐολα,
2135 1101 2412 1169 τετίμηται
2471 1091 2530 1148 δι
2581 1099 2712 1168 πρὸς
2777 1104 2868 1149 τοῦ
2945 1096 3204 1171 βασιλέως
3279 1107 3352 1171 τῷ
3412 1095 3603 1154 δεσπο-

220 1202 362 1266 τικῷ
429 1193 708 1266 ἀξιώματι,
765 1197 856 1244 καὶ
921 1194 1097 1255 εὔνους
1155 1193 1372 1263 ἁνεγάνη
1428 1199 1500 1262 τῷ
1564 1188 1794 1264 βασιλεῖ,
1850 1195 2028 1241 Ταῦτα
2090 1183 2150 1240 δε
2211 1182 2631 1262 διαπραξάμενος
2712 1185 2791 1257 [Ρ.
2867 1187 2959 1258 57]
3035 1188 3061 1239 6
3131 1186 3382 1257 βασιλεὺς
3441 1189 3600 1242 παλι-

218 1290 405 1337 νοστεῖ
426 1285 560 1358 πρός
585 1286 680 1340 τήν
741 1280 827 1349 ἱω,
884 1280 1178 1333 καταλιπὼν
1237 1277 1499 1339 δεσπότην
1550 1283 1638 1332 τὸν
1706 1277 1931 1352 βασιλέα
1990 1282 2080 1329 καὶ
2132 1277 2455 1348 ὑποχείριον,
2513 1275 2686 1348 ὅρκοις
2741 1271 3010 1338 συνδήσας
3067 1283 3177 1337 τοῖς
3241 1276 3452 1330 εἰωθόσι
3508 1282 3598 1332 καὶ

223 1369 422 1447 δώροις
477 1372 644 1426 εἰκόσι
728 1367 1122 1443 δεξιωσάμενος,
1197 1375 1287 1423 καὶ
1377 1371 1574 1430 πάντας
1655 1371 1776 1430 τοὺς
1855 1365 1942 1420 ὑπ’
2018 1365 2205 1418 ἐκεῖνον
2280 1363 2781 1438 φιλοφρονησάμενος
2869 1370 3142 1438 χρήμασι.
3226 1365 3596 1421 Καταλελοίπει

221 1457 264 1514 δ
269 1464 296 1514 's
318 1460 424 1534 μετ’
449 1460 610 1514 αὐτοῦ
639 1465 730 1513 καὶ
754 1463 842 1512 τὸν
869 1463 1068 1533 πατέρα
1097 1461 1282 1513 τούτου
1313 1455 1599 1533 Θεόδωρον.

302 1549 405 1623 μα’.
431 1550 489 1603 Ὀ
515 1553 605 1623 μεν
653 1549 741 1602 οὖν
788 1548 1037 1622 βασιλεὺς
1086 1549 1319 1609 Ἰωάννης
1382 1548 1676 1621 κατειλήφει
1726 1552 1820 1608 τήν

1998 1545 2088 1602 41.
2115 1543 2298 1614 Igitur
2327 1543 2654 1615 imperator
2681 1544 2968 1613 Joannes,
3003 1559 3144 1599 cum
3173 1559 3239 1599 se
3282 1543 3344 1600 in
3391 1545 3594 1602 Orien-

220 1642 317 1695 ἴω.
346 1643 451 1698 Τήν
489 1646 614 1710 γοῦν
668 1643 966 1712 χειμερινὴν
1018 1643 1134 1691 τότε
1183 1637 1522 1713 παραμείψας
1586 1639 1722 1712 ὥραν
1772 1639 1820 1690 ἓν

217 1735 302 1798 τῷ
331 1731 610 1799 Νυμφαίῳ,
641 1728 707 1787 ὡς
731 1725 841 1786 ἒθος
879 1721 940 1784 ἧν
1004 1727 1165 1798 αὐτῷ,
1244 1725 1444 1800 ἀπάρας
1494 1724 1679 1778 haec»
1737 1725 1821 1778 ἐπὶ

214 1821 320 1876 τήν
349 1816 642 1890 Λάμψακον
662 1817 766 1890 ῇει,
793 1817 1002 1869 κάκεῖσε
1045 1819 1105 1868 τὸ
1164 1817 1310 1889 θέρος
1357 1812 1676 1878 διαϐιϐάσας
1731 1819 1821 1868 καὶ

218 1911 324 1965 τὴν
350 1914 442 1970 τῆς
491 1905 695 1979 όπωρας
759 1908 915 1979 ὥραν,
973 1903 1082 1959 ἐπεὶ
1131 1907 1156 1958 6
1203 1911 1404 1979 χειμὼν
1454 1905 1670 1978 ἤρξατο,
1728 1911 1820 1957 τοῦ

219 2000 409 2071 χώρου
434 1993 660 2068 μεταϐὰς
686 1993 770 2047 ἐπὶ
817 1996 884 2047 τὰ
934 2002 1033 2047 τῶν
1086 2001 1272 2066 Πηγῶν
1329 1993 1517 2070 ἐχώρει
1569 1998 1697 2070 μέρη
1747 1994 1820 2049 ⁷⁰.

219 2089 494 2156 Μεγίστου
524 2081 584 2138 δε
604 2092 857 2157 χειμῶνος
894 2088 1200 2160 πεπείραται
1229 2083 1345 2136 καθ’
1409 2080 1554 2152 ὁδόν,
1601 2082 1822 2158 ἁρξαμέι

218 2193 314 2226 νου
344 2176 434 2246 μὶν
455 2172 562 2227 ἐπεὶ
591 2175 618 2225 6
661 2172 912 2245 βασιλεὺς
942 2172 1016 2235 εἰς
1052 2177 1147 2232 τήν
1194 2178 1449 2247 Σιγρηνὴν
1507 2171 1816 2231 ἐσκήνωσεν.

223 2265 423 2336 ἡμέρας
455 2259 515 2316 δὲ
542 2259 640 2316 δύο
671 2270 734 2336 τῇ
771 2259 1059 2338 δριμύτητι
1087 2264 1272 2315 τούτου
1329 2267 1419 2314 καὶ
1470 2270 1532 2335 τῇ
1586 2257 1820 2337 σφοδρο-

217 2353 355 2425 τάτη
411 2357 546 2426 φορᾷ
608 2359 704 2414 τῆς
756 2356 934 2423 χιόνος
986 2351 1434 2427 τεταλαιπωρηκεν
1506 2355 1698 2427 μέχρις
1761 2371 1820 2403 αν

217 2447 539 2501 κατηντήκει
582 2441 655 2503 εἰς
708 2445 766 2494 τὸ
833 2449 932 2493 τῶν
985 2448 1172 2513 Πηγῶν
1229 2443 1386 2498 ἄστυ.
1456 2440 1640 2494 Πολλοὶ
1694 2449 1820 2514 γοῦν

220 2531 346 2583 καθ’
406 2526 528 2582 ὀδόν
584 2528 939 2589 ὶτὲθνήκεισαν
987 2535 1078 2583 καὶ
1128 2529 1314 2583 πολλαί
1369 2551 1382 2565 ο
1468 2535 1630 2603 μέχρι
1696 2537 1820 2603 γοῦν

224 2622 545 2692 τριακοσίων
575 2621 642 2680 ὡς
665 2621 712 2672 οἱ
737 2618 1120 2694 ἀριθμήσαντες
1175 2621 1220 2656 ⁷¹
1281 2622 1525 2692 ἔφασκον,
1568 2622 1669 2672 ὑπὸ
1726 2629 1822 2683 τῆς

219 2712 412 2780 χιόνος
449 2710 885 2780 κατεχώσθησαν,
952 2713 1023 2781 μή
1072 2705 1349 2782 δυνάμενοι
1394 2708 1701 2768 ὰντωπῆσαι
1754 2718 1816 2783 τῇ

220 2804 320 2849 τοῦ
347 2800 634 2870 πνεύματος
668 2803 819 2870 φορᾶ.
854 2793 1045 2858 Οὐδεὶς
1093 2797 1216 2870 γοῦν
1259 2807 1360 2851 τῶν
1413 2795 1626 2862 ἰδόντων
1683 2799 1822 2871 ἔλεγι

219 2891 499 2959 γινώσκειν
549 2889 858 2959 γεγειῆσθαί
925 2907 1048 2940 ποτε
1138 2895 1373 2940 τοιοῦτον
1443 2890 1492 2924 ⁷³
1559 2897 1816 2961 χειμῶνα.
1850 2909 1891 2964 C

222 2975 357 3048 Ἥγε
386 2973 446 3029 δε
472 2985 545 3048 τῷ
598 2982 712 3030 τότε
766 2973 1220 3036 ὀκτωκαιδεκάτην
1272 2981 1376 3047 μήοι
1423 2979 1449 3029 6
1498 2977 1819 3052 Δεκέμϐριος,

223 3068 339 3126 ἔτος
365 3061 425 3119 δέ
460 3061 521 3124 ἦν
557 3063 640 3119 ἐπὶ
670 3074 742 3137 τῷ
785 3065 1228 3139 ἐξακισχιλιοστῷ
1283 3071 1373 3120 καὶ
1430 3066 1822 3140 ἐπτακοσιοστῷ

223 3158 287 3208 τό
317 3159 736 3231 τεσσαρακοστὸν
775 3152 924 3229 οἶμαι
950 3165 1154 3231 πρῶτον
1182 3157 1254 3211 ⁷³.
1283 3155 1342 3209 '0
1391 3159 1480 3229 μὶν
1527 3154 1613 3209 οὖν
1660 3156 1822 3231 βασι-

222 3243 410 3307 λεὺςὲν
439 3253 624 3316 τῷτῶν
676 3252 864 3318 Πηγῶν
911 3247 1061 3298 ἄστει
1115 3242 1463 3321 διημερεύσας
1509 3249 1702 3320 μὲχρις
1760 3249 1824 3300 ἄν

222 3337 288 3386 τό
305 3333 435 3386 πολὺ
460 3341 554 3386 τοῦ
591 3342 850 3407 χειμῶνος
901 3333 1140 3408 λωφήσῃ,
1197 3333 1343 3398 ὶξιὼν
1387 3334 1576 3388 ἐκεῖθέν
1636 3335 1709 3397 εἰς
1761 3339 1820 3389 τὸ

220 3426 497 3496 Νύμφαιον
524 3424 704 3496 ἀπῄει,
727 3428 818 3476 καὶ
881 3425 944 3483 ἧν
988 3422 1152 3477 ἓκεῖσε
1203 3443 1367 3499 μεχρι
1433 3429 1522 3476 καὶ
1583 3433 1674 3487 τῆς
1728 3432 1822 3478 τοῦ

221 3515 368 3586 ἔαρος
411 3511 756 3586 ἔπιλάμχεως.
813 3513 953 3566 Ἐπεὶ
1008 3521 1157 3585 γοῦν,
1209 3515 1278 3575 ὡς
1326 3513 1636 3588 εἰρήκειμεν,
1685 3516 1713 3573 ἡ
1769 3516 1820 3550 ’⁷⁵

219 3609 324 3654 τῶν
363 3601 782 3676 Μουσουλμάνων
831 3604 976 3676 παρὰ
1021 3611 1121 3654 τῶν
1172 3608 1453 3677 Ταχαρίων
1502 3605 1615 3674 (81)
1663 3624 1821 3657 κατα-

1930 1637 2049 1690 tem
2077 1632 2412 1705 recepisset,
2446 1631 2755 1703 Nymphaai
2785 1632 3034 1690 hiemat.
3083 1632 3226 1688 Inde
3275 1632 3594 1690 discedens

1932 1724 2330 1795 Lampsacum
2355 1721 2531 1792 venit,
2550 1721 2870 1777 ubiaestate
2883 1724 3066 1794 atque
3090 1727 3384 1779 autumno
3397 1727 3593 1779 trans-

1929 1811 2094 1877 actis,
2114 1811 2277 1867 initio
2298 1809 2534 1879 hiemis,
2557 1809 2806 1866 dimisso
2831 1809 2987 1880 loco,
3027 1811 3217 1884 Pegas
3259 1811 3586 1883 contendil,

1927 1900 2177 1974 quando
2199 1911 2258 1956 et
2275 1901 2427 1956 inter
2442 1898 2884 1956 ambulandum
2912 1900 3210 1957 saevientis
3232 1900 3448 1957 hiemis
3465 1902 3589 1958 vim

1929 1995 2115 2048 atram
2131 1990 2379 2063 excepit,
2396 2005 2527 2045 cum
2542 1993 2737 2045 castra
2747 1989 2984 2060 Sigrene
3011 1989 3286 2058 locasset,
3317 2006 3589 2049 exorsam

1928 2084 1985 2135 et
2021 2095 2128 2152 per
2157 2078 2312 2134 duos
2337 2078 2464 2134 dies
2494 2077 2650 2134 illius
2669 2077 2889 2148 frigore
2933 2094 3005 2134 ac
3047 2077 3394 2148 glomeratas
3437 2080 3590 2138 nivis

1929 2167 2270 2224 turbinibus
2327 2165 2608 2236 afﬂictus,
2667 2166 2861 2223 donec
2915 2166 2988 2222 ad
3045 2169 3338 2238 Pegarum
3386 2184 3588 2225 arcem

1928 2255 2214 2318 Pervenit.
2263 2254 2461 2312 Plures
2517 2271 2588 2311 eo
2636 2255 2697 2311 in
2763 2254 2970 2311 itinere
3028 2255 3210 2311 virilis
3265 2260 3322 2313 et
3369 2257 3585 2314 mulie-

1927 2343 2052 2400 bris
2079 2361 2258 2401 sexus
2305 2344 2631 2400 exanimati
2675 2349 2816 2400 sunt
2848 2361 2862 2400 :
2893 2343 2974 2400 ad
3004 2347 3269 2401 trecenta
3297 2361 3584 2419 namque,

1929 2434 2112 2506 utqui
2142 2433 2437 2490 rationem
2467 2436 2871 2506 supputarunt
2890 2432 3239 2501 retulerunt,
3263 2433 3582 2492 hominum

1930 2529 2307 2580 mortuorum
2354 2523 2572 2595 capita,
2667 2521 2849 2578 nivali
2877 2537 2948 2578 co
3005 2522 3237 2579 tumulo
3291 2527 3583 2593 contecta,

1929 2612 2160 2668 consita
2192 2615 2348 2681 sunt,
2381 2611 2629 2684 quando
2683 2615 3000 2667 ventorum
3046 2611 3213 2668 rabie
3255 2627 3331 2668 ne
3373 2611 3588 2670 intueri

1928 2700 2175 2772 quidem
2191 2699 2336 2756 alter
2352 2700 2604 2756 alterum
2617 2704 2912 2772 poterant,
2957 2715 3292 2774 omnesque
3309 2702 3413 2774 qui
3427 2701 3587 2759 malo

1927 2789 2245 2846 interfuere
2303 2790 2613 2846 contestati
2693 2795 2832 2846 sunt
2903 2789 3159 2846 similem
3233 2806 3294 2846 se
3345 2791 3588 2862 [hiemis

1928 2878 2240 2935 horrorem
2292 2895 2608 2951 nunquam
2684 2878 2833 2935 alias
2906 2879 3293 2952 persensisse.
3347 2881 3588 2938 Decima

1929 2973 2145 3026 octava
2165 2973 2294 3024 tum
2325 2968 2552 3024 mensis
2583 2968 2924 3024 Decembris
2947 2968 3075 3024 dies
3101 2967 3538 3024 numerabatur
3565 2987 3582 3039 ;

1931 3073 2128 3118 annus
2159 3061 2316 3128 6741,
2360 3061 2425 3113 ut
2453 3072 2590 3114 mea
2619 3056 2728 3113 fert
2776 3057 3090 3113 sententia.
3141 3056 3470 3128 Imperator
3523 3056 3584 3113 in

1929 3138 2223 3216 Pegarum
2276 3144 2419 3201 urbe
2467 3145 2659 3201 donec
2706 3144 2920 3201 hiemis
2970 3143 3198 3201 saevitia
3256 3143 3586 3202 molliretur

1931 3247 2361 3305 commoratus,
2391 3242 2529 3299 inde
2573 3242 2780 3299 exiens
2853 3241 3258 3315 Nymphaeum
3315 3240 3578 3315 appellit,

1927 3341 2132 3416 ibique
2162 3341 2241 3398 ad
2264 3356 2512 3397 vernum
2564 3343 2804 3412 tempus
2853 3341 3204 3413 permansit.
3265 3340 3586 3398 Musulma-

1926 3446 2146 3488 norum
2181 3431 2381 3502 itaque
2431 3430 2694 3486 exercitu
2741 3429 3051 3502 dissipato,
3109 3434 3175 3486 ut
3230 3428 3514 3496 diximus,
3544 3446 3582 3487 a

1926 3520 2245 3589 Tachariis,
2307 3518 2531 3592 quibus
2599 3518 2870 3576 sultanus
2923 3519 3247 3576 Iathatines
3303 3523 3579 3592 praeerat,

1927 3607 2278 3681 sultani'jﬁ.
2306 3607 2533 3664 Azatini
2571 3607 2750 3677 filius,
2771 3609 2875 3681 qui
2898 3624 2970 3664 ex
2982 3608 3146 3665 bono
3167 3609 3227 3664 in
3245 3608 3579 3682 principem

298 3692 347 3728 “
375 3695 582 3784 iove:-
611 3698 1013 3784 xoivwvsi’vnom.
1048 3695 1110 3775 Ι),
1145 3764 1156 3774 1
1186 3694 1236 3727 ⁷ο
1266 3694 1556 3784 κάκεῖσετ
1593 3696 1750 3770 μέρη]
1779 3701 1956 3784 καὶντὸ
1997 3700 2138 3751 ίπιόν
2169 3701 2277 3759 ἔτος
2323 3702 2440 3770 περὶ
2473 3700 2654 3769 Πηγὰς
2684 3701 2945 3784 χωρεῖνῧ.
3023 3699 3090 3784 7“
3112 3701 3160 3750 οἱ
3191 3697 3578 3784 ἀριθμήσαντες

221 3777 348 3819 om.
375 3766 437 3819 D.

518 3765 564 3799 ’⁷³
594 3771 825 3817 τοιοῦτον
859 3766 925 3836 D,
954 3763 1190 3820 omissis
1233 3767 1548 3836 γεγενῆσθαί
1573 3763 1748 3823 ποτε(
1791 3768 1841 3803 ⁷³

1928 3789 1967 3828 γε
1995 3799 2065 3810 -—
2101 3779 2300 3843 πρῶτον
2331 3763 2451 3825 om.
2505 3763 2570 3824 [δέ

2646 3767 2816 3822 mea
2847 3767 2908 3828 ἧν
2934 3800 3002 3809 -
3032 3768 3091 3843 ἡ]
3115 3772 3185 3832 ὡς
3204 3767 3342 3829 όῦνή
3371 3773 3432 3828 D.

1109 3889 1452 3957 Theodori
1509 3889 1757 3958 Dousaa
1805 3901 1872 3958 et
1914 3891 2168 3960 Leonis
2216 3891 2448 3960 Allatii
2485 3899 2688 3959 notae.

297 4013 408 4094 (8Q)
444 4015 529 4096 pc
577 4013 894 4095 purpureis
938 4013 1368 4096 imperatorum
1423 4015 1698 4096 crepidis,
1738 4031 1816 4096 an

221 4085 412 4140 ocreis
443 4087 472 4159 ξ’
500 4085 682 4156 supra
695 4085 989 4159 egimus;
1022 4085 1162 4159 item
1185 4086 1259 4142 de
1289 4087 1440 4142 tiara
1469 4085 1708 4159 et‘pileo
1739 4087 1817 4144 ad

221 4155 922 4228 exemplumpyramidis
941 4157 1001 4212 in
1025 4157 1210 4228 altum
1226 4164 1499 4227 surgente
1516 4155 1572 4214 et
1588 4159 1815 4214 acumi-

221 4233 386 4282 nato.
420 4227 644 4301 neque
664 4243 825 4301 nunc
845 4227 1184 4301 audiendus
1205 4229 1569 4301 Nicephorus
1595 4230 1815 4300 Grego-

219 4312 322 4354 ras
344 4297 458 4353 sub
481 4297 660 4353 tinem
695 4300 954 4372 Historias
981 4316 1125 4362 suae,
1148 4300 1209 4354 in
1240 4297 1469 4357 Naeuia:
1499 4303 1582 4356 De
1606 4297 1816 4372 capitis

219 4385 403 4439 porro
416 4377 770 4439 legumento,
783 4371 950 4440 apud
957 4373 1289 4440 superiores
1300 4371 1684 4442 imperatores
1699 4389 1816 4429 mo-

223 4442 309 4495 ris
321 4447 712 4513 eratutavtate
727 4445 1115 4510 provectiores
1137 4444 1322 4513 aulici
1346 4455 1617 4512 proceres
1643 4445 1815 4513 pileis
1848 4448 1890 4501 D

224 4511 543 4588 turbinatis
565 4511 903 4588 (καλύπτραις
918 4511 1218 4588 πυραμίδος
1245 4511 1492 4585 ἇχοῦσαις
1516 4511 1708 4587 σχῆ
1735 4530 1814 4571 se-

223 4584 350 4666 rico
364 4586 530 4664 tectis
544 4584 882 4666 uterentur,
886 4584 1000 4666 pro
1010 4584 1305 4666 dignitate
1315 4589 1416 4666 cuj
1421 4584 1682 4666 περίτι-ἐπε
1678 4593 1818 4666 tque

222 4652 1096 4727 haecirnperiisymbolahaberi
1109 4652 1818 4724 subditlogothetaﬂu'od

224 4724 824 4782 etinsinuatJoannes
837 4728 1686 4792 Cantacuzenus,Histor,Rom
1699 4731 1822 4784 sive

225 4796 703 4870 Byzantiparlib.
728 4814 766 4862 ι.
799 4803 1008 4870 σερε3,
1052 4799 1154 4854 ubi
1183 4799 1402 4869 pileum
1435 4800 1822 4870 ἱεῐηωνσυνεκο

226 4863 466 4942 δοχικῷς
485 4867 748 4942 lapidem
765 4863 1045 4942 appellat,
1071 4863 1209 4925 cum
1235 4870 1294 4924 in
1311 4871 1480 4942 apice
1507 4869 1642 4942 pilei
1667 4870 1821 4942 lapis

223 4939 487 4994 visendas
502 4939 922 5014 magnitudinis
933 4956 1002 4996 ac
1015 4942 1202 5014 incom
1213 4939 1496 5014 parabilis
1507 4939 1678 5014 pretii
1693 4939 1820 5014 spe-

223 5016 502 5083 ctaretur.
533 5012 732 5067 Graece
757 5018 845 5068 est
874 5029 887 5078 ;
916 5016 1003 5064 τὸν
1035 5011 1119 5064 ἐπὶ
1151 5011 1246 5073 τῆς
1275 5011 1524 5083 κειφαλῆς
1569 5011 1743 5065 λίθου’
1765 5017 1822 5069 et

223 5079 437 5156 libqv.
473 5098 586 5156 cap
616 5087 726 5156 37‘:
759 5083 884 5154 λίθῳ
927 5079 1532 5156 κεκοσμημὴοςῗῄπῖλος,
1577 5089 1820 5140 notante

226 5152 288 5206 V.
323 5154 384 5210 C.
415 5152 638 5210 Jacobo
669 5152 940 5210 Pontano
967 5158 1022 5211 S.
1063 5152 1135 5220 1.,
1165 5152 1270 5210 'cui
1300 5154 1466 5210 illum
1513 5160 1820 5211 auctorem

223 5225 813 5349 grmstantissimum,
844 5227 1136 5307 hactenus
1161 5226 1454 5296 ignotum,
1481 5226 1612 5307 luce
1629 5241 1822 5298 nuper

268 5301 539 5349 onatum.
568 5301 626 5349 ut
654 5302 712 5349 et
740 5297 971 5349 ϐοοκ-Ωιι
1006 5298 1278 5349 Phranzm
1318 5298 1671 5349 Chromcon.
1721 5297 1820 5349 de-

268 5301 539 5352 onatum.
568 5301 626 5352 ut
654 5302 712 5353 et
740 5297 971 5367 Georgii
1006 5298 1278 5353 Phranzre
1318 5297 1671 5364 Chronicon,
1721 5297 1820 5354 de-

223 5364 481 5442 bemus.‘
498 5368 610 5442 Sed
626 5368 841 5442 Latine
862 5364 1095 5442 tantum
1103 5413 1115 5436 ,
1141 5369 1305 5442 quod
1327 5369 1502 5424 unice
1523 5367 1820 5442 dolemus.

227 5439 307 5494 De
331 5437 600 5494 sandalis
623 5439 1020 5510 imperatoriis
1042 5437 1199 5495 idem
1224 5442 1694 5508 Cantacuzenus,
1714 5439 1816 5495 lib.

225 5523 428 5590 ψεαρ.
444 5510 761 5590 If.etl_ib.in
773 5515 1013 5590 capit.
1036 5511 1336 5590 Vi_dendus
1348 5512 1528 5590 etiam
1545 5510 1821 5590 Leuncla-

225 5582 361 5637 vius
371 5582 433 5637 in
444 5582 746 5640 Pandecte
759 5582 1046 5641 Historiae
1073 5584 1319 5640 Turciw.
1348 5585 1564 5641 Praetor
1584 5583 1820 5641 Gracia:

1923 4017 2264 4097 historicus,
2292 4031 2666 4097 quemsaepe
2707 4013 2795 4071 vir
2832 4028 3088 4097 maﬂgnus
3143 4013 3443 4097 producit,
3498 4016 3580 4097 ait

1923 4095 2158 4158 recepta
2175 4086 2349 4158 Cpoli
2361 4089 2583 4144 venisse
2596 4086 2657 4142 in
2678 4102 2889 4143 manus
2905 4086 3246 4158 Graecorum
3267 4087 3580 4158 imperato-

1923 4163 2018 4216 ria
2051 4156 2350 4216 Bulduini
2383 4160 2446 4214 ΙΙ
2464 4159 2886 4230 symbola,qua3
2915 4156 3151 4228 quidem
3175 4157 3302 4214 haec
3317 4157 3572 4230 fuerint,

1921 4231 2194 4307 καλύπτρα
2219 4233 2434 4307 fomite
2465 4231 2703 4307 [salinis
2727 4228 2984 4307 usitatis
3009 4234 3063 4307 et
3120 4228 3438 4307 unionibus
3485 4230 3579 4307 ai-

1921 4300 2158 4368 slincto,
2192 4300 2324 4358 cum
2363 4302 2576 4371 lapillo
2602 4300 2774 4356 rubri
2794 4301 3009 4356 coloris
3030 4301 3092 4355 in
3114 4302 3330 4357 vertice
3359 4303 3574 4370 capitis

1921 4375 2076 4445 (ejus
2097 4375 2193 4430 hic
2213 4373 2482 4430 meminit
2500 4372 3449 4445 Logotheta),calceame~ntacocco
3463 4374 3577 4428 tin-

1923 4443 2038 4509 cta.
2063 4447 2304 4516 gladius
2345 4446 2565 4516 vagina
2589 4443 2662 4499 de
2690 4443 2943 4516 coccinei
2959 4446 3174 4500 coloris
3187 4444 3372 4516 serico
3400 4444 3577 4514 facta

1924 4514 2188 4589 vestitus.
2214 4514 2521 4589 Conjunge
2551 4515 2845 4589 haaccum
2871 4514 2942 4569 iis
2964 4531 3099 4586 quia
3129 4531 3164 4570 a
3189 4515 3366 4570 nobis
3389 4530 3576 4587 supra

1925 4589 1999 4644 de
2025 4588 2181 4658 pileo
2211 4593 2267 4642 et
2287 4585 2501 4643 calceis
2535 4585 2732 4642 rubris
2757 4585 3055 4658 annotata
3071 4591 3229 4642 sunt.
3263 4585 3474 4658 DQUSA.

1999 4655 2113 4731 (81)
2177 4663 2326 4730 Παρὰ
2402 4667 2514 4731 τῶν*
2562 4662 2865 4731 Ταχαρίων.
2919 4656 3174 4731 Chalaus
3234 4655 3571 4731 Sitziscanis

1926 4726 2104 4788 ﬁlius.
2138 4735 2202 4783 ut
2239 4726 2739 4800 supraidixim’us',
2758 4728 3050 4800 superatis
3073 4727 3349 4800 Tanaidis
3380 4726 3572 4800 fandi-

1929 4801 2042 4854 bus
2079 4796 2377 4870 Europam
2409 4799 2756 4870 devastavit.
2814 4796 2969 4854 Alter
3026 4798 3386 4870 Sitziscanis
3416 4796 3573 4852 ﬁlius

1926 4866 2252 4941 Telepuges
2279 4869 2504 4939 Caspiis
2535 4870 2825 4941 augustiis
2859 4869 3175 4941 superatis,
3207 4866 3512 4941 Sogdiaua
3536 4883 3574 4941 a

1927 4937 2093 5009 tergo
2113 4939 2333 5006 relicta,
2367 4937 2692 4995 Bactrianis
2730 4944 2786 4995 et
2817 4937 3138 5008 Oxo'sogdo
3190 4937 3438 4994 ﬂumine
3493 4938 3574 4995 ad

1926 5013 2157 5069 radices
2173 5027 2530 5080 magnorum
2552 5011 2843 5081 montium
2860 5025 3214 5081 progressus
3235 5025 3373 5065 cum
3405 5025 3572 5066 exer-

1928 5085 2044 5140 citu
2072 5082 2367 5138 hibernat.
2402 5084 2625 5137 Montes
2667 5080 2833 5152 quod
2865 5080 3006 5136 una
3057 5080 3381 5152 continenti
3425 5081 3575 5138 serie

1929 5155 2249 5220 cohaerent,
2275 5169 2464 5208 unum
2481 5152 2659 5208 veluti
2673 5150 2938 5208 montem
2956 5150 3244 5218 conﬂant,
3268 5158 3325 5208 et
3339 5153 3576 5209 Taurus

1928 5226 2284 5298 dicitur,_qui
2307 5225 2507 5281 Asiam
2531 5224 2870 5298 universam
2893 5223 3156 5279 mediam
3173 5223 3401 5292 dividit,
3427 5223 3575 5298 inci-

1927 5298 2099 5371 piens
2129 5295 2455 5371 abioccasu
2487 5295 2758 5367 proxime
2783 5298 3048 5371 Egmum
3083 5310 3268 5371 mare,
3292 5301 3348 5350 et
3374 5295 3577 5351 Asiam

1929 5365 2140 5424 secans
2160 5367 2238 5424 ad
2252 5365 2644 5424 subsolahum
2663 5372 2929 5430 ventum,
2946 5367 3118 5438 juxta
3130 5365 3431 5422 Oceanum
3447 5381 3578 5422 sese

1929 5440 2280 5496 terminans.
2312 5441 2452 5495 Vere
2468 5438 2869 5494 maximorum
2892 5453 3140 5508 gregum
3165 5441 3577 5508 autarmenﬁto-

1928 5527 2063 5587 rum
2080 5511 2267 5587 instar
2280 5511 2574 5587 montium
2596 5507 2913 5587 cacumina
2934 5507 3301 5587 superant,et
3316 5507 3574 5587 populos

1929 5583 2231 5654 subjectos
2247 5582 2562 5647 invadunt,
2583 5586 2642 5638 et
2662 5582 2893 5638 Indiam
2909 5585 3242 5654 penetrant,
3273 5582 3576 5652 quantam
