  <div class='ocr_page' id='page_1' title='image "/cluster/home/n/w/nwhite01/storage/ocr_20150623/140/hvd.32044073502551/573.png"; bbox 0 0 4084 6212; ppageno 0'>
   <div class='ocr_carea' id='block_1_1' title="bbox 481 206 622 263">
    <p class='ocr_par' dir='ltr' id='par_1_1' title="bbox 481 206 622 263">
     <span class='ocr_line' id='line_1_1' title="bbox 481 206 622 263; baseline -0.021 0"><span class='ocrx_word' id='word_1_1' title='bbox 481 206 622 263; x_wconf 84' lang='grc'>1079</span> 
     </span>
    </p>
   </div>
   <div class='ocr_carea' id='block_1_2' title="bbox 1761 203 2560 263">
    <p class='ocr_par' dir='ltr' id='par_1_2' title="bbox 1761 203 2560 263">
     <span class='ocr_line' id='line_1_2' title="bbox 1761 203 2560 263; baseline -0.003 -2"><span class='ocrx_word' id='word_1_2' title='bbox 1761 206 2041 262; x_wconf 85' lang='lat' dir='ltr'>GEORGII</span> <span class='ocrx_word' id='word_1_3' title='bbox 2083 203 2560 263; x_wconf 68' lang='lat' dir='ltr'>ACROPOLITE.</span> 
     </span>
    </p>
   </div>
   <div class='ocr_carea' id='block_1_3' title="bbox 3707 206 3863 261">
    <p class='ocr_par' dir='ltr' id='par_1_3' title="bbox 3707 206 3863 261">
     <span class='ocr_line' id='line_1_3' title="bbox 3707 206 3863 261; baseline -0.013 0"><span class='ocrx_word' id='word_1_4' title='bbox 3707 206 3863 261; x_wconf 69' lang='lat'>1080</span> 
     </span>
    </p>
   </div>
   <div class='ocr_carea' id='block_1_4' title="bbox 484 325 2177 403">
    <p class='ocr_par' dir='ltr' id='par_1_4' title="bbox 484 327 2177 401">
     <span class='ocr_line' id='line_1_4' title="bbox 484 327 2177 401; baseline -0.002 -14"><span class='ocrx_word' id='word_1_5' title='bbox 484 330 712 387; x_wconf 89' lang='lat' dir='ltr'>malum</span> <span class='ocrx_word' id='word_1_6' title='bbox 742 327 1129 400; x_wconf 86' lang='lat' dir='ltr'>degeneraret</span> <span class='ocrx_word' id='word_1_7' title='bbox 1168 347 1181 383; x_wconf 91' lang='lat'><strong>:</strong></span> <span class='ocrx_word' id='word_1_8' title='bbox 1207 328 1449 401; x_wconf 88' lang='lat' dir='ltr'>potibus</span> <span class='ocrx_word' id='word_1_9' title='bbox 1479 344 1763 401; x_wconf 84' lang='lat' dir='ltr'>namque,</span> <span class='ocrx_word' id='word_1_10' title='bbox 1786 329 2135 386; x_wconf 82' lang='lat' dir='ltr'>libidinibus</span> <span class='ocrx_word' id='word_1_11' title='bbox 2165 360 2177 383; x_wconf 56' lang='grc' dir='ltr'><strong><em>λ</em></strong></span> 
     </span>
    </p>
   </div>
   <div class='ocr_carea' id='block_1_5' title="bbox 2269 325 3883 403">
    <p class='ocr_par' dir='ltr' id='par_1_5' title="bbox 2269 325 3883 403">
     <span class='ocr_line' id='line_1_5' title="bbox 2269 325 3883 403; baseline -0.001 -24"><span class='ocrx_word' id='word_1_12' title='bbox 2269 328 2448 382; x_wconf 84' lang='grc' dir='ltr'>,έλυται</span> <span class='ocrx_word' id='word_1_13' title='bbox 2481 329 2724 402; x_wconf 80' lang='grc' dir='ltr'>στρατιὰ,</span> <span class='ocrx_word' id='word_1_14' title='bbox 2760 327 3039 391; x_wconf 82' lang='grc' dir='ltr'>σουλτάνος</span> <span class='ocrx_word' id='word_1_15' title='bbox 3069 325 3128 382; x_wconf 76' lang='grc' dir='ltr'>δὲ</span> <span class='ocrx_word' id='word_1_16' title='bbox 3165 326 3328 403; x_wconf 69' lang='grc' dir='ltr'>ἦρχεν</span> <span class='ocrx_word' id='word_1_17' title='bbox 3383 328 3551 381; x_wconf 71' lang='grc' dir='ltr'>αὐτῶν</span> <span class='ocrx_word' id='word_1_18' title='bbox 3606 327 3672 380; x_wconf 76' lang='grc' dir='ltr'>οὗ</span> <span class='ocrx_word' id='word_1_19' title='bbox 3717 326 3883 384; x_wconf 48' lang='grc' dir='ltr'>κλῆρ</span> 
     </span>
    </p>
   </div>
   <div class='ocr_carea' id='block_1_6' title="bbox 486 418 2135 491">
    <p class='ocr_par' dir='ltr' id='par_1_6' title="bbox 486 418 2135 491">
     <span class='ocr_line' id='line_1_6' title="bbox 486 418 2135 491; baseline -0.001 -14"><span class='ocrx_word' id='word_1_20' title='bbox 486 419 889 477; x_wconf 78' lang='lat' dir='ltr'>monstruosis</span> <span class='ocrx_word' id='word_1_21' title='bbox 916 418 1415 490; x_wconf 85' lang='lat' dir='ltr'>exsecrandisque</span> <span class='ocrx_word' id='word_1_22' title='bbox 1437 418 1745 474; x_wconf 89' lang='lat' dir='ltr'>amoribus</span> <span class='ocrx_word' id='word_1_23' title='bbox 1770 419 1989 485; x_wconf 83' lang='lat' dir='ltr'>furens,</span> <span class='ocrx_word' id='word_1_24' title='bbox 2006 435 2135 491; x_wconf 81' lang='lat' dir='ltr'>per-</span> 
     </span>
    </p>
   </div>
   <div class='ocr_carea' id='block_1_7' title="bbox 486 506 2136 581">
    <p class='ocr_par' dir='ltr' id='par_1_7' title="bbox 486 506 2136 581">
     <span class='ocr_line' id='line_1_7' title="bbox 486 506 2136 581; baseline -0.001 -16"><span class='ocrx_word' id='word_1_25' title='bbox 486 514 668 581; x_wconf 92' lang='lat' dir='ltr'>petuo</span> <span class='ocrx_word' id='word_1_26' title='bbox 708 524 843 562; x_wconf 89' lang='lat' dir='ltr'>cum</span> <span class='ocrx_word' id='word_1_27' title='bbox 896 506 1402 562; x_wconf 90' lang='lat' dir='ltr'>homuncionibus</span> <span class='ocrx_word' id='word_1_28' title='bbox 1453 510 1509 562; x_wconf 93' lang='lat' dir='ltr'>et</span> <span class='ocrx_word' id='word_1_29' title='bbox 1541 508 1783 563; x_wconf 81' lang='lat' dir='ltr'>rationis</span> <span class='ocrx_word' id='word_1_30' title='bbox 1805 512 1862 564; x_wconf 92' lang='lat' dir='ltr'>et</span> <span class='ocrx_word' id='word_1_31' title='bbox 1908 514 2136 563; x_wconf 67' lang='lat' dir='ltr'>naturae</span> 
     </span>
    </p>
   </div>
   <div class='ocr_carea' id='block_1_8' title="bbox 486 595 2137 669">
    <p class='ocr_par' dir='ltr' id='par_1_8' title="bbox 486 595 2137 669">
     <span class='ocr_line' id='line_1_8' title="bbox 486 595 2137 669; baseline -0.001 -15"><span class='ocrx_word' id='word_1_32' title='bbox 486 598 769 654; x_wconf 81' lang='lat' dir='ltr'>humanae</span> <span class='ocrx_word' id='word_1_33' title='bbox 796 595 1031 667; x_wconf 86' lang='lat' dir='ltr'>penitus</span> <span class='ocrx_word' id='word_1_34' title='bbox 1056 596 1279 665; x_wconf 90' lang='lat' dir='ltr'>ignaris</span> <span class='ocrx_word' id='word_1_35' title='bbox 1306 597 1757 668; x_wconf 72' lang='lat' dir='ltr'>consuescebat,</span> <span class='ocrx_word' id='word_1_36' title='bbox 1781 598 2010 669; x_wconf 84' lang='lat' dir='ltr'>parenti</span> <span class='ocrx_word' id='word_1_37' title='bbox 2029 613 2137 652; x_wconf 87' lang='lat' dir='ltr'>suo</span> 
     </span>
    </p>
   </div>
   <div class='ocr_carea' id='block_1_9' title="bbox 488 684 2136 759">
    <p class='ocr_par' dir='ltr' id='par_1_9' title="bbox 488 684 2136 759">
     <span class='ocr_line' id='line_1_9' title="bbox 488 684 2136 759; baseline 0.001 -18"><span class='ocrx_word' id='word_1_38' title='bbox 488 685 813 751; x_wconf 88' lang='lat' dir='ltr'>dissimilis,</span> <span class='ocrx_word' id='word_1_39' title='bbox 845 684 949 756; x_wconf 87' lang='lat' dir='ltr'>qui</span> <span class='ocrx_word' id='word_1_40' title='bbox 968 684 1335 751; x_wconf 87' lang='lat' dir='ltr'>libidinibus,</span> <span class='ocrx_word' id='word_1_41' title='bbox 1361 701 1482 741; x_wconf 90' lang='lat' dir='ltr'>non</span> <span class='ocrx_word' id='word_1_42' title='bbox 1506 687 1587 743; x_wconf 90' lang='lat' dir='ltr'>ita</span> <span class='ocrx_word' id='word_1_43' title='bbox 1608 691 1831 753; x_wconf 87' lang='lat' dir='ltr'>tamen,</span> <span class='ocrx_word' id='word_1_44' title='bbox 1851 686 2101 759; x_wconf 87' lang='lat' dir='ltr'>parebat</span> <span class='ocrx_word' id='word_1_45' title='bbox 2124 702 2136 753; x_wconf 93' lang='lat'><strong>;</strong></span> 
     </span>
    </p>
   </div>
   <div class='ocr_carea' id='block_1_10' title="bbox 486 774 2139 849">
    <p class='ocr_par' dir='ltr' id='par_1_10' title="bbox 486 774 2139 849">
     <span class='ocr_line' id='line_1_10' title="bbox 486 774 2139 849; baseline 0.001 -18"><span class='ocrx_word' id='word_1_46' title='bbox 486 791 673 849; x_wconf 89' lang='lat' dir='ltr'>quare</span> <span class='ocrx_word' id='word_1_47' title='bbox 700 778 757 830; x_wconf 90' lang='lat' dir='ltr'>et</span> <span class='ocrx_word' id='word_1_48' title='bbox 784 774 997 830; x_wconf 91' lang='lat' dir='ltr'>melius</span> <span class='ocrx_word' id='word_1_49' title='bbox 1058 776 1537 847; x_wconf 79' lang='lat' dir='ltr'>progenitoribus</span> <span class='ocrx_word' id='word_1_50' title='bbox 1590 778 1716 847; x_wconf 91' lang='lat' dir='ltr'>ipse</span> <span class='ocrx_word' id='word_1_51' title='bbox 1776 778 1897 832; x_wconf 90' lang='lat' dir='ltr'>suis</span> <span class='ocrx_word' id='word_1_52' title='bbox 1949 777 2139 833; x_wconf 89' lang='lat' dir='ltr'>aciem</span> 
     </span>
    </p>
   </div>
   <div class='ocr_carea' id='block_1_11' title="bbox 491 864 2136 937">
    <p class='ocr_par' dir='ltr' id='par_1_11' title="bbox 491 864 2136 937">
     <span class='ocr_line' id='line_1_11' title="bbox 491 864 2136 937; baseline -0.001 -15"><span class='ocrx_word' id='word_1_53' title='bbox 491 864 780 935; x_wconf 87' lang='lat' dir='ltr'>struebat,</span> <span class='ocrx_word' id='word_1_54' title='bbox 835 880 977 933; x_wconf 83' lang='lat' dir='ltr'>erga</span> <span class='ocrx_word' id='word_1_55' title='bbox 1050 865 1471 937; x_wconf 84' lang='lat' dir='ltr'>imperatorem</span> <span class='ocrx_word' id='word_1_56' title='bbox 1526 865 1814 922; x_wconf 84' lang='lat' dir='ltr'>benevole</span> <span class='ocrx_word' id='word_1_57' title='bbox 1868 866 2136 922; x_wconf 73' lang='lat' dir='ltr'>affectus.</span> 
     </span>
    </p>
   </div>
   <div class='ocr_carea' id='block_1_12' title="bbox 490 952 2142 1025">
    <p class='ocr_par' dir='ltr' id='par_1_12' title="bbox 490 952 2142 1025">
     <span class='ocr_line' id='line_1_12' title="bbox 490 952 2142 1025; baseline 0.001 -16"><span class='ocrx_word' id='word_1_58' title='bbox 490 955 715 1010; x_wconf 87' lang='lat' dir='ltr'>Verum</span> <span class='ocrx_word' id='word_1_59' title='bbox 740 952 963 1025; x_wconf 90' lang='lat' dir='ltr'>quibus</span> <span class='ocrx_word' id='word_1_60' title='bbox 994 953 1101 1009; x_wconf 90' lang='lat' dir='ltr'>iste</span> <span class='ocrx_word' id='word_1_61' title='bbox 1134 953 1562 1021; x_wconf 85' lang='lat' dir='ltr'>delectabatur,</span> <span class='ocrx_word' id='word_1_62' title='bbox 1592 956 1801 1012; x_wconf 86' lang='lat' dir='ltr'>iisdem</span> <span class='ocrx_word' id='word_1_63' title='bbox 1839 956 2142 1013; x_wconf 85' lang='lat' dir='ltr'>saturitate</span> 
     </span>
    </p>
   </div>
   <div class='ocr_carea' id='block_1_13' title="bbox 490 1043 2143 1116">
    <p class='ocr_par' dir='ltr' id='par_1_13' title="bbox 490 1043 2143 1116">
     <span class='ocr_line' id='line_1_13' title="bbox 490 1043 2143 1116; baseline -0.001 -14"><span class='ocrx_word' id='word_1_64' title='bbox 490 1060 616 1102; x_wconf 90' lang='lat' dir='ltr'>non</span> <span class='ocrx_word' id='word_1_65' title='bbox 645 1044 921 1099; x_wconf 82' lang='lat' dir='ltr'>fraudata</span> <span class='ocrx_word' id='word_1_66' title='bbox 947 1043 1191 1113; x_wconf 85' lang='lat' dir='ltr'>adjutus</span> <span class='ocrx_word' id='word_1_67' title='bbox 1223 1049 1311 1100; x_wconf 91' lang='lat' dir='ltr'>est</span> <span class='ocrx_word' id='word_1_68' title='bbox 1347 1066 1359 1104; x_wconf 86' lang='lat'><strong>:</strong></span> <span class='ocrx_word' id='word_1_69' title='bbox 1394 1045 1497 1116; x_wconf 88' lang='lat' dir='ltr'>qui</span> <span class='ocrx_word' id='word_1_70' title='bbox 1538 1062 1674 1101; x_wconf 90' lang='lat' dir='ltr'>cum</span> <span class='ocrx_word' id='word_1_71' title='bbox 1736 1062 1799 1101; x_wconf 90' lang='lat' dir='ltr'>se</span> <span class='ocrx_word' id='word_1_72' title='bbox 1857 1046 2029 1103; x_wconf 88' lang='lat' dir='ltr'>vellet</span> <span class='ocrx_word' id='word_1_73' title='bbox 2082 1046 2143 1102; x_wconf 94' lang='lat' dir='ltr'>in</span> 
     </span>
    </p>
   </div>
   <div class='ocr_carea' id='block_1_14' title="bbox 493 1133 2145 1208">
    <p class='ocr_par' dir='ltr' id='par_1_14' title="bbox 493 1133 2145 1208">
     <span class='ocr_line' id='line_1_14' title="bbox 493 1133 2145 1208; baseline 0.002 -19"><span class='ocrx_word' id='word_1_74' title='bbox 493 1149 702 1204; x_wconf 87' lang='lat' dir='ltr'>pugna</span> <span class='ocrx_word' id='word_1_75' title='bbox 774 1133 1096 1189; x_wconf 90' lang='lat' dir='ltr'>Tacharica</span> <span class='ocrx_word' id='word_1_76' title='bbox 1146 1134 1418 1205; x_wconf 82' lang='lat' dir='ltr'>experiri,</span> <span class='ocrx_word' id='word_1_77' title='bbox 1470 1134 1818 1191; x_wconf 87' lang='lat' dir='ltr'>debellatur.</span> <span class='ocrx_word' id='word_1_78' title='bbox 1880 1139 1946 1191; x_wconf 91' lang='lat' dir='ltr'>Et</span> <span class='ocrx_word' id='word_1_79' title='bbox 1994 1151 2145 1208; x_wconf 89' lang='lat' dir='ltr'>pene</span> 
     </span>
    </p>
   </div>
   <div class='ocr_carea' id='block_1_15' title="bbox 495 1221 2147 1296">
    <p class='ocr_par' dir='ltr' id='par_1_15' title="bbox 495 1221 2147 1296">
     <span class='ocr_line' id='line_1_15' title="bbox 495 1221 2147 1296; baseline 0.001 -16"><span class='ocrx_word' id='word_1_80' title='bbox 495 1223 678 1280; x_wconf 85' lang='lat' dir='ltr'>rebus</span> <span class='ocrx_word' id='word_1_81' title='bbox 702 1224 925 1279; x_wconf 82' lang='lat' dir='ltr'>aversis</span> <span class='ocrx_word' id='word_1_82' title='bbox 971 1221 1199 1291; x_wconf 84' lang='lat' dir='ltr'>legatos</span> <span class='ocrx_word' id='word_1_83' title='bbox 1265 1224 1342 1278; x_wconf 89' lang='lat' dir='ltr'>ad</span> <span class='ocrx_word' id='word_1_84' title='bbox 1389 1224 1812 1296; x_wconf 84' lang='lat' dir='ltr'>imperatorem</span> <span class='ocrx_word' id='word_1_85' title='bbox 1856 1228 2147 1281; x_wconf 87' lang='lat' dir='ltr'>Joannem</span> 
     </span>
    </p>
   </div>
   <div class='ocr_carea' id='block_1_16' title="bbox 496 1313 2148 1389">
    <p class='ocr_par' dir='ltr' id='par_1_16' title="bbox 496 1313 2148 1389">
     <span class='ocr_line' id='line_1_16' title="bbox 496 1313 2148 1389; baseline 0.001 -19"><span class='ocrx_word' id='word_1_86' title='bbox 496 1314 691 1384; x_wconf 84' lang='lat' dir='ltr'>mittit,</span> <span class='ocrx_word' id='word_1_87' title='bbox 726 1313 1041 1369; x_wconf 87' lang='lat' dir='ltr'>consilium</span> <span class='ocrx_word' id='word_1_88' title='bbox 1070 1315 1605 1385; x_wconf 81' lang='lat' dir='ltr'>praesentissimum</span> <span class='ocrx_word' id='word_1_89' title='bbox 1626 1321 1851 1387; x_wconf 86' lang='lat' dir='ltr'>petens,</span> <span class='ocrx_word' id='word_1_90' title='bbox 1879 1333 2148 1389; x_wconf 89' lang='lat' dir='ltr'>quanam</span> 
     </span>
    </p>
   </div>
   <div class='ocr_carea' id='block_1_17' title="bbox 496 1404 2145 1479">
    <p class='ocr_par' dir='ltr' id='par_1_17' title="bbox 496 1404 2145 1479">
     <span class='ocr_line' id='line_1_17' title="bbox 496 1404 2145 1479; baseline 0.001 -18"><span class='ocrx_word' id='word_1_91' title='bbox 496 1404 744 1461; x_wconf 88' lang='lat' dir='ltr'>tandem</span> <span class='ocrx_word' id='word_1_92' title='bbox 773 1404 899 1476; x_wconf 91' lang='lat' dir='ltr'>ipse</span> <span class='ocrx_word' id='word_1_93' title='bbox 923 1404 1151 1459; x_wconf 83' lang='lat' dir='ltr'>ratione</span> <span class='ocrx_word' id='word_1_94' title='bbox 1172 1404 1407 1461; x_wconf 89' lang='lat' dir='ltr'>hostem</span> <span class='ocrx_word' id='word_1_95' title='bbox 1428 1406 1732 1477; x_wconf 88' lang='lat' dir='ltr'>repelleret</span> <span class='ocrx_word' id='word_1_96' title='bbox 1758 1414 1816 1461; x_wconf 84' lang='lat' dir='ltr'>et</span> <span class='ocrx_word' id='word_1_97' title='bbox 1837 1407 2145 1479; x_wconf 87' lang='lat' dir='ltr'>paululum</span> 
     </span>
    </p>
   </div>
   <div class='ocr_carea' id='block_1_18' title="bbox 498 1491 2150 1567">
    <p class='ocr_par' dir='ltr' id='par_1_18' title="bbox 498 1491 2150 1567">
     <span class='ocr_line' id='line_1_18' title="bbox 498 1491 2150 1567; baseline 0.001 -18"><span class='ocrx_word' id='word_1_98' title='bbox 498 1509 536 1549; x_wconf 81' lang='grc' dir='ltr'>ε.</span> <span class='ocrx_word' id='word_1_99' title='bbox 561 1492 735 1548; x_wconf 90' lang='lat' dir='ltr'>maiis</span> <span class='ocrx_word' id='word_1_100' title='bbox 768 1491 1201 1557; x_wconf 81' lang='lat' dir='ltr'>sublevaretur,</span> <span class='ocrx_word' id='word_1_101' title='bbox 1230 1494 1291 1548; x_wconf 91' lang='lat' dir='ltr'>id</span> <span class='ocrx_word' id='word_1_102' title='bbox 1324 1493 1545 1550; x_wconf 87' lang='lat' dir='ltr'>scilicet</span> <span class='ocrx_word' id='word_1_103' title='bbox 1572 1495 1851 1550; x_wconf 88' lang='lat' dir='ltr'>dictitans</span> <span class='ocrx_word' id='word_1_104' title='bbox 1885 1496 2150 1567; x_wconf 89' lang='lat' dir='ltr'>utrisque</span> 
     </span>
    </p>
   </div>
   <div class='ocr_carea' id='block_1_19' title="bbox 499 1582 2152 1641">
    <p class='ocr_par' dir='ltr' id='par_1_19' title="bbox 499 1582 2152 1641">
     <span class='ocr_line' id='line_1_19' title="bbox 499 1582 2152 1641; baseline 0.001 -3"><span class='ocrx_word' id='word_1_105' title='bbox 499 1582 758 1638; x_wconf 88' lang='lat' dir='ltr'>salutare</span> <span class='ocrx_word' id='word_1_106' title='bbox 802 1597 932 1637; x_wconf 90' lang='lat' dir='ltr'>esse</span> <span class='ocrx_word' id='word_1_107' title='bbox 1010 1599 1022 1636; x_wconf 89' lang='lat'><strong>:</strong></span> <span class='ocrx_word' id='word_1_108' title='bbox 1111 1582 1496 1639; x_wconf 87' lang='lat' dir='ltr'>Musulmanis</span> <span class='ocrx_word' id='word_1_109' title='bbox 1584 1585 1740 1640; x_wconf 90' lang='lat' dir='ltr'>enim</span> <span class='ocrx_word' id='word_1_110' title='bbox 1794 1601 1831 1640; x_wconf 87' lang='lat' dir='ltr'>a</span> <span class='ocrx_word' id='word_1_111' title='bbox 1894 1585 2152 1641; x_wconf 89' lang='lat' dir='ltr'>tacharis</span> 
     </span>
    </p>
   </div>
   <div class='ocr_carea' id='block_1_20' title="bbox 497 1670 2177 1745">
    <p class='ocr_par' dir='ltr' id='par_1_20' title="bbox 497 1671 2152 1745">
     <span class='ocr_line' id='line_1_20' title="bbox 497 1671 2152 1745; baseline 0.002 -17"><span class='ocrx_word' id='word_1_112' title='bbox 497 1672 833 1745; x_wconf 84' lang='lat' dir='ltr'>prostratis,</span> <span class='ocrx_word' id='word_1_113' title='bbox 866 1671 927 1727; x_wconf 90' lang='lat' dir='ltr'>in</span> <span class='ocrx_word' id='word_1_114' title='bbox 960 1675 1261 1729; x_wconf 82' lang='lat' dir='ltr'>Romanas</span> <span class='ocrx_word' id='word_1_115' title='bbox 1308 1674 1573 1730; x_wconf 88' lang='lat' dir='ltr'>civitates</span> <span class='ocrx_word' id='word_1_116' title='bbox 1625 1675 1821 1731; x_wconf 90' lang='lat' dir='ltr'>aditus</span> <span class='ocrx_word' id='word_1_117' title='bbox 1876 1676 2044 1732; x_wconf 88' lang='lat' dir='ltr'>liberi</span> <span class='ocrx_word' id='word_1_118' title='bbox 2082 1692 2152 1731; x_wconf 91' lang='lat' dir='ltr'>ac</span> 
     </span>
    </p>
   </div>
   <div class='ocr_carea' id='block_1_21' title="bbox 2269 1670 2931 1745">
    <p class='ocr_par' dir='ltr' id='par_1_21' title="bbox 2269 1670 2931 1745">
     <span class='ocr_line' id='line_1_21' title="bbox 2269 1670 2931 1745; baseline 0.006 -22"><span class='ocrx_word' id='word_1_119' title='bbox 2269 1680 2350 1724; x_wconf 75' lang='grc' dir='ltr'>τοῦ</span> <span class='ocrx_word' id='word_1_120' title='bbox 2407 1670 2604 1745; x_wconf 78' lang='grc' dir='ltr'>βάρους</span> <span class='ocrx_word' id='word_1_121' title='bbox 2652 1672 2811 1724; x_wconf 72' lang='grc' dir='ltr'>αὐτου</span> <span class='ocrx_word' id='word_1_122' title='bbox 2864 1672 2931 1727; x_wconf 79' lang='grc' dir='ltr'>⁸ο.</span> 
     </span>
    </p>
   </div>
   <div class='ocr_carea' id='block_1_22' title="bbox 495 1760 2153 1833">
    <p class='ocr_par' dir='ltr' id='par_1_22' title="bbox 495 1760 2153 1833">
     <span class='ocr_line' id='line_1_22' title="bbox 495 1760 2153 1833; baseline 0.002 -16"><span class='ocrx_word' id='word_1_123' title='bbox 495 1760 624 1817; x_wconf 89' lang='lat' dir='ltr'>sine</span> <span class='ocrx_word' id='word_1_124' title='bbox 652 1760 1102 1833; x_wconf 90' lang='lat' dir='ltr'>impedimento,</span> <span class='ocrx_word' id='word_1_125' title='bbox 1129 1762 1291 1833; x_wconf 91' lang='lat' dir='ltr'>quod</span> <span class='ocrx_word' id='word_1_126' title='bbox 1314 1767 1369 1817; x_wconf 91' lang='lat' dir='ltr'>et</span> <span class='ocrx_word' id='word_1_127' title='bbox 1391 1764 1770 1819; x_wconf 88' lang='lat' dir='ltr'>verissimum</span> <span class='ocrx_word' id='word_1_128' title='bbox 1792 1771 1937 1833; x_wconf 83' lang='lat' dir='ltr'>erat,</span> <span class='ocrx_word' id='word_1_129' title='bbox 1972 1767 2153 1821; x_wconf 86' lang='lat' dir='ltr'>hosti-</span> 
     </span>
    </p>
   </div>
   <div class='ocr_carea' id='block_1_23' title="bbox 497 1850 2148 1925">
    <p class='ocr_par' dir='ltr' id='par_1_23' title="bbox 497 1850 2148 1925">
     <span class='ocr_line' id='line_1_23' title="bbox 497 1850 2148 1925; baseline 0.004 -19"><span class='ocrx_word' id='word_1_130' title='bbox 497 1850 633 1916; x_wconf 83' lang='lat' dir='ltr'>bus,</span> <span class='ocrx_word' id='word_1_131' title='bbox 650 1866 787 1905; x_wconf 91' lang='lat' dir='ltr'>cum</span> <span class='ocrx_word' id='word_1_132' title='bbox 802 1865 904 1905; x_wconf 91' lang='lat' dir='ltr'>eos</span> <span class='ocrx_word' id='word_1_133' title='bbox 922 1850 1245 1922; x_wconf 91' lang='lat' dir='ltr'>reprimere</span> <span class='ocrx_word' id='word_1_134' title='bbox 1258 1867 1378 1906; x_wconf 91' lang='lat' dir='ltr'>non</span> <span class='ocrx_word' id='word_1_135' title='bbox 1392 1853 1608 1924; x_wconf 88' lang='lat' dir='ltr'>possis,</span> <span class='ocrx_word' id='word_1_136' title='bbox 1632 1855 1942 1925; x_wconf 87' lang='lat' dir='ltr'>patebunt.</span> <span class='ocrx_word' id='word_1_137' title='bbox 1972 1858 2148 1912; x_wconf 89' lang='lat' dir='ltr'>Porro</span> 
     </span>
    </p>
   </div>
   <div class='ocr_carea' id='block_1_24' title="bbox 497 1940 2153 2015">
    <p class='ocr_par' dir='ltr' id='par_1_24' title="bbox 497 1940 2153 2015">
     <span class='ocr_line' id='line_1_24' title="bbox 497 1940 2153 2015; baseline 0.003 -19"><span class='ocrx_word' id='word_1_138' title='bbox 497 1940 824 2012; x_wconf 88' lang='lat' dir='ltr'>imperator</span> <span class='ocrx_word' id='word_1_139' title='bbox 839 1940 1121 2006; x_wconf 88' lang='lat' dir='ltr'>Joannes,</span> <span class='ocrx_word' id='word_1_140' title='bbox 1140 1944 1343 2013; x_wconf 88' lang='lat' dir='ltr'>utpote</span> <span class='ocrx_word' id='word_1_141' title='bbox 1369 1942 1423 1996; x_wconf 90' lang='lat' dir='ltr'>in</span> <span class='ocrx_word' id='word_1_142' title='bbox 1443 1942 1623 1998; x_wconf 87' lang='lat' dir='ltr'>rebus</span> <span class='ocrx_word' id='word_1_143' title='bbox 1648 1943 1939 1999; x_wconf 84' lang='lat' dir='ltr'>similibus</span> <span class='ocrx_word' id='word_1_144' title='bbox 1963 1961 2153 2015; x_wconf 84' lang='lat' dir='ltr'>sagax</span> 
     </span>
    </p>
   </div>
   <div class='ocr_carea' id='block_1_25' title="bbox 495 2028 2154 2104">
    <p class='ocr_par' dir='ltr' id='par_1_25' title="bbox 495 2028 2154 2104">
     <span class='ocr_line' id='line_1_25' title="bbox 495 2028 2154 2104; baseline 0.004 -19"><span class='ocrx_word' id='word_1_145' title='bbox 495 2034 551 2085; x_wconf 92' lang='lat' dir='ltr'>et</span> <span class='ocrx_word' id='word_1_146' title='bbox 589 2028 879 2102; x_wconf 87' lang='lat' dir='ltr'>prudens,</span> <span class='ocrx_word' id='word_1_147' title='bbox 910 2028 1272 2099; x_wconf 82' lang='lat' dir='ltr'>legationem</span> <span class='ocrx_word' id='word_1_148' title='bbox 1300 2030 1492 2086; x_wconf 90' lang='lat' dir='ltr'>libens</span> <span class='ocrx_word' id='word_1_149' title='bbox 1514 2033 1748 2104; x_wconf 88' lang='lat' dir='ltr'>accipit,</span> <span class='ocrx_word' id='word_1_150' title='bbox 1800 2038 1856 2090; x_wconf 88' lang='lat' dir='ltr'>et</span> <span class='ocrx_word' id='word_1_151' title='bbox 1906 2050 2154 2091; x_wconf 90' lang='lat' dir='ltr'>concor-</span> 
     </span>
    </p>
   </div>
   <div class='ocr_carea' id='block_1_26' title="bbox 499 2118 2155 2190">
    <p class='ocr_par' dir='ltr' id='par_1_26' title="bbox 499 2118 2155 2190">
     <span class='ocr_line' id='line_1_26' title="bbox 499 2118 2155 2190; baseline 0.004 -16"><span class='ocrx_word' id='word_1_152' title='bbox 499 2118 663 2175; x_wconf 88' lang='lat' dir='ltr'>diam</span> <span class='ocrx_word' id='word_1_153' title='bbox 703 2134 841 2173; x_wconf 91' lang='lat' dir='ltr'>cum</span> <span class='ocrx_word' id='word_1_154' title='bbox 866 2118 1108 2174; x_wconf 89' lang='lat' dir='ltr'>sultano</span> <span class='ocrx_word' id='word_1_155' title='bbox 1140 2120 1532 2190; x_wconf 84' lang='lat' dir='ltr'>conglutinat,</span> <span class='ocrx_word' id='word_1_156' title='bbox 1566 2126 1629 2176; x_wconf 92' lang='lat' dir='ltr'>ut</span> <span class='ocrx_word' id='word_1_157' title='bbox 1655 2123 1738 2177; x_wconf 93' lang='lat' dir='ltr'>sic</span> <span class='ocrx_word' id='word_1_158' title='bbox 1777 2124 2155 2180; x_wconf 85' lang='lat' dir='ltr'>adversarios</span> 
     </span>
    </p>
   </div>
   <div class='ocr_carea' id='block_1_27' title="bbox 499 2206 2155 2285">
    <p class='ocr_par' dir='ltr' id='par_1_27' title="bbox 499 2206 2155 2285">
     <span class='ocr_line' id='line_1_27' title="bbox 499 2206 2155 2285; baseline 0.003 -21"><span class='ocrx_word' id='word_1_159' title='bbox 499 2206 897 2280; x_wconf 81' lang='lat' dir='ltr'>repellerent:</span> <span class='ocrx_word' id='word_1_160' title='bbox 932 2224 1076 2263; x_wconf 90' lang='lat' dir='ltr'>nam</span> <span class='ocrx_word' id='word_1_161' title='bbox 1112 2208 1205 2264; x_wconf 92' lang='lat' dir='ltr'>his</span> <span class='ocrx_word' id='word_1_162' title='bbox 1253 2210 1493 2265; x_wconf 89' lang='lat' dir='ltr'>duabus</span> <span class='ocrx_word' id='word_1_163' title='bbox 1544 2211 1825 2267; x_wconf 87' lang='lat' dir='ltr'>maximis</span> <span class='ocrx_word' id='word_1_164' title='bbox 1875 2214 2155 2285; x_wconf 89' lang='lat' dir='ltr'>potentiis</span> 
     </span>
    </p>
   </div>
   <div class='ocr_carea' id='block_1_28' title="bbox 503 2297 2158 2359">
    <p class='ocr_par' dir='ltr' id='par_1_28' title="bbox 503 2297 2158 2359">
     <span class='ocr_line' id='line_1_28' title="bbox 503 2297 2158 2359; baseline 0.002 -4"><span class='ocrx_word' id='word_1_165' title='bbox 503 2297 861 2355; x_wconf 90' lang='lat' dir='ltr'>consociatis</span> <span class='ocrx_word' id='word_1_166' title='bbox 890 2297 1227 2353; x_wconf 88' lang='lat' dir='ltr'>verosimile</span> <span class='ocrx_word' id='word_1_167' title='bbox 1258 2298 1429 2354; x_wconf 88' lang='lat' dir='ltr'>fuerit</span> <span class='ocrx_word' id='word_1_168' title='bbox 1448 2300 1680 2355; x_wconf 88' lang='lat' dir='ltr'>hostem</span> <span class='ocrx_word' id='word_1_169' title='bbox 1737 2306 1961 2357; x_wconf 90' lang='lat' dir='ltr'>metum</span> <span class='ocrx_word' id='word_1_170' title='bbox 2016 2319 2158 2359; x_wconf 88' lang='lat' dir='ltr'>con-</span> 
     </span>
    </p>
   </div>
   <div class='ocr_carea' id='block_1_29' title="bbox 504 2386 2162 2465">
    <p class='ocr_par' dir='ltr' id='par_1_29' title="bbox 504 2386 2162 2465">
     <span class='ocr_line' id='line_1_29' title="bbox 504 2386 2162 2465; baseline 0.004 -23"><span class='ocrx_word' id='word_1_171' title='bbox 504 2387 720 2457; x_wconf 88' lang='lat' dir='ltr'>cipere,</span> <span class='ocrx_word' id='word_1_172' title='bbox 755 2386 805 2440; x_wconf 90' lang='lat' dir='ltr'>si</span> <span class='ocrx_word' id='word_1_173' title='bbox 832 2386 979 2441; x_wconf 90' lang='lat' dir='ltr'>dum</span> <span class='ocrx_word' id='word_1_174' title='bbox 1001 2391 1207 2442; x_wconf 87' lang='lat' dir='ltr'>contra</span> <span class='ocrx_word' id='word_1_175' title='bbox 1227 2403 1417 2443; x_wconf 90' lang='lat' dir='ltr'>unum</span> <span class='ocrx_word' id='word_1_176' title='bbox 1439 2388 1817 2455; x_wconf 89' lang='lat' dir='ltr'>invehuntur,</span> <span class='ocrx_word' id='word_1_177' title='bbox 1841 2391 2162 2465; x_wconf 87' lang='lat' dir='ltr'>derepente</span> 
     </span>
    </p>
   </div>
   <div class='ocr_carea' id='block_1_30' title="bbox 510 2474 2160 2551">
    <p class='ocr_par' dir='ltr' id='par_1_30' title="bbox 510 2474 2160 2551">
     <span class='ocr_line' id='line_1_30' title="bbox 510 2474 2160 2551; baseline 0.004 -20"><span class='ocrx_word' id='word_1_178' title='bbox 510 2478 721 2531; x_wconf 86' lang='lat' dir='ltr'>contra</span> <span class='ocrx_word' id='word_1_179' title='bbox 749 2474 903 2529; x_wconf 90' lang='lat' dir='ltr'>duos</span> <span class='ocrx_word' id='word_1_180' title='bbox 962 2491 1022 2529; x_wconf 92' lang='lat' dir='ltr'>se</span> <span class='ocrx_word' id='word_1_181' title='bbox 1071 2491 1241 2531; x_wconf 87' lang='lat' dir='ltr'>arma</span> <span class='ocrx_word' id='word_1_182' title='bbox 1297 2478 1628 2548; x_wconf 89' lang='lat' dir='ltr'>sumpsisse</span> <span class='ocrx_word' id='word_1_183' title='bbox 1684 2479 2160 2551; x_wconf 89' lang='lat' dir='ltr'>deprehendant.</span> 
     </span>
    </p>
   </div>
   <div class='ocr_carea' id='block_1_31' title="bbox 510 2563 2159 2639">
    <p class='ocr_par' dir='ltr' id='par_1_31' title="bbox 510 2563 2159 2639">
     <span class='ocr_line' id='line_1_31' title="bbox 510 2563 2159 2639; baseline 0.004 -19"><span class='ocrx_word' id='word_1_184' title='bbox 510 2567 754 2636; x_wconf 90' lang='lat' dir='ltr'>Propter</span> <span class='ocrx_word' id='word_1_185' title='bbox 778 2563 906 2618; x_wconf 65' lang='lat' dir='ltr'>hiec</span> <span class='ocrx_word' id='word_1_186' title='bbox 936 2564 1138 2635; x_wconf 91' lang='lat' dir='ltr'>itaque</span> <span class='ocrx_word' id='word_1_187' title='bbox 1172 2564 1232 2619; x_wconf 91' lang='lat' dir='ltr'>in</span> <span class='ocrx_word' id='word_1_188' title='bbox 1264 2580 1451 2619; x_wconf 90' lang='lat' dir='ltr'>unum</span> <span class='ocrx_word' id='word_1_189' title='bbox 1476 2567 1525 2636; x_wconf 86' lang='lat'><strong><em>7</em></strong></span> <span class='ocrx_word' id='word_1_190' title='bbox 1543 2567 1592 2638; x_wconf 85' lang='lat'><strong>5</strong></span> <span class='ocrx_word' id='word_1_191' title='bbox 1626 2567 1843 2622; x_wconf 88' lang='lat' dir='ltr'>animis</span> <span class='ocrx_word' id='word_1_192' title='bbox 1866 2569 2159 2639; x_wconf 88' lang='lat' dir='ltr'>coaluere,</span> 
     </span>
    </p>
   </div>
   <div class='ocr_carea' id='block_1_32' title="bbox 511 2652 2161 2725">
    <p class='ocr_par' dir='ltr' id='par_1_32' title="bbox 511 2652 2161 2725">
     <span class='ocr_line' id='line_1_32' title="bbox 511 2652 2161 2725; baseline 0.005 -17"><span class='ocrx_word' id='word_1_193' title='bbox 511 2652 838 2724; x_wconf 88' lang='lat' dir='ltr'>amboque,</span> <span class='ocrx_word' id='word_1_194' title='bbox 871 2669 1010 2708; x_wconf 91' lang='lat' dir='ltr'>cum</span> <span class='ocrx_word' id='word_1_195' title='bbox 1043 2654 1305 2708; x_wconf 86' lang='lat' dir='ltr'>Joannes</span> <span class='ocrx_word' id='word_1_196' title='bbox 1334 2654 1660 2725; x_wconf 89' lang='lat' dir='ltr'>imperator</span> <span class='ocrx_word' id='word_1_197' title='bbox 1707 2661 1833 2711; x_wconf 87' lang='lat' dir='ltr'>tum</span> <span class='ocrx_word' id='word_1_198' title='bbox 1893 2659 2161 2716; x_wconf 89' lang='lat' dir='ltr'>sultanus</span> 
     </span>
    </p>
   </div>
   <div class='ocr_carea' id='block_1_33' title="bbox 508 2742 2161 2819">
    <p class='ocr_par' dir='ltr' id='par_1_33' title="bbox 508 2742 2161 2819">
     <span class='ocr_line' id='line_1_33' title="bbox 508 2742 2161 2819; baseline 0.005 -23"><span class='ocrx_word' id='word_1_199' title='bbox 508 2742 856 2812; x_wconf 87' lang='lat' dir='ltr'>Iathatinas,</span> <span class='ocrx_word' id='word_1_200' title='bbox 892 2742 1056 2814; x_wconf 89' lang='lat' dir='ltr'>apud</span> <span class='ocrx_word' id='word_1_201' title='bbox 1077 2742 1377 2814; x_wconf 88' lang='lat' dir='ltr'>Tripolim,</span> <span class='ocrx_word' id='word_1_202' title='bbox 1399 2759 1584 2815; x_wconf 87' lang='lat' dir='ltr'>quam</span> <span class='ocrx_word' id='word_1_203' title='bbox 1606 2746 1902 2802; x_wconf 72' lang='lat' dir='ltr'>Maeander</span> <span class='ocrx_word' id='word_1_204' title='bbox 1926 2753 2161 2819; x_wconf 78' lang='lat' dir='ltr'>praeter-</span> 
     </span>
    </p>
   </div>
   <div class='ocr_carea' id='block_1_34' title="bbox 506 2830 2161 2909">
    <p class='ocr_par' dir='ltr' id='par_1_34' title="bbox 506 2830 2161 2909">
     <span class='ocr_line' id='line_1_34' title="bbox 506 2830 2161 2909; baseline 0.004 -22"><span class='ocrx_word' id='word_1_205' title='bbox 506 2830 655 2897; x_wconf 88' lang='lat' dir='ltr'>ﬂuit,</span> <span class='ocrx_word' id='word_1_206' title='bbox 717 2836 896 2902; x_wconf 85' lang='lat' dir='ltr'>ponte</span> <span class='ocrx_word' id='word_1_207' title='bbox 932 2846 968 2886; x_wconf 87' lang='lat' dir='ltr'>a</span> <span class='ocrx_word' id='word_1_208' title='bbox 1046 2831 1261 2887; x_wconf 89' lang='lat' dir='ltr'>sultani</span> <span class='ocrx_word' id='word_1_209' title='bbox 1315 2833 1489 2888; x_wconf 89' lang='lat' dir='ltr'>sociis</span> <span class='ocrx_word' id='word_1_210' title='bbox 1547 2836 1936 2906; x_wconf 85' lang='lat' dir='ltr'>extemporali</span> <span class='ocrx_word' id='word_1_211' title='bbox 1986 2838 2161 2909; x_wconf 89' lang='lat' dir='ltr'>lignis</span> 
     </span>
    </p>
   </div>
   <div class='ocr_carea' id='block_1_35' title="bbox 508 2918 2157 2999">
    <p class='ocr_par' dir='ltr' id='par_1_35' title="bbox 508 2918 2157 2999">
     <span class='ocr_line' id='line_1_35' title="bbox 508 2918 2157 2999; baseline 0.002 -23"><span class='ocrx_word' id='word_1_212' title='bbox 508 2923 827 2987; x_wconf 86' lang='lat' dir='ltr'>exstructo,</span> <span class='ocrx_word' id='word_1_213' title='bbox 857 2923 921 2974; x_wconf 92' lang='lat' dir='ltr'>ut</span> <span class='ocrx_word' id='word_1_214' title='bbox 958 2918 1187 2975; x_wconf 88' lang='lat' dir='ltr'>facilior</span> <span class='ocrx_word' id='word_1_215' title='bbox 1218 2922 1662 2999; x_wconf 86' lang='lat' dir='ltr'>transeuntibus</span> <span class='ocrx_word' id='word_1_216' title='bbox 1692 2928 1918 2994; x_wconf 90' lang='lat' dir='ltr'>pateret</span> <span class='ocrx_word' id='word_1_217' title='bbox 1938 2926 2157 2992; x_wconf 87' lang='lat' dir='ltr'>aditus,</span> 
     </span>
    </p>
   </div>
   <div class='ocr_carea' id='block_1_36' title="bbox 2248 418 3875 488">
    <p class='ocr_par' dir='ltr' id='par_1_36' title="bbox 2248 418 3875 488">
     <span class='ocr_line' id='line_1_36' title="bbox 2248 418 3875 488; baseline 0.012 -17"><span class='ocrx_word' id='word_1_218' title='bbox 2248 438 2329 481; x_wconf 89' lang='grc' dir='ltr'>σις</span> <span class='ocrx_word' id='word_1_219' title='bbox 2362 421 2405 453; x_wconf 78' lang='grc'>⁷⁵</span> <span class='ocrx_word' id='word_1_220' title='bbox 2432 418 2738 485; x_wconf 69' lang='grc' dir='ltr'>Ἰαθατίνητυ</span> <span class='ocrx_word' id='word_1_221' title='bbox 2773 420 2885 479; x_wconf 74' lang='grc' dir='ltr'>υἱὸς</span> <span class='ocrx_word' id='word_1_222' title='bbox 2906 426 2997 471; x_wconf 77' lang='grc' dir='ltr'>τοῦ</span> <span class='ocrx_word' id='word_1_223' title='bbox 3026 418 3243 471; x_wconf 75' lang='grc' dir='ltr'>σουλτάν</span> <span class='ocrx_word' id='word_1_224' title='bbox 3298 419 3539 482; x_wconf 75' lang='grc' dir='ltr'>Ἀζατίνη</span> <span class='ocrx_word' id='word_1_225' title='bbox 3580 419 3653 485; x_wconf 56' lang='grc' dir='ltr'>π,</span> <span class='ocrx_word' id='word_1_226' title='bbox 3728 423 3875 488; x_wconf 57' lang='grc' dir='ltr'>ναῖ’</span> 
     </span>
    </p>
   </div>
   <div class='ocr_carea' id='block_1_37' title="bbox 2244 506 3879 582">
    <p class='ocr_par' dir='ltr' id='par_1_37' title="bbox 2244 506 3879 582">
     <span class='ocr_line' id='line_1_37' title="bbox 2244 506 3879 582; baseline -0.001 -23"><span class='ocrx_word' id='word_1_227' title='bbox 2244 507 2329 569; x_wconf 98' lang='grc' dir='ltr'>λος</span> <span class='ocrx_word' id='word_1_228' title='bbox 2377 507 2428 570; x_wconf 82' lang='grc' dir='ltr'>ἐξ</span> <span class='ocrx_word' id='word_1_229' title='bbox 2478 506 2642 582; x_wconf 82' lang='grc' dir='ltr'>ἀρχὸς</span> <span class='ocrx_word' id='word_1_230' title='bbox 2732 512 2973 579; x_wconf 75' lang='grc' dir='ltr'>γεγονὼς,</span> <span class='ocrx_word' id='word_1_231' title='bbox 3044 540 3115 548; x_wconf 90' lang='grc'><strong>-</strong></span> <span class='ocrx_word' id='word_1_232' title='bbox 3198 511 3375 569; x_wconf 87' lang='grc' dir='ltr'>πότοις</span> <span class='ocrx_word' id='word_1_233' title='bbox 3451 509 3552 581; x_wconf 83' lang='grc' dir='ltr'>γὰρ</span> <span class='ocrx_word' id='word_1_234' title='bbox 3669 508 3879 577; x_wconf 77' lang='grc' dir='ltr'>ἔχαιρε</span> 
     </span>
    </p>
   </div>
   <div class='ocr_carea' id='block_1_38' title="bbox 2246 594 3876 669">
    <p class='ocr_par' dir='ltr' id='par_1_38' title="bbox 2246 594 3876 669">
     <span class='ocr_line' id='line_1_38' title="bbox 2246 594 3876 669; baseline -0.002 -21"><span class='ocrx_word' id='word_1_235' title='bbox 2246 602 2334 649; x_wconf 82' lang='grc' dir='ltr'>καὶ</span> <span class='ocrx_word' id='word_1_236' title='bbox 2366 596 2658 669; x_wconf 77' lang='grc' dir='ltr'>ἀσελγείαις</span> <span class='ocrx_word' id='word_1_237' title='bbox 2695 601 2785 649; x_wconf 83' lang='grc' dir='ltr'>καὶ</span> <span class='ocrx_word' id='word_1_238' title='bbox 2813 601 3011 657; x_wconf 82' lang='grc' dir='ltr'>κοίταις</span> <span class='ocrx_word' id='word_1_239' title='bbox 3042 596 3340 658; x_wconf 74' lang='grc' dir='ltr'>ἀλλοκότοις</span> <span class='ocrx_word' id='word_1_240' title='bbox 3365 616 3417 649; x_wconf 82' lang='grc' dir='ltr'>τε</span> <span class='ocrx_word' id='word_1_241' title='bbox 3450 602 3542 649; x_wconf 83' lang='grc' dir='ltr'>καὶ</span> <span class='ocrx_word' id='word_1_242' title='bbox 3608 594 3876 659; x_wconf 83' lang='grc' dir='ltr'>ἀτόποις,</span> 
     </span>
    </p>
   </div>
   <div class='ocr_carea' id='block_1_39' title="bbox 2246 680 3879 758">
    <p class='ocr_par' dir='ltr' id='par_1_39' title="bbox 2246 680 3879 758">
     <span class='ocr_line' id='line_1_39' title="bbox 2246 680 3879 758; baseline -0.003 -19"><span class='ocrx_word' id='word_1_243' title='bbox 2246 691 2335 739; x_wconf 82' lang='grc' dir='ltr'>καὶ</span> <span class='ocrx_word' id='word_1_244' title='bbox 2390 695 2547 745; x_wconf 83' lang='grc' dir='ltr'>συνῆν</span> <span class='ocrx_word' id='word_1_245' title='bbox 2605 685 2682 737; x_wconf 82' lang='grc' dir='ltr'>ἀεὶ</span> <span class='ocrx_word' id='word_1_246' title='bbox 2742 684 3127 758; x_wconf 77' lang='grc' dir='ltr'>ἀνθρωπίσκοις</span> <span class='ocrx_word' id='word_1_247' title='bbox 3195 685 3365 738; x_wconf 72' lang='grc' dir='ltr'>οὐκέτι</span> <span class='ocrx_word' id='word_1_248' title='bbox 3422 685 3572 756; x_wconf 83' lang='grc' dir='ltr'>λόγον</span> <span class='ocrx_word' id='word_1_249' title='bbox 3652 680 3879 736; x_wconf 70' lang='grc' dir='ltr'>εἰδόσιν</span> 
     </span>
    </p>
   </div>
   <div class='ocr_carea' id='block_1_40' title="bbox 2247 770 3883 849">
    <p class='ocr_par' dir='ltr' id='par_1_40' title="bbox 2247 770 3883 849">
     <span class='ocr_line' id='line_1_40' title="bbox 2247 770 3883 849; baseline -0.004 -19"><span class='ocrx_word' id='word_1_250' title='bbox 2247 773 2361 830; x_wconf 74' lang='grc' dir='ltr'>οὐδ’</span> <span class='ocrx_word' id='word_1_251' title='bbox 2384 775 2707 849; x_wconf 78' lang='grc' dir='ltr'>ἀνθρωπίνην</span> <span class='ocrx_word' id='word_1_252' title='bbox 2730 778 2882 848; x_wconf 83' lang='grc' dir='ltr'>φύσιν</span> <span class='ocrx_word' id='word_1_253' title='bbox 2921 779 2979 827; x_wconf 87' lang='grc' dir='ltr'>τὸ</span> <span class='ocrx_word' id='word_1_254' title='bbox 3040 775 3263 830; x_wconf 85' lang='grc' dir='ltr'>σόνολον.</span> <span class='ocrx_word' id='word_1_255' title='bbox 3315 775 3374 829; x_wconf 81' lang='grc' dir='ltr'>Ὀ</span> <span class='ocrx_word' id='word_1_256' title='bbox 3417 779 3594 847; x_wconf 75' lang='grc' dir='ltr'>πατὴρ</span> <span class='ocrx_word' id='word_1_257' title='bbox 3649 770 3718 825; x_wconf 66' lang='grc' dir='ltr'>δὲ</span> <span class='ocrx_word' id='word_1_258' title='bbox 3780 773 3883 823; x_wconf 69' lang='grc' dir='ltr'>αὖ·</span> 
     </span>
    </p>
   </div>
   <div class='ocr_carea' id='block_1_41' title="bbox 2248 859 3867 938">
    <p class='ocr_par' dir='ltr' id='par_1_41' title="bbox 2248 859 3867 938">
     <span class='ocr_line' id='line_1_41' title="bbox 2248 859 3867 938; baseline -0.003 -18"><span class='ocrx_word' id='word_1_259' title='bbox 2248 874 2337 920; x_wconf 79' lang='grc' dir='ltr'>τοῦ</span> <span class='ocrx_word' id='word_1_260' title='bbox 2364 866 2422 918; x_wconf 71' lang='grc' dir='ltr'>οὐ</span> <span class='ocrx_word' id='word_1_261' title='bbox 2452 874 2683 928; x_wconf 76' lang='grc' dir='ltr'>τοιοῦτος</span> <span class='ocrx_word' id='word_1_262' title='bbox 2724 862 2808 935; x_wconf 74' lang='grc' dir='ltr'>ἧν,</span> <span class='ocrx_word' id='word_1_263' title='bbox 2842 864 2945 917; x_wconf 83' lang='grc' dir='ltr'>ἀλλ’</span> <span class='ocrx_word' id='word_1_264' title='bbox 2980 867 3175 923; x_wconf 76' lang='grc' dir='ltr'>ἡττᾶτο</span> <span class='ocrx_word' id='word_1_265' title='bbox 3206 867 3317 938; x_wconf 70' lang='grc' dir='ltr'>μὲν,</span> <span class='ocrx_word' id='word_1_266' title='bbox 3375 864 3434 917; x_wconf 72' lang='grc' dir='ltr'>οὐ</span> <span class='ocrx_word' id='word_1_267' title='bbox 3488 860 3716 937; x_wconf 82' lang='grc' dir='ltr'>σφόδρα</span> <span class='ocrx_word' id='word_1_268' title='bbox 3779 859 3867 927; x_wconf 77' lang='grc' dir='ltr'>δέ,</span> 
     </span>
    </p>
   </div>
   <div class='ocr_carea' id='block_1_42' title="bbox 2250 951 3885 1028">
    <p class='ocr_par' dir='ltr' id='par_1_42' title="bbox 2250 951 3885 1028">
     <span class='ocr_line' id='line_1_42' title="bbox 2250 951 3885 1028; baseline -0.004 -19"><span class='ocrx_word' id='word_1_269' title='bbox 2250 966 2348 1009; x_wconf 83' lang='grc' dir='ltr'>τῶν</span> <span class='ocrx_word' id='word_1_270' title='bbox 2385 954 2680 1027; x_wconf 84' lang='grc' dir='ltr'>ἀσελγειών,</span> <span class='ocrx_word' id='word_1_271' title='bbox 2712 951 2797 1007; x_wconf 75' lang='grc' dir='ltr'>διὸ</span> <span class='ocrx_word' id='word_1_272' title='bbox 2837 960 2927 1008; x_wconf 84' lang='grc' dir='ltr'>καὶ</span> <span class='ocrx_word' id='word_1_273' title='bbox 2956 954 3159 1028; x_wconf 69' lang='grc' dir='ltr'>βελτιον</span> <span class='ocrx_word' id='word_1_274' title='bbox 3189 964 3291 1007; x_wconf 84' lang='grc' dir='ltr'>τῶν</span> <span class='ocrx_word' id='word_1_275' title='bbox 3318 957 3417 1028; x_wconf 86' lang='grc' dir='ltr'>πρὸ</span> <span class='ocrx_word' id='word_1_276' title='bbox 3448 954 3608 1006; x_wconf 69' lang='grc' dir='ltr'>αὐτοῦ</span> <span class='ocrx_word' id='word_1_277' title='bbox 3665 951 3885 1025; x_wconf 76' lang='grc' dir='ltr'>ἐστρα-</span> 
     </span>
    </p>
   </div>
   <div class='ocr_carea' id='block_1_43' title="bbox 2250 1040 3877 1119">
    <p class='ocr_par' dir='ltr' id='par_1_43' title="bbox 2250 1040 3877 1119">
     <span class='ocr_line' id='line_1_43' title="bbox 2250 1040 3877 1119; baseline -0.004 -21"><span class='ocrx_word' id='word_1_278' title='bbox 2250 1051 2420 1117; x_wconf 71' lang='grc' dir='ltr'>τήγει,</span> <span class='ocrx_word' id='word_1_279' title='bbox 2452 1049 2541 1097; x_wconf 90' lang='grc' dir='ltr'>καὶ</span> <span class='ocrx_word' id='word_1_280' title='bbox 2579 1044 2749 1117; x_wconf 81' lang='grc' dir='ltr'>φιλίως</span> <span class='ocrx_word' id='word_1_281' title='bbox 2814 1049 2944 1119; x_wconf 85' lang='grc' dir='ltr'>πρὸς</span> <span class='ocrx_word' id='word_1_282' title='bbox 2996 1048 3082 1097; x_wconf 84' lang='grc' dir='ltr'>τὸν</span> <span class='ocrx_word' id='word_1_283' title='bbox 3137 1043 3363 1117; x_wconf 83' lang='grc' dir='ltr'>βασιλέα</span> <span class='ocrx_word' id='word_1_284' title='bbox 3416 1040 3675 1098; x_wconf 81' lang='grc' dir='ltr'>διέκειτο.</span> <span class='ocrx_word' id='word_1_285' title='bbox 3734 1041 3877 1094; x_wconf 71' lang='grc' dir='ltr'>Ἀλλ’</span> 
     </span>
    </p>
   </div>
   <div class='ocr_carea' id='block_1_44' title="bbox 2254 1133 3887 1208">
    <p class='ocr_par' dir='ltr' id='par_1_44' title="bbox 2254 1133 3887 1208">
     <span class='ocr_line' id='line_1_44' title="bbox 2254 1133 3887 1208; baseline -0.003 -19"><span class='ocrx_word' id='word_1_286' title='bbox 2254 1136 2399 1196; x_wconf 72' lang='grc' dir='ltr'>οὗτος</span> <span class='ocrx_word' id='word_1_287' title='bbox 2437 1137 2514 1196; x_wconf 86' lang='grc' dir='ltr'>οἷς</span> <span class='ocrx_word' id='word_1_288' title='bbox 2545 1138 2746 1208; x_wconf 80' lang='grc' dir='ltr'>ἔχαιρε,</span> <span class='ocrx_word' id='word_1_289' title='bbox 2778 1134 3058 1208; x_wconf 85' lang='grc' dir='ltr'>πλησμίως</span> <span class='ocrx_word' id='word_1_290' title='bbox 3102 1137 3296 1187; x_wconf 80' lang='grc' dir='ltr'>τούτων</span> <span class='ocrx_word' id='word_1_291' title='bbox 3349 1133 3593 1186; x_wconf 75' lang='grc' dir='ltr'>ἀπώνατο</span> <span class='ocrx_word' id='word_1_292' title='bbox 3643 1134 3729 1186; x_wconf 66' lang='grc'>⁷⁷.</span> <span class='ocrx_word' id='word_1_293' title='bbox 3786 1138 3887 1184; x_wconf 55' lang='lat' dir='ltr'>III.</span> 
     </span>
    </p>
   </div>
   <div class='ocr_carea' id='block_1_45' title="bbox 2254 1223 3887 1298">
    <p class='ocr_par' dir='ltr' id='par_1_45' title="bbox 2254 1223 3887 1298">
     <span class='ocr_line' id='line_1_45' title="bbox 2254 1223 3887 1298; baseline -0.002 -20"><span class='ocrx_word' id='word_1_294' title='bbox 2254 1230 2497 1298; x_wconf 86' lang='grc' dir='ltr'>πείραται</span> <span class='ocrx_word' id='word_1_295' title='bbox 2542 1232 2669 1296; x_wconf 76' lang='grc' dir='ltr'>γοῦν</span> <span class='ocrx_word' id='word_1_296' title='bbox 2715 1226 2900 1297; x_wconf 80' lang='grc' dir='ltr'>μάχης</span> <span class='ocrx_word' id='word_1_297' title='bbox 2954 1232 3264 1298; x_wconf 85' lang='grc' dir='ltr'>Ταχαρικῆς</span> <span class='ocrx_word' id='word_1_298' title='bbox 3322 1227 3410 1275; x_wconf 90' lang='grc' dir='ltr'>καὶ</span> <span class='ocrx_word' id='word_1_299' title='bbox 3461 1224 3727 1282; x_wconf 67' lang='grc' dir='ltr'>ἣττηται.</span> <span class='ocrx_word' id='word_1_300' title='bbox 3800 1223 3887 1274; x_wconf 72' lang='grc' dir='ltr'>Ἐν</span> 
     </span>
    </p>
   </div>
   <div class='ocr_carea' id='block_1_46' title="bbox 2259 1310 3889 1388">
    <p class='ocr_par' dir='ltr' id='par_1_46' title="bbox 2259 1310 3889 1388">
     <span class='ocr_line' id='line_1_46' title="bbox 2259 1310 3889 1388; baseline -0.002 -22"><span class='ocrx_word' id='word_1_301' title='bbox 2259 1322 2417 1384; x_wconf 80' lang='grc' dir='ltr'>στενῷ</span> <span class='ocrx_word' id='word_1_302' title='bbox 2463 1322 2588 1385; x_wconf 76' lang='grc' dir='ltr'>γοῦν</span> <span class='ocrx_word' id='word_1_303' title='bbox 2649 1322 2745 1365; x_wconf 82' lang='grc' dir='ltr'>τῶν</span> <span class='ocrx_word' id='word_1_304' title='bbox 2802 1317 3123 1388; x_wconf 72' lang='grc' dir='ltr'>πραγμάτων</span> <span class='ocrx_word' id='word_1_305' title='bbox 3178 1310 3373 1384; x_wconf 77' lang='grc' dir='ltr'>κομιδῆ</span> <span class='ocrx_word' id='word_1_306' title='bbox 3428 1317 3689 1383; x_wconf 82' lang='grc' dir='ltr'>γεγονὼς,</span> <span class='ocrx_word' id='word_1_307' title='bbox 3764 1314 3889 1380; x_wconf 57' lang='lat'>39:1</span> 
     </span>
    </p>
   </div>
   <div class='ocr_carea' id='block_1_47' title="bbox 2261 1398 3889 1476">
    <p class='ocr_par' dir='ltr' id='par_1_47' title="bbox 2261 1398 3889 1476">
     <span class='ocr_line' id='line_1_47' title="bbox 2261 1398 3889 1476; baseline -0.003 -20"><span class='ocrx_word' id='word_1_308' title='bbox 2261 1403 2399 1464; x_wconf 77' lang='grc' dir='ltr'>σϐεις</span> <span class='ocrx_word' id='word_1_309' title='bbox 2430 1404 2476 1437; x_wconf 73' lang='grc'><strong>⁷⁸</strong></span> <span class='ocrx_word' id='word_1_310' title='bbox 2510 1403 2758 1475; x_wconf 78' lang='grc' dir='ltr'>ἐκπέμπει</span> <span class='ocrx_word' id='word_1_311' title='bbox 2788 1406 2912 1476; x_wconf 82' lang='grc' dir='ltr'>πρὸς</span> <span class='ocrx_word' id='word_1_312' title='bbox 2964 1407 3051 1455; x_wconf 86' lang='grc' dir='ltr'>τὸν</span> <span class='ocrx_word' id='word_1_313' title='bbox 3102 1401 3329 1475; x_wconf 75' lang='grc' dir='ltr'>βασιλέα</span> <span class='ocrx_word' id='word_1_314' title='bbox 3394 1401 3669 1469; x_wconf 82' lang='grc' dir='ltr'>Ἰωάννην,</span> <span class='ocrx_word' id='word_1_315' title='bbox 3745 1398 3889 1473; x_wconf 68' lang='grc' dir='ltr'>βου-</span> 
     </span>
    </p>
   </div>
   <div class='ocr_carea' id='block_1_48' title="bbox 2257 1490 3889 1566">
    <p class='ocr_par' dir='ltr' id='par_1_48' title="bbox 2257 1490 3889 1566">
     <span class='ocr_line' id='line_1_48' title="bbox 2257 1490 3889 1566; baseline -0.002 -22"><span class='ocrx_word' id='word_1_316' title='bbox 2257 1494 2352 1554; x_wconf 88' lang='grc' dir='ltr'>λῆς</span> <span class='ocrx_word' id='word_1_317' title='bbox 2381 1512 2434 1545; x_wconf 85' lang='grc' dir='ltr'>τε</span> <span class='ocrx_word' id='word_1_318' title='bbox 2483 1491 2638 1555; x_wconf 83' lang='grc' dir='ltr'>ἀξιῶν</span> <span class='ocrx_word' id='word_1_319' title='bbox 2683 1492 2899 1566; x_wconf 84' lang='grc' dir='ltr'>ἀρίστης</span> <span class='ocrx_word' id='word_1_320' title='bbox 2943 1492 2997 1556; x_wconf 80' lang='grc' dir='ltr'>ἐξ</span> <span class='ocrx_word' id='word_1_321' title='bbox 3053 1493 3213 1545; x_wconf 70' lang='grc' dir='ltr'>αὐτοῦ</span> <span class='ocrx_word' id='word_1_322' title='bbox 3274 1498 3479 1564; x_wconf 81' lang='grc' dir='ltr'>τυχεῖν,</span> <span class='ocrx_word' id='word_1_323' title='bbox 3540 1494 3613 1552; x_wconf 83' lang='grc' dir='ltr'>ὡς</span> <span class='ocrx_word' id='word_1_324' title='bbox 3681 1490 3889 1541; x_wconf 55' lang='lat'>6:36:39-</span> 
     </span>
    </p>
   </div>
   <div class='ocr_carea' id='block_1_49' title="bbox 2259 1581 3887 1656">
    <p class='ocr_par' dir='ltr' id='par_1_49' title="bbox 2259 1581 3887 1656">
     <span class='ocr_line' id='line_1_49' title="bbox 2259 1581 3887 1656; baseline -0.002 -21"><span class='ocrx_word' id='word_1_325' title='bbox 2259 1581 2500 1656; x_wconf 63' lang='grc' dir='ltr'>τρέφοιτο</span> <span class='ocrx_word' id='word_1_326' title='bbox 2553 1584 2599 1617; x_wconf 78' lang='lat'><strong>79</strong></span> <span class='ocrx_word' id='word_1_327' title='bbox 2660 1586 2747 1634; x_wconf 88' lang='grc' dir='ltr'>τὸν</span> <span class='ocrx_word' id='word_1_328' title='bbox 2804 1581 3078 1635; x_wconf 88' lang='grc' dir='ltr'>ἀντίπαλον</span> <span class='ocrx_word' id='word_1_329' title='bbox 3130 1586 3221 1633; x_wconf 83' lang='grc' dir='ltr'>καὶ</span> <span class='ocrx_word' id='word_1_330' title='bbox 3278 1584 3463 1656; x_wconf 81' lang='grc' dir='ltr'>μικρὸν</span> <span class='ocrx_word' id='word_1_331' title='bbox 3548 1582 3887 1652; x_wconf 67' lang='grc' dir='ltr'>κουφισθείε</span> 
     </span>
    </p>
   </div>
   <div class='ocr_carea' id='block_1_50' title="bbox 3011 1668 3888 1743">
    <p class='ocr_par' dir='ltr' id='par_1_50' title="bbox 3011 1668 3888 1743">
     <span class='ocr_line' id='line_1_50' title="bbox 3011 1668 3888 1743; baseline -0.002 -20"><span class='ocrx_word' id='word_1_332' title='bbox 3011 1668 3339 1743; x_wconf 79' lang='grc' dir='ltr'>σωτηριῶδες</span> <span class='ocrx_word' id='word_1_333' title='bbox 3424 1678 3584 1723; x_wconf 81' lang='grc' dir='ltr'>τοῦτο</span> <span class='ocrx_word' id='word_1_334' title='bbox 3650 1670 3888 1742; x_wconf 76' lang='grc' dir='ltr'>φάσκων</span> 
     </span>
    </p>
   </div>
   <div class='ocr_carea' id='block_1_51' title="bbox 2259 1760 3891 1833">
    <p class='ocr_par' dir='ltr' id='par_1_51' title="bbox 2259 1760 3891 1833">
     <span class='ocr_line' id='line_1_51' title="bbox 2259 1760 3891 1833; baseline -0.002 -20"><span class='ocrx_word' id='word_1_335' title='bbox 2259 1764 2541 1833; x_wconf 75' lang='grc' dir='ltr'>τυγχάνειν</span> <span class='ocrx_word' id='word_1_336' title='bbox 2573 1761 2614 1795; x_wconf 70' lang='grc' dir='ltr'>εί</span> <span class='ocrx_word' id='word_1_337' title='bbox 2653 1760 2838 1833; x_wconf 89' lang='grc' dir='ltr'>ἀμφοῖν</span> <span class='ocrx_word' id='word_1_338' title='bbox 2868 1762 3004 1833; x_wconf 75' lang='grc'>(82)·</span> <span class='ocrx_word' id='word_1_339' title='bbox 3049 1768 3142 1812; x_wconf 81' lang='grc' dir='ltr'>τοῦ</span> <span class='ocrx_word' id='word_1_340' title='bbox 3179 1763 3278 1833; x_wconf 83' lang='grc' dir='ltr'>γὰρ</span> <span class='ocrx_word' id='word_1_341' title='bbox 3335 1764 3510 1832; x_wconf 84' lang='grc' dir='ltr'>γένους</span> <span class='ocrx_word' id='word_1_342' title='bbox 3566 1768 3674 1811; x_wconf 77' lang='grc' dir='ltr'>τῶν</span> <span class='ocrx_word' id='word_1_343' title='bbox 3737 1766 3891 1811; x_wconf 75' lang='grc' dir='ltr'>Μου-</span> 
     </span>
    </p>
   </div>
   <div class='ocr_carea' id='block_1_52' title="bbox 2264 1848 3893 1925">
    <p class='ocr_par' dir='ltr' id='par_1_52' title="bbox 2264 1848 3893 1925">
     <span class='ocr_line' id='line_1_52' title="bbox 2264 1848 3893 1925; baseline -0.002 -21"><span class='ocrx_word' id='word_1_344' title='bbox 2264 1850 2562 1923; x_wconf 70' lang='grc' dir='ltr'>σουὶμάνων</span> <span class='ocrx_word' id='word_1_345' title='bbox 2618 1853 2762 1922; x_wconf 88' lang='grc' dir='ltr'>παρά</span> <span class='ocrx_word' id='word_1_346' title='bbox 2818 1859 2916 1903; x_wconf 87' lang='grc' dir='ltr'>τῶν</span> <span class='ocrx_word' id='word_1_347' title='bbox 2964 1853 3226 1925; x_wconf 83' lang='grc' dir='ltr'>Ταχάρων</span> <span class='ocrx_word' id='word_1_348' title='bbox 3288 1848 3616 1911; x_wconf 79' lang='grc' dir='ltr'>ἀπολωλότος</span> <span class='ocrx_word' id='word_1_349' title='bbox 3706 1851 3893 1908; x_wconf 76' lang='grc' dir='ltr'>ἄνετος</span> 
     </span>
    </p>
   </div>
   <div class='ocr_carea' id='block_1_53' title="bbox 2260 1939 3890 2011">
    <p class='ocr_par' dir='ltr' id='par_1_53' title="bbox 2260 1939 3890 2011">
     <span class='ocr_line' id='line_1_53' title="bbox 2260 1939 3890 2011; baseline -0.002 -19"><span class='ocrx_word' id='word_1_350' title='bbox 2260 1940 2488 1992; x_wconf 88' lang='grc' dir='ltr'>λείπεται</span> <span class='ocrx_word' id='word_1_351' title='bbox 2510 1948 2618 2002; x_wconf 90' lang='grc' dir='ltr'>τοῖς</span> <span class='ocrx_word' id='word_1_352' title='bbox 2674 1939 2921 2000; x_wconf 81' lang='grc' dir='ltr'>ἐναντίοις</span> <span class='ocrx_word' id='word_1_353' title='bbox 2967 1942 2996 1999; x_wconf 81' lang='grc' dir='ltr'>η</span> <span class='ocrx_word' id='word_1_354' title='bbox 3057 1942 3188 1992; x_wconf 84' lang='grc' dir='ltr'>κατά</span> <span class='ocrx_word' id='word_1_355' title='bbox 3245 1948 3342 1993; x_wconf 84' lang='grc' dir='ltr'>τῶν</span> <span class='ocrx_word' id='word_1_356' title='bbox 3404 1939 3719 2011; x_wconf 82' lang='grc' dir='ltr'>Ῥωμαῖκῶν</span> <span class='ocrx_word' id='word_1_357' title='bbox 3771 1960 3890 2010; x_wconf 68' lang='grc' dir='ltr'>χω-</span> 
     </span>
    </p>
   </div>
   <div class='ocr_carea' id='block_1_54' title="bbox 2264 2025 3887 2103">
    <p class='ocr_par' dir='ltr' id='par_1_54' title="bbox 2264 2025 3887 2103">
     <span class='ocr_line' id='line_1_54' title="bbox 2264 2025 3887 2103; baseline -0.001 -22"><span class='ocrx_word' id='word_1_358' title='bbox 2264 2038 2365 2103; x_wconf 80' lang='grc' dir='ltr'>ρῶν</span> <span class='ocrx_word' id='word_1_359' title='bbox 2412 2025 2614 2101; x_wconf 71' lang='grc' dir='ltr'>ἔφοδος.</span> <span class='ocrx_word' id='word_1_360' title='bbox 2671 2034 2769 2081; x_wconf 82' lang='grc' dir='ltr'>Καὶ</span> <span class='ocrx_word' id='word_1_361' title='bbox 2820 2026 2881 2087; x_wconf 75' lang='grc' dir='ltr'>ἦν</span> <span class='ocrx_word' id='word_1_362' title='bbox 2932 2037 3083 2081; x_wconf 80' lang='grc' dir='ltr'>τοῦτο</span> <span class='ocrx_word' id='word_1_363' title='bbox 3132 2030 3266 2081; x_wconf 85' lang='grc' dir='ltr'>πάνυ</span> <span class='ocrx_word' id='word_1_364' title='bbox 3324 2048 3384 2099; x_wconf 82' lang='grc' dir='ltr'>γε</span> <span class='ocrx_word' id='word_1_365' title='bbox 3432 2027 3621 2089; x_wconf 82' lang='grc' dir='ltr'>ἀληθές</span> <span class='ocrx_word' id='word_1_366' title='bbox 3682 2028 3767 2063; x_wconf 77' lang='grc'>⁸³·</span> <span class='ocrx_word' id='word_1_367' title='bbox 3796 2030 3799 2031; x_wconf 50' lang='grc'><strong><em>⁷</em></strong></span> <span class='ocrx_word' id='word_1_368' title='bbox 3828 2028 3887 2079; x_wconf 83' lang='grc' dir='ltr'><strong>Ὀ</strong></span> 
     </span>
    </p>
   </div>
   <div class='ocr_carea' id='block_1_55' title="bbox 2263 2115 3890 2192">
    <p class='ocr_par' dir='ltr' id='par_1_55' title="bbox 2263 2115 3890 2192">
     <span class='ocr_line' id='line_1_55' title="bbox 2263 2115 3890 2192; baseline -0.001 -21"><span class='ocrx_word' id='word_1_369' title='bbox 2263 2128 2388 2192; x_wconf 74' lang='grc' dir='ltr'>γοῦν</span> <span class='ocrx_word' id='word_1_370' title='bbox 2418 2120 2657 2181; x_wconf 75' lang='grc' dir='ltr'>Ἰωάννης</span> <span class='ocrx_word' id='word_1_371' title='bbox 2683 2120 2750 2186; x_wconf 80' lang='grc'>⁸³,</span> <span class='ocrx_word' id='word_1_372' title='bbox 2780 2119 2865 2172; x_wconf 90' lang='grc' dir='ltr'>οἶα</span> <span class='ocrx_word' id='word_1_373' title='bbox 2895 2122 3082 2181; x_wconf 75' lang='grc' dir='ltr'>ἐκεῖνος</span> <span class='ocrx_word' id='word_1_374' title='bbox 3139 2115 3307 2181; x_wconf 81' lang='grc' dir='ltr'>δεινὸς</span> <span class='ocrx_word' id='word_1_375' title='bbox 3362 2118 3413 2171; x_wconf 81' lang='grc' dir='ltr'>ἐν</span> <span class='ocrx_word' id='word_1_376' title='bbox 3463 2125 3572 2179; x_wconf 89' lang='grc' dir='ltr'>τοῖς</span> <span class='ocrx_word' id='word_1_377' title='bbox 3621 2120 3890 2178; x_wconf 70' lang='grc' dir='ltr'>τοιούτοις</span> 
     </span>
    </p>
   </div>
   <div class='ocr_carea' id='block_1_56' title="bbox 2267 2205 3886 2283">
    <p class='ocr_par' dir='ltr' id='par_1_56' title="bbox 2267 2205 3886 2283">
     <span class='ocr_line' id='line_1_56' title="bbox 2267 2205 3886 2283; baseline 0 -23"><span class='ocrx_word' id='word_1_378' title='bbox 2267 2211 2594 2283; x_wconf 74' lang='grc' dir='ltr'>πράγμασιν,</span> <span class='ocrx_word' id='word_1_379' title='bbox 2624 2205 2944 2280; x_wconf 77' lang='grc' dir='ltr'>ἀποδέχεται</span> <span class='ocrx_word' id='word_1_380' title='bbox 2967 2208 3051 2281; x_wconf 85' lang='grc' dir='ltr'>[Ρ.</span> <span class='ocrx_word' id='word_1_381' title='bbox 3086 2208 3178 2281; x_wconf 85' lang='grc'>38]</span> <span class='ocrx_word' id='word_1_382' title='bbox 3232 2209 3448 2280; x_wconf 78' lang='grc' dir='ltr'>ἄσμενος</span> <span class='ocrx_word' id='word_1_383' title='bbox 3492 2209 3538 2242; x_wconf 72' lang='grc'>⁸⁵</span> <span class='ocrx_word' id='word_1_384' title='bbox 3599 2211 3704 2266; x_wconf 78' lang='grc' dir='ltr'>τὴν</span> <span class='ocrx_word' id='word_1_385' title='bbox 3752 2226 3886 2280; x_wconf 73' lang='grc' dir='ltr'>πρε-</span> 
     </span>
    </p>
   </div>
   <div class='ocr_carea' id='block_1_57' title="bbox 2272 2296 3888 2371">
    <p class='ocr_par' dir='ltr' id='par_1_57' title="bbox 2272 2296 3888 2371">
     <span class='ocr_line' id='line_1_57' title="bbox 2272 2296 3888 2371; baseline -0.002 -21"><span class='ocrx_word' id='word_1_386' title='bbox 2272 2296 2447 2350; x_wconf 81' lang='grc' dir='ltr'>σϐείαν</span> <span class='ocrx_word' id='word_1_387' title='bbox 2476 2303 2566 2350; x_wconf 82' lang='grc' dir='ltr'>καὶ</span> <span class='ocrx_word' id='word_1_388' title='bbox 2604 2297 2671 2357; x_wconf 79' lang='grc' dir='ltr'>εἰς</span> <span class='ocrx_word' id='word_1_389' title='bbox 2718 2298 2895 2350; x_wconf 78' lang='grc' dir='ltr'>ἕνωσιν</span> <span class='ocrx_word' id='word_1_390' title='bbox 2955 2296 3213 2349; x_wconf 75' lang='grc' dir='ltr'>συνελθεῖν</span> <span class='ocrx_word' id='word_1_391' title='bbox 3266 2298 3547 2371; x_wconf 75' lang='grc' dir='ltr'>ἡρετίσατο</span> <span class='ocrx_word' id='word_1_392' title='bbox 3613 2306 3691 2349; x_wconf 82' lang='grc' dir='ltr'>τῶ</span> <span class='ocrx_word' id='word_1_393' title='bbox 3729 2296 3888 2349; x_wconf 70' lang='grc' dir='ltr'>σουλ-</span> 
     </span>
    </p>
   </div>
   <div class='ocr_carea' id='block_1_58' title="bbox 2269 2384 3887 2460">
    <p class='ocr_par' dir='ltr' id='par_1_58' title="bbox 2269 2384 3887 2460">
     <span class='ocr_line' id='line_1_58' title="bbox 2269 2384 3887 2460; baseline -0.001 -21"><span class='ocrx_word' id='word_1_394' title='bbox 2269 2388 2475 2454; x_wconf 81' lang='grc' dir='ltr'>τάν,ὡς</span> <span class='ocrx_word' id='word_1_395' title='bbox 2502 2387 2561 2437; x_wconf 82' lang='grc' dir='ltr'>ἄν</span> <span class='ocrx_word' id='word_1_396' title='bbox 2620 2394 2774 2438; x_wconf 72' lang='grc' dir='ltr'>τοῦτο</span> <span class='ocrx_word' id='word_1_397' title='bbox 2822 2392 2931 2447; x_wconf 90' lang='grc' dir='ltr'>τοῖς</span> <span class='ocrx_word' id='word_1_398' title='bbox 2986 2384 3232 2447; x_wconf 83' lang='grc' dir='ltr'>ἐναντίοις</span> <span class='ocrx_word' id='word_1_399' title='bbox 3286 2386 3355 2447; x_wconf 76' lang='grc' dir='ltr'>εἰς</span> <span class='ocrx_word' id='word_1_400' title='bbox 3411 2384 3724 2460; x_wconf 75' lang='grc' dir='ltr'>ἀποτροπὴν</span> <span class='ocrx_word' id='word_1_401' title='bbox 3793 2389 3887 2457; x_wconf 73' lang='grc' dir='ltr'>γε-</span> 
     </span>
    </p>
   </div>
   <div class='ocr_carea' id='block_1_59' title="bbox 2269 2471 3887 2547">
    <p class='ocr_par' dir='ltr' id='par_1_59' title="bbox 2269 2471 3887 2547">
     <span class='ocr_line' id='line_1_59' title="bbox 2269 2471 3887 2547; baseline -0.001 -21"><span class='ocrx_word' id='word_1_402' title='bbox 2269 2494 2406 2527; x_wconf 89' lang='grc' dir='ltr'>νοιτο</span> <span class='ocrx_word' id='word_1_403' title='bbox 2458 2496 2470 2508; x_wconf 90' lang='grc'><strong>·</strong></span> <span class='ocrx_word' id='word_1_404' title='bbox 2529 2478 2797 2547; x_wconf 74' lang='grc' dir='ltr'>ἡνωμένων</span> <span class='ocrx_word' id='word_1_405' title='bbox 2844 2477 2943 2547; x_wconf 80' lang='grc' dir='ltr'>γὰρ</span> <span class='ocrx_word' id='word_1_406' title='bbox 3002 2483 3101 2526; x_wconf 87' lang='grc' dir='ltr'>τῶν</span> <span class='ocrx_word' id='word_1_407' title='bbox 3150 2477 3395 2527; x_wconf 80' lang='grc' dir='ltr'>τοιούτων</span> <span class='ocrx_word' id='word_1_408' title='bbox 3450 2471 3547 2527; x_wconf 72' lang='grc' dir='ltr'>δύο</span> <span class='ocrx_word' id='word_1_409' title='bbox 3606 2480 3887 2547; x_wconf 70' lang='grc' dir='ltr'>μεγίστων</span> 
     </span>
    </p>
   </div>
   <div class='ocr_carea' id='block_1_60' title="bbox 2272 2563 3887 2637">
    <p class='ocr_par' dir='ltr' id='par_1_60' title="bbox 2272 2563 3887 2637">
     <span class='ocr_line' id='line_1_60' title="bbox 2272 2563 3887 2637; baseline 0 -21"><span class='ocrx_word' id='word_1_410' title='bbox 2272 2570 2451 2637; x_wconf 81' lang='grc' dir='ltr'>ἀρχῶν</span> <span class='ocrx_word' id='word_1_411' title='bbox 2494 2564 2624 2625; x_wconf 80' lang='grc' dir='ltr'>εἰκὸς</span> <span class='ocrx_word' id='word_1_412' title='bbox 2688 2568 2872 2616; x_wconf 85' lang='grc' dir='ltr'>πτοίαν</span> <span class='ocrx_word' id='word_1_413' title='bbox 2923 2565 3164 2635; x_wconf 84' lang='grc' dir='ltr'>γενέσθαι</span> <span class='ocrx_word' id='word_1_414' title='bbox 3207 2572 3318 2625; x_wconf 89' lang='grc' dir='ltr'>τοῖς</span> <span class='ocrx_word' id='word_1_415' title='bbox 3377 2563 3667 2635; x_wconf 83' lang='grc' dir='ltr'>πολεμίοις,</span> <span class='ocrx_word' id='word_1_416' title='bbox 3760 2568 3887 2637; x_wconf 76' lang='grc' dir='ltr'>πρὸς</span> 
     </span>
    </p>
   </div>
   <div class='ocr_carea' id='block_1_61' title="bbox 2272 2650 3886 2728">
    <p class='ocr_par' dir='ltr' id='par_1_61' title="bbox 2272 2650 3886 2728">
     <span class='ocr_line' id='line_1_61' title="bbox 2272 2650 3886 2728; baseline -0.002 -22"><span class='ocrx_word' id='word_1_417' title='bbox 2272 2656 2358 2707; x_wconf 81' lang='grc' dir='ltr'>ἕνα</span> <span class='ocrx_word' id='word_1_418' title='bbox 2380 2656 2469 2725; x_wconf 81' lang='grc' dir='ltr'>μὲν</span> <span class='ocrx_word' id='word_1_419' title='bbox 2501 2656 2690 2725; x_wconf 78' lang='grc' dir='ltr'>ἔχουσι</span> <span class='ocrx_word' id='word_1_420' title='bbox 2712 2657 2796 2705; x_wconf 86' lang='grc' dir='ltr'>τὸν</span> <span class='ocrx_word' id='word_1_421' title='bbox 2831 2657 3044 2718; x_wconf 82' lang='grc' dir='ltr'>σκοπὸν,</span> <span class='ocrx_word' id='word_1_422' title='bbox 3078 2657 3208 2726; x_wconf 81' lang='grc' dir='ltr'>πρὸς</span> <span class='ocrx_word' id='word_1_423' title='bbox 3231 2650 3327 2705; x_wconf 72' lang='grc' dir='ltr'>δύο</span> <span class='ocrx_word' id='word_1_424' title='bbox 3383 2650 3442 2705; x_wconf 75' lang='grc' dir='ltr'>δὲ</span> <span class='ocrx_word' id='word_1_425' title='bbox 3493 2652 3683 2728; x_wconf 80' lang='grc' dir='ltr'>ἀθρόον</span> <span class='ocrx_word' id='word_1_426' title='bbox 3748 2654 3886 2728; x_wconf 56' lang='lat'>5:39:-</span> 
     </span>
    </p>
   </div>
   <div class='ocr_carea' id='block_1_62' title="bbox 2276 2741 3886 2815">
    <p class='ocr_par' dir='ltr' id='par_1_62' title="bbox 2276 2741 3886 2815">
     <span class='ocr_line' id='line_1_62' title="bbox 2276 2741 3886 2815; baseline -0.001 -19"><span class='ocrx_word' id='word_1_427' title='bbox 2276 2747 2543 2815; x_wconf 85' lang='grc' dir='ltr'>σκομένοις</span> <span class='ocrx_word' id='word_1_428' title='bbox 2588 2744 2658 2797; x_wconf 73' lang='grc'>⁸³.</span> <span class='ocrx_word' id='word_1_429' title='bbox 2713 2747 2812 2796; x_wconf 81' lang='grc' dir='ltr'>Καὶ</span> <span class='ocrx_word' id='word_1_430' title='bbox 2858 2750 2980 2813; x_wconf 81' lang='grc' dir='ltr'>γοῦν</span> <span class='ocrx_word' id='word_1_431' title='bbox 3039 2741 3116 2794; x_wconf 77' lang='grc' dir='ltr'>ἐπὶ</span> <span class='ocrx_word' id='word_1_432' title='bbox 3170 2750 3278 2805; x_wconf 88' lang='grc' dir='ltr'>τοῖς</span> <span class='ocrx_word' id='word_1_433' title='bbox 3325 2745 3549 2803; x_wconf 75' lang='grc' dir='ltr'>τοιούοις</span> <span class='ocrx_word' id='word_1_434' title='bbox 3612 2761 3886 2794; x_wconf 71' lang='grc' dir='ltr'>συσκευαο</span> 
     </span>
    </p>
   </div>
   <div class='ocr_carea' id='block_1_63' title="bbox 2275 2829 3887 2904">
    <p class='ocr_par' dir='ltr' id='par_1_63' title="bbox 2275 2829 3887 2904">
     <span class='ocr_line' id='line_1_63' title="bbox 2275 2829 3887 2904; baseline -0.002 -20"><span class='ocrx_word' id='word_1_435' title='bbox 2275 2834 2487 2904; x_wconf 86' lang='grc' dir='ltr'>σάμενοι</span> <span class='ocrx_word' id='word_1_436' title='bbox 2537 2833 2585 2866; x_wconf 76' lang='grc'>⁸⁸</span> <span class='ocrx_word' id='word_1_437' title='bbox 2637 2830 2951 2889; x_wconf 75' lang='grc' dir='ltr'>συνηλθέτην</span> <span class='ocrx_word' id='word_1_438' title='bbox 3008 2835 3098 2883; x_wconf 88' lang='grc' dir='ltr'>καὶ</span> <span class='ocrx_word' id='word_1_439' title='bbox 3153 2833 3327 2903; x_wconf 80' lang='grc' dir='ltr'>ἄμφω,</span> <span class='ocrx_word' id='word_1_440' title='bbox 3396 2831 3422 2882; x_wconf 86' lang='grc' dir='ltr'><strong>ὃ</strong></span> <span class='ocrx_word' id='word_1_441' title='bbox 3488 2850 3542 2883; x_wconf 85' lang='grc' dir='ltr'>τε</span> <span class='ocrx_word' id='word_1_442' title='bbox 3628 2829 3887 2902; x_wconf 62' lang='grc' dir='ltr'>βασιλεὺς</span> 
     </span>
    </p>
   </div>
   <div class='ocr_carea' id='block_1_64' title="bbox 2272 2919 3883 2991">
    <p class='ocr_par' dir='ltr' id='par_1_64' title="bbox 2272 2919 3883 2991">
     <span class='ocr_line' id='line_1_64' title="bbox 2272 2919 3883 2991; baseline -0.001 -18"><span class='ocrx_word' id='word_1_443' title='bbox 2272 2921 2509 2981; x_wconf 86' lang='grc' dir='ltr'>Ἰωάννης</span> <span class='ocrx_word' id='word_1_444' title='bbox 2560 2922 2603 2956; x_wconf 70' lang='grc'>⁸7</span> <span class='ocrx_word' id='word_1_445' title='bbox 2652 2925 2741 2973; x_wconf 85' lang='grc' dir='ltr'>καὶ</span> <span class='ocrx_word' id='word_1_446' title='bbox 2793 2922 2819 2973; x_wconf 90' lang='grc' dir='ltr'>ό</span> <span class='ocrx_word' id='word_1_447' title='bbox 2853 2920 3071 2972; x_wconf 87' lang='grc' dir='ltr'>σουλτάν</span> <span class='ocrx_word' id='word_1_448' title='bbox 3123 2922 3433 2989; x_wconf 75' lang='grc' dir='ltr'>Ἰαθατίνης,</span> <span class='ocrx_word' id='word_1_449' title='bbox 3492 2919 3540 2971; x_wconf 85' lang='grc' dir='ltr'>ἐν</span> <span class='ocrx_word' id='word_1_450' title='bbox 3594 2929 3671 2991; x_wconf 80' lang='grc' dir='ltr'>τῷ</span> <span class='ocrx_word' id='word_1_451' title='bbox 3732 2920 3883 2972; x_wconf 72' lang='grc' dir='ltr'>ἄστει</span> 
     </span>
    </p>
   </div>
   <div class='ocr_carea' id='block_1_65' title="bbox 509 3006 2177 3103">
    <p class='ocr_par' dir='ltr' id='par_1_65' title="bbox 509 3008 2161 3085">
     <span class='ocr_line' id='line_1_65' title="bbox 509 3008 2161 3085; baseline 0.004 -21"><span class='ocrx_word' id='word_1_452' title='bbox 509 3008 1145 3065; x_wconf 91' lang='lat' dir='ltr'>semethumanissime</span> <span class='ocrx_word' id='word_1_453' title='bbox 1158 3010 1478 3082; x_wconf 80' lang='lat' dir='ltr'>excipiunt,</span> <span class='ocrx_word' id='word_1_454' title='bbox 1504 3011 1717 3083; x_wconf 67' lang='lat' dir='ltr'>aliique</span> <span class='ocrx_word' id='word_1_455' title='bbox 1740 3012 1887 3069; x_wconf 89' lang='lat' dir='ltr'>alios</span> <span class='ocrx_word' id='word_1_456' title='bbox 1911 3030 2161 3085; x_wconf 86' lang='lat' dir='ltr'>magna-</span> 
     </span>
    </p>
   </div>
   <div class='ocr_carea' id='block_1_66' title="bbox 2269 3006 3879 3103">
    <p class='ocr_par' dir='ltr' id='par_1_66' title="bbox 2270 3006 3879 3083">
     <span class='ocr_line' id='line_1_66' title="bbox 2270 3006 3879 3083; baseline 0.001 -21"><span class='ocrx_word' id='word_1_457' title='bbox 2270 3018 2371 3071; x_wconf 84' lang='grc' dir='ltr'>τώς</span> <span class='ocrx_word' id='word_1_458' title='bbox 2407 3009 2711 3083; x_wconf 82' lang='grc' dir='ltr'>Τριπόλεως,</span> <span class='ocrx_word' id='word_1_459' title='bbox 2767 3014 2894 3061; x_wconf 80' lang='grc' dir='ltr'>ὅπου</span> <span class='ocrx_word' id='word_1_460' title='bbox 2939 3012 3028 3060; x_wconf 83' lang='grc' dir='ltr'>καὶ</span> <span class='ocrx_word' id='word_1_461' title='bbox 3076 3010 3102 3060; x_wconf 85' lang='grc' dir='ltr'>ό</span> <span class='ocrx_word' id='word_1_462' title='bbox 3154 3006 3453 3081; x_wconf 72' lang='grc' dir='ltr'>Μαίανδρος</span> <span class='ocrx_word' id='word_1_463' title='bbox 3493 3010 3573 3083; x_wconf 80' lang='grc' dir='ltr'>ριῖ</span> <span class='ocrx_word' id='word_1_464' title='bbox 3620 3028 3879 3081; x_wconf 73' lang='grc' dir='ltr'>ποταμος.</span> 
     </span>
    </p>
   </div>
   <div class='ocr_carea' id='block_1_67' title="bbox 508 3099 2165 3173">
    <p class='ocr_par' dir='ltr' id='par_1_67' title="bbox 508 3099 2165 3173">
     <span class='ocr_line' id='line_1_67' title="bbox 508 3099 2165 3173; baseline 0.003 -19"><span class='ocrx_word' id='word_1_465' title='bbox 508 3101 597 3154; x_wconf 89' lang='lat' dir='ltr'>tes</span> <span class='ocrx_word' id='word_1_466' title='bbox 636 3112 706 3154; x_wconf 91' lang='lat' dir='ltr'>ac</span> <span class='ocrx_word' id='word_1_467' title='bbox 736 3113 1050 3169; x_wconf 91' lang='lat' dir='ltr'>proceres;</span> <span class='ocrx_word' id='word_1_468' title='bbox 1075 3103 1131 3154; x_wconf 87' lang='lat' dir='ltr'>et</span> <span class='ocrx_word' id='word_1_469' title='bbox 1156 3099 1345 3170; x_wconf 88' lang='lat' dir='ltr'>pactis</span> <span class='ocrx_word' id='word_1_470' title='bbox 1377 3099 1598 3171; x_wconf 87' lang='lat' dir='ltr'>quibus</span> <span class='ocrx_word' id='word_1_471' title='bbox 1626 3105 1804 3156; x_wconf 88' lang='lat' dir='ltr'>antea</span> <span class='ocrx_word' id='word_1_472' title='bbox 1835 3102 2165 3173; x_wconf 88' lang='lat' dir='ltr'>obstringe-</span> 
     </span>
    </p>
   </div>
   <div class='ocr_carea' id='block_1_68' title="bbox 508 3186 2166 3255">
    <p class='ocr_par' dir='ltr' id='par_1_68' title="bbox 508 3186 2166 3255">
     <span class='ocr_line' id='line_1_68' title="bbox 508 3186 2166 3255; baseline 0.004 -12"><span class='ocrx_word' id='word_1_473' title='bbox 508 3186 751 3249; x_wconf 88' lang='lat' dir='ltr'>bantur,</span> <span class='ocrx_word' id='word_1_474' title='bbox 786 3188 1049 3242; x_wconf 90' lang='lat' dir='ltr'>sanctius</span> <span class='ocrx_word' id='word_1_475' title='bbox 1091 3187 1478 3255; x_wconf 83' lang='lat' dir='ltr'>confirmatis,</span> <span class='ocrx_word' id='word_1_476' title='bbox 1514 3193 1577 3244; x_wconf 91' lang='lat' dir='ltr'>ut</span> <span class='ocrx_word' id='word_1_477' title='bbox 1607 3188 1783 3245; x_wconf 87' lang='lat' dir='ltr'>simul</span> <span class='ocrx_word' id='word_1_478' title='bbox 1812 3207 1933 3247; x_wconf 90' lang='lat' dir='ltr'>una</span> <span class='ocrx_word' id='word_1_479' title='bbox 1981 3193 2166 3249; x_wconf 87' lang='lat' dir='ltr'>ambo</span> 
     </span>
    </p>
   </div>
   <div class='ocr_carea' id='block_1_69' title="bbox 510 3275 2166 3348">
    <p class='ocr_par' dir='ltr' id='par_1_69' title="bbox 510 3275 2166 3348">
     <span class='ocr_line' id='line_1_69' title="bbox 510 3275 2166 3348; baseline 0.002 -15"><span class='ocrx_word' id='word_1_480' title='bbox 510 3276 717 3333; x_wconf 88' lang='lat' dir='ltr'>hostes</span> <span class='ocrx_word' id='word_1_481' title='bbox 740 3276 950 3348; x_wconf 76' lang='lat' dir='ltr'>proelio</span> <span class='ocrx_word' id='word_1_482' title='bbox 969 3275 1346 3344; x_wconf 88' lang='lat' dir='ltr'>lacesserent,</span> <span class='ocrx_word' id='word_1_483' title='bbox 1363 3278 1858 3347; x_wconf 85' lang='lat' dir='ltr'>abiere,Joannes</span> <span class='ocrx_word' id='word_1_484' title='bbox 1878 3282 2166 3337; x_wconf 88' lang='lat' dir='ltr'>Philadel-</span> 
     </span>
    </p>
   </div>
   <div class='ocr_carea' id='block_1_70' title="bbox 512 3364 2167 3439">
    <p class='ocr_par' dir='ltr' id='par_1_70' title="bbox 512 3364 2167 3439">
     <span class='ocr_line' id='line_1_70' title="bbox 512 3364 2167 3439; baseline 0.004 -19"><span class='ocrx_word' id='word_1_485' title='bbox 512 3364 723 3438; x_wconf 90' lang='lat' dir='ltr'>phiam</span> <span class='ocrx_word' id='word_1_486' title='bbox 755 3370 984 3438; x_wconf 90' lang='lat' dir='ltr'>petens,</span> <span class='ocrx_word' id='word_1_487' title='bbox 1019 3365 1293 3421; x_wconf 89' lang='lat' dir='ltr'>sultanus</span> <span class='ocrx_word' id='word_1_488' title='bbox 1326 3368 1591 3422; x_wconf 87' lang='lat' dir='ltr'>Iconium</span> <span class='ocrx_word' id='word_1_489' title='bbox 1647 3368 1743 3423; x_wconf 90' lang='lat' dir='ltr'>ubi</span> <span class='ocrx_word' id='word_1_490' title='bbox 1793 3370 1956 3439; x_wconf 88' lang='lat' dir='ltr'>regia</span> <span class='ocrx_word' id='word_1_491' title='bbox 2010 3371 2167 3426; x_wconf 88' lang='lat' dir='ltr'>illius</span> 
     </span>
    </p>
   </div>
   <div class='ocr_carea' id='block_1_71' title="bbox 514 3455 2166 3530">
    <p class='ocr_par' dir='ltr' id='par_1_71' title="bbox 514 3455 2166 3530">
     <span class='ocr_line' id='line_1_71' title="bbox 514 3455 2166 3530; baseline 0.001 -19"><span class='ocrx_word' id='word_1_492' title='bbox 514 3458 657 3511; x_wconf 87' lang='lat' dir='ltr'>erat.</span> <span class='ocrx_word' id='word_1_493' title='bbox 694 3457 760 3511; x_wconf 89' lang='lat' dir='ltr'>Et</span> <span class='ocrx_word' id='word_1_494' title='bbox 788 3458 930 3511; x_wconf 91' lang='lat' dir='ltr'>tunc</span> <span class='ocrx_word' id='word_1_495' title='bbox 960 3455 1207 3527; x_wconf 90' lang='lat' dir='ltr'>quidem</span> <span class='ocrx_word' id='word_1_496' title='bbox 1232 3460 1479 3528; x_wconf 89' lang='lat' dir='ltr'>uterque</span> <span class='ocrx_word' id='word_1_497' title='bbox 1506 3457 1827 3529; x_wconf 90' lang='lat' dir='ltr'>tranquilla</span> <span class='ocrx_word' id='word_1_498' title='bbox 1849 3475 1996 3530; x_wconf 87' lang='lat' dir='ltr'>pace</span> <span class='ocrx_word' id='word_1_499' title='bbox 2020 3475 2166 3515; x_wconf 89' lang='lat' dir='ltr'>usus</span> 
     </span>
    </p>
   </div>
   <div class='ocr_carea' id='block_1_72' title="bbox 514 3536 2166 3604">
    <p class='ocr_par' dir='ltr' id='par_1_72' title="bbox 514 3536 2166 3604">
     <span class='ocr_line' id='line_1_72' title="bbox 514 3536 2166 3604; baseline 0.002 -3"><span class='ocrx_word' id='word_1_500' title='bbox 514 3536 621 3601; x_wconf 90' lang='lat' dir='ltr'>est.</span> <span class='ocrx_word' id='word_1_501' title='bbox 670 3547 820 3600; x_wconf 87' lang='lat' dir='ltr'>Nam</span> <span class='ocrx_word' id='word_1_502' title='bbox 868 3545 1270 3600; x_wconf 90' lang='lat' dir='ltr'>Tacharorum</span> <span class='ocrx_word' id='word_1_503' title='bbox 1317 3546 1606 3602; x_wconf 82' lang='lat' dir='ltr'>exercitus</span> <span class='ocrx_word' id='word_1_504' title='bbox 1661 3548 1783 3602; x_wconf 89' lang='lat' dir='ltr'>suis</span> <span class='ocrx_word' id='word_1_505' title='bbox 1834 3564 1893 3603; x_wconf 93' lang='lat' dir='ltr'>se</span> <span class='ocrx_word' id='word_1_506' title='bbox 1942 3548 2166 3604; x_wconf 86' lang='lat' dir='ltr'>ﬁnibus</span> 
     </span>
    </p>
   </div>
   <div class='ocr_carea' id='block_1_73' title="bbox 517 3634 2168 3708">
    <p class='ocr_par' dir='ltr' id='par_1_73' title="bbox 517 3634 2168 3708">
     <span class='ocr_line' id='line_1_73' title="bbox 517 3634 2168 3708; baseline 0.003 -18"><span class='ocrx_word' id='word_1_507' title='bbox 517 3634 826 3703; x_wconf 88' lang='lat' dir='ltr'>continuit,</span> <span class='ocrx_word' id='word_1_508' title='bbox 855 3650 965 3689; x_wconf 89' lang='lat' dir='ltr'>nec</span> <span class='ocrx_word' id='word_1_509' title='bbox 993 3636 1395 3706; x_wconf 84' lang='lat' dir='ltr'>praescriptos,</span> <span class='ocrx_word' id='word_1_510' title='bbox 1428 3635 1512 3691; x_wconf 89' lang='lat' dir='ltr'>uti</span> <span class='ocrx_word' id='word_1_511' title='bbox 1564 3637 1750 3692; x_wconf 87' lang='lat' dir='ltr'>moris</span> <span class='ocrx_word' id='word_1_512' title='bbox 1810 3642 1952 3708; x_wconf 86' lang='lat' dir='ltr'>erat,</span> <span class='ocrx_word' id='word_1_513' title='bbox 2015 3644 2168 3695; x_wconf 88' lang='lat' dir='ltr'>tran-</span> 
     </span>
    </p>
   </div>
   <div class='ocr_carea' id='block_1_74' title="bbox 517 3722 1904 3791">
    <p class='ocr_par' dir='ltr' id='par_1_74' title="bbox 517 3722 1904 3791">
     <span class='ocr_line' id='line_1_74' title="bbox 517 3722 1904 3791; baseline 0.001 -12"><span class='ocrx_word' id='word_1_514' title='bbox 517 3722 766 3791; x_wconf 89' lang='lat' dir='ltr'>scendit,</span> <span class='ocrx_word' id='word_1_515' title='bbox 790 3739 929 3778; x_wconf 90' lang='lat' dir='ltr'>cum</span> <span class='ocrx_word' id='word_1_516' title='bbox 947 3724 1128 3779; x_wconf 89' lang='lat' dir='ltr'>rebus</span> <span class='ocrx_word' id='word_1_517' title='bbox 1148 3723 1488 3780; x_wconf 89' lang='lat' dir='ltr'>domesticis</span> <span class='ocrx_word' id='word_1_518' title='bbox 1517 3725 1904 3782; x_wconf 89' lang='lat' dir='ltr'>incumberet.</span> 
     </span>
    </p>
   </div>
   <div class='ocr_carea' id='block_1_75' title="bbox 2274 3094 3879 3173">
    <p class='ocr_par' dir='ltr' id='par_1_75' title="bbox 2274 3094 3879 3173">
     <span class='ocr_line' id='line_1_75' title="bbox 2274 3094 3879 3173; baseline -0.001 -22"><span class='ocrx_word' id='word_1_519' title='bbox 2274 3102 2501 3173; x_wconf 85' lang='grc' dir='ltr'>Γέφυραν</span> <span class='ocrx_word' id='word_1_520' title='bbox 2533 3106 2654 3171; x_wconf 76' lang='grc' dir='ltr'>γοῦν</span> <span class='ocrx_word' id='word_1_521' title='bbox 2683 3099 2734 3160; x_wconf 84' lang='grc' dir='ltr'>ἐξ</span> <span class='ocrx_word' id='word_1_522' title='bbox 2759 3094 3116 3169; x_wconf 68' lang='grc' dir='ltr'>αὐτοσχεδίου</span> <span class='ocrx_word' id='word_1_523' title='bbox 3163 3096 3217 3150; x_wconf 80' lang='grc' dir='ltr'>ἐκ</span> <span class='ocrx_word' id='word_1_524' title='bbox 3266 3096 3428 3161; x_wconf 83' lang='grc' dir='ltr'>ξύλων</span> <span class='ocrx_word' id='word_1_525' title='bbox 3477 3100 3526 3149; x_wconf 85' lang='grc' dir='ltr'>οἱ</span> <span class='ocrx_word' id='word_1_526' title='bbox 3571 3106 3670 3150; x_wconf 82' lang='grc' dir='ltr'>τοῦ</span> <span class='ocrx_word' id='word_1_527' title='bbox 3727 3098 3879 3150; x_wconf 73' lang='grc' dir='ltr'>σουλο</span> 
     </span>
    </p>
   </div>
   <div class='ocr_carea' id='block_1_76' title="bbox 2272 3186 3881 3265">
    <p class='ocr_par' dir='ltr' id='par_1_76' title="bbox 2272 3186 3881 3265">
     <span class='ocr_line' id='line_1_76' title="bbox 2272 3186 3881 3265; baseline -0.001 -26"><span class='ocrx_word' id='word_1_528' title='bbox 2272 3194 2364 3245; x_wconf 83' lang='grc' dir='ltr'>τὰν</span> <span class='ocrx_word' id='word_1_529' title='bbox 2399 3190 2744 3265; x_wconf 84' lang='grc' dir='ltr'>ἐργασάμενοι</span> <span class='ocrx_word' id='word_1_530' title='bbox 2766 3188 2953 3260; x_wconf 73' lang='grc' dir='ltr'>εὐχερῆ</span> <span class='ocrx_word' id='word_1_531' title='bbox 3009 3194 3120 3249; x_wconf 88' lang='grc' dir='ltr'>τοῖς</span> <span class='ocrx_word' id='word_1_532' title='bbox 3174 3186 3504 3260; x_wconf 82' lang='grc' dir='ltr'>βουλομένοις</span> <span class='ocrx_word' id='word_1_533' title='bbox 3557 3193 3881 3247; x_wconf 67' lang='grc' dir='ltr'>πεποιήκασι</span> 
     </span>
    </p>
   </div>
   <div class='ocr_carea' id='block_1_77' title="bbox 2273 3275 3879 3351">
    <p class='ocr_par' dir='ltr' id='par_1_77' title="bbox 2273 3275 3879 3351">
     <span class='ocr_line' id='line_1_77' title="bbox 2273 3275 3879 3351; baseline -0.003 -18"><span class='ocrx_word' id='word_1_534' title='bbox 2273 3286 2365 3339; x_wconf 82' lang='grc' dir='ltr'>τὴν</span> <span class='ocrx_word' id='word_1_535' title='bbox 2414 3276 3021 3351; x_wconf 80' lang='grc' dir='ltr'>περαίωσιν.Ἀλληλους</span> <span class='ocrx_word' id='word_1_536' title='bbox 3071 3284 3198 3349; x_wconf 77' lang='grc' dir='ltr'>γοῦν</span> <span class='ocrx_word' id='word_1_537' title='bbox 3248 3278 3297 3329; x_wconf 82' lang='grc' dir='ltr'>οἱ</span> <span class='ocrx_word' id='word_1_538' title='bbox 3346 3275 3509 3349; x_wconf 76' lang='grc' dir='ltr'>ἀρχοὶ</span> <span class='ocrx_word' id='word_1_539' title='bbox 3560 3277 3879 3351; x_wconf 75' lang='grc' dir='ltr'>φιλοφρόνως</span> 
     </span>
    </p>
   </div>
   <div class='ocr_carea' id='block_1_78' title="bbox 2277 3363 3883 3441">
    <p class='ocr_par' dir='ltr' id='par_1_78' title="bbox 2277 3363 3883 3441">
     <span class='ocr_line' id='line_1_78' title="bbox 2277 3363 3883 3441; baseline -0.002 -19"><span class='ocrx_word' id='word_1_540' title='bbox 2277 3366 2673 3440; x_wconf 74' lang='grc' dir='ltr'>δεξιωσάμενοι,</span> <span class='ocrx_word' id='word_1_541' title='bbox 2705 3369 2780 3419; x_wconf 79' lang='grc' dir='ltr'>ἔτι</span> <span class='ocrx_word' id='word_1_542' title='bbox 2820 3363 2879 3418; x_wconf 69' lang='grc' dir='ltr'>δε</span> <span class='ocrx_word' id='word_1_543' title='bbox 2908 3370 3144 3426; x_wconf 79' lang='grc' dir='ltr'>καὶτοὺς</span> <span class='ocrx_word' id='word_1_544' title='bbox 3200 3365 3283 3437; x_wconf 76' lang='grc' dir='ltr'>ὑφ’</span> <span class='ocrx_word' id='word_1_545' title='bbox 3341 3366 3579 3441; x_wconf 83' lang='grc' dir='ltr'>ἑκάτερον</span> <span class='ocrx_word' id='word_1_546' title='bbox 3651 3366 3883 3439; x_wconf 77' lang='grc' dir='ltr'>ἑκάτεροι</span> 
     </span>
    </p>
   </div>
   <div class='ocr_carea' id='block_1_79' title="bbox 2274 3453 3882 3534">
    <p class='ocr_par' dir='ltr' id='par_1_79' title="bbox 2274 3453 3882 3534">
     <span class='ocr_line' id='line_1_79' title="bbox 2274 3453 3882 3534; baseline -0.002 -22"><span class='ocrx_word' id='word_1_547' title='bbox 2274 3462 2619 3534; x_wconf 73' lang='grc' dir='ltr'>προῦχοντας,</span> <span class='ocrx_word' id='word_1_548' title='bbox 2677 3461 2767 3508; x_wconf 82' lang='grc' dir='ltr'>καὶ</span> <span class='ocrx_word' id='word_1_549' title='bbox 2829 3458 3092 3519; x_wconf 78' lang='grc' dir='ltr'>συνθήκας</span> <span class='ocrx_word' id='word_1_550' title='bbox 3138 3456 3195 3516; x_wconf 81' lang='grc' dir='ltr'>οἷς</span> <span class='ocrx_word' id='word_1_551' title='bbox 3242 3461 3332 3508; x_wconf 83' lang='grc' dir='ltr'>καὶ</span> <span class='ocrx_word' id='word_1_552' title='bbox 3377 3459 3479 3529; x_wconf 87' lang='grc' dir='ltr'>πρὸ</span> <span class='ocrx_word' id='word_1_553' title='bbox 3554 3460 3652 3507; x_wconf 78' lang='grc' dir='ltr'>τοῦ</span> <span class='ocrx_word' id='word_1_554' title='bbox 3739 3453 3882 3527; x_wconf 72' lang='grc' dir='ltr'>εἶχον</span> 
     </span>
    </p>
   </div>
   <div class='ocr_carea' id='block_1_80' title="bbox 2275 3544 3880 3622">
    <p class='ocr_par' dir='ltr' id='par_1_80' title="bbox 2275 3544 3880 3622">
     <span class='ocr_line' id='line_1_80' title="bbox 2275 3544 3880 3622; baseline -0.003 -22"><span class='ocrx_word' id='word_1_555' title='bbox 2275 3552 2577 3622; x_wconf 85' lang='grc' dir='ltr'>κρειττόνως</span> <span class='ocrx_word' id='word_1_556' title='bbox 2610 3544 3046 3618; x_wconf 78' lang='grc' dir='ltr'>βεϐαιωσάμενοι,</span> <span class='ocrx_word' id='word_1_557' title='bbox 3080 3547 3230 3606; x_wconf 82' lang='grc' dir='ltr'>ὡςοῖν</span> <span class='ocrx_word' id='word_1_558' title='bbox 3292 3547 3548 3617; x_wconf 85' lang='grc' dir='ltr'>μάχοιντο</span> <span class='ocrx_word' id='word_1_559' title='bbox 3603 3548 3880 3617; x_wconf 66' lang='grc' dir='ltr'>συνημμὶ-</span> 
     </span>
    </p>
   </div>
   <div class='ocr_carea' id='block_1_81' title="bbox 2275 3631 3881 3707">
    <p class='ocr_par' dir='ltr' id='par_1_81' title="bbox 2275 3631 3881 3707">
     <span class='ocr_line' id='line_1_81' title="bbox 2275 3631 3881 3707; baseline -0.002 -18"><span class='ocrx_word' id='word_1_560' title='bbox 2275 3658 2369 3698; x_wconf 90' lang='grc' dir='ltr'>νως</span> <span class='ocrx_word' id='word_1_561' title='bbox 2421 3638 2525 3697; x_wconf 79' lang='grc' dir='ltr'>τοῖς</span> <span class='ocrx_word' id='word_1_562' title='bbox 2569 3635 2819 3695; x_wconf 83' lang='grc' dir='ltr'>ἐναντίοις</span> <span class='ocrx_word' id='word_1_563' title='bbox 2876 3634 2946 3702; x_wconf 78' lang='grc'>⁸⁸,</span> <span class='ocrx_word' id='word_1_564' title='bbox 3003 3631 3393 3698; x_wconf 79' lang='grc' dir='ltr'>διε).ὑθησαν,ό</span> <span class='ocrx_word' id='word_1_565' title='bbox 3628 3632 3881 3707; x_wconf 77' lang='grc' dir='ltr'>βασιλεὺς</span> 
     </span>
    </p>
   </div>
   <div class='ocr_carea' id='block_1_82' title="bbox 2281 3719 3882 3801">
    <p class='ocr_par' dir='ltr' id='par_1_82' title="bbox 2281 3719 3882 3801">
     <span class='ocr_line' id='line_1_82' title="bbox 2281 3719 3882 3801; baseline -0.004 -22"><span class='ocrx_word' id='word_1_566' title='bbox 2281 3725 2616 3801; x_wconf 61' lang='grc' dir='ltr'>ὑποστρέψας</span> <span class='ocrx_word' id='word_1_567' title='bbox 2637 3724 2704 3784; x_wconf 86' lang='grc' dir='ltr'>εἰς</span> <span class='ocrx_word' id='word_1_568' title='bbox 2724 3728 2815 3781; x_wconf 76' lang='grc' dir='ltr'>τὴν</span> <span class='ocrx_word' id='word_1_569' title='bbox 2838 3719 3232 3795; x_wconf 75' lang='grc' dir='ltr'>Φιλαδέλφου,ό</span> <span class='ocrx_word' id='word_1_570' title='bbox 3284 3720 3342 3776; x_wconf 71' lang='grc' dir='ltr'>δὲ</span> <span class='ocrx_word' id='word_1_571' title='bbox 3401 3722 3621 3775; x_wconf 84' lang='grc' dir='ltr'>σουλτάν</span> <span class='ocrx_word' id='word_1_572' title='bbox 3678 3723 3747 3783; x_wconf 79' lang='grc' dir='ltr'>εἰς</span> <span class='ocrx_word' id='word_1_573' title='bbox 3792 3726 3882 3779; x_wconf 70' lang='grc' dir='ltr'>τήν</span> 
     </span>
    </p>
   </div>
   <div class='ocr_carea' id='block_1_83' title="bbox 518 3810 3881 3888">
    <p class='ocr_par' dir='ltr' id='par_1_83' title="bbox 518 3810 3881 3888">
     <span class='ocr_line' id='line_1_83' title="bbox 518 3810 3881 3888; baseline -0.001 -21"><span class='ocrx_word' id='word_1_574' title='bbox 518 3813 788 3880; x_wconf 80' lang='grc' dir='ltr'>Ἰκονιέων,</span> <span class='ocrx_word' id='word_1_575' title='bbox 846 3814 965 3865; x_wconf 81' lang='grc' dir='ltr'>ἔνθα</span> <span class='ocrx_word' id='word_1_576' title='bbox 1014 3810 1074 3872; x_wconf 72' lang='grc' dir='ltr'>ἦν</span> <span class='ocrx_word' id='word_1_577' title='bbox 1123 3818 1212 3865; x_wconf 86' lang='grc' dir='ltr'>καὶ</span> <span class='ocrx_word' id='word_1_578' title='bbox 1270 3816 1335 3866; x_wconf 81' lang='grc' dir='ltr'>τὰ</span> <span class='ocrx_word' id='word_1_579' title='bbox 1393 3812 1662 3887; x_wconf 85' lang='grc' dir='ltr'>βασίλεια.</span> <span class='ocrx_word' id='word_1_580' title='bbox 1711 3820 1837 3869; x_wconf 84' lang='grc' dir='ltr'>Τότε</span> <span class='ocrx_word' id='word_1_581' title='bbox 1880 3819 1969 3888; x_wconf 73' lang='grc' dir='ltr'>μὲν</span> <span class='ocrx_word' id='word_1_582' title='bbox 2024 3821 2113 3869; x_wconf 87' lang='grc' dir='ltr'>καὶ</span> <span class='ocrx_word' id='word_1_583' title='bbox 2178 3815 2227 3869; x_wconf 86' lang='grc' dir='ltr'>ἐν</span> <span class='ocrx_word' id='word_1_584' title='bbox 2273 3814 2460 3888; x_wconf 82' lang='grc' dir='ltr'>ἀμφοῖν</span> <span class='ocrx_word' id='word_1_585' title='bbox 2513 3817 2579 3867; x_wconf 83' lang='grc' dir='ltr'>τα</span> <span class='ocrx_word' id='word_1_586' title='bbox 2627 3822 2721 3875; x_wconf 80' lang='grc' dir='ltr'>τῆς</span> <span class='ocrx_word' id='word_1_587' title='bbox 2778 3816 2964 3884; x_wconf 83' lang='grc' dir='ltr'>μάχης</span> <span class='ocrx_word' id='word_1_588' title='bbox 3015 3815 3306 3885; x_wconf 79' lang='grc' dir='ltr'>ἠρέμησαν.</span> <span class='ocrx_word' id='word_1_589' title='bbox 3365 3816 3467 3865; x_wconf 83' lang='grc' dir='ltr'>Καὶ</span> <span class='ocrx_word' id='word_1_590' title='bbox 3521 3815 3624 3886; x_wconf 81' lang='grc' dir='ltr'>γὰρ</span> <span class='ocrx_word' id='word_1_591' title='bbox 3684 3815 3713 3871; x_wconf 75' lang='grc' dir='ltr'><strong>ἡ</strong></span> <span class='ocrx_word' id='word_1_592' title='bbox 3784 3820 3881 3863; x_wconf 68' lang='grc' dir='ltr'>τῶν</span> 
     </span>
    </p>
   </div>
   <div class='ocr_carea' id='block_1_84' title="bbox 516 3902 2667 3980">
    <p class='ocr_par' dir='ltr' id='par_1_84' title="bbox 516 3902 2667 3980">
     <span class='ocr_line' id='line_1_84' title="bbox 516 3902 2667 3980; baseline -0.002 -21"><span class='ocrx_word' id='word_1_593' title='bbox 516 3905 777 3980; x_wconf 86' lang='grc' dir='ltr'>Ταχάρων</span> <span class='ocrx_word' id='word_1_594' title='bbox 843 3904 1068 3977; x_wconf 87' lang='grc' dir='ltr'>στρατιά</span> <span class='ocrx_word' id='word_1_595' title='bbox 1140 3903 1257 3955; x_wconf 85' lang='grc' dir='ltr'>καθ’</span> <span class='ocrx_word' id='word_1_596' title='bbox 1324 3902 1514 3955; x_wconf 79' lang='grc' dir='ltr'>ἑαυτῶν</span> <span class='ocrx_word' id='word_1_597' title='bbox 1590 3907 1746 3978; x_wconf 79' lang='grc' dir='ltr'>ἔμενε,</span> <span class='ocrx_word' id='word_1_598' title='bbox 1815 3910 1905 3957; x_wconf 88' lang='grc' dir='ltr'>καί</span> <span class='ocrx_word' id='word_1_599' title='bbox 1970 3905 2027 3958; x_wconf 69' lang='grc' dir='ltr'>οὐ</span> <span class='ocrx_word' id='word_1_600' title='bbox 2075 3910 2311 3965; x_wconf 85' lang='grc' dir='ltr'>κεκίνητο</span> <span class='ocrx_word' id='word_1_601' title='bbox 2370 3908 2437 3967; x_wconf 86' lang='grc' dir='ltr'>ὡς</span> <span class='ocrx_word' id='word_1_602' title='bbox 2494 3903 2607 3965; x_wconf 70' lang='grc' dir='ltr'>ἔθος</span> <span class='ocrx_word' id='word_1_603' title='bbox 2655 3924 2667 3935; x_wconf 90' lang='grc'><strong>·</strong></span> 
     </span>
    </p>
   </div>
   <div class='ocr_carea' id='block_1_85' title="bbox 517 3993 923 4068">
    <p class='ocr_par' dir='ltr' id='par_1_85' title="bbox 517 3993 923 4068">
     <span class='ocr_line' id='line_1_85' title="bbox 517 3993 923 4068; baseline 0 -19"><span class='ocrx_word' id='word_1_604' title='bbox 517 3996 824 4068; x_wconf 84' lang='grc' dir='ltr'>πράγμασιν</span> <span class='ocrx_word' id='word_1_605' title='bbox 855 3993 923 4049; x_wconf 76' lang='grc'>⁸9.</span> 
     </span>
    </p>
   </div>
   <div class='ocr_carea' id='block_1_86' title="bbox 594 4101 2042 4164">
    <p class='ocr_par' dir='ltr' id='par_1_86' title="bbox 594 4101 2042 4164">
     <span class='ocr_line' id='line_1_86' title="bbox 594 4101 2042 4164; baseline 0.001 -8"><span class='ocrx_word' id='word_1_606' title='bbox 594 4105 640 4139; x_wconf 76' lang='grc'>’⁷⁵</span> <span class='ocrx_word' id='word_1_607' title='bbox 689 4122 748 4156; x_wconf 91' lang='grc' dir='ltr'>ου</span> <span class='ocrx_word' id='word_1_608' title='bbox 792 4102 980 4164; x_wconf 78' lang='grc' dir='ltr'>κλῆσις</span> <span class='ocrx_word' id='word_1_609' title='bbox 1036 4117 1157 4158; x_wconf 93' lang='lat' dir='ltr'>om.</span> <span class='ocrx_word' id='word_1_610' title='bbox 1224 4104 1289 4158; x_wconf 90' lang='lat' dir='ltr'>D.</span> <span class='ocrx_word' id='word_1_611' title='bbox 1366 4103 1415 4138; x_wconf 76' lang='grc' dir='ltr'>’ῖθ</span> <span class='ocrx_word' id='word_1_612' title='bbox 1482 4104 1589 4162; x_wconf 79' lang='grc' dir='ltr'>υἱὸς</span> <span class='ocrx_word' id='word_1_613' title='bbox 1641 4101 1914 4163; x_wconf 79' lang='grc' dir='ltr'>Ἀζατίνου</span> <span class='ocrx_word' id='word_1_614' title='bbox 1980 4104 2042 4158; x_wconf 91' lang='lat' dir='ltr'>D.</span> 
     </span>
    </p>
   </div>
   <div class='ocr_carea' id='block_1_87' title="bbox 528 4247 953 4305">
    <p class='ocr_par' dir='ltr' id='par_1_87' title="bbox 528 4247 953 4305">
     <span class='ocr_line' id='line_1_87' title="bbox 528 4247 953 4305; baseline 0.005 -6"><span class='ocrx_word' id='word_1_615' title='bbox 528 4247 709 4305; x_wconf 76' lang='grc' dir='ltr'>ἀληθές</span> <span class='ocrx_word' id='word_1_616' title='bbox 731 4260 852 4299; x_wconf 91' lang='lat' dir='ltr'>om.</span> <span class='ocrx_word' id='word_1_617' title='bbox 888 4248 953 4301; x_wconf 83' lang='grc' dir='ltr'>Ο.</span> 
     </span>
    </p>
   </div>
   <div class='ocr_carea' id='block_1_88' title="bbox 2730 3900 3880 3976">
    <p class='ocr_par' dir='ltr' id='par_1_88' title="bbox 2730 3900 3880 3976">
     <span class='ocr_line' id='line_1_88' title="bbox 2730 3900 3880 3976; baseline -0.002 -22"><span class='ocrx_word' id='word_1_618' title='bbox 2730 3901 2777 3954; x_wconf 75' lang='grc' dir='ltr'>ἐν</span> <span class='ocrx_word' id='word_1_619' title='bbox 2834 3909 2943 3963; x_wconf 87' lang='grc' dir='ltr'>τοῖς</span> <span class='ocrx_word' id='word_1_620' title='bbox 2992 3902 3183 3955; x_wconf 85' lang='grc' dir='ltr'>ἑαυτῶν</span> <span class='ocrx_word' id='word_1_621' title='bbox 3246 3906 3335 3953; x_wconf 89' lang='grc' dir='ltr'>καὶ</span> <span class='ocrx_word' id='word_1_622' title='bbox 3386 3904 3486 3976; x_wconf 84' lang='grc' dir='ltr'>γὰρ</span> <span class='ocrx_word' id='word_1_623' title='bbox 3547 3900 3880 3973; x_wconf 69' lang='grc' dir='ltr'>ἠσχολοῦντο</span> 
     </span>
    </p>
   </div>
   <div class='ocr_carea' id='block_1_89' title="bbox 2119 4095 3885 4171">
    <p class='ocr_par' dir='ltr' id='par_1_89' title="bbox 2119 4095 3885 4171">
     <span class='ocr_line' id='line_1_89' title="bbox 2119 4095 3885 4171; baseline -0.004 -18"><span class='ocrx_word' id='word_1_624' title='bbox 2119 4104 2164 4137; x_wconf 76' lang='lat'><strong>77</strong></span> <span class='ocrx_word' id='word_1_625' title='bbox 2208 4103 2233 4153; x_wconf 82' lang='lat'><em>6</em></span> <span class='ocrx_word' id='word_1_626' title='bbox 2286 4133 2351 4142; x_wconf 90' lang='lat'>—</span> <span class='ocrx_word' id='word_1_627' title='bbox 2399 4100 2637 4153; x_wconf 83' lang='grc' dir='ltr'>ἀπώνατο</span> <span class='ocrx_word' id='word_1_628' title='bbox 2685 4114 2808 4154; x_wconf 89' lang='lat' dir='ltr'>om.</span> <span class='ocrx_word' id='word_1_629' title='bbox 2870 4100 2935 4155; x_wconf 81' lang='grc' dir='ltr'>Ι).</span> <span class='ocrx_word' id='word_1_630' title='bbox 3010 4098 3059 4133; x_wconf 72' lang='grc'>⁷⁸</span> <span class='ocrx_word' id='word_1_631' title='bbox 3089 4096 3153 4171; x_wconf 27' lang='grc' dir='ltr'>Αέν</span> <span class='ocrx_word' id='word_1_632' title='bbox 3196 4128 3268 4137; x_wconf 92' lang='lat'>—</span> <span class='ocrx_word' id='word_1_633' title='bbox 3322 4095 3885 4171; x_wconf 37' lang='grc' dir='ltr'>πρέσϐεις]ῌπρέσϐεις</span> 
     </span>
    </p>
   </div>
   <div class='ocr_carea' id='block_1_90' title="bbox 524 4168 3419 4249">
    <p class='ocr_par' dir='ltr' id='par_1_90' title="bbox 524 4168 3419 4249">
     <span class='ocr_line' id='line_1_90' title="bbox 524 4168 3419 4249; baseline -0.003 -22"><span class='ocrx_word' id='word_1_634' title='bbox 524 4173 610 4229; x_wconf 77' lang='grc' dir='ltr'>οὖν</span> <span class='ocrx_word' id='word_1_635' title='bbox 641 4178 705 4230; x_wconf 89' lang='lat' dir='ltr'>D.</span> <span class='ocrx_word' id='word_1_636' title='bbox 782 4175 832 4209; x_wconf 73' lang='lat'>7’</span> <span class='ocrx_word' id='word_1_637' title='bbox 864 4178 930 4235; x_wconf 87' lang='grc' dir='ltr'>ὡς</span> <span class='ocrx_word' id='word_1_638' title='bbox 957 4172 1309 4248; x_wconf 69' lang='grc' dir='ltr'>ἀποτρέψαιτο</span> <span class='ocrx_word' id='word_1_639' title='bbox 1487 4176 1534 4209; x_wconf 80' lang='grc' dir='ltr'>⁸ο</span> <span class='ocrx_word' id='word_1_640' title='bbox 1565 4183 1654 4226; x_wconf 76' lang='grc' dir='ltr'>τοῦ</span> <span class='ocrx_word' id='word_1_641' title='bbox 1696 4173 1895 4249; x_wconf 78' lang='grc' dir='ltr'>βάρους</span> <span class='ocrx_word' id='word_1_642' title='bbox 1924 4174 2082 4226; x_wconf 68' lang='grc' dir='ltr'>αὐτοῦ</span> <span class='ocrx_word' id='word_1_643' title='bbox 2129 4190 2250 4229; x_wconf 91' lang='lat' dir='ltr'>om.</span> <span class='ocrx_word' id='word_1_644' title='bbox 2289 4176 2370 4249; x_wconf 81' lang='lat' dir='ltr'>_D.</span> <span class='ocrx_word' id='word_1_645' title='bbox 2448 4174 2489 4207; x_wconf 80' lang='grc'>⁸¹</span> <span class='ocrx_word' id='word_1_646' title='bbox 2539 4174 2747 4249; x_wconf 69' lang='grc' dir='ltr'>φάσκων</span> <span class='ocrx_word' id='word_1_647' title='bbox 2805 4168 3110 4249; x_wconf 58' lang='grc' dir='ltr'>τυγχάνειν]</span> <span class='ocrx_word' id='word_1_648' title='bbox 3157 4168 3419 4249; x_wconf 63' lang='grc' dir='ltr'>τυγχάνρν</span> 
     </span>
    </p>
   </div>
   <div class='ocr_carea' id='block_1_91' title="bbox 1030 4242 2778 4318">
    <p class='ocr_par' dir='ltr' id='par_1_91' title="bbox 1030 4242 2778 4318">
     <span class='ocr_line' id='line_1_91' title="bbox 1030 4242 2778 4318; baseline -0.001 -21"><span class='ocrx_word' id='word_1_649' title='bbox 1030 4242 1230 4315; x_wconf 52' lang='grc' dir='ltr'>δῖ’γουν</span> <span class='ocrx_word' id='word_1_650' title='bbox 1259 4278 1329 4285; x_wconf 90' lang='lat'>——</span> <span class='ocrx_word' id='word_1_651' title='bbox 1357 4244 1601 4318; x_wconf 71' lang='grc' dir='ltr'>βασιλεὺς</span> <span class='ocrx_word' id='word_1_652' title='bbox 1632 4242 1865 4307; x_wconf 77' lang='grc' dir='ltr'>Ἰωάννης</span> <span class='ocrx_word' id='word_1_653' title='bbox 1904 4250 1965 4311; x_wconf 89' lang='lat' dir='ltr'>D,</span> <span class='ocrx_word' id='word_1_654' title='bbox 1990 4246 2231 4301; x_wconf 88' lang='lat' dir='ltr'>omissis</span> <span class='ocrx_word' id='word_1_655' title='bbox 2257 4242 2778 4318; x_wconf 76' lang='grc' dir='ltr'>οἶα-πράγμασιν.</span> 
     </span>
    </p>
   </div>
   <div class='ocr_carea' id='block_1_92' title="bbox 3480 4168 3887 4222">
    <p class='ocr_par' dir='ltr' id='par_1_92' title="bbox 3480 4168 3887 4222">
     <span class='ocr_line' id='line_1_92' title="bbox 3480 4168 3887 4222; baseline -0.01 0"><span class='ocrx_word' id='word_1_656' title='bbox 3480 4171 3540 4222; x_wconf 88' lang='lat' dir='ltr'>D.</span> <span class='ocrx_word' id='word_1_657' title='bbox 3596 4168 3643 4202; x_wconf 71' lang='grc'>⁸³</span> <span class='ocrx_word' id='word_1_658' title='bbox 3686 4168 3791 4219; x_wconf 81' lang='grc' dir='ltr'>καὶ</span> <span class='ocrx_word' id='word_1_659' title='bbox 3820 4197 3887 4206; x_wconf 92' lang='lat'>—-</span> 
     </span>
    </p>
   </div>
   <div class='ocr_carea' id='block_1_93' title="bbox 2859 4239 3885 4312">
    <p class='ocr_par' dir='ltr' id='par_1_93' title="bbox 2859 4239 3885 4312">
     <span class='ocr_line' id='line_1_93' title="bbox 2859 4239 3885 4312; baseline -0.002 -20"><span class='ocrx_word' id='word_1_660' title='bbox 2859 4239 3156 4312; x_wconf 55' lang='grc' dir='ltr'>⁸⁹άσμενός</span> <span class='ocrx_word' id='word_1_661' title='bbox 3186 4257 3305 4295; x_wconf 93' lang='lat' dir='ltr'>om.</span> <span class='ocrx_word' id='word_1_662' title='bbox 3341 4239 3410 4294; x_wconf 90' lang='lat' dir='ltr'>D.</span> <span class='ocrx_word' id='word_1_663' title='bbox 3486 4240 3532 4273; x_wconf 76' lang='grc'>⁸⁵</span> <span class='ocrx_word' id='word_1_664' title='bbox 3561 4244 3656 4312; x_wconf 71' lang='grc' dir='ltr'>καὶ</span> <span class='ocrx_word' id='word_1_665' title='bbox 3702 4239 3769 4298; x_wconf 82' lang='grc' dir='ltr'>εἰς</span> <span class='ocrx_word' id='word_1_666' title='bbox 3821 4268 3885 4278; x_wconf 90' lang='grc'><strong><em>-</em></strong></span> 
     </span>
    </p>
   </div>
   <div class='ocr_carea' id='block_1_94' title="bbox 531 4311 2177 4401">
    <p class='ocr_par' dir='ltr' id='par_1_94' title="bbox 531 4311 2147 4401">
     <span class='ocr_line' id='line_1_94' title="bbox 531 4311 2147 4401; baseline -0.001 -30"><span class='ocrx_word' id='word_1_667' title='bbox 531 4319 912 4401; x_wconf 68' lang='grc' dir='ltr'>εὑρισκομένοις</span> <span class='ocrx_word' id='word_1_668' title='bbox 938 4332 1058 4371; x_wconf 90' lang='lat' dir='ltr'>om.</span> <span class='ocrx_word' id='word_1_669' title='bbox 1087 4311 1149 4381; x_wconf 77' lang='lat' dir='ltr'>D,</span> <span class='ocrx_word' id='word_1_670' title='bbox 1229 4319 1275 4351; x_wconf 72' lang='grc'>⁸6</span> <span class='ocrx_word' id='word_1_671' title='bbox 1305 4311 1429 4387; x_wconf 72' lang='grc' dir='ltr'>γοῦν</span> <span class='ocrx_word' id='word_1_672' title='bbox 1461 4350 1528 4356; x_wconf 89' lang='grc'><strong>-</strong></span> <span class='ocrx_word' id='word_1_673' title='bbox 1558 4320 2006 4388; x_wconf 80' lang='grc' dir='ltr'>συσκευασάμενοι</span> <span class='ocrx_word' id='word_1_674' title='bbox 2034 4333 2147 4371; x_wconf 91' lang='lat' dir='ltr'>0m.</span> 
     </span>
    </p>
   </div>
   <div class='ocr_carea' id='block_1_95' title="bbox 2269 4311 3889 4401">
    <p class='ocr_par' dir='ltr' id='par_1_95' title="bbox 2269 4311 3889 4401">
     <span class='ocr_line' id='line_1_95' title="bbox 2269 4311 3889 4401; baseline 0.012 -31"><span class='ocrx_word' id='word_1_675' title='bbox 2269 4359 2277 4370; x_wconf 93' lang='lat'>.</span> <span class='ocrx_word' id='word_1_676' title='bbox 2325 4311 2673 4401; x_wconf 43' lang='grc' dir='ltr'>θτθἿὼάννης</span> <span class='ocrx_word' id='word_1_677' title='bbox 2730 4318 2786 4367; x_wconf 90' lang='lat' dir='ltr'>et</span> <span class='ocrx_word' id='word_1_678' title='bbox 2841 4311 3322 4373; x_wconf 69' lang='grc' dir='ltr'>ωοΧἾαθατίνης</span> <span class='ocrx_word' id='word_1_679' title='bbox 3376 4327 3497 4367; x_wconf 74' lang='grc' dir='ltr'>οωο</span> <span class='ocrx_word' id='word_1_680' title='bbox 3555 4311 3624 4366; x_wconf 81' lang='lat' dir='ltr'>D-</span> <span class='ocrx_word' id='word_1_681' title='bbox 3706 4312 3754 4345; x_wconf 63' lang='grc'><strong>8³</strong></span> <span class='ocrx_word' id='word_1_682' title='bbox 3811 4314 3889 4381; x_wconf 64' lang='grc' dir='ltr'>7ί’</span> 
     </span>
    </p>
   </div>
   <div class='ocr_carea' id='block_1_96' title="bbox 532 4387 1319 4465">
    <p class='ocr_par' dir='ltr' id='par_1_96' title="bbox 532 4387 1319 4465">
     <span class='ocr_line' id='line_1_96' title="bbox 532 4387 1319 4465; baseline 0.003 -24"><span class='ocrx_word' id='word_1_683' title='bbox 532 4387 695 4465; x_wconf 81' lang='grc' dir='ltr'>φυραν</span> <span class='ocrx_word' id='word_1_684' title='bbox 728 4419 796 4428; x_wconf 90' lang='lat'>—-</span> <span class='ocrx_word' id='word_1_685' title='bbox 817 4387 1082 4460; x_wconf 84' lang='grc' dir='ltr'>ἐναντίοις]</span> <span class='ocrx_word' id='word_1_686' title='bbox 1126 4396 1235 4440; x_wconf 83' lang='grc' dir='ltr'>εἶτα</span> <span class='ocrx_word' id='word_1_687' title='bbox 1257 4391 1319 4444; x_wconf 91' lang='lat' dir='ltr'>D.</span> 
     </span>
    </p>
   </div>
   <div class='ocr_carea' id='block_1_97' title="bbox 1401 4384 2962 4461">
    <p class='ocr_par' dir='ltr' id='par_1_97' title="bbox 1401 4384 2962 4461">
     <span class='ocr_line' id='line_1_97' title="bbox 1401 4384 2962 4461; baseline -0.001 -21"><span class='ocrx_word' id='word_1_688' title='bbox 1401 4390 1446 4423; x_wconf 76' lang='grc'><strong>⁸9</strong></span> <span class='ocrx_word' id='word_1_689' title='bbox 1475 4390 1611 4460; x_wconf 72' lang='grc' dir='ltr'>ὁμὲν</span> <span class='ocrx_word' id='word_1_690' title='bbox 1638 4420 1709 4429; x_wconf 91' lang='lat'><strong>—</strong></span> <span class='ocrx_word' id='word_1_691' title='bbox 1738 4384 2041 4461; x_wconf 80' lang='grc' dir='ltr'>πράγμασιν</span> <span class='ocrx_word' id='word_1_692' title='bbox 2073 4390 2340 4461; x_wconf 71' lang='grc' dir='ltr'>ἠρέμησαν</span> <span class='ocrx_word' id='word_1_693' title='bbox 2375 4384 2541 4439; x_wconf 75' lang='grc' dir='ltr'>δὲκαὶ</span> <span class='ocrx_word' id='word_1_694' title='bbox 2562 4388 2610 4437; x_wconf 82' lang='grc' dir='ltr'>οἱ</span> <span class='ocrx_word' id='word_1_695' title='bbox 2630 4387 2870 4458; x_wconf 82' lang='grc' dir='ltr'>Τάχαροι</span> <span class='ocrx_word' id='word_1_696' title='bbox 2898 4387 2962 4441; x_wconf 89' lang='lat' dir='ltr'>D.</span> 
     </span>
    </p>
   </div>
   <div class='ocr_carea' id='block_1_98' title="bbox 1447 4527 2956 4620">
    <p class='ocr_par' dir='ltr' id='par_1_98' title="bbox 1447 4527 2956 4620">
     <span class='ocr_line' id='line_1_98' title="bbox 1447 4527 2956 4620; baseline -0.002 -24"><span class='ocrx_word' id='word_1_697' title='bbox 1447 4530 1788 4598; x_wconf 88' lang='lat' dir='ltr'>Theodori</span> <span class='ocrx_word' id='word_1_698' title='bbox 1813 4532 2059 4599; x_wconf 71' lang='lat' dir='ltr'>Dousae</span> <span class='ocrx_word' id='word_1_699' title='bbox 2100 4541 2163 4598; x_wconf 90' lang='lat' dir='ltr'>et</span> <span class='ocrx_word' id='word_1_700' title='bbox 2194 4530 2445 4598; x_wconf 90' lang='lat' dir='ltr'>Leonis</span> <span class='ocrx_word' id='word_1_701' title='bbox 2486 4527 2720 4595; x_wconf 87' lang='lat' dir='ltr'>Allatii</span> <span class='ocrx_word' id='word_1_702' title='bbox 2752 4533 2956 4620; x_wconf 56' lang='lat' dir='ltr'>notae.</span> 
     </span>
    </p>
   </div>
   <div class='ocr_carea' id='block_1_99' title="bbox 530 4667 3891 4750">
    <p class='ocr_par' dir='ltr' id='par_1_99' title="bbox 530 4667 3891 4750">
     <span class='ocr_line' id='line_1_99' title="bbox 530 4667 3891 4750; baseline -0.003 -15"><span class='ocrx_word' id='word_1_703' title='bbox 530 4680 787 4750; x_wconf 89' lang='lat' dir='ltr'>utraque</span> <span class='ocrx_word' id='word_1_704' title='bbox 802 4673 1070 4750; x_wconf 88' lang='lat' dir='ltr'>Indiripa</span> <span class='ocrx_word' id='word_1_705' title='bbox 1083 4676 1411 4747; x_wconf 86' lang='lat' dir='ltr'>patet,qua</span> <span class='ocrx_word' id='word_1_706' title='bbox 1441 4674 1689 4732; x_wconf 90' lang='lat' dir='ltr'>subacta</span> <span class='ocrx_word' id='word_1_707' title='bbox 1712 4676 1772 4750; x_wconf 88' lang='lat' dir='ltr'>in</span> <span class='ocrx_word' id='word_1_708' title='bbox 1791 4676 2177 4750; x_wconf 63' lang='lat' dir='ltr'>Arachosian</span> <span class='ocrx_word' id='word_1_709' title='bbox 2214 4678 2253 4732; x_wconf 92' lang='lat' dir='ltr'>D</span> <span class='ocrx_word' id='word_1_710' title='bbox 2291 4677 2688 4750; x_wconf 83' lang='lat' dir='ltr'>excurrerent,</span> <span class='ocrx_word' id='word_1_711' title='bbox 2715 4676 2770 4750; x_wconf 69' lang='lat' dir='ltr'>et</span> <span class='ocrx_word' id='word_1_712' title='bbox 2791 4667 3134 4750; x_wconf 76' lang='lat' dir='ltr'>imperiisui</span> <span class='ocrx_word' id='word_1_713' title='bbox 3150 4667 3368 4724; x_wconf 90' lang='lat' dir='ltr'>limites</span> <span class='ocrx_word' id='word_1_714' title='bbox 3388 4667 3688 4749; x_wconf 75' lang='lat' dir='ltr'>littoribus</span> <span class='ocrx_word' id='word_1_715' title='bbox 3710 4669 3891 4750; x_wconf 81' lang='lat' dir='ltr'>maris</span> 
     </span>
    </p>
   </div>
   <div class='ocr_carea' id='block_1_100' title="bbox 529 4748 2180 4818">
    <p class='ocr_par' dir='ltr' id='par_1_100' title="bbox 529 4748 2180 4818">
     <span class='ocr_line' id='line_1_100' title="bbox 529 4748 2180 4818; baseline -0.004 -10"><span class='ocrx_word' id='word_1_716' title='bbox 529 4748 979 4808; x_wconf 76' lang='lat' dir='ltr'>etCai‘maniam</span> <span class='ocrx_word' id='word_1_717' title='bbox 995 4752 1103 4803; x_wconf 84' lang='lat' dir='ltr'>iter</span> <span class='ocrx_word' id='word_1_718' title='bbox 1123 4752 1498 4815; x_wconf 86' lang='lat' dir='ltr'>convertunt,</span> <span class='ocrx_word' id='word_1_719' title='bbox 1523 4748 1866 4818; x_wconf 84' lang='lat' dir='ltr'>etgentibus</span> <span class='ocrx_word' id='word_1_720' title='bbox 1885 4749 1996 4804; x_wconf 82' lang='lat' dir='ltr'>illis</span> <span class='ocrx_word' id='word_1_721' title='bbox 2010 4748 2180 4802; x_wconf 87' lang='lat' dir='ltr'>facile</span> 
     </span>
    </p>
   </div>
   <div class='ocr_carea' id='block_1_101' title="bbox 528 4818 2181 4897">
    <p class='ocr_par' dir='ltr' id='par_1_101' title="bbox 528 4818 2181 4897">
     <span class='ocr_line' id='line_1_101' title="bbox 528 4818 2181 4897; baseline -0.004 -19"><span class='ocrx_word' id='word_1_722' title='bbox 528 4818 1226 4897; x_wconf 69' lang='lat' dir='ltr'>devictis_ad_Chaldaaos</span> <span class='ocrx_word' id='word_1_723' title='bbox 1256 4819 1548 4897; x_wconf 82' lang='lat' dir='ltr'>etArabes</span> <span class='ocrx_word' id='word_1_724' title='bbox 1581 4818 2181 4897; x_wconf 78' lang='lat' dir='ltr'>perveniunt.l)cinde</span> 
     </span>
    </p>
   </div>
   <div class='ocr_carea' id='block_1_102' title="bbox 528 4891 2185 4967">
    <p class='ocr_par' dir='ltr' id='par_1_102' title="bbox 528 4891 2185 4967">
     <span class='ocr_line' id='line_1_102' title="bbox 528 4891 2185 4967; baseline -0.006 -17"><span class='ocrx_word' id='word_1_725' title='bbox 528 4894 607 4950; x_wconf 88' lang='lat' dir='ltr'>ad</span> <span class='ocrx_word' id='word_1_726' title='bbox 623 4893 981 4967; x_wconf 81' lang='lat' dir='ltr'>Babylonios</span> <span class='ocrx_word' id='word_1_727' title='bbox 998 4898 1055 4948; x_wconf 89' lang='lat' dir='ltr'>et</span> <span class='ocrx_word' id='word_1_728' title='bbox 1066 4891 1346 4967; x_wconf 74' lang='lat' dir='ltr'>Assyrios</span> <span class='ocrx_word' id='word_1_729' title='bbox 1371 4894 1721 4967; x_wconf 76' lang='lat' dir='ltr'>transgressi</span> <span class='ocrx_word' id='word_1_730' title='bbox 1764 4891 2185 4967; x_wconf 78' lang='lat' dir='ltr'>Mesopotamia</span> 
     </span>
    </p>
   </div>
   <div class='ocr_carea' id='block_1_103' title="bbox 527 4960 2181 5035">
    <p class='ocr_par' dir='ltr' id='par_1_103' title="bbox 527 4960 2181 5035">
     <span class='ocr_line' id='line_1_103' title="bbox 527 4960 2181 5035; baseline -0.001 -17"><span class='ocrx_word' id='word_1_731' title='bbox 527 4960 846 5035; x_wconf 76' lang='lat' dir='ltr'>occupant,</span> <span class='ocrx_word' id='word_1_732' title='bbox 879 4970 933 5020; x_wconf 88' lang='lat' dir='ltr'>et</span> <span class='ocrx_word' id='word_1_733' title='bbox 964 4964 1077 5021; x_wconf 87' lang='lat' dir='ltr'>loci</span> <span class='ocrx_word' id='word_1_734' title='bbox 1106 4960 1450 5021; x_wconf 78' lang='lat' dir='ltr'>amoenitate</span> <span class='ocrx_word' id='word_1_735' title='bbox 1484 4963 1669 5018; x_wconf 88' lang='lat' dir='ltr'>allecti</span> <span class='ocrx_word' id='word_1_736' title='bbox 1689 4960 2181 5035; x_wconf 64' lang='lat' dir='ltr'>erroresﬁniunt,</span> 
     </span>
    </p>
   </div>
   <div class='ocr_carea' id='block_1_104' title="bbox 527 5030 2183 5105">
    <p class='ocr_par' dir='ltr' id='par_1_104' title="bbox 527 5030 2183 5105">
     <span class='ocr_line' id='line_1_104' title="bbox 527 5030 2183 5105; baseline -0.004 -16"><span class='ocrx_word' id='word_1_737' title='bbox 527 5030 717 5105; x_wconf 82' lang='lat' dir='ltr'>Tertio</span> <span class='ocrx_word' id='word_1_738' title='bbox 731 5030 891 5090; x_wconf 88' lang='lat' dir='ltr'>anno</span> <span class='ocrx_word' id='word_1_739' title='bbox 910 5036 1146 5091; x_wconf 81' lang='lat' dir='ltr'>Jaxarte</span> <span class='ocrx_word' id='word_1_740' title='bbox 1160 5035 1343 5090; x_wconf 84' lang='lat' dir='ltr'>ﬂuvio</span> <span class='ocrx_word' id='word_1_741' title='bbox 1365 5035 1469 5105; x_wconf 87' lang='lat' dir='ltr'>traj</span> <span class='ocrx_word' id='word_1_742' title='bbox 1479 5040 1608 5089; x_wconf 84' lang='lat' dir='ltr'>ecto</span> <span class='ocrx_word' id='word_1_743' title='bbox 1623 5039 1660 5087; x_wconf 79' lang='grc' dir='ltr'><strong>Α</strong></span> <span class='ocrx_word' id='word_1_744' title='bbox 1673 5033 1823 5105; x_wconf 83' lang='lat' dir='ltr'>siam</span> <span class='ocrx_word' id='word_1_745' title='bbox 1855 5030 2183 5105; x_wconf 77' lang='lat' dir='ltr'>inferiorem</span> 
     </span>
    </p>
   </div>
   <div class='ocr_carea' id='block_1_105' title="bbox 530 5101 2185 5176">
    <p class='ocr_par' dir='ltr' id='par_1_105' title="bbox 530 5101 2185 5176">
     <span class='ocr_line' id='line_1_105' title="bbox 530 5101 2185 5176; baseline -0.001 -18"><span class='ocrx_word' id='word_1_746' title='bbox 530 5104 644 5159; x_wconf 89' lang='lat' dir='ltr'>sibi</span> <span class='ocrx_word' id='word_1_747' title='bbox 674 5105 999 5176; x_wconf 84' lang='lat' dir='ltr'>vindicant,</span> <span class='ocrx_word' id='word_1_748' title='bbox 1027 5122 1137 5161; x_wconf 91' lang='lat' dir='ltr'>nec</span> <span class='ocrx_word' id='word_1_749' title='bbox 1156 5111 1282 5161; x_wconf 88' lang='lat' dir='ltr'>tum</span> <span class='ocrx_word' id='word_1_750' title='bbox 1304 5101 1678 5176; x_wconf 77' lang='lat' dir='ltr'>quieverunt,</span> <span class='ocrx_word' id='word_1_751' title='bbox 1699 5102 1799 5176; x_wconf 74' lang='lat' dir='ltr'>sed</span> <span class='ocrx_word' id='word_1_752' title='bbox 1826 5101 2043 5176; x_wconf 85' lang='lat' dir='ltr'>tribuni</span> <span class='ocrx_word' id='word_1_753' title='bbox 2068 5101 2185 5176; x_wconf 76' lang='lat' dir='ltr'>alio</span> 
     </span>
    </p>
   </div>
   <div class='ocr_carea' id='block_1_106' title="bbox 529 5172 2185 5299">
    <p class='ocr_par' dir='ltr' id='par_1_106' title="bbox 529 5172 2185 5299">
     <span class='ocr_line' id='line_1_106' title="bbox 529 5172 2185 5299; baseline -0.002 -69"><span class='ocrx_word' id='word_1_754' title='bbox 529 5180 710 5299; x_wconf 57' lang='lat' dir='ltr'>atqne</span> <span class='ocrx_word' id='word_1_755' title='bbox 733 5175 849 5229; x_wconf 89' lang='lat' dir='ltr'>alio</span> <span class='ocrx_word' id='word_1_756' title='bbox 874 5175 1034 5230; x_wconf 86' lang='lat' dir='ltr'>missi</span> <span class='ocrx_word' id='word_1_757' title='bbox 1062 5180 1267 5231; x_wconf 87' lang='lat' dir='ltr'>Persas</span> <span class='ocrx_word' id='word_1_758' title='bbox 1285 5172 1548 5245; x_wconf 71' lang='lat' dir='ltr'>primum</span> <span class='ocrx_word' id='word_1_759' title='bbox 1574 5180 1629 5230; x_wconf 89' lang='lat' dir='ltr'>et</span> <span class='ocrx_word' id='word_1_760' title='bbox 1654 5172 1893 5228; x_wconf 82' lang='lat' dir='ltr'>Parthos</span> <span class='ocrx_word' id='word_1_761' title='bbox 1915 5178 1969 5226; x_wconf 90' lang='lat' dir='ltr'>et</span> <span class='ocrx_word' id='word_1_762' title='bbox 1993 5173 2185 5227; x_wconf 85' lang='lat' dir='ltr'>Medos</span> 
     </span>
     <span class='ocr_line' id='line_1_107' title="bbox 533 5244 2185 5299; baseline -0.001 0"><span class='ocrx_word' id='word_1_763' title='bbox 533 5262 602 5299; x_wconf 91' lang='lat' dir='ltr'>su</span> <span class='ocrx_word' id='word_1_764' title='bbox 652 5244 841 5299; x_wconf 70' lang='lat' dir='ltr'>igunt.</span> <span class='ocrx_word' id='word_1_765' title='bbox 872 5245 1087 5299; x_wconf 86' lang='lat' dir='ltr'>deinde</span> <span class='ocrx_word' id='word_1_766' title='bbox 1119 5248 1461 5299; x_wconf 83' lang='lat' dir='ltr'>Armeniam</span> <span class='ocrx_word' id='word_1_767' title='bbox 1482 5247 1773 5299; x_wconf 81' lang='lat' dir='ltr'>maiorem</span> <span class='ocrx_word' id='word_1_768' title='bbox 1798 5244 2185 5298; x_wconf 86' lang='lat' dir='ltr'>ascendentes</span> 
     </span>
    </p>
   </div>
   <div class='ocr_carea' id='block_1_107' title="bbox 533 5244 2185 5316">
    <p class='ocr_par' dir='ltr' id='par_1_107' title="bbox 533 5244 2185 5316">
     <span class='ocr_line' id='line_1_108' title="bbox 533 5244 2185 5316; baseline -0.002 -15"><span class='ocrx_word' id='word_1_769' title='bbox 533 5244 841 5314; x_wconf 85' lang='lat' dir='ltr'>subigunt,</span> <span class='ocrx_word' id='word_1_770' title='bbox 872 5245 1087 5301; x_wconf 88' lang='lat' dir='ltr'>deinde</span> <span class='ocrx_word' id='word_1_771' title='bbox 1119 5244 1461 5302; x_wconf 80' lang='lat' dir='ltr'>Armeniam</span> <span class='ocrx_word' id='word_1_772' title='bbox 1482 5247 1773 5316; x_wconf 81' lang='lat' dir='ltr'>majorem</span> <span class='ocrx_word' id='word_1_773' title='bbox 1798 5244 2185 5298; x_wconf 87' lang='lat' dir='ltr'>ascendentes</span> 
     </span>
    </p>
   </div>
   <div class='ocr_carea' id='block_1_108' title="bbox 534 5316 2191 5375">
    <p class='ocr_par' dir='ltr' id='par_1_108' title="bbox 534 5316 2191 5375">
     <span class='ocr_line' id='line_1_109' title="bbox 534 5316 2191 5375; baseline -0.003 -1"><span class='ocrx_word' id='word_1_774' title='bbox 534 5316 877 5375; x_wconf 88' lang='lat' dir='ltr'>Colchidem</span> <span class='ocrx_word' id='word_1_775' title='bbox 901 5321 955 5372; x_wconf 88' lang='lat' dir='ltr'>et</span> <span class='ocrx_word' id='word_1_776' title='bbox 980 5317 1296 5372; x_wconf 85' lang='lat' dir='ltr'>ﬁnitimam</span> <span class='ocrx_word' id='word_1_777' title='bbox 1320 5317 1399 5371; x_wconf 89' lang='lat' dir='ltr'>illi</span> <span class='ocrx_word' id='word_1_778' title='bbox 1425 5318 2019 5372; x_wconf 79' lang='lat' dir='ltr'>lberiamexcurrunt.</span> <span class='ocrx_word' id='word_1_779' title='bbox 2046 5318 2191 5369; x_wconf 78' lang='lat' dir='ltr'>Prae-</span> 
     </span>
    </p>
   </div>
   <div class='ocr_carea' id='block_1_109' title="bbox 531 5385 2189 5460">
    <p class='ocr_par' dir='ltr' id='par_1_109' title="bbox 531 5385 2189 5460">
     <span class='ocr_line' id='line_1_110' title="bbox 531 5385 2189 5460; baseline -0.002 -15"><span class='ocrx_word' id='word_1_780' title='bbox 531 5388 633 5445; x_wconf 88' lang='lat' dir='ltr'>dia</span> <span class='ocrx_word' id='word_1_781' title='bbox 672 5387 1063 5460; x_wconf 90' lang='lat' dir='ltr'>postmodum</span> <span class='ocrx_word' id='word_1_782' title='bbox 1085 5388 1517 5460; x_wconf 74' lang='lat' dir='ltr'>animnissima,</span> <span class='ocrx_word' id='word_1_783' title='bbox 1541 5393 1597 5460; x_wconf 87' lang='lat' dir='ltr'>et</span> <span class='ocrx_word' id='word_1_784' title='bbox 1615 5385 2015 5460; x_wconf 69' lang='lat' dir='ltr'>delicatissimi</span> <span class='ocrx_word' id='word_1_785' title='bbox 2041 5386 2189 5456; x_wconf 68' lang='lat' dir='ltr'>agri,</span> 
     </span>
    </p>
   </div>
   <div class='ocr_carea' id='block_1_110' title="bbox 535 5456 2184 5535">
    <p class='ocr_par' dir='ltr' id='par_1_110' title="bbox 535 5456 2184 5535">
     <span class='ocr_line' id='line_1_111' title="bbox 535 5456 2184 5535; baseline -0.002 -19"><span class='ocrx_word' id='word_1_786' title='bbox 535 5456 759 5535; x_wconf 73' lang='lat' dir='ltr'>quibus</span> <span class='ocrx_word' id='word_1_787' title='bbox 778 5460 863 5535; x_wconf 84' lang='lat' dir='ltr'>illi</span> <span class='ocrx_word' id='word_1_788' title='bbox 886 5474 1268 5535; x_wconf 90' lang='lat' dir='ltr'>summopere</span> <span class='ocrx_word' id='word_1_789' title='bbox 1295 5459 1571 5535; x_wconf 74' lang='lat' dir='ltr'>delectati</span> <span class='ocrx_word' id='word_1_790' title='bbox 1604 5462 1761 5535; x_wconf 81' lang='lat' dir='ltr'>sunt,</span> <span class='ocrx_word' id='word_1_791' title='bbox 1811 5456 2055 5535; x_wconf 61' lang='lat' dir='ltr'>effecere</span> <span class='ocrx_word' id='word_1_792' title='bbox 2106 5464 2184 5525; x_wconf 83' lang='lat' dir='ltr'>ut,</span> 
     </span>
    </p>
   </div>
   <div class='ocr_carea' id='block_1_111' title="bbox 539 5529 2188 5608">
    <p class='ocr_par' dir='ltr' id='par_1_111' title="bbox 539 5529 2188 5608">
     <span class='ocr_line' id='line_1_112' title="bbox 539 5529 2188 5608; baseline -0.003 -17"><span class='ocrx_word' id='word_1_793' title='bbox 539 5529 726 5608; x_wconf 78' lang='lat' dir='ltr'>quam</span> <span class='ocrx_word' id='word_1_794' title='bbox 757 5532 962 5590; x_wconf 91' lang='lat' dir='ltr'>animo</span> <span class='ocrx_word' id='word_1_795' title='bbox 984 5532 1114 5604; x_wconf 90' lang='lat' dir='ltr'>jam</span> <span class='ocrx_word' id='word_1_796' title='bbox 1131 5529 1559 5605; x_wconf 76' lang='lat' dir='ltr'>possidebant,</span> <span class='ocrx_word' id='word_1_797' title='bbox 1589 5529 1794 5588; x_wconf 85' lang='lat' dir='ltr'>Asiam</span> <span class='ocrx_word' id='word_1_798' title='bbox 1846 5529 2188 5587; x_wconf 79' lang='lat' dir='ltr'>interiorem</span> 
     </span>
    </p>
   </div>
   <div class='ocr_carea' id='block_1_112' title="bbox 2293 4740 3892 4812">
    <p class='ocr_par' dir='ltr' id='par_1_112' title="bbox 2293 4740 3892 4812">
     <span class='ocr_line' id='line_1_113' title="bbox 2293 4740 3892 4812; baseline -0.003 -11"><span class='ocrx_word' id='word_1_799' title='bbox 2293 4745 2698 4801; x_wconf 86' lang='lat' dir='ltr'>terminarent.</span> <span class='ocrx_word' id='word_1_800' title='bbox 2718 4742 3000 4796; x_wconf 88' lang='lat' dir='ltr'>Gentibus</span> <span class='ocrx_word' id='word_1_801' title='bbox 3015 4746 3238 4805; x_wconf 85' lang='lat' dir='ltr'>tamen,</span> <span class='ocrx_word' id='word_1_802' title='bbox 3253 4756 3406 4812; x_wconf 89' lang='lat' dir='ltr'>quas</span> <span class='ocrx_word' id='word_1_803' title='bbox 3425 4740 3776 4812; x_wconf 81' lang='lat' dir='ltr'>inviserant,</span> <span class='ocrx_word' id='word_1_804' title='bbox 3794 4756 3892 4812; x_wconf 85' lang='lat' dir='ltr'>an-</span> 
     </span>
    </p>
   </div>
   <div class='ocr_carea' id='block_1_113' title="bbox 2292 4809 3891 4884">
    <p class='ocr_par' dir='ltr' id='par_1_113' title="bbox 2292 4809 3891 4884">
     <span class='ocr_line' id='line_1_114' title="bbox 2292 4809 3891 4884; baseline -0.003 -13"><span class='ocrx_word' id='word_1_805' title='bbox 2292 4833 2415 4871; x_wconf 90' lang='lat' dir='ltr'>nua</span> <span class='ocrx_word' id='word_1_806' title='bbox 2433 4815 2649 4872; x_wconf 87' lang='lat' dir='ltr'>tributa</span> <span class='ocrx_word' id='word_1_807' title='bbox 2667 4815 3103 4884; x_wconf 88' lang='lat' dir='ltr'>imposuerunt,</span> <span class='ocrx_word' id='word_1_808' title='bbox 3130 4809 3307 4884; x_wconf 83' lang='lat' dir='ltr'>etpro</span> <span class='ocrx_word' id='word_1_809' title='bbox 3322 4827 3431 4865; x_wconf 86' lang='lat' dir='ltr'>sua</span> <span class='ocrx_word' id='word_1_810' title='bbox 3450 4809 3701 4884; x_wconf 81' lang='lat' dir='ltr'>libidine</span> <span class='ocrx_word' id='word_1_811' title='bbox 3722 4811 3891 4884; x_wconf 83' lang='lat' dir='ltr'>quid-</span> 
     </span>
    </p>
   </div>
   <div class='ocr_carea' id='block_1_114' title="bbox 2294 4882 3893 4954">
    <p class='ocr_par' dir='ltr' id='par_1_114' title="bbox 2294 4882 3893 4954">
     <span class='ocr_line' id='line_1_115' title="bbox 2294 4882 3893 4954; baseline -0.003 -13"><span class='ocrx_word' id='word_1_812' title='bbox 2294 4888 2381 4942; x_wconf 86' lang='lat' dir='ltr'>vis</span> <span class='ocrx_word' id='word_1_813' title='bbox 2420 4886 2480 4941; x_wconf 90' lang='lat' dir='ltr'>id</span> <span class='ocrx_word' id='word_1_814' title='bbox 2512 4885 2640 4941; x_wconf 88' lang='lat' dir='ltr'>illas</span> <span class='ocrx_word' id='word_1_815' title='bbox 2669 4882 3016 4939; x_wconf 82' lang='lat' dir='ltr'>decernunt.</span> <span class='ocrx_word' id='word_1_816' title='bbox 3046 4882 3308 4954; x_wconf 88' lang='lat' dir='ltr'>Tandem</span> <span class='ocrx_word' id='word_1_817' title='bbox 3332 4882 3893 4954; x_wconf 50' lang='lat' dir='ltr'>AssyriorumfPer-</span> 
     </span>
    </p>
   </div>
   <div class='ocr_carea' id='block_1_115' title="bbox 2296 4953 3892 5025">
    <p class='ocr_par' dir='ltr' id='par_1_115' title="bbox 2296 4953 3892 5025">
     <span class='ocr_line' id='line_1_116' title="bbox 2296 4953 3892 5025; baseline -0.002 -13"><span class='ocrx_word' id='word_1_818' title='bbox 2296 4974 2503 5013; x_wconf 90' lang='lat' dir='ltr'>sarum</span> <span class='ocrx_word' id='word_1_819' title='bbox 2556 4962 2613 5012; x_wconf 92' lang='lat' dir='ltr'>et</span> <span class='ocrx_word' id='word_1_820' title='bbox 2660 4955 3073 5011; x_wconf 74' lang='lat' dir='ltr'>Chaldaeorum</span> <span class='ocrx_word' id='word_1_821' title='bbox 3110 4953 3379 5025; x_wconf 81' lang='lat' dir='ltr'>moribus</span> <span class='ocrx_word' id='word_1_822' title='bbox 3430 4953 3669 5021; x_wconf 79' lang='lat' dir='ltr'>exculti,</span> <span class='ocrx_word' id='word_1_823' title='bbox 3704 4955 3892 5025; x_wconf 85' lang='lat' dir='ltr'>patrio</span> 
     </span>
    </p>
   </div>
   <div class='ocr_carea' id='block_1_116' title="bbox 2294 5024 3891 5096">
    <p class='ocr_par' dir='ltr' id='par_1_116' title="bbox 2294 5024 3891 5096">
     <span class='ocr_line' id='line_1_117' title="bbox 2294 5024 3891 5096; baseline -0.002 -12"><span class='ocrx_word' id='word_1_824' title='bbox 2294 5028 2558 5084; x_wconf 90' lang='lat' dir='ltr'>numinis</span> <span class='ocrx_word' id='word_1_825' title='bbox 2602 5027 2761 5082; x_wconf 89' lang='lat' dir='ltr'>cultu</span> <span class='ocrx_word' id='word_1_826' title='bbox 2805 5032 3148 5096; x_wconf 88' lang='lat' dir='ltr'>contempto</span> <span class='ocrx_word' id='word_1_827' title='bbox 3180 5024 3257 5079; x_wconf 82' lang='lat' dir='ltr'>ad</span> <span class='ocrx_word' id='word_1_828' title='bbox 3300 5040 3509 5079; x_wconf 89' lang='lat' dir='ltr'>eorum</span> <span class='ocrx_word' id='word_1_829' title='bbox 3546 5024 3891 5095; x_wconf 85' lang='lat' dir='ltr'>religionem</span> 
     </span>
    </p>
   </div>
   <div class='ocr_carea' id='block_1_117' title="bbox 2294 5096 3891 5168">
    <p class='ocr_par' dir='ltr' id='par_1_117' title="bbox 2294 5096 3891 5168">
     <span class='ocr_line' id='line_1_118' title="bbox 2294 5096 3891 5168; baseline -0.003 -13"><span class='ocrx_word' id='word_1_830' title='bbox 2294 5100 2677 5165; x_wconf 88' lang='lat' dir='ltr'>inclinarunt,</span> <span class='ocrx_word' id='word_1_831' title='bbox 2719 5098 3072 5168; x_wconf 70' lang='lat' dir='ltr'>litorumque</span> <span class='ocrx_word' id='word_1_832' title='bbox 3115 5112 3310 5151; x_wconf 89' lang='lat' dir='ltr'>mores</span> <span class='ocrx_word' id='word_1_833' title='bbox 3336 5101 3392 5168; x_wconf 83' lang='lat' dir='ltr'>et</span> <span class='ocrx_word' id='word_1_834' title='bbox 3420 5096 3688 5152; x_wconf 81' lang='lat' dir='ltr'>instituta.</span> <span class='ocrx_word' id='word_1_835' title='bbox 3717 5097 3891 5153; x_wconf 87' lang='lat' dir='ltr'>rebus</span> 
     </span>
    </p>
   </div>
   <div class='ocr_carea' id='block_1_118' title="bbox 2295 5167 3893 5239">
    <p class='ocr_par' dir='ltr' id='par_1_118' title="bbox 2295 5167 3893 5239">
     <span class='ocr_line' id='line_1_119' title="bbox 2295 5167 3893 5239; baseline -0.004 -12"><span class='ocrx_word' id='word_1_836' title='bbox 2295 5173 2354 5227; x_wconf 86' lang='lat' dir='ltr'>iu</span> <span class='ocrx_word' id='word_1_837' title='bbox 2377 5171 2662 5227; x_wconf 87' lang='lat' dir='ltr'>omnibus</span> <span class='ocrx_word' id='word_1_838' title='bbox 2682 5170 2867 5224; x_wconf 90' lang='lat' dir='ltr'>secuti</span> <span class='ocrx_word' id='word_1_839' title='bbox 2896 5167 3051 5222; x_wconf 83' lang='lat' dir='ltr'>sunt.</span> <span class='ocrx_word' id='word_1_840' title='bbox 3087 5168 3149 5222; x_wconf 81' lang='lat' dir='ltr'>lli</span> <span class='ocrx_word' id='word_1_841' title='bbox 3174 5167 3601 5233; x_wconf 85' lang='lat' dir='ltr'>Musulmanos,</span> <span class='ocrx_word' id='word_1_842' title='bbox 3625 5183 3782 5239; x_wconf 88' lang='lat' dir='ltr'>quos</span> <span class='ocrx_word' id='word_1_843' title='bbox 3803 5169 3893 5223; x_wconf 86' lang='lat' dir='ltr'>alii</span> 
     </span>
    </p>
   </div>
   <div class='ocr_carea' id='block_1_119' title="bbox 2296 5239 3894 5310">
    <p class='ocr_par' dir='ltr' id='par_1_119' title="bbox 2296 5239 3894 5310">
     <span class='ocr_line' id='line_1_120' title="bbox 2296 5239 3894 5310; baseline -0.004 -11"><span class='ocrx_word' id='word_1_844' title='bbox 2296 5247 2513 5299; x_wconf 90' lang='lat' dir='ltr'>Turcas</span> <span class='ocrx_word' id='word_1_845' title='bbox 2550 5247 2783 5307; x_wconf 87' lang='lat' dir='ltr'>vocant,</span> <span class='ocrx_word' id='word_1_846' title='bbox 2809 5256 2878 5294; x_wconf 86' lang='lat' dir='ltr'>eo</span> <span class='ocrx_word' id='word_1_847' title='bbox 2911 5246 3177 5310; x_wconf 86' lang='lat' dir='ltr'>tempore</span> <span class='ocrx_word' id='word_1_848' title='bbox 3200 5239 3421 5310; x_wconf 74' lang='lat' dir='ltr'>pugnis</span> <span class='ocrx_word' id='word_1_849' title='bbox 3454 5243 3510 5292; x_wconf 86' lang='lat' dir='ltr'>et</span> <span class='ocrx_word' id='word_1_850' title='bbox 3538 5239 3894 5310; x_wconf 37' lang='lat' dir='ltr'>excursioni’</span> 
     </span>
    </p>
   </div>
   <div class='ocr_carea' id='block_1_120' title="bbox 2297 5309 3890 5381">
    <p class='ocr_par' dir='ltr' id='par_1_120' title="bbox 2297 5309 3890 5381">
     <span class='ocr_line' id='line_1_121' title="bbox 2297 5309 3890 5381; baseline -0.003 -11"><span class='ocrx_word' id='word_1_851' title='bbox 2297 5315 2409 5370; x_wconf 81' lang='lat' dir='ltr'>bus</span> <span class='ocrx_word' id='word_1_852' title='bbox 2431 5313 2695 5369; x_wconf 87' lang='lat' dir='ltr'>assiduis</span> <span class='ocrx_word' id='word_1_853' title='bbox 2715 5312 2923 5381; x_wconf 81' lang='lat' dir='ltr'>acriter</span> <span class='ocrx_word' id='word_1_854' title='bbox 2939 5309 3352 5381; x_wconf 78' lang='lat' dir='ltr'>hostiliterque</span> <span class='ocrx_word' id='word_1_855' title='bbox 3367 5309 3747 5366; x_wconf 70' lang='lat' dir='ltr'>divexabant.</span> <span class='ocrx_word' id='word_1_856' title='bbox 3766 5318 3890 5366; x_wconf 79' lang='lat' dir='ltr'>ALL.</span> 
     </span>
    </p>
   </div>
   <div class='ocr_carea' id='block_1_121' title="bbox 2370 5380 3887 5457">
    <p class='ocr_par' dir='ltr' id='par_1_121' title="bbox 2370 5380 3887 5457">
     <span class='ocr_line' id='line_1_122' title="bbox 2370 5380 3887 5457; baseline -0.005 -18"><span class='ocrx_word' id='word_1_857' title='bbox 2370 5388 2479 5454; x_wconf 77' lang='grc'>(82)</span> <span class='ocrx_word' id='word_1_858' title='bbox 2520 5380 2854 5457; x_wconf 76' lang='grc' dir='ltr'>Σωτηριὼὃες</span> <span class='ocrx_word' id='word_1_859' title='bbox 2902 5390 3051 5435; x_wconf 74' lang='grc' dir='ltr'>τουτο</span> <span class='ocrx_word' id='word_1_860' title='bbox 3096 5380 3310 5454; x_wconf 78' lang='grc' dir='ltr'>φάμενος</span> <span class='ocrx_word' id='word_1_861' title='bbox 3354 5384 3637 5453; x_wconf 80' lang='grc' dir='ltr'>τυγχάνειν</span> <span class='ocrx_word' id='word_1_862' title='bbox 3688 5386 3887 5455; x_wconf 74' lang='grc' dir='ltr'>ἀμφοῖν.</span> 
     </span>
    </p>
   </div>
   <div class='ocr_carea' id='block_1_122' title="bbox 2299 5459 2952 5529">
    <p class='ocr_par' dir='ltr' id='par_1_122' title="bbox 2299 5459 2952 5529">
     <span class='ocr_line' id='line_1_123' title="bbox 2299 5459 2952 5529; baseline -0.009 -15"><span class='ocrx_word' id='word_1_863' title='bbox 2299 5459 2586 5528; x_wconf 85' lang='lat' dir='ltr'>Gregoras</span> <span class='ocrx_word' id='word_1_864' title='bbox 2613 5472 2671 5529; x_wconf 92' lang='lat' dir='ltr'>p.</span> <span class='ocrx_word' id='word_1_865' title='bbox 2700 5459 2791 5513; x_wconf 75' lang='grc'>41.</span> <span class='ocrx_word' id='word_1_866' title='bbox 2820 5460 2952 5510; x_wconf 84' lang='lat' dir='ltr'>ALL.</span> 
     </span>
    </p>
   </div>
  </div>
