4084 6212
216 277 354 336 1081

1701 269 2047 330 ANNA‘LES.

3449 280 3592 336 1082

287 399 406 474 μβ·
465 397 590 453 Μετ’
655 398 704 434 θθ
769 397 828 450 οῦ
883 397 1015 451 πολὺ
1069 393 1129 450 δι
1181 401 1270 450 καὶ
1321 398 1374 450 ὄν
1431 399 1816 472 προειρήκαμεν

1927 398 2087 478 ⁴ζ42.
2123 396 2303 454 Paulo
2327 401 2461 470 post
2489 397 2776 471 Joannes,
2809 417 2992 475 quem
3015 401 3280 458 diximus
3309 403 3387 459 ab
3407 403 3595 478 impe-

209 491 460 548 Ἰωάννην
506 491 592 542 τόν
660 484 922 547 δεσπότην
975 491 1310 561 γεγενημένον
1359 489 1504 561 παρά
1567 495 1658 540 τοῦ
1717 485 1818 559 βα-

212 579 399 641 σιλέως
428 580 646 634 Ιωάννου
685 579 744 628 τὸ
781 581 952 650 χρεὼν
1002 576 1211 650 εἰλήφει.
1268 575 1503 651 ’Υπῆρχε
1568 572 1628 629 δὲ
1679 576 1819 646 αὐτῷ

211 666 444 741 ἀδελφὸς
491 670 808 740 Δημήτριος,
899 667 950 726 ὃς
1009 665 1466 738 μεταστειλάμενος
1542 664 1819 739 πρεσϐείαν

213 759 296 820 εἰς
324 756 664 830 τὸνβασιλέα
726 763 818 808 τοῦ
872 775 928 808 τε
975 751 1291 809 δεσποτικοῦ
1358 755 1649 828 ἀξιώματος
1713 753 1819 808 ἐκε-

211 848 599 921 κληρονομήκει
626 853 717 898 τοῦ
747 841 990 918 ἀδελφοῦ,
1023 851 1113 898 καὶ
1144 841 1418 906 δεσπόζειν
1469 847 1673 898 πάντων
1722 853 1822 898 τῶν

212 938 311 991 ὑπ’
387 935 572 990 ἐκεῖνον
657 937 1061 1008 προστέτακται.
1148 933 1282 987 Ἀλλ’
1377 935 1438 994 ἦν
1514 930 1663 996 οὗτος
1730 934 1824 987 οῦκ

215 1023 423 1098 ἀδελφά
451 1032 646 1098 φρονῶν
678 1023 887 1082 Ἰωάννη
938 1031 1010 1095 τῷ
1060 1020 1287 1096 ἀδελφῷ,
1341 1021 1470 1076 ἀλλὰ
1521 1022 1692 1094 πολλῷ
1751 1031 1824 1094 τῷ

210 1122 390 1193 μέτρῳ
440 1112 729 1178 διέζευκτο.
819 1117 1051 1170 Ἐκείνου
1109 1118 1198 1188 μεν
1282 1118 1382 1188 γὰρ
1445 1113 1681 1188 εὐσεϐείᾳ
1735 1119 1825 1166 καὶ

213 1204 461 1278 εὐλαϐείᾳ
489 1208 579 1258 καὶ
612 1207 920 1280 σωφροσύνη
979 1209 1261 1281 χαίροντος
1303 1237 1374 1246 —-
1419 1209 1510 1257 καὶ
1562 1207 1664 1277 γὰρ
1725 1202 1826 1257 ἕλε-

211 1315 309 1368 γον
349 1296 397 1348 όὶ
435 1296 501 1348 τὰ
539 1293 699 1346 αὐτοῦ
738 1291 929 1356 εἰδότες
985 1299 1057 1368 μὴ
1135 1294 1194 1346 ἂν
1268 1313 1392 1348 ποτε
1453 1291 1826 1365 ἀπολειφθῆναι

213 1381 484 1458 μηδεμιᾶς
506 1385 706 1457 ἡμέρας
742 1390 834 1436 τοῦ
873 1386 1020 1447 ἔτους
1055 1391 1149 1436 τοῦ
1195 1389 1267 1458 μὴ
1330 1391 1428 1445 τῆς
1495 1384 1634 1444 θείας
1692 1384 1824 1457 ἱερο-

210 1473 485 1534 τελεστίας
522 1473 976 1548 ἐπακροάσασθαι,
1017 1473 1062 1527 εἰ
1133 1479 1204 1546 μή
1261 1493 1343 1534 τις
1408 1472 1594 1527 ἐκώλυε
1649 1477 1823 1536 νόσος,

213 1570 488 1636 Προσεῖχε
517 1559 577 1616 δὲ
600 1567 924 1635 παννυχίσιν
976 1563 1178 1636 εὐχαῖς,
1243 1569 1335 1617 καὶ
1385 1567 1478 1628 τὰς
1521 1565 1639 1617 καθ’
1689 1564 1824 1638 ὣραν

212 1649 490 1726 ῦμνῳδίάς
542 1653 802 1726 ὁσημέραι
867 1650 1109 1727 ἐπλήρου
1148 1652 1349 1725 Ὡμίλει
1402 1651 1462 1707 δὲ
1511 1657 1602 1706 καὶ
1651 1649 1824 1712 διηνε-

1926 469 2373 565 ζΞῑοι-εξιοειιιῐιθ
2398 488 2713 562 despotam
2737 491 3264 565 factum,spiritum
3297 469 3590 560 exhausit,

1925 560 2226 649 fraterque
2246 576 2404 633 illius
2436 560 2762 636 Demetrius
2789 581 3000 652 legatis
3021 560 3110 639 ad
3165 583 3588 654 imperatorem

1927 665 2158 732 missis,
2186 671 2251 722 ut
2276 667 2622 740 indespotaa
2661 670 2951 740 dignitate
3007 670 3176 728 fratri
3238 673 3583 730 succederet

1929 755 2257 828 omniaque
2283 757 2438 813 illius
2461 757 2574 813 sibi
2599 759 2710 814 sub
2727 765 3021 833 potestate
3033 761 3382 830 vindicaret,
3397 762 3588 835 impe-

1929 845 2124 902 travit.
2145 848 2363 902 Verum
2402 847 2498 903 hic
2525 864 2646 904 non
2671 850 2853 906 modo
2871 851 3088 907 Joanni
3108 851 3270 907 fratri
3292 867 3414 908 non
3437 869 3590 909 exae-

1930 939 2152 1008 quatus
2171 939 2281 1005 est,
2307 936 2415 992 sed
2435 937 2617 1008 longo
2639 938 2952 996 intervallo
2978 941 3056 997 ab
3077 957 3148 998 eo
3183 942 3586 1013 degeneravit,

1930 1025 2026 1081 ille
2054 1025 2375 1098 siquidem,
2406 1043 2544 1083 cum
2606 1029 2842 1101 pietate,
2896 1031 3181 1100 religione
3220 1035 3276 1086 et
3321 1032 3588 1088 castitate

1934 1131 2169 1172 summe
2199 1115 2592 1173 delectaretur
2612 1120 2698 1190 (ut
2717 1119 2878 1176 enim
2909 1119 2989 1176 illi
3019 1120 3122 1192 qui
3144 1121 3370 1187 optime
3391 1122 3586 1178 virum

1934 1207 2228 1261 noverant
2256 1205 2610 1272 referebant,
2668 1207 2833 1264 nullo
2880 1208 2929 1264 is
2956 1225 3227 1282 unquam
3259 1210 3400 1265 anni
3430 1210 3525 1266 die
3551 1227 3588 1269 a

1935 1308 2106 1350 sacro
2137 1294 2439 1351 audiendo
2478 1296 2595 1351 nisi
2634 1297 2796 1354 mala
2821 1297 3160 1354 valetudine
3189 1299 3308 1371 76
3363 1299 3588 1356 discru-

1935 1381 2124 1438 ciatus
2151 1383 2479 1452 abstinuit),
2525 1384 2803 1457 precibus
2853 1387 2932 1442 ad
2983 1390 3168 1443 Deum
3209 1388 3587 1444 eﬂundendis

1933 1477 2224 1545 perpetuo
2242 1474 2652 1545 pernoctabat,
2675 1475 3005 1549 laudesque
3027 1477 3262 1533 divinas
3279 1478 3450 1534 certis
3470 1478 3588 1534 diei

1933 1560 2096 1616 horis
2127 1560 2420 1632 ascriptas
2445 1563 2710 1635 quotidie
2741 1563 3083 1620 celebrabat
3111 1583 3127 1635 ;
3151 1565 3424 1638 quinimo
3446 1582 3584 1623 con-

1934 1651 2099 1705 tinuo
2117 1666 2254 1705 cum
2276 1646 2956 1720 Nazarteis'versabatur,
2980 1653 3340 1726 volebatque
3364 1671 3586 1728 quam-

211 1751 325 1804 κῶς
351 1742 695 1815 Ναζηραίοις,
729 1745 818 1793 καὶ
848 1737 909 1800 ἧν
941 1741 1080 1813 αὐτῷ
1123 1739 1215 1796 διὰ
1262 1739 1676 1816 σπουδάσματος
1743 1743 1823 1802 ὃτι

1932 1738 2184 1795 maxime
2215 1740 2345 1796 vitas
2375 1739 2653 1797 solitariae
2683 1742 2933 1798 nomina
2957 1743 3101 1799 dare
3141 1747 3198 1799 et
3234 1749 3582 1800 manantem

212 1831 466 1886 πλείστου
497 1838 589 1883 τοῦ
619 1835 875 1906 μονήρους
906 1829 1029 1903 βίου
1059 1839 1242 1905 τυχεῖν
1293 1837 1384 1885 καὶ
1452 1840 1548 1895 τῆς
1599 1832 1822 1887 ἐντεῦθεν

215 1923 456 1992 ἡσυχίας
482 1919 532 1973 ἐν
584 1923 740 1994 πείρᾳ
766 1921 1026 1992 γενέσθαι,
1093 1925 1125 1980 ἦ
1181 1923 1276 1974 κᾶν
1355 1922 1653 1996 προσφιλῶς
1705 1920 1821 1976 δια-

213 2011 428 2063 κεῖσθαι
445 2017 554 2070 τοῖς
579 2010 742 2072 οὕτως
771 2011 1012 2081 ἔχουσιν.
1045 2008 1112 2063 Ὀ
1143 2007 1202 2063 δὲ
1246 2007 1468 2084 ἀδελφὸς
1523 2017 1822 2087 Δημήτριος

214 2098 274 2162 ἐξ
299 2098 530 2162 ἐναντίας
556 2095 670 2171 εἶχε
733 2105 823 2152 τοῦ
879 2103 1093 2174 τρόπου.
1153 2105 1454 2176 Μειρακίοις
1510 2105 1613 2176 γὰρ
1677 2102 1820 2156 ἀϐελο

210 2191 384 2261 τέροις
411 2187 612 2258 ὡμίλει,
639 2193 728 2240 καὶ
769 2191 966 2249 τούτοις
1025 2208 1080 2241 τε
1125 2188 1345 2242 πλεῖστα
1390 2193 1679 2250 συνήσθετο
1731 2197 1820 2245 καὶ

213 2285 328 2340 τοῖς
367 2274 702 2350 ἀφροδισίοις
727 2277 998 2349 ἠσέλγαινε
1025 2283 1115 2331 καὶ
1141 2282 1286 2353 παρά
1313 2287 1429 2343 ταῖς
1503 2282 1604 2333 ὑπὸ
1659 2282 1818 2354 ζυγόν

212 2365 413 2438 ἐφοίτα,
468 2365 603 2419 ὥστε
707 2370 835 2419 ποτε
890 2372 980 2420 καὶ
1049 2370 1349 2442 σύμπτωμα
1410 2369 1598 2429 συνέϐη
1651 2375 1818 2445 τούτῳ

215 2452 406 2509 δεινόν’
438 2456 617 2528 ὰγὰρ
667 2457 710 2491 ³⁸
767 2453 983 2528 θυρίδος
1036 2465 1129 2510 τοῦ
1183 2451 1373 2531 ἀνδρὸς
1419 2467 1514 2522 τῆς
1563 2480 1816 2533 μοιχευο-

215 2550 378 2615 μένης
409 2545 594 2621 ἀθρόον
637 2547 683 2588 9!
741 2543 1116 2608 ἔπεισελθόντος
1168 2547 1448 2621 βουληθεὶς
1497 2548 1811 2626 ἀποδρᾶναι,

221 2637 289 2695 ὡς
327 2633 382 2697 ἐξ
406 2633 731 2706 ῦπερυψὴλου
771 2642 864 2687 τοῦ
897 2640 1060 2688 τόπου
1105 2638 1154 2671 9³
1201 2641 1391 2705 πεσὼν,
1456 2643 1541 2692 τόν
1597 2639 1814 2712 γλουτόν

219 2723 444 2794 ἐπλήγη,
512 2725 683 2784 ἱκανὰς
751 2721 811 2776 δε
867 2726 1064 2798 ἡμέρας
1110 2726 1438 2790 νοσηλευθεὶς
1517 2728 1637 2787 ἰάθη
1699 2733 1813 2803 μὲν,

214 2814 480 2876 ὑπέσκαζε
529 2809 588 2866 δε
640 2821 742 2865 τῶν
797 2810 972 2866 ποδῶν
1023 2817 1232 2890 θάτερον
1285 2821 1376 2868 καὶ
1429 2817 1524 2870 οῦκ
1568 2818 1815 2893 ἐϐημάτι-

219 2905 303 2965 ζεν
328 2900 530 2974 ὁμαλῶς
556 2903 626 2958 9‘.
660 2902 798 2956 Ἀλλ’
847 2900 996 2966 οὗτος
1053 2904 1147 2957 οῦκ
1203 2904 1274 2966 εἰς
1329 2910 1532 2981 μακρὰν
1577 2907 1816 2962 ἀπὼνατο

1929 1827 2070 1883 inde
2091 1828 2581 1900 tranquillitatem
2597 1831 2871 1902 experiri,
2892 1831 2988 1887 vel
3011 1831 3222 1888 saltem
3248 1833 3332 1888 sic
3343 1832 3585 1890 affecto-

1928 1932 2065 1972 rum
2087 1918 2454 1974 amicissimo
2474 1921 2839 1976 commercio
2856 1921 3037 1977 uti.At
3057 1922 3236 1978 frater
3252 1922 3584 1978 Demetrius

1927 2005 1991 2061 in
2015 2005 2288 2062 fraternae
2319 2007 2454 2064 vitae
2489 2009 2785 2064 contraria
2812 2009 3012 2066 studia
3037 2011 3404 2075 trahebatur,
3446 2015 3584 2068 tan-

1927 2111 2114 2167 quam
2136 2096 2239 2168 qui
2261 2096 2494 2153 stolidis
2514 2097 2971 2154 adolescentulis
2993 2105 3424 2167 consuesceret,
3447 2099 3580 2172 qui-

1926 2184 2042 2240 bus
2059 2185 2436 2258 potissimum
2457 2187 2781 2258 gaudebat,
2803 2193 2861 2245 et
2889 2188 3074 2244 dediti
3112 2184 3382 2262 carporis
3409 2189 3580 2246 obse-

1927 2273 2073 2346 quio
2119 2275 2472 2343 vinceretur,
2528 2275 2874 2350 alienasque
2930 2278 3288 2350 permoleret
3338 2293 3576 2335 uxores.

1927 2363 2075 2418 Hinc
2088 2362 2416 2435 aliquando
2428 2379 2549 2421 non
2563 2366 2864 2423 mediocre
2891 2367 3283 2423 infortunium
3309 2366 3538 2422 invenit
3561 2385 3575 2436 ;

1923 2468 2069 2510 nam
2099 2469 2236 2509 cum
2263 2459 2664 2527 constuprataa
2687 2456 2951 2512 mulieris
2979 2457 3070 2516 vir
3090 2472 3196 2528 per
3254 2456 3580 2512 fenestram

1924 2557 1995 2598 ex
2016 2544 2343 2616 improviso
2359 2543 2612 2600 domum
2629 2550 2787 2601 esset
2807 2546 3134 2616 ingressus,
3168 2545 3264 2602 ille
3293 2545 3436 2617 fuga
3466 2538 3580 2604 sibi

1925 2635 2246 2691 consulens
2269 2635 2388 2692 alto
2405 2650 2478 2691 ex
2500 2634 2633 2691 loco
2647 2635 3050 2709 praacipitatus
3069 2635 3308 2692 clunem
3327 2637 3501 2702 laasit,
3525 2643 3582 2695 et

1925 2741 2064 2782 cum
2089 2725 2193 2781 diu
2211 2730 2577 2795 aegrotasset,
2599 2730 2847 2782 sanatus
2868 2726 3113 2798 quidem
3131 2732 3242 2798 est,
3272 2727 3375 2784 sed
3395 2727 3579 2786 altero

1925 2813 2078 2886 pede
2107 2814 2453 2872 claudicans
2481 2830 2604 2871 non
2634 2817 2794 2872 recta
2826 2815 3157 2872 incedebat.
3187 2820 3258 2872 At
3301 2817 3397 2872 hic
3455 2833 3579 2873 non

1926 2902 2183 2959 multum
2203 2903 2458 2976 imperio
2491 2904 2712 2976 potitus
2725 2908 2834 2960 est.
2858 2907 3006 2961 Nam
3028 2906 3292 2961 Joannes
3315 2906 3578 2976 impera-

213 2999 313 3052 τῆς
365 2989 562 3063 ἀρχῆς.
617 2992 698 3062 [Ρ.
761 2992 854 3063 39]
915 2991 974 3044 Ὀ
1019 2994 1121 3068 γὰρ
1172 2992 1418 3066 βασιλεὺς
1471 2997 1711 3060 Ἰωάννης
1767 3001 1815 3036 9⁵

1927 2996 2018 3048 tor
2043 2997 2181 3048 tunc
2238 2993 2526 3065 temporis
2574 2993 2896 3050 occasione
2947 2998 3201 3065 arrepta,
3273 2994 3460 3064 quod,
3514 2998 3580 3050 ut

216 3076 402 3142 ἀδείας
441 3077 764 3154 δραξάμενος
815 3089 888 3152 τῷ
929 3085 1042 3135 τότε
1098 3084 1148 3119 ⁰⁶
1199 3091 1404 3156 καιροῦ,
1467 3087 1692 3161 ἐπείπερ,
1749 3091 1817 3150 ὡς

216 3172 424 3242 ἔφημεν,
452 3173 510 3222 τὸ
547 3189 648 3222 των
694 3175 975 3245 Ταχαρίων
1026 3175 1172 3244 γένος
1247 3173 1578 3246 ἐνησχολεῖτο
1633 3177 1820 3250 ἑτέροις

213 3261 405 3330 ἔθνεσι,
439 3259 725 3313 καταλιπόν
777 3265 872 3318 τὴν
928 3280 1060 3335 προς
1116 3269 1206 3315 τοῦ
1267 3263 1484 3317 σουλτάν
1536 3273 1628 3318 τοῦ
1683 3266 1818 3320 Ἰκο-

211 3351 326 3401 νίου
353 3351 539 3422 μάχην
569 3354 666 3421 (τῷ
693 3351 794 3423 γὰρ
837 3348 1144 3424 Βαϐυλωνίῳ
1189 3357 1280 3404 καὶ
1333 3360 1444 3416 τοῖς
1490 3355 1642 3428 πέριξ
1696 3359 1818 3409 τού-

211 3457 306 3490 του
372 3441 440 3492 τά
501 3446 598 3500 τῆς
661 3440 847 3512 μάχης
913 3437 1119 3513 ἐπῆγεν,
1195 3443 1248 3494 ὃν
1305 3442 1541 3516 Χαλιφᾶν
1603 3445 1819 3498 εἰώθασι

209 3527 384 3580 καλεῖν
431 3530 499 3582 τὰ
571 3536 671 3580 τῶν
751 3528 1172 3602 Μουσονλμάνων
1218 3531 1394 3604 φῦλα),
1473 3535 1651 3607 θέρους
1681 3535 1819 3609 ὥρας

209 3619 488 3689 γενομένης
577 3613 978 3694 διαπεραιοῦται
1052 3623 1138 3672 τὸν
1210 3620 1600 3691 Ἑλλήσποντον,
1655 3643 1840 3676 κατα-.

211 3705 374 3759 λιπὼν
405 3706 474 3767 εἰς
504 3710 598 3765 τὴν
627 3707 690 3760 ἔω
721 3711 808 3759 τὸν
869 3710 982 3760 υἱόν
1038 3708 1198 3762 αὐτοῦ
1263 3708 1557 3786 Θεόδωρον.
1621 3713 1818 3786 Ἔτυχε

211 3798 306 3868 μὲν
334 3797 433 3868 πρὸ
463 3803 650 3870 καιροῦ
695 3799 782 3848 τόν
839 3799 1180 3872 πατριάρχην
1256 3804 1512 3873 Γερμανὸν
1574 3803 1639 3854 τὰ
1687 3799 1818 3862 τῆδε

213 3883 569 3938 καταλιποντα
603 3887 730 3957 πρὸς
769 3887 863 3948 τὰς
915 3887 1051 3947 θείας
1109 3885 1307 3961 ἀπᾶραι
1374 3892 1590 3957 σκηνὰς,
1649 3891 1818 3954 καλῶς

214 3977 306 4025 καὶ
355 3974 508 4034 ὁσίως
566 3973 840 4046 βιώσαντα
879 3980 970 4027 καὶ
1017 3975 1186 4038 καλῶς
1263 3981 1352 4035 τὴν
1415 3977 1576 4031 αὐτοῦ
1623 3982 1816 4053 ποιμάο

215 4081 376 4115 ναντα
403 4062 644 4135 ποίμνην·
671 4061 862 4135 ἐγένετο
913 4060 972 4116 δι
1035 4065 1147 4137 μετ’
1199 4065 1354 4118 αὐτόν
1411 4065 1673 4130 Μεθόδιός
1736 4089 1818 4132 τις

217 4149 529 4224 καλούμενος
584 4155 837 4224 μοναχός,
918 4154 1205 4227 ἡγούμενος
1253 4156 1321 4206 ὦν
1386 4163 1477 4217 τῆς
1532 4160 1667 4210 κατά
1717 4163 1814 4211 Νί-

214 4259 368 4292 καιαν
430 4239 698 4294 Ὑακίνθου
777 4250 956 4315 μονῆς,
1021 4241 1150 4310 ἀνὴρ
1217 4243 1399 4317 αὐχῶν
1468 4248 1558 4318 μὲν
1623 4243 1815 4301 εἰδέναι

212 4328 394 4395 πολλὰ,
431 4329 614 4402 ὀλίγων
656 4327 715 4383 δὲ
756 4329 893 4403 ἴδρις
939 4332 1026 4387 ὢν.
1093 4331 1234 4386 Ἀλλ’
1302 4334 1448 4395 οὗτος
1513 4343 1652 4411 τρεῖς
1725 4344 1814 4390 καὶ

1926 3079 2208 3149 diximus,
2261 3081 2425 3137 natio
2499 3081 2903 3138 Tacharorum
2996 3097 3135 3136 cum
3203 3080 3336 3137 aliis
3383 3081 3575 3138 natio-

1926 3169 2105 3225 nibus
2159 3168 2578 3241 contendebat,
2659 3185 2800 3225 cum
2876 3169 3110 3226 sultano
3158 3185 3366 3242 pugna
3412 3175 3578 3242 post-

1926 3260 2143 3331 posita,
2197 3258 2446 3332 quando
2528 3258 2910 3330 Babylonico,
2971 3275 3154 3331 quem
3221 3259 3576 3316 Musulmani

1929 3348 2239 3422 Calipham
2296 3349 2488 3404 solent
2553 3346 2874 3419 appellare,
2974 3352 3030 3404 et
3125 3347 3207 3403 illi
3287 3347 3576 3420 proximis

1926 3437 2150 3493 bellum
2200 3435 2457 3503 inferret,
2525 3435 2764 3492 ineunte
2855 3440 3058 3493 aestate
3129 3436 3577 3510 Hellespontum

1925 3531 2122 3584 tranat
2154 3526 2277 3582 ﬁlio
2309 3541 2420 3582 suo
2450 3525 2759 3582 Theodoro
2799 3527 2911 3598 77
2957 3527 3017 3582 in
3079 3526 3308 3583 Oriente
3349 3527 3572 3586 relicto.

1926 3620 2075 3672 Ante
2100 3617 2228 3672 haec
2257 3621 2530 3689 tempora
2556 3617 2886 3672 Germanus
2909 3616 3250 3688 patriarcha
3269 3616 3448 3673 rebus
3465 3622 3576 3673 ter-

1926 3707 2084 3762 renis
2113 3705 2374 3762 dimissis
2412 3705 2474 3762 in
2503 3705 2819 3762 beatorum
2849 3705 3022 3762 sedes
3055 3711 3360 3779 avocatur,
3413 3711 3575 3780 post-

1925 3811 2114 3869 quam
2162 3795 2350 3868 probe
2417 3799 2741 3868 sancteque
2798 3794 3060 3862 vixisset,
3091 3795 3400 3869 probeque
3433 3813 3574 3854 suas

1879 3896 1883 3901 ‘
1926 3901 2070 3942 oves
2096 3885 2380 3958 pavisset.
2401 3887 2536 3940 Post
2555 3899 2695 3940 eum
2719 3884 3052 3940 monachus
3073 3885 3327 3957 quidam
3361 3888 3576 3944 Metho-

1925 3976 2062 4032 dfus
2083 3975 2348 4040 nomine,
2393 3973 2728 4045 Hyacinthi,
2759 3971 2925 4045 quod
2962 3972 3170 4029 Nicaeae
3202 3978 3312 4043 est,
3363 3990 3573 4030 mona-

1926 4065 2082 4122 sterii
2101 4078 2342 4137 prmses,
2369 4062 2462 4119 vir
2479 4061 2726 4134 quidem
2743 4061 2901 4117 dicto
2927 4076 3036 4117 suo
3062 4066 3233 4117 tenus
3266 4067 3477 4118 cautus
3504 4078 3576 4119 ac

1927 4155 2190 4228 sapiens,
2225 4168 2428 4209 revera
2452 4157 2653 4208 tamen
2683 4166 3018 4224 paucorum
3058 4151 3274 4220 sciens,
3305 4156 3423 4207 tres
3450 4155 3576 4208 tan-

1923 4248 2050 4302 tum
2081 4258 2320 4312 menses
2341 4241 2559 4298 throno
2585 4240 2808 4312 potitus
2836 4239 3003 4310 obiit,
3039 4245 3092 4295 et
3120 4239 3377 4296 Ecclesia
3397 4240 3576 4297 vidua

1923 4317 2204 4408 pontifice
2226 4349 2336 4390 suo
2355 4332 2614 4389 carebat.
2636 4334 2781 4388 Cum
2801 4330 2960 4386 enim
2976 4333 3232 4386 Joannes
3255 4330 3576 4403 imperator

209 4423 401 4491 μόνους
466 4427 633 4492 μῆνας
711 4418 1074 4481 ἐπαπολαῦσας
1137 4429 1229 4474 τοῦ
1293 4425 1474 4498 θρόνου
1522 4425 1813 4486 τετελεύτη-

1926 4427 1982 4482 in
2007 4424 2100 4480 his
2139 4423 2527 4496 expediendis
2546 4437 2668 4477 non
2700 4425 2853 4476 esset
2876 4420 3210 4476 admodum
3236 4426 3572 4494 promptus,

283 4510 334 4544 9°
361 4509 484 4562 Μετ’
505 4525 784 4582 —usque
805 4510 882 4566 ad
904 4509 1178 4581 ἠσέλγαινε
1207 4513 1275 4583 (Β
1303 4513 1356 4580 7)
1390 4512 1449 4566 Ὀ
1491 4510 1548 4566 δὲ
1578 4515 1810 4577 Ἰωάννης
1840 4519 1866 4570 ό
1895 4515 2001 4586 Ἀγ
2045 4515 2153 4576 ελος
2179 4515 2204 4566 ὁ
2236 4510 2500 4574 δεσπότης
2530 4511 2919 4573 Θεσσαλονίκης
2949 4513 3008 4563 τό
3093 4515 3218 4586 ρεὼν
3249 4509 3576 4587 ἐλειτουργη-

283 4624 296 4636 .
349 4585 449 4634 Καὶ
481 4577 696 4636 ἀδελφὸς
727 4581 887 4634 αὐτοῦ
914 4587 1206 4636 Δημήτριος
1233 4584 1439 4636 πέμψας
1480 4589 1538 4636 τό
1567 4583 1880 4636 δεσποτικὸν
1911 4587 1966 4636 ἐκ
1999 4536 2254 4636 gaudia):
2307 4585 2503 4636 εἰλήφει
2534 4583 2757 4636 ἀξίωμα.
2795 4583 3019 4636 Ἐγένετο
3047 4530 3115 4636 ξε
3150 4581 3341 4636 ἐξωλης
3400 4586 3463 4636 D.
3526 4585 3570 4619 ⁹¹

211 4599 296 4657 σε.
349 4577 890 4657 Καὶ“ἀδε).φός’ῌαῦτοῦ
914 4577 1439 4657 Δημῆτριοςπέμφας
1480 4589 1538 4638 τό
1567 4583 1880 4641 δεσποτικὸν
1911 4577 2254 4657 ἔχ’βασιλέως
2307 4585 2503 4657 εἰλήφει
2534 4583 2757 4657 ἀξίωμα.
2795 4583 3019 4657 Ἐγένετο

3093 4581 3115 4635 ἒ
3150 4581 3341 4645 ἐξωλης
3400 4581 3491 4639 Π(
3526 4585 3570 4619 ⁹¹

209 4653 344 4730 ςῖιστε
366 4684 445 4730 -ν
461 4651 515 4704 ἐκ
542 4651 668 4727 γὰρ]
701 4655 756 4715 ὃς
784 4652 838 4705 ἐκ
867 4655 930 4730 D‘.
963 4651 1011 4730 9?
1043 4651 1228 4728 ἀθρόον
1419 4659 1483 4712 D.
1512 4659 1559 4692 93
1587 4661 1656 4718 ὡς
1679 4691 1750 4698 -
1773 4664 1829 4712 τό

1926 4658 1957 4730 ι]
1986 4651 2075 4709 καὶ
2109 4660 2174 4712 D.
2201 4659 2247 4692 9‘
2278 4661 2368 4708 καὶ
2398 4651 2466 4696 4
2487 4651 2686 4728 ὁμαλῶς
2725 4651 2952 4730 οᾳιίῐ),
2977 4655 3024 4689 9⁵
3053 4655 3291 4716 Ἰωάννης
3341 4671 3480 4730 or_n._
3507 4657 3571 4709 D.

208 4725 260 4802 ἓξ
289 4731 363 4775 τῶ
393 4729 509 4776 τότε
535 4721 818 4796 έ-’ἇιςᾳαϐ
837 4725 918 4802 ςιιί
961 4728 1018 4777 τὸ
1051 4721 1307 4802 ποίμνιον]
1337 4728 1470 4802 (col.
1502 4732 1636 4784 1082
1665 4734 1706 4783 Α
1736 4730 1787 4802 8)
1814 4738 1903 4783 τοῦ
1932 4721 2267 4802 πατριάρχου
2296 4721 2554 4800 Γερμανόῦ
2582 4734 2652 4778 τῶ
2683 4723 2789 4785 τῆδ
2793 4745 2813 4778 ε
2845 4723 3158 4802 ἀπάραντος,
3191 4731 3282 4776 καὶ
3305 4721 3568 4802 Μεθοδίου

406 4775 442 4776 η
492 4775 503 4776 κ
639 4775 696 4779 η-
750 4775 813 4782 --ν
839 4775 912 4780 π--
969 4775 1011 4777 --
1362 4775 1470 4782 η--
1506 4775 1636 4784 ην-
1665 4775 1706 4783 .-
1736 4775 1764 4784 ν
1821 4775 1899 4783 ,η
2215 4775 2261 4779 --
2296 4775 2546 4779 _-_-------
3268 4775 3279 4776 κ

209 4796 323 4864 (83)
355 4799 514 4862 τινὸς,
544 4775 1120 4882 μοναχῗοῦζὴγουμενου
1141 4775 1244 4859 ςτῆς
1272 4775 1560 4868 ’Ῠάκίνθου,
1589 4775 2106 4876 πατριάρχεῦσαντΐος
2131 4775 2222 4851 ἕιὲἷι
2269 4777 2400 4870 μετά
2438 4803 2570 4869 τρεῖς
2617 4805 2786 4869 μῆνας
2833 4775 3274 4865 τετελευτηκότος,
3323 4800 3412 4847 καὶ
3457 4799 3574 4848 τότε

209 4867 551 4942 χηρευούσης
593 4867 686 4930 τῆς
713 4867 994 4931 ίκκλησὶας
1021 4871 1084 4925 D.

1104 4976 1446 5044 Theodori
1496 4977 1746 5046 Dousae
1796 4987 1861 5046 et
1910 4976 2162 5046 Leonis
2210 4973 2444 5043 Allatii
2494 4982 2696 5041 notae.

285 5119 400 5199 (83)
430 5123 571 5201 ΑΤοῦ
605 5120 969 5201 ’πατριάρχου
1021 5125 1292 5201 Γερμανοιξ
1367 5124 1457 5201 καὶ
1525 5117 1808 5201 Ἀξεθοδίου,

212 5191 404 5245 Etiam
425 5189 773 5260 Onuphrius
791 5189 1178 5245 Panvinius'in
1213 5189 1508 5247 Chronico
1535 5193 1812 5248 Germani

207 5261 575 5335 patriarchae
607 5277 1014 5335 successorem
1039 5261 1174 5318 facit
1194 5261 1555 5335 Methodium
1576 5264 1690 5318 hoc
1709 5280 1814 5320 no-

209 5332 376 5389 inine
394 5333 458 5406 ll.
481 5332 1151 5406 NicephoriusGregoras
1173 5338 1395 5398 tamen,
1411 5333 1512 5389 lib.
1565 5351 1645 5406 ni,
1668 5351 1809 5406 cap.

212 5411 232 5460 1
261 5409 321 5458 et
334 5406 385 5474 '2,
396 5403 756 5460 Germanum
771 5403 1054 5459 habuisse
1068 5419 1486 5460 successorum
1500 5404 1704 5460 scribit
1715 5403 1813 5460 Αἰ·-

210 5474 452 5547 senium
466 5475 854 5547 monachum,
869 5474 1034 5530 illum
1047 5475 1250 5547 ipsum
1261 5479 1428 5547 puto,
1445 5477 1616 5546 cujus
1632 5478 1810 5546 Logo-~

209 5547 379 5604 theta
399 5545 554 5603 infra
566 5547 902 5604 meminitet
916 5545 1245 5604 Manuelem
1267 5545 1588 5603 Arsenium
1613 5545 1809 5612 vocat,

208 5618 570 5676 monachum
590 5618 907 5696 Apollonia
933 5619 1298 5692 accersitum,
1312 5633 1557 5697 unoque
1575 5618 1670 5676 die
1687 5618 1810 5677 dia-

1922 5135 2166 5189 conum,
2193 5117 2564 5175 sacerdotem
2583 5132 2653 5172 ac
2691 5113 3096 5187 patriarcham
3122 5113 3366 5189 factum.
3410 5113 3574 5172 Idem

1920 5191 1982 5248 in
2005 5186 2222 5248 Notitia
2259 5186 2770 5262 patriarcharum,_
2791 5192 3086 5262 quantum
3128 5186 3401 5262 colligere
3424 5201 3572 5262 pos-

1921 5280 2055 5338 sum
2093 5257 2359 5338 (nam—ea
2389 5266 2523 5338 post
2543 5257 2873 5338 Manuelem
2893 5257 3349 5338 ‘Charitopulum
3383 5257 3572 5338 philo-

1923 5330 2182 5406 sophum
2197 5330 2407 5406 lacera
2424 5336 2512 5406 est
2535 5337 2589 5406 et
2618 5331 2988 5406 interrupta),
3010 5330 3294 5406 Arsenius
3310 5330 3576 5406 Autoria-

1921 5401 2035 5460 nu's
2066 5405 2420 5476 appellatur.
2453 5403 2611 5458 Sedit
2652 5401 3085 5476 GermanusAin
3115 5401 3354 5476 ‘throuo
3401 5401 3574 5470 juxta

1922 5471 2296 5548 onuphrium
2327 5491 2520 5531 annos
2550 5479 2610 5530 l7
2634 5490 2871 5548 menses
2897 5477 2949 5530 6.
2973 5471 3286 5544 Catalogus
3319 5488 3435 5548 ms.
3467 5486 3572 5548 pa:

1920 5541 2316 5604 triar'charum
2357 5561 2394 5603 a
2424 5549 2690 5604 Gretsero
2711 5547 2924 5606 citatus
2969 5541 3446 5604 annos'tantum
3472 5541 3479 5542 “
3505 5541 3568 5603 17

1920 5617 2122 5676 habet.
2165 5621 2378 5676 DOUSA.

1965 5621 2122 5679 abet.
2165 5621 2378 5676 DOUSA.

4077 1771 4079 1802 1

4077 1947 4079 1964 1

4077 2145 4079 2182 1

4077 2209 4079 2238 1

4077 1925 4079 1936 4

4077 1947 4079 1964 4

4077 1985 4079 1998 1

4077 2007 4079 2016 1

4078 2029 4079 2042 1

4078 2051 4079 2060 1

4077 2145 4079 2158 1

4077 2159 4079 2182 1

4077 2271 4079 2284 1

4077 2295 4079 2306 i

4077 2327 4079 2342 Α
