  <div class='ocr_page' id='page_1' title='image "/cluster/home/n/w/nwhite01/storage/ocr_20150623/140/hvd.32044073502551/575.png"; bbox 0 0 4084 6212; ppageno 0'>
   <div class='ocr_carea' id='block_1_1' title="bbox 508 263 643 322">
    <p class='ocr_par' dir='ltr' id='par_1_1' title="bbox 508 263 643 322">
     <span class='ocr_line' id='line_1_1' title="bbox 508 263 643 322; baseline 0.015 -2"><span class='ocrx_word' id='word_1_1' title='bbox 508 263 643 322; x_wconf 81' lang='grc'>1083</span> 
     </span>
    </p>
   </div>
   <div class='ocr_carea' id='block_1_2' title="bbox 1769 258 2540 318">
    <p class='ocr_par' dir='ltr' id='par_1_2' title="bbox 1769 258 2540 318">
     <span class='ocr_line' id='line_1_2' title="bbox 1769 258 2540 318; baseline -0.005 -2"><span class='ocrx_word' id='word_1_2' title='bbox 1769 259 2049 317; x_wconf 83' lang='lat' dir='ltr'>GEORGII</span> <span class='ocrx_word' id='word_1_3' title='bbox 2077 258 2540 318; x_wconf 61' lang='lat' dir='ltr'>ACROPOLITJE</span> 
     </span>
    </p>
   </div>
   <div class='ocr_carea' id='block_1_3' title="bbox 3724 257 3872 313">
    <p class='ocr_par' dir='ltr' id='par_1_3' title="bbox 3724 257 3872 313">
     <span class='ocr_line' id='line_1_3' title="bbox 3724 257 3872 313; baseline 0.014 -1"><span class='ocrx_word' id='word_1_4' title='bbox 3724 257 3872 313; x_wconf 65' lang='grc'>1084</span> 
     </span>
    </p>
   </div>
   <div class='ocr_carea' id='block_1_4' title="bbox 506 382 2201 460">
    <p class='ocr_par' dir='ltr' id='par_1_4' title="bbox 506 384 2201 460">
     <span class='ocr_line' id='line_1_4' title="bbox 506 384 2201 460; baseline -0.003 -15"><span class='ocrx_word' id='word_1_5' title='bbox 506 403 628 445; x_wconf 92' lang='lat' dir='ltr'>non</span> <span class='ocrx_word' id='word_1_6' title='bbox 658 388 738 444; x_wconf 88' lang='lat' dir='ltr'>ita</span> <span class='ocrx_word' id='word_1_7' title='bbox 764 385 943 442; x_wconf 79' lang='lat' dir='ltr'>facile</span> <span class='ocrx_word' id='word_1_8' title='bbox 969 387 1199 460; x_wconf 78' lang='lat' dir='ltr'>poterat</span> <span class='ocrx_word' id='word_1_9' title='bbox 1225 400 1257 439; x_wconf 90' lang='lat' dir='ltr'>e</span> <span class='ocrx_word' id='word_1_10' title='bbox 1290 398 1353 440; x_wconf 88' lang='lat' dir='ltr'>re</span> <span class='ocrx_word' id='word_1_11' title='bbox 1382 387 1524 441; x_wconf 89' lang='lat' dir='ltr'>nata</span> <span class='ocrx_word' id='word_1_12' title='bbox 1549 384 1797 456; x_wconf 86' lang='lat' dir='ltr'>dignum</span> <span class='ocrx_word' id='word_1_13' title='bbox 1820 384 1923 441; x_wconf 87' lang='lat' dir='ltr'>tali</span> <span class='ocrx_word' id='word_1_14' title='bbox 1978 384 2149 453; x_wconf 90' lang='lat' dir='ltr'>solio,</span> <span class='ocrx_word' id='word_1_15' title='bbox 2183 398 2201 440; x_wconf 66' lang='grc' dir='ltr'><em>Α</em></span> 
     </span>
    </p>
   </div>
   <div class='ocr_carea' id='block_1_5' title="bbox 2282 382 3881 460">
    <p class='ocr_par' dir='ltr' id='par_1_5' title="bbox 2282 382 3881 459">
     <span class='ocr_line' id='line_1_5' title="bbox 2282 382 3881 459; baseline 0.001 -23"><span class='ocrx_word' id='word_1_16' title='bbox 2282 403 2374 438; x_wconf 84' lang='grc' dir='ltr'><strong>ιεν.</strong></span> <span class='ocrx_word' id='word_1_17' title='bbox 2414 383 2681 457; x_wconf 81' lang='grc' dir='ltr'><strong>Ἐστέρετο</strong></span> <span class='ocrx_word' id='word_1_18' title='bbox 2701 390 2826 454; x_wconf 83' lang='grc' dir='ltr'><strong>γοῦν</strong></span> <span class='ocrx_word' id='word_1_19' title='bbox 2877 382 3165 459; x_wconf 72' lang='grc' dir='ltr'>ἀρχιερέως</span> <span class='ocrx_word' id='word_1_20' title='bbox 3220 384 3250 442; x_wconf 81' lang='grc' dir='ltr'>ἡ</span> <span class='ocrx_word' id='word_1_21' title='bbox 3304 382 3604 443; x_wconf 80' lang='grc' dir='ltr'><strong>Ἐκκλησία.</strong></span> <span class='ocrx_word' id='word_1_22' title='bbox 3658 383 3723 437; x_wconf 79' lang='grc' dir='ltr'>Ὀ</span> <span class='ocrx_word' id='word_1_23' title='bbox 3762 386 3881 456; x_wconf 77' lang='grc' dir='ltr'>γὰρ</span> 
     </span>
    </p>
   </div>
   <div class='ocr_carea' id='block_1_6' title="bbox 506 474 2154 550">
    <p class='ocr_par' dir='ltr' id='par_1_6' title="bbox 506 474 2154 550">
     <span class='ocr_line' id='line_1_6' title="bbox 506 474 2154 550; baseline -0.003 -17"><span class='ocrx_word' id='word_1_24' title='bbox 506 476 599 535; x_wconf 91' lang='lat' dir='ltr'>vel</span> <span class='ocrx_word' id='word_1_25' title='bbox 625 478 820 550; x_wconf 87' lang='lat' dir='ltr'>potius</span> <span class='ocrx_word' id='word_1_26' title='bbox 846 477 947 549; x_wconf 88' lang='lat' dir='ltr'>qui</span> <span class='ocrx_word' id='word_1_27' title='bbox 978 476 1057 531; x_wconf 91' lang='lat' dir='ltr'>illi</span> <span class='ocrx_word' id='word_1_28' title='bbox 1088 474 1461 547; x_wconf 76' lang='lat' dir='ltr'>probaretur,</span> <span class='ocrx_word' id='word_1_29' title='bbox 1516 474 1796 533; x_wconf 90' lang='lat' dir='ltr'>invenire.</span> <span class='ocrx_word' id='word_1_30' title='bbox 1860 475 2154 546; x_wconf 87' lang='lat' dir='ltr'>Principes</span> 
     </span>
    </p>
   </div>
   <div class='ocr_carea' id='block_1_7' title="bbox 510 562 2156 637">
    <p class='ocr_par' dir='ltr' id='par_1_7' title="bbox 510 562 2156 637">
     <span class='ocr_line' id='line_1_7' title="bbox 510 562 2156 637; baseline -0.003 -14"><span class='ocrx_word' id='word_1_31' title='bbox 510 567 669 623; x_wconf 90' lang='lat' dir='ltr'>enim</span> <span class='ocrx_word' id='word_1_32' title='bbox 696 567 755 622; x_wconf 93' lang='lat' dir='ltr'>in</span> <span class='ocrx_word' id='word_1_33' title='bbox 778 567 904 621; x_wconf 73' lang='lat' dir='ltr'>haec</span> <span class='ocrx_word' id='word_1_34' title='bbox 934 580 1184 620; x_wconf 90' lang='lat' dir='ltr'>munera</span> <span class='ocrx_word' id='word_1_35' title='bbox 1208 562 1386 633; x_wconf 87' lang='lat' dir='ltr'>viros,</span> <span class='ocrx_word' id='word_1_36' title='bbox 1419 564 1524 637; x_wconf 88' lang='lat' dir='ltr'>qui</span> <span class='ocrx_word' id='word_1_37' title='bbox 1544 564 1710 636; x_wconf 91' lang='lat' dir='ltr'>quod</span> <span class='ocrx_word' id='word_1_38' title='bbox 1740 564 1850 620; x_wconf 90' lang='lat' dir='ltr'>illis</span> <span class='ocrx_word' id='word_1_39' title='bbox 1870 564 2156 637; x_wconf 89' lang='lat' dir='ltr'>placitum</span> 
     </span>
    </p>
   </div>
   <div class='ocr_carea' id='block_1_8' title="bbox 509 651 2158 719">
    <p class='ocr_par' dir='ltr' id='par_1_8' title="bbox 509 651 2158 719">
     <span class='ocr_line' id='line_1_8' title="bbox 509 651 2158 719; baseline -0.004 -7"><span class='ocrx_word' id='word_1_40' title='bbox 509 655 835 712; x_wconf 85' lang='lat' dir='ltr'>estfaciant</span> <span class='ocrx_word' id='word_1_41' title='bbox 865 669 973 709; x_wconf 91' lang='lat' dir='ltr'>nec</span> <span class='ocrx_word' id='word_1_42' title='bbox 1001 653 1123 709; x_wconf 88' lang='lat' dir='ltr'>suis</span> <span class='ocrx_word' id='word_1_43' title='bbox 1181 652 1491 708; x_wconf 85' lang='lat' dir='ltr'>desideriis</span> <span class='ocrx_word' id='word_1_44' title='bbox 1549 653 1965 719; x_wconf 81' lang='lat' dir='ltr'>adversentur,</span> <span class='ocrx_word' id='word_1_45' title='bbox 2010 651 2158 707; x_wconf 88' lang='lat' dir='ltr'>asci-</span> 
     </span>
    </p>
   </div>
   <div class='ocr_carea' id='block_1_9' title="bbox 508 741 2159 815">
    <p class='ocr_par' dir='ltr' id='par_1_9' title="bbox 508 741 2159 815">
     <span class='ocr_line' id='line_1_9' title="bbox 508 741 2159 815; baseline -0.001 -17"><span class='ocrx_word' id='word_1_46' title='bbox 508 748 701 799; x_wconf 91' lang='lat' dir='ltr'>scunt.</span> <span class='ocrx_word' id='word_1_47' title='bbox 728 743 904 812; x_wconf 88' lang='lat' dir='ltr'>Igitur</span> <span class='ocrx_word' id='word_1_48' title='bbox 917 741 1161 797; x_wconf 87' lang='lat' dir='ltr'>multum</span> <span class='ocrx_word' id='word_1_49' title='bbox 1178 743 1542 814; x_wconf 69' lang='lat' dir='ltr'>prmterierat</span> <span class='ocrx_word' id='word_1_50' title='bbox 1554 748 1812 815; x_wconf 84' lang='lat' dir='ltr'>tempus,</span> <span class='ocrx_word' id='word_1_51' title='bbox 1831 758 1939 798; x_wconf 90' lang='lat' dir='ltr'>nec</span> <span class='ocrx_word' id='word_1_52' title='bbox 1953 741 2159 797; x_wconf 88' lang='lat' dir='ltr'>aderat</span> 
     </span>
    </p>
   </div>
   <div class='ocr_carea' id='block_1_10' title="bbox 507 830 1178 905">
    <p class='ocr_par' dir='ltr' id='par_1_10' title="bbox 507 830 1178 905">
     <span class='ocr_line' id='line_1_10' title="bbox 507 830 1178 905; baseline -0.001 -17"><span class='ocrx_word' id='word_1_53' title='bbox 507 832 610 905; x_wconf 89' lang='lat' dir='ltr'>qui</span> <span class='ocrx_word' id='word_1_54' title='bbox 640 848 779 888; x_wconf 86' lang='lat' dir='ltr'>oves</span> <span class='ocrx_word' id='word_1_55' title='bbox 800 830 1178 902; x_wconf 78' lang='lat' dir='ltr'>gubernaret.</span> 
     </span>
    </p>
   </div>
   <div class='ocr_carea' id='block_1_11' title="bbox 582 1097 2159 1171">
    <p class='ocr_par' dir='ltr' id='par_1_11' title="bbox 582 1097 2159 1171">
     <span class='ocr_line' id='line_1_11' title="bbox 582 1097 2159 1171; baseline 0.001 -17"><span class='ocrx_word' id='word_1_56' title='bbox 582 1101 667 1155; x_wconf 78' lang='grc'>43.</span> <span class='ocrx_word' id='word_1_57' title='bbox 698 1100 880 1155; x_wconf 91' lang='lat' dir='ltr'>Porro</span> <span class='ocrx_word' id='word_1_58' title='bbox 911 1097 1175 1155; x_wconf 84' lang='lat' dir='ltr'>Joannes</span> <span class='ocrx_word' id='word_1_59' title='bbox 1207 1098 1551 1171; x_wconf 88' lang='lat' dir='ltr'>imperator,</span> <span class='ocrx_word' id='word_1_60' title='bbox 1582 1104 1645 1155; x_wconf 85' lang='lat' dir='ltr'>ut</span> <span class='ocrx_word' id='word_1_61' title='bbox 1666 1099 1946 1170; x_wconf 80' lang='lat' dir='ltr'>diximus,</span> <span class='ocrx_word' id='word_1_62' title='bbox 1974 1100 2029 1154; x_wconf 90' lang='lat' dir='ltr'>in</span> <span class='ocrx_word' id='word_1_63' title='bbox 2053 1114 2159 1170; x_wconf 91' lang='lat' dir='ltr'>op-</span> 
     </span>
    </p>
   </div>
   <div class='ocr_carea' id='block_1_12' title="bbox 510 1189 2161 1262">
    <p class='ocr_par' dir='ltr' id='par_1_12' title="bbox 510 1189 2161 1262">
     <span class='ocr_line' id='line_1_12' title="bbox 510 1189 2161 1262; baseline 0.002 -16"><span class='ocrx_word' id='word_1_64' title='bbox 510 1190 768 1262; x_wconf 85' lang='lat' dir='ltr'>positam</span> <span class='ocrx_word' id='word_1_65' title='bbox 797 1204 829 1244; x_wconf 92' lang='lat' dir='ltr'>e</span> <span class='ocrx_word' id='word_1_66' title='bbox 854 1189 1097 1257; x_wconf 85' lang='lat' dir='ltr'>regione</span> <span class='ocrx_word' id='word_1_67' title='bbox 1136 1190 1537 1245; x_wconf 87' lang='lat' dir='ltr'>continentem</span> <span class='ocrx_word' id='word_1_68' title='bbox 1577 1195 1757 1262; x_wconf 86' lang='lat' dir='ltr'>atque</span> <span class='ocrx_word' id='word_1_69' title='bbox 1822 1189 2161 1249; x_wconf 86' lang='lat' dir='ltr'>occiduam.</span> 
     </span>
    </p>
   </div>
   <div class='ocr_carea' id='block_1_13' title="bbox 512 1279 2163 1350">
    <p class='ocr_par' dir='ltr' id='par_1_13' title="bbox 512 1279 2163 1350">
     <span class='ocr_line' id='line_1_13' title="bbox 512 1279 2163 1350; baseline 0.002 -15"><span class='ocrx_word' id='word_1_70' title='bbox 512 1284 575 1335; x_wconf 92' lang='lat' dir='ltr'>ut</span> <span class='ocrx_word' id='word_1_71' title='bbox 605 1279 783 1335; x_wconf 89' lang='lat' dir='ltr'>urbes</span> <span class='ocrx_word' id='word_1_72' title='bbox 814 1279 872 1334; x_wconf 92' lang='lat' dir='ltr'>in</span> <span class='ocrx_word' id='word_1_73' title='bbox 906 1294 976 1334; x_wconf 89' lang='lat' dir='ltr'>ea</span> <span class='ocrx_word' id='word_1_74' title='bbox 1005 1295 1075 1334; x_wconf 89' lang='lat' dir='ltr'>ac</span> <span class='ocrx_word' id='word_1_75' title='bbox 1104 1279 1331 1350; x_wconf 90' lang='lat' dir='ltr'>oppida</span> <span class='ocrx_word' id='word_1_76' title='bbox 1358 1295 1577 1350; x_wconf 87' lang='lat' dir='ltr'>resque</span> <span class='ocrx_word' id='word_1_77' title='bbox 1614 1279 1674 1334; x_wconf 91' lang='lat' dir='ltr'>in</span> <span class='ocrx_word' id='word_1_78' title='bbox 1718 1279 1831 1334; x_wconf 89' lang='lat' dir='ltr'>illis</span> <span class='ocrx_word' id='word_1_79' title='bbox 1879 1279 2163 1338; x_wconf 79' lang='lat' dir='ltr'>visitaret.</span> 
     </span>
    </p>
   </div>
   <div class='ocr_carea' id='block_1_14' title="bbox 513 1367 2167 1440">
    <p class='ocr_par' dir='ltr' id='par_1_14' title="bbox 513 1367 2167 1440">
     <span class='ocr_line' id='line_1_14' title="bbox 513 1367 2167 1440; baseline -0.002 -15"><span class='ocrx_word' id='word_1_80' title='bbox 513 1368 623 1426; x_wconf 90' lang='lat' dir='ltr'>iter</span> <span class='ocrx_word' id='word_1_81' title='bbox 644 1368 893 1424; x_wconf 87' lang='lat' dir='ltr'>instituit</span> <span class='ocrx_word' id='word_1_82' title='bbox 924 1386 936 1423; x_wconf 88' lang='lat'>:</span> <span class='ocrx_word' id='word_1_83' title='bbox 964 1384 1103 1423; x_wconf 89' lang='lat' dir='ltr'>nam</span> <span class='ocrx_word' id='word_1_84' title='bbox 1136 1367 1213 1423; x_wconf 87' lang='lat' dir='ltr'>ad</span> <span class='ocrx_word' id='word_1_85' title='bbox 1240 1368 1532 1440; x_wconf 88' lang='lat' dir='ltr'>oppidum</span> <span class='ocrx_word' id='word_1_86' title='bbox 1564 1369 1656 1424; x_wconf 91' lang='lat' dir='ltr'>cui</span> <span class='ocrx_word' id='word_1_87' title='bbox 1679 1383 1899 1423; x_wconf 91' lang='lat' dir='ltr'>nomen</span> <span class='ocrx_word' id='word_1_88' title='bbox 1931 1368 2167 1423; x_wconf 72' lang='lat' dir='ltr'>Zichnze</span> 
     </span>
    </p>
   </div>
   <div class='ocr_carea' id='block_1_15' title="bbox 2266 472 3889 549">
    <p class='ocr_par' dir='ltr' id='par_1_15' title="bbox 2266 472 3889 549">
     <span class='ocr_line' id='line_1_15' title="bbox 2266 472 3889 549; baseline 0.001 -23"><span class='ocrx_word' id='word_1_89' title='bbox 2266 472 2515 549; x_wconf 79' lang='grc' dir='ltr'><strong>βασιλεὺς</strong></span> <span class='ocrx_word' id='word_1_90' title='bbox 2586 472 2842 541; x_wconf 77' lang='grc' dir='ltr'>Ἰωάννης,</span> <span class='ocrx_word' id='word_1_91' title='bbox 2896 474 2947 526; x_wconf 84' lang='grc' dir='ltr'>έν</span> <span class='ocrx_word' id='word_1_92' title='bbox 3000 480 3108 535; x_wconf 90' lang='grc' dir='ltr'><strong>τοῖς</strong></span> <span class='ocrx_word' id='word_1_93' title='bbox 3164 492 3418 535; x_wconf 86' lang='grc' dir='ltr'><strong>τοιουτοις</strong></span> <span class='ocrx_word' id='word_1_94' title='bbox 3468 479 3540 546; x_wconf 80' lang='grc' dir='ltr'><strong>μὴ</strong></span> <span class='ocrx_word' id='word_1_95' title='bbox 3582 478 3889 546; x_wconf 63' lang='grc' dir='ltr'><strong>πρόχειρος</strong></span> 
     </span>
    </p>
   </div>
   <div class='ocr_carea' id='block_1_16' title="bbox 2264 560 3891 635">
    <p class='ocr_par' dir='ltr' id='par_1_16' title="bbox 2264 560 3891 635">
     <span class='ocr_line' id='line_1_16' title="bbox 2264 560 3891 635; baseline -0.001 -21"><span class='ocrx_word' id='word_1_96' title='bbox 2264 564 2353 628; x_wconf 86' lang='grc' dir='ltr'><strong>ὢν,</strong></span> <span class='ocrx_word' id='word_1_97' title='bbox 2385 562 2479 613; x_wconf 77' lang='grc' dir='ltr'><strong>οὐκ</strong></span> <span class='ocrx_word' id='word_1_98' title='bbox 2525 560 2756 634; x_wconf 73' lang='grc' dir='ltr'><strong>εὐχερῶς</strong></span> <span class='ocrx_word' id='word_1_99' title='bbox 2812 560 2953 634; x_wconf 83' lang='grc' dir='ltr'><strong>εἶχεν</strong></span> <span class='ocrx_word' id='word_1_100' title='bbox 2997 560 3052 614; x_wconf 84' lang='grc' dir='ltr'>έκ</span> <span class='ocrx_word' id='word_1_101' title='bbox 3098 569 3188 614; x_wconf 81' lang='grc' dir='ltr'><strong>τοῦ</strong></span> <span class='ocrx_word' id='word_1_102' title='bbox 3256 566 3543 635; x_wconf 76' lang='grc' dir='ltr'>προχείρου</span> <span class='ocrx_word' id='word_1_103' title='bbox 3574 566 3663 614; x_wconf 85' lang='grc' dir='ltr'>τόν</span> <span class='ocrx_word' id='word_1_104' title='bbox 3723 562 3891 624; x_wconf 71' lang='grc' dir='ltr'><strong>ἄξιον</strong></span> 
     </span>
    </p>
   </div>
   <div class='ocr_carea' id='block_1_17' title="bbox 2265 648 3897 725">
    <p class='ocr_par' dir='ltr' id='par_1_17' title="bbox 2265 648 3897 725">
     <span class='ocr_line' id='line_1_17' title="bbox 2265 648 3897 725; baseline -0.001 -22"><span class='ocrx_word' id='word_1_105' title='bbox 2265 649 2507 724; x_wconf 76' lang='grc' dir='ltr'><strong>έφευρεῖν,</strong></span> <span class='ocrx_word' id='word_1_106' title='bbox 2567 651 2596 708; x_wconf 76' lang='grc' dir='ltr'>ἡ</span> <span class='ocrx_word' id='word_1_107' title='bbox 2653 649 2843 722; x_wconf 85' lang='grc' dir='ltr'><strong>μᾶλλον</strong></span> <span class='ocrx_word' id='word_1_108' title='bbox 2911 653 2997 702; x_wconf 87' lang='grc' dir='ltr'>τόν</span> <span class='ocrx_word' id='word_1_109' title='bbox 3049 650 3224 721; x_wconf 73' lang='grc' dir='ltr'><strong>ἐκείνῳ</strong></span> <span class='ocrx_word' id='word_1_110' title='bbox 3304 648 3578 725; x_wconf 86' lang='grc' dir='ltr'><strong>ἀρέσοντα·</strong></span> <span class='ocrx_word' id='word_1_111' title='bbox 3632 650 3897 720; x_wconf 78' lang='grc' dir='ltr'><strong>μάλιστα</strong></span> 
     </span>
    </p>
   </div>
   <div class='ocr_carea' id='block_1_18' title="bbox 2263 737 3895 815">
    <p class='ocr_par' dir='ltr' id='par_1_18' title="bbox 2263 737 3895 815">
     <span class='ocr_line' id='line_1_18' title="bbox 2263 737 3895 815; baseline -0.001 -23"><span class='ocrx_word' id='word_1_112' title='bbox 2263 742 2365 814; x_wconf 82' lang='grc' dir='ltr'>γὰρ</span> <span class='ocrx_word' id='word_1_113' title='bbox 2414 740 2463 791; x_wconf 89' lang='grc' dir='ltr'>οί</span> <span class='ocrx_word' id='word_1_114' title='bbox 2524 746 2825 812; x_wconf 76' lang='grc' dir='ltr'>κρατοῦντες</span> <span class='ocrx_word' id='word_1_115' title='bbox 2897 743 3021 802; x_wconf 80' lang='grc' dir='ltr'><strong>τοὺς</strong></span> <span class='ocrx_word' id='word_1_116' title='bbox 3073 742 3205 813; x_wconf 87' lang='grc' dir='ltr'><strong>πρὸς</strong></span> <span class='ocrx_word' id='word_1_117' title='bbox 3254 737 3521 815; x_wconf 73' lang='grc' dir='ltr'>ἀρέσκειαν</span> <span class='ocrx_word' id='word_1_118' title='bbox 3571 737 3619 790; x_wconf 80' lang='grc' dir='ltr'>έν</span> <span class='ocrx_word' id='word_1_119' title='bbox 3664 743 3895 800; x_wconf 73' lang='grc' dir='ltr'><strong>τούτοις</strong></span> 
     </span>
    </p>
   </div>
   <div class='ocr_carea' id='block_1_19' title="bbox 2265 827 3901 903">
    <p class='ocr_par' dir='ltr' id='par_1_19' title="bbox 2265 827 3901 903">
     <span class='ocr_line' id='line_1_19' title="bbox 2265 827 3901 903; baseline -0.002 -21"><span class='ocrx_word' id='word_1_120' title='bbox 2265 832 2588 903; x_wconf 86' lang='grc' dir='ltr'><strong>προσίενται,</strong></span> <span class='ocrx_word' id='word_1_121' title='bbox 2646 831 2711 889; x_wconf 86' lang='grc' dir='ltr'><strong>ὡς</strong></span> <span class='ocrx_word' id='word_1_122' title='bbox 2770 830 2831 880; x_wconf 86' lang='grc' dir='ltr'>οἷν</span> <span class='ocrx_word' id='word_1_123' title='bbox 2919 833 2991 901; x_wconf 79' lang='grc' dir='ltr'>μή</span> <span class='ocrx_word' id='word_1_124' title='bbox 3083 847 3229 891; x_wconf 88' lang='grc' dir='ltr'><strong>τινας</strong></span> <span class='ocrx_word' id='word_1_125' title='bbox 3288 831 3459 900; x_wconf 82' lang='grc' dir='ltr'><strong>έχοιεν</strong></span> <span class='ocrx_word' id='word_1_126' title='bbox 3506 827 3901 902; x_wconf 78' lang='grc' dir='ltr'><strong>ἀντερίζοντας</strong></span> 
     </span>
    </p>
   </div>
   <div class='ocr_carea' id='block_1_20' title="bbox 2266 916 3899 993">
    <p class='ocr_par' dir='ltr' id='par_1_20' title="bbox 2266 916 3899 993">
     <span class='ocr_line' id='line_1_20' title="bbox 2266 916 3899 993; baseline 0.001 -23"><span class='ocrx_word' id='word_1_127' title='bbox 2266 924 2372 978; x_wconf 85' lang='grc' dir='ltr'><strong>τοῖς</strong></span> <span class='ocrx_word' id='word_1_128' title='bbox 2404 916 2730 990; x_wconf 86' lang='grc' dir='ltr'><strong>βουλημασι.</strong></span> <span class='ocrx_word' id='word_1_129' title='bbox 2782 917 3052 993; x_wconf 80' lang='grc' dir='ltr'><strong>Παρερῥύη</strong></span> <span class='ocrx_word' id='word_1_130' title='bbox 3107 925 3233 990; x_wconf 65' lang='grc' dir='ltr'><strong>’γοῦν</strong></span> <span class='ocrx_word' id='word_1_131' title='bbox 3279 922 3472 993; x_wconf 86' lang='grc' dir='ltr'><strong>χρόνος</strong></span> <span class='ocrx_word' id='word_1_132' title='bbox 3510 922 3744 991; x_wconf 85' lang='grc' dir='ltr'><strong>συχνὸς,</strong></span> <span class='ocrx_word' id='word_1_133' title='bbox 3794 923 3899 971; x_wconf 72' lang='grc' dir='ltr'>καὶ</span> 
     </span>
    </p>
   </div>
   <div class='ocr_carea' id='block_1_21' title="bbox 2268 1003 3175 1081">
    <p class='ocr_par' dir='ltr' id='par_1_21' title="bbox 2268 1003 3175 1081">
     <span class='ocr_line' id='line_1_21' title="bbox 2268 1003 3175 1081; baseline 0.003 -22"><span class='ocrx_word' id='word_1_134' title='bbox 2268 1006 2362 1059; x_wconf 77' lang='grc' dir='ltr'><strong>οὐκ</strong></span> <span class='ocrx_word' id='word_1_135' title='bbox 2391 1007 2453 1065; x_wconf 79' lang='grc' dir='ltr'><strong>ἧν</strong></span> <span class='ocrx_word' id='word_1_136' title='bbox 2474 1008 2500 1058; x_wconf 97' lang='lat'>6</span> <span class='ocrx_word' id='word_1_137' title='bbox 2533 1003 2786 1078; x_wconf 80' lang='grc' dir='ltr'><strong>διεξάγων</strong></span> <span class='ocrx_word' id='word_1_138' title='bbox 2825 1011 2886 1059; x_wconf 88' lang='grc' dir='ltr'>τό</span> <span class='ocrx_word' id='word_1_139' title='bbox 2914 1011 3175 1081; x_wconf 81' lang='grc' dir='ltr'><strong>ποίμνιον.</strong></span> 
     </span>
    </p>
   </div>
   <div class='ocr_carea' id='block_1_22' title="bbox 2339 1094 3900 1169">
    <p class='ocr_par' dir='ltr' id='par_1_22' title="bbox 2339 1094 3900 1169">
     <span class='ocr_line' id='line_1_22' title="bbox 2339 1094 3900 1169; baseline -0.001 -20"><span class='ocrx_word' id='word_1_140' title='bbox 2339 1094 2446 1169; x_wconf 86' lang='grc' dir='ltr'><strong>μγ’.</strong></span> <span class='ocrx_word' id='word_1_141' title='bbox 2492 1094 2551 1148; x_wconf 81' lang='grc' dir='ltr'><strong>Ὀ</strong></span> <span class='ocrx_word' id='word_1_142' title='bbox 2609 1098 2700 1168; x_wconf 70' lang='grc' dir='ltr'>μεν</span> <span class='ocrx_word' id='word_1_143' title='bbox 2748 1096 2837 1149; x_wconf 78' lang='grc' dir='ltr'><strong>οὖν</strong></span> <span class='ocrx_word' id='word_1_144' title='bbox 2897 1095 3153 1169; x_wconf 82' lang='grc' dir='ltr'><strong>βασιλεὺς</strong></span> <span class='ocrx_word' id='word_1_145' title='bbox 3202 1095 3455 1165; x_wconf 78' lang='grc' dir='ltr'>Ἰωάννης,</span> <span class='ocrx_word' id='word_1_146' title='bbox 3532 1098 3606 1159; x_wconf 80' lang='grc' dir='ltr'><strong>ὡς</strong></span> <span class='ocrx_word' id='word_1_147' title='bbox 3664 1098 3900 1168; x_wconf 65' lang='grc' dir='ltr'><strong>ἔφημεν,</strong></span> 
     </span>
    </p>
   </div>
   <div class='ocr_carea' id='block_1_23' title="bbox 2272 1181 3902 1260">
    <p class='ocr_par' dir='ltr' id='par_1_23' title="bbox 2272 1181 3902 1260">
     <span class='ocr_line' id='line_1_23' title="bbox 2272 1181 3902 1260; baseline 0 -23"><span class='ocrx_word' id='word_1_148' title='bbox 2272 1184 2343 1247; x_wconf 84' lang='grc' dir='ltr'>εἰς</span> <span class='ocrx_word' id='word_1_149' title='bbox 2381 1189 2475 1242; x_wconf 79' lang='grc' dir='ltr'><strong>τὴν</strong></span> <span class='ocrx_word' id='word_1_150' title='bbox 2519 1183 2793 1260; x_wconf 73' lang='grc' dir='ltr'><strong>ἀντιπέραν</strong></span> <span class='ocrx_word' id='word_1_151' title='bbox 2853 1190 2945 1238; x_wconf 83' lang='grc' dir='ltr'>καὶ</span> <span class='ocrx_word' id='word_1_152' title='bbox 3011 1181 3235 1244; x_wconf 79' lang='grc' dir='ltr'><strong>δυτικήν</strong></span> <span class='ocrx_word' id='word_1_153' title='bbox 3287 1184 3505 1238; x_wconf 72' lang='grc' dir='ltr'><strong>ἐποιεῖτο</strong></span> <span class='ocrx_word' id='word_1_154' title='bbox 3559 1188 3650 1237; x_wconf 88' lang='grc' dir='ltr'><strong>τὸν</strong></span> <span class='ocrx_word' id='word_1_155' title='bbox 3714 1181 3902 1257; x_wconf 77' lang='grc' dir='ltr'><strong>βάδον</strong></span> 
     </span>
    </p>
   </div>
   <div class='ocr_carea' id='block_1_24' title="bbox 2273 1271 3905 1351">
    <p class='ocr_par' dir='ltr' id='par_1_24' title="bbox 2273 1271 3905 1351">
     <span class='ocr_line' id='line_1_24' title="bbox 2273 1271 3905 1351; baseline 0.001 -26"><span class='ocrx_word' id='word_1_156' title='bbox 2273 1276 2432 1347; x_wconf 79' lang='grc' dir='ltr'><strong>χάριν</strong></span> <span class='ocrx_word' id='word_1_157' title='bbox 2454 1282 2545 1327; x_wconf 82' lang='grc' dir='ltr'><strong>τοῦ</strong></span> <span class='ocrx_word' id='word_1_158' title='bbox 2570 1277 2664 1337; x_wconf 81' lang='grc' dir='ltr'><strong>τὰς</strong></span> <span class='ocrx_word' id='word_1_159' title='bbox 2705 1271 2868 1328; x_wconf 84' lang='grc' dir='ltr'><strong>έκεῖσε</strong></span> <span class='ocrx_word' id='word_1_160' title='bbox 2897 1280 3081 1351; x_wconf 86' lang='grc' dir='ltr'><strong>χώρας</strong></span> <span class='ocrx_word' id='word_1_161' title='bbox 3146 1280 3237 1328; x_wconf 84' lang='grc' dir='ltr'><strong>καὶ</strong></span> <span class='ocrx_word' id='word_1_162' title='bbox 3288 1278 3355 1327; x_wconf 72' lang='grc' dir='ltr'><strong>τὰ</strong></span> <span class='ocrx_word' id='word_1_163' title='bbox 3390 1274 3438 1327; x_wconf 73' lang='grc' dir='ltr'><strong>ἓν</strong></span> <span class='ocrx_word' id='word_1_164' title='bbox 3490 1274 3671 1335; x_wconf 75' lang='grc' dir='ltr'><strong>αὐτοῖς</strong></span> <span class='ocrx_word' id='word_1_165' title='bbox 3731 1293 3905 1327; x_wconf 74' lang='grc' dir='ltr'><strong>κατοο</strong></span> 
     </span>
    </p>
   </div>
   <div class='ocr_carea' id='block_1_25' title="bbox 2273 1362 3905 1437">
    <p class='ocr_par' dir='ltr' id='par_1_25' title="bbox 2273 1362 3905 1437">
     <span class='ocr_line' id='line_1_25' title="bbox 2273 1362 3905 1437; baseline 0.001 -22"><span class='ocrx_word' id='word_1_166' title='bbox 2273 1366 2605 1416; x_wconf 82' lang='grc' dir='ltr'><strong>πτεύσασθαι</strong></span> <span class='ocrx_word' id='word_1_167' title='bbox 2656 1362 2812 1422; x_wconf 82' lang='grc' dir='ltr'><strong>ἄστη·</strong></span> <span class='ocrx_word' id='word_1_168' title='bbox 2885 1369 2976 1416; x_wconf 81' lang='grc' dir='ltr'><strong>καὶ</strong></span> <span class='ocrx_word' id='word_1_169' title='bbox 3030 1368 3194 1437; x_wconf 88' lang='grc' dir='ltr'><strong>μέχρι</strong></span> <span class='ocrx_word' id='word_1_170' title='bbox 3264 1367 3364 1437; x_wconf 82' lang='grc' dir='ltr'>γὰρ</span> <span class='ocrx_word' id='word_1_171' title='bbox 3419 1371 3514 1417; x_wconf 83' lang='grc' dir='ltr'><strong>τοῦ</strong></span> <span class='ocrx_word' id='word_1_172' title='bbox 3573 1364 3721 1417; x_wconf 79' lang='grc' dir='ltr'><strong>οὕτω</strong></span> <span class='ocrx_word' id='word_1_173' title='bbox 3787 1384 3905 1426; x_wconf 77' lang='grc' dir='ltr'>πως</span> 
     </span>
    </p>
   </div>
   <div class='ocr_carea' id='block_1_26' title="bbox 514 1457 2169 1530">
    <p class='ocr_par' dir='ltr' id='par_1_26' title="bbox 514 1457 2169 1530">
     <span class='ocr_line' id='line_1_26' title="bbox 514 1457 2169 1530; baseline -0.001 -16"><span class='ocrx_word' id='word_1_174' title='bbox 514 1463 620 1527; x_wconf 90' lang='lat' dir='ltr'>est,</span> <span class='ocrx_word' id='word_1_175' title='bbox 650 1473 838 1530; x_wconf 88' lang='lat' dir='ltr'>prope</span> <span class='ocrx_word' id='word_1_176' title='bbox 893 1459 1117 1516; x_wconf 90' lang='lat' dir='ltr'>Serras.</span> <span class='ocrx_word' id='word_1_177' title='bbox 1167 1457 1450 1512; x_wconf 88' lang='lat' dir='ltr'>omnibus</span> <span class='ocrx_word' id='word_1_178' title='bbox 1509 1457 1955 1513; x_wconf 80' lang='lat' dir='ltr'>dominabatur.</span> <span class='ocrx_word' id='word_1_179' title='bbox 2007 1459 2169 1512; x_wconf 89' lang='lat' dir='ltr'>Tunc</span> 
     </span>
    </p>
   </div>
   <div class='ocr_carea' id='block_1_27' title="bbox 517 1544 2167 1615">
    <p class='ocr_par' dir='ltr' id='par_1_27' title="bbox 517 1544 2167 1615">
     <span class='ocr_line' id='line_1_27' title="bbox 517 1544 2167 1615; baseline -0.001 -13"><span class='ocrx_word' id='word_1_180' title='bbox 517 1547 839 1615; x_wconf 87' lang='lat' dir='ltr'>Bulgarum</span> <span class='ocrx_word' id='word_1_181' title='bbox 867 1546 1050 1601; x_wconf 84' lang='lat' dir='ltr'>Asani</span> <span class='ocrx_word' id='word_1_182' title='bbox 1079 1545 1235 1601; x_wconf 84' lang='lat' dir='ltr'>ﬁlius</span> <span class='ocrx_word' id='word_1_183' title='bbox 1280 1544 1644 1601; x_wconf 83' lang='lat' dir='ltr'>Callimanus</span> <span class='ocrx_word' id='word_1_184' title='bbox 1674 1545 1795 1600; x_wconf 91' lang='lat' dir='ltr'>duo</span> <span class='ocrx_word' id='word_1_185' title='bbox 1849 1550 1907 1601; x_wconf 91' lang='lat' dir='ltr'>et</span> <span class='ocrx_word' id='word_1_186' title='bbox 1961 1545 2167 1601; x_wconf 88' lang='lat' dir='ltr'>decem</span> 
     </span>
    </p>
   </div>
   <div class='ocr_carea' id='block_1_28' title="bbox 518 1632 2172 1704">
    <p class='ocr_par' dir='ltr' id='par_1_28' title="bbox 518 1632 2172 1704">
     <span class='ocr_line' id='line_1_28' title="bbox 518 1632 2172 1704; baseline -0.001 -15"><span class='ocrx_word' id='word_1_187' title='bbox 518 1650 711 1689; x_wconf 85' lang='lat' dir='ltr'>annos</span> <span class='ocrx_word' id='word_1_188' title='bbox 739 1639 917 1689; x_wconf 89' lang='lat' dir='ltr'>natus</span> <span class='ocrx_word' id='word_1_189' title='bbox 947 1633 1350 1704; x_wconf 87' lang='lat' dir='ltr'>principatum</span> <span class='ocrx_word' id='word_1_190' title='bbox 1406 1632 1666 1688; x_wconf 72' lang='lat' dir='ltr'>tenebat.</span> <span class='ocrx_word' id='word_1_191' title='bbox 1723 1635 1867 1689; x_wconf 92' lang='lat' dir='ltr'>Cum</span> <span class='ocrx_word' id='word_1_192' title='bbox 1911 1633 1989 1688; x_wconf 90' lang='lat' dir='ltr'>ad</span> <span class='ocrx_word' id='word_1_193' title='bbox 2041 1632 2172 1689; x_wconf 86' lang='lat' dir='ltr'>loca</span> 
     </span>
    </p>
   </div>
   <div class='ocr_carea' id='block_1_29' title="bbox 2276 1451 3907 1526">
    <p class='ocr_par' dir='ltr' id='par_1_29' title="bbox 2276 1451 3907 1526">
     <span class='ocr_line' id='line_1_29' title="bbox 2276 1451 3907 1526; baseline -0.001 -21"><span class='ocrx_word' id='word_1_194' title='bbox 2276 1452 2717 1525; x_wconf 76' lang='grc' dir='ltr'><strong>έπονομαξομένου</strong></span> <span class='ocrx_word' id='word_1_195' title='bbox 2779 1451 2973 1514; x_wconf 79' lang='grc' dir='ltr'><strong>ἄστεως</strong></span> <span class='ocrx_word' id='word_1_196' title='bbox 3040 1458 3232 1526; x_wconf 87' lang='grc' dir='ltr'><strong>Ζίχνα,</strong></span> <span class='ocrx_word' id='word_1_197' title='bbox 3329 1452 3480 1525; x_wconf 81' lang='grc' dir='ltr'><strong>έγγύς</strong></span> <span class='ocrx_word' id='word_1_198' title='bbox 3566 1473 3672 1506; x_wconf 88' lang='grc' dir='ltr'>που</span> <span class='ocrx_word' id='word_1_199' title='bbox 3755 1456 3907 1511; x_wconf 81' lang='grc' dir='ltr'><strong>ὄντος</strong></span> 
     </span>
    </p>
   </div>
   <div class='ocr_carea' id='block_1_30' title="bbox 2278 1538 3904 1617">
    <p class='ocr_par' dir='ltr' id='par_1_30' title="bbox 2278 1538 3904 1617">
     <span class='ocr_line' id='line_1_30' title="bbox 2278 1538 3904 1617; baseline -0.002 -23"><span class='ocrx_word' id='word_1_200' title='bbox 2278 1541 2491 1617; x_wconf 80' lang='grc' dir='ltr'><strong>Σερῥὼν,</strong></span> <span class='ocrx_word' id='word_1_201' title='bbox 2551 1541 2789 1594; x_wconf 83' lang='grc' dir='ltr'><strong>ἁπάντων</strong></span> <span class='ocrx_word' id='word_1_202' title='bbox 2815 1538 3119 1603; x_wconf 77' lang='grc' dir='ltr'><strong>ἐδέσποζεν.</strong></span> <span class='ocrx_word' id='word_1_203' title='bbox 3179 1542 3352 1616; x_wconf 83' lang='grc' dir='ltr'><strong>Ἥρχε</strong></span> <span class='ocrx_word' id='word_1_204' title='bbox 3532 1546 3653 1595; x_wconf 86' lang='grc' dir='ltr'><strong>τότε</strong></span> <span class='ocrx_word' id='word_1_205' title='bbox 3723 1541 3904 1594; x_wconf 75' lang='grc' dir='ltr'><strong>Βουλ-</strong></span> 
     </span>
    </p>
   </div>
   <div class='ocr_carea' id='block_1_31' title="bbox 2277 1628 3908 1705">
    <p class='ocr_par' dir='ltr' id='par_1_31' title="bbox 2277 1628 3908 1705">
     <span class='ocr_line' id='line_1_31' title="bbox 2277 1628 3908 1705; baseline 0.002 -23"><span class='ocrx_word' id='word_1_206' title='bbox 2277 1634 2451 1705; x_wconf 78' lang='grc' dir='ltr'><strong>γοὶρων</strong></span> <span class='ocrx_word' id='word_1_207' title='bbox 2480 1632 2528 1665; x_wconf 73' lang='grc'>³⁷</span> <span class='ocrx_word' id='word_1_208' title='bbox 2572 1632 2598 1682; x_wconf 87' lang='grc' dir='ltr'><strong><em>ὁ</em></strong></span> <span class='ocrx_word' id='word_1_209' title='bbox 2649 1638 2739 1683; x_wconf 81' lang='grc' dir='ltr'><strong>τοῦ</strong></span> <span class='ocrx_word' id='word_1_210' title='bbox 2806 1631 2967 1684; x_wconf 81' lang='grc' dir='ltr'>Ἀσάν</span> <span class='ocrx_word' id='word_1_211' title='bbox 3016 1633 3130 1693; x_wconf 79' lang='grc' dir='ltr'><strong>υἱὸς</strong></span> <span class='ocrx_word' id='word_1_212' title='bbox 3183 1630 3501 1704; x_wconf 76' lang='grc' dir='ltr'><strong>Καλλιμὰνος</strong></span> <span class='ocrx_word' id='word_1_213' title='bbox 3549 1628 3908 1690; x_wconf 67' lang='grc' dir='ltr'><strong>δωδεκαέτης</strong></span> 
     </span>
    </p>
   </div>
   <div class='ocr_carea' id='block_1_32' title="bbox 520 1721 2172 1793">
    <p class='ocr_par' dir='ltr' id='par_1_32' title="bbox 520 1721 2172 1793">
     <span class='ocr_line' id='line_1_32' title="bbox 520 1721 2172 1793; baseline -0.001 -15"><span class='ocrx_word' id='word_1_214' title='bbox 520 1722 663 1778; x_wconf 89' lang='lat' dir='ltr'>Cissi</span> <span class='ocrx_word' id='word_1_215' title='bbox 695 1723 1019 1793; x_wconf 88' lang='lat' dir='ltr'>imperator</span> <span class='ocrx_word' id='word_1_216' title='bbox 1050 1721 1462 1792; x_wconf 85' lang='lat' dir='ltr'>processisset,</span> <span class='ocrx_word' id='word_1_217' title='bbox 1486 1722 1709 1777; x_wconf 89' lang='lat' dir='ltr'>ibidem</span> <span class='ocrx_word' id='word_1_218' title='bbox 1765 1726 2172 1778; x_wconf 87' lang='lat' dir='ltr'>commoratus</span> 
     </span>
    </p>
   </div>
   <div class='ocr_carea' id='block_1_33' title="bbox 517 1898 2173 1971">
    <p class='ocr_par' dir='ltr' id='par_1_33' title="bbox 517 1898 2173 1971">
     <span class='ocr_line' id='line_1_33' title="bbox 517 1898 2173 1971; baseline 0.001 -19"><span class='ocrx_word' id='word_1_219' title='bbox 517 1914 704 1971; x_wconf 84' lang='lat' dir='ltr'>prOpe</span> <span class='ocrx_word' id='word_1_220' title='bbox 718 1898 874 1953; x_wconf 89' lang='lat' dir='ltr'>Beris</span> <span class='ocrx_word' id='word_1_221' title='bbox 898 1899 1322 1953; x_wconf 88' lang='lat' dir='ltr'>monasterium</span> <span class='ocrx_word' id='word_1_222' title='bbox 1340 1898 1700 1954; x_wconf 86' lang='lat' dir='ltr'>deﬂuentem</span> <span class='ocrx_word' id='word_1_223' title='bbox 1719 1899 1865 1955; x_wconf 86' lang='lat' dir='ltr'>etab</span> <span class='ocrx_word' id='word_1_224' title='bbox 1880 1899 2173 1968; x_wconf 82' lang='lat' dir='ltr'>indigenis</span> 
     </span>
    </p>
   </div>
   <div class='ocr_carea' id='block_1_34' title="bbox 519 1988 2173 2059">
    <p class='ocr_par' dir='ltr' id='par_1_34' title="bbox 519 1988 2173 2059">
     <span class='ocr_line' id='line_1_34' title="bbox 519 1988 2173 2059; baseline 0 -15"><span class='ocrx_word' id='word_1_225' title='bbox 519 1989 795 2044; x_wconf 83' lang='lat' dir='ltr'>Maritzan</span> <span class='ocrx_word' id='word_1_226' title='bbox 827 1994 1124 2054; x_wconf 88' lang='lat' dir='ltr'>vocatum,</span> <span class='ocrx_word' id='word_1_227' title='bbox 1158 1988 1444 2059; x_wconf 87' lang='lat' dir='ltr'>pervenit.</span> <span class='ocrx_word' id='word_1_228' title='bbox 1478 1989 1597 2059; x_wconf 76' lang='lat'>78</span> <span class='ocrx_word' id='word_1_229' title='bbox 1636 1988 1696 2043; x_wconf 91' lang='lat' dir='ltr'>ln</span> <span class='ocrx_word' id='word_1_230' title='bbox 1734 1989 1934 2044; x_wconf 90' lang='lat' dir='ltr'>medio</span> <span class='ocrx_word' id='word_1_231' title='bbox 1977 1988 2173 2044; x_wconf 87' lang='lat' dir='ltr'>ﬂumi-</span> 
     </span>
    </p>
   </div>
   <div class='ocr_carea' id='block_1_35' title="bbox 518 2075 2175 2150">
    <p class='ocr_par' dir='ltr' id='par_1_35' title="bbox 518 2075 2175 2150">
     <span class='ocr_line' id='line_1_35' title="bbox 518 2075 2175 2150; baseline 0.001 -18"><span class='ocrx_word' id='word_1_232' title='bbox 518 2075 610 2132; x_wconf 86' lang='lat' dir='ltr'>nis</span> <span class='ocrx_word' id='word_1_233' title='bbox 624 2075 978 2131; x_wconf 89' lang='lat' dir='ltr'>constitutus</span> <span class='ocrx_word' id='word_1_234' title='bbox 994 2075 1317 2147; x_wconf 87' lang='lat' dir='ltr'>imperator</span> <span class='ocrx_word' id='word_1_235' title='bbox 1330 2080 1510 2149; x_wconf 89' lang='lat' dir='ltr'>(equo</span> <span class='ocrx_word' id='word_1_236' title='bbox 1522 2078 1680 2132; x_wconf 88' lang='lat' dir='ltr'>enim</span> <span class='ocrx_word' id='word_1_237' title='bbox 1697 2093 1909 2149; x_wconf 86' lang='lat' dir='ltr'>aquas,</span> <span class='ocrx_word' id='word_1_238' title='bbox 1928 2077 2175 2150; x_wconf 88' lang='lat' dir='ltr'>quando</span> 
     </span>
    </p>
   </div>
   <div class='ocr_carea' id='block_1_36' title="bbox 520 2165 2180 2239">
    <p class='ocr_par' dir='ltr' id='par_1_36' title="bbox 520 2165 2180 2239">
     <span class='ocr_line' id='line_1_36' title="bbox 520 2165 2180 2239; baseline 0 -18"><span class='ocrx_word' id='word_1_239' title='bbox 520 2171 699 2221; x_wconf 71' lang='lat' dir='ltr'>aestas</span> <span class='ocrx_word' id='word_1_240' title='bbox 732 2165 1236 2238; x_wconf 67' lang='lat' dir='ltr'>praecipitabatur,</span> <span class='ocrx_word' id='word_1_241' title='bbox 1265 2182 1409 2221; x_wconf 90' lang='lat' dir='ltr'>nam</span> <span class='ocrx_word' id='word_1_242' title='bbox 1452 2167 1732 2222; x_wconf 88' lang='lat' dir='ltr'>vicesima</span> <span class='ocrx_word' id='word_1_243' title='bbox 1764 2168 2023 2239; x_wconf 90' lang='lat' dir='ltr'>septima</span> <span class='ocrx_word' id='word_1_244' title='bbox 2075 2171 2180 2222; x_wconf 88' lang='lat' dir='ltr'>aut</span> 
     </span>
    </p>
   </div>
   <div class='ocr_carea' id='block_1_37' title="bbox 519 2254 2176 2327">
    <p class='ocr_par' dir='ltr' id='par_1_37' title="bbox 519 2254 2176 2327">
     <span class='ocr_line' id='line_1_37' title="bbox 519 2254 2176 2327; baseline 0 -16"><span class='ocrx_word' id='word_1_245' title='bbox 519 2259 733 2311; x_wconf 87' lang='lat' dir='ltr'>octava</span> <span class='ocrx_word' id='word_1_246' title='bbox 759 2258 882 2310; x_wconf 88' lang='lat' dir='ltr'>erat</span> <span class='ocrx_word' id='word_1_247' title='bbox 906 2254 1128 2310; x_wconf 87' lang='lat' dir='ltr'>mensis</span> <span class='ocrx_word' id='word_1_248' title='bbox 1153 2255 1533 2326; x_wconf 88' lang='lat' dir='ltr'>Septembris,</span> <span class='ocrx_word' id='word_1_249' title='bbox 1560 2256 1931 2327; x_wconf 84' lang='lat' dir='ltr'>permeabat)</span> <span class='ocrx_word' id='word_1_250' title='bbox 1970 2256 2176 2312; x_wconf 86' lang='lat' dir='ltr'>litteris</span> 
     </span>
    </p>
   </div>
   <div class='ocr_carea' id='block_1_38' title="bbox 522 2344 2179 2416">
    <p class='ocr_par' dir='ltr' id='par_1_38' title="bbox 522 2344 2179 2416">
     <span class='ocr_line' id='line_1_38' title="bbox 522 2344 2179 2416; baseline 0 -16"><span class='ocrx_word' id='word_1_251' title='bbox 522 2361 559 2400; x_wconf 87' lang='lat' dir='ltr'>a</span> <span class='ocrx_word' id='word_1_252' title='bbox 584 2361 781 2400; x_wconf 89' lang='lat' dir='ltr'>rerum</span> <span class='ocrx_word' id='word_1_253' title='bbox 811 2360 1113 2399; x_wconf 84' lang='lat' dir='ltr'>summam</span> <span class='ocrx_word' id='word_1_254' title='bbox 1140 2344 1409 2400; x_wconf 69' lang='lat' dir='ltr'>Achridae</span> <span class='ocrx_word' id='word_1_255' title='bbox 1433 2344 1805 2416; x_wconf 82' lang='lat' dir='ltr'>gubernante</span> <span class='ocrx_word' id='word_1_256' title='bbox 1831 2346 1906 2402; x_wconf 88' lang='lat' dir='ltr'>ad</span> <span class='ocrx_word' id='word_1_257' title='bbox 1932 2362 1993 2401; x_wconf 90' lang='lat' dir='ltr'>se</span> <span class='ocrx_word' id='word_1_258' title='bbox 2025 2346 2179 2401; x_wconf 83' lang='lat' dir='ltr'>datis</span> 
     </span>
    </p>
   </div>
   <div class='ocr_carea' id='block_1_39' title="bbox 526 2433 2177 2507">
    <p class='ocr_par' dir='ltr' id='par_1_39' title="bbox 526 2433 2177 2507">
     <span class='ocr_line' id='line_1_39' title="bbox 526 2433 2177 2507; baseline 0 -18"><span class='ocrx_word' id='word_1_259' title='bbox 526 2435 737 2490; x_wconf 88' lang='lat' dir='ltr'>certior</span> <span class='ocrx_word' id='word_1_260' title='bbox 757 2433 1234 2489; x_wconf 83' lang='lat' dir='ltr'>ﬁtCallimanum</span> <span class='ocrx_word' id='word_1_261' title='bbox 1261 2434 1579 2502; x_wconf 87' lang='lat' dir='ltr'>Bulgarum</span> <span class='ocrx_word' id='word_1_262' title='bbox 1620 2436 1953 2507; x_wconf 86' lang='lat' dir='ltr'>principem</span> <span class='ocrx_word' id='word_1_263' title='bbox 1994 2436 2177 2491; x_wconf 86' lang='lat' dir='ltr'>vitam</span> 
     </span>
    </p>
   </div>
   <div class='ocr_carea' id='block_1_40' title="bbox 523 2522 2181 2593">
    <p class='ocr_par' dir='ltr' id='par_1_40' title="bbox 523 2522 2181 2593">
     <span class='ocr_line' id='line_1_40' title="bbox 523 2522 2181 2593; baseline 0.001 -16"><span class='ocrx_word' id='word_1_264' title='bbox 523 2522 751 2593; x_wconf 85' lang='lat' dir='ltr'>ﬁnisse,</span> <span class='ocrx_word' id='word_1_265' title='bbox 766 2522 1193 2577; x_wconf 91' lang='lat' dir='ltr'>nonnullorum</span> <span class='ocrx_word' id='word_1_266' title='bbox 1208 2523 1496 2578; x_wconf 89' lang='lat' dir='ltr'>sententia</span> <span class='ocrx_word' id='word_1_267' title='bbox 1507 2523 1759 2579; x_wconf 88' lang='lat' dir='ltr'>naturali</span> <span class='ocrx_word' id='word_1_268' title='bbox 1776 2523 2009 2589; x_wconf 88' lang='lat' dir='ltr'>morbo,</span> <span class='ocrx_word' id='word_1_269' title='bbox 2041 2523 2181 2579; x_wconf 86' lang='lat' dir='ltr'>alio-</span> 
     </span>
    </p>
   </div>
   <div class='ocr_carea' id='block_1_41' title="bbox 2282 1893 3909 1970">
    <p class='ocr_par' dir='ltr' id='par_1_41' title="bbox 2282 1893 3909 1970">
     <span class='ocr_line' id='line_1_41' title="bbox 2282 1893 3909 1970; baseline -0.001 -21"><span class='ocrx_word' id='word_1_270' title='bbox 2282 1902 2489 1970; x_wconf 89' lang='grc' dir='ltr'><strong>πορείας</strong></span> <span class='ocrx_word' id='word_1_271' title='bbox 2535 1898 2732 1969; x_wconf 82' lang='grc' dir='ltr'><strong>εἴχετο,</strong></span> <span class='ocrx_word' id='word_1_272' title='bbox 2813 1896 3085 1969; x_wconf 76' lang='grc' dir='ltr'><strong>ἔπεφθάκει</strong></span> <span class='ocrx_word' id='word_1_273' title='bbox 3165 1893 3224 1950; x_wconf 67' lang='grc' dir='ltr'>δὲ</span> <span class='ocrx_word' id='word_1_274' title='bbox 3270 1896 3354 1950; x_wconf 75' lang='grc' dir='ltr'><strong>ἐπὶ</strong></span> <span class='ocrx_word' id='word_1_275' title='bbox 3411 1900 3499 1950; x_wconf 86' lang='grc' dir='ltr'><strong>τὸν</strong></span> <span class='ocrx_word' id='word_1_276' title='bbox 3549 1902 3810 1969; x_wconf 78' lang='grc' dir='ltr'><strong>ποταμόν</strong></span> <span class='ocrx_word' id='word_1_277' title='bbox 3857 1897 3909 1949; x_wconf 76' lang='grc' dir='ltr'><strong>ὃν</strong></span> 
     </span>
    </p>
   </div>
   <div class='ocr_carea' id='block_1_42' title="bbox 2283 1981 3907 2060">
    <p class='ocr_par' dir='ltr' id='par_1_42' title="bbox 2283 1981 3907 2060">
     <span class='ocr_line' id='line_1_42' title="bbox 2283 1981 3907 2060; baseline 0.001 -22"><span class='ocrx_word' id='word_1_278' title='bbox 2283 1985 2469 2060; x_wconf 78' lang='grc' dir='ltr'><strong>Ἕϐρον</strong></span> <span class='ocrx_word' id='word_1_279' title='bbox 2497 1986 2741 2053; x_wconf 82' lang='grc' dir='ltr'><strong>καλοῦσι,</strong></span> <span class='ocrx_word' id='word_1_280' title='bbox 2770 1981 3074 2046; x_wconf 69' lang='grc' dir='ltr'><strong>πλησίονπ</strong></span> <span class='ocrx_word' id='word_1_281' title='bbox 3104 1995 3196 2047; x_wconf 79' lang='grc' dir='ltr'><strong>τῆς</strong></span> <span class='ocrx_word' id='word_1_282' title='bbox 3215 1995 3373 2059; x_wconf 83' lang='grc' dir='ltr'><strong>μονῆς</strong></span> <span class='ocrx_word' id='word_1_283' title='bbox 3406 1994 3497 2040; x_wconf 84' lang='grc' dir='ltr'><strong>τοῦ</strong></span> <span class='ocrx_word' id='word_1_284' title='bbox 3556 1989 3739 2059; x_wconf 83' lang='grc' dir='ltr'><strong>Βηρὸς</strong></span> <span class='ocrx_word' id='word_1_285' title='bbox 3796 1987 3907 2051; x_wconf 65' lang='grc'>(84)</span> 
     </span>
    </p>
   </div>
   <div class='ocr_carea' id='block_1_43' title="bbox 2285 2070 3908 2150">
    <p class='ocr_par' dir='ltr' id='par_1_43' title="bbox 2285 2070 3908 2150">
     <span class='ocr_line' id='line_1_43' title="bbox 2285 2070 3908 2150; baseline -0.002 -23"><span class='ocrx_word' id='word_1_286' title='bbox 2285 2076 2669 2148; x_wconf 72' lang='grc' dir='ltr'><strong>ὀνομαζομένης</strong></span> <span class='ocrx_word' id='word_1_287' title='bbox 2698 2077 2745 2111; x_wconf 80' lang='grc'><strong>⁹⁹</strong></span> <span class='ocrx_word' id='word_1_288' title='bbox 2792 2081 3094 2147; x_wconf 75' lang='grc' dir='ltr'><strong>ποιούμενον</strong></span> <span class='ocrx_word' id='word_1_289' title='bbox 3143 2078 3239 2136; x_wconf 82' lang='grc' dir='ltr'>τὰς</span> <span class='ocrx_word' id='word_1_290' title='bbox 3285 2075 3427 2150; x_wconf 81' lang='grc' dir='ltr'><strong>ῥοὰς,</strong></span> <span class='ocrx_word' id='word_1_291' title='bbox 3490 2075 3789 2149; x_wconf 73' lang='grc' dir='ltr'><strong>Μαρίτζαν</strong></span> <span class='ocrx_word' id='word_1_292' title='bbox 3850 2070 3908 2125; x_wconf 64' lang='grc' dir='ltr'><strong>ὄε</strong></span> 
     </span>
    </p>
   </div>
   <div class='ocr_carea' id='block_1_44' title="bbox 2283 2160 3906 2239">
    <p class='ocr_par' dir='ltr' id='par_1_44' title="bbox 2283 2160 3906 2239">
     <span class='ocr_line' id='line_1_44' title="bbox 2283 2160 3906 2239; baseline -0.001 -20"><span class='ocrx_word' id='word_1_293' title='bbox 2283 2166 2591 2238; x_wconf 80' lang='grc' dir='ltr'><strong>καλούμενον</strong></span> <span class='ocrx_word' id='word_1_294' title='bbox 2621 2172 2884 2239; x_wconf 85' lang='grc' dir='ltr'><strong>χωριτικῆ</strong></span> <span class='ocrx_word' id='word_1_295' title='bbox 2929 2160 3179 2236; x_wconf 80' lang='grc' dir='ltr'>διαλέκτῳ</span> <span class='ocrx_word' id='word_1_296' title='bbox 3211 2166 3251 2220; x_wconf 77' lang='grc' dir='ltr'><strong>ί.</strong></span> <span class='ocrx_word' id='word_1_297' title='bbox 3288 2166 3434 2218; x_wconf 77' lang='grc' dir='ltr'><strong>Κατὰ</strong></span> <span class='ocrx_word' id='word_1_298' title='bbox 3488 2161 3548 2217; x_wconf 76' lang='grc' dir='ltr'><strong>δε</strong></span> <span class='ocrx_word' id='word_1_299' title='bbox 3622 2167 3684 2217; x_wconf 83' lang='grc' dir='ltr'>τό</span> 
     </span>
    </p>
   </div>
   <div class='ocr_carea' id='block_1_45' title="bbox 2285 2252 3903 2327">
    <p class='ocr_par' dir='ltr' id='par_1_45' title="bbox 2285 2252 3903 2327">
     <span class='ocr_line' id='line_1_45' title="bbox 2285 2252 3903 2327; baseline -0.001 -19"><span class='ocrx_word' id='word_1_300' title='bbox 2285 2262 2375 2308; x_wconf 76' lang='grc' dir='ltr'><strong>τοῦ</strong></span> <span class='ocrx_word' id='word_1_301' title='bbox 2428 2261 2664 2326; x_wconf 79' lang='grc' dir='ltr'><strong>ποταμοῦ</strong></span> <span class='ocrx_word' id='word_1_302' title='bbox 2721 2257 2990 2326; x_wconf 86' lang='grc' dir='ltr'><strong>γενομένου</strong></span> <span class='ocrx_word' id='word_1_303' title='bbox 3078 2261 3170 2306; x_wconf 83' lang='grc' dir='ltr'><strong>τοῦ</strong></span> <span class='ocrx_word' id='word_1_304' title='bbox 3219 2252 3477 2327; x_wconf 82' lang='grc' dir='ltr'><strong>βασιλέως</strong></span> <span class='ocrx_word' id='word_1_305' title='bbox 3550 2254 3709 2322; x_wconf 87' lang='grc' dir='ltr'><strong>(ποσὶ</strong></span> 
     </span>
    </p>
   </div>
   <div class='ocr_carea' id='block_1_46' title="bbox 2288 2340 3905 2416">
    <p class='ocr_par' dir='ltr' id='par_1_46' title="bbox 2288 2340 3905 2416">
     <span class='ocr_line' id='line_1_46' title="bbox 2288 2340 3905 2416; baseline -0.002 -19"><span class='ocrx_word' id='word_1_306' title='bbox 2288 2346 2456 2397; x_wconf 83' lang='grc' dir='ltr'><strong>ἳππων</strong></span> <span class='ocrx_word' id='word_1_307' title='bbox 2487 2345 2699 2416; x_wconf 79' lang='grc' dir='ltr'><strong>ὑπῆρχε</strong></span> <span class='ocrx_word' id='word_1_308' title='bbox 2730 2340 2916 2415; x_wconf 83' lang='grc' dir='ltr'><strong>βατός,</strong></span> <span class='ocrx_word' id='word_1_309' title='bbox 2969 2341 3173 2416; x_wconf 72' lang='grc' dir='ltr'><strong>ἐπείπερ</strong></span> <span class='ocrx_word' id='word_1_310' title='bbox 3244 2344 3417 2416; x_wconf 83' lang='grc' dir='ltr'><strong>θέρους</strong></span> <span class='ocrx_word' id='word_1_311' title='bbox 3471 2342 3613 2403; x_wconf 91' lang='grc' dir='ltr'><strong>τέλος</strong></span> <span class='ocrx_word' id='word_1_312' title='bbox 3666 2340 3905 2415; x_wconf 49' lang='lat' dir='ltr'>inﬁxa-</span> 
     </span>
    </p>
   </div>
   <div class='ocr_carea' id='block_1_47' title="bbox 2286 2432 3905 2506">
    <p class='ocr_par' dir='ltr' id='par_1_47' title="bbox 2286 2432 3905 2506">
     <span class='ocr_line' id='line_1_47' title="bbox 2286 2432 3905 2506; baseline -0.001 -21"><span class='ocrx_word' id='word_1_313' title='bbox 2286 2453 2384 2486; x_wconf 89' lang='grc' dir='ltr'><strong>νεν·</strong></span> <span class='ocrx_word' id='word_1_314' title='bbox 2420 2435 2683 2505; x_wconf 73' lang='grc' dir='ltr'><strong>φθίνοντος</strong></span> <span class='ocrx_word' id='word_1_315' title='bbox 2752 2434 2854 2506; x_wconf 80' lang='grc' dir='ltr'>γὰρ</span> <span class='ocrx_word' id='word_1_316' title='bbox 2932 2436 3080 2504; x_wconf 86' lang='grc' dir='ltr'><strong>τρίτη</strong></span> <span class='ocrx_word' id='word_1_317' title='bbox 3139 2432 3168 2490; x_wconf 76' lang='grc' dir='ltr'>ἡ</span> <span class='ocrx_word' id='word_1_318' title='bbox 3239 2436 3328 2483; x_wconf 80' lang='grc' dir='ltr'>καὶ</span> <span class='ocrx_word' id='word_1_319' title='bbox 3406 2433 3629 2505; x_wconf 75' lang='grc' dir='ltr'><strong>τετάρτη</strong></span> <span class='ocrx_word' id='word_1_320' title='bbox 3673 2438 3905 2503; x_wconf 69' lang='grc' dir='ltr'><strong>Σεπτεμσ</strong></span> 
     </span>
    </p>
   </div>
   <div class='ocr_carea' id='block_1_48' title="bbox 2289 2516 3904 2597">
    <p class='ocr_par' dir='ltr' id='par_1_48' title="bbox 2289 2516 3904 2597">
     <span class='ocr_line' id='line_1_48' title="bbox 2289 2516 3904 2597; baseline -0.001 -23"><span class='ocrx_word' id='word_1_321' title='bbox 2289 2522 2437 2597; x_wconf 68' lang='grc' dir='ltr'><strong>θρίου</strong></span> <span class='ocrx_word' id='word_1_322' title='bbox 2674 2524 2890 2593; x_wconf 76' lang='grc' dir='ltr'><strong>μήνυμα</strong></span> <span class='ocrx_word' id='word_1_323' title='bbox 2992 2516 3395 2593; x_wconf 84' lang='grc' dir='ltr'><strong>διάκεκόμισται</strong></span> <span class='ocrx_word' id='word_1_324' title='bbox 3490 2526 3904 2593; x_wconf 71' lang='grc' dir='ltr'><strong>σεσημασμένον</strong></span> 
     </span>
    </p>
   </div>
   <div class='ocr_carea' id='block_1_49' title="bbox 2281 1717 3910 1793">
    <p class='ocr_par' dir='ltr' id='par_1_49' title="bbox 2281 1717 3910 1793">
     <span class='ocr_line' id='line_1_49' title="bbox 2281 1717 3910 1793; baseline 0 -22"><span class='ocrx_word' id='word_1_325' title='bbox 2281 1720 2368 1773; x_wconf 82' lang='grc' dir='ltr'>ὢν.</span> <span class='ocrx_word' id='word_1_326' title='bbox 2396 1717 2537 1771; x_wconf 83' lang='grc' dir='ltr'><strong>Ἐπεὶ</strong></span> <span class='ocrx_word' id='word_1_327' title='bbox 2564 1725 2689 1791; x_wconf 84' lang='grc' dir='ltr'><strong>γοῦν</strong></span> <span class='ocrx_word' id='word_1_328' title='bbox 2720 1718 2803 1772; x_wconf 74' lang='grc' dir='ltr'>ἐπὶ</span> <span class='ocrx_word' id='word_1_329' title='bbox 2852 1722 2918 1771; x_wconf 81' lang='grc' dir='ltr'><strong>τὰ</strong></span> <span class='ocrx_word' id='word_1_330' title='bbox 2971 1724 3098 1793; x_wconf 86' lang='grc' dir='ltr'><strong>μέρη</strong></span> <span class='ocrx_word' id='word_1_331' title='bbox 3143 1727 3235 1772; x_wconf 86' lang='grc' dir='ltr'><strong>τοῦ</strong></span> <span class='ocrx_word' id='word_1_332' title='bbox 3287 1726 3490 1773; x_wconf 78' lang='grc' dir='ltr'><strong>Κισσοῦ</strong></span> <span class='ocrx_word' id='word_1_333' title='bbox 3546 1721 3576 1772; x_wconf 86' lang='grc' dir='ltr'>ό</span> <span class='ocrx_word' id='word_1_334' title='bbox 3635 1718 3910 1791; x_wconf 70' lang='grc' dir='ltr'><strong>βασιλεὺς</strong></span> 
     </span>
    </p>
   </div>
   <div class='ocr_carea' id='block_1_50' title="bbox 518 1798 2201 1881">
    <p class='ocr_par' dir='ltr' id='par_1_50' title="bbox 518 1809 2168 1881">
     <span class='ocr_line' id='line_1_50' title="bbox 518 1809 2168 1881; baseline -0.001 -16"><span class='ocrx_word' id='word_1_335' title='bbox 518 1810 613 1865; x_wconf 91' lang='lat' dir='ltr'>die</span> <span class='ocrx_word' id='word_1_336' title='bbox 644 1816 886 1881; x_wconf 87' lang='lat' dir='ltr'>postero</span> <span class='ocrx_word' id='word_1_337' title='bbox 913 1809 1019 1864; x_wconf 88' lang='lat' dir='ltr'>iter</span> <span class='ocrx_word' id='word_1_338' title='bbox 1044 1812 1373 1875; x_wconf 83' lang='lat' dir='ltr'>continuat,</span> <span class='ocrx_word' id='word_1_339' title='bbox 1408 1815 1463 1866; x_wconf 91' lang='lat' dir='ltr'>et</span> <span class='ocrx_word' id='word_1_340' title='bbox 1516 1810 1592 1865; x_wconf 89' lang='lat' dir='ltr'>ad</span> <span class='ocrx_word' id='word_1_341' title='bbox 1628 1810 1851 1865; x_wconf 88' lang='lat' dir='ltr'>ﬂumen</span> <span class='ocrx_word' id='word_1_342' title='bbox 1888 1810 2168 1876; x_wconf 87' lang='lat' dir='ltr'>Hebrum,</span> 
     </span>
    </p>
   </div>
   <div class='ocr_carea' id='block_1_51' title="bbox 2282 1798 3911 1881">
    <p class='ocr_par' dir='ltr' id='par_1_51' title="bbox 2284 1804 3911 1881">
     <span class='ocr_line' id='line_1_51' title="bbox 2284 1804 3911 1881; baseline 0 -22"><span class='ocrx_word' id='word_1_343' title='bbox 2284 1806 2501 1879; x_wconf 71' lang='grc' dir='ltr'><strong>ἐγένετο,</strong></span> <span class='ocrx_word' id='word_1_344' title='bbox 2587 1806 2795 1860; x_wconf 89' lang='grc' dir='ltr'><strong>κάκεῖσε</strong></span> <span class='ocrx_word' id='word_1_345' title='bbox 2872 1804 3225 1881; x_wconf 82' lang='grc' dir='ltr'><strong>διημερεὺσας</strong></span> <span class='ocrx_word' id='word_1_346' title='bbox 3307 1813 3403 1867; x_wconf 79' lang='grc' dir='ltr'><strong>τὴν</strong></span> <span class='ocrx_word' id='word_1_347' title='bbox 3495 1807 3763 1881; x_wconf 73' lang='grc' dir='ltr'><strong>ἐπαύριον</strong></span> <span class='ocrx_word' id='word_1_348' title='bbox 3819 1816 3911 1868; x_wconf 69' lang='grc' dir='ltr'><strong>τῆς</strong></span> 
     </span>
    </p>
   </div>
   <div class='ocr_carea' id='block_1_52' title="bbox 526 2609 2179 2683">
    <p class='ocr_par' dir='ltr' id='par_1_52' title="bbox 526 2609 2179 2683">
     <span class='ocr_line' id='line_1_52' title="bbox 526 2609 2179 2683; baseline 0.001 -16"><span class='ocrx_word' id='word_1_349' title='bbox 526 2627 662 2667; x_wconf 91' lang='lat' dir='ltr'>rum</span> <span class='ocrx_word' id='word_1_350' title='bbox 688 2609 765 2666; x_wconf 88' lang='lat' dir='ltr'>ab</span> <span class='ocrx_word' id='word_1_351' title='bbox 797 2611 1154 2667; x_wconf 86' lang='lat' dir='ltr'>adversariis</span> <span class='ocrx_word' id='word_1_352' title='bbox 1175 2611 1250 2666; x_wconf 89' lang='lat' dir='ltr'>ad</span> <span class='ocrx_word' id='word_1_353' title='bbox 1272 2610 1386 2666; x_wconf 90' lang='lat' dir='ltr'>hoc</span> <span class='ocrx_word' id='word_1_354' title='bbox 1416 2610 1571 2667; x_wconf 92' lang='lat' dir='ltr'>clam</span> <span class='ocrx_word' id='word_1_355' title='bbox 1609 2618 1820 2683; x_wconf 89' lang='lat' dir='ltr'>parato</span> <span class='ocrx_word' id='word_1_356' title='bbox 1850 2612 2179 2683; x_wconf 88' lang='lat' dir='ltr'>pharmaco</span> 
     </span>
    </p>
   </div>
   <div class='ocr_carea' id='block_1_53' title="bbox 526 2700 2183 2757">
    <p class='ocr_par' dir='ltr' id='par_1_53' title="bbox 526 2700 2183 2757">
     <span class='ocr_line' id='line_1_53' title="bbox 526 2700 2183 2757; baseline 0.001 -1"><span class='ocrx_word' id='word_1_357' title='bbox 526 2701 904 2757; x_wconf 82' lang='lat' dir='ltr'>exstinctum.</span> <span class='ocrx_word' id='word_1_358' title='bbox 935 2704 1003 2755; x_wconf 79' lang='lat' dir='ltr'>At</span> <span class='ocrx_word' id='word_1_359' title='bbox 1028 2700 1124 2755; x_wconf 87' lang='lat' dir='ltr'>hic</span> <span class='ocrx_word' id='word_1_360' title='bbox 1146 2700 1269 2755; x_wconf 89' lang='lat' dir='ltr'>sive</span> <span class='ocrx_word' id='word_1_361' title='bbox 1294 2702 1406 2755; x_wconf 86' lang='lat' dir='ltr'>hac</span> <span class='ocrx_word' id='word_1_362' title='bbox 1431 2700 1553 2756; x_wconf 91' lang='lat' dir='ltr'>sive</span> <span class='ocrx_word' id='word_1_363' title='bbox 1570 2700 1686 2756; x_wconf 92' lang='lat' dir='ltr'>alia</span> <span class='ocrx_word' id='word_1_364' title='bbox 1707 2701 1934 2757; x_wconf 89' lang='lat' dir='ltr'>ratione</span> <span class='ocrx_word' id='word_1_365' title='bbox 1957 2717 2029 2757; x_wconf 82' lang='lat' dir='ltr'>ex</span> <span class='ocrx_word' id='word_1_366' title='bbox 2080 2702 2183 2757; x_wconf 88' lang='lat' dir='ltr'>ho-</span> 
     </span>
    </p>
   </div>
   <div class='ocr_carea' id='block_1_54' title="bbox 527 2788 2179 2859">
    <p class='ocr_par' dir='ltr' id='par_1_54' title="bbox 527 2788 2179 2859">
     <span class='ocr_line' id='line_1_54' title="bbox 527 2788 2179 2859; baseline 0.001 -14"><span class='ocrx_word' id='word_1_367' title='bbox 527 2789 790 2845; x_wconf 90' lang='lat' dir='ltr'>minibus</span> <span class='ocrx_word' id='word_1_368' title='bbox 822 2788 1094 2845; x_wconf 87' lang='lat' dir='ltr'>sublatus</span> <span class='ocrx_word' id='word_1_369' title='bbox 1123 2793 1227 2844; x_wconf 90' lang='lat' dir='ltr'>est.</span> <span class='ocrx_word' id='word_1_370' title='bbox 1256 2792 1368 2844; x_wconf 84' lang='lat' dir='ltr'>Nec</span> <span class='ocrx_word' id='word_1_371' title='bbox 1393 2805 1595 2844; x_wconf 75' lang='lat' dir='ltr'>rumor</span> <span class='ocrx_word' id='word_1_372' title='bbox 1619 2807 1654 2845; x_wconf 87' lang='lat' dir='ltr'>a</span> <span class='ocrx_word' id='word_1_373' title='bbox 1677 2792 1914 2846; x_wconf 87' lang='lat' dir='ltr'>veritate</span> <span class='ocrx_word' id='word_1_374' title='bbox 1928 2790 2138 2846; x_wconf 88' lang='lat' dir='ltr'>aberat</span> <span class='ocrx_word' id='word_1_375' title='bbox 2165 2808 2179 2859; x_wconf 89' lang='lat'><strong>;</strong></span> 
     </span>
    </p>
   </div>
   <div class='ocr_carea' id='block_1_55' title="bbox 528 2879 2177 2936">
    <p class='ocr_par' dir='ltr' id='par_1_55' title="bbox 528 2879 2177 2936">
     <span class='ocr_line' id='line_1_55' title="bbox 528 2879 2177 2936; baseline 0.001 -1"><span class='ocrx_word' id='word_1_376' title='bbox 528 2879 719 2936; x_wconf 89' lang='lat' dir='ltr'>crebis</span> <span class='ocrx_word' id='word_1_377' title='bbox 749 2881 905 2935; x_wconf 90' lang='lat' dir='ltr'>enim</span> <span class='ocrx_word' id='word_1_378' title='bbox 942 2880 1165 2935; x_wconf 91' lang='lat' dir='ltr'>nuntiis</span> <span class='ocrx_word' id='word_1_379' title='bbox 1189 2879 1250 2935; x_wconf 93' lang='lat' dir='ltr'>id</span> <span class='ocrx_word' id='word_1_380' title='bbox 1282 2880 1758 2936; x_wconf 88' lang='lat' dir='ltr'>asseverabatur.</span> <span class='ocrx_word' id='word_1_381' title='bbox 1787 2880 1921 2936; x_wconf 76' lang='lat' dir='ltr'>1-1th</span> <span class='ocrx_word' id='word_1_382' title='bbox 1971 2881 2075 2936; x_wconf 89' lang='lat' dir='ltr'>ubi</span> <span class='ocrx_word' id='word_1_383' title='bbox 2096 2898 2177 2936; x_wconf 49' lang='lat' dir='ltr'>re-</span> 
     </span>
    </p>
   </div>
   <div class='ocr_carea' id='block_1_56' title="bbox 529 2968 2183 3041">
    <p class='ocr_par' dir='ltr' id='par_1_56' title="bbox 529 2968 2183 3041">
     <span class='ocr_line' id='line_1_56' title="bbox 529 2968 2183 3041; baseline 0 -16"><span class='ocrx_word' id='word_1_384' title='bbox 529 2969 731 3025; x_wconf 89' lang='lat' dir='ltr'>scisset</span> <span class='ocrx_word' id='word_1_385' title='bbox 757 2968 1096 3039; x_wconf 88' lang='lat' dir='ltr'>imperator,</span> <span class='ocrx_word' id='word_1_386' title='bbox 1123 2968 1231 3027; x_wconf 87' lang='lat' dir='ltr'>iter</span> <span class='ocrx_word' id='word_1_387' title='bbox 1257 2969 1653 3040; x_wconf 90' lang='lat' dir='ltr'>prosequitur,</span> <span class='ocrx_word' id='word_1_388' title='bbox 1683 2976 1738 3025; x_wconf 88' lang='lat' dir='ltr'>et</span> <span class='ocrx_word' id='word_1_389' title='bbox 1767 2969 2183 3041; x_wconf 87' lang='lat' dir='ltr'>Christopolim</span> 
     </span>
    </p>
   </div>
   <div class='ocr_carea' id='block_1_57' title="bbox 527 3058 2183 3131">
    <p class='ocr_par' dir='ltr' id='par_1_57' title="bbox 527 3058 2183 3131">
     <span class='ocr_line' id='line_1_57' title="bbox 527 3058 2183 3131; baseline 0.001 -17"><span class='ocrx_word' id='word_1_390' title='bbox 527 3064 989 3131; x_wconf 63' lang='lat' dir='ltr'>praetergressus</span> <span class='ocrx_word' id='word_1_391' title='bbox 1002 3074 1188 3130; x_wconf 87' lang='lat' dir='ltr'>quam</span> <span class='ocrx_word' id='word_1_392' title='bbox 1202 3058 1468 3114; x_wconf 86' lang='lat' dir='ltr'>celeriter</span> <span class='ocrx_word' id='word_1_393' title='bbox 1491 3058 1791 3130; x_wconf 88' lang='lat' dir='ltr'>Philippos</span> <span class='ocrx_word' id='word_1_394' title='bbox 1806 3059 2061 3129; x_wconf 87' lang='lat' dir='ltr'>attingit,</span> <span class='ocrx_word' id='word_1_395' title='bbox 2076 3059 2183 3115; x_wconf 89' lang='lat' dir='ltr'>ibi-</span> 
     </span>
    </p>
   </div>
   <div class='ocr_carea' id='block_1_58' title="bbox 2287 2605 3905 2685">
    <p class='ocr_par' dir='ltr' id='par_1_58' title="bbox 2287 2605 3905 2685">
     <span class='ocr_line' id='line_1_58' title="bbox 2287 2605 3905 2685; baseline 0 -24"><span class='ocrx_word' id='word_1_396' title='bbox 2287 2619 2459 2683; x_wconf 77' lang='grc' dir='ltr'><strong>γραφή</strong></span> <span class='ocrx_word' id='word_1_397' title='bbox 2497 2609 2743 2667; x_wconf 84' lang='grc' dir='ltr'><strong>σταλείση</strong></span> <span class='ocrx_word' id='word_1_398' title='bbox 2785 2610 2929 2683; x_wconf 88' lang='grc' dir='ltr'>παρὰ</span> <span class='ocrx_word' id='word_1_399' title='bbox 2965 2615 3056 2661; x_wconf 85' lang='grc' dir='ltr'><strong>τοῦ</strong></span> <span class='ocrx_word' id='word_1_400' title='bbox 3095 2614 3189 2668; x_wconf 82' lang='grc' dir='ltr'><strong>τὴν</strong></span> <span class='ocrx_word' id='word_1_401' title='bbox 3229 2605 3487 2681; x_wconf 80' lang='grc' dir='ltr'><strong>δημόσιον</strong></span> <span class='ocrx_word' id='word_1_402' title='bbox 3541 2617 3642 2671; x_wconf 82' lang='grc' dir='ltr'><strong>τῆς</strong></span> <span class='ocrx_word' id='word_1_403' title='bbox 3706 2609 3905 2685; x_wconf 76' lang='grc' dir='ltr'><strong>Ἀχρι-</strong></span> 
     </span>
    </p>
   </div>
   <div class='ocr_carea' id='block_1_59' title="bbox 2291 2697 3903 2775">
    <p class='ocr_par' dir='ltr' id='par_1_59' title="bbox 2291 2697 3903 2775">
     <span class='ocr_line' id='line_1_59' title="bbox 2291 2697 3903 2775; baseline -0.001 -20"><span class='ocrx_word' id='word_1_404' title='bbox 2291 2698 2388 2755; x_wconf 78' lang='grc' dir='ltr'>δοῠ</span> <span class='ocrx_word' id='word_1_405' title='bbox 2420 2706 2728 2775; x_wconf 80' lang='grc' dir='ltr'><strong>κρατοῦντος</strong></span> <span class='ocrx_word' id='word_1_406' title='bbox 2778 2697 2975 2773; x_wconf 83' lang='grc' dir='ltr'><strong>ἀρχὴν,</strong></span> <span class='ocrx_word' id='word_1_407' title='bbox 3024 2702 3089 2760; x_wconf 80' lang='grc' dir='ltr'><strong>ὡς</strong></span> <span class='ocrx_word' id='word_1_408' title='bbox 3135 2701 3157 2734; x_wconf 84' lang='grc'>²</span> <span class='ocrx_word' id='word_1_409' title='bbox 3215 2701 3241 2751; x_wconf 88' lang='lat'>6</span> <span class='ocrx_word' id='word_1_410' title='bbox 3317 2699 3643 2773; x_wconf 73' lang='grc' dir='ltr'><strong>Καλλιμάνος</strong></span> <span class='ocrx_word' id='word_1_411' title='bbox 3717 2702 3751 2753; x_wconf 85' lang='grc' dir='ltr'><strong><em>ὁ</em></strong></span> <span class='ocrx_word' id='word_1_412' title='bbox 3807 2710 3903 2753; x_wconf 66' lang='grc' dir='ltr'><strong>τῶν</strong></span> 
     </span>
    </p>
   </div>
   <div class='ocr_carea' id='block_1_60' title="bbox 2291 2786 3903 2865">
    <p class='ocr_par' dir='ltr' id='par_1_60' title="bbox 2291 2786 3903 2865">
     <span class='ocr_line' id='line_1_60' title="bbox 2291 2786 3903 2865; baseline 0 -22"><span class='ocrx_word' id='word_1_413' title='bbox 2291 2789 2594 2865; x_wconf 80' lang='grc' dir='ltr'><strong>Βουλγάρων</strong></span> <span class='ocrx_word' id='word_1_414' title='bbox 2633 2788 2814 2863; x_wconf 80' lang='grc' dir='ltr'><strong>ἄρχων</strong></span> <span class='ocrx_word' id='word_1_415' title='bbox 2846 2790 2867 2823; x_wconf 80' lang='grc'><em>³</em></span> <span class='ocrx_word' id='word_1_416' title='bbox 2896 2792 2983 2839; x_wconf 88' lang='grc' dir='ltr'>τόν</span> <span class='ocrx_word' id='word_1_417' title='bbox 3025 2786 3204 2861; x_wconf 84' lang='grc' dir='ltr'><strong>βίοτον</strong></span> <span class='ocrx_word' id='word_1_418' title='bbox 3240 2786 3593 2863; x_wconf 77' lang='grc' dir='ltr'><strong>έξεμέτρησεν,</strong></span> <span class='ocrx_word' id='word_1_419' title='bbox 3654 2792 3728 2851; x_wconf 81' lang='grc' dir='ltr'><strong>ὡς</strong></span> <span class='ocrx_word' id='word_1_420' title='bbox 3776 2794 3903 2850; x_wconf 62' lang='grc' dir='ltr'><strong>τινες</strong></span> 
     </span>
    </p>
   </div>
   <div class='ocr_carea' id='block_1_61' title="bbox 2292 2875 3902 2952">
    <p class='ocr_par' dir='ltr' id='par_1_61' title="bbox 2292 2875 3902 2952">
     <span class='ocr_line' id='line_1_61' title="bbox 2292 2875 3902 2952; baseline -0.001 -20"><span class='ocrx_word' id='word_1_421' title='bbox 2292 2882 2642 2952; x_wconf 68' lang='grc' dir='ltr'><strong>μενέφασκον,</strong></span> <span class='ocrx_word' id='word_1_422' title='bbox 2686 2885 2879 2949; x_wconf 71' lang='grc' dir='ltr'><strong>φυσικῆ</strong></span> <span class='ocrx_word' id='word_1_423' title='bbox 2912 2881 3048 2949; x_wconf 83' lang='grc' dir='ltr'><strong>νόσῳ</strong></span> <span class='ocrx_word' id='word_1_424' title='bbox 3082 2884 3232 2931; x_wconf 78' lang='grc' dir='ltr'><strong>τοῦτο</strong></span> <span class='ocrx_word' id='word_1_425' title='bbox 3286 2879 3462 2930; x_wconf 80' lang='grc' dir='ltr'><strong>παθὼν</strong></span> <span class='ocrx_word' id='word_1_426' title='bbox 3509 2880 3557 2930; x_wconf 86' lang='grc' dir='ltr'>οί</span> <span class='ocrx_word' id='word_1_427' title='bbox 3615 2875 3669 2930; x_wconf 81' lang='grc' dir='ltr'>δ’</span> <span class='ocrx_word' id='word_1_428' title='bbox 3736 2877 3902 2940; x_wconf 72' lang='grc' dir='ltr'><strong>ἄλλως</strong></span> 
     </span>
    </p>
   </div>
   <div class='ocr_carea' id='block_1_62' title="bbox 2291 2964 3905 3041">
    <p class='ocr_par' dir='ltr' id='par_1_62' title="bbox 2291 2964 3905 3041">
     <span class='ocr_line' id='line_1_62' title="bbox 2291 2964 3905 3041; baseline -0.001 -20"><span class='ocrx_word' id='word_1_429' title='bbox 2291 2967 2481 3039; x_wconf 78' lang='grc' dir='ltr'><strong>ἔλεγον,</strong></span> <span class='ocrx_word' id='word_1_430' title='bbox 2552 2966 2621 3027; x_wconf 84' lang='grc' dir='ltr'><strong>ὠς</strong></span> <span class='ocrx_word' id='word_1_431' title='bbox 2721 2964 3077 3040; x_wconf 73' lang='grc' dir='ltr'><strong>ἐναντιόφροσι</strong></span> <span class='ocrx_word' id='word_1_432' title='bbox 3170 2969 3358 3020; x_wconf 83' lang='grc' dir='ltr'><strong>τούτου</strong></span> <span class='ocrx_word' id='word_1_433' title='bbox 3442 2972 3645 3040; x_wconf 81' lang='grc' dir='ltr'><strong>πόματι</strong></span> <span class='ocrx_word' id='word_1_434' title='bbox 3723 2971 3905 3041; x_wconf 61' lang='grc' dir='ltr'><strong>κρύφα</strong></span> 
     </span>
    </p>
   </div>
   <div class='ocr_carea' id='block_1_63' title="bbox 2292 3051 3899 3130">
    <p class='ocr_par' dir='ltr' id='par_1_63' title="bbox 2292 3051 3899 3130">
     <span class='ocr_line' id='line_1_63' title="bbox 2292 3051 3899 3130; baseline -0.001 -20"><span class='ocrx_word' id='word_1_435' title='bbox 2292 3056 2653 3128; x_wconf 76' lang='grc' dir='ltr'><strong>ἕσκευασμένῳ</strong></span> <span class='ocrx_word' id='word_1_436' title='bbox 2716 3059 2847 3117; x_wconf 87' lang='grc' dir='ltr'><strong>πρὸς</strong></span> <span class='ocrx_word' id='word_1_437' title='bbox 2911 3060 3069 3129; x_wconf 87' lang='grc' dir='ltr'><strong>μόρον</strong></span> <span class='ocrx_word' id='word_1_438' title='bbox 3146 3051 3477 3130; x_wconf 79' lang='grc' dir='ltr'><strong>διέφθαρται.</strong></span> <span class='ocrx_word' id='word_1_439' title='bbox 3553 3055 3694 3110; x_wconf 79' lang='grc' dir='ltr'><strong>Ἀλλ’</strong></span> <span class='ocrx_word' id='word_1_440' title='bbox 3748 3057 3899 3120; x_wconf 79' lang='grc' dir='ltr'><strong>οὗτος</strong></span> 
     </span>
    </p>
   </div>
   <div class='ocr_carea' id='block_1_64' title="bbox 529 3144 2201 3221">
    <p class='ocr_par' dir='ltr' id='par_1_64' title="bbox 529 3146 2182 3220">
     <span class='ocr_line' id='line_1_64' title="bbox 529 3146 2182 3220; baseline 0.001 -17"><span class='ocrx_word' id='word_1_441' title='bbox 529 3147 790 3220; x_wconf 90' lang='lat' dir='ltr'>demque</span> <span class='ocrx_word' id='word_1_442' title='bbox 820 3163 956 3202; x_wconf 91' lang='lat' dir='ltr'>cum</span> <span class='ocrx_word' id='word_1_443' title='bbox 990 3146 1351 3218; x_wconf 88' lang='lat' dir='ltr'>primoribus</span> <span class='ocrx_word' id='word_1_444' title='bbox 1365 3147 1487 3202; x_wconf 90' lang='lat' dir='ltr'>suis</span> <span class='ocrx_word' id='word_1_445' title='bbox 1510 3147 1823 3204; x_wconf 89' lang='lat' dir='ltr'>consilium</span> <span class='ocrx_word' id='word_1_446' title='bbox 1845 3149 1967 3216; x_wconf 86' lang='lat' dir='ltr'>init,</span> <span class='ocrx_word' id='word_1_447' title='bbox 1999 3165 2077 3204; x_wconf 80' lang='lat' dir='ltr'>an</span> <span class='ocrx_word' id='word_1_448' title='bbox 2106 3149 2182 3205; x_wconf 88' lang='lat' dir='ltr'>ir-</span> 
     </span>
    </p>
   </div>
   <div class='ocr_carea' id='block_1_65' title="bbox 2282 3144 3900 3221">
    <p class='ocr_par' dir='ltr' id='par_1_65' title="bbox 2292 3144 3900 3221">
     <span class='ocr_line' id='line_1_65' title="bbox 2292 3144 3900 3221; baseline -0.001 -22"><span class='ocrx_word' id='word_1_449' title='bbox 2292 3150 2382 3219; x_wconf 69' lang='grc' dir='ltr'><strong>μὶν</strong></span> <span class='ocrx_word' id='word_1_450' title='bbox 2423 3147 2514 3199; x_wconf 81' lang='grc' dir='ltr'><strong>εἶθ’</strong></span> <span class='ocrx_word' id='word_1_451' title='bbox 2543 3147 2708 3206; x_wconf 76' lang='grc' dir='ltr'><strong>οὕτως</strong></span> <span class='ocrx_word' id='word_1_452' title='bbox 2738 3146 2827 3198; x_wconf 80' lang='grc' dir='ltr'><strong>εἰτ’</strong></span> <span class='ocrx_word' id='word_1_453' title='bbox 2853 3144 3016 3206; x_wconf 77' lang='grc' dir='ltr'><strong>ἄλλως</strong></span> <span class='ocrx_word' id='word_1_454' title='bbox 3072 3144 3124 3208; x_wconf 76' lang='grc' dir='ltr'>ἕξ</span> <span class='ocrx_word' id='word_1_455' title='bbox 3180 3144 3461 3221; x_wconf 86' lang='grc' dir='ltr'><strong>ἀνθρώπων</strong></span> <span class='ocrx_word' id='word_1_456' title='bbox 3527 3144 3752 3217; x_wconf 77' lang='grc' dir='ltr'><strong>έγένετο,</strong></span> <span class='ocrx_word' id='word_1_457' title='bbox 3814 3152 3900 3198; x_wconf 72' lang='grc' dir='ltr'>καί</span> 
     </span>
    </p>
   </div>
   <div class='ocr_carea' id='block_1_66' title="bbox 528 3232 2201 3311">
    <p class='ocr_par' dir='ltr' id='par_1_66' title="bbox 528 3236 2183 3311">
     <span class='ocr_line' id='line_1_66' title="bbox 528 3236 2183 3311; baseline 0.001 -18"><span class='ocrx_word' id='word_1_458' title='bbox 528 3236 934 3308; x_wconf 89' lang='lat' dir='ltr'>rumpendum</span> <span class='ocrx_word' id='word_1_459' title='bbox 951 3242 1107 3292; x_wconf 87' lang='lat' dir='ltr'>esset</span> <span class='ocrx_word' id='word_1_460' title='bbox 1122 3237 1182 3292; x_wconf 90' lang='lat' dir='ltr'>in</span> <span class='ocrx_word' id='word_1_461' title='bbox 1200 3236 2057 3311; x_wconf 87' lang='lat' dir='ltr'>Bulgaros,abripiendumque</span> <span class='ocrx_word' id='word_1_462' title='bbox 2073 3239 2183 3295; x_wconf 88' lang='lat' dir='ltr'>ali-</span> 
     </span>
    </p>
   </div>
   <div class='ocr_carea' id='block_1_67' title="bbox 2282 3232 3898 3311">
    <p class='ocr_par' dir='ltr' id='par_1_67' title="bbox 2294 3232 3898 3309">
     <span class='ocr_line' id='line_1_67' title="bbox 2294 3232 3898 3309; baseline 0 -21"><span class='ocrx_word' id='word_1_463' title='bbox 2294 3238 2355 3293; x_wconf 80' lang='grc' dir='ltr'><strong>ἧν</strong></span> <span class='ocrx_word' id='word_1_464' title='bbox 2382 3238 2408 3288; x_wconf 89' lang='grc' dir='ltr'>ό</span> <span class='ocrx_word' id='word_1_465' title='bbox 2440 3236 2588 3307; x_wconf 85' lang='grc' dir='ltr'><strong>λόγος</strong></span> <span class='ocrx_word' id='word_1_466' title='bbox 2640 3233 2882 3295; x_wconf 77' lang='grc' dir='ltr'><strong>ἀληθείας</strong></span> <span class='ocrx_word' id='word_1_467' title='bbox 2932 3232 3198 3307; x_wconf 72' lang='grc' dir='ltr'><strong>ἐχόμενος·</strong></span> <span class='ocrx_word' id='word_1_468' title='bbox 3268 3238 3519 3306; x_wconf 86' lang='grc' dir='ltr'><strong>συνεχέσι</strong></span> <span class='ocrx_word' id='word_1_469' title='bbox 3572 3238 3679 3309; x_wconf 80' lang='grc' dir='ltr'>γὰρ</span> <span class='ocrx_word' id='word_1_470' title='bbox 3729 3232 3898 3289; x_wconf 69' lang='grc' dir='ltr'><strong>διεϐε-</strong></span> 
     </span>
    </p>
   </div>
   <div class='ocr_carea' id='block_1_68' title="bbox 529 3319 2201 3398">
    <p class='ocr_par' dir='ltr' id='par_1_68' title="bbox 529 3325 2186 3398">
     <span class='ocr_line' id='line_1_68' title="bbox 529 3325 2186 3398; baseline 0.002 -18"><span class='ocrx_word' id='word_1_471' title='bbox 529 3325 849 3398; x_wconf 65' lang='lat' dir='ltr'>quidquod</span> <span class='ocrx_word' id='word_1_472' title='bbox 867 3325 945 3381; x_wconf 87' lang='lat' dir='ltr'>ab</span> <span class='ocrx_word' id='word_1_473' title='bbox 964 3325 1553 3398; x_wconf 87' lang='lat' dir='ltr'>ipsisoccupabatur,</span> <span class='ocrx_word' id='word_1_474' title='bbox 1569 3331 1622 3381; x_wconf 92' lang='lat' dir='ltr'>et</span> <span class='ocrx_word' id='word_1_475' title='bbox 1655 3343 1731 3382; x_wconf 87' lang='lat' dir='ltr'>an</span> <span class='ocrx_word' id='word_1_476' title='bbox 1760 3327 1917 3383; x_wconf 83' lang='lat' dir='ltr'>facili</span> <span class='ocrx_word' id='word_1_477' title='bbox 1946 3328 2186 3398; x_wconf 90' lang='lat' dir='ltr'>negotio</span> 
     </span>
    </p>
   </div>
   <div class='ocr_carea' id='block_1_69' title="bbox 2282 3319 3899 3398">
    <p class='ocr_par' dir='ltr' id='par_1_69' title="bbox 2295 3319 3899 3397">
     <span class='ocr_line' id='line_1_69' title="bbox 2295 3319 3899 3397; baseline -0.001 -19"><span class='ocrx_word' id='word_1_478' title='bbox 2295 3325 2504 3378; x_wconf 80' lang='grc' dir='ltr'><strong>ϐαιοῦτο</strong></span> <span class='ocrx_word' id='word_1_479' title='bbox 2578 3326 2902 3397; x_wconf 83' lang='grc' dir='ltr'><strong>μηνύμασιν.</strong></span> <span class='ocrx_word' id='word_1_480' title='bbox 2999 3322 3058 3375; x_wconf 81' lang='grc' dir='ltr'><strong>Ὀ</strong></span> <span class='ocrx_word' id='word_1_481' title='bbox 3276 3319 3364 3375; x_wconf 80' lang='grc' dir='ltr'><strong>οὖν</strong></span> <span class='ocrx_word' id='word_1_482' title='bbox 3413 3322 3663 3396; x_wconf 81' lang='grc' dir='ltr'><strong>βασιλεὺς</strong></span> <span class='ocrx_word' id='word_1_483' title='bbox 3728 3333 3899 3377; x_wconf 72' lang='grc' dir='ltr'><strong>ταῦτα</strong></span> 
     </span>
    </p>
   </div>
   <div class='ocr_carea' id='block_1_70' title="bbox 529 3411 2201 3488">
    <p class='ocr_par' dir='ltr' id='par_1_70' title="bbox 529 3413 2189 3487">
     <span class='ocr_line' id='line_1_70' title="bbox 529 3413 2189 3487; baseline 0.002 -19"><span class='ocrx_word' id='word_1_484' title='bbox 529 3418 735 3486; x_wconf 86' lang='lat' dir='ltr'>posset</span> <span class='ocrx_word' id='word_1_485' title='bbox 762 3430 797 3469; x_wconf 90' lang='lat' dir='ltr'>a</span> <span class='ocrx_word' id='word_1_486' title='bbox 820 3413 995 3469; x_wconf 91' lang='lat' dir='ltr'>nobis</span> <span class='ocrx_word' id='word_1_487' title='bbox 1025 3416 1331 3470; x_wconf 89' lang='lat' dir='ltr'>Serrarum</span> <span class='ocrx_word' id='word_1_488' title='bbox 1354 3415 1647 3486; x_wconf 90' lang='lat' dir='ltr'>oppidum</span> <span class='ocrx_word' id='word_1_489' title='bbox 1662 3417 2017 3487; x_wconf 85' lang='lat' dir='ltr'>expugnari.</span> <span class='ocrx_word' id='word_1_490' title='bbox 2056 3416 2189 3482; x_wconf 88' lang='lat' dir='ltr'>Qui-</span> 
     </span>
    </p>
   </div>
   <div class='ocr_carea' id='block_1_71' title="bbox 2282 3411 3899 3488">
    <p class='ocr_par' dir='ltr' id='par_1_71' title="bbox 2296 3411 3899 3488">
     <span class='ocr_line' id='line_1_71' title="bbox 2296 3411 3899 3488; baseline -0.002 -21"><span class='ocrx_word' id='word_1_491' title='bbox 2296 3416 2473 3488; x_wconf 85' lang='grc' dir='ltr'><strong>μαθὼν</strong></span> <span class='ocrx_word' id='word_1_492' title='bbox 2510 3415 2530 3448; x_wconf 72' lang='grc'><strong>⁸</strong></span> <span class='ocrx_word' id='word_1_493' title='bbox 2579 3420 2670 3465; x_wconf 85' lang='grc' dir='ltr'><strong>τοῦ</strong></span> <span class='ocrx_word' id='word_1_494' title='bbox 2722 3416 2905 3485; x_wconf 87' lang='grc' dir='ltr'><strong>πρόσω</strong></span> <span class='ocrx_word' id='word_1_495' title='bbox 2961 3415 3152 3484; x_wconf 81' lang='grc' dir='ltr'><strong>εἴχετο,</strong></span> <span class='ocrx_word' id='word_1_496' title='bbox 3209 3416 3299 3465; x_wconf 84' lang='grc' dir='ltr'><strong>καὶ</strong></span> <span class='ocrx_word' id='word_1_497' title='bbox 3360 3411 3499 3474; x_wconf 76' lang='grc' dir='ltr'><strong>τέλος</strong></span> <span class='ocrx_word' id='word_1_498' title='bbox 3558 3415 3743 3484; x_wconf 75' lang='grc' dir='ltr'><strong>φθάνει</strong></span> <span class='ocrx_word' id='word_1_499' title='bbox 3808 3419 3899 3471; x_wconf 66' lang='grc' dir='ltr'><strong>τὴν</strong></span> 
     </span>
    </p>
   </div>
   <div class='ocr_carea' id='block_1_72' title="bbox 529 3500 2201 3576">
    <p class='ocr_par' dir='ltr' id='par_1_72' title="bbox 529 3502 2188 3574">
     <span class='ocr_line' id='line_1_72' title="bbox 529 3502 2188 3574; baseline 0.002 -16"><span class='ocrx_word' id='word_1_500' title='bbox 529 3503 672 3560; x_wconf 88' lang='lat' dir='ltr'>dam</span> <span class='ocrx_word' id='word_1_501' title='bbox 701 3502 1047 3574; x_wconf 86' lang='lat' dir='ltr'>imperatori</span> <span class='ocrx_word' id='word_1_502' title='bbox 1061 3502 1351 3558; x_wconf 88' lang='lat' dir='ltr'>adversus</span> <span class='ocrx_word' id='word_1_503' title='bbox 1375 3502 1664 3571; x_wconf 88' lang='lat' dir='ltr'>Bulgaros</span> <span class='ocrx_word' id='word_1_504' title='bbox 1704 3503 1927 3560; x_wconf 88' lang='lat' dir='ltr'>bellum</span> <span class='ocrx_word' id='word_1_505' title='bbox 1962 3506 2188 3562; x_wconf 84' lang='lat' dir='ltr'>dissua‘</span> 
     </span>
    </p>
   </div>
   <div class='ocr_carea' id='block_1_73' title="bbox 2282 3500 3900 3576">
    <p class='ocr_par' dir='ltr' id='par_1_73' title="bbox 2297 3500 3900 3576">
     <span class='ocr_line' id='line_1_73' title="bbox 2297 3500 3900 3576; baseline -0.001 -19"><span class='ocrx_word' id='word_1_506' title='bbox 2297 3505 2573 3570; x_wconf 75' lang='grc' dir='ltr'><strong>Φιλίππου,</strong></span> <span class='ocrx_word' id='word_1_507' title='bbox 2628 3501 2965 3575; x_wconf 72' lang='grc' dir='ltr'><strong>παραμείψας</strong></span> <span class='ocrx_word' id='word_1_508' title='bbox 3007 3506 3101 3560; x_wconf 81' lang='grc' dir='ltr'><strong>τὴν</strong></span> <span class='ocrx_word' id='word_1_509' title='bbox 3154 3500 3537 3576; x_wconf 83' lang='grc' dir='ltr'><strong>Χριστούπολιν</strong></span> <span class='ocrx_word' id='word_1_510' title='bbox 3586 3503 3632 3568; x_wconf 79' lang='grc'><strong>⁵,</strong></span> <span class='ocrx_word' id='word_1_511' title='bbox 3686 3502 3900 3556; x_wconf 75' lang='grc' dir='ltr'><strong>κάκεῖσε</strong></span> 
     </span>
    </p>
   </div>
   <div class='ocr_carea' id='block_1_74' title="bbox 532 3586 2201 3663">
    <p class='ocr_par' dir='ltr' id='par_1_74' title="bbox 532 3590 2191 3663">
     <span class='ocr_line' id='line_1_74' title="bbox 532 3590 2191 3663; baseline 0.002 -15"><span class='ocrx_word' id='word_1_512' title='bbox 532 3592 785 3648; x_wconf 85' lang='lat' dir='ltr'>debant.</span> <span class='ocrx_word' id='word_1_513' title='bbox 826 3594 952 3647; x_wconf 88' lang='lat' dir='ltr'>Non</span> <span class='ocrx_word' id='word_1_514' title='bbox 978 3590 1225 3647; x_wconf 86' lang='lat' dir='ltr'>haberet</span> <span class='ocrx_word' id='word_1_515' title='bbox 1249 3608 1387 3647; x_wconf 89' lang='lat' dir='ltr'>eum</span> <span class='ocrx_word' id='word_1_516' title='bbox 1415 3591 1682 3663; x_wconf 88' lang='lat' dir='ltr'>militem,</span> <span class='ocrx_word' id='word_1_517' title='bbox 1745 3609 1883 3649; x_wconf 88' lang='lat' dir='ltr'>cum</span> <span class='ocrx_word' id='word_1_518' title='bbox 1932 3610 2056 3651; x_wconf 94' lang='lat' dir='ltr'>non</span> <span class='ocrx_word' id='word_1_519' title='bbox 2112 3595 2191 3651; x_wconf 87' lang='lat' dir='ltr'>ad</span> 
     </span>
    </p>
   </div>
   <div class='ocr_carea' id='block_1_75' title="bbox 2282 3586 3899 3663">
    <p class='ocr_par' dir='ltr' id='par_1_75' title="bbox 2301 3586 3899 3663">
     <span class='ocr_line' id='line_1_75' title="bbox 2301 3586 3899 3663; baseline -0.001 -17"><span class='ocrx_word' id='word_1_520' title='bbox 2301 3592 2485 3663; x_wconf 76' lang='grc' dir='ltr'><strong>σκέψιν</strong></span> <span class='ocrx_word' id='word_1_521' title='bbox 2511 3590 2728 3644; x_wconf 73' lang='grc' dir='ltr'><strong>ἐποιεῖτο</strong></span> <span class='ocrx_word' id='word_1_522' title='bbox 2758 3593 2889 3663; x_wconf 85' lang='grc' dir='ltr'>μετά</span> <span class='ocrx_word' id='word_1_523' title='bbox 2942 3598 3043 3643; x_wconf 83' lang='grc' dir='ltr'><strong>τῶν</strong></span> <span class='ocrx_word' id='word_1_524' title='bbox 3098 3589 3206 3663; x_wconf 89' lang='grc' dir='ltr'><strong>μετ’</strong></span> <span class='ocrx_word' id='word_1_525' title='bbox 3262 3590 3422 3643; x_wconf 77' lang='grc' dir='ltr'><strong>αὐτοῦ</strong></span> <span class='ocrx_word' id='word_1_526' title='bbox 3472 3586 3719 3662; x_wconf 76' lang='grc' dir='ltr'>λογάδων</span> <span class='ocrx_word' id='word_1_527' title='bbox 3774 3592 3798 3627; x_wconf 77' lang='grc'><strong>⁸</strong></span> <span class='ocrx_word' id='word_1_528' title='bbox 3860 3591 3899 3644; x_wconf 78' lang='grc' dir='ltr'>εἰ</span> 
     </span>
    </p>
   </div>
   <div class='ocr_carea' id='block_1_76' title="bbox 533 3678 2201 3755">
    <p class='ocr_par' dir='ltr' id='par_1_76' title="bbox 533 3679 2192 3754">
     <span class='ocr_line' id='line_1_76' title="bbox 533 3679 2192 3754; baseline 0.002 -17"><span class='ocrx_word' id='word_1_529' title='bbox 533 3679 978 3749; x_wconf 83' lang='lat' dir='ltr'>confligendum</span> <span class='ocrx_word' id='word_1_530' title='bbox 997 3679 1102 3736; x_wconf 89' lang='lat' dir='ltr'>sed</span> <span class='ocrx_word' id='word_1_531' title='bbox 1115 3696 1222 3736; x_wconf 89' lang='lat' dir='ltr'>sua</span> <span class='ocrx_word' id='word_1_532' title='bbox 1236 3680 1619 3737; x_wconf 89' lang='lat' dir='ltr'>solummodo</span> <span class='ocrx_word' id='word_1_533' title='bbox 1640 3682 1936 3739; x_wconf 85' lang='lat' dir='ltr'>visitatum</span> <span class='ocrx_word' id='word_1_534' title='bbox 1949 3685 2192 3754; x_wconf 89' lang='lat' dir='ltr'>venerit,</span> 
     </span>
    </p>
   </div>
   <div class='ocr_carea' id='block_1_77' title="bbox 2282 3678 3898 3755">
    <p class='ocr_par' dir='ltr' id='par_1_77' title="bbox 2302 3678 3898 3755">
     <span class='ocr_line' id='line_1_77' title="bbox 2302 3678 3898 3755; baseline -0.008 -19"><span class='ocrx_word' id='word_1_535' title='bbox 2302 3680 2384 3736; x_wconf 85' lang='grc' dir='ltr'>δεῖ</span> <span class='ocrx_word' id='word_1_536' title='bbox 2416 3680 2725 3755; x_wconf 74' lang='grc' dir='ltr'><strong>προσϐαλεῖν</strong></span> <span class='ocrx_word' id='word_1_537' title='bbox 2755 3688 2864 3741; x_wconf 85' lang='grc' dir='ltr'><strong>τοῖς</strong></span> <span class='ocrx_word' id='word_1_538' title='bbox 2887 3688 2987 3732; x_wconf 84' lang='grc' dir='ltr'><strong>τῶν</strong></span> <span class='ocrx_word' id='word_1_539' title='bbox 3014 3679 3318 3752; x_wconf 84' lang='grc' dir='ltr'><strong>Βουλγάρων</strong></span> <span class='ocrx_word' id='word_1_540' title='bbox 3370 3678 3558 3753; x_wconf 70' lang='lat' dir='ltr'>[R48]</span> <span class='ocrx_word' id='word_1_541' title='bbox 3619 3685 3716 3733; x_wconf 77' lang='grc' dir='ltr'><strong>καὶ</strong></span> <span class='ocrx_word' id='word_1_542' title='bbox 3782 3682 3898 3734; x_wconf 73' lang='grc' dir='ltr'>χει-</span> 
     </span>
    </p>
   </div>
   <div class='ocr_carea' id='block_1_78' title="bbox 535 3767 2201 3845">
    <p class='ocr_par' dir='ltr' id='par_1_78' title="bbox 535 3767 2192 3845">
     <span class='ocr_line' id='line_1_78' title="bbox 535 3767 2192 3845; baseline 0.004 -21"><span class='ocrx_word' id='word_1_543' title='bbox 535 3773 699 3824; x_wconf 87' lang='lat' dir='ltr'>tanto</span> <span class='ocrx_word' id='word_1_544' title='bbox 729 3767 937 3840; x_wconf 63' lang='lat' dir='ltr'>proelio</span> <span class='ocrx_word' id='word_1_545' title='bbox 956 3784 1183 3839; x_wconf 90' lang='lat' dir='ltr'>parem.</span> <span class='ocrx_word' id='word_1_546' title='bbox 1204 3771 1511 3825; x_wconf 88' lang='lat' dir='ltr'>Serrarum</span> <span class='ocrx_word' id='word_1_547' title='bbox 1533 3786 1732 3826; x_wconf 89' lang='lat' dir='ltr'>arcem</span> <span class='ocrx_word' id='word_1_548' title='bbox 1770 3773 2031 3844; x_wconf 91' lang='lat' dir='ltr'>primum</span> <span class='ocrx_word' id='word_1_549' title='bbox 2083 3790 2192 3845; x_wconf 88' lang='lat' dir='ltr'>ag-</span> 
     </span>
    </p>
   </div>
   <div class='ocr_carea' id='block_1_79' title="bbox 2282 3767 3900 3845">
    <p class='ocr_par' dir='ltr' id='par_1_79' title="bbox 2299 3767 3900 3845">
     <span class='ocr_line' id='line_1_79' title="bbox 2299 3767 3900 3845; baseline -0.002 -21"><span class='ocrx_word' id='word_1_550' title='bbox 2299 3772 2578 3845; x_wconf 85' lang='grc' dir='ltr'><strong>ρώσασθαί</strong></span> <span class='ocrx_word' id='word_1_551' title='bbox 2615 3789 2732 3821; x_wconf 89' lang='grc' dir='ltr'><strong>τινα</strong></span> <span class='ocrx_word' id='word_1_552' title='bbox 2759 3777 2859 3821; x_wconf 84' lang='grc' dir='ltr'>τῶν</span> <span class='ocrx_word' id='word_1_553' title='bbox 2908 3767 3028 3841; x_wconf 90' lang='grc' dir='ltr'><strong>παρ’</strong></span> <span class='ocrx_word' id='word_1_554' title='bbox 3075 3768 3255 3845; x_wconf 61' lang='grc' dir='ltr'><strong>αὐτοῖς</strong></span> <span class='ocrx_word' id='word_1_555' title='bbox 3309 3773 3670 3843; x_wconf 83' lang='grc' dir='ltr'><strong>κρατουμένων</strong></span> <span class='ocrx_word' id='word_1_556' title='bbox 3710 3771 3754 3836; x_wconf 87' lang='grc'>⁷,</span> <span class='ocrx_word' id='word_1_557' title='bbox 3814 3775 3900 3822; x_wconf 80' lang='grc' dir='ltr'>καὶ</span> 
     </span>
    </p>
   </div>
   <div class='ocr_carea' id='block_1_80' title="bbox 536 3856 2201 3934">
    <p class='ocr_par' dir='ltr' id='par_1_80' title="bbox 536 3856 2192 3934">
     <span class='ocr_line' id='line_1_80' title="bbox 536 3856 2192 3934; baseline 0.004 -23"><span class='ocrx_word' id='word_1_558' title='bbox 536 3856 947 3927; x_wconf 90' lang='lat' dir='ltr'>grediendam,</span> <span class='ocrx_word' id='word_1_559' title='bbox 981 3872 1115 3913; x_wconf 92' lang='lat' dir='ltr'>eum</span> <span class='ocrx_word' id='word_1_560' title='bbox 1144 3873 1174 3913; x_wconf 91' lang='lat' dir='ltr'>e</span> <span class='ocrx_word' id='word_1_561' title='bbox 1206 3857 1447 3930; x_wconf 89' lang='lat' dir='ltr'>planitie</span> <span class='ocrx_word' id='word_1_562' title='bbox 1478 3859 1782 3927; x_wconf 88' lang='lat' dir='ltr'>emineret,</span> <span class='ocrx_word' id='word_1_563' title='bbox 1812 3861 2192 3934; x_wconf 83' lang='lat' dir='ltr'>inexpugna-</span> 
     </span>
    </p>
   </div>
   <div class='ocr_carea' id='block_1_81' title="bbox 2282 3856 3897 3934">
    <p class='ocr_par' dir='ltr' id='par_1_81' title="bbox 2301 3856 3897 3933">
     <span class='ocr_line' id='line_1_81' title="bbox 2301 3856 3897 3933; baseline -0.001 -20"><span class='ocrx_word' id='word_1_564' title='bbox 2301 3860 2346 3913; x_wconf 80' lang='grc' dir='ltr'><strong>εἰ</strong></span> <span class='ocrx_word' id='word_1_565' title='bbox 2373 3859 2579 3933; x_wconf 73' lang='grc' dir='ltr'><strong>εὐχερές</strong></span> <span class='ocrx_word' id='word_1_566' title='bbox 2609 3856 2747 3910; x_wconf 75' lang='grc' dir='ltr'><strong>ἔστιν</strong></span> <span class='ocrx_word' id='word_1_567' title='bbox 2786 3857 2978 3910; x_wconf 79' lang='grc' dir='ltr'><strong>ἁλῶναι</strong></span> <span class='ocrx_word' id='word_1_568' title='bbox 3015 3859 3139 3929; x_wconf 78' lang='grc' dir='ltr'><strong>ἡμῖν</strong></span> <span class='ocrx_word' id='word_1_569' title='bbox 3204 3860 3263 3910; x_wconf 86' lang='grc' dir='ltr'>τό</span> <span class='ocrx_word' id='word_1_570' title='bbox 3328 3866 3426 3909; x_wconf 82' lang='grc' dir='ltr'>των</span> <span class='ocrx_word' id='word_1_571' title='bbox 3489 3857 3687 3933; x_wconf 75' lang='grc' dir='ltr'>Σεῤῥῶν</span> <span class='ocrx_word' id='word_1_572' title='bbox 3738 3859 3897 3913; x_wconf 77' lang='grc' dir='ltr'><strong>ἄστυ.</strong></span> 
     </span>
    </p>
   </div>
   <div class='ocr_carea' id='block_1_82' title="bbox 534 3944 2201 4023">
    <p class='ocr_par' dir='ltr' id='par_1_82' title="bbox 534 3945 2190 4023">
     <span class='ocr_line' id='line_1_82' title="bbox 534 3945 2190 4023; baseline 0.001 -21"><span class='ocrx_word' id='word_1_573' title='bbox 534 3945 717 4002; x_wconf 90' lang='lat' dir='ltr'>bilem</span> <span class='ocrx_word' id='word_1_574' title='bbox 730 3961 879 4012; x_wconf 89' lang='lat' dir='ltr'>esse,</span> <span class='ocrx_word' id='word_1_575' title='bbox 906 3961 1015 4002; x_wconf 91' lang='lat' dir='ltr'>nec</span> <span class='ocrx_word' id='word_1_576' title='bbox 1042 3962 1219 4018; x_wconf 90' lang='lat' dir='ltr'>posse</span> <span class='ocrx_word' id='word_1_577' title='bbox 1243 3947 1472 4004; x_wconf 88' lang='lat' dir='ltr'>tantillo</span> <span class='ocrx_word' id='word_1_578' title='bbox 1512 3948 1766 4005; x_wconf 84' lang='lat' dir='ltr'>exercitu</span> <span class='ocrx_word' id='word_1_579' title='bbox 1814 3949 2190 4023; x_wconf 90' lang='lat' dir='ltr'>circumsepi.</span> 
     </span>
    </p>
   </div>
   <div class='ocr_carea' id='block_1_83' title="bbox 2282 3944 3901 4023">
    <p class='ocr_par' dir='ltr' id='par_1_83' title="bbox 2303 3944 3901 4020">
     <span class='ocr_line' id='line_1_83' title="bbox 2303 3944 3901 4020; baseline -0.002 -17"><span class='ocrx_word' id='word_1_580' title='bbox 2303 3954 2404 4003; x_wconf 72' lang='grc' dir='ltr'><strong>Καὶ</strong></span> <span class='ocrx_word' id='word_1_581' title='bbox 2434 3951 2565 4008; x_wconf 75' lang='grc' dir='ltr'><strong>τινες</strong></span> <span class='ocrx_word' id='word_1_582' title='bbox 2594 3949 2683 4020; x_wconf 69' lang='grc' dir='ltr'>μεν</span> <span class='ocrx_word' id='word_1_583' title='bbox 2742 3945 3064 4019; x_wconf 73' lang='grc' dir='ltr'><strong>ἀπηγόρευον</strong></span> <span class='ocrx_word' id='word_1_584' title='bbox 3129 3946 3151 3982; x_wconf 81' lang='grc'>⁸</span> <span class='ocrx_word' id='word_1_585' title='bbox 3216 3954 3288 4017; x_wconf 81' lang='grc' dir='ltr'><strong>τῷ</strong></span> <span class='ocrx_word' id='word_1_586' title='bbox 3349 3944 3563 4018; x_wconf 72' lang='grc' dir='ltr'><strong>βασιλεῖ</strong></span> <span class='ocrx_word' id='word_1_587' title='bbox 3620 3950 3719 4005; x_wconf 71' lang='grc' dir='ltr'><strong>τὴν</strong></span> <span class='ocrx_word' id='word_1_588' title='bbox 3766 3967 3901 4000; x_wconf 79' lang='grc' dir='ltr'><strong>κατι</strong></span> 
     </span>
    </p>
   </div>
   <div class='ocr_carea' id='block_1_84' title="bbox 535 4033 2201 4110">
    <p class='ocr_par' dir='ltr' id='par_1_84' title="bbox 535 4037 2192 4109">
     <span class='ocr_line' id='line_1_84' title="bbox 535 4037 2192 4109; baseline 0.001 -15"><span class='ocrx_word' id='word_1_589' title='bbox 535 4040 851 4094; x_wconf 90' lang='lat' dir='ltr'>Tormenta</span> <span class='ocrx_word' id='word_1_590' title='bbox 881 4038 1000 4109; x_wconf 80' lang='lat'><strong>79</strong></span> <span class='ocrx_word' id='word_1_591' title='bbox 1027 4037 1086 4093; x_wconf 93' lang='lat' dir='ltr'>in</span> <span class='ocrx_word' id='word_1_592' title='bbox 1108 4054 1242 4095; x_wconf 89' lang='lat' dir='ltr'>eam</span> <span class='ocrx_word' id='word_1_593' title='bbox 1279 4044 1337 4094; x_wconf 91' lang='lat' dir='ltr'>ut</span> <span class='ocrx_word' id='word_1_594' title='bbox 1369 4038 1750 4108; x_wconf 89' lang='lat' dir='ltr'>adigerentur</span> <span class='ocrx_word' id='word_1_595' title='bbox 1779 4039 1905 4095; x_wconf 84' lang='lat' dir='ltr'>fieri</span> <span class='ocrx_word' id='word_1_596' title='bbox 1944 4040 2192 4096; x_wconf 89' lang='lat' dir='ltr'>omnino</span> 
     </span>
    </p>
   </div>
   <div class='ocr_carea' id='block_1_85' title="bbox 2282 4033 3899 4110">
    <p class='ocr_par' dir='ltr' id='par_1_85' title="bbox 2299 4033 3899 4110">
     <span class='ocr_line' id='line_1_85' title="bbox 2299 4033 3899 4110; baseline -0.003 -20"><span class='ocrx_word' id='word_1_597' title='bbox 2299 4046 2399 4091; x_wconf 85' lang='grc' dir='ltr'><strong>τῶν</strong></span> <span class='ocrx_word' id='word_1_598' title='bbox 2461 4036 2765 4110; x_wconf 81' lang='grc' dir='ltr'><strong>Βουλγοὶρων</strong></span> <span class='ocrx_word' id='word_1_599' title='bbox 2838 4038 3042 4108; x_wconf 78' lang='grc' dir='ltr'><strong>μάχην·</strong></span> <span class='ocrx_word' id='word_1_600' title='bbox 3092 4034 3151 4087; x_wconf 70' lang='grc' dir='ltr'><strong>οὗ</strong></span> <span class='ocrx_word' id='word_1_601' title='bbox 3223 4038 3321 4108; x_wconf 78' lang='grc' dir='ltr'><strong>γὰρ</strong></span> <span class='ocrx_word' id='word_1_602' title='bbox 3385 4033 3681 4107; x_wconf 81' lang='grc' dir='ltr'><strong>ἀξιόμαχον</strong></span> <span class='ocrx_word' id='word_1_603' title='bbox 3733 4036 3899 4108; x_wconf 74' lang='grc' dir='ltr'><strong>ἔλεγον</strong></span> 
     </span>
    </p>
   </div>
   <div class='ocr_carea' id='block_1_86' title="bbox 536 4120 2201 4203">
    <p class='ocr_par' dir='ltr' id='par_1_86' title="bbox 536 4127 2193 4203">
     <span class='ocr_line' id='line_1_86' title="bbox 536 4127 2193 4203; baseline 0.002 -20"><span class='ocrx_word' id='word_1_604' title='bbox 536 4142 658 4184; x_wconf 92' lang='lat' dir='ltr'>non</span> <span class='ocrx_word' id='word_1_605' title='bbox 709 4144 904 4200; x_wconf 90' lang='lat' dir='ltr'>posse.</span> <span class='ocrx_word' id='word_1_606' title='bbox 936 4127 1193 4197; x_wconf 78' lang='lat' dir='ltr'>Aggredi</span> <span class='ocrx_word' id='word_1_607' title='bbox 1234 4145 1373 4184; x_wconf 88' lang='lat' dir='ltr'>vero</span> <span class='ocrx_word' id='word_1_608' title='bbox 1414 4134 1471 4184; x_wconf 92' lang='lat' dir='ltr'>et</span> <span class='ocrx_word' id='word_1_609' title='bbox 1499 4145 1635 4185; x_wconf 88' lang='lat' dir='ltr'>arce</span> <span class='ocrx_word' id='word_1_610' title='bbox 1684 4135 1909 4186; x_wconf 86' lang='lat' dir='ltr'>tentata</span> <span class='ocrx_word' id='word_1_611' title='bbox 1981 4130 2193 4203; x_wconf 89' lang='lat' dir='ltr'>repelli</span> 
     </span>
    </p>
   </div>
   <div class='ocr_carea' id='block_1_87' title="bbox 2282 4120 3895 4203">
    <p class='ocr_par' dir='ltr' id='par_1_87' title="bbox 2300 4120 3895 4197">
     <span class='ocr_line' id='line_1_87' title="bbox 2300 4120 3895 4197; baseline -0.001 -19"><span class='ocrx_word' id='word_1_612' title='bbox 2300 4127 2444 4197; x_wconf 81' lang='grc' dir='ltr'><strong>ἄγειν</strong></span> <span class='ocrx_word' id='word_1_613' title='bbox 2486 4127 2725 4197; x_wconf 88' lang='grc' dir='ltr'><strong>στρατόν,</strong></span> <span class='ocrx_word' id='word_1_614' title='bbox 2768 4122 2875 4176; x_wconf 71' lang='grc' dir='ltr'><strong>ἐπεὶ</strong></span> <span class='ocrx_word' id='word_1_615' title='bbox 2934 4120 3073 4196; x_wconf 74' lang='grc' dir='ltr'><strong>μηδε</strong></span> <span class='ocrx_word' id='word_1_616' title='bbox 3132 4125 3261 4197; x_wconf 87' lang='grc' dir='ltr'><strong>πρὸς</strong></span> <span class='ocrx_word' id='word_1_617' title='bbox 3314 4142 3499 4195; x_wconf 87' lang='grc' dir='ltr'><strong>μαχην</strong></span> <span class='ocrx_word' id='word_1_618' title='bbox 3556 4123 3895 4197; x_wconf 73' lang='grc' dir='ltr'><strong>ηὐτρέπιστο,</strong></span> 
     </span>
    </p>
   </div>
   <div class='ocr_carea' id='block_1_88' title="bbox 537 4213 2201 4291">
    <p class='ocr_par' dir='ltr' id='par_1_88' title="bbox 537 4217 2194 4291">
     <span class='ocr_line' id='line_1_88' title="bbox 537 4217 2194 4291; baseline 0.002 -19"><span class='ocrx_word' id='word_1_619' title='bbox 537 4219 947 4272; x_wconf 83' lang='lat' dir='ltr'>Romanorum</span> <span class='ocrx_word' id='word_1_620' title='bbox 972 4217 1172 4273; x_wconf 91' lang='lat' dir='ltr'>robori</span> <span class='ocrx_word' id='word_1_621' title='bbox 1198 4234 1268 4274; x_wconf 90' lang='lat' dir='ltr'>ac</span> <span class='ocrx_word' id='word_1_622' title='bbox 1297 4219 1513 4283; x_wconf 87' lang='lat' dir='ltr'>virtuti,</span> <span class='ocrx_word' id='word_1_623' title='bbox 1542 4220 1715 4289; x_wconf 90' lang='lat' dir='ltr'>cujus</span> <span class='ocrx_word' id='word_1_624' title='bbox 1743 4218 1895 4275; x_wconf 90' lang='lat' dir='ltr'>adeo</span> <span class='ocrx_word' id='word_1_625' title='bbox 1910 4220 2194 4291; x_wconf 66' lang='lat' dir='ltr'>praeclara</span> 
     </span>
    </p>
   </div>
   <div class='ocr_carea' id='block_1_89' title="bbox 2282 4213 3901 4291">
    <p class='ocr_par' dir='ltr' id='par_1_89' title="bbox 2303 4213 3901 4288">
     <span class='ocr_line' id='line_1_89' title="bbox 2303 4213 3901 4288; baseline -0.001 -19"><span class='ocrx_word' id='word_1_626' title='bbox 2303 4217 2430 4269; x_wconf 84' lang='grc' dir='ltr'>ἀλλά</span> <span class='ocrx_word' id='word_1_627' title='bbox 2458 4219 2588 4268; x_wconf 83' lang='grc' dir='ltr'>κατά</span> <span class='ocrx_word' id='word_1_628' title='bbox 2621 4220 2781 4288; x_wconf 88' lang='grc' dir='ltr'><strong>μόνην</strong></span> <span class='ocrx_word' id='word_1_629' title='bbox 2822 4217 2938 4268; x_wconf 84' lang='grc' dir='ltr'><strong>θέαν</strong></span> <span class='ocrx_word' id='word_1_630' title='bbox 2967 4223 3066 4267; x_wconf 86' lang='grc' dir='ltr'><strong>τῶν</strong></span> <span class='ocrx_word' id='word_1_631' title='bbox 3105 4215 3266 4267; x_wconf 74' lang='grc' dir='ltr'><strong>αὐτοῦ</strong></span> <span class='ocrx_word' id='word_1_632' title='bbox 3325 4213 3545 4267; x_wconf 68' lang='grc' dir='ltr'><strong>ἐποιεῖτο</strong></span> <span class='ocrx_word' id='word_1_633' title='bbox 3610 4219 3705 4273; x_wconf 73' lang='grc' dir='ltr'><strong>τὴν</strong></span> <span class='ocrx_word' id='word_1_634' title='bbox 3752 4222 3901 4275; x_wconf 77' lang='grc' dir='ltr'><strong>κίνη-</strong></span> 
     </span>
    </p>
   </div>
   <div class='ocr_carea' id='block_1_90' title="bbox 539 4286 2201 4379">
    <p class='ocr_par' dir='ltr' id='par_1_90' title="bbox 539 4305 2194 4379">
     <span class='ocr_line' id='line_1_90' title="bbox 539 4305 2194 4379; baseline 0.003 -20"><span class='ocrx_word' id='word_1_635' title='bbox 539 4305 703 4359; x_wconf 82' lang='lat' dir='ltr'>fama</span> <span class='ocrx_word' id='word_1_636' title='bbox 730 4305 791 4359; x_wconf 92' lang='lat' dir='ltr'>in</span> <span class='ocrx_word' id='word_1_637' title='bbox 817 4320 1028 4360; x_wconf 86' lang='lat' dir='ltr'>omnes</span> <span class='ocrx_word' id='word_1_638' title='bbox 1068 4307 1346 4377; x_wconf 81' lang='lat' dir='ltr'>pervasit,</span> <span class='ocrx_word' id='word_1_639' title='bbox 1400 4307 1623 4379; x_wconf 91' lang='lat' dir='ltr'>probro</span> <span class='ocrx_word' id='word_1_640' title='bbox 1696 4323 1851 4363; x_wconf 89' lang='lat' dir='ltr'>esse.</span> <span class='ocrx_word' id='word_1_641' title='bbox 1905 4308 2194 4378; x_wconf 85' lang='lat' dir='ltr'>Bulgaros</span> 
     </span>
    </p>
   </div>
   <div class='ocr_carea' id='block_1_91' title="bbox 2282 4286 3901 4379">
    <p class='ocr_par' dir='ltr' id='par_1_91' title="bbox 2304 4302 3901 4379">
     <span class='ocr_line' id='line_1_91' title="bbox 2304 4302 3901 4379; baseline -0.001 -20"><span class='ocrx_word' id='word_1_642' title='bbox 2304 4326 2411 4361; x_wconf 90' lang='grc' dir='ltr'><strong>σιν.</strong></span> <span class='ocrx_word' id='word_1_643' title='bbox 2452 4309 2521 4358; x_wconf 87' lang='grc' dir='ltr'>Τὸ</span> <span class='ocrx_word' id='word_1_644' title='bbox 2562 4302 2621 4358; x_wconf 71' lang='grc' dir='ltr'><strong>δε</strong></span> <span class='ocrx_word' id='word_1_645' title='bbox 2659 4313 2758 4357; x_wconf 84' lang='grc' dir='ltr'>τῶν</span> <span class='ocrx_word' id='word_1_646' title='bbox 2799 4302 2990 4379; x_wconf 78' lang='grc' dir='ltr'><strong>Σεῤῥῶν</strong></span> <span class='ocrx_word' id='word_1_647' title='bbox 3038 4303 3195 4370; x_wconf 83' lang='grc' dir='ltr'><strong>ἂστυ,</strong></span> <span class='ocrx_word' id='word_1_648' title='bbox 3329 4309 3542 4376; x_wconf 84' lang='grc' dir='ltr'><strong>πρώτως</strong></span> <span class='ocrx_word' id='word_1_649' title='bbox 3586 4304 3901 4378; x_wconf 77' lang='grc' dir='ltr'><strong>προσϐαλεῖν</strong></span> 
     </span>
    </p>
   </div>
   <div class='ocr_carea' id='block_1_92' title="bbox 539 4391 2201 4466">
    <p class='ocr_par' dir='ltr' id='par_1_92' title="bbox 539 4392 2193 4466">
     <span class='ocr_line' id='line_1_92' title="bbox 539 4392 2193 4466; baseline 0.004 -20"><span class='ocrx_word' id='word_1_650' title='bbox 539 4392 910 4466; x_wconf 88' lang='lat' dir='ltr'>quiescentes</span> <span class='ocrx_word' id='word_1_651' title='bbox 938 4394 1014 4449; x_wconf 86' lang='lat' dir='ltr'>ad</span> <span class='ocrx_word' id='word_1_652' title='bbox 1054 4395 1264 4465; x_wconf 85' lang='lat' dir='ltr'>proelia</span> <span class='ocrx_word' id='word_1_653' title='bbox 1311 4396 1609 4451; x_wconf 87' lang='lat' dir='ltr'>concitare</span> <span class='ocrx_word' id='word_1_654' title='bbox 1674 4396 1918 4452; x_wconf 90' lang='lat' dir='ltr'>minime</span> <span class='ocrx_word' id='word_1_655' title='bbox 1967 4398 2193 4453; x_wconf 86' lang='lat' dir='ltr'>condu-</span> 
     </span>
    </p>
   </div>
   <div class='ocr_carea' id='block_1_93' title="bbox 2282 4391 3897 4466">
    <p class='ocr_par' dir='ltr' id='par_1_93' title="bbox 2302 4391 3897 4466">
     <span class='ocr_line' id='line_1_93' title="bbox 2302 4391 3897 4466; baseline -0.004 -18"><span class='ocrx_word' id='word_1_656' title='bbox 2302 4392 2428 4461; x_wconf 76' lang='grc' dir='ltr'><strong>έδει,</strong></span> <span class='ocrx_word' id='word_1_657' title='bbox 2460 4396 2671 4466; x_wconf 81' lang='grc' dir='ltr'><strong>ἄμαχον</strong></span> <span class='ocrx_word' id='word_1_658' title='bbox 2702 4397 2790 4465; x_wconf 83' lang='grc' dir='ltr'>μέν</span> <span class='ocrx_word' id='word_1_659' title='bbox 2821 4391 2960 4445; x_wconf 76' lang='grc' dir='ltr'><strong>ἐστιν</strong></span> <span class='ocrx_word' id='word_1_660' title='bbox 2992 4391 3045 4443; x_wconf 71' lang='grc' dir='ltr'>ἐκ</span> <span class='ocrx_word' id='word_1_661' title='bbox 3092 4400 3185 4445; x_wconf 84' lang='grc' dir='ltr'><strong>τοῦ</strong></span> <span class='ocrx_word' id='word_1_662' title='bbox 3250 4393 3591 4465; x_wconf 80' lang='grc' dir='ltr'><strong>ὑπερκεῖσθαι</strong></span> <span class='ocrx_word' id='word_1_663' title='bbox 3650 4402 3748 4456; x_wconf 76' lang='grc' dir='ltr'><strong>τῆς</strong></span> <span class='ocrx_word' id='word_1_664' title='bbox 3790 4403 3897 4465; x_wconf 61' lang='grc' dir='ltr'><strong>γῆς,</strong></span> 
     </span>
    </p>
   </div>
   <div class='ocr_carea' id='block_1_94' title="bbox 541 4479 2201 4557">
    <p class='ocr_par' dir='ltr' id='par_1_94' title="bbox 541 4483 2192 4556">
     <span class='ocr_line' id='line_1_94' title="bbox 541 4483 2192 4556; baseline 0.003 -18"><span class='ocrx_word' id='word_1_665' title='bbox 541 4496 691 4538; x_wconf 91' lang='lat' dir='ltr'>cere.</span> <span class='ocrx_word' id='word_1_666' title='bbox 746 4484 876 4537; x_wconf 64' lang='lat' dir='ltr'>Haec</span> <span class='ocrx_word' id='word_1_667' title='bbox 934 4498 1138 4551; x_wconf 82' lang='lat' dir='ltr'>regem</span> <span class='ocrx_word' id='word_1_668' title='bbox 1191 4483 1270 4538; x_wconf 88' lang='lat' dir='ltr'>ab</span> <span class='ocrx_word' id='word_1_669' title='bbox 1322 4485 1773 4556; x_wconf 86' lang='lat' dir='ltr'>oppugnatione</span> <span class='ocrx_word' id='word_1_670' title='bbox 1821 4486 2192 4543; x_wconf 90' lang='lat' dir='ltr'>retrahentes</span> 
     </span>
    </p>
   </div>
   <div class='ocr_carea' id='block_1_95' title="bbox 2282 4479 3898 4557">
    <p class='ocr_par' dir='ltr' id='par_1_95' title="bbox 2300 4479 3898 4557">
     <span class='ocr_line' id='line_1_95' title="bbox 2300 4479 3898 4557; baseline -0.001 -20"><span class='ocrx_word' id='word_1_671' title='bbox 2300 4485 2630 4542; x_wconf 76' lang='grc' dir='ltr'><strong>κυκλωθῆναι</strong></span> <span class='ocrx_word' id='word_1_672' title='bbox 2683 4479 2743 4535; x_wconf 73' lang='grc' dir='ltr'><strong>δε</strong></span> <span class='ocrx_word' id='word_1_673' title='bbox 2818 4484 3054 4553; x_wconf 79' lang='grc' dir='ltr'><strong>τοσούτῳ</strong></span> <span class='ocrx_word' id='word_1_674' title='bbox 3137 4484 3490 4556; x_wconf 79' lang='grc' dir='ltr'><strong>στρατεύματι</strong></span> <span class='ocrx_word' id='word_1_675' title='bbox 3546 4481 3723 4534; x_wconf 72' lang='grc' dir='ltr'><strong>οὐκέτι</strong></span> 
     </span>
    </p>
   </div>
   <div class='ocr_carea' id='block_1_96' title="bbox 540 4568 2201 4645">
    <p class='ocr_par' dir='ltr' id='par_1_96' title="bbox 540 4569 2187 4645">
     <span class='ocr_line' id='line_1_96' title="bbox 540 4569 2187 4645; baseline 0.002 -19"><span class='ocrx_word' id='word_1_676' title='bbox 540 4569 926 4627; x_wconf 87' lang='lat' dir='ltr'>adducebant</span> <span class='ocrx_word' id='word_1_677' title='bbox 954 4571 1013 4626; x_wconf 90' lang='lat' dir='ltr'>in</span> <span class='ocrx_word' id='word_1_678' title='bbox 1046 4571 1331 4627; x_wconf 91' lang='lat' dir='ltr'>medium.</span> <span class='ocrx_word' id='word_1_679' title='bbox 1362 4572 1726 4645; x_wconf 71' lang='lat' dir='ltr'>Palaeologus</span> <span class='ocrx_word' id='word_1_680' title='bbox 1791 4574 2187 4644; x_wconf 81' lang='lat' dir='ltr'>Andronicus,</span> 
     </span>
    </p>
   </div>
   <div class='ocr_carea' id='block_1_97' title="bbox 2282 4568 3899 4645">
    <p class='ocr_par' dir='ltr' id='par_1_97' title="bbox 2301 4568 3899 4644">
     <span class='ocr_line' id='line_1_97' title="bbox 2301 4568 3899 4644; baseline -0.003 -17"><span class='ocrx_word' id='word_1_681' title='bbox 2301 4574 2463 4628; x_wconf 73' lang='grc' dir='ltr'><strong>ἔστιν.</strong></span> <span class='ocrx_word' id='word_1_682' title='bbox 2516 4571 2798 4635; x_wconf 79' lang='grc' dir='ltr'><strong>Ἐλεπολεις</strong></span> <span class='ocrx_word' id='word_1_683' title='bbox 2866 4568 2924 4624; x_wconf 67' lang='grc' dir='ltr'>δὲ</span> <span class='ocrx_word' id='word_1_684' title='bbox 2984 4579 3181 4630; x_wconf 85' lang='grc' dir='ltr'><strong>στῆσαι</strong></span> <span class='ocrx_word' id='word_1_685' title='bbox 3251 4570 3362 4623; x_wconf 89' lang='grc' dir='ltr'><strong>κατ’</strong></span> <span class='ocrx_word' id='word_1_686' title='bbox 3422 4569 3583 4623; x_wconf 75' lang='grc' dir='ltr'><strong>αὐτοῦ</strong></span> <span class='ocrx_word' id='word_1_687' title='bbox 3636 4580 3742 4622; x_wconf 82' lang='grc' dir='ltr'><strong>τῶν</strong></span> <span class='ocrx_word' id='word_1_688' title='bbox 3766 4571 3899 4644; x_wconf 59' lang='lat' dir='ltr'>6p:-</span> 
     </span>
    </p>
   </div>
   <div class='ocr_carea' id='block_1_98' title="bbox 540 4660 2191 4734">
    <p class='ocr_par' dir='ltr' id='par_1_98' title="bbox 540 4660 2191 4734">
     <span class='ocr_line' id='line_1_98' title="bbox 540 4660 2191 4734; baseline 0.004 -20"><span class='ocrx_word' id='word_1_689' title='bbox 540 4675 724 4734; x_wconf 89' lang='lat' dir='ltr'>quem</span> <span class='ocrx_word' id='word_1_690' title='bbox 756 4664 893 4715; x_wconf 90' lang='lat' dir='ltr'>ante</span> <span class='ocrx_word' id='word_1_691' title='bbox 931 4675 1223 4731; x_wconf 87' lang='lat' dir='ltr'>magnum</span> <span class='ocrx_word' id='word_1_692' title='bbox 1251 4660 1647 4717; x_wconf 89' lang='lat' dir='ltr'>domesticum</span> <span class='ocrx_word' id='word_1_693' title='bbox 1684 4662 1866 4719; x_wconf 86' lang='lat' dir='ltr'>fuisse</span> <span class='ocrx_word' id='word_1_694' title='bbox 1894 4664 2191 4734; x_wconf 85' lang='lat' dir='ltr'>signiﬁca-</span> 
     </span>
    </p>
   </div>
   <div class='ocr_carea' id='block_1_99' title="bbox 540 4746 2201 4826">
    <p class='ocr_par' dir='ltr' id='par_1_99' title="bbox 540 4749 2191 4822">
     <span class='ocr_line' id='line_1_99' title="bbox 540 4749 2191 4822; baseline 0.003 -17"><span class='ocrx_word' id='word_1_695' title='bbox 540 4749 740 4805; x_wconf 91' lang='lat' dir='ltr'>vimus</span> <span class='ocrx_word' id='word_1_696' title='bbox 769 4750 930 4806; x_wconf 88' lang='lat' dir='ltr'>hisce</span> <span class='ocrx_word' id='word_1_697' title='bbox 953 4750 1248 4806; x_wconf 88' lang='lat' dir='ltr'>contraria</span> <span class='ocrx_word' id='word_1_698' title='bbox 1267 4750 1610 4822; x_wconf 87' lang='lat' dir='ltr'>imperatori</span> <span class='ocrx_word' id='word_1_699' title='bbox 1637 4753 2005 4810; x_wconf 89' lang='lat' dir='ltr'>consulebat.</span> <span class='ocrx_word' id='word_1_700' title='bbox 2046 4756 2191 4810; x_wconf 88' lang='lat' dir='ltr'>Ten-</span> 
     </span>
    </p>
   </div>
   <div class='ocr_carea' id='block_1_100' title="bbox 2282 4746 3902 4826">
    <p class='ocr_par' dir='ltr' id='par_1_100' title="bbox 2303 4746 3902 4826">
     <span class='ocr_line' id='line_1_100' title="bbox 2303 4746 3902 4826; baseline -0.002 -22"><span class='ocrx_word' id='word_1_701' title='bbox 2303 4751 2723 4826; x_wconf 82' lang='grc' dir='ltr'><strong>ἀνακρὸυσθῆναι</strong></span> <span class='ocrx_word' id='word_1_702' title='bbox 2779 4746 2945 4811; x_wconf 79' lang='grc' dir='ltr'><strong>αἰδὼς</strong></span> <span class='ocrx_word' id='word_1_703' title='bbox 3010 4752 3099 4823; x_wconf 67' lang='grc' dir='ltr'>μὶν</span> <span class='ocrx_word' id='word_1_704' title='bbox 3148 4750 3381 4822; x_wconf 77' lang='grc' dir='ltr'><strong>ὑπάρχει</strong></span> <span class='ocrx_word' id='word_1_705' title='bbox 3435 4758 3509 4819; x_wconf 70' lang='grc' dir='ltr'><strong>τῷ</strong></span> <span class='ocrx_word' id='word_1_706' title='bbox 3573 4750 3760 4822; x_wconf 69' lang='grc' dir='ltr'><strong>κράτει</strong></span> <span class='ocrx_word' id='word_1_707' title='bbox 3811 4759 3902 4813; x_wconf 73' lang='grc' dir='ltr'><strong>τῆς</strong></span> 
     </span>
    </p>
   </div>
   <div class='ocr_carea' id='block_1_101' title="bbox 540 4836 2201 4915">
    <p class='ocr_par' dir='ltr' id='par_1_101' title="bbox 540 4841 2192 4915">
     <span class='ocr_line' id='line_1_101' title="bbox 540 4841 2192 4915; baseline 0.003 -20"><span class='ocrx_word' id='word_1_708' title='bbox 540 4841 789 4897; x_wconf 89' lang='lat' dir='ltr'>tandam</span> <span class='ocrx_word' id='word_1_709' title='bbox 821 4856 953 4897; x_wconf 87' lang='lat' dir='ltr'>esse</span> <span class='ocrx_word' id='word_1_710' title='bbox 986 4842 1291 4898; x_wconf 87' lang='lat' dir='ltr'>Serrarum</span> <span class='ocrx_word' id='word_1_711' title='bbox 1326 4857 1560 4907; x_wconf 88' lang='lat' dir='ltr'>arcem;</span> <span class='ocrx_word' id='word_1_712' title='bbox 1594 4858 1666 4899; x_wconf 91' lang='lat' dir='ltr'>ea</span> <span class='ocrx_word' id='word_1_713' title='bbox 1685 4844 1883 4915; x_wconf 89' lang='lat' dir='ltr'>potitis</span> <span class='ocrx_word' id='word_1_714' title='bbox 1936 4843 2192 4900; x_wconf 91' lang='lat' dir='ltr'>multum</span> 
     </span>
    </p>
   </div>
   <div class='ocr_carea' id='block_1_102' title="bbox 2282 4836 3896 4915">
    <p class='ocr_par' dir='ltr' id='par_1_102' title="bbox 2303 4836 3896 4915">
     <span class='ocr_line' id='line_1_102' title="bbox 2303 4836 3896 4915; baseline -0.004 -19"><span class='ocrx_word' id='word_1_715' title='bbox 2303 4844 2549 4915; x_wconf 71' lang='grc' dir='ltr'><strong>Ρωμαίων</strong></span> <span class='ocrx_word' id='word_1_716' title='bbox 2584 4839 2755 4915; x_wconf 82' lang='grc' dir='ltr'><strong>ἀρχῆς</strong></span> <span class='ocrx_word' id='word_1_717' title='bbox 2786 4844 2954 4912; x_wconf 71' lang='grc' dir='ltr'><strong>(φήμη</strong></span> <span class='ocrx_word' id='word_1_718' title='bbox 3010 4842 3107 4913; x_wconf 72' lang='grc' dir='ltr'>γὰρ</span> <span class='ocrx_word' id='word_1_719' title='bbox 3168 4837 3334 4900; x_wconf 76' lang='grc' dir='ltr'><strong>αὐτῆς</strong></span> <span class='ocrx_word' id='word_1_720' title='bbox 3395 4836 3480 4890; x_wconf 83' lang='grc' dir='ltr'>έπὶ</span> <span class='ocrx_word' id='word_1_721' title='bbox 3543 4845 3654 4899; x_wconf 88' lang='grc' dir='ltr'><strong>τοῖς</strong></span> <span class='ocrx_word' id='word_1_722' title='bbox 3719 4842 3896 4891; x_wconf 72' lang='grc' dir='ltr'><strong>τοιού-</strong></span> 
     </span>
    </p>
   </div>
   <div class='ocr_carea' id='block_1_103' title="bbox 613 4925 3900 5005">
    <p class='ocr_par' dir='ltr' id='par_1_103' title="bbox 613 4925 3900 5005">
     <span class='ocr_line' id='line_1_103' title="bbox 613 4925 3900 5005; baseline -0.001 -22"><span class='ocrx_word' id='word_1_723' title='bbox 613 4934 663 5005; x_wconf 12' lang='grc' dir='ltr'>⁹⁷γ</span> <span class='ocrx_word' id='word_1_724' title='bbox 694 4934 719 4983; x_wconf 89' lang='lat'>6</span> <span class='ocrx_word' id='word_1_725' title='bbox 752 4928 810 4984; x_wconf 76' lang='grc' dir='ltr'><strong>δε</strong></span> <span class='ocrx_word' id='word_1_726' title='bbox 837 4930 1083 5003; x_wconf 75' lang='grc' dir='ltr'><strong>βασιλεὺς</strong></span> <span class='ocrx_word' id='word_1_727' title='bbox 1100 4931 1169 5005; x_wconf 70' lang='grc' dir='ltr'>εἰς</span> <span class='ocrx_word' id='word_1_728' title='bbox 1197 4935 1286 4990; x_wconf 84' lang='grc' dir='ltr'><strong>τὴν</strong></span> <span class='ocrx_word' id='word_1_729' title='bbox 1310 4930 1582 5005; x_wconf 79' lang='grc' dir='ltr'><strong>ἀντιπέραν</strong></span> <span class='ocrx_word' id='word_1_730' title='bbox 1622 4931 1841 4985; x_wconf 78' lang='grc' dir='ltr'><strong>ἐποιεῖτο</strong></span> <span class='ocrx_word' id='word_1_731' title='bbox 1867 4937 1952 4984; x_wconf 85' lang='grc' dir='ltr'><strong>τὸν</strong></span> <span class='ocrx_word' id='word_1_732' title='bbox 1988 4929 2157 5004; x_wconf 70' lang='grc' dir='ltr'><strong>βάδον</strong></span> <span class='ocrx_word' id='word_1_733' title='bbox 2189 4933 2282 4995; x_wconf 83' lang='grc' dir='ltr'><strong>ἕως</strong></span> <span class='ocrx_word' id='word_1_734' title='bbox 2310 4939 2402 4984; x_wconf 83' lang='grc' dir='ltr'><strong>τοῦ</strong></span> <span class='ocrx_word' id='word_1_735' title='bbox 2427 4934 2598 5002; x_wconf 88' lang='grc' dir='ltr'><strong>Ζίχνα</strong></span> <span class='ocrx_word' id='word_1_736' title='bbox 2627 4932 2845 5005; x_wconf 37' lang='grc' dir='ltr'><strong>ἀςστ-εως.</strong></span> <span class='ocrx_word' id='word_1_737' title='bbox 2876 4929 3048 5002; x_wconf 82' lang='grc' dir='ltr'><strong>Ἦρχε</strong></span> <span class='ocrx_word' id='word_1_738' title='bbox 3070 4931 3177 5005; x_wconf 65' lang='grc' dir='ltr'>μενΔ</span> <span class='ocrx_word' id='word_1_739' title='bbox 3198 4928 3286 4989; x_wconf 74' lang='grc' dir='ltr'><strong>οὖς</strong></span> <span class='ocrx_word' id='word_1_740' title='bbox 3314 4926 3587 5005; x_wconf 64' lang='grc' dir='ltr'><strong>βυλγάρων</strong></span> <span class='ocrx_word' id='word_1_741' title='bbox 3621 4929 3689 5005; x_wconf 65' lang='grc' dir='ltr'>Ι)ἶ</span> <span class='ocrx_word' id='word_1_742' title='bbox 3736 4929 3797 5005; x_wconf 41' lang='grc'>’9³</span> <span class='ocrx_word' id='word_1_743' title='bbox 3815 4925 3900 4981; x_wconf 67' lang='grc' dir='ltr'><strong>καὶ</strong></span> 
     </span>
    </p>
   </div>
   <div class='ocr_carea' id='block_1_104' title="bbox 543 4994 3899 5076">
    <p class='ocr_par' dir='ltr' id='par_1_104' title="bbox 543 4994 3899 5076">
     <span class='ocr_line' id='line_1_104' title="bbox 543 4994 3899 5076; baseline -0 -23"><span class='ocrx_word' id='word_1_744' title='bbox 543 5004 769 5076; x_wconf 72' lang='grc' dir='ltr'><strong>πέφθακε</strong></span> <span class='ocrx_word' id='word_1_745' title='bbox 797 4994 1027 5076; x_wconf 22' lang='grc' dir='ltr'><strong>πὶρὶᾼτόν</strong></span> <span class='ocrx_word' id='word_1_746' title='bbox 1056 5000 1215 5076; x_wconf 73' lang='grc' dir='ltr'><strong>Εὗρον</strong></span> <span class='ocrx_word' id='word_1_747' title='bbox 1236 5007 1322 5055; x_wconf 88' lang='grc' dir='ltr'>τόν</span> <span class='ocrx_word' id='word_1_748' title='bbox 1352 5002 1436 5058; x_wconf 88' lang='grc' dir='ltr'><strong>πλ.</strong></span> <span class='ocrx_word' id='word_1_749' title='bbox 1467 4994 1529 5059; x_wconf 70' lang='grc' dir='ltr'><strong>ι).</strong></span> <span class='ocrx_word' id='word_1_750' title='bbox 1564 4994 2014 5076; x_wconf 21' lang='grc' dir='ltr'><strong>’θμόνομαζομένςηξ</strong></span> <span class='ocrx_word' id='word_1_751' title='bbox 2040 5019 2162 5059; x_wconf 92' lang='lat' dir='ltr'>om.</span> <span class='ocrx_word' id='word_1_752' title='bbox 2193 4994 2302 5059; x_wconf 12' lang='lat' dir='ltr'>D.r‘</span> <span class='ocrx_word' id='word_1_753' title='bbox 2336 4994 2596 5074; x_wconf 66' lang='grc' dir='ltr'><strong>χωριτῖκῆ</strong></span> <span class='ocrx_word' id='word_1_754' title='bbox 2631 4997 2885 5076; x_wconf 58' lang='grc' dir='ltr'><strong>θιαλέκτῳ</strong></span> <span class='ocrx_word' id='word_1_755' title='bbox 2915 4994 3036 5055; x_wconf 68' lang='lat' dir='ltr'>om.</span> <span class='ocrx_word' id='word_1_756' title='bbox 3160 5001 3180 5034; x_wconf 84' lang='grc'>²</span> <span class='ocrx_word' id='word_1_757' title='bbox 3210 5001 3344 5051; x_wconf 86' lang='grc' dir='ltr'>κατά</span> <span class='ocrx_word' id='word_1_758' title='bbox 3378 4994 3515 5076; x_wconf 56' lang='grc' dir='ltr'>δὲξό</span> <span class='ocrx_word' id='word_1_759' title='bbox 3543 5029 3635 5076; x_wconf 38' lang='lat'>-—_-</span> <span class='ocrx_word' id='word_1_760' title='bbox 3664 4997 3764 5076; x_wconf 79' lang='grc' dir='ltr'>ὡς]</span> <span class='ocrx_word' id='word_1_761' title='bbox 3814 5005 3899 5052; x_wconf 75' lang='grc' dir='ltr'>καὶ</span> 
     </span>
    </p>
   </div>
   <div class='ocr_carea' id='block_1_105' title="bbox 544 5069 3898 5148">
    <p class='ocr_par' dir='ltr' id='par_1_105' title="bbox 544 5069 3898 5148">
     <span class='ocr_line' id='line_1_105' title="bbox 544 5069 3898 5148; baseline 0 -26"><span class='ocrx_word' id='word_1_762' title='bbox 544 5069 647 5148; x_wconf 72' lang='grc' dir='ltr'><strong>ἐκεῖ</strong></span> <span class='ocrx_word' id='word_1_763' title='bbox 670 5069 887 5148; x_wconf 78' lang='grc' dir='ltr'><strong>δέχεται</strong></span> <span class='ocrx_word' id='word_1_764' title='bbox 910 5069 1163 5148; x_wconf 71' lang='grc' dir='ltr'><strong>ἀναφοράν</strong></span> <span class='ocrx_word' id='word_1_765' title='bbox 1204 5079 1345 5148; x_wconf 85' lang='grc' dir='ltr'>παρά</span> <span class='ocrx_word' id='word_1_766' title='bbox 1370 5082 1466 5148; x_wconf 71' lang='grc' dir='ltr'>τοῦΔ</span> <span class='ocrx_word' id='word_1_767' title='bbox 1491 5083 1582 5134; x_wconf 89' lang='grc' dir='ltr'><strong>τῆς</strong></span> <span class='ocrx_word' id='word_1_768' title='bbox 1611 5069 1901 5147; x_wconf 77' lang='grc' dir='ltr'><strong>Ἀχρείδων</strong></span> <span class='ocrx_word' id='word_1_769' title='bbox 1936 5070 2199 5148; x_wconf 76' lang='grc' dir='ltr'><strong>δημοσίαν</strong></span> <span class='ocrx_word' id='word_1_770' title='bbox 2225 5069 2537 5148; x_wconf 74' lang='grc' dir='ltr'><strong>κρατοῦντος</strong></span> <span class='ocrx_word' id='word_1_771' title='bbox 2557 5076 2621 5133; x_wconf 84' lang='grc' dir='ltr'><strong>ὡς</strong></span> <span class='ocrx_word' id='word_1_772' title='bbox 2731 5073 2810 5148; x_wconf 17' lang='grc' dir='ltr'>θῄῥ</span> <span class='ocrx_word' id='word_1_773' title='bbox 2837 5069 2936 5124; x_wconf 76' lang='grc' dir='ltr'>τῶν</span> <span class='ocrx_word' id='word_1_774' title='bbox 2968 5102 3036 5111; x_wconf 90' lang='grc'><strong><em>-</em></strong></span> <span class='ocrx_word' id='word_1_775' title='bbox 3059 5072 3246 5148; x_wconf 55' lang='grc' dir='ltr'><strong>ἀρχων</strong></span> <span class='ocrx_word' id='word_1_776' title='bbox 3277 5086 3401 5125; x_wconf 92' lang='lat' dir='ltr'>om.</span> <span class='ocrx_word' id='word_1_777' title='bbox 3448 5072 3509 5125; x_wconf 92' lang='lat' dir='ltr'>D.</span> <span class='ocrx_word' id='word_1_778' title='bbox 3539 5070 3560 5103; x_wconf 75' lang='grc'><strong>⁸</strong></span> <span class='ocrx_word' id='word_1_779' title='bbox 3590 5069 3809 5148; x_wconf 35' lang='grc' dir='ltr'><strong>οὒς-τινὲς</strong></span> <span class='ocrx_word' id='word_1_780' title='bbox 3832 5102 3898 5111; x_wconf 91' lang='grc'><strong><em>-</em></strong></span> 
     </span>
    </p>
   </div>
   <div class='ocr_carea' id='block_1_106' title="bbox 546 5093 3895 5266">
    <p class='ocr_par' dir='ltr' id='par_1_106' title="bbox 546 5093 3895 5266">
     <span class='ocr_line' id='line_1_106' title="bbox 546 5093 3895 5148; baseline 0 -26"><span class='ocrx_word' id='word_1_781' title='bbox 546 5093 644 5123; x_wconf 82' lang='grc' dir='ltr'><strong>εκει</strong></span> <span class='ocrx_word' id='word_1_782' title='bbox 670 5093 749 5123; x_wconf 59' lang='grc' dir='ltr'><strong>ον</strong></span> <span class='ocrx_word' id='word_1_783' title='bbox 778 5093 887 5124; x_wconf 79' lang='grc' dir='ltr'><strong>εται</strong></span> <span class='ocrx_word' id='word_1_784' title='bbox 910 5095 1068 5147; x_wconf 77' lang='grc' dir='ltr'><strong>αναφο</strong></span> <span class='ocrx_word' id='word_1_785' title='bbox 1105 5097 1163 5128; x_wconf 82' lang='grc' dir='ltr'>αν</span> <span class='ocrx_word' id='word_1_786' title='bbox 1204 5095 1345 5148; x_wconf 77' lang='grc' dir='ltr'><strong>παρα</strong></span> <span class='ocrx_word' id='word_1_787' title='bbox 1370 5095 1460 5127; x_wconf 79' lang='grc' dir='ltr'>του</span> <span class='ocrx_word' id='word_1_788' title='bbox 1491 5093 1582 5134; x_wconf 82' lang='grc' dir='ltr'>της</span> <span class='ocrx_word' id='word_1_789' title='bbox 1628 5093 1901 5147; x_wconf 79' lang='grc' dir='ltr'><strong>Αχρειοων</strong></span> <span class='ocrx_word' id='word_1_790' title='bbox 1936 5093 2199 5143; x_wconf 81' lang='grc' dir='ltr'><strong>σημοσιαν</strong></span> <span class='ocrx_word' id='word_1_791' title='bbox 2225 5095 2256 5126; x_wconf 80' lang='grc' dir='ltr'>κ</span> <span class='ocrx_word' id='word_1_792' title='bbox 2294 5093 2537 5134; x_wconf 78' lang='grc' dir='ltr'><strong>ατουντος</strong></span> <span class='ocrx_word' id='word_1_793' title='bbox 2557 5093 2621 5133; x_wconf 88' lang='grc' dir='ltr'>ως</span> <span class='ocrx_word' id='word_1_794' title='bbox 2648 5093 2705 5127; x_wconf 84' lang='grc' dir='ltr'>υ.</span> <span class='ocrx_word' id='word_1_795' title='bbox 2731 5093 2754 5107; x_wconf 66' lang='grc' dir='ltr'>ν</span> <span class='ocrx_word' id='word_1_796' title='bbox 2785 5093 2810 5123; x_wconf 83' lang='grc' dir='ltr'>Ο</span> <span class='ocrx_word' id='word_1_797' title='bbox 2837 5093 2936 5124; x_wconf 82' lang='grc' dir='ltr'>των</span> <span class='ocrx_word' id='word_1_798' title='bbox 2968 5102 3036 5111; x_wconf 84' lang='grc'>-··</span> <span class='ocrx_word' id='word_1_799' title='bbox 3065 5093 3246 5145; x_wconf 82' lang='grc' dir='ltr'><strong>αρχων</strong></span> <span class='ocrx_word' id='word_1_800' title='bbox 3277 5093 3401 5125; x_wconf 82' lang='lat' dir='ltr'>om.</span> <span class='ocrx_word' id='word_1_801' title='bbox 3448 5093 3509 5125; x_wconf 74' lang='grc' dir='ltr'>υ.</span> <span class='ocrx_word' id='word_1_802' title='bbox 3539 5093 3559 5103; x_wconf 67' lang='grc'>⁷</span> <span class='ocrx_word' id='word_1_803' title='bbox 3590 5093 3656 5129; x_wconf 84' lang='grc' dir='ltr'>ως</span> <span class='ocrx_word' id='word_1_804' title='bbox 3674 5093 3809 5131; x_wconf 75' lang='grc' dir='ltr'><strong>τινες</strong></span> <span class='ocrx_word' id='word_1_805' title='bbox 3832 5102 3895 5111; x_wconf 87' lang='lat'><strong>—</strong></span> 
     </span>
     <span class='ocr_line' id='line_1_107' title="bbox 546 5093 3895 5266; baseline 0 -73"><span class='ocrx_word' id='word_1_806' title='bbox 546 5093 860 5266; x_wconf 55' lang='lat' dir='ltr'>Baedwfxai</span> <span class='ocrx_word' id='word_1_807' title='bbox 886 5148 1047 5216; x_wconf 84' lang='grc' dir='ltr'><strong>τάχος</strong></span> <span class='ocrx_word' id='word_1_808' title='bbox 1164 5148 1183 5182; x_wconf 81' lang='grc'>⁵</span> <span class='ocrx_word' id='word_1_809' title='bbox 1207 5144 1545 5218; x_wconf 61' lang='grc' dir='ltr'><strong>παραμείψας</strong></span> <span class='ocrx_word' id='word_1_810' title='bbox 1575 5150 1661 5203; x_wconf 76' lang='grc' dir='ltr'><strong>τὴν</strong></span> <span class='ocrx_word' id='word_1_811' title='bbox 1692 5144 2072 5217; x_wconf 72' lang='grc' dir='ltr'><strong>Χριστούπολιν</strong></span> <span class='ocrx_word' id='word_1_812' title='bbox 2104 5160 2224 5200; x_wconf 88' lang='lat' dir='ltr'>om.</span> <span class='ocrx_word' id='word_1_813' title='bbox 2348 5147 2369 5181; x_wconf 83' lang='grc'>⁶</span> <span class='ocrx_word' id='word_1_814' title='bbox 2400 5148 2613 5217; x_wconf 81' lang='grc' dir='ltr'><strong>μετά-</strong></span> <span class='ocrx_word' id='word_1_815' title='bbox 2642 5140 2878 5215; x_wconf 75' lang='grc' dir='ltr'><strong>λογάδων</strong></span> <span class='ocrx_word' id='word_1_816' title='bbox 2900 5159 3023 5200; x_wconf 86' lang='lat' dir='ltr'>om.</span> <span class='ocrx_word' id='word_1_817' title='bbox 3057 5145 3120 5198; x_wconf 91' lang='lat' dir='ltr'>D.</span> <span class='ocrx_word' id='word_1_818' title='bbox 3143 5144 3162 5176; x_wconf 82' lang='grc'><em>’³</em></span> <span class='ocrx_word' id='word_1_819' title='bbox 3193 5146 3283 5194; x_wconf 88' lang='grc' dir='ltr'>καὶ</span> <span class='ocrx_word' id='word_1_820' title='bbox 3312 5172 3381 5182; x_wconf 87' lang='grc'><strong>--</strong></span> <span class='ocrx_word' id='word_1_821' title='bbox 3413 5145 3775 5216; x_wconf 76' lang='grc' dir='ltr'><strong>κρατουμένων</strong></span> <span class='ocrx_word' id='word_1_822' title='bbox 3798 5159 3895 5201; x_wconf 88' lang='lat' dir='ltr'>om</span> 
     </span>
     <span class='ocr_line' id='line_1_108' title="bbox 601 5214 2835 5266; baseline 0 0"><span class='ocrx_word' id='word_1_823' title='bbox 601 5253 615 5266; x_wconf 90' lang='lat'>.</span> <span class='ocrx_word' id='word_1_824' title='bbox 649 5214 671 5246; x_wconf 80' lang='grc'>⁸</span> <span class='ocrx_word' id='word_1_825' title='bbox 710 5219 1029 5266; x_wconf 80' lang='grc' dir='ltr'><strong>απηνόοευον</strong></span> <span class='ocrx_word' id='word_1_826' title='bbox 1058 5232 1239 5266; x_wconf 82' lang='lat' dir='ltr'>usnue</span> <span class='ocrx_word' id='word_1_827' title='bbox 1259 5218 1339 5266; x_wconf 80' lang='lat' dir='ltr'>ad</span> <span class='ocrx_word' id='word_1_828' title='bbox 1362 5217 1735 5266; x_wconf 70' lang='grc' dir='ltr'><strong>ἀποτρέποντες</strong></span> <span class='ocrx_word' id='word_1_829' title='bbox 1766 5218 1904 5266; x_wconf 76' lang='lat' dir='ltr'>(col.</span> <span class='ocrx_word' id='word_1_830' title='bbox 1945 5219 2075 5266; x_wconf 76' lang='lat'>1085</span> <span class='ocrx_word' id='word_1_831' title='bbox 2105 5222 2147 5266; x_wconf 84' lang='lat' dir='ltr'><strong>A</strong></span> <span class='ocrx_word' id='word_1_832' title='bbox 2174 5217 2227 5266; x_wconf 69' lang='lat' dir='ltr'>6i</span> <span class='ocrx_word' id='word_1_833' title='bbox 2254 5215 2560 5266; x_wconf 69' lang='grc' dir='ltr'><strong>ἲάπέτοεπον</strong></span> <span class='ocrx_word' id='word_1_834' title='bbox 2586 5234 2643 5266; x_wconf 90' lang='grc' dir='ltr'>το</span> <span class='ocrx_word' id='word_1_835' title='bbox 2656 5222 2737 5266; x_wconf 66' lang='lat' dir='ltr'>ira</span> <span class='ocrx_word' id='word_1_836' title='bbox 2772 5217 2835 5266; x_wconf 90' lang='lat' dir='ltr'>D.</span> 
     </span>
    </p>
   </div>
   <div class='ocr_carea' id='block_1_107' title="bbox 601 5214 2201 5290">
    <p class='ocr_par' dir='ltr' id='par_1_107' title="bbox 601 5214 2201 5290">
     <span class='ocr_line' id='line_1_109' title="bbox 601 5214 2201 5290; baseline 0.003 -21"><span class='ocrx_word' id='word_1_837' title='bbox 601 5253 615 5269; x_wconf 93' lang='lat'>.</span> <span class='ocrx_word' id='word_1_838' title='bbox 649 5214 671 5246; x_wconf 80' lang='grc'>⁸</span> <span class='ocrx_word' id='word_1_839' title='bbox 710 5214 1029 5287; x_wconf 76' lang='grc' dir='ltr'><strong>ἀπηγόρευον</strong></span> <span class='ocrx_word' id='word_1_840' title='bbox 1058 5232 1239 5288; x_wconf 85' lang='lat' dir='ltr'>usque</span> <span class='ocrx_word' id='word_1_841' title='bbox 1259 5214 1904 5290; x_wconf 57' lang='grc' dir='ltr'><strong>άάάποτρέποντεςωοι.</strong></span> <span class='ocrx_word' id='word_1_842' title='bbox 1945 5219 2075 5271; x_wconf 81' lang='grc'>1085</span> <span class='ocrx_word' id='word_1_843' title='bbox 2104 5222 2149 5272; x_wconf 84' lang='grc' dir='ltr'><strong>Α</strong></span> <span class='ocrx_word' id='word_1_844' title='bbox 2174 5220 2201 5273; x_wconf 81' lang='grc'><strong>6</strong></span> 
     </span>
    </p>
   </div>
   <div class='ocr_carea' id='block_1_108' title="bbox 2282 5214 2835 5290">
    <p class='ocr_par' dir='ltr' id='par_1_108' title="bbox 2282 5214 2835 5289">
     <span class='ocr_line' id='line_1_110' title="bbox 2282 5214 2835 5289; baseline 0.005 -21"><span class='ocrx_word' id='word_1_845' title='bbox 2282 5214 2560 5289; x_wconf 78' lang='grc' dir='ltr'><strong>ἀπέτρεπον</strong></span> <span class='ocrx_word' id='word_1_846' title='bbox 2586 5234 2643 5268; x_wconf 90' lang='grc' dir='ltr'>το</span> <span class='ocrx_word' id='word_1_847' title='bbox 2656 5214 2737 5267; x_wconf 65' lang='lat' dir='ltr'>ira</span> <span class='ocrx_word' id='word_1_848' title='bbox 2772 5217 2835 5271; x_wconf 91' lang='lat' dir='ltr'>D.</span> 
     </span>
    </p>
   </div>
   <div class='ocr_carea' id='block_1_109' title="bbox 2299 4656 3900 4738">
    <p class='ocr_par' dir='ltr' id='par_1_109' title="bbox 2299 4656 3900 4738">
     <span class='ocr_line' id='line_1_111' title="bbox 2299 4656 3900 4738; baseline -0.004 -21"><span class='ocrx_word' id='word_1_849' title='bbox 2299 4667 2476 4738; x_wconf 76' lang='grc' dir='ltr'><strong>χάνων</strong></span> <span class='ocrx_word' id='word_1_850' title='bbox 2505 4662 2840 4720; x_wconf 77' lang='grc' dir='ltr'><strong>καθέστηκεν.</strong></span> <span class='ocrx_word' id='word_1_851' title='bbox 2902 4659 3219 4736; x_wconf 77' lang='grc' dir='ltr'><strong>Προσϐαλεῖν</strong></span> <span class='ocrx_word' id='word_1_852' title='bbox 3268 4656 3327 4712; x_wconf 70' lang='grc' dir='ltr'>δὲ</span> <span class='ocrx_word' id='word_1_853' title='bbox 3387 4664 3479 4711; x_wconf 81' lang='grc' dir='ltr'>καὶ</span> <span class='ocrx_word' id='word_1_854' title='bbox 3528 4661 3660 4733; x_wconf 84' lang='grc' dir='ltr'>μετὰ</span> <span class='ocrx_word' id='word_1_855' title='bbox 3725 4668 3900 4734; x_wconf 76' lang='grc' dir='ltr'><strong>πεῖραν</strong></span> 
     </span>
    </p>
   </div>
   <div class='ocr_carea' id='block_1_110' title="bbox 1456 5392 3043 5462">
    <p class='ocr_par' dir='ltr' id='par_1_110' title="bbox 1456 5392 3043 5462">
     <span class='ocr_line' id='line_1_112' title="bbox 1456 5392 3043 5462; baseline -0.001 -3"><span class='ocrx_word' id='word_1_856' title='bbox 1456 5392 1795 5460; x_wconf 91' lang='lat' dir='ltr'>Theodori</span> <span class='ocrx_word' id='word_1_857' title='bbox 1847 5394 2092 5462; x_wconf 76' lang='lat' dir='ltr'>Dousae</span> <span class='ocrx_word' id='word_1_858' title='bbox 2142 5403 2208 5462; x_wconf 90' lang='lat' dir='ltr'>et</span> <span class='ocrx_word' id='word_1_859' title='bbox 2256 5393 2507 5461; x_wconf 87' lang='lat' dir='ltr'>Leonis</span> <span class='ocrx_word' id='word_1_860' title='bbox 2557 5392 2787 5461; x_wconf 90' lang='lat' dir='ltr'>Allatii</span> <span class='ocrx_word' id='word_1_861' title='bbox 2839 5399 3043 5459; x_wconf 69' lang='lat' dir='ltr'>notae.</span> 
     </span>
    </p>
   </div>
   <div class='ocr_carea' id='block_1_111' title="bbox 620 5571 2165 5655">
    <p class='ocr_par' dir='ltr' id='par_1_111' title="bbox 620 5571 2165 5655">
     <span class='ocr_line' id='line_1_113' title="bbox 620 5571 2165 5655; baseline 0 -24"><span class='ocrx_word' id='word_1_862' title='bbox 620 5577 740 5655; x_wconf 79' lang='grc'>(84)</span> <span class='ocrx_word' id='word_1_863' title='bbox 761 5582 863 5637; x_wconf 83' lang='grc' dir='ltr'>Τῆς</span> <span class='ocrx_word' id='word_1_864' title='bbox 882 5583 1043 5650; x_wconf 84' lang='grc' dir='ltr'><strong>μονῆς</strong></span> <span class='ocrx_word' id='word_1_865' title='bbox 1076 5580 1171 5629; x_wconf 79' lang='grc' dir='ltr'><strong>τοῦ</strong></span> <span class='ocrx_word' id='word_1_866' title='bbox 1200 5576 1387 5646; x_wconf 78' lang='grc' dir='ltr'><strong>Βηρός.</strong></span> <span class='ocrx_word' id='word_1_867' title='bbox 1416 5571 1726 5642; x_wconf 89' lang='lat' dir='ltr'>Choniata,</span> <span class='ocrx_word' id='word_1_868' title='bbox 1756 5589 1823 5648; x_wconf 92' lang='lat' dir='ltr'>p.</span> <span class='ocrx_word' id='word_1_869' title='bbox 1874 5578 1994 5647; x_wconf 74' lang='lat'>595,</span> <span class='ocrx_word' id='word_1_870' title='bbox 2030 5582 2165 5632; x_wconf 80' lang='lat' dir='ltr'>ALL.</span> 
     </span>
    </p>
   </div>
  </div>
