4084 6212
211 288 358 346 1085

1728 291 2076 350 ANNALES.

3445 304 3580 359 1086

211 433 328 476 τοις
378 415 515 466 πάνυ
573 409 782 483 πολλὴ),
837 415 928 463 καὶ
986 413 1047 464 τὸ
1102 415 1228 486 πρὸς
1273 414 1457 486 μάχην
1508 422 1828 488 παροτρῦναι

1944 417 2077 474 inde
2102 419 2365 476 utilitatis
2395 419 2679 490 futurum,
2712 423 2889 480 rebus
2943 425 3332 496 Bulgarorum
3388 425 3584 496 magis

213 502 546 578 Βουλγάρους
600 500 1032 574 ἑφησυχάζοντος
1087 502 1261 555 οὐκέτι
1320 507 1594 578 συμφέρει.
1650 512 1829 558 Ταῦτα

217 592 586 646 συνεϐούλευον
625 593 673 644 οἱ
728 594 817 643 τόν
879 589 1105 664 βασιλέα
1151 600 1246 654 τῆς
1291 591 1646 668 ἐγχειρήσεως
1700 592 1828 648 ἀπο-

213 685 505 756 τρέποντες.
538 679 598 732 ⁸0
648 676 708 732 δε
762 679 1110 752 Παλαιολόγος
1167 677 1522 756 Ἀνδρόνικος,
1579 683 1633 734 ὃν
1669 687 1828 756 μέγαν

217 766 534 842 δομέστικον
597 769 623 820 6
658 767 811 839 λόγος
879 787 970 841 μοι
1059 774 1426 844 προίστόρησε,
1513 774 1578 824 τὰ
1627 770 1830 824 ἐναντία

213 859 412 933 μᾶλλον
464 867 537 929 τῷ
603 855 816 931 βασιλεῖ
868 856 1218 915 συνεϐούλευε.
1282 865 1382 912 Καὶ
1441 858 1830 934 ἀποπειρᾶσθαι

215 953 332 1021 χρὴ
362 955 455 1000 τοῦ
485 948 686 1008 ἄστεως
730 955 830 998 τῶν
874 945 1066 1022 Σεῤῥῶν
1125 949 1166 1002 θ.
1235 953 1334 1000 Καὶ
1389 949 1432 1001 εἰ
1485 952 1575 1021 μὲν
1629 952 1828 1023 κρατή-

222 1055 382 1110 σομεν
430 1039 638 1103 τούτου,
714 1031 900 1110 κέρδος
970 1035 1276 1108 ἐσχήκαμεν
1348 1037 1406 1089 ού
1479 1041 1685 1111 μικρὸν,
1739 1044 1828 1092 καὶ

219 1125 417 1200 μᾶλλον
477 1127 545 1178 τὰ
616 1133 714 1176 τῶν
803 1123 1104 1196 Βουλγάρων
1174 1129 1678 1194 ταπεινωθὴσονται,
1736 1132 1828 1181 καὶ

220 1219 322 1274 τὴν
393 1222 483 1276 τῆς
547 1213 752 1285 ἀγάπης
815 1213 1092 1286 πρεσϐείαν
1145 1215 1511 1290 εὐχερέστερον
1569 1213 1823 1288 δέξαιντο,

223 1303 339 1358 ἐπεὶ
378 1309 465 1356 καὶ
523 1300 757 1356 ἐκποδὼν
810 1304 980 1355 αὐτῶν
1033 1305 1059 1355 6
1113 1300 1398 1374 δεσπότης,
1448 1306 1617 1378 μέλλει
1648 1304 1707 1360 δε
1739 1313 1830 1362 καὶ

224 1395 354 1447 ἄλλο
390 1393 582 1467 βρέφος
614 1392 769 1464 ἄρξαι
796 1401 894 1444 τῶν
925 1393 1228 1467 Βουλγάρων
1263 1395 1288 1445 6
1340 1393 1394 1446 ἐκ
1461 1403 1555 1458 τῆς
1606 1395 1831 1471 Εἰρήνης

223 1493 325 1546 τῆς
393 1491 485 1536 τοῦ
545 1482 789 1555 Ἄγγελον
843 1479 1120 1555 Θεοδώρου
1181 1491 1252 1554 τῷ
1329 1483 1490 1536 Ἀσάν
1569 1487 1833 1556 γεννηθεὶς

221 1572 472 1644 Μιχαὴλ.
503 1572 563 1626 Εἰ
605 1569 665 1624 δὲ
715 1577 786 1644 μὴ
836 1573 1195 1647 περιγενέσθαι
1251 1573 1392 1644 ἡμᾶς
1445 1571 1677 1645 συμϐαίη
1738 1581 1830 1626 τοῦ

223 1665 447 1729 ἄστεως,
478 1667 530 1714 τί
559 1665 617 1714 τὸ
647 1665 838 1733 ζημίαν
869 1660 1059 1732 ἐπάγον
1084 1669 1146 1733 τῇ
1175 1669 1273 1712 τῶν
1324 1660 1587 1733 Ῥωμαίων
1633 1661 1776 1737 ἀρχῇ
1809 1679 1828 1735 ς

219 1751 460 1812 λαϐόντες
500 1754 602 1825 γὰρ
639 1748 914 1826 διάπειραν
972 1753 1320 1825 ἠρεμήσομεν,
1367 1755 1456 1802 καὶ
1503 1750 1654 1803 πάλιν
1710 1747 1829 1804 δια·
1861 1801 1900 1852 Β

219 1839 610 1915 πρεσϐεύσομεν
677 1843 808 1915 πρὸς
875 1839 1218 1914 Βουλγάρους,
1288 1838 1516 1892 κάκεῖνοι
1601 1839 1831 1913 ἀσμένως

216 1934 317 1988 τὴν
343 1927 618 2003 πρεσϐείαν
647 1924 884 1990 δέξαιντο
930 1929 1030 1980 ύπὸ
1090 1927 1317 2002 βρέφους
1363 1929 1668 2000 ἀρχόμενοι,
1703 1928 1729 1980 ὃ
1765 1930 1832 1980 τὰ

221 2022 351 2093 πρὸς
381 2022 564 2092 μάχην
614 2017 707 2070 ούκ
760 2013 920 2074 οἶδεν.
972 2015 1232 2078 Ἕκαστος
1283 2014 1341 2069 δὲ
1389 2020 1454 2069 τὰ
1499 2017 1829 2092 τῆςείρήνης

223 2107 380 2180 φιλεῖ,
436 2116 526 2168 τῆς
595 2105 934 2168 ἀναπαύσεως
1019 2106 1432 2178 στοχαζόμενος.
1522 2108 1565 2141 ¹⁰
1640 2102 1830 2168 Ἔδοξε

223 2204 298 2266 τῷ
377 2194 591 2268 βασιλεῖ
667 2197 862 2268 ἄριστα
943 2193 1326 2268 βεϐουλεῦσθαι
1394 2199 1482 2247 τὸν
1534 2199 1695 2267 μέγαν
1741 2191 1830 2247 δο-

222 2292 492 2360 μέστικον,
543 2291 634 2338 καὶ
683 2293 810 2358 γοῦν
869 2293 966 2347 τῆς
1033 2288 1164 2360 πρὸς
1212 2287 1304 2347 τὰς
1389 2284 1574 2360 Σέῤῥας
1655 2287 1831 2358 φερού-

230 2395 332 2438 σης
381 2377 452 2437 ὡς
510 2371 668 2446 εἶχεν,
723 2373 920 2444 ἣψατο.
982 2370 1180 2445 Σχεδὸν
1240 2370 1291 2426 δ’
1347 2373 1511 2426 ἐκεῖσε
1565 2378 1834 2445 γενόμενος

227 2464 458 2527 ἐπήξατο
508 2483 562 2516 τι
609 2466 698 2524 τὰς
745 2465 942 2524 σκηνὰς
997 2468 1087 2515 καὶ
1142 2463 1257 2514 κατ’
1306 2462 1470 2514 αὐτῶν
1520 2461 1832 2534 ἐστρατοπε-

232 2549 480 2619 δεύσατο,
531 2556 713 2605 οὔκουν
763 2557 853 2624 μὲν
893 2548 968 2604 δι’
1019 2551 1316 2624 ἀξιομάχου
1349 2558 1572 2624 στρατοῦ
1603 2550 1684 2618 (ού
1731 2553 1830 2624 γὰρ

234 2642 480 2718 ηύμοίρει
533 2645 782 2694 τοσούτου
855 2645 991 2711 τότε,
1074 2643 1248 2702 καθὼς
1304 2640 1626 2714 εἰρήκαμεν),
1679 2659 1834 2712 στρα-

229 2735 397 2803 τηγίᾳ
443 2727 502 2783 δὲ
553 2735 640 2783 καὶ
705 2726 1092 2803 μεθοδεύμασιν
1153 2729 1388 2802 ἐπειρᾶτο
1463 2736 1554 2780 τοῦ
1611 2729 1830 2788 ἄστεως.

225 2821 373 2873 Ἐπεὶ
423 2816 472 2871 δ’
527 2821 582 2871 αἱ
634 2818 815 2894 Σέρῥαι
873 2817 1034 2870 πάλαι
1082 2820 1172 2890 μεν
1227 2819 1438 2890 ὑπῆρχε
1498 2816 1648 2877 πόλις
1683 2819 1834 2889 μεγί-

231 2928 354 2974 στη,
415 2909 439 2960 ὁ
497 2904 558 2961 δὲ
619 2907 906 2980 Βούλιγαρος
987 2907 1222 2966 Ἰωάννης
1305 2909 1435 2978 μετὰ
1489 2913 1588 2958 τῶν
1643 2904 1836 2957 λοιπευν

227 2994 601 3052 Μακεδονικῶν

227 3087 566 3164 κατήρειψεν,
625 3090 690 3148 ὡς
746 3092 894 3159 κώμη
966 3091 1084 3138 τότε
1148 3083 1421 3158 ἐτύγχανε,
1477 3092 1568 3145 τῆς
1617 3082 1840 3157 ἀκροπό-

229 3175 354 3236 λεως
403 3181 560 3249 μόνης
636 3178 1159 3249 περιτετειχισμένης
1238 3178 1328 3224 καὶ
1421 3171 1840 3247 ηὐτρεπισμένης

233 3261 489 3328 δέξασθαι
576 3263 816 3337 πόλεμον,
889 3265 948 3324 ἧς
1029 3261 1195 3335 φύλαξ
1244 3259 1304 3320 ἦν
1369 3259 1490 3336 ἀνὴρ
1552 3261 1840 3332 Βούλγαρος

234 3360 513 3428 Δραγωτὰς
551 3354 664 3425 (85)
711 3358 804 3412 τὴν
858 3351 1064 3419 κλῆσιν,
1137 3351 1184 3412 ἐς
1241 3349 1515 3405 Μελενίκου
1575 3353 1668 3411 τὰς
1698 3350 1839 3409 οἰκή-

237 3463 345 3504 σεις
395 3446 718 3516 ποιούμενος.
777 3443 920 3495 Ἐπεὶ
975 3449 1098 3514 γοῦν
1156 3443 1185 3500 ἡ
1236 3442 1378 3493 κάτω
1445 3439 1590 3500 πόλις
1647 3437 1838 3513 Σερρῶν

236 3531 544 3606 ἀτείχιστος
575 3529 635 3590 ἧν
666 3531 844 3602 (λίθοις
873 3535 959 3584 καὶ
1003 3533 1103 3602 γὰρ
1134 3534 1328 3603 μόνοις,
1359 3527 1619 3581 ἀσϐέστου
1679 3523 1836 3599 δίχα,

233 3627 440 3696 καὶμὴ
499 3621 806 3694 ἀνηγμένοις
859 3621 930 3682 εἰς
988 3619 1122 3690 ὕψος
1173 3621 1240 3671 τὰ
1281 3620 1639 3690 τεθραυσμένα
1693 3618 1842 3687 τάχα

232 3711 697 3787 περιεφράσννυτο),
771 3714 890 3770 τοὺς
943 3707 1026 3761 ἐπὶ
1074 3709 1250 3780 μισθῷ
1337 3715 1443 3766 τοῖς
1489 3711 1840 3778 στρατιώταις

235 3798 593 3866 δουλεύοντας,
625 3799 715 3861 ούς
742 3805 831 3851 καί
855 3797 1257 3858 Τζουλούκωνας
1305 3797 1334 3854 ἡ
1373 3791 1585 3867 χυδαία
1637 3793 1840 3865 γλῶττα

233 3890 604 3962 κατονομάζει,
665 3888 745 3961 [Ρ.
801 3887 891 3960 41]
941 3888 1288 3959 συναθροίσας
1337 3885 1362 3936 6
1410 3881 1661 3956 βασιλεύς
1709 3902 1836 3955 κρα-

232 3988 400 4039 τῆσαι
446 3981 641 4040 ταύτης
697 3979 960 4050 ὴμέθισεν,
1020 3974 1126 4028 ἐπεὶ
1182 3983 1278 4034 τῶς
1335 3972 1626 4043 ἀναγκαίων
1680 3970 1840 4024 ἐσπάι

233 4071 399 4136 νιζον,
449 4067 498 4120 οἲ
560 4073 651 4120 καὶ
697 4067 893 4119 οῖκοθεν
951 4063 1208 4117 ἐκινοῦντο
1259 4081 1390 4137 προς
1442 4065 1499 4114 τὸ
1551 4061 1842 4134 εὐπορῆσαι

233 4167 338 4211 τῶν
393 4153 689 4231 χρειωδῶν.
757 4155 1004 4226 Ὁρὼντες
1045 4149 1103 4205 δὲ
1155 4157 1245 4204 καὶ
1300 4156 1394 4210 τὴν
1443 4157 1624 4226 χώραν
1674 4150 1840 4202 εύεπί-

235 4248 414 4317 ϐατον,
475 4250 541 4299 τὰ
591 4246 718 4308 τόξα
771 4242 1054 4314 λαϐόντες,
1095 4245 1173 4294 ἔτι
1229 4239 1288 4294 δὲ
1349 4246 1438 4292 καὶ
1495 4241 1702 4301 σπάθας
1748 4243 1840 4292 καί

233 4357 383 4400 τινας
439 4331 660 4397 σανίδας
726 4329 1297 4404 ἐξαυτοσχεδιάσαντες
1345 4333 1410 4391 ὡς
1468 4325 1718 4395 ἀσπίδας,
1750 4333 1839 4380 καὶ

1502 4418 1841 4481 ἀλαλάξαντες

702 2996 892 3050 πόλεων
997 3000 1087 3048 καὶ
1182 2997 1377 3053 ταύτην
1480 2994 1838 3068 πολιορκήσας

241 4431 436 4489 ταύτας
509 4423 765 4501 προϐεϐλη
772 4429 932 4497 μένοι,
1029 4425 1087 4474 τὸ
1206 4420 1406 4494 ἁρείκὸν

1938 522 2010 562 ac
2037 509 2228 578 magis
2255 508 2504 581 afﬂictis,
2539 511 2642 582 qui
2673 512 2786 568 ista
2807 514 3036 570 ratione
3081 515 3439 585 legationem
3473 529 3583 586 pro

1937 611 2086 667 pace
2113 597 2378 653 ineunda
2416 599 2748 671 expeditius
2789 602 3122 668 admittent,
3168 620 3364 660 cuma
3418 603 3584 660 nullo

1935 690 2240 754 regantur,
2283 691 2340 742 et
2394 687 2636 742 infantis
2691 689 2986 747 Michaelis
3024 709 3095 748 ex
3155 692 3317 747 Irene
3378 691 3586 761 Angeli

1936 773 2225 828 Theodori
2257 773 2382 830 ﬁlia
2406 781 2605 832 Asauo
2637 780 2898 850 suscepti
2927 781 3401 838 dominationem
3424 780 3584 837 subi-

1937 863 2071 917 turi.
2107 864 2279 929 Quod
2305 864 2351 918 si
2381 871 2646 922 castrum
2669 867 2750 922 ita
2776 867 2994 925 ferente
3016 870 3254 927 fortuna
3273 870 3446 926 nobis
3461 886 3586 926 non

1937 953 2179 1008 cesserit
2191 994 2202 1018 ,
2215 953 2362 1026 quid
2373 953 2514 1010 inde
2529 957 2935 1013 Romanorum
2949 959 3201 1032 imperio
3216 958 3586 1016 incommodi

1935 1040 2243 1113 impendet
2275 1044 2302 1100 ?
2337 1045 2475 1098 Rem
2517 1046 2741 1116 experti
2775 1047 3167 1114 cessabimus,
3224 1064 3586 1120 rursumque

1935 1129 2098 1185 viros
2128 1131 2204 1185 ad
2239 1131 2520 1202 Bulgaros
2545 1133 2905 1206 legabimus,
2956 1137 3060 1208 qui
3119 1137 3198 1194 ab
3237 1138 3479 1203 infante,
3510 1151 3586 1193 ne

1938 1219 2180 1274 nomine
2193 1220 2439 1292 quidem
2456 1237 2673 1293 pugnae
2689 1226 2950 1297 conscio,
2968 1226 3284 1296 gubernati
3298 1227 3586 1283 lubentis-

1939 1308 2086 1362 sime
2128 1307 2340 1378 legatis
2398 1310 2671 1367 animum
2727 1313 3056 1370 advertent.
3141 1315 3395 1380 Quilibet
3447 1330 3586 1372 vero

1937 1397 2155 1470 quietis
2169 1399 2493 1455 commoda
2510 1400 2620 1455 sibi
2638 1408 3069 1473 repraesentans
3089 1419 3300 1476 pacem
3323 1409 3588 1477 exoptat.

1939 1487 2170 1558 Optime
2193 1487 2465 1543 omnium
2485 1504 2774 1558 magnum
2797 1491 3194 1548 domesticum
3220 1494 3589 1550 consuluisse

1938 1575 2284 1647 imperatori
2315 1575 2434 1647 80
2463 1577 2662 1633 visum
2693 1583 2798 1648 est,
2833 1585 2888 1634 et
2931 1580 3008 1635 ad
3065 1583 3266 1637 Serras
3308 1583 3436 1646 iter,
3459 1586 3592 1637 utut

1938 1665 2146 1736 potuit,
2181 1665 2529 1734 ingreditur,
2564 1667 2957 1740 proximeque
2997 1669 3292 1724 accedens
3327 1669 3591 1724 tentoriis

1941 1753 2179 1807 structis
2200 1758 2399 1808 castra
2448 1758 2724 1824 metatur,
2765 1771 2887 1810 non
2936 1757 3228 1812 exercitus
3285 1757 3506 1812 viribus
3527 1755 3592 1811 ﬁ-

1939 1838 2109 1904 dens,
2137 1856 2315 1912 quem
2341 1841 2624 1909 exiguum
2657 1857 2728 1897 ac
2751 1843 3036 1912 pusillum
3095 1843 3278 1900 fuisse
3307 1844 3587 1900 diximus.

1940 1927 2082 1981 Hinc
2117 1927 2467 1984 militaribus
2493 1929 2723 1984 artibus
2763 1947 2832 1986 ac
2864 1932 3096 1987 insidiis
3131 1933 3341 1988 urbem
3381 1948 3592 2002 aggre-

1940 2013 2116 2070 ditur.
2144 2017 2328 2072 Serrae
2359 2017 2606 2090 antiquo
2633 2035 2762 2074 aevo
2793 2020 2996 2076 civitas
3019 2021 3306 2091 maxima,
3329 2025 3593 2092 postmo-

1940 2102 2083 2158 dum
2113 2121 2147 2160 a
2167 2107 2393 2160 Joanne
2426 2106 2678 2176 Bulgaro
2707 2123 2830 2164 una
2881 2125 3016 2164 cum
3038 2109 3168 2165 aliis
3196 2109 3591 2167 Macedonicis

1941 2192 2192 2248 urbibus
2211 2194 2522 2250 obsidione
2537 2200 2704 2266 septa
2719 2197 2966 2270 soloque
2979 2203 3238 2272 aequata,
3257 2205 3396 2254 tunc
3412 2198 3594 2254 veluti

1941 2281 2107 2337 vicus
2120 2288 2362 2355 apertus
2377 2284 2708 2356 prostabat,
2725 2301 2860 2341 arce
2873 2292 3104 2343 tantum
3130 2289 3314 2344 muris
3335 2288 3594 2344 circum—

1942 2377 2127 2442 septa,
2151 2372 2350 2445 sicque
2376 2373 2837 2430 accommodata
2857 2379 2922 2430 ut
2953 2375 3176 2432 bellum
3208 2381 3416 2448 posset
3439 2375 3594 2431 exci-

1942 2477 2100 2532 pere.
2125 2460 2278 2516 lllius
2297 2461 2585 2517 custodiae
2603 2463 2687 2517 vir
2708 2463 2996 2532 Bulgarus
3017 2466 3308 2534 Dragotas
3325 2464 3594 2531 nomine,

1942 2549 2200 2606 Melenici
2251 2549 2454 2606 sedem
2511 2550 2765 2619 habens,
2825 2552 3194 2623 invigilabat.
3251 2555 3400 2609 Cum
3453 2568 3596 2622 ergo

1945 2643 2252 2697 Serrarum
2293 2639 2438 2694 urbs
2492 2639 2734 2695 inferior
2789 2640 3024 2714 absque
3069 2643 3372 2698 mcenibus
3419 2646 3593 2712 esset,

1941 2729 2166 2800 quippe
2188 2744 2322 2800 qua:
2355 2727 2511 2782 saxis
2534 2733 2766 2784 tantum
2798 2730 3033 2802 absque
3078 2731 3263 2799 calce,
3297 2747 3406 2787 nec
3435 2730 3506 2787 iis
3536 2730 3599 2786 in

1943 2817 2316 2873 altitudinem
2343 2815 2617 2886 sublatis,
2648 2817 2708 2872 in
2761 2818 2907 2874 locis
2955 2835 3266 2875 murorum
3298 2819 3598 2891 quassatis

1944 2906 2326 2978 disjectisque
2367 2904 2739 2975 cingebatur,
2781 2908 3054 2963 mercede
3087 2909 3417 2964 conductos
3446 2908 3597 2964 mili-

1945 3000 2072 3052 tum
2093 2995 2538 3066 famulos,quos
2577 2994 2940 3052 Tzucalonas
2968 2996 3186 3066 vulgus
3223 2997 3431 3066 lingua
3467 3011 3601 3068 pro-

1947 3088 2077 3160 pria
2089 3085 2449 3151 nominat,in
2463 3099 2646 3138 unum
2662 3099 3033 3154 exaggerans
3045 3086 3366 3158 imperator
3376 3084 3454 3141 ad
3468 3101 3597 3141 eam

1948 3175 2386 3247 occupandam,
2417 3188 2554 3228 cum
2575 3173 2925 3229 necessariis
2953 3173 3438 3241 destituerentur,
3470 3174 3600 3246 qui-

1947 3279 2064 3338 que
2081 3264 2264 3319 domo
2283 3260 2506 3332 egressi
2523 3260 2758 3316 fuerant
2777 3265 2838 3316 ut
2854 3261 2966 3317 sibi
2984 3261 3183 3318 futura
3212 3261 3346 3318 usui
3376 3262 3598 3318 submi-

1948 3353 2286 3416 nistrarent,
2315 3351 2593 3407 incitavit.
2625 3348 2690 3403 Hi
2721 3365 2858 3404 cum
2901 3349 3102 3406 locum
3146 3349 3308 3406 aditu
3362 3349 3600 3406 facilem

1947 3442 2253 3505 vidissent,
2277 3443 2534 3514 acceptis
2567 3441 2794 3512 sagittis
2833 3444 2887 3496 et
2916 3438 3184 3509 ensibus,
3222 3443 3279 3494 et
3299 3438 3600 3495 nonnullis

1949 3531 2168 3588 tabulis
2202 3531 2261 3586 in
2290 3530 2540 3587 modum
2555 3531 2704 3587 scuti
2723 3547 2796 3586 ex
2822 3533 3109 3602 tempore,
3127 3527 3350 3600 quibus
3376 3543 3598 3601 corpus

1948 3621 2355 3687 defenderent,
2396 3621 2722 3678 detornatis
2761 3619 3077 3677 classicum
3118 3619 3501 3676 concinentes
3538 3619 3600 3674 in

1948 3712 2160 3767 urbem
2184 3711 2314 3783 ipso
2331 3710 2592 3766 clamore
2614 3712 2976 3782 irrumpunt,
2995 3714 3051 3765 et
3073 3723 3196 3764 non
3219 3713 3352 3780 post
3377 3707 3598 3764 multas

1947 3802 2129 3858 horas
2147 3801 2468 3869 introeunt,
2486 3801 2669 3856 obvia
2689 3815 2946 3872 quaeque
2961 3798 3220 3871 rapiunt.
3247 3801 3327 3853 Ex
3345 3797 3599 3864 civibus,

1948 3885 2296 3958 quicunque
2319 3885 2377 3940 in
2411 3901 2610 3940 arcem
2658 3899 2782 3939 non
2833 3881 3245 3948 convolarunt,
3299 3882 3601 3953 supplices

1948 3973 2026 4030 ad
2053 3973 2475 4044 imperatorem
2500 3971 3030 4042 Slegrediuntur.
3076 3969 3236 4024 Areis
3285 3968 3601 4040 praefectus

1949 4062 2257 4131 Dragotas,
2293 4062 2476 4117 homo
2506 4061 2812 4130 Bulgarus,
2841 4065 2896 4115 et
2925 4074 3031 4131 per
3061 4057 3320 4112 multum
3358 4062 3598 4127 tempus

1948 4151 2028 4208 ad
2048 4151 2302 4207 tuendas
2315 4165 2385 4205 ac
2397 4149 2808 4206 defendendas
2821 4163 2988 4203 arces
3021 4146 3196 4219 plane
3217 4145 3473 4217 ineptus,
3495 4143 3602 4200 ubi

1950 4238 2137 4297 audiit
2150 4237 2487 4292 inferiorem
2505 4235 2715 4292 urbem
2745 4240 2982 4307 captam
2999 4249 3109 4288 nec
3126 4249 3246 4288 non
3263 4231 3491 4288 domini
3510 4230 3600 4286 sui

1949 4329 2202 4392 obitum,
2233 4327 2318 4382 ita
2339 4325 2571 4381 favente
2590 4326 2844 4389 fortuna,
2873 4340 2993 4379 non
3013 4323 3116 4378 diu
3134 4323 3461 4390 sustinens,
3487 4320 3600 4376 im-

1950 4409 2209 4487 peratori
2239 4408 2313 4463 de
2335 4421 2468 4462 arce
2486 4405 2762 4461 dedenda
2784 4403 3099 4473 signiﬁcat.
3120 4406 3185 4458 Et
3207 4403 3288 4458 sic
3319 4419 3426 4458 arx
3446 4401 3601 4456 illico

237 4525 484 4592 χωρούσι
532 4517 668 4568 κατὰ
717 4522 812 4576 τῆς
860 4519 1045 4586 χώρας
1081 4510 1338 4576 αὐτοϐοεὶ,
1380 4513 1470 4561 καὶ
1518 4508 1565 4560 ὶν
1616 4508 1674 4560 ού
1721 4508 1840 4560 πολ-

1951 4503 2359 4574 imperatorem
2373 4495 2737 4565 recognovit.
2750 4497 3041 4564 Dragotas
3057 4508 3360 4565 purpurea
3372 4490 3604 4546 chlaana

239 4608 359 4668 λαῖς
385 4609 542 4679 ὥραις
570 4603 709 4664 ἐντὸς
735 4602 978 4675 ἐγένοντο.
1032 4599 1348 4653 Σκυλεύουσι
1394 4605 1517 4668 γοῦν
1584 4599 1651 4649 τὰ
1703 4615 1840 4670 παρ-

241 4698 530 4772 ευρεθέντα.
590 4695 656 4746 Οἱ
724 4689 782 4745 δὲ
840 4710 899 4763 γε
956 4689 1114 4755 ἐντὸς,
1176 4690 1292 4740 ὅσοι
1339 4691 1410 4760 μὴ
1467 4684 1840 4756 ἐπεφθάκεισαν

314 4787 336 4821 9
391 4786 418 4837 6
485 4780 545 4836 δὲ
623 4781 970 4851 Παλαιολόγρς
1037 4780 1062 4830 6
1137 4783 1337 4851 μέγαςΔ
1379 4772 1442 4828 δο

314 4799 336 4821 ν
391 4804 418 4837 ο
485 4799 545 4836 σε
624 4799 910 4851 ιιαΑαιοΛοσγ
949 4800 970 4840 ς
1037 4799 1062 4830 ο
1137 4799 1300 4851 μεγας
1379 4799 1553 4828 causa"

238 4856 535 4942 lavi}.”'°
582 4861 685 4907 Τού
764 4849 822 4906 δὲ
894 4799 1169 4942 οβξςὰμεδος
1219 4851 1246 4942 6
1308 4829 1553 4921 βασιλεὺς

241 4920 318 4982 λῖν
343 4925 884 5002 διεῤῥιμμένηνκτὴν-
920 4920 972 4975 δ’
1018 4920 1314 4996 ἀκρόπολιν
1352 4920 1765 5002 τετειχισμένην,
1817 4921 1906 4966 καὶ

381 4999 392 5014 ³

239 5001 330 5054 οὖν
371 4983 676 5072 ἀθροίέαςὸ
723 4983 984 5067 ’βασιλεὺς
1041 4983 1308 5068 κρατῆσαι
1359 4983 1556 5049 ταύτης
1592 4983 1834 5060 ἦρέθίσε,
1895 4983 1969 5038 οἵ
2001 4983 2067 5068 re}
2108 4983 2240 5067 τόξα
2292 4983 2532 5064 λαϐόντες
2588 4983 2678 5024 καὶ
2706 4983 2962 5072 ,σανεδὶας
3013 4983 3459 5072 αύῇτρσχεδιασανὶ

511 5069 552 5121 ἰν
583 5039 641 5120 οῗό
704 5039 872 5130 πεολλῷ
925 5039 1190 5130 κρατὴῖσαι
1253 5081 1443 5122 ταύτης
1485 5039 1746 5130 ἴσχυσαν,
1796 5039 1885 5109 κάὶ
1939 5051 2256 5130 σκμλεύουσι
2295 5052 2370 5130 ,τὰ
2417 5042 3002 5130 παρευρημενα.η”οο;οι
3054 5039 3347 5130 δ’ῖσχυσαν
3395 5048 3494 5092 τῶν
3526 5039 3604 5128 ἐντ

239 5064 481 5131 ἀσπίδας
504 5069 552 5121 ἐν
583 5069 641 5120 ού
704 5064 872 5137 πολλῷ
925 5064 1190 5138 κρατῆσαι
1234 5081 1443 5138 μταυτης
1485 5064 1746 5138 ἴσχυσαν,

240 5147 352 5212 τὸς,
415 5145 580 5194 ἱκέται
633 5141 761 5213 πρὸς
809 5123 896 5190 τόν
953 5122 1176 5213 βασιλέα
1225 5135 1370 5213 ﬁxos.
1437 5137 1537 5185 Καὶ
1595 5132 1944 5213 ὸκρρμγωτᾶς
1994 5122 2125 5213 dcit:

1951 4605 2100 4646 auro
2125 4590 2406 4643 contexta
2435 4584 2728 4653 amicitur,
2750 4587 2807 4640 et
2826 4587 3113 4638 staterum
3135 4597 3457 4637 aureorum
3483 4579 3601 4634 vim

1952 4694 2075 4734 non
2087 4673 2590 4732 contemnendam
2607 4672 2838 4744 accipit.
2856 4672 3026 4727 Proin
3041 4669 3388 4739 magniﬁcas
3403 4667 3603 4723 admo-

1451 4779 1690 4846 μέστικος
1747 4778 1838 4846 καί⁵

1944 4765 2277 4846 τοπειρᾶσθαι
2322 4761 2514 4845 Σερρᾱξν
2585 4764 2675 4846 ἔφη
2727 4763 2788 4815 D.
2845 4759 3081 4845 omissis
3116 4764 3211 4842 Ξιαὶ
3265 4757 3319 4845 ⁸ειῐ
3379 4787 3448 4842 -Τ
3500 4762 3604 4840 Μι-

1632 4829 1725 4902 την
1803 4841 1998 4916 βουλὴν
2067 4829 2132 4896 εἰς
2203 4837 2297 4920 τὰς
2364 4829 2552 4906 ἳέρρας
2603 4829 2834 4904 ἀφίκετο,
2881 4831 3036 4902 Εὗρεν
3083 4829 3170 4880 οὖν
3222 4832 3313 4922 την
3353 4829 3456 4922 ,μὲν
3505 4829 3601 4877 πό-

1649 4920 1654 4922 .
1891 4921 1895 4922 ν
2006 4909 2042 4922 ις
2282 4905 2293 4922 9
2398 4905 2410 4922 9
2457 4913 2477 4922 ~
2544 4911 2557 4922 Α
2738 4908 2778 4922 γ’)
2862 4921 2873 4922 κ
2944 4921 2965 4922 ρ
3039 4908 3100 4922 ms
3123 4904 3132 4918 ‘
3157 4919 3170 4922 -
3213 4906 3254 4922 ηπ
3297 4917 3350 4922 Α-.
3388 4899 3601 4922 Α-’..-......-

1957 4897 2162 4984 φύλακα
2217 4903 2293 4957 ἐπ’
2348 4897 2478 4976 αύτῇ
2533 4897 2808 4976 Δραῇνωτᾶν
2855 4897 2987 4984 τινα.
3039 4904 3170 4984 ’ξούς
3213 4897 3604 4984 Τξουλούκανας

2001 4983 2067 5034 τὰ
2113 4978 2240 5040 τόξα
2291 4966 2532 5036 λαϐόντες
2569 4966 2678 5024 ’καὶ
2741 4969 2962 5053 σανίδας
3013 4966 3502 5053 αἰτοσχεδιάσαντε
3534 4970 3605 5053 fi);

2162 5120 2428 5174 εσϐεύεται
2480 5113 2608 5191 πρὸς
2653 5113 2748 5167 τὸν
2798 5113 3044 5188 βασιλεα,
3091 5113 3181 5166 καὶ
3242 5117 3498 5188 χρήματα
3517 5115 3608 5163 καὶ

238 5194 472 5276 ἕσθὲτας
494 5194 766 5285 δεξάμένος
791 5213 849 5262 τὸ
881 5194 1017 5262 εἶσὶ-υ
1050 5205 1296 5261 δέδωκεν.
1323 5204 1606 5275 ’Υπέσχετο
1630 5199 1664 5255 δ
1668 5205 1688 5254 ὲ
1707 5194 1753 5254 ’δ
1757 5194 1903 5254 οὖναι
1929 5201 2018 5250 καὶ
2047 5194 2317 5250 Μελένικον
2341 5194 2403 5246 ι).

1158 5381 1498 5451 Theodori
1549 5381 1800 5447 Dousa;
1849 5387 1914 5447 et
1961 5373 2210 5445 Leonis
2261 5367 2496 5440 Allatii
2545 5375 2749 5434 notae.

319 5553 436 5626 (85)
457 5557 753 5628 Δραγωτᾶν.
787 5551 875 5608 Ita
902 5565 1015 5605 ms.
1056 5543 1382 5618 exemplar.
1418 5541 1613 5600 Malim
1639 5545 1841 5596 tamen

245 5643 771 5722 quemadmodum
800 5643 938 5715 post
965 5638 1248 5714 sequitur,
1283 5638 1346 5692 ut
1385 5633 1458 5691 sit
1487 5633 1512 5686 6
1539 5633 1840 5707 Δραγωτᾶς.

1949 5539 2240 5607 Dragotes
2257 5532 2378 5589 sive
2397 5533 2691 5602 Dragutes
2713 5543 2935 5585 nomen
2959 5525 3274 5598 proprium
3293 5522 3403 5578 viri
3429 5519 3608 5578 etiam

1951 5625 2102 5683 alias
2122 5621 2401 5682 occurrit.
2441 5622 2660 5678 Dousa.
