4084 6212
499 313 636 371 1087

1810 311 2095 368 GEORGII
2123 309 2573 368 ACLOPOLITE

3718 308 3861 363 1080

495 438 645 495 dum
684 437 1068 510 maximeque
1105 452 1278 493 veras
1305 435 1380 492 de
1412 435 1689 492 Melenico
1716 435 2145 508 promissiones

2254 434 2327 496 εἰς
2369 438 2464 491 τήν
2519 431 2797 505 ἀκρόπολιν
2852 425 3193 503 ἀναδραμεῖν,
3250 432 3413 484 ἱκέται
3448 432 3573 505 πρὸς
3621 433 3714 483 τὸν
3765 429 3870 501 βα·

501 528 847 601 imperatori
884 527 1040 582 fecit.

2253 524 2399 577 σιλέα
2428 523 2668 596 ἐξῄεσαν.
2706 521 2848 573 Ἐπεὶ
2871 517 2921 573 δ’
2944 522 2969 572 6
2996 529 3197 594 κρατῶν
3241 528 3334 571 τοῦ
3398 522 3581 580 οἷστεος
3637 528 3868 593 Δραγω-

498 624 590 679 τᾶς
651 621 743 675 τὴν
795 618 936 667 κάτω
990 621 1170 691 χώραν
1230 612 1361 669 εἶδεν
1417 614 1665 683 ἀλοῦσαν,
1728 613 1855 689 ἀνὴρ
1918 614 2200 689 Βούλγαρος
2245 619 2335 666 καὶ
2386 616 2583 672 ἥκιστα
2641 608 3045 682 πεπαιδευμένος
3100 612 3236 667 ἄστη
3285 614 3510 682 χρονίως
3563 606 3869 680 διαφυλατ-

497 726 620 774 τειν,

500 794 736 847 σϐεύεται
781 798 907 869 πρὸς
958 797 1045 847 τόν
1109 793 1352 867 βασιλέα.
1397 799 1496 848 Καὶ
1539 798 1595 845 τὸ
1645 798 1733 867 μὲν
1785 795 1920 845 ἄστυ
1968 793 2119 853 εὐθὺς
2179 795 2265 845 τόν
2320 790 2544 864 βασιλέα
2598 790 2845 863 ἐφήμιζεν
2895 810 2907 823 ο

495 890 665 955 γωτᾶς
713 889 926 957 χρυσὶῳ
1011 889 1407 957 συνυφασμένην
1486 879 1775 950 ἐνεδέδυτο,
1844 888 1933 935 καὶ
2005 887 2275 956 στατήρων
2346 880 2535 941 πλῆθος
2608 887 2825 954 χρυσῶν
2882 875 3080 936 ἐδέκτο.

675 708 852 777 μαθὼν
908 702 966 758 δὲ
1024 710 1113 758 καὶ
1157 709 1244 757 τὸν
1300 713 1390 757 τοῦ
1438 702 1699 758 δεσπότου
1757 704 1917 756 αὑτοῦ
1971 707 2207 770 θάνατον,
2266 706 2408 776 τύχη
2497 701 2665 774 ἀγαθῇ
2754 700 2812 753 οὐ
2872 697 2966 752 διὰ
3013 707 3218 775 μακροῦ
3271 704 3594 774 καρτερήσας
3645 695 3875 770 διαπρε-

2960 789 3211 863 ἀλουργόν
3265 796 3351 840 οῦν
3392 788 3613 860 χλαῖναν
3661 789 3687 839 6
3734 794 3871 860 Δρα-

3165 877 3286 930 ’Υπο
3294 881 3506 949 σχέσεις
3552 885 3679 949 γοῦν
3733 878 3868 950 ὑπὲρ

495 980 587 1025 τοῦ
618 972 893 1027 Μελενίκου
924 972 1063 1045 μάλα
1087 973 1324 1047 λαμπρὰς
1353 976 1484 1047 πρὸς
1504 976 1590 1025 τόν
1635 971 1859 1045 βασιλέα
1888 971 2181 1039 ἐπεποίητο,
2204 973 2467 1046 ὑπεράγαν
2496 970 2717 1029 ἀληθεῖς.

567 1066 657 1119 44.
673 1063 767 1117 His
784 1062 1068 1118 omnibus
1083 1063 1161 1119 ab
1178 1063 1535 1137 imperatore
1552 1062 1747 1132 Drago
1756 1068 1808 1117 ta
1820 1080 1845 1117 s
1858 1062 2140 1134 acceptis,

496 1156 552 1209 et
580 1152 756 1224 quasi
778 1168 914 1208 esca
944 1152 1071 1208 aliis
1102 1154 1425 1225 expositus,
1473 1152 1760 1217 discessit,
1822 1156 1998 1223 atque
2038 1154 2145 1207 Me-

494 1241 749 1296 lenicum
776 1241 1022 1296 veniens
1051 1241 1259 1297 omnia
1286 1241 1365 1297 ad
1410 1241 1646 1297 accolas
1702 1240 1897 1309 refert,
1920 1254 2142 1311 eosque

494 1334 560 1385 ut
586 1330 930 1402 imperatori
962 1347 1023 1386 se
1052 1330 1296 1401 dedant,
1321 1346 1442 1387 non
1463 1331 1662 1385 haecin
1695 1335 1902 1401 aperto
1928 1328 2144 1384 edisse-

494 1434 655 1486 rens,
707 1420 811 1476 sed
859 1419 1015 1475 clam
1067 1420 1340 1491 plurimis
1406 1435 1749 1475 sermonem
1812 1418 2143 1474 communi-

496 1522 662 1573 cans,
680 1507 1048 1563 adhortatur.
1068 1510 1214 1564 Cum
1241 1512 1463 1576 autem,
1485 1508 1587 1579 qui
1617 1507 1907 1579 oppidum
1933 1506 2144 1576 guber-

496 1595 702 1662 nabat,
727 1595 1001 1651 Nicolaus
1028 1596 1297 1652 Litoboes
1326 1601 1583 1665 aegrotus
1609 1596 1757 1651 lecto
1788 1597 2011 1667 pedum
2038 1594 2144 1650 do-

495 1683 722 1739 loribus
748 1689 1061 1751 teneretur,
1092 1685 1272 1741 libere
1306 1701 1518 1741 omnes
1566 1686 1855 1741 arbitratu
1914 1701 2023 1741 suo
2047 1701 2142 1740 res

496 1773 785 1846 quasipsi
810 1774 1026 1830 vellent
1050 1775 1331 1844 agebant.
1368 1779 1521 1831 Inter
1541 1776 1651 1830 hos
1677 1774 1952 1831 Nicolaus
1988 1777 2139 1830 Man-
2174 1799 2213 1852 Β

496 1862 737 1919 clavites
761 1879 834 1918 ex
864 1864 1257 1919 nobilioribus
1310 1880 1467 1919 unus
1517 1864 1775 1922 Melenici
1805 1863 2035 1932 incolis,
2052 1863 2143 1918 vir

496 1951 696 2008 audax
728 1958 783 2008 et
811 1968 920 2025 pro
949 1970 1010 2009 re
1027 1959 1189 2015 nata,
1216 1954 1297 2009 uti
1320 1958 1554 2025 tempus
1580 1954 1773 2022 daret,
1803 1954 1963 2009 varie
1982 1970 2043 2008 se
2065 1952 2142 2008 ef-

494 2041 763 2111 ﬁngendi
797 2058 981 2111 sagax
1014 2059 1081 2099 ac
1107 2044 1443 2116 perspicax,
1483 2060 1619 2116 quae
1650 2060 1685 2100 a
1745 2040 1999 2113 Dragota
2019 2058 2143 2098 mo-

492 2129 793 2188 liebantur
818 2133 933 2204 82
960 2133 1371 2204 deprehensis,
1424 2149 1494 2189 ac
1554 2133 1793 2203 cognito
1854 2149 1917 2188 se
1965 2148 2143 2205 posse

492 2221 836 2294 imperatori
864 2224 1162 2295 promissa
1213 2223 1497 2296 perﬁcere
1546 2224 1593 2279 si
1623 2223 2013 2279 multitudinis
2037 2238 2143 2296 po-

494 2311 705 2367 tiorem
736 2318 970 2384 partem
997 2313 1057 2367 in
1081 2313 1438 2368 sententiam
1456 2328 1627 2368 suam
1648 2312 2147 2381 traxisset,aboc-

495 2399 667 2455 cultis
691 2400 1005 2472 colloquiis
1060 2417 1189 2456 sese
1231 2401 1540 2457 retrahens
1602 2401 1804 2473 palam
1864 2402 2146 2457 omnibus

496 2487 660 2543 utilia
686 2488 884 2554 edixit,
907 2510 933 2538 ‹‹
955 2490 1126 2543 Pueri
1156 2489 1483 2544 Callimani.
1506 2506 1537 2543 ›
1558 2490 1859 2561 inquiens,
1887 2513 1907 2540 ι
1926 2490 2142 2561 princi-

494 2582 635 2649 patu
655 2577 864 2649 iniqua
883 2579 1146 2651 perpessi
1189 2595 1419 2646 sumus,
1452 2594 1523 2635 ea
1553 2584 1752 2634 tamen
1777 2595 1901 2651 spe,
1940 2596 2069 2646 nos,
2097 2581 2142 2636 si

495 2681 647 2738 puer
662 2666 721 2721 in
756 2666 949 2721 virum
983 2666 1285 2733 evasisset,
1319 2672 1497 2723 tanta:
1525 2668 1850 2725 tolerantiae
1900 2670 2147 2741 praemia

492 2760 1183 2828 recepturos,postquam
1205 2756 1298 2811 ille
1330 2762 1563 2813 tetatem
1589 2757 1774 2825 illam,
1797 2774 1932 2830 quae
1954 2760 2145 2815 virum

493 2844 754 2917 probum
784 2860 820 2900 a
847 2845 1008 2901 malo
1077 2861 1384 2902 secernere
1424 2850 1645 2918 potest,
1690 2847 1994 2917 attigisset.
2032 2849 2144 2905 Sed

494 2949 633 2990 cum
662 2933 724 2989 id
754 2934 1007 2990 adversa
1028 2932 1266 2991 fortuna
1306 2935 1704 3005 amiserimus,
1736 2942 1791 2991 et
1819 2937 2145 2993 infantulus

493 3022 645 3079 alius
658 3022 737 3079 ad
750 3022 1045 3096 regendos
1063 3024 1346 3094 Bulgaros
1358 3030 1767 3097 praeponatur,
1786 3026 1950 3081 omni
1968 3026 2143 3082 stulto

494 3112 770 3169 stuliores
801 3128 1088 3180 essemus,
1120 3114 1169 3169 si
1192 3114 1323 3169 aliis
1362 3130 1601 3170 rursum
1635 3114 1970 3171 infortuniis
2009 3132 2143 3171 nos-

492 3202 778 3275 metipsos
808 3202 1171 3271 dederimus,
1200 3207 1489 3276 tanquam
1520 3205 1624 3276 qui
1645 3204 1706 3260 in
1732 3220 1912 3261 omne
1942 3222 2139 3261 aevum

494 3290 723 3363 absque
735 3293 1023 3365 principe,
1043 3308 1105 3348 re
1117 3293 1389 3348 omnium
1405 3293 1929 3365 perniciosissima,
1944 3295 2143 3351 vivere

493 3378 796 3435 vellemus.
833 3381 946 3437 Sed
982 3382 1229 3453 quando
1260 3385 1668 3437 Romanorum
1699 3384 2025 3454 imperator
2066 3385 2142 3440 ad

493 3483 606 3525 nos
632 3470 899 3536 accessit,
930 3486 1042 3525 nos
1065 3470 1147 3525 illi
1163 3469 1286 3527 ﬁdo
1308 3470 1555 3526 domino
1578 3475 1633 3527 et
1656 3471 1851 3527 virum
1883 3474 2142 3545 probum

494 3574 564 3615 ac
595 3558 823 3614 malum
845 3559 1067 3629 Optime
1116 3560 1499 3628 cognoscenti
1539 3560 1769 3616 tradere
1827 3561 2139 3618 debemus.

495 3647 629 3718 Ipse
651 3647 749 3717 jus
777 3646 855 3701 ab
886 3647 1134 3717 antiquo
1162 3647 1222 3702 in
1254 3663 1364 3702 nos
1385 3649 1631 3719 obtinet,
1656 3648 1822 3705 locus
1846 3651 2143 3723 siquidem

494 3734 590 3791 hic
617 3740 819 3790 noster
838 3734 1070 3806 imperii
1095 3737 1345 3791 Romani
1367 3740 1472 3792 est.
1509 3736 1743 3807 Bulgari
1769 3755 1909 3795 vero
1938 3741 2143 3796 alienis

496 3823 745 3880 avaritia
764 3824 949 3896 raptis
974 3824 1318 3881 Melenicum
1333 3841 1574 3899 quoque
1604 3834 1993 3900 occuparunt.
2027 3834 2142 3887 Nos

494 3928 705 3971 omnes
727 3929 799 3969 ex
829 3913 1225 3987 Philippopoli
1256 3916 1368 3970 orti
1410 3916 1709 3988 primodia
1765 3933 2004 3991 quoque
2037 3936 2141 3991 ge-

494 4002 653 4059 neris
700 4002 934 4075 liquido
980 4002 1257 4058 ducimus
1312 4019 1383 4059 ex
1416 4005 1746 4060 Romainis.
1778 4007 2056 4071 Quinimo
2087 4012 2144 4063 et

494 4094 901 4149 Romanorum
934 4092 1280 4165 imperator,
1308 4092 1442 4149 licet
1465 4093 1697 4163 Bulgari
1732 4111 2023 4162 essemus,
2043 4097 2143 4167 jus

493 4184 698 4237 tamen
724 4182 784 4238 in
814 4198 925 4237 nos
956 4181 1155 4239 habet:
1181 4182 1338 4238 ﬁlius
1405 4184 1629 4255 quippe
1682 4183 1838 4239 illius
1866 4189 1922 4240 et
1948 4185 2142 4257 impe-

494 4275 657 4325 rator
674 4270 1022 4327 Theodorus
1042 4288 1180 4326 cum
1207 4274 1441 4327 Asanos
1467 4272 1858 4342 Bulgarorum
1878 4273 2145 4345 principe

496 4356 780 4414 afﬁnitate
812 4360 1213 4430 conjungitur,
1256 4377 1415 4416 nunc
1468 4363 1621 4430 regis
1662 4363 1839 4417 Asani
1891 4362 2012 4418 ﬁlia
2043 4364 2143 4420 do-

496 4447 663 4503 mina
696 4464 731 4504 a
760 4450 1039 4504 Romanis
1070 4455 1451 4521 nuncupatur
1473 4455 1527 4506 et
1556 4451 1769 4505 est.His
1793 4452 1989 4524 itaque
2018 4469 2145 4509 om-

495 4537 675 4593 nibus
691 4537 873 4593 verba
898 4537 1200 4593 luculenta
1230 4539 1344 4609 83
1370 4540 1429 4594 in
1462 4555 1655 4611 pauca
1679 4540 2045 4598 conferentes
2067 4543 2145 4599 ad

494 4626 633 4683 eum
664 4642 963 4683 recurrere
995 4627 1309 4691 debemus,
1336 4628 1487 4685 colla
1520 4628 1597 4684 illi
1629 4637 1834 4687 nostra
1865 4632 2144 4688 servitute

496 4718 817 4776 constituta
846 4717 1143 4775 addicere.
1171 4719 1515 4790 Sapientum
1548 4735 1811 4794 namque
1839 4739 2050 4793 regum
2075 4739 2142 4779 ac

569 4812 611 4846 ¹¹
654 4808 1107 4882 Hujus_capitis
1147 4808 1279 4882 loco
1335 4809 1463 4866 haec
1513 4810 1696 4867 habet
1749 4814 1790 4867 ι)
1844 4830 1856 4866 :

2322 1057 2435 1133 μδ¹.
2466 1062 2643 1112 Πάντα
2679 1064 2803 1129 γουν
2838 1059 2879 1093 ¹¹
2935 1064 3104 1110 ταῦτα
3151 1060 3277 1132 πρὸς
3332 1064 3424 1109 τοῦ
3469 1055 3740 1129 βασιλέως
3779 1054 3872 1106 λα⁹

2253 1149 2353 1202 ϐὠν
2417 1151 2442 1201 ό
2512 1154 2813 1223 Δραγωτᾶς,
2871 1152 2961 1201 καὶ
3032 1150 3097 1208 ὡς
3174 1144 3353 1221 δελεαρ
3421 1145 3869 1218 ὑποϐεϐλημένος,

2252 1238 2426 1313 ἀπῄει.
2459 1239 2599 1293 Ἐπεὶ
2628 1236 2687 1292 δὲ
2719 1240 2910 1311 φθάσοι
2941 1236 2991 1299 ἐς
3048 1237 3344 1305 Μελένικον,
3393 1238 3561 1289 πάντα
3610 1233 3871 1309 προῦπτα

2251 1337 2356 1389 τοῖς
2435 1328 2657 1389 ἐποίκοις
2712 1336 2956 1395 ποιεῖται,
3030 1332 3118 1379 καὶ
3179 1333 3308 1399 σφᾶς
3369 1327 3553 1388 αὐτοὺς
3616 1322 3871 1398 διεγείρει

2249 1415 2537 1491 προδοῦναι
2569 1420 2626 1470 τό
2653 1418 2787 1469 οἶστυ
2838 1425 2908 1487 τῷ
2963 1415 3192 1489 βασιλεῖ,
3248 1418 3294 1468 ἐν
3326 1424 3396 1486 τῷ
3442 1422 3642 1490 φανερῷ
3812 1415 3871 1466 οὔ

2250 1515 2417 1559 ταῦτα
2470 1507 2649 1578 λέγων,
2699 1509 2869 1580 κρύφα
2941 1502 3000 1558 δὲ
3062 1512 3173 1566 τοῖς
3222 1505 3482 1566 πλείστοις
3514 1509 3633 1579 περὶ
3675 1507 3869 1556 τούτου

2249 1596 2716 1668 κοινολογούμενος.
2791 1596 2931 1648 Ἐπεὶ
2984 1591 3042 1647 δὲ
3094 1597 3119 1647 ό
3173 1599 3264 1653 τὴν
3321 1596 3598 1667 ἡγεμονίαν
3664 1590 3700 1645 δ
3709 1597 3869 1645 ιὲπων

2248 1682 2338 1738 tibi)
2369 1688 2614 1746 ἄστεωςὸ
2668 1683 2925 1746 Λιτοϐόης
2979 1684 3233 1745 Νικόλαος
3283 1686 3395 1754 (86)
3453 1685 3749 1742 κατάνοσος
3810 1680 3870 1739 ἓν

2250 1781 2339 1827 καὶ
2369 1783 2429 1847 τῇ
2473 1774 2619 1847 κλίνη
2662 1780 2773 1834 ταῖς
2820 1782 2919 1825 τῶν
2966 1770 3141 1826 πόδών
3196 1769 3461 1844 ἀλγηδόσι
3508 1791 3867 1847 προσπεπατ-

2251 1864 2571 1937 ταλευμένος,
2632 1862 2900 1937 ἐλευθέρως
2952 1861 3094 1934 εἶχον
3164 1864 3212 1914 οἱ
3283 1864 3470 1924 πάντες
3528 1858 3863 1934 διαπράττε-

2255 1956 2379 2006 σθαι
2412 1959 2565 2025 σφίσι
2605 1955 2671 2004 τὰ
2720 1951 2974 2025 βουλητά.
3024 1952 3161 2005 Ἐπεὶ
3212 1948 3271 2003 δὲ
3325 1956 3415 2003 καὶ
3466 1952 3491 2003 6
3543 1950 3863 2022 Μαγκλαεί-

2252 2063 2346 2105 της
2395 2044 2644 2103 Νικόλαος
2687 2044 2764 2102 οἶς
2795 2038 2854 2100 ἦν
2910 2049 3006 2093 τῶν
3052 2039 3457 2115 ἐπιφανεστέρων
3516 2040 3563 2091 ἐν
3604 2048 3723 2101 τοῖς
3767 2049 3857 2093 τοῦ

2254 2132 2529 2186 Μελενίκου
2582 2132 2905 2203 οἰκήτορσιν,
2963 2128 3091 2203 ἀνὴρ
3149 2127 3471 2204 δραστήριος
3521 2134 3613 2182 καὶ
3682 2126 3859 2191 δεινός

2253 2229 2519 2296 καιρικαῖς
2589 2225 2930 2293 περιπετείαις
2998 2218 3539 2291 συμμεταϐάλλεσθαι,
3614 2221 3682 2270 τὰ
3768 2228 3859 2269 τοῦ

2255 2316 2505 2384 Δραγωτᾶ
2556 2311 2799 2384 φωράσας
2868 2312 2957 2360 καὶ
3014 2311 3165 2379 γνοὺς
3222 2310 3292 2368 ὡς
3349 2303 3596 2365 δυνηθείη
3677 2306 3743 2357 ἂν
3799 2311 3862 2359 τὰ

2254 2402 2599 2471 ὑπεσχημένα
2626 2406 2700 2468 τῷ
2757 2396 2969 2470 βασιλεί
3016 2393 3433 2470 διαπράξασθαι,
3481 2403 3572 2448 τοῦ
3626 2395 3862 2455 πλήθους

2254 2492 2312 2540 τὸ
2378 2485 2548 2540 πλεῖον
2598 2489 2903 2558 ὑπαγαγὼν,
2960 2493 3051 2538 τοῦ
3097 2488 3267 2561 κρύφα
3329 2485 3491 2556 λέγειν
3541 2483 3789 2547 ἀποστας
3820 2484 3865 2545 ἐς

2254 2580 2311 2630 τό
2354 2580 2565 2649 φανερόν
2613 2584 2721 2637 τοῖς
2752 2582 2911 2628 πᾶσιν
2941 2577 3153 2627 ὑπέθετο
3210 2577 3275 2626 τὰ
3322 2578 3657 2638 συνοίσοντα,
3710 2575 3862 2649 εἰρη-

2255 2672 2378 2734 κὼς,
2413 2669 2476 2727 ὡς
2524 2689 2550 2716 ‹‹
2612 2665 2761 2738 Ἡμῖν
2824 2668 2913 2737 μὲν
2954 2664 3147 2736 ἐγένετο
3195 2663 3743 2737 προσταλαιπωρῆσαι
3800 2673 3859 2735 τῇ

2254 2764 2346 2809 τοῦ
2372 2752 2559 2815 παιδός
2590 2764 2681 2807 τοῦ
2712 2754 3038 2827 Καλλιμάνου
3062 2753 3227 2827 ἀρχῇ,
3256 2757 3346 2805 καὶ
3387 2750 3447 2811 ἦν
3486 2758 3618 2829 πρὸς
3647 2750 3863 2814 Barac;

2256 2843 2587 2919 ἀνδρωθῆναί
2634 2864 2685 2896 τε
2745 2850 2925 2896 τοῦτον
2976 2846 3228 2916 καὶπρὸς
3276 2842 3436 2894 αὐτοῦ
3484 2845 3572 2903 τάς
3633 2842 3861 2914 ἀμοιϐὰς

2254 2943 2350 2996 τῆς
2402 2935 2747 2993 κακοπαθείας
2822 2930 3105 2984 ἀντιλαϐεῖν
3173 2931 3240 2993 εἰς
3313 2930 3519 2989 ἠλικίαν
3596 2930 3856 3003 ἐλθόντος,

2253 3026 2333 3076 ὅτε
2365 3019 2633 3095 διακρῖναι
2691 3018 2905 3074 δύναιτο
2934 3022 2994 3072 οἷν
3030 3041 3108 3083 τις
3149 3019 3248 3073 ἀπὸ
3298 3020 3491 3093 φαύλου
3540 3017 3717 3094 ἄνδρα
3772 3042 3862 3072 κα-

2251 3113 2357 3169 λόν.
2408 3112 2551 3164 Ἐπεὶ
2609 3107 2667 3163 δὲ
2716 3114 2901 3163 τούτου
2977 3113 3249 3185 κακούργῳ
3326 3113 3467 3182 τύχη
3528 3112 3858 3183 ἡμάρτομεν,

2251 3205 2521 3275 πρόκειται
2579 3196 2637 3252 δὲ
2706 3201 2830 3271 ἡμῖν
2890 3197 3191 3272 βρεφύλλιον
3258 3197 3379 3249 οἴλλο
3450 3198 3520 3259 εἰς
3594 3203 3687 3257 τὴν
3758 3208 3859 3250 τῶν

2250 3290 2554 3363 Βουλγάρων
2595 3287 2791 3362 ἀρχὴν,
2842 3291 3034 3348 παντὸς
3090 3286 3148 3339 ἂν
3204 3285 3589 3347 ἀνοηταίνοντος
3638 3293 3861 3363 χείρους

2253 3384 2544 3453 φανείημεν,
2626 3380 2668 3430 εἱ
2754 3379 2907 3430 πάλιν
2982 3380 3082 3452 πρὸ
3173 3374 3506 3453 δυσπραγίας
3572 3377 3709 3439 ἅλας
3754 3378 3863 3431 ἑπι-

2254 3467 2467 3543 δοίημεν
2498 3469 2708 3537 αὐτοὺς,
2741 3463 3028 3520 ἀδέσποτοι
3082 3470 3169 3519 τόν
3218 3468 3388 3518 πάντα
3448 3465 3569 3539 βίον
3600 3463 3860 3520 διατελεῖν

2253 3562 2567 3634 αἱρούμενοι,
2641 3557 2725 3630 ὑφ’
2782 3557 2841 3609 οὗ
2899 3556 3059 3609 πολλά
3117 3576 3169 3609 τε
3237 3562 3327 3609 καὶ
3385 3557 3548 3629 μείζω
3596 3560 3668 3609 ru
3714 3554 3863 3609 δειλὰ

2254 3652 2454 3722 φύεται.
2480 3646 2617 3699 Ἀλλ’
2676 3645 2782 3698 ἐπεὶ
2829 3648 2853 3698 6
2905 3644 3157 3720 βασιλεὺς
3205 3648 3328 3718 ἡμῖν
3379 3646 3403 3697 6
3448 3652 3547 3697 τῶν
3586 3644 3855 3718 Ῥωμαίων

2254 3742 2632 3814 προσὴγγισεν,
2687 3735 2766 3808 [Ρ.
2814 3734 2904 3808 42]
2961 3732 3043 3788 δεῖ
3092 3735 3233 3806 αὐτῷ
3286 3735 3499 3796 ἑαυτοὺς
3552 3734 3861 3810 ἐγχειρίσαι

2255 3830 2399 3897 σθαι,
2466 3823 2695 3896 δεσπότῃ
2750 3832 2922 3894 πιστῷ
2980 3829 3069 3876 καὶ⁹
3118 3821 3285 3877 εἰδότι
3334 3822 3504 3897 ἄνδρα
3554 3821 3655 3882 ἠδὲ
3701 3829 3860 3877 κακόν

2253 3914 2350 3977 ἠδὲ
2378 3922 2466 3969 καὶ
2516 3915 2677 3978 ἐθλόν,
2732 3920 2821 3966 καὶ
2867 3911 3072 3967 δίκαιον
3104 3914 3152 3967 ἐν
3199 3918 3323 3987 ἡμῖν
3373 3914 3593 3968 ἔκπαλαι
3642 3924 3857 3988 σχόντι.

2247 4008 2312 4061 Ὀ
2343 4027 2394 4059 τε
2433 4008 2533 4079 γὰρ
2596 4007 2840 4077 ἡμέτερος
2895 4012 3073 4079 χῶρος
3122 4012 3183 4077 τῇ
3230 4012 3328 4055 τῶν
3369 4003 3635 4076 Ῥωμαίων
3694 4026 3859 4080 προσ-

2250 4103 2365 4155 ήκει
2397 4095 2539 4169 ἀρχῇ
2571 4115 2582 4127 ι
2644 4094 3128 4168 πλεονεκτικώτερον
3177 4095 3277 4168 γὰρ
3331 4096 3380 4145 οἰ
3430 4094 3725 4167 Βούλγαροι
3754 4102 3863 4155 τοῖς

2249 4189 2529 4261 πράγμασι
2560 4184 2891 4258 χρησάμενοι
2942 4188 3031 4235 καὶ
3091 4191 3182 4235 τοῦ
3227 4183 3502 4237 Μελενίκου
3554 4189 3861 4255 γεγένηνται

2251 4275 2537 4350 ἐγκρατεῖς,
2582 4276 2731 4345 ἡμεῖς
2799 4270 2857 4324 δὲ
2897 4275 3085 4335 πάντες
3122 4271 3175 4324 ἐκ
3225 4273 3480 4326 Φιλιππου
3514 4272 3716 4335 πόλεως
3774 4276 3861 4349 ὀρ·-

2251 4367 2483 4437 μώμεθα9
2519 4366 2737 4437 καθαροὶ
2763 4366 2820 4413 τό
2850 4365 2999 4433 γένος
3054 4361 3317 4434 Ῥωμαῖοι.
3376 4361 3577 4424 Ἀλλως
3633 4384 3689 4416 τε
3715 4370 3803 4417 καὶ
3836 4366 3859 4415 6

2251 4464 2349 4507 τῶν
2392 4453 2653 4527 Ῥωμαίων
2713 4452 2963 4526 βασιλεὺς
3012 4453 3209 4514 ἀληθῶς
3241 4458 3329 4505 καὶ
3359 4452 3559 4525 ἐνήμίν
3619 4451 3859 4507 δικαιοῡο

2251 4564 2358 4608 ται,
2412 4548 2501 4594 καὶ
2551 4543 2593 4594 εἰ
2649 4542 2959 4614 Βουλγάροις
3020 4548 3373 4617 προσηκοιμεν
3425 4563 3436 4574 '
3491 4544 3514 4593 6
3587 4546 3691 4617 γὰρ
3748 4547 3861 4605 υἱός

2252 4635 2435 4685 τούτου
2465 4637 2552 4683 καὶ
2583 4630 2833 4703 βασιλεὺς
2863 4628 3137 4705 Θεόδωρος
3192 4640 3261 4702 τῷ
3312 4630 3523 4705 βασιλεῖ
3557 4641 3656 4683 τῶν
3701 4634 3860 4685 Βουλε-

2250 4724 2421 4796 γάρων
2448 4730 2519 4791 τῷ
2549 4722 2711 4772 Ἀσάν
2759 4717 3062 4787 κεκήδευτο,
3116 4726 3205 4773 καὶ
3248 4728 3334 4772 νῦν
3392 4722 3421 4778 ἡ
3455 4728 3546 4772 τοῦ
3599 4721 3861 4794 βασιλέως

1908 4818 1996 4864 και
2045 4814 2201 4882 εὑρὼν
2251 4814 2336 4863 τόν
2398 4813 2485 4882 μὲν
2543 4809 2633 4862 τοῦ
2682 4811 2862 4870 ἄστεος
2916 4812 3110 4882 ἔφορον,
3156 4809 3404 4882 Att-6360::
3473 4810 3718 4882 κλινήρη,
3768 4818 3859 4864 τόν

497 4878 556 4934 δὲ
626 4865 1002 4954 Μαγςιλαϐἰτην
1086 4880 1339 4934 Νικόλαον
1382 4925 1393 4935 .
1440 4922 1451 4934 .
1500 4923 1514 4937 .
1559 4925 1571 4938 .
1618 4926 1629 4937 .
1668 4883 1726 4935 Ὀ
1780 4887 1868 4956 μέν
1935 4881 2021 4935 οὖν
2076 4866 2315 4943 ϐασιλεὺς
2390 4865 2668 4956 ἔσκηνοῦτο
2720 4887 2837 4953 περὶ
2888 4865 3364 4939 τῆν’Βαλαϐἰσδαν
3419 4887 3596 4945 τόπον,
3626 4865 3752 4935 Δκαὶ
3806 4904 3832 4936 ο

495 4950 864 5006 Μελενικιώται
916 4952 1213 5027 ἀφικόμενοι
1250 4956 1308 5027 τό
1364 4955 1500 5006 ἄστυ
1555 4957 1717 5026 τούτῳ
1772 4950 2061 5027 παρέσχον.
2115 4953 2398 5026 Ἐκράτησε
2453 4950 2511 5005 δὲ
2558 4950 2881 5027 ό-βασιλευς
2927 4959 3016 5005 καὶ
3056 4956 3510 5027 Στενιμάχουμκαὶ
3557 4954 3860 5027 Τζεπαὶνης

495 5027 585 5073 καὶ
630 5032 728 5075 τῶν
784 5034 875 5085 τῆς
927 5021 1177 5086 Ῥοδόπης
1230 5024 1513 5097 πολιχνίων
1568 5031 1657 5077 καὶ
1689 5021 2058 5097 ’κωμοπόλεωη
2114 5021 2213 5097 καὶ⁷
2242 5026 2356 5097 ὅρον
2413 5028 2498 5075 τόν
2551 5021 2710 5097 Εὗρον
2764 5029 3037 5097 πεποίητο.
3086 5021 3327 5096 Rurici:
3391 5021 3450 5077 δὲ
3502 5030 3593 5076 καὶ
3643 5024 3702 5076 ἐκ
3760 5036 3858 5078 τῶν

496 5095 625 5165 πρὸς
656 5094 847 5171 Βορρᾶν
902 5100 1187 5169 Στοὺμπιόν
1232 5116 1286 5148 τε
1322 5092 1412 5148 καὶ
1474 5096 1733 5150 Χυττοϐόν
1772 5092 1859 5147 καὶ
1904 5092 2277 5148 Βελεϐούσδιον
2333 5098 2554 5171 Σκοπιά-
2576 5092 2631 5148 τε
2681 5101 2788 5171 καὶ.
2826 5094 3073 5168 βελεσσὸν
3132 5092 3335 5171 καὶ-Ἐά
3376 5100 3537 5169 μέχρι
3580 5097 3858 5171 Πριλάπον

496 5164 586 5247 καί
638 5164 950 5247 Πελάγονίας
998 5164 1196 5240 χωρία,
1237 5168 1597 5220 Νευστάπολίν
1654 5187 1702 5219 τε
1765 5172 1853 5218 καὶ
1904 5171 2194 5241 Πρόσακον,
2247 5172 2337 5219 καί
2390 5164 2619 5228 σπονδάς
2670 5187 2723 5219 τε
2770 5164 2834 5219 ἐκ
2876 5167 3176 5243 Βουλγάρων
3223 5164 3518 5241 δεξάμενος,
3566 5164 3639 5230 ὡς
3688 5176 3859 5242 μέχρι

496 5236 687 5289 τούτων
712 5244 807 5307 στῇ
818 5279 832 5303 ,
860 5236 1097 5308 ἀνέσχενζ

1400 5344 1740 5411 Theodori
1790 5343 2039 5411 Dousa;
2088 5355 2154 5412 et
2198 5345 2450 5413 Leonis
2502 5346 2734 5415 Allatii
2785 5356 2985 5415 notae.

567 5481 686 5563 (86)
731 5481 799 5563 ’Ὀ
867 5482 1456 5563 ᾼιτοβόης-ῌικόλαος.
1505 5484 1821 5563 ghoniata,
1881 5501 1939 5563 p_.
2020 5490 2139 5563 664,

496 5554 768 5613 meminit
790 5554 1109 5625 cujusdam
1135 5555 1406 5611 Litoboes
1436 5555 1638 5611 militis
1667 5556 1726 5612 in
1748 5554 2006 5615 exercitu
2034 5554 2145 5615 Du;

496 5642 581 5687 (διε
600 5625 1116 5698 sebastocratoris,
1131 5626 1235 5701 qui
1248 5642 1319 5684 ex
1330 5626 1651 5686 barbarica
1667 5629 1905 5691 cohorte
1927 5630 2143 5688 ducem

2252 5493 2464 5545 nactus
2487 5489 2603 5546 alia
2640 5490 2739 5545 via
2778 5490 2902 5545 sine
2916 5489 3036 5545 ulla
3052 5502 3211 5544 noxa
3233 5490 3458 5545 Ducam
3502 5490 3765 5547 servavit
3796 5490 3853 5546 in

2253 5559 2422 5617 clade
2450 5560 2656 5618 lsaacii
2696 5578 2732 5618 a
2763 5561 2992 5618 Blachis
3023 5563 3284 5632 accepta.
3320 5564 3454 5617 ALL.
