4084 6212
273 313 414 366 1089

1785 311 2126 368 ANNALES.

3501 316 3636 374 1090

267 443 364 488 τοῦ
397 435 558 495 Ἀσὴν
605 438 833 512 θυγάτηρ
878 437 908 496 ἡ
952 436 1177 508 σύζυγος
1214 443 1306 488 τοῦ
1338 437 1574 488 τοιούτου
1612 433 1872 508 βασιλέως

1989 451 2204 492 senum
2225 437 2442 507 jugum
2471 454 2654 496 suave
2677 441 3102 513 est,multoque
3123 440 3312 498 levius
3334 459 3524 516 quam
3545 448 3636 504 in-

271 524 528 580 δέσποινα
586 530 732 599 παρὰ
771 525 1040 599 Ῥωμαίοις
1102 531 1188 578 καὶ
1228 529 1340 578 ἔστι
1389 531 1478 578 καὶ
1537 526 1870 598 ὀνομάζεται.

266 620 476 670 Τούτων
513 611 602 668 οὖν
655 615 894 669 ἁπάντων
925 618 1108 692 χάριν,
1135 617 1202 667 τὰ
1232 615 1397 668 πολλά
1438 624 1536 667 τῶν
1593 614 1874 688 λεγομένων

266 705 645 766 καταλιπόντας
684 703 760 757 ἐπ’
812 705 967 757 αὐτὸν
1018 709 1128 779 χρὴ
1177 707 1302 757 ῑεναι
1349 710 1438 757 καὶ
1476 709 1599 766 τούς
1647 705 1878 776 αὐχένας

264 793 542 848 ὑποκλῖναι
566 801 640 863 τῷ
665 797 758 855 τὴς
790 789 1029 855 δουλείας
1059 793 1202 865 ζυγῷ
1228 814 1240 826 ·
1264 796 1508 866 χρηστὸς
1536 795 1634 865 γὰρ
1667 795 1692 844 ὁ
1720 793 1878 866 ζυγὸς

264 893 369 938 τῶν
399 887 658 958 φρονίμων
689 880 948 954 βασιλέων
992 885 1082 934 καὶ
1119 884 1372 956 γηραιῶν,
1418 887 1507 934 καὶ
1540 883 1709 955 πολλῷ
1752 903 1873 937 κου-

269 975 484 1046 φότερος
514 972 613 1023 τῶν
636 974 708 1024 ἔτι
731 968 1104 1024 διατελούντων
1134 970 1182 1024 ἐν
1208 971 1432 1046 μείραξι.
1471 992 1500 1022 ››
1527 973 1687 1026 Ταῦτ’
1726 977 1872 1046 εἰρη-

267 1066 373 1122 κὼς
427 1065 636 1114 πέπεικε
684 1063 882 1122 πάντας
927 1059 1156 1134 ἀμογητὶ
1201 1081 1292 1114 και
1321 1060 1514 1114 πολλῶν
1560 1064 1680 1136 ἄτερ
1737 1083 1872 1138 πρα-

263 1151 476 1222 γμάτων
514 1150 757 1220 γενέσθαι
783 1157 874 1202 τοῦ
906 1147 1184 1223 βασιλέως.
1230 1156 1330 1204 Καὶ
1357 1147 1424 1210 δὴ
1457 1149 1698 1225 πρέσϐεις
1728 1153 1872 1213 τινὰς

263 1246 368 1290 τῶν
417 1240 758 1310 ’συνεποίκων
813 1243 1118 1304 στείλαντες,
1167 1241 1314 1311 τάχα
1350 1243 1440 1312 μέν
1491 1242 1680 1313 κρύφα,
1745 1240 1871 1313 μᾶλ-

263 1326 354 1380 λον
405 1323 464 1380 δὲ
513 1331 928 1399 γινωσκομένους
965 1324 1072 1388 τοῖς
1125 1327 1348 1398 πλείοσι,
1410 1327 1698 1401 συμϐάσεις
1741 1333 1872 1402 μετὰ

266 1423 364 1468 τοῦ
432 1414 694 1488 βασιλέως
753 1421 1083 1476 πεποίηνται,
1153 1416 1542 1492 Χρυσόϐουλλος
1601 1425 1726 1490 γοῦν
1799 1428 1870 1491 τῷ

268 1503 482 1578 βασιλεῖ
555 1513 659 1557 τῶν
711 1509 977 1579 ᾐτημένων
1039 1511 1192 1579 σφίσι
1245 1506 1612 1581 περιληπτικός
1665 1528 1870 1580 γεγενη-

264 1599 418 1668 μένος
461 1614 551 1646 και
604 1590 879 1667 δεδομένος
922 1602 1027 1657 τοῖς
1078 1594 1329 1668 πρέσϐεσι
1373 1603 1482 1658 τοῖς
1541 1605 1632 1650 τοῦ
1689 1600 1868 1653 Μελεί-

261 1702 361 1736 κου
415 1681 780 1742 ἀποσταλῆναι
835 1685 1216 1756 προσετετάχει
1283 1685 1580 1758 οἰκήτορσι,

261 1773 379 1846 μετ’
454 1772 513 1825 ού
587 1771 718 1825 πολὺ
792 1770 1132 1846 ὁμοθυμαδὸν
1209 1775 1397 1836 πάντες

259 1863 382 1914 ὅσοι
431 1881 486 1914 τε
512 1869 612 1914 τῶν
657 1861 1015 1934 προύχόντων,
1067 1867 1183 1915 ὅσοι
1229 1864 1328 1915 τῶν
1370 1866 1419 1916 ὲν
1452 1870 1699 1939 στρατείᾳ
1745 1887 1870 1920 κατ-

1660 1694 1760 1741 Και
1821 1691 1870 1742 οἱ

273 1951 591 2024 ειλεγμένων,
639 1971 728 2003 και
759 1953 876 2004 ὅσοι
921 1957 1190 2025 κρείττους
1244 1953 1390 2006 οἰλλοὶΙ
1417 1963 1516 2006 τῶν
1563 1961 1869 2032 οικητορων,

257 2044 395 2116 πρὸς
420 2045 508 2093 τὸν
558 2039 785 2114 βασιλέα
831 2039 1096 2114 ἀφίκοντο,
1149 2047 1492 2116 σκηνούμενον
1539 2050 1669 2118 παρὶ
1715 2049 1870 2100 τόπον

263 2127 546 2184 Λαϐίσὸαν
585 2134 721 2183 οὕτω
768 2151 874 2192 πως
928 2129 1323 2205 ὀνομαζόμενον,
1376 2131 1559 2209 ἄνδρες
1609 2135 1872 2198 εὐσταλεῖς

260 2239 318 2273 τε
377 2240 468 2273 και
527 2222 726 2293 ἔντιμοι
781 2222 882 2272 κάκ
935 2225 1094 2294 μόνης
1162 2223 1281 2284 θέας
1342 2219 1532 2284 αἰδοῦς
1587 2245 1673 2276 και
1713 2233 1870 2298 τιμῆς

261 2309 422 2376 ἄξιοι,
490 2311 615 2382 ὑπὲρ
681 2314 1058 2372 πεντακοσίους
1120 2313 1470 2383 τυγχάνοντες
1499 2334 1512 2346 θ
1563 2312 1653 2374 οὓς
1714 2314 1871 2377 αὐτὸς

262 2403 486 2472 είρήκειν
519 2394 666 2466 ιδών,
725 2421 752 2450 ιι
807 2402 938 2452 Ποία
990 2399 1301 2472 ὁπλομαχία
1349 2403 1474 2474 ἡμῖν
1519 2401 1714 2464 αύτούς
1744 2422 1872 2477 παρ-

268 2493 394 2545 εστή
406 2503 575 2554 σατο;
624 2488 654 2547 ἡ
709 2491 872 2540 πόσαι
921 2487 1175 2560 φάλαγγες
1235 2492 1427 2542 ἱππέων
1479 2498 1577 2543 τῶν
1607 2495 1871 2544 τοσούτων

270 2579 650 2650 περιεγένόντο;
717 2575 825 2629 ἀλλ’
885 2580 936 2629 ὲν
988 2575 1060 2649 τῷ
1114 2582 1365 2652 κρείττονι
1427 2578 1602 2652 ῥᾷστα
1653 2600 1744 2632 και
1804 2583 1872 2633 τὰ

271 2673 464 2739 μικροῦ
496 2661 603 2717 δεῖν
652 2663 1044 2738 ἀνεπιχείρητα.
1099 2665 1381 2720 Κάντεῦθεν
1431 2665 1589 2727 δῆλον
1637 2672 1702 2730 ὡς
1739 2669 1868 2728 ἀλη-

271 2754 351 2814 θές
393 2754 505 2806 ἐστι
548 2757 604 2806 1'0
650 2762 722 2825 τῷ
751 2753 1024 2826 ἀποστόλῳ
1055 2756 1242 2808 Παύλω
1291 2761 1576 2832 εἰρημένον,
1603 2780 1630 2807 ‹‹
1663 2758 1738 2810 Ού
1778 2766 1870 2811 τοῦ

263 2846 566 2917 τρέχοντος,
611 2839 736 2896 οὐδὲ
764 2851 856 2896 τοῦ
899 2840 1202 2913 διώκοντος,
1243 2845 1370 2898 ἀλλά
1396 2852 1488 2898 τοῦ
1533 2843 1870 2910 εὐδοκοῦντος

265 2935 417 2986 Θεοῦ.
475 2953 504 2982 ››
547 2937 631 3002 Τῷ
671 2951 756 2984 τοι
801 2952 890 2984 και
937 2936 1024 2986 τὸν
1071 2937 1363 3007 στρατηγὸν
1417 2935 1476 2987 ού
1529 2931 1610 2988 δεῖ
1653 2935 1870 3008 πᾶμπαν

263 3021 488 3075 ἐπαινεῖν
542 3023 658 3074 οὔτε
709 3026 812 3094 μὴν
862 3021 1060 3095 ψέγειν.
1110 3023 1280 3076 Πολλὰ
1326 3026 1427 3098 γάρ
1486 3043 1617 3087 τινες
1675 3022 1870 3098 διαγω-

1985 525 2258 581 fantium.
2288 549 2314 576 »
2343 527 2440 582 His
2459 529 2585 584 sine
2607 530 2947 586 ullolabore
2965 547 3036 586 ac
3059 531 3332 588 molestia
3351 535 3636 593 omnibus

1986 617 2172 670 suasit
2191 620 2256 671 ut
2287 617 2665 689 imperatoris
2697 625 2897 692 partes
2929 625 3334 692 sequerentur.
3357 625 3549 688 Quare
3562 641 3635 682 ex

1985 702 2216 758 civibus
2244 705 2569 762 nonnullos
2602 707 2757 764 clam
2792 709 3058 782 quidem,
3119 713 3181 764 ut
3232 711 3429 767 videre
3487 718 3632 782 erat,

1986 793 2094 848 sed
2117 794 2391 864 plurimis
2425 801 2624 852 tamen
2660 799 2931 869 cognitos
2970 798 3192 869 legant,
3225 803 3282 856 et
3321 800 3381 856 in
3438 801 3635 858 faadus

1983 899 2123 940 cum
2153 882 2512 956 imperatore
2543 891 2780 941 coeunt.
2813 889 2876 941 Et
2902 887 3067 943 bulla
3097 904 3300 956 aurea,
3363 906 3487 962 qua
3536 907 3634 947 res

1981 978 2160 1044 gestae
2191 973 2703 1042 describebantur,
2730 991 2837 1048 per
2860 975 3096 1032 eosdem
3121 976 3348 1048 legatos
3380 979 3636 1052 impera-

1981 1062 2321 1133 torisjussu
2370 1063 2450 1120 ad
2503 1063 2762 1120 Melenici
2809 1064 3071 1121 defertur
3121 1066 3303 1133 cives,
3358 1068 3463 1140 qui
3511 1085 3635 1127 una

1980 1165 2194 1206 omnes
2222 1150 2420 1218 simul,
2451 1151 2573 1207 sive
2598 1169 2670 1208 ex
2693 1153 3058 1224 primoribus
3079 1154 3204 1210 sive
3229 1155 3430 1212 milita;
3452 1156 3634 1213 ascri-

1979 1239 2094 1312 ptis
2121 1240 2244 1295 sive
2270 1241 2694 1298 celebrioribus
2722 1242 2841 1298 sive
2862 1242 3040 1299 etiam
3083 1243 3542 1315 habitatoribus,
3571 1247 3633 1302 in

1980 1346 2161 1386 unum
2175 1330 2586 1402 conspirantes
2604 1331 2683 1387 ad
2695 1332 3118 1404 imperatorem
3132 1333 3297 1406 apud
3313 1334 3633 1392 Labisdam

1981 1422 2202 1494 (locum
2240 1420 2324 1476 sic
2350 1420 2677 1492 appellant)
2718 1427 3195 1478 commorantem
3250 1424 3362 1479 viri
3408 1423 3634 1497 compti

1981 1526 2052 1566 ac
2081 1509 2312 1564 nobiles
2343 1514 2399 1564 et
2425 1524 2497 1563 ex
2537 1509 2666 1564 solo
2697 1514 2943 1580 aspectu
2957 1511 3282 1566 venerandi
3298 1528 3368 1568 ac
3389 1512 3631 1568 honori-

1978 1599 2093 1654 bus
2125 1597 2291 1668 digni
2331 1612 2518 1669 supra
2543 1597 2904 1668 quingentos
2934 1597 3236 1656 festinant.
3269 1602 3339 1655 Ut‘
3359 1600 3486 1672 ipse
3527 1616 3631 1658 eos

1977 1687 2474 1756 vidi,italocutus
2496 1703 2726 1742 summ
2758 1689 3044 1752 Quaanam
3094 1689 3270 1744 nobis
3324 1705 3634 1747 armorum

1474 1776 1866 1850 συνειλεγμένοι,

1980 1776 2216 1848 fulgura
2238 1777 2390 1832 vires
2414 1775 2671 1845 subegit,
2697 1779 2802 1831 aut
2817 1780 2966 1848 quot
2984 1777 3251 1849 equitum
3302 1777 3634 1850 phalanges

1980 1871 2064 1924 tot
2087 1865 2435 1922 devicerunt
2471 1865 2499 1920 ‘I
2527 1863 2635 1919 sed
2657 1864 2918 1920 melioris
2942 1865 3219 1936 praesidio
3255 1865 3533 1923 facillime
3578 1870 3636 1925 et

1980 1973 2116 2030 qua).
2144 1955 2244 2012 vix
2272 1969 2544 2028 unquam
2574 1953 2732 2008 vinci
2757 1957 3032 2026 poterant
3051 1954 3445 2026 depellantur.
3487 1957 3633 2012 Hinc

1978 2043 2360 2101 verissimum
2382 2047 2466 2097 est
2488 2041 2652 2098 Pauli
2677 2041 2934 2113 apostoli
2953 2041 3198 2109 dictum,
3213 2059 3338 2099 non
3359 2059 3490 2099 esse
3503 2059 3633 2100 cur-

1978 2134 2161 2191 rentis
2180 2147 2372 2204 neque
2403 2130 2957 2204 persequentis,sed
2978 2131 3237 2188 illiuscui
3255 2134 3407 2188 Deus
3451 2133 3631 2190 bene-

1980 2222 2198 2295 placito
2211 2236 2320 2276 suo
2340 2219 2722 2276 concesserit.
2747 2222 3095 2292 »Propterea
3111 2220 3295 2276 duces
3308 2221 3630 2278 exercitum

1980 2327 2176 2385 neque
2196 2309 2487 2366 laudandi
2500 2324 2694 2381 neque
2708 2308 3089 2380 vituperandi
3111 2314 3269 2365 sunt.
3286 2309 3444 2366 Multi
3459 2327 3632 2368 nam-

1980 2419 2098 2475 que
2109 2400 2422 2472 diligenter
2433 2415 2503 2455 ac
2516 2399 2840 2470 prudenter
2854 2404 3145 2455 certantes
3156 2399 3294 2454 dum
3309 2400 3632 2456 animosius

1981 2491 2100 2563 85.
2130 2506 2254 2546 rem
2293 2493 2612 2561 peragunt,
2651 2502 2869 2561 parum
2905 2492 3008 2543 aut
3031 2487 3178 2543 nihil
3227 2487 3626 2560 profecerunt,

1983 2580 2248 2652 plerique
2269 2577 2441 2634 etiam
2464 2592 2711 2648 operum
2735 2580 2794 2632 et
2812 2575 3006 2631 oleum
3027 2580 3092 2632 ut
3140 2576 3465 2649 plurimum
3497 2593 3632 2649 per-

1980 2669 2260 2724 diderunt
2292 2683 2305 2722 :
2348 2665 2446 2721 alii
2477 2665 2743 2721 secunda
2773 2663 2904 2720 freti
2929 2664 3167 2721 fortuna
3200 2669 3461 2736 segniter
3483 2681 3545 2721 se
3570 2665 3634 2721 in

1977 2755 2408 2828 rebusagendis
2420 2754 3074 2827 occupantes,ingentia
3089 2760 3314 2827 tropaea
3329 2755 3635 2812 consecuti

1980 2851 2136 2917 sunt,
2160 2845 2245 2901 uti
2275 2848 2415 2900 tunc
2441 2843 2787 2916 imperatori
2825 2843 3041 2899 Joanni
3082 2843 3315 2907 accidit,
3344 2844 3450 2916 qni
3473 2844 3634 2900 nulla

1980 2951 2153 2992 mora
2181 2933 2507 2990 multarum
2531 2932 2772 2988 urbium
2799 2931 3244 3004 multorumque
3267 2931 3632 3003 oppidorum

1981 3024 2208 3097 absque
2237 3023 2358 3078 ullo
2379 3020 2608 3095 proelio,
2633 3020 2866 3092 absque
2899 3019 3075 3074 ullius
3105 3021 3291 3087 caede,
3327 3020 3463 3077 sine
3485 3019 3633 3075 effu-

263 3129 535 3183 νισαμενοι
583 3107 876 3171 σπουδαῖος
927 3130 981 3164 τε
1034 3131 1126 3164 και
1179 3117 1454 3180 συντόνως,
1519 3110 1871 3187 δραστικώτε-

1981 3114 2148 3170 sione
2179 3110 2511 3181 sanguinis,
2541 3109 2667 3164 sine
2702 3107 2884 3179 gladii
2926 3109 2988 3163 in
3029 3123 3248 3180 corpus
3295 3108 3632 3164 humanum

257 3219 354 3274 ρον
391 3206 501 3262 τοῖς
549 3207 778 3273 παροῦσι
825 3202 1175 3274 χρησάμενοι,
1224 3204 1410 3277 μικρὸν
1454 3201 1483 3260 ἣ
1546 3199 1697 3255 οὐδὲν
1743 3223 1870 3256 κατ-

263 3290 597 3362 ωρθώσαντο,
647 3290 770 3341 ἔνιοι
815 3285 874 3342 δὲ
906 3309 997 3342 και
1045 3288 1323 3362 ἐσφάλοντο
1374 3290 1618 3349 πλεῖστα.
1669 3291 1872 3366 ’Ἑτεροι

266 3374 327 3432 δὲ
385 3374 560 3441 δεξιᾶς
619 3377 978 3454 ηῦμορηκότες
1032 3382 1226 3452 τύχης,
1287 3379 1608 3452 ἀμελετὴτως
1669 3380 1752 3435 ἐπὶ
1807 3385 1874 3435 τὰ

263 3469 397 3541 ἔργα
437 3475 728 3542 χωροῦντες
805 3468 1041 3542 μεγάλων
1120 3475 1378 3542 τροπαίων
1437 3473 1715 3543 γεγόνασιν
1785 3471 1874 3524 αύ-

259 3562 502 3630 τουργοὶ,
557 3558 664 3609 οἷόν
719 3576 772 3608 τι
846 3556 1029 3620 ξυνέϐη
1093 3567 1166 3630 τῷ
1222 3564 1338 3611 τότε
1389 3563 1478 3611 καὶ
1538 3569 1610 3631 τῷ
1662 3557 1874 3632 βασιλεῖ

264 3645 499 3718 Ἰωάννῃ.
565 3645 768 3700 Πολλῶν
846 3649 948 3720 γὰρ
1011 3645 1208 3699 ἀστέων
1269 3652 1360 3700 καὶ
1435 3653 1626 3720 χώρων
1674 3648 1870 3702 πολλῶν

261 3732 491 3806 ἐγεγόνει
577 3731 838 3796 δεσπότης
898 3735 947 3788 ἐν
1027 3735 1230 3807 ἀκαρεῖ,
1298 3740 1370 3808 μή
1434 3755 1570 3798 τινος
1645 3737 1870 3811 πολέμου

260 3827 630 3896 γεγενημένου,
686 3820 825 3896 μηδὲ
889 3843 1029 3885 τινος
1078 3829 1327 3886 πεσόντος
1375 3823 1426 3877 ἐν
1491 3846 1668 3899 μαχῃ,
1733 3822 1874 3899 μηδέ

263 3914 522 3984 χυθὲντος
593 3916 834 3986 αἳματος,
920 3910 1059 3986 μηδὲ
1142 3913 1317 3986 ξιφους
1398 3920 1871 3989 κατορχησαμενου

267 4007 533 4074 σώματος,
606 4001 713 4054 ἀλλ’
772 4005 974 4076 ἡμερως
1039 4022 1128 4056 και
1201 4003 1434 4074 γαληνῶς
1499 4006 1672 4077 ὥσπερ
1737 4008 1873 4066 τινὸς

264 4090 462 4166 κλήρου
515 4093 768 4166 πατρόθεν
821 4095 980 4164 τούτῳ
1045 4099 1408 4168 προσώκοντος
1457 4089 1708 4169 ἀνιδρωτί
1773 4103 1872 4146 τῶν

265 4183 517 4234 τοιούτων
573 4181 809 4234 ἁπάντων
860 4181 1086 4256 κατῆρξε
1139 4181 1222 4254 [Ρ.
1273 4183 1364 4254 44]
1404 4188 1720 4255 Στενίμαχος
1770 4186 1870 4258 γὰρ

266 4274 362 4322 καὶ
399 4270 681 4342 Τζέπαινα,
717 4291 804 4322 και
836 4275 934 4323 ὅσα
965 4267 1026 4344 ᾖν
1055 4279 1125 4341 τῷ
1173 4280 1267 4334 τῆς
1311 4267 1565 4334 Ῥοδόπης
1615 4277 1719 4347 ὄρει
1759 4275 1872 4344 (87)

264 4363 621 4432 παρακείμενα
671 4358 923 4431 πολίχνιά
974 4379 1027 4412 τε
1078 4379 1166 4412 και
1237 4361 1574 4433 κωμοπόλεις,
1637 4363 1874 4434 ὑπόφορα

264 4449 438 4518 τούτῳ
488 4451 807 4519 γεγένηνται.
864 4455 965 4500 Και
1004 4452 1122 4522 ὄρος
1161 4447 1295 4520 ούτῷ
1324 4468 1376 4502 τε
1429 4469 1518 4501 και
1569 4457 1676 4512 τοῖς
1720 4450 1872 4502 Βουλα

263 4537 451 4610 γάροις
497 4534 678 4612 Ἕϐρος
722 4534 781 4595 ἧν
834 4543 1086 4610 ποταμός.
1142 4537 1230 4590 Ἐκ
1272 4533 1331 4590 δὲ
1381 4546 1474 4590 τοῦ
1504 4542 1629 4611 πρὸς
1678 4538 1869 4615 Βορρᾶν

264 4628 462 4700 μέρους
490 4629 777 4698 Στούμπιόν
829 4646 881 4680 τε
907 4647 996 4678 και
1045 4625 1273 4688 Χοτοϐὸς
1318 4626 1495 4700 ὀχυρὰ
1536 4629 1669 4680 ἄττα
1712 4631 1871 4703 φρού-

263 4733 363 4790 ρια
405 4733 495 4766 και
547 4723 726 4789 χῶρος
781 4717 807 4768 ό
855 4713 1190 4769 Βελεϐουδίου
1245 4717 1346 4768 ὑπὸ
1394 4720 1479 4768 τὸν
1533 4715 1757 4788 βασιλέα
1786 4714 1867 4784 ἧν,

266 4805 468 4855 Σκοπιά
512 4822 568 4856 τε
597 4823 687 4856 και
738 4805 946 4866 Βελεσὸς
991 4825 1082 4857 και
1114 4809 1276 4879 πέχρι
1327 4805 1594 4881 Πριλάπου
1643 4826 1733 4858 και
1770 4815 1871 4858 τῶν

1981 3201 2226 3267 saevitia,
2257 3199 2362 3256 sed
2383 3197 2618 3271 placide
2645 3213 2715 3254 ac
2738 3196 2934 3269 quiete
2961 3201 3017 3252 et
3043 3197 3171 3252 sine
3217 3196 3457 3268 sudore,
3488 3213 3558 3253 ac
3583 3197 3634 3253 si

1981 3292 2041 3347 in
2061 3289 2469 3347 haereditatem
2489 3291 2806 3359 paternam
2827 3285 3259 3352 immitteretur,
3275 3285 3634 3342 dominatio-

1978 3395 2118 3436 nem
2141 3377 2395 3450 adeptus
2425 3379 2532 3432 est.
2555 3373 2973 3430 Stenimachus
3003 3373 3162 3430 enim
3220 3378 3278 3430 et
3321 3377 3631 3447 Tzepaena,

1980 3475 2034 3526 et
2066 3471 2364 3541 quotquot
2389 3465 2708 3536 Rhodopes
2751 3464 2944 3520 monti
2992 3463 3284 3536 oppidula
3342 3464 3635 3536 cujusque

1979 3558 2280 3630 adjacent,
2318 3553 2631 3612 tributaria
2646 3552 2882 3621 habuit,
2909 3557 2964 3609 et
2984 3552 3359 3626 imperatoris
3379 3568 3451 3610 ac
3503 3551 3636 3609 Bul-

1981 3662 2263 3717 garorum
2290 3643 2441 3700 ﬁnes
2468 3642 2700 3699 Hebrus
2716 3641 2939 3698 fluvius
2955 3643 3309 3700 terminavit.
3337 3646 3399 3699 In
3415 3640 3638 3698 Boreali

1977 3737 2160 3810 plaga
2184 3733 2542 3805 Stumpium,
2569 3731 2891 3799 Chotobos,
2925 3735 3118 3789 castra
3162 3732 3492 3789 munitione
3537 3747 3640 3788 va-

1978 3825 2120 3893 lida,
2152 3829 2208 3881 et
2237 3822 2542 3878 Belebudii
2575 3823 2738 3877 locus
2769 3823 3147 3894 imperatoris
3171 3826 3497 3888 cesserant,
3528 3836 3639 3877 nec

1979 3930 2102 3970 non
2134 3913 2349 3984 Scopia
2368 3917 2423 3968 et
2454 3910 2697 3966 Belesus
2723 3915 3060 3982 caeteraque
3096 3927 3291 3982 usque
3332 3910 3640 3980 Prilapum

1982 4008 2037 4060 et
2060 4000 2413 4071 Pelagonios
2444 4015 2622 4070 agros
2657 4018 2670 4068 ;
2707 3999 2848 4054 item
2873 3998 3258 4070 Neustapolis
3282 4003 3338 4054 et
3355 4001 3643 4053 Prosacus

1983 4108 2112 4148 sese
2137 4090 2536 4162 subjecerant.
2569 4091 2632 4144 Et
2658 4103 2841 4159 super
2871 4088 2964 4143 his
2997 4086 3394 4156 Bulgarorum
3451 4101 3556 4140 rex
3585 4088 3643 4141 et

1981 4182 2304 4254 imperator
2321 4180 2403 4233 sic
2415 4181 2842 4246 convenerant,
2877 4182 2944 4233 ut
2959 4177 3286 4248 imperator
3299 4175 3521 4231 scilicet
3549 4174 3640 4230 his

1982 4271 2120 4327 solis
2133 4271 2438 4326 contentus
2451 4266 2588 4322 nihil
2603 4265 2844 4322 ulterius
2861 4270 3188 4322 attentaret.
3199 4268 3263 4320 Et
3275 4263 3642 4336 hachuidem

1981 4361 2062 4416 ita
2093 4362 2337 4431 peracta
2369 4359 2664 4429 sunt.lpse
2694 4354 3088 4411 inscribendis
3111 4353 3376 4426 epistolis
3394 4368 3643 4426 operam

1979 4448 2289 4506 navabam
2303 4445 2550 4516 singulis
2565 4445 2816 4501 urbibus
2832 4461 2900 4500 ac
2913 4443 3152 4517 oppidis
3175 4444 3363 4517 captis
3378 4443 3644 4499 scribens

1980 4537 2438 4611 imperatorium
2465 4535 2726 4606 sigillum
2745 4534 3122 4607 imprimens.
3142 4537 3411 4606 Namque
3430 4533 3491 4589 id
3512 4548 3645 4590 mor

1982 4633 2108 4686 erat
2122 4631 2530 4684 Romanorum
2546 4623 2997 4697 imperatoribus
3009 4639 3117 4696 per
3134 4623 3357 4680 litteras
3371 4623 3547 4694 longe
3559 4621 3646 4678 di-

1983 4715 2279 4773 stantibus
2310 4715 2550 4786 egregie
2572 4731 2609 4771 a
2639 4729 2700 4769 se
2732 4717 2904 4784 gesta
2952 4711 3304 4783 signiﬁcare,
3345 4712 3646 4783 voluptate

1983 4805 2096 4862 illis
2121 4819 2308 4876 quam
2340 4803 2454 4876 ipsi
2495 4803 2926 4875 experirentur,
2951 4801 3286 4858 conciliare.

264 4891 584 4964 Πελαγονίας
635 4899 869 4970 χωρίων,
916 4895 1276 4956 Νευστάπολις
1329 4915 1384 4948 τε
1431 4916 1521 4948 και
1581 4896 1960 4970 Πρόσακος,τά
1995 4896 2166 4948 πάντα
2245 4891 2442 4967 ὑπῆρξε
2506 4900 2577 4962 τῷ
2655 4889 2869 4964 βασιλεῖ
2939 4892 3240 4965 ὑποχείρια.
3317 4892 3419 4943 Καὶ
3482 4909 3645 4944 σπον-

268 4977 364 5035 δαὶ
422 4980 505 5035 ἐπι
567 4987 766 5047 τούτοις
837 4993 937 5038 τῶν
1017 4985 1320 5058 Βουλγάρων
1393 4987 1468 5057 τῷ
1546 4983 1756 5058 βασιλεί
1826 4985 2170 5060 ἐγεγόνεισαν,
2243 4989 2354 5044 τοῖς
2408 4983 2662 5042 τοιούτοις
2713 4985 2796 5033 κοὶ
2891 4983 3063 5052 μόνοις
3128 4977 3402 5054 ἀρκιῖσθαι
3459 4987 3643 5032 τοῦτον

263 5076 362 5124 καὶ
407 5076 480 5145 μὴ
535 5077 819 5150 περαιτὲρω
866 5073 1307 5146 κατεπεμϐαίνειν.
1367 5079 1466 5128 Καὶ
1524 5083 1693 5128 ταῦτα
1748 5078 1838 5148 μὲν
1919 5075 2081 5136 οὕτως
2161 5073 2292 5144 ἔσχε
2357 5074 2445 5124 τὸν
2507 5075 2716 5144 τρόπον,
2793 5068 2890 5142 ἐγὼ
2954 5065 3014 5121 δὲ
3077 5068 3225 5130 αύτός
3269 5068 3317 5121 ἐν
3365 5076 3472 5131 τοῖς
3532 5069 3645 5123 ἔπιν

1477 5163 1679 5217 ἑκάστω
1754 5172 1854 5217 τῶν
1924 5163 2274 5234 ἁλισκομένων
2357 5161 2552 5214 ἀστέων
2652 5179 2705 5213 τε
2817 5162 2908 5220 καὶ
3001 5167 3191 5232 χωρῶν
3269 5164 3360 5212 καὶ
3443 5163 3645 5236 γραφη-

1084 5255 1194 5314 ἓθος
1238 5255 1337 5328 γὰρ
1381 5261 1532 5307 τοῦτο
1594 5253 1812 5308 παλαιὸν
1880 5262 1963 5308 τοῖ
2029 5251 2316 5328 βασιλεῦσι
2389 5250 2676 5324 Ῥωμαίων,
2723 5245 2864 5308 δῆλα
2911 5255 3016 5311 τοῖς
3047 5251 3303 5324 μακρόθεν
3339 5246 3434 5304 διὰ
3478 5271 3644 5327 γραμ-

270 5159 599 5234 στολιμαίοις
658 5172 787 5236 τῶν,
839 5164 999 5237 λογων
1080 5165 1393 5238 ὑπούργουν,

267 5247 607 5323 ἐγχαράττων
683 5251 967 5326 βασιλικήν
1014 5275 1026 5287 ·

1176 5433 1518 5502 Theodori
1569 5434 1818 5502 Dousa}
1866 5441 1930 5500 et
1992 5433 2245 5502 Leonis
2293 5427 2530 5500 Allatii
2581 5435 2784 5498 notae.

352 5632 466 5700 (77)
505 5633 589 5700 Τῷ
615 5637 706 5690 τῆς
729 5625 986 5692 Ῥοδόπης
1009 5633 1135 5704 ὄρει,
1169 5633 1343 5691 Anna
1372 5632 1698 5705 Comnena,
1730 5629 1816 5688 lib
1845 5647 1890 5689 XI

2010 5632 2159 5686 Κατὰ
2183 5633 2431 5706 γραμμήν
2461 5624 2786 5706 παράλληλον
2810 5633 2979 5682 κεῖται
3007 5636 3080 5702 τῷ
3100 5629 3266 5702 Δῖμῳ.
3290 5630 3425 5685 ALL.
