4084 6212
536 322 670 375 1095

1809 309 2091 367 GEORGII
2118 305 2577 366 ACROPOLITE

3755 314 3891 365 1096

532 457 667 498 esse
725 446 974 515 poterat,
1018 440 1358 509 efﬂuxisset,
1413 439 1734 510 Spartenus
1784 433 2043 490 velocius
2097 433 2170 488 ad

2293 429 2439 492 ϐδοις
2486 433 2632 503 τάχα
2705 434 2793 483 τόν
2852 433 3130 503 Καμπανὸν
3190 430 3379 491 ἑτάζων
3424 430 3763 502 ἀποκαλ.εζν,ιαι
3828 436 3899 484 τὰ

532 532 888 589 Demetrium
910 530 1192 602 pervolat,
1214 527 1432 597 etinﬁt,
1458 550 1485 577 ‹‹
1510 530 1652 582 Rem
1677 525 1779 580 tibi
1800 527 2179 579 sacramento

530 622 853 677 corroboro
875 636 979 692 per
999 624 1165 674 tuum
1185 624 1241 673 et
1263 624 1541 673 nostrum
1562 616 1836 671 omnium
1860 614 2176 669 dominum

529 710 889 765 Demetrium
947 706 1391 763 Thessalonices
1457 710 1792 761 curatorem
1850 718 1920 758 ac
1970 701 2177 757 mode-

523 804 804 867 ratorem,
825 817 855 851 ›
890 814 1011 870 quo
1036 813 1180 852 sane
1212 802 1589 853 sacramento
1619 793 1784 866 apud
1802 792 2174 848 Thessaloni-

524 904 732 944 censes
753 888 837 942 nil
863 886 1213 954 solemnius,
1238 885 1317 940 nil
1341 885 1601 941 sanctius
1623 882 1944 951 excogitari
1961 880 2174 953 potuit,

524 998 552 1027 ‹‹
585 993 705 1032 non
728 976 880 1031 alius
904 977 1244 1047 aSparteno
1275 976 1620 1046 Campanus
1641 977 1746 1039 est,
1774 970 1879 1043 qui
1904 985 2074 1041 teque
2104 984 2176 1025 ac

523 1066 865 1138 Spartenus,
898 1080 1020 1137 quo
1050 1064 1283 1119 nullum
1314 1063 1462 1118 inter
1482 1060 1762 1117 mortales
1800 1059 2060 1132 reliquos
2090 1057 2175 1113 tui

524 1154 942 1210 studiosiorem
961 1152 1296 1223 cognoscis,
1318 1152 1379 1207 in
1409 1155 1465 1207 te
1492 1150 1695 1207 animo
1721 1149 1971 1204 affectus
1998 1152 2106 1203 est.
2146 1168 2167 1195 ι

523 1242 614 1297 Sic
647 1245 971 1314 Spartenus
1032 1240 1224 1296 scelus
1266 1239 1412 1295 alias
1470 1237 1873 1307 detegendum
1924 1234 2172 1307 provide

521 1332 800 1387 exhausit
828 1335 884 1387 et
904 1329 1219 1402 quaestioni
1250 1329 1432 1384 ﬁnem
1463 1327 1617 1382 fecit.
1646 1326 1825 1396 Igitur
1848 1325 2175 1396 imperator

516 1422 773 1476 Joannes
788 1435 910 1475 una
923 1435 1059 1473 cum
1085 1417 1267 1473 milite
1297 1417 1492 1489 primo
1520 1414 1782 1470 diluculo
1808 1412 2173 1469 Thessaloni-

519 1524 652 1565 cam
681 1508 943 1580 appellit,
977 1508 1181 1579 ibique
1220 1512 1417 1561 castra
1447 1504 1614 1576 ponit
1642 1521 1654 1558 :
1685 1518 1825 1557 nam
1859 1500 2170 1557 obsidione

2288 524 2498 594 κρύφια.
2539 521 2729 583 Ἀσκός
2756 517 2815 573 δὲ
2860 517 2941 588 ἦν,
2990 520 3050 571 ού
3111 523 3406 592 Καμπανὸς,
3472 523 3498 571 6
3548 526 3894 593 τυπτόμενος,

2289 610 2431 662 Ἐπεὶ
2462 606 2521 662 δὲ
2550 612 2579 668 η
2621 608 2857 683 ἀρκοῦσα
2902 610 3012 681 ὠρα
3056 613 3246 683 παρῄει
3306 615 3395 661 καὶ
3450 609 3533 682 [Ρ.
3590 609 3684 683 45]
3749 611 3900 673 ἄξιον

2287 698 2510 772 ἐτασμόν
2546 696 2869 767 δεδυνημένη
2911 701 3237 756 ποιήσασθαι
3279 705 3368 751 καὶ
3423 702 3677 752 ἔκπυστον
3733 702 3902 753 θεῖναι

2285 794 2374 840 καὶ
2436 792 2493 841 τό
2562 788 2609 840 ἐν
2665 796 2858 861 μυχοῖς
2924 787 3242 861 βαθυτάτοις
3297 788 3583 861 ἐγκείμενον
3638 790 3898 864 ἄρρητον,

2284 882 2348 938 ὡς
2378 875 2490 949 εἶχε
2516 874 2692 930 ποδῶν
2718 880 2744 929 ό
2784 882 3080 950 Σπαρτηνός
3131 876 3338 950 ἀφίκετο
3391 881 3513 952 πρὸς
3552 881 3640 931 τόν
3709 885 3901 951 Δημή-

2283 986 2444 1039 τριον,
2486 972 2575 1020 καί
2605 969 2655 1019 οῖ
2684 987 2816 1039 φησι
2845 988 2857 1002 ’
2887 990 2916 1016 ‹‹
2959 972 3214 1035 Δέσποτα,
3247 969 3381 1042 ὅρκῳ
3426 987 3483 1019 σε
3544 973 3813 1020 πιστωσω
3840 973 3899 1021 τό

2282 1062 2519 1129 πρᾶγμα.
2553 1060 2642 1109 Μὰ
2696 1060 2784 1109 τὸν
2847 1060 2935 1109 σὸν
2988 1062 3079 1108 καὶ
3125 1058 3272 1129 ἡμῶν
3324 1057 3562 1109 ἁπάντων
3622 1054 3901 1113 δεσποτην

2284 1151 2599 1220 Δημήτριον,
2647 1149 2733 1198 τόν
2824 1142 3093 1217 κηδεμόνα
3178 1154 3269 1205 τῆς
3344 1145 3745 1205 Θεσσαλονίκης
3807 1154 3904 1199 καὶ

2282 1234 2565 1306 πολιοῦχον
2603 1234 2721 1309 (91)
2753 1256 2782 1285 ››
2809 1235 2981 1306 (οὗτός
3014 1231 3073 1286 δὲ
3103 1235 3130 1286 6
3178 1236 3325 1310 ὅρκος
3363 1238 3507 1307 παρὰ
3564 1235 3903 1289 Θεσσαλονι-

2282 1332 2430 1376 κεῦσι
2469 1324 2617 1376 πλέον
2671 1332 2769 1376 τῶν
2808 1323 2970 1375 ἄλλων
3046 1326 3209 1399 ὅρκων
3275 1324 3497 1396 ἰσχύει),
3560 1346 3591 1374 ιι
3654 1330 3904 1386 τοιοῦτός

2282 1410 2422 1465 ἐστιν
2493 1416 2519 1465 6
2574 1416 2853 1486 Καμπανὸς
2910 1415 3082 1474 ὁποῖός
3139 1412 3279 1466 ἐστιν
3337 1416 3362 1465 ό
3419 1418 3755 1488 Σπαρτηνὸς,
3813 1420 3904 1467 καὶ

2280 1502 2446 1564 ούτως
2476 1499 2737 1555 διάκειται
2762 1507 2880 1577 περὶ
2912 1506 2969 1555 σε
3014 1505 3246 1575 καθάπερ
3301 1498 3369 1560 δὴ
3424 1508 3515 1555 καὶ
3558 1505 3586 1555 6
3648 1512 3905 1578 Σπαρτη-

519 1612 654 1652 eam
676 1598 931 1667 cingere,
952 1612 1090 1651 cum
1112 1595 1189 1650 ad
1212 1575 1613 1650 obsidendum
1635 1591 1971 1647 necessaria
1996 1589 2168 1645 mini-

2279 1595 2383 1661 νὸς,
2445 1591 2497 1643 ὃν
2547 1591 2828 1667 ἀνθρώπων
2884 1592 3123 1644 ἁπάντων
3182 1591 3331 1645 πλέον
3384 1611 3439 1645 σε
3478 1591 3741 1664 φιλοῦντα
3806 1593 3903 1645 ἐπ-

520 1700 616 1741 me
635 1689 1040 1757 suppeterent,
1053 1699 1176 1739 non
1196 1686 1447 1755 poterat.
1464 1680 1967 1737 Caduceatoribus
1988 1694 2168 1751 porro

518 1773 891 1839 Demetrium,
921 1778 985 1828 ut
1007 1774 1133 1845 ipse
1159 1773 1394 1843 juratus
1415 1770 1533 1842 89
1582 1769 1925 1841 imperatori
1953 1769 2165 1835 fuerat,

519 1863 597 1918 ad
628 1879 691 1917 se
724 1861 992 1924 accersit,
1017 1860 1475 1933 emporiumque
1496 1857 1784 1931 poscebat
1811 1861 1977 1913 extra
1996 1857 2167 1912 Thes-

518 1950 869 2017 salonicam,
896 1951 957 2005 in
988 1965 1109 2022 quo
1164 1948 1396 2014 milites,
1428 1963 1561 2020 quae
1611 1946 1723 2003 sibi
1779 1946 1912 2001 usui
1940 1949 2162 2012 essent,

514 2040 703 2111 pretio
750 2043 1107 2095 coemerent.
1140 2038 1236 2093 llle
1267 2054 1302 2093 a
1331 2036 1745 2093 consultorum
1774 2035 2003 2091 insidiis
2052 2034 2165 2089 sibi

512 2144 634 2185 non
651 2143 1018 2201 praecavens,
1043 2126 1214 2183 dictis
1234 2142 1443 2182 eorum
1460 2125 1904 2186 obsecundans,
1930 2122 2072 2179 nihil
2089 2138 2163 2178 ex

510 2218 601 2274 his
622 2234 755 2291 quae
785 2219 1102 2291 imperator
1130 2216 1423 2271 indixerat
1443 2220 1756 2271 exsecutus
1782 2220 1893 2271 est.
1930 2212 2162 2269 Paucis-

510 2307 973 2379 simospostdies
991 2321 1178 2379 parva
1190 2304 1444 2360 militum
1460 2319 1678 2359 manus
1697 2304 1858 2375 apud
1878 2302 2157 2375 pusillam

508 2395 675 2451 urbis
698 2401 931 2467 portam
963 2400 1020 2450 et
1040 2410 1205 2450 mare
1239 2399 1609 2465 spectantem
1642 2392 2161 2459 adsidens,custo-

508 2483 799 2556 diensque
830 2500 902 2538 ne
938 2483 1072 2554 quis
1106 2500 1177 2538 ex
1204 2483 1352 2539 urbe
1381 2498 1453 2537 ex
1508 2482 1832 2553 improviso
1888 2482 2156 2554 irrepens

506 2572 754 2628 militem
782 2572 1040 2637 laederet,
1074 2572 1285 2627 oborto
1315 2571 1451 2626 inde
1496 2571 1756 2628 clamore
1796 2577 2033 2643 portam
2078 2574 2157 2629 ab

505 2662 577 2717 iis
602 2662 704 2734 qui
734 2661 893 2717 intus
919 2665 1088 2717 erant
1112 2667 1384 2733 apertam
1426 2660 1634 2725 fuiSse,
1686 2661 2013 2718 clamorem
2067 2664 2155 2719 in-

505 2750 790 2823 sequitur,
816 2754 873 2806 et
904 2749 1215 2804 universus
1245 2749 1534 2805 exercitus
1555 2753 1692 2821 post
1720 2766 1853 2805 eam
1882 2757 2151 2808 armatus

504 2854 642 2895 cum
655 2838 1010 2911 imperatore
1023 2837 1335 2894 confestim
1349 2837 1830 2895 Thessalonicam
1844 2841 2150 2911 ingressus

2277 1685 2519 1753 ἐγνωκας,
2559 1704 2587 1731 ››
2647 1682 2827 1741 Ούτως
2880 1682 2905 1731 6
2952 1684 3250 1755 Σπαρτηνός
3296 1685 3389 1739 τὴν
3444 1681 3747 1753 μέλλουσαν
3793 1704 3904 1755 φω-

2274 1772 2495 1844 ραθῆναι
2564 1766 2907 1845 ῥᾳδιουργίαν
2977 1773 3315 1842 οἰκονομικῶς
3390 1767 3774 1825 διεσκέδασεν.
3841 1773 3899 1825 Ὀ

2274 1863 2363 1932 μεν
2398 1856 2485 1912 οὖν
2517 1857 2761 1933 βασιλεύς
2805 1860 3039 1920 Ἰωάννης
3107 1858 3312 1933 ἀπάρας
3378 1862 3444 1912 τὰ
3508 1866 3897 1936 στρατεύματα

2274 1948 2357 2002 ἐπὶ
2404 1954 2498 2008 τὴν
2552 1948 2940 2007 Θεσσαλονίκην
3021 1948 3074 2012 ἐξ
3149 1948 3305 2023 ὀρθοῦ
3372 1957 3555 2025 χωρεῖ,
3620 1955 3720 2003 καὶ
3778 1958 3897 2025 περὶ

2273 2041 2467 2098 ταύτην
2516 2034 3052 2112 ἐστρατοπεδεύσατο.
3086 2036 3441 2112 Πολιορκῆσαι
3470 2041 3559 2110 μὲν
3630 2042 3746 2115 γὰρ
3802 2042 3895 2093 οὐκ

2273 2124 2333 2185 ἦν
2364 2128 2503 2199 αὐτῷ
2532 2127 2614 2201 (ού
2667 2130 2770 2200 γὰρ
2825 2126 3083 2199 ἀρκούσας
3129 2125 3243 2199 εἶχε
3298 2130 3387 2188 τὰς
3417 2127 3502 2180 ἰπὶ
3543 2132 3731 2198 τούτῳ
3798 2126 3894 2181 δν-

2270 2219 2557 2290 νάμεις¹³),
2614 2215 2893 2291 πρεσϐείας
2925 2213 2984 2269 δὲ
3047 2216 3227 2284 ἐποίει,
3288 2222 3378 2270 καὶ
3433 2216 3612 2278 ἐζήτει
3665 2218 3892 2281 ἐξελθεῖν

2269 2310 2401 2380 πρός
2462 2307 2612 2360 αὐτὸν
2669 2310 2756 2359 τὸν
2810 2312 3124 2381 Δημήτριον,
3200 2307 3373 2367 καθὼς
3458 2303 3519 2363 ἦν
3572 2306 3893 2380 ὠμοσμένσν

2269 2397 2430 2466 αύτῷ,
2463 2399 2538 2449 ἔτι
2590 2392 2649 2448 δὲ
2702 2403 2925 2455 ποιῆσαι
3002 2400 3092 2448 καὶ
3152 2394 3346 2470 ἀγορὰν
3376 2395 3470 2457 ἔξω
3540 2403 3636 2457 τῆς
3690 2397 3894 2460 πόλεως

2268 2486 2679 2553 Θεσσαλονίκης,
2714 2487 2782 2546 ὡς
2812 2484 2871 2536 ἂν
2911 2487 3082 2557 ἔχοιεν
3137 2485 3380 2537 ὠνεῖσθαι
3417 2487 3483 2538 τὰ
3514 2482 3773 2559 χρειώδη
3830 2492 3891 2539 τὰ

2268 2580 2652 2650 στρατεύματα.
2714 2574 2773 2627 Ὀ
2860 2571 2918 2627 δε
3001 2582 3107 2635 τοῖς
3186 2572 3477 2637 ἐπιϐούλοις
3555 2574 3891 2647 συμϐούλοις

2263 2672 2530 2740 χρώμενος
2601 2661 2752 2717 οὐδέν
2806 2684 2860 2716 τι
2896 2671 2997 2716 τῶν
3053 2666 3301 2716 τοιούτων
3345 2672 3569 2722 ποιῆσαι
3628 2684 3888 2740 παρεχωο

2260 2762 2418 2826 ρείτο.
2455 2756 2596 2807 Πάνυ
2642 2750 2701 2806 δὲ
2726 2753 2911 2824 ὀλίγων
2964 2754 3167 2827 ἡμερῶν
3226 2749 3701 2827 παραδραμουσῶν
3778 2756 3884 2806 ὀλίο

2259 2863 2354 2914 γον
2430 2846 2569 2905 τινός
2640 2844 3030 2915 στρατεύματος
3102 2841 3324 2899 πλησίον
3411 2844 3696 2914 ἱσταμένου
3788 2854 3884 2905 τῆς

502 2928 707 2984 omnia
741 2932 1060 3000 occupant.
1083 2930 1409 2999 lmperator
1432 2928 1492 2983 in
1522 2932 1694 3000 porta
1720 2929 1884 2985 urbis
1913 2947 2049 3003 qua;
2088 2932 2147 2987 in

2265 2938 2448 3004 μικρᾶς
2473 2931 2640 2993 πύλης
2680 2940 2772 2993 τῆς
2825 2933 2968 3003 παρὰ
3031 2938 3092 3003 τῇ
3147 2930 3381 3005 θαλάσσῃ
3446 2930 3558 3004 [καὶ
3618 2931 3875 3006 ἐπονομα-

498 3017 786 3073 orientem
828 3017 1033 3087 vergit,
1068 3016 1241 3072 stetit.
1291 3016 1508 3072 Aderat
1539 3021 1594 3073 et
1658 3020 1931 3075 Demetrii
1982 3036 2150 3078 soror

499 3102 687 3172 Irene,
712 3103 1102 3173 Bulgarorum
1142 3102 1329 3159 Asani
1351 3119 1521 3171 uxor,
1567 3104 1839 3176 supplex,
1891 3107 2147 3176 genibus

495 3193 638 3250 nixa
683 3197 739 3249 et
774 3192 1278 3265 lacrymabunda,
1332 3208 1589 3249 exorans
1625 3208 1701 3248 ne
1746 3193 1926 3251 frater
1959 3197 2148 3254 oculis

494 3281 921 3339 obcaecaretur.
962 3282 1289 3338 Demetrius
1318 3282 1375 3337 in
1407 3297 1607 3338 arcem
1633 3282 1797 3354 prius
1838 3300 1963 3339 sese
1991 3302 2148 3343 rece-

494 3376 680 3443 perat.
705 3373 901 3442 Soror,
921 3372 1253 3443 spondente
1270 3386 1339 3427 ac
1353 3371 1748 3442 jurejurando
1769 3374 2146 3444 promittente

493 3459 852 3532 imperatore
891 3460 1097 3516 oculos
1137 3476 1277 3516 eum
1317 3475 1439 3515 non
1474 3460 1857 3531 amissurum,
1902 3462 2144 3520 lratrem

493 3549 889 3605 adolescentis
922 3554 1156 3605 aetatem
1202 3554 1505 3604 maturam
1552 3548 1885 3606 admodum
1914 3568 2036 3624 prae
2081 3570 2143 3610 se

492 3636 798 3708 ferentem,
834 3638 938 3692 sed
976 3637 1177 3693 adhuc
1229 3635 1583 3699 imberbem,
1621 3637 1814 3695 forma
1861 3644 1917 3695 et
1947 3643 2142 3713 specie

491 3726 820 3796 egregium,
861 3726 940 3783 ad
990 3726 1412 3799 imperatorem
1463 3727 1691 3783 detulit.
1736 3731 1879 3785 Eam
1913 3730 2141 3789 honore

491 3816 725 3871 ornavit
764 3816 1115 3886 imperator:
1159 3820 1223 3873 ut
1259 3816 1417 3872 enim
1463 3816 1563 3872 illa
1611 3833 1767 3890 equo
1810 3820 2137 3892 descendit,

486 3903 815 3976 imperator
830 3906 1006 3961 etiam
1030 3921 1063 3962 a
1084 3906 1327 3978 proprio
1348 3905 1620 3962 vehiculo
1641 3907 1937 3979 exsiliens,
1956 3911 2140 3981 pedes

488 3994 607 4065 90
634 4011 772 4050 cum
804 4010 874 4050 ea
897 3996 1071 4051 stetit.
1117 3994 1536 4051 Thessalonica
1590 3994 1703 4050 hac
1754 3997 1983 4054 ratione
2029 4001 2137 4056 sub

485 4080 861 4157 imperatoris
897 4085 1142 4141 Joannis
1193 4085 1413 4141 ditione
1457 4084 1618 4142 facta
1661 4090 1749 4141 est
1785 4086 1907 4143 imo
1937 4091 2136 4161 potius

487 4173 600 4228 sub
644 4174 829 4229 tutela
860 4177 1267 4231 Romanorum
1298 4175 1593 4247 acquievit
1650 4194 1661 4227 :
1714 4174 1869 4231 illius
1919 4179 2137 4236 etenim

485 4261 710 4317 domini
738 4264 1017 4318 Romanis
1038 4263 1338 4319 contraria
1356 4263 1709 4320 sentiebant.

2260 3020 2478 3093 ζομένης
2511 3019 2580 3093 1¹’]
2616 3017 2707 3072 διὰ
2734 3023 2791 3071 τὸ
2830 3024 2902 3091 μὴ
2964 3017 3272 3094 ἀπροόπτως
3320 3019 3534 3082 ἐξελθεῖν
3592 3040 3750 3083 τινας
3776 3030 3874 3074 τῶν

2256 3117 2348 3170 τῆς
2372 3109 2563 3171 πόλεως
2592 3114 2682 3161 καί
2707 3128 2850 3170 τινας
2906 3108 3248 3181 λυμαίνεσθαι
3294 3118 3393 3160 τῶν
3450 3108 3504 3161 ἐκ
3556 3118 3655 3162 τοῦ
3712 3130 3878 3186 στρα-

2256 3207 2365 3269 τοῦ,
2397 3196 2719 3261 ἐξαπίνηςέκ
2747 3200 2943 3259 ταύτης
2990 3196 3211 3269 ἐγεγόνει
3261 3195 3361 3271 βοὴ
3417 3201 3484 3260 ὡς
3539 3201 3795 3257 ἧνοικται
3842 3203 3871 3258 ἦ

2254 3286 2390 3345 πύλη
2423 3290 2566 3361 παρὰ
2593 3306 2724 3348 τινος
2754 3296 2852 3339 τῶν
2886 3286 3041 3354 ἐντός,
3088 3292 3178 3340 καὶ
3228 3294 3289 3359 τῇ
3343 3285 3441 3360 βοῇ
3503 3293 3789 3341 συνείπετο
3842 3291 3871 3347 ἡ

2253 3376 2732 3450 παραφυλάττουσα
2782 3372 3026 3448 δύναμις,
3082 3380 3171 3428 καὶ
3225 3378 3435 3449 σύμπαν
3491 3373 3552 3429 δι
3603 3381 3667 3429 τό
3701 3382 3875 3453 στρέ-

2252 3486 2419 3539 τευμα
2448 3465 2689 3519 ὁπλισθὲν
2736 3469 2864 3538 μετὰ
2901 3474 2994 3518 τοῦ
3045 3473 3357 3539 κρατοῦντος
3410 3465 3611 3538 ἐφοίτα.
3670 3473 3780 3520 Καὶ
3826 3468 3873 3520 ἓν

2256 3555 2437 3628 ἀκαρεῖ
2470 3558 2660 3615 πάντας
2691 3553 2829 3627 εἶχεν
2881 3556 2912 3613 ἡ
2970 3554 3328 3613 Θεσσαλονίκη
3384 3558 3503 3615 τοῦς
3554 3563 3651 3608 τοῦ
3710 3555 3877 3629 βασι-

2249 3645 2376 3707 λέως
2453 3644 2609 3705 ἐντός.
2676 3643 2735 3695 Ὀ
2795 3641 2854 3696 δὲ
2900 3642 3143 3716 βασιλεὺς
3215 3647 3339 3702 ἔστη
3390 3647 3534 3719 παρά
3593 3650 3694 3703 τὴν
3734 3649 3871 3719 πρὸς

2251 3734 2497 3795 ἀνατολὰς
2532 3732 2826 3807 βλέπουσαν
2885 3732 3052 3791 πύλην
3116 3741 3211 3794 τῆς
3264 3732 3478 3801 πόλεως,
3540 3738 3635 3786 καὶ
3679 3737 3710 3793 ἠ
3779 3743 3869 3789 τοῦ

2247 3829 2548 3899 Δημητρίου
2607 3820 2802 3895 ἀδελφὴ
2837 3823 3054 3896 Εἰρήνη,
3112 3824 3143 3881 ἡ
3194 3831 3285 3875 τοῦ
3337 3823 3648 3895 Βουλγάρων
3700 3824 3871 3880 ’Δσὲν

2245 3917 2470 3987 γαμετὴ,
2542 3920 2903 3984 γονυπετοῦσα
2975 3916 3064 3963 και
3142 3916 3461 3984 ποτνιωμένη
3534 3917 3605 3984 μὴ
3678 3917 3867 3967 παθεῖν

2247 4006 2332 4055 τὸν
2387 3998 2606 4073 ἀδελφόν
2662 4001 2822 4061 αὐτῆς
2871 4008 2969 4053 τῶν
3016 4000 3288 4072 ὀφθαλμῶν
3341 4005 3609 4073 στέρησιν.
3679 4001 3736 4053 Ὀ
3806 4000 3867 4054 δῖ

2247 4096 2538 4165 Δημήτριος
2591 4091 2715 4162 ἔφθη
2765 4090 2837 4152 εἰς
2883 4094 2975 4148 τὴν
3030 4088 3305 4164 ἀκρόπολιν
3358 4088 3566 4149 ἀναϐὰς,
3634 4091 3864 4163 Ἐγπγύας

2250 4179 2308 4236 δὲ
2365 4181 2646 4253 ἐνωμότους
2702 4183 2829 4255 πρὸς
2907 4187 2996 4232 τοῦ
3052 4178 3307 4251 βασιλέως
3355 4178 3590 4231 λαϐοῦσα
3651 4184 3718 4241 ὡς
3767 4182 3863 4234 οὐκ

2257 4270 2497 4324 ἀπολέσει
2551 4270 2699 4331 οὖτος
2760 4272 2877 4329 τοὺς
2930 4269 3223 4341 ὀφθαλμούς
3273 4270 3337 4336 ¹⁵,
3397 4267 3555 4341 ἀπῄει
3607 4289 3664 4322 τε
3714 4275 3864 4345 παρὰ

484 4368 570 4401 τον
629 4346 845 4421 ἀδελφόν
900 4356 988 4403 καὶ
1038 4355 1168 4424 πρὸς
1214 4356 1300 4403 τόν
1350 4351 1574 4425 βασιλέα
1628 4360 1802 4404 τοῦτον
1857 4353 2105 4429 ἐξῄγαγεν
2140 4358 2239 4420 ’ἦν
2297 4358 2354 4412 δὲ
2409 4364 2568 4431 φέρων
2617 4358 2765 4419 οὗτος
2795 4363 2890 4417 τὴν
2938 4357 3145 4416 ἠλικίαν
3202 4364 3294 4409 τοῦ
3347 4363 3611 4432 μείρακος,
3688 4379 3861 4433 προσ-

485 4446 623 4523 εχῶς
690 4458 760 4499 εις
823 4438 982 4497 αὐτὴν
1031 4440 1380 4515 παραγγείλας
1432 4445 1519 4492 καὶ
1574 4447 1731 4513 μήπω
1779 4446 2020 4514 χνοάςων
2065 4452 2122 4501 τὸ
2169 4455 2381 4523 γένειον,
2437 4451 2625 4521 ὡραῖος
2677 4443 2734 4499 δὲ
2780 4451 2836 4499 τό
2893 4444 3031 4509 εἶδος
3082 4452 3170 4499 καὶ
3227 4450 3319 4506 τὴν
3383 4452 3534 4519 φυήν.
3594 4454 3861 4521 Τετίμηκε

484 4522 543 4579 δὲ
574 4530 765 4585 ταύτην
796 4528 821 4579 ὁ
862 4526 1106 4599 βασιλεὺς
1146 4550 1158 4562 ·
1195 4531 1239 4565 ¹⁶
1270 4532 1338 4590 ὡς
1388 4531 1488 4601 γὰρ
1544 4527 1710 4589 ἀπέδὴ
1776 4532 1905 4592 αὐτὴ
1960 4543 2049 4588 τοῦ
2106 4539 2288 4606 ἵππου,
2344 4544 2631 4596 τηνικαῦτα
2694 4539 2783 4588 καὶ
2835 4537 2861 4587 6
2920 4534 3173 4608 βασιλεὺς
3221 4542 3313 4587 τοῦ
3375 4535 3567 4587 οἰκείου
3627 4535 3858 4609 ὀχήμα-

479 4635 562 4678 τος
624 4615 823 4680 ἀποϐὰς
878 4620 1031 4681 πεζὸς
1088 4618 1274 4676 ἕστηκε
1332 4621 1425 4670 σὺν
1484 4618 1611 4691 αὐτῇ
1680 4621 1745 4675 ¹⁷.
1811 4620 1869 4674 Ἠ
1930 4628 2020 4697 μὲν
2078 4623 2165 4680 οὖν
2214 4627 2362 4690 πόλις
2439 4625 2796 4683 Θεσσαλονίκη
2852 4624 3016 4686 οὕτως
3070 4626 3169 4677 ὑπὸ
3221 4627 3308 4676 τὸν
3363 4622 3592 4696 βασιλέα
3640 4630 3857 4698 γέγονεν

479 4705 739 4778 Ἰωάννην,
779 4706 971 4782 μᾶλλον
1010 4703 1069 4760 δὲ
1106 4709 1205 4760 ὑπὸ
1236 4706 1515 4782 Ῥωμαίους
1556 4730 1569 4742 '
1608 4710 1655 4762 οἱ
1682 4712 1780 4784 γὰρ
1820 4712 1984 4773 αὐτὴν
2025 4724 2331 4792 κρατοῦντες
2371 4716 2751 4790 ἐναντιόφρονες
2804 4713 3074 4787 Ῥωμαίοις
3111 4712 3311 4767 ἐτέλουν
3345 4714 3414 4771 ¹⁸.

2320 4896 2365 4931 ¹⁸
2392 4898 2456 4956 ὡς
2487 4926 2554 4935 -
2605 4892 2900 4967 ὀφθαλμούς
2924 4908 3045 4967 om.
3278 4893 3324 4928 ¹⁶
3355 4895 3491 4967 ante
3519 4894 3589 4955 ὡς
3618 4924 3689 4932 -
3742 4894 3807 4967 D_
3838 4911 3854 4948 :

550 4887 678 4973 “‘06
699 4921 770 4931 —
801 4886 1049 4964 δυνάμεις
1075 4906 1197 4946 om.
1231 4891 1296 4946 D.
1413 4892 1457 4925 “
1484 4896 1573 4946 καὶ
1599 4891 2045 5001 ἐπονομαζομένης
2080 4912 2205 4954 om.

550 4977 561 5001 ζ
590 4966 783 5001 ultimm—
817 4963 1271 5001 ηννιηηη-οΓιὶηενηρ
1298 4965 1391 5001 φῆυ
1421 4969 1731 5001 φανεῖυωηιυ
1870 4970 1883 5001 1
1948 4975 2037 5001 q-m".
2069 4968 2205 5001 ΑἶνεΙλ

1870 4963 1911 5001 *³⁷
1948 4975 2037 5019 τοῦ
2068 4968 2170 5020 οἰκε

2289 4999 2354 5011 -
2386 4967 2513 5038 αὐτῇ
2571 4963 2692 5023 om.
2752 4963 2818 5022 Ι).
2935 4966 2978 5001 ¹³
3031 4964 3319 5038 μᾶλλον-
3349 4963 3547 5017 ἐτέλουν
3598 4979 3726 5021 om.
3778 4965 3847 5022 D.

506 4956 530 4974 ν
552 4915 678 4973 "‘OU
699 4921 770 4931 —
801 4915 1049 4964 συναμεις
1075 4915 1197 4946 υω.
1231 4915 1296 4946 υ.
1415 4915 1457 4925 ⁵⁷
1484 4915 1573 4946 και
1599 4915 2045 5001 επονομαεομενης
2080 4915 2205 4954 οω.
2322 4915 2365 4931 ¹⁴¹
2392 4915 2456 4956 ως
2487 4926 2554 4935 -
2605 4915 2767 4967 optma
2811 4915 2818 4943 l

476 4974 562 5010 οια
590 4966 783 5026 εκείνης
817 4963 1271 5037 σχηματιζόμενος
1298 4965 1391 5020 τὴν
1421 4969 1756 5022 ταπείνωσιν.
1870 4970 1883 5001 ¹
1948 4975 2037 5019 τοῦ
2068 4968 2255 5021 οἰκείου
2289 4999 2354 5011 -
2386 4967 2513 5040 αὐτῇ
2571 4982 2692 5023 om.

1358 5138 1697 5209 Theodori
1748 5142 1998 5209 Dousze
2048 5151 2114 5210 et
2159 5142 2413 5212 Leonis
2457 5142 2692 5211 Allatii
2741 5151 2944 5210 notae.

2229 5307 2320 5346 νην
2350 5303 2365 5355 ;
2398 5295 2505 5348 πῶς
2535 5288 2633 5339 ὑπο
2670 5290 2753 5339 σοὶ
2785 5285 3054 5358 πολιούχῳ
3079 5286 3108 5343 ἡ
3161 5283 3371 5357 ἐχθροῖς
3413 5282 3627 5347 ἄϐατος,
3662 5283 3753 5358 ἀφ’
3782 5285 3846 5358 οὗ

2230 5364 2425 5431 χρόνου
2472 5362 2665 5431 ταύτην
2712 5358 2855 5420 ἣλιος
2912 5357 3178 5429 ἐθεάσατο,
3216 5360 3486 5431 ⁸τοσούτων
3542 5357 3720 5431 κακῷν
3774 5357 3846 5417 εἰς

2230 5424 2409 5506 πεῖραν
2468 5429 2661 5503 ἐγένετο
2694 5447 2708 5497 ;
2743 5439 2851 5492 πῶς
2902 5438 2995 5491 τῆς
3056 5424 3173 5481 τῶν’
3203 5424 3601 5481 δυσσεϐούντων
3647 5427 3843 5501 ὀφρύος

2230 5502 2460 5578 ἠνέσχου
2506 5506 2935 5578 κατορχουμένης
2982 5508 3074 5562 τῆς
3123 5502 3258 5575 ἱερᾶς
3312 5504 3646 5574 προστασίας
3676 5518 3694 5570 ;
3726 5508 3837 5563 πῶς

2229 5570 2504 5648 ὑπέμεινας
2524 5570 2808 5630 ταῦτα’κοίὶ
2836 5570 3139 5649 διεκαρτέρη
3151 5570 3247 5637 σας
3268 5589 3283 5642 ;
3308 5570 3443 5630 ΛΠ..

544 5278 656 5351 (91)
697 5280 1003 5347 Quomodo
1027 5280 1088 5339 S.
1125 5283 1452 5339 Demetrius
1476 5284 1548 5339 sit
1574 5283 2004 5341 Thessalonicae
2025 5306 2121 5345 κη-

474 5346 646 5429 enim
683 5346 739 5409 et
774 5353 1087 5429 πολιοῦχος,
1138 5354 1287 5429 inter
1321 5354 1799 5429 Aaliosﬂpluribus
1841 5357 2120 5429 explicuit

469 5425 734 5481 Joannes
766 5426 1105 5480 Stanracius
1138 5426 1211 5481 de
1254 5425 1553 5480 miraculis
1612 5427 1667 5481 S.
1728 5425 2021 5484 Demetrii.
2058 5433 2121 5486 Et

467 5496 748 5553 Nicolaus
775 5498 1113 5569 patriarcha
1147 5495 1435 5551 monodia
1465 5496 1535 5550 de
1560 5496 1792 5554 excidia
1816 5500 2121 5557 Thessalo-

467 5570 694 5626 nicensi
729 5586 742 5625 :
784 5576 894 5621 Ποῦ
961 5588 1072 5641 μοι,
1150 5571 1401 5643 Δημέτριε
1485 5570 1709 5643 μάρτυς,
1782 5572 1813 5629 ἡ
1875 5570 2122 5636 ἀήττητος

470 5646 805 5717 συμμαχία;
846 5638 970 5703 πῶς
1002 5638 1096 5699 τήν
1151 5638 1248 5700 σὴν
1306 5638 1453 5694 πόλιν
1486 5638 1764 5715 ’ὑπερεῖδες
1826 5646 2121 5721 πορθουμέ-
