4084 6212
157 323 286 380 1097
1762 309 2098 374 ANNALES.
3384 321 3525 377 1098

225 446 328 521 μςί.
372 445 582 519 Ὀλίγας
631 448 676 482 ¹⁰
715 443 776 498 δε
829 447 964 498 πάνυ
1013 447 1205 516 ἡμέρας
1244 441 1293 495 ἐν
1349 449 1411 514 τῇ
1487 441 1756 495 Θεσσαλο-
1793 451 1838 498 Α

155 541 272 608 υίκη
320 539 793 607 προσκαρτερήσας
823 534 909 605 [Ρ.
953 533 1041 603 46]
1089 535 1112 584 ὁ
1169 529 1413 604 βασιλεὺς
1461 533 1758 602 (κατήπειγε

154 629 254 699 γὰρ
308 623 460 677 αὐτὸν
522 625 548 676 ὀ
600 632 692 676 τοῦ
739 631 996 695 χειμῶνος
1045 625 1226 694 καιρός
1274 642 1286 653 ο

158 713 409 787 έτύγχανε
453 712 602 786 μὴν),
667 711 813 785 ἀφεὶς
872 714 919 764 έν
977 712 1107 783 αὐτῇ
1176 713 1263 762 τόν
1309 714 1470 782 μέγαν
1521 706 1764 782 δομέστι-

158 823 246 856 κον
293 807 380 856 τὸν
435 805 701 875 Κομνηνόν
754 796 1089 874 Ἀνδρόνικον
1140 804 1226 852 τόν
1279 798 1646 871 Παλαιολόγόν,
1705 798 1764 851 οὗ

157 891 403 953 πολλάκις
460 889 801 964 ἐμνήσθημεν,
881 892 947 942 τὰ
1002 897 1185 962 πρῶτα
1249 892 1467 961 φέροντα
1538 897 1636 941 τῶν
1716 886 1764 939 ἐν

162 983 501 1056 στρατηγίαις
565 983 914 1052 τεταγμένων,
992 974 1163 1051 ἄνδρα
1234 983 1585 1031 συνετώτατον
1677 979 1767 1029 καὶ

158 1076 438 1145 πραότατον
491 1074 583 1122 καὶ
639 1065 693 1122 εὖ
750 1065 930 1122 εἰδότα
985 1073 1073 1121 καὶ
1147 1069 1331 1141 μάχην
1403 1066 1618 1120 ὁπλίσαι
1677 1071 1768 1120 καὶ

1339 619 1600 695 Δεκέϐριος
1657 624 1758 695 γὰρ

162 1155 425 1213 διευθῦναι
463 1157 584 1211 λαόν
633 1163 724 1211 καὶ
771 1156 820 1210 έν
873 1157 1168 1231 πολεμικοῖς
1219 1162 1309 1210 καὶ
1353 1157 1630 1230 εἰρηνικοῖς
1664 1161 1768 1216 τοῖς

161 1255 381 1322 καιροῖς,
435 1252 646 1309 νικητὸς
702 1246 1030 1310 έπανέςευξεν
1079 1247 1146 1308 εἰς
1192 1251 1285 1305 τὴν
1337 1248 1420 1317 ἔω,
1505 1246 1768 1319 θαυμαζό-

161 1357 304 1412 μενος
349 1339 399 1374 ³ο
455 1339 556 1391 ὑπὸ
612 1339 818 1390 πάντων
857 1341 948 1389 καὶ
998 1335 1324 1408 κλεῖζόμενος
1387 1344 1480 1398 τῆς
1544 1343 1767 1408 ταχινῆς

163 1428 400 1480 οὕτωκαὶ
433 1431 691 1500 μεγίστης
719 1431 890 1492 νίκης,
923 1424 1029 1498 οὐχ
1084 1427 1181 1478 ὁπὸ
1204 1433 1304 1476 τῶν
1355 1424 1554 1477 οἰκείων
1593 1429 1766 1497 μόνον,

165 1514 291 1570 ἀλλὰ
329 1521 418 1570 καὶ
471 1517 571 1569 ὑπὸ
617 1524 718 1568 τῶν
789 1513 1067 1590 ἀλλοτρίων
1132 1536 1144 1547 ·
1198 1515 1324 1587 ὑπὲρ
1393 1517 1619 1586 φυσικὴν
1668 1516 1766 1587 γὰρ

165 1606 308 1669 τάξιν
337 1601 482 1668 ἔδοξε
534 1606 594 1657 τὸ
625 1605 939 1678 κατόρθωμα
969 1607 1060 1656 καὶ
1112 1611 1212 1656 τῶν
1259 1607 1519 1677 τροπαίων
1560 1606 1616 1654 τὸ
1649 1600 1768 1653 ἁλλ-

165 1695 461 1761 επάλληλον,
491 1699 581 1747 καὶ
635 1700 770 1748 Θεοῦ
807 1693 997 1766 μᾶλλον
1049 1697 1267 1766 προνοίᾳ
1295 1693 1324 1752 ἦ
1389 1698 1770 1765 στρατηγικαῖς

163 1781 404 1858 μεθόδοις
443 1787 598 1836 ταυτὶ
650 1779 684 1836 δ
690 1781 1071 1858 ιαπράξασθαι.
1121 1781 1466 1870 καταλέλοιπε
1495 1777 1556 1834 δε
1585 1786 1673 1834 καὶ
1703 1783 1772 1842 εἷς
1807 1816 1848 1870 Β

163 1893 218 1928 τε
266 1881 354 1927 τοῦ
385 1872 659 1928 Μελενίκου
698 1876 786 1924 καὶ
837 1875 925 1929 τὴν
969 1879 1066 1924 τῶν
1120 1869 1314 1945 Σερῥῶν
1361 1875 1450 1922 καὶ
1500 1878 1599 1922 τῶν
1654 1875 1773 1946 περὶ

165 1965 322 2026 αὐτὰς
378 1961 609 2036 φυλακὴν
659 1964 748 2014 τὸν
793 1968 886 2014 τοῦ
935 1960 1202 2034 εἰρημένου
1253 1959 1479 2032 μεγάλου
1528 1955 1773 2032 δομεστί-

165 2073 258 2106 κου
303 2061 505 2130 πρῶτον
572 2053 683 2104 υἱὸν
737 2054 822 2104 τὸν
903 2052 1168 2122 Κομνηνὸν
1224 2048 1468 2121 Μιχαὴλ,
1524 2047 1578 2100 ὃν
1643 2050 1775 2120 μετὰ

166 2147 391 2218 χρόνους
439 2142 583 2203 τινὰς
638 2142 668 2198 ἡ
730 2148 829 2192 τῶν
884 2137 1148 2211 Ῥωμαίων
1207 2135 1453 2211 βασιλεία
1483 2136 1774 2196 πεπλουτη-

168 2250 250 2284 κεν
279 2231 348 2294 εἰς
375 2231 626 2303 εὐτυχίαν
671 2230 784 2302 (92)
823 2230 1022 2290 ταύτης
1053 2231 1143 2280 καὶ
1191 2222 1453 2294 εὐδοξίαν,
1512 2225 1662 2279 ἄλλον
1722 2246 1776 2280 τε

171 2318 402 2392 ἀλλαχοῦ
459 2318 716 2392 ἐπαφῆκεν
749 2317 822 2380 εἰς
868 2315 1150 2391 ἀσφάλειαν
1207 2325 1306 2369 τῶν
1355 2323 1544 2390 χωρῶν
1599 2334 1653 2368 τε
1691 2319 1775 2368 καὶ

169 2407 381 2478 πόλεων,
409 2407 578 2460 έπάνω
620 2405 680 2461 δε
737 2409 939 2460 πάντων
988 2410 1076 2460 τὸν
1128 2409 1292 2480 μέγαν
1339 2401 1671 2477 δομέστικον,
1713 2406 1778 2465 ὡς

172 2496 234 2550 ἂν
263 2498 556 2550 ὑπείκοιντο
584 2498 770 2556 πάντες
829 2495 966 2566 αὐτῷ
1019 2500 1110 2548 καὶ
1161 2502 1271 2557 τοῖς
1319 2493 1407 2547 ὐπ’
1436 2493 1596 2546 αὐτοῦ
1625 2493 1776 2565 λεγο-

173 2589 345 2659 μένοις
403 2603 457 2637 τε
525 2588 615 2636 καί
687 2588 1081 2658 πραττομένοις,
1132 2583 1192 2637 Ὀ
1247 2586 1337 2656 μὲν
1387 2578 1474 2636 οὖν
1526 2580 1778 2655 βασιλεὺς

176 2674 247 2735 εἰς
294 2676 360 2726 τὰ
409 2681 504 2736 τῆς
558 2673 621 2726 ἕω
676 2678 805 2748 μέρη
869 2670 1196 2748 διαπεράσας
1253 2669 1408 2744 διῆγε
1449 2674 1519 2742 ²¹,
1573 2675 1777 2724 καὶτὸν

173 2768 489 2838 Δημήτριον,
566 2761 620 2814 ὃν
682 2771 777 2822 τῆς
834 2761 1253 2816 Θεσσαλονικέων
1309 2761 1482 2835 ἀρχῆς
1525 2760 1777 2830 καθεῖλεν,

171 2851 222 2906 έν
277 2860 350 2922 τῷ
389 2855 618 2928 φρουρίῳ
667 2850 938 2925 καθειρξας
984 2859 1083 2903 τῶν
1140 2859 1430 2904 Λεντιανῶν
1473 2853 1643 2926 ἐτήρει
1707 2852 1775 2904 ²².

169 2941 230 2994 Ὀ
262 2936 321 2995 δε
375 2945 540 3014 μέγας
597 2936 912 3013 δομέστικος
965 2939 1134 3012 ολίγον
1191 2938 1426 3002 έπιϐιούς
1467 2944 1660 3015 χρόνον
1687 2943 1778 2991 καὶ

171 3029 339 3094 καλῶς
370 3028 664 3105 δίοπρέψας
712 3028 762 3081 έν
819 3036 882 3102 τῇ
938 3031 1124 3082 τούτου
1180 3027 1348 3104 ἀρχῇ,
1399 3035 1633 3091 νοσήσας
1692 3033 1781 3081 καὶ

171 3126 265 3180 τὴν
319 3125 489 3195 τρίχα
546 3118 820 3194 ἁποκαρεὶς
871 3123 932 3172 τὸ
998 3117 1147 3192 βιοῦν
1205 3117 1565 3193 έξεμέτρησεν.
1621 3119 1780 3173 Ἀπε-

176 3177 362 3269 στάλη⁸
399 3177 452 3246 ἃ
481 3205 539 3262 δὲ
566 3209 676 3262 ἀντ’
718 3177 884 3262 ιαὑτοῦ
915 3177 1183 3284 Θεόδωρος
1209 3209 1234 3260 ὁ
1262 3177 1420 3268 Φιλής
1473 3206 1582 3260 ἀντ’
1621 3207 1782 3260 αὐτοῦ
1816 3177 1856 3233 C

173 3297 372 3354 διέπειν
401 3301 467 3352 τὰ
497 3307 588 3360 τῆς
619 3296 798 3374 ἀρχῆς
824 3299 896 3358 ³⁸.
949 3299 1092 3352 Ἐπεὶ
1145 3294 1204 3350 δὲ
1259 3299 1358 3351 ὑπό
1414 3301 1500 3350 τὸν
1560 3294 1786 3370 βασιλέα

171 3387 410 3461 έχεγόνει
485 3386 843 3446 Θεσσαλονίκη
902 3392 992 3440 καὶ
1043 3385 1278 3463 Βέρῥοια,
1328 3389 1392 3439 τὰ
1449 3385 1637 3439 ἐκεῖθεν
1695 3385 1784 3437 αὑ-

171 3485 275 3530 τῶν
313 3482 406 3530 καὶ
451 3479 584 3550 πρὸς
641 3471 854 3549 δυσμὰς
911 3472 1013 3528 ἀπὸ
1062 3483 1154 3528 τοῦ
1212 3475 1562 3548 Πλαταμῶνος
1621 3472 1784 3548 ἀρχό-

171 3586 302 3640 μενα
332 3567 434 3618 ὑπὸ
478 3568 566 3617 τὸν
627 3561 890 3623 δεσπότην
939 3563 1164 3637 Μιχαὴλ
1220 3563 1436 3628 ἐτέλουν,
1497 3567 1573 3618 ἔτι
1614 3583 1670 3617 τε
1720 3566 1788 3616 τὰ

171 3659 296 3731 περὶ
330 3653 642 3727 Πελαγονίαν
683 3659 773 3706 καὶ
822 3649 1058 3727 Ἀχρίδα
1103 3658 1190 3706 καὶ
1237 3653 1522 3729 Πρίλαπον.
1553 3657 1687 3714 Τοὺς
1726 3649 1786 3707 δε

171 3741 441 3808 Βοδηνοὺς
499 3748 586 3797 καὶ
644 3739 936 3818 Σταρίδολα
987 3742 1208 3818 Στρόϐον
1265 3763 1319 3797 τε
1389 3748 1480 3796 καὶ
1551 3745 1617 3796 τὰ
1665 3746 1785 3818 περὶ

171 3841 350 3888 ταῦτα
393 3835 420 3886 ὁ
449 3840 541 3886 τοῦ
573 3838 874 3906 Δημητρίου
931 3838 1129 3906 πατὴρ,
1187 3841 1276 3887 τοῦ
1315 3831 1540 3906 Μιχαὴλ
1566 3827 1625 3886 δε
1657 3833 1788 3892 θεῖος

171 3923 200 3976 ὁ
231 3921 488 3996 Ἀγγελος
516 3928 732 3994 κατεῖχε
760 3917 1036 3995 Θεόδωρος
1066 3923 1133 3976 ³⁵.

248 4009 364 4085 με.
415 4011 474 4064 Ὀ
519 4015 610 4084 μέν
667 4018 755 4063 οῦν
801 4009 1047 4084 βασιλεὺς
1105 4008 1154 4063 έν
1207 4019 1312 4072 τοῖς
1365 4017 1456 4064 τοῦ
1510 4014 1788 4084 Νυμφαίου

171 4102 620 4176 παραχειμάσας,
699 4096 820 4175 ἦρος
885 4103 1137 4174 φανέντος,
1191 4101 1363 4176 ὥσπερ
1417 4099 1600 4167 εἰώθει,
1659 4098 1792 4172 ἐξῄει

173 4189 397 4258 έκεῖθεν,
447 4188 738 4265 ἐκεχειρίαν
792 4191 906 4262 (95)
971 4186 1030 4242 δε
1095 4188 1147 4252 EE
1204 4188 1440 4242 ἁπάντων
1497 4190 1634 4260 ἔχως
1682 4192 1791 4248 τοῖς

171 4277 548 4340 πλησιάζουσι
616 4275 803 4331 ἄστεσι
884 4286 980 4340 τῆς
1066 4282 1452 4332 Κωνσταντίνου
1511 4281 1600 4328 καὶ
1651 4276 1795 4350 παρὰ

172 4371 422 4422 Λατίνων
471 4371 870 4443 κεκρατημένοις
907 4369 976 4436 ³⁸,
1027 4375 1088 4440 τῇ
1142 4366 1450 4441 Τζουρουλῴ
1525 4386 1657 4439 φημι
1704 4369 1793 4417 καὶ

173 4465 242 4530 τῇ
312 4457 499 4530 Βιζύῃ,
543 4455 817 4510 ἐπιθέσθαι
873 4457 1135 4514 τεθεληκεν
1195 4477 1208 4490 ·
1265 4455 1399 4532 έώρα
1442 4457 1486 4492 ³⁷
1540 4461 1630 4508 καὶ
1695 4457 1794 4528 γὰρ

1938 446 2006 498 43
2036 444 2154 497 Nec
2184 442 2440 497 multum
2480 440 2911 498 Thessalonicae
2946 446 3358 499 commoratus
3413 445 3524 500 im-

1870 537 2106 605 perator
2142 531 2397 598 hiberna
2451 547 2593 586 nam
2632 547 2750 603 que
2795 535 3148 603 tempestate
3202 533 3525 589 Decembre

1871 637 2076 676 mense
2105 620 2558 675 exhorrescente
2607 620 2986 691 pellebatur),
3020 620 3079 674 in
3112 637 3183 676 ea
3232 637 3525 691 magnum

1871 709 2269 765 domesticum
2284 710 2657 764 Comnenum
2672 709 3080 764 Andronicum
3101 710 3522 779 Palneologum,

1873 797 2045 870 cujus
2059 797 2278 870 saepius
2292 797 2679 863 meminimus,
2694 798 2846 853 inter
2857 797 3017 854 viros
3042 798 3241 854 militia
3263 800 3527 856 celebres

1873 886 2101 959 primas
2127 885 2371 956 ferente,
2402 886 2940 957 prudentissimum
2962 891 3019 943 et
3042 903 3228 960 quam
3259 888 3526 945 maxime

1873 981 2282 1041 mansuetum,
2308 975 2457 1032 aciei
2476 976 2843 1032 instruendae
2863 981 2921 1032 et
2949 977 3256 1047 digerendi
3279 978 3526 1035 militem

1875 1066 2099 1137 optime
2129 1081 2409 1136 gnarum,
2439 1070 2494 1121 et
2520 1065 2660 1122 belli
2693 1067 2984 1139 pacisque
3016 1067 3242 1124 artibus
3273 1067 3526 1136 clarum,

1875 1155 2437 1227 relinquens,victor
2459 1155 2838 1229 triumphans
2856 1157 2917 1212 in
2936 1157 3233 1214 Orientem
3251 1173 3529 1214 reversus

1877 1248 1985 1311 est,
2017 1245 2095 1300 ab
2129 1244 2714 1301 omnibuslaudibus
2737 1246 3150 1319 encomiisque
3170 1246 3248 1302 ob
3275 1247 3530 1303 celerem

1879 1349 1949 1388 ac
1979 1333 2312 1390 maximam
2338 1333 2672 1402 victoriam,
2703 1351 2826 1390 non
2849 1351 2885 1391 a
2916 1336 3038 1391 suis
3069 1336 3276 1403 modo,
3310 1335 3415 1392 sed
3433 1352 3532 1391 ex-

1877 1422 2058 1478 ternis
2102 1421 2302 1488 etiam,
2350 1421 2805 1479 condecoratus.
2869 1426 3059 1495 Supra
3089 1425 3248 1479 enim
3305 1429 3530 1480 natura

1877 1517 2114 1582 captum
2126 1510 2357 1566 facinus
2372 1516 2427 1567 et
2444 1515 2798 1582 tropaeorum
2815 1512 3101 1568 crebritas
3113 1511 3318 1568 divina
3336 1512 3532 1584 potius

1877 1600 2250 1673 providentia
2263 1616 2452 1672 quam
2467 1599 2822 1656 militaribus
2844 1601 3073 1657 artibus
3104 1606 3336 1673 patrata
3349 1601 3533 1656 fuisse

1876 1689 2009 1745 visa
2039 1694 2196 1745 sunt.
2261 1692 2540 1745 Praeterea
2604 1690 2951 1747 Melenicum
3022 1693 3224 1747 Serras
3274 1707 3345 1746 ac
3399 1689 3536 1747 loca.

1879 1779 2217 1850 adjacentia
2272 1779 2335 1835 in
2421 1779 2606 1836 ﬁdem
2673 1796 2743 1836 ac
2825 1779 3160 1837 clientelam
3238 1779 3536 1838 Michaelis

1881 1869 2185 1934 Comneni,
2228 1868 2367 1924 dicti
2397 1869 2604 1939 magni
2633 1868 2952 1924 domestici
2973 1869 3151 1942 primi
3181 1869 3310 1937 ﬁlii,
3351 1884 3536 1941 quem

1881 1963 2016 2030 post
2036 1974 2230 2014 annos
2250 1973 2374 2014 non
2397 1957 2620 2014 multos
2644 1961 3052 2015 Romanorum
3074 1959 3396 2032 imperium
3411 1973 3538 2014 non

1884 2047 2012 2102 sine
2039 2052 2094 2103 et
2113 2046 2490 2103 fortunarum
2519 2051 2576 2102 et
2596 2047 2800 2117 gloriae
2822 2048 3192 2104 incremento
3222 2048 3315 2103 sui
3341 2046 3539 2104 admi-

1883 2137 2259 2193 nistratorem
2305 2137 2574 2208 agnovit,
2622 2137 2889 2193 contulit.
2948 2140 3065 2194 Nec
3121 2153 3244 2194 non
3296 2135 3540 2194 arcibus

1883 2225 2118 2281 tuendis
2139 2241 2210 2282 ac
2239 2224 2634 2281 defendendis
2662 2225 2912 2282 urbibus
2939 2225 3127 2282 alium
3148 2231 3329 2298 atque
3359 2225 3536 2282 alium

1882 2314 2188 2387 imposuit,
2203 2314 2426 2386 quibus
2446 2315 2504 2386 9
2516 2317 2559 2386 ι
2570 2331 2866 2386 magnum
2881 2314 3538 2383 domesticum,utillius

1883 2404 2136 2478 imperia
2171 2421 2343 2478 aeque
2391 2421 2461 2461 ac
2494 2405 2718 2462 subditi
2767 2410 3172 2478 capesserent,
3233 2407 3539 2478 praecepta

1888 2501 2049 2552 sarta
2091 2500 2246 2554 tecta
2275 2494 2586 2562 baberent,
2621 2495 2802 2552 rebus
2829 2496 3106 2566 gerendis
3152 2493 3538 2552 obsecunda-

1885 2589 2036 2655 rent,
2059 2584 2339 2656 praefecit.
2361 2587 2512 2655 Ergo
2532 2583 2860 2656 imperator
2876 2601 3154 2655 egressus
3213 2585 3274 2640 in
3304 2585 3538 2641 Oriente

1887 2673 2162 2744 degebat.
2174 2673 2532 2736 Demetrium
2548 2689 2584 2729 a
2597 2673 3204 2731 Thessalonicensium
3223 2673 3542 2730 dominatu

1888 2762 2271 2819 exturbatum
2294 2767 2350 2818 et
2373 2763 2434 2818 in
2458 2779 2593 2820 arce
2617 2764 2900 2821 Lenliana
2929 2765 3240 2821 occlusum
3257 2765 3318 2820 in
3349 2768 3545 2820 custo-

1889 2852 2054 2909 diam
2094 2852 2270 2908 misit.
2311 2853 2568 2922 Magnus
2596 2852 2833 2909 interim
2872 2854 3238 2910 domesticus
3276 2868 3401 2908 non
3439 2851 3544 2906 diu

1892 2942 2009 2998 vita
2038 2946 2356 3012 protracta,
2384 2941 2488 2996 sed
2526 2941 2631 3014 qui
2655 2957 2776 2998 non
2809 2942 2935 2998 sine
2963 2942 3228 2998 nominis
3249 2945 3305 2996 et
3336 2939 3541 3010 gloriae

1890 3029 2057 3087 fama
2083 3033 2145 3086 in
2171 3029 2689 3086 administratione
2741 3047 2803 3086 se
2855 3036 3138 3101 gesserat,
3161 3030 3224 3085 in
3262 3027 3548 3084 morbum

1891 3119 2162 3176 incidens
2213 3117 2442 3190 capillis
2499 3117 2767 3174 detonsis
2815 3119 3002 3175 vitam
3049 3118 3201 3174 ﬁniit
3236 3136 3249 3186 ;
3280 3116 3343 3172 in
3369 3115 3546 3186 cujus

1891 3209 2089 3264 locum
2125 3206 2410 3263 suffectus
2469 3209 2559 3262 est
2622 3206 2969 3263 Theodorus
3013 3207 3227 3275 Philas,
3283 3205 3386 3278 qui
3411 3203 3547 3260 loco

1893 3297 2386 3370 illiusimperium
2411 3299 2661 3366 regeret,
2709 3297 2968 3354 Subacta
3031 3296 3453 3354 Thessalonica
3471 3309 3548 3352 ac

1894 3388 2147 3453 Berrcea,
2171 3404 2306 3460 quae
2328 3386 2464 3443 inde
2491 3385 2968 3442 extendebantur
2990 3387 3124 3444 loca
3152 3387 3232 3444 ad
3257 3402 3544 3446 occasum

1894 3478 1973 3534 ab
1996 3493 2189 3550 usque
2212 3477 3030 3549 Platamone,etquaecunque
3041 3477 3120 3532 ad
3132 3476 3540 3548 Pelagoniam,

1893 3565 2215 3624 Achridam
2281 3571 2338 3622 et
2377 3565 2682 3638 Prilapum
2719 3565 3071 3636 attinebant,
3129 3566 3244 3623 sub
3261 3566 3540 3624 Michaele

1893 3656 2146 3729 despota
2161 3662 2349 3726 erant,
2389 3655 2635 3722 Bodeni,
2673 3655 2986 3723 Staridola,
3041 3655 3290 3714 Strobus
3315 3656 3545 3714 etcirca

1895 3761 1968 3802 ea
2007 3745 2142 3801 loca
2188 3743 2300 3800 sub
2349 3744 2624 3800 Demetrii
2672 3745 2871 3802 fratre.
2917 3745 3260 3802 Michaelem
3291 3749 3544 3818 patruus

1894 3835 2161 3904 Angelus
2198 3830 2542 3889 Theodorus
2571 3848 2756 3904 penes
2787 3848 2850 3888 se
2887 3831 3169 3891 habebat.

1969 4014 2058 4067 47.
2124 4013 2452 4082 Imperator
2535 4025 2675 4066 cum
2765 4010 3080 4083 Nymphaei
3142 4009 3547 4080 hibernasset,

1899 4101 2142 4156 ineunte
2161 4115 2320 4167 vere,
2351 4115 2464 4155 suo
2481 4113 2646 4155 more
2663 4098 2908 4168 faciens,
2929 4099 3065 4155 inde
3085 4115 3379 4169 egressus,
3410 4116 3551 4157 cum

1903 4189 2169 4261 undique
2189 4194 2376 4260 pactae
2397 4187 2639 4243 indutiae
2667 4187 3062 4243 cessationem
3084 4186 3225 4243 belli
3254 4187 3550 4254 fecissent,

1903 4278 2178 4351 proxima
2210 4277 2373 4350 Cpoli
2393 4276 2621 4349 oppida
2667 4282 2782 4333 eta
2825 4276 3042 4333 Latinis
3088 4294 3383 4349 possessa,
3415 4278 3556 4335 Tzu—

1903 4367 2103 4425 rulum
2130 4366 2350 4422 scilicet
2369 4373 2425 4422 et
2450 4366 2717 4438 Bizyam,
2756 4364 2914 4422 bello
2959 4366 3208 4437 aggredi
3245 4367 3497 4424 instituit
3537 4385 3551 4423 :

1905 4472 2049 4512 nam
2076 4455 2378 4528 collapsas
2434 4454 2777 4510 Latinorum
2825 4453 2976 4510 vires
3025 4455 3553 4512 animadverterat.

172 4549 323 4600 πάνυ
374 4549 442 4600 τὰ
513 4555 613 4599 τῶν
681 4553 915 4602 Λατίνων
993 4549 1338 4620 ὴσθενημένα.
1404 4548 1784 4620 Διαπεραιωθεὶς

1908 4547 2101 4611 Quare
2125 4549 2357 4600 tranato
2389 4543 2762 4616 Hellesponto
2814 4543 2978 4616 apud
3023 4544 3338 4600 Tzurulum
3361 4545 3557 4622 primo

171 4636 310 4710 γόῦν
359 4640 448 4690 τὸν
487 4636 859 4696 Ἑλλήσποντον
906 4635 954 4689 έν
1011 4645 1074 4710 τῇ
1133 4636 1438 4714 Τξουρουλῷ
1473 4640 1529 4690 τὸ
1598 4645 1797 4712 πρῶτον

175 4725 426 4801 ἀφίκετο.
483 4725 582 4780 Ἦν
631 4723 689 4780 δε
739 4725 875 4788 ἐντὸς
925 4734 1018 4780 τοῦ
1071 4727 1271 4790 ἄστεως
1324 4730 1354 4786 ἡ
1411 4735 1502 4781 τοῦ
1547 4725 1800 4800 βασιλέως

1909 4633 2114 4690 sedem
2148 4633 2323 4690 locat.
2349 4634 2484 4688 Erat
2513 4647 2585 4688 eo
2612 4633 2673 4688 in
2700 4632 2817 4705 92
2845 4632 3072 4704 oppido
3098 4633 3361 4689 Eudocia
3390 4648 3559 4688 soror

1910 4723 2112 4780 uxoris
2124 4722 2518 4794 imperatoris,
2540 4737 2725 4795 quam
2741 4721 2853 4777 sibi
2867 4721 3559 4793 Aseldecae,itaimpera-

259 4816 307 4896 ‘3
339 4813 552 4896 ὀλίῖιεις
580 4831 766 4887 usque
792 4816 872 4872 αιί
891 4823 1002 4896 τοῖς
1049 4823 1247 4896 δεηθείς
1275 4815 1578 4896 (limon-
1608 4814 1667 4896 ῗο
1720 4811 1778 4896 δέ

1891 4813 2058 4872 σιλεὺς
2105 4809 2241 4882 ἀφεὶς
2289 4814 2375 4862 τὸν
2407 4814 2567 4896 μέγαν
2621 4806 2932 4881 δομέστικον
2969 4812 3066 4896 ,τὸν
3107 4808 3555 4896 Παλαιολόγονηοο

174 4887 232 4968 ’.ο
268 4878 678 4968 θωμαζόμεκοξ
692 4902 887 4968 usque
898 4883 1116 4968 _ad_¢133
1118 4878 1260 4968 οξίαν
1273 4887 1303 4968 Β(
1310 4888 1352 4940 Β
1515 4878 1658 4968 ipsi;
1682 4890 1773 4968 καὶ
1807 4878 1895 4968 ἐἰς
1920 4878 2192 4936 Μελένικον
2215 4886 2323 4968 ,καὶ
2351 4878 2535 4968 agape;
2565 4885 2656 4966 καὶ
2685 4878 2750 4968 1:21
2777 4886 2895 4968 mp}
2919 4880 3054 4966 αὐτὰ
3073 4883 3172 4968 ..τὸν
3197 4886 3298 4968 τοξξ
3331 4878 3559 4968 μεχάλου

178 4947 652 5046 δομεστίκουύἱὸν
701 4947 927 5029 Μιχαὴλ
955 4961 1044 5043 τὸν
1073 4947 1478 5046 Παλαιολόγονίῗκ
1519 4947 1595 5046 3"“
1615 4951 2025 5046 έπάνως-διῆχε
2049 4969 2170 5042 ΟΠΞ.
2215 4955 2281 5008 D.
2356 4947 2670 5046 ’iiqipoxpu
2692 4954 2808 5046 ~D.“
2841 4947 2890 4986 ²³
2936 4959 3028 5004 τοῦ
3042 4947 3369 5046 [δὲμεγαλού
3404 4947 3564 5046 30p:-

179 5019 383 5103 στίκου
438 5033 762 5092 νοσήσαντος
782 5019 908 5082 "xui
958 5019 1522 5103 ἁποκαρέντοςέστάλη
1555 5031 1620 5084 D.
1697 5029 1745 5063 ³⁸
1904 5019 2367 5103 έῖἁρχῇςηςηῑι.Δ
2542 5019 2598 5059 ’δ’
2621 5029 2731 5103 τοῦ.
2757 5028 2897 5103 Μιχ..
2943 5053 3012 5103 -—_-
3030 5019 3569 5103 936369990951).

176 5101 233 5140 ³⁸
268 5101 455 5177 ὥσπερ
479 5129 552 5146 -
579 5091 979 5178 κεκρατημένοις
1009 5091 1224 5159 οω.’1).
1299 5102 1343 5137 ³⁷
1377 5100 1510 5173 έώρα
1537 5114 1722 5171 usque
1751 5113 1784 5155 α

1891 5091 2163 5171 φίκετοζῡ
2184 5094 2264 5170 4)]
2287 5099 2378 5148 καὶ
2407 5102 2609 5170 πρῶτον
2640 5091 2848 5166 ἀφίκετο
2866 5091 2918 5146 έν
2943 5101 3006 5166 τῇ
3029 5091 3339 5169 Τζουρουλῷ
3370 5093 3439 5153 D.

1094 5243 1434 5312 Theodori
1483 5243 1733 5312 Dousa!
1782 5254 1850 5309 et

255 5403 421 5478 (92)_
474 5404 832 5468 Ηεπλούτηκεν
883 5406 956 5470 εἰς
1029 5405 1473 5478 εὐτυχίανεηΗοθ
1542 5401 1808 5478 maxime

169 5475 617 5549 improbatum
648 5484 737 5536 est
763 5496 800 5536 a
841 5481 941 5537 Ge.
971 5475 1256 5544 Phrania,
1297 5477 1398 5549 lib.
1430 5495 1466 5543 ι,
1491 5492 1543 5532 c.
1574 5477 1645 5531 5:
1679 5477 1810 5533 Hoc

170 5547 469 5607 πεᾱετὶπιε
494 5551 666 5610 modo
695 5553 1012 5622 imperium
1061 5550 1143 5608 ad
1182 5547 1537 5606 Michaetem
1576 5563 1651 5605 ex
1687 5549 1812 5605 Pa-

713 5653 962 5710 Ριτιοι..
1004 5651 1106 5708 Gn.
1148 5649 1293 5706 CXL.

1894 5239 2148 5310 Leonis
2196 5239 2430 5308 Allatii
2477 5247 2680 5306 notae.

1919 5402 2180 5487 lzologis
2203 5399 2662 5476 imperatoribus
2681 5400 2944 5487 primum
2959 5407 3252 5479 pervenit,
3270 5407 3429 5482 quod
3455 5403 3575 5465 uti-

1918 5491 2058 5533 nam
2085 5481 2160 5550 gz‘n
2191 5491 2458 5550 unquam
2489 5481 2870 5550 pervenisset,
2915 5483 3053 5536 ALL.

1991 5548 2102 5619 (93)
2153 5547 2502 5627 Εκεχειρίαυξ
2531 5549 2621 5608 Cf.
2673 5549 2936 5609 Joannes
3024 5551 3280 5620 Tzetzes,
3330 5547 3470 5607 ch11.
3513 5565 3573 5619 ιι,

3297 5647 3368 5705 35
