4084 6212
587 315 723 374 “03

1932 302 2216 361 GEORGII
2243 298 2704 359 ACROPOLITIE

3802 310 3956 366 {104

582 438 860 497 Michaele
898 438 1095 496 foedus
1124 438 1248 506 init,
1272 440 1330 494 et
1366 431 1668 492 afﬁnitatis
1699 428 2035 498 cognitione
2095 443 2233 484 con-

2343 422 2602 480 δεσπότου
2632 429 2747 500 (96)
2774 427 2998 500 Μιχαὴλ
3027 430 3288 491 συνθήκας
3316 450 3369 483 τε
3408 436 3659 489 πεποίηκε
3722 436 3821 484 καὶ
3878 432 3961 492 εἰς

580 528 873 600 jungitur.
902 530 1172 599 Namque
1202 525 1497 583 Michaelis
1512 522 1632 578 ﬁlio
1654 519 1990 593 Nicephoro
2012 517 2115 573 ﬁlii
2143 516 2234 572 sui

581 616 958 689 imperatoris
982 615 1273 671 Theodori
1313 614 1502 670 ﬁliam
1548 610 1789 669 Mariam
1847 606 2233 664 matrimonio

583 705 825 777 copulat
846 720 1119 777 uxorque
1151 704 1308 761 illius
1337 702 1647 760 Theodora
1668 698 2067 771 Nicephorum
2110 711 2233 751 una

581 809 785 850 secum
806 794 867 851 in
886 794 1184 852 Orientem
1216 797 1508 866 asportat,
1530 795 1586 847 et
1611 790 1767 847 circa
1796 791 2086 858 Pegarum
2102 784 2235 842 loca

577 883 1007 957 imperatorem
1038 884 1361 956 degentem
1416 881 1761 954 alloquitur.
1832 878 1923 935 Sic
1970 876 2232 933 ﬁliorum

581 974 892 1048 sponsalia
951 976 1272 1031 constituta
1320 977 1478 1030 sunt.
1532 972 1675 1027 Dein
1739 967 2050 1025 Theodora
2094 982 2234 1022 cum

580 1063 724 1133 ﬁlio,
757 1080 879 1121 non
906 1065 1035 1121 sine
1076 1064 1292 1121 debitis
1321 1060 1714 1122 humanitatis
1748 1058 1957 1116 ofﬁciis
2001 1057 2081 1114 ab
2127 1057 2234 1113 im-

581 1158 853 1227 peratore
882 1155 1001 1227 96
1024 1154 1256 1227 utrique
1273 1151 1663 1219 exhibitis,ad
1680 1150 1958 1206 maritum
1987 1148 2233 1205 Michae-

580 1241 697 1300 lem
710 1244 950 1300 domum
966 1244 1292 1300 revertitur.
1311 1245 1580 1299 Attamen
1594 1239 1913 1313 proverbio
1924 1237 2233 1308 vulgatum

581 1334 643 1389 in
665 1333 1005 1389 Michaelem
1026 1348 1269 1406 quoque
1307 1348 1418 1388 nec
1447 1332 1750 1403 incompte
1779 1328 1980 1384 locum
2010 1326 2232 1384 habere

584 1430 961 1494 compertum
985 1427 1091 1477 est:
1106 1421 1335 1491 lignum
1351 1436 1602 1477 curvum
1624 1433 1959 1490 numquam
1979 1422 2228 1489 rectum,

583 1527 695 1567 nec
718 1512 983 1584 Ethiops
1006 1511 1305 1567 albescere
1327 1511 1455 1575 scit;
1476 1510 1700 1582 quippe
1722 1507 1799 1564 ab
1852 1508 2231 1579 imperatore,

585 1601 834 1657 consilio
852 1600 1047 1672 patrui
1070 1600 1157 1655 sui
1194 1599 1401 1670 Angeli
1446 1597 1739 1655 Theodori
1788 1614 1953 1665 usus,
1997 1597 2230 1654 defecit.

587 1688 757 1754 Quod
788 1705 927 1745 cum
947 1688 1331 1744 intellexisset
1359 1688 1701 1760 imperator,
1738 1691 1793 1743 et
1830 1702 2040 1743 eorum
2098 1702 2235 1741 con-

2341 512 2536 578 κήδους
2561 522 2829 570 κοινωνίαν
2860 520 3099 577 συνῆλθε·
3133 523 3220 571 τόν
3261 522 3362 593 γὰρ
3408 528 3498 573 τού
3552 521 3785 593 Μιχαὴλ
3838 524 3961 572 υἱὸν

2340 611 2635 680 Νικηφόρον
2664 605 2745 659 ἐπὶ
2771 615 2833 679 τῇ
2870 608 3091 682 θυγατρὶ
3129 616 3220 660 τοῦ
3277 611 3393 661 υἱοῦ
3456 610 3615 662 αύτού
3677 608 3967 683 βασιλέως

2344 691 2700 769 Θεοδώρουτῇ
2732 699 2911 771 Μαρίᾳ
2937 695 3173 771 γαμϐρὸν
3213 697 3457 769 ἠγάγετο.
3515 698 3616 752 Καὶ
3664 699 3695 756 ἠ
3760 701 3964 751 τούτου

2341 789 2539 858 γαμετὴ
2600 782 2851 860 Θεοδώρα
2900 789 2986 839 τὸν
3037 793 3336 861 Νικηφόρον
3388 788 3500 861 μεθ’
3572 788 3776 851 εαυτῆς
3867 790 3965 841 λα·

2344 873 2513 928 ϐοῦσα
2538 874 2609 937 εἰς
2645 880 2738 934 την
2796 878 2859 928 ἕω
2917 873 3335 950 διαπεραιοῦται,
3381 883 3469 930 καὶ
3512 883 3633 953 περὶ
3684 882 3763 931 τὰ
3822 885 3963 955 μέρη

2342 972 2442 1015 τῶν
2473 970 2661 1036 Πηγῶν
2691 971 2763 1035 τῷ
2813 962 3025 1038 βασιλεῖ
3081 962 3320 1039 διάγοντι
3371 965 3703 1040 ἐντυγχάνει,
3766 973 3869 1021 καὶ
3932 971 3959 1027 ξ

2341 1061 2441 1105 τῶν
2498 1050 2704 1107 παίδων
2746 1059 2999 1127 μνηστεία
3057 1060 3348 1128 γεγένηται.
3418 1062 3516 1110 Καὶ
3585 1058 3617 1117 ἦ
3691 1055 3967 1131 Θεοδώρι

2343 1138 2490 1204 αὖθις
2531 1148 2618 1196 τόν
2670 1144 2831 1207 αὐτῆς
2888 1147 2999 1198 υἱὸν
3057 1145 3294 1199 λαϐοῦσα
3363 1143 3545 1201 οἶκαδε
3621 1149 3966 1221 ὑπεχώρησε

2342 1234 2486 1305 παρὰ
2504 1235 2591 1285 τόν
2633 1233 2797 1297 αὐτῆς
2850 1235 3079 1307 σύζυγον
3128 1235 3373 1308 Μιχαὴλ,
3426 1241 3820 1311 προσηκόντως
3888 1242 3966 1311 9i-

2341 1319 2735 1395 λοφρονηθίντες
2779 1326 2923 1398 παρὰ
2978 1331 3068 1377 τοῦ
3114 1322 3393 1398 βασιλέως.
3472 1324 3631 1379 Ἀλλὰ
3706 1330 3777 1379 τὸ
3870 1337 3963 1391 ti;

2345 1415 2623 1484 παροιμίας
2674 1410 2805 1465 κάπὶ
2848 1420 2919 1484 τῷ
2983 1411 3206 1485 Μιχαὴλ
3280 1411 3617 1471 ἐπαληθεύειν
3691 1413 3961 1489 ἐφαίνετοι

2349 1496 2586 1572 στρεϐλὸν
2614 1498 2760 1562 ξύλον
2791 1500 2969 1553 οὔποτ’
3002 1500 3175 1574 ὀρθὸν,
3219 1506 3309 1552 καὶ
3359 1502 3387 1553 ό
3433 1501 3627 1574 Αἰθίοψ
3690 1502 3807 1555 οὐκ
3856 1503 3963 1557 οἶδε

2343 1586 2725 1645 λευκαίνεσθαι.
2776 1589 2865 1650 Εἰς
2921 1588 3253 1643 ἀποστασίαν
3320 1592 3421 1664 γὰρ
3506 1599 3599 1643 τοῦ
3686 1590 3964 1665 βασιλέως

2346 1676 2638 1752 ἐφώρμησε,
2684 1679 2959 1753 συμϐούλῳ
3006 1685 3126 1756 περὶ
3174 1684 3268 1739 τὴν
3316 1680 3512 1752 σκῆψιν
3551 1690 3629 1752 τῷ
3683 1684 3824 1754 θείῳ
3884 1684 3964 1735 αύ-

588 1777 967 1850 spirationem
984 1778 1337 1841 rescivisset,
1355 1777 1589 1849 sibique
1602 1782 1736 1850 post
1749 1776 1975 1849 Cpolim
1994 1781 2233 1847 captam

2345 1776 2436 1820 τοῦ
2462 1776 2535 1820 τῶ
2578 1768 2803 1842 Ἀγγίλῳ
2853 1766 3112 1845 Θεοδώρῳ
3157 1771 3514 1844 χρησάμενος.
3571 1769 3634 1827 Ὀ
3686 1780 3835 1842 γοῦν

584 1868 784 1925 nullos
811 1868 961 1924 alios
987 1872 1200 1941 praeter
1219 1868 1332 1924 hos
1363 1866 2017 1923 adversariosinfensos
2043 1867 2234 1923 existi-

582 1962 793 2023 maret,
822 1962 879 2012 et
907 1973 1055 2029 pace
1076 1957 1505 2015 Musulmanica
1534 1956 1844 2031 frueretur,
1883 1961 1939 2011 et
1982 1960 2234 2012 conatus

583 2045 978 2116 Bulgardrum
1009 2046 1404 2118 quiescerent,
1439 2061 1550 2117 pro
1589 2045 1879 2116 dignitate
1931 2045 2036 2112 rei,
2081 2049 2137 2101 et
2170 2050 2236 2102 ut

578 2134 661 2192 ita
685 2135 903 2201 dicam,
923 2140 1220 2208 apparatu
1251 2135 1438 2205 regio,
1466 2134 1688 2190 militiis
1709 2132 1991 2190 omnibus
2013 2134 2095 2189 uti
2125 2150 2236 2207 par

581 2229 704 2283 erat
735 2225 1086 2297 compositis
1118 2226 1567 2297 Hellespontum
1596 2224 1823 2291 transit,
1866 2240 2073 2279 secum
2112 2223 2235 2296 ple-

579 2314 781 2387 risque
810 2314 1066 2370 militum
1098 2314 1356 2370 ducibus
1396 2314 1730 2370 conductis.
1772 2314 1927 2369 Inter
1976 2329 2079 2369 eos
2140 2329 2235 2369 ac-

582 2402 983 2459 censebantur
1080 2402 1448 2474 Nicephorus
1536 2402 1931 2459 Tarchaniota
2004 2418 2232 2459 mensa:

581 2490 897 2563 praefectus
930 2495 987 2548 et
1018 2492 1178 2547 vices
1204 2491 1409 2562 magni
1435 2491 1747 2547 domestici
1778 2506 2011 2561 gerens,
2062 2492 2233 2563 cujus

580 2579 853 2636 moribus
881 2579 1229 2652 imperator,
1255 2579 1367 2635 sibi
1406 2596 1611 2637 amore
1672 2580 2232 2652 conjunctissimum

574 2666 876 2740 judicans,
902 2668 1341 2741 acquiescebat,
1387 2669 1474 2724 vir
1516 2670 1577 2724 in
1621 2669 1963 2726 exercendis
2009 2671 2230 2727 militiae

578 2758 867 2828 numeris,
894 2763 958 2814 ut
987 2757 1393 2832 experimento
1435 2763 1644 2832 postea
1695 2759 2065 2832 deprensum
2117 2765 2227 2831 est,

574 2846 1095 2920 praetantissimus.
1151 2847 1247 2903 llle
1297 2864 1359 2905 se
1421 2848 1909 2904 Thessalonicam
1958 2849 2225 2920 contulit,

576 2936 689 3010 97
754 2936 894 2993 inde
953 2936 1179 2994 collatis
1238 2938 1424 3008 signis
1481 2938 1645 3011 apud
1702 2938 1974 2995 Bodenos
2031 2944 2229 2997 castra

574 3024 809 3082 locavit.
845 3027 1060 3082 Verum
1086 3024 1348 3097 A'ngelus
1379 3026 1721 3083 Theodorus
1754 3028 2009 3083 Bodenis
2061 3028 2226 3101 prius

576 3129 891 3185 emergens
939 3119 1221 3187 nepotem
1287 3132 1464 3171 suum
1514 3116 1852 3173 Michaelem
1908 3117 2223 3191 despotam
2255 3122 2295 3177 (1

573 3203 717 3261 adit.
780 3207 1108 3277 Imperator
1166 3203 1561 3262 nihilominus
1644 3204 1960 3262 obsidione
2044 3207 2227 3277 cingit

574 3292 866 3359 Bodenos,
910 3309 1020 3349 nec
1060 3293 1321 3349 multum
1369 3298 1509 3365 post
1564 3298 1799 3367 tempus
1848 3300 2108 3351 castrum
2163 3295 2224 3351 in

572 3380 860 3437 ditionem
889 3381 1120 3453 recipit.
1162 3381 1309 3437 Hinc
1342 3381 1674 3439 abscedens
1704 3383 1765 3438 in
1796 3382 1928 3439 loco
1954 3384 2223 3457 quodam

574 3470 807 3528 Ostrobi
834 3470 989 3527 lacui
1023 3470 1300 3542 proximo
1332 3470 1721 3527 tabernacula
1758 3472 1904 3542 ﬁgit.
1964 3472 2222 3545 indeque

572 3558 759 3615 duces
775 3557 1027 3615 militum
1053 3558 1324 3614 Alexium
1355 3560 1853 3632 Strategopulum,
1882 3560 2223 3619 Michaelem

572 3646 976 3715 Palasologum
1029 3645 1237 3717 magni
1293 3646 1603 3703 domestici
1651 3647 1859 3715 ﬁlium,
1926 3649 2220 3705 Joannem

570 3735 932 3802 Macrenum,
982 3734 1268 3791 Gudelem
1332 3741 1679 3808 tyrannum.
1715 3738 1986 3811 aliosque
2035 3740 2095 3794 in
2126 3739 2217 3795 Mi-

568 3823 793 3880 chaelis
813 3824 1080 3898 despotze
1110 3823 1243 3882 loca
1303 3825 1574 3897 subjecta
1623 3826 1815 3894 mittit,
1840 3833 1902 3884 ut
1948 3828 2217 3885 fortunas

564 3914 1041 3988 uniuscujusque
1063 3915 1406 3987 diriperent,
1423 3917 1679 3972 etsicubi
1717 3918 2041 3975 exercitum
2059 3918 2215 3975 illius

563 4003 951 4077 offenderent,
989 4005 1423 4077 pugnaineum
1450 4005 1887 4073 inveherentur,
1907 4013 1963 4064 et
2007 4009 2055 4064 si
2086 4025 2215 4066 sese

560 4093 801 4151 offerret
836 4094 1095 4162 occasio,
1149 4110 1349 4150 arcem
1399 4094 1577 4151 etiam
1626 4103 2058 4167 expugnarent.
2121 4098 2214 4154 Sic

558 4183 641 4238 illi
676 4183 1108 4241 exhauriebant
1132 4186 1337 4240 omnia
1355 4201 1423 4241 ac
1445 4185 1971 4258 depopulabantur
1991 4192 2048 4243 et
2072 4194 2210 4245 ante

555 4271 936 4342 imperatoris
987 4274 1307 4329 tentorium
1356 4273 1722 4332 deferebant.
1768 4275 2095 4349 Imperator
2146 4279 2207 4333 in

557 4359 788 4415 Ostrobi
815 4359 960 4415 locis
986 4367 1377 4433 remanserat,
1413 4361 1910 4437 afﬂigebaturque
1948 4366 2204 4436 animos,

552 4449 717 4519 quod
753 4447 898 4504 nihil
928 4449 1178 4521 dignum
1218 4450 1344 4522 ipse
1388 4453 1829 4523 exspectatione
1884 4454 2201 4512 hominum
2235 4473 2279 4529 ο

2349 1856 2521 1919 σιλεύς
2566 1858 2804 1921 Ἰωάννης
2849 1867 3016 1912 ταῦτα
3065 1863 3215 1930 γνούς
3247 1864 3335 1912 καὶ
3393 1863 3488 1918 τὴν
3538 1859 3723 1912 αὐτῶν
3803 1881 3959 1914 orm-

2343 1952 2535 2018 μοσίαν
2582 1948 2919 2021 μεμαθηκὼς,
2975 1949 3067 2002 ούκ
3125 1948 3310 2011 ἄλλους
3383 1948 3616 2023 οἰόμενος
3690 1948 3959 2014 ἐναντίους

2345 2036 2473 2089 εἶναι
2496 2036 2628 2110 μετά
2654 2046 2749 2099 τῆς
2803 2042 3191 2091 Κωνσταντίνου
3230 2038 3423 2092 ἅλωσιν
3452 2037 3564 2091 ἀλλ’
3612 2040 3644 2098 ἦ
3711 2044 3954 2109 τούτους,

2345 2123 2525 2184 ἐπειδὴ
2581 2131 2671 2180 καὶ
2714 2125 3002 2201 ἐκεχειρίαν
3069 2124 3193 2200 ἦγεν
3249 2126 3351 2181 ἀπὸ
3414 2136 3504 2181 τοῦ
3579 2133 3794 2204 μέρους
3866 2140 3953 2183 τῶν

2344 2215 2787 2289 Μουσουλμάνων,
2836 2218 3060 2293 ἠρέμουν
3109 2217 3187 2289 [Ρ.
3234 2217 3325 2289 49]
3374 2214 3431 2271 δε
3475 2222 3566 2270 καὶ
3617 2222 3689 2271 τὰ
3748 2219 3810 2272 ἐκ
3864 2230 3951 2272 τῶν

2345 2304 2665 2380 Βουλγάρων,
2732 2305 3039 2380 ἀξιομάχως
3100 2312 3190 2361 καὶ
3265 2309 3335 2370 ὡς
3408 2311 3562 2361 εἰπεῖν
3648 2306 3949 2381 βασιλικὰ

2342 2399 2894 2470 παρασκευασάμενος,
2972 2400 3059 2450 καὶ
3126 2399 3219 2460 τὰς
3278 2393 3521 2470 δυνάμεις
3581 2398 3818 2461 ἁπάσας
3891 2405 3948 2461 ὡς

2343 2480 2450 2537 ἔδει
2482 2486 2735 2550 συντάξας
2776 2483 3174 2560 διαπεραιοῦται
3225 2490 3312 2540 τὸν
3358 2486 3772 2557 Ἑλλήσποντον,
3829 2490 3947 2542 πολ-

2342 2571 2462 2637 λοὺς
2490 2579 2581 2649 μὲν
2609 2582 2699 2629 καὶ
2735 2576 2922 2639 ἄλλους
2978 2578 3113 2649 ἔχων
3168 2577 3519 2652 στρατηγούς,
3562 2581 3654 2631 τὸν
3710 2575 3781 2632 δί
3828 2586 3944 2652 Ta;-

2339 2672 2633 2739 χανειώτην
2670 2671 2965 2740 Νικηφόρον
3019 2668 3107 2718 τὸν
3174 2664 3257 2719 ἐπὶ
3309 2676 3401 2729 τῆς
3456 2667 3737 2740 τραπέζης
3796 2669 3943 2721 κύτεῦ

2340 2754 2444 2808 οἷον
2485 2758 2552 2809 τὰ
2618 2763 2708 2810 τοῦ
2787 2755 3008 2828 μεγάλου
3093 2751 3409 2828 δομεστίκου
3495 2752 3939 2834 διεκπληροῦντι,

2338 2848 2717 2898 Ἐπανεπαύετο
2749 2841 2808 2898 δί
2833 2852 2942 2907 τοῖς
2984 2844 3144 2897 αὐτοῦ
3188 2843 3361 2913 ἤθεσι,
3410 2849 3499 2898 καὶ
3552 2846 3744 2899 εὔνουν
3800 2852 3941 2901 «ira:

2336 2933 2594 3008 ἐλογίζετο
2625 2933 2720 2986 κὰν
2759 2942 2873 2997 ταῖς
2930 2939 3276 3009 στρατηγίαις
3320 2936 3389 2997 ὡς
3438 2936 3468 2993 ἡ
3538 2943 3703 3010 πεῖρα
3750 2957 3941 3011 μεμαρ-

2335 3027 2546 3099 τύρηκε,
2597 3020 2933 3087 δεξιώτατον.
2991 3022 3301 3076 Καταλαϐὼν
3351 3032 3478 3095 γοῦν
3523 3029 3620 3083 τὴν
3673 3028 3941 3080 Θεσσαλο-

2333 3120 2480 3173 νίκην
2520 3116 2753 3168 κάκεῖθεν
2803 3116 2896 3176 τὰς
2952 3109 3203 3186 δυνάμεις
3256 3111 3460 3189 ἁπὰρας
3509 3112 3557 3166 ἐν
3610 3122 3727 3178 τοῖς
3782 3113 3936 3173 Bedr-

2332 3212 2435 3266 νοῖς
2518 3199 3049 3279 ἐστρατοπεδεύσατο.
3118 3204 3351 3276 Πέφθακε
3423 3199 3484 3257 δε
3565 3205 3594 3256 ό
3689 3203 3937 3277 Ἀγγελος

2335 3291 2607 3367 Θεόδωρος
2657 3292 2709 3357 ἐξ
2757 3293 2925 3346 αὐτῶν
2982 3288 3276 3366 ἀποδρᾶναι
3330 3298 3419 3346 καὶ
3461 3293 3530 3354 εἰς
3586 3296 3678 3347 τὸν
3734 3293 3938 3367 ἀνεψιὰν

2334 3384 2494 3437 αὐτοῦ
2537 3387 2621 3436 τόν
2682 3379 2944 3441 δεσπότην
3001 3381 3225 3454 Μιχαὴλ
3278 3381 3534 3441 ἀπελθεῖν.
3588 3386 3650 3437 ⁸0
3702 3388 3805 3457 μὲν
3855 3382 3933 3437 οὖν

2334 3471 2586 3546 βασιλεύς
2616 3469 2682 3533 εἷς
2735 3471 3036 3548 πολιορκίαν
3095 3480 3194 3524 τῶν
3246 3468 3483 3530 Βοδηνῶν
3546 3476 3833 3536 καταστὰς
3890 3474 3931 3526 ἐν

2332 3563 2390 3615 ού
2418 3562 2587 3634 πολλῷ
2617 3565 2794 3636 χρόνῳ
2822 3565 2879 3614 τὸ
2909 3571 3009 3614 τῶν
3040 3557 3278 3620 Βοδηνῶν
3326 3566 3707 3636 παρεστήσατο
3782 3567 3927 3619 ἄστυ.

2333 3650 2578 3705 Κάκεῖθεν
2628 3650 2831 3725 ἀπάρας
2876 3654 2925 3704 ἓν
2977 3671 3080 3703 τινι
3136 3655 3278 3724 τόπῳ
3321 3659 3383 3724 τῇ
3465 3659 3558 3705 τοῦ
3640 3653 3931 3729 Ὀστροςον

2329 3740 2592 3814 ἐγγίζοντι
2643 3740 2795 3815 λίμνη
2848 3739 3073 3804 ἐπήξατο
3110 3744 3198 3802 τὰς
3256 3743 3471 3803 σκηνάς.
3556 3747 3663 3796 Καὶ
3753 3742 3929 3807 ism-

2333 3831 2525 3885 στέλλει
2567 3834 2895 3906 στρατηγούς
2941 3832 3076 3883 κατὰ
3122 3839 3220 3883 τῶν
3271 3836 3461 3907 χώρων
3519 3838 3615 3884 τοῦ
3666 3828 3923 3887 δεσπότου

2325 3920 2548 3993 Μιχαὴλ
2591 3925 2648 3973 τό
2692 3940 2744 3973 τε
2801 3919 3259 3993 Στρατηγόπουλον
3324 3919 3567 3990 Ἀλέξων,
3652 3927 3742 3975 τὸν
3830 3930 3925 3976 Πι-

2325 4008 2595 4083 λαιολόγον
2624 4008 2848 4082 Μιχαὴλ
2873 4012 2960 4061 τὸν
2996 4016 3087 4061 τοῦ
3135 4007 3360 4082 μεγάλου
3415 4005 3743 4083 δομεστίκου
3798 4016 3920 4074 υἱόν,

2322 4102 2532 4152 καὶτὸν
2591 4101 2865 4173 Μακρηνὸν
2918 4099 3179 4165 Ἰωάννην,
3237 4102 3321 4151 τόν
3364 4101 3612 4171 τύραννον
3667 4097 3924 4158 Pendat:

2321 4194 2410 4242 καὶ
2435 4189 2655 4265 ἐτέρους,
2708 4189 2791 4241 ἵνα
2837 4207 2892 4241 τε
2944 4187 3209 4251 ληίζοιντο
3270 4190 3335 4241 τὰ
3364 4188 3534 4264 πέριξ,
3578 4194 3674 4243 καὶ
3729 4210 3835 4244 που
3883 4191 3923 4244 εἰ

2319 4280 2531 4350 τύχοιεν
2558 4284 2647 4331 καὶ
2690 4280 3055 4351 στρατεύματα
3101 4277 3282 4344 αὐτοῦ,
3338 4277 3405 4338 εἰς
3455 4279 3647 4351 μάχην
3669 4280 3790 4332 κατ’
3842 4280 3922 4333 αύ-

2319 4376 2410 4419 τοῡ
2432 4373 2757 4440 χωρησαιεν,
2783 4371 2872 4419 καὶ
2912 4370 3051 4441 ε’ίπερ
3078 4366 3345 4443 εύχέρειαν
3396 4375 3600 4439 σχοῖεν,
3656 4374 3750 4422 καὶ
3790 4371 3917 4423 εἰσ-τυ

2319 4458 2656 4531 πορθήσαιεν.
2712 4460 2812 4509 Καὶ
2859 4457 3023 4518 οὕτως
3093 4460 3184 4529 μεν
3265 4455 3446 4509 ἐκεῖνοι
3533 4454 3772 4527 ἐποίουν,
3833 4466 3914 4509 καὶ

549 4536 895 4610 peregisset.
930 4540 1130 4610 Neque
1155 4539 1355 4595 minus
1389 4539 1682 4595 exercitus
1746 4557 1902 4612 aegre
1951 4543 2197 4614 ferebat,

547 4625 773 4700 quippe
805 4630 1154 4700 tempestate
1180 4627 1433 4684 hiberna
1464 4627 1858 4687 discruciatus
1888 4634 2084 4702 magis
2130 4650 2200 4690 ac

542 4716 741 4788 magis
768 4720 1250 4774 necessariorum
1276 4717 1481 4791 inopia
1500 4718 1838 4779 laborabat.
1868 4722 2197 4796 Imperator

537 4804 930 4864 incommodo
984 4806 1263 4879 providit:
1315 4807 1493 4864 mulis
1547 4810 1763 4866 etenim
1826 4812 2193 4887 camelisque

537 4896 774 4953 Berrma
803 4897 1149 4954 necessaria
1179 4897 1689 4956 convehebantur.
1720 4900 1811 4957 Sic
1841 4902 2187 4974 imperatori

536 4982 745 5041 affecto
767 4994 982 5058 praeter
1011 4987 1521 5060 exspectationem
1555 4990 1817 5045 Castoria
1874 4993 2185 5064 transfuga

534 5069 759 5128 Gravas
817 5077 1092 5143 occurrit,
1143 5081 1199 5134 et
1241 5093 1365 5133 non
1413 5077 1601 5133 multo
1651 5081 1785 5150 post
1832 5080 2178 5137 Theodorus

2314 4554 2541 4619 προῆγον
2585 4554 2679 4607 τῆς
2723 4552 2815 4597 τοῦ
2874 4543 3136 4618 βασιλέως
3188 4552 3383 4608 σκηνῆς
3433 4548 3752 4620 ἔμπροσθεν·
3800 4549 3827 4599 ό
3866 4543 3917 4600 δε
4014 4538 4021 4620 11

2313 4633 2565 4708 βασιλεὺς
2617 4639 3017 4710 προσεκαρτέρει
3057 4642 3165 4697 τοῖς
3204 4643 3295 4688 τοῦ
3349 4634 3644 4710 Ὀστροϐοῦ
3713 4639 3913 4702 τόποις,

2309 4729 2399 4777 καὶ
2439 4723 2754 4797 ἐϐαρυθύμει
2797 4723 2871 4797 ἐφ’
2923 4724 2963 4795 ᾧ
3010 4729 3082 4797 μὴ
3128 4726 3381 4797 πέφθακεν
3424 4724 3569 4787 ἄξιόν
3647 4745 3703 4778 τι
3770 4726 3914 4799 ἐργά-

2310 4816 2529 4868 σασθαι.
2582 4812 2889 4885 Ἠγανήκτει
2943 4809 3002 4865 δε
3056 4817 3145 4866 καὶ
3187 4817 3245 4867 τὸ
3291 4816 3614 4888 στράτευμα·
3676 4816 3703 4867 ὁ
3730 4819 3913 4891 καιρὸς

2299 4906 2401 4978 γὰρ
2427 4900 2486 4962 ἦν
2528 4907 2813 4977 χειμέρίος,
2862 4901 3144 4963 ἐσπάνιζον
3202 4898 3261 4956 δε
3317 4907 3401 4955 καὶ
3454 4910 3553 4956 τῶν
3604 4901 3907 4980 χρειωδῶν.

2299 4994 2439 5048 Ἀλλ’
2491 4995 2517 5046 ό
2566 4990 2811 5065 βασιλεὺς
2867 4995 2925 5045 τὸ
3007 5000 3239 5046 τοιοῦτον
3338 4994 3729 5068 τεθεράπευκεν,
3808 4993 3905 5047 ἀπὸ

2296 5083 2535 5160 Βερροίας
2590 5086 2691 5155 γὰρ
2741 5084 2972 5155 ἡμιονοίς
3033 5086 3123 5135 καὶ
3189 5081 3445 5155 καμήλοις
3508 5085 3577 5135 τὰ
3660 5079 3898 5159 χρειώδη

527 5198 645 5283 περὶ
680 5196 1135 5283 αὑτὸνιπρεισϐςίαν
1174 5205 1419 5283 πρρςιῖὸν
1460 5200 1684 5283 βασιλέα
1742 5201 2028 5267 ἐστείλατο,
2086 5212 2175 5261 καὶ
2242 5208 2467 5263 ἀπέλυσε
2527 5212 2655 5283 πρὸς
2707 5212 2794 5261 τόν
2844 5206 3068 5281 βασιλέα
3117 5209 3152 5283 _6
3211 5207 3435 5279 Μιχαὴλ
3491 5207 3764 5283 Πρίλαπον
3822 5215 3904 5261 καὶ

526 5270 737 5363 Βελε-ξὸν
766 5274 856 5351 καὶ
902 5270 973 5354 τό
1025 5270 1475 5356 argutiam;
1544 5277 1783 5363 φρούᾷιον
1824 5278 1922 5363 ‘ra;
1972 5282 2175 5363 ‘Kpoag.
2250 5287 2350 5335 Καὶ
2404 5270 2701 5363 «pergama?
2761 5270 3051 5363 παρὰποῦ
3083 5270 3367 5363 ,βασιλέως
3424 5270 3682 5355 ἔγγραφοι
3736 5283 3899 5353 ὅρκοι,

523 5341 612 5389 καὶ
636 5333 893 5425 εσπότην
923 5344 1009 5425 τόν
1042 5333 1200 5425 «ira?
1230 5345 1339 5425 υἱρξ
1370 5333 1493 5425 ratio
1506 5333 1601 5425 «τάξ
1633 5333 1925 5425 ὁῖίξασιλεύς
1959 5333 2052 5425 διᾶ
2076 5356 2171 5425 τὴν
2196 5333 2523 5424 ἐγγόνην.”0
2553 5348 2613 5405 δε
2646 5333 2895 5425 βασιλευς
2921 5349 2969 5403 ἄν
2999 5333 3249 5413 Βοδηνοῖς
3312 5333 3732 5424 παραχειμάσας
3765 5333 3900 5425 Ιμετέ

518 5413 733 5486 μετρίου
758 5414 1145 5485 στρατεύματος
1167 5411 1390 5473 ἀπῆλθεν
1421 5411 1487 5473 εἰς
1519 5411 1782 5489 Ἀχρίδας
1808 5423 1897 5470 καὶ
1930 5418 1997 5479 εἰς
2028 5411 2276 5476 Διάϐολῖιῖ
2297 5429 2386 5477 καὶ
2421 5411 2744 5498 Καστορίαν.

1398 5520 1740 5590 Theodori
1788 5524 2038 5595 Dousae
2088 5538 2154 5597 et
2203 5530 2453 5601 Leonis
2502 5530 2740 5600 Allatii
2790 5541 2999 5614 notae.

584 5628 701 5703 (96)
731 5629 876 5683 Μετὰ
894 5635 987 5684 τοῦ
1018 5624 1299 5686 δεσπότου.
1330 5628 1607 5688 Exactius
1644 5631 1958 5707 Gregoras,
1996 5650 2055 5709 p.
2086 5639 2237 5696 47-49

2333 5655 2437 5697 ιιι..
