4084 6212
193 340 345 398 1105

192 463 499 539 διεκόμιζον
529 460 580 513 έν
631 466 704 530 τῷ
752 457 1110 529 στρατοπέκῳ.
1169 452 1380 506 Οὗτωσὶ
1425 447 1484 504 δὲ
1544 446 1800 504 διατεθει-
1829 451 1880 507 Α

190 561 355 631 μένου
383 559 477 607 τοῦ
519 548 779 624 βασιλεως
836 544 955 619 παρ’
1007 539 1223 605 έλπίδας
1288 542 1528 615 ἐπιφοιτᾴ
1576 549 1649 614 τῷ
1705 539 1803 615 βα-

194 645 337 701 σιλεί
384 639 632 717 πρόσφυξ
677 637 778 689 ἀπὸ
812 639 1102 708 Καστορίας
1155 631 1372 701 Γλαϐᾶς,
1420 636 1509 685 καὶ
1566 640 1803 705 συνεχῶς

193 739 225 791 6
282 732 573 804 Πεταλὶφας
623 724 897 802 Θεόδωρος
975 723 1060 779 ἐπὶ
1120 725 1371 798 θυγρατρὶ
1422 721 1654 799 γαμϐρὸς
1709 730 1801 775 τοῦ

191 829 424 901 Τορνίκη
460 823 759 895 Δημητρίου
808 823 900 870 τοῦ
950 821 1243 889 Κομνηνοῦ,
1286 812 1342 876 ὃς
1384 814 1449 866 τὰ
1492 814 1641 865 κοινὰ
1687 808 1802 864 διέ-

195 937 311 971 πων
336 914 399 973 ἧν
426 920 499 984 τῷ
530 907 744 983 βασιλεῖ
763 906 1002 979 Ἰωάννῃ,
1045 903 1166 981 παρ’
1216 902 1375 957 αὐτοῦ
1426 904 1560 956 πάνυ
1624 901 1802 975 φιλού-

199 1024 353 1080 μενος
406 1006 496 1054 καὶ
556 1002 860 1072 τιμώμενοςο
913 993 1133 1067 ἀδελφόν
1184 995 1286 1069 γὰρ
1347 992 1501 1045 αὐτὸν
1581 990 1629 1044 ἐν
1694 998 1805 1053 τοῖς

201 1078 510 1172 γράμμοσιν
559 1085 820 1141 ἀπεκάλειο
879 1084 966 1148 Ἐξ
1012 1086 1292 1159 ἀνθρώπων
1331 1078 1418 1135 οὖν
1470 1085 1571 1155 πρὸ
1619 1089 1805 1157 καιροῦ

198 1168 425 1257 γέγονεν.
461 1179 745 1251 Οἰκονόμος
787 1175 874 1229 οὖν
920 1182 1018 1228 τῶν
1071 1181 1253 1226 κοινῶν
1305 1171 1400 1225 οὐκ
1450 1168 1511 1229 ἧν
1574 1170 1623 1223 ἓν
1677 1179 1802 1244 τιμῇ

201 1279 297 1328 καὶ
318 1274 558 1346 όφφικίου
610 1271 826 1342 ὀνόματι
865 1265 1258 1340 γνωριζόμενος,
1308 1270 1417 1326 τοῖς
1457 1271 1688 1336 τυχοῦσι
1748 1259 1806 1316 δὲ

203 1362 405 1440 ἓχρᾶτο
451 1360 518 1421 εἰς
565 1360 855 1432 ὑπηρεσίαν
904 1357 930 1407 ό
976 1352 1223 1428 βασιλεὺς
1263 1356 1353 1405 καὶ
1416 1360 1804 1427 γραμματικοῖς

205 1451 516 1523 ἀνωνύμοις,
577 1456 651 1519 τῷ
700 1448 1110 1518 Μεσοποταμίτῃ
1161 1443 1351 1515 Ἰωσὴφ
1414 1447 1504 1494 καὶ
1564 1450 1638 1513 τῷ
1696 1441 1805 1505 ἐξυ-

202 1546 565 1617 πηρετησαντι
609 1536 750 1609 αὐτῷ
799 1539 1082 1609 Νικηφόρῳ
1141 1541 1213 1605 τῷ
1277 1531 1555 1605 Ἀλυάττῃ,
1612 1530 1660 1583 ἐν
1747 1526 1806 1584 δὲ

203 1638 317 1693 τοῖς
371 1628 789 1701 ἐλλογιμωτέροις
833 1626 1115 1700 γράμμασι
1164 1626 1254 1675 καὶ
1336 1619 1502 1684 ἀξίοις
1569 1618 1804 1681 σπουδῆς

209 1728 284 1791 τῷ
340 1724 611 1794 Μακρωτῷ
655 1716 863 1788 Ἰωάννῃ
924 1718 1010 1766 καὶ
1060 1711 1192 1786 έμοί.
1242 1710 1300 1765 Ὀ
1348 1712 1438 1784 μὲν
1478 1706 1566 1763 οὖν
1624 1710 1804 1786 ῥηθεὶς

205 1808 535 1884 Πετραλίφοὶς
609 1812 699 1858 τοῦ
776 1802 1000 1876 Μιχαὴλ
1108 1797 1519 1874 γυναικάδελφος
1538 1804 1628 1866 ὧν,
1697 1798 1804 1852 έπεὶ
1840 1810 1884 1863 Β

206 1898 487 1976 προσελθοι
515 1904 588 1967 τῷ
622 1894 852 1969 βασιλεῖ,
884 1892 1072 1953 πολλῆς
1099 1891 1182 1966 [Ρ.
1215 1889 1306 1964 50]
1364 1890 1611 1962 εὐθυμίας
1650 1888 1803 1941 αὐτόν

208 2007 265 2041 τε
306 1992 391 2040 τὸν
437 1984 663 2060 βασιλέα
706 1986 793 2036 καὶ
843 2002 910 2035 τα
962 1983 1329 2055 στρατεύματα
1372 1978 1609 2036 ἔπλησεν·
1653 1978 1805 2039 εὐθὺς

207 2079 312 2153 γὰρ
358 2078 389 2135 ἡ
444 2078 713 2147 Καστορία
757 2077 847 2125 καὶ
898 2074 927 2130 ἡ
973 2075 1091 2147 περὶ
1158 2071 1318 2129 αὐτὴν
1394 2069 1579 2121 ἅπασα
1649 2073 1806 2142 χώρα

210 2165 505 2241 προσέῤῥύη
534 2164 606 2236 τῷ
665 2162 894 2237 βασιλεῖ,
954 2166 1042 2213 καὶ
1092 2163 1148 2213 αἱ
1205 2159 1482 2221 Λεαϐόλεις
1542 2155 1620 2224 δὲ,
1670 2160 1700 2217 ἣ
1751 2176 1806 2211 τε

212 2258 375 2331 μικρὰ
419 2260 509 2309 καὶ
563 2252 785 2327 μεγάλη,
840 2259 932 2305 τοῦ
988 2249 1241 2324 βασιλέως
1290 2249 1537 2322 ἕγένοντο.
1603 2252 1704 2301 Καὶ
1779 2247 1805 2299 6

214 2344 315 2398 ἀπὸ
372 2351 462 2397 τοῦ
518 2342 767 2398 Ἀλϐάνου
824 2343 849 2393 ὁ
901 2340 1181 2413 Γουλάμος,
1236 2339 1343 2393 έπεὶ
1390 2342 1516 2414 πρός
1580 2339 1647 2390 τὰ
1711 2345 1806 2399 τῆς

216 2437 514 2508 Καστορίας
540 2429 795 2504 συνδιῆγε
822 2432 955 2504 μετὰ
1007 2436 1099 2482 τοῦ
1167 2428 1220 2493 ἐξ
1270 2427 1518 2483 Ἀλϐάνου
1580 2433 1807 2502 στρατοῦ

216 2525 371 2596 μέρη,
426 2520 654 2590 σύζυγον
700 2520 836 2590 ἔχων
876 2525 972 2579 τῆς
1030 2511 1307 2589 βασιλίδος
1337 2515 1561 2589 Εἰρήνης
1591 2513 1808 2566 αὐτανε-

216 2610 345 2683 ψιὰς
396 2605 817 2684 πρωτεξαδελφης
864 2606 1024 2667 αὐτῆς
1078 2607 1359 2678 θυγατέρα,
1405 2604 1574 2676 λόγοις
1641 2602 1807 2675 μειλι-

214 2704 359 2773 χίοις
385 2703 475 2750 καὶ
499 2699 803 2771 γράμμασιν
822 2697 1165 2768 ὑποσχέσεων
1203 2702 1302 2746 τῶν
1346 2695 1445 2746 ὑπὸ
1503 2701 1595 2745 τοῦ
1647 2690 1810 2766 βασι-

218 2788 339 2851 λέως
370 2788 603 2860 θελχθεὶς
639 2790 860 2862 προσῂει
892 2794 963 2857 τῷ
1014 2784 1244 2859 βασιλεῖ.
1310 2783 1625 2859 Φιλοφρόνως
1684 2790 1809 2855 γοῦν

214 2883 334 2941 τοὺς
379 2880 645 2938 τοιούτοῡς
705 2877 903 2937 πάντας
958 2876 984 2927 6
1034 2872 1285 2948 βασιλεύς
1339 2869 1615 2946 δεξάμενος
1684 2891 1811 2946 πρε-

215 2973 409 3030 πόντως
462 2967 888 3041 ἐφιλοτιμήσατο·
956 2972 1131 3018 Ταῦτα
1189 2968 1336 3037 γνοὺς
1390 2962 1612 3035 Μιχαὴλ
1641 2964 1666 3014 6
1725 2959 1808 3015 δε·
1840 2950 1883 3006 ο

219 3063 437 3124 σπότής,
458 3062 547 3110 καὶ
575 3056 624 3110 ἓν
659 3064 818 3127 στενῷ
868 3050 1062 3127 κομιδῇ
1123 3052 1324 3127 βλέπων
1372 3054 1438 3105 τὰ
1483 3056 1600 3125 περὶ
1655 3053 1809 3103 αὑτὸν

216 3150 549 3221 τυγχάνοντα
583 3148 886 3220 πράγματα,
939 3145 1076 3196 κατὰ
1124 3143 1246 3217 ῥοῦν
1303 3138 1360 3194 δι
1407 3147 1686 3214 χωροῦντα
1738 3148 1809 3210 τῷ

220 3235 446 3311 βασιλεῖ,
478 3234 756 3310 πρεσϐείαν
814 3236 940 3309 πρὸς
986 3236 1072 3285 τὸν
1126 3230 1350 3305 βασιλέα
1401 3228 1657 3282 ἐστείλατο
1718 3223 1810 3279 διά

215 3346 271 3381 τε
289 3335 380 3379 τοῦ
398 3324 783 3400 μητροπολὶτου
816 3324 1135 3377 Ναυπάκτου
1188 3328 1280 3373 τοῦ
1335 3322 1506 3395 Ξηροῦ
1564 3321 1657 3370 καὶ
1716 3325 1809 3370 τοῦ

215 3415 293 3470 ἄπ’
327 3411 519 3487 ἀδελφῇ
542 3412 781 3487 γαμϐρου
812 3412 972 3466 αὐτοῦ
1022 3418 1115 3464 τοῦ
1170 3408 1513 3467 Μαλιασηνοὺ
1568 3411 1660 3460 καὶ
1718 3414 1810 3459 τοῦ

214 3508 520 3578 Λαμπέτου,
549 3504 715 3556 οἱκαὶ
764 3501 830 3563 εἰς
862 3500 1049 3573 λόγους
1105 3498 1427 3559 συνελθόντες
1480 3505 1553 3568 τῷ
1602 3492 1816 3570 βασιλεῖ

215 3592 501 3667 ξυμϐάσεις
560 3596 886 3649 πεποίηνται.
937 3594 1037 3643 Καὶ
1103 3586 1326 3641 ἀπέλυσε
1403 3589 1492 3660 μὲν
1564 3588 1663 3662 πρὸ
1724 3589 1811 3638 τόν

220 3682 451 3758 βασιλέα
502 3683 529 3734 ὀ
589 3680 812 3752 Μιχαὴλ
850 3683 909 3732 τὸ
954 3680 1089 3731 ἄστυ
1142 3680 1227 3730 τὸν
1275 3676 1537 3751 Πρίλαπον
1593 3679 1683 3728 καὶ
1725 3677 1811 3727 τὸν

214 3773 426 3827 Βελεσὸν
444 3777 535 3824 καὶ
564 3773 621 3824 τὸ
648 3768 721 3823 ’ἓν
770 3777 842 3840 τῷ
901 3766 1129 3838 Ἀλϐάνῳ
1185 3768 1428 3839 φρούριον
1476 3767 1565 3825 τὰς
1618 3768 1810 3839 Κρόας,

214 3868 307 3916 καὶ
340 3860 636 3935 προέϐησαν
698 3862 831 3935 πρὸς
885 3865 977 3910 τοῦ
1019 3854 1277 3929 βασιλέως
1340 3856 1591 3927 ἔγγραφοι
1643 3854 1809 3928 ὅρκοι,

216 3957 307 4005 καὶ
344 3949 713 4008 ἀπεστάλησαν
743 3951 868 4023 πρὸς
895 3947 1049 3999 αὐτὸν
1088 3949 1176 3998 καὶ
1208 3942 1468 4020 πρέσϐεις,
1534 3943 1562 3996 6
1616 3961 1671 3995 τε
1728 3949 1814 3996 Φι-

215 4038 493 4114 λαδελφίας
557 4044 736 4100 Φωκᾶς
819 4040 909 4089 καὶ
982 4036 1009 4088 6
1068 4043 1161 4096 τῆς
1243 4033 1405 4095 αὐλῆς
1470 4036 1815 4109 πριμικήρίος

221 4132 487 4191 ἰσαάκιος
540 4130 566 4181 6
624 4129 834 4194 Δούκας,
887 4126 940 4179 ὃν
997 4129 1087 4177 καὶ
1161 4121 1559 4197 Μούρτζουφλον
1624 4121 1813 4175 ἀπεκά-

214 4220 356 4288 λουν,
377 4225 467 4273 καὶ
507 4218 761 4280 ὀὙαλέας
791 4215 1014 4289 Μιχαὴλ
1066 4220 1157 4267 καὶ
1210 4215 1361 4276 αὐτός
1598 4213 1814 4287 Ἀπῂει-

215 4328 308 4383 μεν
339 4316 464 4381 γοῦν
512 4310 637 4383 πρὸς
691 4310 777 4359 τὸν
826 4304 1069 4377 Μιχαὴλ,
1131 4308 1219 4356 καὶ
1267 4305 1479 4377 εὕρομεν
1526 4310 1705 4357 τοῦτον
1765 4302 1812 4355 ἐν

215 4406 280 4471 τῇ
328 4403 599 4473 Λαρίσσῃ,
666 4401 756 4449 καὶ
800 4394 1207 4468 πεπληρώκαμεν
1263 4397 1355 4456 τὰς
1419 4389 1674 4458 σπονδὰς,
1723 4397 1812 4445 καὶ

1843 4093 1890 4149 D

213 4487 456 4549 λαϐόντες
474 4490 562 4541 τόν
593 4489 703 4539 υἱόν
735 4485 895 4537 αὐτοῦ
925 4489 1239 4557 Νικηφόρον,
1293 4483 1347 4536 ὃν
1408 4487 1497 4535 καὶ
1548 4478 1811 4539 δεσπότην

215 4579 244 4630 6
299 4576 548 4652 βασιλεὺς
606 4572 700 4629 διὰ
742 4580 835 4633 τὴν
883 4574 1045 4628 αὐτοῦ
1097 4573 1305 4647 ἐγγόνην
1348 4577 1640 4645 τετίμηκεν,
1684 4572 1814 4623 ἀλλὰ

212 4671 319 4741 μὴν
345 4664 555 4718 καὶτὸν
602 4672 694 4717 τοῦ
732 4662 957 4736 Μιχαὴλ
1007 4665 1138 4716 θεῖον
1192 4666 1278 4715 τόν
1322 4660 1567 4734 Ἄγγελον
1608 4657 1813 4713 Θεόδω-

211 4776 303 4830 ρον
355 4752 649 4828 δεσμώτην,
712 4757 844 4827 πρὸς
907 4756 994 4805 τὸν
1036 4751 1259 4825 βασιλέα
1302 4750 1702 4823 έπανεζεύξαμεν
1763 4749 1810 4800 έν

212 4853 322 4906 τοίς
361 4839 612 4904 Βοδηνοῖς
669 4845 1035 4915 σκηνούμενον⁹
1105 4846 1205 4895 Καὶ
1256 4841 1390 4892 οὕτω
1448 4843 1538 4913 μὲν
1592 4837 1811 4911 ἐγεγόνει

212 4941 399 5000 ταῦτα,
454 4951 544 4983 και
586 4931 653 4993 εἰς
701 4938 903 4984 τοιοῦτο
956 4930 1097 4993 τέλος
1166 4934 1477 4987 κατηντήκει
1541 4930 1607 4980 τὰ
1680 4932 1812 5003 πρά-

126 5084 129 5085 7
210 5042 413 5096 γματα,
488 5023 902 5097 Παραχειμάσας
944 5028 1031 5071 οὖν
1102 5020 1216 5091 (97)
1293 5018 1341 5071 ἐν
1383 5026 1491 5081 τοῖς
1561 5015 1813 5080 Βοδηνοῖς

213 5110 468 5186 βασιλεὺς
500 5107 623 5183 ἦρος
664 5110 794 5184 ὥρᾳ,
849 5108 957 5162 ἐπεὶ
996 5113 1087 5162 καὶ⁹
1126 5113 1220 5167 τὴν
1287 5107 1648 5181 ἀναστάσιμον
1690 5108 1810 5184 ἑωρ-

208 5203 363 5255 τάκει
396 5201 611 5275 ἡμέραν,
661 5204 730 5252 τὰ
789 5195 1125 5274 στρατόπεδα
1172 5197 1331 5251 αὐτοῦ
1368 5218 1468 5251 που
1523 5197 1816 5250 καταλελοι-

208 5292 322 5351 πώς
366 5295 457 5342 καὶ
511 5290 578 5351 εἰς
622 5291 848 5362 ἡγεμόνα
908 5288 1076 5341 αὐτῶν
1135 5287 1289 5350 τάξας
1338 5292 1425 5340 τόν
1490 5306 1545 5341 τε
1618 5307 1817 5355 πρωτο-

210 5379 511 5455 ϐεστιάριον
563 5378 783 5442 Ἀλέξιον
842 5381 928 5430 τὸν
971 5376 1170 5447 Ῥαούλ,
1226 5375 1460 5450 γαμϐρόν
1546 5378 1669 5431 ὄντα
1738 5375 1817 5429 ἐπ’

1694 326 2020 384 ANNALES
2033 368 2047 383 .

3437 329 3572 388 1106

1909 468 2307 542 PetraIiphas,
2348 466 2455 540 qui
2492 467 2866 527 conduxerat
2892 469 3082 528 ﬁliam
3114 470 3395 529 Demetrii
3439 474 3573 529 Tor-

1910 559 2049 616 nicii
2075 557 2383 625 Comneni,
2412 556 2508 613 cui
2548 573 2791 616 summa
2816 576 3016 617 rerum
3068 560 3453 634 publicarum
3495 560 3573 619 ab

1909 648 2270 722 imperatore
2305 649 2533 703 Joanne
2591 648 2919 705 commissa
2966 650 3179 719 fuerat,
3238 667 3379 707 cum
3432 666 3573 707 eum

1912 751 2297 810 summopere
2326 740 2385 792 et
2411 734 2680 805 diligeret
2709 742 2766 793 et
2795 738 3096 795 inhonore
3110 739 3357 795 haberet
3390 756 3403 795 :
3432 754 3574 796 eum

1912 828 2072 886 enim
2102 827 2163 884 in
2202 826 2410 882 litteris
2449 826 2571 899 98
2601 826 2845 884 fratrem
2871 829 3147 885 vocabat.
3184 829 3284 885 Hic
3314 829 3573 886 multum

1907 924 2049 977 ante
2078 919 2207 975 haec
2228 922 2504 989 tempora
2528 917 2648 974 vita
2676 917 2916 975 functus
2958 924 3043 977 est
3075 919 3366 992 ;ideoque
3392 935 3573 977 nemo

1911 1008 1974 1065 in
2011 1023 2082 1065 ea
2103 1006 2388 1078 dignitate
2410 1010 2588 1078 atque
2619 1005 2837 1075 ofﬁcio,
2893 1008 2998 1080 qui
3053 1007 3299 1081 pubhca
3354 1007 3575 1066 scilicet

1912 1097 2377 1162 administraret,
2411 1095 2873 1168 agnoscebatur,
2909 1097 3013 1154 sed
3054 1097 3381 1170 imperator
3443 1097 3572 1171 qui-

1911 1187 2272 1259 buscunque
2326 1188 2383 1241 et
2421 1188 2486 1240 ut
2541 1201 2671 1242 sors
2741 1186 2976 1255 tulerat,
3042 1186 3573 1259 grammaticisque

1913 1276 2159 1332 minime
2189 1274 2364 1345 notis,
2442 1274 2701 1347 Josepho
2772 1276 3222 1348 Mesopotamita
3295 1275 3573 1349 illiusque

1913 1364 2267 1423 administro
2299 1363 2630 1436 Nicephoro
2660 1364 2890 1437 Alyate,
2923 1366 3029 1421 sed
3059 1366 3119 1421 in
3148 1365 3574 1437 spectabiliori-

1910 1455 2027 1510 bus
2056 1452 2261 1510 litteris
2291 1452 2610 1525 studioque
2632 1458 2689 1509 et
2717 1454 3024 1526 diligentia
3083 1455 3280 1525 dignis
3326 1454 3573 1512 Joannis

1913 1543 2153 1600 Macroti
2197 1547 2255 1598 et
2296 1558 2431 1598 meo
2474 1542 2802 1599 ministerio
2849 1544 3149 1599 utebatur.
3211 1542 3574 1615 Petraliphas

1912 1649 2076 1704 ergo,
2108 1632 2310 1688 uxoris
2346 1631 2644 1689 Michaelis
2682 1635 2883 1699 frater,
2938 1632 3181 1689 obviam
3230 1631 3576 1704 imperatori

1912 1722 2108 1780 factus
2140 1720 2330 1778 multo
2388 1737 2528 1777 cum
2572 1721 2815 1791 gaudio,
2862 1722 3090 1792 ingenti
3135 1721 3315 1777 etiam
3374 1720 3577 1778 laetitia

1913 1812 2162 1883 agmina
2173 1810 2521 1878 cumulavit.
2547 1810 2758 1867 Statim
2779 1811 2938 1867 enim
2957 1811 3221 1867 Castoria
3246 1809 3298 1867 ei
3321 1809 3573 1866 cireum-

1908 1901 2175 1974 jacentia
2229 1900 2367 1956 loca
2403 1898 2749 1971 imperatori
2787 1915 2849 1955 se
2889 1898 3239 1956 submisere.
3296 1896 3573 1955 Deabolis

1911 1990 2057 2048 item
2086 2004 2312 2059 magna
2340 1993 2398 2044 et
2418 2003 2608 2061 parva
2638 1988 2700 2044 in
2722 1991 3015 2060 potestate
3045 1987 3201 2043 illius
3241 2003 3475 2044 venere.
3508 1990 3573 2043 Et

1913 2095 1989 2137 ex
2013 2078 2246 2135 Albano
2308 2077 2618 2144 Gulamus,
2674 2092 2798 2133 una
2852 2093 2991 2132 cum
3046 2077 3326 2146 exercitu,
3389 2091 3573 2149 quem

1913 2169 2153 2226 Albano
2175 2167 2567 2234 conduxerat,
2596 2167 2658 2223 in
2689 2166 2967 2223 Castoriaa
3004 2165 3277 2239 partibus
3323 2165 3571 2236 degens,

1914 2263 2097 2317 [rente
2124 2256 2517 2330 imperatricis
2545 2255 2727 2329 nepti,
2779 2255 3154 2313 consobrinus
3202 2254 3357 2311 illius
3412 2253 3571 2323 ﬁliae,

1914 2346 2302 2405 matrimonio
2334 2345 2673 2418 copulatus,
2724 2344 2993 2401 oratione
3050 2343 3286 2417 placida
3314 2348 3371 2399 et
3422 2341 3573 2412 miti,

1913 2452 2024 2495 nec
2055 2451 2178 2492 non
2196 2434 2402 2491 litteris
2429 2450 2499 2490 ac
2530 2432 2840 2506 promissis
2884 2431 3281 2505 imperatoriis
3323 2431 3575 2501 illectus,

1912 2524 2261 2598 imperatori
2321 2540 2383 2580 se
2430 2523 2702 2581 dederat.
2754 2522 2958 2579 Amice
3014 2522 3401 2594 bumaneque
3465 2521 3578 2578 hos

1915 2630 2128 2672 omnes
2149 2618 2430 2685 exceptos
2450 2613 2796 2684 imperator,
2820 2610 2904 2667 uti
2928 2627 3038 2684 par
3056 2614 3199 2678 erat,
3226 2609 3579 2667 muneribus

1915 2704 2094 2760 etiam
2117 2701 2460 2758 cumulavit.
2531 2702 2753 2757 Certior
2809 2700 2884 2756 de
2937 2699 3029 2755 his
3086 2699 3281 2757 factus
3335 2696 3581 2757 Michael

1915 2792 2193 2866 despota,
2250 2805 2500 2848 cernens
2565 2806 2660 2846 res
2713 2806 2853 2847 suas
2909 2790 2971 2846 in
3008 2794 3277 2847 extrema
3337 2789 3580 2848 fortuna

1914 2881 2212 2947 laborare,
2241 2878 2621 2952 imperatoris
2650 2894 2938 2951 prospere
2960 2883 3176 2935 cuncta
3207 2894 3277 2934 ac
3308 2877 3576 2935 secundo

1915 2976 2090 3028 vento
2121 2969 2468 3042 procedere,
2517 2966 2750 3037 legatus
2800 2967 2878 3022 ad
2942 2967 3369 3039 imperatorem
3416 2965 3578 3022 misit

1919 3062 2134 3116 Xerum
2156 3062 2345 3115 metro
2351 3056 2469 3129 poli
2479 3060 2599 3112 tam
2611 3054 3341 3127 Naupacti,Maliassenum
3357 3053 3578 3110 sororis

1916 3162 2041 3204 suae
2089 3162 2400 3217 generum,
2463 3148 2519 3200 et
2578 3145 2945 3215 Lampetem,
3002 3142 3109 3216 qui
3155 3141 3578 3217 convenientes

1914 3214 2343 3310 imperatOt'Em
2387 3214 2589 3290 fmdus
2638 3214 2885 3289 faciunt.
2936 3236 3003 3288 Et
3024 3214 3290 3291 'Michael
3326 3216 3577 3304 quidem

1914 3325 2262 3399 imperatori
2293 3328 2556 3380 castrum
2586 3322 2803 3395 Prilapi
2830 3322 3171 3378 etBelesum
3192 3326 3247 3378 et
3265 3321 3329 3377 in
3343 3321 3577 3380 Albano

1916 3416 2208 3489 oppidum
2266 3415 2385 3487 99
2453 3414 2631 3469 Croas
2688 3410 2935 3468 dedidit.
2984 3410 3198 3469 Foedus
3250 3411 3430 3468 etiam
3472 3426 3581 3484 per

1915 3505 2341 3579 imperatorem
2354 3501 2752 3575 jurejurando
2767 3502 3001 3574 scriptis
3017 3502 3370 3573 consignato
3384 3501 3582 3559 ﬁrma-

1916 3600 2044 3653 tum
2085 3600 2204 3663 est;
2239 3600 2296 3651 et
2320 3593 2399 3649 ad
2430 3608 2568 3648 eum
2597 3592 2762 3648 missi
2794 3591 2972 3663 legati
3023 3592 3251 3648 Phocas
3288 3590 3582 3649 Philadel-

1917 3684 2205 3758 phiensis,
2222 3683 2482 3740 lsaacius
2500 3685 2690 3739 Ducas
2716 3681 2873 3738 aulae
2894 3681 3291 3754 primicerius,
3320 3697 3503 3754 quem
3525 3685 3583 3739 et

1918 3773 2356 3846 Murtzuphlum
2395 3771 2930 3843 cognominabant,
2956 3770 3199 3828 Michael
3242 3770 3496 3844 Hyaleas
3524 3774 3583 3828 et

1919 3878 2030 3935 ego
2058 3862 2186 3935 ipse
2225 3861 2305 3917 ad
2336 3860 2675 3918 Michaelcm
2706 3860 3069 3916 accessimus
3117 3860 3368 3915 Larissae
3417 3875 3581 3915 com-

1918 3957 2276 4017 morantem,
2310 3954 2368 4007 et
2406 3956 2582 4023 pacta
2612 3949 3071 4023 complevimus.
3102 3952 3167 4005 Et
3190 3965 3330 4004 cum
3378 3948 3575 4005 filium

1917 4040 2072 4096 illius
2096 4040 2517 4113 Nicephorum,
2567 4055 2751 4111 quem
2821 4042 3065 4111 propter
3113 4053 3288 4093 suam
3332 4040 3578 4108 neptem

1917 4129 2239 4201 imperator
2275 4130 2543 4201 despotaa
2582 4141 2835 4182 munere
2863 4125 3270 4190 decoraverat,
3317 4124 3579 4196 accepis-

1918 4234 2140 4285 semus,
2200 4234 2311 4275 nec
2410 4232 2533 4272 non
2590 4214 2886 4272 Michaelis
2942 4218 3226 4287 patruum
3280 4212 3578 4283 Angelum

1915 4307 2294 4364 Theodorum
2324 4304 2574 4361 vinculis
2601 4304 2911 4374 alligatum
2962 4320 2975 4358 :
3011 4302 3091 4359 ad
3149 4302 3578 4375 imperatorem

1919 4397 2083 4470 apud
2115 4397 2388 4452 Bodenos
2410 4395 2706 4465 degenten
2736 4392 3217 4465 remigravimus.
3250 4395 3315 4449 Et
3340 4393 3469 4448 haec
3497 4392 3580 4449 ita

1915 4489 2158 4557 peracta
2198 4488 2353 4539 sunt.
2385 4483 2685 4556 talemque
2724 4482 2907 4537 ﬁnem
2950 4497 3045 4537 res
3091 4480 3375 4538 habuere.
3431 4482 3579 4537 Cum

1916 4574 2177 4629 Bodenis
2209 4573 2526 4646 imperator
2554 4572 2902 4635 hicmasset,
2935 4587 3096 4638 vere,
3122 4570 3575 4627 resurrectionis

1917 4663 2131 4719 diebus
2153 4663 2314 4719 festis
2341 4661 2674 4729 celebratis,
2706 4660 3063 4716 exercitibus
3092 4659 3314 4715 ibidem
3336 4659 3576 4727 relictis,

1919 4759 1974 4809 et
2000 4752 2350 4807 ductoribus
2370 4767 2579 4807 eorum
2611 4750 3065 4822 protovestiario
3121 4748 3346 4814 Alexio,
3390 4747 3575 4805 Raulo

1919 4841 2113 4913 neptis
2157 4840 2373 4895 marito
2420 4844 2477 4895 et
2533 4842 2839 4896 Comneno
2901 4836 3179 4893 Michaele
3233 4834 3573 4908 Palaeologo

1920 4927 2417 4993 constitutis,cum
2438 4942 2627 5001 parvo
2647 4927 2887 4996 agmine
2916 4925 2994 4980 ad
3012 4924 3188 4980 urbes
3205 4924 3334 4995 jam
3346 4938 3576 4996 recens,

1922 5021 2195 5075 Romano
2218 5017 2470 5089 imperio
2498 5016 2733 5073 additas
2753 5013 3100 5072 revisendas
3120 5014 3227 5069 iter
3246 5013 3578 5084 ingreditur

1923 5113 1981 5165 et
2006 5107 2271 5181 primum
2292 5105 2605 5163 Achridam
2635 5105 2796 5178 petit,
2830 5103 2972 5161 inde
3014 5102 3319 5160 Deabolim
3342 5102 3578 5176 proﬁci-

1924 5198 2124 5265 scitur,
2158 5212 2232 5253 ex
2287 5212 2411 5269 qua
2453 5194 2781 5251 Castoriam
2827 5193 3120 5267 pervenit,
3190 5199 3245 5251 et
3285 5197 3578 5252 autumno

1924 5285 2269 5357 agminibus
2334 5282 2678 5357 compositis
2717 5282 2882 5340 viam
2951 5283 3031 5340 ad
3088 5283 3387 5341 Orientem
3452 5298 3581 5339 me-

1928 5376 2170 5433 ditatur.

1094 5509 1439 5578 Theodori
1488 5511 1737 5579 Dousae
1786 5520 1852 5578 ct
1897 5510 2145 5579 Leonis
2194 5508 2428 5578 Allatii
2480 5516 2686 5577 notas.

284 5668 408 5743 (97)
439 5668 860 5743 Παραχειμάσας
888 5662 995 5720 οὖν.
1030 5666 1424 5738 Gregoras,p.
1451 5666 1539 5737 49,
1574 5663 1657 5721 ait
1682 5663 1828 5722 redit

1914 5679 1942 5721 [ι
1969 5677 2240 5737 parasse,
2266 5661 2435 5735 quod
2461 5660 2545 5719 ibi
2568 5661 2750 5720 nollet
2775 5661 3115 5720 hibernare.
